3980 6246
463 341 576 409 255
1736 343 2040 406 JOANNIS

2143 343 2292 404 ONA
2303 346 2349 403 Β
2361 344 2421 402 :‘E
3614 343 3722 408 256

475 461 833 534 Ἰερουσαλὴμ
868 459 1206 534 ἐπανῆλθεν·
1242 459 1278 516 ἀ
1314 459 1583 531 προϊοῦσα
1615 458 1740 514 καθ’
1771 459 1962 531 εἱρμὸν
2001 460 2034 530 ἡ
2072 460 2286 529 ἱστορία
2326 441 2666 526 πλατύτερον
2703 455 3052 526 διηγήσεται.
3117 458 3213 511 ‘Ov
3247 457 3304 512 δὲ
3347 457 3509 527 ἀγιον
3572 455 3725 514 εἶπεν

463 554 736 624 ἀνώτερον
782 553 978 623 ἁγίων,
1028 553 1220 606 τοῦτον
1260 552 1419 616 αὖθις
1455 553 1690 622 Χριστὸν
1737 553 2045 624 ἡγούμενον
2083 550 2330 622 εἴρηκεν,
2401 547 2685 619 ὀνομάζων
2747 548 2910 602 αὐτὸν
2950 548 3094 602 κατά
3133 549 3193 602 τὸ
3225 548 3591 620 ἀνθρώπινον.
3638 552 3727 615 Ὠς

463 650 572 719 γὰρ
606 626 956 716 ¹πρωτότοκος
982 649 1081 719 τῆς
1119 653 1355 713 κτίσεως
1390 649 1490 718 τῆς
1519 651 1732 720 καινῆς,
1769 649 1862 702 καῖ
1890 649 2245 721 πρωτότοκος
2285 648 2349 699 ἐκ
2382 647 2594 716 νεκρῶν
2623 645 2866 715 λέγεται,
2894 645 3038 700 οὕτω
3073 647 3170 700 καὶ
3211 646 3518 718 ἡγούμενος
3559 666 3729 719 προσ-

465 745 783 815 ηγόρευται.
811 748 921 800 Καὶ
950 747 977 798 6
998 745 1140 808 θεῖος
1161 745 1218 799 δὲ
1241 747 1538 811 ἀπόστολος
1569 746 1776 817 Πέτρος
1798 747 2041 818 ἀρχηγὸν
2081 745 2183 815 τῆς
2248 743 2393 814 ζωῆς
2427 743 2683 812 ὠνόμασε
2713 744 2806 796 τὸν
2842 745 3094 815 Σωτῆρα,
3135 747 3247 809 τοῖς
3279 744 3556 811 Ἰουδαίοις
3612 749 3726 803 δια-

464 840 775 910 λεγόμενος,
807 840 880 904 ὡς
907 843 963 894 ὲν
993 842 1112 904 ταῖς
1144 841 1416 911 Πράξεσιν
1449 844 1477 896 6
1507 841 1651 904 θεῖος
1679 842 1896 904 Λουκᾶς
1955 839 2360 911 συνεγράψατο.
2439 839 2650 908 Ὠσπερ
2705 839 2761 893 δὲ
2801 841 3157 911 πρωτότοκος
3188 841 3350 912 ἡμῶν
3409 843 3504 896 καὶ
3573 861 3724 916 πρω-

462 937 638 990 τεύων
703 936 846 992 κατὰ
888 938 979 992 τὸν
1039 938 1214 1010 μέγαν
1261 937 1475 992 Παῦλον
1525 938 1742 1010 εἴρηται
1789 936 1933 992 κατά
1979 937 2042 991 τὸ
2081 934 2446 1008 ἀνθρώπινον,
2507 933 2651 989 οὕτω
2685 933 2749 1005 δὴ
2817 934 2909 988 καλ⁵
2936 935 3238 1006 ἡγούμενος
3276 935 3355 1007 τῷ
3392 937 3724 1012 άρχαγγέλφ

465 1032 710 1103 Γαϐριὴλ
751 1035 1212 1104 προσηγόρευται,

533 1128 600 1183 Χ.
640 1129 746 1184 Sed
773 1130 1010 1184 dubitari
1045 1139 1233 1200 queat,
1267 1146 1374 1200 qua
1409 1129 1587 1200 gratia
1629 1130 1952 1200 separatim,
1983 1137 2040 1185 et

2202 1125 2273 1178 ηιν,
2311 1121 2641 1194 Ἀπορήσειε
2669 1122 2717 1176 δ’
2750 1122 2816 1176 ἄν
2858 1140 2967 1188 τις,
2998 1122 3121 1175 ὅτου
3154 1123 3314 1194 χάριν
3343 1123 3721 1198 διῃρημένους.

464 1235 573 1274 non
637 1223 976 1293 conjunctim
1011 1231 1373 1277 numerentur
1408 1221 1802 1286 hebdomades,
1862 1221 1918 1276 in
1952 1235 2041 1276 se-

464 1321 611 1382 ptem
646 1311 928 1383 sexaginta
975 1311 1132 1378 duas,
1166 1321 1406 1366 etunam
1441 1310 1758 1366 distinctae?
1789 1310 1909 1366 Non
1935 1309 2042 1364 hoc

465 1414 675 1460 temere
710 1405 770 1460 ﬁt
803 1406 872 1460 ab
903 1405 1238 1474 archangclo
1265 1422 1279 1458 :
1318 1405 1413 1459 sed
1440 1419 1538 1474 per
1576 1404 1693 1458 haec
1723 1418 1864 1458 nova
1889 1417 2040 1473 qua:-

463 1497 587 1549 dam
615 1496 795 1564 docet,
861 1498 915 1552 in
971 1505 1282 1567 temporum
1338 1496 1710 1552 divisionibus
1743 1505 2034 1551 eventura.

464 1585 601 1639 Nam
668 1585 714 1640 si
769 1586 839 1640 ab
897 1586 1300 1642 instauratione
1356 1585 1885 1658 Hierosolymorum,
1938 1585 2042 1641 sub

461 1676 682 1732 Neemia
725 1676 887 1744 facta,
936 1688 998 1733 ut
1039 1680 1252 1734 dictum
1292 1688 1398 1744 est,
1454 1688 1707 1750 tempora
1743 1694 1918 1749 usque
1967 1677 2038 1733 ad

463 1769 759 1825 Hircanum
791 1771 1112 1843 pontiﬁcem
1166 1781 1554 1837 numerentur,
1594 1773 1697 1827 sub
1749 1788 1862 1842 quo
1905 1771 2041 1827 Asa-

463 1877 797 1916 monaeorum
851 1880 1024 1934 genus
1057 1864 1210 1935 fungi
1244 1864 1417 1920 sacris
1461 1864 1717 1918 destitit:
1756 1864 2038 1934 sexaginta

462 1952 695 2007 duarum
731 1954 1148 2011 hebdomadum
1198 1973 1466 2013 numerus
1497 1959 1776 2028 expletur.
1837 1958 1973 2013 Nam
2009 1974 2040 2013 a

465 2044 728 2100 vicesimo
757 2062 906 2102 anno
957 2051 1113 2119 regni
1162 2049 1508 2114 Artaxerxis,
1537 2051 1631 2120 qui
1675 2050 1916 2105 Neemia:
1948 2065 2038 2105 re-

460 2135 670 2193 deundi
720 2139 1097 2213 Hierosolyma
1129 2151 1458 2212 potestatem
1491 2142 1665 2208 dedit,
1709 2158 1738 2197 a
1773 2158 1884 2212 quo
1907 2143 2041 2198 urbs

463 2231 740 2284 mmnibus
772 2232 1038 2287 adornata
1070 2243 1176 2297 est,
1217 2250 1392 2303 usque
1423 2234 1491 2288 ad
1527 2235 1752 2289 Darium
1795 2234 2041 2290 Arsamis

465 2321 658 2389 ﬁlium,
690 2339 856 2394 quem
883 2325 1086 2381 delevit
1116 2326 1450 2392 Alexander,
1486 2329 1614 2382 anni
1649 2337 1781 2383 sunt
1815 2337 2045 2403 centum,

462 2423 519 2470 et
543 2417 991 2484 quatuordecim.
1027 2419 1110 2474 Ab
1147 2421 1435 2476 eversione
1459 2436 1626 2491 porro
1658 2422 1875 2492 imperii
1907 2423 2038 2478 Per-

463 2506 586 2571 sici,
609 2524 730 2577 qua:
766 2525 912 2565 anno
943 2521 1098 2566 sexto
1125 2513 1378 2568 Asiatica:
1400 2515 1770 2582 expeditionis
1800 2514 2036 2571 Alexan-

463 2599 547 2655 dri
575 2602 825 2672 contigit,
855 2619 1030 2674 usque
1057 2606 1124 2659 ad
1155 2605 1347 2660 Caium
1378 2606 1585 2662 Julium
1609 2605 1904 2668 Caesarem,
1945 2608 2040 2677 qui

463 2691 678 2760 primus
711 2694 1084 2750 Romanorum
1114 2698 1493 2752 monarchiam
1521 2699 1813 2768 occupavit
1859 2717 1873 2754 :
1909 2699 2041 2754 anni

462 2786 850 2853 praeterierunt
888 2788 1118 2845 ducenti
1173 2790 1452 2861 octoginta
1494 2791 1627 2846 duo.
1659 2792 1746 2847 Ab
1785 2793 2036 2864 ejusdem

457 2875 692 2933 Caesaris
751 2879 1068 2950 principatu
1117 2897 1292 2951 usque
1360 2882 1429 2938 ad
1484 2899 1689 2938 annum
1758 2884 2036 2939 decimum

457 2969 714 3039 quintum
747 2969 954 3026 Tiberii
1004 2972 1259 3040 Caesaris,
1289 2990 1400 3044 quo
1449 2974 1708 3031 Christus
1741 2991 1773 3031 a
1825 2977 2038 3032 Joanne

461 3061 706 3126 Baptista
748 3063 1084 3134 baptizatus,
1142 3067 1408 3122 miracula
1439 3068 1608 3138 cmpit
1654 3067 1821 3124 edere
1847 3108 1860 3132 ,
1907 3069 2038 3123 anni

461 3153 692 3209 fuerunt
724 3158 1072 3227 septuaginta
1107 3167 1218 3214 tres
1253 3177 1266 3213 :
1300 3169 1360 3214 ut
1389 3161 1507 3216 haec
1535 3177 1752 3216 summa
1781 3162 2038 3217 conliciat

463 3257 639 3300 annos
700 3247 1135 3318 quadringentos
1199 3258 1256 3305 et
1307 3253 1590 3323 sexaginta
1642 3268 1892 3308 novem:
1943 3253 2038 3323 qui

462 3335 691 3405 quidem
741 3337 1009 3395 Hebraica
1075 3344 1469 3413 supputatione
1543 3345 1704 3416 136
1761 3361 2036 3401 annorum

463 3429 767 3485 conﬁciunt
787 3447 962 3488 annos
993 3436 1431 3506 quadringentos
1459 3440 1738 3510 octoginta
1771 3448 1904 3494 tres.
1934 3440 2040 3496 Ne-

457 3537 568 3592 que
591 3521 737 3577 enim
769 3528 1232 3594 quemadmodum
1257 3545 1379 3592 nos,
1428 3530 1505 3585 ita
1528 3540 1585 3585 et
1614 3529 1832 3586 Hebraei
1860 3547 2036 3588 annos

460 3621 784 3683 supputant,
817 3615 913 3670 sed
945 3617 1014 3670 ad
1059 3632 1282 3673 cursum
1313 3619 1562 3674 lunarem
1598 3621 1794 3676 diebus
1825 3631 2041 3676 trecen-

461 3704 532 3760 tis
564 3715 620 3761 et
649 3707 1048 3779 quinquaginta
1097 3709 1408 3774 absolvunt,
1447 3720 1507 3765 ut
1539 3711 1605 3766 de
1633 3713 1886 3782 quolibet
1937 3729 2039 3768 no-

458 3807 578 3850 stro
603 3813 749 3854 anno
795 3799 916 3854 dies
970 3799 1228 3856 undecim
1262 3801 1614 3857 redundent:
1644 3804 1738 3874 qui
1779 3803 1900 3860 dies
1945 3819 2035 3860 re-
2063 3823 2106 3881 (ς

457 3889 774 3946 dundantes
821 3891 878 3946 in
934 3908 1112 3948 annos
1166 3893 1399 3962 redacti,
1458 3896 1684 3966 explent
1738 3914 2034 3954 numerum

459 3983 994 4055 quadringentorum
1055 3988 1336 4057 octoginta
1387 3991 1552 4043 trium
1615 4005 1888 4045 annorum
1939 3993 2039 4046 He-

461 4073 797 4129 braicorum.
831 4075 970 4142 Quia
1003 4092 1136 4131 vero
1177 4093 1302 4131 cum
1335 4079 1560 4133 Daniele
1596 4079 1829 4134 Hebraeo
1867 4081 2039 4136 collo-

458 4166 733 4235 quebatur
763 4169 1015 4238 angelus,
1046 4183 1223 4222 annos
1254 4169 1447 4239 utique
1478 4170 1556 4222 illi
1589 4180 1750 4225 notos
1793 4174 2039 4227 nomina-

463 4259 560 4310 vit.
595 4256 832 4313 Proinde
864 4275 1041 4328 usque
1071 4259 1139 4313 ad
1180 4258 1462 4314 interitum
1491 4259 1712 4314 Hircani
1737 4260 2034 4332 pontiﬁcis,

459 4363 627 4417 quem
661 4365 759 4403 rex
795 4349 1044 4405 Herodes
1093 4349 1318 4405 sustulit
1374 4349 1505 4420 (qua
1539 4349 1608 4404 de
1657 4365 1716 4405 re
1760 4350 2039 4420 copiosius

463 4438 736 4509 agendum
773 4441 928 4507 erit),
977 4442 1261 4511 sexaginta
1310 4440 1434 4496 duae
1487 4441 1866 4496 hebdomades
1909 4450 2040 4495 sunt

461 4531 714 4600 expleta.
745 4531 828 4587 Ab
864 4547 932 4587 eo
972 4540 1222 4602 tempore
1257 4549 1382 4588 cum
1421 4534 1779 4588 Pontiﬁcatus
1802 4549 1912 4588 non
1942 4549 2041 4603 per

461 4638 681 4677 omnem
739 4631 959 4679 aatatem
1002 4626 1053 4680 ei
1106 4635 1374 4691 maneret,
1422 4625 1512 4680 cui
1565 4628 1897 4696 contigerat,
1943 4625 2040 4680 sed

464 4731 650 4770 annuo
698 4724 794 4771 aut
841 4718 1010 4772 etiam
1051 4719 1306 4774 breviore
1348 4719 1528 4788 Spatio
1559 4728 1751 4774 contra
1786 4718 2040 4772 instituta

464 4809 732 4879 majorum
789 4808 1371 4875 circumscribi-retur,
1423 4819 1479 4865 et
1528 4811 1761 4880 pecunia
1809 4809 2042 4864 cuilibet

462 4901 674 4955 venalis
699 4911 867 4964 esset,
907 4902 961 4957 id
986 4903 1132 4973 quod
1165 4920 1194 4958 a
1225 4903 1468 4974 Josepho
1513 4903 1778 4966 refertur,
1816 4912 2035 4972 septem

463 4993 848 5061 praeterieram
884 4994 1282 5050 hebdomades.
1315 4995 1472 5062 Quod
1533 4995 1903 5065 archangelus
1955 4995 2043 5049 his

2141 1217 2257 1271 ἀλλ’
2297 1216 2394 1288 οὐχ
2423 1216 2560 1287 όμοῦ
2592 1217 2649 1270 αῖ
2703 1215 2998 1286 ἐϐδομάδες
3047 1215 3404 1287 ἠρίθμηνται.
3435 1219 3528 1282 El;
3579 1220 3722 1273 ἑπτὰ

2141 1310 2198 1364 δὲ
2231 1314 2326 1364 καὶ
2356 1309 2729 1380 ἑξηκονταδύο
2756 1309 3064 1381 διῄρηνται,
3096 1311 3190 1362 καὶ
3216 1313 3297 1374 είς
3328 1311 3459 1381 μίαν
3489 1311 3716 1382 ἑτέραν;

2143 1403 2256 1471 Οὐχ
2293 1402 2370 1465 ὡς
2406 1401 2566 1472 ἔτυχε
2619 1401 2677 1454 δὲ
2727 1401 2886 1455 τοῦτο
2948 1401 3249 1469 πεποίηκεν
3280 1404 3308 1454 ὁ
3359 1403 3720 1474 ἀρχάγγελςς,

2143 1492 2282 1547 ἀλλά
2325 1509 2449 1546 τινα
2499 1492 2663 1546 καινά
2701 1492 2789 1546 διὰ
2821 1493 3028 1546 τούτων
3067 1493 3336 1547 διδάσκων
3373 1495 3429 1546 ὲν
3459 1497 3580 1553 ταῖς
3614 1494 3722 1545 τῶν

2143 1587 2353 1656 χρόνων
2387 1584 2689 1654 διαιρέσεσι
2741 1584 3156 1655 συμϐησόμενα.
3200 1587 3262 1639 Εἰ
3299 1585 3406 1657 γὰρ
3464 1587 3573 1640 ἀπὸ
3623 1588 3720 1657 τῆς

2141 1677 2251 1730 τῶν
2299 1677 2691 1748 Ἱεροσολύμων
2746 1677 3040 1747 οἰκοδομῆς
3085 1679 3184 1749 τῆς
3231 1678 3324 1732 ἐπὶ
3357 1679 3618 1748 Νεεμίου,
3649 1680 3724 1744 ὡς

2141 1769 2380 1838 εἴρηται,
2442 1770 2745 1839 γενομένης
2805 1768 3124 1839 ἀριθμοῖντο
3177 1771 3227 1823 oi
3283 1771 3464 1840 χρόνοι
3524 1771 3723 1841 μέχρις

2156 1860 2426 1930 Ὑρκανοῦ
2482 1860 2576 1914 τοῦ
2621 1862 2947 1932 ἀρχιερέως,
2995 1863 3079 1930 ἐφ’
3107 1855 3168 1916 οὗ
3225 1861 3284 1915 τὸ
3314 1861 3424 1914 τῶν
3471 1864 3725 1932 ’Δσαμωο

2143 1957 2310 2009 ναίων
2351 1954 2507 2022 γένος
2537 1955 2752 2022 ἐπαύθη
2782 1954 2877 2008 τοῦ
2913 1955 3186 2026 ἱερᾶσθαι,
3221 1957 3247 2009 6
3275 1956 3384 2008 τῶν
3429 1955 3723 2027 ἑξηκοντα-

2144 2046 2239 2100 δύο
2286 2045 2602 2116 έϐδομάδων
2646 2045 2881 2116 ἀριθμὸς
2939 2047 3394 2118 συμπεραίνεται.
3449 2049 3584 2100 Ἀπὸ
3625 2049 3723 2118 μὲν

2144 2139 2254 2212 γὰρ
2279 2139 2373 2192 τοῦ
2408 2138 2654 2192 εἰκοστοῦ
2686 2139 2842 2202 ἔτους
2877 2139 2978 2209 τῆς
3015 2140 3296 2210 βασιλείας
3327 2142 3722 2212 Ἀρταξέρξου,

2138 2231 2196 2294 ὃς
2229 2232 2308 2301 τῷ
2339 2231 2549 2304 Νεεμίᾳ
2591 2230 2692 2301 τὴν
2730 2233 2810 2295 είς
2855 2233 3221 2304 Ἰερουσαλὴμ
3258 2234 3519 2288 ἐπάνοδον
3551 2235 3720 2288 ἔδωκε

2143 2322 2224 2394 τῷ
2255 2323 2459 2393 ταύτην
2507 2323 2834 2392 τειχίσαντι,
2866 2324 2968 2388 ἕως
3005 2325 3234 2395 Δαρείου
3286 2325 3381 2378 τοῦ
3415 2325 3717 2397 Ἀρσάμου,

2141 2415 2200 2468 ὃν
2235 2415 2485 2468 καθεῖλεν
2510 2413 2884 2486 Ἀλέξανδρος,
2912 2417 3106 2469 ἑκατὸν
3149 2418 3244 2488 ἔτη
3272 2419 3380 2471 είσὶ
3411 2420 3504 2472 καὶ
3525 2436 3722 2472 τεσσα-

2147 2505 2494 2575 ρεσκαίδεκα.
2528 2505 2626 2558 Ἐκ
2655 2505 2711 2558 δὲ
2743 2507 2845 2575 τῆς
2905 2508 3279 2577 καθαιρέσεως
3309 2510 3408 2578 τῆς
3436 2509 3545 2562 τῶν
3577 2512 3720 2583 Περ-

2143 2596 2254 2650 σῶν
2289 2598 2566 2665 βασιλείας
2597 2600 2654 2651 έν
2681 2598 2826 2669 ἕκτῳ
2855 2601 3156 2670 γενομένης
3195 2601 3307 2654 έτει
3337 2603 3436 2672 τῆς
3466 2602 3720 2669 Ἀλεξάν-

2141 2693 2270 2763 δρου
2333 2693 2470 2764 πρὸς
2510 2694 2607 2760 τὴν
2655 2693 2846 2748 Ἀσίαν
2898 2695 3189 2764 στρατείας
3243 2697 3438 2768 μέχρις
3491 2699 3716 2754 Ἰουλίου

2141 2784 2421 2856 Καίσαρος
2454 2786 2640 2848 Γαΐου,
2674 2785 2734 2850 ὃς
2769 2786 2986 2857 πρῶτος
3021 2791 3087 2858 τῆ
3122 2791 3395 2861 μοναρχίᾳ
3425 2790 3534 2844 τῶν
3577 2793 3718 2844 Ῥω-

2145 2876 2320 2944 μαίων
2380 2875 2827 2946 ἐπικεχείρηκεν,
2887 2876 2981 2949 έτη
3044 2879 3402 2950 παρήλθοσαν
3462 2881 3718 2936 διακόσια

2139 2968 2474 3039 ὀγδοήκοντα
2531 2968 2629 3021 καὶ
2685 2968 2798 3022 δύο.
2849 2971 2946 3024 Ἐκ
2995 2970 3054 3024 δὲ
3107 2973 3207 3042 τῆς
3262 2974 3564 3045 αύταρχίας
3621 2975 3716 3030 τοῦ

2140 3062 2418 3131 Καίσαρος
2446 3060 2550 3124 ἕως
2582 3059 2736 3125 ἔτους
2766 3063 3255 3117 πεντεκαιδεκάτου
3294 3065 3546 3135 Τιϐερίου
3576 3068 3714 3120 Καί-

2142 3168 2331 3224 σαρος,
2376 3152 2540 3221 ἡνίκα
2571 3154 2599 3205 ό
2638 3152 2871 3223 Χριστὸς
2929 3154 3034 3207 ὑπὸ
3071 3154 3322 3224 Ἰωάννου
3378 3158 3709 3228 ἐϐαπτίσθη,

2139 3242 2235 3295 καὶ
2287 3241 2392 3294 τῶν
2433 3243 2678 3313 σημείων
2717 3243 3026 3314 ἀπήρξατο,
3078 3244 3171 3317 ἐτη
3205 3247 3578 3318 ἑϐδομήκοντα
3625 3250 3719 3303 καὶ

2138 3333 2305 3404 τρία·
2353 3335 2427 3397 ὡς
2481 3334 2900 3405 συμποσοῦσθαι
2951 3336 3122 3392 ταῦτα
3156 3339 3236 3401 είς
3284 3340 3570 3404 ἐνιαυτοὺς
3623 3343 3718 3394 ἐπὶ

2137 3426 2516 3496 τετρακοσίοις
2559 3427 2827 3497 ἑξήκοντα
2872 3429 2967 3482 καὶ
3020 3431 3197 3484 ὲννέα.
3249 3432 3310 3484 Οἱ
3355 3431 3412 3484 δὲ
3465 3431 3716 3486 τοσοῦτοι

2139 3520 2380 3572 ἐνιαυτοὶ
2439 3518 2798 3572 ἀποτελοῦσιν
2855 3519 2950 3590 ἔτη
3000 3522 3334 3593 τετρακόσια
3381 3523 3715 3594 ὁγδοήκοντα

2137 3608 2287 3677 τρία,
2318 3608 2461 3662 κατά
2489 3608 2587 3677 τὴν
2635 3608 2933 3681 Ἐϐραῖκὴν
2959 3613 3261 3684 ἀρίθμησιν
3308 3614 3418 3669 τῶν
3451 3616 3610 3672 ἑτῶν.
3641 3621 3715 3672 Οὐ

2139 3701 2249 3772 γὰρ
2279 3700 2353 3765 ὡς
2391 3704 2552 3773 ἡμεῖς
2582 3703 2633 3756 oi
2677 3703 2918 3774 Ἑϐραῖοι
2961 3705 3266 3775 ψηφίζουσι
3311 3707 3402 3762 τὸν
3444 3710 3714 3777 ἐνιαυτὸν,

2139 3793 2276 3846 άλλά
2310 3794 2452 3848 κατά
2504 3795 2826 3866 σεληνιακὸν
2881 3797 3084 3869 δρόμον
3135 3799 3503 3870 ἀριθμοῦντες
3553 3803 3720 3856 αὐτὸν

2139 3886 2467 3956 τριακοσίων
2506 3887 2852 3958 πεντήκοντα
2888 3890 2982 3942 καὶ
3027 3891 3314 3960 τεσσάρων
3349 3893 3600 3962 ἡμερῶν,
3638 3895 3715 3959 ὡς

2141 3978 2486 4048 περιττεύειν
2509 3979 2601 4046 ἀφ’
2620 3979 2852 4033 ἑκάστου
2869 3980 3116 4034 ἐνιαυτοῦ
3140 3983 3352 4054 ἡμέρας
3371 3985 3564 4038 ἕνδεκα
3581 3987 3716 4059 (85).

2141 4071 2251 4124 Καὶ
2294 4069 2500 4125 τούτων
2531 4071 2662 4140 γοῦν
2711 4073 2822 4128 τῶν
2873 4076 3152 4145 περιττῶν
3208 4079 3436 4148 ἡμερῶν
3488 4082 3570 4145 είς
3622 4081 3718 4153 ἐτη

2141 4165 2609 4232 συμποσουμένων
2681 4165 2751 4220 τὰ
2824 4168 3154 4238 τετρακόσια
3223 4170 3557 4242 ὀγδοήκοντα
3628 4177 3721 4229 καὶ

2139 4254 2264 4327 τρία
2328 4256 2595 4327 Ἐϐραῖκά
2655 4259 3002 4312 συνίστανται
3053 4260 3172 4329 ἔτη.
3241 4262 3479 4334 Ἑϐραίῳ
3529 4265 3588 4319 δὲ
3643 4266 3722 4339 τῷ

2139 4349 2338 4418 Δανιὴλ
2369 4351 2397 4402 ὁ
2429 4350 2660 4418 ἄγγελος
2689 4350 2916 4420 ὁμιλῶν,
2948 4351 3166 4415 πάντως
3196 4351 3264 4406 τά
3291 4353 3438 4424 αὐτῷ
3466 4355 3728 4428 γνώριμαι

2139 4443 2325 4512 ἔλεγεν
2396 4443 2514 4513 έτη.
2572 4445 2735 4514 Ἀχρι
2791 4445 2890 4514 μὲν
2942 4441 3036 4497 οὖν
3086 4447 3186 4516 τῆς
3246 4447 3343 4500 τοῦ
3404 4450 3722 4519 ἀρχιερέως

2150 4535 2427 4605 Ὑρκανοῦ
2461 4536 2822 4605 ἀναιρέσεως,
2853 4537 2913 4589 ὃν
2940 4539 2967 4590 6
2999 4536 3255 4606 βασιλεὺς
3291 4540 3501 4594 ἀνεῖλεν
3539 4541 3722 4613 Ἠρώ-

2140 4627 2239 4697 δης
2267 4627 2577 4697 (εἰρήσεται
2610 4625 2666 4678 δὲ
2695 4625 2766 4679 τὰ
2812 4628 2943 4698 περὶ
2996 4629 3192 4683 τούτου
3250 4631 3609 4701 πλατύτερον)
3665 4636 3720 4688 αί

2142 4718 2507 4791 ἑξηκονταδύο
2537 4717 2832 4788 ἑϐδομάδες
2863 4717 3338 4792 ἔξεμετρήθησαν.
3384 4725 3617 4779 Ἐκτοτε
3664 4726 3720 4780 δὲ

2139 4812 2241 4881 τῆς
2268 4814 2687 4886 ἀρχιερωσύνης
2714 4815 2776 4868 οὑ
2807 4815 2896 4869 διὰ
2942 4816 3058 4887 βίου
3089 4818 3549 4887 προσπεπηγυίας
3577 4819 3723 4873 κατὰ

2141 4905 2235 4959 τὸν
2268 4906 2435 4975 νόμον
2468 4908 2582 4970 τοῖς
2620 4905 2825 4973 ταύτης
2852 4908 3218 4978 ἀξιουμένοις,
3239 4909 3354 4962 ἀλλ’
3379 4912 3721 4975 ὲνιαυσιαίας

2103 5035 2106 5040 -
2144 4997 2476 5067 παρανόμως
2503 4997 2866 5068 διδομένης,;ἢ
2901 4999 3222 5070 βραχυτέρῳ
3247 5000 3425 5071 χρόνῳ
3459 5018 3716 5072 περιορι-

460 5083 647 5140 verbis
677 5085 902 5142 innuit:
937 5085 1005 5139 Et
1043 5095 1158 5157 post
1191 5088 1536 5141 hebdomadas
1581 5089 1864 5158 sexaginta
1904 5089 2040 5142 duas

2147 5086 2406 5157 ζομένης,
2436 5088 2527 5140 καὶ
2571 5090 2871 5158 χρημάτων
2900 5090 3072 5162 αὐτὴν
3099 5091 3427 5161 ὠνουμένων
3455 5093 3564 5145 τῶν
3595 5093 3724 5164 βου·

462 5181 838 5249 exstirpabitur
865 5182 1062 5245 unctio,
1095 5197 1186 5234 nec
1214 5181 1453 5245 futurum
1483 5189 1557 5235 est
1587 5183 1642 5236 in
1668 5197 1730 5235 ea
1750 5182 2034 5252 judicium,

2142 5179 2406 5250 λομένων,
2437 5179 2466 5232 δ
2495 5181 2591 5232 καὶ
2613 5182 2641 5234 ό
2671 5181 2934 5251 Ἰώσηπος
2972 5183 3199 5250 ἱστορεῖ,
3231 5183 3290 5236 αἱ
3335 5183 3477 5236 ἑπτὰ
3511 5184 3727 5254 παρήλ-

465 5273 572 5328 hoc
593 5283 694 5339 est,
732 5276 925 5330 unctio
951 5274 1312 5345 pontiﬁcatus
1349 5275 1574 5346 peribit,
1620 5289 1747 5331 cum
1779 5274 1815 5328 ii
1846 5283 2038 5329 contra

2147 5270 2310 5324 Οοσαν
2341 5268 2656 5341 έϐδομάδες.
2690 5269 2862 5323 Τοῦτο
2903 5269 2958 5323 δὲ
2985 5270 3164 5342 δηλῶν
3216 5273 3244 5325 6
3265 5270 3408 5336 θεῖος
3441 5272 3723 5344 ἀρχάγγε-

1668 5505 1868 5568 Variae
1890 5504 2200 5568 lectiones
2243 5511 2303 5568 et
2335 5511 2522 5567 notae.

542 5744 654 5821 (δῦ)
707 5744 1221 5821 ’ξς-περιττεύειν
1278 5744 1378 5821 ἀρ’
1435 5741 1694 5821 ἑκάστου
1757 5740 2038 5821 ἐνιαυτοῇ

2147 5741 2644 5821 ᾏοηοιιαεηί-ειιοιο.
2665 5743 2900 5821 [latione
2923 5761 3071 5802 nunc
3093 5745 3316 5818 usitata,
3341 5748 3721 5808 redundarent

469 5811 694 5888 ἡμέρας
737 5811 972 5871 ἕνδεκά.
1005 5817 1177 5881 Quam
1224 5811 1492 5870 rationem
1534 5812 1663 5868 anui
1705 5819 1926 5869 secutus
1965 5812 2038 5869 sit

2146 5811 2264 5868 dies
2291 5811 2524 5883 amplius
2556 5830 2640 5871 xv.
2657 5813 2829 5888 Wolf.
