3980 6246
217 317 322 384 25?

1464 326 1877 390 ANNALIUM
1920 327 2068 390 LIB.
2113 330 2232 394 III.

3355 347 3469 411 258

212 433 301 495 λος
327 431 507 500 ἔλεγε,
533 429 644 486 Kal
664 427 819 501 μετὰ
848 429 956 499 τὰς
981 432 1323 505 ἑϐδομάδας
1351 435 1460 502 τὰς
1487 438 1780 507 ἐξηκοντα

1881 443 2091 512 .legem
2134 450 2436 512 ungentur,
2485 443 2579 514 qui
2634 444 2795 516 potiti
2851 447 2946 504 illo
2997 449 3224 509 fuerint.
3285 455 3476 527 Neque

210 525 321 579 δύο
373 523 954 592 ἐξολοθρευθήσεται
993 528 1246 597 χρίσμα,
1301 529 1400 583 καί
1452 531 1632 601 κρῖμα
1683 535 1795 586 οὐκ

210 617 385 672 ἐστιν
415 616 488 670 ἐν
512 615 694 682 αὐτῷ.
721 617 868 672 Ἀντὶ
893 618 1009 681 τοῦ,
1029 622 1476 692 Διαφθαρήσεται
1503 623 1564 675 τὸ
1585 625 1794 696 χρίσμα

209 711 306 779 τῆς
340 707 784 779 ἀρχιερωσύνης.
821 709 1165 780 Παρανόμως
1205 713 1314 780 γὰρ
1343 715 1652 783 χριομένων
1683 715 1794 770 τῶν

209 802 285 865 είς·
323 801 500 871 αὐτὴν
554 799 1070 872 προϐιϐαζομένων,
1130 804 1254 857 οὐδὲ
1304 805 1365 858 τὸ
1418 807 1629 878 χρίσμα
1689 809 1792 879 τῆν

209 893 416 947 οἰκείαν
437 887 584 962 εἶχεν
616 891 792 963 ἰσχὺν,
819 892 956 947 ἀλλὰ
985 896 1446 966 παρεφθαρμὲνον
1474 897 1532 950 ὃν
1570 899 1789 971 ἡμοίρει

119 1023 122 1026 .
208 984 302 1054 τῆς
341 983 494 1047 θείας
542 985 788 1054 χάριτος.
836 985 930 1037 Διὸ
983 988 1076 1038 καὶ
1125 988 1374 1056 ἐπήγαγε
1412 989 1567 1043 ’Καὶ
1616 992 1790 1061 κρῖμα

210 1079 306 1129 οὐκ
335 1075 490 1129 ἐστιν
525 1077 585 1129 ἐν
618 1073 793 1144 αύτῷ,
849 1075 1150 1144 τουτέστιν,
1183 1077 1244 1130 οὐ
1276 1078 1418 1131 κατὰ
1467 1079 1650 1150 κρίσιν
1697 1082 1790 1134 καὶ

207 1167 536 1238 δοκιμασίαν
577 1168 854 1238 γινόμενοι
903 1166 1144 1236 ἔσονται,
1177 1169 1297 1222 ἀλλ’
1339 1170 1598 1243 ἀκρίτως,
1640 1171 1790 1242 ἢδιὰ

209 1261 392 1330 χάριν,
421 1259 456 1328 ἢ
482 1259 571 1312 διὰ
599 1262 885 1330 χρήματα.
922 1260 1144 1313 Τούτων
1189 1260 1235 1312 δ’
1289 1259 1431 1314 οὕτω
1459 1263 1784 1333 γινομένων,

207 1355 298 1405 καὶ
323 1352 380 1404 αἱ
408 1351 551 1404 ἐπτὰ
597 1350 995 1421 παρερῤύησαν
1038 1351 1356 1422 ἐϐδομάδες,
1386 1355 1548 1424 μέχρι
1575 1355 1673 1425 τῆς
1692 1356 1785 1409 τοῦ

206 1445 413 1514 Κυρίου
444 1445 770 1513 ἐπιφανείας
803 1443 1004 1516 δηλαδὴ
1027 1445 1412 1514 διαρκέσασαι.
1453 1445 1515 1498 Ἥ
1548 1448 1649 1516 μὲν
1688 1445 1784 1501 οὖν

201 1538 463 1609 διαίρεσις
493 1537 602 1591 τῶν
628 1537 990 1608 ἑξηκονταδύο
1038 1539 1348 1607 ἑϐδομάδων
1395 1541 1489 1593 καὶ
1513 1541 1622 1596 τῶν
1647 1543 1787 1596 ἐτιτὰ

201 1630 285 1684 διὰ
330 1629 508 1683 ταῦτα
571 1630 818 1698 γέγονεν.
852 1631 1007 1683 Ἐπεὶ
1065 1631 1121 1684 δὲ
1173 1631 1308 1703 πρὸς
1357 1632 1455 1696 τὰς
1501 1634 1561 1699 ἐξ
1609 1636 1784 1705 ἀρχῆς

201 1727 501 1798 εἰρημένας
559 1725 931 1795 ἐϐδομήκοντα
985 1725 1286 1796 ἑϐδομάδας
1345 1726 1426 1780 ἔτι
1475 1728 1572 1796 μία
1620 1729 1782 1798 λοιπὴ

200 1795 635 1889 περιλελειπται,
653 1816 894 1887 καὶπερὶ
915 1795 1132 1886 ἐκείνης
1154 1817 1377 1888 εἴρηκεν
1395 1818 1423 1871 ό
1443 1795 1780 1889 ἀρχάγγελος
1816 1795 1856 1854 Β

197 1910 404 1964 ταῦτα·
446 1909 560 1962 Kal
623 1908 962 1979 δυναμώσει
1019 1910 1134 1978 τὴν
1189 1909 1484 1979 διαθήκην
1531 1915 1783 1981 πολλοῖς

199 2003 453 2073 ἑϐδομὰς
499 2002 631 2072 μία,
679 2002 779 2057 καί
823 2002 892 2056 ἐν
934 2001 1013 2068 τῷ
1052 2005 1258 2073 ἡμίσει
1301 2003 1411 2072 τῆς
1453 2005 1782 2075 ἑϐδομάδος

197 2098 522 2168 ἀρθήσεται
554 2098 758 2162 θυσία,
802 2098 900 2152 καὶ
948 2097 1215 2167 σπονδὴ,
1265 2101 1362 2154 καί
1406 2101 1504 2154 ἐπὶ
1547 2103 1782 2169 τούτοις

195 2190 288 2244 ἐπὶ
337 2191 404 2244 τὸ
449 2190 614 2258 ἱερὸν
635 2190 956 2261 βδέλυγμα
990 2190 1092 2260 τῆς
1126 2190 1498 2262 ἐρημώσεως,
1533 2195 1632 2247 καὶ
1669 2194 1782 2260 ἔως

196 2285 555 2351 συντελείας
580 2284 785 2353 καιροῦ
815 2284 1140 2340 συντέλεια
1191 2285 1513 2353 δοθήσεται
1541 2286 1640 2340 ἐπὶ
1665 2288 1782 2356 τὴν

197 2378 520 2448 ἐρήμωσιν.
570 2376 634 2432 Ἥ
684 2378 871 2448 λοιπὴ,
902 2379 1091 2449 φησὶν,
1120 2377 1376 2450 ἑϐδομὰς,
1417 2381 1451 2450 ὴ
1499 2381 1638 2450 μετὰ
1679 2381 1779 2444 τὰς

196 2473 464 2541 ἐξήκοντα
511 2471 610 2525 καὶ
663 2471 842 2536 ἐννέα,
890 2471 988 2540 τὴν
1031 2469 1226 2542 καινὴν
1272 2471 1538 2542 διαθήκην
1571 2473 1781 2540 εἰσάξει

200 2565 426 2636 ἰσχυρὰν
456 2563 654 2630 οὕτως,
682 2564 757 2628 ὡς
787 2563 855 2618 δι’
887 2564 1058 2634 αὐτῆς
1093 2563 1346 2634 ἀρθῆναι,
1377 2565 1682 2629 τουτέστιν,
1715 2567 1780 2618 ἐκ

199 2658 362 2727 μέσου
393 2656 651 2725 γενέσθαι
680 2658 779 2720 τὰς
821 2655 1037 2721 θυσίας,
1079 2657 1176 2708 καὶ
1203 2657 1300 2720 τὰς
1338 2657 1572 2722 σπονδὰς
1611 2660 1669 2712 ἐν
1699 2658 1780 2728 τῷ

194 2747 384 2819 ἡμίσει
417 2747 517 2819 τῆς
543 2747 859 2818 ἑϐδομάδος.
885 2747 1044 2802 Μετὰ
1068 2747 1176 2816 γὰρ
1198 2747 1258 2800 τὸ
1289 2746 1573 2819 βάπτισμα
1596 2748 1623 2801 ὁ
1645 2750 1780 2820 Χρι-

197 2838 338 2904 στὸς,
368 2839 466 2891 ἐπὶ
491 2838 735 2908 τριετίαν
769 2837 864 2891 καὶ
900 2838 1156 2891 ἐπέκεινα
1187 2836 1429 2904 διδάξας,
1450 2838 1544 2892 καὶ
1573 2842 1776 2908 σημεῖα

194 2929 630 3000 ἐπιδειξάμενος,
661 2929 836 2993 οὕτως·
867 2931 962 2983 ἐπὶ
993 2929 1054 2984 τὸ
1089 2929 1258 2992 πᾶθος
1285 2925 1439 3001 ἦλθε,
1475 2932 1570 2983 καὶ
1603 2933 1771 2985 αὑτοῦ

195 3022 448 3086 τυθέντος
474 3021 615 3094 ὑπὲρ
651 3021 746 3075 τοῦ
784 3023 990 3094 κόσμου
1036 3022 1263 3088 παντὸς,
1289 3023 1385 3076 τοῦ
1429 3024 1629 3094 Ἀμνοῦ
1675 3023 1773 3076 τοῦ

1896 534 2044 587 enim
2075 531 2259 585 unctio
2300 534 2409 586 vim
2451 550 2606 589 suam
2646 537 2940 603 retinebat.
2974 542 3073 597 sed
3106 553 3166 597 ut
3189 556 3471 616 corrupta,

1895 621 2083 694 gratiae
2114 621 2313 676 divinm
2343 632 2461 677 erat
2491 640 2710 695 expers.
2745 626 2927 693 Quare
2961 632 3172 702 adjicit,
3199 635 3470 706 judicium

1896 729 2004 768 non
2056 729 2176 768 esse
2231 713 2413 768 inea:
2454 719 2555 770 hoc
2599 728 2683 771 est
2712 720 2864 774 nullo
2908 722 3154 791 judicio,
3208 728 3473 797 nullaque

1893 807 2273 876 exploratione
2327 807 2576 861 adhibita
2623 813 2919 879 pontiﬁces
2969 827 3216 871 creatum
3252 819 3343 887 iri,
3373 825 3471 875 scd

1893 896 2029 949 citra
2063 897 2336 950 delectum
2370 899 2451 951 vel
2511 902 2749 966 ambitu,
2799 905 2882 957 vel
2921 907 3116 976 gratia.
3166 911 3305 965 Dum
3357 913 3473 970 ha-e

1894 987 2111 1054 ﬁerent,
2160 991 2326 1043 etiam
2383 1000 2596 1060 septem
2646 994 3022 1054 hebdomades
3069 1013 3201 1058 sunt
3235 1006 3468 1075 elapsae,

1891 1095 2016 1134 cum
2065 1096 2236 1150 usque
2287 1081 2354 1135 ad
2410 1081 2618 1137 Christi
2666 1086 2964 1142 adventum
3022 1091 3332 1149 durassent.
3392 1100 3472 1153 Ac

1890 1172 2172 1239 sexaginta
2200 1171 2437 1224 duarum
2473 1181 2528 1226 et
2564 1185 2776 1243 septem
2817 1177 3228 1236 hebdomadum
3267 1185 3471 1241 divisio

1889 1261 1992 1316 hac
2035 1265 2101 1317 de
2153 1278 2317 1317 causa
2373 1265 2624 1320 instituta
2660 1276 2764 1321 est.
2814 1269 2951 1324 Cum
3024 1283 3209 1330 autem
3263 1291 3469 1347 prazter

1887 1368 1981 1406 eas
2019 1369 2141 1422 qua:
2184 1354 2345 1408 initio
2399 1365 2529 1410 sunt
2573 1360 2858 1427 expositae,
2897 1362 3080 1419 adhuc
3130 1381 3240 1420 una
3298 1378 3469 1424 restet

1888 1445 2213 1510 hebdomas,
2257 1447 2325 1500 de
2371 1463 2434 1500 ea
2461 1464 2682 1519 quoque
2727 1453 3101 1524 archangelus
3140 1458 3222 1511 sic
3245 1458 3365 1513 ait:
3399 1461 3468 1514 Et

1885 1537 2216 1606 conﬁrmabit
2261 1547 2629 1594 testamentum
2680 1543 2860 1597 multis
2893 1546 3174 1602 hebdomas
3232 1567 3360 1616 una,
3418 1561 3468 1606 et

1886 1630 1938 1681 in
1991 1632 2205 1682 semisse
2245 1632 2587 1686 hebdomadis
2621 1634 2836 1688 tolletur
2861 1639 3184 1706 sacriﬁcium
3225 1651 3275 1696 et
3327 1643 3466 1698 liba-

1886 1723 1976 1786 tio,
2019 1731 2066 1775 et
2111 1732 2305 1792 prazter
2352 1725 2465 1778 Ιιιεσ
2507 1725 2826 1781 abominatio
2850 1733 3124 1786 vastitaztis
3150 1751 3309 1805 super
3335 1745 3469 1788 tem-

1883 1810 2028 1878 plum
2062 1830 2080 1866 :
2119 1820 2166 1864 et
2205 1829 2365 1880 usque
2411 1815 2481 1866 ad
2535 1817 2969 1883 complementum
3004 1825 3280 1892 temporis,
3329 1842 3470 1878 com-

1882 1901 2203 1973 plementum
2230 1906 2442 1959 dabitur
2473 1922 2632 1977 super
2657 1912 3034 1966 vastationem.
3069 1913 3302 1984 Reliqua
3331 1957 3345 1981 ,
3384 1918 3469 1972 in-

1883 1994 2025 2064 quit,
2061 1994 2390 2060 hebdomas,
2417 1999 2703 2068 sexaginta
2735 2015 2930 2056 novem
2956 2016 3237 2075 secutura,
3262 2025 3465 2065 novum

1885 2094 2286 2144 testamentum
2321 2090 2641 2147 introducet
2688 2093 2828 2149 adeo
2870 2098 3138 2164 validum,
3165 2110 3226 2155 ut
3269 2117 3367 2172 per
3410 2105 3464 2159 id

1882 2180 2117 2235 tollatur
2142 2197 2172 2236 e
2204 2182 2388 2237 medio
2419 2185 2751 2239 sacrilicium
2798 2196 2854 2242 et
2901 2189 3098 2246 libatio
3145 2194 3198 2247 in
3235 2196 3466 2251 semisse

1881 2272 2268 2330 hebdomadis.
2300 2275 2436 2330 Nam
2479 2293 2604 2332 cum
2656 2295 2780 2351 post
2827 2282 3162 2352 baptismum
3209 2284 3468 2343 Christus

1876 2366 2182 2420 triennium
2235 2377 2292 2423 et
2359 2369 2505 2424 ultra
2540 2372 2844 2439 docuisset,
2903 2383 2959 2430 et
3007 2378 3276 2431 miracula
3305 2379 3462 2450 137

1883 2458 2190 2524 edidisset,
2251 2462 2316 2515 ad
2363 2465 2699 2534 supplicium
2736 2469 2922 2533 venit,
2962 2483 3141 2538 eoque
3199 2487 3298 2541 pro
3349 2483 3464 2528 toto

1884 2552 2090 2606 mundo
2135 2553 2441 2618 immolato,
2471 2557 2567 2625 qui
2596 2569 2682 2612 est
2717 2559 2906 2630 Agnus
2932 2561 3050 2628 Dei,
3103 2564 3305 2618 tollens
3334 2581 3464 2635 pec-

1880 2655 2000 2698 cata
2031 2645 2247 2709 mundi,
2291 2647 2623 2702 sacriﬁcium
2652 2659 2708 2704 et
2735 2650 2950 2719 libatio,
2992 2654 3289 2710 constituta
3322 2656 3462 2727 lege,

1880 2733 2067 2788 desiit.
2129 2737 2209 2791 Ac
2251 2738 2633 2794 sacriﬁcarunt
2659 2751 2774 2797 tum
2830 2743 3038 2809 Judaei,
3075 2753 3135 2798 ιιι
3179 2753 3236 2800 et
3282 2763 3462 2814 nunc,

1879 2835 2070 2880 contra
2099 2826 2298 2898 legem,
2327 2844 2506 2899 neque
2541 2847 2735 2886 eorum
2769 2836 3040 2889 sacriﬁcia
3077 2845 3133 2890 et
3160 2837 3460 2895 libationes

1879 2930 2117 2987 accepta:
2137 2921 2361 2976 fuerunt
2389 2924 2521 2979 Deo.
2548 2925 2683 2981 Illud
2712 2944 2899 2997 porro,
2918 2931 3279 2987 Conﬁrmabit
3305 2942 3465 2989 testa-

1879 3021 2125 3067 mentum
2172 3015 2386 3081 multis,
2429 3017 2596 3071 etiam
2637 3019 2798 3074 aliter
2839 3023 3040 3091 exponi
3087 3032 3285 3092 potest,
3313 3025 3461 3095 quod

197 3114 330 3169 Θεοῦ
356 3115 456 3168 τοῦ
488 3117 738 3185 αἴροντος
767 3115 867 3187 τὴν
902 3115 1182 3186 ἁμαρτίαν
1204 3115 1299 3169 τοῦ
1325 3116 1601 3187 κόσμου,ὴ
1633 3118 1774 3171 κατὰ

1881 3113 2097 3159 sanctos
2127 3107 2411 3176 apostolos
2436 3109 2526 3162 illa
2561 3110 2866 3166 hebdomas
2899 3124 3156 3182 potentes
3188 3115 3461 3172 eﬁ‘ectura

197 3208 357 3279 νόμον
393 3207 555 3262 θυσία
593 3207 832 3279 ἐπαύθη,
863 3209 962 3262 καὶ
1002 3209 1036 3279 ἡ
1089 3208 1313 3279 σπονδή.
1351 3210 1464 3262 Καὶ
1488 3209 1645 3264 ἔθυον
1687 3210 1778 3263 ἐκ·

192 3317 307 3354 τοτε
342 3301 395 3353 οί
445 3299 716 3367 Ἰουδαῖοι,
751 3302 874 3354 ἐπεὶ
911 3301 1006 3354 καὶ
1051 3299 1132 3354 ἐτι
1174 3300 1367 3355 θύουσι
1415 3305 1770 3373 παρανόμως,

193 3392 304 3447 ἀλλ’
327 3392 704 3464 άπρόσδεκτος
739 3387 808 3464 ἦν
842 3394 875 3463 ἡ
901 3392 1128 3446 ἐκείνων
1158 3392 1320 3446 θυσία
1357 3395 1453 3448 καὶ
1480 3395 1513 3465 η
1550 3394 1772 3464 σπονδή.

195 3487 298 3539 Καὶ
351 3484 532 3548 ἄλλως
582 3485 641 3538 δὲ
689 3487 770 3552 τὸ,
829 3483 1156 3556 Δυναμώσει
1207 3485 1478 3557 διαθήκην
1533 3485 1773 3553 πολλοῖς,

193 3577 599 3649 ἐκληφθήσεται
637 3577 761 3632 ἀντὶ
803 3575 924 3643 τοῦ,
953 3577 1228 3641 Δυνατοὺς
1265 3577 1392 3640 τοὺς
1422 3577 1604 3648 ἱεροὺς
1632 3576 1776 3630 ἀπο-

195 3672 413 3734 στόλους
452 3671 536 3733 είς
584 3671 646 3724 τὸ
673 3671 945 3741 κήρυγμα
983 3670 1016 3740 ὴ
1059 3669 1297 3740 ἑϐδομὰς
1325 3669 1511 3740 ἐκείνη
1537 3671 1800 3740 ἐργάσει

193 3781 298 3820 ται.
333 3766 430 3828 Εἰς
467 3762 562 3817 δύο
591 3762 700 3834 γὰρ
739 3763 836 3834 τὴν
872 3762 1143 3833 ἑϐδομάδα
1187 3762 1442 3832 φαίνεται
1474 3762 1702 3833 διαιρῶν
1746 3764 1775 3817 ὁ

197 3857 569 3930 ἀρχάγγελος,
605 3857 690 3919 εἰς.
736 3857 830 3910 τὸν
890 3855 1041 3927 παρὰ
1099 3855 1190 3908 τοῦ
1242 3855 1477 3922 Πάθους,
1530 3856 1626 3908 καὶ⁹
1683 3857 1776 3911 τὸν

194 3955 333 4023 μετά
362 3952 425 4005 τὸ
463 3950 642 4010 ηάθος
683 3949 900 4019 καιρόν.
951 3949 1085 4019 Περὶ
1113 3950 1224 4020 γὰρ
1252 3951 1319 4002 τὰ
1349 3949 1475 4022 τρία
1506 3947 1603 4020 ἔτη
1637 3949 1775 4020 πρὸς

193 4044 264 4116 τῷ
293 4045 488 4115 ἡμίσει
524 4041 768 4113 κηρύξας
795 4043 822 4094 ὁ
864 4041 1069 4111 Κύριος
1101 4043 1245 4094 κατὰ
1279 4041 1340 4094 τὸ
1388 4041 1486 4094 τοῦ
1529 4040 1646 4094 υἱοῦ
1675 4043 1776 4112 τῆς

194 4137 426 4207 βροντῆς
487 4134 842 4202 Εύαγγέλιον,
882 4136 977 4186 καὶ
1017 4135 1282 4204 στηρίξας
1320 4136 1402 4199 είς
1459 4136 1558 4206 τὴν
1605 4136 1773 4191 αὑτοῦ

192 4229 370 4282 πίστιν
414 4226 544 4290 τοὺς
579 4226 756 4289 θείους
787 4222 953 4276 αὐτοῦ
996 4224 1335 4288 ἀποστόλους
1363 4227 1430 4297 τῇ
1459 4225 1570 4279 τῶν
1599 4225 1775 4294 λόγων

191 4319 417 4392 ἀληθεία
470 4317 568 4373 καὶ
613 4319 680 4387 τῇ
725 4317 836 4370 τῶν
884 4315 1206 4386 θαυμασίων
1251 4315 1430 4388 ἔργων
1478 4318 1771 4382 ἐπιδείξειο

191 4415 328 4468 οὕτω
361 4415 502 4484 πρὸς
533 4413 596 4466 τὸ
628 4411 806 4476 Πάθος
838 4411 1111 4482 ἐχώρησε,
1147 4412 1242 4464 καὶ
1271 4412 1363 4464 τὸν
1395 4412 1632 4482 σταυρὸν
1671 4429 1773 4466 κα-

1881 3197 2036 3251 sitad
2067 3199 2518 3268 prtedicationem
2566 3204 2871 3274 Evangelii.
2901 3206 3042 3261 Nam
3087 3222 3208 3261 eam
3252 3209 3465 3264 hebdo-

1879 3287 2097 3345 madem
2120 3289 2374 3360 bipertiti
2405 3294 2631 3349 videtur
2661 3297 3051 3368 archangelus,
3073 3299 3128 3352 in
3159 3299 3214 3354 id
3247 3309 3466 3370 tempus

1878 3381 2026 3450 quod
2080 3383 2405 3439 Passionem
2462 3394 2519 3440 et
2566 3388 2849 3444 antecedit
2877 3397 2934 3444 et
2983 3390 3258 3461 Sequitur.
3319 3393 3460 3447 Nam

1877 3488 2004 3528 cum
2062 3473 2334 3530 Dominus
2385 3478 2619 3533 circiter
2653 3487 2768 3535 tres
2802 3495 2980 3536 annos
3026 3489 3083 3536 et
3128 3482 3463 3550 dimidium,

1877 3565 2188 3620 secundum
2220 3567 2590 3639 Evangelium
2643 3569 2742 3626 ﬁlii
2775 3573 3008 3628 tonitrui
3030 3614 3044 3638 ,
3076 3575 3461 3645 praedicasset,

1876 3663 2042 3726 atque
2083 3647 2228 3727 apud
2286 3669 2510 3728 sanctos
2532 3676 2662 3717 suos
2713 3666 2994 3733 apostolos
3037 3677 3095 3720 et
3146 3684 3466 3724 sermonum

1874 3749 2133 3815 veritate,
2194 3760 2251 3805 et
2302 3752 2642 3808 mirabilium
2717 3770 2950 3826 operum
2995 3758 3295 3817 eﬁ‘ectione
3356 3762 3462 3815 sibi

1876 3841 2040 3897 ﬁdem
2066 3843 2453 3913 conciliasset;
2500 3846 2583 3902 sic
2610 3846 2678 3901 ad
2705 3847 3021 3903 Passionem
3047 3851 3331 3920 proiectus
3353 3863 3460 3914 est.

1874 3943 1926 3990 et
1954 3949 2176 3990 crucem
2205 3939 2470 4007 suscepit,
2506 3947 2853 4010 mortemque
2878 3955 3177 4011 perpessus
3211 3955 3315 4001 est.
3356 3945 3462 4000 Re-

1873 4031 2030 4102 liquo
2066 4033 2432 4088 hebdomadis
2466 4043 2714 4102 tempore
2762 4046 2888 4105 post
2936 4039 3402 4094 resurrectionem
3431 4056 3462 4095 a

1874 4125 2134 4190 mortuis,
2166 4134 2223 4180 et
2254 4128 2545 4180 ascensum
2580 4127 2637 4181 in
2682 4128 2870 4182 sinum
2913 4127 3232 4192 Paternum,
3283 4147 3314 4184 a
3351 4147 3460 4201 quo

1885 4232 2168 4288 nunquam
2194 4227 2484 4288 separatus
2511 4219 2638 4278 fuit,
2669 4227 2725 4274 et
2751 4219 3019 4275 Paracleti
3060 4221 3460 4291 visitationem,

1874 4311 2120 4365 divinum
2160 4311 2403 4366 amatum
2427 4353 2442 4378 ,
2475 4312 2657 4366 sancti
2689 4315 2811 4384 ejus
2835 4314 3125 4384 discipuli,
3165 4331 3292 4370 cum
3316 4317 3461 4371 divi-

1874 4419 2009 4458 num
2055 4405 2416 4476 Evangelium
2467 4405 2865 4478 Hierosolymis
2913 4411 3371 4475 annuntiassent,
3405 4423 3463 4466 et

196 4509 463 4574 τεδέξατο,
518 4507 611 4559 καὶ
665 4506 930 4575 ὑπέμεινε
967 4503 1221 4558 θάνατον.
1275 4499 1411 4558 Εἶτα
1452 4503 1546 4556 τὸν
1585 4503 1771 4557 λοιπὸν

1881 4499 2328 4569 praedicationem
2370 4500 2655 4554 miraculis
2681 4502 3130 4567 conﬁrmassent,
3180 4513 3236 4558 et
3271 4504 3464 4560 turbas

192 4603 286 4672 τῆς
315 4599 619 4670 ἑϐδομάδος
659 4598 852 4669 χρόνον
906 4597 1044 4669 μετὰ
1083 4597 1182 4667 τὴν
1206 4599 1272 4650 ἐκ
1300 4597 1512 4667 νεκρῶν
1536 4597 1774 4650 ἀνάστα-

197 4711 276 4748 σιν
318 4693 415 4746 καὶ
466 4693 568 4764 τὴν
617 4692 754 4761 πρὸς
808 4691 936 4752 τοὺς
984 4689 1220 4753 κόλπους
1284 4689 1413 4751 τοὺς
1455 4688 1776 4759 Πατρικοὺς

195 4787 398 4852 ἄνοδον,
433 4778 512 4838 ὧν
545 4783 608 4836 οὐ
649 4781 954 4852 κεχώριστο
984 4780 1228 4846 πώποτε,
1263 4780 1360 4835 καὶ
1390 4782 1490 4851 τὴν
1527 4781 1622 4834 τοῦ
1660 4782 1775 4834 Πα-

201 4876 468 4946 ρακλήτω
504 4872 875 4942 ἐπιφοίτησιν,
907 4874 1003 4925 καὶ
1033 4872 1188 4925 θείαν
1210 4870 1523 4935 ἐπίπνοιαν,
1556 4871 1606 4922 οί
1640 4867 1778 4940 ἱεροὶ

111 4977 116 4980 ·
199 4966 358 5019 αὑτοῦ
403 4965 649 5036 μαθηταὶ
676 4965 734 5017 ἐν
777 4963 1138 5034 Ἰερουσαλὴμ
1170 4962 1234 5016 τὸ
1265 4961 1411 5014 θετον
1431 4960 1776 5031 διαγγέλλον-

199 5074 283 5121 τες
326 5056 684 5125 Εύαγγέλιον,
715 5055 810 5109 καὶ
843 5055 905 5108 τὸ
938 5055 1204 5124 κήρυγμα
1238 5051 1599 5122 πιστούμενοι
1642 5051 1779 5106 θαύ-

205 5168 352 5220 μασι,
384 5150 480 5203 καὶ
519 5148 704 5218 πλήθη
733 5146 1038 5218 ἀνθρώπων
1079 5145 1460 5216 ἐπισπώμενοι
1497 5145 1636 5217 πρὸς
1679 5145 1778 5217 τὴν

202 5246 491 5313 ἐπίγνωσιν
531 5241 628 5294 τοῦ
677 5241 846 5305 ὅντως
899 5240 1036 5294 Θεοῦ
1068 5279 1084 5304 ,
1136 5239 1521 5312 διεσπάρησαν
1571 5241 1654 5302 είς
1710 5239 1779 5294 τὰ

205 5339 346 5412 ἔθνη,
379 5343 472 5393 καὶ
515 5337 690 5391 ταῦτα
724 5337 1022 5406 ἐφώτισαν.
1068 5334 1243 5389 Τοῦτο
1285 5334 1472 5388 τοίνυν
1501 5336 1530 5387 ὁ
1561 5334 1779 5404 ἀρχάγ-

205 5434 351 5501 γελος
388 5431 676 5504 προδηλῶν
713 5431 789 5503 τῷ
816 5431 1076 5502 προφήτῃ
1114 5426 1338 5498 Δανιὴλ,
1367 5426 1523 5494 ἔλεγε
1543 5441 1558 5458 ·
1587 5427 1778 5480 Δυνα-

202 5525 380 5592 μώσει
415 5523 714 5592 διαθήκην
737 5520 993 5586 πολλοῖς
1028 5519 1283 5589 ἑϐδομὰς
1310 5517 1422 5587 μία
1445 5530 1457 5544 ·
1499 5516 1620 5568 ἀντὶ
1658 5512 1776 5578 τοῦ,

207 5617 435 5688 Δύναμιν
465 5615 770 5686 περιζώσει
802 5615 1054 5680 πολλοὺς,
1094 5615 1221 5675 τοὺς
1265 5608 1513 5681 μαθητὰς
1550 5605 1778 5676 δηλαδὴ,

207 5711 294 5763 τόν
317 5728 376 5764 τε
411 5708 522 5781 πρὸ
553 5709 650 5762 τοῦ
683 5690 897 5770 Πάθους
936 5705 1031 5758 τοῦ
1064 5703 1272 5776 Κυρίου
1300 5700 1519 5772 χρόνον,
1560 5697 1657 5750 καὶ⁴
1686 5695 1778 5750 τὸν

213 5804 343 5874 μετὰ
369 5804 431 5859 τὸ
477 5802 681 5869 Πάθος,
713 5799 834 5857 καθ’
864 5799 926 5857 ὃν
948 5799 1217 5872 πρότερον
1259 5796 1358 5869 μὲν
1388 5796 1446 5850 ἐν
1494 5791 1777 5863 Ἰερουσαο

1879 4587 2165 4643 hominum
2196 4590 2263 4644 ad
2303 4592 2419 4644 veri
2466 4591 2563 4645 Dei
2612 4592 2954 4662 agnitionem
2993 4594 3378 4654 attraxissent.
3408 4599 3465 4652 in

1875 4689 2068 4750 gentes
2116 4683 2351 4752 dispersi
2405 4692 2571 4748 sunt,
2623 4700 2832 4754 easque
2880 4685 3290 4740 illuminarunt.
3346 4687 3465 4742 Hoc

1874 4774 2045 4845 igitur
2062 4775 2429 4846 archangelus
2453 4776 2896 4846 prmsigniﬁcans
2926 4778 3143 4832 Danieli
3175 4779 3464 4849 propheta:

1876 4867 1992 4920 ait:
2024 4864 2370 4933 Conﬁrmabit
2403 4875 2776 4922 testamentum
2800 4868 2980 4922 multis
3020 4869 3301 4924 hebdoma:
3333 4889 3465 4940 una,

1877 4958 1983 5014 hoc
2003 4969 2108 5025 est,
2133 4960 2280 5014 vires
2303 4971 2559 5030 suggeret
2593 4962 2811 5030 multis,
2847 4963 3141 5033 discipulis
3172 4964 3464 5028 nimirum,

1882 5061 2104 5122 tempus
2134 5061 2190 5106 ει
2215 5062 2596 5120 antegressum
2641 5065 2699 5110 et
2741 5066 3106 5112 consecutum
3149 5057 3464 5126 passionem

1876 5142 2093 5197 Domini
2121 5144 2462 5213 complexus,
2504 5161 2616 5215 quo
2645 5146 2800 5216 prius
2836 5146 3232 5217 Hierosolymis
3263 5146 3464 5214 praedi-

1880 5235 2351 5305 cabantapostoli,
2378 5249 2503 5306 post
2537 5239 2704 5292 etiam
2725 5239 2879 5294 orbis
2903 5248 3178 5293 terrarum
3201 5238 3466 5290 extremi-

1883 5334 2020 5382 tates
2056 5327 2326 5383 obeuntes
2381 5329 2673 5386 docebant.
2717 5330 2841 5384 Mox
2873 5329 3124 5384 eamdem
3157 5327 3463 5381 hebdoma-

1879 5417 2002 5471 dem
2050 5416 2250 5472 dividit
2305 5417 2392 5474 his
2443 5418 2631 5474 verbis
2685 5436 2698 5473 :
2748 5419 2815 5474 In
2868 5420 3084 5471 semisse
3123 5415 3465 5471 hebdomadis

1879 5507 2099 5562 tolletur
2125 5511 2454 5579 sacriﬁcium
2493 5523 2541 5565 et
2593 5509 2802 5565 libatio.
2837 5511 2959 5576 Quo
3003 5510 3253 5564 declarat
3296 5509 3462 5565 ﬁnem

1881 5602 2093 5657 umbrae
2141 5603 2301 5675 legis.
2351 5605 2563 5661 Deinde
2599 5604 2863 5675 subjicit:
2898 5603 2967 5657 Et
3013 5620 3174 5674 super
3207 5604 3465 5675 templum

1883 5699 2210 5754 abominatio
2257 5701 2520 5755 vastitatis
2558 5717 2577 5755 :
2609 5713 2736 5754 nam
2776 5712 2906 5752 cum
2963 5697 3080 5754 hazc
3131 5698 3285 5760 ﬁent,
3329 5707 3469 5755 tum-

1882 5790 2035 5862 plum
2076 5791 2293 5863 pridem
2325 5801 2594 5872 sanctum
2626 5798 2682 5848 et
2721 5790 3062 5861 venerabile,
3125 5789 3466 5848 abominatio
