3980 6246
512 307 621 376 259

1780 303 2104 369 JOANNIS
2141 303 2466 366 ΖΟΝΑΡυΈ

3657 304 3764 370 960

503 428 870 500 iudicabitur;
928 428 1079 500 quod
1137 435 1265 499 post
1317 427 2088 485 bebdomadcmbancextre-

2194 425 2304 496 λὴμ
2335 424 2696 496 προσέμενον,
2732 423 2828 478 καὶ
2871 411 3182 494 ἐκήρυσσον
3207 424 3254 475 οἰ
3286 409 3599 478 ἀπόστολοι.
3638 419 3768 479 Εἶτα

513 536 657 576 mam
683 522 893 591 aliquid
917 521 1290 576 abominabile
1315 522 1652 592 in'templum
1682 519 2084 582 introducetur,

510 612 568 665 in
621 612 838 682 signum
891 611 1216 667 vastationis
1274 614 1396 684 ejus
1446 621 1501 665 et
1547 611 1744 666 urbis:
1787 610 1932 679 quod
1985 611 2088 666 sub

516 705 690 759 Pilato
718 703 944 765 accidit,
989 704 1082 774 qui
1113 715 1280 758 noctu
1316 704 1515 759 vexilla
1565 703 1619 756 in
1668 718 1734 756 co
1777 702 2084 765 collocavit,

511 812 638 851 cum
699 795 938 866 imagine
1004 796 1358 864 imperatoris
1406 809 1574 863 :quze
1628 792 1829 848 Iudaeis
1879 793 2090 846 abomi-

511 887 692 941 nanda
737 897 926 951 erant,
977 901 1101 940 cum
1168 885 1526 940 interdictum
1583 893 1752 945 esset,
1814 899 1883 937 ne
1925 898 2088 952 quam

511 979 803 1048 imaginem
838 979 954 1032 sive
986 979 1282 1031 humanam
1317 977 1432 1031 sive
1483 975 1742 1030 animalis
1779 975 1942 1045 138
1984 976 2088 1029 ali-

511 1072 668 1140 cujus
697 1070 984 1130 haberent,
1023 1078 1119 1121 aut
1147 1068 1418 1122 colerent.
1453 1067 1723 1121 Dominus
1757 1067 1889 1122 item
1919 1087 1931 1122 :
1971 1069 2087 1133 Ubi,

512 1161 729 1228 inquit,
786 1161 1237 1213 abominationem
1305 1159 1570 1212 vastitatis
1623 1160 1678 1210 in
1750 1157 1861 1211 loco
1906 1167 2089 1212 sancto

509 1261 737 1305 stantem
790 1252 1022 1306 videritis
1052 1287 1067 1316 ,
1124 1251 1306 1304 scitote
1357 1249 1557 1303 instare
1609 1251 1906 1304 vastitatem
1954 1251 2089 1321 ejus,

512 1345 665 1398 urbis
724 1344 1225 1413 Hierosolymorum
1280 1342 1514 1396 scilicet.
1562 1341 1703 1395 Alibi
1741 1359 1963 1412 quoque
2017 1344 2091 1395 ait

512 1436 776 1489 Dominus
809 1454 818 1486 :
854 1435 984 1487 Ecce
1012 1434 1198 1486 domus
1229 1445 1403 1488 vestra
1434 1431 1764 1502 relinquetur
1792 1435 2000 1488 deserta
2025 1434 2087 1488 ".

512 1527 634 1580 Ilzec
677 1527 956 1580 Danielem
991 1540 1346 1594 praemonens
1375 1524 1768 1594 archangelus,
1804 1540 1928 1580 cum
1954 1542 2092 1596 pra:-

511 1615 740 1667 dixisset
765 1614 994 1682 legalem
1027 1614 1238 1667 cultum
1263 1629 1294 1667 e
1322 1614 1505 1670 medio
1530 1615 1809 1670 sublatum
1842 1614 1932 1676 iri,
1965 1614 2094 1669 sub-

511 1710 629 1778 jici;
661 1731 671 1764 :
707 1709 778 1762 Et
820 1723 980 1778 super
1013 1709 1266 1780 templum
1315 1709 1645 1764 abominatio
1693 1709 1978 1762 vastitatis.
2013 1708 2091 1761 Ne

2196 519 2291 571 καὶ
2337 519 2419 579 si;
2453 516 2521 570 τὰ
2549 519 2648 586 τῆς
2678 516 3005 586 οἰκουμένης
3038 516 3343 587 περιῄεσαν
3371 517 3645 586 τέρματα,
3682 521 3773 572 καὶ

2198 610 2496 672 ἐδίδασκον,
2531 608 2819 677 συνάψας,
2867 607 3026 672 αὖθις
3084 608 3284 678 διαιρεῖ
3337 609 3437 675 τὴν
3500 609 3773 678 ἑϐδομάδα

2196 699 2422 768 ταύτην,
2457 699 2634 767 λέγων
2656 716 2672 731 ο
2712 700 2819 752 Καὶ
2849 699 2917 752 ἐν
2952 697 3029 764 τῷ
3056 699 3260 767 ἡμίσει
3301 697 3411 766 τῆς
3449 699 3776 769 ἑϐδομάδος

2197 791 2523 859 ἀρθήσεται
2554 792 2735 845 θυσία
2783 793 2880 845 καὶ
2911 791 3152 858 σπονδή
3179 810 3194 825 ο
3222 791 3310 846 δ;ἀ
3341 793 3532 847 τούτου
3565 810 3777 864 προση-

2203 885 2410 953 μαίνων
2467 883 2564 954 τὴν
2621 884 2836 938 παῦλαν
2891 886 2990 954 τῆς
3039 884 3134 938 τοῦ
3189 886 3355 955 νόμου
3411 889 3591 950 σκιᾶς.
3641 885 3777 941 Εἶτα

2197 975 2391 1043 ἐπάγει
2414 991 2427 1004 ο
2461 976 2572 1030 Kal
2607 976 2703 1030 ἐπὶ
2757 975 2823 1029 τὸ
2856 976 3010 1044 ἱερὸν
3034 976 3353 1047 ,Βδέλυπιια
3399 977 3510 1046 τῆς
3553 978 3780 1048 ἐρημώα

2197 1082 2370 1132 σεως.
2408 1067 2627 1120 Τούτων
2657 1069 2785 1138 γὰρ,
2817 1070 2970 1137 φησὶ,
2997 1071 3328 1137 γινομένων,
3360 1071 3420 1124 τὸ
3457 1073 3591 1142 πρὶν
3620 1070 3778 1138 ἆγιον

2197 1159 2290 1210 καὶ
2346 1159 2645 1229 σεϐάσμιον
2696 1159 2841 1230 ἱερὸν
2883 1160 3162 1230 βδέλυγμα
3210 1161 3600 1233 λογισθήσεται
3640 1163 3777 1234 (86),

2198 1251 2228 1320 ἦ
2275 1252 2354 1304 ὅτι
2407 1252 2543 1322 μετὰ
2591 1253 2688 1322 τὴν
2740 1253 3061 1306 τελευταίαν
3100 1255 3375 1324 ἑϐδομάδα
3424 1256 3631 1327 ταύτην
3663 1259 3781 1326 βδέ-

2197 1343 2381 1413 λυγμά
2415 1363 2464 1398 τι
2512 1346 2604 1397 ἐπὶ
2657 1346 2716 1396 τὸ
2768 1345 2915 1416 ἱερὸν
2967 1347 3381 1418 είσαχθήσεται,
3419 1351 3648 1418 σημεῖον
3679 1349 3777 1418 τῆς

2198 1434 2365 1488 αὐτοῦ
2395 1453 2453 1487 τε
2489 1438 2582 1488 καὶ
2615 1437 2712 1506 τῆς
2748 1437 2960 1500 πόλεως
2991 1438 3352 1508 ἐρημώσεως,
3374 1439 3401 1491 δ
3427 1441 3518 1492 ἐπί
3541 1441 3778 1494 Πιλάτου

2198 1526 2410 1594 γέγονε,
2470 1527 2714 1596 σημαίας
2768 1527 2988 1597 νύκτωρ
3050 1530 3443 1598 εἰσαγαγόντος
3475 1569 3490 1593 ,
3557 1531 3778 1595 είκὸνας

2197 1617 2427 1688 ἐχούσας
2459 1618 2770 1688 βασιλικὰς,
2805 1621 2860 1673 αἳ
2891 1623 3006 1684 τοῖς
3049 1621 3323 1684 Ἰουδαίοις
3352 1623 3632 1694 βδέλυγμα
3657 1625 3774 1677 ἐλο·

2199 1711 2434 1778 γίξοντο·
2470 1715 2742 1784 ἀπείρητο
2764 1713 2874 1784 γὰρ
2903 1716 3089 1778 αὒτοῖς
3121 1715 3472 1785 ἀνθρωπίνην
3501 1717 3692 1771 είκόνα
3745 1719 3776 1790 ἦ

511 1810 643 1853 vero
673 1799 844 1854 Judaei
879 1799 1504 1868 putarentﬂvastitatem
1571 1797 1637 1851 ad
1687 1806 1905 1866 tempus
1929 1796 2088 1850 dura-

2199 1803 2339 1868 ζὼου
2371 1804 2516 1867 τινὸς
2543 1805 2865 1874 κεκτῆσθαι,
2892 1807 2924 1876 ἢ
2959 1808 3052 1860 καὶ
3077 1809 3426 1870 σεϐἀξεσοαι.
3462 1811 3573 1864 Καὶ
3602 1813 3630 1864 6
3667 1811 3777 1865 Κύ-

513 1894 713 1953 luram,
742 1897 797 1941 et
830 1888 1019 1940 urbem
1059 1887 1498 1949 instaurandum,
1557 1901 1620 1941 ac
1653 1887 1918 1956 templum
1947 1901 2086 1941 reae-

511 1979 844 2032 dilicandum
903 1994 1046 2042 esse,
1101 1979 1411 2049 cuiusmodi
1457 1989 1514 2032 ct
1573 1978 1679 2032 alia
1746 1977 2090 2034 creberrime

513 2071 634 2122 urbi
665 2080 718 2123 et
747 2071 948 2140 templo
997 2071 1317 2125 acciderant
1343 2113 1357 2134 ,
1399 2071 1623 2140 subjicit
1657 2069 1768 2122 :Et
1815 2087 1978 2138 usque
2016 2071 2090 2122 ad

510 2163 948 2228 complementum
973 2164 1239 2228 temporis,
1296 2161 1739 2230 complementum
1767 2161 1984 2214 dabitur
2001 2177 2089 2214 su-

513 2289 606 2342 per
636 2273 979 2337 vastitutem;
1030 2273 1134 2324 hoc
1181 2281 1285 2335 est,
1343 2272 1520 2326 donec
1573 2287 1750 2326 aevum
1807 2273 2087 2341 expletum

512 2364 700 2426 fuerit,
754 2377 1011 2416 mansura
1062 2371 1146 2415 est
1179 2362 1345 2415 etiam
1381 2362 1627 2416 vastitas.
1678 2361 1817 2415 Tum
1868 2377 1998 2416 vero
2033 2371 2088 2417 et

515 2455 681 2524 hujus
737 2453 861 2507 linis
893 2453 1021 2516 etit,
1082 2469 1205 2506 cum
1258 2469 1366 2506 non
1413 2453 1521 2507 erit
1561 2461 1778 2524 tempus
1810 2455 1895 2508 vel
1935 2455 2088 2510 urbis

513 2548 597 2600 vel
637 2545 821 2614 templi
878 2545 1243 2598 instaurandi.
1279 2544 1404 2598 Haec
1434 2545 1656 2604 ,Danieli
1698 2545 1765 2600 de
1807 2547 2089 2616 populari—

511 2637 618 2692 bus
669 2637 786 2691 suis
830 2652 928 2706 per
984 2637 1253 2690 visionem
1285 2638 1468 2691 oblata
1530 2646 1586 2692 et
1639 2638 1876 2693 revelata
1937 2651 2085 2695 sunt.

513 2729 660 2783 litem
694 2728 818 2782 aliis
866 2743 1088 2796 quoque
1121 2727 1431 2782 visionibus
1461 2736 1518 2784 et
1564 2730 1793 2782 somniis
1823 2730 2089 2785 divinitus

513 2821 774 2873 eruditus
801 2829 884 2873 cst
917 2820 984 2873 de
1019 2819 1222 2873 luturis
1269 2835 1454 2872 rerum
1489 2819 1854 2874 humanarum
1911 2833 2090 2876 muta-

511 2910 798 2976 tionibus,
839 2927 942 2965 nec
995 2911 1063 2964 de
1116 2910 1518 2965 mutationibus
1566 2925 1748 2963 rerum
1801 2911 2085 2978 duntaxat,

2198 1914 2313 1966 ριος
2339 1896 2418 1950 δέ’
2457 1897 2642 1952 Ὅταν
2666 1899 2850 1966 ίδητε,
2883 1895 3028 1966 εἶπε,
3060 1900 3128 1954 τὸ
3145 1901 3467 1970 βδέλυγμα
3490 1902 3597 1972 τῆς
3636 1905 3775 1974 ἐρη-

2191 1987 2457 2056 μώσεως,
2494 1989 2685 2056 ἑστὼς
2711 1993 2781 2046 ἐν
2805 1994 2968 2057 τόπῳ
3002 1995 3166 2062 ἁγίῳ,
3202 1994 3526 2063 γινώσκετε
3553 1997 3646 2048 ὅτι
3676 1997 3779 2066 ἢγ-

2195 2099 2364 2151 τικεν
2388 2084 2424 2150 ἡ
2459 2083 2756 2152 ἐρήμωσις
2788 2084 2998 2153 αὐτῆς,
3023 2087 3123 2156 τῆς
3167 2085 3522 2158 Ἰερουσαλὴμ
3551 2089 3775 2161 δηλαδή.

2197 2176 2308 2228 Καὶ
2333 2175 2566 2245 ἀλλαχοῦ
2615 2177 2660 2230 δ’
2686 2178 2790 2248 ἔφη
2817 2179 2845 2230 6
2882 2179 3106 2249 Κύριος⁶
3145 2179 3301 2234 Ἰδοὺ
3331 2181 3570 2251 ἀφίεται
3619 2187 3654 2237 ό
3695 2179 3778 2237 οῖ-

2197 2281 2294 2329 κος
2339 2265 2510 2334 ἡμῶν
2538 2265 2778 2335 ἕρημος.
2819 2269 3002 2322 Ταῦτα
3040 2270 3419 2339 προδιδάσκων
3448 2273 3540 2325 τὸν
3577 2273 3777 2345 Δανιὴλ

2195 2356 2223 2408 6
2244 2355 2604 2427 ἀρχάγγελος,
2635 2359 2890 2430 ἐπιφέρει
2918 2361 3058 2429 μετά
3091 2362 3154 2414 τὸ
3183 2362 3572 2432 προθεσπίσαι,
3602 2365 3682 2430 ὡς
3714 2368 3777 2419 ἐκ

2199 2447 2365 2516 μέσου
2402 2455 2694 2519 γενήσεται
2725 2453 2756 2522 ἡ
2790 2455 2990 2524 νομικὴ
3015 2453 3262 2526 λατρεία,
3295 2458 3357 2508 τό
3384 2473 3398 2486 ο
3425 2457 3534 2511 Kal
3570 2457 3670 2512 ἐπὶ
3709 2458 3777 2513 τὸ

2195 2542 2360 2609 ἱερὸν
2382 2542 2704 2612 ,ϐδέλυγμα
2735 2542 2838 2612 τῆς
2870 2545 3248 2615 ἐρημώσεως.
3287 2549 3404 2603 Ἵνα
3431 2549 3488 2604 δέ
3525 2549 3600 2622 μὴ
3624 2553 3779 2622 νομί-

2196 2633 2357 2703 ζηται
2404 2639 2516 2700 τοῖς
2573 2637 2850 2702 Ἰουδαίοις
2894 2641 3235 2711 πρόσκαιρος
3280 2643 3312 2713 ή
3353 2644 3658 2715 ἐρήμωσις,
3703 2647 3777 2709 ὡς

2196 2725 2354 2790 αἰοις
2383 2729 2480 2795 τῆς
2521 2729 2729 2792 πόλεως
2776 2732 2946 2799 αὐτῆς
2978 2732 3647 2807 ἀνοικοδομηθησομένης,
3684 2738 3776 2792 καὶ

2194 2817 2286 2870 τοῦ
2316 2819 2462 2890 ἱεροῦ
2501 2822 2664 2887 ἀνεγε
2676 2819 3030 2892 ρθησομένου,
3057 2819 3145 2878 οἷα
3174 2827 3267 2878 καὶ
3294 2826 3483 2880 ἄλλοτε
3516 2828 3773 2881 πλειστά-

2195 2926 2281 2973 κις
2312 2911 2664 2980 συμϐέϐηκεν
2704 2913 2796 2965 ἐπί
2854 2931 2912 2966 τε
2946 2915 3024 2985 τῷ
3076 2917 3188 2984 ναῷ
3240 2920 3332 2971 καὶ
3361 2921 3428 2989 τῇ
3470 2919 3646 2984 πόλει,
3681 2922 3776 2972 ἐπ-

513 3004 611 3058 sed
670 3013 727 3058 et
778 3005 846 3058 de
908 3005 1250 3072 temporibus
1296 3003 1502 3073 quibus
1536 3018 1768 3072 quaeque
1807 3012 2088 3058 eventurze

2195 3003 2368 3072 ήγαγε
2391 3020 2403 3032 ·
2442 3004 2549 3057 Kal
2579 3003 2689 3069 ἕως
2710 3010 3070 3074 συντελείας
3089 3010 3298 3078 καιροῦ
3322 3014 3645 3066 συντέλεια
3679 3013 3776 3066 δο-

508 3108 694 3151 essent
726 3113 738 3147 :
772 3114 891 3166 quze
929 3097 1110 3166 quivis
1144 3098 1450 3151 absolutius
1483 3111 1819 3166 cognoscere
1851 3099 2084 3166 poterit,

2197 3093 2445 3162 θήσεται
2478 3096 2577 3149 ἐπὶ
2617 3097 2735 3167 τὴν
2751 3097 3087 3168 ἐρήμωσιν*
3123 3103 3425 3169 τουτέστιν,
3450 3105 3556 3167 ἐως
3587 3122 3776 3158 συντε-

506 3189 652 3243 lecto
686 3191 957 3244 visionum
985 3189 1271 3259 l‘rOpheIa:
1296 3190 1440 3242 libro
1474 3203 1486 3236 :
1517 3199 1783 3256 certoque
1820 3197 2084 3254 statuere,

2194 3158 2354 3255 λεσηῇ
2404 3187 2431 3238 6
2476 3184 2632 3253 αἰὼν,
2673 3158 2955 3256 pavet-ita}.
3002 3191 3034 3258 ὴ
3066 3193 3372 3262 ἐρήμωσις,
3402 3158 3497 3247 καὶ
3525 3158 3646 3247 τότε
3679 3193 3774 3248 καὶ

506 3281 646 3335 nihil
696 3282 979 3336 accidere
1023 3298 1153 3335 casu
1181 3321 1195 3345 ,
1257 3297 1437 3350 neque
1505 3281 1736 3334 fortuito
1777 3290 1833 3335 et
1886 3289 2088 3336 temere

2194 3276 2358 3346 ταύτῃ
2403 3278 2555 3342 τέλος
2606 3277 2780 3346 ἔσται,
2819 3281 2909 3334 ὅτε
2952 3283 3138 3336 οὐκέτι
3162 3286 3354 3355 καρὸς
3409 3287 3441 3356 ἦ
3474 3285 3575 3356 τὴν
3615 3286 3773 3339 πόλιν

505 3376 810 3444 quidquam
844 3375 978 3444 geri,
1031 3377 1123 3429 sed
1159 3372 1506 3444 providentia
1556 3372 1745 3426 divina
1789 3374 2088 3443 gubernari

2194 3367 2512 3438 ἀναστῆναι,
2556 3370 2589 3439 ἦ
2634 3371 2726 3424 τὸν
2777 3373 2923 3426 ναόν.
2975 3375 3144 3429 Ταῦθ’
3171 3377 3201 3429 6
3244 3379 3444 3450 Δανιὴλ
3491 3381 3622 3452 περὶ
3664 3381 3772 3433 τῶν

509 3471 724 3530 omnia,
759 3478 815 3520 et
852 3466 1079 3535 produci
1110 3467 1178 3520 ad
1205 3467 1438 3519 exitum.
1470 3465 1648 3533 Atque
1670 3465 1784 3519 haec
1815 3465 1889 3518 ita
1915 3480 1974 3518 sc
1999 3464 2088 3518 ha-

2194 3459 2481 3528 ὁμοφύλων
2509 3460 2678 3514 αὑτοῦ
2720 3463 2977 3518 τεθέαται
3018 3468 3114 3520 καὶ
3163 3469 3462 3540 μεμύηται,
3489 3471 3630 3524 ἀλλὰ
3673 3472 3771 3524 καὶ

510 3556 665 3620 bent,
707 3567 762 3610 et
787 3557 891 3624 piis
926 3555 1243 3610 hominibus
1272 3569 1533 3624 persuasa
1565 3562 1714 3608 sunt.

2194 3551 2386 3621 ἐτέρας
2414 3553 2679 3617 ὀπτασίας
2714 3556 2949 3628 ἑώρακε·
2984 3561 3078 3612 καὶ
3114 3561 3364 3624 ἐνύπνια,
3401 3563 3588 3620 Θεόθεν
3621 3564 3774 3632 αὐτῷ

507 3647 952 3718 προδηλουμένης
1015 3647 1082 3698 δι’
1115 3647 1296 3700 αὐτῶν
1355 3647 1448 3716 τῆς
1504 3644 1807 3716 μελλούσης
1859 3642 2080 3698 ἔσεσθαι
2119 3645 2229 3698 τῶν
2304 3647 2590 3716 κοσμικῶν
2662 3650 3005 3718 πραγμάτων
3051 3652 3390 3725 μεταϐολῆς·
3431 3658 3526 3709 καὶ
3567 3657 3630 3710 οὐ
3672 3659 3775 3728 τῆς

510 3745 852 3808 ἀλλοιώσεως
894 3746 1058 3815 μόνης
1087 3746 1303 3814 ἐμυεῖτο
1331 3743 1430 3813 τὴν
1462 3744 1794 3813 πρόγνωσιν,
1820 3740 1956 3795 ἀλλὰ
2022 3741 2116 3794 καὶ
2154 3743 2281 3806 τοὺς
2339 3743 2565 3814 καιροὺς
2599 3744 2721 3797 καθ’
2759 3744 2854 3808 οὒς
2877 3748 3382 3820 ἀποτελεσθήσεται
3411 3751 3641 3808 ἕκαστον
3671 3759 3772 3809 αύ-

513 3845 645 3906 τῶν,
677 3841 1007 3904 ἐδιδάσκετο,
1042 3838 1077 3892 ἃ
1106 3837 1375 3906 γνώσεται
1415 3837 1630 3898 «divae;
1675 3839 1703 3888 6
1753 3835 2076 3906 βουλόμενος
2137 3836 2490 3909 τελεώτερον,
2535 3837 2708 3892 ἐπιὼν
2777 3838 2876 3911 τὴν
2945 3839 3129 3910 βίϐλον
3173 3845 3278 3898 τῶν
3331 3845 3427 3899 τοῦ
3478 3849 3770 3917 προφήτου

502 3937 775 4006 ὁράσεων,
796 3935 888 3987 καὶ
925 3931 1150 4003 βεϐαίαν
1179 3929 1328 3998 σχοίη
1363 3925 1670 3996 κατάληψιν
1739 3925 2012 3989 ἐντεῦθεν,
2085 3924 2162 3988 ὡς
2203 3927 2354 3978 ούδέν
2385 3928 2738 3998 ἀπρονόητον,
2788 3927 2898 3981 οὐδ’
2924 3931 3045 3999 εἰκῇ
3079 3931 3398 4002 φερόμενον,
3431 3937 3523 3988 καὶ
3550 3937 3623 4002 ὡς
3648 3940 3780 3995 Em-

509 4048 622 4107 χεν,
655 4030 790 4083 ἀλλά
834 4030 1010 4080 πάντα
1053 4028 1119 4094 τῇ
1165 4023 1284 4093 Θεία
1321 4021 1550 4092 προνοίᾳ
1583 4021 1676 4073 καὶ
1745 4019 2118 4090 κυϐερνῶνται
2158 4020 2253 4073 καὶ
2323 4020 2689 4090 διεξάγονται.
2723 4021 2910 4075 Ταῦτα
2946 4023 3046 4092 μὲν
3075 4019 3169 4078 οὖν
3214 4024 3390 4090 οὕτως
3420 4029 3624 4100 ἔχουσι,
3677 4035 3776 4090 καὶ

509 4129 622 4187 τοῖς
656 4123 905 4177 εύσεσέσι
935 4119 1271 4183 δοξάζονται.
2891 4159 2912 4168 ρ
3661 4177 3671 4185 .

579 4218 673 4271 XI.
707 4215 876 4270 Nobis
894 4224 1076 4267 autem
1095 4225 1197 4264 nec
1227 4206 1491 4277 viraginis
1517 4205 1754 4260 Judithaa
1784 4220 1872 4260 res
1923 4213 2088 4274 gestae

2269 4205 2372 4256 Μ’.
2408 4203 2571 4272 Ἡμῖν
2599 4203 2657 4256 δὲ
2690 4203 2827 4274 μηδέ
2857 4204 2924 4258 τὰ
2955 4206 3098 4260 κατά
3130 4207 3227 4278 τὴν
3254 4212 3625 4283 ὸρῤενόφρονα
3658 4232 3770 4268 πα·

507 4320 635 4365 sunt
655 4304 1044 4376 praetereunda:
1066 4300 1310 4362 silentio,
1329 4316 1448 4369 quae
1476 4299 1820 4369 llolopberne
1848 4297 2084 4361 sublato,

2199 4293 2515 4366 ραλειπτέον
2547 4297 2784 4363 γυναῖκα
2820 4296 3046 4368 Ἱουδὴθ,
3089 4299 3230 4368 ἣτὸν
3272 4301 3601 4374 Ὀλοφέρνην
3632 4303 3775 4359 ὠλο-

503 4411 564 4456 et
592 4400 781 4452 urbem
819 4409 874 4450 et
919 4405 1137 4466 gentem
1179 4408 1332 4447 suam
1381 4392 1749 4447 conservavit.
1793 4391 1902 4446 ﬂes
1951 4405 2086 4445 vero

2195 4386 2413 4458 ορευσε,
2452 4392 2546 4440 καὶ
2581 4385 2680 4456 τὴν
2742 4386 2898 4439 πόλιν
2956 4388 3129 4458 αὐτῆς
3181 4392 3276 4444 καὶ
3322 4393 3384 4445 τὸ
3429 4394 3582 4460 ἔθνος
3623 4398 3773 4454 ἅπαν

508 4495 583 4548 ita
616 4508 673 4546 se
699 4490 898 4544 habet:
923 4485 1430 4542 Nabuchodonosor
1451 4485 1796 4555 Assyriorum
1828 4499 1922 4536 rex
1945 4484 2084 4538 duo-

508 4584 727 4639 decimo
776 4580 929 4652 regni
968 4579 1050 4633 sui
1104 4593 1248 4631 anno
1297 4576 1496 4630 bellum
1543 4576 1785 4644 suscepit
1822 4573 2088 4628 adversus

509 4674 898 4745 Arphaxadum
952 4687 1130 4740 regem
1165 4670 1482 4732 Medorum,
1533 4667 1780 4723 ﬁnitimis
1819 4669 2075 4738 gentibus

504 4769 564 4822 in
593 4766 856 4821 auxilium
887 4763 1132 4818 evocatis
1167 4783 1178 4817 :
1209 4763 1352 4832 quod
1380 4777 1506 4815 cum
1539 4769 1595 4814 et
1633 4761 1753 4814 alia:
1799 4762 1985 4829 plures
2032 4770 2090 4814 et

505 4861 678 4916 Judaei
721 4864 1029 4927 negassent,
1086 4863 1335 4909 rccusata
1385 4852 1515 4907 belli
1567 4851 1852 4915 societate,
1898 4851 2088 4905 Nabu-

503 4950 860 5006 chodonosor
904 4948 1103 5010 iratus,
1144 4944 1353 5016 juravit
1395 4959 1454 4998 se
1491 4942 1745 4997 confecto
1788 4941 1930 4996 bello
1978 4941 2094 4996 Me-

501 5045 632 5098 dico
666 5043 984 5095 invasurum
1018 5037 1287 5102 Ciciliam,
1325 5036 1680 5097 Damascum,
1713 5032 1925 5104 Syriam
1946 5071 1962 5097 ,
1992 5031 2092 5086 Ju-

505 5138 677 5191 daaam
701 5143 758 5188 et
783 5132 1094 5202 Egyptum,
1127 5129 1398 5196 ferroque.
1421 5135 1478 5180 et
1511 5127 1633 5196 igne
1663 5132 2004 5177 vastaturum
2035 5129 2092 5175 et

506 5240 856 5283 cversurum.
886 5223 1058 5293 Igitur
1101 5220 1433 5290 Arpbaxado
1459 5217 1615 5272 Medo
1663 5216 1779 5270 acie
1827 5224 2090 5283 superato

504 5330 561 5373 ct
598 5326 759 5387 capto
801 5327 966 5384 atque
1017 5313 1327 5376 interfecto,
1377 5326 1500 5365 cum
1554 5308 1768 5365 caeteris
1808 5305 2039 5361 urbibus
2065 5341 2084 5369 ,

579 5429 625 5460 "
647 5429 780 5483 Luc.
807 5443 929 5492 xui,
960 5426 1049 5480 35.

2192 4481 2476 4534 διέσωσεν.
2510 4481 2664 4550 Ἔχει
2701 4480 2890 4533 δὀὖτω
2917 4481 2986 4535 τὰ
3025 4482 3148 4535 κατ’
3178 4484 3372 4554 αὐτήν.
3412 4488 3500 4540 Ἐν
3530 4490 3642 4544 ετει
3669 4492 3773 4546 δω-

2195 4570 2406 4642 δεκάτῳ
2432 4573 2531 4642 τῆς
2563 4572 2845 4642 βασιλείας
2880 4573 3049 4626 αὑτοῦ
3089 4577 3116 4627 6
3142 4575 3252 4628 τῶν
3292 4577 3596 4649 Ἀσσυρίων
3633 4583 3776 4653 ἀρχ-

2185 4666 2318 4733 ηγὸς
2371 4663 2844 4735 Ναϐουχοδονόσορ
2886 4664 3024 4735 πρὸς
3067 4665 3345 4738 ’Δρφαξάδ
3386 4670 3478 4723 τὸν
3541 4673 3772 4742 βασιλέα

2194 4758 2380 4826 Μῆδον
2411 4757 2583 4826 ἤρατο
2615 4755 2874 4826 πόλεμον,
2906 4757 3092 4811 καὶτά
3121 4760 3280 4828 πέριξ
3307 4761 3433 4832 ἔθνη
3466 4765 3602 4832 πρὸς
3624 4781 3768 4836 συμ..

2192 4847 2397 4916 μαχῐαν
2432 4844 2598 4896 αὑτοῦ
2652 4843 3044 4915 μετεκέκλητο.
3080 4847 3300 4901 Πολλῶν
3332 4849 3377 4902 δ’
3413 4851 3640 4922 ἑτέρων,
3671 4856 3771 4908 καὶ

2191 4936 2372 4989 αὐτῶν
2420 4935 2686 4988 Ἰουδαίων
2731 4936 2832 5006 τὴν
2871 4937 3210 5010 πρόσκλησιν
3259 4941 3334 5011 μὴ
3390 4943 3769 5014 καταδεξαμέ-

2191 5043 2319 5092 νων,
2347 5027 2442 5078 acati.
2478 5027 2540 5078 τὸ
2571 5029 2934 5098 συμμαχῆσαι
2957 5032 3006 5082 οἱ
3045 5033 3462 5101 ἀπειπαμένων,
3491 5037 3518 5089 6
3552 5037 3770 5090 Nubae-~

2187 5119 2475 5189 χοδονόσορ
2517 5117 2837 5190 ἐξώργιστο,
2877 5122 2974 5174 καὶ
3012 5123 3247 5194 ὤμοσεν,
3284 5121 3472 5198 ἧμὴν,
3506 5129 3596 5182 τὸν
3626 5131 3768 5202 πρὸς

2184 5209 2309 5272 τοὺς
2350 5209 2564 5279 Μήδους
2584 5211 2790 5275 ἀνύσας
2821 5213 3082 5283 πόλεμον,
3112 5216 3361 5271 ἐπελθεῖν
3391 5222 3531 5274 κατά
3565 5239 3624 5275 τε
3658 5225 3762 5276 Κι-

2183 5301 2360 5365 λικίας
2396 5302 2492 5356 καὶ
2514 5303 2830 5373 Δαμασκοῦ,
2861 5307 2952 5360 καὶ
2976 5306 3198 5376 Συρίας,
3229 5310 3320 5364 καὶ
3362 5312 3646 5382 Ἰουδαίας,
3663 5319 3758 5370 καὶ

1695 5552 1893 5614 Variae
1928 5549 2237 5612 lectiones
2281 5554 2342 5610 et
2375 5553 2571 5611 notae.

581 5692 690 5766 (86)
721 5690 1040 5766 B6élqnia
1068 5687 1517 5759 λογισθήσεται,
1538 5684 1574 5751 ἢ
1602 5681 1713 5734 ὅτι.
1751 5675 2088 5734 Ἀνανταπόδ

2194 5695 2216 5730 ν
2263 5685 2376 5743 cst,
2407 5685 2504 5731 aut
2538 5675 2624 5742 τὸ,
2679 5676 2737 5745 ἢ,
2809 5675 3102 5746 redundat,
3141 5689 3236 5733 aut
3305 5679 3540 5737 alterum
3588 5700 3768 5740 mem-

510 5761 677 5822 brum
701 5765 875 5818 deest.
909 5761 997 5816 ιν.
