3980 6246
267 351 358 417 961

1523 343 1935 408 ΑΝΝΑΙ.ῙΙῙΜ
1975 345 2126 410 LIB.
2173 343 2289 407 III.

3417 357 3528 421 262

269 466 362 536 τῆς
388 446 699 533 Αἰγύπτου,
732 460 830 514 καὶ
861 458 1070 533 δῃῶσαι
1110 457 1300 523 αὐτὰς,
1344 459 1440 512 καὶ
1477 457 1841 528 ἐκπορθήσαι,

1964 469 2068 514 tum
2108 457 2241 528 ipsis
2268 457 2566 514 Ecbatanis
2605 460 2752 532 regia
2800 459 2946 516 illius
2975 461 3204 532 potitus,
3243 463 3526 535 topiarum

266 560 352 612 xui
381 559 464 621 είς
497 557 779 629 ἐρήμωσιν
808 554 1062 625 ἀγαγεῖν.
1095 552 1561 622 Ἀντιταξὰμενος
1591 547 1684 604 οὖν
1703 553 1840 622 πρὸς

278 647 548 721 Ἀρφαξάδ
565 647 655 700 τὸν
674 646 878 718 Μῆδον,
899 644 995 697 καὶ
1021 644 1162 697 κατὰ
1184 644 1385 713 κράτος
1401 641 1596 695 τούτου
1621 657 1845 710 περιγε-

265 741 506 812 νόμενος,
541 737 650 790 τῶν
681 737 860 791 ἄλλων
879 752 937 788 τε
971 734 1180 788 πόλεων
1208 734 1373 786 αὑτοῦ
1407 732 1711 803 κρατήσας,
1751 733 1844 784 καὶ

266 831 368 884 τῶν
409 828 762 883 Ἐκϐατάνων
793 826 994 892 αὐτῶν,
1035 825 1162 880 ἔνθα.
1188 822 1331 896 ἦσαν
1361 824 1441 896 τῷ
1482 824 1538 876 Ἀ
1551 823 1758 895 ρφαξάδ
1778 823 1846 875 τὰ

269 921 536 990 βασίλεια,
557 921 812 976 κάκεῖνον
825 918 961 971 ἐλῶν
981 935 1039 970 τε
1065 919 1158 972 καὶ⁹
1182 917 1410 982 ἀνελὼν,
1427 916 1516 970 τὸν
1546 915 1849 987 ἀρχιστρά-

267 1032 432 1086 τηγον
465 1014 566 1082 τῆς
588 1013 796 1075 οἰκείας
821 1013 1104 1080 δυνάμεως
1130 1009 1368 1073 καλέσας
1392 1008 1739 1080 Ὀλοφέρνην,
1766 1011 1849 1061 ἐν·

268 1108 512 1162 ετείλατό
533 1109 582 1160 οἱ
597 1107 688 1159 τὸν
704 1106 866 1176 ὅρκον
882 1105 940 1157 δν
958 1104 1174 1175 ῶμοσεν
1196 1104 1574 1174 ἐκπληρῶσαι,
1601 1103 1850 1157 καὶκατὰ

268 1200 374 1252 τῶν
414 1198 492 1270 μὴ
517 1197 865 1268 θελησάντων
888 1197 1250 1267 συμμαχῆσαι
1279 1194 1430 1264 αὐτῷ
1468 1194 1676 1249 ἐπιόντι
1712 1193 1852 1248 κατὰ

270 1291 373 1343 τῶν
407 1291 630 1360 Μήδων,
662 1289 1062 1359 ἐκστρατεῦσαι
1115 1287 1251 1358 μετὰ
1285 1286 1511 1357 βαρείας
1548 1289 1850 1357 δυνάμεως,

273 1381 515 1444 καὶτοὺς
559 1382 658 1451 μὲν
697 1381 811 1433 ὅσοι
846 1381 1074 1440 ἑαυτοὺς
1102 1379 1255 1450 αὐτῷ
1295 1379 1684 1445 ὑποτάσσουσι,
1740 1379 1854 1432 δια·

272 1473 533 1544 τηρῆσαι,
566 1474 662 1527 καὶ
693 1473 793 1536 τὰς
836 1472 1025 1535 πόλεις
1066 1472 1247 1524 αὐτῶν
1295 1471 1639 1544 ἀπορθήτους
1670 1473 1852 1537 ἐάσαι,

274 1566 378 1618 τῶν
407 1565 454 1618 δ’
496 1564 871 1619 ἀπειθούντων
919 1567 992 1636 μὴ
1029 1564 1342 1634 φείσασθαι,
1402 1565 1538 1620 ἀλλὰ
1590 1567 1712 1629 τοὺς
1759 1568 1859 1636 μὲν

277 1656 606 1728 ἀνθρώπους
627 1655 705 1726 τῷ
749 1656 894 1724 ξίφει
911 1657 1240 1725 ὑπαγαγεῖν,
1264 1658 1364 1721 τὰς
1384 1659 1442 1711 δέ
1474 1658 1658 1722 πόλεις
1679 1659 1860 1714 αὐτῶν

275 1749 523 1803 ἐκδοῦναι
563 1749 643 1811 είς
669 1749 981 1821 διαρπαγὴν
1040 1751 1137 1803 καὶ
1167 1753 1244 1814 είς
1271 1750 1512 1821 ὀλεθρον.
1559 1752 1618 1805 Ὀ
1651 1753 1750 1822 μὲν
1765 1748 1860 1806 οὖν

276 1820 770 1912 Ναϐουχοδονόσορί
809 1820 1038 1896 τοιαῦτα
1105 1842 1186 1912 τῷ
1253 1820 1662 1916 ἀρχισατράπῃ-
1690 1843 1855 1898 αὑτοῦ
1889 1820 1931 1874 Β

277 1936 604 1989 ἐνετεὶλατο.
640 1919 975 2006 Ὀλοφέρνῆς
1009 1933 1541 2005 δέἤέκστρατεύσας,
1592 1939 1688 1990 καὶ
1745 1939 1858 2001 τοῖς

276 2027 454 2082 ἔθνεσι
488 2027 613 2081 καθ’
644 2021 720 2082 ὧν
744 2027 1056 2082 ἀπέσταλτο
1075 2026 1343 2093 ἐπελθὼν,
1371 2029 1496 2092 τοὺς
1529 2029 1629 2099 μὲν
1665 2029 1860 2092 ἄλλους

278 2122 419 2174 κατὰ
458 2123 527 2174 τὰ
553 2119 926 2190 ἐντεταλμένα
955 2119 1188 2174 διέθετο.
1228 2120 1355 2173 Ἐπὶ
1383 2121 1442 2174 δὲ
1470 2121 1600 2186 τοὺς
1640 2122 1858 2194 Ἰσραη-

277 2211 428 2275 λίτας
476 2211 692 2282 μέλλων
726 2210 1066 2280 στρατεύειν,
1099 2210 1196 2264 καὶ
1220 2212 1361 2265 ὅπλα
1409 2215 1531 2266 κατ’
1561 2214 1739 2267 αὐτῶν
1771 2214 1858 2267 ατο

284 2322 394 2374 ρειν
449 2307 532 2377 (οὐ
588 2304 698 2374 γὰρ
761 2304 1078 2376 προσῄεσαν
1139 2305 1288 2376 αὐτῷ
1348 2306 1459 2360 οὐδ’
1492 2305 1856 2374 ὑπέκυπτον),

282 2397 445 2468 ἤρετο
478 2396 625 2459 τίνες
656 2381 824 2463 οὗτοι,
855 2400 950 2452 καὶ
979 2397 1087 2469 ὅτῳ
1121 2396 1450 2469 θαρροῦντες
1485 2399 1857 2464 ἁνθίστανταις

285 2490 376 2544 καὶ
403 2487 561 2545 εἶπεν
595 2491 744 2560 αὐτῷ
783 2491 986 2563 ’Λχιὼρ
1010 2494 1037 2545 δ
1060 2491 1170 2545 τῶν
1201 2493 1334 2546 υἱῶν
1369 2489 1597 2562 Ἀμμὼν
1617 2493 1862 2562 ἀρχηγὸς

282 2584 377 2654 τήν
402 2601 464 2636 τε
501 2584 856 2652 γενεαλογίαν
884 2585 1089 2652 αὐτῶν,
1119 2585 1216 2637 καὶ
1245 2585 1394 2648 ὅπως
1433 2584 1511 2646 είς
1551 2585 1650 2646 τὰς
1675 2583 1860 2647 πόλεις

285 2677 499 2740 ὲκείνας
545 2675 606 2741 ἐξ
663 2676 840 2747 ἀρχῆς
918 2677 1362 2748 κατῳκίσθησαν,
1411 2677 1504 2730 καὶ
1551 2677 1642 2730 τοῦ
1708 2677 1861 2747 σφῶν

283 2768 416 2824 Θεοῦ
453 2770 554 2840 τὴν
575 2770 747 2839 ἰσχύν.
785 2766 920 2824 Εἶτα
945 2772 1215 2842 ἐπήγαγε·
1246 2770 1375 2824 Νῦν
1404 2765 1519 2824 οὖν
1540 2770 1860 2834 σκεπτέον,

285 2863 377 2916 καὶ
407 2868 461 2917 εἰ
492 2863 609 2932 μὲν
661 2864 750 2928 εἷς
783 2863 889 2917 τόν
933 2863 1082 2917 Θεὸν
1137 2861 1337 2918 αὐτῶν
1390 2861 1860 2932 ἁμαρτάνουσιν,

283 2956 730 3024 ἁναϐησόμεθα,
781 2956 879 3010 καὶ
941 2955 1442 3025 ἐκπολεμήσομεν
1489 2956 1714 3021 αὐτούς
1745 2971 1761 2988 ο
1811 2957 1862 3008 ει

284 3049 333 3102 δ’
365 3053 440 3105 οὐ
498 3050 702 3116 τοῦτο,
736 3049 1078 3119 παρελθέτω
1107 3052 1139 3104 ό
1165 3049 1381 3117 Κύριός
1415 3066 1552 3119 μου,
1587 3048 1673 3117 μή
1719 3064 1866 3102 ποτε

285 3146 675 3212 ὑπερασπίσῃ
701 3143 904 3198 αὐτῶν
937 3147 968 3197 ό
998 3142 1140 3208 Θεὸς
1173 3141 1395 3203 αὐτῶν,
1457 3140 1558 3196 καί
1601 3140 1866 3210 ἡττηθῶ·
1895 3162 1936 3220 C

278 3253 410 3305 μεν.
440 3235 629 3290 Ταῦτα
658 3235 755 3288 τοῦ
785 3236 990 3307 Ἀχιὼρ
1022 3234 1290 3301 εἰπόντος,
1313 3235 1342 3286 ὁ
1365 3234 1691 3306 Ὀλοφέρνης
1707 3233 1866 3306 θυμῷ

284 3328 510 3400 ληφθεὶς
541 3329 797 3382 ἐκέλευσε
833 3329 952 3392 τοῖς
999 3326 1352 3396 παρεστῶσιν
1391 3327 1542 3398 αὐτῷ
1578 3327 1746 3396 δῆσαι
1776 3331 1867 3381 τὸν

295 3420 518 3492 Ἀχιὼρ,
545 3423 641 3474 καὶ
683 3422 1018 3489 ἀπαγαγεῖν,
1044 3420 1140 3472 καὶ
1174 3417 1514 3484 παραδοῦναι
1567 3423 1683 3484 τοῖς
1732 3422 1870 3483 υἱοῖς
1895 3456 1931 3476 ..

295 3514 529 3585 Ἰσραὴλ,
565 3514 653 3565 ἴνα
679 3512 776 3566 σὺν
833 3513 1067 3576 ἐκείνοις
1097 3511 1326 3582 ληφθεὶς
1393 3511 1658 3584 κολασθῇ.
1695 3512 1759 3566 Οἱ
1813 3512 1870 3566 δὲ

287 3604 645 3670 συλλαϐόντες
676 3604 770 3658 τὸν
795 3603 964 3674 ἄνδρα
998 3603 1291 3676 ἀπήγαγον
1360 3605 1441 3666 είς
1507 3604 1866 3660 Βαιτουλουά.

287 3701 395 3754 Καὶ
429 3699 482 3753 οἱ
507 3699 608 3768 τῆς
639 3697 851 3761 πόλεως
893 3697 1213 3766 σφενδόναις
1248 3698 1376 3761 τοὺς
1407 3698 1738 3769 προσιόντας
1773 3698 1872 3751 καὶ

287 3795 503 3864 βέλεσιν
535 3793 781 3848 ἔϐαλλον.
851 3793 1113 3845 Κάκεῖνοι
1166 3791 1260 3845 τὸν
1323 3791 1528 3862 Ἀχιὼρ
1588 3791 1872 3861 δεδεμένον

287 3885 516 3959 ἔρριψαν
544 3885 654 3940 ὑπὸ
713 3887 814 3958 τὴν
863 3885 1165 3956 ὑπώρειαν,
1211 3882 1309 3937 καὶ
1382 3883 1754 3954 ὑπέστρεψαν.
1806 3883 1871 3936 Θί

289 3979 342 4032 δὲ
395 3980 497 4050 τῆς
546 3976 759 4040 πόλεως
830 3976 1024 4047 ἄνδρες
1091 3975 1459 4040 καταϐάντες,
1531 3974 1728 4028 ἔλυσαν
1781 3975 1874 4028 τὸν

299 4067 525 4141 ’Λχιὼρ,
563 4069 660 4122 καὶ
686 4070 766 4133 εἰς
783 4066 882 4139 τὴν
923 4066 1196 4138 σφετέραν
1235 4067 1393 4120 πόλιν
1414 4067 1730 4136 ἀπήγαγον,
1777 4065 1874 4118 καὶ

289 4164 339 4216 τί
359 4167 418 4218 τὸ
449 4182 510 4217 συ
521 4162 800 4234 μϐεϐηκδς
834 4161 1327 4226 ἐπυνθάνοντο,καὶ
1343 4160 1400 4224 ὃς
1427 4161 1614 4222 αὐτοῖς
1647 4160 1862 4214 ἅπαντα

1945 567 2168 606 suarum
2203 551 2596 622 imperatorem
2621 541 3030 625 Holopbernem
3051 557 3227 627 jubet,
3248 560 3526 632 sejureju-

1947 645 2119 698 rando
2160 644 2318 715 139
2347 661 2456 715 quo
2492 647 2607 713 ipse
2640 661 2758 701 sese
2801 647 3176 704 obstrinxerat
3201 692 3216 713 .
3258 653 3471 708 solvere
3512 672 3527 709 :

1947 744 2001 790 et
2031 751 2154 790 cum
2188 739 2401 808 magnis
2429 741 2604 809 copiis
2632 740 2698 795 iis
2731 740 2935 796 inferre
2961 742 3186 808 bellum,
3216 746 3308 813 qui
3334 745 3528 801 Medici

1948 827 2080 881 belli
2113 829 2430 884 societatem
2468 830 2901 898 detrectassent,
2946 837 3292 890 conservatis
3323 837 3389 892 iis
3434 841 3528 909 qui

1951 933 2008 971 se
2039 917 2328 983 dederent,
2353 935 2657 989 eorumque
2694 923 2924 977 urbibus
2951 923 3155 989 illaesis,
3187 927 3536 981 contumaci-

1951 1008 2056 1062 bus
2088 1024 2219 1064 νει-ο
2249 1026 2358 1064 non
2386 1012 2743 1080 parcendum,
2780 1014 2874 1067 sed
2925 1025 2980 1070 ct
3028 1016 3179 1086 ipsos
3213 1018 3529 1084 caedendos,

1951 1110 2008 1153 et
2041 1101 2208 1155 urbes
2245 1115 2435 1156 eorum
2467 1104 2803 1173 diripiendas
2834 1122 2896 1160 ac
2925 1109 3225 1164 vastandas
3259 1126 3398 1165 esse.
3440 1110 3535 1167 His

1954 1193 2229 1248 mandatis
2255 1197 2514 1266 acceptis,
2535 1196 2918 1268 Holophernes
2941 1210 3168 1257 caeteras
3185 1214 3377 1273 gentes
3421 1213 3533 1260 tra-

1955 1285 2123 1338 ctavit
2155 1294 2217 1338 ut
2261 1286 2446 1356 jussus
2491 1297 2628 1342 erat.
2663 1289 2938 1344 lsraelitas
2988 1302 3172 1345 autem
3224 1296 3393 1349 armis
3442 1311 3535 1363 ag-

1957 1392 2252 1446 gressurus
2328 1379 2528 1449 (neque.
2595 1381 2756 1436 enim.
2800 1383 2948 1436 illius
2975 1384 3098 1438 lidei
3143 1387 3420 1455 supplices
3477 1403 3536 1442 se

1959 1470 2398 1540 committebant)
2431 1474 2676 1543 rogabat,
2706 1477 2930 1543 quinam
2967 1475 3044 1530 illi
3079 1487 3267 1532 essent
3294 1521 3307 1542 ,
3345 1488 3400 1534 et
3431 1497 3538 1550 qua

1960 1576 2020 1614 re
2075 1559 2201 1614 freti
2250 1562 2613 1619 resisterent?
2661 1566 2799 1620 Tum
2849 1569 3054 1623 Acbior
3105 1570 3536 1629 Ammanilarum

1961 1654 2241 1724 princeps,
2292 1664 2348 1710 et
2391 1658 2657 1727 originem
2688 1675 2881 1729 eorum
2916 1661 2994 1714 illi
3018 1705 3031 1727 ,
3069 1673 3123 1716 et
3153 1679 3261 1732 qua
3323 1665 3539 1720 ratione

1963 1745 2134 1800 urbes
2167 1747 2288 1801 illas
2322 1748 2482 1803 initio
2513 1764 2895 1822 occupassent,
2927 1764 2982 1808 et
3006 1755 3166 1810 vires-
3183 1757 3276 1811 Dei
3318 1757 3540 1811 illorum

1963 1850 2233 1895 recenset.
2256 1840 2352 1896 His
2378 1843 2602 1914 subjicit
2628 1862 2641 1896 :
2664 1845 2816 1898 Nunc
2833 1847 2998 1918 igitur
3018 1847 3415 1904 deliberandum
3441 1860 3538 1906 est.

1961 1931 2101 1986 Nam
2122 1935 2169 1987 si
2199 1933 2306 1988 Deo
2331 1951 2427 1988 suo
2453 1948 2816 2007 peccaverunt,
2849 1942 3210 2005 ascendemus,
3231 1959 3419 2013 eosque
3450 1948 3542 1997 de-

1961 2024 2276 2080 bellabimus
2302 2043 2320 2081 :
2346 2028 2428 2081 sin
2452 2030 2648 2098 minus,
2685 2039 2964 2101 prwtereat
2994 2032 3247 2088 Dominus
3282 2052 3445 2098 meus,
3480 2054 3546 2090 ne

1960 2118 2097 2188 forte
2128 2117 2234 2174 illis
2285 2138 2318 2174 a
2355 2119 2460 2173 Deo
2498 2139 2592 2175 suo
2633 2123 2879 2192 defensis,
2916 2142 3008 2180 nos
3044 2142 3375 2196 superemur.
3413 2129 3543 2194 Qum

1961 2225 2084 2264 cum
2113 2211 2318 2267 Achior
2339 2213 2586 2279 dixisset,
2618 2216 2996 2285 Holopberncs
3020 2218 3096 2270 ira
3117 2219 3358 2288 percitus
3381 2221 3546 2275 satel-

1961 2303 2087 2358 lites
2114 2305 2271 2375 jubet
2301 2306 2593 2362 Acbiorem
2635 2309 2880 2363 vinctum
2916 2310 3132 2365 tradere
3167 2311 3453 2375 lsraclitis,
3485 2320 3546 2367 ut.

1962 2411 2089 2451 cum
2116 2397 2224 2452 illis
2239 2409 2430 2468 captus
2448 2399 2718 2470 supplicio
2743 2402 3071 2458 adiceretur.
3102 2403 3409 2459 Bethuliam
3444 2405 3544 2459 ita-

1963 2505 2069 2559 que
2097 2491 2410 2562 perducunt
2454 2492 2755 2556 hominem,
2787 2505 2842 2549 et
2877 2511 3000 2548 cum
3035 2495 3102 2550 ab
3136 2496 3427 2566 oppidanis
3458 2514 3549 2551 sa-

1962 2583 2115 2654 gittis
2144 2593 2200 2638 et
2234 2583 2420 2639 fundis
2452 2593 2793 2654 peterentur,
2827 2587 3065 2642 Acbiore
3098 2590 3280 2642 vincto
3305 2589 3357 2642 in
3389 2607 3545 2642 mon-

1967 2677 2034 2729 tis
2071 2676 2350 2732 radicibus
2391 2677 2628 2749 abjccto,
2671 2679 2975 2736 redierunt.
3011 2681 3147 2735 Eum
3180 2682 3442 2752 oppidani
3489 2683 3544 2736 in

1965 2767 2157 2822 urbem
2189 2769 2615 2825 introduxerunt
2656 2790 2669 2824 ;
2702 2781 2755 2826 et
2780 2775 2994 2843 cognita
3026 2789 3092 2828 ex
3121 2791 3188 2829 eo
3232 2777 3379 2830 illius
3415 2775 3547 2830 facti

1966 2875 2150 2923 causa,
2189 2860 2360 2915 Deum
2397 2861 2672 2916 vindicem
2707 2863 3056 2918 invocarunt.
3083 2864 3353 2920 Postridie
3379 2866 3546 2920 ilolo-

1966 2950 2206 3020 pbernes
2227 2950 2402 3020 copiis
2419 2951 2484 3005 ad
2514 2951 2819 3007 Bethuliam
2852 2955 3121 3020 adductis,
3149 2956 3394 3026 peditum
3419 2974 3550 3012 cen-

1970 3049 2083 3096 tuzn
2108 3051 2162 3097 et
2184 3047 2551 3113 septuaginta,
2585 3053 2640 3099 et
2666 3047 2914 3115 equitum
2957 3046 3248 3101 duodecim
3281 3047 3546 3115 millibus,

1968 3141 2146 3187 castra
2177 3134 2342 3188 locat.
2381 3135 2587 3189 Deinde
2612 3137 2805 3191 statuit
2833 3153 2942 3192 non
2974 3154 3166 3208 gerere
3192 3138 3417 3202 bellum,
3450 3139 3546 3194 sed

1968 3223 2150 3278 fontes
2180 3238 2476 3294 occupare,
2518 3225 2664 3280 unde
2703 3239 3064 3297 aquarentur,
3096 3237 3156 3282 ut
3187 3237 3282 3282 aut
3321 3229 3412 3283 siti
3452 3244 3548 3298 pe—

1967 3317 2164 3382 rirent,
2209 3326 2305 3372 aut
2339 3318 2531 3373 urbem
2564 3319 2843 3375 traderent
2875 3339 2888 3374 :
2921 3331 3244 3392 partemque
3273 3324 3550 3377 exercitus

1967 3414 2034 3468 ad
2063 3413 2370 3469 custodiam
2407 3429 2676 3484 aquarum
2711 3415 2900 3470 mittit.
2932 3415 3010 3470 lta
3051 3431 3174 3471 cum
3212 3415 3411 3471 diebus
3447 3418 3548 3470 tri-

1967 3507 2118 3578 ginta
2155 3518 2396 3578 quatuor
2437 3507 2506 3564 ab
2538 3507 2793 3564 hostibus
2820 3510 3373 3574 circumsiderentur,
3407 3525 3550 3579 aqua

1970 3600 2220 3654 destituti
2258 3601 2426 3666 cives,
2455 3603 2806 3671 magistratus
2829 3603 3055 3668 adeunt,
3083 3611 3338 3672 petentes
3363 3613 3421 3655 ut
3454 3618 3551 3656 ur-

1969 3693 2094 3748 bem
2134 3701 2191 3747 et
2223 3692 2344 3748 sese
2369 3693 2654 3760 dederent,
2699 3703 2758 3748 ut
2800 3703 2894 3748 aut
2936 3694 3244 3749 conservati
3277 3696 3555 3748 servirent

1969 3785 2244 3850 hostibus,
2279 3794 2372 3839 aut
2404 3786 2574 3840 occisi
2619 3786 2780 3841 malis
2832 3786 3228 3840 liberarentur.
3260 3787 3420 3842 Ozias
3449 3801 3552 3840 au-

1971 3887 2081 3932 tem
2113 3878 2354 3933 civitatis
2386 3878 2644 3948 princeps
2681 3894 2694 3929 :
2732 3877 2977 3943 Fratres,
3014 3880 3212 3949 inquit,
3245 3881 3355 3934 dies
3383 3881 3555 3933 adhuc

1969 3975 2200 4045 quinque
2258 3981 2610 4043 exspectemus
2651 3988 2669 4025 :
2714 3973 2853 4043 quod
2896 3974 2943 4026 si
2989 3973 3236 4026 divinitus
3288 3973 3553 4037 auxilium

1971 4064 2120 4119 nobis
2147 4063 2381 4118 oblatum
2411 4064 2591 4133 fuerit,
2625 4064 2752 4117 bene
2779 4065 2917 4131 erit;
2940 4064 3022 4118 sin
3057 4066 3250 4132 minus,
3276 4064 3554 4118 consilium

1972 4167 2204 4212 vestrum
2243 4172 2522 4228 exsequar.

290 4255 613 4327 διηγήσατο.
668 4257 732 4310 0t
788 4257 846 4310 δὲ
869 4257 959 4310 τὸν
993 4257 1126 4311 Θεὸν
1157 4255 1388 4310 ἐκάλουν
1407 4258 1486 4322 είς
1515 4257 1755 4324 ἄμυναν.
1783 4255 1862 4324 Τῇ
1897 4252 2096 4322 δ’,ὲξῆς
2126 4251 2457 4322 Ὀλοφέρνης
2492 4246 2630 4322 ἦγεν
2655 4251 2748 4304 ἐπὶ
2781 4250 3115 4306 Βαιτουλουὰ
3144 4251 3243 4321 τὴν
3267 4251 3554 4323 στρατιὰν.

293 4353 534 4424 χιλιάδας
564 4347 731 4406 οὖσαν
761 4351 942 4416 πεζῶν
974 4351 1173 4405 ἑκατὸν
1210 4351 1608 4422 ἐϐδομήκοντα,
1641 4351 1738 4403 καὶ
1771 4350 1986 4403 ἱππέων
2013 4348 2265 4421 χιλιάδας
2295 4346 2527 4412 δώδεκα,
2567 4348 2740 4417 χωρὶς
2773 4347 2883 4400 τῶν
2917 4347 3015 4417 τῆς
3064 4348 3404 4418 ἀποσκευῆς,
3463 4353 3556 4403 κοιλ⁵

295 4449 834 4520 ἐστρατοπεδεύσατο
885 4449 1017 4518 παρ’
1039 4446 1200 4518 αὐτῇ.
1254 4442 1389 4500 Εἶτα
1430 4445 1572 4514 ἔγνω
1623 4446 1699 4516 μὴ
1733 4446 2016 4516 πολεμεῖν,
2051 4445 2187 4498 ἀλλὰ
2236 4445 2304 4498 τὰ
2361 4443 2533 4498 ῦδατα
2565 4444 3032 4514 προκαταλαϐεῖν,
3063 4443 3187 4498 ὅθεν
3246 4444 3555 4516 ὑδρεύοντο,

298 4544 361 4595 ἶν’
382 4543 700 4605 ἐκλιπόντες
732 4545 795 4613 τῇ
830 4541 960 4614 δίψῃ
1010 4540 1412 4611 διαφθαρῶσιν,
1438 4541 1470 4611 ἢ
1493 4540 1592 4611 τὴν
1615 4541 1772 4594 πόλιν
1800 4541 1952 4611 αύτῷ
1985 4539 2396 4613 παραδώσουσι.
2442 4539 2550 4591 Καὶ
2580 4539 2914 4610 περιέστησε
2949 4540 3116 4611 μέρος
3165 4539 3262 4611 τῆς
3296 4542 3556 4610 στρατιᾶς

295 4640 401 4702 τοῖς
433 4636 588 4691 ῦδασι
621 4635 889 4707 φύλακας.
914 4635 1046 4688 Ἐπὶ
1094 4635 1150 4688 δέ
1176 4635 1443 4704 τέσσαρσι
1477 4636 1574 4688 καὶ
1601 4636 1900 4707 τριάκοντα
1927 4634 2168 4706 ἡμέραις
2209 4633 2702 4704 παρακαθημένων
2744 4633 2855 4687 τῶν
2885 4636 3143 4688 ἐναντίων
3175 4636 3396 4701 αὐτοὺς,
3436 4635 3557 4700 ἐξέ-

297 4730 415 4781 λιπε
443 4730 598 4798 σφίσι
622 4730 682 4782 to
720 4728 886 4798 ὕδωρ,
924 4728 1020 4780 καὶ
1051 4726 1319 4796 ἡθροίσθη
1351 4727 1488 4797 πρδς
1518 4730 1646 4790 τοὺς
1689 4728 1957 4797 ἄρχοντας
1988 4727 2016 4777 ὁ
2041 4725 2302 4790 λαὸς,καὶ
2334 4726 2521 4795 ἠξίουν
2563 4727 2819 4781 ἐκδοῦναι
2838 4729 2932 4799 τὴν
2956 4729 3112 4782 πόλιν
3136 4733 3247 4793 τοῖς
3269 4732 3556 4794 ἐναντίοις,

297 4826 386 4878 καὶ
420 4826 671 4886 ἑαυτοὺς,
700 4823 766 4875 ἵν’
799 4823 832 4894 ἢ
863 4823 1227 4875 δουλεύσωσιν
1266 4822 1520 4884 ἐκείνοις.
1555 4822 1650 4874 καὶ
1679 4823 1980 4891 ζήσωνται,
2032 4822 2064 4888 ἢ
2091 4821 2544 4890 κατασφαγέντες
2579 4821 2937 4890 ἀπαλλαγῶσι
2969 4825 3076 4877 τῶν
3111 4822 3338 4877 ὀδυνῶν.
3373 4823 3559 4886 Ὀζίας

297 4920 347 4974 δέ
370 4920 397 4972 ὁ
428 4919 538 4970 τῶν
574 4918 675 4985 τῆς
707 4917 912 4980 πόλεως
944 4917 1262 4987 πρόκριτος,
1288 4916 1438 4979 Ἔτι,
1469 4911 1644 4981 εἶπεν,
1678 4915 1931 4985 ἀδελφοὶ
1970 4917 2272 4984 μείνωμεν
2295 4915 2476 4969 πέντε
2505 4917 2751 4985 ἡμέρας,
2791 4917 2891 4970 καὶ
2921 4919 2974 4970 εί
2995 4915 3113 4988 μὲν
3144 4917 3276 4986 ἥξει
3302 4916 3559 4986 ,βοήθεια

297 5015 360 5066 ἐκ
394 5012 547 5067 Θεοῦ
575 5011 740 5082 ἡμῖν’
762 5014 814 5064 εί
839 5011 894 5064 δ’
917 5009 1011 5074 οὒ,
1039 5007 1277 5076 ποιήσω
1306 5012 1456 5062 κατὰ
1474 5009 1588 5076 τὴν
1619 5010 2006 5078 συμϐουλίαν
2020 5006 2208 5076 ὑμῶν.

363 5106 599 5164 ΙΒ’.ἾΙν
645 5107 700 5161 δὲ
732 5109 789 5160 ἐν
845 5109 914 5177 τῇ
954 5107 1112 5161 πόλει
1184 5107 1372 5179 ἐκείνῃ
1430 5102 1638 5182 γυνὴῇ
1700 5107 1864 5178 ὄνομα

2057 5104 2172 5158 Χιι.
2207 5104 2338 5158 Erat
2363 5113 2547 5158 autem
2583 5120 2638 5160 tn
2667 5120 2730 5158 ea
2775 5105 2908 5160 urbe
2947 5105 3112 5160 vidua
3148 5105 3370 5160 nomine
3400 5104 3560 5160 Judi-

299 5202 521 5274 Ἰουδὴθ,
578 5201 676 5254 καὶ
737 5199 770 5270 ἡ
839 5199 978 5268 γυνὴ
1037 5205 1204 5270 χήρα,
1257 5201 1353 5252 καὶ
1415 5199 1556 5269 αῦτη
1613 5199 1872 5270 σώφρων,

303 5298 390 5351 καὶ
429 5293 651 5364 συνετὴ,
705 5293 800 5344 καὶ
855 5290 1033 5363 ὡραία
1093 5293 1158 5364 τῇ
1210 5291 1350 5359 ὄψει.
1391 5291 1704 5347 Ἀκούσασα
1761 5294 1876 5347 τοί-

303 5406 388 5442 νυν
460 5386 530 5441 τὰ
579 5385 880 5455 δεδογμένα
953 5383 1031 5455 τῷ
1091 5383 1207 5453 λαῷ
1286 5383 1546 5448 καὶτοῖς
1620 5384 1873 5456 ἄρχουσι,

305 5481 687 5551 μετεπέμψατο
715 5478 807 5532 τὸν
855 5478 1065 5545 Ὀξίαν,
1101 5479 1348 5541 καὶτοὺς
1382 5476 1604 5540 λοιποὺς
1633 5477 1735 5548 τῆς
1769 5479 1872 5530 πό-

305 5576 433 5638 λεως
474 5575 764 5644 ἄρχοντας.
812 5573 924 5625 Καὶ
964 5571 1250 5642 ἐμέμψατο
1284 5571 1490 5634 αὐτοῖς,
1540 5570 1616 5634 ῶς
1675 5571 1875 5642 πειρά-

307 5671 449 5731 ζουσι
479 5669 570 5721 τὸν
605 5667 761 5731 Θεὸν,
791 5666 872 5718 ὅτι
899 5661 1054 5718 εἷπον
1089 5664 1437 5734 παραδώσειν
1463 5665 1561 5736 τὴν
1587 5664 1742 5716 πόλιν
1765 5666 1880 5729 τοῖς

308 5764 564 5824 ἐναντίοις
606 5759 746 5831 μετὰ
780 5758 940 5812 πέντε
987 5758 1221 5830 ἠμέρας,
1251 5761 1298 5810 εἰ
1336 5756 1410 5830 μὴ
1445 5759 1503 5810 ἐν
1538 5758 1732 5822 αὑταῖς
1758 5759 1877 5830 ἥξει

309 5865 385 5919 τις
417 5857 599 5920 αὐτοῖς
631 5853 855 5925 βοήθεια
887 5854 950 5906 ἐκ
983 5852 1138 5907 Θεοῦ.
1174 5852 1236 5904 Οί
1271 5850 1324 5903 δὲ
1363 5851 1543 5915 καλῶς
1575 5849 1674 5923 μὲν
1705 5849 1875 5921 αὐτὴν

1986 5197 2100 5262 tlia,
2137 5197 2337 5250 mulier
2370 5196 2637 5262 modesta,
2667 5197 2888 5252 cordata
2924 5206 2980 5252 et
3011 5199 3270 5262 formosa,
3299 5213 3420 5267 qua:
3453 5199 3553 5254 de-
3622 5254 3623 5257 η

1983 5298 2135 5343 creto
2171 5287 2357 5358 populi
2389 5298 2444 5342 et
2471 5289 2889 5360 magistratuum
2935 5290 3145 5350 audito,
3187 5288 3343 5362 140
3373 5291 3558 5348 Oziam

1982 5391 2318 5449 cacterosque
2354 5383 2703 5452 magistratus
2735 5383 3028 5436 accersitos
3063 5381 3341 5452 objurgat,
3374 5392 3436 5438 ut
3461 5387 3556 5452 qui

1978 5478 2148 5530 Deum
2176 5485 2470 5539 tentarent,
2502 5493 2626 5530 cum
2650 5477 2919 5538 dicerent,
2950 5475 3054 5529 nisi
3085 5475 3227 5531 intra
3251 5478 3371 5534 dies
3393 5481 3557 5551 quin-

1975 5588 2084 5641 quc
2117 5572 2378 5625 auxilium
2414 5570 2676 5624 divinitus
2716 5571 3029 5636 oﬂ'errctur,
3066 5589 3123 5627 se
3157 5575 3351 5630 urbem
3381 5577 3557 5632 hosti-

1979 5665 2084 5719 bus
2120 5665 2436 5719 tradituros.
2477 5663 2555 5717 Illi
2590 5665 2842 5734 quamvis
2876 5681 2996 5718 eam
3031 5678 3177 5722 recte
3210 5669 3396 5725 dicere
3423 5687 3560 5724 con-

1981 5759 2264 5824 cederent,
2318 5768 2498 5812 tamen
2533 5758 2721 5828 populi
2769 5759 2918 5813 sitim
2953 5771 3009 5814 et
3035 5761 3351 5817 violentiam
3383 5775 3582 5838 oppon

1983 5851 2210 5906 ncbant.
2239 5851 2379 5904 Tum
2423 5851 2550 5916 illa,
2583 5864 2676 5904 eos
2705 5866 2803 5920 per
2830 5865 3044 5908 noctem
3075 5855 3221 5909 illam
3263 5853 3328 5908 ad
3367 5861 3562 5921 portas
