3980 6246
396 342 507 407 263

1663 338 1991 403 JOANNIS
2032 337 2360 400 ZONARIE

3555 341 3665 404 26$

402 432 560 511 urbis
583 453 886 526 praestolari
919 453 1076 526 jubet
1114 469 1132 509 :
1165 468 1224 510 se
1255 468 1383 510 cum
1417 452 1618 508 ancilla
1671 467 1771 508 sua
1801 451 1976 507 exitu-

2097 451 2380 504 συνέθεντο
2434 449 2635 520 λέγειν,
2679 448 2968 504 ἀντέθεντο
2994 452 3065 518 ,δέ
3105 453 3204 524 τήν
3237 450 3399 523 δίψαν
3437 458 3539 524 τὴν
3571 453 3664 508 τοῦ

399 564 541 611 ram,
569 562 749 617 neque
780 549 1052 604 dicturam
1083 546 1238 616 prius
1268 545 1398 616 quid
1447 545 1711 615 erupisset
1742 541 1981 606 consilii,

400 656 564 712 quam
597 656 712 696 rem
740 640 914 710 ipsam
944 647 1338 709 perpetrasset.
1373 637 1534 693 Exitu
1569 637 1878 706 impetrato,
1902 634 1987 689 di-

399 732 604 802 gressis
638 731 767 794 illis,
792 730 858 784 ad
892 744 1086 800 preces
1117 729 1462 784 convertitur
1491 744 1502 780 :
1532 734 1589 782 et
1618 724 1868 796 deposita
1897 723 1984 778 lu-

401 824 559 894 gubri
595 839 662 878 ex
696 822 960 876 viduitate
988 822 1217 887 vestitu,
1250 821 1361 876 lota
1384 861 1397 886 ,
1431 829 1486 874 et
1521 818 1816 889 unguentis
1847 814 1986 870 deli-

403 916 572 978 buta,
612 915 876 970 amictum
905 915 1136 968 hilarem
1172 911 1372 978 induit,
1405 917 1734 966 ornamenta
1775 907 1984 970 sumit,

400 1018 457 1064 et
487 1015 752 1063 exornata
790 1007 857 1062 ad
903 1007 1110 1061 amoris
1148 1005 1440 1061 illecebras
1487 1001 1700 1056 ancilla:
1739 999 1794 1053 in
1838 999 1986 1053 vasis

399 1100 690 1154 ferendum
725 1099 818 1154 dat
849 1099 1041 1153 vinum
1087 1109 1144 1153 et
1183 1099 1398 1164 oleum,
1433 1102 1490 1151 et
1533 1109 1721 1164 peram
1766 1091 1942 1146 farina
1968 1130 1982 1152 ,

402 1193 618 1248 ﬁeubus
655 1202 711 1248 et
759 1191 991 1263 panibus
1039 1192 1252 1262 plenam
1293 1209 1307 1242 :
1343 1197 1399 1244 et
1445 1203 1507 1242 ea
1545 1188 1747 1242 comite
1791 1185 1983 1239 urbem

399 1299 642 1354 egressa,
686 1282 739 1336 in
789 1291 966 1336 castra
1013 1279 1362 1351 Assyriorum
1402 1277 1620 1332 tendit:
1657 1275 1726 1330 ab
1757 1273 1986 1330 excubi-

400 1377 620 1431 toribus
647 1375 1070 1444 comprehensa,
1123 1372 1191 1426 ad
1217 1371 1622 1442 llolopliernem
1671 1367 1983 1431 adducitur,

401 1470 496 1538 qui
542 1469 662 1538 ejus
693 1468 921 1521 formam
957 1463 1284 1527 admiratus,
1331 1478 1586 1518 securam
1632 1475 1754 1516 esse
1781 1459 1983 1530 jussit,

399 1560 539 1614 nihil
569 1560 714 1614 enim
746 1573 1034 1629 passuram
1065 1557 1215 1612 mali.
1243 1556 1381 1610 Tum
1414 1556 1504 1609 illa
1537 1570 1552 1608 :
1586 1554 1745 1617 Audi,
1782 1551 1982 1622 inquit,

397 1652 608 1706 domine
634 1692 647 1715 ,
679 1652 833 1705 verba
867 1667 1015 1714 mea,
1059 1659 1106 1703 et
1134 1651 1251 1721 qua:
1275 1651 1466 1704 Achior
1492 1650 1646 1708 dixit,
1689 1647 1868 1700 animo
1895 1654 1983 1698 tuo

401 1758 508 1796 non
543 1744 811 1796 excidant.
847 1742 1038 1796 Verum
1073 1745 1212 1796 enim
1241 1749 1315 1794 est
1341 1781 1354 1804 ,
1394 1739 1690 1805 Israelitas,
1724 1740 1778 1792 ni
1803 1753 1986 1806 pecca-

2087 541 2242 608 λαοῦ,
2293 544 2386 596 καὶ
2420 541 2522 614 τὴν
2563 542 2687 614 βίαν
2718 543 2818 612 τὴν
2850 541 2908 610 ἐξ
2955 544 3143 598 αὑτοῦ.
3189 545 3434 617 Κάκείνη
3473 545 3666 614 στῆναι

2085 633 2287 695 αὐτοὺς
2315 633 2413 704 τὴν
2445 633 2619 687 νύκτα
2654 634 2747 687 ἐπὶ
2780 631 2878 704 τήν
2907 633 3083 704 πύλην
3103 635 3200 704 τῆς
3225 635 3430 697 πόλεως
3458 636 3668 690 ἐνετέλ-

2084 725 2228 778 λετο.
2267 723 2416 795 Αὐτὴ
2458 725 2515 778 δὲ
2547 725 2732 794 ἔλεγεν
2765 726 3147 793 ἐξελεύσεσθαι
3185 727 3328 796 μετὰ
3364 725 3460 796 τῆς
3491 727 3668 797 ἅϐρας

2087 821 2280 890 αὐτῆς,
2319 819 2393 891 μὴ
2427 821 2612 890 μέντοι
2640 821 2824 885 αὐτοῖς
2850 816 2998 892 ἐρεῖν
3031 821 3092 874 τὸ
3121 820 3254 892 παρ’
3292 820 3468 889 αὐτῆς
3500 821 3666 890 μελε-

2085 908 2348 980 τώμενον,
2416 910 2520 973 ἕως
2556 904 2619 966 οὗ
2654 911 2790 982 πρὸς
2821 912 3020 983 πρᾶξιν
3047 911 3409 983 κατευθυνθῇ.
3444 912 3554 965 Καὶ
3591 906 3669 965 εἶ-

2088 1019 2190 1056 πον
2216 1003 2378 1073 αὐτῇ,
2403 1004 2644 1074 Πορεύου
2670 1021 2684 1036 ·
2718 1004 2813 1060 καὶ
2840 1007 2890 1058 οἱ
2925 1005 3024 1076 μὲν
3044 1005 3311 1075 ἀπῆλθον.
3359 1003 3425 1057 Ἠ
3450 1003 3506 1057 δὲ
3531 1005 3668 1074 πρὸς

2087 1097 2445 1167 παράκλησιν
2485 1095 2700 1168 ἐτράπη
2737 1096 2836 1168 τὴν
2869 1096 3007 1168 πρὸς
3036 1097 3188 1150 Θεόν.
3225 1091 3358 1148 Elea
3391 1093 3669 1165 ἀποθεμέ-

2086 1205 2151 1259 νη
2181 1189 2282 1260 τὴν
2309 1188 2557 1258 πενθήρη
2588 1188 2784 1258 στολὴν
2814 1189 2913 1259 τῆς
2939 1187 3278 1259 χηρεύσεως,
3312 1185 3490 1239 καὶτὸ
3508 1187 3671 1256 σῶμα

2087 1280 2472 1351 περικλύσασα
2519 1280 2692 1346 ὕδατι,
2751 1280 2848 1334 καὶ
2894 1281 3050 1352 μύρῳ
3093 1279 3426 1350 χρισαμένη,
3477 1277 3670 1346 στολὴν

2091 1374 2348 1445 μετενὲδυ
2385 1373 2746 1441 εὐφρόσυνον,
2793 1373 2891 1426 καὶ
2918 1372 3125 1440 κόσμον
3158 1371 3325 1441 ἑαυτῇ
3354 1369 3665 1439 περιέθετο.

2087 1470 2198 1524 Καὶ
2243 1467 2692 1521 καλλωπισθεῖσα
2738 1465 2875 1536 πρὸς
2921 1466 2982 1519 τδ
3011 1465 3455 1534 ἐπαγωγότερον,
3497 1463 3668 1517 ἔδωκε

2087 1567 2155 1634 τῇ
2181 1559 2485 1631 θεραπαίνῃ
2536 1560 2724 1630 φέρειν
2771 1561 2830 1612 ἐν
2870 1557 3120 1626 ἀγγείοις
3161 1551 3306 1610 οἶνον
3338 1555 3432 1608 καὶ
3465 1553 3666 1618 ἔλαιον,

2087 1657 2182 1705 καὶ
2212 1654 2396 1722 πήραν
2427 1651 2673 1718 ἀλφίτων
2723 1650 2931 1721 πλήρη,
2980 1648 3076 1702 καὶ
3107 1647 3383 1717 παλάθης,
3422 1647 3516 1699 καὶ
3570 1645 3670 1716 ἄρ·

2086 1758 2216 1806 των,
2258 1740 2354 1793 καὶ
2393 1739 2586 1807 ἐξῆλθε
2623 1741 2720 1810 τῆς
2756 1739 2963 1803 πόλεως
2993 1737 3134 1809 αὑτὴ
3193 1739 3288 1792 καὶ
3334 1739 3369 1809 ή
3407 1736 3667 1805 παιδίσκη

395 1835 584 1897 υενὶηι,
617 1835 797 1905 gladio
823 1851 928 1910 non
959 1841 1271 1902 superatum
1296 1832 1383 1884 iri.
1417 1831 1568 1885 Nunc
1605 1838 1813 1892 autem,
1848 1828 1975 1898 quia

2090 1832 2279 1902 αὐτῆς.
2323 1830 2589 1884 Ἀπιοῦσα
2621 1831 2756 1903 πρὸς
2783 1831 2880 1902 τὴν
2908 1831 3016 1886 τῶν
3051 1829 3353 1901 Ἀσσυρίων
3384 1828 3670 1898 παρεμϐοο

396 1925 524 1978 cibis
551 1934 598 1976 et
642 1941 782 1994 aqua
825 1925 1206 1989 destituuntur,
1239 1925 1347 1993 lege
1380 1920 1672 1974 interdictis
1727 1919 1887 1982 uesci,
1928 1924 1981 1970 et

396 2017 665 2083 primitias
697 2016 984 2085 frumenti,
1012 2016 1223 2084 vinique
1254 2014 1485 2066 decimas
1506 2051 1520 2073 ,
1553 2027 1668 2081 qua:
1695 2007 1982 2064 sacerdoti-

397 2108 491 2161 bus
531 2107 826 2172 attributa,
861 2122 924 2159 ne
967 2107 1157 2176 attingi
1209 2107 1424 2175 quidem
1462 2104 1525 2156 ab
1566 2101 1686 2156 aliis
1739 2101 1820 2170 [as
1863 2108 1977 2164 est,

396 2202 666 2254 absumere
702 2201 1060 2255 decreverunt.
1099 2197 1229 2264 Quae
1267 2200 1393 2251 dum
1427 2206 1474 2250 et
1514 2192 1981 2264 Hierosolymitani

395 2294 706 2356 statuerint,
743 2291 952 2361 legatos
994 2307 1054 2344 eo
1091 2291 1299 2353 misere,
1334 2291 1540 2342 veniam
1584 2288 1698 2356 ejus
1730 2285 1855 2355 facti
1892 2300 1982 2352 pe-

399 2393 584 2438 tentes.
628 2382 715 2438 Sic
739 2385 902 2452 igitur
934 2382 1042 2453 lege
1067 2381 1290 2442 violata.
1323 2398 1427 2434 non
1458 2379 1657 2448 defensi
1695 2397 1727 2432 a
1771 2377 1902 2438 Deo,
1924 2378 1980 2429 in

399 2476 621 2528 exitium
662 2483 839 2529 ruent.
869 2473 1069 2539 Quibus
1103 2490 1194 2544 ego
1223 2474 1463 2543 cognitis,
1492 2488 1556 2526 ex
1581 2472 1710 2526 urbe
1742 2467 1976 2541 profugi,

400 2574 457 2619 ut
487 2568 753 2621 interitum
780 2569 956 2630 vitem,
983 2577 1030 2620 et
1061 2582 1200 2620 nunc
1223 2567 1370 2636 apud
1395 2574 1442 2619 te
1470 2567 1706 2629 manebo,
1728 2567 1937 2622 domine
1957 2585 1976 2623 :

399 2670 448 2712 et
481 2675 688 2729 egressa
716 2669 870 2714 noctu
901 2660 956 2714 in
993 2659 1186 2714 vallem
1212 2701 1227 2721 ,
1256 2658 1490 2713 adorabo
1528 2658 1697 2713 Deum
1721 2699 1736 2723 ,
1765 2670 1819 2713 ut
1857 2677 1978 2715 cum

397 2751 445 2805 is
479 2753 604 2805 mihi
628 2752 845 2816 dixerit,
866 2752 1079 2822 quando
1097 2751 1388 2818 peccarint,
1421 2765 1513 2821 ego
1538 2750 1632 2804 tibi
1655 2753 1974 2817 renuntient,

399 2854 447 2898 et
481 2854 530 2898 te
579 2861 674 2915 per
728 2844 978 2899 Judazam
1035 2843 1402 2914 Hierosolyma
1451 2859 1616 2910 usque
1658 2843 1974 2913 perducam,

398 2937 857 3007 soliumquetuum
875 2938 929 2990 in
944 2937 1089 2990 urbis
1109 2935 1278 2990 medio
1301 2933 1571 2989 collocem.
1597 2932 1978 3002 Holophernes

402 3029 506 3083 bac
544 3031 799 3084 oratione
843 3029 1177 3093 delectatus,
1215 3026 1498 3082 introduci
1549 3042 1671 3082 eam
1726 3027 1885 3098 jubet
1920 3027 1977 3081 in

403 3122 595 3177 cellam
628 3121 906 3177 conclavis
930 3121 1037 3184 sui.
1072 3131 1129 3176 et
1161 3121 1279 3176 dari
1311 3121 1456 3191 quod
1496 3121 1643 3175 edat.
1673 3119 1743 3175 At
1773 3121 1886 3184 illa,
1919 3135 1977 3176 se

403 3224 566 3285 negat
596 3215 814 3268 illorum
845 3215 989 3269 cibis
1021 3229 1268 3279 usuram,
1300 3230 1369 3269 ne
1395 3213 1499 3268 sibi
1531 3213 1711 3268 fraudi
1738 3221 1924 3269 essent
1963 3230 1976 3267 :

405 3307 502 3364 sed
539 3303 610 3363 iis
645 3323 786 3378 quos
835 3323 1022 3363 secum
1069 3308 1369 3374 attulisset,
1411 3307 1804 3363 victitaturam.
1842 3307 1980 3363 Cum

405 3399 784 3470 Holophernes
804 3409 1042 3469 rogaret,
1064 3399 1153 3453 ubi
1177 3400 1212 3453 ii
1247 3399 1599 3462 defecissent,
1641 3416 1750 3470 quo
1769 3401 1983 3456 victura

406 3499 575 3557 esset,
625 3490 923 3560 respondet
966 3490 1044 3545 illi
1081 3508 1093 3544 :
1125 3490 1210 3545 Ita
1234 3501 1288 3546 tu
1315 3493 1476 3555 vivas,
1508 3493 1750 3558 Domine,
1784 3504 1839 3546 ut
1877 3510 1980 3549 non

405 3585 552 3654 prius
578 3583 678 3637 cibi
701 3585 755 3637 Ιιὶ
787 3601 869 3638 me
899 3585 1156 3654 deﬁcient,
1188 3604 1349 3657 quam
1389 3587 1527 3643 Deus
1565 3607 1679 3644 mea
1716 3606 1879 3644 manu
1926 3591 1981 3645 id

404 3674 681 3742 peregerit,
718 3675 857 3746 quod
889 3675 1130 3731 decrevit.
1158 3677 1332 3733 Media
1361 3687 1522 3735 nocte
1553 3681 1734 3750 petiit,
1780 3689 1840 3734 ut
1873 3680 1978 3736 sibi

404 3767 460 3819 in
491 3765 684 3820 vallem
719 3767 902 3838 egredi
956 3768 1152 3824 liceret
1182 3770 1248 3824 ad
1290 3771 1630 3841 precandum
1669 3787 1684 3825 :
1722 3772 1980 3829 concedit

401 3854 794 3928 lloloplicrnes.
831 3859 967 3915 Cum
991 3861 1144 3931 14],
1165 3871 1347 3917 autem
1383 3863 1470 3918 illa
1511 3864 1754 3918 triduum
1787 3865 1863 3920 ita
1894 3865 1978 3920 fe-

2089 1923 2211 1994 λὴν,
2248 1923 2343 1976 καὶ
2392 1923 2692 1995 ἐντυχοῦσα
2725 1927 2792 1996 τῇ
2835 1923 2946 1978 τῶν
2998 1925 3261 1977 ἐναντίων
3319 1921 3668 1993 προφυλακῇ,

2089 2015 2417 2086 κατεσχέθη,
2449 2018 2545 2069 καὶ
2570 2015 2714 2087 ήχθη
2745 2015 2885 2086 πρὸς
2923 2014 3276 2086 Ὀλοφέρνην.
3319 2013 3380 2068 ’0
3406 2013 3464 2066 δὲ
3493 2012 3668 2082 αὐτῆς

2087 2109 2148 2162 τὸ
2184 2108 2379 2172 κάλλος
2414 2107 2716 2180 ἐθαύμασε,
2755 2109 2851 2162 καὶ
2892 2103 3048 2162 εἶπεν
3081 2108 3222 2178 αὐτῇ
3244 2122 3258 2137 ⁶
3294 2105 3390 2174 Μὴ
3441 2106 3663 2176 φοϐοῦ,

2089 2202 2258 2270 ἥκεις
2295 2202 2408 2273 γὰρ
2437 2203 2525 2269 εις
2553 2205 2876 2270 σωτηρίαν.
2911 2202 3062 2271 Ἔφη
3095 2201 3164 2255 δὲ
3192 2198 3354 2266 αὐτῷ
3399 2200 3435 2268 ἠ
3471 2197 3626 2268 γυνή
3648 2213 3664 2228 ·

2086 2296 2263 2361 Δέξαι
2292 2296 2434 2364 τοὺς
2464 2295 2691 2366 λόγους
2711 2313 2850 2367 μου,
2883 2295 3081 2364 Κύριε,
3151 2292 3252 2348 καὶ
3294 2294 3327 2347 ό
3369 2294 3554 2362 λόγος
3594 2289 3668 2345 ὃν

2086 2391 2396 2458 ἐλάλησεν
2483 2389 2714 2459 Ἀχιὼρ,
2774 2388 2898 2458 ἤτω
2971 2389 3042 2443 ἐν
3094 2388 3168 2456 τῇ
3217 2386 3430 2456 καρδίᾳ
3507 2394 3664 2440 σου⁸

2085 2483 2218 2537 ἐστι
2269 2481 2380 2552 γὰρ
2439 2480 2701 2549 ἀληθὲς,
2762 2480 2854 2535 ὅτι
2900 2480 3012 2535 ἐὰν
3079 2479 3165 2550 μὴ
3211 2477 3554 2549 ἁμάρτωσιν
3608 2478 3666 2532 οι

2085 2577 2204 2631 υἱοὶ
2289 2573 2561 2642 Ἰσραὴλ,
2659 2574 2731 2629 οὐ
2799 2575 3158 2643 κατισχύσει
3237 2573 3502 2642 ῥομφαία
3555 2571 3663 2624 ab.

2083 2663 2224 2717 τῶν.
2251 2664 2382 2718 Νῦν
2426 2662 2495 2716 δὲ
2515 2662 2646 2716 ἐπεὶ
2698 2663 2979 2728 ἐξέλιπεν
3011 2661 3235 2729 αὐτοὺς
3260 2663 3332 2717 τὰ
3353 2661 3661 2732 βρώματα,

2085 2755 2186 2812 καί
2211 2754 2278 2809 τὸ
2300 2755 2474 2824 ὕδωρ,
2501 2756 2966 2822 ἐϐουλεύσαντο,
2997 2755 3238 2812 καὶτῶν
3259 2755 3338 2821 τῷ
3362 2755 3523 2825 νόμῳ
3544 2753 3664 2808 ἁπ-

2084 2848 2504 2918 ηγορευμένων
2524 2848 2814 2917 ἅψασθαι,
2847 2848 2943 2901 καί
2970 2848 3076 2914 τὰς
3110 2846 3386 2918 ἀπαρχὰς
3407 2845 3514 2901 τοῦ
3561 2846 3663 2901 σί-

2083 2959 2216 3010 του,
2248 2940 2348 2995 καὶ
2376 2941 2483 3008 τὰς
2505 2939 2760 3006 δεκάτας
2789 2940 2894 2995 τοῦ
2927 2940 3095 2995 οἴνου
3123 2941 3231 3007 τὰς
3269 2939 3393 3006 τοῖς
3437 2936 3663 3006 ἱερεῦσι

2085 3032 2515 3102 τετηρημένας,
2567 3027 2655 3086 ὧν
2709 3032 2850 3088 οὐδὲ
2887 3033 3124 3101 ψαῦσαι
3170 3033 3409 3102 θεμιτὸν
3457 3030 3661 3099 ἑτέρῳ,

2085 3123 2436 3194 δαπανῆσαι
2486 3125 2820 3191 resupinam.
2879 3124 3068 3180 Ταῦτα
3114 3124 3201 3191 δὲ,
3250 3123 3349 3178 καί
3385 3122 3507 3177 τῶν
3546 3119 3663 3189 τὴν

2099 3217 2488 3286 Ἰερουσαλὴμ
2516 3217 2846 3270 οἰκούντων
2875 3216 3395 3286 βεϐουλευμένων,
3435 3212 3661 3267 ἐστάλ-

2086 3326 2231 3364 κασι
2263 3311 2414 3380 πρὸς
2441 3307 2558 3378 τὴν
2582 3309 2714 3365 ἐκεῖ
2741 3310 3085 3381 γερουσίαν,
3127 3310 3349 3379 ἄφεσιν
3380 3307 3479 3360 ἐπὶ
3523 3306 3659 3360 τού-

2084 3419 2227 3469 τους
2249 3404 2611 3472 αἰτούμενοι.
2638 3402 2764 3458 Κᾶν
2794 3403 2947 3458 οὕτω
2973 3400 3510 3472 παρανομήσωσιν,
3547 3399 3662 3452 οὐκ

2083 3496 2255 3550 ἔσται
2289 3497 2509 3566 σφίσιν
2534 3496 2732 3565 ἄμυνα
2755 3497 2822 3550 ἐκ
2846 3495 3016 3560 Θεοῦ,
3051 3496 3150 3550 καὶ
3174 3497 3262 3560 είς
3294 3494 3542 3560 ὄλεθρον
3566 3491 3664 3544 ἐκ-

2082 3587 2472 3656 δοθήσονται.
2510 3587 2697 3654 Ἀπερ
2734 3588 2887 3655 αὑτὴ
2939 3585 3297 3658 ἐπιγνοῦσα,
3341 3581 3662 3650 ἀποδιδρά-

2083 3696 2210 3734 σκω
2252 3679 2364 3748 τῆς
2407 3680 2661 3747 πόλεως,
2707 3680 2784 3735 ἵν’
2813 3681 3055 3749 ἐκφύγω
3093 3679 3202 3734 τὸν
3242 3678 3512 3746 ὄλεθρον.
3549 3675 3660 3730 Kal

2081 3771 2199 3827 νῦν
2222 3772 2388 3840 μενῶ
2417 3772 2578 3840 παρά
2609 3790 2729 3838 σοι,
2773 3773 3062 3838 δέσποτα,
3112 3771 3210 3827 καί
3257 3770 3658 3838 ἐξελεύσομαι

2081 3867 2234 3918 κατὰ
2260 3864 2376 3933 τὴν
2393 3865 2586 3919 νύκτα
2615 3866 2704 3930 είς
2733 3865 2848 3932 τὴν
2874 3863 3168 3934 φάραγγα,
3196 3863 3295 3917 καὶ
3323 3861 3660 3931 προσεύξο-

401 3949 586 4016 cisset,
636 3963 835 4022 quarto
877 3954 966 4008 die
1015 3957 1329 4010 convivium
1379 3966 1646 4027 apparat,
1695 3967 1752 4013 et
1786 3959 1976 4030 Bagoa:

2081 3975 2184 4027 μαι
2215 3959 2365 4025 πρὸς
2394 3957 2502 4011 τὸν
2529 3958 2697 4023 Θεὸν,
2731 3958 2828 4011 καὶ
2851 3957 2977 4025 ἐρεῖ
2989 3974 3090 4026 μοι
3111 3956 3256 4010 ,πότε
3281 3954 3656 4025 ἡμάρτοσαν,

397 4047 676 4113 eunucho,
700 4049 793 4117 qui
810 4050 1064 4104 omnibus
1090 4051 1210 4121 ejus
1236 4050 1436 4120 opibus
1456 4061 1706 4120 praeerat,
1730 4051 1974 4120 mandat,

2081 4048 2240 4119 κάγώ
2257 4067 2356 4104 σοι
2381 4049 2711 4120 aram-8.16),
2734 4050 2831 4104 καὶ
2859 4050 2981 4114 ἄξω
3006 4065 3078 4103 σε
3099 4047 3196 4103 διὰ
3213 4046 3321 4115 τῆς
3360 4045 3660 4110 ἰουδαίας

400 4147 462 4190 ut
493 4137 731 4194 Hebraeae
761 4141 980 4195 mulieri
1009 4142 1399 4212 persuaderet,
1434 4152 1495 4197 ut
1533 4143 1602 4197 ad
1645 4158 1703 4198 se
1737 4145 1971 4200 veniret.

2081 4140 2188 4206 ἕως
2231 4140 2643 4210 Ἰερουσαλὴμ,
2679 4141 2777 4194 καὶ
2813 4140 2980 4207 θήσω
3025 4139 3132 4194 τὸν
3173 4139 3391 4206 θρόνον
3428 4153 3546 4191 σου
3586 4134 3659 4188 ἐν

399 4227 513 4283 Sibi
551 4232 699 4287 enim
735 4243 893 4302 turpe
923 4235 1061 4298 fore,
1095 4234 1139 4288 si
1166 4234 1332 4288 talem
1357 4233 1616 4288 feminam
1648 4233 1974 4299 dimisisset,

2081 4232 2243 4301 μέσῳ
2268 4231 2477 4301 αὐτῆς.
2511 4235 2623 4286 Ka‘t
2647 4234 2853 4304 ἤρεσαν
2882 4233 3180 4305 Ὀλοφέρνῃ
3205 4232 3256 4286 οἱ
3280 4230 3428 4298 λόγοι
3458 4228 3652 4298 αὐτῆς.

397 4322 546 4375 nulla
581 4326 983 4381 consuetudine
1016 4342 1140 4380 cum
1169 4341 1233 4381 ea
1264 4326 1472 4402 habjta.
1498 4327 1704 4397 Bagoas
1732 4326 1975 4383 Juditha:

2081 4328 2173 4377 καὶ
2203 4325 2491 4379 ἐκέλευσεν
2520 4326 2841 4397 εἰσαχθῆναι
2874 4327 3047 4395 αὐτὴν
3087 4327 3168 4389 εἰς
3199 4324 3297 4395 τὴν
3321 4323 3528 4393 σκηνὴν
3555 4319 3653 4374 τοῦ

395 4413 521 4466 ait:
567 4412 699 4467 Veni
733 4415 802 4467 ad
843 4415 1125 4470 Dominum
1162 4434 1354 4484 meum,
1404 4426 1462 4472 ut
1517 4419 1748 4490 gloriosa
1795 4421 1867 4474 sis
1917 4421 1973 4476 in

2081 4419 2311 4486 ταμείου
2352 4417 2542 4483 αύτοῦ,
2568 4418 2666 4473 καὶ
2695 4418 2916 4488 δοθῆναι
2947 4419 3083 4490 αὐτῇ
3119 4420 3334 4488 φαγεῖν.
3374 4415 3439 4469 Ἦ
3468 4415 3547 4480 δὲ,
3571 4415 3656 4468 Οὐ

395 4515 670 4574 conspectu
709 4506 845 4575 ejus,
895 4515 943 4560 et
978 4509 1238 4563 nobiscum
1281 4520 1599 4580 compotato,
1632 4526 1692 4564 eo
1740 4509 1852 4566 loco
1893 4511 1974 4583 fu-

2081 4509 2358 4580 φὰγομαι,
2410 4509 2538 4580 ἔφη,
2576 4510 2645 4564 ἐκ
2692 4511 2810 4564 τῶν
2838 4509 3182 4579 ἐδεσμάτων
3226 4506 3411 4578 ὑμῶν,
3439 4509 3524 4577 μή
3552 4522 3658 4576 μοι

403 4603 550 4655 tura,
583 4611 683 4664 quo
727 4613 800 4649 eat
829 4607 982 4663 sunt,
1015 4614 1131 4667 qua:
1160 4605 1352 4671 degunt
1383 4602 1437 4654 in
1463 4599 1662 4656 wdibus
1691 4600 1970 4656 Nabucho-

393 4686 686 4742 donosoris.
729 4688 954 4744 Juditha
988 4691 1153 4761 igitur
1182 4702 1444 4751 exornata
1471 4694 1538 4748 ad
1564 4694 1970 4764 Holopliernem

394 4779 720 4849 ingreditur,
764 4783 1060 4846 accumbit,
1093 4801 1155 4840 ea
1187 4785 1302 4840 edit
1335 4796 1392 4842 et
1420 4785 1584 4852 bibit,
1627 4802 1749 4857 qua:
1769 4786 1838 4842 ab
1867 4803 1969 4842 an-

393 4872 517 4926 cilla
549 4889 646 4927 sua
679 4874 782 4929 sibi
813 4886 1000 4945 parata
1018 4887 1198 4933 erant.
1234 4879 1612 4949 Holophernes
1649 4879 1969 4949 obstupefa-

390 4976 533 5026 ctus.
560 4957 1326 5026 aniure'illius'inﬂammatur
1364 4988 1379 5025 :
1418 4972 1798 5042 productoque
1840 4988 1972 5026 con-

392 5058 562 5122 vivio,
589 5069 644 5114 ct
667 5060 905 5129 plurimo
927 5063 1058 5117 vino
1088 5064 1287 5120 hausto
1320 5066 1652 5131 inebriatus,
1677 5066 1732 5119 in
1768 5065 1971 5120 lectulo

395 5165 452 5203 sc
494 5152 746 5215 reclinat,
789 5171 941 5210 mero
986 5165 1210 5226 gravato
1240 5157 1416 5227 capite
1445 5176 1460 5224 ;
1492 5156 1755 5228 digressis
1786 5155 1968 5210 omni-

390 5242 512 5303 bus.
546 5245 753 5317 Bagoas
793 5250 1093 5303 tentorium
1124 5251 1353 5312 claudit,
1403 5251 1518 5306 sola
1547 5251 1770 5306 Juditha
1809 5253 1864 5306 iu
1898 5265 1966 5306 eo

394 5337 606 5392 relicta.
667 5341 947 5398 Mandarat
993 5354 1176 5398 autem
1238 5345 1329 5400 illa
1381 5347 1613 5412 ancillae,
1657 5350 1718 5403 ut
1757 5349 1965 5406 exitum

392 5442 552 5482 suum
598 5431 934 5502 observaret,
966 5453 1310 5508 egressuram
1352 5441 1499 5493 enim
1529 5456 1652 5496 esse
1685 5442 1754 5497 ad
1796 5458 1966 5498 oran-

389 5517 542 5573 dum.
596 5521 701 5576 Sed
745 5542 870 5581 cum
931 5530 1333 5600 Holophernem
1358 5533 1484 5588 vino
1519 5533 1855 5600 demersum,
1909 5545 1967 5591 et

393 5611 820 5680 profundissimo
855 5636 1046 5678 somno
1077 5641 1403 5694 oppressum
1439 5627 1676 5691 videret,
1708 5629 1963 5685 invocato

388 5703 524 5768 Deo.
553 5706 743 5764 stricto
775 5712 1020 5777 acinace,
1053 5718 1202 5772 illius
1236 5727 1402 5789 caput
1442 5728 1685 5788 resecat;
1719 5737 1962 5791 egressa,

383 5797 598 5856 ancilla
629 5801 796 5858 tradit
835 5821 848 5859 :
878 5803 994 5862 abit
1021 5816 1080 5862 ut
1104 5808 1172 5865 de
1196 5825 1347 5866 more
1370 5820 1682 5884 precatura.
1710 5811 1960 5884 Cumque

2077 4601 2319 4672 γένηται
2353 4601 2730 4666 σκάνδαλον,
2756 4601 2894 4657 ἀλλ’
2919 4602 2987 4666 ἐξ
3016 4595 3104 4657 ὧν
3127 4601 3478 4670 ἐπιφέρομαι
3521 4613 3657 4665 τρα-

2076 4695 2373 4765 φήσομαι.
2399 4695 2509 4750 Καὶ
2535 4691 2691 4748 εἶπεν
2720 4695 2855 4765 αὐτῇ
2900 4695 3226 4767 Ὀλοφέρνης
3245 4710 3260 4726 ο
3295 4696 3365 4748 Et
3394 4692 3462 4746 δὲ
3489 4692 3654 4745 ἐκλί-

2074 4804 2176 4842 ποι
2207 4790 2414 4854 ταῦτα,
2442 4789 2628 4844 πόθεν
2646 4804 2747 4844 σοι
2771 4788 3014 4844 τοιαῦτα
3030 4786 3546 4857 χορηπηθήσεται;
3583 4781 3652 4836 Ἦ

2073 4882 2152 4947 δὲ,
2177 4882 2262 4951 Ζῇ
2305 4885 2342 4952 ἡ
2379 4882 2550 4951 ψυχή
2598 4898 2738 4948 σου,
2786 4882 2962 4951 Κύριέ
2999 4900 3140 4952 μου,
3186 4877 3652 4947 ἀνταπεκρίνατο,

2073 4976 2164 5031 ὅτι
2186 4980 2258 5031 οὐ
2283 4979 2577 5045 πρότερον
2594 4977 2865 5046 ἐκλείψει
2886 4993 2988 5046 μοι
3018 4975 3089 5030 τὰ
3109 4973 3382 5041 ἐδώδιμα,
3407 4970 3550 5040 πρὶν
3573 4969 3651 5023 ἂν

2072 5071 2106 5122 ό
2139 5069 2284 5136 Θεὸς
2319 5069 2391 5122 ἐν
2419 5069 2573 5138 χειρί
2602 5086 2724 5138 μου
2763 5073 2990 5138 ποιήσῃ
3023 5067 3060 5121 ἂ
3082 5067 3506 5120 ἐϐουλεύσατο.
3537 5063 3654 5116 Μ--

2072 5160 2275 5232 σούσης
2304 5159 2360 5214 δὲ
2396 5163 2610 5225 νυκτὸς,
2657 5162 2899 5232 ᾐτήσατο
2947 5162 3040 5215 ἐπὶ
3082 5161 3180 5230 τήν
3217 5160 3478 5230 φάραγγα
3512 5155 3650 5225 πρὸς
3756 5188 3759 5191 ·

2072 5256 2383 5326 προσευχὴν
2429 5253 2688 5320 ἐξελθεῖν,
2732 5255 2826 5308 καὶ
2865 5253 3191 5325 Ὀλοφέρνης
3226 5250 3514 5323 ἐπέτρεψε,
3552 5248 3649 5302 καὶ

2068 5347 2163 5400 ἐπὶ
2204 5350 2354 5417 τρεῖς
2391 5347 2604 5419 ἡμέρας
2651 5346 2826 5410 οὓτως
2877 5346 3072 5401 ἐποίει.
3129 5345 3237 5400 Καὶ
3286 5346 3352 5416 τῇ
3406 5343 3645 5416 τετάρτῃ

2067 5443 2253 5514 ἡμέρᾳ
2303 5442 2465 5494 πότον
2515 5439 2812 5511 ἡτοίμασεν
2861 5440 3211 5513 Ὀλοφὲρνης.
3261 5438 3374 5492 Καὶ
3419 5432 3538 5491 εἶπε
3564 5438 3645 5507 τῷ

2067 5536 2312 5607 εὐνούχῳ
2347 5535 2566 5605 Βαγώᾳ,
2596 5535 2655 5599 ὃς
2687 5530 2755 5606 ἦν
2797 5535 3118 5606 ἐφεστηκὼς
3165 5534 3257 5586 ἐπὶ
3286 5534 3506 5588 πάντων
3534 5531 3645 5583 τῶν

2065 5625 2251 5680 αὐτοῦ’
2288 5625 2510 5680 Πεῖσον
2538 5624 2614 5692 δὴ
2646 5625 2762 5692 τὴν
2794 5623 3048 5695 γυναῖκα
3072 5623 3188 5692 τὴν
3224 5623 3500 5692 Ἐὅραΐαν
3534 5622 3645 5676 τοῦ

2065 5717 2266 5772 ἐλθεῖν
2303 5717 2454 5786 πρὸς
2477 5717 2633 5788 ἡμᾶς
2656 5735 2671 5750 ο
2696 5719 2952 5786 αίσχρὸν
2981 5717 3091 5786 τὰρ
3119 5715 3283 5788 ἡμῖν,
3306 5718 3359 5769 εί
3387 5715 3644 5784 γυναῖκα

2065 5810 2356 5877 τοιαύτην
2411 5809 2792 5882 παρήσομεν,
2845 5810 2933 5882 μὴ
2988 5808 3144 5879 αὐτῇ
3207 5808 3640 5882 ὁμιλήσαντες.
