3980 6246
438 335 538 403 271

1707 329 2029 391 JOANNIS
2070 327 2391 388 ZONMUE

3502 374 3505 375 ν
3582 327 3690 392 2Ἶὲ

436 464 534 510 est.
572 450 802 505 'l‘oltitus
838 464 970 504 vero
999 448 1069 502 ’ad
1102 448 1325 519 ianuam
1359 445 1551 500 exiens
1582 444 1867 514 impingit;
1914 442 2007 496 sed

2115 440 2325 493 οουσῶν
2348 438 2459 493 τῶν
2490 437 2584 492 τοῦ
2610 438 2788 509 γάμου
2814 438 3060 509 ἡμερῶν,
3120 438 3537 505 Ἐξαπὸστειλὸν
3598 461 3690 513 με,

440 548 647 612 Tobias
677 560 744 600 eo
775 543 1119 613 apprehenso
1143 585 1155 602 .
1206 540 1331 594 felle
1366 538 1583 592 inunxit
1621 539 1742 606 ejus
1771 539 1963 593 oculos
1993 557 2005 591 :

436 655 576 711 quos
619 638 715 692 ubi
748 637 838 691 ille
886 644 1251 703 compunctus
1299 630 1596 693 defricuit,
1647 630 1848 700 albngo
1882 629 2010 684 inde

437 746 791 803 squamarum
822 729 1002 782 instar
1027 725 1256 781 decidit.
1290 723 1415 778 Viso
1455 723 1624 792 igitur
1665 721 1777 775 ﬁlio
1821 722 2012 776 laudat

438 825 639 879 Deum:
674 835 910 890 cumque
943 818 1206 875 audisset.
1234 815 1368 886 quid
1400 816 1450 869 ei
1482 813 1627 885 apud
1658 813 1842 869 Medos
1871 814 2013 868 acci-

437 916 638 975 disset,
671 925 924 983 egressus
956 919 1042 964 est
1077 921 1291 978 sponsae
1321 904 1579 969 obviam,
1613 916 1670 959 et
1698 905 1838 960 bene
1878 919 2009 974 pre-

436 1017 612 1061 catus.
635 1004 890 1059 Ninivita:
915 1011 1099 1056 autem
1123 1040 1136 1065 ,
1164 1014 1288 1054 eum
1312 1013 1438 1053 eum
1462 997 1651 1053 videre
1679 1006 1972 1053 cernerent
1992 1035 2008 1060 ,

436 1110 492 1153 et
524 1096 810 1168 magniﬁca
834 1093 928 1149 Dei
961 1106 1128 1160 opera
1155 1090 1413 1144 audirent
1431 1129 1444 1150 ,
1473 1088 1839 1143 mirabantur.
1866 1088 2013 1143 Dixit

437 1200 621 1245 autem
656 1187 890 1242 Tobitus
918 1184 1030 1240 ﬁlio
1051 1224 1065 1249 ,
1097 1190 1159 1237 ut
1200 1197 1302 1236 suo
1331 1180 1520 1235 comiti
1549 1180 1859 1235 mercedem
1885 1196 2009 1235 cum

436 1281 687 1337 auctario
738 1279 912 1333 daret.
978 1276 1178 1331 Verum
1240 1272 1484 1326 Tobias:
1539 1272 1738 1334 Pater,
1787 1272 2008 1341 inquit,

434 1388 642 1442 atqttttm
667 1378 741 1422 est
771 1383 885 1429 eum
913 1365 1180 1418 semissem
1206 1378 1382 1415 eorum
1406 1363 1641 1416 omnium
1664 1377 1783 1431 qua:
1806 1361 2010 1426 attulit,

433 1465 690 1531 accipere.
728 1459 797 1513 Et
827 1454 1091 1526 Rapltaeli
1127 1453 1203 1507 ait
1233 1472 1245 1507 :
1278 1452 1353 1507 Mi
1380 1456 1552 1523 frater
1597 1454 1793 1507 Azaria
1818 1495 1834 1518 ,
1865 1468 2012 1507 sume

433 1551 714 1605 dimidium
748 1562 928 1601 eorum
959 1543 1196 1598 omnium
1219 1558 1336 1613 qua:
1375 1542 1638 1610 attulisti,
1670 1552 1718 1597 et
1742 1543 1867 1597 bene
1896 1560 2012 1596 am-

434 1642 579 1695 bula.
610 1640 748 1693 Tum
783 1637 1012 1709 angelus
1042 1644 1342 1704 utrumque
1387 1634 1622 1698 seducit,
1647 1640 1701 1687 et
1735 1634 1817 1687 eis
1845 1647 2010 1702 opera

433 1735 530 1789 Dei
562 1731 846 1802 magniﬁca
887 1742 1214 1791 recensens,
1260 1740 1321 1781 se
1355 1725 1691 1796 Rapltaelem
1731 1740 1852 1779 esse
1885 1724 1962 1779 ait
1992 1741 2007 1779 :

2113 528 2192 596 τῷ
2229 527 2507 598 Ῥαγουὴλ
2536 529 2565 580 ὁ
2596 527 2813 590 Ῥοδίας
2832 527 2992 596 φησί.
3045 528 3155 581 Kal
3210 529 3390 584 λαϐὼν
3448 532 3548 602 τὴν
3597 549 3695 599 γυε

2112 622 2275 673 ναῖκα
2306 620 2495 684 αὑτοῦ,
2523 621 2614 673 καί
2642 620 2700 672 τὺ
2735 621 2911 691 ἥμισυ
2943 620 3052 673 τῶν
3074 620 3427 691 ὑπαρχόντων
3461 623 3540 692 τῷ
3571 623 3694 677 Ῥα-

2113 712 2302 782 γουὴλ,
2329 713 2521 784 ἀπῄει;
2561 714 2720 783 ’Ἄρτι
2753 711 2807 765 δὲ
2836 712 3064 781 πλησίον
3104 715 3414 783 γενομένων
3457 718 3556 786 τῆς
3598 716 3694 769 Nu

2114 802 2248 865 νευῒ,
2279 806 2447 872 φησιν
2473 805 2502 856 ὁ
2525 802 2756 871 ἅγγελος
2809 804 2948 873 πρὸς
3003 803 3167 857 αὐτόν
3186 819 3200 834 ·
3260 804 3695 874 Προδράμωμεν

2113 895 2480 964 ἔμπροσθεν,
2502 894 2909 964 ἑτοιμάσωμεν
2924 894 3038 963 τὴν
3056 897 3269 950 οὶκίαν.
3298 896 3451 950 Λάϐε
3467 898 3534 950 δὲ
3544 902 3696 966 μετὰ

2113 984 2317 1053 xei-pag
2338 984 2455 1052 τὴν
2477 985 2674 1052 χολὴν
2718 984 2825 1039 τοῦ
2856 988 3079 1053 ἰχθύος,
3126 987 3223 1039 καὶ
3270 987 3495 1052 ἀνοίξει
3551 989 3694 1056 τοὺς

2114 1077 2670 1146 ὀρθαλμοὺςαηύτοῦ
2698 1080 2730 1131 ό
2772 1077 2970 1146 πατήρ
3005 1093 3145 1132 σου·
3183 1079 3265 1131 σὺ
3301 1079 3367 1131 δὲ
3407 1080 3715 1148 emptam"

2113 1169 2337 1234 αὐτοὺς
2352 1169 2423 1237 τῇ
2440 1169 2619 1237 χολῇ,
2638 1171 2735 1223 καί
2759 1169 2833 1236 δη
2840 1170 3004 1238 χθεὶς
3018 1169 3310 1240 διατρίψει
3330 1171 3574 1238 αὐτοὺς,
3594 1172 3694 1227 καὶ

2113 1260 2415 1316 ἀποϐαλεῖ
2441 1263 2512 1315 τὰ
2544 1260 2918 1331 λευκώματα.
2951 1262 3094 1315 Ἡδὲ
3143 1263 3327 1333 μήτηρ
3361 1263 3526 1316 αὐτοῦ
3559 1264 3694 1318 ἐ.κά-

2115 1353 2246 1423 θητο
2270 1356 2516 1423 τηροῦσα
2550 1353 2650 1424 τὴν
2701 1355 2821 1407 ὀδόν
2847 1370 2863 1385 '
2895 1355 2990 1408 καὶ
3027 1354 3101 1417 ὼς
3136 1354 3279 1423 ἔγνω
3307 1354 3399 1407 τὸν
3447 1355 3562 1409 υίὶν
3595 1357 3696 1408 αὺ-

2113 1446 2211 1513 τῆς
2239 1445 2557 1515 ἐρχόμενον,
2596 1445 2906 1510 σπεύσασα,
2935 1449 3070 1515 φησὶ
3090 1446 3169 1514 τῷ
3201 1446 3404 1500 Τωδίτ·
3436 1447 3695 1518 Ἔρχεται

2114 1538 2143 1590 ὁ
2175 1539 2287 1601 υἱός
2311 1556 2429 1591 σου.
2472 1539 2582 1591 Kal
2614 1538 3068 1610 προσδραμοῦσα,
3106 1542 3476 1609 κατεφίλησεν
3504 1541 3691 1608 αὑτὸν,

2115 1629 2210 1682 καὶ
2240 1625 2395 1683 εἶπεν
2415 1646 2427 1660 ·
2455 1627 2641 1685 Εἷδόν
2672 1648 2770 1696 σε,
2806 1630 2934 1696 παῖ,
2962 1631 3059 1685 καὶ
3092 1630 3242 1693 νῦν,
3291 1633 3343 1684 εὶ
3378 1630 3692 1700 θανοῦμαι,

2116 1723 2189 1776 οὐ
2224 1722 2418 1790 μέλον
2457 1741 2581 1792 μοι.
2650 1723 2834 1777 Τωὸὶτ
2877 1724 2934 1776 δὲ
2995 1722 3142 1794 ἐξῄει
3184 1723 3323 1796 πρὸς
3369 1724 3468 1795 τὴν
3519 1725 3694 1796 θύραν

433 1841 536 1880 nec
583 1839 682 1878 sua
731 1829 926 1892 s'pozite
958 1819 1175 1874 venisse
1196 1858 1211 1883 ,
1243 1816 1340 1872 sed
1365 1831 1396 1870 a
1428 1816 1538 1870 Deo
1570 1830 1694 1870 esse
1735 1815 1962 1870 missum
1993 1831 2006 1867 :

2120 1814 2505 1885 προσκύπτων,
2552 1817 2644 1869 καὶ
2674 1818 2702 1869 ὁ
2731 1815 2946 1878 Τωϐίας
2994 1816 3162 1870 αὑτοῦ
3219 1816 3540 1879 ἐπελάϐετο,
3596 1818 3694 1871 iul

434 1928 621 1972 monet
654 1927 716 1970 ut
745 1915 918 1969 Deum
967 1911 1283 1975 celebrent,
1319 1908 1551 1979 ejusque
1601 1909 1653 1961 in
1690 1921 1750 1962 se
1788 1906 2005 1962 beneﬁ-

431 2010 668 2065 centiam
721 2004 1044 2077 praedicent.
1098 2000 1240 2057 Nam
1280 2016 1579 2065 arcanum,
1623 1998 1837 2068 inquit,
1870 1999 2008 2067 regis

435 2101 623 2156 uelare
645 2100 836 2152 bonum
857 2106 933 2149 est
959 2110 977 2160 ;
1018 2092 1113 2147 Dei
1139 2100 1317 2147 autem
1343 2107 1503 2161 opera
1530 2097 1654 2143 sunt
1688 2089 2008 2143 celebranda

443 2204 479 2246 at
505 2191 830 2246 extollendo.
872 2188 956 2243 llli
991 2186 1077 2240 his
1103 2183 1340 2247 auditis,
1386 2178 1455 2236 ad
1498 2181 1667 2249 pedes
1712 2181 1835 2250 ejus
1879 2188 2009 2235 sunt

432 2282 672 2355 prolapsi
700 2300 713 2335 :
743 2280 839 2335 sed
872 2293 998 2333 cum
1028 2274 1424 2339 surrexissent,
1450 2288 1579 2327 eum
1610 2288 1718 2327 non
1745 2272 2010 2327 viderunt

431 2375 694 2446 amplius,
723 2381 780 2427 et
818 2370 1194 2442 praedicarunt
1241 2364 1506 2420 miracula
1549 2364 1817 2419 divinitus
1855 2363 1910 2418 in
1947 2378 2007 2418 se

430 2468 600 2524 edita.
629 2465 800 2521 Natus
838 2472 960 2518 erat
992 2459 1261 2524 Tobitus,
1306 2472 1434 2513 cum
1465 2457 1646 2512 visum
1680 2456 1962 2512 amitteret
1990 2495 2005 2521 ,

431 2576 608 2617 annos
631 2555 1030 2629 quinquaginta
1055 2560 1182 2607 octo
1202 2591 1219 2617 ,
1250 2564 1489 2620 eumque
1512 2557 1638 2620 post
1673 2562 1849 2603 annos
1880 2554 2007 2602 octo

432 2650 806 2724 recuperavit,
837 2656 895 2704 et
920 2648 988 2702 ab
1012 2660 1081 2701 eo
1106 2653 1358 2715 tempore
1389 2641 1565 2712 magis
1587 2640 1757 2696 etiam
1796 2641 2011 2696 veritus

430 2756 518 2802 est
543 2744 717 2800 Deum
746 2784 761 2808 ,
798 2748 856 2796 et
880 2739 1057 2810 majus
1087 2732 1314 2790 virtutis
1347 2731 1590 2788 studium
1620 2731 1836 2786 habuit.
1869 2729 2009 2786 Cum

432 2838 593 2907 plane
621 2832 1042 2894 consenuisset,
1070 2826 1262 2883 Tobiae
1292 2826 1431 2882 dixit
1461 2843 1475 2879 ε
1509 2823 1624 2896 Ego
1650 2866 1665 2891 ,
1696 2823 1780 2893 ﬁli
1806 2864 1820 2891 ,
1849 2823 2011 2890 plane

430 2928 698 2986 ronsenui.
713 2924 948 2996 jamiam
974 2921 1284 2975 moriturus.
1313 2916 1387 2971 Tu
1412 2930 1535 2970 vero
1558 2931 1677 2969 cum
1702 2912 1880 2966 liberis
1904 2912 2009 2965 tuis

429 3020 760 3092 proﬁciscere
789 3019 845 3070 in
881 3014 1136 3068 Mediam.
1180 3009 1505 3066 Persuasum
1530 3008 1672 3060 enim
1701 3004 1865 3058 habeo
1894 3042 1908 3067 ,
1945 3017 2008 3055 ea

427 3131 544 3188 qua:
565 3113 731 3168 Jonas
754 3110 818 3164 de
847 3109 1061 3162 Ninives
1083 3104 1283 3159 excidio
1306 3101 1573 3172 praedixit,
1598 3106 1846 3151 euentura
1874 3109 2005 3149 esse.

428 3203 797 3274 Hierosolyma
831 3202 956 3255 item
998 3198 1109 3268 fore
1135 3196 1343 3249 deserta
1368 3232 1383 3257 ,
1416 3200 1464 3245 et
1500 3188 1753 3259 templum
1789 3189 2002 3242 combu-

426 3309 568 3354 stum
610 3298 716 3350 iri:
743 3293 833 3347 sed
862 3292 967 3344 Deo
990 3288 1106 3342 urbi
1131 3282 1496 3345 reconciliata,
1534 3279 1791 3352 populum
1825 3294 2008 3332 rever—

426 3405 635 3453 surum,
656 3395 704 3440 et
743 3401 860 3438 eam
883 3382 1340 3436 instauraturum.
1377 3375 1456 3428 Tu
1482 3390 1603 3428 vero
1634 3372 1800 3443 legem
1830 3371 2009 3424 obser-

2109 1903 2373 1974 ἐπέχρισε
2412 1905 2514 1973 τὴν
2547 1903 2710 1975 χολὴν
2742 1904 2836 1958 ἐπὶ
2864 1906 2990 1968 τοὺς
3021 1904 3338 1975 ὀφθαλμοὺς
3369 1905 3559 1971 αὑτοῦ,
3599 1907 3693 1959 καὶ

2110 1994 2537 2066 συνεδήχθησαν,
2584 1998 2681 2050 καὶ
2724 1996 3003 2066 διέτριψεν
3037 1997 3258 2064 αὐτοὺς,
3303 2000 3396 2051 καὶ
3429 1997 3692 2069 ἐλεπίσθη

2109 2088 2205 2141 ἀπ’
2238 2088 2425 2143 αὐτῶν
2459 2091 2527 2141 τὰ
2555 2086 2912 2154 λευκώματα.
2941 2089 3052 2142 Kal
3079 2089 3203 2143 ίδὼν
3230 2090 3323 2143 τὸν
3353 2090 3467 2143 υἱὸν
3499 2091 3691 2154 αὑτοῦ,

2109 2177 2372 2245 εὐλόγησε
2401 2179 2495 2230 τὸν
2533 2177 2688 2230 Θεόν.
2735 2179 2841 2230 Kal
2867 2178 2942 2241 ὼς
2975 2178 3267 2249 ἀπηγγέλη
3301 2179 3378 2251 τῷ
3404 2180 3586 2234 Τωὸὶτ
3622 2181 3692 2234 τὰ

2111 2268 2373 2336 γεγονότα
2412 2268 2491 2339 τῷ
2539 2268 2727 2340 Τωϐία
2785 2270 2844 2322 ἐν
2896 2270 3103 2341 Μηδίᾳ,
3140 2271 3333 2341 ἐξῆλθε
3376 2272 3556 2326 Τωϐὶτ
3610 2275 3692 2336 είς

2110 2363 2440 2432 συνάντησιν
2466 2362 2568 2432 τῆς
2602 2361 2824 2433 νύμφης
2853 2362 3043 2417 αὐτοῦ.
3073 2365 3181 2417 Kal
3221 2363 3345 2417 ἰδὼν
3374 2364 3568 2434 αὐτὴν,
3599 2366 3692 2417 εὖ·

2111 2454 2349 2525 λόγησεν
2403 2455 2593 2526 αὑτήν.
2640 2456 2705 2508 Ol
2742 2456 2799 2509 δὲ
2848 2457 2905 2511 ἐν
2935 2461 3002 2525 τῇ
3037 2457 3228 2512 Νινευῒ
3254 2458 3490 2529 ὁρῶντες
3525 2462 3691 2514 αὑτέν

2113 2545 2405 2617 βλέποντα,
2449 2547 2547 2600 καὶ
2585 2547 2890 2616 ἀκηκοότες
2929 2549 3029 2603 ὃσα
3062 2551 3324 2620 ἐποίησεν
3361 2552 3390 2604 ὁ
3424 2551 3558 2616 Θεὸς
3595 2570 3687 2622 μεα

2109 2639 2325 2709 γαλεία,
2363 2636 2702 2708 ἐθαύμαζον.
2739 2635 2877 2694 Εἷπε
2921 2642 2979 2696 δὲ
3010 2643 3193 2697 Τωϐὶτ
3233 2643 3310 2715 τῷ
3354 2644 3455 2715 υἱῷ
3498 2644 3688 2698 αὐτοῦ’

2116 2729 2216 2793 Δὸς
2246 2728 2335 2802 δη,
2376 2730 2591 2794 τέκνον,
2623 2730 2715 2783 τὸν
2757 2731 2950 2802 μισθὸν
2976 2733 3053 2804 τῷ
3081 2734 3357 2807 ἀνθρώπῳ
3394 2736 3471 2808 τῷ
3502 2737 3691 2805 συνελτ

2112 2821 2257 2876 θόντι
2310 2839 2416 2889 σοι,
2474 2824 2675 2893 μᾶλλον
2709 2826 2896 2894 μέντοι
2932 2827 3024 2878 xai.
3063 2828 3381 2897 προσθεῖναι
3404 2829 3556 2898 αὐτῷ
3585 2829 3688 2884 δεῖ.

2120 2913 2180 2968 ’0
2221 2915 2300 2979 δὲ,
2329 2915 2542 2985 Πάτερ,
2575 2918 2700 2987 ἔφη,
2731 2920 2803 2972 τὰ
2838 2917 3030 2987 ἡμίση
3084 2904 3296 2973 ,λαϐεῖν
3342 2913 3429 2973 ὧν
3472 2921 3690 2986 ἐνήνο-

2112 3023 2205 3075 χε,
2257 3006 2491 3073 δίκαιός
2542 3011 2697 3064 ἐστι.
2758 3011 2869 3063 Kal
2910 3008 3030 3063 εἶπε
3092 3010 3170 3081 τῷ
3211 3011 3481 3083 Ῥαφαήλ·
3532 3016 3691 3067 Λάϐε

2106 3116 2231 3167 μοι,
2258 3098 2485 3169 ἀδελφὲ
2519 3100 2761 3171 Ἀζαρία,
2789 3102 2857 3155 τὸ
2888 3101 3077 3171 ἣμισυ
3103 3101 3346 3157 πάντων
3370 3097 3457 3157 ὧν
3480 3105 3693 3172 ἐνηνό-

2111 3209 2321 3262 χαμεν,
2354 3195 2452 3247 καὶ
2486 3194 2747 3262 πορεύου
2777 3196 3082 3264 ὑγιαίνων.
3121 3194 3253 3250 Τότε
3277 3197 3514 3261 καλέσας
3545 3199 3688 3251 κατὰ

2113 3284 2282 3353 μόνας
2316 3286 2441 3348 τοὺς
2471 3284 2565 3338 δύο
2586 3287 2616 3339 ὁ
2645 3286 2879 3354 ἄγγελος
2895 3288 3230 3358 ἀπήγγειλεν
3252 3288 3399 3342 ἅπαν
3426 3293 3487 3342 τι
3515 3308 3689 3360 μεγα-

2109 3374 2271 3441 λεῖον,
2299 3376 2327 3430 ὃ
2348 3378 2572 3448 ἐποίησε
2607 3378 2728 3449 μετ’
2754 3380 2937 3434 αὐτῶν
2970 3382 2999 3434 ὁ
3035 3382 3195 3443 Θεός.
3233 3382 3342 3435 Kal
3361 3376 3518 3434 εἶπεν
3547 3378 3687 3435 εἶναι

427 3491 571 3548 unto,
609 3489 658 3534 et
690 3477 983 3532 misericors
1018 3481 1127 3525 esto
1152 3478 1200 3522 et
1214 3468 1423 3539 justus.
1457 3464 1551 3520 llis
1578 3463 1691 3518 ﬁlio
1736 3461 2007 3518 mandatis

2114 3469 2137 3520 ὁ
2182 3467 2451 3539 Ῥαφαὴλ,
2494 3473 2591 3524 καὶ
2625 3473 2700 3543 μὴ
2731 3473 2823 3542 ἀφ’
2842 3473 3041 3527 ἑαυτοῦ
3070 3473 3506 3543 παραγενέσθαι,
3551 3474 3688 3527 ἀλλὰ

427 3569 753 3642 exspiravit,
781 3578 957 3621 annos
982 3570 1205 3616 centum
1239 3555 1634 3627 quinquaginta
1671 3561 1795 3608 octo
1826 3561 2003 3606 natus.

2114 3559 2368 3631 σταλῆναι
2390 3561 2493 3615 ὑπὸ
2524 3563 2681 3617 Θεοῦ.
2727 3565 2836 3617 Kal
2874 3564 3184 3637 παρῄνεσεν
3215 3567 3413 3629 αὐτοὺς
3433 3565 3681 3633 εὐλογεῖν

427 3664 506 3719 Eo
533 3660 735 3715 Tobias
773 3672 882 3711 una
915 3669 1040 3709 cum
1067 3659 1241 3705 matre
1273 3646 1581 3703 honoriﬁce
1606 3645 1847 3716 sepulto,
1879 3658 2007 3699 cum

2114 3651 2200 3704 τὸν
2250 3652 2418 3715 Θεὸν,
2473 3656 2568 3707 καὶ
2613 3653 3058 3725 ἐξομολογεῖσθαι
3114 3657 3217 3711 ὅσα
3277 3658 3505 3727 ἐποίησε
3561 3659 3684 3727 μετ’

428 3770 598 3811 uxore
624 3752 897 3808 Ecbatana
927 3744 1117 3801 Media:
1159 3743 1227 3797 ad
1257 3755 1511 3797 socerum
1547 3729 1841 3807 ltagut-lcm
1876 3750 2007 3803 [που

2114 3743 2314 3799 αὐτῶν.
2373 3746 2728 3816 Μυστήριω⁴
2784 3749 2903 3818 μὲν
2950 3749 3062 3820 γὰρ
3117 3749 3469 3816 βασιλέως,
3526 3750 3632 3821 ἔφη
3666 3789 3683 3817 9

426 3847 733 3906 ﬁciscitur:
761 3856 925 3913 quem
955 3852 1082 3894 cum
1107 3843 1165 3891 et
1186 3836 1529 3916 ipsumnatu
1553 3830 1815 3902 grandem
1846 3842 2003 3897 sepe-

2116 3835 2404 3905 κρύπτειν
2455 3840 2685 3892 καλόν·
2716 3839 2788 3894 τὰ
2818 3839 2887 3892 δὲ
2925 3840 3070 3910 ἔργα
3106 3840 3211 3895 τοῦ
3257 3841 3685 3911 Esaias-ann-

423 3943 599 4003 lisset,
627 3935 1005 3993 lnereditatem
1028 3932 1151 4001 ejus
1172 3928 1308 3983 adit.
1330 3927 1580 3982 Mortuus
1600 3932 1683 3977 est
1705 3931 1762 3976 et
1782 3920 2002 3983 Tobias,

2114 3929 2346 3995 ρύττειν
2395 3929 2649 3995 ἔνδοξον
2699 3930 2833 4003 (87).
2893 3934 2958 3986 Οἱ
3002 3933 3083 3999 δὲ,
3134 3933 3467 3998 ἀκούσαντες
3487 3935 3683 4001 ταῦτα,

429 4033 593 4106 146
617 4046 791 4087 annos
818 4038 979 4084 natus
1003 4033 1226 4081 centum
1256 4019 1450 4090 viginti
1476 4028 1685 4087 septem
1707 4058 1720 4077 ,
1752 4012 1999 4106 audivit-

2114 4018 2306 4073 ἔπεσον
2335 4020 2439 4074 ὑπὸ
2469 4023 2593 4085 τοὺς
2617 4022 2784 4085 πόδας
2805 4022 2996 4088 αὐτοῦ,
3021 4025 3116 4078 καὶ
3140 4024 3468 4089 ἀναστάντες
3498 4025 3687 4079 οὐκέτι

426 4104 537 4194 que
560 4163 576 4189 ,
613 4122 932 4191 priusquam
966 4116 1169 4178 obiret,
1204 4110 1483 4167 excidium
1515 4107 1741 4167 Ninives
1768 4119 1797 4158 a
1825 4104 2007 4157 Nabu-

2114 4111 2277 4164 αὑτὸν
2325 4108 2485 4181 εἶδον,
2526 4114 2623 4167 καὶ
2661 4115 3146 4186 ἀνθωμολογοῡντο
3175 4116 3253 4187 τῷ
3299 4115 3419 4186 Θεῴ
3457 4117 3572 4170 ἀνθ’
3609 4110 3686 4171 ὧν

428 4213 808 4270 chodonosore
829 4217 887 4265 et
919 4204 1163 4278 Assyriis
1186 4211 1381 4272 captaa.

2115 4200 2236 4270 μετ’
2283 4204 2464 4258 αὐτῶν
2525 4206 2850 4277 θαυμασίων
2899 4207 3178 4279 ἐποίησεν.
3225 4204 3432 4263 Ἦν.δέ
3481 4208 3683 4276 Τωϐὶτ,

426 4307 516 4360 ὅτε
561 4288 660 4378 τὴν
701 4306 891 4376 ὅρασιν
939 4297 1110 4356 αὑτοῦ
1153 4294 1477 4360 ἀπώλεσεν,
1524 4289 1663 4344 ἐτῶν
1706 4290 2048 4361 πεντήκοντα
2088 4296 2182 4348 καὶ
2220 4297 2387 4367 ὀκτὼ,
2435 4298 2530 4354 καὶ
2579 4303 2719 4371 μετὰ
2766 4300 2862 4372 ἔτη
2910 4301 3057 4354 ὀκτὼ
3129 4286 3480 4375 ἀποκατέστη
3523 4303 3686 4358 πάλιν

427 4401 508 4460 εἰς
536 4397 600 4450 τὺ
628 4397 787 4467 ὁρᾷν,
826 4394 922 4448 καὶ
968 4387 1039 4463 ἦν
1074 4388 1279 4462 μᾶλλον
1324 4386 1514 4439 ἔκτοτε
1547 4380 1889 4453 φοϐούμενος
1955 4383 2048 4439 τὸν
2112 4387 2267 4454 Θεὸν,
2313 4392 2410 4444 καὶ
2454 4390 2516 4444 τὸ
2547 4393 2753 4460 ἀγαθὸν
2805 4393 3200 4463 ἐργαζόμενος.
3241 4394 3578 4466 “mpnf”;
3627 4396 3684 4449 δὲ

427 4490 510 4553 είς
547 4489 801 4559 ἔσχατον,
840 4485 993 4553 λέγει
1053 4481 1134 4552 τῷ
1188 4478 1292 4545 υίῷ
1344 4475 1510 4531 αὐτοῦ
1539 4492 1553 4506 ’
1596 4473 1842 4539 Τέκνον,
1883 4473 2015 4529 ἰδοὺ
2058 4479 2381 4548 reg-ripaue,
2411 4482 2511 4536 καί
2559 4484 2714 4551 πρὸς
2749 4483 2830 4549 τῷ
2861 4485 3068 4539 θανεῖν
3100 4488 3240 4555 είμι’
3281 4487 3362 4541 σὺ
3396 4488 3465 4540 δὲ
3537 4484 3686 4542 ,λάϐε

428 4581 575 4645 τοὺς
632 4579 812 4643 υἱούς
860 4593 1015 4639 σου,
1068 4573 1170 4628 καὶ
1238 4573 1464 4626 ἄπελθε
1517 4572 1605 4636 είς
1657 4568 1919 4636 Μηδίαν.
2004 4569 2339 4641 Πέπεισμαι
2425 4574 2569 4643 γὰρ,
2628 4574 2718 4630 ὅτι
2772 4578 2890 4631 ὅσα
2942 4578 3228 4647 προεῖπεν
3281 4579 3488 4645 Ἰωνᾶς
3546 4584 3681 4653 περὶ

425 4670 677 4739 Νινευτ,
738 4670 819 4738 ὡς
908 4663 1481 4736 καταστραφήσεται
1507 4698 1523 4721 .
1603 4659 2006 4730 γενήσονται,
2041 4664 2140 4716 καὶ
2189 4665 2280 4719 ὅτι
2355 4665 2741 4737 Ἱεροσόλυμα
2785 4669 2974 4739 ἔρημα
3030 4673 3226 4738 ἔσται,
3276 4675 3373 4727 καὶ
3448 4677 3483 4728 ὀ
3534 4684 3684 4742 ναὸς

426 4766 977 4836 κατακαυθήσεται,
1013 4760 1115 4816 καί
1141 4757 1332 4814 πάλιν
1384 4752 1633 4824 ἐλεήσει
1675 4753 1792 4822 τὴν
1817 4757 1999 4808 πόλιν
2036 4757 2070 4810 ό
2134 4756 2300 4824 Θεὸς,
2332 4760 2430 4812 καὶ
2465 4758 2815 4831 ἐπιστρέψει
2845 4764 2877 4816 ὀ
2907 4763 3080 4830 λαὸς,
3140 4764 3236 4818 καί
3281 4766 3671 4838 οἰκοδομήσει

423 4861 640 4929 αὐτήν.
688 4862 773 4915 Σὺ
820 4857 890 4912 δὲ
940 4854 1210 4924 τήρησον
1261 4850 1372 4910 τὸν
1419 4849 1633 4918 νόμον,
1681 4848 1779 4903 καὶ
1833 4850 2006 4919 γίνου
2033 4848 2311 4920 ἐλεήμων
2360 4852 2459 4906 καὶ
2533 4852 2786 4921 δίκαιος.
2862 4857 2972 4909 Καὶ
3027 4858 3252 4913 τοιαῦτα
3299 4861 3683 4933 ἐντειλάμενος

421 4955 503 5027 τῷ
536 4953 643 5025 υίῷ
692 4951 886 5015 αὐτοῦ.
933 4947 1204 5015 ἐξέλιπεν,
1258 4944 1399 4999 ἐτῶν
1451 4941 1748 5012 γενόμενος
1805 4944 2004 5000 ἑκατὸν
2080 4945 2426 5016 πεντήκοντα
2455 4948 2551 5002 καὶ
2586 4948 2773 5002 ὀκτὼ·
2849 4952 2943 5005 καὶ
2990 4951 3191 5023 ἔθαψεν
3237 4954 3400 5008 αὐτὸν
3441 4955 3682 5028 ἐντίμως

424 5047 664 5115 Τωϐίας,
712 5047 806 5101 καὶ
835 5044 937 5115 τὴν
979 5042 1194 5115 μητέρα
1228 5038 1419 5103 αὐτοῦ,
1470 5036 1566 5090 καὶ
1597 5034 1812 5105 ἀπῆλθε
1854 5036 1994 5106 μετὰ
2033 5037 2136 5108 τῆς
2166 5038 2424 5107 γυναικὸς
2473 5041 2641 5095 αὐτοῦ
2682 5044 2764 5107 είς
2848 5043 3157 5100 Ἐκϐάτανα
3196 5044 3334 5115 πρὸς
3411 5046 3681 5122 Ῥαγουὴλ

422 5142 515 5194 τὸν
544 5139 810 5211 πενθερὸν
830 5138 1019 5204 αὑτοῦ,
1044 5137 1140 5192 xal
1163 5133 1338 5203 ἔθαψε
1365 5132 1623 5186 κάκεῖνον
1687 5130 2031 5201 γηράσαντα,
2107 5132 2203 5185 καὶ
2271 5130 2721 5207 ἐκληρονόμησεν
2776 5138 2961 5192 αὐτόν.
3026 5138 3298 5193 Ἀπέθανε
3349 5140 3407 5194 δὲ
3460 5141 3680 5210 Τωϐίας

422 5234 563 5289 ἐτῶν
601 5232 798 5287 ἑκατὸν
838 5231 1017 5286 είκοσι
1056 5228 1154 5284 καὶ
1206 5227 1350 5282 emat
1390 5227 1448 5279 ἐν
1490 5222 1848 5286 Ἐκϐατάνοις
1897 5223 1996 5293 τῆς
2034 5224 2275 5296 Μηδίας,
2343 5230 2439 5282 καὶ
2479 5229 2681 5299 ἠκουσε
2711 5229 2819 5299 πρὸ
2850 5230 2947 5284 τοῦ
2994 5231 3179 5286 θανεῖν
3227 5231 3330 5302 τὴν
3397 5235 3681 5290 ἀπώλειαν

422 5326 632 5395 Νινευῖ,
660 5323 1195 5399 αἰχμαλωτισθείσης
1239 5320 1344 5375 ὑπὸ
1365 5314 1843 5386 Ναὸουχοδονὸσορ
1883 5318 1977 5368 καὶ
2012 5317 2338 5387 Ἀσσυρίων.

494 5420 610 5475 XV.
635 5421 826 5477 Omnis
854 5421 1020 5492 igitur
1054 5417 1410 5474 Hebraeorum
1461 5409 1729 5481 populus,
1780 5419 1838 5463 ut
1884 5410 1997 5480 jam

2184 5411 2278 5466 IE'.
2312 5414 2386 5466 Τὸ
2429 5415 2527 5484 μὲν
2558 5415 2651 5471 οὖν
2686 5417 2907 5488 σύμπαν
2944 5418 3053 5472 τῶν
3095 5418 3361 5492 Ἐϐραίων
3400 5421 3574 5493 ἔθνος,
3602 5426 3682 5492 ὡς

680 5578 754 5609 V
1590 5576 1792 5637 Variae
1824 5572 2129 5638 lectiones
2174 5582 2234 5639 et
2269 5585 2456 5638 nota).

492 5699 604 5771 (87)
638 5699 1100 5771 ’ᾼνακηρύττειν
1117 5698 1405 5771 ἕενδοεαιοί.Δ
1420 5699 1573 5753 Alter
1590 5697 1763 5753 codex
1782 5703 1839 5751 et
1855 5710 1986 5771 mss.

2097 5698 2204 5770 legi
2234 5707 2432 5768 potest,
2468 5698 2511 5752 si
2541 5701 2772 5767 ἐνδόξως
2806 5702 2872 5755 ad
2914 5703 3144 5758 verbum
3176 5705 3581 5770 ἀνακηρύττειν
3616 5704 3681 5766 et

420 5766 553 5843 Reg.
584 5766 641 5827 et
670 5769 826 5855 Colb.
857 5771 1062 5826 habent
1088 5771 1331 5836 ὲνδὲζως.
1368 5769 1670 5839 Utrumque
1697 5766 1988 5824 commode
2096 5766 2258 5822 καλὸν
2288 5784 2388 5840 per
2416 5784 2639 5840 zeugma
2676 5766 2979 5842 repetatur,
3009 5770 3189 5846 inquit
3215 5766 3469 5833 Wolﬁus.
