3980 6246
288 325 392 397 ἓῖ3

1513 326 1920 393 ANNAIJUM
1961 335 2111 397 LIB,
2149 337 2269 398 III.
2318 342 2326 349 ’

3423 333 3535 396 2τὲ

286 438 387 507 ήδη
444 435 751 509 ἱστόρηται,
797 438 1142 507 δςρυάλωτον
1187 443 1498 521 παρὰρῶν
1551 446 1856 517 Ἀσσυρίων

1969 455 2268 520 expositum
2292 460 2396 515 est,
2422 453 2491 508 ab
2514 452 2750 522 Assyriis
2770 461 2986 522 captus,
3008 459 3065 507 et
3084 452 3193 507 alio
3236 452 3536 506 translatus

286 528 605 597 γενόμενον,
638 530 977 601 μετῳκίσθη,
1029 535 1124 587 καὶ
1178 534 1385 605 ἔρημος
1420 538 1452 607 ἡ
1496 539 1858 611 Ἰερουσαλὴμ

287 621 717 683 κατελέλειπτο,
774 624 834 676 οὐ
883 626 1151 694 πρότερον
1201 644 1259 679 τε
1327 629 1429 696 τῆς
1480 632 1858 700 αίχμαλωσίας

283 713 470 782 ἐλύθη,
505 714 637 784 πρὶν
669 716 702 785 ἢ
730 715 838 767 τῶν
868 717 1172 780 Ἀσσυρίων
1204 721 1476 790 κατελύθη
1518 724 1660 794 ἀρχὴ
1717 728 1860 781 κατὰ

284 805 380 875 τὴν
424 807 775 879 προφητικὴν
825 812 1230 880 προαγόρευσιν
1278 814 1381 866 ὑπὸ
1426 816 1628 886 Μήδων
1660 835 1719 869 τε
1765 820 1858 872 καὶ

283 899 536 968 Περσῶν,
594 901 691 954 καὶ
741 904 793 955 οί
842 904 1219 974 ἑϐδομήκοντα
1276 908 1558 977 παρῆλθον
1597 910 1859 975 ἐνιαυτοὶ,

282 986 377 1053 οὓς
425 991 454 1042 δ
508 992 798 1062 προφήτης
857 994 1137 1065 Ἱερεμίας
1197 998 1676 1068 προανεφώνησεν.
1745 1002 1859 1054 Οὐκ

284 1079 517 1152 ἄκαιρον
548 1081 595 1136 δ’
625 1081 691 1137 ἂν
724 1083 810 1152 εἴη
844 1086 940 1139 καὶ
971 1086 1067 1154 τῆς
1097 1086 1208 1139 τῶν
1231 1089 1293 1143 Ἀ
1309 1089 1541 1161 τσυρίων
1577 1090 1858 1160 βασιλείας

286 1174 750 1244 ὲπιτετμημένως
783 1175 1077 1241 διεξελθεῖν
1115 1177 1216 1245 τὴν
1247 1180 1590 1251 καθαίρεσιν.
1631 1183 1725 1234 καὶ
1754 1182 1860 1235 δεῖ·

288 1263 373 1327 ξαι
414 1265 516 1335 τὴν
556 1266 908 1338 προφητικὴν
962 1269 1342 1339 ἀληθεύουσαν
1396 1274 1727 1345 πρόρρησιν,
1761 1277 1862 1346 τὴν

286 1355 392 1408 ὑπὸ
439 1357 644 1427 Μήδων
682 1361 779 1412 καὶ
823 1361 1053 1429 Περσῶν
1097 1362 1313 1433 μέλλειν
1343 1365 1512 1435 αὐτὴν
1555 1365 1863 1438 καταλυθήο

289 1449 479 1503 σεσθαι
523 1448 634 1519 (88)
682 1452 1163 1524 προθεσπίσασαν·
1195 1456 1307 1526 ἔχει
1341 1474 1401 1510 τε
1450 1456 1643 1521 οὕτως.
1696 1459 1862 1512 Βασι-

286 1541 424 1595 ista:
470 1543 594 1597 καθ’
626 1545 825 1609 ἑαυτὰς
866 1542 1009 1617 ἦσαν
1042 1549 1075 1618 ἡ
1106 1548 1215 1603 τῶν
1263 1552 1465 1621 Μήδιον
1528 1552 1623 1606 καὶ
1657 1554 1688 1623 ἡ
1723 1555 1865 1625 Περ-

290 1634 398 1687 σῶν
424 1652 440 1667 ·
473 1636 570 1688 καὶ
610 1638 709 1707 τῆς
771 1638 871 1704 μὲν
903 1635 1074 1710 ἦρχεν
1124 1643 1152 1695 ὁ
1201 1643 1529 1713 ’Δστυάγης,
1571 1647 1598 1699 ὁ
1630 1646 1862 1715 Καμσύ-

1960 554 2079 603 est.
2112 546 2344 601 desertis
2379 546 2807 616 Hierosolymis:
2844 560 3023 614 neque
3054 544 3209 614 prius
3238 543 3529 604 dimissus,

1963 655 2128 709 quam
2159 640 2504 712 Assyriorum
2531 639 2847 709 imperium,
2875 645 2938 692 ut
2954 639 3240 708 prophetas
3261 636 3536 707 praedixe-

1964 742 2124 796 rant,
2172 747 2202 786 a
2254 731 2424 787 Medis
2464 742 2521 787 et
2553 732 2736 787 Persis
2769 736 2917 788 esset
2961 745 3251 793 eversum,
3290 728 3543 796 annique

1963 826 2310 909 septuaginta
2371 827 2439 881 ab
2498 825 2737 882 .leremia
2796 827 3066 898 designati
3138 821 3533 894 praeterissent.

1963 919 2154 989 Neque
2189 934 2319 974 vero
2352 919 2596 975 alienum
2629 922 2734 975 hoc
2766 922 2889 976 loco
2922 919 3109 981 fuerit,
3145 915 3349 987 Assyrii
3382 912 3536 983 regni

1965 1012 2241 1069 excidium
2269 1013 2513 1068 breviter
2544 1012 2944 1083 perstringere,
2987 1023 3153 1082 atque
3206 1009 3496 1065 ostendere
3525 1045 3541 1069 ,

1965 1108 2101 1160 vere
2156 1103 2473 1174 praedictum
2541 1104 2710 1159 fuisse
2748 1120 2779 1158 a
2819 1102 3151 1174 prophetis,
3197 1100 3250 1154 id
3296 1114 3326 1152 a
3368 1095 3546 1151 Medis

1963 1211 2020 1252 et
2051 1198 2232 1253 Persis
2273 1212 2528 1254 eversum
2574 1196 2661 1251 iri.
2705 1195 2978 1252 Caeterum
3014 1210 3105 1249 res
3140 1192 3216 1248 ita
3250 1207 3309 1247 se
3354 1188 3539 1243 habet;

1967 1292 2251 1347 Medorum
2296 1301 2353 1346 et
2399 1291 2697 1346 Persarum
2752 1288 3016 1345 distincta
3065 1302 3235 1359 regna
3269 1284 3539 1343 fuerunt,

1966 1400 2202 1455 quorum
2254 1383 2386 1439 illud
2438 1384 2734 1454 Astyages,
2791 1382 2898 1437 hoc
2963 1379 3264 1449 Cambyses
3316 1375 3537 1435 tenuit.

1968 1479 2061 1548 qui
2091 1477 2397 1531 Mandanen
2427 1474 2678 1546 Astyagis
2707 1472 2870 1527 ﬁliam
2903 1473 2958 1526 in
2991 1470 3344 1526 matrimonio
3371 1467 3544 1521 habe-

1967 1572 2092 1637 bat;
2140 1587 2207 1626 ex
2246 1585 2420 1639 eaque
2458 1568 2660 1640 Cyrum
2698 1566 2868 1620 lilium
2905 1565 3238 1636 procreavit.
3270 1560 3318 1617 Is
3348 1561 3545 1616 Persa-

1969 1681 2092 1722 rum
2142 1664 2408 1719 institutis
2451 1661 2753 1719 educatus.
2812 1659 2867 1713 in
2916 1658 3096 1712 virum
3132 1653 3493 1710 fortissimum
3528 1692 3541 1713 ,

287 1743 387 1795 σης
411 1727 468 1779 δὲ
508 1728 609 1797 τῆς
649 1729 1151 1801 Περσῶν.Συνῲκει
1186 1732 1230 1786 δ’
1259 1728 1417 1798 οὗτος
1440 1740 1507 1807 τῇ
1531 1735 1864 1805 Ἀστυάγους

287 1818 313 1840 ﬂ
354 1836 389 1840 --
433 1821 513 1840 καὶ
557 1838 583 1840 _,
632 1823 649 1840 \
781 1824 793 1840 1
896 1826 950 1840 ιι
1027 1825 1081 1840 αι
1216 1828 1238 1840 ιι
1452 1830 1500 1840 -ι
1638 1831 1661 1840 .-
1702 1832 1739 1840 --

1971 1759 2441 1814 modestissimum
2466 1799 2480 1821 ,
2515 1756 2801 1810 cordatnm
2838 1762 2895 1807 ct
2924 1749 3293 1822 iustissimum
3346 1747 3542 1800 evasit.

287 1818 521 1892 θυγατρὶ
554 1823 866 1896 καλουμένῃ
896 1825 1181 1900 Μανδάνη,
1212 1828 1334 1896 ἦτις
1372 1830 1537 1883 παῖδα
1594 1831 1671 1901 τῷ
1702 1832 1860 1900 Καμ-

286 1912 425 1984 ϐύσῃ
454 1915 548 1967 τὸν
580 1915 764 1989 Κῦρον
803 1919 1072 1986 ἐγείνατο,
1113 1920 1172 1985 ὃς
1210 1924 1322 1985 τοῖς
1369 1923 1479 1977 τῶν
1519 1925 1748 1994 Περσῶν
1778 1927 1862 1980 νὸο

288 2022 415 2075 μοις
456 2008 712 2077 τραφεὶς,
749 2010 1127 2082 ἀνδρειότατός
1164 2030 1223 2066 τε
1263 2015 1356 2068 καὶ
1389 2019 1861 2086 σωφρονέστατος,

287 2103 551 2171 νουνεχής
601 2119 660 2155 τε
692 2105 785 2156 καὶ
817 2104 1166 2170 δικαιότατος
1191 2106 1408 2174 γέγονε.
1447 2110 1528 2164 Τά
1567 2111 1624 2164 δὲ
1658 2113 1865 2184 νόμιμα

285 2191 390 2242 τῶν
420 2192 652 2262 Περσῶν
672 2194 849 2248 τοιάδε
876 2190 1039 2265 ἦσαν,
1069 2195 1145 2260 ὡς
1176 2196 1429 2269 Ξενοφῶν
1462 2204 1863 2274 συνεγράψατο.

286 2278 394 2336 Ἦν
441 2286 631 2351 αὐτοῖς
676 2287 859 2359 ἀγορὰ
890 2289 1002 2361 (89)
1039 2291 1300 2364 ἐλευθέρα
1352 2295 1691 2367 καλουμένη,
1741 2300 1865 2354 καθ’

288 2375 357 2446 ἢν
393 2378 459 2430 τά
490 2395 547 2430 τε
582 2378 830 2449 βασίλεια
875 2383 1051 2451 σφίσι,
1100 2386 1195 2438 καὶ
1241 2388 1309 2442 τὰ
1360 2387 1497 2444 ἄλλα
1533 2392 1730 2461 ἀρχεῖα
1765 2410 1832 2446 πε

291 2469 534 2538 ποῖηντο,
583 2464 659 2526 ὧν
702 2472 772 2527 τά
807 2473 947 2529 ὤνια
979 2475 1074 2529 καὶ
1097 2478 1148 2530 oi
1177 2478 1428 2549 ἀγοραῖοι
1468 2483 1561 2534 καὶ
1600 2484 1632 2554 ἡ
1660 2485 1865 2539 τούτων

288 2559 463 2631 τύρϐη
506 2564 601 2615 καὶ
652 2566 709 2618 αἱ
746 2569 923 2637 φωναὶ
968 2568 1335 2641 άπελήλαντο,
1389 2574 1475 2627 ἵνα
1522 2578 1596 2646 μὴ
1645 2580 1708 2647 τῇ
1755 2579 1862 2633 τῶν

291 2655 744 2727 πεπαιδ;υμένων
784 2659 1058 2734 εὐκοσμίᾳ
1114 2665 1433 2734 μιγνύηται.
1472 2666 1709 2740 Διῄρητο
1739 2671 1796 2725 δὲ
1833 2676 1862 2741 ἡ

291 2745 556 2819 ἐλευθέρα
587 2751 763 2821 ἀγορά
791 2755 871 2818 είς
904 2758 1207 2825 τετρακτὺν
1240 2759 1476 2829 ἀρχείων
1506 2762 1745 2818 ’τούτων
1792 2768 1853 2820 τὸ

293 2834 349 2887 ἓν
394 2841 609 2904 παισὶν,
645 2841 773 2895 ἄλλο
821 2844 865 2896 δ’
916 2846 1143 2917 ἐφήϐοις
1189 2847 1499 2919 ἀφώριστο,
1551 2853 1779 2920 τελείοις
1811 2856 1869 2911 δὲ

293 2928 519 2997 σνδράσι
568 2930 631 2983 τὸ
680 2932 904 3003 ἓτερον,
956 2940 1072 3001 τοῖς
1107 2938 1153 2991 δ’
1191 2939 1334 3009 ὑπὲρ
1371 2944 1442 2996 τὰ
1497 2947 1870 3018 στρατεύσιμα

293 3022 575 3088 γεγονόσιν
629 3024 725 3095 ἔτη
775 3027 1156 3101 άπονενέμητο
1193 3036 1256 3085 τὸ
1285 3033 1498 3095 λοιπὸν.
1532 3041 1625 3091 καὶ
1653 3042 1733 3104 εἰς
1768 3043 1869 3107 τὰς

1966 1848 2254 1909 Persarum
2277 1859 2460 1905 autem
2490 1849 2762 1908 instituta,
2788 1844 3153 1915 Xenophonte
3173 1850 3421 1904 auctore,
3444 1838 3546 1890 hu-

1961 1946 2203 2020 jusmodi
2257 1943 2504 1999 fuerunt.
2556 1943 2761 1998 Forum
2795 1940 3043 1995 habuere
3073 1978 3087 1994 .
3123 1934 3271 2006 quod
3305 1933 3542 1987 liberum

1963 2040 2301 2103 vocabatur,
2359 2037 2412 2092 in
2462 2052 2570 2105 quo
2608 2045 2664 2090 ct
2699 2033 2845 2104 regia
2869 2074 2883 2097 ,
2924 2041 2979 2086 ct
3012 2039 3224 2085 (διεξίοι-αι
3253 2025 3422 2081 curia:
3448 2038 3545 2078 ex-

1966 2142 2193 2189 structm
2217 2142 2397 2192 erant,
2432 2128 2667 2200 repulsis
2691 2127 2818 2183 inde
2852 2127 3018 2181 rebus
3046 2120 3338 2178 venalibus
3359 2129 3414 2173 et
3434 2116 3544 2172 cir-

1967 2227 2342 2283 cumforaneis
2375 2224 2693 2280 hominibus
2720 2263 2734 2286 ,
2767 2234 3072 2288 eorumque
3105 2214 3284 2273 turbis
3309 2220 3364 2267 ct
3388 2208 3546 2265 νοοί-

1968 2321 2348 2379 ferationibus,
2377 2334 2446 2373 ne
2474 2317 2540 2371 iis
2573 2316 2859 2370 hominum
2891 2313 3032 2367 bene
3056 2307 3434 2364 institutorum
3461 2301 3547 2356 di-

1969 2412 2204 2481 sciplina
2238 2412 2581 2465 turbaretur.
2612 2408 2855 2462 Divisum
2884 2411 3007 2459 erat
3031 2401 3083 2456 id
3114 2400 3291 2454 forum
3324 2397 3380 2450 in
3411 2409 3550 2464 qua~

1974 2515 2096 2560 tuor
2129 2503 2333 2568 curias,
2363 2518 2596 2572 quarum
2632 2516 2739 2553 una
2768 2496 2982 2568 pueris,
3020 2494 3198 2549 altera
3231 2489 3548 2545 adolescen—

1974 2597 2142 2655 tibus.
2178 2595 2338 2649 tertia
2366 2593 2522 2660 viris,
2556 2600 2752 2662 quarta
2781 2589 2849 2644 iis
2877 2588 2970 2658 qui
3000 2593 3220 2642 relatem
3252 2580 3548 2636 militarem

1970 2696 2354 2752 excesserant,
2403 2694 2522 2740 erat
2550 2683 2837 2738 attributa.
2881 2681 3046 2734 Suam
3097 2676 3267 2747 igitur
3314 2688 3549 2742 quaeque

1972 2789 2104 2833 aetas
2134 2776 2344 2830 curiam
2379 2769 2794 2843 frequentabat.
2847 2767 3053 2823 Verum
3101 2757 3549 2818 adolescentibus

1971 2885 2097 2935 cum
2146 2866 2312 2921 armis
2357 2864 2627 2936 gymnicis
2663 2863 2820 2933 juxta
2873 2857 3055 2913 curias
3100 2853 3374 2909 excubare
3435 2864 3551 2903 mo-

1972 2962 2050 3016 ris
2094 2968 2249 3026 erat,
2303 2956 2553 3025 exceptis
2609 2954 2679 3008 iis
2730 2952 2823 3022 qui
2876 2965 3075 3005 uxores
3137 2947 3433 3000 duxerant.
3476 2941 3551 2995 lis

1972 3069 2107 3108 vero
2133 3065 2312 3121 neque
2341 3049 2554 3109 adesse,
2587 3044 2692 3100 nisi
2716 3043 3102 3101 denuntiatum
3133 3052 3253 3092 esse
3275 3078 3288 3102 ,
3322 3046 3549 3090 necesse

294 3113 503 3213 ἑαυτῶν
524 3208 535 3213 μ
558 3117 742 3213 χωρας
794 3120 1054 3192 παρῆσαν
1104 3125 1349 3180 ἕκαστοι.
1382 3128 1522 3191 Τοὺς
1549 3131 1594 3184 δ’
1629 3134 1864 3203 ἐφήϐους

1970 3155 2128 3200 crat:
2183 3158 2367 3213 neque
2417 3139 2670 3196 crebrius
2729 3136 2924 3192 abesse
2978 3144 3324 3188 concessum.
3376 3116 3567 3181 Curia

293 3207 382 3258 mi
414 3208 549 3279 περὶ
582 3211 652 3262 τὰ
683 3213 881 3281 ἀρχεῖα
921 3215 1360 3287 καταδαρθάνειν
1398 3221 1494 3274 σὺν
1539 3225 1652 3286 τοῖς
1683 3225 1868 3289 ὅπλοις

291 3303 400 3363 τοῖς
439 3308 728 3371 γυμνικοῖς
759 3306 871 3375 (90)
902 3308 1237 3378 ὲνενόμιστο,
1290 3312 1428 3384 πλὴν
1481 3315 1590 3367 τῶν
1623 3333 1870 3390 γεγαμη-

294 3395 486 3450 κότων.
525 3390 687 3451 Οὗτοι
710 3399 765 3452 δὲ
791 3400 917 3453 οὔτε
951 3402 1339 3474 ἐπεζητοῦντο,
1371 3410 1418 3461 εἰ
1445 3409 1520 3480 μὴ
1554 3414 1865 3480 προείρετο,

291 3487 400 3540 οὔτ’
440 3489 664 3543 ἀπεῖναι
704 3494 963 3563 συχνάκις
1008 3497 1192 3559 αὐτοῖς
1230 3499 1645 3571 συγκεχώρητο.
1684 3500 1869 3559 ’Ἦσαν

290 3575 333 3627 δ’
358 3577 613 3641 ἑκάστοις
652 3581 917 3650 ἄρχοντες
940 3582 1182 3637 δώδεκα·
1217 3586 1295 3650 είς
1322 3590 1430 3657 γάρ
1463 3589 1671 3645 δώδεκα
1695 3595 1868 3660 φυλὰς

290 3669 340 3721 et
371 3670 580 3739 Πέρσαι
605 3671 886 3744 διῄρηντο.
927 3676 992 3729 Οἱ
1031 3679 1128 3747 μὲν
1161 3677 1227 3744 δὴ
1264 3680 1479 3745 παῖδες,
1510 3685 1592 3745 είς
1624 3685 1693 3736 τά
1721 3685 1866 3738 διδα-

1971 3237 2227 3307 quzclibet
2255 3233 2545 3288 duodecim
2576 3229 2856 3301 principes
2884 3225 3142 3284 habebat,
3180 3237 3280 3292 pro
3315 3232 3548 3274 numero

1972 3329 2264 3384 Persarum
2302 3326 2565 3381 tribuum.
2597 3322 2759 3378 Pueri
2784 3320 2876 3391 qui
2899 3318 3062 3374 ludos
3095 3310 3547 3383 frequentabant,

1965 3420 2236 3495 justitiam
2300 3418 2626 3478 discebant.
2676 3427 2981 3484 eorumque
3046 3406 3328 3480 principes
3371 3401 3548 3459 maxi-

1972 3527 2115 3567 mam
2181 3509 2294 3566 dici
2358 3521 2577 3580 partem
2642 3506 2761 3578 iure
2817 3500 3061 3558 dicundo
3123 3490 3547 3553 consumebant.

1970 3605 2107 3659 Nam
2173 3606 2317 3658 inter
2371 3616 2577 3673 pueros
2620 3614 2776 3669 atque
2830 3611 2896 3651 ac
2947 3595 3097 3649 viros
3152 3582 3551 3647 controversia:

1970 3702 2311 3758 nascuntur,
2366 3691 2435 3746 de
2480 3690 2661 3750 furto,
2698 3688 2773 3751 vi,
2811 3685 3037 3755 rapina,
3070 3681 3198 3736 dolo
3243 3678 3385 3732 malo
3410 3713 3426 3738 ,
3468 3673 3551 3727 in-

294 3765 519 3814 σκα).εἰα
564 3765 908 3831 φοιτῶντες,
960 3767 1316 3839 δικαιοσύνην
1369 3772 1674 3840 ἐμάνθανον
1702 3815 1716 3838 ,
1761 3775 1864 3827 τῶν

1969 3787 2151 3858 juria,
2187 3795 2244 3840 et
2292 3784 2437 3839 aliis.
2485 3782 2634 3848 Quos
2680 3797 2747 3836 ex
2788 3779 2875 3834 his
2919 3791 3177 3848 peccasse
3209 3776 3547 3842 cognorant,

294 3855 573 3925 ἀρχόντων
606 3856 785 3909 αὐτῶν
816 3859 876 3910 τὸ
908 3859 1164 3913 πλεῖστον
1216 3862 1314 3929 τῆς
1362 3862 1575 3934 ἡμέρας
1620 3865 1867 3928 δικαζόν-

293 3964 399 4002 των
437 3948 648 4012 αὐτοίς.
690 3949 964 4018 Ἐγὶνοντο
988 3952 1098 4021 γάρ
1121 3953 1186 4022 δὴ
1215 3955 1307 4006 καὶ
1343 3955 1503 4007 παισὶ
1539 3959 1674 4026 πρὸς
1713 3958 1867 4029 ἀλλή-

293 4038 418 4107 λους
459 4041 651 4114 ὥσπερ
691 4043 955 4114 ἀνδράσιν
986 4047 1334 4115 ἐγκλήματα,
1367 4049 1462 4102 καὶ
1503 4049 1736 4120 κλοπῆς,
1776 4054 1870 4105 καί⁸

296 4133 435 4204 βίας,
472 4139 567 4190 καὶ
606 4138 899 4213 ίᾲρπαγῆς,
936 4140 1031 4192 καὶ
1065 4140 1304 4211 ἀπάτης,
1356 4145 1451 4195 καὶ
1504 4143 1739 4214 ὗῦρεως.
1773 4147 1870 4199 καὶ

295 4227 467 4281 ἄλλων
500 4229 688 4283 τινῶν.
730 4228 839 4293 Οὓς
881 4231 927 4283 δ’
966 4231 1033 4285 ἂν
1072 4231 1248 4299 ἔγνων
1286 4234 1491 4287 τούτων
1524 4237 1868 4304 ἀδικοῦντας,

297 4321 666 4391 ἐτιμωροῦντο
690 4338 704 4352 ·
729 4324 821 4375 καὶ
851 4321 945 4386 οὒς
973 4323 1018 4376 δ’
1058 4325 1125 4378 ἂν
1158 4324 1415 4395 εὕρισκον
1447 4328 1649 4392 ἀδίκως
1698 4333 1868 4398 ἐγκα-

1972 3879 2321 3935 muitabant:
2387 3890 2484 3931 eos
2548 3874 2715 3935 item,
2761 3871 2855 3942 qui
2908 3870 3103 3925 falsum
3160 3864 3283 3921 aliis
3340 3860 3548 3917 crimen

1973 3972 2345 4028 intenderant.
2409 3965 2692 4022 Docebant
2768 3964 2900 4018 item
2975 3975 3072 4016 eos
3127 3950 3554 4026 temperantiam

1972 4064 2224 4134 exemplo
2263 4061 2549 4117 seniorum
2572 4100 2586 4125 ,
2621 4067 2677 4112 et
2704 4054 3110 4113 continentiam
3143 4051 3199 4105 in
3229 4049 3352 4104 cibo
3382 4055 3439 4102 et
3485 4046 3540 4098 in

1977 4158 2133 4229 147
2156 4164 2314 4226 potu.
2345 4154 2481 4210 Nam
2514 4147 3013 4222 apud'magistrum
3037 4143 3330 4214 capiebant
3362 4139 3551 4196 cibum

1973 4252 2138 4304 domo
2158 4261 2345 4302 secum
2364 4260 2558 4315 panem
2584 4254 2638 4297 et
2672 4238 2891 4296 obsonii
2916 4237 3036 4292 vice
3052 4233 3384 4290 nasturtium
3411 4229 3547 4285 affe-

1975 4352 2160 4396 rentes
2190 4356 2204 4393 :
2240 4346 2404 4408 potus
2433 4336 2512 4391 eis
2552 4342 2672 4389 erat
2726 4333 2930 4389 cothon
2987 4326 3192 4400 (poculi
3223 4339 3398 4396 genus
3446 4324 3551 4378 estl

296 4412 547 4478 λοῦντας,
585 4415 870 4480 ἐκόλαζον.
921 4415 1239 4470 Ἐδίδασκον
1269 4419 1326 4471 δὲ
1362 4420 1487 4483 τοὺς
1524 4424 1727 4486 παῖδας
1763 4441 1864 4475 σω-

1972 4430 2299 4504 proﬂuentis
2325 4444 2499 4498 aquae.
2529 4427 2669 4481 Ante
2700 4425 2886 4479 cibum
2927 4422 3193 4492 sagittare
3229 4425 3286 4471 et
3310 4415 3544 4487 iaculari

298 4507 595 4579 φροσύνην,
634 4509 1002 4578 προσέχοντας
1029 4514 1143 4575 τοῖς
1206 4513 1600 4585 πρεσϐυτέροις
1652 4517 1865 4586 σωφρόο

298 4617 403 4662 νως
420 4598 726 4668 διάγουσιν.
743 4603 1060 4656 Ἐδίδασκον
1091 4604 1148 4656 δὲ
1172 4608 1265 4659 καὶ
1289 4607 1495 4674 τροφῆς
1516 4609 1866 4677 ἐγκράτειαν,

299 4694 392 4746 καὶ
422 4692 613 4747 ποτοῦ.
650 4696 761 4748 Καὶ
792 4696 884 4748 ὅτε
909 4697 1289 4768 τραιρήσεσθαι
1314 4699 1542 4768 ἔμελλον
1567 4701 1615 4754 οἱ
1656 4702 1866 4766 παῖδες,

301 4789 448 4859 παρά
472 4786 554 4857 τῷ
587 4787 895 4858 διδασκάλῳ
929 4785 1070 4860 ἦσαν
1112 4790 1446 4860 σιτούμενοι,
1485 4792 1651 4864 ἄρτον
1679 4795 1870 4863 φέρον-

299 4898 386 4944 τες
407 4881 648 4942 οἴκοθεν,
668 4884 764 4935 καὶ
797 4881 1082 4954 κάρδαμον
1108 4883 1267 4953 ὄψον*
1304 4886 1399 4938 καὶ
1436 4888 1599 4940 ποτὸν
1626 4889 1838 4959 ἐλάμϐα
1856 4922 1870 4932 -

1973 4522 2308 4578 discebant:
2341 4527 2399 4576 ct
2434 4518 2551 4573 haec
2603 4531 2777 4586 usque
2819 4513 2886 4568 ad
2916 4527 3120 4568 annum
3170 4508 3350 4564 :ctatis
3398 4506 3552 4561 deci-

1976 4632 2125 4671 mum
2159 4623 2394 4672 sextum.
2422 4620 2517 4665 aut
2552 4609 2825 4664 decimum
2856 4605 3175 4677 septimum.
3208 4602 3286 4655 Ex
3307 4616 3375 4656 eo
3407 4600 3553 4653 inter

1975 4710 2351 4764 adolescentes
2382 4703 2803 4759 referebantur:
2840 4697 3248 4755 etdecennium
3275 4696 3433 4762 juxta
3461 4708 3553 4747 cn-

1973 4803 2085 4857 rias
2110 4813 2364 4855 somnum
2378 4795 2693 4867 capiebant,
2710 4802 3017 4848 ctmtermu
3041 4786 3555 4860 quoqucmagistra-

1973 4892 2140 4954 tibus,
2174 4905 2298 4944 cum
2326 4902 2467 4956 opus
2495 4894 2634 4950 erat,
2665 4883 2719 4937 in
2759 4881 2997 4953 publicis
3033 4879 3275 4950 negotiis
3323 4892 3549 4946 operam

300 4991 385 5028 νον
443 4977 717 5044 ποταμίου
755 4976 948 5042 ὓδατος
988 4978 1238 5033 κώθωνα.
1276 4980 1614 5050 Ἐμάνθανον
1656 4983 1714 5035 δὲ
1766 4985 1864 5053 πρὸ

1970 4984 2265 5041 navabant.
2316 4981 2433 5035 Rex
2471 4979 2602 5032 item
2632 4984 2893 5032 venatum
2938 4974 3213 5036 exiturus,
3261 4967 3550 5022 semissem

300 5067 389 5120 τοῦ
434 5068 704 5122 σιτεῖσθαι
751 5070 864 5139 (9|)
915 5069 1160 5133 τοξεύειν
1224 5072 1320 5124 καὶ
1351 5074 1661 5138 ἀκοντίζειν
1709 5076 1864 5147 μέχρι

1969 5092 2164 5132 eorum
2191 5072 2484 5129 educebat.
2539 5069 2899 5125 Venabantur
2951 5062 3344 5123 communiter,
3400 5056 3549 5127 quod

302 5159 362 5230 δὴ
384 5161 442 5227 ἒξ
478 5161 617 5215 ετῶν
654 5162 688 5231 ἦ
718 5163 858 5216 ἑπτὰ
886 5163 1022 5234 πρὸς
1051 5166 1165 5227 τοῖς
1198 5165 1352 5221 δέκα.
1384 5165 1570 5219 Ταῦτα
1594 5167 1643 5219 οἱ
1679 5169 1872 5230 παῖδες

306 5253 591 5324 ῐπραττον.
624 5254 720 5306 Ἐκ
748 5254 942 5308 τούτου
966 5256 1010 5308 δ’
1037 5258 1118 5319 είς
1137 5257 1263 5318 τοὺς
1291 5258 1532 5328 ἐφήϐους
1564 5259 1871 5326 ἐτάττοντο,

306 5349 395 5401 καὶ
421 5347 556 5401 δέκα
600 5346 697 5419 ἐτη
739 5349 872 5418 περὶ
902 5348 970 5401 τὰ
1004 5351 1199 5420 ἀρχεῖα
1248 5350 1564 5404 ἐκάθευδον*
1608 5355 1874 5424 παρεῖχον

1971 5169 2065 5223 illa
2102 5164 2423 5222 exercitatio
2462 5161 2542 5218 rei
2592 5160 2819 5216 militari
2874 5173 2984 5213 non
3021 5153 3290 5211 absimilis
3331 5150 3551 5204 videre-

1973 5270 2083 5317 tur.
2120 5257 2534 5314 Assuefaciebat
2570 5270 2668 5311 eos
2691 5262 2820 5310 ante
2855 5254 3033 5307 lucem
3080 5260 3330 5316 surgere,
3374 5243 3549 5315 frigus

1974 5360 2032 5408 et
2061 5358 2255 5407 azstum
2281 5348 2429 5404 ferre
2461 5366 2475 5403 :
2511 5345 2809 5401 itineribus
2841 5350 2897 5398 et
2948 5338 3205 5396 cursibus
3231 5336 3557 5401 exercebat,

1435 5469 1633 5531 Varius
1661 5469 1974 5533 lectiones
2016 5476 2081 5531 et
2114 5476 2301 5530 notae.

373 5583 482 5663 (8_8)
514 5588 1078 5663 thaxumioegfigu.
1100 5590 1230 5663 Cod:
1257 5589 1499 5646 Colliert.
1525 5593 1872 5663 καταληφθήο

311 5656 703 5745 σαρρέιιὲῐοχ,
738 5658 862 5745 ἔχει
881 5659 1158 5745 δὲρύτως,
1182 5661 1400 5745 ,εἰρερνηι
1427 5663 1479 5715 ἰη
1516 5656 1866 5719 εοάεηι’ἁοά.

341 5727 632 5811 ,ιίβθξίῌν
684 5729 891 5811 αὐτοῖς
932 5731 1136 5798 ἀγορά.
1182 5732 1258 5811 ξι
1304 5731 1802 5811 Xenophonte'lih.
1829 5752 1867 5790 ι.

313 5793 441 5854 Vide
466 5799 808 5857 Brissonium
852 5800 921 5855 de
978 5793 1144 5872 regno
1186 5793 1477 5859 Persarum
1520 5805 1617 5863 lib.
1656 5822 1714 5871 ιι,
1745 5822 1867 5878 pag.

1975 5593 2162 5735 24ἳθθ)
2197 5664 2326 5730 Τοῖς
2348 5659 2765 5735 ,γυμνωεικ-οῖς.
2790 5657 2925 5735 _I_.cg.
2957 5653 3269 5735 γυμνικοῖς.
3301 5651 3399 5713 W.

2056 5725 2169 5807 (91)
2206 5725 2525 5790 Σιτεῖὸ-θὶιι.
2550 5730 2684 5786 Cod.
2711 5725 3233 5786 (ἔοιί).’σιτίσασοαι.
