3980 6246
388 266 492 329 9⁸7)
1659 279 1960 342 ΙΟΑΝΝΙΞ

2072 281 2343 345 ΟΝᾹΒᾸΞ
3534 293 3644 359 980

390 391 519 441 huta
573 394 630 441 et
674 388 879 445 milites
909 387 1170 452 adducat,
1245 390 1361 461 ipse
1399 391 1672 448 instructo
1714 394 1960 450 exercitu

2078 395 2177 450 τῶν
2203 414 2260 451 τε
2293 400 2491 470 Μήδων
2524 402 2668 472 φημὶ
2711 403 2803 457 καὶ
2829 403 2937 458 τῶν
2984 403 3306 477 Ἀρμενίων.
3337 409 3446 462 Kal
3479 410 3650 463 ἀπελ-

390 480 785 549 ιιιοοηι·ἱεοίιιιι-.
835 484 1130 541 Armenius
1168 485 1255 540 his
1299 487 1504 542 auditis
1545 487 1856 558 perculsus.
1913 497 1962 542 et

2082 488 2190 543 θὼν
2220 491 2413 563 ἐθήρα,
2449 493 2546 547 καὶ
2575 494 2833 551 ἐπέϐαινε
2863 497 2971 554 τῶν
2996 497 3138 569 ὀρῶν
3190 501 3288 570 τῆς
3358 503 3654 573 Ἀρμενίας

388 573 575 644 copias
598 577 895 641 contrahit,
920 586 975 634 et
1002 595 1205 634 uxores
1236 594 1300 634 ac
1340 579 1508 633 lilium
1529 580 1807 651 juniorem
1840 595 1960 635 cum

2083 578 2171 633 ἐπὶ
2206 582 2262 634 τὸ
2292 582 2484 654 πρόσω
2524 584 2723 655 χωρῶν
2753 587 2963 657 ἡρέμα.
2999 588 3087 652 Ὠς
3117 589 3163 643 δ’
3194 589 3394 662 ᾔσθετο
3425 591 3601 646 ταῦτα
3628 596 3655 646 ὀ

392 665 641 731 pecuniis
699 666 755 720 in
818 679 1037 725 montes
1083 670 1303 724 mittit:
1347 687 1526 741 neque
1567 672 1714 725 enim
1768 671 1964 740 regiam

2076 672 2395 745 Κυαξάρης,
2426 675 2755 731 ἀπέστειλεν
2786 678 2937 751 αὑτῷ
2982 680 3111 745 τοὺς
3174 683 3385 748 ἱππεῖς.
3443 682 3648 737 Ἐλθόνα

392 758 629 814 habebat
676 762 943 818 munitam
1022 762 1125 830 Qui
1180 780 1305 818 cum
1370 764 1421 819 in
1474 779 1570 820 eos
1617 763 1964 829 incidissent,

2084 781 2182 815 των
2216 763 2263 818 δ’
2313 765 2562 831 ἐκείνων,
2601 769 2948 837 συγκαλέσας
3003 789 3131 837 τους
3190 774 3515 847 ταξιάρχας,
3574 779 3656 840 ἑξ·-

393 851 551 922 150
575 854 665 923 qui
700 855 810 909 illic
858 855 912 910 in
942 855 1158 912 insidiis
1191 866 1371 916 erant.
1418 858 1720 927 capiuntur
1763 874 1964 913 uxores

2085 855 2239 930 ἔρξῃ-λε
2266 859 2325 910 τὸ
2351 861 2699 933 ἀπόρρητον,
2733 864 2829 918 καὶ
2863 867 3021 937 ἥκειν
3053 868 3158 940 ἔφη
3194 870 3282 925 διὰ
3325 872 3419 924 τὸν
3459 871 3657 941 Ἀρμέ-

388 945 570 1014 regim,
605 945 747 1001 {ilius
776 956 833 1001 et
871 947 1013 1013 lilize,
1048 947 1165 1018 ipse
1200 964 1424 1019 quoque
1477 950 1663 1005 animo
1707 959 1960 1014 mstuans,

2083 951 2685 1025 νιονάγνωμονήσαντα
2718 958 2855 1030 πρὸς
2888 961 2981 1015 τὸν
3035 961 3357 1035 Κυαξάρην.
3413 964 3527 1019 Καὶ
3578 965 3655 1032 τῷ

390 1035 532 1105 Cyro
558 1052 616 1090 se
639 1037 811 1092 dedit.

2083 1043 2177 1112 μὲν
2213 1043 2508 1113 Χρυσάντα
2546 1049 2854 1106 ἐνετέλλετο
2880 1055 3008 1119 τοὺς
3055 1056 3273 1126 ἡμίσεις
3308 1057 3498 1113 λαϐεῖν
3544 1057 3655 1112 τῶν

391 1130 638 1219 Περσῶν,
674 1132 768 1185 καὶ
793 1132 874 1194 είς
905 1132 972 1183 τὰ
1001 1132 1103 1204 δρη
1164 1132 1274 1185 τῶν
1342 1133 1649 1205 Ἀρμενίων
1690 1133 1970 1203 γένεσθαι,
2012 1134 2384 1206 φυλάττεσθαί
2450 1156 2511 1193 τε
2579 1141 2656 1213 μὴ
2698 1146 3013 1217 γνωσθῆναι
3068 1148 3153 1203 ὅτι
3202 1128 3521 1220 στράτευμα
3569 1151 3654 1220 εἴη

388 1225 448 1275 ὲν
475 1222 708 1288 τούτοις.
738 1224 875 1278 ἀλλά
896 1241 1052 1287 τινας
1077 1224 1429 1295 προπέμπειν
1450 1224 1678 1298 λῃσταῖς
1743 1225 2013 1301 ἐοικότας,
2053 1225 2151 1280 καὶ
2212 1225 2274 1280 τὸ
2310 1228 2514 1300 πλῆθος
2555 1232 2651 1286 καὶ
2679 1235 2777 1299 τὰς
2812 1237 3037 1301 στολάς·
3075 1238 3153 1304 ὥς
3175 1256 3233 1291 τε
3268 1240 3323 1294 εἴ
3343 1258 3489 1306 τινες
3529 1242 3656 1296 τού-

389 1332 504 1379 τοις
542 1316 674 1379 ἴσως
705 1315 1004 1388 ἐντύχοιεν,
1040 1316 1271 1381 κλῶπας
1300 1316 1545 1388 νομίζειν
1567 1314 1734 1374 εἶναι.
1787 1317 1900 1373 Kal
1942 1318 1972 1371 6
2014 1317 2116 1390 μὲν
2155 1319 2484 1390 Χρυσάντας
2521 1325 2660 1395 μετὰ
2727 1327 2837 1381 τῶν
2905 1331 3135 1404 Περσῶν
3159 1332 3252 1385 ἐπὶ
3276 1331 3345 1386 τὰ
3370 1332 3473 1405 ὅρη
3515 1334 3658 1404 ὲχὼ¹¹

390 1424 497 1476 ρει.
542 1408 601 1460 '0
634 1408 693 1462 δὲ
730 1408 917 1479 Κῦρος
949 1408 1177 1478 πέμψας
1204 1408 1342 1479 πρὸς
1387 1408 1481 1462 τὸν
1522 1409 1835 1481 Ἀρμένιον,
1885 1409 2137 1465 ἐκέλευεν
2191 1411 2269 1477 ὡς
2330 1414 2563 1485 τάχιστα
2619 1417 2788 1473 οἴσειν
2820 1421 2914 1476 καὶ
2934 1423 3027 1475 τὸν
3043 1423 3256 1494 δασμδν
3276 1425 3370 1479 καὶ
3394 1425 3455 1479 τὸ
3477 1425 3654 1496 στρά-

395 1517 596 1569 τευμα,
659 1501 758 1554 καὶ
820 1501 986 1563 αὐτὸς
1042 1501 1211 1573 ἀπῄει
1267 1501 1722 1574 συντεταγμένος.
1808 1503 1896 1565 Ὡς
1961 1502 2007 1556 δ’
2045 1504 2244 1574 ἢκουσε
2278 1504 2505 1561 ταῦταό
2586 1508 2893 1581 Ἀρμένιος,
2954 1513 3250 1588 ἐξεπλάγη,
3300 1518 3395 1573 καὶ
3434 1517 3654 1590 ἔπεμπε

392 1593 492 1687 μὲν
525 1592 795 1687 άθροίζων
823 1593 921 1664 τὴν
955 1596 1149 1649 ἑαυτοῦ
1187 1596 1468 1668 στρατιὰν,
1509 1595 1731 1667 ἔπεμπε
1791 1594 1849 1650 δὲ
1911 1598 2007 1651 καὶ
2042 1597 2142 1663 τὰς
2211 1603 2500 1669 γυναῖκας,
2531 1603 2625 1657 τόν
2659 1622 2716 1659 τε
2741 1604 3004 1679 νεώτερον
3027 1609 3161 1676 υἱὸν,
3189 1610 3373 1666 καὶτὰ
3394 1613 3658 1687 χρήματα

388 1685 469 1741 εἰς
503 1685 572 1740 τά
602 1686 734 1758 ὅρη·
772 1687 833 1740 οὐ
856 1689 968 1757 γὰρ
1004 1691 1180 1759 τεῖχος
1202 1692 1268 1759 τῇ
1307 1690 1457 1756 σφῶν
1491 1688 1753 1761 κατοικία
1820 1688 2239 1764 περιεϐέϐλητο.
2328 1693 2484 1748 Ἐπεὶ
2545 1695 2603 1748 δὲ
2667 1697 2718 1751 oi
2745 1698 2885 1769 πρὸς
2907 1700 2977 1754 τά
3017 1701 3119 1774 ὅρη
3152 1685 3502 1773 πεμφθέντες
3565 1705 3657 1758 ὲν-

389 1783 588 1834 έπεσον
651 1783 765 1844 τοῖς
833 1782 954 1834 ἐκεῖ
1021 1781 1402 1852 ἐφεδρεύουσι,
1449 1782 1543 1834 καὶ
1567 1781 1630 1835 αἴ
1685 1799 1745 1835 τε
1789 1782 2050 1850 γυναῖκες
2079 1784 2177 1837 καὶ
2229 1785 2257 1837 6
2330 1784 2445 1849 υἱὸς
2515 1784 2612 1840 τοῦ
2679 1789 2999 1862 Ἀρμενίου,
3065 1793 3162 1848 καὶ
3222 1794 3281 1849 αἱ
3356 1794 3662 1869 θυγατέρες

389 1874 661 1941 ἑάλωσαν,
693 1873 920 1947 ἀπορῶν
951 1874 1135 1940 αὐτὸς,
1173 1875 1267 1928 καὶ
1302 1875 1497 1929 ἑαυτὸν
1529 1874 1608 1946 τῷ
1658 1874 1826 1946 Κύρῳ
1864 1874 2208 1947 παρέδωκεν.

457 1970 623 2026 XVII.
658 1971 874 2027 Interea
921 1982 1055 2028 natu
1108 1972 1285 2042 major
1326 1970 1493 2027 etiam
1528 1970 1777 2027 Armenii
1827 1969 1973 2026 [ilius
2010 1976 2029 2033 l

2157 1973 2384 2049 1Ζ¹ηἙν
2434 1975 2643 2041 τούτοις
2672 1977 2731 2033 δὲ
2760 1980 2789 2032 6
2834 1980 3204 2053 πρεσϐύτερος
3245 1983 3341 2039 τοῦ
3370 1986 3660 2058 Ἀρμενίου

388 2065 659 2138 Tigranes
688 2066 807 2137 qui,
859 2080 1090 2138 peregre
1146 2064 1424 2130 abluerat,
1468 2070 1525 2118 et
1567 2063 1864 2133 aliquando
1916 2063 1960 2117 in

2092 2069 2206 2130 ταῖς
2231 2067 2508 2139 Τιγράνης
2535 2070 2818 2142 ἀπόδημος
2843 2070 2940 2140 ὢν,
2970 2075 3196 2146 προσῄει
3225 2076 3285 2140 ὅς
3309 2094 3437 2132 ποτε
3465 2079 3664 2153 σύνθη-

388 2162 679 2219 venatione
705 2175 832 2217 eum
862 2159 1005 2231 Cyro
1044 2157 1246 2226 luerat,
1288 2171 1565 2222 reversus,
1600 2157 1821 2228 cognito
1845 2170 1960 2212 suo-

2090 2175 2168 2226 ρος
2200 2160 2277 2230 τῷ
2309 2161 2477 2233 Κύρῳ
2508 2163 2748 2232 ἐγένετο,
2785 2165 2880 2219 καὶ
2911 2167 3074 2235 γνοὺς
3104 2168 3172 2223 τὰ
3231 2170 3537 2241 συμϐάντα,
3569 2174 3662 2227 εὐ-

388 2270 513 2310 rum
545 2268 698 2319 casu,
722 2250 906 2307 statim
925 2250 1045 2305 sine
1074 2248 1183 2304 ulla
1206 2248 1560 2304 cunctatione
1590 2246 1791 2319 Cyrum
1837 2261 1960 2303 eon-

2091 2251 2174 2315 lb;
2208 2253 2285 2315 ὡς
2317 2251 2431 2325 εἶχε
2469 2255 2606 2327 πρὸς
2629 2255 2722 2310 τὸν
2750 2257 2936 2329 Κῦρον
2969 2260 3169 2333 ἀπῄει·
3210 2264 3306 2316 καὶ
3334 2263 3459 2319 ἰδὼν
3486 2265 3580 2320 τόν
3601 2284 3663 2322 τε

388 2349 542 2409 venit
580 2358 854 2414 :cumque
883 2352 1092 2414 patrem
1126 2350 1183 2397 et
1212 2350 1445 2397 matrem
1479 2351 1535 2396 et
1560 2356 1806 2404 sorores,
1834 2355 1946 2396 11Χο

2088 2346 2312 2413 πατέρα,
2342 2349 2433 2400 καὶ
2464 2348 2564 2419 τὴν
2590 2348 2826 2419 μητέρα,
2859 2353 2956 2405 καὶ
2976 2352 3076 2414 τὰς
3117 2354 3378 2424 ἀδελφὰς,
3413 2357 3510 2412 καὶ
3557 2360 3660 2425 τὴν

388 2448 619 2504 remque
647 2447 802 2488 suam
833 2431 1078 2502 captivas
1108 2431 1356 2493 vidisset,
1384 2432 1671 2502 lacryrnat.
1724 2430 1827 2488 Cui
1865 2430 1960 2504 Cy-

2090 2437 2272 2490 ἑαυτοῦ
2300 2440 2541 2506 γυναῖκα
2566 2440 2972 2510 αἰχμαλώτους,
3008 2443 3329 2516 έδλκρυσεν.
3373 2445 3431 2502 Ὀ
3458 2449 3518 2503 δὲ
3545 2450 3662 2505 Κῦ-

391 2540 490 2580 rus
528 2542 541 2580 :
572 2524 911 2593 Tempestive.
943 2522 1144 2593 inquit,
1172 2523 1340 2577 ades:
1402 2521 1676 2593 longoque
1720 2537 1963 2579 sermone

2093 2546 2192 2597 νος,
2223 2533 2328 2598 Εἷς
2352 2531 2564 2599 καιρὸν
2599 2532 2789 2601 ἥκεις,
2825 2533 2952 2604 ἔφη.
2986 2536 3095 2591 Καὶ
3133 2537 3301 2592 πολλὰ
3329 2540 3405 2611 τῷ
3464 2541 3665 2613 Ἀρμε-

390 2635 517 2675 cum
573 2619 836 2673 Armenio
888 2616 1098 2681 habito,
1158 2617 1393 2687 ejusque
1436 2617 1666 2688 perﬁdia
1700 2617 1962 2674 convicta

2088 2626 2175 2695 νίῳ
2202 2624 2528 2696 διαλεχθεὶς,
2554 2626 2654 2680 καὶ
2682 2627 2974 2682 ἀδικοῦντα
3023 2628 3269 2699 ἐλέγξας,
3312 2633 3467 2697 τέλος
3511 2633 3616 2705 εφη
3644 2650 3660 2665 ·

392 2709 616 2764 tandem
643 2709 834 2764 dicere
865 2708 1046 2777 jubet,
1078 2717 1310 2778 quantas
1334 2707 1535 2763 habeat
1561 2707 1770 2779 copias,
1797 2724 1964 2779 quau-

2085 2717 2217 2785 Λέγε
2250 2734 2361 2787 μοι.
2387 2718 2528 2789 πόση
2550 2734 2631 2771 σοι
2656 2718 2896 2788 δύναμις
2938 2722 3079 2787 ἐστι,
3108 2722 3254 2776 πόσα
3274 2723 3330 2777 δὲ
3356 2727 3459 2795 χρή
3473 2742 3657 2795 ματα;

394 2813 510 2856 tum
542 2802 672 2856 item
702 2799 991 2870 pecuniae?
1020 2798 1158 2857 Cum
1189 2800 1279 2855 ille
1305 2800 1689 2870 responderet,
1722 2801 1966 2872 equitum

2090 2810 2169 2866 τοῦ
2195 2811 2251 2864 δὲ
2283 2811 2552 2877 εἰπόντος,
2583 2811 2771 2875 ἱππεῖς
2798 2813 2895 2883 μὲν
2908 2814 3343 2885 ὀκτακισχιλίους
3362 2813 3525 2883 εἶναι,
3560 2836 3662 2872 πε-

394 2903 522 2950 octo
557 2892 804 2964 peditum
836 2894 1199 2965 quadraginta
1263 2894 1431 2949 millia
1466 2911 1478 2948 :
1519 2895 1786 2964 pecuniae,
1840 2896 1885 2949 si
1907 2894 1966 2950 ad

2088 2903 2188 2968 ζῶν
2221 2902 2277 2957 δὲ
2309 2902 2581 2974 μυριάδας
2623 2902 2921 2975 τέσσαρας,
2960 2907 3219 2976 χρήματα
3259 2886 3317 2962 δὲ
3358 2910 3438 2973 εἰς
3484 2910 3660 2982 ἀργύ-

396 2987 608 3059 argenti
656 2987 928 3043 rationem
989 2995 1429 3058 computaretur,
1466 2989 1609 3044 ultra
1647 2988 1749 3044 tria
1805 2988 1968 3043 millia

2089 3013 2198 3068 ριον
2226 2995 2553 3064 λογισθέντα
2589 2995 2764 3051 πλείω
2804 2997 3122 3068 τρισχιλίων
3149 2999 3457 3055 ταλάντων·
3486 3002 3516 3054 6
3548 3003 3661 3057 Κῦ-

391 3083 663 3137 talentum
694 3101 708 3138 :
738 3082 814 3138 ibi
862 3081 1064 3153 Cyrus,
1123 3083 1401 3138 exercitus
1444 3083 1731 3139 semissem
1786 3097 1961 3138 secun

2092 3107 2195 3159 ρος,
2247 3089 2361 3160 Τῆς
2426 3090 2528 3160 μὲν
2582 3091 2866 3160 στρατιᾶς,
2918 3091 3047 3162 ἔφη,
3103 3091 3229 3154 τοὺς
3283 3092 3510 3163 ήμίσεις
3571 3110 3664 3165 μοι

394 3175 538 3230 mitti
563 3175 721 3246 jubet
752 3193 766 3230 :
800 3175 870 3232 de
901 3175 1158 3246 pecunia,
1187 3190 1289 3246 pro
1316 3174 1716 3246 quinquaginta
1758 3174 1966 3231 talentis

2090 3181 2418 3253 σύμπεμψον
2440 3196 2455 3210 '
2483 3180 2594 3235 τῶν
2619 3182 2677 3235 δὲ
2702 3180 3005 3253 χρημάτων
3031 3181 3156 3236 ἀντὶ
3187 3182 3289 3252 μὲν
3313 3183 3423 3236 τῶν
3454 3184 3662 3255 πεντή-

394 3268 563 3323 annui
602 3267 820 3333 tributi,
881 3267 1109 3337 duplum
1138 3265 1365 3338 Cyaxari
1397 3266 1644 3334 mitti,et
1689 3267 1794 3322 sibi
1852 3276 1966 3322 tau-

2093 3288 2248 3324 κοντα
2308 3270 2587 3327 ταλάντων
2661 3271 2757 3324 τοῦ
2812 3272 3030 3341 ὲτησίου
3104 3271 3339 3344 δασμοῦ,
3402 3272 3665 3329 διπλάσια

400 3362 649 3417 tumdcm
684 3370 879 3417 mutuo
898 3360 1037 3416 dari.
1072 3360 1168 3414 His
1199 3359 1386 3424 dictis,
1421 3374 1650 3414 uxorem
1678 3371 1736 3415 et
1769 3359 1972 3416 liberos

2093 3361 2349 3435 Κυαξάρῃ
2372 3362 2615 3426 ἀπόδος·
2659 3362 2784 3430 ἐμοί
2822 3331 3053 3431 ma,
3100 3331 3238 3417 ἄλλά
3289 3331 3486 3419 ιᾷιατδν
3551 3365 3665 3435 (92)

394 3453 655 3509 Armenio
686 3453 857 3509 donat
886 3471 899 3507 :
927 3450 1147 3523 Tigrani
1182 3449 1312 3506 item
1348 3451 1637 3521 coniugem
1673 3466 1827 3507 suam
1857 3450 1966 3505 reda

2090 3458 2348 3512 δάνεισον.
2387 3456 2501 3511 Καὶ
2528 3455 2700 3509 ταῦτα
2727 3454 2924 3521 εἰπὼν,
2951 3456 3053 3525 τήν
3076 3473 3135 3509 τε
3160 3459 3395 3525 γυναῖκα.
3420 3457 3499 3526 τῷ
3535 3458 3662 3528 Ἀρ-

397 3548 498 3604 itit.
534 3560 730 3602 recens
761 3553 1013 3617 nuptam,
1042 3554 1104 3600 et
1141 3558 1337 3599 omnes
1363 3543 1611 3599 dimittit.
1639 3542 1788 3599 inter
1814 3542 1969 3599 Chal-

2091 3548 2394 3621 jtsvlqi,xal
2422 3546 2548 3610 τοὺς
2581 3547 2776 3611 παῖδας
2814 3547 2987 3619 δῶρον
3042 3546 3235 3612 ἔδωκε,
3293 3551 3389 3602 καὶ
3428 3546 3509 3619 τῷ
3565 3548 3663 3603 Τι-

397 3644 546 3697 «treus
568 3657 736 3713 porro
784 3650 841 3696 et
894 3640 1204 3704 Armenios,
1254 3648 1313 3695 'tt
1364 3640 1507 3695 inter
1560 3639 1773 3696 vicinos
1817 3642 1969 3701 solet,

2089 3642 2265 3715 γράνῃ
2294 3641 2394 3712 τὴν
2413 3639 2622 3696 οἳκείαν
2646 3639 2920 3708 νεογάμῳ,
2941 3639 3077 3706 δντι,
3110 3639 3204 3694 καὶ
3226 3641 3407 3711 ἀφῆκε
3430 3645 3661 3705 πάντας.

398 3735 633 3792 assiduae
657 3734 1045 3791 contentiones
1069 3742 1125 3789 et
1161 3748 1355 3805 pugna:
1385 3742 1544 3788 erant
1571 3750 1586 3788 :
1613 3733 1818 3804 quibus
1838 3734 1970 3789 inter

2097 3732 2404 3803 Ἀρμενίοις
2465 3729 2523 3784 δὲ
2579 3730 2675 3784 καὶ
2721 3728 3016 3793 Χαλδαίοις
3061 3729 3325 3801 ἀμοροῦσι
3396 3731 3665 3803 διαφοραὶ

400 3845 458 3885 se
500 3828 893 3892 reconciliatis,
927 3826 1103 3901 Cyrus
1151 3827 1388 3891 recedit,
1447 3842 1512 3882 ac
1537 3826 1742 3881 milites
1772 3826 1840 3880 ab
1875 3826 1972 3881 Ar-

2092 3820 2227 3898 ἢσαν
2254 3826 2341 3879 ἀεὶ
2375 3824 2469 3878 καὶ
2502 3825 2697 3894 μάχαι.
2749 3821 2987 3887 Τούτους
3023 3821 3071 3876 δ’
3132 3822 3434 3895 ἀλλήλοιςό
3478 3824 3664 3895 Κῦρος

404 3920 586 3978 menio
614 3931 870 3992 acceptos
903 3921 969 3977 ad
1000 3921 1300 3993 Cyaxarem
1334 3920 1506 3977 mittit
1535 3938 1549 3974 :
1578 3927 1632 3974 et
1662 3918 1715 3972 in
1748 3918 1976 3973 Mediam

2090 3918 2413 3990 κατήλλαξε,
2435 3917 2530 3971 καὶ
2553 3916 2725 3979 οὕτως
2754 3915 2924 3988 ἀπῄει
2945 3932 2960 3948 ⁸
2985 3915 3080 3970 καὶ
3104 3915 3167 3970 τὸ
3197 3916 3296 3986 μὲν
3318 3918 3662 3988 στράτευμα,

403 4030 679 4081 reversus,
742 4016 1087 4086 pecuniaque
1134 4014 1279 4069 inter
1347 4014 1602 4068 tribunos
1661 4012 1975 4075 distributa,

2088 4009 2114 4063 δ
2143 4011 2207 4062 ἐκ
2237 4007 2331 4063 τοῦ
2376 4006 2666 4077 Ἀρμενίου
2697 4005 2911 4073 ἔλαϐεν,
2934 4006 3154 4089 ἔπεμψε.
3182 4007 3319 4079 πρὸς
3342 4008 3660 4081 Κυαξάρην.

404 4122 528 4161 cum
554 4104 797 4178 Cyaxare
829 4106 1251 4176 impressionem
1294 4105 1350 4158 iu
1383 4118 1575 4175 agrum
1609 4104 1867 4158 hostilem
1897 4102 1976 4156 t‘a-

2099 4101 2253 4153 Ἑπεὶ
2273 4098 2321 4153 δ’
2350 4097 2581 4167 ἀφίκετο
2602 4100 2682 4161 είς
2703 4098 2946 4169 Μήδους,
2981 4098 3252 4170 μετέδωκε
3279 4099 3388 4153 τῶν
3440 4101 3666 4171 χρημά-

405 4198 501 4263 «it,
565 4198 871 4269 castrisque
907 4196 1124 4267 positis,
1171 4209 1367 4266 magna
1419 4192 1604 4265 praeda
1644 4193 1872 4263 potitur.
1914 4192 1977 4248 Ut

2092 4208 2196 4246 των
2221 4192 2334 4256 τοῖς
2375 4188 2543 4244 αὐτοῦ
2566 4189 2914 4260 ταξιάρχαις.
2959 4186 3095 4245 Εἶτα
3145 4190 3243 4245 σὺν
3275 4189 3354 4262 τῷ
3401 4192 3664 4263 Κυαξάρῃ

406 4299 588 4345 autem
634 4291 887 4361 Assyrios
935 4290 1101 4345 etiam
1153 4286 1420 4343 accedere
1464 4294 1860 4358 cognoverunt,
1892 4286 1978 4340 in-

2091 4283 2345 4338 ὲνέϐαλεν
2375 4286 2455 4347 εἰς
2499 4282 2599 4355 τὴν
2627 4283 2916 4352 πολεμίαν,
2945 4283 3040 4337 καὶ
3073 4283 3663 4355 ἐστρατοπεδεύσαντο,

404 4388 609 4435 structa
642 4381 760 4436 acie
790 4381 1088 4451 progressi,
1118 4379 1409 4435 intervallo
1431 4393 1749 4450 parasangse
1787 4376 1856 4432 ab
1884 4377 1976 4431 ho-

2096 4378 2185 4430 καὶ
2213 4376 2362 4430 λείαν
2389 4374 2591 4447 πολλὴν
2640 4374 2854 4429 ἐκεῖθεν
2906 4375 3238 4444 συνήγαγον.
3304 4375 3464 4438 Ὠςδὲ
3494 4392 3668 4444 προσ-

406 4474 587 4529 stibus
609 4481 787 4528 castra
816 4481 1113 4527 metantur.
1142 4471 1412 4528 Postridie
1432 4472 1610 4542 Cyrus
1630 4487 1759 4526 suos
1779 4471 1978 4526 milites

2099 4470 2277 4533 ιόντας
2335 4469 2577 4532 καὶτοὺς
2619 4468 2945 4537 Ἀσσυρίους
2972 4468 3258 4532 ἐπύθοντο,
3297 4471 3671 4537 συντεταγμέ-

405 4566 636 4620 eductos
654 4564 896 4627 ordinat,
922 4562 1196 4634 Cyaxares
1225 4580 1350 4620 cum
1368 4563 1540 4619 Medis
1555 4563 1789 4618 alterum
1812 4577 1977 4619 cornu

2098 4579 2174 4616 νοι
2239 4562 2569 4634 προσῄεσαν,
2621 4562 2719 4615 καὶ
2758 4559 3348 4629 ἐστρατοπεδεύσαντο,
3421 4557 3670 4628 ἀλλήλων

406 4666 662 4727 occupat.
690 4647 762 4712 Ex
780 4655 1169 4712 adversoidcm
1189 4665 1247 4713 et
1262 4656 1466 4729 Assyrii
1486 4672 1609 4712 cum
1625 4656 1740 4712 suis
1756 4656 1978 4713 foedera-

2102 4656 2467 4724 παρασάγγην
2500 4652 2822 4724 ἀπέχοντες.
2863 4653 2941 4724 Τῇ
2987 4652 3032 4704 δ’
3062 4652 3327 4724 ὑστεραίᾳ
3383 4647 3670 4720 ἐξαγαγὼν

409 4750 479 4806 tis
491 4748 721 4805 faciunt.
740 4749 916 4804 Persae
933 4748 1076 4803 inter
1089 4763 1208 4804 sese
1225 4748 1519 4812 cohortati,
1541 4747 1768 4818 ipseque
1785 4746 1981 4819 Cyrus,

2100 4747 2121 4799 δ
2142 4744 2322 4817 Κῦρος
2351 4744 2414 4797 τὸ
2439 4743 2636 4798 ἑαυτοῦ
2668 4743 3008 4815 στράτευμα,
3029 4742 3398 4815 παρετάξατο,
3430 4743 3526 4796 καὶ
3547 4742 3672 4796 καθ’

407 4857 570 4896 cursu
595 4841 1240 4898 ferunturinhostes.At
1276 4841 1569 4906 illi,vitato
1617 4841 1836 4896 illorum
1882 4840 1979 4895 im-

2102 4836 2283 4908 ἒτερον
2312 4836 2481 4907 κέρας
2505 4837 2602 4890 σὺν
2630 4838 2741 4901 τοῖς
2794 4835 3001 4907 Μήδοις
3034 4836 3063 4888 6
3097 4835 3415 4908 Κυαξάρης,
3470 4836 3674 4907 ἑτέρω-

411 4942 557 5003 netu.
582 4931 653 4988 ad
696 4931 1030 4988 munitiones
1051 4948 1110 4988 se
1153 4933 1442 5003 recipiunt.
1470 4930 1679 4989 instant
1703 4915 1917 4992 Persa:
1929 4940 1983 4986 et

2101 4933 2187 4984 θεν
2208 4930 2254 4985 δ’
2309 4930 2364 4983 οἱ
2415 4929 2694 4999 Ἀσσύριοι
2749 4929 2845 4983 καὶ
2893 4929 2944 4982 oi
2992 4928 3417 4999 συμμαχοῦντες
3463 4929 3673 4991 αὐτοῖς.

409 5025 540 5080 dum
558 5024 652 5089 alii
673 5025 811 5080 alios
834 5033 1049 5094 urgent,
1077 5025 1278 5080 multos
1309 5032 1564 5079 sternunt
1595 5039 1607 5077 :
1631 5037 1797 5079 eteos
1818 5023 1981 5078 etiam

2102 5021 2209 5075 Καὶ
2232 5020 2650 5091 παραθήξαντες
2674 5018 2940 5090 ἀλλήλους
2968 5019 3019 5073 οἱ
3047 5020 3276 5090 Πέρσαι,
3293 5019 3461 5089 ὁμόσε
3482 5018 3674 5089 δρόμῳ

410 5120 503 5190 qui
547 5120 604 5174 in
653 5117 828 5174 fossas
870 5117 1378 5184 iuciderant,saltu
1430 5116 1713 5174 consecuti
1746 5115 1982 5171 caedunt.

2100 5113 2378 5184 ἐφέροντο,
2419 5112 2514 5166 καὶ
2541 5115 2568 5166 ὀ
2604 5110 2788 5183 Κῦρος
2815 5112 3003 5176 αὐτός.
3042 5112 3111 5165 Οἵ
3144 5128 3208 5180 γε
3258 5109 3363 5182 μὴν
3414 5110 3672 5180 πολέμιοι

412 5212 693 5270 Medorum
725 5215 854 5268 item
882 5211 1119 5282 equites,
1148 5211 1388 5266 hostiqu
1417 5209 1633 5280 equites
1659 5208 1929 5264 invadunt
1971 5227 1984 5264 :

2103 5208 2194 5260 οὐκ
2225 5206 2300 5260 ἔτ’
2349 5205 2567 5277 ἔμενον,
2599 5205 2717 5259 ἀλλ’
2750 5204 2981 5275 εφευγον
3009 5204 3089 5268 είς
3119 5204 3181 5259 τὸ
3215 5204 3417 5275 ἔρυμα..
3479 5203 3588 5254 Kal
3622 5202 3675 5255 oi

414 5304 620 5360 cedunt
671 5305 775 5372 illi,
819 5304 878 5360 iit
933 5294 1077 5375 fuga
1110 5312 1167 5359 et
1201 5318 1472 5374 equorum
1517 5311 1575 5359 et
1623 5301 1890 5364 virorum,
1935 5310 1986 5356 et

2102 5300 2310 5367 Πέρσαι
2328 5299 2514 5363 αὐτοῖς
2537 5296 2892 5369 ἐφεπόμενοι,
2921 5295 3251 5365 ὠθουμένων
3277 5293 3482 5359 αὐτῶν,
3540 5292 3674 5346 πολ-

416 5405 780 5469 utrorumque
797 5397 978 5455 caedes
1022 5400 1153 5465 Quae
1184 5411 1307 5452 cum
1335 5394 1688 5469 Assyriorum
1713 5400 1769 5448 et
1816 5393 1982 5449 tarde-

2107 5392 2226 5458 λοὺς
2261 5390 2781 5463 κατεστρώννυσαν,
2820 5386 2947 5452 τοὺς
2975 5386 3033 5442 δὲ
3074 5388 3156 5451 είς
3223 5388 3467 5456 τάφρους
3509 5384 3679 5456 ἐμπί-

1570 5548 1772 5613 Variae
1821 5548 2132 5612 lectiones
2173 5556 2234 5608 et
2275 5552 2463 5609 notas.

511 5674 600 5741 92)
645 5675 807 5743 Ἐμοὶ
839 5674 891 5727 δ’
920 5674 1030 5746 ἔφη
1057 5676 1217 5731 ἄλλα
1242 5674 1477 5730 ἑκατόν.
1508 5671 1836 5730 Viennensis
1866 5671 1994 5731 cod.

422 5745 693 5802 descripta
720 5754 862 5801 sunt.
892 5743 979 5800 W.

2264 5667 2531 5734 δάνεισον,
2579 5676 2750 5725 etest
2784 5667 2836 5724 il
2887 5663 3274 5736 Xen0phontc.
3344 5676 3493 5735 uupe
3558 5663 3678 5722 hoc
3782 5656 3785 5659 ἢ

460 5760 693 5812 ascripta
720 5760 862 5801 sunt.
898 5760 952 5800 \‘l'
966 5786 979 5799 .
