3980 6246
253 320 361 387 239

1495 326 1906 389 ANNALIUM
1954 326 2102 388 LIB.
2152 329 2270 392 lli.

3421 333 3531 397 290

265 438 588 494 Ἦλίσκοντο
612 435 795 491 τοίνυν
826 437 921 492 καὶ
951 438 1145 510 ἄνδρες
1180 440 1274 493 καὶ
1306 442 1557 512 ἅρματα,
1596 442 1696 498 καὶ
1720 442 1845 496 πολ-

1953 450 2196 505 occurrit
2221 467 2236 505 :
2262 460 2316 504 et
2343 454 2536 523 gratiis
2566 453 2725 511 actis.
2760 468 2840 517 se,
2868 459 3145 523 quantum
3175 452 3230 508 in
3261 467 3321 509 se
3343 451 3530 510 fuerit-

257 532 339 585 λοὶ
366 530 422 585 δὲ
448 530 786 594 ἐκτείνοντο,
818 534 912 583 καί
952 532 1116 595 αὐτὸς
1153 532 1180 583 6
1213 532 1304 584 τὸν
1328 532 1575 588 Γαδάταν
1609 534 1842 606 πλήξας.

257 626 319 679 Ol
348 624 394 678 δ’
421 624 599 690 ἄλλοι,
631 624 726 677 καὶ
760 625 924 687 αὐτὸς
957 628 984 677 6
1027 625 1334 695 Ἀσσύριος,
1373 627 1454 690 είς
1475 618 1641 681 ’πόλιν
1674 628 1845 681 αὑτοῦ

253 734 379 771 τινα
416 715 670 786 μεγάλην
699 715 1038 783 κατέφυγον.
1077 718 1185 771 Καὶ
1227 719 1254 771 6
1282 715 1466 788 Κῦρος
1510 719 1687 773 ταῦτα
1730 720 1846 773 δια-

254 809 635 881 πραξάμενος,
672 809 752 873 είς
790 809 891 879 τὴν
922 808 1139 862 Γαδάτα
1181 810 1370 880 χώραν
1401 812 1703 881 ἀναχωρεῖ,
1751 814 1845 866 καὶ

254 901 341 973 ᾔει
370 901 466 953 τὸν
514 900 768 954 Γαδάταν
812 899 1272 968 ἐπισκεψόμειος.
1313 901 1422 953 Kal
1461 903 1511 954 οί
1537 903 1563 954 6
1600 902 1845 965 Γαδάτας

255 993 595 1062 ἀπήντησεν,
645 990 1030 1059 ἐπιδεδεμένος
1084 991 1146 1043 τὸ
1198 992 1445 1062 τραῦμα,
1495 993 1589 1046 καὶ
1614 995 1845 1063 χάριτας

254 1084 530 1153 ὡμολόγει
560 1083 739 1153 λέγων
758 1100 773 1115 ο
801 1082 899 1148 ὼς,
944 1082 1085 1151 Ἐγώ
1112 1100 1174 1153 γε
1200 1086 1262 1137 τὸ
1291 1086 1392 1154 μὲν
1432 1084 1518 1137 ἐπ’
1546 1088 1671 1154 ἐμοὶ
1700 1085 1844 1156 οἴχο-

260 1193 383 1244 μαι,
421 1177 485 1228 τὸ
517 1175 575 1227 δὲ
607 1172 702 1227 ἐπὶ
750 1174 832 1226 σοὶ
879 1174 1183 1245 σέσωσμαι,
1222 1174 1545 1248 προθύμως,
1573 1176 1716 1231 οὕτω
1754 1194 1845 1245 μοι

256 1264 613 1334 βοηθήσαντι.
670 1264 735 1316 Oi
781 1263 837 1317 δέ
880 1280 943 1331 γε
1000 1264 1323 1319 Καδδούσιοι
1378 1265 1846 1335 ὀπισθοφυλακεῖν

253 1356 590 1426 τεταγμένοι
641 1356 766 1408 τότε
809 1355 962 1426 παρὰ
1012 1355 1110 1409 τοῦ
1162 1357 1373 1427 Κύρου,
1413 1357 1509 1411 καὶ
1556 1358 1631 1430 μὴ
1680 1375 1845 1428 μετα-

256 1450 479 1518 σχόντες
510 1452 613 1518 τῆς
641 1447 899 1512 διώξεως,
938 1447 1261 1519 βουλόμενοι
1304 1449 1364 1504 δὲ
1392 1449 1487 1504 καὶ
1521 1451 1680 1504 αὐτοί⁵
1708 1452 1849 1522 λαμ-

254 1540 396 1609 πρόν
455 1556 512 1590 τι
567 1540 820 1609 ποιῆσαι,
877 1539 1033 1592 οὐδὲν
1078 1539 1157 1611 τῷ
1204 1541 1376 1613 Κύρῳ
1420 1542 1842 1614 κοινωσάμενοι,

252 1632 592 1686 καταθέουσι
626 1634 726 1702 τήν
759 1631 1137 1687 Βαϐυλωνίαν.
1170 1634 1377 1689 ’Δπιὼν
1408 1635 1465 1689 δὲ
1501 1637 1530 1689 6
1558 1636 1847 1704 ’Δσσύρος

252 1727 319 1777 ἐκ
361 1724 468 1796 τῆς
518 1723 733 1789 πόλεως
779 1717 841 1778 οὗ
888 1726 1191 1798 κατέφυγε,
1227 1730 1586 1799 συντυγχάνει
1623 1730 1844 1790 αὐτοῖς·

1955 542 2206 611 periisse,
2240 546 2335 599 sed
2377 556 2599 601 strenua
2644 547 2791 601 illius
2824 562 2928 616 ονε
2967 556 3358 603 conservatum
3386 560 3529 610 esse,

1953 635 2265 705 proﬁtetur.
2320 637 2585 694 Caddusii
2633 656 2766 694 vero
2792 656 2821 694 a
2850 639 2995 712 Cyro
3022 642 3077 696 in
3110 640 3379 696 subsidiis
3412 641 3531 693 col-

1952 726 2138 791 locati,
2166 743 2292 782 cum
2324 720 2694 799 persecutioni
2727 732 2970 787 hostium
2992 746 3101 787 non
3127 730 3530 788 interfuissent.

1954 818 2208 873 volentes
2233 830 2292 874 et
2330 820 2433 890 ipsi
2468 820 2750 891 egregium
2783 820 2996 877 facinus
3038 820 3226 884 edere,
3261 819 3407 891 Cyro
3443 819 3532 875 in-

1954 910 2232 977 consulto,
2262 910 2320 965 in
2361 912 2708 980 provinciam
2753 911 3109 982 Babyloniam
3156 911 3531 967 incursionem

1958 1000 2191 1056 faciunt.
2225 1002 2295 1056 At
2344 1003 2605 1075 Assyrius
2638 1020 2896 1075 egressus
2942 1005 3160 1070 urbem,
3198 1021 3308 1075 quo
3341 1004 3535 1059 confu-

1954 1103 2132 1163 gerat,
2174 1094 2394 1149 obviam
2425 1095 2628 1161 factus,
2661 1111 2787 1151 cum
2815 1096 2967 1153 solos
3001 1111 3124 1153 esse
3155 1096 3408 1161 vidisset,
3440 1111 3537 1148 cos

1956 1185 2187 1252 invadit,
2232 1197 2289 1242 et
2322 1188 2633 1258 principem
2669 1203 2864 1244 eorum
2894 1203 3019 1244 cum
3051 1188 3240 1243 multis
3273 1187 3398 1242 aliis
3438 1202 3537 1241 oc»

1953 1277 2110 1336 cidit.
2160 1289 2324 1348 atque
2370 1278 2692 1349 aliquandiu
2739 1279 3125 1350 persequitur.
3160 1279 3263 1346 Qui
3293 1294 3363 1333 ex
3393 1278 3535 1334 Cad-

1954 1370 2131 1424 dusiis
2178 1381 2490 1436 evaserant,
2527 1373 2634 1426 sub
2686 1387 2975 1442 vesperam
3022 1373 3078 1426 in
3112 1383 3290 1427 castra
3348 1386 3535 1427 rever-

1956 1462 2363 1535 tuntur..Cyrus
2383 1464 2706 1520 vulneratos
2728 1464 2895 1519 tradit
2918 1464 3182 1520 medicis:
3207 1464 3346 1518 alios
3373 1462 3534 1533 156

1954 1554 2073 1624 ipse
2116 1556 2455 1617 consolatus,
2505 1565 2692 1611 mouet
2748 1566 2810 1609 ut
2847 1571 2962 1612 sua:
2991 1556 3169 1626 gentis
3201 1555 3398 1609 ducem
3434 1556 3535 1609 eli-

1955 1656 2109 1715 gant.
2148 1646 2364 1700 Interea
2399 1645 2640 1702 Gadatas
2666 1647 2844 1725 multa
2864 1656 2922 1702 et.
2949 1646 3128 1702 omnis
3155 1647 3376 1716 generis
3405 1662 3495 1700 nm
3513 1676 3531 1687 -

1954 1754 2086 1793 nera
2130 1739 2330 1813 otTert,
2366 1748 2422 1793 et
2469 1755 2644 1810 equos
2676 1739 2968 1809 plurimos.
3016 1737 3194 1810 Cyrus
3245 1752 3420 1807 equos
3470 1751 3530 1790 se

250 1818 349 1869 καὶ
381 1816 548 1884 γνοὺς
582 1816 779 1886 μόνους
809 1816 996 1881 ὂντας,
1038 1819 1370 1885 ἐπιτίθεται,
1409 1823 1505 1874 acati.
1529 1822 1622 1874 τόν
1645 1837 1704 1874 τε
1744 1821 1845 1891 ἄρ-

1953 1832 2207 1901 acciperc
2241 1832 2339 1891 ait.
2376 1841 2437 1887 ut
2468 1836 2780 1900 equitatum
2815 1831 3098 1888 Persicum
3132 1830 3201 1885 ad
3233 1844 3528 1885 numerum
3578 1852 3583 1863 ·

252 1926 421 1981 χοντα
474 1908 628 1979 σφῶν
672 1910 1017 1974 ἀποκτείνει,
1050 1912 1146 1964 καὶ
1182 1911 1377 1974 ἄλλους
1425 1913 1681 1977 πολλούς.
1735 1916 1845 1969 Kal

251 2002 454 2069 διώξας
502 2006 671 2075 μέχρι
713 2003 882 2068 τινὸς.
932 2004 1309 2076 ἀπετράπετο.
1350 2006 1414 2059 Οἳ
1449 2006 1508 2059 δὲ
1564 2008 1672 2060 τῶν
1704 2008 1849 2061 Καδ-

252 2095 488 2148 δουσίων
533 2094 807 2159 ἐσώζοντο
834 2096 963 2166 περὶ
990 2096 1178 2167 δείλην
1203 2091 1369 2167 ἦλθον
1415 2099 1497 2161 εἰς
1525 2098 1587 2151 τὸ
1620 2101 1850 2169 στρατό-

255 2187 439 2240 πεδον.
502 2189 563 2240 ὐ
595 2188 653 2241 δὲ
707 2188 884 2259 Κῦρος
936 2191 1050 2254 τοῖς
1108 2190 1211 2261 μὲν
1266 2190 1674 2260 θεραπεύσουσι
1717 2193 1846 2256 τοὺς

249 2281 643 2352 τετρωμένους
680 2282 998 2353 παρεδίδου,
1040 2286 1154 2347 τοῖς
1190 2281 1239 2336 δ’
1262 2282 1449 2346 ἄλλοις
1478 2284 1644 2348 αὐτὸς
1677 2301 1848 2355 προσ-

250 2376 393 2446 ῆγεν
434 2377 494 2429 ὲν
540 2375 725 2440 λόγοις
766 2374 1139 2446 παράκλησιν.
1209 2374 1321 2428 Καὶ
1360 2376 1600 2446 ἄρχοντα
1633 2378 1846 2442 ἑαυτοῖς

253 2470 317 2538 ἐξ
352 2471 571 2525 ἑαυτῶν
594 2470 832 2542 παρῄνει
875 2468 1228 2543 αἱρήσεσθαι,
1266 2471 1364 2526 καὶ⁵
1403 2471 1453 2525 oi
1483 2470 1585 2542 μὲν
1614 2470 1845 2527 εἴλοντο.

265 2564 328 2619 ’0
357 2563 417 2617 δὲ
449 2562 697 2626 Γαδάτας
723 2559 829 2636 ἧκε
856 2564 1101 2634 κομίζων
1132 2564 1209 2634 τῷ
1234 2563 1407 2637 Κύρῳ
1435 2563 1584 2637 δῶρα
1614 2566 1848 2619 παντοῖά

251 2673 315 2708 τε
368 2658 466 2710 καὶ
511 2654 706 2720 πολλὰ,
733 2657 827 2709 καὶ
865 2656 1158 2721 πλείστους
1193 2658 1418 2724 ἵππους.
1473 2660 1531 2715 ὐ
1560 2661 1618 2715 δὲ
1664 2662 1848 2735 Κῦρος

1949 1922 2139 1976 decem
2175 1922 2411 1995 millium
2455 1922 2677 1992 expleat
2714 1938 2727 1975 :
2759 1923 3055 1991 pecuniam
3088 1920 3309 1977 auferre
3345 1918 3532 1990 jubet,

1950 2024 2009 2067 et
2035 2029 2280 2076 servare,
2313 2013 2493 2069 donec
2518 2023 2576 2070 et
2605 2013 2724 2084 ipse
2754 2028 2882 2068 eum
2916 2011 3262 2068 remunerari
3316 2021 3523 2081 posset.

1950 2105 2181 2171 Suadet,
2236 2115 2298 2161 ut
2344 2106 2539 2161 urbem
2575 2121 2732 2161 suam
2764 2114 3024 2161 accurate
3069 2103 3368 2169 custodiat,
3413 2103 3532 2173 ipse

1946 2214 2084 2253 vero
2122 2213 2313 2254 secum
2360 2198 2768 2270 proﬁciscatur.
2816 2198 3056 2253 Cadatas
3104 2197 3337 2252 consilio
3382 2194 3530 2250 dele-

1948 2298 2150 2357 ctatus,
2199 2291 2528 2362 compositis
2579 2290 2698 2346 suis
2732 2291 2923 2354 rebus,
2967 2290 3172 2364 Cyrum
3209 2291 3525 2345 comitatur.

1954 2390 2093 2446 Cum
2129 2390 2198 2446 ad
2231 2390 2473 2447 conﬁnia
2501 2393 2770 2463 Syrorum
2796 2399 2856 2447 et
2881 2390 3165 2446 Medorum
3198 2399 3526 2460 perventum

1948 2492 2118 2547 esset,
2142 2483 2234 2538 ubi
2268 2484 2375 2540 tria
2401 2492 2562 2539 erant
2593 2482 2856 2554 Syrorum
2884 2482 3133 2545 castella,
3162 2497 3332 2536 unum
3355 2479 3534 2553 Cyrus

1952 2577 2004 2630 vi
2045 2578 2195 2646 capit
2242 2594 2257 2631 :
2302 2577 2517 2646 reliqua
2550 2575 2663 2632 duo
2702 2577 2817 2646 ipse
2851 2576 3259 2647 perterrefacit.
3294 2575 3532 2631 Gadatas

1951 2683 2087 2724 vero
2118 2668 2449 2723 custodibus
2484 2666 2805 2736 persuadet.
2847 2676 2905 2721 ut
2932 2682 2999 2722 ea
3031 2666 3272 2721 tradant.
3309 2667 3407 2722 llis
3451 2666 3528 2720 fa-

253 2749 388 2812 τούς
436 2748 535 2818 μὲν
587 2747 789 2811 ἵππους
837 2748 942 2820 ἔφη
977 2749 1257 2820 δέχεσθαι,
1300 2751 1365 2806 ἵν’
1397 2753 1737 2828 ἐκπληρώσῃ
1786 2758 1845 2810 τὸ

1951 2761 2080 2827 clis,
2112 2760 2181 2815 ad
2219 2761 2523 2831 Cyaxarem
2565 2760 2753 2820 mittit,
2793 2768 2854 2813 ut
2893 2760 2946 2812 in
2984 2768 3164 2814 castra
3198 2760 3532 2829 veniat.quo

253 2841 532 2911 Περσικὸν
564 2840 811 2907 ἱππικὸν,
841 2844 937 2894 καὶ
972 2843 1052 2906 είς
1084 2842 1313 2915 μυρίους
1350 2848 1667 2914 περισταῖεν
1697 2847 1845 2919 αὐτῷ

1951 2851 2081 2919 quid
2120 2848 2263 2904 facto
2297 2865 2439 2919 opus
2477 2860 2650 2915 esset,
2686 2848 3087 2913 deliberarent,
3109 2857 3166 2903 ct
3198 2848 3531 2902 tabernacu-

254 2935 308 2988 οί
342 2934 552 2997 ἵππεις.
586 2933 667 2987 Τὰ
693 2934 751 2986 δὲ
798 2937 1063 3006 χρήματα
1092 2937 1407 3006 ἀπαγαγεῖν
1450 2939 1602 3011 αὑτῴ
1634 2943 1845 2997 ἐνετέλ-

1951 2943 2064 2998 lum
2113 2941 2165 2998 ei
2203 2958 2236 2997 a
2277 2941 2450 2997 Medis
2502 2942 2834 2996 attributum
2888 2956 3012 2996 cum
3048 2941 3265 2996 caeteris
3323 2941 3523 3000 rebus.

252 3030 406 3085 λετο.
443 3029 554 3083 Καὶ¹
601 3028 898 3099 φυλάττειν
950 3028 1062 3083 ἔστ’
1090 3028 1157 3083 ἂν
1196 3031 1291 3084 καὶ
1322 3030 1486 3083 αὐτὸν
1530 3031 1845 3105 ἀντιδωρεῖ-

1955 3043 2069 3090 tum
2108 3034 2344 3090 muliere
2396 3048 2522 3088 cum
2575 3032 2797 3088 duabus
2855 3032 3087 3088 musicis
3140 3031 3198 3085 in
3251 3031 3532 3100 peculiare

255 3122 391 3177 σθαι
423 3121 575 3193 γνοίη
600 3120 924 3191 δυνάμενον.
959 3120 1070 3173 Kal
1095 3120 1330 3192 παρῄνει
1355 3120 1453 3192 τήν
1488 3121 1647 3176 πόλιν
1675 3124 1844 3179 αὐτοῦ

1951 3125 2211 3181 conclave
2260 3123 2599 3188 introducta,
2635 3139 2802 3194 quam
2843 3122 3222 3193 pulcherrime
3272 3120 3533 3176 exornari

255 3215 366 3269 ὑπὸ
409 3214 661 3284 φυλακὴν
706 3213 1040 3284 ποιήσασθαι
1088 3213 1328 3283 ἀσφαλῆ,
1376 3215 1542 3269 αὑτὸν
1590 3216 1649 3270 at
1692 3218 1843 3290 αὒτῷ

1951 3218 2111 3291 jubet
2162 3221 2403 3287 Accepto
2443 3215 2640 3270 nuntio
2668 3214 2963 3287 Cyaxares.
2996 3229 3123 3269 cum
3158 3213 3332 3268 Medis
3369 3213 3533 3282 equi-

255 3306 754 3379 συστρατεύεσθαι.
796 3307 906 3360 Καὶ
937 3308 966 3360 6
998 3305 1249 3372 Γαδάτας
1271 3307 1416 3380 ἥσθη
1440 3312 1507 3382 τῇ
1537 3310 1845 3382 συμϐουλῇ,

1954 3312 2124 3375 tibus,
2156 3310 2253 3381 qui
2287 3319 2631 3374 manserant,
2668 3307 3063 3378 proﬁciscitur.
3111 3306 3248 3374 Ejus
3293 3304 3532 3360 adventu

256 3401 743 3471 σωκευαζόμενός
779 3417 841 3454 τε
875 3399 955 3471 τῷ
989 3398 1160 3472 Κῦρῳ
1225 3401 1531 3459 συνείπετο.
1576 3404 1733 3460 Ἐπεὶ
1788 3406 1845 3461 δὲ

1951 3405 2195 3476 cognito,
2229 3404 2409 3475 Cyrus
2442 3418 2568 3459 eum
2601 3403 2838 3457 Persicis
2866 3400 3176 3470 equitibus,
3219 3399 3315 3470 qui
3370 3398 3534 3453 inulti

254 3496 633 3567 πορευόμενος
679 3492 855 3557 οὕτως
901 3493 980 3554 el;
1015 3492 1084 3546 τὰ
1117 3490 1352 3565 μεθορία
1382 3493 1493 3547 τῶν
1519 3494 1712 3565 Σύρων
1748 3498 1845 3550 καὶ

1951 3495 2057 3567 iam
2088 3507 2273 3561 erant,
2304 3505 2360 3549 et
2394 3493 2565 3548 Medis
2594 3494 2688 3563 qui
2722 3492 2979 3556 aderant,
3009 3502 3065 3547 et
3092 3492 3397 3555 Armeniis,
3427 3504 3537 3544 ca:-

254 3591 461 3661 Μῄδων
510 3588 763 3659 ἀφίκετο.
795 3583 1055 3653 ἐνταῦθα,
1088 3583 1218 3656 τρία
1240 3584 1368 3638 ὄντα
1413 3586 1482 3638 τὰ
1515 3586 1625 3640 τῶν
1652 3586 1845 3659 Σύρων

254 3679 516 3754 φρούρια,
553 3679 615 3735 τὸ
646 3679 746 3750 μὲν
789 3680 848 3732 ιν
880 3677 1045 3739 αὐτὸς
1079 3675 1408 3746 προσϐαλὼν
1446 3680 1542 3733 καὶ
1575 3679 1845 3750 βιασάμε-

254 3792 351 3837 νος
377 3772 563 3829 ἐλαϐεο
599 3772 669 3826 τὰ
701 3770 760 3824 δὲ
795 3769 890 3823 δύο
921 3767 1104 3838 φοϐῶν
1133 3771 1232 3840 μὲν
1263 3770 1292 3823 6
1323 3767 1528 3841 Κύρος,
1557 3770 1761 3825 πείθων
1788 3774 1846 3827 δὲ

252 3868 284 3920 ό
332 3866 601 3929 Γαδάτας,
630 3862 1057 3935 παρεσκεύασαν
1100 3862 1441 3933 παραδοῦναι
1483 3863 1611 3927 τοὺς
1637 3864 1846 3932 φυλάς-

257 3977 476 4024 σοντας.
526 3954 661 4013 Εἶτα
711 3959 921 4027 πέμπει
948 3955 1086 4026 πρὸς
1130 3955 1452 4025 Κυαξάρην,
1481 3955 1651 4022 άξιῶν
1684 3956 1845 4027 ήκειν

254 4057 339 4121 εις
373 4054 435 4108 τὸ
487 4050 880 4124 στρατόπεδον,
910 4050 1060 4113 ὅπως
1105 4050 1236 4122 περὶ
1260 4044 1336 4105 ὧν
1366 4049 1436 4105 ἂν
1464 4051 1690 4117 δέοιντο,
1723 4052 1819 4121 βου

252 4148 573 4203 λεύσαιντο.
607 4142 717 4197 Καὶ
760 4142 789 4195 6
836 4141 939 4212 μὲν
965 4141 1201 4210 ἄγγελος
1229 4140 1429 4214 ᾤχετο.
1468 4142 1529 4197 '0
1562 4143 1619 4197 δὲ
1663 4143 1847 4214 Κῦρος

254 4240 518 4294 ἐκέλευσε
546 4236 648 4306 τὴν
676 4234 910 4305 σκηνὴν,
949 4236 1017 4304 ἢν
1043 4234 1093 4287 οἱ
1116 4233 1290 4303 Μῆδοι
1314 4234 1392 4306 τῷ
1416 4233 1685 4306 Κυαξάρη
1708 4237 1846 4300 sisi-

254 4331 373 4394 λον,
415 4327 834 4383 κατασκευάσαι
876 4324 954 4389 ὡς
1000 4322 1259 4395 βέλτιστα
1290 4327 1358 4397 τῇ
1390 4341 1452 4379 τε
1492 4326 1629 4397 άλλη
1668 4343 1848 4399 παρα-

257 4423 455 4493 σκευῇ,
508 4420 607 4473 καὶ
642 4417 721 4489 τῷ
771 4418 1007 4487 γυναῖκα
1038 4417 1362 4487 εἰσαγαγεῖν
1400 4419 1482 4481 είς
1523 4416 1616 4471 τὸν
1655 4434 1846 4486 γυναι-

1951 3596 2307 3657 terorumque
2365 3602 2644 3642 sociorum
2696 3585 2985 3654 equitibus
3038 3584 3266 3656 optimis
3315 3581 3533 3637 obviam

1924 3679 2329 3750 progreditur,
2368 3687 2428 3733 ut
2454 3679 2645 3748 copias
2681 3676 2913 3747 Cyaxari
2948 3683 3280 3731 ostentaret.
3313 3674 3367 3728 ls
3403 3690 3534 3727 \‘cl‘u

1949 3789 2078 3831 cum
2129 3774 2283 3828 illum
2341 3772 2546 3825 multos
2604 3771 2753 3824 viros
2810 3777 3136 3837 praestantes
3190 3767 3370 3835 sequi,
3423 3764 3532 3818 siti

1950 3881 2085 3922 vero
2121 3866 2381 3934 exiguum
2433 3872 2488 3918 et
2516 3863 2697 3941 [vilem
2749 3875 2879 3916 esse
2910 3860 3250 3925 comitatum
3299 3857 3530 3921 videret,

1949 3958 2381 4031 ignominiosum
2411 3955 2675 4026 quiddam
2720 3969 2842 4009 esse
2884 3961 3059 4016 ratus,
3095 3965 3208 4022 prae
3242 3949 3431 4015 dolore
3475 3948 3531 4000 in

1952 4051 2275 4108 manifestas
2302 4052 2570 4123 Iacrymas
2591 4047 2795 4116 erupit.
2821 4046 2999 4118 Cyrus
3025 4059 3094 4101 eo
3119 4043 3372 4107 seducto,
3404 4056 3531 4096 cau-

1951 4161 2070 4201 sam
2106 4145 2203 4200 irte
2231 4153 2288 4199 et
2320 4142 2534 4199 doloris
2576 4142 2802 4212 quaerit,
2831 4149 2890 4195 et
2933 4138 3121 4195 multis
3154 4134 3340 4192 verbis
3387 4133 3531 4188 ultro

1950 4228 2204 4306 citroque
2229 4235 2409 4300 iactis,
2428 4234 2702 4304 denique:
2734 4232 2836 4286 l’er
2862 4232 3003 4295 deos,
3027 4230 3224 4300 inquit.
3245 4226 3530 4290 αυηηειιιιο,

1948 4329 2127 4384 desine
2167 4343 2248 4383 vss
2292 4328 2347 4381 in
2382 4328 2667 4393 prementia
2704 4323 2921 4393 culpare
2968 4339 2981 4376 :
3014 4323 3106 4379 sed
3168 4323 3252 4376 ubi
3284 4330 3529 4390 expertus

1952 4421 2137 4492 fueris,
2171 4422 2434 4489 quomodo
2460 4435 2589 4488 erga
2623 4426 2671 4472 te
2709 4418 2880 4489 alfcctt'
2908 4418 3100 4482 simus,
3135 4425 3250 4470 tum
3290 4414 3418 4470 mihi
3448 4414 3527 4467 uel

254 4514 411 4568 κῶνα
441 4513 544 4583 τῆς
574 4509 804 4580 σκηνῆς,
834 4510 930 4562 καὶ
962 4510 1061 4562 σὺν
1099 4508 1278 4580 ταύτῃ
1313 4508 1411 4573 τὰς
1441 4509 1842 4581 μουσουργοὺς,

1951 4515 2154 4588 gratias
2194 4514 2362 4583 agito,
2394 4511 2474 4567 vel
2506 4512 2767 4582 injuriam
2802 4510 3142 4581 exprobrata.
3191 4507 3289 4564 His
3338 4507 3529 4562 verbis

258 4607 429 4675 αἴπερ
455 4604 538 4674 τῷ
555 4603 824 4672 Κυαξάρη
843 4600 1131 4672 ὲξῄρηντο.
1168 4600 1255 4654 Ἐν
1275 4599 1454 4671 τούτῳ
1472 4599 1529 4653 δὲ
1553 4602 1582 4654 6
1608 4600 1842 4670 ἄγγελος

255 4703 331 4754 τὰ
361 4698 519 4770 παρὰ
544 4696 640 4751 τοῦ
672 4695 859 4766 Κύρου
883 4695 963 4764 τῷ
1007 4692 1275 4765 Κυαξάρῃ
1303 4691 1610 4765 ἀπήγγειλε
1629 4707 1645 4724 ·
1671 4711 1761 4749 και
1787 4693 1846 4758 ὃς

259 4792 564 4861 ἐπορεύετο
597 4793 696 4843 σὺν
728 4791 840 4852 τοῖς
873 4789 1286 4860 παραμείνασιν
1319 4786 1473 4858 αὐτῷ
1501 4786 1613 4843 τῶν
1644 4788 1846 4859 Μήδων

263 4885 547 4938 ἱππεῦσιν.
605 4881 697 4944 Ὠς
752 4880 796 4935 δ’
821 4880 964 4950 ἔγνω
1008 4879 1307 4951 προσιόντα
1347 4878 1510 4932 αὐτὸν
1552 4881 1581 4932 6
1637 4878 1843 4951 Κῦρος,

260 4976 444 5032 λαϐὼν
495 4973 622 5037 τούς
662 4988 725 5025 τε
765 4971 874 5025 τῶν
924 4971 1149 5043 Περσῶν
1196 4971 1421 5035 ἱππέας,
1461 4970 1694 5034 πολλοὺς
1742 4973 1844 5041 ἤδη

264 5070 443 5133 ὕκας,
486 5066 586 5120 καὶ
616 5067 744 5122 τοὺς
781 5062 1001 5135 Μήδους
1030 5063 1329 5130 παρόντας,
1357 5063 1605 5127 καὶτοὺς
1651 5063 1849 5134 ’Δρμε-

267 5164 429 5228 νίους,
457 5163 552 5214 καὶ
580 5159 691 5213 τῶν
715 5158 894 5213 ἄλλων
920 5158 1230 5229 συμμάχων
1265 5157 1392 5222 τοὺς
1418 5158 1845 5224 εύίπποτάτους,

268 5257 502 5325 ἀπήντα,
551 5251 864 5315 ἐπιδεικνὺς
904 5251 982 5320 τῷ
1033 5251 1303 5323 Κυαξάρη
1354 5250 1454 5323 τὴν
1486 5252 1740 5323 δύναμιν.
1786 5254 1846 5307 '0

270 5347 326 5399 δὲ
353 5345 474 5401 ἰδὼν
501 5343 582 5415 τῷ
613 5345 785 5415 Κύρῳ
820 5343 920 5414 μὲν
955 5341 1183 5405 πολλούς
1211 5360 1273 5396 τε
1316 5344 1414 5397 καὶ
1446 5343 1688 5411 ἀγαθοὺς
1717 5345 1848 5397 ἑπο-

276 5439 482 5507 μένους,
516 5436 702 5507 ἑαυτῷ
732 5437 790 5490 δὲ
817 5435 1006 5506 ὀλίγην
1026 5451 1087 5489 τε
1115 5438 1213 5489 καὶ
1244 5435 1428 5503 ὀλίγου
1475 5435 1637 5501 ἀξίαν
1685 5436 1848 5507 θερα-

274 5533 443 5595 πείαν,
476 5530 676 5601 ἄτιμόν
717 5545 770 5582 τι
806 5528 958 5599 αὐτῷ
990 5527 1172 5593 ἔδοξεν
1201 5522 1365 5594 εἶναι,
1393 5528 1489 5582 καὶ
1518 5529 1648 5599 άχος
1683 5528 1847 5582 αὑτὸν

274 5624 445 5691 ἔλαϐε,
470 5624 564 5677 καὶ
590 5624 673 5686 εἰς
702 5623 916 5693 φανερὰ
944 5624 1250 5692 κατήνεκτο
1271 5622 1507 5693 δάκρυα.
1542 5620 1605 5676 '0
1635 5622 1693 5677 δὲ
1736 5622 1849 5675 Κῦ-

274 5734 360 5780 ρος
417 5716 524 5789 ἰδία
570 5716 764 5770 τοῦτον
808 5714 1239 5787 ἀπολαϐόμενος,
1297 5717 1393 5771 καὶ
1436 5716 1844 5788 παρακαθίσας,

1951 4608 2249 4664 delinitum
2309 4605 2593 4661 hominem
2650 4604 2956 4660 osculatur.
3011 4601 3131 4669 Quo
3189 4600 3309 4655 viso
3362 4598 3529 4662 Medi,

1950 4701 2138 4756 Persae
2179 4709 2239 4754 et
2276 4698 2466 4754 ceteri
2504 4712 2672 4768 supra
2709 4695 2933 4751 modum
2968 4705 3101 4750 sunt
3128 4691 3322 4762 gavisi.
3354 4688 3532 4762 Cyrus

1953 4803 2138 4848 autem
2167 4802 2225 4849 et
2252 4791 2531 4863 Cyaxares
2559 4790 2881 4846 conscensis
2906 4786 3069 4857 cquis
3098 4786 3153 4841 in
3182 4793 3364 4841 castra
3400 4800 3529 4854 pcr-

1951 4896 2244 4942 venerunt.
2272 4885 2502 4954 Cyaxari
2527 4884 2581 4938 in
2607 4881 3027 4938 tabernaculum
3051 4895 3212 4936 suum
3240 4878 3527 4948 perducto,

1949 4977 2094 5033 Medi
2132 4975 2329 5030 ordine
2367 4989 2597 5030 munera
2625 4973 2891 5036 oﬁ‘erunt,
2933 4986 3102 5026 unum
3134 4968 3326 5024 saltem
3357 4981 3424 5021 ex
3461 4964 3530 5018 iis

1950 5086 2074 5142 qua:
2107 5069 2346 5138 quisque
2385 5066 2761 5136 pulcherrima
2794 5073 2987 5119 nactus
3010 5071 3152 5118 erat.
3186 5061 3326 5116 Cum
3356 5069 3528 5111 creua:

1953 5171 2172 5232 tempus
2207 5167 2376 5224 esset,
2427 5157 2703 5230 Cyaxares
2743 5158 2926 5227 epulis
2960 5152 3319 5223 indulgebat:
3352 5147 3528 5218 Cyrus

1953 5264 2137 5309 autem
2190 5252 2261 5306 de
2309 5250 2620 5308 retinendis
2663 5249 2832 5305 sociis
2858 5242 3153 5309 sollicitus,
3205 5239 3528 5297 convocatis

1952 5346 2148 5403 amicis
2178 5347 2248 5400 ad
2281 5359 2397 5399 rem
2430 5344 2570 5400 bene
2605 5342 2904 5413 gerendam
2933 5338 3169 5401 idoneis,
3202 5332 3427 5405 petebat
3468 5341 3530 5386 ut

1947 5439 2326 5503 elaborarent,
2347 5452 2416 5492 ne
2442 5434 2577 5491 socii
2602 5434 2957 5489 discederent
2978 5429 3102 5485 :sed
3130 5427 3285 5499 157
3314 5425 3527 5480 diutius

1951 5540 2259 5589 manerent.
2278 5543 2444 5599 atque
2459 5528 2664 5583 auxilio
2694 5533 2904 5582 essent.
2926 5521 3196 5578 Postridie
3224 5521 3290 5575 ad
3320 5519 3532 5592 Cyaxa-

1954 5640 2069 5680 rem
2095 5638 2287 5678 omnes
2321 5620 2681 5685 conveniunt,
2715 5632 2878 5688 quem
2913 5617 3069 5688 prius
3100 5633 3264 5688 quam
3281 5617 3529 5686 alloque-

1952 5726 2169 5780 rentur,
2197 5713 2338 5786 Cyro
2361 5711 2522 5767 amici
2547 5711 2691 5767 alius
2709 5710 2870 5764 al‘am
2904 5718 3123 5780 gentem
3156 5708 3527 5772 adducebant,
