3980 6246
467 289 577 353 9.95

1744 298 2075 362 JOANN’lS
2111 296 2443 368 ZONARE

3628 314 3735 380 εει

471 405 589 461 ludi
619 404 687 462 ab
722 404 976 461 ιιειειίιιιιε
1024 408 1231 463 reversi
1286 408 1570 475 nuntiant,
1599 406 1851 465 Croesum
1886 408 2024 479 impe

2159 415 2534 469 σκευασθέντα
2557 415 2637 480 είς
2663 414 2756 472 τὸν
2785 416 2948 471 αὑτὸν
2991 418 3192 491 τρόπον
3236 422 3301 477 ὲκ
3349 428 3446 497 τῆς
3484 428 3734 500 Τρωῖκῆς

469 508 709 553 ratoreiu
739 500 1022 554 exercitus
1053 515 1174 554 esse
1203 499 1503 559 delectum.
1545 499 1857 569 multosque
1894 513 2051 569 reges

466 601 522 647 et
554 591 810 662 populos,
868 602 1034 662 atque
1089 593 1254 647 etiam
1306 591 1522 648 Graecos
1552 607 1684 662 para
1711 608 1775 647 os
1817 607 1940 648 esse
1979 594 2047 647 ad

466 700 627 755 Opem
656 684 733 739 illi
766 685 1067 740 ferendam.
1102 684 1197 739 llis
1243 684 1297 739 in
1333 685 1579 739 exercitu
1614 684 1866 755 vulgatis,
1901 683 2050 739 mili-

467 786 550 832 tes
578 777 807 832 solliciti
857 793 979 832 esse
1032 786 1351 845 carperunt:
1400 776 1495 831 sed
1534 776 1710 848 Cyrus
1743 787 1804 831 ut
1838 788 2046 831 metum

466 885 564 939 per
592 879 772 926 castra
804 871 989 941 vagari
1030 872 1225 937 sensit,
1256 868 1442 924 habita
1468 870 1735 925 concione
1766 884 1899 926 suos
1929 869 2049 924 ani-

465 967 737 1019 mosiores
769 962 1031 1027 reddidit,
1057 963 1372 1018 consultant
1400 961 1504 1016 sibi
1531 961 1704 1017 videri
1738 962 1951 1028 dicens,
1987 970 2048 1017 ut

465 1055 648 1111 hostes
680 1056 1090 1124 quamprimum
1124 1055 1431 1110 invaderet.
1474 1054 1735 1110 Assensis
1763 1053 2043 1120 omnibus,

460 1146 732 1218 Cyaxares
757 1161 881 1201 cum
916 1147 1076 1201 tertia
1105 1145 1388 1201 Medorum
1436 1155 1595 1215 parte
1646 1146 1932 1213 remansit,
1975 1160 2045 1202 ne

462 1256 622 1295 suum
671 1256 902 1310 regnum
957 1241 1106 1295 omni
1159 1241 1420 1312 prtesidio
1490 1241 1820 1298 destitutum
1872 1252 2041 1299 esset.

459 1331 637 1405 Cyrus
662 1343 845 1388 autem
878 1349 1092 1390 summa
1119 1335 1403 1391 celeritate
1442 1336 1853 1406 proﬁciscitur:
1889 1351 2045 1393 cum~

460 1438 567 1493 que
620 1419 995 1492 speculatores
1045 1427 1310 1495 praemissi
1367 1426 1580 1483 fumum
1616 1438 1714 1484 aut
1756 1429 2041 1500 pulverem

458 1521 780 1585 excitatum,
835 1532 889 1575 et
920 1523 1173 1578 homines
1203 1524 1308 1578 sibi
1345 1525 1531 1580 videre
1566 1527 1911 1592 viderentur,
1945 1529 2040 1598 qui

459 1611 723 1677 pabulum
755 1623 812 1669 et
855 1614 1001 1686 ligna
1043 1617 1412 1687 colligerent:
1446 1619 1702 1675 hostilem
1734 1622 2040 1676 exercitum

459 1702 513 1756 iu
553 1706 863 1776 propinquo
893 1722 1014 1763 esse
1045 1710 1424 1779 conjecerunt,
1453 1710 1619 1781 idque
1644 1711 1786 1783 Cyro
1814 1716 2040 1768 nuntia-

460 1804 608 1848 runt.
640 1795 692 1851 Is
718 1812 815 1852 eos
840 1798 894 1851 in
923 1799 1166 1869 speculis
1192 1816 1434 1865 manere,
1471 1814 1527 1859 et
1560 1805 1841 1873 preemissa
1883 1805 2043 1876 equi-

460 1895 572 1941 tum
604 1889 690 1943 ala
720 1890 790 1944 ab
821 1890 887 1945 iis
916 1892 1247 1948 decursione
1297 1895 1352 1949 in
1403 1896 1688 1967 planitiem
1719 1897 1884 1963 facta,
1921 1900 2041 1970 capi

454 1979 670 2048 aliquos
694 1981 879 2050 jussit,
904 1998 935 2037 e
958 1982 1164 2052 quibus
1196 1986 1288 2040 ubi
1321 1989 1601 2058 cognovit,
1646 1991 1953 2046 exercitum
1986 1993 2040 2048 in

454 2087 565 2140 quo
587 2082 644 2127 et
674 2074 775 2144 ipsi
812 2075 1036 2141 fuerint,
1086 2078 1154 2134 ad
1184 2080 1324 2136 duas
1355 2097 1686 2156 parasangas
1728 2086 1943 2152 abesse,
1985 2098 2041 2145 et

455 2162 523 2219 de
552 2180 612 2220 se
642 2167 812 2221 multa
858 2171 1028 2224 verba
1069 2170 1186 2227 fieri
1236 2174 1306 2229 ab
1351 2175 1624 2241 hostibus,
1664 2179 1906 2237 adventu
1938 2200 2040 2238 suo

455 2258 681 2312 minimc
739 2259 901 2325 lastis,
959 2271 1126 2334 atque
1183 2266 1355 2322 aciem
1408 2269 1609 2326 instrui
1666 2288 1696 2328 a
1751 2272 1942 2331 Crasso
1982 2285 2039 2332 et

449 2367 640 2422 Graeco
671 2384 734 2422 ac
760 2368 917 2426 Medo
938 2375 1195 2441 quodam,
1229 2379 1322 2445 qui
1352 2380 1657 2450 profugisse
1683 2398 1712 2437 a
1742 2385 1858 2439 suis
1888 2384 2037 2441 dice-

452 2470 625 2516 retur.
658 2460 870 2534 Cyrus:
912 2463 1148 2530 Utinam,
1196 2468 1396 2540 inquit,
1431 2472 1585 2529 illum
1609 2478 1683 2530 ita
1708 2479 1941 2549 capiam,
1979 2490 2035 2533 ut

448 2550 607 2606 volo:
642 2554 712 2609 Et
758 2557 1007 2628 Captivos
1049 2560 1203 2616 abire
1249 2564 1429 2634 jubet,
1484 2583 1664 2638 neque
1704 2571 1878 2626 multo
1912 2583 2036 2643 post

447 2642 513 2696 de
548 2644 730 2699 reditu
762 2648 1129 2719 exploratoris
1172 2654 1400 2727 Ar'aspis
1445 2657 1506 2713 ﬁt
1535 2663 1761 2725 certior,
1793 2642 2030 2735 eumque

445 2733 647 2792 lit'liliiB
698 2739 985 2798 exsultans
1049 2744 1265 2801 obviam
1331 2764 1589 2821 egressus
1651 2756 2027 2825 amplectitur.

444 2825 599 2893 Quod
633 2844 760 2885 cum
791 2847 984 2888 omnes
1009 2836 1382 2894 mirarentur:
1419 2843 1607 2911 Amici,
1644 2844 1845 2917 inquit,
1882 2849 2028 2904 adest

443 2918 525 2970 vir
550 2921 802 2989 optimus,
833 2926 922 2994 qui
950 2925 1101 2982 nulla
1128 2931 1272 3001 turpi
1301 2931 1365 2985 de
1392 2949 1574 2997 causa,
1621 2953 1715 2991 nec
1760 2942 1862 2995 mei
1887 2951 2025 2997 metu

440 3008 666 3077 abierat,
697 3014 790 3067 sed
822 3033 854 3070 a
886 3033 970 3070 me
1000 3020 1297 3091 ablegatus,
1324 3032 1380 3077 ut
1408 3026 1636 3081 hostium
1684 3046 1765 3085 res
1788 3038 2025 3102 cognitas

2154 507 2250 560 καὶ
2282 509 2380 578 τῆς
2414 508 2659 581 Λιϐυκῆς
2678 509 2929 582 διφρείας
2951 524 2967 544 ⁸
3000 513 3097 568 καὶ
3123 516 3216 570 ἐπὶ
3241 516 3339 580 τὰς
3365 521 3649 592 καμήλους
3679 526 3735 578 δὲ

2151 601 2480 670 τεταγμένοι
2517 596 2658 674 ἦσαν
2682 601 2776 656 δύο
2802 604 2888 673 ἐφ’
2909 605 3150 677 ἑκάστην
3206 608 3441 675 τοξόται.
3473 612 3633 667 Οὕτω
3678 616 3735 670 δὲ

2149 688 2544 758 διατιθεμένων
2577 690 2658 763 τῷ
2700 692 2869 765 Κύρῳ
2906 695 3014 749 τῶν
3061 696 3157 751 τοῦ
3210 699 3473 771 πολέμου,
3502 699 3639 777 ἧκον
3686 707 3736 758 οἱ

2148 781 2306 835 Ἰνδοὶ
2338 785 2400 837 tu
2433 783 2544 837 τῶν
2598 785 2897 857 πολεμίων,
2957 792 3050 845 καὶ
3104 792 3292 861 ελεγον
3351 796 3431 849 ὅτι
3503 799 3735 868 Κροίεοε

2147 872 2376 941 ἡγεμὼν
2452 878 2545 928 καὶ
2612 880 2919 949 στρατηγὸς
2973 881 3197 953 ᾕρηται·
3252 888 3345 940 καὶ
3395 888 3580 942 πολλοὶ
3634 892 3733 962 μὲν

2152 962 2418 1031 βασιλεῖς,
2453 967 2626 1021 πολλὰ
2656 968 2700 1023 δ’
2734 968 2864 1042 ἔθνη
2894 976 2989 1025 καὶ
3043 974 3309 1048 Ἕλληνες
3348 983 3735 1052 συμμαχήσειν

2147 1054 2522 1127 ἡτοίμασται..
2559 1061 2657 1125 Ὠς
2711 1062 2805 1117 οῦν
2833 1064 3007 1119 ταῦτα
3044 1068 3279 1140 ἤκουσεν
3332 1071 3361 1123 ὁ
3389 1072 3483 1126 τοῦ
3546 1076 3735 1147 Κύρου

2149 1145 2408 1216 στρατὸς,
2451 1149 2509 1200 ἑν
2541 1150 2792 1220 φροντίδι
2823 1155 3065 1222 ἐγένετο.
3112 1157 3200 1221 Ὠς
3229 1157 3287 1212 δὲ
3318 1159 3519 1231 ᾔσθετο
3547 1164 3576 1216 6
3625 1145 3737 1219 K6-

2148 1256 2241 1310 ρος
2267 1241 2436 1312 φόϐον
2464 1244 2747 1300 διαθέοντα
2783 1248 2842 1300 ἐν
2863 1251 2929 1320 τῇ
2965 1253 3219 1323 στρατιᾷ,
3255 1252 3502 1330 διελέχθη
3522 1259 3733 1325 αύιοῖς,

2146 1336 2245 1387 καὶ
2279 1333 2546 1406 μετέϐαλε
2574 1338 2712 1409 πρὸς
2738 1339 2801 1393 τὸ
2819 1340 3211 1415 εὐθυμότερον.
3272 1341 3405 1400 Εἶτα
3436 1344 3581 1402 εἶπε*
3639 1354 3738 1405 Aea

2146 1427 2236 1477 κεῖ
2265 1442 2376 1497 μοι,
2410 1421 2455 1481 ὧ
2512 1429 2728 1502 ἄνδρες,
2794 1434 2882 1487 ἐπ’
2912 1436 3111 1500 αὐτοὺς
3171 1438 3309 1494 ίέναι
3365 1440 3441 1505 ὡς
3477 1442 3732 1515 τάχιστα.

2148 1518 2258 1572 Καὶ
2301 1518 2541 1586 ἅπαντες
2570 1525 2959 1599 συνηγόρευον.
2998 1530 3299 1604 Κυαξάρης
3342 1535 3444 1605 μὲν
3470 1531 3586 1603 οὖν,
3623 1540 3735 1594 τῶν

2144 1613 2346 1683 Μήδων
2385 1615 2524 1686 ἔχων
2554 1618 2615 1671 τὸ
2640 1618 2827 1691 τρίτον
2874 1625 3062 1696 μέρος,
3103 1628 3423 1698 κατέμενεν,
3482 1631 3558 1696 ὡς
3593 1635 3735 1706 μηδὲ

2143 1707 2211 1759 τὰ
2267 1709 2407 1762 οῐκοι
2450 1710 2634 1781 ἔρημα
2703 1714 2787 1783 εἴη
2818 1732 2832 1745 ·
2897 1718 2926 1770 6
2965 1717 3023 1771 δὲ
3080 1719 3260 1791 Κῦρος
3311 1723 3609 1794 ἐπορεύετο
3657 1725 3736 1789 ὡς

2145 1798 2378 1868 ἠδύνατο
2407 1804 2659 1873 τάχιστα.
2705 1805 2793 1869 Ὧς
2826 1807 2870 1860 δ⁹
2902 1810 2952 1862 οἱ
2987 1812 3269 1881 προϊόντες
3297 1818 3488 1869 σκοποὶ
3510 1816 3734 1873 ἐδόκουν

2148 1892 2446 1963 μανθάνειν
2484 1897 2955 1971 μετεωριζόμενον
2984 1905 3214 1972 καπνὸν,
3240 1907 3272 1979 ἦ
3302 1910 3604 1980 κονιορτὶν,
3635 1916 3734 1966 καὶ

2144 1982 2467 2056 ἀνθρώπους
2489 1985 2625 2059 όρᾷν
2651 1990 2802 2060 χιλὸν
2832 1993 2927 2046 καὶ
2953 1992 3089 2061 ξύλα
3117 1996 3468 2068 λαμϐάνοντα
3480 2020 3523 2067 ς,
3577 2004 3736 2058 εἰκα-

2141 2071 2234 2139 ζον
2262 2068 2404 2129 εἷναί
2428 2092 2533 2130 που
2565 2078 2796 2149 πλησίον
2816 2080 2930 2136 τῶν
2962 2082 3245 2155 πολεμίων
3287 2087 3347 2141 τὸ
3383 2090 3731 2162 στράτευμα,

2142 2167 2236 2220 καὶ
2260 2167 2338 2238 τῷ
2365 2167 2537 2241 Κύρῳ
2565 2172 2964 2244 κατήγγελλον.
3002 2178 3064 2232 '0
3081 2177 3138 2232 δὲ
3171 2180 3415 2246 ἐκείνους
3456 2183 3555 2254 μὲν
3602 2185 3735 2239 ἐκέ-

2140 2257 2332 2314 λευσεν
2360 2261 2459 2316 ἐπὶ
2505 2266 2888 2344 ταῖςσκοπαῐς
2935 2271 3219 2341 μένοντας,
3253 2275 3281 2327 ὅ
3313 2291 3367 2328 τι
3409 2275 3475 2330 ἂν
3526 2276 3730 2349 ὁρῷεν,

2139 2355 2551 2425 ἀπαγγέλλειν*
2599 2358 2788 2433 τάγμα
2845 2362 2893 2416 δ⁹
2940 2365 3152 2420 ἱππέων
3223 2368 3470 2440 ἔπεμψεν
3523 2375 3602 2435 είς
3666 2373 3739 2426 τὸ

2138 2449 2396 2519 πρόσθεν,
2427 2451 2517 2506 ἵνα
2579 2454 2732 2518 τινὰς
2782 2456 3122 2516 συλλάϐοιεν.
3157 2460 3244 2530 Οἳ,
3279 2463 3731 2536 καταδραμόντες

2138 2542 2219 2605 είς
2250 2543 2311 2595 τὸ
2340 2542 2546 2609 πεδίον,
2617 2547 2911 2602 συνέλαὸον
2964 2550 3310 2622 ἀνθρώπους,
3340 2557 3437 2630 καὶ
3488 2558 3726 2630 ἤγαγονο

2138 2639 2233 2690 καὶ
2267 2635 2454 2706 ἔλεγον
2482 2640 2531 2692 οἱ
2557 2639 2980 2712 συλληφθέντες,
3027 2645 3104 2710 ὡς
3142 2648 3206 2702 ἐκ
3266 2649 3358 2703 τοῦ
3399 2626 3731 2722 ⁸στρατοπε·-

2136 2728 2229 2782 δου
2272 2723 2404 2784 εἷεν.
2430 2731 2542 2787 Kal
2571 2734 2599 2786 6
2627 2732 2834 2806 Κῦρος,
2875 2735 3072 2803 Πόσον,
3104 2736 3229 2810 ἔφη,
3276 2740 3505 2797 ἄπεστιν
3530 2743 3729 2798 ἐντεῦο

2136 2822 2228 2876 θεν
2254 2821 2315 2875 τὸ
2347 2824 2666 2896 στράτευμα
2691 2843 2706 2893 ;
2737 2826 2801 2880 Ol
2831 2828 2877 2881 δ’
2906 2828 3113 2898 ἔλεγον·
3155 2831 3245 2896 Ὠς
3290 2833 3384 2887 δύο
3433 2837 3731 2908 παρασάγ-

2135 2930 2260 2981 γας.
2296 2915 2407 2969 Καὶ
2434 2924 2838 2991 προσεπὴρετο·
2879 2921 3070 2993 Ἠμῶν
3120 2922 3179 2976 δὲ
3198 2924 3353 2994 λόγος
3370 2927 3455 2992 τίς
3485 2923 3554 3000 ἦν
3586 2932 3726 3002 παρ’

2135 3007 2321 3071 αὐτοῖς
2350 3025 2365 3075 ;
2398 3007 2505 3063 Ναὶ
2531 3010 2598 3082 νὴ
2638 3010 2759 3078 Δία,
2797 3010 3027 3083 ἔφασαν,
3059 3015 3156 3070 καὶ
3184 3016 3354 3082 πολύς
3372 3036 3460 3090 γε,
3500 3021 3577 3086 ὡς
3616 3022 3726 3095 ἤδη

444 3103 589 3156 nobis
605 3113 746 3159 certo
767 3110 1117 3164 renuntiaret.
1139 3113 1214 3165 Ab
1240 3116 1480 3170 omnibus
1502 3118 1666 3189 igitur
1686 3122 1732 3175 ei
1753 3123 2024 3194 1601ιο-

2134 3099 2302 3168 ἐγγὺς
2345 3095 2448 3172 ἦτε
2483 3104 2825 3175 προσιόντες.
2863 3107 2931 3160 Τί
2983 3103 3100 3175 οὖν,
3135 3109 3240 3183 ἔφη
3297 3112 3326 3165 6
3372 3114 3575 3185 Κῦρος,
3621 3117 3730 3171 καὶ

443 3209 537 3247 nos
558 3204 634 3249 est
651 3197 938 3264 habendus,
956 3206 1095 3272 quod
1112 3208 1277 3260 nostri
1293 3208 1413 3262 boni
1431 3227 1589 3264 causa
1612 3227 1657 3265 et
1677 3215 2023 3285 ignominiam

442 3294 494 3340 et
521 3287 755 3357 pericula
778 3291 954 3347 subiit.
987 3293 1065 3349 Ita
1094 3296 1364 3355 salutatus
1384 3301 1453 3356 ab
1476 3306 1734 3362 omnibus
1761 3309 2018 3382 Araspes,

443 3392 566 3447 quae
615 3379 842 3437 vidisset
889 3386 1134 3455 exponit,
1184 3391 1374 3460 copias
1413 3393 1678 3463 hostium,
1728 3379 2019 3472 stationes,

442 3471 694 3527 consilia.
730 3474 942 3541 Quibus
973 3479 1198 3537 auditis.
1222 3482 1398 3556 Cyrus
1423 3503 1697 3560 quemque
1735 3508 1886 3548 arma
1921 3471 2024 3551 sua

443 3570 500 3616 et
530 3577 702 3633 equos
729 3581 926 3624 curare
953 3570 1136 3640 jubet,
1161 3584 1218 3628 et
1249 3591 1410 3633 mane
1440 3580 1505 3634 ad
1533 3597 1769 3653 pugnam
1802 3597 2022 3655 paratos

440 3666 584 3709 esse.
617 3655 814 3713 Parent
862 3660 977 3716 illi:
1033 3679 1272 3737 cumque
1308 3672 1576 3738 postridie
1614 3689 1807 3732 omnes
1836 3695 2023 3735 arma-

442 3755 656 3814 rentur,
690 3749 1048 3822 Abradatam,
1083 3759 1171 3812 cui
1203 3770 1354 3816 sorte
1384 3762 1709 3834 obvenerat,
1742 3776 1802 3823 ut
1829 3783 2021 3827 contra

437 3834 724 3909 {Egyptius
756 3842 1055 3912 locaretur,
1083 3849 1316 3908 Panthia
1356 3855 1510 3926 galea
1554 3874 1719 3915 aurea
1768 3875 2020 3933 exornat,

436 3939 493 3985 et
520 3934 780 3999 armillis,
813 3953 1202 4013 purpureaque
1231 3956 1381 4002 reste
1426 3949 1494 4004 ad
1540 3951 1680 4008 talos
1721 3970 1894 4025 usque
1922 3958 2023 4013 de-

437 4023 621 4088 missa,
668 4034 724 4079 et
766 4043 907 4083 cono
958 4032 1304 4102 hyacinthini
1350 4040 1579 4103 coloris,
1622 4059 1746 4113 qua:
1791 4023 1908 4117 ipsa
1966 4049 2019 4104 ei

436 4108 661 4179 fecerat,
716 4116 832 4172 suis
862 4124 1204 4179 ornamentis
1233 4125 1509 4194 conﬂatis,
1554 4134 1704 4202 quod
1756 4139 2017 4193 maritum

427 4198 534 4255 sibi
568 4205 864 4260 maximum
907 4223 1029 4264 esse
1060 4223 1442 4269 ornamentum
1494 4198 1730 4277 diceret.
1760 4222 2011 4297 Dumque

428 4291 478 4346 ei
516 4308 667 4349 arma
717 4296 1007 4366 indueret,
1047 4304 1152 4360 etsi
1184 4306 1460 4375 ploratum
1498 4310 1850 4371 dissimulare
1888 4329 2009 4375 stu-

429 4382 616 4449 debat,
651 4393 830 4443 tamen
866 4391 1118 4464 lacrymae
1155 4413 1255 4467 per
1291 4415 1459 4470 genas
1493 4405 1829 4463 manabant:
1863 4411 2006 4483 jam.

2131 3191 2354 3266 ἔχαιρον
2371 3194 2661 3261 ἀκούοντες
2679 3199 2825 3271 ἡμᾶς
2838 3202 3196 3274 προσιόντας;
3218 3207 3291 3262 Οὐ
3300 3208 3377 3278 μὰ
3399 3210 3528 3278 Δία,
3559 3205 3726 3269 εἷπον

2134 3285 2357 3353 ἐκεῖνοι,
2390 3287 2531 3342 ἀλλά
2584 3292 2679 3344 καὶ
2716 3292 2864 3362 μάλα
2898 3295 3153 3366 ἠνιῶντο.
3187 3299 3287 3365 Τίς
3322 3299 3380 3355 δὲ
3421 3302 3452 3355 6
3488 3303 3725 3371 τούτους

2130 3381 2351 3435 τάσσων
2394 3384 2577 3453 satis;
2618 3386 2647 3438 6
2699 3387 2882 3460 Κῦρος
2930 3384 3106 3449 εἷπεν.
3179 3396 3242 3448 Ol
3278 3395 3356 3462 δὲ,
3428 3398 3604 3463 Αὐτός
3654 3417 3724 3454 τε

2131 3472 2390 3542 Κροῖσος,
2423 3475 2817 3548 ἀπεκρίναντο,
2878 3482 2973 3536 καί
3022 3501 3107 3548 τις
3155 3486 3355 3560 Ἕλλην
3406 3490 3568 3564 ἀνὴρ,
3620 3495 3726 3547 καὶ

2128 3565 2313 3636 Μῆδός
2337 3585 2441 3633 τις,
2467 3569 2526 3634 ὃς
2574 3572 2792 3641 λέγεται
2832 3576 3012 3645 φυγὰς
3048 3574 3185 3634 εἶναι
3208 3582 3342 3651 παρ’
3398 3583 3572 3656 ὑμῶν.
3603 3587 3724 3643 Kal

2125 3662 2155 3713 6
2180 3658 2364 3733 Κῦρος
2398 3664 2533 3732 πρὸς
2564 3665 2745 3720 τοῦτο·
2791 3667 2959 3736 Ἀλλ’,
2989 3664 3035 3727 ὦ
3067 3672 3195 3738 Ζεῦ,
3232 3672 3417 3732 λαϐεῖν
3479 3696 3571 3751 μοι
3621 3683 3724 3751 γέ·

2127 3768 2275 3807 νοιτο
2305 3755 2500 3821 αὐτὸν,
2527 3756 2602 3823 ὡς
2630 3758 2744 3827 ἐγὼ
2786 3760 3070 3836 βούλομαι.
3101 3765 3241 3831 Τοὺς
3276 3771 3375 3840 μὲν
3391 3768 3483 3825 οῦν
3506 3775 3722 3844 αἰχμα-

2126 3844 2338 3911 λώτους
2362 3847 2596 3917 ὑπάγειν
2636 3851 2930 3908 ἐκέλευσεν
2958 3871 2971 3882 ·
3018 3858 3081 3911 ού
3122 3858 3257 3914 πολὺ
3293 3860 3350 3915 δὲ
3378 3862 3440 3916 τὸ
3464 3864 3523 3918 ὲν
3557 3866 3723 3940 μέσῳ

2124 3938 2219 3992 καὶ
2247 3938 2590 4013 ό’πεμφθεὶς
2630 3945 2801 4002 πάλαι
2833 3952 3211 4022 κατάσκοπος,
3247 3955 3276 4008 6
3307 3956 3585 4029 ’Δράσπας
3616 3938 3722 4035 δηξ-

2124 4028 2285 4103 λαδὴ,
2322 4033 2650 4102 ἀγγέλλεται
2683 4041 3093 4111 προσελαύνων.
3147 4047 3207 4101 '0
3247 4048 3347 4121 μὲν
3374 4028 3469 4106 οῦν
3500 4028 3716 4122 Κῦρος,

2122 4121 2198 4184 ὡς
2256 4124 2514 4194 ἤκουσεν,
2564 4129 2926 4204 ἀναπηδήσας
2965 4138 3184 4209 ὑπήντα
3243 4142 3414 4214 αὐτῷ,
3458 4149 3554 4200 καὶ
3596 4121 3705 4204 ὲδεέ

2123 4212 2324 4278 ξιοῦτο.
2361 4218 2423 4270 Οἱ
2454 4219 2500 4273 δ’
2533 4219 2685 4276 ἄλλοι
2718 4224 2798 4295 τῷ
2830 4227 3118 4301 πράγματι
3156 4212 3571 4308 ἐξεπλήττοντο,
3599 4241 3719 4307 ἓως

2118 4307 2354 4380 ὁΚῦρος
2410 4312 2540 4386 ἔφη·
2604 4316 2850 4388 Ἄνδρες
2898 4323 3087 4393 φίλοι,
3148 4326 3283 4396 ἣκει
3345 4307 3492 4401 ἤμῖν
3547 4332 3715 4407 ἀνῆρ

2118 4400 2386 4472 ἄριστος,
2415 4407 2479 4476 ὃς
2506 4411 2619 4465 οὐκ
2642 4415 2903 4485 αἰσχροῦ
2963 4434 3130 4487 τινος
3175 4400 3456 4493 ἡττηθεὶς
3493 4400 3713 4499 ᾤχετο,

427 4489 537 4543 que
566 4490 942 4538 conscensum
972 4501 1219 4553 currum,
1247 4495 1463 4549 caeteris
1483 4496 1769 4557 discedere
1796 4503 2000 4572 jussis:

442 4564 703 4591 AL..-J_.-
784 4571 852 4591 ,ει
930 4582 971 4591 ,γ
1079 4580 1111 4591 ι-
1241 4581 1252 4591 .

2130 4496 2191 4562 ὃς
2219 4496 2327 4567 ἐμὲ
2368 4498 2598 4571 δεδιὼς,
2659 4506 2800 4561 ἀλλ’
2833 4508 2938 4565 ὑπ’
2970 4512 3119 4582 ἐμοῦ
3175 4489 3485 4586 naufragi},
3507 4489 3715 4591 ’ἓπωςῖ

426 4564 726 4633 Abradata,
778 4571 878 4637 ait,
925 4582 998 4639 te,
1040 4580 1161 4633 vita:
1182 4581 1346 4638 etiam
1379 4601 1511 4640 mete
1552 4564 1815 4663 anteponi
1838 4612 1870 4648 (ι
1902 4613 2004 4664 me,

422 4673 574 4711 "0888
598 4661 863 4718 arbitror:
891 4674 1067 4723 tamen
1102 4682 1344 4730 mutuum
1371 4693 1609 4735 amorem
1642 4693 1877 4741 nostrum
1909 4692 2005 4743 τε·

416 4758 548 4816 stor,
583 4752 746 4807 malle
778 4773 861 4810 me
888 4761 934 4813 si
961 4769 1011 4815 te
1039 4764 1207 4820 virum
1251 4768 1441 4837 fortem
1480 4774 1785 4844 praebueris,
1819 4782 2003 4838 eadem

418 4851 563 4898 terra
600 4855 768 4902 tecum
801 4853 923 4921 tegi,
970 4870 1128 4924 quam
1165 4859 1570 4929 ignominiosam
1615 4883 1734 4922 cum
1772 4873 2001 4940 ignomi-

418 4939 565 4992 nioso
588 4941 775 4995 vivere.
813 4943 959 5000 Nam
1012 4948 1151 5019 Cyro
1204 4955 1413 5024 quidem
1462 4976 1715 5032 magnam
1756 4966 2000 5023 debemus

414 5035 668 5100 gratiam,
703 5037 841 5105 quod
871 5054 952 5092 me
979 5045 1268 5113 captivam,
1309 5056 1358 5102 et
1392 5051 1492 5104 sibi
1521 5055 1853 5120 attributam.
1892 5077 1997 5116 non

413 5141 510 5192 pro
544 5128 770 5193 ancilla,
804 5142 896 5191 aut
933 5134 1164 5205 ingenua
1195 5155 1390 5209 parum
1426 5145 1686 5202 honorata
1725 5154 1992 5220 tractavit,

410 5219 501 5268 sed
530 5219 621 5271 tibi
667 5229 1013 5291 conservavit,
1045 5227 1189 5283 liaud
1218 5248 1365 5288 secus
1394 5251 1459 5290 ac
1484 5238 1529 5292 si
1564 5239 1750 5309 fratris
1776 5259 1992 5300 uxorem

413 5311 649 5378 cepisset.
697 5314 963 5374 Praeterea
1007 5336 1125 5375 cum
1171 5323 1403 5397 Araspes
1455 5338 1625 5386 custos
1662 5350 1804 5389 meus
1836 5336 1900 5390 ab
1935 5355 1994 5393 eo

413 5403 704 5466 itejecisset,
732 5409 971 5475 pollicita
1009 5413 1056 5465 ei
1085 5413 1182 5483 fui,
1222 5419 1266 5469 si
1300 5430 1349 5471 te
1393 5423 1590 5477 arcessi
1618 5437 1912 5495 pateretur,
1944 5439 1995 5482 te

413 5488 506 5540 illo
537 5494 702 5547 multo
732 5506 780 5549 et
816 5501 1086 5557 meliorem
1113 5515 1160 5559 et
1211 5507 1506 5576 ﬁdeliorem
1530 5515 1580 5568 ei
1603 5488 1862 5587 futurum.
1898 5518 1993 5576 His

411 5581 599 5635 verbis
653 5585 959 5649 delectatus
1006 5597 1332 5667 Abradatas,
1379 5605 1569 5661 Jovem
1603 5581 1899 5680 precatus,
1932 5622 1992 5667 ut

413 5672 517 5725 sibi
550 5673 729 5742 daret,
765 5691 827 5734 ut
861 5692 919 5737 et
963 5685 1207 5746 Panthia:
1236 5696 1513 5766 conjugio,
1554 5672 1771 5771 et'Cyri
1802 5672 1993 5758 amici-

408 5764 486 5820 tia
514 5765 715 5839 dignus
744 5771 1051 5845 videretur,
1091 5795 1314 5840 currum
1342 5764 1704 5845 conscendit.

2112 4590 2327 4658 μαθὼν
2378 4595 2453 4650 τὰ
2488 4595 2607 4653 τῶν
2658 4604 2986 4675 πολεμίων,
3038 4609 3249 4680 σαφῶς
3296 4613 3493 4684 τιμᾶν.
3569 4590 3710 4676 Ἐπί

2112 4682 2224 4752 γὰρ
2356 4687 2619 4760 ἡμετέρῳ
2662 4694 2864 4765 ἀγαθῷ
2900 4700 2998 4754 καὶ
3023 4702 3266 4771 ἀτιμίαν
3313 4682 3571 4780 ὐ-πέσχε,
3597 4714 3707 4768 καί

2111 4775 2569 4838 ἐκινδύνευσεν.
2643 4784 2927 4844 Ἐντεῦθεν
2978 4792 3181 4861 πάντες
3235 4797 3546 4869 ἠσπάζοντο
3605 4808 3703 4859 τὸν

2126 4866 2426 4937 Ἀράσπαν.
2462 4874 2624 4929 Καὶὸ
2660 4878 2865 4952 Κῦρος,
2905 4884 3131 4957 Διηγοῦ,
3188 4866 3317 4963 Ean,
3361 4892 3640 4966 Ἀράσπαο
3669 4906 3703 4954 ὀ

2110 4960 2252 5015 πόσα
2279 4959 2559 5033 ἑώρακας.
2615 4969 2884 5038 Κάκεῖνος
2908 4973 3150 5046 διηγεῖτο
3172 4981 3234 5034 τό
3263 4959 3320 5036 τε
3350 4959 3555 5057 πλῆθος
3582 4990 3698 5043 τῶν

2109 5056 2405 5128 πολεμίων,
2438 5061 2535 5114 καὶ
2566 5061 2659 5115 τὸν
2697 5064 2861 5119 τόπον
2889 5068 2989 5140 τῆς
3021 5073 3406 5144 παρατάξεως,
3467 5082 3563 5134 καὶ
3624 5085 3701 5139 τὰ

2105 5148 2213 5203 τῶν
2263 5151 2524 5206 ἐναντίων
2555 5152 2926 5228 βουλεύματα.
2976 5164 3085 5217 Καὶ
3113 5168 3141 5219 6
3181 5166 3367 5240 Κῦρος
3425 5173 3694 5229 ἀπελθεῖν

2104 5239 2338 5296 ἕκαστον
2371 5242 2653 5314 ἐκέλευσε,
2682 5250 2777 5303 καὶ
2819 5251 2888 5305 τά
2922 5270 2980 5307 τε
3021 5256 3161 5312 ὅπλα
3196 5262 3292 5315 καὶ
3322 5263 3450 5326 τοὺς
3485 5266 3696 5334 ἵππους

2103 5334 2287 5389 αὐτῶν
2315 5338 2746 5410 ἐπισκέψασθαι,
2777 5343 2949 5399 ἔωθεν
2976 5347 3035 5402 δὲ
3073 5351 3208 5422 πρὸς
3253 5355 3490 5426 πόλεμον
3520 5357 3693 5415 {.m-

2106 5427 2403 5494 μάσασθαι.
2458 5432 2592 5485 Τότε
2640 5435 2743 5505 μὲν
2776 5433 2872 5492 οῦν
2913 5440 3155 5513 ἀπῆλθον
3183 5460 3197 5476 ’
3252 5449 3318 5520 τῇ
3348 5448 3393 5500 δ’
3419 5450 3691 5524 ὑστεραίᾳ

2103 5516 2461 5585 ἐξωπλίζοντο
2486 5523 2730 5594 ἔκαστοι,
2760 5531 2855 5584 καὶ
2877 5531 2906 5583 6
2931 5532 3268 5608 Ἀϐραδάτας
3287 5516 3476 5615 κλήρῳ
3496 5516 3688 5616 λαχὼν

2100 5611 2282 5677 ἀντίος
2323 5617 2583 5687 τετάχθαι
2631 5625 2745 5687 τοῖς
2788 5627 3138 5695 Αἰγυπτίοις.
3210 5611 3677 5708 Ὀπλιέομένῷὃὲ

2101 5709 2383 5778 προσῆγεν
2407 5712 2439 5782 ἡ
2468 5711 2709 5769 Πάνθεια
2754 5720 2993 5789 χρυσοῦν
3048 5723 3249 5792 κράνος
3275 5728 3677 5802 καὶὶπεριὸρα-

2099 5800 2276 5869 χιόνια
2333 5802 2424 5856 καὶ
2458 5803 2653 5874 ψέλλια
2694 5812 2824 5883 περὶ
2840 5812 2968 5881 τοὺς
3002 5817 3256 5889 καρποὺς
3286 5800 3396 5879 τῶν
3447 5800 3679 5897 χειρῶν,
