3980 6246
458 384 561 446 ITOTl

1710 376 1896 436 JOAN
1908 373 2034 432 N’IS
2075 370 2395 433 ZONARE

3599 370 3666 429 fit.)
3678 369 3701 427 ἰ

458 493 741 554 instruxit,
799 501 855 547 et
907 489 1167 544 omnibus
1211 488 1379 542 sociis
1428 485 1632 541 mullos
1689 488 2030 555 captivorum

2134 483 2175 535 δ’
2199 485 2226 536 ὁ
2263 485 2443 555 Κῦρος
2475 485 2572 555 τὴν
2601 485 2695 537 ἐπὶ
2719 482 3016 537 Βαϐυλῶνα
3048 482 3454 554 κατεστρέψατο
3485 482 3705 550 Φρύγας

454 599 628 652 equos
661 582 947 636 distribuit
978 590 1034 635 et
1080 579 1270 634 multis
1299 578 1603 647 equitibus,
1639 578 1826 632 multis
1857 573 2024 644 sagit-

457 675 612 728 tariis
635 682 690 726 ct
719 671 1052 734 ferentariis,
1094 669 1254 740 164
1283 685 1346 723 ac
1377 667 1755 722 funditoribus
1778 669 2028 718 innume-

458 763 725 818 rabilibus
750 761 1079 832 Babylonem
1108 759 1380 819 adductis,
1410 758 1600 811 urbem
1629 755 1802 826 copiis
1822 753 2026 824 cingit:

457 865 513 908 et
566 869 690 906 cum
746 851 1092 921 principibus
1145 860 1309 918 atque
1345 849 1535 903 amicis
1558 851 1757 902 nitentia
1781 855 2031 901 contem-

458 946 661 1014 platus,
718 943 938 998 adducit
979 942 1329 1004 exercitum,
1369 950 1427 996 et
1459 938 1666 994 circum
1707 938 1902 992 urbem
1936 953 2031 992 ca-

459 1048 567 1090 stra
593 1036 760 1090 locat.
801 1034 936 1090 Cum
974 1044 1156 1088 autem
1190 1033 1420 1087 vidisset
1461 1031 1666 1085 ﬂumen
1702 1030 2029 1102 Babylonem

459 1125 732 1196 perfluere
767 1125 1030 1186 mediam,
1089 1122 1320 1177 consilio
1348 1136 1447 1176 suo
1478 1136 1603 1175 cum
1636 1120 1855 1175 nemine
1881 1134 2034 1173 com—

459 1216 742 1268 municato
763 1252 778 1278 ,
827 1224 1004 1266 castra
1034 1211 1181 1282 cingi
1209 1211 1370 1281 jubet
1402 1211 1547 1265 fossa
1584 1211 1691 1264 lata
1720 1219 1776 1264 et
1805 1210 2034 1280 profun-

458 1303 684 1360 dissima
708 1346 722 1369 ,
757 1305 986 1358 forsitan
1023 1316 1083 1358 ut
1119 1305 1442 1360 custodibus
1470 1319 1634 1375 quam
1677 1304 2029 1374 paucissimis

457 1404 605 1452 esset
650 1409 806 1463 opus.
856 1395 918 1448 Ei
959 1395 1112 1464 operi
1153 1395 1360 1450 milites
1409 1395 1643 1460 intenti,
1688 1395 1952 1450 mediocri
2000 1411 2030 1449 a

457 1487 684 1541 llumine
728 1486 906 1556 spatio
935 1485 1186 1550 fodiunt,
1243 1495 1598 1556 egestamque
1630 1486 1858 1540 humum
1906 1501 2032 1539 ver-

456 1592 553 1632 sus
576 1583 754 1629 castra
777 1573 1100 1646 conjiciunt.
1123 1575 1559 1647 Babylonii,vero
1580 1576 1907 1632 deridebant
1929 1577 2032 1632 ob-

456 1668 769 1733 sidionem,
818 1676 879 1720 ut
928 1666 1022 1737 qui
1054 1667 1293 1738 amplius
1335 1667 1529 1737 viginti
1564 1681 1835 1722 annorum
1878 1683 2032 1721 coni-

457 1765 698 1810 meatum
766 1756 1056 1812 baberent.
1132 1758 1296 1812 Fossa
1342 1757 1454 1827 jam
1523 1758 1802 1822 absoluta,
1854 1757 2030 1829 Cyrus

455 1849 750 1903 observato
791 1858 1037 1917 tempore
1082 1862 1195 1918 quo
1228 1825 1559 1918 Babylonios
1584 1864 1684 1918 per
1713 1825 1998 1905 totam'no
2058 1825 2106 1884 Β

456 1950 598 1994 ctcm
635 1951 825 2008 potare
861 1951 915 1993 et
952 1939 1247 1994 comessari
1288 1948 1648 2009 cognoverat,
1680 1939 1879 1995 fossam
1906 1956 2030 1996 ver-

455 2047 552 2085 sus
582 2031 806 2084 ﬂuvium
837 2031 907 2100 (is
933 2030 1246 2100 Euphrates
1284 2039 1388 2095 est,
1425 2039 1486 2084 ut
1509 2029 1822 2086 Herodotus
1846 2030 2032 2102 tradit)

456 2124 676 2192 aperuit
709 2139 723 2175 :
759 2136 1015 2191 aquaque
1051 2124 1105 2176 in
1151 2135 1274 2176 eam
1307 2130 1478 2176 noctu
1518 2122 1791 2189 traducta,
1827 2124 2033 2179 factum

454 2221 561 2273 est.
593 2225 654 2267 ut
676 2214 866 2268 alveus
894 2212 1140 2267 ﬂuminis
1180 2213 1235 2266 in
1264 2213 1401 2267 urbe
1437 2213 1508 2267 ab
1538 2213 1858 2270 hominibus
1881 2226 2035 2270 tran—

456 2307 554 2360 siri
611 2313 814 2376 posset.
862 2305 1019 2359 Tunc
1063 2305 1237 2375 igitur
1283 2306 1567 2364 ministros
1605 2315 1662 2363 et
1706 2307 1923 2378 pedites
1977 2318 2034 2364 et

461 2398 680 2464 equites
715 2394 914 2448 vadum
949 2393 1250 2463 periclitari
1276 2395 1462 2465 jussit,
1488 2406 1659 2464 atque
1687 2397 1896 2453 interea
1930 2398 2035 2454 du-

459 2500 554 2541 ces
603 2485 974 2540 multitudinis
1005 2483 1074 2540 ad
1113 2498 1226 2539 rem
1270 2486 1660 2556 capessendam
1692 2487 2031 2550 exhortatus,

459 2595 609 2634 arma
639 2595 860 2648 capere,
891 2593 955 2633 ac
979 2594 1036 2634 se
1063 2578 1260 2633 ducem
1294 2581 1452 2649 sequi
1487 2598 1500 2634 :
1540 2579 1811 2652 Cobryam
1848 2589 1904 2635 et
1930 2579 2032 2635 Ga-

458 2669 675 2732 datam,
701 2668 903 2738 quibus
940 2666 1073 2721 urbs
1111 2674 1241 2721 nota
1268 2676 1445 2732 esset,
1484 2668 1572 2723 ubi
1606 2670 1661 2722 in
1685 2685 1804 2724 eam
1835 2684 2032 2740 perve-

458 2760 692 2827 nissent,
747 2760 893 2814 viam
951 2767 1295 2824 monstrare,
1346 2774 1456 2827 qua
1511 2768 1660 2813 recta
1710 2761 1776 2814 ad
1824 2764 2031 2833 regiam

460 2851 659 2914 iretur,
697 2851 887 2919 jussit.
941 2849 1170 2905 Summa
1199 2849 1370 2920 igitur
1401 2849 1750 2907 festinatione
1787 2851 2032 2926 Gobryas

457 2953 518 3000 et
557 2944 795 2999 Gadatas
843 2959 968 2998 cum
1016 2941 1134 2998 suis
1173 2942 1242 2996 ad
1286 2940 1494 3012 regiam
1527 2957 1702 3014 usque
1733 2945 2028 3014 progressi,

457 3043 647 3104 portas
673 3036 893 3088 clausas
923 3033 1241 3102 reperiunt,
1277 3039 1335 3085 et
1367 3031 1626 3087 custodes
1657 3043 1908 3102 potantes
1934 3050 2033 3103 op-

456 3126 726 3195 priinuut.
764 3125 991 3179 Sublato
1021 3124 1262 3178 clamore
1291 3130 1348 3176 et
1386 3123 1639 3192 strepitu,
1665 3127 1757 3194 qui
1793 3125 1847 3178 in
1884 3126 2028 3193 regia
2060 3164 2106 3224 Ο

457 3226 635 3282 erant,
658 3219 816 3288 jussu
850 3215 999 3286 regis
1021 3213 1192 3269 visuri
1234 3213 1366 3282 quid
1394 3214 1472 3266 rei
1499 3223 1664 3279 esset,
1692 3224 1878 3284 portas
1903 3231 2030 3284 ape-

459 3311 652 3364 riunt:
710 3309 1027 3376 irrumpunt
1057 3307 1276 3371 hostes,
1320 3305 1388 3360 ad
1429 3321 1609 3377 regem
1642 3322 1816 3377 usque
1859 3323 2029 3377 pene-

458 3407 628 3462 trant,
677 3413 804 3454 eum
841 3395 1035 3453 stricto
1065 3397 1176 3467 jam
1215 3397 1438 3452 acinace
1478 3406 1747 3453 astantem
1787 3399 2032 3470 Gobryas

458 3503 516 3548 et
547 3491 786 3548 Gadatas
816 3491 1045 3560 capiunt
1070 3506 1084 3542 :
1112 3490 1377 3546 satellites
1410 3493 1610 3562 partim
1638 3503 2028 3564 repugnantes,

461 3585 662 3657 partim
712 3582 990 3654 fugientes
1030 3581 1268 3638 caedunt.
1308 3581 1486 3656 Cyrus
1528 3591 1736 3643 turmas
1781 3586 2029 3657 equitum

461 3674 516 3726 in
548 3677 664 3726 vias
695 3672 944 3735 dimittit,
965 3686 1090 3725 eum
1121 3671 1395 3734 mandato,
1433 3680 1649 3743 utquos
1682 3674 1816 3729 foris
1835 3675 2024 3745 depre-

459 3763 777 3827 henderint,
807 3762 1064 3817 occidant
1092 3781 1105 3816 :
1143 3764 1358 3819 caneris
1389 3779 1488 3835 per
1521 3766 1691 3836 Syriae
1713 3766 1910 3836 linguae
1937 3784 2033 3838 pe-

461 3853 598 3906 ritos
645 3851 1000 3916 denuntient,
1053 3860 1115 3905 ut
1176 3853 1321 3906 intra
1385 3853 1533 3908 mdes
1585 3869 1643 3908 se
1687 3856 2029 3910 contineant.

459 3943 562 4009 Qui
595 3958 849 4013 egressus
897 3942 1084 4007 fuerit,
1122 3943 1368 3998 occisum
1412 3945 1499 3998 iri.
1547 3945 2030 4004 lntereaCadatas

461 4043 518 4087 et
555 4031 1073 4102 Gobryasadsunt,
1123 4041 1287 4100 atque
1330 4031 1527 4086 nefarii
1576 4034 1718 4102 regis
1763 4035 2029 4090 ultionem

462 4124 700 4193 primum
728 4123 834 4177 diis
854 4121 1262 4177 immortalibus
1286 4130 1570 4191 acceptam
1595 4125 1802 4179 ferunt.
1824 4126 2030 4181 Deinde

463 4214 589 4284 Cyri
639 4214 806 4282 pedes
851 4222 909 4268 et
959 4228 1156 4267 manus
1181 4212 1594 4268 deosculantur.
1635 4215 1939 4286 Xenophon
1973 4221 2030 4273 in

458 4304 587 4374 Cyri
621 4304 876 4368 historia,
907 4306 1052 4373 capti
1090 4304 1440 4375 Assyriorum
1483 4307 1625 4377 regis
1653 4318 1852 4364 nomen
1884 4310 2030 4366 haud

461 4395 637 4465 ponit.
673 4393 779 4448 Sed
817 4393 1258 4464 Josephuslibro
1297 4411 1330 4448 x
1368 4395 1783 4466 Antiquitatum,
1823 4399 2032 4456 Baltas-

461 4500 641 4540 sarem
673 4484 826 4538 illum
852 4499 977 4540 esse
1012 4484 1178 4540 tradit
1203 4526 1219 4552 ,
1251 4486 1340 4540 cui
1370 4501 1566 4541 ntanus
1593 4487 1749 4558 165
1776 4491 1890 4545 visa
1921 4493 2024 4559 sit,

2134 4484 2633 4593 liéwgaxéqzabﬁat
2678 4523 2732 4575 τι
2783 4525 2870 4592 εἴη

459 4593 582 4646 quae
609 4591 674 4631 ex
692 4578 902 4646 pariete
926 4576 1225 4641 exstiterit,
1255 4591 1430 4645 eaque
1458 4580 1744 4648 scripserit
1774 4598 1895 4652 quae
1914 4585 2024 4656 jam

459 4671 708 4740 exposita
741 4679 871 4724 sunt
923 4679 978 4723 et
999 4684 1030 4722 a
1058 4668 1280 4723 Daniele
1306 4669 1601 4726 declarata.

2134 577 2258 637 τοὺς
2286 578 2344 628 ὲν
2378 579 2445 646 τῇ
2481 576 2692 646 μεγάλῃ
2722 574 2953 646 Φρυγία.
2988 575 3408 644 Κατεστρέψατο
3441 573 3498 626 δὲ
3549 574 3704 626 Καπ-

2132 665 2394 729 παδόκας,
2455 666 2804 737 ὑποχειρίους
2836 665 2894 719 δὲ
2931 665 3227 736 ἐποιήσατο
3278 666 3589 736 Ἀραϐίους,
3621 668 3703 730 ἐξ·

2132 755 2342 809 ώπλισε
2388 755 2446 810 δὲ
2479 757 2588 810 ἀπὸ
2624 756 2844 810 πάντων
2871 756 3078 810 τούτων
3107 757 3330 826 Περσῶν
3371 758 3470 826 μὲν
3509 759 3706 820 ἱππέας

2131 847 2191 900 οὐ
2227 849 2379 918 μεῖον
2403 848 2903 918 τετρακισμυρίων,
2939 849 3035 902 καὶ
3067 849 3200 900 πᾶσι
3231 847 3290 900 δὲ
3321 851 3431 909 τοῖς
3487 849 3706 917 συμμά-

2132 953 2248 1007 χοις
2305 939 2508 999 ἵππους
2546 936 2778 1000 πολλοὺς
2837 937 2944 990 τῶν
3006 937 3374 1008 αἱχμαλώτων
3426 937 3706 992 διέδωκεν.

2145 1026 2399 1094 ’Λφίκετο
2428 1027 2612 1097 μέντοι
2660 1027 2796 1096 πρὸς
2848 1027 3170 1092 Βαϐυλῶνα,
3209 1028 3437 1089 πολλοὺς
3477 1029 3576 1096 μὲν
3624 1031 3708 1080 ἱπ-

2132 1118 2269 1180 πέας
2292 1116 2464 1185 ἄγων,
2489 1118 2872 1186 παμπόλλλους
2899 1120 2954 1172 δὲ
2987 1119 3207 1185 τοξότας
3236 1119 3331 1172 καὶ
3362 1120 3708 1186 ἀκοντιστὰς,

2134 1209 2496 1280 σφενδονήτας
2550 1211 2606 1264 δὲ
2654 1211 3016 1282 ἀναρίθμους.
3067 1213 3232 1265 Ἐπεὶ⁵
3274 1212 3382 1266 δ’έν
3427 1213 3711 1266 Βαϐυλῶνι

2133 1301 2371 1369 ἐγένετο,
2425 1302 2752 1374 περιέστησε
2790 1304 2890 1372 μὲν
2941 1303 3041 1375 τὴν
3097 1305 3377 1376 στρατιάν.
3441 1305 3616 1366 Αὐτὸς
3665 1305 3712 1358 δ’

2132 1392 2303 1446 ἐπιὼν
2333 1393 2432 1447 σὺν
2481 1395 2593 1456 τοῖς
2655 1395 2883 1465 ἄρχουσι
2929 1395 3040 1448 τῶν
3106 1395 3414 1466 συμμάχων
3473 1396 3712 1461 καὶτοῖς

2133 1485 2311 1554 φίλοις
2342 1487 2646 1542 κατεθεᾶτο
2670 1490 2739 1543 τὰ
2769 1489 2945 1560 τείχη.
2971 1486 3102 1542 Εἶτα
3126 1491 3377 1560 ὶπήγαγε
3408 1490 3509 1560 τὴν
3541 1505 3712 1560 στρα·

2130 1579 2277 1645 τεὰν,
2321 1581 2419 1634 καὶ
2471 1581 2605 1652 περὶ
2630 1580 2729 1652 τὴν
2759 1583 2916 1634 πόλιν
2959 1583 3518 1653 ἐστρατοπεδεύσατο.
3556 1581 3712 1636 Ἰδὼν

2131 1672 2187 1726 δὲ
2207 1673 2298 1726 τὸν
2333 1675 2452 1727 ἐκεῖ
2493 1675 2740 1744 ποταμὸν
2776 1675 2926 1729 ἔνδον
2956 1675 3055 1747 τῆς
3080 1675 3399 1740 Βαϐυλῶνος
3429 1677 3712 1747 εἱσρέοντα

2135 1766 2227 1816 καὶ
2255 1764 2424 1833 μέσην
2445 1765 2649 1818 διῖόντα
2668 1767 2765 1834 τὴν
2815 1767 2992 1831 πόλιν,
3022 1767 3200 1820 οὐδενὶ
3229 1768 3327 1837 μὲν
3356 1769 3415 1820 τὸ
3437 1769 3714 1839 βούλευμα

2133 1855 2436 1926 ἐξεκάλυψε
2462 1873 2478 1887 ο
2525 1858 2734 1928 τάφρον
2787 1858 2830 1910 δ’
2883 1859 3169 1912 ἐκέλευσεν
3203 1859 3460 1930 ὀρύσσειν
3497 1863 3627 1930 περὶ¹
3657 1862 3716 1914 τὺ

2135 1944 2504 2016 στρατόπεδον
2552 1947 2768 2016 εὐρεῖαν
2808 1946 2902 1999 καὶ
2946 1947 3276 2018 βαθυτάτην,
3326 1948 3392 2001 ἵν’
3418 1948 3716 2019 ἐλαχίστων

2132 2035 2271 2108 τάχα
2301 2037 2410 2090 τῶν
2443 2036 2701 2107 φυλάκων
2749 2038 2807 2092 ἐν
2853 2037 2930 2108 τῷ
2981 2041 3331 2111 στρατοπέδῳ
3377 2040 3604 2096 δέοιντο.
3648 2045 3712 2095 Οἱ

2137 2128 2236 2198 μὲν
2264 2127 2359 2181 οὖν
2389 2127 2489 2198 τὴν
2519 2127 2728 2198 τάφρον
2755 2128 3060 2194 ποιοῦντες,
3088 2127 3358 2198 ὤρυσσον,
3401 2130 3627 2200 μέτριόν
3661 2147 3715 2184 τι

2131 2219 2226 2272 τοῦ
2274 2217 2527 2289 ποταμοῦ
2579 2219 2964 2289 ἀφιστάμενοι,
3014 2220 3107 2274 τὸν
3159 2219 3216 2273 δὲ
3273 2219 3397 2290 χοῦν
3449 2221 3715 2276 ἀνέϐαλον

2133 2308 2270 2380 πρὸς
2303 2309 2365 2362 τὸ
2393 2309 2778 2380 στρατόπεδον.
2808 2311 2872 2364 0t
2901 2309 2957 2363 δέ
2997 2328 3060 2379 γε
3095 2311 3431 2365 Βαϐυλώνιοι
3484 2313 3715 2380 κατεγέ-⁸

2133 2398 2242 2452 λων
2285 2401 2386 2471 τῆς
2431 2401 2777 2472 πολιορκίας,
2829 2403 2906 2464 ὡς
2949 2403 3112 2456 πλέον
3161 2405 3193 2473 ἢ
3252 2404 3389 2456 ἑτῶν
3436 2405 3610 2457 εἴκοσι
3647 2405 3715 2458 τά

2133 2491 2414 2560 ἐπιτήδεια
2440 2493 2675 2564 ἔχοιτες.
2701 2494 2839 2564 Ἤδη
2857 2495 2913 2548 δὲ
2936 2497 3033 2565 τῆς
3058 2497 3266 2566 τάφρου
3293 2497 3716 2568 ὀρωρυγμένης,

2135 2584 2378 2652 φυλάξας
2436 2587 2465 2638 ό
2515 2589 2700 2656 Κῦρος
2743 2586 2912 2640 νύκτα
2957 2589 3014 2639 ἐν
3159 2586 3356 2658 ἑορτὴν
3396 2588 3539 2657 ἔγνω
3587 2590 3719 2649 τοὺς

2133 2676 2513 2740 Βαϐυλωνίους
2559 2678 2736 2744 ἄγειν,
2788 2677 2918 2746 ὅλην
2940 2677 3038 2749 τὴν
3100 2679 3272 2731 νύκτα
3313 2678 3567 2741 πίνοντας
3619 2682 3718 2733 καὶ

2133 2768 2512 2839 κωμάζοντας,
2543 2770 2601 2822 έν
2625 2769 2797 2841 ταύτῃ
2821 2768 3025 2838 πλῆθος
3048 2771 3330 2840 ἀθροίσας,
3362 2771 3716 2842 ἀνεστόμωσε

2131 2861 2229 2924 τὰς
2266 2861 2515 2930 τάφρους
2570 2860 2707 2930 πρὸς
2755 2860 2848 2915 τὸν
2901 2861 3146 2931 ποταμὸν
3202 2862 3522 2932 (Εὐφράτης
3553 2859 3716 2928 οὗτός

2132 2955 2305 3018 ἔστιν,
2347 2951 2423 3015 ὡς
2489 2951 2776 3023 Ἡρόδοτος
2832 2953 3054 3024 ἱστορεῖ)
3101 2954 3196 3007 καὶ
3225 2955 3286 3006 τὸ
3316 2954 3461 3023 ὕδωρ
3497 2957 3582 3018 εἱς
3613 2961 3716 3018 τας

2132 3045 2376 3115 τάφρους
2401 3043 2599 3114 ὲχώρει
2630 3044 2688 3097 έν
2721 3047 2786 3115 τῇ
2818 3044 2997 3098 νυκτί.
3045 3045 3107 3096 Ἠ
3144 3044 3201 3098 δὲ
3232 3045 3320 3098 διὰ
3361 3047 3459 3115 τῆς
3501 3045 3717 3106 πόλεως

2133 3137 2228 3190 τοῦ
2267 3135 2513 3204 ποταμοῦ
2563 3137 2705 3200 ὁδὸς,
2743 3135 3081 3206 πορεύσιμος
3132 3137 3440 3206 ἀνθρώποις
3475 3139 3713 3205 ἐγίνετο,

2140 3227 2628 3298 μετοχετευθέντος
2662 3227 2754 3281 τοῦ
2804 3228 3016 3292 ὕδατος.
3057 3229 3192 3282 Τότε
3243 3231 3307 3300 δὴ
3339 3230 3716 3293 καταϐιϐάσας

2137 3323 2216 3385 εἱς
2249 3322 2309 3374 τδ
2341 3319 2505 3392 ξηρὸν
2537 3320 2632 3373 τοῦ
2665 3319 2915 3389 ποταμοῦ
2951 3321 3232 3392 ὑπηρέτας
3261 3323 3353 3374 καὶ
3392 3323 3590 3387 πεζοὺς
3619 3329 3718 3377 καὶ

2140 3412 2360 3475 ἱππέας,
2416 3411 2672 3464 ἐκέλευσε
2723 3411 3054 3480 σκέψασθαι,
3113 3411 3164 3464 εἱ
3217 3412 3552 3484 πορεύσιμον
3597 3415 3714 3487 εἴη.

2149 3503 2238 3557 Ἐν
2267 3502 2444 3572 τούτῳ
2471 3503 2526 3555 δὲ
2558 3503 2857 3573 διαλεχθεὶς
2884 3506 2996 3565 τοὶς
3031 3503 3265 3574 ἡγεμόσι
3304 3505 3399 3558 τοῦ
3445 3506 3714 3578 πλήθους,

2137 3604 2228 3655 καὶ
2257 3600 2534 3671 διεγείρας
2562 3601 2698 3671 πρὸς
2725 3598 2974 3672 τοῦργον,
3010 3600 3162 3666 τέλος
3200 3599 3326 3675 ἔφη·
3353 3601 3494 3657 Ἀλλ’
3523 3605 3711 3674 ἄγετε,

2136 3694 2447 3764 λαμϐάνετε
2499 3694 2663 3757 ὅπλα,
2720 3697 3003 3767 ἡγήσομαι
3044 3696 3090 3749 δ’
3126 3695 3260 3765 ἐγὼ,
3327 3701 3486 3766 ὑμεῖς
3540 3699 3607 3760 δ’,
3666 3699 3716 3754 ὧ

2137 3789 2372 3850 Γαδάτα,
2405 3791 2498 3841 καὶ
2529 3787 2782 3858 Γωϐρύα,
2826 3789 3106 3842 δεικνύετε
3162 3790 3260 3852 τὰς
3301 3790 3474 3855 ὀδοὺς,
3510 3793 3716 3859 εἰδότες

2135 3881 2361 3945 ταύτας.
2420 3882 2591 3935 Ὅταν
2651 3881 2694 3934 δ’
2733 3882 2884 3945 ἐντὸς
2932 3881 3244 3950 γενώμεθα,
3291 3881 3391 3952 τὴν
3448 3885 3716 3954 ταχίστην

2136 3974 2299 4042 ἄγετε
2331 3975 2422 4026 ἐπὶ
2468 3972 2535 4026 τὰ
2595 3973 2866 4044 βασίλεια.
2925 3974 3050 4026 Ἐπὶ
3101 3975 3314 4036 τούτοις
3359 3975 3712 4044 ἐπορεύοντο.

2138 4069 2249 4122 Καὶ
2274 4070 2463 4135 ἰόντες,
2493 4069 2567 4132 ὡς
2593 4069 2876 4140 ἠδύναντο,
2900 4071 3136 4140 τάχιστα
3161 4072 3252 4122 ἐπὶ
3277 4072 3387 4132 τοῖς
3418 4071 3716 4141 βασιλεοις

2138 4162 2388 4228 ἐγένοντο
2418 4163 2466 4214 οἱ
2495 4161 2591 4214 σὺν
2621 4161 2698 4231 τῷ
2715 4162 2968 4233 Γωϐρύᾳ,
3008 4163 3198 4233 καὶτῷ
3217 4163 3450 4235 Γαδάτᾳ,
3485 4166 3579 4217 καὶ
3610 4167 3716 4230 τὰς

2137 4252 2314 4315 πύλας
2365 4252 2764 4322 κεκλεισμένας
2816 4253 3160 4323 εὑρίσκουσι,
3215 4252 3431 4307 πίνουσι
3491 4255 3550 4309 δὲ
3600 4259 3713 4319 τοῖς

2137 4340 2366 4408 φύλαξιν
2402 4342 2880 4396 ἐπεισπίπτουσιν.
2923 4342 3009 4405 Ὠς
3051 4343 3108 4395 δὲ
3147 4343 3387 4414 κραυγὴ,
3430 4345 3524 4397 καὶ
3548 4344 3714 4414 θροῦς

2137 4430 2302 4504 ἤρθη,
2339 4429 2656 4501 αἰσθόμενοι
2700 4432 2748 4484 οἱ
2789 4431 2960 4494 ἔνδον,
3009 4431 3373 4497 κελεύσαντος
3413 4433 3511 4486 τοῦ
3555 4434 3714 4505 βασι-

2925 4524 2985 4576 τὸ
3040 4526 3297 4594 πρᾶγμα,
3348 4525 3566 4594 ἧνοιξαν
3612 4530 3714 4591 τὰς

2134 4621 2334 4682 πύλας,
2373 4619 2452 4681 εἱς
2484 4616 2548 4679 ἃς
2583 4615 2969 4670 εἰσπίπτουσιν
3021 4617 3070 4668 οἱ
3130 4615 3401 4688 πολέμιοι,
3454 4621 3552 4672 καὶ
3583 4619 3715 4689 ἀφι-

2136 4709 2391 4763 κ·.οῦνται
2424 4708 2559 4777 πρὸς
2593 4705 2683 4758 τὸν
2728 4706 2974 4774 βασιλέα.
3033 4706 3143 4759 Καὶ
3187 4707 3288 4776 ἤδη
3320 4709 3587 4779 ἑστηκότα
3611 4711 3712 4763 αὐ-

2131 4804 2225 4857 τὸν
2255 4803 2347 4855 καὶ
2381 4797 2725 4864 ἐσπασμένον
2769 4797 2827 4850 ὃν
2861 4791 3004 4867 εἶχεν
3036 4797 3329 4868 ἀκινάκην,
3369 4800 3714 4873 εὑρίσκουσι⁸

460 4889 569 4942 Καὶ
617 4884 805 4937 τοῦτον
857 4883 955 4951 μὲν
1003 4882 1053 4934 οἱ
1104 4883 1201 4935 σὺν
1237 4881 1451 4954 Γαδάτᾳ
1482 4885 1578 4936 καὶ
1632 4885 1867 4959 Γωϐρύᾳ
1910 4891 2244 4969 ἐχειροῦντο.
2293 4894 2357 4946 Οἱ
2406 4891 2462 4943 δὲ
2514 4889 2612 4942 σὺν
2663 4887 2812 4958 αὑτῴ
2851 4888 3134 4958 ἔθνησκον,
3209 4882 3260 4945 οἱ
3329 4891 3430 4960 μὲν
3505 4893 3712 4961 ἀμυνόι

459 5001 635 5055 μενοι,
662 4981 712 5034 οἱ
750 4979 807 5031 δὲ
850 4975 1166 5044 φεύγοντες.
1222 4973 1281 5026 Ὀ
1315 4973 1370 5025 δὲ
1403 4973 1582 5043 Κῦρος
1625 4974 1894 5048 διέπεμπε
1963 4986 2062 5049 τὰς
2096 4986 2205 5039 τῶν
2271 4982 2484 5034 ἱππέων
2515 4979 2699 5044 τάξεις
2733 4980 2874 5034 κατά
2927 4983 3024 5044 τὰς
3063 4981 3237 5047 ὀδοὺς,
3279 4982 3578 5051 προειπὼν,
3618 4985 3714 5046 οὓς

427 5113 429 5115 -
461 5081 556 5152 μὲν
579 5078 682 5141 ἔξω
705 5069 1054 5140 λαμϐάνοιεν,
1081 5065 1468 5130 κιείνειν,τοὺς
1502 5066 1546 5117 δ’
1580 5069 1636 5118 ἐν
1662 5073 1783 5134 ταῖς
1806 5073 2008 5139 οἰκίαις
2047 5077 2339 5148 κηρύττειν
2414 5075 2539 5137 τοὺς
2600 5075 2824 5144 Συριστὶ
2867 5073 3075 5142 ὁμιλεῖν
3109 5075 3534 5142 ἐπισταμένους,
3563 5075 3714 5127 ὲνδὸν

463 5171 644 5239 μένειν
674 5184 686 5197 ·
746 5166 793 5216 εἰ
838 5161 894 5214 δέ
939 5175 1022 5222 τις
1074 5157 1178 5224 ἔξω
1224 5158 1478 5229 ληφθείη,
1513 5160 1594 5212 ὅτι
1625 5161 1887 5218 θανεῖται.
1940 5169 2032 5222 Ἐν
2071 5169 2299 5240 τοιούτῳ
2366 5167 2424 5221 δὲ
2451 5167 2696 5230 Γαδάτας
2728 5169 2822 5220 καὶ
2890 5167 3154 5239 Γωϐρύας
3189 5163 3344 5239 ἦχον,
3378 5169 3470 5220 καὶ
3505 5169 3588 5221 ὅτι
3621 5170 3714 5221 τδν

459 5265 671 5318 ἀνόσιον
709 5255 937 5329 βασιλέα
983 5252 1417 5322 ἐτιμωρήσαντο,
1468 5254 1683 5324 πρῶτον
1729 5256 1827 5324 μὲν
1870 5257 2025 5323 θεοὺς
2064 5261 2464 5332 προσεκύνουν,
2504 5261 2696 5314 ἔπειτα
2772 5259 2955 5331 Κύρου
2997 5261 3321 5326 κατεφίλουν
3362 5262 3551 5329 χεῖρας
3618 5261 3714 5312 καὶ

463 5355 646 5416 πόδας.
686 5351 748 5402 Ὀ
783 5350 879 5416 μὲν
911 5345 1003 5398 οὖν
1046 5344 1298 5412 Ξενοφῶν
1333 5345 1410 5414 (ὅ)
1444 5346 1512 5397 τὰ
1543 5347 1673 5414 περὶ
1715 5347 1809 5398 τοῦ
1845 5349 2029 5418 Κύρου
2071 5352 2322 5424 ἱστορῶν,
2355 5353 2414 5406 τὸ
2438 5352 2609 5422 ὄνομα
2635 5351 2729 5404 τοῦ
2769 5352 2988 5415 ἁλόντος
3022 5350 3287 5421 βασιλέως
3347 5349 3456 5401 τῶν
3513 5352 3712 5404 Ἀσσυ-

466 5445 595 5517 ρίων
629 5442 689 5492 οὗ
720 5440 891 5508 λέγει.
936 5439 992 5490 Ὀ
1015 5437 1072 5489 δὲ
1102 5437 1409 5506 Ἰώσηππος
1434 5438 1490 5489 ὲν
1527 5436 1603 5505 τῷ
1669 5437 1880 5509 δεκάτῳ
1950 5442 2093 5512 λόγῳ
2131 5447 2228 5514 τῆς
2284 5445 2736 5514 Ἀρχαιολογ-ιάς
2763 5483 2778 5507 ,
2838 5443 2930 5495 τὸν
2984 5443 3269 5509 Βαλτάσαρ
3317 5439 3507 5491 τοῦτον
3555 5437 3709 5495 εἶναι

467 5533 688 5598 ἱστορεῖ,
721 5524 763 5595 ᾧ
809 5530 903 5580 καὶ
951 5529 984 5599 ἠ
1033 5531 1156 5601 χεῖρ
1201 5530 1375 5597 ἐφάνη
1416 5530 1477 5580 ὲκ
1508 5528 1602 5580 τοῦ
1639 5529 1850 5598 τείχους
1885 5533 2172 5602 προϊοῦσα,
2202 5537 2294 5588 καὶ
2333 5536 2622 5606 γράφουσα
2661 5536 2727 5590 τά
2792 5537 2891 5606 ἤδη
2925 5531 3315 5606 προγραφέντα
3377 5530 3706 5610 γράμματα⁹

463 5619 538 5679 ὦν
564 5621 663 5691 τὴν
694 5619 923 5689 δήλωσιν
955 5618 1299 5689 ἡρμήνευσεν
1325 5621 1352 5672 ὁ
1384 5619 1602 5688 Δανιὴλ.

1645 5711 1844 5773 Varia:
1874 5712 2180 5775 lectiones
2225 5723 2285 5775 et
2316 5720 2504 5774 notua.

535 5815 608 5888 (5)
651 5809 847 5881 Ὀμὲν
880 5805 994 5865 οὖν
1021 5810 1322 5881 Ξενοφῶν,
1359 5821 1464 5867 etc.
1498 5811 1714 5869 Absunt
1748 5813 1860 5868 haec
1889 5815 2032 5885 parit

2134 5831 2150 5870 λ
2176 5831 2277 5870 ms.
2315 5813 2472 5870 Colb.
