3980 6246
261 296 360 358 3θῖ

1465 294 1877 354 ANNALIUM
1911 295 2060 354 LIB.
2106 295 2226 357 Ill.

3400 297 3508 359 τοο

327 404 432 456 Kl'l'
501 402 739 472 Ἡμέρας
773 401 827 454 δὲ
875 400 1200 472 γενομένης,
1243 403 1317 464 ὡς
1369 402 1594 472 ⁴ᾔσθοντο
1625 405 1675 457 οἱ
1727 403 1827 465 τὰς

2001 401 2164 458 XXV.
2207 401 2342 458 Cum
2369 401 2688 470 diluxissct,
2732 409 2788 457 et
2825 403 3106 458 castellani
3149 404 3510 476 urbiscapti-

257 496 375 565 ἇκρ·
400 514 427 560 ς
487 495 723 564 ἔχοντες,
755 495 1055 548 ἑαλωκυῖαν
1089 495 1187 564 τὴν
1220 496 1392 559 πόλιν,
1427 497 1521 550 καὶ
1556 497 1647 549 τὸν
1677 498 1829 567 βασι-

256 589 350 640 λέα
381 589 533 656 σφῶν
562 588 898 657 τεθνηκότα,
947 587 1306 657 παραδιδόασι
1343 589 1436 641 καὶ
1493 589 1590 651 τὰς
1626 589 1824 660 ἄκρας.

269 678 324 733 Ὀ
357 681 415 733 δὲ
445 681 626 745 Κύρος
671 681 750 742 εἰς
779 680 947 742 αὐτὰς
983 681 1364 752 φρουράρχους
1413 682 1508 733 καὶ
1559 682 1830 752 φρουροὺς

255 770 520 840 ἔπεμπεν.
571 765 705 824 Εἶτα
735 771 861 833 τοὺς
895 771 1104 840 μάγους
1137 771 1390 834 καλέσας,
1443 771 1517 835 ὼς
1555 769 1829 841 δορυαλώ-

254 880 343 914 του
364 863 464 931 τῆς
481 862 688 923 πόλεως
717 859 902 929 οὔσης,
930 863 1216 930 ἀκροθίνια
1237 866 1346 925 τοῖς
1374 862 1513 925 θεοῖς
1542 862 1827 914 ἐκέλευσεν

258 953 476 1016 ἐξελεῖν,
500 955 590 1008 καὶ
619 953 800 1016 οἰκίας
822 954 877 1007 δέ
908 953 1154 1017 διεδίδου,
1181 954 1273 1006 καὶ
1294 955 1488 1023 ἀρχεῖα
1509 956 1620 1016 τοῖς
1647 969 1830 1006 κοινω-

253 1046 447 1115 νήσασι
479 1045 585 1098 τῶν
617 1044 1022 1114 πεπραγμένων
1055 1044 1223 1114 αὐτῷ,
1264 1045 1358 1097 καὶ
1394 1043 1575 1114 ἐαυτῷ
1627 1045 1684 1097 δὲ
1730 1061 1828 1095 κα-

251 1136 588 1190 τασκευάσαι
618 1134 930 1205 διανενόητο
963 1134 1174 1188 δίαιταν
1237 1134 1554 1205 πρέπουσαν
1596 1133 1825 1204 βασιλεῖ.

254 1227 369 1280 Ἷνα
401 1227 455 1279 δὲ
481 1227 556 1296 μὴ
586 1229 698 1290 τοῖς
727 1228 901 1296 φίλοις
922 1228 1213 1296 ἐπίφθονος
1232 1229 1479 1298 γένηται,
1512 1229 1609 1281 σὺν
1634 1228 1830 1301 γνώμῃ

251 1319 432 1372 αὐτῶν
469 1319 630 1372 τοῦτο
684 1321 906 1390 ποιῆσαι
940 1319 1198 1391 ἠθέλησε.
1240 1321 1352 1376 Καὶ
1399 1321 1700 1392 διαλεχθεὶς
1727 1322 1828 1374 αύ-

251 1415 382 1474 τοίς,
418 1411 485 1464 δι’
521 1406 596 1466 ὧν
644 1408 799 1464 εἶπεν
832 1412 1052 1465 ἔπεισεν
1101 1413 1344 1476 ἐκείνους
1398 1411 1561 1465 τοῦτο
1597 1413 1829 1480 αἰτήσα-

252 1501 396 1564 σθαι,
420 1500 716 1554 κάντεῦθεν
746 1502 825 1564 εἰς
856 1501 921 1554 τὰ
953 1499 1201 1570 βασίλεια
1221 1501 1436 1566 εἴσεισι,
1459 1503 1555 1554 καὶ
1579 1501 1830 1572 φύλακας

249 1594 378 1662 περὶ
403 1593 600 1646 ἑαυτὸν
638 1594 893 1656 ποιεῖται,
913 1593 1008 1647 καὶ
1039 1594 1164 1656 τοὺς
1197 1593 1326 1664 περὶ
1359 1593 1421 1646 τὸ
1451 1594 1648 1647 ἑαυτοῦ
1672 1593 1830 1662 σῶμα

250 1683 667 1754 θεραπευτῆρας
725 1683 969 1752 ἐξέτεμε.
1023 1685 1120 1738 καὶ
1179 1683 1471 1755 εὐνούχους
1529 1685 1826 1754 πεποίηκε.

250 1777 595 1845 Δορυφόρους
639 1778 683 1830 δ’
715 1778 890 1830 εἵλετο
920 1777 1135 1848 Πέρσας
1173 1780 1306 1849 περὶ
1357 1779 1608 1850 μυρίους..
1645 1779 1742 1832 καὶ
1771 1780 1832 1830 ἐν

248 1867 312 1936 τῇ
366 1865 523 1917 πόλει
567 1866 624 1918 δὲ
656 1867 926 1936 φρουροὺς
993 1865 1185 1934 ἔταξεν
1236 1867 1477 1932 ἱκανούς.
1534 1869 1723 1922 Ταῦτα
1773 1870 1831 1923 δὲ

252 1955 510 2024 ποιήσας,
564 1955 690 2018 τοὺς
730 1954 1114 2026 ἐντιμοτέρους
1145 1958 1244 2026 τῆς
1289 1961 1550 2028 στρατιᾶς
1586 1959 1830 2029 ἐξήσκει,

254 2047 326 2115 μὴ
359 2047 577 2109 ἀπόνως
611 2046 778 2116 βιοῦν,
807 2047 898 2099 καὶ
932 2047 1062 2101 καθ”
1080 2048 1417 2118 ἡδυπάθειαν
1437 2065 1450 2080 ο
1481 2049 1578 2104 καὶ
1605 2050 1710 2102 τῶν
1732 2051 1831 2119 μὲν

250 2137 427 2191 ἄλλων
451 2140 797 2208 πραγμάτων
837 2140 1029 2199 ἄλλους
1063 2140 1402 2211 ἐπιμελητὰς
1437 2143 1830 2211 κατεστήσατο,

252 2229 532 2298 προσόδιον
559 2231 938 2303 ἀποδεκτῆρός
970 2249 1135 2302 φημι,
1173 2233 1263 2285 καὶ
1305 2232 1538 2302 δοτῆρας
1591 2232 1834 2304 δαπανη-

253 2321 461 2388 ματων,
494 2320 672 2392 ἔργων
695 2339 753 2377 τε
780 2323 1099 2388 ἐπιστάτας,
1140 2325 1234 2378 καὶ
1260 2325 1509 2396 κτήσεων
1556 2324 1827 2393 φύλακας,

252 2410 344 2461 καὶ
376 2411 487 2463 τῶν
522 2413 843 2482 ἐπιτηδείων
886 2413 1222 2484 ἐπιμελητὰς
1257 2415 1365 2466 τῶν
1415 2415 1552 2484 πρὸς
1593 2415 1830 2482 δίαιταν,

252 2504 344 2554 καὶ
375 2503 562 2556 ἵππων
593 2506 686 2558 καὶ
719 2505 895 2558 κυνῶν
930 2507 1275 2576 φροντιστας.
1319 2504 1426 2568 Οὓς
1455 2506 1498 2558 δ’
1526 2505 1662 2577 ᾤετο
1692 2509 1830 2578 χρῆ-

251 2610 338 2647 ναι
378 2593 627 2662 φύλακας
655 2597 752 2666 τῆς
781 2597 1126 2667 εὐδαιμονίας
1160 2597 1322 2666 ἔχειν,
1353 2596 1529 2667 ἐαυτῷ
1561 2599 1660 2669 τὴν
1701 2599 1828 2653 τού-

251 2698 356 2734 των
387 2685 757 2753 προσέταττεν
788 2686 1130 2757 ἐπιμέλειαν.
1168 2687 1320 2739 Ἐπεὶ
1355 2687 1410 2740 δὲ
1443 2689 1537 2741 καὶ
1555 2689 1829 2758 χρήμασιν

252 2776 563 2845 εὐεργετεῖν
616 2779 764 2848 αὐτῷ
795 2777 1172 2850 προσεγένετο,
1207 2778 1348 2848 ἔγνω
1377 2781 1449 2842 ὼς
1497 2781 1648 2834 ούδέν
1679 2784 1830 2836 ἐστιν

251 2871 604 2940 εὐεργέτημα
632 2873 941 2943 ἀνθρώποις
977 2873 1430 2944 εὐχαριτώτερον,
1465 2875 1498 2944 ἢ
1536 2878 1698 2928 σίτων
1737 2876 1830 2929 καὶ

253 2961 434 3013 ποτῶν
468 2964 793 3033 μετάληψις.
863 2965 956 3017 Διὸ
1006 2965 1103 3018 καὶ
1166 2965 1401 3030 ὑπέταξε
1457 2967 1630 3020 πολλὰ
1683 2969 1832 3038 αὑτῷ

253 3054 652 3123 παρατίθεσθαι
705 3057 911 3126 ὃμοια,
943 3053 1024 3120 οἷς
1069 3057 1232 3120 αὐτὸς
1264 3060 1487 3125 σιτοῖτο,
1539 3061 1634 3114 καὶ
1669 3063 1829 3115 ἱκανὰ

252 3147 599 3214 παμπόλλοις
629 3149 885 3219 ἐσόμενα.
941 3150 1052 3204 Καὶ
1082 3151 1148 3204 τὰ
1195 3152 1640 3221 παρατιθέμενα,
1687 3155 1828 3227 πλὴν

251 3233 324 3301 οἷς
357 3239 526 3302 αὐτὸς
555 3240 648 3293 καὶ
679 3242 726 3292 οἱ
764 3240 1071 3294 σύνδειπνοι
1103 3242 1424 3312 χρήσαιντο,
1456 3243 1702 3304 διεδίδου,
1737 3247 1831 3300 καὶ

251 3332 679 3402 φιλοδωρότατος
708 3331 1010 3403 ἀνθρώπων
1052 3333 1289 3401 ἐγένετο.
1323 3333 1485 3386 Ἀλλὰ
1515 3335 1573 3386 τὸ
1602 3337 1700 3404 μὲν
1731 3353 1826 3406 με-

251 3417 398 3482 γέθει
455 3419 647 3489 δώρων
701 3419 1061 3486 ὑπερϐάλλειν
1118 3420 1521 3475 πλουσιώτατον
1554 3424 1707 3486 ὄντα,
1768 3426 1826 3477 ού

253 3507 563 3577 θαυμαστόν
591 3526 606 3540 ⁸
665 3510 724 3562 τδ
762 3510 817 3563 δὲ
857 3513 922 3581 τῇ
959 3510 1228 3583 θεραπεία
1262 3513 1355 3564 καὶ
1386 3513 1673 3587 ἐπιμελείᾳ
1721 3516 1830 3568 τῶν

253 3599 419 3664 φίλων
459 3599 812 3669 βασιλεύοντα
845 3603 1252 3673 περιγίνεσθαι,
1285 3605 1446 3658 τοῦτο
1476 3606 1831 3675 ἀξιολογώτε-

250 3705 362 3754 ρον.
398 3691 509 3743 Καὶ
547 3692 703 3760 λόγος
736 3693 791 3745 δὲ
841 3693 1006 3746 αὑτοῦ
1056 3695 1598 3765 ἀπομνημονεύεται,
1649 3715 1828 3768 παραυ

251 3780 452 3850 πλήσια
507 3781 646 3852 ἔργα
691 3781 827 3838 εἶναι
883 3785 1094 3856 νομέως
1135 3786 1340 3852 ἀγαθοῦ
1392 3788 1487 3839 καὶ
1537 3787 1824 3858 βασιλέως.

251 3869 352 3922 Τὼ
383 3888 442 3923 τε
470 3873 588 3940 γὰρ
636 3873 803 3942 νομέα
837 3873 988 3942 ἔλεγε
1035 3875 1235 3946 χρῆναι
1273 3876 1521 3947 εὐτραφῆ
1559 3883 1628 3931 τα
1656 3881 1828 3952 κτήνη

251 3961 513 4016 ποιοῦντα
545 3964 778 4033 χρῆσθαι
801 3965 982 4029 αὐτοῖς
1011 3966 1110 4038 ἤδη
1134 3982 1151 3999 ο
1188 3967 1281 4019 τόν
1311 3984 1368 4020 τε
1399 3967 1622 4037 βασιλέα
1645 3969 1828 4022 ὡσαύ-

253 4070 359 4118 τως
415 4056 739 4126 εὐδαίμονας
781 4057 963 4122 πόλεις
1024 4059 1118 4111 καὶ
1170 4059 1496 4128 ἀνθρώπους
1545 4061 1826 4127 ποιοῦντα,

251 4149 485 4218 χρῆσθαι
523 4151 723 4212 αὐτοῖς.
759 4151 993 4218 Λέγεται
1025 4150 1079 4203 δὲ
1111 4150 1205 4204 καὶ
1235 4151 1326 4204 τὸν
1350 4153 1582 4223 Κροῖσον
1606 4153 1832 4209 εἰπόντα

252 4241 383 4292 τωτέ
425 4241 561 4311 πρὸς
594 4241 778 4305 αὑτὸν,
821 4242 898 4304 ὡς
943 4241 1032 4295 διὰ
1082 4242 1144 4295 τὸ
1175 4241 1350 4296 πολλά
1401 4243 1603 4297 διδόναι
1660 4245 1830 4312 πένης

253 4331 452 4391 ισοιτο.
484 4331 830 4402 ἐρωτηθῆναι
866 4333 1016 4404 παρὰ
1045 4333 1252 4404 Κύρου,
1287 4334 1438 4390 Πόσα
1482 4335 1550 4389 ἂν
1578 4335 1690 4408 ήδη,
1739 4353 1830 4403 μοι

1857 1729 1910 1789 Β

1933 495 2156 549 ritatem
2209 504 2266 550 et
2313 495 2398 550 sui
2439 495 2583 566 regis
2624 495 2796 552 :edem
2835 496 3223 567 cognovissent
3275 515 3288 551 :
3353 515 3511 554 arces

1933 585 2073 656 Cyro
2108 585 2350 651 tradunt,
2386 587 2480 656 qui
2507 585 2794 656 praefectos
2826 596 2883 642 et
2908 587 3163 656 praesidia
3189 588 3243 642 iu
3276 604 3370 644 cas
3402 591 3510 644 mi-
3595 619 3598 622 ~

1931 679 2022 734 sit.
2082 677 2291 732 Deinde
2334 680 2505 749 magis
2545 679 2866 744 accersitis,
2915 680 3140 742 ut_urbe
3191 691 3500 752 expugnata

1931 772 2040 827 diis
2082 772 2358 842 primitias
2391 772 2654 836 immolat,
2688 773 2834 828 ardes
2858 782 2914 827 et
2943 773 3142 843 palatia
3187 790 3370 836 rerum
3411 792 3506 845 ge-

1931 871 2140 917 starum
2174 863 2338 917 sociis
2371 862 2634 932 assignat,
2666 871 2835 932 atque
2864 862 2981 931 ipse
3033 863 3197 918 etiam
3243 865 3369 919 vitae
3413 882 3502 918 ra-

1932 953 2136 1009 tionem
2171 970 2296 1026 rege
2331 955 2552 1026 dignam
2584 955 2822 1011 instituit
2864 977 2875 1011 :
2905 973 3169 1027 eamque,
3211 959 3517 1027 quominus-

1932 1043 2199 1099 invidiosa
2236 1055 2417 1110 esset,
2461 1045 2529 1101 de
2579 1047 2884 1102 amicorum
2918 1052 3193 1105 sententia
3241 1052 3462 1106 inchoat
3489 1069 3510 1105 :-

1929 1153 1995 1193 ac
2044 1138 2279 1194 dicendo
2328 1140 2708 1209 consequitur,
2750 1149 2812 1195 ut
2859 1141 2961 1210 ipsi
3005 1142 3058 1196 id
3096 1158 3126 1198 a
3167 1159 3224 1199 se
3258 1146 3506 1213 postulao

1931 1237 2074 1283 rent.
2100 1228 2326 1300 Regiam
2356 1230 2672 1300 ingressus.
2712 1231 2980 1286 satellites
3022 1233 3173 1301 legit,
3198 1235 3284 1290 sui
3311 1250 3516 1303 corpu--

1934 1317 2010 1372 ris
2043 1317 2326 1374 ministros
2346 1327 2553 1373 castrat
2593 1334 2657 1374 ac
2686 1319 2976 1375 eunuchos
3015 1321 3186 1376 facit:
3238 1322 3505 1377 satellites

1930 1407 2220 1463 Persarum
2251 1410 2473 1464 circiter
2498 1425 2530 1464 ιι
2565 1411 2733 1464 millia
2759 1410 2913 1480 legit,
2958 1412 3152 1466 urbem
3197 1414 3349 1483 justo
3370 1429 3514 1483 prmo

1931 1499 2073 1554 sidio
2112 1498 2313 1557 firmat.
2349 1499 2444 1555 His
2476 1500 2654 1566 factis,
2687 1502 2782 1572 qui
2828 1502 3216 1561 honoratiores
3250 1513 3407 1559 erant
3451 1506 3506 1560 in

1931 1591 2208 1655 exercitu,
2246 1607 2343 1649 eos
2381 1593 2455 1648 ita
2484 1603 2666 1660 Ornat,
2707 1610 2778 1648 ne
2812 1593 3062 1664 ignavam
3083 1603 3139 1649 et
3168 1595 3516 1651 luxuriosam

1932 1683 2098 1737 vitam
2137 1693 2388 1754 agerent,
2423 1699 2488 1739 ae
2518 1685 2750 1739 aliaeum
2780 1700 2965 1740 rerum
2993 1701 3182 1741 curam
3209 1687 3334 1742 aliis
3357 1702 3513 1741 mau-

1932 1773 2049 1838 dat,
2108 1774 2246 1828 alios
2275 1775 2485 1846 reditus
2507 1775 2784 1845 accipere,
2806 1775 2962 1832 alios-
2987 1777 3301 1846 sumptibus
3322 1817 3337 1842 ,
3371 1777 3521 1833 alios

1929 1865 2112 1935 operis
2153 1881 2406 1935 praeesse,
2435 1867 2572 1922 alios
2614 1868 2994 1937 possessiones
3028 1868 3332 1930 custodire,
3370 1869 3512 1924 alios

1930 1965 2267 2010 commeatus
2303 1964 2359 2010 et
2389 1972 2695 2020 annonam,
2723 1957 2861 2012 alios
2892 1973 3066 2028 equos
3109 1968 3164 2013 et
3200 1975 3368 2029 canes
3413 1976 3511 2013 cu-

1931 2060 2072 2099 rare.
2097 2045 2299 2099 Eorum
2327 2054 2508 2100 autem
2533 2061 2742 2112 curam,
2767 2049 2862 2116 qui
2902 2048 3217 2103 felicitatem
3246 2049 3384 2106 tueri
3413 2050 3516 2104 dc-

1929 2136 2119 2200 beant,
2155 2137 2273 2207 ipse
2313 2139 2569 2207 suscipit.
2617 2138 2723 2193 Eas
2771 2154 2937 2209 porro
2975 2138 3268 2195 facultates
3313 2156 3509 2195 consc-

1929 2237 2112 2292 cutus,
2153 2237 2214 2282 ut
2269 2227 2529 2284 liberalis.
2585 2227 2644 2284 in
2695 2228 2836 2284 alios
2873 2245 2995 2286 esse
3040 2241 3250 2300 posset,
3293 2231 3538 2286 nullum.

1931 2319 2258 2375 mortalibus
2326 2319 2660 2376 beneficium
2725 2320 3028 2391 jucundius
3081 2336 3202 2377 esse
3262 2325 3528 2392 cogitans

1931 2411 2043 2466 cibi
2075 2419 2132 2466 et
2161 2418 2325 2481 potus
2365 2412 2782 2478 communione,
2815 2411 3050 2481 plurima
3081 2411 3187 2467 sibi
3213 2411 3418 2467 fercula
3443 2413 3528 2469 iis-

1929 2503 2131 2559 similia
2155 2503 2360 2573 quibus
2388 2504 2506 2573 ipse
2534 2513 2876 2569 vesceretur,
2903 2504 3312 2575 apponi-jussit,
3336 2521 3510 2574 quam

1931 2593 2194 2662 plurimis
2219 2593 2565 2649 suffectura:
2603 2609 2778 2664 caque
2804 2594 3051 2664 exceptis
3086 2595 3153 2648 iis
3175 2597 3376 2663 quibus
3394 2595 3510 2664 ipse

1931 2700 2055 2738 cum
2092 2686 2504 2741 convictoribus
2528 2684 2646 2741 suis
2667 2684 2968 2746 frueretur,
3011 2685 3400 2742 distribuebat.
3433 2685 3512 2742 Ac

1931 2791 2056 2831 eum
2101 2776 2551 2832 liberalissimum
2595 2786 2656 2832 et
2697 2777 3275 2832 munitirentissimum
3303 2777 3509 2842 fuisse,
3551 2806 3565 2820 ε

1933 2870 2116 2924 minus
2134 2879 2220 2925 est
2234 2870 2288 2924 in
2301 2871 2480 2934 tantis
2495 2871 2696 2940 Opibus
2711 2871 3025 2926 mirandum
3046 2889 3060 2925 :
3081 2871 3175 2926 sed
3203 2888 3383 2942 regem
3407 2873 3512 2927 ob-

1932 2957 2208 3012 servantia
2240 2966 2296 3014 et
2317 2975 2450 3014 cura
2472 2975 2736 3030 superare
2751 2961 2984 3027 amicos,
3007 2961 3060 3015 id
3082 2977 3214 3016 vero
3235 2962 3407 3032 magis
3428 2972 3516 3016 est

1937 3051 2316 3107 memorabile.
2343 3052 2457 3119 Qua
2489 3050 2556 3107 de
2589 3066 2652 3107 rc
2668 3051 2883 3108 dictum
2897 3054 3014 3122 ejus
3039 3051 3314 3123 quoddam
3333 3052 3510 3108 refer-

1937 3155 2048 3208 tur,
2086 3145 2393 3199 consimilia
2415 3159 2538 3200 esse
2573 3159 2804 3199 munera
2830 3143 2962 3199 boni
2987 3145 3226 3214 pastoris
3261 3154 3318 3198 et
3343 3143 3509 3213 regis.

1933 3234 2068 3290 Nam
2087 3244 2143 3289 et
2162 3244 2435 3305 pastorem
2453 3234 2654 3290 decore
2674 3233 2940 3304 saginatis
2964 3234 3019 3290 in
3049 3233 3246 3304 primis
3280 3249 3312 3288 a
3347 3249 3406 3289 se
3422 3235 3514 3304 ju-

1937 3327 2140 3382 mentis
2162 3329 2240 3383 uti
2268 3347 2282 3384 :
2307 3335 2364 3383 et
2385 3327 2501 3398 regi
2525 3326 2690 3381 urbes
2706 3335 2762 3381 et
2780 3326 3053 3390 homines,
3075 3341 3220 3394 quos
3237 3325 3413 3381 bearit
3430 3325 3518 3381 iu-

1935 3418 2165 3474 servire.
2191 3418 2387 3474 Fertur
2413 3426 2468 3472 et
2487 3416 2760 3480 Croesum,
2784 3418 2878 3487 qui
2908 3432 3036 3472 eum
3057 3415 3130 3470 ob
3163 3416 3392 3473 crebras
3411 3416 3514 3470 dn-

1936 3509 2187 3566 nationes
2217 3525 2520 3581 pauperem
2543 3509 2658 3566 fore
2692 3509 2924 3574 dixerat,
2961 3523 3206 3579 rogasse,
3243 3517 3521 3578 quantum.

1937 3600 2040 3655 sibi
2070 3602 2318 3671 pecunia:
2340 3616 2461 3656 esse
2487 3611 2746 3673 putaret,
2781 3599 2826 3654 si
2858 3615 3054 3654 aurum
3078 3639 3094 3662 ,
3141 3607 3202 3653 ut
3231 3600 3346 3668 ipse
3383 3613 3513 3655 cen-

1938 3701 2077 3759 seat,
2113 3709 2181 3749 cx
2209 3708 2319 3764 quo
2349 3705 2579 3763 regnare
2601 3693 2860 3762 cmperit.
2894 3690 3237 3761 collegisset?
3263 3691 3512 3758 Cumque

1939 3784 2028 3838 ille
2058 3784 2334 3855 ingentem
2372 3799 2642 3838 summam
2691 3782 3051 3845 nominasset,
3095 3781 3300 3835 dixisse
3345 3799 3358 3834 :
3401 3781 3512 3848 Age

1937 3873 2120 3943 igitur,
2158 3873 2366 3938 (Ξῖ-ωδε,
2410 3873 2558 3926 mitte
2605 3870 2836 3941 aliquem
2874 3886 2994 3924 cum
3035 3870 3196 3940 166
3225 3868 3509 3938 llystaspe.

1938 3963 2013 4018 Tu
2055 3981 2195 4030 vero,
2230 3962 2513 4035 Hystaspe,
2565 3963 2712 4016 adita
2745 3963 2938 4015 amicos
2973 3977 3134 4024 meos,
3163 3963 3336 4030 eisque
3356 3961 3531 4014 dicite»

1940 4055 2066 4110 mihi
2085 4055 2156 4109 ad
2185 4071 2294 4109 rem
2326 4054 2617 4126 quamdam
2648 4052 3034 4121 conﬁciendam
3065 4068 3198 4106 auro
3218 4066 3327 4105 esse
3358 4067 3510 4122 Opus,

1939 4158 1994 4202 ut
2024 4150 2242 4220 quisque
2283 4164 2444 4218 quam
2489 4145 2776 4218 plurimum
2817 4145 2984 4214 possit
3020 4153 3311 4212 comparet,
3357 4143 3521 4213 idque

1941 4239 2124 4293 litteris
2141 4238 2393 4295 inscribat
2419 4244 2578 4308 atque
2599 4237 2855 4306 obsignet,
2883 4243 2932 4290 et
2956 4233 3203 4305 epistolas
3230 4232 3397 4290 Cra'si
3413 4237 3514 4290 mi-

1939 4329 2105 4386 uistro
2153 4329 2354 4384 tradat.
2397 4329 2603 4385 Eadem
2640 4343 2762 4399 quae
2811 4326 3118 4393 mandarat,
3170 4326 3371 4383 litteris
3432 4326 3517 4381 in-

252 4426 507 4494 χρήματα
531 4425 633 4478 οἴει
667 4422 828 4490 εἶναι,
870 4427 919 4480 εί
968 4427 1194 4496 χρυσίον
1223 4427 1298 4491 ὡς
1338 4429 1403 4482 σὺ
1434 4427 1680 4492 κελεύεις
1709 4447 1830 4482 συν-

1939 4423 2147 4494 scripta
2192 4420 2400 4486 omnia,
2448 4428 2505 4474 et
2547 4419 2857 4490 obsignata,
2928 4416 3210 4490 Hystaspis
3263 4415 3512 4482 tradidit,

254 4518 459 4586 ελεγον,
498 4518 683 4584 ἐξότου
728 4521 785 4571 ἐν
832 4522 898 4589 τῇ
944 4521 1088 4591 ἀρχῇ
1122 4520 1269 4589 siut;
1325 4519 1540 4574 καὶτὸν
1596 4522 1833 4590 Κροῖσον

255 4606 450 4661 είπεῖν.
483 4605 652 4659 πολύν
683 4623 807 4659 τινα
858 4607 1112 4677 ἀριθμόν.
1155 4608 1259 4662 Τὸν
1305 4608 1360 4661 δέ
1404 4608 1586 4679 Κῦρον
1631 4611 1832 4678 φάναι·

257 4697 399 4765 ’Δτε
422 4697 523 4765 δὴ,
545 4693 592 4751 ὦ
624 4698 857 4766 Κροῖσε.
879 4700 1248 4768 σύμπεμψον
1269 4700 1457 4768 ἄνδρα
1477 4701 1601 4754 σὺν
1623 4701 1836 4755 ’Υστὰ-

257 4802 385 4856 mra
440 4792 652 4856 τούτῳ.
696 4790 776 4843 Σὺ
811 4790 898 4855 δὲ,
932 4789 1272 4853 ’Υστάσπιῃ
1321 4791 1652 4860 περιελθὼν
1692 4793 1834 4858 τοὺς

257 4880 497 4948 φίλους,
555 4879 696 4947 λέγε
748 4879 974 4948 αὐτοῖς,
1030 4881 1120 4935 ὅτι
1163 4881 1369 4951 δέομαι
1403 4883 1660 4950 χρυσίου
1686 4884 1838 4952 πρὸς

261 4973 482 5041 πρᾶξίν
513 4990 665 5038 τινα,
696 4973 794 5027 καὶ
841 4974 1052 5029 κέλευε
1084 4975 1326 5041 αὐτοὺς,
1362 4977 1562 5030 ὁπόσα
1605 4974 1682 5030 ἂν
1701 4977 1838 5030 ἕκα-

261 5083 403 5134 στος
421 5067 692 5133 δύναιτο,
713 5067 958 5134 πορίσαι
977 5083 1081 5136 μοι
1110 5066 1403 5136 χρήματα,
1436 5069 1534 5122 καί
1573 5068 1838 5139 γράψαν-

263 5174 365 5226 τας
416 5158 519 5214 καὶ
549 5158 1170 5229 κατασημηναμένους
1217 5158 1428 5214 δοῦναι
1461 5161 1568 5227 τὰς
1596 5161 1836 5216 ἐπιστο-

264 5251 375 5318 λὰς
403 5251 483 5316 τῷ
516 5252 778 5319 Kpolo‘ov
809 5252 1145 5318 θεράποντι.
1195 5251 1382 5304 Ταῦτα
1413 5252 1470 5305 δὲ
1492 5253 1590 5305 ὅσα
1621 5253 1833 5308 ἐνετέλ-

263 5343 380 5398 λετο
404 5345 484 5415 τῷ
513 5343 798 5414 Ὑστάσπᾳ
816 5344 1033 5414 γράψας
1061 5343 1155 5397 καὶ
1181 5360 1246 5412 ση
1257 5343 1586 5414 μηνάμενος,
1605 5343 1838 5398 δέ“ωκεν

259 5437 406 5504 αὖτῷ
435 5438 626 5507 φέρειν
690 5437 824 5506 πρὸς
862 5435 986 5498 τοὺς
1022 5433 1231 5502 φίλους.
1293 5434 1538 5503 Ἔγραψε
1593 5433 1650 5486 δὲ
1701 5436 1838 5502 πρός

263 5533 434 5585 πάντα
448 5549 486 5595 ς,
530 5529 630 5582 καὶ
694 5528 1008 5580 Ὑστάσπαν
1057 5527 1132 5588 ὡς
1167 5526 1319 5594 φίλον
1351 5525 1522 5578 αὐτοῦ.
1563 5525 1834 5595 δέχεσθαι.

274 5623 422 5676 Ἐπεὶ
452 5624 510 5676 δὲ
541 5620 830 5690 περιῆλθε.
865 5623 958 5672 καὶ
993 5620 1226 5690 ἤνεγκεν
1258 5621 1285 5670 ὁ
1316 5617 1553 5690 Κροίσου
1583 5619 1838 5686 θεράπων

259 5721 355 5782 τας
387 5714 706 5779 ἐπιστολὰς,
741 5716 767 5766 ό
799 5713 1112 5777 Ὑστάσπας
1151 5707 1307 5766 εἶπεν
1335 5725 1346 5740 '
1382 5705 1457 5769 Ὦ
1488 5710 1640 5778 Κῦρε
1658 5711 1839 5776 βασι·

1940 4531 2177 4586 eumque
2197 4515 2267 4572 ab
2292 4512 2552 4569 omnibus
2567 4520 2627 4568 ut
2644 4511 2882 4566 amicum
2905 4526 3065 4566 suum
3090 4510 3313 4565 tractari
3327 4509 3514 4580 jussit.

1938 4607 2076 4664 Cum
2108 4605 2520 4668 circumisscnt,
2551 4612 2610 4660 et
2647 4603 2824 4659 Crassi
2855 4603 3110 4659 minister
3143 4603 3404 4673 epistolas
3433 4611 3516 4656 at-

1942 4700 2181 4764 tulisset,
2224 4699 2508 4768 llistaspes
2525 4696 2697 4752 dixit:
2724 4695 2836 4750 Rex
2858 4694 3012 4766 Cyre,
3045 4711 3126 4748 me
3147 4710 3348 4764 quoque
3377 4710 3526 4748 nunc.

1941 4799 2086 4842 utere
2116 4797 2170 4840 ut
2200 4789 2377 4842 divite.
2417 4786 2561 4840 Nam
2598 4794 2813 4856 propter
2841 4784 3342 4839 commendationem
3369 4793 3517 4837 tuam

1941 4889 1991 4934 et
2024 4883 2132 4951 ipse
2153 4880 2395 4952 plurimis
2419 4881 2632 4950 affectus
2662 4895 2777 4933 sum
2802 4878 3122 4931 muneribus.
3147 4877 3285 4930 Tum
3318 4875 3513 4945 Cyrus,

1943 4970 2011 5024 Et
2032 4972 2134 5036 hic,
2159 4971 2368 5040 inquit,
2387 4969 2581 5032 Crmse,
2596 4984 2734 5022 unus
2751 4977 2905 5023 estea:
2923 4969 3184 5022 thesauris
3213 4969 3424 5020 nostris.
3441 4965 3516 5018 Tu

1941 5079 2062 5116 vero
2086 5070 2299 5117 cazteros
2321 5058 2728 5131 contemplatus,
2753 5069 2984 5130 supputa
3001 5066 3205 5130 quanta
3223 5058 3350 5110 milii
3363 5071 3488 5122 pecu
3503 5084 3516 5093 -

1942 5157 2032 5209 nia
2051 5156 2120 5208 sit
2139 5154 2183 5208 si
2207 5153 2364 5223 fuerit
2385 5169 2534 5222 opus.
2559 5153 2610 5208 ls
2625 5151 2941 5222 verolongc
2961 5150 3222 5219 majorem
3244 5160 3516 5202 summam

1943 5245 2237 5316 reperiissc
2266 5244 2463 5309 fertur,
2487 5259 2649 5313 quam
2669 5243 2723 5298 in
2750 5242 3026 5297 thesauris
3057 5254 3182 5294 eum
3198 5236 3516 5291 habiturum

1943 5339 2114 5394 fuisse
2155 5337 2402 5401 dixerat,
2440 5335 2485 5390 si
2517 5335 2851 5406 collegisset,
2896 5348 2960 5388 ac
3029 5330 3231 5401 Cyrum
3269 5325 3516 5386 dixisse:

1958 5430 2157 5491 Viden’,
2205 5429 2400 5495 Croese,
2431 5436 2480 5482 et
2513 5428 2640 5482 mihi
2667 5429 2940 5481 thesauros
2971 5437 3082 5478 use
3099 5420 3126 5473 ?~
3155 5417 3294 5476 Cum
3331 5428 3519 5474 autem

1945 5523 2000 5576 in
2043 5523 2228 5577 animo
2260 5521 2510 5584 haberet,
2547 5517 2617 5572 ad
2661 5514 2970 5586 pulvinaria
3012 5513 3244 5568 deorum
3293 5511 3524 5566 immor-

1948 5617 2139 5670 talium
2177 5613 2544 5684 suppli-catum
2590 5611 2670 5664 ire
2707 5626 2720 5662 :
2774 5606 2981 5660 vocatis
3011 5603 3359 5676 principibus
3385 5603 3523 5659 Per-

1951 5719 2137 5761 sarum
2173 5712 2228 5760 et
2260 5713 2608 5764 cancrorum,
2651 5697 2819 5753 stolas
2863 5697 3105 5753 Medicas
3140 5696 3284 5752 inter
3315 5709 3412 5750 cos
3437 5694 3516 5748 di.-
