3980 6246
457 279 558 346 311
1694 283 2026 344 JOANNIS
2061 283 2388 375 zonam:
3610 294 3712 362 312

448 392 542 460 qui
578 387 826 453 aderant,
851 403 916 444 ac
945 387 1136 445 dextra
1171 397 1427 460 porrecta
1459 391 1741 456 omnibus,
1775 400 2025 447 contecta

2133 398 2338 469 παρείη
2364 396 2459 451 τοῦ
2493 398 2608 470 βίου
2647 401 2680 471 ή
2719 399 2970 469 τελευτὴ,
3029 398 3121 454 καὶ
3161 403 3399 472 τριταῖος
3439 402 3564 466 τοὺς
3589 407 3712 458 παῖ-

449 482 610 546 facie,
643 481 959 551 exspiravit.
1003 482 1083 536 Eo
1125 480 1409 548 defuncto,
1441 483 1627 539 statim
1669 484 1766 537 ﬁlii
1801 483 2025 539 seditio-

2135 489 2232 551 δας
2257 489 2484 544 ἐκάλεσε
2512 491 2852 562 (συνείποντο
2876 493 2986 564 γὰρ
3015 493 3186 563 αὐτῷ)
3227 494 3320 547 καὶ
3361 496 3487 558 τοὺς
3528 495 3716 563 φίλους

447 587 573 627 nem
606 580 922 634 moverunt,
957 570 1124 626 nrbes
1153 586 1217 625 ac
1239 572 1538 641 provinciae
1588 573 1934 636 defecerunt,
1960 588 2025 627 ac

2136 579 2234 632 καὶ
2278 580 2378 643 τὰς
2437 583 2663 653 Περσῶν
2718 584 2915 654 ἀρχὰς,
2957 585 3051 638 καὶ
3073 579 3226 638 εἶπεν
3252 601 3266 615 ·
3326 585 3440 640 Μοῑ
3465 584 3588 654 μὲν
3612 587 3718 641 τοῦ

448 663 502 716 in
528 665 684 734 pejus
713 664 947 718 ruebant
994 663 1197 719 omnia.
1229 663 1410 734 Atque
1441 664 1554 720 ι)ωο
1582 680 1613 720 a
1659 665 2025 734 Xenophonte

2127 671 2274 734 ,βίου
2307 671 2377 724 τὸ
2419 672 2595 737 τέλος
2619 673 2736 741 ἤδη
2781 675 3064 744 πάρεστι,
3121 675 3219 730 δεῖ
3261 675 3331 729 δὲ
3378 679 3714 745 σαφηνίσαι

445 756 512 810 de
536 755 675 827 Cyro
697 757 912 827 prodita
945 756 1209 812 sunt.Sed
1238 757 1551 812 Herodotus
1577 758 2025 812 Halicarnasseus

2131 764 2265 832 περὶ
2293 763 2404 832 τῆς
2433 764 2780 833 βασιλείας,
2812 770 2930 822 τίνι
2954 768 3157 822 ἔσεται
3179 754 3308 837 μὲτν
3348 769 3474 834 ἐμὲ,
3507 770 3607 823 ἵνα
3631 769 3716 838 μὴ

445 867 508 905 ea
545 852 613 905 de
646 851 771 922 Cyri
799 850 1150 910 educatione.
1182 850 1362 912 obitu,
1405 858 1632 918 totaque
1658 851 1771 905 vita
1817 859 2026 912 narrat,

445 957 566 1010 qua:
601 956 886 996 recensere
917 941 1186 1011 prolixum
1219 940 1408 996 fuerit.
1434 940 1570 994 Mihi
1601 956 1734 996 vero
1763 955 2029 1010 compen-

444 1033 596 1086 dium
640 1033 996 1087 historiarum
1029 1032 1316 1098 scribenti,
1372 1046 1482 1086 non
1534 1032 1793 1088 convenit
1831 1032 2030 1087 verbo-

2129 855 2444 922 :cpdryata
2487 856 2632 926 ὑμῖν
2664 859 2974 927 παράσχῃ,
3017 859 3307 928 γενομένη
3360 861 3714 930 ἀμφίλογος.

2129 945 2214 999 Σὺ
2239 945 2356 1014 μὲν
2381 942 2512 1010 οὖν,
2549 944 2598 1004 ὦ
2641 952 2950 1018 Καμϐύση,
3007 953 3414 1020 πρεσϐύτερος
3439 951 3558 1016 ὢν,
3606 953 3720 1018 τὴν

2127 1038 2464 1102 ,Βασιλείαν
2481 1039 2606 1110 ἔχε,
2643 1040 2794 1096 θεῶν
2839 1039 3151 1108 διδόντων,
3187 1042 3402 1111 κάμοῦ.
3430 1043 3530 1097 Σοὶ
3561 1040 3720 1105 δὲ,’ὦ

447 1140 570 1178 sum
609 1140 748 1194 opus
774 1134 1068 1180 contexere
1099 1141 1114 1177 :
1147 1123 1242 1178 sed
1293 1123 1428 1178 satis
1472 1130 1556 1177 est
1593 1137 1658 1177 ea
1689 1123 2022 1187 consectari,

2133 1129 2476 1198 Ταναοξάρη
2525 1132 2624 1200 (6),
2655 1129 2809 1187 εἶναι
2857 1135 3136 1203 σατράπῃ
3162 1135 3371 1204 δίδωμι
3419 1135 3637 1201 Μήδων
3655 1152 3719 1188 τε

432 1219 568 1284 qua:
621 1217 996 1286 probabiliora
1044 1216 1325 1270 videntur.
1361 1214 1522 1285 169
1561 1214 1662 1270 Cui
1695 1229 1829 1270 vero
1856 1215 2023 1271 etiam

2132 1218 2231 1272 καὶ
2267 1220 2579 1288 Ἀρμενίων
2611 1222 2709 1275 καὶ
2765 1223 3179 1279 Καδδουσίων.
3219 1223 3406 1276 Ταῦτα
3444 1225 3556 1285 τοῖς
3595 1239 3720 1275 παι-

447 1304 709 1360 llerodoti
735 1307 802 1361 de
828 1306 922 1361 illo
952 1306 1303 1360 narrationes
1326 1305 1584 1361 evolvere
1630 1305 1786 1370 libet,
1818 1305 1866 1360 is
1907 1305 2025 1360 haec

2133 1311 2218 1364 σὶν
2251 1313 2647 1384 ἐντειλάμενος,
2684 1316 2780 1370 καὶ
2807 1315 3142 1386 παραινέσας
3187 1313 3381 1378 πολλὰ,
3411 1316 3503 1368 καὶ
3545 1330 3720 1384 προσ-

444 1397 590 1452 libro
624 1397 822 1466 primo,
859 1398 946 1452 cui
979 1396 1188 1452 Clionis
1214 1397 1379 1452 Musae
1405 1396 1596 1466 primat
1632 1397 1854 1452 titulum
1882 1397 2025 1452 indi-

2130 1402 2300 1458 ειπὼν
2344 1406 2473 1470 τοὺς
2551 1407 2849 1478 παρόντας,
2897 1408 2992 1462 καὶ
3049 1407 3257 1471 πάντας
3289 1407 3718 1475 δεξιωσάμενος,

445 1491 549 1555 dit,
583 1491 851 1546 inveniet.

2133 1495 2568 1566 συνεκαλύψατο,
2604 1500 2701 1552 καὶ
2729 1499 2900 1562 οὕτως
2931 1497 3199 1564 ἐξέλιπεν.
3241 1499 3400 1553 Ἐπεὶ
3423 1498 3470 1552 δ’
3510 1500 3720 1560 ἐκεῖνος

442 1585 628 1656 ἀπῄει,
659 1586 823 1650 εὐθὺς
857 1587 910 1640 οἱ
949 1589 1136 1653 παῖδες
1162 1590 1330 1644 αὐτοῦ
1366 1590 1710 1656 ἐστασίαζον,
1745 1591 1934 1652 πόλεις
1999 1588 2057 1642 δὲ
2095 1591 2193 1644 καὶ
2249 1589 2377 1660 ἔθνη
2417 1592 2734 1660 ἀφίσταντο,
2770 1596 2950 1649 πάντα
2980 1595 3026 1649 δ’
3055 1596 3149 1650 ἐπὶ
3174 1596 3232 1649 τὸ
3272 1598 3454 1667 χεῖρον
3482 1595 3722 1657 sepim-

441 1693 524 1733 το.
559 1677 744 1731 Ταῦτα
785 1676 883 1748 μὶν
929 1676 1025 1733 οὖν
1055 1681 1134 1751 τῷ
1175 1681 1487 1752 Ξενοφῶντι
1527 1684 1658 1752 περὶ
1729 1682 1915 1750 Κύρου
1957 1681 2262 1752 ἱστόρηται.
2344 1681 2404 1736 '0
2452 1684 2498 1736 δ’
2583 1684 3008 1752 Ἁλικαρνασεὺς
3080 1686 3364 1758 Ἡρόδοτος
3416 1686 3552 1743 ἄλλα
3589 1691 3725 1756 περὶ

439 1768 541 1836 τῆς
575 1769 759 1840 Κύρου
793 1771 958 1841 φησὶν
975 1772 1265 1842 ἀναγωγῆς
1287 1773 1460 1827 τεκαὶ
1491 1774 1773 1842 τελευτῆς,
1835 1774 1929 1828 καὶ
1958 1774 2059 1842 τῆς
2133 1775 2329 1845 λοιπῆς
2369 1775 2575 1848 βιοτῆς,
2617 1778 2654 1833 ἃ.
2713 1779 2925 1851 μακρὸν
2956 1779 3022 1834 ἂν
3055 1779 3141 1851 εῖη
3181 1779 3518 1850 διηγεῖσθαι.
3563 1771 3721 1849 Ἐμοὶ

441 1859 486 1912 δ’
519 1861 788 1933 ἐπιτομὴν
830 1865 1076 1935 ἱστορίας
1115 1866 1493 1936 πεποιημένῳ,
1528 1867 1630 1920 οὐκ
1665 1866 1886 1920 ἐπέοικε
1923 1866 2024 1936 τὴν
2064 1869 2453 1937 πραγματείαν
2539 1869 2732 1924 θέσθαι
2786 1872 3144 1942 πολύστιχον,
3199 1871 3316 1926 ἀλλ’
3351 1871 3519 1935 αὐτὸς
3598 1870 3718 1940 μένν

447 1953 508 2006 τὰ
536 1953 879 2026 πιθανώτερα
903 1955 1138 2026 ἔγραψα.
1159 1958 1306 2027 Ὅτῳ
1325 1958 1369 2011 δ’
1404 1959 1601 2012 εἰδέναι
1662 1958 1933 2029 βούλημα,
1963 1957 2058 2011 καὶ
2093 1957 2239 2029 ἅπερ
2291 1959 2576 2032 Ἡρόδοτος
2604 1964 2734 2034 περὶ
2783 1964 2948 2018 αὑτοῦ
2991 1964 3398 2035 συνεγράψατο,
3431 1964 3534 2035 τὴν
3580 1958 3724 2015 ἐκεί·

440 2063 535 2099 νου
593 2049 1121 2118 μεταχειριτάμενος
1162 2050 1366 2121 βίϐλον,
1400 2053 1629 2124 εὑρήσει
1682 2052 1855 2107 ταῦτα
1885 2050 2026 2104 κατὰ
2057 2049 2152 2104 τὸν
2213 2054 2435 2125 πρῶτον
2478 2056 2681 2124 τλόγον,
2715 2051 2760 2126 ᾧ
2789 2058 2891 2129 τὴν
2939 2057 3166 2129 πρώτην
3193 2057 3302 2112 τῶν
3333 2059 3565 2113 Μουσῶν
3594 2061 3726 2118 ἐπέ-

441 2139 622 2210 γραψε
663 2144 730 2213 τῇ
772 2141 941 2212 βίϐλῳ
967 2143 1065 2212 τῆν
1096 2143 1300 2200 Κλειώ.

3533 2300 3669 2318 βυτ-ο

1562 2489 1915 2576 LIBER
1997 2488 2595 2593 QUARTUS.

515 2707 556 2761 ι.
589 2706 764 2777 Cyrus
812 2705 976 2776 igitur
1017 2705 1361 2778 Assyriorum
1403 2721 1630 2777 regnum
1686 2708 1765 2762 sic
1802 2703 2020 2766 evertit,

2195 2703 2275 2758 A'.
2310 2704 2491 2775 Κῦρος
2523 2705 2623 2774 μὲν
2656 2704 2748 2760 οὖν
2785 2704 2926 2759 οὕτω
2949 2707 3048 2778 τὴν
3079 2706 3188 2760 τῶν
3220 2706 3521 2776 Ἀσσυρίων
3541 2708 3723 2779 ἀρχὴν

444 2807 498 2854 et
529 2799 705 2870 primo
736 2799 822 2853 sui
857 2799 1074 2870 imperii
1107 2814 1274 2864 anno,
1331 2813 1362 2854 a
1395 2800 1711 2869 captivitate
1741 2796 2026 2852 Hebraicre

443 2892 623 2960 gentis
670 2891 1096 2961 septuagesimo,
1151 2889 1357 2946 Iudaeis
1399 2890 1495 2960 qui
1546 2889 1823 2962 Babylone
1868 2889 2023 2958 dege-

443 2983 598 3047 bant,
649 2982 830 3037 redirc
874 2981 1276 3054 Hierosolyma,
1320 2981 1628 3052 urbemque
1667 2989 1724 3035 et
1758 2980 2024 3050 templum

442 3072 754 3128 instaurare
806 3071 1079 3142 permisit,
1134 3072 1189 3126 id
1241 3073 1389 3143 quod
1434 3071 1704 3143 propheta
1756 3071 2026 3126 Jeremias

441 3165 790 3234 praedixerat,
839 3175 895 3220 et
939 3176 1068 3220 ante
1123 3165 1280 3219 illum
1336 3164 1524 3220 Isaias.
1583 3165 1717 3219 Nam
1768 3163 1858 3218 illc
1906 3171 2024 3216 tum

441 3257 598 3322 vixit,
628 3272 752 3311 cum
785 3257 916 3311 urbs
949 3267 1244 3326 caperetur
1278 3274 1293 3310 :
1343 3256 1434 3311 hic
1474 3267 1602 3311 ante
1647 3257 2022 3325 captivitatem

443 3347 619 3411 urbis,
669 3357 725 3402 et
759 3347 948 3416 templi
994 3348 1363 3412 eversionem,
1411 3349 1570 3402 annis
1612 3355 1833 3402 centum
1887 3361 2022 3416 qua-

441 3440 710 3511 draginta.
740 3440 931 3509 Neque
961 3453 1094 3493 vero
1126 3439 1242 3494 haec
1283 3438 1549 3493 duntaxat
1584 3439 1876 3503 concessit,
1926 3437 2022 3492 sed

440 3542 496 3587 et
549 3548 703 3588 sacra
758 3547 923 3596 vasa,
991 3547 1020 3586 a
1079 3531 1621 3587 Nabuchodonosore
1689 3530 2018 3599 Babylonem

442 3626 727 3687 translata.
793 3640 892 3696 per
939 3624 1311 3679 Mithridatem
1365 3634 1696 3694 quaestorem
1756 3639 1914 3678 suum
1966 3631 2024 3678 et

441 3715 834 3771 Zorobabelezu
893 3732 1000 3770 una
1059 3715 1292 3771 remisit.
1366 3715 1432 3770 Et
1484 3715 1723 3788 Syriacis
1786 3715 2023 3786 satrapis

441 3808 742 3873 mandavit,
771 3817 831 3865 ut
869 3807 952 3862 eis
995 3807 1064 3862 ad
1096 3806 1518 3863 aediﬁcationem
1570 3806 1890 3878 adiumento
1937 3821 2025 3862 es-

441 3913 584 3964 sent,
615 3911 670 3957 et
695 3916 888 3957 omnes
915 3912 1169 3971 sumptus
1195 3901 1263 3956 de
1301 3901 1449 3971 regia
1483 3899 1718 3970 pecunia
1762 3900 2024 3970 suppedi—

443 4007 642 4053 tarent.
699 3995 852 4051 llisa
893 3995 1036 4066 Cyro
1091 3995 1426 4058 constitutis,
1483 3994 1722 4047 duarum
1774 3993 2018 4047 tribuum

439 4089 679 4144 Judaicte
718 4097 773 4142 et
795 4086 1163 4157 Benjamitica:
1197 4085 1496 4153 principes,
1525 4082 1729 4137 Levita:
1755 4093 1810 4137 et
1835 4098 2020 4137 saccr-
2048 4076 2090 4102 “·⁴

441 4183 600 4237 dotes
625 4179 1001 4250 Hierosolyma
1035 4176 1468 4232 contenderunt.
1524 4175 1679 4229 Multi
1719 4176 1883 4229 etiam
1917 4175 2021 4230 Ba-

441 4270 640 4341 bylone
674 4285 919 4333 manere,
945 4285 1113 4340 quam
1143 4284 1274 4325 suas
1302 4266 1678 4338 possessiones
1708 4267 2023 4336 relinquere

442 4361 776 4414 maluerunt.
819 4359 947 4426 Quo
993 4375 1120 4414 cum
1164 4359 1571 4430 pervenissent,
1625 4357 1750 4430 Cyri
1786 4367 2023 4428 satrapa:

441 4465 634 4506 omnes
663 4451 730 4505 ad
762 4450 1184 4506 aediﬁcationem
1234 4450 1316 4506 eis
1350 4450 1526 4519 (fuere
1558 4458 1743 4505 autem
1786 4449 2025 4520 quadra-

442 4523 592 4612 ginta
621 4541 732 4596 duo
765 4541 935 4596 millia
981 4549 1038 4596 et
1089 4543 1367 4608 sexcenta)
1406 4543 1724 4613 adiumento
1773 4541 2020 4597 fuerunt.

441 4635 558 4690 Jam
609 4635 663 4688 in
712 4633 865 4688 urbis
913 4642 970 4689 et
1023 4634 1211 4704 templi
1261 4635 1718 4689 instaurationem
1771 4635 2020 4701 intentis,

444 4727 690 4782 ﬁnitimae
718 4737 930 4798 gentes,
959 4726 1207 4783 Chuthzei
1228 4727 1554 4797 prazsertim,
1573 4743 1710 4797 quos
1736 4727 2022 4782 Salmana-

443 4834 553 4880 sar,
607 4817 784 4889 captis
835 4818 1100 4874 lsraelitis
1151 4817 1453 4873 Samariam
1491 4819 1830 4884 traduxerat,
1877 4819 2022 4874 invi-

443 4909 660 4968 dentes.
723 4916 973 4979 satrapas
1026 4910 1081 4963 in
1149 4908 1346 4979 primis
1412 4908 1516 4962 sibi
1571 4910 1888 4976 conciliant,
1951 4925 2022 4965 nc

441 4998 860 5053 mditicationem
892 5007 1300 5069 promoverent.
1331 4999 1539 5054 Deinde
1565 5001 1706 5070 Cyro
1735 4999 2021 5068 defuncto,

442 5090 586 5161 apud
615 5091 938 5163 Cambysen:
991 5091 1163 5146 ﬁlium
1209 5102 1266 5146 et
1314 5107 1688 5148 successorem
1734 5093 1876 5164 ejus,
1915 5094 2024 5150 He-

444 5183 639 5248 brzcos,
680 5193 979 5254 utgentem
1005 5182 1269 5253 perﬁdam
1299 5192 1356 5238 et
1375 5183 1657 5247 rebellem,
1690 5200 1788 5254 per
1811 5186 2023 5241 litteras

444 5275 828 5330 criminantur.
868 5274 1023 5342 Quod
1058 5275 1104 5330 si
1135 5275 1328 5330 urbem
1371 5284 1427 5331 ct
1459 5277 1722 5346 templum
1773 5279 2022 5346 perfece-

2129 2796 2483 2851 καταλέλυκε.
2507 2797 2597 2867 Τῷ
2620 2798 2677 2852 δέ
2697 2797 2897 2868 πρώτῳ
2917 2801 3025 2852 ἔτει
3055 2799 3154 2869 τῆς
3192 2798 3466 2869 βασιλείας
3523 2802 3720 2867 αὑτοῦ,

2125 2890 2515 2961 ἑϐδομηκοστῷ
2567 2891 2683 2944 δντι
2727 2891 2912 2958 ἐξότου
2969 2891 3216 2962 Ἑϐραῖοι
3269 2893 3348 2955 εἰς
3412 2892 3724 2948 Βαϐυλῶνα

2127 2982 2186 3047 ἐξ
2218 2983 2574 3055 Ἰερουσαλὴμ
2599 2983 3045 3055 μετηνέχθησαν,
3077 2983 3343 3054 ἐπέτρεψε
3369 2987 3480 3048 τοῖς
3515 2986 3575 3039 ἐν
3610 2983 3722 3039 Βα-

2125 3075 2328 3128 ϐυλῶνι
2364 3072 2518 3130 οὖσιν
2569 3075 2846 3139 Ἰουδαίοις
2899 3076 3160 3130 ἀπελθεῖν
3198 3077 3278 3140 εις
3333 3076 3716 3146 Ἰεροσόλυμα,

2128 3169 2223 3221 καὶ⁷
2261 3167 2683 3236 ἀνοικοδομῆσαι
2733 3169 2835 3239 τήν
2893 3185 2952 3221 τε
2990 3168 3144 3222 πόλιν
3180 3169 3276 3221 καὶ
3323 3169 3415 3222 τὸν
3453 3169 3603 3233 ναὸν,
3636 3170 3724 3232 ὡς

2125 3259 2153 3312 6
2186 3259 2474 3330 προφήτης
2515 3258 2785 3330 Ἱερεμίας
2811 3259 3266 3330 προανεφὼνησε,
3301 3262 3397 3314 καὶ
3427 3260 3534 3330 πρὸ
3561 3261 3716 3313 ἐκεῖ·

2125 3369 2219 3406 νου
2273 3353 2302 3404 ὁ
2349 3350 2580 3414 Ἡσαΐας
2621 3351 2976 3422 προείρηκεν.
3026 3351 3088 3404 ’0
3129 3352 3227 3421 μὲν
3281 3351 3392 3420 γὰρ
3429 3348 3518 3421 ἦν,
3559 3351 3649 3404 ὅτε
3680 3351 3715 3420 ἡ

2126 3443 2280 3506 πόλις
2305 3442 2441 3512 ἥλω,
2483 3443 2576 3496 καὶ
2614 3443 2642 3494 ὁ
2667 3443 2793 3504 ναὸς
2817 3442 3163 3511 κατεσκάφη,
3193 3443 3220 3494 ό
3247 3442 3291 3496 δ’
3332 3443 3564 3505 Ἡσαΐας
3590 3436 3717 3494 ἑτεέ-

2126 3552 2210 3589 σιν
2249 3535 2444 3588 ἐκατδν
2493 3533 2589 3587 καὶ
2645 3533 3062 3603 τεσσαράκοντα
3100 3534 3364 3604 πρότερον
3393 3529 3484 3604 ἦν,
3520 3533 3552 3602 ἢ
3610 3534 3718 3603 τὴν

2125 3624 2280 3679 πόλιν
2319 3625 2544 3688 ἁλῶναι,
2578 3625 2673 3677 καὶ
2698 3625 3120 3701 κατασκαφῆναι
3143 3625 3201 3678 τὸ
3226 3625 3392 3693 ἱερόν.
3434 3623 3508 3678 Οὐ
3548 3625 3717 3694 μόνον

2123 3715 2171 3770 δ’
2209 3716 2381 3786 ἐφῆκε
2408 3717 2521 3778 τοῖς
2544 3713 2919 3785 αἰχμαλώτοις
2937 3717 3039 3786 τὴν
3063 3715 3344 3777 ἐπάνοδον,
3369 3717 3465 3769 καὶ
3484 3717 3582 3786 τὴν
3606 3715 3714 3783 τῆς

2125 3808 2336 3871 πόλεως
2375 3808 2470 3861 καὶ
2497 3806 2592 3860 τοῦ
2616 3807 2747 3860 ναοῦ
2765 3806 3150 3872 ἐξανάστασιν,
3176 3807 3310 3860 ἀλλὰ
3329 3809 3422 3860 καὶ
3442 3808 3510 3860 τὰ
3535 3808 3714 3879 σκεύη

2123 3900 2191 3952 τὰ
2213 3898 2310 3952 τοῦ
2331 3899 2462 3953 ναοῦ
2480 3898 2516 3953 θ
2541 3898 3010 3969 Ναϐουχοδονόσορ
3032 3900 3114 3962 si;
3139 3899 3438 3953 Βαϐυλῶνα
3455 3900 3712 3969 ἐκόμισε,

2128 3991 2468 4061 συνέπεμψε,
2510 3990 2788 4059 παραδοὺς
2842 3989 3021 4044 ταῦτα
3057 3991 3251 4060 φέρειν
3284 3991 3591 4062 Μιθριδάτῃ
3631 3992 3715 4061 τῷ

2125 4083 2289 4136 αὑτοῦ
2323 4081 2684 4152 γαζοφυλάκι,
2745 4083 2841 4136 καὶ
2885 4082 2964 4153 τῷ
3002 4083 3328 4154 Ζοροϐάϐελ..
3394 4083 3712 4137 Ἐπέστειλε

2124 4172 2180 4224 δὲ
2207 4173 2300 4236 καὶ
2329 4173 2443 4233 τοῖς
2471 4173 2530 4224 ἐν
2561 4171 2732 4242 Συρίᾳ
2763 4173 3096 4242 σατράπαις,
3140 4173 3492 4240 συναίρεσθαι
3524 4172 3714 4236 αὐτοῖς

2125 4263 2215 4316 ἐπὶ
2259 4264 2324 4333 τῇ
2376 4263 2485 4315 τῶν
2523 4262 2701 4334 ἔργων
2738 4248 3019 4335 οἰκοδομῇ,
3060 4265 3154 4316 καὶ
3182 4263 3282 4333 τὴν
3319 4265 3568 4334 δαπάνην
3609 4265 3712 4316 αὺ-

2123 4357 2248 4417 τοὺς
2277 4356 2536 4424 χορηγεῖν
2565 4355 2748 4408 πᾶσαν
2785 4355 2850 4408 ἐκ
2901 4354 3010 4407 τῶν
3040 4353 3339 4426 βασιλικῶν
3382 4355 3710 4428 χρημάτων.

2125 4444 2314 4500 Ταῦτα
2349 4444 2444 4498 τοῦ
2497 4444 2681 4516 Κύρου
2719 4443 3102 4510 θεσπεσαντος,
3144 4445 3478 4518 ἐξώρμησαν
3508 4447 3560 4500 οῖ
3597 4445 3711 4499 τῶν

2124 4537 2218 4592 δύο
2253 4537 2433 4608 φυλῶν
2461 4538 2723 4608 ἄρχοντες
2768 4539 2867 4609 τῆς
2905 4555 2963 4592 τε
3012 4537 3109 4592 τοῦ
3162 4539 3332 4593 Ἰούδα
3360 4540 3454 4593 καὶ
3483 4540 3582 4608 τῆς
3613 4537 3712 4592 Βε-

2125 4627 2444 4698 νιαμίτιδος,
2474 4628 2529 4680 οῖ
2572 4644 2635 4680 τε
2685 4629 2912 4681 Λευῖται
2964 4627 3061 4683 καὶ
3111 4629 3159 4682 οἱ
3203 4630 3386 4698 ἱερεῖς.
3427 4623 3620 4683 Πολλοὶ
3649 4629 3710 4681 δὲ

2125 4723 2182 4775 ἐν
2211 4724 2277 4792 τῇ
2304 4720 2584 4775 Βαϐυλῶνι
2609 4720 2961 4790 κατέμειναν,
2991 4721 3092 4785 τὰς
3121 4723 3350 4794 κτήσεις
3381 4723 3710 4776 καταλιπεῖν

2124 4815 2222 4884 οὐχ
2244 4812 2577 4883 αἱρούμενοι.
2615 4813 3091 4881 Παραγενομὲνοις
3120 4814 3174 4867 δὲ
3206 4815 3288 4876 εις
3329 4813 3704 4883 Ἰεροσόλυμα,

2124 4907 2174 4960 oi
2204 4906 2296 4960 τοῦ
2325 4905 2510 4975 Κύρου
2547 4905 2748 4966 πάντες
2791 4905 3101 4975 συνήργουν
3131 4905 3316 4968 αὐτοῖς
3364 4906 3446 4966 εἰς
3477 4906 3576 4968 τὰς
3624 4906 3706 4957 ol-

2125 4997 2382 5066 κοδομὰς,
2410 4996 2502 5048 καὶ
2530 4995 2918 5066 συνέπραττον.
2949 4991 3130 5049 Ἦσαν
3153 4996 3200 5049 δ’
3230 4999 3280 5049 οῖ
3313 4996 3706 5060 ἐπανελθόντες

2128 5089 2386 5160 μυριάδες
2411 5088 2698 5158 τέσσαρες,
2731 5087 2978 5158 δισχίλιοι
3016 5105 3075 5140 τε
3104 5088 3198 5141 καὶ
3231 5086 3524 5152 ἑξακόσιοι.
3562 5089 3702 5159 Ἤδη

2123 5185 2178 5236 δὲ
2206 5185 2335 5255 περ).
2371 5181 2470 5252 τὴν
2503 5180 2794 5250 οἰκοδομὴν
2822 5182 2918 5251 τῆς
2949 5179 3159 5242 πόλεως
3189 5179 3551 5241 σπευδόντων,
3607 5180 3703 5233 καὶ

2124 5276 2217 5330 τοῦ
2251 5275 2403 5339 ναοῦ,
2444 5274 2512 5328 τὰ
2545 5272 2704 5342 πέριξ
2733 5271 2884 5341 ἔθνη,
2937 5270 3031 5325 καὶ
3063 5271 3300 5340 μάλιστα
3328 5271 3389 5324 τὸ
3415 5271 3704 5327 Χουθαέων

448 5367 579 5429 rint,
614 5384 794 5438 neque
829 5369 1036 5423 tributa
1068 5383 1357 5437 pensuros,
1402 5383 1582 5437 neque
1611 5369 1762 5422 dieto
1791 5368 2022 5423 audien-

2125 5369 2219 5432 οὒς
2249 5365 2619 5436 Σαλμανασὰρ
2652 5362 2950 5434 μετῴκισεν
2980 5364 3060 5425 εἰς
3093 5363 3427 5433 Σαμάρειαν,
3454 5365 3543 5417 ὅτε
3576 5366 3704 5426 τοὺς

451 5465 534 5513 tes
564 5457 796 5514 futuros.
833 5458 928 5514 llis
961 5467 1013 5514 et
1046 5457 1298 5529 pluribus
1319 5459 1440 5514 aliis
1466 5459 1686 5529 scriptis
1709 5460 1758 5513 ei
1793 5475 2016 5528 persua-

2135 5459 2479 5532 Ἰσραηλίτας
2512 5454 2910 5528 ἐξημαλὼτισε,
2944 5454 3286 5524 φθονοῦντες,
3322 5457 3450 5522 τοὺς
3490 5460 3697 5530 σατρὰ-

1659 5619 1859 5682 Variae
1887 5618 2194 5681 lectiones
2223 5627 2285 5682 et
2314 5627 2504 5680 notae.

533 5742 608 5812 (6)
649 5743 1009 5812 Ταναοξάρη.
1039 5745 1118 5800 lla
1139 5745 1443 5815 Xenophon
1471 5763 1482 5811 ;
1516 5755 1568 5800 at
1591 5745 1711 5800 eod.
1746 5744 1902 5800 Colb.
1937 5744 2020 5798 Τα

2131 5745 2237 5816 ἄρῃ
2269 5744 2508 5818 praefert.
