3980 6246
260 315 366 380 313

1507 324 1919 386 ANNALIUM
1961 317 2105 384 LIB.
2153 325 2251 387 IV.

3419 319 3526 382 3H

260 443 366 488 πας
400 425 768 491 ἐδεξιώσαντο
828 435 1113 502 πρότερον,
1148 433 1223 504 μὴ
1252 435 1558 506 ἐπαρήγειν
1578 441 1690 500 τοῖς
1724 439 1854 490 ’1ου-

1964 450 2170 504 serunt,
2203 448 2264 494 ut
2287 439 2440 494 urbis
2463 448 2519 493 et
2551 437 2736 506 templi
2787 436 3240 492 instaurationem
3273 437 3531 506 prohibe-

260 521 426 582 δαίοις
457 521 541 584 εἰς
568 521 669 592 τὴν
699 524 1015 595 οίκοδομήν.
1055 523 1187 580 Εἶτα
1218 529 1314 582 τοῦ
1349 529 1533 601 Κύρου
1563 531 1660 601 τὴν
1693 531 1839 599 ζωὴν

262 612 689 678 καταλύσαντος,
728 617 1030 686 Καμϐύσου
1065 619 1120 672 δὲ
1151 620 1245 674 τοῦ
1292 622 1481 686 παιδῑς
1505 624 1714 676 ἐκείνου
1743 623 1842 693 τὴν

261 707 437 777 ἀρχὴν
501 707 917 777 διαδεξαμένου,
960 712 1235 780 γράφουσι
1267 714 1346 784 τῷ
1380 714 1678 785 Καμϐύσῃ,
1720 715 1841 768 δια-

263 797 550 860 ϐέιλλοντει,
586 799 714 861 τοὺς
754 799 1040 869 Ἐϐραίους
1068 801 1142 864 ὡς
1175 803 1331 868 ἔθνος
1363 805 1732 860 smmum
1781 822 1842 859 τε

262 888 352 942 καὶ
392 890 793 953 ἀνυπότακτον,
827 893 921 943 καὶ
947 894 996 945 εί
1033 893 1132 964 τὴν
1162 895 1316 947 πόλιν
1342 897 1435 948 καὶ
1468 897 1562 949 τὸν
1587 896 1716 949 ναδν
1749 898 1845 950 ἐκ·

260 981 564 1046 τελέσουσι,
589 980 862 1047 λέγοντες,
888 982 1013 1036 οὔτε
1035 985 1235 1054 φόρους
1257 986 1548 1051 δώσουσιν,
1571 987 1685 1040 οὔθ’
1710 990 1844 1041 ύπα-

263 1071 567 1126 κηύσονται.
601 1072 813 1138 Ταῦτα,
874 1077 968 1128 καὶ
1007 1077 1180 1130 πλείω
1225 1078 1456 1132 τοιαῦτα
1501 1079 1844 1150 γράψαντες,

261 1166 489 1218 ἔπεισαν
537 1167 702 1220 αὐτὸν
740 1167 988 1222 κωλύσαι
1045 1169 1145 1239 τὴν
1171 1169 1278 1238 τῆς
1328 1170 1537 1231 πόλεως
1596 1171 1695 1223 καὶ
1747 1170 1846 1224 τοῦ

165 1325 168 1327 Α
261 1257 388 1310 ναοῦ
446 1258 886 1328 ἀνοικοδόμησιν,
947 1262 1038 1313 καὶ
1071 1262 1342 1332 ἐπεσχέθη
1391 1263 1460 1316 τὰ
1508 1265 1648 1336 ἔργα
1682 1264 1845 1334 μέχρι

261 1351 351 1404 τοῦ
378 1350 641 1420 δευτέρου
662 1352 816 1416 ἔτους
843 1353 941 1416 τῆς
965 1353 1246 1422 βασιλείας
1267 1357 1495 1425 Δαρείου
1521 1355 1617 1410 τοῦ
1647 1356 1848 1409 ’Υστά-

265 1459 425 1508 σπου,
445 1444 532 1495 ἐπ’
556 1442 652 1512 ἔτη
679 1444 857 1498 ἐννέα.
885 1446 1191 1517 Καμϐύσης
1222 1447 1336 1518 γὰρ
1358 1448 1501 1502 ἐπτὰ
1520 1447 1848 1518 βασιλεύσας

264 1536 383 1600 ἐτη,
418 1535 516 1588 καὶ
543 1536 1067 1606 καταστρεψάμενος
1100 1541 1160 1592 ἐν
1180 1539 1394 1603 τούτοις
1424 1540 1523 1612 τὴν
1551 1541 1850 1608 Αἴγυπτον,

266 1626 615 1696 ὑποστρέψας
644 1629 704 1680 ἐν
749 1629 1030 1698 Δαμασκῷ
1087 1629 1430 1700 ἐτελεύτησε,
1485 1631 1594 1684 τῶν
1641 1631 1850 1698 Μάγων

265 1721 361 1784 τῖς
398 1718 679 1788 βασιλείας
735 1722 1022 1790 ἐγκρατῶν
1072 1723 1408 1794 γενομένων.
1459 1725 1642 1779 Καλδν
1671 1725 1727 1779 δὲ
1754 1725 1852 1780 καὶ

266 1811 364 1878 τὴν
399 1813 531 1880 περὶ
559 1813 767 1866 τούτων
805 1815 1058 1884 διήγησιν
1086 1790 1442 1888 ποιήσασθαι
1483 1819 1543 1871 ἐν
1586 1820 1849 1889 ἐπιτομῇ.
1885 1790 1927 1846 Β

271 1903 359 1972 Τῷ
398 1903 675 1978 Καμϐύσῃ
712 1900 779 1976 ἦν
808 1906 1061 1976 ἀδελφὸς,
1093 1908 1238 1962 κατὰ
1277 1909 1375 1978 μέν
1402 1911 1495 1963 τὸν
1533 1909 1854 1980 Ξενοφῶντα

272 1996 646 2068 Ταναοξάρης,
679 1999 819 2052 κατὰ
851 1999 908 2052 δὲ
935 2002 1029 2054 τὸν
1059 2002 1344 2070 Ἡρόδοτον
1375 2004 1624 2074 Σμέρδης
1651 2005 1855 2074 ὀνομα-

274 2088 519 2156 ζύμενος.
595 2091 813 2156 'E6oEev
862 2089 958 2148 οὖν
1009 2096 1068 2148 ἐν
1125 2096 1388 2166 Αἰγύπτῳ
1440 2097 1522 2166 τῷ
1583 2097 1856 2170 Καμϐύσῃ

276 2183 598 2252 τυγχάνοντι
647 2185 773 2239 καθ’
804 2183 1011 2251 ὕπνους
1041 2205 1126 2252 τις
1177 2190 1404 2254 ἐπιστὰς
1447 2189 1650 2260 λέγειν,
1697 2191 1774 2254 ὡς
1800 2193 1856 2254 ἐς

275 2275 365 2325 τὸν
393 2273 675 2344 βασιλικὸν
703 2278 933 2342 καθίσας
971 2279 1162 2350 θρόνον
1187 2281 1214 2334 6
1245 2280 1515 2352 Σμέρδης,
1539 2285 1607 2354 τῇ
1639 2282 1854 2353 κεφαλῇ

275 2365 364 2418 τεῦ
383 2367 550 2420 πόλου
581 2369 982 2440 προσψαύσειε.
1003 2371 1199 2435 Δείσας
1218 2372 1314 2428 οῦν
1335 2374 1468 2446 περὶ
1493 2376 1559 2445 τῇ
1583 2376 1859 2448 βασιλείᾳ,

275 2455 363 2507 τεν
417 2455 758 2529 Πρηξάσπην
804 2461 1122 2532 παραυτίκα
1153 2463 1525 2533 παραπέμπει
1550 2466 1608 2528 ἐς
1659 2465 1857 2529 Σοῦσα,

278 2548 572 2603 κτενοῦντα
600 2549 775 2621 λάθρα
806 2552 898 2606 τὸν
945 2554 1198 2623 ἀδελφόν.
1233 2555 1345 2608 Καὶ
1373 2558 1402 2609 ὁ
1432 2557 1532 2625 μὲν
1579 2556 1723 2610 οὕτω
1753 2558 1862 2612 διέ-

277 2641 484 2712 φθαρτο
509 2659 524 2674 ’
553 2645 580 2697 6
606 2643 661 2697 δὲ
694 2645 1000 2718 Καμϐύσης
1030 2647 1090 2699 τὸ
1114 2646 1294 2716 χρεὼν
1319 2648 1420 2701 οὐκ
1450 2648 1703 2717 ἐξέφυγε.
1741 2650 1862 2702 Δύω

277 2733 383 2801 γὰρ
405 2729 550 2803 ἦσαν
591 2735 809 2804 ἀδελφοὶ
837 2737 1033 2806 Μῆδοι,
1075 2739 1240 2808 μάγοι
1276 2739 1648 2810 κεκλημένοι,
1689 2737 1764 2794 ὧν
1783 2741 1861 2811 τῷ

281 2826 378 2893 μὲν
406 2826 730 2897 Κατιζίθης,
761 2828 841 2898 τῷ
889 2830 946 2883 δὲ
975 2831 1228 2902 Σμέρδης
1261 2829 1332 2901 ἦν
1364 2833 1432 2886 τὰ
1488 2833 1754 2904 ὀνόματα.
1799 2835 1860 2888 '0

283 2918 335 2972 δέ
368 2919 616 2990 Σμέρδης
645 2921 706 2973 ού
734 2921 829 2974 τοῦ
854 2922 1123 2994 ὀνόματος
1154 2925 1432 2978 ἐκοινώνει
1457 2927 1616 2996 μόνον
1643 2927 1862 3000 Σμέρδῃ

283 3011 358 3081 τῷ
393 3010 578 3082 Κύρου
610 3011 782 3076 παιδὶ,
812 3013 950 3069 ἀλλὰ
979 3017 1072 3068 καὶ
1095 3014 1188 3069 τοῦ
1225 3016 1400 3080 είδους
1425 3017 1611 3073 αὐτοῦ.
1641 3018 1861 3072 Τούτων

1950 538 2050 584 ret.
2089 529 2167 582 Ita
2194 544 2332 598 opus
2367 528 2692 596 impeditum
2739 537 2820 582 est
2873 544 3050 597 usque
3105 527 3172 582 ad
3221 529 3528 582 secundum

1948 635 2153 675 annum
2178 621 2322 675 Darii
2355 621 2521 686 regis,
2547 621 2642 674 filii
2673 618 2954 691 Hystaspis
2979 635 3077 689 per
3103 635 3276 674 annos
3307 635 3528 674 novem.

1947 714 2085 769 Nam
2137 713 2436 782 Cambyses
2482 728 2609 767 cum
2653 719 2864 781 septem
2899 721 3184 782 regnasset
3233 727 3430 774 annos,
3473 722 3530 766 et

1947 805 2238 875 Egyptum
2274 805 2604 874 subegisset,
2637 803 2764 857 inde
2803 817 3059 857 reversus
3087 802 3332 855 Damasci
3366 801 3527 866 obiit,

1950 913 2122 967 regno
2149 914 2177 952 a
2203 897 2375 966 magis
2399 905 2693 965 occupato.
2739 894 2808 948 de
2841 895 3044 963 quibus
3078 901 3134 946 et
3165 893 3254 947 hic
3289 893 3532 946 breviter

1950 1000 2034 1046 est
2096 990 2412 1044 dicendum.
2470 989 2632 1057 170
2678 987 2976 1057 Cambyses
3031 985 3255 1038 fratrem
3313 983 3526 1046 habuit,

1951 1099 2114 1154 quem
2160 1083 2468 1153 Xenophon
2529 1081 2926 1142 Tanaoxarem,
2983 1078 3295 1132 Herodotus
3347 1075 3531 1130 Smer—

1952 1177 2063 1232 dim
2096 1177 2352 1246 appellat.
2403 1174 2565 1228 Visus
2591 1173 2757 1242 igitur
2791 1179 2876 1226 est
2921 1171 2976 1225 in
3022 1169 3232 1224 somnis
3277 1165 3532 1236 Cambysi

1955 1270 2009 1323 in
2043 1268 2277 1339 Egypto
2307 1267 2486 1336 agenti
2537 1264 2761 1334 quidam
2791 1263 3000 1328 dicere,
3052 1261 3347 1319 Smerdim,
3380 1256 3533 1326 regio

1953 1361 2152 1415 throno
2195 1365 2488 1427 occupato,
2539 1356 2719 1424 capite
2764 1355 2936 1408 caelos
2989 1353 3284 1422 attingere.
3340 1351 3533 1417 Regna

1955 1455 2122 1526 igitur
2148 1461 2420 1516 metuens,
2471 1450 2799 1519 Prexaspem
2851 1447 2991 1503 Susa
3039 1446 3228 1507 mittit,
3281 1444 3375 1512 qui
3425 1443 3536 1494 fra-

1955 1554 2095 1602 trem
2127 1544 2437 1601 clanculum
2477 1541 2795 1612 perimeret.
2829 1538 2906 1593 Ac
2936 1537 3028 1592 ille
3061 1536 3280 1605 quidem
3305 1534 3380 1586 ita
3409 1546 3509 1600 per

1957 1641 2041 1706 iit,
2078 1637 2176 1694 sed
2213 1635 2512 1706 Cambyses
2568 1633 2667 1687 fati
2716 1631 2828 1686 vim
2878 1645 2988 1684 non
3034 1627 3247 1697 effugit.
3289 1625 3536 1679 Fuerunt

1957 1730 2104 1786 enim
2145 1728 2257 1784 duo
2288 1725 2488 1780 fratres
2525 1722 2691 1787 Medi,
2735 1734 2972 1791 quorum
3022 1719 3164 1772 alter
3209 1714 3535 1771 Catizithes.

1957 1821 2096 1875 alter
2146 1815 2393 1872 Smerdis
2445 1813 2770 1876 vocabatur,
2831 1807 3175 1881 professione
3234 1804 3397 1872 magi.
3459 1803 3538 1856 Ac

1957 1909 2200 1967 Smerdis
2253 1923 2360 1962 non
2412 1914 2624 1960 tantum
2669 1916 2894 1967 nomen,
2945 1900 3043 1955 sed
3081 1898 3312 1952 formam
3370 1893 3537 1948 etiam

1957 2017 2080 2057 cum
2107 1998 2323 2056 Smerdi
2354 1997 2478 2068 Cyri
2520 1993 2635 2049 ﬁlio
2669 2005 3020 2049 communem
3075 1987 3334 2043 habebat.
3381 1986 3537 2040 Alte-

1958 2108 2081 2148 rum
2102 2090 2400 2161 Cambyses
2424 2102 2648 2144 suarum
2679 2099 2864 2140 rerum
2890 2089 3207 2138 curatorem
3231 2077 3530 2145 delegerat.

1956 2187 2098 2241 Dum
2127 2185 2292 2255 igitur
2340 2197 2433 2236 rex
2472 2182 2529 2236 in
2568 2177 2804 2255 Egyppo
2850 2173 3191 2236 morabatur,
3235 2167 3538 2224 Catizithes

1957 2280 2107 2336 caede
2152 2274 2418 2338 Smerdis,
2468 2286 2634 2343 quam
2671 2268 2831 2341 pauci
2875 2272 3101 2330 norant,
3153 2261 3394 2333 cognita,
3447 2274 3537 2313 re-

1959 2387 2127 2444 gnum
2163 2368 2422 2425 invadere
2457 2365 2740 2421 destinat:
2773 2361 2940 2431 idque
2991 2355 3148 2412 fratri
3181 2353 3275 2424 qui
3323 2348 3540 2406 Smerdi

1959 2443 2015 2518 et
2037 2459 2262 2515 nomine
2290 2466 2347 2513 et
2373 2454 2728 2511 lineamentis
2760 2448 3012 2520 corporis
3037 2443 3340 2518 persimilis
3367 2449 3539 2497 esset.

1960 2551 2147 2614 tradit,
2176 2565 2285 2603 non
2321 2557 2381 2603 ut
2433 2546 2588 2601 fratri
2633 2559 2757 2607 suo,
2792 2541 2887 2596 sed
2939 2548 2998 2594 ut
3048 2536 3177 2608 Cyri
3209 2534 3346 2598 ﬁlio,
3385 2530 3544 2585 fratri

1959 2643 2265 2715 Cambysis,
2297 2650 2352 2698 et
2376 2655 2656 2711 prmcones
2697 2636 2898 2708 passim
2935 2631 3190 2694 dimittit,
3220 2628 3313 2699 qui
3351 2627 3540 2682 Smer-

1961 2737 2074 2792 dim
2099 2736 2222 2808 Cyri
2264 2735 2432 2789 filium
2474 2748 2656 2803 regem
2697 2730 3057 2801 prociament.
3107 2724 3182 2778 Ea
3215 2736 3274 2775 re
3301 2717 3544 2790 cognita,

1961 2826 2258 2898 Cambyses
2291 2827 2601 2893 Prexaspen
2639 2822 2876 2882 incusat,
2913 2826 2972 2871 ut
3011 2814 3264 2870 mandata
3305 2825 3414 2865 non
3443 2823 3546 2862 ex-

1963 2926 2213 2975 secutum
2253 2914 2379 2984 :qui
2412 2928 2539 2968 cum
2562 2910 2880 2973 atlirmaret,
2915 2907 3142 2961 fratrem
3173 2945 3188 2970 ,
3223 2915 3388 2971 quem
3424 2899 3544 2967 ipse

1964 3021 2022 3066 et
2049 3006 2343 3064 occidisset
2373 3015 2429 3061 et
2459 3003 2771 3073 sepelisset,
2819 2999 2871 3054 ei
2907 3013 3017 3052 non
3057 3008 3280 3048 movere
3321 2988 3549 3044 seditio-

277 3103 367 3154 τὸν
416 3103 607 3172 ἓτερον
635 3105 968 3176 φροντιστὴν
1028 3106 1138 3159 τῶν
1195 3106 1394 3160 ἑαυτοῦ
1453 3108 1795 3178 πραγμάτων
1833 3110 1859 3163 6

1965 3117 2092 3159 nem
2133 3112 2482 3172 :praeconem
2509 3097 2604 3167 qui
2630 3091 2931 3157 Smerdim,
2969 3088 3097 3162 Cyri
3127 3087 3324 3148 ﬁlium,
3363 3095 3550 3152 regem

279 3193 587 3264 Καμϐύσης
647 3195 934 3268 ἐκέκτητο.
985 3197 1348 3268 Χρονίζοντος
1393 3199 1438 3253 δ’
1483 3203 1542 3256 ἐν
1597 3201 1862 3273 Αἰγύπτῳ

279 3286 467 3350 αὐτοῦ,
500 3288 662 3356 γνοὺς
691 3289 785 3342 τὸν
818 3289 981 3358 φόνον
1009 3289 1104 3342 τοῦ
1139 3290 1386 3360 Σμέρδου
1414 3291 1639 3346 τοῦ-τοῦ
1673 3292 1862 3365 Κύρου

283 3380 471 3443 παιδὸς
493 3383 522 3434 ὁ
575 3381 896 3452 Κατιζίθης,
925 3383 1022 3435 καὶ
1056 3383 1133 3448 ὡς
1162 3383 1366 3452 ὀλίγοις
1399 3387 1428 3439 6
1449 3386 1666 3439 ἐκείνου
1694 3387 1865 3441 θάνα-

281 3488 370 3533 τος
403 3471 698 3539 ἔγνωσται,
735 3473 1022 3527 ἐπιθέσθαι
1043 3477 1107 3545 τῇ
1136 3473 1388 3545 βασιλείᾳ
1419 3477 1721 3546 ἐσκέψατοι
1770 3478 1867 3532 καὶ

281 3562 373 3614 τον
412 3563 644 3632 ἀδελφὸν
693 3563 1096 3634 ὀμωνυμοῦντα
1128 3563 1208 3635 τῷ
1242 3565 1492 3637 Σμέρδῃ,
1533 3567 1624 3620 καὶ
1663 3568 1865 3637 πολλὴν

285 3655 421 3724 πρὸς
450 3655 659 3708 ἐκεῖνον
685 3653 987 3726 ἐμφέρειαν
1016 3653 1250 3727 ἔχοντα..
1271 3657 1353 3718 εἰς
1377 3657 1468 3709 τὸν
1495 3656 1686 3729 θρόνον
1734 3659 1868 3712 ἐκά-

285 3747 402 3801 θισε
453 3749 546 3803 τον
580 3747 872 3816 βασίλειον,
910 3747 1010 3818 οὐχ
1041 3747 1117 3812 ὡς
1168 3749 1369 3802 οἰκεῖον
1421 3748 1717 3819 ὁμαίμονα,
1752 3748 1868 3804 ἀλλ’

285 3841 358 3905 ὡς
409 3840 504 3894 τοῦ
536 3841 725 3912 Κύρου
781 3841 918 3907 υἱὸν,
953 3841 1049 3894 καὶ
1101 3839 1198 3896 τοῦ
1227 3841 1533 3911 Καμϐύσου
1576 3842 1867 3913 ὁμόγνιονο

287 3935 380 3988 καὶ
408 3935 659 4004 κήρυκας
691 3931 959 4002 διέπεμψε
993 3932 1296 4004 πανταχοῦ,
1347 3933 1577 4003 βασιλέα
1625 3934 1720 3987 τὸν
1754 3933 1870 3990 Κύ-

290 4041 386 4093 ρου
415 4027 666 4097 Σμέρδην
695 4026 1084 4095 ἀγγέλλοντας.
1119 4026 1325 4081 Μαθὼν
1376 4021 1470 4080 οῦν
1499 4026 1672 4080 ταῦτα
1729 4029 1821 4082 καὶ
1844 4030 1873 4082 6

288 4116 620 4186 Καμϐύσης,
661 4116 754 4170 τὸν
783 4117 1126 4187 Πρηξάσπην
1156 4117 1460 4184 ἀνέκρινεν,
1491 4117 1565 4181 ὡς
1616 4118 1690 4189 μὴ
1732 4120 1874 4191 πλη-

293 4205 547 4278 ρώσαντά
587 4208 637 4260 οἱ
660 4206 723 4260 τδ
759 4207 1078 4260 κελευσθέν.
1122 4207 1185 4260 '0
1233 4207 1292 4260 δὲ
1321 4207 1647 4274 διεϐεϐαίου,
1679 4209 1754 4280 μὴ
1783 4211 1875 4264 τὸν

289 4299 520 4370 ἀδελφὺν
574 4299 953 4371 ἐπαναστῆναι
1010 4299 1158 4371 αύτῷ
1187 4316 1204 4332 ο
1272 4301 1511 4356 Ἐκεῖνον
1565 4305 1675 4375 γὰρ
1737 4304 1870 4372 ἐγὼ,

291 4391 498 4460 ἔλεγεν,
528 4390 606 4455 ὡς
629 4393 694 4447 σὺ
723 4392 998 4456 ἐνετείλω,
1034 4393 1261 4447 ἐκτανόν
1289 4410 1347 4447 τε
1379 4396 1474 4448 καὶ
1511 4394 1709 4466 ἔθαψα.
1743 4397 1876 4450 Συλ-

1968 3195 2025 3250 in
2083 3192 2332 3248 exercitu
2388 3186 2789 3260 proclamabat,
2841 3180 3310 3251 comprehensum
3371 3179 3548 3239 rogat,

1965 3304 2098 3344 num
2127 3287 2243 3358 ipse
2276 3283 2547 3341 Smerdim
2583 3278 2803 3343 viderit,
2839 3283 2896 3331 et
2922 3288 3056 3328 num
3104 3270 3174 3325 de
3221 3267 3368 3358 illius
3396 3277 3553 3317 man-

1965 3381 2095 3436 dato
2124 3355 2225 3435 ista
2251 3374 2586 3449 proclamet?
2614 3367 2932 3442 Respondet
2959 3367 3146 3428 homo,
3188 3377 3246 3415 se
3271 3355 3550 3414 Smerdim

1967 3489 2078 3528 non
2107 3471 2332 3534 vidisse,
2359 3469 2454 3524 sed
2483 3468 2638 3538 jussu
2668 3463 2807 3532 Magi
2849 3460 3014 3531 regiae
3052 3453 3299 3526 magistri
3335 3465 3398 3505 ea
3427 3461 3556 3518 pro-

1968 3567 2228 3622 clamare.
2277 3560 2576 3631 Cambyses
2623 3556 2790 3628 igitur
2842 3553 3077 3609 veritate
3127 3547 3255 3604 inde
3307 3541 3551 3613 cognita,

1969 3661 2195 3716 fratrem
2227 3672 2258 3712 a
2298 3669 2356 3711 se
2401 3663 2609 3708 temere
2653 3647 2898 3704 occisum
2930 3646 3102 3714 luget,
3132 3649 3189 3695 et
3227 3637 3431 3693 bellum
3476 3631 3558 3685 in-

1969 3751 2116 3806 ferre
2172 3747 2344 3817 magis
2404 3750 2582 3815 parat.
2633 3740 2740 3796 Sed
2791 3739 2922 3793 dum
2970 3736 3027 3790 in
3087 3746 3292 3801 equum
3359 3722 3554 3787 insilit,

1969 3844 2157 3912 elapso
2186 3816 2380 3909 vagina
2430 3833 2610 3905 gladio
2643 3827 2925 3887 letbaliter
2953 3827 3009 3880 in
3051 3823 3260 3878 femore
3305 3816 3559 3912 vuln-era.

1973 3904 2084 3999 tus,
2133 3904 2282 4001 quod
2328 3904 2478 3982 illius
2522 3923 2631 3980 loci
2691 3934 2892 3976 nomen
2937 3924 3106 3978 esset,
3172 3908 3369 3981 rogat?
3414 3904 3553 3960 Cum

1974 3995 2254 4081 Ecbatana
2301 4019 2433 4084 dici,
2489 4027 2814 4085 responsum
2870 4015 3066 4065 esset:
3122 4004 3200 4062 ibi
3240 4001 3345 4058 sibi
3393 3995 3558 4053 fatale

1974 4135 2096 4176 esse
2132 4115 2294 4181 mori,
2341 4109 2658 4181 respondet.
2707 4105 3012 4172 Acceperat
3055 4097 3204 4154 enim
3244 4091 3556 4154 oraculum,

1976 4225 2036 4264 se
2077 4203 2370 4262 Ecbatanis
2404 4199 2733 4254 moriturum
2766 4211 2782 4250 :
2814 4202 2870 4250 et
2907 4193 3177 4247 hactenus
3222 4190 3461 4255 putarat,
3499 4195 3560 4234 se

1975 4297 2273 4356 Ecbatanis
2318 4291 2545 4349 Medicis
2593 4289 2901 4347 obiturum,
2956 4295 3082 4338 cum
3136 4276 3424 4334 oraculum
3488 4270 3561 4324 de

1975 4389 2270 4448 Ecbatanis
2293 4387 2464 4458 Syriae
2491 4385 2739 4439 locutum
2779 4385 2947 4435 esset.
2987 4375 3068 4430 Ita
3109 4369 3347 4427 moritur
3390 4363 3565 4422 orbus

287 4485 568 4556 ληφθῆναι
597 4485 782 4540 τοίνυν
807 4485 1020 4540 κελεύει
1054 4485 1359 4555 Καμϐύσης
1384 4485 1478 4540 τὸν
1508 4488 1567 4539 ἐν
1597 4465 1678 4557 τῷ
1709 4505 1848 4560 στρα

1979 4484 2194 4550 liberis,
2226 4495 2352 4538 cum
2382 4491 2559 4535 annos
2589 4479 2803 4546 septem
2836 4477 2892 4526 et
2927 4465 3173 4539 quinque
3206 4472 3426 4516 menses
3473 4468 3565 4510 re-

289 4576 367 4646 τῷ
399 4575 769 4648 κηρύσσοντα,
796 4576 887 4630 τὸν
917 4576 1012 4631 τοῦ
1052 4573 1238 4648 Κύρου
1272 4575 1518 4647 Σμέρδην
1552 4575 1874 4647 βασιλεῦσαι
1982 4586 2222 4652 gnasset.

293 4639 544 4741 “aperiri.
609 4669 720 4723 Kal.
755 4639 1095 4738 συλληφθεὶς
1129 4639 1418 4738 immrito,
1473 4639 1524 4719 εἰ
1552 4639 1743 4732 ἀὐτὸς
1788 4669 1884 4725 τὸν
1920 4639 2171 4742 Σμέρδην
2229 4664 2468 4736 ἑώρακε,
2499 4659 2594 4714 καὶ
2627 4657 2678 4712 ει
2704 4655 2912 4715 ἐκεῖνος
2935 4647 3084 4718 αὐτῷ
3113 4643 3421 4700 ἐνετείλατο
3455 4639 3544 4693 λέ·

294 4737 412 4830 γει-ν
443 4767 591 4834 ἅπερ
633 4762 841 4833 φησίν;
882 4737 943 4817 Ὃ
975 4762 1034 4816 δὲ
1064 4761 1138 4832 μὴ
1174 4761 1475 4815 θεάσασθαι
1512 4761 1606 4815 τὸν
1639 4761 1887 4836 Σμέρδην
1925 4737 2387 4834 ἀνταπεκρίνατο,
2464 4754 2616 4825 παρὰ
2655 4751 2712 4806 δὲ
2773 4747 2868 4803 τοῦ
2904 4748 3096 4814 Μάγου
3128 4743 3222 4795 τοῦ
3249 4739 3357 4794 τῶν
3394 4737 3548 4808 βασιο

293 4857 454 4911 λείων
503 4830 979 4926 ἐπιτροπεύοντος,
1022 4830 1197 4909 ταῦτα
1252 4853 1435 4923 λέγειν
1487 4830 1872 4926 ἐπιταχθῆναι.
1914 4858 2080 4921 Γνοὺς
2118 4830 2214 4910 οὖν
2282 4849 2584 4906 ἐντεῦθενὸ
2610 4842 2917 4916 Καμϐύσης
2939 4842 3000 4921 τὸ
3026 4835 3243 4904 ἀληθὲς,
3265 4830 3541 4901 ὲθρήνησε

301 4951 397 5016 μὲν
431 4949 508 5012 ὡς
539 4917 720 5019 μάτην
751 4917 975 5010 κτείνας⁷
1003 4946 1095 5001 τὸν
1136 4917 1388 5014 ἁδελφδν,
1437 4917 1754 5016 ὥρμησε-ξύ
1815 4947 2016 5001 αὐτίκα
2051 4917 2194 5001 κατὰ
2255 4943 2367 4998 τῶν
2409 4941 2604 5012 μάγων
2655 4917 3071 5006 στρατεύεσθαι.
3121 4922 3560 4994 Ἀναθρώσκοντι

377 5048 424 5099 οἱ
459 5013 553 5097 ἐπί
580 5013 684 5097 τὸν⁷
710 5044 899 5107 ἵππον,
927 5041 1020 5095 τοῦ
1049 5041 1253 5096 κωλέου
1295 5038 1391 5093 τοῦ
1427 5013 1618 5108 ξίφους
1642 5040 1672 5093 6
1734 5039 1918 5112 μύκης
1945 5041 2206 5107 ἐξέπεσε,
2236 5041 2331 5094 καὶ
2353 5032 2645 5107 γυμνωθὲν
2671 5029 2732 5082 τὸ
2763 5027 2918 5095 ξίφος
2940 5020 3093 5077 παίει
3119 5015 3286 5074 αὐτοῦ
3326 5013 3418 5065 τὸν
3446 5024 3559 5078 μη-

303 5140 390 5209 ρῦν
417 5141 672 5210 καιρίως.
711 5099 915 5207 Ἤρετο
943 5131 1227 5200 οὖν,ὅπως
1256 5135 1290 5204 ἡ
1317 5099 1474 5196 πόλι-ς
1495 5099 1759 5197 inimico;
1791 5099 2102 5204 ml'paét‘uv
2155 5099 2233 5197 ως
2314 5099 2646 5189 Ἐκϐάτανα,
2686 5117 2862 5184 εἳπεν,
2916 5115 2993 5178 ὡς
3027 5106 3294 5166 Ἐνταῦθα
3336 5120 3426 5174 μοι
3460 5099 3560 5153 πέ-

302 5195 530 5305 πρωται.
581 5195 864 5302 τελευτᾷν.
909 5195 1209 5299 Ἐκέγρητο
1253 5195 1363 5296 γὰρ
1396 5226 1564 5298 αύτῷ.
1596 5228 1655 5280 ἐν
1695 5195 2048 5290 Ἐκϐατάνοις
2115 5195 2333 5294 μέλλειν
2398 5221 2602 5276 θανεῖν.
2672 5215 2785 5269 Καὶ
2815 5215 2844 5267 6
2886 5209 2986 5283 μὲν
3015 5205 3167 5274 παρὰ
3205 5200 3320 5260 τοῖς
3351 5197 3410 5248 δν
3436 5195 3560 5305 Mil:

303 5284 389 5400 δία
426 5284 797 5386 Ἐκϐατάνοις.
809 5323 986 5376 ἐδόκει
1247 5284 1308 5372 τὸ
1332 5284 1486 5381 τέλος
1516 5284 1680 5372 αὑτὸν
1746 5284 2180 5388 καταλήψεσθαι.
2236 5317 2294 5372 Ὀ
2327 5315 2384 5370 δὲ
2447 5309 2697 5385 χρησμδς
2734 5307 2834 5360 οὐκ
2877 5305 3063 5356 ἐκεῖνα
3085 5293 3297 5364 ἐδήλου,
3333 5288 3468 5343 ἀλλὰ
3497 5284 3570 5339 τὰ

304 5385 561 5490 templ;
603 5383 932 5470 Ἐκϐάτανα.
976 5414 1035 5469 '0
1065 5383 1182 5484 μὲν.
1205 5411 1301 5466 οῦν
1338 5410 1456 5483 μεθ’
1484 5409 1699 5481 ἡμέρας
1731 5409 1883 5473 τινὰς
1921 5383 2149 5482 τελευτᾷ
2179 5409 2368 5477 ἄπαις,
2410 5383 2742 5479 βασιλεύσας
2811 5397 2898 5452 ἐπ’
2926 5395 3019 5463 ἔτη
3049 5388 3212 5453 ἐπτὰ,
3241 5387 3338 5438 ἐπὶ
3383 5383 3546 5437 πέντε

309 5529 493 5583 μησιν.

377 5605 449 5658 B'.
489 5604 551 5657 Ὀ
599 5600 655 5655 δὲ
705 5600 920 5667 Μάγος,
947 5596 1041 5650 τοῦ
1079 5596 1375 5666 Καμϐύσου
1405 5593 1681 5661 θανόντος,
1717 5592 1889 5656 ἀδεῶς

313 5700 690 5758 ἐϐασίλευσεν,
715 5691 895 5763 ἐαυτῷ
919 5693 1010 5746 τὸν
1027 5691 1120 5744 τοῦ
1149 5689 1334 5761 Κύρου
1365 5687 1614 5759 Σμέρδην
1645 5689 1882 5754 ἐπιγρα-

315 5793 545 5864 φόμενος
568 5804 583 5820 ⁸
620 5789 712 5843 καὶ
748 5786 971 5859 πέμψας
1000 5786 1076 5849 εἰς
1108 5786 1217 5838 πᾶν
1244 5782 1394 5846 ἔθνος
1425 5773 1501 5836 ὧν
1531 5775 1723 5852 ἦρχεν,
1756 5779 1880 5834 ὰτέο

2068 5589 2134 5646 11.
2170 5588 2248 5642 Eo
2271 5591 2511 5642 mortuo,
2542 5579 2728 5648 Magus
2749 5584 2977 5630 securus
3001 5565 3225 5622 tenebat
3255 5561 3574 5632 imperium,

1995 5690 2269 5748 usurpans
2307 5669 2552 5728 Smerdis
2576 5666 2702 5738 Cyri
2755 5662 2849 5718 filii
2889 5673 3090 5715 nomen
3128 5673 3142 5710 :
3190 5665 3248 5711 et
3280 5653 3465 5708 missis
3517 5651 3572 5704 in

1996 5742 2150 5842 171
2182 5780 2373 5824 omnes
2406 5758 2718 5833 provincias
2756 5753 2970 5827 legatis,
3004 5748 3226 5809 triennii
3259 5742 3571 5804 immunita.
