  <div class='ocr_page' id='page_1' title='image "/cluster/home/n/w/nwhite01/storage/ocr_20150623/134/mdp.39015032023197/165.png"; bbox 0 0 3980 6246; ppageno 0'>
   <div class='ocr_carea' id='block_1_1' title="bbox 434 280 543 345">
    <p class='ocr_par' dir='ltr' id='par_1_1' title="bbox 434 280 543 345">
     <span class='ocr_line' id='line_1_1' title="bbox 434 280 543 345; baseline 0.101 -10"><span class='ocrx_word' id='word_1_1' title='bbox 434 280 543 345; x_wconf 71' lang='grc'><strong>315</strong></span> 
     </span>
    </p>
   </div>
   <div class='ocr_carea' id='block_1_2' title="bbox 1704 257 2384 338">
    <p class='ocr_par' dir='ltr' id='par_1_2' title="bbox 1704 257 2384 338">
     <span class='ocr_line' id='line_1_2' title="bbox 1704 257 2384 338; baseline -0.007 0"><span class='ocrx_word' id='word_1_2' title='bbox 1704 257 2028 338; x_wconf 78' lang='lat' dir='ltr'><strong>JOANNIS</strong></span> <span class='ocrx_word' id='word_1_3' title='bbox 2061 270 2384 333; x_wconf 65' lang='lat' dir='ltr'><strong>zemas:</strong></span> 
     </span>
    </p>
   </div>
   <div class='ocr_carea' id='block_1_3' title="bbox 3579 277 3684 342">
    <p class='ocr_par' dir='ltr' id='par_1_3' title="bbox 3579 277 3684 342">
     <span class='ocr_line' id='line_1_3' title="bbox 3579 277 3684 342; baseline 0.01 -1"><span class='ocrx_word' id='word_1_4' title='bbox 3579 277 3684 342; x_wconf 80' lang='lat'><strong>316</strong></span> 
     </span>
    </p>
   </div>
   <div class='ocr_carea' id='block_1_4' title="bbox 437 378 2033 464">
    <p class='ocr_par' dir='ltr' id='par_1_4' title="bbox 437 389 2031 464">
     <span class='ocr_line' id='line_1_4' title="bbox 437 389 2031 464; baseline -0.008 -16"><span class='ocrx_word' id='word_1_5' title='bbox 437 403 546 450; x_wconf 90' lang='lat' dir='ltr'><strong>tem</strong></span> <span class='ocrx_word' id='word_1_6' title='bbox 587 393 911 464; x_wconf 77' lang='lat' dir='ltr'><strong>proclamat.</strong></span> <span class='ocrx_word' id='word_1_7' title='bbox 950 390 1089 446; x_wconf 88' lang='lat' dir='ltr'><strong>Cum</strong></span> <span class='ocrx_word' id='word_1_8' title='bbox 1139 398 1324 448; x_wconf 84' lang='lat' dir='ltr'><strong>autem</strong></span> <span class='ocrx_word' id='word_1_9' title='bbox 1369 389 1479 461; x_wconf 89' lang='lat' dir='ltr'><strong>jam</strong></span> <span class='ocrx_word' id='word_1_10' title='bbox 1533 402 1752 444; x_wconf 80' lang='lat' dir='ltr'><strong>menses</strong></span> <span class='ocrx_word' id='word_1_11' title='bbox 1807 393 2031 454; x_wconf 80' lang='lat' dir='ltr'><strong>septem-</strong></span> 
     </span>
    </p>
   </div>
   <div class='ocr_carea' id='block_1_5' title="bbox 2137 378 3694 464">
    <p class='ocr_par' dir='ltr' id='par_1_5' title="bbox 2137 381 3694 458">
     <span class='ocr_line' id='line_1_5' title="bbox 2137 381 3694 458; baseline 0.004 -22"><span class='ocrx_word' id='word_1_12' title='bbox 2137 389 2275 436; x_wconf 75' lang='lat' dir='ltr'><strong>tetav</strong></span> <span class='ocrx_word' id='word_1_13' title='bbox 2304 384 2472 436; x_wconf 80' lang='grc' dir='ltr'><strong>πᾶσιν</strong></span> <span class='ocrx_word' id='word_1_14' title='bbox 2513 383 2601 436; x_wconf 83' lang='grc' dir='ltr'><strong>ἐπ’</strong></span> <span class='ocrx_word' id='word_1_15' title='bbox 2632 381 2725 452; x_wconf 73' lang='grc' dir='ltr'><strong>ἔτη</strong></span> <span class='ocrx_word' id='word_1_16' title='bbox 2757 384 2886 455; x_wconf 87' lang='grc' dir='ltr'><strong>τρία</strong></span> <span class='ocrx_word' id='word_1_17' title='bbox 2915 383 3203 454; x_wconf 74' lang='grc' dir='ltr'><strong>ἐκήρυξεν.</strong></span> <span class='ocrx_word' id='word_1_18' title='bbox 3243 385 3383 456; x_wconf 81' lang='grc' dir='ltr'><strong>Ἤδη</strong></span> <span class='ocrx_word' id='word_1_19' title='bbox 3427 385 3488 440; x_wconf 75' lang='grc' dir='ltr'><strong>δέ</strong></span> <span class='ocrx_word' id='word_1_20' title='bbox 3522 389 3694 458; x_wconf 82' lang='grc' dir='ltr'><strong>μῆνας</strong></span> 
     </span>
    </p>
   </div>
   <div class='ocr_carea' id='block_1_6' title="bbox 437 477 2014 555">
    <p class='ocr_par' dir='ltr' id='par_1_6' title="bbox 437 477 2014 555">
     <span class='ocr_line' id='line_1_6' title="bbox 437 477 2014 555; baseline -0.007 -14"><span class='ocrx_word' id='word_1_21' title='bbox 437 493 738 555; x_wconf 85' lang='lat' dir='ltr'><strong>regnasset,</strong></span> <span class='ocrx_word' id='word_1_22' title='bbox 772 485 875 538; x_wconf 92' lang='lat' dir='ltr'><strong>hoc</strong></span> <span class='ocrx_word' id='word_1_23' title='bbox 917 485 1082 538; x_wconf 89' lang='lat' dir='ltr'><strong>modo</strong></span> <span class='ocrx_word' id='word_1_24' title='bbox 1110 489 1196 537; x_wconf 88' lang='lat' dir='ltr'><strong>est</strong></span> <span class='ocrx_word' id='word_1_25' title='bbox 1219 481 1463 551; x_wconf 78' lang='lat' dir='ltr'><strong>agnitus.</strong></span> <span class='ocrx_word' id='word_1_26' title='bbox 1494 479 1696 536; x_wconf 87' lang='lat' dir='ltr'><strong>Otanes</strong></span> <span class='ocrx_word' id='word_1_27' title='bbox 1727 477 2014 533; x_wconf 88' lang='lat' dir='ltr'><strong>nobilitate</strong></span> 
     </span>
    </p>
   </div>
   <div class='ocr_carea' id='block_1_7' title="bbox 437 569 2012 648">
    <p class='ocr_par' dir='ltr' id='par_1_7' title="bbox 437 569 2012 648">
     <span class='ocr_line' id='line_1_7' title="bbox 437 569 2012 648; baseline -0.006 -16"><span class='ocrx_word' id='word_1_28' title='bbox 437 585 494 632; x_wconf 82' lang='lat' dir='ltr'><strong>et</strong></span> <span class='ocrx_word' id='word_1_29' title='bbox 543 577 743 648; x_wconf 89' lang='lat' dir='ltr'><strong>opibus</strong></span> <span class='ocrx_word' id='word_1_30' title='bbox 789 577 1134 632; x_wconf 84' lang='lat' dir='ltr'><strong>Persicorum</strong></span> <span class='ocrx_word' id='word_1_31' title='bbox 1179 575 1492 645; x_wconf 83' lang='lat' dir='ltr'><strong>principum</strong></span> <span class='ocrx_word' id='word_1_32' title='bbox 1551 573 1704 628; x_wconf 88' lang='lat' dir='ltr'><strong>nullo</strong></span> <span class='ocrx_word' id='word_1_33' title='bbox 1763 569 2012 632; x_wconf 83' lang='lat' dir='ltr'><strong>inferior,</strong></span> 
     </span>
    </p>
   </div>
   <div class='ocr_carea' id='block_1_8' title="bbox 439 661 2019 741">
    <p class='ocr_par' dir='ltr' id='par_1_8' title="bbox 439 661 2019 741">
     <span class='ocr_line' id='line_1_8' title="bbox 439 661 2019 741; baseline -0.006 -18"><span class='ocrx_word' id='word_1_34' title='bbox 439 670 604 725; x_wconf 82' lang='lat' dir='ltr'><strong>ﬁliam</strong></span> <span class='ocrx_word' id='word_1_35' title='bbox 630 669 868 724; x_wconf 81' lang='lat' dir='ltr'><strong>habebat</strong></span> <span class='ocrx_word' id='word_1_36' title='bbox 911 669 1300 741; x_wconf 62' lang='lat' dir='ltr'><strong>Pbaadymiam,</strong></span> <span class='ocrx_word' id='word_1_37' title='bbox 1332 665 1587 735; x_wconf 87' lang='lat' dir='ltr'><strong>Cambysi</strong></span> <span class='ocrx_word' id='word_1_38' title='bbox 1618 671 1869 733; x_wconf 77' lang='lat' dir='ltr'><strong>nuptam.</strong></span> <span class='ocrx_word' id='word_1_39' title='bbox 1915 661 2019 715; x_wconf 88' lang='lat' dir='ltr'><strong>Ea-</strong></span> 
     </span>
    </p>
   </div>
   <div class='ocr_carea' id='block_1_9' title="bbox 437 755 2018 832">
    <p class='ocr_par' dir='ltr' id='par_1_9' title="bbox 437 755 2018 832">
     <span class='ocr_line' id='line_1_9' title="bbox 437 755 2018 832; baseline -0.006 -17"><span class='ocrx_word' id='word_1_40' title='bbox 437 761 561 815; x_wconf 86' lang='lat' dir='ltr'><strong>dem</strong></span> <span class='ocrx_word' id='word_1_41' title='bbox 597 761 804 832; x_wconf 83' lang='lat' dir='ltr'><strong>Magus,</strong></span> <span class='ocrx_word' id='word_1_42' title='bbox 842 771 902 816; x_wconf 90' lang='lat' dir='ltr'><strong>ut</strong></span> <span class='ocrx_word' id='word_1_43' title='bbox 929 772 987 816; x_wconf 93' lang='lat' dir='ltr'><strong>et</strong></span> <span class='ocrx_word' id='word_1_44' title='bbox 1011 762 1224 817; x_wconf 76' lang='lat' dir='ltr'><strong>caeteris</strong></span> <span class='ocrx_word' id='word_1_45' title='bbox 1249 759 1414 829; x_wconf 83' lang='lat' dir='ltr'><strong>regiis</strong></span> <span class='ocrx_word' id='word_1_46' title='bbox 1448 755 1796 819; x_wconf 81' lang='lat' dir='ltr'><strong>concubinis,</strong></span> <span class='ocrx_word' id='word_1_47' title='bbox 1831 755 2018 808; x_wconf 85' lang='lat' dir='ltr'><strong>uteba-</strong></span> 
     </span>
    </p>
   </div>
   <div class='ocr_carea' id='block_1_10' title="bbox 439 843 2014 920">
    <p class='ocr_par' dir='ltr' id='par_1_10' title="bbox 439 843 2014 920">
     <span class='ocr_line' id='line_1_10' title="bbox 439 843 2014 920; baseline 0.001 -18"><span class='ocrx_word' id='word_1_48' title='bbox 439 858 550 904; x_wconf 89' lang='lat' dir='ltr'><strong>tur.</strong></span> <span class='ocrx_word' id='word_1_49' title='bbox 577 851 660 906; x_wconf 82' lang='lat' dir='ltr'><strong>Ab</strong></span> <span class='ocrx_word' id='word_1_50' title='bbox 709 867 773 906; x_wconf 89' lang='lat' dir='ltr'><strong>ea</strong></span> <span class='ocrx_word' id='word_1_51' title='bbox 819 863 976 920; x_wconf 82' lang='lat' dir='ltr'><strong>pater</strong></span> <span class='ocrx_word' id='word_1_52' title='bbox 1009 851 1148 907; x_wconf 91' lang='lat' dir='ltr'><strong>clam</strong></span> <span class='ocrx_word' id='word_1_53' title='bbox 1180 866 1279 920; x_wconf 89' lang='lat' dir='ltr'><strong>per</strong></span> <span class='ocrx_word' id='word_1_54' title='bbox 1333 848 1740 906; x_wconf 74' lang='lat' dir='ltr'><strong>internuntium</strong></span> <span class='ocrx_word' id='word_1_55' title='bbox 1793 843 2014 914; x_wconf 62' lang='lat' dir='ltr'><strong>quagrit.</strong></span> 
     </span>
    </p>
   </div>
   <div class='ocr_carea' id='block_1_11' title="bbox 439 939 2018 1012">
    <p class='ocr_par' dir='ltr' id='par_1_11' title="bbox 439 939 2018 1012">
     <span class='ocr_line' id='line_1_11' title="bbox 439 939 2018 1012; baseline -0.002 -17"><span class='ocrx_word' id='word_1_56' title='bbox 439 955 570 995; x_wconf 91' lang='lat' dir='ltr'><strong>num</strong></span> <span class='ocrx_word' id='word_1_57' title='bbox 618 956 744 996; x_wconf 88' lang='lat' dir='ltr'><strong>cum</strong></span> <span class='ocrx_word' id='word_1_58' title='bbox 794 941 1008 998; x_wconf 88' lang='lat' dir='ltr'><strong>Smerdi</strong></span> <span class='ocrx_word' id='word_1_59' title='bbox 1058 941 1183 1012; x_wconf 81' lang='lat' dir='ltr'><strong>Cyri</strong></span> <span class='ocrx_word' id='word_1_60' title='bbox 1230 942 1342 998; x_wconf 85' lang='lat' dir='ltr'><strong>lilio</strong></span> <span class='ocrx_word' id='word_1_61' title='bbox 1371 939 1736 998; x_wconf 81' lang='lat' dir='ltr'><strong>concumbat?</strong></span> <span class='ocrx_word' id='word_1_62' title='bbox 1785 939 1876 993; x_wconf 91' lang='lat' dir='ltr'><strong>illa</strong></span> <span class='ocrx_word' id='word_1_63' title='bbox 1931 951 2018 992; x_wconf 84' lang='lat' dir='ltr'><strong>re-</strong></span> 
     </span>
    </p>
   </div>
   <div class='ocr_carea' id='block_1_12' title="bbox 441 1028 2018 1105">
    <p class='ocr_par' dir='ltr' id='par_1_12' title="bbox 441 1028 2018 1105">
     <span class='ocr_line' id='line_1_12' title="bbox 441 1028 2018 1105; baseline -0.005 -16"><span class='ocrx_word' id='word_1_64' title='bbox 441 1034 672 1101; x_wconf 82' lang='lat' dir='ltr'><strong>spondet</strong></span> <span class='ocrx_word' id='word_1_65' title='bbox 730 1050 791 1088; x_wconf 90' lang='lat' dir='ltr'><strong>se</strong></span> <span class='ocrx_word' id='word_1_66' title='bbox 819 1049 925 1090; x_wconf 91' lang='lat' dir='ltr'><strong>nec</strong></span> <span class='ocrx_word' id='word_1_67' title='bbox 945 1034 1150 1089; x_wconf 79' lang='lat' dir='ltr'><strong>vidisse</strong></span> <span class='ocrx_word' id='word_1_68' title='bbox 1177 1033 1302 1105; x_wconf 84' lang='lat' dir='ltr'><strong>Cyri</strong></span> <span class='ocrx_word' id='word_1_69' title='bbox 1338 1033 1632 1097; x_wconf 91' lang='lat' dir='ltr'><strong>Smerdim,</strong></span> <span class='ocrx_word' id='word_1_70' title='bbox 1673 1046 1852 1100; x_wconf 88' lang='lat' dir='ltr'><strong>neque</strong></span> <span class='ocrx_word' id='word_1_71' title='bbox 1874 1028 2018 1084; x_wconf 88' lang='lat' dir='ltr'><strong>scire</strong></span> 
     </span>
    </p>
   </div>
   <div class='ocr_carea' id='block_1_13' title="bbox 419 1122 2016 1194">
    <p class='ocr_par' dir='ltr' id='par_1_13' title="bbox 419 1122 2016 1194">
     <span class='ocr_line' id='line_1_13' title="bbox 419 1122 2016 1194; baseline -0.001 -17"><span class='ocrx_word' id='word_1_72' title='bbox 419 1126 570 1192; x_wconf 86' lang='lat' dir='ltr'><strong>&#39;quis</strong></span> <span class='ocrx_word' id='word_1_73' title='bbox 598 1125 670 1180; x_wconf 86' lang='lat' dir='ltr'><strong>sit</strong></span> <span class='ocrx_word' id='word_1_74' title='bbox 701 1125 748 1180; x_wconf 84' lang='lat' dir='ltr'><strong>is</strong></span> <span class='ocrx_word' id='word_1_75' title='bbox 775 1141 900 1181; x_wconf 89' lang='lat' dir='ltr'><strong>cum</strong></span> <span class='ocrx_word' id='word_1_76' title='bbox 934 1141 1045 1194; x_wconf 92' lang='lat' dir='ltr'><strong>quo</strong></span> <span class='ocrx_word' id='word_1_77' title='bbox 1071 1127 1330 1182; x_wconf 85' lang='lat' dir='ltr'><strong>dormiat.</strong></span> <span class='ocrx_word' id='word_1_78' title='bbox 1379 1127 1543 1182; x_wconf 85' lang='lat' dir='ltr'><strong>Pater</strong></span> <span class='ocrx_word' id='word_1_79' title='bbox 1574 1124 1758 1180; x_wconf 69' lang='lat' dir='ltr'><strong>denuo</strong></span> <span class='ocrx_word' id='word_1_80' title='bbox 1791 1122 1860 1177; x_wconf 86' lang='lat' dir='ltr'><strong>ad</strong></span> <span class='ocrx_word' id='word_1_81' title='bbox 1897 1137 2016 1178; x_wconf 86' lang='lat' dir='ltr'><strong>eam</strong></span> 
     </span>
    </p>
   </div>
   <div class='ocr_carea' id='block_1_14' title="bbox 441 1214 2020 1286">
    <p class='ocr_par' dir='ltr' id='par_1_14' title="bbox 441 1214 2020 1286">
     <span class='ocr_line' id='line_1_14' title="bbox 441 1214 2020 1286; baseline 0.001 -18"><span class='ocrx_word' id='word_1_82' title='bbox 441 1215 634 1282; x_wconf 86' lang='lat' dir='ltr'><strong>mittit,</strong></span> <span class='ocrx_word' id='word_1_83' title='bbox 676 1226 735 1271; x_wconf 92' lang='lat' dir='ltr'><strong>ut</strong></span> <span class='ocrx_word' id='word_1_84' title='bbox 763 1233 924 1273; x_wconf 85' lang='lat' dir='ltr'><strong>suum</strong></span> <span class='ocrx_word' id='word_1_85' title='bbox 948 1218 1267 1274; x_wconf 83' lang='lat' dir='ltr'><strong>mandatum</strong></span> <span class='ocrx_word' id='word_1_86' title='bbox 1297 1217 1380 1270; x_wconf 88' lang='lat' dir='ltr'><strong>vel</strong></span> <span class='ocrx_word' id='word_1_87' title='bbox 1419 1231 1542 1272; x_wconf 91' lang='lat' dir='ltr'><strong>cum</strong></span> <span class='ocrx_word' id='word_1_88' title='bbox 1573 1214 1822 1286; x_wconf 84' lang='lat' dir='ltr'><strong>periculo</strong></span> <span class='ocrx_word' id='word_1_89' title='bbox 1861 1228 2020 1270; x_wconf 85' lang='lat' dir='ltr'><strong>exsc-</strong></span> 
     </span>
    </p>
   </div>
   <div class='ocr_carea' id='block_1_15' title="bbox 441 1304 2018 1377">
    <p class='ocr_par' dir='ltr' id='par_1_15' title="bbox 441 1304 2018 1377">
     <span class='ocr_line' id='line_1_15' title="bbox 441 1304 2018 1377; baseline 0.001 -20"><span class='ocrx_word' id='word_1_90' title='bbox 441 1315 663 1373; x_wconf 87' lang='lat' dir='ltr'><strong>quatnr,</strong></span> <span class='ocrx_word' id='word_1_91' title='bbox 709 1307 752 1361; x_wconf 89' lang='lat' dir='ltr'><strong>si</strong></span> <span class='ocrx_word' id='word_1_92' title='bbox 810 1308 881 1363; x_wconf 89' lang='lat' dir='ltr'><strong>sit</strong></span> <span class='ocrx_word' id='word_1_93' title='bbox 919 1323 1105 1377; x_wconf 87' lang='lat' dir='ltr'><strong>opus:</strong></span> <span class='ocrx_word' id='word_1_94' title='bbox 1143 1322 1208 1362; x_wconf 85' lang='lat' dir='ltr'><strong>ac</strong></span> <span class='ocrx_word' id='word_1_95' title='bbox 1261 1315 1448 1363; x_wconf 86' lang='lat' dir='ltr'><strong>monet</strong></span> <span class='ocrx_word' id='word_1_96' title='bbox 1491 1315 1573 1374; x_wconf 90' lang='lat' dir='ltr'><strong>ut,</strong></span> <span class='ocrx_word' id='word_1_97' title='bbox 1630 1304 1852 1375; x_wconf 87' lang='lat' dir='ltr'><strong>quando</strong></span> <span class='ocrx_word' id='word_1_98' title='bbox 1893 1318 2018 1358; x_wconf 90' lang='lat' dir='ltr'><strong>cum</strong></span> 
     </span>
    </p>
   </div>
   <div class='ocr_carea' id='block_1_16' title="bbox 441 1398 2019 1470">
    <p class='ocr_par' dir='ltr' id='par_1_16' title="bbox 441 1398 2019 1470">
     <span class='ocr_line' id='line_1_16' title="bbox 441 1398 2019 1470; baseline -0.002 -18"><span class='ocrx_word' id='word_1_99' title='bbox 441 1412 571 1470; x_wconf 85' lang='lat' dir='ltr'><strong>rege</strong></span> <span class='ocrx_word' id='word_1_100' title='bbox 621 1398 880 1465; x_wconf 86' lang='lat' dir='ltr'><strong>dormiat,</strong></span> <span class='ocrx_word' id='word_1_101' title='bbox 931 1401 1052 1470; x_wconf 85' lang='lat' dir='ltr'><strong>ejus</strong></span> <span class='ocrx_word' id='word_1_102' title='bbox 1107 1400 1433 1455; x_wconf 85' lang='lat' dir='ltr'><strong>dormientis</strong></span> <span class='ocrx_word' id='word_1_103' title='bbox 1483 1412 1648 1454; x_wconf 86' lang='lat' dir='ltr'><strong>aures</strong></span> <span class='ocrx_word' id='word_1_104' title='bbox 1692 1403 2019 1454; x_wconf 86' lang='lat' dir='ltr'><strong>eontrectet.</strong></span> 
     </span>
    </p>
   </div>
   <div class='ocr_carea' id='block_1_17' title="bbox 440 1485 2019 1556">
    <p class='ocr_par' dir='ltr' id='par_1_17' title="bbox 440 1485 2019 1556">
     <span class='ocr_line' id='line_1_17' title="bbox 440 1485 2019 1556; baseline -0.002 -13"><span class='ocrx_word' id='word_1_105' title='bbox 440 1487 577 1543; x_wconf 82' lang='lat' dir='ltr'><strong>Nam</strong></span> <span class='ocrx_word' id='word_1_106' title='bbox 607 1491 650 1546; x_wconf 94' lang='lat' dir='ltr'><strong>si</strong></span> <span class='ocrx_word' id='word_1_107' title='bbox 685 1489 883 1545; x_wconf 85' lang='lat' dir='ltr'><strong>habeat</strong></span> <span class='ocrx_word' id='word_1_108' title='bbox 913 1506 1098 1556; x_wconf 83' lang='lat' dir='ltr'><strong>aures,</strong></span> <span class='ocrx_word' id='word_1_109' title='bbox 1137 1491 1425 1547; x_wconf 87' lang='lat' dir='ltr'><strong>sciendum</strong></span> <span class='ocrx_word' id='word_1_110' title='bbox 1487 1503 1608 1545; x_wconf 91' lang='lat' dir='ltr'><strong>eam</strong></span> <span class='ocrx_word' id='word_1_111' title='bbox 1635 1503 1760 1543; x_wconf 91' lang='lat' dir='ltr'><strong>cum</strong></span> <span class='ocrx_word' id='word_1_112' title='bbox 1803 1485 2019 1544; x_wconf 83' lang='lat' dir='ltr'><strong>Smerdi</strong></span> 
     </span>
    </p>
   </div>
   <div class='ocr_carea' id='block_1_18' title="bbox 441 1577 2024 1652">
    <p class='ocr_par' dir='ltr' id='par_1_18' title="bbox 441 1577 2024 1652">
     <span class='ocr_line' id='line_1_18' title="bbox 441 1577 2024 1652; baseline 0.001 -20"><span class='ocrx_word' id='word_1_113' title='bbox 441 1577 567 1648; x_wconf 86' lang='lat' dir='ltr'><strong>Cyri</strong></span> <span class='ocrx_word' id='word_1_114' title='bbox 606 1579 716 1635; x_wconf 85' lang='lat' dir='ltr'><strong>lilio</strong></span> <span class='ocrx_word' id='word_1_115' title='bbox 761 1583 1177 1638; x_wconf 87' lang='lat' dir='ltr'><strong>concumbere:</strong></span> <span class='ocrx_word' id='word_1_116' title='bbox 1220 1583 1306 1640; x_wconf 86' lang='lat' dir='ltr'><strong>sin</strong></span> <span class='ocrx_word' id='word_1_117' title='bbox 1339 1583 1546 1647; x_wconf 85' lang='lat' dir='ltr'><strong>minus,</strong></span> <span class='ocrx_word' id='word_1_118' title='bbox 1588 1581 1803 1652; x_wconf 74' lang='lat' dir='ltr'><strong>Magum</strong></span> <span class='ocrx_word' id='word_1_119' title='bbox 1837 1580 2024 1637; x_wconf 66' lang='lat' dir='ltr'><strong>Sinero</strong></span> 
     </span>
    </p>
   </div>
   <div class='ocr_carea' id='block_1_19' title="bbox 444 1671 2020 1746">
    <p class='ocr_par' dir='ltr' id='par_1_19' title="bbox 444 1671 2020 1746">
     <span class='ocr_line' id='line_1_19' title="bbox 444 1671 2020 1746; baseline -0.001 -21"><span class='ocrx_word' id='word_1_120' title='bbox 444 1671 557 1725; x_wconf 90' lang='lat' dir='ltr'><strong>dim</strong></span> <span class='ocrx_word' id='word_1_121' title='bbox 606 1673 1032 1731; x_wconf 79' lang='lat' dir='ltr'><strong>existimandum</strong></span> <span class='ocrx_word' id='word_1_122' title='bbox 1083 1692 1226 1735; x_wconf 80' lang='lat' dir='ltr'><strong>esse.</strong></span> <span class='ocrx_word' id='word_1_123' title='bbox 1273 1677 1436 1731; x_wconf 87' lang='lat' dir='ltr'><strong>Paret</strong></span> <span class='ocrx_word' id='word_1_124' title='bbox 1481 1675 1792 1746; x_wconf 74' lang='lat' dir='ltr'><strong>Phtedymia</strong></span> <span class='ocrx_word' id='word_1_125' title='bbox 1838 1671 2020 1742; x_wconf 91' lang='lat' dir='ltr'><strong>patri:</strong></span> 
     </span>
    </p>
   </div>
   <div class='ocr_carea' id='block_1_20' title="bbox 2123 471 3692 548">
    <p class='ocr_par' dir='ltr' id='par_1_20' title="bbox 2123 471 3692 548">
     <span class='ocr_line' id='line_1_20' title="bbox 2123 471 3692 548; baseline 0.002 -17"><span class='ocrx_word' id='word_1_126' title='bbox 2123 477 2297 546; x_wconf 80' lang='grc' dir='ltr'><strong>ἄρξας</strong></span> <span class='ocrx_word' id='word_1_127' title='bbox 2356 475 2518 541; x_wconf 72' lang='grc' dir='ltr'><strong>ἑπτὰ,</strong></span> <span class='ocrx_word' id='word_1_128' title='bbox 2549 477 2698 539; x_wconf 84' lang='grc' dir='ltr'><strong>ὅστις</strong></span> <span class='ocrx_word' id='word_1_129' title='bbox 2729 471 2797 546; x_wconf 78' lang='grc' dir='ltr'><strong>ἦν</strong></span> <span class='ocrx_word' id='word_1_130' title='bbox 2827 477 3074 546; x_wconf 79' lang='grc' dir='ltr'><strong>ἐγνώσθη</strong></span> <span class='ocrx_word' id='word_1_131' title='bbox 3097 495 3110 508; x_wconf 92' lang='grc'><strong>·</strong></span> <span class='ocrx_word' id='word_1_132' title='bbox 3141 477 3390 548; x_wconf 83' lang='grc' dir='ltr'><strong>ἐγνώσθη</strong></span> <span class='ocrx_word' id='word_1_133' title='bbox 3429 479 3476 532; x_wconf 87' lang='grc' dir='ltr'><strong>δ’</strong></span> <span class='ocrx_word' id='word_1_134' title='bbox 3502 478 3692 543; x_wconf 81' lang='grc' dir='ltr'><strong>οὕτως.</strong></span> 
     </span>
    </p>
   </div>
   <div class='ocr_carea' id='block_1_21' title="bbox 2135 561 3694 638">
    <p class='ocr_par' dir='ltr' id='par_1_21' title="bbox 2135 561 3694 638">
     <span class='ocr_line' id='line_1_21' title="bbox 2135 561 3694 638; baseline 0.002 -19"><span class='ocrx_word' id='word_1_135' title='bbox 2135 566 2362 635; x_wconf 84' lang='grc' dir='ltr'><strong>Ὀτάνης</strong></span> <span class='ocrx_word' id='word_1_136' title='bbox 2390 561 2458 638; x_wconf 78' lang='grc' dir='ltr'><strong>ἦν</strong></span> <span class='ocrx_word' id='word_1_137' title='bbox 2493 567 2641 633; x_wconf 80' lang='grc' dir='ltr'><strong>γένει</strong></span> <span class='ocrx_word' id='word_1_138' title='bbox 2675 567 2771 620; x_wconf 71' lang='grc' dir='ltr'><strong>καὶ</strong></span> <span class='ocrx_word' id='word_1_139' title='bbox 2806 565 3024 636; x_wconf 82' lang='grc' dir='ltr'><strong>πλούτῳ</strong></span> <span class='ocrx_word' id='word_1_140' title='bbox 3054 567 3282 638; x_wconf 85' lang='grc' dir='ltr'><strong>Περσῶν</strong></span> <span class='ocrx_word' id='word_1_141' title='bbox 3309 570 3424 632; x_wconf 78' lang='grc' dir='ltr'><strong>τοῖς</strong></span> <span class='ocrx_word' id='word_1_142' title='bbox 3460 567 3694 638; x_wconf 80' lang='grc' dir='ltr'><strong>πρώτοις</strong></span> 
     </span>
    </p>
   </div>
   <div class='ocr_carea' id='block_1_22' title="bbox 2124 657 3693 734">
    <p class='ocr_par' dir='ltr' id='par_1_22' title="bbox 2124 657 3693 734">
     <span class='ocr_line' id='line_1_22' title="bbox 2124 657 3693 734; baseline 0.003 -24"><span class='ocrx_word' id='word_1_143' title='bbox 2124 658 2434 725; x_wconf 77' lang='grc' dir='ltr'><strong>ἐνάμιλλος.</strong></span> <span class='ocrx_word' id='word_1_144' title='bbox 2483 658 2688 712; x_wconf 82' lang='grc' dir='ltr'><strong>Τούτου</strong></span> <span class='ocrx_word' id='word_1_145' title='bbox 2745 657 3023 730; x_wconf 72' lang='grc' dir='ltr'><strong>θυγατέρα</strong></span> <span class='ocrx_word' id='word_1_146' title='bbox 3072 659 3378 729; x_wconf 80' lang='grc' dir='ltr'><strong>Καμϐύσης</strong></span> <span class='ocrx_word' id='word_1_147' title='bbox 3429 661 3611 732; x_wconf 80' lang='grc' dir='ltr'><strong>ἔσχεν,</strong></span> <span class='ocrx_word' id='word_1_148' title='bbox 3661 665 3693 734; x_wconf 73' lang='grc' dir='ltr'>ἢ</span> 
     </span>
    </p>
   </div>
   <div class='ocr_carea' id='block_1_23' title="bbox 2122 751 3692 825">
    <p class='ocr_par' dir='ltr' id='par_1_23' title="bbox 2122 751 3692 825">
     <span class='ocr_line' id='line_1_23' title="bbox 2122 751 3692 825; baseline 0.004 -23"><span class='ocrx_word' id='word_1_149' title='bbox 2122 751 2391 821; x_wconf 79' lang='grc' dir='ltr'><strong>Φαιδυμίη</strong></span> <span class='ocrx_word' id='word_1_150' title='bbox 2429 751 2711 821; x_wconf 81' lang='grc' dir='ltr'><strong>ἐκέκλητο.</strong></span> <span class='ocrx_word' id='word_1_151' title='bbox 2749 751 2934 822; x_wconf 81' lang='grc' dir='ltr'><strong>Ταύτῃ</strong></span> <span class='ocrx_word' id='word_1_152' title='bbox 2977 754 3070 805; x_wconf 71' lang='grc' dir='ltr'><strong>καὶ</strong></span> <span class='ocrx_word' id='word_1_153' title='bbox 3106 755 3135 806; x_wconf 83' lang='grc' dir='ltr'><strong>ὁ</strong></span> <span class='ocrx_word' id='word_1_154' title='bbox 3171 753 3362 820; x_wconf 80' lang='grc' dir='ltr'><strong>Μάγος</strong></span> <span class='ocrx_word' id='word_1_155' title='bbox 3406 755 3692 825; x_wconf 83' lang='grc' dir='ltr'><strong>ἐκέχρητο,</strong></span> 
     </span>
    </p>
   </div>
   <div class='ocr_carea' id='block_1_24' title="bbox 2125 836 3694 916">
    <p class='ocr_par' dir='ltr' id='par_1_24' title="bbox 2125 836 3694 916">
     <span class='ocr_line' id='line_1_24' title="bbox 2125 836 3694 916; baseline 0.004 -23"><span class='ocrx_word' id='word_1_156' title='bbox 2125 839 2316 909; x_wconf 84' lang='grc' dir='ltr'><strong>ὥσπερ</strong></span> <span class='ocrx_word' id='word_1_157' title='bbox 2359 842 2454 895; x_wconf 79' lang='grc' dir='ltr'><strong>καὶ</strong></span> <span class='ocrx_word' id='word_1_158' title='bbox 2501 844 2621 905; x_wconf 83' lang='grc' dir='ltr'><strong>ταῖς</strong></span> <span class='ocrx_word' id='word_1_159' title='bbox 2654 843 2872 906; x_wconf 78' lang='grc' dir='ltr'><strong>λοιπαῖς</strong></span> <span class='ocrx_word' id='word_1_160' title='bbox 2898 843 2966 907; x_wconf 82' lang='grc' dir='ltr'><strong>ἃς</strong></span> <span class='ocrx_word' id='word_1_161' title='bbox 2993 836 3176 914; x_wconf 69' lang='grc' dir='ltr'><strong>εὗρεν,</strong></span> <span class='ocrx_word' id='word_1_162' title='bbox 3203 846 3285 908; x_wconf 76' lang='grc' dir='ltr'><strong>εις</strong></span> <span class='ocrx_word' id='word_1_163' title='bbox 3323 845 3390 898; x_wconf 77' lang='grc' dir='ltr'><strong>τὰ</strong></span> <span class='ocrx_word' id='word_1_164' title='bbox 3430 846 3694 916; x_wconf 84' lang='grc' dir='ltr'><strong>βασίλεια.</strong></span> 
     </span>
    </p>
   </div>
   <div class='ocr_carea' id='block_1_25' title="bbox 2127 931 3696 1007">
    <p class='ocr_par' dir='ltr' id='par_1_25' title="bbox 2127 931 3696 1007">
     <span class='ocr_line' id='line_1_25' title="bbox 2127 931 3696 1007; baseline 0.003 -22"><span class='ocrx_word' id='word_1_165' title='bbox 2127 931 2356 999; x_wconf 71' lang='grc' dir='ltr'><strong>Πέμψας</strong></span> <span class='ocrx_word' id='word_1_166' title='bbox 2404 931 2498 984; x_wconf 82' lang='grc' dir='ltr'><strong>οὖν</strong></span> <span class='ocrx_word' id='word_1_167' title='bbox 2534 935 2563 986; x_wconf 86' lang='grc' dir='ltr'>ὁ</span> <span class='ocrx_word' id='word_1_168' title='bbox 2596 933 2801 1003; x_wconf 78' lang='grc' dir='ltr'><strong>πατὴρ,</strong></span> <span class='ocrx_word' id='word_1_169' title='bbox 2844 933 3034 1006; x_wconf 73' lang='grc' dir='ltr'><strong>ἠρώτα</strong></span> <span class='ocrx_word' id='word_1_170' title='bbox 3068 935 3242 1007; x_wconf 75' lang='grc' dir='ltr'><strong>αὐτὴν</strong></span> <span class='ocrx_word' id='word_1_171' title='bbox 3278 934 3476 1006; x_wconf 83' lang='grc' dir='ltr'><strong>λάθρα,</strong></span> <span class='ocrx_word' id='word_1_172' title='bbox 3525 940 3574 990; x_wconf 76' lang='grc' dir='ltr'><strong>εί</strong></span> <span class='ocrx_word' id='word_1_173' title='bbox 3621 937 3696 1007; x_wconf 85' lang='grc' dir='ltr'><strong>τῷ</strong></span> 
     </span>
    </p>
   </div>
   <div class='ocr_carea' id='block_1_26' title="bbox 2127 1023 3698 1097">
    <p class='ocr_par' dir='ltr' id='par_1_26' title="bbox 2127 1023 3698 1097">
     <span class='ocr_line' id='line_1_26' title="bbox 2127 1023 3698 1097; baseline 0.004 -19"><span class='ocrx_word' id='word_1_174' title='bbox 2127 1024 2313 1093; x_wconf 79' lang='grc' dir='ltr'><strong>Κύρου</strong></span> <span class='ocrx_word' id='word_1_175' title='bbox 2348 1023 2587 1097; x_wconf 84' lang='grc' dir='ltr'><strong>Σμέρδῃ,</strong></span> <span class='ocrx_word' id='word_1_176' title='bbox 2617 1024 2721 1078; x_wconf 75' lang='grc' dir='ltr'><strong>εἷθ’</strong></span> <span class='ocrx_word' id='word_1_177' title='bbox 2760 1026 2935 1097; x_wconf 71' lang='grc' dir='ltr'><strong>ἑτέρῳ</strong></span> <span class='ocrx_word' id='word_1_178' title='bbox 2963 1027 3068 1080; x_wconf 79' lang='grc' dir='ltr'><strong>τινὶ</strong></span> <span class='ocrx_word' id='word_1_179' title='bbox 3095 1027 3490 1092; x_wconf 78' lang='grc' dir='ltr'><strong>συνευνάζοιτο.</strong></span> <span class='ocrx_word' id='word_1_180' title='bbox 3545 1029 3613 1082; x_wconf 88' lang='grc' dir='ltr'><strong>Ἦ</strong></span> <span class='ocrx_word' id='word_1_181' title='bbox 3643 1031 3698 1084; x_wconf 85' lang='grc' dir='ltr'><strong>δέ</strong></span> 
     </span>
    </p>
   </div>
   <div class='ocr_carea' id='block_1_27' title="bbox 2129 1117 3700 1193">
    <p class='ocr_par' dir='ltr' id='par_1_27' title="bbox 2129 1117 3700 1193">
     <span class='ocr_line' id='line_1_27' title="bbox 2129 1117 3700 1193; baseline 0.004 -22"><span class='ocrx_word' id='word_1_182' title='bbox 2129 1119 2258 1187; x_wconf 89' lang='grc' dir='ltr'><strong>μήτ’</strong></span> <span class='ocrx_word' id='word_1_183' title='bbox 2306 1117 2509 1173; x_wconf 75' lang='grc' dir='ltr'><strong>ἰδέσθαι</strong></span> <span class='ocrx_word' id='word_1_184' title='bbox 2563 1118 2655 1172; x_wconf 72' lang='grc' dir='ltr'><strong>τὸν</strong></span> <span class='ocrx_word' id='word_1_185' title='bbox 2704 1119 2890 1192; x_wconf 84' lang='grc' dir='ltr'><strong>Κύρου</strong></span> <span class='ocrx_word' id='word_1_186' title='bbox 2939 1121 3190 1192; x_wconf 81' lang='grc' dir='ltr'><strong>Σμέρδην</strong></span> <span class='ocrx_word' id='word_1_187' title='bbox 3240 1123 3700 1193; x_wconf 77' lang='grc' dir='ltr'><strong>ἀνταπεκρίνατο,</strong></span> 
     </span>
    </p>
   </div>
   <div class='ocr_carea' id='block_1_28' title="bbox 2131 1203 3702 1279">
    <p class='ocr_par' dir='ltr' id='par_1_28' title="bbox 2131 1203 3702 1279">
     <span class='ocr_line' id='line_1_28' title="bbox 2131 1203 3702 1279; baseline 0.003 -17"><span class='ocrx_word' id='word_1_188' title='bbox 2131 1209 2257 1278; x_wconf 84' lang='grc' dir='ltr'><strong>μήτ’</strong></span> <span class='ocrx_word' id='word_1_189' title='bbox 2285 1207 2482 1262; x_wconf 81' lang='grc' dir='ltr'><strong>εἰδέναι</strong></span> <span class='ocrx_word' id='word_1_190' title='bbox 2531 1203 2687 1277; x_wconf 76' lang='grc' dir='ltr'><strong>ᾧτινι</strong></span> <span class='ocrx_word' id='word_1_191' title='bbox 2745 1211 3181 1279; x_wconf 78' lang='grc' dir='ltr'><strong>συγκοιτάζοιτο.</strong></span> <span class='ocrx_word' id='word_1_192' title='bbox 3223 1213 3282 1266; x_wconf 88' lang='grc' dir='ltr'>Ὁ</span> <span class='ocrx_word' id='word_1_193' title='bbox 3329 1213 3386 1266; x_wconf 79' lang='grc' dir='ltr'><strong>δέ</strong></span> <span class='ocrx_word' id='word_1_194' title='bbox 3414 1215 3508 1267; x_wconf 76' lang='grc' dir='ltr'><strong>καὶ</strong></span> <span class='ocrx_word' id='word_1_195' title='bbox 3535 1215 3702 1269; x_wconf 82' lang='grc' dir='ltr'><strong>πάλιν</strong></span> 
     </span>
    </p>
   </div>
   <div class='ocr_carea' id='block_1_29' title="bbox 2130 1300 3699 1374">
    <p class='ocr_par' dir='ltr' id='par_1_29' title="bbox 2130 1300 3699 1374">
     <span class='ocr_line' id='line_1_29' title="bbox 2130 1300 3699 1374; baseline 0.003 -21"><span class='ocrx_word' id='word_1_196' title='bbox 2130 1300 2338 1354; x_wconf 75' lang='grc' dir='ltr'><strong>στέλλει</strong></span> <span class='ocrx_word' id='word_1_197' title='bbox 2371 1302 2504 1368; x_wconf 81' lang='grc' dir='ltr'><strong>παρ’</strong></span> <span class='ocrx_word' id='word_1_198' title='bbox 2536 1301 2730 1374; x_wconf 77' lang='grc' dir='ltr'><strong>αὐτὴν,</strong></span> <span class='ocrx_word' id='word_1_199' title='bbox 2763 1302 3097 1357; x_wconf 74' lang='grc' dir='ltr'><strong>κινδυνεύειν</strong></span> <span class='ocrx_word' id='word_1_200' title='bbox 3126 1303 3264 1374; x_wconf 79' lang='grc' dir='ltr'><strong>αὐτῇ</strong></span> <span class='ocrx_word' id='word_1_201' title='bbox 3299 1305 3699 1374; x_wconf 72' lang='grc' dir='ltr'><strong>ἐντελλόμενος,</strong></span> 
     </span>
    </p>
   </div>
   <div class='ocr_carea' id='block_1_30' title="bbox 2129 1391 3706 1468">
    <p class='ocr_par' dir='ltr' id='par_1_30' title="bbox 2129 1391 3706 1468">
     <span class='ocr_line' id='line_1_30' title="bbox 2129 1391 3706 1468; baseline 0.004 -24"><span class='ocrx_word' id='word_1_202' title='bbox 2129 1392 2180 1445; x_wconf 75' lang='grc' dir='ltr'><strong>εἰ</strong></span> <span class='ocrx_word' id='word_1_203' title='bbox 2231 1391 2495 1462; x_wconf 81' lang='grc' dir='ltr'><strong>δεήσειεν,</strong></span> <span class='ocrx_word' id='word_1_204' title='bbox 2534 1394 2622 1447; x_wconf 79' lang='grc' dir='ltr'><strong>ἵνα</strong></span> <span class='ocrx_word' id='word_1_205' title='bbox 2663 1393 2931 1466; x_wconf 81' lang='grc' dir='ltr'><strong>πληρώσῃ</strong></span> <span class='ocrx_word' id='word_1_206' title='bbox 2974 1396 3248 1467; x_wconf 77' lang='grc' dir='ltr'><strong>πατρικὴν</strong></span> <span class='ocrx_word' id='word_1_207' title='bbox 3288 1397 3531 1468; x_wconf 77' lang='grc' dir='ltr'><strong>ἐντολήν.</strong></span> <span class='ocrx_word' id='word_1_208' title='bbox 3597 1399 3706 1451; x_wconf 77' lang='grc' dir='ltr'><strong>Καὶ</strong></span> 
     </span>
    </p>
   </div>
   <div class='ocr_carea' id='block_1_31' title="bbox 2132 1485 3706 1558">
    <p class='ocr_par' dir='ltr' id='par_1_31' title="bbox 2132 1485 3706 1558">
     <span class='ocr_line' id='line_1_31' title="bbox 2132 1485 3706 1558; baseline 0.003 -20"><span class='ocrx_word' id='word_1_209' title='bbox 2132 1485 2429 1550; x_wconf 68' lang='grc' dir='ltr'><strong>ὑποτιθεὶς,</strong></span> <span class='ocrx_word' id='word_1_210' title='bbox 2484 1485 2726 1554; x_wconf 79' lang='grc' dir='ltr'><strong>ὁπηνίκα</strong></span> <span class='ocrx_word' id='word_1_211' title='bbox 2787 1486 3136 1557; x_wconf 82' lang='grc' dir='ltr'><strong>συγκοιμῷτο</strong></span> <span class='ocrx_word' id='word_1_212' title='bbox 3185 1487 3263 1558; x_wconf 77' lang='grc' dir='ltr'><strong>τῷ</strong></span> <span class='ocrx_word' id='word_1_213' title='bbox 3323 1488 3554 1556; x_wconf 70' lang='grc' dir='ltr'><strong>βασιλέϊ,</strong></span> <span class='ocrx_word' id='word_1_214' title='bbox 3612 1491 3706 1542; x_wconf 76' lang='grc' dir='ltr'><strong>καὶ</strong></span> 
     </span>
    </p>
   </div>
   <div class='ocr_carea' id='block_1_32' title="bbox 2134 1575 3704 1648">
    <p class='ocr_par' dir='ltr' id='par_1_32' title="bbox 2134 1575 3704 1648">
     <span class='ocr_line' id='line_1_32' title="bbox 2134 1575 3704 1648; baseline 0.003 -18"><span class='ocrx_word' id='word_1_215' title='bbox 2134 1575 2484 1633; x_wconf 74' lang='grc' dir='ltr'><strong>ὑπνώττοντα</strong></span> <span class='ocrx_word' id='word_1_216' title='bbox 2533 1578 2696 1635; x_wconf 68' lang='grc' dir='ltr'><strong>αὑτὸν</strong></span> <span class='ocrx_word' id='word_1_217' title='bbox 2735 1577 2872 1648; x_wconf 84' lang='grc' dir='ltr'><strong>γνῷ,</strong></span> <span class='ocrx_word' id='word_1_218' title='bbox 2908 1577 3117 1646; x_wconf 81' lang='grc' dir='ltr'><strong>ψαῦσαι</strong></span> <span class='ocrx_word' id='word_1_219' title='bbox 3157 1578 3266 1632; x_wconf 86' lang='grc' dir='ltr'><strong>τῶν</strong></span> <span class='ocrx_word' id='word_1_220' title='bbox 3310 1577 3465 1634; x_wconf 75' lang='grc' dir='ltr'><strong>ὢτων</strong></span> <span class='ocrx_word' id='word_1_221' title='bbox 3517 1581 3704 1634; x_wconf 82' lang='grc' dir='ltr'><strong>αὐτοῦ.</strong></span> 
     </span>
    </p>
   </div>
   <div class='ocr_carea' id='block_1_33' title="bbox 2135 1665 3709 1742">
    <p class='ocr_par' dir='ltr' id='par_1_33' title="bbox 2135 1665 3709 1742">
     <span class='ocr_line' id='line_1_33' title="bbox 2135 1665 3709 1742; baseline 0.003 -20"><span class='ocrx_word' id='word_1_222' title='bbox 2135 1670 2244 1725; x_wconf 64' lang='grc' dir='ltr'><strong>Καὶ</strong></span> <span class='ocrx_word' id='word_1_223' title='bbox 2275 1673 2324 1725; x_wconf 86' lang='grc' dir='ltr'><strong>εί</strong></span> <span class='ocrx_word' id='word_1_224' title='bbox 2357 1671 2456 1739; x_wconf 79' lang='grc' dir='ltr'><strong>μὲν</strong></span> <span class='ocrx_word' id='word_1_225' title='bbox 2485 1670 2679 1739; x_wconf 75' lang='grc' dir='ltr'><strong>ἔχοντα</strong></span> <span class='ocrx_word' id='word_1_226' title='bbox 2705 1665 2820 1727; x_wconf 79' lang='grc' dir='ltr'><strong>ὦτα</strong></span> <span class='ocrx_word' id='word_1_227' title='bbox 2849 1671 3024 1740; x_wconf 79' lang='grc' dir='ltr'><strong>γνοίη,</strong></span> <span class='ocrx_word' id='word_1_228' title='bbox 3055 1672 3256 1726; x_wconf 69' lang='grc' dir='ltr'><strong>εἰδέναι</strong></span> <span class='ocrx_word' id='word_1_229' title='bbox 3297 1672 3374 1734; x_wconf 84' lang='grc' dir='ltr'><strong>ὡς</strong></span> <span class='ocrx_word' id='word_1_230' title='bbox 3411 1673 3489 1742; x_wconf 85' lang='grc' dir='ltr'><strong>τῷ</strong></span> <span class='ocrx_word' id='word_1_231' title='bbox 3521 1674 3709 1742; x_wconf 83' lang='grc' dir='ltr'><strong>Κύρου</strong></span> 
     </span>
    </p>
   </div>
   <div class='ocr_carea' id='block_1_34' title="bbox 444 1739 2033 1838">
    <p class='ocr_par' dir='ltr' id='par_1_34' title="bbox 444 1764 2026 1838">
     <span class='ocr_line' id='line_1_34' title="bbox 444 1764 2026 1838; baseline 0.001 -24"><span class='ocrx_word' id='word_1_232' title='bbox 444 1775 681 1831; x_wconf 88' lang='lat' dir='ltr'><strong>eumque</strong></span> <span class='ocrx_word' id='word_1_233' title='bbox 713 1779 903 1821; x_wconf 86' lang='lat' dir='ltr'><strong>carere</strong></span> <span class='ocrx_word' id='word_1_234' title='bbox 942 1768 1194 1834; x_wconf 87' lang='lat' dir='ltr'><strong>auribus,</strong></span> <span class='ocrx_word' id='word_1_235' title='bbox 1237 1768 1332 1838; x_wconf 87' lang='lat' dir='ltr'><strong>qui</strong></span> <span class='ocrx_word' id='word_1_236' title='bbox 1381 1783 1496 1826; x_wconf 87' lang='lat' dir='ltr'><strong>rem</strong></span> <span class='ocrx_word' id='word_1_237' title='bbox 1539 1781 1729 1822; x_wconf 90' lang='lat' dir='ltr'><strong>secum</strong></span> <span class='ocrx_word' id='word_1_238' title='bbox 1773 1764 2026 1827; x_wconf 84' lang='lat' dir='ltr'><strong>haberet,</strong></span> 
     </span>
    </p>
   </div>
   <div class='ocr_carea' id='block_1_35' title="bbox 2137 1739 3711 1838">
    <p class='ocr_par' dir='ltr' id='par_1_35' title="bbox 2137 1739 3711 1837">
     <span class='ocr_line' id='line_1_35' title="bbox 2137 1739 3711 1837; baseline 0.004 -23"><span class='ocrx_word' id='word_1_239' title='bbox 2137 1764 2243 1833; x_wconf 82' lang='grc' dir='ltr'><strong>Σμέ</strong></span> <span class='ocrx_word' id='word_1_240' title='bbox 2255 1763 2352 1834; x_wconf 78' lang='grc' dir='ltr'><strong>ρδῃ</strong></span> <span class='ocrx_word' id='word_1_241' title='bbox 2384 1765 2699 1831; x_wconf 80' lang='grc' dir='ltr'><strong>συγγίνεται</strong></span> <span class='ocrx_word' id='word_1_242' title='bbox 2719 1781 2735 1798; x_wconf 72' lang='grc' dir='ltr'><strong>ο</strong></span> <span class='ocrx_word' id='word_1_243' title='bbox 2761 1766 2810 1818; x_wconf 83' lang='grc' dir='ltr'><strong>εἰ</strong></span> <span class='ocrx_word' id='word_1_244' title='bbox 2841 1739 2898 1817; x_wconf 77' lang='grc' dir='ltr'><strong>δὲ</strong></span> <span class='ocrx_word' id='word_1_245' title='bbox 2927 1765 2999 1835; x_wconf 82' lang='grc' dir='ltr'><strong>μὴ</strong></span> <span class='ocrx_word' id='word_1_246' title='bbox 3031 1765 3167 1834; x_wconf 69' lang='grc' dir='ltr'><strong>έχοι,</strong></span> <span class='ocrx_word' id='word_1_247' title='bbox 3190 1765 3283 1819; x_wconf 76' lang='grc' dir='ltr'><strong>τὸν</strong></span> <span class='ocrx_word' id='word_1_248' title='bbox 3306 1739 3500 1834; x_wconf 80' lang='grc' dir='ltr'><strong>Μάγον</strong></span> <span class='ocrx_word' id='word_1_249' title='bbox 3528 1739 3711 1837; x_wconf 78' lang='grc' dir='ltr'><strong>Σμέρ-</strong></span> 
     </span>
    </p>
   </div>
   <div class='ocr_carea' id='block_1_36' title="bbox 445 1853 2027 1924">
    <p class='ocr_par' dir='ltr' id='par_1_36' title="bbox 445 1853 2027 1924">
     <span class='ocr_line' id='line_1_36' title="bbox 445 1853 2027 1924; baseline 0.005 -21"><span class='ocrx_word' id='word_1_250' title='bbox 445 1853 584 1919; x_wconf 87' lang='lat' dir='ltr'><strong>patri</strong></span> <span class='ocrx_word' id='word_1_251' title='bbox 611 1854 906 1923; x_wconf 77' lang='lat' dir='ltr'><strong>signiﬁcat.</strong></span> <span class='ocrx_word' id='word_1_252' title='bbox 954 1857 1287 1915; x_wconf 63' lang='lat' dir='ltr'><strong>Praeciderat</strong></span> <span class='ocrx_word' id='word_1_253' title='bbox 1325 1867 1510 1914; x_wconf 85' lang='lat' dir='ltr'><strong>autem</strong></span> <span class='ocrx_word' id='word_1_254' title='bbox 1539 1856 1590 1910; x_wconf 93' lang='lat' dir='ltr'><strong>ei</strong></span> <span class='ocrx_word' id='word_1_255' title='bbox 1635 1854 1813 1924; x_wconf 82' lang='lat' dir='ltr'><strong>Cyrus</strong></span> <span class='ocrx_word' id='word_1_256' title='bbox 1842 1868 2027 1916; x_wconf 73' lang='lat' dir='ltr'><strong>aures,</strong></span> 
     </span>
    </p>
   </div>
   <div class='ocr_carea' id='block_1_37' title="bbox 445 1943 2028 2018">
    <p class='ocr_par' dir='ltr' id='par_1_37' title="bbox 445 1943 2028 2018">
     <span class='ocr_line' id='line_1_37' title="bbox 445 1943 2028 2018; baseline 0.001 -22"><span class='ocrx_word' id='word_1_257' title='bbox 445 1943 517 1997; x_wconf 90' lang='lat' dir='ltr'><strong>ob</strong></span> <span class='ocrx_word' id='word_1_258' title='bbox 551 1943 813 2000; x_wconf 82' lang='lat' dir='ltr'><strong>delictum</strong></span> <span class='ocrx_word' id='word_1_259' title='bbox 849 1948 1150 2018; x_wconf 82' lang='lat' dir='ltr'><strong>quoddam.</strong></span> <span class='ocrx_word' id='word_1_260' title='bbox 1188 1948 1395 2008; x_wconf 82' lang='lat' dir='ltr'><strong>Otanes</strong></span> <span class='ocrx_word' id='word_1_261' title='bbox 1439 1962 1701 2004; x_wconf 84' lang='lat' dir='ltr'><strong>arcanum</strong></span> <span class='ocrx_word' id='word_1_262' title='bbox 1735 1946 1871 2004; x_wconf 89' lang='lat' dir='ltr'><strong>illud</strong></span> <span class='ocrx_word' id='word_1_263' title='bbox 1903 1960 2028 1999; x_wconf 91' lang='lat' dir='ltr'><strong>cum</strong></span> 
     </span>
    </p>
   </div>
   <div class='ocr_carea' id='block_1_38' title="bbox 444 2035 2031 2111">
    <p class='ocr_par' dir='ltr' id='par_1_38' title="bbox 444 2035 2031 2111">
     <span class='ocr_line' id='line_1_38' title="bbox 444 2035 2031 2111; baseline 0.001 -23"><span class='ocrx_word' id='word_1_264' title='bbox 444 2035 658 2101; x_wconf 83' lang='lat' dir='ltr'><strong>amicis,</strong></span> <span class='ocrx_word' id='word_1_265' title='bbox 686 2037 988 2107; x_wconf 74' lang='lat' dir='ltr'><strong>Aspatbine</strong></span> <span class='ocrx_word' id='word_1_266' title='bbox 1015 2051 1071 2096; x_wconf 92' lang='lat' dir='ltr'><strong>et</strong></span> <span class='ocrx_word' id='word_1_267' title='bbox 1099 2041 1341 2111; x_wconf 66' lang='lat' dir='ltr'><strong>Gobrya,</strong></span> <span class='ocrx_word' id='word_1_268' title='bbox 1370 2041 1663 2097; x_wconf 85' lang='lat' dir='ltr'><strong>Persarum</strong></span> <span class='ocrx_word' id='word_1_269' title='bbox 1687 2035 2031 2108; x_wconf 85' lang='lat' dir='ltr'><strong>principibus</strong></span> 
     </span>
    </p>
   </div>
   <div class='ocr_carea' id='block_1_39' title="bbox 443 2128 2028 2203">
    <p class='ocr_par' dir='ltr' id='par_1_39' title="bbox 443 2128 2028 2203">
     <span class='ocr_line' id='line_1_39' title="bbox 443 2128 2028 2203; baseline 0.005 -22"><span class='ocrx_word' id='word_1_270' title='bbox 443 2130 819 2184; x_wconf 84' lang='lat' dir='ltr'><strong>communicat</strong></span> <span class='ocrx_word' id='word_1_271' title='bbox 844 2148 859 2186; x_wconf 88' lang='lat'><strong>:</strong></span> <span class='ocrx_word' id='word_1_272' title='bbox 891 2133 986 2203; x_wconf 88' lang='lat' dir='ltr'><strong>qui</strong></span> <span class='ocrx_word' id='word_1_273' title='bbox 1023 2148 1146 2189; x_wconf 88' lang='lat' dir='ltr'><strong>cum</strong></span> <span class='ocrx_word' id='word_1_274' title='bbox 1179 2133 1324 2186; x_wconf 87' lang='lat' dir='ltr'><strong>idem</strong></span> <span class='ocrx_word' id='word_1_275' title='bbox 1353 2132 1509 2202; x_wconf 74' lang='lat' dir='ltr'><strong>prius</strong></span> <span class='ocrx_word' id='word_1_276' title='bbox 1532 2137 1722 2189; x_wconf 82' lang='lat' dir='ltr'><strong>essent</strong></span> <span class='ocrx_word' id='word_1_277' title='bbox 1741 2128 2028 2199; x_wconf 79' lang='lat' dir='ltr'><strong>suspicati.</strong></span> 
     </span>
    </p>
   </div>
   <div class='ocr_carea' id='block_1_40' title="bbox 446 2219 2032 2294">
    <p class='ocr_par' dir='ltr' id='par_1_40' title="bbox 446 2219 2032 2294">
     <span class='ocr_line' id='line_1_40' title="bbox 446 2219 2032 2294; baseline 0.003 -22"><span class='ocrx_word' id='word_1_278' title='bbox 446 2219 632 2274; x_wconf 82' lang='lat' dir='ltr'><strong>statim</strong></span> <span class='ocrx_word' id='word_1_279' title='bbox 665 2221 826 2277; x_wconf 84' lang='lat' dir='ltr'><strong>ﬁdem</strong></span> <span class='ocrx_word' id='word_1_280' title='bbox 856 2222 1085 2278; x_wconf 87' lang='lat' dir='ltr'><strong>habent.</strong></span> <span class='ocrx_word' id='word_1_281' title='bbox 1131 2223 1401 2281; x_wconf 84' lang='lat' dir='ltr'><strong>Statuunt</strong></span> <span class='ocrx_word' id='word_1_282' title='bbox 1447 2221 1614 2294; x_wconf 78' lang='lat' dir='ltr'><strong>igitur</strong></span> <span class='ocrx_word' id='word_1_283' title='bbox 1648 2222 1786 2278; x_wconf 87' lang='lat' dir='ltr'><strong>alios</strong></span> <span class='ocrx_word' id='word_1_284' title='bbox 1811 2236 2032 2292; x_wconf 87' lang='lat' dir='ltr'><strong>quoque</strong></span> 
     </span>
    </p>
   </div>
   <div class='ocr_carea' id='block_1_41' title="bbox 445 2310 2033 2386">
    <p class='ocr_par' dir='ltr' id='par_1_41' title="bbox 445 2310 2033 2386">
     <span class='ocr_line' id='line_1_41' title="bbox 445 2310 2033 2386; baseline 0.006 -23"><span class='ocrx_word' id='word_1_285' title='bbox 445 2310 554 2365; x_wconf 85' lang='lat' dir='ltr'><strong>sibi</strong></span> <span class='ocrx_word' id='word_1_286' title='bbox 615 2313 918 2383; x_wconf 81' lang='lat' dir='ltr'><strong>adjungere</strong></span> <span class='ocrx_word' id='word_1_287' title='bbox 973 2329 989 2366; x_wconf 89' lang='lat'><strong>:</strong></span> <span class='ocrx_word' id='word_1_288' title='bbox 1050 2318 1254 2372; x_wconf 88' lang='lat' dir='ltr'><strong>Otanes</strong></span> <span class='ocrx_word' id='word_1_289' title='bbox 1313 2317 1730 2386; x_wconf 86' lang='lat' dir='ltr'><strong>lntapbernem,</strong></span> <span class='ocrx_word' id='word_1_290' title='bbox 1787 2315 2033 2386; x_wconf 88' lang='lat' dir='ltr'><strong>Gobryas</strong></span> 
     </span>
    </p>
   </div>
   <div class='ocr_carea' id='block_1_42' title="bbox 449 2401 2030 2478">
    <p class='ocr_par' dir='ltr' id='par_1_42' title="bbox 449 2401 2030 2478">
     <span class='ocr_line' id='line_1_42' title="bbox 449 2401 2030 2478; baseline 0.006 -24"><span class='ocrx_word' id='word_1_291' title='bbox 449 2401 826 2474; x_wconf 76' lang='lat' dir='ltr'><strong>Megabyzum,</strong></span> <span class='ocrx_word' id='word_1_292' title='bbox 880 2407 1211 2476; x_wconf 79' lang='lat' dir='ltr'><strong>Aspatbines</strong></span> <span class='ocrx_word' id='word_1_293' title='bbox 1304 2407 1614 2478; x_wconf 78' lang='lat' dir='ltr'><strong>Hydarnem</strong></span> <span class='ocrx_word' id='word_1_294' title='bbox 1683 2416 1740 2463; x_wconf 90' lang='lat' dir='ltr'><strong>et</strong></span> <span class='ocrx_word' id='word_1_295' title='bbox 1807 2407 2030 2464; x_wconf 87' lang='lat' dir='ltr'><strong>Darium</strong></span> 
     </span>
    </p>
   </div>
   <div class='ocr_carea' id='block_1_43' title="bbox 450 2489 2033 2573">
    <p class='ocr_par' dir='ltr' id='par_1_43' title="bbox 450 2489 2033 2573">
     <span class='ocr_line' id='line_1_43' title="bbox 450 2489 2033 2573; baseline 0.011 -29"><span class='ocrx_word' id='word_1_296' title='bbox 450 2489 736 2562; x_wconf 79' lang='lat' dir='ltr'><strong>Hystaspis</strong></span> <span class='ocrx_word' id='word_1_297' title='bbox 765 2495 960 2560; x_wconf 86' lang='lat' dir='ltr'><strong>lilium,</strong></span> <span class='ocrx_word' id='word_1_298' title='bbox 989 2499 1085 2568; x_wconf 90' lang='lat' dir='ltr'><strong>qui</strong></span> <span class='ocrx_word' id='word_1_299' title='bbox 1110 2514 1304 2558; x_wconf 85' lang='lat' dir='ltr'><strong>recens</strong></span> <span class='ocrx_word' id='word_1_300' title='bbox 1336 2516 1403 2556; x_wconf 78' lang='lat' dir='ltr'><strong>ex</strong></span> <span class='ocrx_word' id='word_1_301' title='bbox 1444 2501 1632 2560; x_wconf 81' lang='lat' dir='ltr'><strong>Persia</strong></span> <span class='ocrx_word' id='word_1_302' title='bbox 1673 2502 1810 2559; x_wconf 88' lang='lat' dir='ltr'><strong>Susa</strong></span> <span class='ocrx_word' id='word_1_303' title='bbox 1843 2518 2033 2573; x_wconf 82' lang='lat' dir='ltr'><strong>perve-</strong></span> 
     </span>
    </p>
   </div>
   <div class='ocr_carea' id='block_1_44' title="bbox 449 2585 2030 2664">
    <p class='ocr_par' dir='ltr' id='par_1_44' title="bbox 449 2585 2030 2664">
     <span class='ocr_line' id='line_1_44' title="bbox 449 2585 2030 2664; baseline 0.01 -28"><span class='ocrx_word' id='word_1_304' title='bbox 449 2592 628 2640; x_wconf 82' lang='lat' dir='ltr'><strong>nerat.</strong></span> <span class='ocrx_word' id='word_1_305' title='bbox 656 2585 761 2654; x_wconf 83' lang='lat' dir='ltr'><strong>Qui</strong></span> <span class='ocrx_word' id='word_1_306' title='bbox 789 2603 918 2645; x_wconf 84' lang='lat' dir='ltr'><strong>cum</strong></span> <span class='ocrx_word' id='word_1_307' title='bbox 949 2605 1064 2646; x_wconf 88' lang='lat' dir='ltr'><strong>rem</strong></span> <span class='ocrx_word' id='word_1_308' title='bbox 1099 2593 1300 2663; x_wconf 91' lang='lat' dir='ltr'><strong>cupide</strong></span> <span class='ocrx_word' id='word_1_309' title='bbox 1331 2593 1657 2660; x_wconf 84' lang='lat' dir='ltr'><strong>audivisset,</strong></span> <span class='ocrx_word' id='word_1_310' title='bbox 1687 2595 1808 2664; x_wconf 89' lang='lat' dir='ltr'><strong>ejus</strong></span> <span class='ocrx_word' id='word_1_311' title='bbox 1845 2597 2030 2654; x_wconf 82' lang='lat' dir='ltr'><strong>statim</strong></span> 
     </span>
    </p>
   </div>
   <div class='ocr_carea' id='block_1_45' title="bbox 449 2679 2030 2757">
    <p class='ocr_par' dir='ltr' id='par_1_45' title="bbox 449 2679 2030 2757">
     <span class='ocr_line' id='line_1_45' title="bbox 449 2679 2030 2757; baseline 0.012 -28"><span class='ocrx_word' id='word_1_312' title='bbox 449 2679 832 2748; x_wconf 69' lang='lat' dir='ltr'><strong>aggredienda:</strong></span> <span class='ocrx_word' id='word_1_313' title='bbox 889 2683 965 2742; x_wconf 81' lang='lat' dir='ltr'><strong>lit&#39;</strong></span> <span class='ocrx_word' id='word_1_314' title='bbox 995 2695 1230 2741; x_wconf 89' lang='lat' dir='ltr'><strong>auctor:</strong></span> <span class='ocrx_word' id='word_1_315' title='bbox 1290 2687 1439 2757; x_wconf 91' lang='lat' dir='ltr'><strong>quod</strong></span> <span class='ocrx_word' id='word_1_316' title='bbox 1473 2688 1519 2744; x_wconf 90' lang='lat' dir='ltr'><strong>si</strong></span> <span class='ocrx_word' id='word_1_317' title='bbox 1556 2689 1641 2745; x_wconf 86' lang='lat' dir='ltr'><strong>vel</strong></span> <span class='ocrx_word' id='word_1_318' title='bbox 1689 2688 1843 2744; x_wconf 89' lang='lat' dir='ltr'><strong>illum</strong></span> <span class='ocrx_word' id='word_1_319' title='bbox 1883 2688 2030 2748; x_wconf 86' lang='lat' dir='ltr'><strong>diem</strong></span> 
     </span>
    </p>
   </div>
   <div class='ocr_carea' id='block_1_46' title="bbox 453 2763 2035 2850">
    <p class='ocr_par' dir='ltr' id='par_1_46' title="bbox 453 2763 2035 2850">
     <span class='ocr_line' id='line_1_46' title="bbox 453 2763 2035 2850; baseline 0.014 -32"><span class='ocrx_word' id='word_1_320' title='bbox 453 2763 708 2834; x_wconf 79' lang='lat' dir='ltr'><strong>ignavum</strong></span> <span class='ocrx_word' id='word_1_321' title='bbox 738 2770 880 2826; x_wconf 87' lang='lat' dir='ltr'><strong>elabi</strong></span> <span class='ocrx_word' id='word_1_322' title='bbox 908 2784 1248 2843; x_wconf 89' lang='lat' dir='ltr'><strong>paterentur,</strong></span> <span class='ocrx_word' id='word_1_323' title='bbox 1283 2793 1343 2833; x_wconf 88' lang='lat' dir='ltr'><strong>se</strong></span> <span class='ocrx_word' id='word_1_324' title='bbox 1373 2777 1602 2834; x_wconf 85' lang='lat' dir='ltr'><strong>insidias</strong></span> <span class='ocrx_word' id='word_1_325' title='bbox 1645 2778 1798 2850; x_wconf 82' lang='lat' dir='ltr'><strong>Mago</strong></span> <span class='ocrx_word' id='word_1_326' title='bbox 1828 2779 2035 2839; x_wconf 79' lang='lat' dir='ltr'><strong>indica-</strong></span> 
     </span>
    </p>
   </div>
   <div class='ocr_carea' id='block_1_47' title="bbox 454 2860 2030 2941">
    <p class='ocr_par' dir='ltr' id='par_1_47' title="bbox 454 2860 2030 2941">
     <span class='ocr_line' id='line_1_47' title="bbox 454 2860 2030 2941; baseline 0.01 -31"><span class='ocrx_word' id='word_1_327' title='bbox 454 2866 660 2913; x_wconf 89' lang='lat' dir='ltr'><strong>turum.</strong></span> <span class='ocrx_word' id='word_1_328' title='bbox 695 2860 941 2920; x_wconf 90' lang='lat' dir='ltr'><strong>Consilio</strong></span> <span class='ocrx_word' id='word_1_329' title='bbox 985 2866 1106 2937; x_wconf 89' lang='lat' dir='ltr'><strong>ejus</strong></span> <span class='ocrx_word' id='word_1_330' title='bbox 1144 2878 1202 2922; x_wconf 89' lang='lat' dir='ltr'><strong>et</strong></span> <span class='ocrx_word' id='word_1_331' title='bbox 1247 2870 1436 2925; x_wconf 75' lang='lat' dir='ltr'><strong>caeteri</strong></span> <span class='ocrx_word' id='word_1_332' title='bbox 1480 2871 1716 2935; x_wconf 81' lang='lat' dir='ltr'><strong>assensi,</strong></span> <span class='ocrx_word' id='word_1_333' title='bbox 1750 2873 2030 2941; x_wconf 80' lang='lat' dir='ltr'><strong>negetium</strong></span> 
     </span>
    </p>
   </div>
   <div class='ocr_carea' id='block_1_48' title="bbox 451 2955 2032 3021">
    <p class='ocr_par' dir='ltr' id='par_1_48' title="bbox 451 2955 2032 3021">
     <span class='ocr_line' id='line_1_48' title="bbox 451 2955 2032 3021; baseline 0.011 -19"><span class='ocrx_word' id='word_1_334' title='bbox 451 2963 768 3018; x_wconf 84' lang='lat' dir='ltr'><strong>capessunt.</strong></span> <span class='ocrx_word' id='word_1_335' title='bbox 805 2955 941 3010; x_wconf 82' lang='lat' dir='ltr'><strong>Nam</strong></span> <span class='ocrx_word' id='word_1_336' title='bbox 988 2967 1044 3012; x_wconf 88' lang='lat' dir='ltr'><strong>et</strong></span> <span class='ocrx_word' id='word_1_337' title='bbox 1093 2958 1198 3017; x_wconf 85' lang='lat' dir='ltr'><strong>alia</strong></span> <span class='ocrx_word' id='word_1_338' title='bbox 1251 2971 1483 3017; x_wconf 84' lang='lat' dir='ltr'><strong>conatus</strong></span> <span class='ocrx_word' id='word_1_339' title='bbox 1524 2964 1834 3021; x_wconf 84' lang='lat' dir='ltr'><strong>maturandi</strong></span> <span class='ocrx_word' id='word_1_340' title='bbox 1867 2980 2032 3021; x_wconf 84' lang='lat' dir='ltr'><strong>causa</strong></span> 
     </span>
    </p>
   </div>
   <div class='ocr_carea' id='block_1_49' title="bbox 2131 1853 3709 1930">
    <p class='ocr_par' dir='ltr' id='par_1_49' title="bbox 2131 1853 3709 1930">
     <span class='ocr_line' id='line_1_49' title="bbox 2131 1853 3709 1930; baseline 0.003 -24"><span class='ocrx_word' id='word_1_341' title='bbox 2131 1853 2230 1924; x_wconf 84' lang='grc' dir='ltr'><strong>δην</strong></span> <span class='ocrx_word' id='word_1_342' title='bbox 2259 1854 2427 1908; x_wconf 78' lang='grc' dir='ltr'><strong>αὑτὸν</strong></span> <span class='ocrx_word' id='word_1_343' title='bbox 2459 1853 2728 1924; x_wconf 73' lang='grc' dir='ltr'><strong>νομίζειν.</strong></span> <span class='ocrx_word' id='word_1_344' title='bbox 2759 1855 3012 1914; x_wconf 80' lang='grc' dir='ltr'><strong>Πείθεται</strong></span> <span class='ocrx_word' id='word_1_345' title='bbox 3041 1856 3118 1926; x_wconf 86' lang='grc' dir='ltr'><strong>τῷ</strong></span> <span class='ocrx_word' id='word_1_346' title='bbox 3158 1857 3328 1924; x_wconf 76' lang='grc' dir='ltr'><strong>πατρὶ</strong></span> <span class='ocrx_word' id='word_1_347' title='bbox 3357 1859 3388 1927; x_wconf 83' lang='grc' dir='ltr'>ἡ</span> <span class='ocrx_word' id='word_1_348' title='bbox 3414 1859 3709 1930; x_wconf 76' lang='grc' dir='ltr'><strong>Φαιδυμίη,</strong></span> 
     </span>
    </p>
   </div>
   <div class='ocr_carea' id='block_1_50' title="bbox 2132 1942 3710 2020">
    <p class='ocr_par' dir='ltr' id='par_1_50' title="bbox 2132 1942 3710 2020">
     <span class='ocr_line' id='line_1_50' title="bbox 2132 1942 3710 2020; baseline 0.003 -23"><span class='ocrx_word' id='word_1_349' title='bbox 2132 1947 2225 1998; x_wconf 76' lang='grc' dir='ltr'><strong>καὶ</strong></span> <span class='ocrx_word' id='word_1_350' title='bbox 2262 1945 2467 2012; x_wconf 77' lang='grc' dir='ltr'><strong>γνοῦσα</strong></span> <span class='ocrx_word' id='word_1_351' title='bbox 2494 1947 2587 2002; x_wconf 80' lang='grc' dir='ltr'><strong>τὸν</strong></span> <span class='ocrx_word' id='word_1_352' title='bbox 2623 1948 2759 2018; x_wconf 73' lang='grc' dir='ltr'><strong>αὐτῇ</strong></span> <span class='ocrx_word' id='word_1_353' title='bbox 2801 1948 3194 2017; x_wconf 84' lang='grc' dir='ltr'><strong>συγγινόμενον</strong></span> <span class='ocrx_word' id='word_1_354' title='bbox 3230 1942 3344 2003; x_wconf 79' lang='grc' dir='ltr'><strong>ὦτα</strong></span> <span class='ocrx_word' id='word_1_355' title='bbox 3375 1950 3451 2020; x_wconf 82' lang='grc' dir='ltr'><strong>μὴ</strong></span> <span class='ocrx_word' id='word_1_356' title='bbox 3492 1948 3710 2018; x_wconf 71' lang='grc' dir='ltr'><strong>ἔχοντα,</strong></span> 
     </span>
    </p>
   </div>
   <div class='ocr_carea' id='block_1_51' title="bbox 2132 2030 3713 2108">
    <p class='ocr_par' dir='ltr' id='par_1_51' title="bbox 2132 2030 3713 2108">
     <span class='ocr_line' id='line_1_51' title="bbox 2132 2030 3713 2108; baseline 0.005 -23"><span class='ocrx_word' id='word_1_357' title='bbox 2132 2032 2374 2102; x_wconf 78' lang='grc' dir='ltr'><strong>ἐσήμηνε</strong></span> <span class='ocrx_word' id='word_1_358' title='bbox 2417 2032 2496 2104; x_wconf 82' lang='grc' dir='ltr'><strong>τῷ</strong></span> <span class='ocrx_word' id='word_1_359' title='bbox 2546 2035 2736 2103; x_wconf 85' lang='grc' dir='ltr'><strong>πατρί.</strong></span> <span class='ocrx_word' id='word_1_360' title='bbox 2781 2036 2895 2092; x_wconf 68' lang='grc' dir='ltr'><strong>Οὔκ</strong></span> <span class='ocrx_word' id='word_1_361' title='bbox 2927 2032 3041 2106; x_wconf 72' lang='grc' dir='ltr'><strong>εἶχε</strong></span> <span class='ocrx_word' id='word_1_362' title='bbox 3088 2037 3134 2089; x_wconf 83' lang='grc' dir='ltr'><strong>δ’</strong></span> <span class='ocrx_word' id='word_1_363' title='bbox 3167 2030 3304 2103; x_wconf 81' lang='grc' dir='ltr'><strong>ὦτα,</strong></span> <span class='ocrx_word' id='word_1_364' title='bbox 3353 2039 3435 2091; x_wconf 83' lang='grc' dir='ltr'><strong>ὅτι</strong></span> <span class='ocrx_word' id='word_1_365' title='bbox 3471 2040 3499 2090; x_wconf 85' lang='grc' dir='ltr'>ὁ</span> <span class='ocrx_word' id='word_1_366' title='bbox 3528 2039 3713 2108; x_wconf 71' lang='grc' dir='ltr'><strong>Κῦρός</strong></span> 
     </span>
    </p>
   </div>
   <div class='ocr_carea' id='block_1_52' title="bbox 2133 2127 3714 2201">
    <p class='ocr_par' dir='ltr' id='par_1_52' title="bbox 2133 2127 3714 2201">
     <span class='ocr_line' id='line_1_52' title="bbox 2133 2127 3714 2201; baseline 0.006 -22"><span class='ocrx_word' id='word_1_367' title='bbox 2133 2127 2264 2181; x_wconf 66' lang='grc' dir='ltr'><strong>ποτὲ</strong></span> <span class='ocrx_word' id='word_1_368' title='bbox 2297 2127 2471 2182; x_wconf 82' lang='grc' dir='ltr'><strong>ταῦτα</strong></span> <span class='ocrx_word' id='word_1_369' title='bbox 2499 2127 2566 2180; x_wconf 84' lang='grc' dir='ltr'><strong>δι’</strong></span> <span class='ocrx_word' id='word_1_370' title='bbox 2597 2127 2905 2199; x_wconf 81' lang='grc' dir='ltr'><strong>ἁμάρτημά</strong></span> <span class='ocrx_word' id='word_1_371' title='bbox 2929 2147 2981 2184; x_wconf 83' lang='grc' dir='ltr'><strong>τι</strong></span> <span class='ocrx_word' id='word_1_372' title='bbox 3020 2132 3318 2201; x_wconf 76' lang='grc' dir='ltr'><strong>ἀπέτεμεν.</strong></span> <span class='ocrx_word' id='word_1_373' title='bbox 3368 2133 3429 2188; x_wconf 89' lang='lat'><strong>&#39;0</strong></span> <span class='ocrx_word' id='word_1_374' title='bbox 3460 2134 3518 2186; x_wconf 79' lang='grc' dir='ltr'><strong>δὲ</strong></span> <span class='ocrx_word' id='word_1_375' title='bbox 3559 2135 3714 2188; x_wconf 79' lang='grc' dir='ltr'><strong>’0τά-</strong></span> 
     </span>
    </p>
   </div>
   <div class='ocr_carea' id='block_1_53' title="bbox 2133 2219 3714 2296">
    <p class='ocr_par' dir='ltr' id='par_1_53' title="bbox 2133 2219 3714 2296">
     <span class='ocr_line' id='line_1_53' title="bbox 2133 2219 3714 2296; baseline 0.008 -26"><span class='ocrx_word' id='word_1_376' title='bbox 2133 2235 2232 2288; x_wconf 83' lang='grc' dir='ltr'><strong>νιης</strong></span> <span class='ocrx_word' id='word_1_377' title='bbox 2265 2219 2567 2290; x_wconf 83' lang='grc' dir='ltr'><strong>Ἀσπαθίνη</strong></span> <span class='ocrx_word' id='word_1_378' title='bbox 2602 2221 2695 2279; x_wconf 76' lang='grc' dir='ltr'><strong>καὶ</strong></span> <span class='ocrx_word' id='word_1_379' title='bbox 2715 2221 2947 2293; x_wconf 80' lang='grc' dir='ltr'><strong>Γωϐρύα</strong></span> <span class='ocrx_word' id='word_1_380' title='bbox 2973 2223 3313 2292; x_wconf 83' lang='grc' dir='ltr'><strong>πρωτεύουσι</strong></span> <span class='ocrx_word' id='word_1_381' title='bbox 3343 2225 3451 2279; x_wconf 75' lang='grc' dir='ltr'><strong>τῶν</strong></span> <span class='ocrx_word' id='word_1_382' title='bbox 3481 2228 3714 2296; x_wconf 84' lang='grc' dir='ltr'><strong>Περσῶν</strong></span> 
     </span>
    </p>
   </div>
   <div class='ocr_carea' id='block_1_54' title="bbox 2134 2311 3710 2391">
    <p class='ocr_par' dir='ltr' id='par_1_54' title="bbox 2134 2311 3710 2391">
     <span class='ocr_line' id='line_1_54' title="bbox 2134 2311 3710 2391; baseline 0.006 -27"><span class='ocrx_word' id='word_1_383' title='bbox 2134 2313 2230 2364; x_wconf 72' lang='grc' dir='ltr'><strong>καὶ</strong></span> <span class='ocrx_word' id='word_1_384' title='bbox 2262 2311 2412 2382; x_wconf 85' lang='grc' dir='ltr'><strong>αύτῷ</strong></span> <span class='ocrx_word' id='word_1_385' title='bbox 2441 2313 2810 2382; x_wconf 72' lang='grc' dir='ltr'><strong>φιλουμένοις.</strong></span> <span class='ocrx_word' id='word_1_386' title='bbox 2840 2315 3150 2371; x_wconf 80' lang='grc' dir='ltr'><strong>κοινούνται</strong></span> <span class='ocrx_word' id='word_1_387' title='bbox 3189 2317 3252 2388; x_wconf 80' lang='grc' dir='ltr'><strong>δὴ</strong></span> <span class='ocrx_word' id='word_1_388' title='bbox 3281 2318 3340 2372; x_wconf 81' lang='grc' dir='ltr'><strong>τὸ</strong></span> <span class='ocrx_word' id='word_1_389' title='bbox 3367 2320 3710 2391; x_wconf 73' lang='grc' dir='ltr'><strong>ἀπόρρητον.</strong></span> 
     </span>
    </p>
   </div>
   <div class='ocr_carea' id='block_1_55' title="bbox 2134 2403 3713 2481">
    <p class='ocr_par' dir='ltr' id='par_1_55' title="bbox 2134 2403 3713 2481">
     <span class='ocr_line' id='line_1_55' title="bbox 2134 2403 3713 2481; baseline 0.004 -24"><span class='ocrx_word' id='word_1_390' title='bbox 2134 2403 2198 2457; x_wconf 83' lang='grc' dir='ltr'><strong>Οἱ</strong></span> <span class='ocrx_word' id='word_1_391' title='bbox 2235 2404 2293 2457; x_wconf 73' lang='grc' dir='ltr'><strong>δὲ</strong></span> <span class='ocrx_word' id='word_1_392' title='bbox 2325 2406 2421 2458; x_wconf 81' lang='grc' dir='ltr'><strong>καὶ</strong></span> <span class='ocrx_word' id='word_1_393' title='bbox 2450 2403 2641 2476; x_wconf 77' lang='grc' dir='ltr'><strong>πρώην</strong></span> <span class='ocrx_word' id='word_1_394' title='bbox 2681 2408 2740 2460; x_wconf 76' lang='grc' dir='ltr'><strong>ἐν</strong></span> <span class='ocrx_word' id='word_1_395' title='bbox 2790 2406 2996 2478; x_wconf 74' lang='grc' dir='ltr'><strong>ὑποψίᾳ</strong></span> <span class='ocrx_word' id='word_1_396' title='bbox 3035 2406 3190 2470; x_wconf 67' lang='grc' dir='ltr'><strong>ὄντες</strong></span> <span class='ocrx_word' id='word_1_397' title='bbox 3225 2406 3320 2462; x_wconf 82' lang='grc' dir='ltr'><strong>τοῦ</strong></span> <span class='ocrx_word' id='word_1_398' title='bbox 3362 2410 3713 2481; x_wconf 75' lang='grc' dir='ltr'><strong>πράγματος,</strong></span> 
     </span>
    </p>
   </div>
   <div class='ocr_carea' id='block_1_56' title="bbox 2134 2496 3716 2566">
    <p class='ocr_par' dir='ltr' id='par_1_56' title="bbox 2134 2496 3716 2566">
     <span class='ocr_line' id='line_1_56' title="bbox 2134 2496 3716 2566; baseline 0.003 -16"><span class='ocrx_word' id='word_1_399' title='bbox 2134 2497 2297 2560; x_wconf 82' lang='grc' dir='ltr'><strong>εὐθὺς</strong></span> <span class='ocrx_word' id='word_1_400' title='bbox 2334 2498 2462 2561; x_wconf 80' lang='grc' dir='ltr'><strong>τοὺς</strong></span> <span class='ocrx_word' id='word_1_401' title='bbox 2502 2496 2694 2566; x_wconf 80' lang='grc' dir='ltr'><strong>λόγους</strong></span> <span class='ocrx_word' id='word_1_402' title='bbox 2729 2499 2998 2564; x_wconf 80' lang='grc' dir='ltr'><strong>ἐδέξαντο.</strong></span> <span class='ocrx_word' id='word_1_403' title='bbox 3038 2500 3260 2566; x_wconf 81' lang='grc' dir='ltr'><strong>Ἔδοξεν</strong></span> <span class='ocrx_word' id='word_1_404' title='bbox 3286 2499 3379 2554; x_wconf 78' lang='grc' dir='ltr'><strong>οὖν</strong></span> <span class='ocrx_word' id='word_1_405' title='bbox 3397 2501 3589 2564; x_wconf 76' lang='grc' dir='ltr'><strong>αὐτοῖς</strong></span> <span class='ocrx_word' id='word_1_406' title='bbox 3619 2504 3716 2557; x_wconf 76' lang='grc' dir='ltr'><strong>καὶ</strong></span> 
     </span>
    </p>
   </div>
   <div class='ocr_carea' id='block_1_57' title="bbox 2133 2593 3718 2668">
    <p class='ocr_par' dir='ltr' id='par_1_57' title="bbox 2133 2593 3718 2668">
     <span class='ocr_line' id='line_1_57' title="bbox 2133 2593 3718 2668; baseline 0.003 -20"><span class='ocrx_word' id='word_1_407' title='bbox 2133 2593 2356 2662; x_wconf 79' lang='grc' dir='ltr'><strong>ἑτέρους</strong></span> <span class='ocrx_word' id='word_1_408' title='bbox 2389 2594 2938 2663; x_wconf 76' lang='grc' dir='ltr'><strong>προσεταιρίσασθαι.</strong></span> <span class='ocrx_word' id='word_1_409' title='bbox 2964 2596 3075 2650; x_wconf 71' lang='grc' dir='ltr'><strong>Καὶ</strong></span> <span class='ocrx_word' id='word_1_410' title='bbox 3113 2597 3347 2665; x_wconf 81' lang='grc' dir='ltr'><strong>Ὀτάνης</strong></span> <span class='ocrx_word' id='word_1_411' title='bbox 3380 2597 3482 2668; x_wconf 80' lang='grc' dir='ltr'><strong>μὲν</strong></span> <span class='ocrx_word' id='word_1_412' title='bbox 3509 2599 3718 2666; x_wconf 78' lang='grc' dir='ltr'><strong>ἐπάγε-</strong></span> 
     </span>
    </p>
   </div>
   <div class='ocr_carea' id='block_1_58' title="bbox 2133 2686 3718 2762">
    <p class='ocr_par' dir='ltr' id='par_1_58' title="bbox 2133 2686 3718 2762">
     <span class='ocr_line' id='line_1_58' title="bbox 2133 2686 3718 2762; baseline 0.004 -24"><span class='ocrx_word' id='word_1_413' title='bbox 2133 2702 2226 2739; x_wconf 90' lang='grc' dir='ltr'><strong>ται</strong></span> <span class='ocrx_word' id='word_1_414' title='bbox 2261 2687 2634 2758; x_wconf 83' lang='grc' dir='ltr'><strong>Ίνταφέρνην,</strong></span> <span class='ocrx_word' id='word_1_415' title='bbox 2663 2686 2926 2756; x_wconf 82' lang='grc' dir='ltr'><strong>Γωϐρύας</strong></span> <span class='ocrx_word' id='word_1_416' title='bbox 2963 2687 3022 2740; x_wconf 81' lang='grc' dir='ltr'><strong>δέ</strong></span> <span class='ocrx_word' id='word_1_417' title='bbox 3062 2688 3406 2757; x_wconf 75' lang='grc' dir='ltr'><strong>Μεγάϐυζον,</strong></span> <span class='ocrx_word' id='word_1_418' title='bbox 3444 2690 3718 2762; x_wconf 82' lang='grc' dir='ltr'><strong>’Υδάρνην</strong></span> 
     </span>
    </p>
   </div>
   <div class='ocr_carea' id='block_1_59' title="bbox 2133 2775 3717 2851">
    <p class='ocr_par' dir='ltr' id='par_1_59' title="bbox 2133 2775 3717 2851">
     <span class='ocr_line' id='line_1_59' title="bbox 2133 2775 3717 2851; baseline 0.001 -21"><span class='ocrx_word' id='word_1_419' title='bbox 2133 2776 2191 2830; x_wconf 81' lang='grc' dir='ltr'><strong>δὲ</strong></span> <span class='ocrx_word' id='word_1_420' title='bbox 2226 2775 2586 2846; x_wconf 77' lang='grc' dir='ltr'><strong>Ἀσπαθίνης,</strong></span> <span class='ocrx_word' id='word_1_421' title='bbox 2619 2777 2714 2830; x_wconf 76' lang='grc' dir='ltr'><strong>καὶ</strong></span> <span class='ocrx_word' id='word_1_422' title='bbox 2766 2777 2981 2849; x_wconf 79' lang='grc' dir='ltr'><strong>Δαρείῳ</strong></span> <span class='ocrx_word' id='word_1_423' title='bbox 3029 2777 3087 2830; x_wconf 77' lang='grc' dir='ltr'><strong>δὲ</strong></span> <span class='ocrx_word' id='word_1_424' title='bbox 3135 2777 3215 2847; x_wconf 83' lang='grc' dir='ltr'><strong>τῷ</strong></span> <span class='ocrx_word' id='word_1_425' title='bbox 3263 2778 3574 2837; x_wconf 77' lang='grc' dir='ltr'><strong>Ὑστάσπου</strong></span> <span class='ocrx_word' id='word_1_426' title='bbox 3613 2782 3717 2851; x_wconf 72' lang='grc' dir='ltr'><strong>υἱῷ</strong></span> 
     </span>
    </p>
   </div>
   <div class='ocr_carea' id='block_1_60' title="bbox 2134 2866 3717 2942">
    <p class='ocr_par' dir='ltr' id='par_1_60' title="bbox 2134 2866 3717 2942">
     <span class='ocr_line' id='line_1_60' title="bbox 2134 2866 3717 2942; baseline 0.004 -22"><span class='ocrx_word' id='word_1_427' title='bbox 2134 2866 2263 2935; x_wconf 76' lang='grc' dir='ltr'><strong>ἄρτι</strong></span> <span class='ocrx_word' id='word_1_428' title='bbox 2293 2867 2427 2935; x_wconf 76' lang='grc' dir='ltr'><strong>πρὸς</strong></span> <span class='ocrx_word' id='word_1_429' title='bbox 2452 2866 2629 2921; x_wconf 83' lang='grc' dir='ltr'><strong>Σοῦσα</strong></span> <span class='ocrx_word' id='word_1_430' title='bbox 2663 2869 2727 2920; x_wconf 85' lang='grc' dir='ltr'><strong>ἐκ</strong></span> <span class='ocrx_word' id='word_1_431' title='bbox 2759 2868 3023 2938; x_wconf 81' lang='grc' dir='ltr'><strong>Περσίδος</strong></span> <span class='ocrx_word' id='word_1_432' title='bbox 3051 2868 3282 2932; x_wconf 74' lang='grc' dir='ltr'><strong>ἐλθόντι,</strong></span> <span class='ocrx_word' id='word_1_433' title='bbox 3315 2871 3375 2922; x_wconf 71' lang='grc' dir='ltr'><strong>τὸ</strong></span> <span class='ocrx_word' id='word_1_434' title='bbox 3397 2871 3717 2942; x_wconf 75' lang='grc' dir='ltr'><strong>ἀπόρρητον</strong></span> 
     </span>
    </p>
   </div>
   <div class='ocr_carea' id='block_1_61' title="bbox 2136 2959 3716 3038">
    <p class='ocr_par' dir='ltr' id='par_1_61' title="bbox 2136 2959 3716 3038">
     <span class='ocr_line' id='line_1_61' title="bbox 2136 2959 3716 3038; baseline 0.005 -26"><span class='ocrx_word' id='word_1_435' title='bbox 2136 2961 2517 3016; x_wconf 80' lang='grc' dir='ltr'><strong>ἐκοινώσαντο.</strong></span> <span class='ocrx_word' id='word_1_436' title='bbox 2559 2960 2618 3012; x_wconf 90' lang='grc' dir='ltr'>Ὀ</span> <span class='ocrx_word' id='word_1_437' title='bbox 2655 2959 2713 3013; x_wconf 77' lang='grc' dir='ltr'><strong>δὲ</strong></span> <span class='ocrx_word' id='word_1_438' title='bbox 2755 2960 2848 3014; x_wconf 84' lang='grc' dir='ltr'><strong>καὶ</strong></span> <span class='ocrx_word' id='word_1_439' title='bbox 2881 2962 3100 3028; x_wconf 72' lang='grc' dir='ltr'><strong>ἐδέξατο</strong></span> <span class='ocrx_word' id='word_1_440' title='bbox 3125 2963 3216 3016; x_wconf 84' lang='grc' dir='ltr'><strong>τὸν</strong></span> <span class='ocrx_word' id='word_1_441' title='bbox 3245 2963 3423 3031; x_wconf 79' lang='grc' dir='ltr'><strong>λόγον,</strong></span> <span class='ocrx_word' id='word_1_442' title='bbox 3455 2968 3550 3018; x_wconf 77' lang='grc' dir='ltr'><strong>καὶ</strong></span> <span class='ocrx_word' id='word_1_443' title='bbox 3578 2968 3716 3038; x_wconf 76' lang='grc' dir='ltr'><strong>πρ³ς</strong></span> 
     </span>
    </p>
   </div>
   <div class='ocr_carea' id='block_1_62' title="bbox 452 3037 2033 3129">
    <p class='ocr_par' dir='ltr' id='par_1_62' title="bbox 452 3037 2025 3126">
     <span class='ocr_line' id='line_1_62' title="bbox 452 3037 2025 3126; baseline 0.011 -32"><span class='ocrx_word' id='word_1_444' title='bbox 452 3037 742 3099; x_wconf 83' lang='lat' dir='ltr'><strong>inciderat.</strong></span> <span class='ocrx_word' id='word_1_445' title='bbox 797 3046 934 3103; x_wconf 91' lang='lat' dir='ltr'><strong>Cum</strong></span> <span class='ocrx_word' id='word_1_446' title='bbox 993 3051 1144 3106; x_wconf 88' lang='lat' dir='ltr'><strong>enim</strong></span> <span class='ocrx_word' id='word_1_447' title='bbox 1193 3053 1400 3111; x_wconf 87' lang='lat' dir='ltr'><strong>scirent</strong></span> <span class='ocrx_word' id='word_1_448' title='bbox 1446 3055 1614 3124; x_wconf 82' lang='lat' dir='ltr'><strong>utngi,</strong></span> <span class='ocrx_word' id='word_1_449' title='bbox 1674 3056 2025 3126; x_wconf 85' lang='lat' dir='ltr'><strong>Prexaspem,</strong></span> 
     </span>
    </p>
   </div>
   <div class='ocr_carea' id='block_1_63' title="bbox 2137 3037 3719 3129">
    <p class='ocr_par' dir='ltr' id='par_1_63' title="bbox 2137 3052 3719 3128">
     <span class='ocr_line' id='line_1_63' title="bbox 2137 3052 3719 3128; baseline 0.006 -25"><span class='ocrx_word' id='word_1_450' title='bbox 2137 3054 2233 3122; x_wconf 76' lang='grc' dir='ltr'><strong>τὴν</strong></span> <span class='ocrx_word' id='word_1_451' title='bbox 2262 3052 2464 3122; x_wconf 80' lang='grc' dir='ltr'><strong>πρᾶξιν</strong></span> <span class='ocrx_word' id='word_1_452' title='bbox 2498 3052 2696 3110; x_wconf 82' lang='grc' dir='ltr'><strong>αὐτίκα</strong></span> <span class='ocrx_word' id='word_1_453' title='bbox 2723 3055 2902 3124; x_wconf 80' lang='grc' dir='ltr'><strong>ὁρμᾷν</strong></span> <span class='ocrx_word' id='word_1_454' title='bbox 2936 3055 3338 3110; x_wconf 81' lang='grc' dir='ltr'><strong>συνεϐούλευεν·</strong></span> <span class='ocrx_word' id='word_1_455' title='bbox 3375 3059 3406 3127; x_wconf 71' lang='grc' dir='ltr'>ἢ</span> <span class='ocrx_word' id='word_1_456' title='bbox 3445 3060 3545 3128; x_wconf 84' lang='grc' dir='ltr'><strong>τῆς</strong></span> <span class='ocrx_word' id='word_1_457' title='bbox 3570 3077 3719 3128; x_wconf 83' lang='grc' dir='ltr'><strong>παρ-</strong></span> 
     </span>
    </p>
   </div>
   <div class='ocr_carea' id='block_1_64' title="bbox 453 3132 2033 3218">
    <p class='ocr_par' dir='ltr' id='par_1_64' title="bbox 453 3132 2030 3215">
     <span class='ocr_line' id='line_1_64' title="bbox 453 3132 2030 3215; baseline 0.008 -26"><span class='ocrx_word' id='word_1_458' title='bbox 453 3132 701 3192; x_wconf 83' lang='lat' dir='ltr'><strong>Smerdis</strong></span> <span class='ocrx_word' id='word_1_459' title='bbox 724 3138 849 3209; x_wconf 86' lang='lat' dir='ltr'><strong>Cyri</strong></span> <span class='ocrx_word' id='word_1_460' title='bbox 880 3139 976 3196; x_wconf 85' lang='lat' dir='ltr'><strong>ﬁlii</strong></span> <span class='ocrx_word' id='word_1_461' title='bbox 1007 3154 1352 3212; x_wconf 86' lang='lat' dir='ltr'><strong>perpetrasse</strong></span> <span class='ocrx_word' id='word_1_462' title='bbox 1381 3145 1606 3208; x_wconf 81' lang='lat' dir='ltr'><strong>caedem,</strong></span> <span class='ocrx_word' id='word_1_463' title='bbox 1646 3155 1812 3215; x_wconf 91' lang='lat' dir='ltr'><strong>atque</strong></span> <span class='ocrx_word' id='word_1_464' title='bbox 1859 3147 1937 3202; x_wconf 91' lang='lat' dir='ltr'><strong>ob</strong></span> <span class='ocrx_word' id='word_1_465' title='bbox 1977 3148 2030 3202; x_wconf 91' lang='lat' dir='ltr'><strong>id</strong></span> 
     </span>
    </p>
   </div>
   <div class='ocr_carea' id='block_1_65' title="bbox 2137 3132 3718 3218">
    <p class='ocr_par' dir='ltr' id='par_1_65' title="bbox 2139 3143 3718 3218">
     <span class='ocr_line' id='line_1_65' title="bbox 2139 3143 3718 3218; baseline 0.004 -21"><span class='ocrx_word' id='word_1_466' title='bbox 2139 3143 2304 3214; x_wconf 77' lang='grc' dir='ltr'><strong>ούσης</strong></span> <span class='ocrx_word' id='word_1_467' title='bbox 2339 3145 2552 3214; x_wconf 74' lang='grc' dir='ltr'><strong>ἡμέρας</strong></span> <span class='ocrx_word' id='word_1_468' title='bbox 2592 3145 2848 3214; x_wconf 77' lang='grc' dir='ltr'><strong>διακενῆς</strong></span> <span class='ocrx_word' id='word_1_469' title='bbox 2883 3148 3322 3216; x_wconf 75' lang='grc' dir='ltr'><strong>παρερχομένης,</strong></span> <span class='ocrx_word' id='word_1_470' title='bbox 3360 3150 3520 3213; x_wconf 76' lang='grc' dir='ltr'><strong>αὐτὸς</strong></span> <span class='ocrx_word' id='word_1_471' title='bbox 3561 3150 3718 3218; x_wconf 78' lang='grc' dir='ltr'><strong>ἔλεγε</strong></span> 
     </span>
    </p>
   </div>
   <div class='ocr_carea' id='block_1_66' title="bbox 453 3223 2032 3293">
    <p class='ocr_par' dir='ltr' id='par_1_66' title="bbox 453 3223 2032 3293">
     <span class='ocr_line' id='line_1_66' title="bbox 453 3223 2032 3293; baseline 0.009 -14"><span class='ocrx_word' id='word_1_472' title='bbox 453 3223 669 3283; x_wconf 84' lang='lat' dir='ltr'><strong>facinus</strong></span> <span class='ocrx_word' id='word_1_473' title='bbox 718 3229 860 3286; x_wconf 87' lang='lat' dir='ltr'><strong>male</strong></span> <span class='ocrx_word' id='word_1_474' title='bbox 895 3230 1092 3288; x_wconf 90' lang='lat' dir='ltr'><strong>audire</strong></span> <span class='ocrx_word' id='word_1_475' title='bbox 1138 3249 1166 3286; x_wconf 84' lang='grc' dir='ltr'><strong>ο</strong></span> <span class='ocrx_word' id='word_1_476' title='bbox 1216 3234 1443 3290; x_wconf 86' lang='lat' dir='ltr'><strong>Persis:</strong></span> <span class='ocrx_word' id='word_1_477' title='bbox 1504 3234 1746 3292; x_wconf 86' lang='lat' dir='ltr'><strong>amicitia</strong></span> <span class='ocrx_word' id='word_1_478' title='bbox 1781 3251 1908 3291; x_wconf 89' lang='lat' dir='ltr'><strong>cum</strong></span> <span class='ocrx_word' id='word_1_479' title='bbox 1964 3253 2032 3293; x_wconf 88' lang='lat' dir='ltr'><strong>eo</strong></span> 
     </span>
    </p>
   </div>
   <div class='ocr_carea' id='block_1_67' title="bbox 454 3307 2045 3396">
    <p class='ocr_par' dir='ltr' id='par_1_67' title="bbox 454 3307 2045 3396">
     <span class='ocr_line' id='line_1_67' title="bbox 454 3307 2045 3396; baseline 0.009 -24"><span class='ocrx_word' id='word_1_480' title='bbox 454 3317 614 3384; x_wconf 87' lang='lat' dir='ltr'><strong>inita,</strong></span> <span class='ocrx_word' id='word_1_481' title='bbox 672 3336 976 3393; x_wconf 78' lang='lat' dir='ltr'><strong>magnaque</strong></span> <span class='ocrx_word' id='word_1_482' title='bbox 1029 3325 1286 3394; x_wconf 85' lang='lat' dir='ltr'><strong>polliciti,</strong></span> <span class='ocrx_word' id='word_1_483' title='bbox 1331 3327 1699 3396; x_wconf 81' lang='lat' dir='ltr'><strong>jurejurando</strong></span> <span class='ocrx_word' id='word_1_484' title='bbox 1750 3307 2045 3386; x_wconf 84' lang='lat' dir='ltr'><strong>hominem</strong></span> 
     </span>
    </p>
   </div>
   <div class='ocr_carea' id='block_1_68' title="bbox 455 3410 2033 3492">
    <p class='ocr_par' dir='ltr' id='par_1_68' title="bbox 455 3410 2033 3492">
     <span class='ocr_line' id='line_1_68' title="bbox 455 3410 2033 3492; baseline 0.009 -28"><span class='ocrx_word' id='word_1_485' title='bbox 455 3410 892 3478; x_wconf 83' lang='lat' dir='ltr'><strong>obstrinxerant,</strong></span> <span class='ocrx_word' id='word_1_486' title='bbox 929 3431 998 3470; x_wconf 90' lang='lat' dir='ltr'><strong>ne</strong></span> <span class='ocrx_word' id='word_1_487' title='bbox 1024 3417 1113 3473; x_wconf 92' lang='lat' dir='ltr'><strong>cui</strong></span> <span class='ocrx_word' id='word_1_488' title='bbox 1159 3426 1534 3476; x_wconf 85' lang='lat' dir='ltr'><strong>commentum</strong></span> <span class='ocrx_word' id='word_1_489' title='bbox 1557 3419 1692 3475; x_wconf 90' lang='lat' dir='ltr'><strong>illud</strong></span> <span class='ocrx_word' id='word_1_490' title='bbox 1727 3420 2033 3492; x_wconf 78' lang='lat' dir='ltr'><strong>detegeret.</strong></span> 
     </span>
    </p>
   </div>
   <div class='ocr_carea' id='block_1_69' title="bbox 337 3497 2036 3576">
    <p class='ocr_par' dir='ltr' id='par_1_69' title="bbox 337 3497 2036 3576">
     <span class='ocr_line' id='line_1_69' title="bbox 337 3497 2036 3576; baseline 0.014 -29"><span class='ocrx_word' id='word_1_491' title='bbox 337 3546 342 3547; x_wconf 63' lang='lat'><strong>,</strong></span> <span class='ocrx_word' id='word_1_492' title='bbox 457 3497 590 3565; x_wconf 65' lang='lat' dir='ltr'><strong>Quae</strong></span> <span class='ocrx_word' id='word_1_493' title='bbox 617 3517 740 3556; x_wconf 91' lang='lat' dir='ltr'><strong>cum</strong></span> <span class='ocrx_word' id='word_1_494' title='bbox 769 3503 861 3558; x_wconf 86' lang='lat' dir='ltr'><strong>ille</strong></span> <span class='ocrx_word' id='word_1_495' title='bbox 898 3505 1268 3574; x_wconf 88' lang='lat' dir='ltr'><strong>promisisset,</strong></span> <span class='ocrx_word' id='word_1_496' title='bbox 1318 3507 1745 3576; x_wconf 78' lang='lat' dir='ltr'><strong>subjunxerunt,</strong></span> <span class='ocrx_word' id='word_1_497' title='bbox 1773 3526 1833 3568; x_wconf 79' lang='lat' dir='ltr'><strong>se</strong></span> <span class='ocrx_word' id='word_1_498' title='bbox 1863 3512 2036 3570; x_wconf 87' lang='lat' dir='ltr'><strong>advo-</strong></span> 
     </span>
    </p>
   </div>
   <div class='ocr_carea' id='block_1_70' title="bbox 458 3596 2038 3668">
    <p class='ocr_par' dir='ltr' id='par_1_70' title="bbox 458 3596 2038 3668">
     <span class='ocr_line' id='line_1_70' title="bbox 458 3596 2038 3668; baseline 0.008 -22"><span class='ocrx_word' id='word_1_499' title='bbox 458 3601 682 3650; x_wconf 89' lang='lat' dir='ltr'><strong>caturos</strong></span> <span class='ocrx_word' id='word_1_500' title='bbox 719 3596 985 3664; x_wconf 87' lang='lat' dir='ltr'><strong>populum</strong></span> <span class='ocrx_word' id='word_1_501' title='bbox 1024 3597 1092 3652; x_wconf 89' lang='lat' dir='ltr'><strong>ad</strong></span> <span class='ocrx_word' id='word_1_502' title='bbox 1141 3598 1342 3656; x_wconf 85' lang='lat' dir='ltr'><strong>moenia</strong></span> <span class='ocrx_word' id='word_1_503' title='bbox 1379 3599 1573 3668; x_wconf 69' lang='lat' dir='ltr'><strong>regiae;</strong></span> <span class='ocrx_word' id='word_1_504' title='bbox 1601 3602 1684 3666; x_wconf 88' lang='lat' dir='ltr'><strong>ei,</strong></span> <span class='ocrx_word' id='word_1_505' title='bbox 1723 3603 1863 3656; x_wconf 90' lang='lat' dir='ltr'><strong>turri</strong></span> <span class='ocrx_word' id='word_1_506' title='bbox 1905 3617 2038 3658; x_wconf 92' lang='lat' dir='ltr'><strong>con-</strong></span> 
     </span>
    </p>
   </div>
   <div class='ocr_carea' id='block_1_71' title="bbox 423 3687 2035 3762">
    <p class='ocr_par' dir='ltr' id='par_1_71' title="bbox 423 3687 2035 3762">
     <span class='ocr_line' id='line_1_71' title="bbox 423 3687 2035 3762; baseline 0.009 -25"><span class='ocrx_word' id='word_1_507' title='bbox 423 3698 677 3746; x_wconf 81' lang='lat' dir='ltr'><strong>scensa,</strong></span> <span class='ocrx_word' id='word_1_508' title='bbox 733 3687 1211 3755; x_wconf 87' lang='lat' dir='ltr'><strong>proclamandum,</strong></span> <span class='ocrx_word' id='word_1_509' title='bbox 1263 3691 1525 3748; x_wconf 87' lang='lat' dir='ltr'><strong>omnibus</strong></span> <span class='ocrx_word' id='word_1_510' title='bbox 1586 3693 2035 3762; x_wconf 78' lang='lat' dir='ltr'><strong>exaudientibus,</strong></span> 
     </span>
    </p>
   </div>
   <div class='ocr_carea' id='block_1_72' title="bbox 461 3774 2034 3856">
    <p class='ocr_par' dir='ltr' id='par_1_72' title="bbox 461 3774 2034 3856">
     <span class='ocr_line' id='line_1_72' title="bbox 461 3774 2034 3856; baseline 0.008 -27"><span class='ocrx_word' id='word_1_511' title='bbox 461 3775 734 3830; x_wconf 78' lang='lat' dir='ltr'><strong>Smerdiiu</strong></span> <span class='ocrx_word' id='word_1_512' title='bbox 770 3776 900 3848; x_wconf 87' lang='lat' dir='ltr'><strong>Cyri</strong></span> <span class='ocrx_word' id='word_1_513' title='bbox 934 3774 1127 3845; x_wconf 84' lang='lat' dir='ltr'><strong>lilium,</strong></span> <span class='ocrx_word' id='word_1_514' title='bbox 1159 3790 1216 3836; x_wconf 89' lang='lat' dir='ltr'><strong>et</strong></span> <span class='ocrx_word' id='word_1_515' title='bbox 1261 3796 1371 3840; x_wconf 90' lang='lat' dir='ltr'><strong>non</strong></span> <span class='ocrx_word' id='word_1_516' title='bbox 1413 3781 1605 3847; x_wconf 81' lang='lat' dir='ltr'><strong>alium,</strong></span> <span class='ocrx_word' id='word_1_517' title='bbox 1652 3798 1774 3838; x_wconf 82' lang='lat' dir='ltr'><strong>esse</strong></span> <span class='ocrx_word' id='word_1_518' title='bbox 1829 3801 2034 3856; x_wconf 66' lang='lat' dir='ltr'><strong>regem.</strong></span> 
     </span>
    </p>
   </div>
   <div class='ocr_carea' id='block_1_73' title="bbox 459 3864 2038 3949">
    <p class='ocr_par' dir='ltr' id='par_1_73' title="bbox 459 3864 2038 3949">
     <span class='ocr_line' id='line_1_73' title="bbox 459 3864 2038 3949; baseline 0.008 -30"><span class='ocrx_word' id='word_1_519' title='bbox 459 3864 596 3921; x_wconf 84' lang='lat' dir='ltr'><strong>Nam</strong></span> <span class='ocrx_word' id='word_1_520' title='bbox 621 3883 680 3924; x_wconf 88' lang='lat' dir='ltr'><strong>se</strong></span> <span class='ocrx_word' id='word_1_521' title='bbox 710 3867 786 3923; x_wconf 92' lang='lat' dir='ltr'><strong>illi</strong></span> <span class='ocrx_word' id='word_1_522' title='bbox 819 3872 1154 3940; x_wconf 84' lang='lat' dir='ltr'><strong>pepercisse,</strong></span> <span class='ocrx_word' id='word_1_523' title='bbox 1186 3888 1289 3931; x_wconf 89' lang='lat' dir='ltr'><strong>nec</strong></span> <span class='ocrx_word' id='word_1_524' title='bbox 1320 3874 1613 3938; x_wconf 84' lang='lat' dir='ltr'><strong>occidisse,</strong></span> <span class='ocrx_word' id='word_1_525' title='bbox 1647 3886 1707 3932; x_wconf 92' lang='lat' dir='ltr'><strong>ut</strong></span> <span class='ocrx_word' id='word_1_526' title='bbox 1736 3875 2038 3949; x_wconf 79' lang='lat' dir='ltr'><strong>Cambyses</strong></span> 
     </span>
    </p>
   </div>
   <div class='ocr_carea' id='block_1_74' title="bbox 455 3959 2040 4037">
    <p class='ocr_par' dir='ltr' id='par_1_74' title="bbox 455 3959 2040 4037">
     <span class='ocr_line' id='line_1_74' title="bbox 455 3959 2040 4037; baseline 0.005 -23"><span class='ocrx_word' id='word_1_527' title='bbox 455 3959 738 4030; x_wconf 76' lang='lat' dir='ltr'><strong>iussisset.</strong></span> <span class='ocrx_word' id='word_1_528' title='bbox 763 3962 900 4017; x_wconf 87' lang='lat' dir='ltr'><strong>Cum</strong></span> <span class='ocrx_word' id='word_1_529' title='bbox 925 3971 979 4022; x_wconf 90' lang='lat' dir='ltr'><strong>et</strong></span> <span class='ocrx_word' id='word_1_530' title='bbox 1021 3965 1138 4021; x_wconf 62' lang='lat' dir='ltr'><strong>hac</strong></span> <span class='ocrx_word' id='word_1_531' title='bbox 1164 3965 1530 4034; x_wconf 86' lang='lat' dir='ltr'><strong>promisisset,</strong></span> <span class='ocrx_word' id='word_1_532' title='bbox 1563 3978 1901 4025; x_wconf 79' lang='lat' dir='ltr'><strong>convocatur</strong></span> <span class='ocrx_word' id='word_1_533' title='bbox 1942 3984 2040 4037; x_wconf 88' lang='lat' dir='ltr'><strong>po-</strong></span> 
     </span>
    </p>
   </div>
   <div class='ocr_carea' id='block_1_75' title="bbox 462 4053 2037 4125">
    <p class='ocr_par' dir='ltr' id='par_1_75' title="bbox 462 4053 2037 4125">
     <span class='ocr_line' id='line_1_75' title="bbox 462 4053 2037 4125; baseline 0.005 -17"><span class='ocrx_word' id='word_1_534' title='bbox 462 4053 667 4122; x_wconf 77' lang='lat' dir='ltr'><strong>pulus:</strong></span> <span class='ocrx_word' id='word_1_535' title='bbox 699 4053 1002 4124; x_wconf 79' lang='lat' dir='ltr'><strong>Prexaspes</strong></span> <span class='ocrx_word' id='word_1_536' title='bbox 1044 4055 1238 4110; x_wconf 88' lang='lat' dir='ltr'><strong>turrim</strong></span> <span class='ocrx_word' id='word_1_537' title='bbox 1290 4057 1447 4125; x_wconf 80' lang='lat'><strong>172</strong></span> <span class='ocrx_word' id='word_1_538' title='bbox 1477 4057 1824 4119; x_wconf 85' lang='lat' dir='ltr'><strong>conscendit,</strong></span> <span class='ocrx_word' id='word_1_539' title='bbox 1867 4057 2037 4116; x_wconf 83' lang='lat' dir='ltr'><strong>bene-</strong></span> 
     </span>
    </p>
   </div>
   <div class='ocr_carea' id='block_1_76' title="bbox 461 4144 2037 4215">
    <p class='ocr_par' dir='ltr' id='par_1_76' title="bbox 461 4144 2037 4215">
     <span class='ocr_line' id='line_1_76' title="bbox 461 4144 2037 4215; baseline 0.005 -18"><span class='ocrx_word' id='word_1_540' title='bbox 461 4144 587 4200; x_wconf 81' lang='lat' dir='ltr'><strong>llcia</strong></span> <span class='ocrx_word' id='word_1_541' title='bbox 610 4159 642 4198; x_wconf 89' lang='lat' dir='ltr'><strong>a</strong></span> <span class='ocrx_word' id='word_1_542' title='bbox 669 4144 812 4215; x_wconf 88' lang='lat' dir='ltr'><strong>Cyro</strong></span> <span class='ocrx_word' id='word_1_543' title='bbox 840 4145 896 4199; x_wconf 93' lang='lat' dir='ltr'><strong>in</strong></span> <span class='ocrx_word' id='word_1_544' title='bbox 927 4145 1122 4201; x_wconf 88' lang='lat' dir='ltr'><strong>Persas</strong></span> <span class='ocrx_word' id='word_1_545' title='bbox 1162 4145 1360 4200; x_wconf 87' lang='lat' dir='ltr'><strong>collata</strong></span> <span class='ocrx_word' id='word_1_546' title='bbox 1397 4159 1814 4202; x_wconf 87' lang='lat' dir='ltr'><strong>commemorat.</strong></span> <span class='ocrx_word' id='word_1_547' title='bbox 1839 4149 2037 4205; x_wconf 88' lang='lat' dir='ltr'><strong>Filium</strong></span> 
     </span>
    </p>
   </div>
   <div class='ocr_carea' id='block_1_77' title="bbox 461 4235 2038 4307">
    <p class='ocr_par' dir='ltr' id='par_1_77' title="bbox 461 4235 2038 4307">
     <span class='ocr_line' id='line_1_77' title="bbox 461 4235 2038 4307; baseline 0.003 -15"><span class='ocrx_word' id='word_1_548' title='bbox 461 4237 586 4306; x_wconf 86' lang='lat' dir='ltr'><strong>ejus</strong></span> <span class='ocrx_word' id='word_1_549' title='bbox 636 4236 890 4292; x_wconf 87' lang='lat' dir='ltr'><strong>Smerdin</strong></span> <span class='ocrx_word' id='word_1_550' title='bbox 933 4251 994 4292; x_wconf 88' lang='lat' dir='ltr'><strong>se</strong></span> <span class='ocrx_word' id='word_1_551' title='bbox 1041 4251 1072 4289; x_wconf 90' lang='lat' dir='ltr'><strong>a</strong></span> <span class='ocrx_word' id='word_1_552' title='bbox 1121 4235 1389 4307; x_wconf 80' lang='lat' dir='ltr'><strong>Cambyse</strong></span> <span class='ocrx_word' id='word_1_553' title='bbox 1439 4245 1692 4294; x_wconf 89' lang='lat' dir='ltr'><strong>coactum</strong></span> <span class='ocrx_word' id='word_1_554' title='bbox 1746 4239 2038 4304; x_wconf 85' lang='lat' dir='ltr'><strong>occidisse,</strong></span> 
     </span>
    </p>
   </div>
   <div class='ocr_carea' id='block_1_78' title="bbox 465 4327 2042 4397">
    <p class='ocr_par' dir='ltr' id='par_1_78' title="bbox 465 4327 2042 4397">
     <span class='ocr_line' id='line_1_78' title="bbox 465 4327 2042 4397; baseline 0.002 -13"><span class='ocrx_word' id='word_1_555' title='bbox 465 4343 654 4396; x_wconf 79' lang='lat' dir='ltr'><strong>magos</strong></span> <span class='ocrx_word' id='word_1_556' title='bbox 687 4336 872 4383; x_wconf 92' lang='lat' dir='ltr'><strong>tenere</strong></span> <span class='ocrx_word' id='word_1_557' title='bbox 907 4327 1201 4397; x_wconf 90' lang='lat' dir='ltr'><strong>imperium</strong></span> <span class='ocrx_word' id='word_1_558' title='bbox 1241 4327 1476 4386; x_wconf 80' lang='lat' dir='ltr'><strong>allirmat</strong></span> <span class='ocrx_word' id='word_1_559' title='bbox 1508 4345 1524 4382; x_wconf 86' lang='lat'><strong>:</strong></span> <span class='ocrx_word' id='word_1_560' title='bbox 1558 4329 1750 4386; x_wconf 85' lang='lat' dir='ltr'><strong>Persas</strong></span> <span class='ocrx_word' id='word_1_561' title='bbox 1788 4345 2042 4388; x_wconf 81' lang='lat' dir='ltr'><strong>exsecra-</strong></span> 
     </span>
    </p>
   </div>
   <div class='ocr_carea' id='block_1_79' title="bbox 2139 3236 3723 3311">
    <p class='ocr_par' dir='ltr' id='par_1_79' title="bbox 2139 3236 3723 3311">
     <span class='ocr_line' id='line_1_79' title="bbox 2139 3236 3723 3311; baseline 0.005 -21"><span class='ocrx_word' id='word_1_562' title='bbox 2139 3238 2391 3305; x_wconf 84' lang='grc' dir='ltr'><strong>γενέσθαι</strong></span> <span class='ocrx_word' id='word_1_563' title='bbox 2433 3236 2511 3307; x_wconf 79' lang='grc' dir='ltr'><strong>τῷ</strong></span> <span class='ocrx_word' id='word_1_564' title='bbox 2542 3238 2720 3306; x_wconf 77' lang='grc' dir='ltr'><strong>Μάγῳ</strong></span> <span class='ocrx_word' id='word_1_565' title='bbox 2754 3239 3000 3308; x_wconf 83' lang='grc' dir='ltr'><strong>μηνυτὴς</strong></span> <span class='ocrx_word' id='word_1_566' title='bbox 3041 3242 3139 3311; x_wconf 79' lang='grc' dir='ltr'><strong>τῆς</strong></span> <span class='ocrx_word' id='word_1_567' title='bbox 3184 3242 3498 3309; x_wconf 73' lang='grc' dir='ltr'><strong>ἐπιϐουλῆς.</strong></span> <span class='ocrx_word' id='word_1_568' title='bbox 3535 3245 3723 3298; x_wconf 80' lang='grc' dir='ltr'><strong>Ἐπεί-</strong></span> 
     </span>
    </p>
   </div>
   <div class='ocr_carea' id='block_1_80' title="bbox 2143 3329 3721 3401">
    <p class='ocr_par' dir='ltr' id='par_1_80' title="bbox 2143 3329 3721 3401">
     <span class='ocr_line' id='line_1_80' title="bbox 2143 3329 3721 3401; baseline 0.005 -19"><span class='ocrx_word' id='word_1_569' title='bbox 2143 3329 2352 3394; x_wconf 75' lang='grc' dir='ltr'><strong>σθησαν</strong></span> <span class='ocrx_word' id='word_1_570' title='bbox 2386 3331 2452 3399; x_wconf 82' lang='grc' dir='ltr'><strong>τῇ</strong></span> <span class='ocrx_word' id='word_1_571' title='bbox 2479 3330 2764 3400; x_wconf 85' lang='grc' dir='ltr'><strong>συμϐουλῇ</strong></span> <span class='ocrx_word' id='word_1_572' title='bbox 2791 3331 2886 3385; x_wconf 80' lang='grc' dir='ltr'><strong>τοῦ</strong></span> <span class='ocrx_word' id='word_1_573' title='bbox 2911 3332 3162 3401; x_wconf 79' lang='grc' dir='ltr'><strong>Δαρείου,</strong></span> <span class='ocrx_word' id='word_1_574' title='bbox 3193 3334 3288 3388; x_wconf 79' lang='grc' dir='ltr'><strong>καὶ</strong></span> <span class='ocrx_word' id='word_1_575' title='bbox 3320 3335 3370 3386; x_wconf 85' lang='lat' dir='ltr'><strong>oi</strong></span> <span class='ocrx_word' id='word_1_576' title='bbox 3398 3334 3596 3400; x_wconf 54' lang='grc' dir='ltr'><strong>λοιποὶ,</strong></span> <span class='ocrx_word' id='word_1_577' title='bbox 3624 3337 3721 3390; x_wconf 72' lang='grc' dir='ltr'><strong>καὶ</strong></span> 
     </span>
    </p>
   </div>
   <div class='ocr_carea' id='block_1_81' title="bbox 2139 3420 3720 3498">
    <p class='ocr_par' dir='ltr' id='par_1_81' title="bbox 2139 3420 3720 3498">
     <span class='ocr_line' id='line_1_81' title="bbox 2139 3420 3720 3498; baseline 0.006 -25"><span class='ocrx_word' id='word_1_578' title='bbox 2139 3420 2234 3473; x_wconf 81' lang='grc' dir='ltr'><strong>τοῦ</strong></span> <span class='ocrx_word' id='word_1_579' title='bbox 2259 3420 2421 3490; x_wconf 74' lang='grc' dir='ltr'><strong>ἔργου</strong></span> <span class='ocrx_word' id='word_1_580' title='bbox 2455 3420 2692 3490; x_wconf 79' lang='grc' dir='ltr'><strong>εἴχοντοο</strong></span> <span class='ocrx_word' id='word_1_581' title='bbox 2729 3422 2936 3490; x_wconf 80' lang='grc' dir='ltr'><strong>Συνέϐη</strong></span> <span class='ocrx_word' id='word_1_582' title='bbox 2978 3424 3036 3477; x_wconf 87' lang='grc' dir='ltr'><strong>δέ</strong></span> <span class='ocrx_word' id='word_1_583' title='bbox 3073 3441 3126 3477; x_wconf 79' lang='grc' dir='ltr'><strong>τι</strong></span> <span class='ocrx_word' id='word_1_584' title='bbox 3159 3426 3254 3478; x_wconf 79' lang='grc' dir='ltr'><strong>καὶ</strong></span> <span class='ocrx_word' id='word_1_585' title='bbox 3290 3426 3502 3498; x_wconf 72' lang='grc' dir='ltr'><strong>ἕτερον,</strong></span> <span class='ocrx_word' id='word_1_586' title='bbox 3530 3429 3558 3482; x_wconf 79' lang='grc' dir='ltr'><strong>ὃ</strong></span> <span class='ocrx_word' id='word_1_587' title='bbox 3593 3431 3720 3483; x_wconf 85' lang='grc' dir='ltr'><strong>ἐπι-</strong></span> 
     </span>
    </p>
   </div>
   <div class='ocr_carea' id='block_1_82' title="bbox 2143 3511 3722 3590">
    <p class='ocr_par' dir='ltr' id='par_1_82' title="bbox 2143 3511 3722 3590">
     <span class='ocr_line' id='line_1_82' title="bbox 2143 3511 3722 3590; baseline 0.006 -27"><span class='ocrx_word' id='word_1_588' title='bbox 2143 3511 2377 3564; x_wconf 79' lang='grc' dir='ltr'><strong>σπεῦσαι</strong></span> <span class='ocrx_word' id='word_1_589' title='bbox 2401 3512 2604 3574; x_wconf 73' lang='grc' dir='ltr'><strong>αὐτοὺς</strong></span> <span class='ocrx_word' id='word_1_590' title='bbox 2631 3513 2856 3581; x_wconf 72' lang='grc' dir='ltr'><strong>ἠρέθισε</strong></span> <span class='ocrx_word' id='word_1_591' title='bbox 2894 3514 2994 3583; x_wconf 75' lang='grc' dir='ltr'><strong>τὴν</strong></span> <span class='ocrx_word' id='word_1_592' title='bbox 3020 3515 3356 3585; x_wconf 77' lang='grc' dir='ltr'><strong>ἐγχείρησιν.</strong></span> <span class='ocrx_word' id='word_1_593' title='bbox 3380 3517 3594 3580; x_wconf 73' lang='grc' dir='ltr'><strong>Εἰδότες</strong></span> <span class='ocrx_word' id='word_1_594' title='bbox 3609 3520 3722 3590; x_wconf 77' lang='grc' dir='ltr'><strong>γὰρ</strong></span> 
     </span>
    </p>
   </div>
   <div class='ocr_carea' id='block_1_83' title="bbox 2141 3603 3722 3681">
    <p class='ocr_par' dir='ltr' id='par_1_83' title="bbox 2141 3603 3722 3681">
     <span class='ocr_line' id='line_1_83' title="bbox 2141 3603 3722 3681; baseline 0.008 -28"><span class='ocrx_word' id='word_1_595' title='bbox 2141 3604 2191 3656; x_wconf 78' lang='grc' dir='ltr'><strong>οἱ</strong></span> <span class='ocrx_word' id='word_1_596' title='bbox 2225 3603 2411 3671; x_wconf 84' lang='grc' dir='ltr'><strong>μάγοι,</strong></span> <span class='ocrx_word' id='word_1_597' title='bbox 2433 3603 2514 3657; x_wconf 84' lang='grc' dir='ltr'><strong>ὅτι</strong></span> <span class='ocrx_word' id='word_1_598' title='bbox 2554 3603 2896 3676; x_wconf 81' lang='grc' dir='ltr'><strong>Πρηξάσπης</strong></span> <span class='ocrx_word' id='word_1_599' title='bbox 2919 3607 3319 3678; x_wconf 84' lang='grc' dir='ltr'><strong>ἐχειρούργησε</strong></span> <span class='ocrx_word' id='word_1_600' title='bbox 3351 3609 3442 3664; x_wconf 77' lang='grc' dir='ltr'><strong>τὸν</strong></span> <span class='ocrx_word' id='word_1_601' title='bbox 3473 3611 3722 3681; x_wconf 84' lang='grc' dir='ltr'><strong>Σμέρδου</strong></span> 
     </span>
    </p>
   </div>
   <div class='ocr_carea' id='block_1_84' title="bbox 2143 3693 3722 3774">
    <p class='ocr_par' dir='ltr' id='par_1_84' title="bbox 2143 3693 3722 3774">
     <span class='ocr_line' id='line_1_84' title="bbox 2143 3693 3722 3774; baseline 0.003 -23"><span class='ocrx_word' id='word_1_602' title='bbox 2143 3696 2303 3761; x_wconf 75' lang='grc' dir='ltr'><strong>φόνον</strong></span> <span class='ocrx_word' id='word_1_603' title='bbox 2313 3693 2406 3750; x_wconf 80' lang='grc' dir='ltr'><strong>τοῦ</strong></span> <span class='ocrx_word' id='word_1_604' title='bbox 2427 3694 2608 3766; x_wconf 83' lang='grc' dir='ltr'><strong>Κύρου</strong></span> <span class='ocrx_word' id='word_1_605' title='bbox 2626 3696 2831 3760; x_wconf 71' lang='grc' dir='ltr'><strong>παιδὸς,</strong></span> <span class='ocrx_word' id='word_1_606' title='bbox 2849 3699 2944 3752; x_wconf 77' lang='grc' dir='ltr'><strong>καὶ</strong></span> <span class='ocrx_word' id='word_1_607' title='bbox 2975 3699 3057 3752; x_wconf 84' lang='grc' dir='ltr'><strong>ὅτι</strong></span> <span class='ocrx_word' id='word_1_608' title='bbox 3085 3699 3173 3752; x_wconf 84' lang='grc' dir='ltr'><strong>διὰ</strong></span> <span class='ocrx_word' id='word_1_609' title='bbox 3187 3699 3346 3753; x_wconf 81' lang='grc' dir='ltr'><strong>τοῦτο</strong></span> <span class='ocrx_word' id='word_1_610' title='bbox 3365 3701 3461 3757; x_wconf 76' lang='grc' dir='ltr'><strong>καὶ</strong></span> <span class='ocrx_word' id='word_1_611' title='bbox 3479 3704 3538 3756; x_wconf 75' lang='grc' dir='ltr'><strong>ἐν</strong></span> <span class='ocrx_word' id='word_1_612' title='bbox 3567 3705 3722 3774; x_wconf 69' lang='grc' dir='ltr'><strong>αἰτίᾳ</strong></span> 
     </span>
    </p>
   </div>
   <div class='ocr_carea' id='block_1_85' title="bbox 2142 3785 3722 3863">
    <p class='ocr_par' dir='ltr' id='par_1_85' title="bbox 2142 3785 3722 3863">
     <span class='ocr_line' id='line_1_85' title="bbox 2142 3785 3722 3863; baseline 0.006 -23"><span class='ocrx_word' id='word_1_613' title='bbox 2142 3788 2256 3851; x_wconf 82' lang='grc' dir='ltr'><strong>τοῖς</strong></span> <span class='ocrx_word' id='word_1_614' title='bbox 2286 3785 2525 3859; x_wconf 74' lang='grc' dir='ltr'><strong>Πέρσαις</strong></span> <span class='ocrx_word' id='word_1_615' title='bbox 2555 3789 2727 3852; x_wconf 70' lang='grc' dir='ltr'><strong>ἐστὶν,</strong></span> <span class='ocrx_word' id='word_1_616' title='bbox 2777 3789 3288 3859; x_wconf 80' lang='grc' dir='ltr'><strong>προσκαλεσάμενοι</strong></span> <span class='ocrx_word' id='word_1_617' title='bbox 3333 3791 3517 3858; x_wconf 78' lang='grc' dir='ltr'><strong>αὐτὸν,</strong></span> <span class='ocrx_word' id='word_1_618' title='bbox 3561 3795 3722 3863; x_wconf 76' lang='grc' dir='ltr'><strong>φίλον</strong></span> 
     </span>
    </p>
   </div>
   <div class='ocr_carea' id='block_1_86' title="bbox 2143 3880 3726 3952">
    <p class='ocr_par' dir='ltr' id='par_1_86' title="bbox 2143 3880 3726 3952">
     <span class='ocr_line' id='line_1_86' title="bbox 2143 3880 3726 3952; baseline 0.006 -22"><span class='ocrx_word' id='word_1_619' title='bbox 2143 3897 2204 3933; x_wconf 86' lang='grc' dir='ltr'><strong>τε</strong></span> <span class='ocrx_word' id='word_1_620' title='bbox 2254 3881 2558 3945; x_wconf 82' lang='grc' dir='ltr'><strong>ἐποιοῦντο,</strong></span> <span class='ocrx_word' id='word_1_621' title='bbox 2615 3880 2711 3932; x_wconf 68' lang='grc' dir='ltr'><strong>καὶ</strong></span> <span class='ocrx_word' id='word_1_622' title='bbox 2757 3881 2944 3951; x_wconf 76' lang='grc' dir='ltr'><strong>ὅρκοις</strong></span> <span class='ocrx_word' id='word_1_623' title='bbox 3009 3883 3566 3952; x_wconf 82' lang='grc' dir='ltr'><strong>προκατελάμϐανον,</strong></span> <span class='ocrx_word' id='word_1_624' title='bbox 3625 3887 3726 3939; x_wconf 85' lang='grc' dir='ltr'><strong>καὶ</strong></span> 
     </span>
    </p>
   </div>
   <div class='ocr_carea' id='block_1_87' title="bbox 2144 3971 3725 4043">
    <p class='ocr_par' dir='ltr' id='par_1_87' title="bbox 2144 3971 3725 4043">
     <span class='ocr_line' id='line_1_87' title="bbox 2144 3971 3725 4043; baseline 0.003 -19"><span class='ocrx_word' id='word_1_625' title='bbox 2144 3973 2427 4040; x_wconf 81' lang='grc' dir='ltr'><strong>λαμπραῖς</strong></span> <span class='ocrx_word' id='word_1_626' title='bbox 2480 3972 2830 4040; x_wconf 79' lang='grc' dir='ltr'><strong>ὑποσχέσεσι,</strong></span> <span class='ocrx_word' id='word_1_627' title='bbox 2888 3971 2963 4041; x_wconf 85' lang='grc' dir='ltr'><strong>μή</strong></span> <span class='ocrx_word' id='word_1_628' title='bbox 3013 3989 3122 4026; x_wconf 88' lang='grc' dir='ltr'><strong>τινι</strong></span> <span class='ocrx_word' id='word_1_629' title='bbox 3164 3973 3343 4033; x_wconf 80' lang='grc' dir='ltr'><strong>αὐτῶν</strong></span> <span class='ocrx_word' id='word_1_630' title='bbox 3386 3975 3625 4043; x_wconf 77' lang='grc' dir='ltr'><strong>ἐκφῆναι</strong></span> <span class='ocrx_word' id='word_1_631' title='bbox 3662 3977 3725 4033; x_wconf 85' lang='grc' dir='ltr'><strong>τὸ</strong></span> 
     </span>
    </p>
   </div>
   <div class='ocr_carea' id='block_1_88' title="bbox 2148 4063 3721 4135">
    <p class='ocr_par' dir='ltr' id='par_1_88' title="bbox 2148 4063 3721 4135">
     <span class='ocr_line' id='line_1_88' title="bbox 2148 4063 3721 4135; baseline 0.002 -19"><span class='ocrx_word' id='word_1_632' title='bbox 2148 4065 2414 4133; x_wconf 75' lang='grc' dir='ltr'><strong>σόφισμα.</strong></span> <span class='ocrx_word' id='word_1_633' title='bbox 2469 4063 2862 4131; x_wconf 83' lang='grc' dir='ltr'><strong>Καταθεμένου</strong></span> <span class='ocrx_word' id='word_1_634' title='bbox 2904 4063 2950 4116; x_wconf 86' lang='grc' dir='ltr'><strong>δ’</strong></span> <span class='ocrx_word' id='word_1_635' title='bbox 2977 4063 3189 4120; x_wconf 83' lang='grc' dir='ltr'><strong>ἐκείνου</strong></span> <span class='ocrx_word' id='word_1_636' title='bbox 3229 4067 3478 4135; x_wconf 84' lang='grc' dir='ltr'><strong>ποιήσειν</strong></span> <span class='ocrx_word' id='word_1_637' title='bbox 3523 4067 3721 4131; x_wconf 79' lang='grc' dir='ltr'><strong>ταῦτα,</strong></span> 
     </span>
    </p>
   </div>
   <div class='ocr_carea' id='block_1_89' title="bbox 2149 4154 3725 4228">
    <p class='ocr_par' dir='ltr' id='par_1_89' title="bbox 2149 4154 3725 4228">
     <span class='ocr_line' id='line_1_89' title="bbox 2149 4154 3725 4228; baseline 0.001 -18"><span class='ocrx_word' id='word_1_638' title='bbox 2149 4159 2500 4225; x_wconf 76' lang='grc' dir='ltr'><strong>προσεπῆγον</strong></span> <span class='ocrx_word' id='word_1_639' title='bbox 2525 4154 2887 4222; x_wconf 83' lang='grc' dir='ltr'><strong>συγκαλέσειν</strong></span> <span class='ocrx_word' id='word_1_640' title='bbox 2937 4154 3000 4208; x_wconf 84' lang='grc' dir='ltr'><strong>τὸ</strong></span> <span class='ocrx_word' id='word_1_641' title='bbox 3047 4155 3254 4225; x_wconf 76' lang='grc' dir='ltr'><strong>πλῆθος</strong></span> <span class='ocrx_word' id='word_1_642' title='bbox 3297 4157 3402 4210; x_wconf 73' lang='grc' dir='ltr'><strong>ὑπὸ</strong></span> <span class='ocrx_word' id='word_1_643' title='bbox 3441 4157 3504 4209; x_wconf 79' lang='grc' dir='ltr'><strong>τὸ</strong></span> <span class='ocrx_word' id='word_1_644' title='bbox 3543 4160 3725 4228; x_wconf 80' lang='grc' dir='ltr'><strong>τεῖχος</strong></span> 
     </span>
    </p>
   </div>
   <div class='ocr_carea' id='block_1_90' title="bbox 2148 4244 3724 4314">
    <p class='ocr_par' dir='ltr' id='par_1_90' title="bbox 2148 4244 3724 4314">
     <span class='ocr_line' id='line_1_90' title="bbox 2148 4244 3724 4314; baseline 0.001 -16"><span class='ocrx_word' id='word_1_645' title='bbox 2148 4245 2258 4298; x_wconf 84' lang='grc' dir='ltr'><strong>τῶν</strong></span> <span class='ocrx_word' id='word_1_646' title='bbox 2291 4244 2603 4314; x_wconf 84' lang='grc' dir='ltr'><strong>βασιλείων,</strong></span> <span class='ocrx_word' id='word_1_647' title='bbox 2634 4245 2796 4299; x_wconf 77' lang='grc' dir='ltr'><strong>αὐτὸν</strong></span> <span class='ocrx_word' id='word_1_648' title='bbox 2829 4244 2877 4298; x_wconf 80' lang='grc' dir='ltr'><strong>δ’</strong></span> <span class='ocrx_word' id='word_1_649' title='bbox 2916 4245 3010 4300; x_wconf 73' lang='grc' dir='ltr'><strong>ἐπὶ</strong></span> <span class='ocrx_word' id='word_1_650' title='bbox 3061 4245 3272 4314; x_wconf 76' lang='grc' dir='ltr'><strong>πύργον</strong></span> <span class='ocrx_word' id='word_1_651' title='bbox 3307 4245 3607 4309; x_wconf 73' lang='grc' dir='ltr'><strong>ἀναϐάντα,</strong></span> <span class='ocrx_word' id='word_1_652' title='bbox 3642 4251 3724 4310; x_wconf 78' lang='grc' dir='ltr'><strong>είς</strong></span> 
     </span>
    </p>
   </div>
   <div class='ocr_carea' id='block_1_91' title="bbox 2149 4336 3724 4410">
    <p class='ocr_par' dir='ltr' id='par_1_91' title="bbox 2149 4336 3724 4410">
     <span class='ocr_line' id='line_1_91' title="bbox 2149 4336 3724 4410; baseline -0.001 -18"><span class='ocrx_word' id='word_1_653' title='bbox 2149 4339 2385 4410; x_wconf 81' lang='grc' dir='ltr'><strong>ἐπήκοον</strong></span> <span class='ocrx_word' id='word_1_654' title='bbox 2411 4339 2576 4390; x_wconf 82' lang='grc' dir='ltr'><strong>πᾶσιν</strong></span> <span class='ocrx_word' id='word_1_655' title='bbox 2605 4336 2886 4406; x_wconf 79' lang='grc' dir='ltr'><strong>ἐκϐοῆσαι,</strong></span> <span class='ocrx_word' id='word_1_656' title='bbox 2916 4336 2992 4399; x_wconf 84' lang='grc' dir='ltr'><strong>ὡς</strong></span> <span class='ocrx_word' id='word_1_657' title='bbox 3017 4337 3120 4390; x_wconf 64' lang='grc' dir='ltr'><strong>ὑπὸ</strong></span> <span class='ocrx_word' id='word_1_658' title='bbox 3142 4338 3387 4408; x_wconf 76' lang='grc' dir='ltr'><strong>Σμέρδου</strong></span> <span class='ocrx_word' id='word_1_659' title='bbox 3415 4337 3510 4391; x_wconf 81' lang='grc' dir='ltr'><strong>τοῦ</strong></span> <span class='ocrx_word' id='word_1_660' title='bbox 3539 4339 3724 4410; x_wconf 82' lang='grc' dir='ltr'><strong>Κύρου</strong></span> 
     </span>
    </p>
   </div>
   <div class='ocr_carea' id='block_1_92' title="bbox 469 4418 2033 4499">
    <p class='ocr_par' dir='ltr' id='par_1_92' title="bbox 469 4418 2033 4486">
     <span class='ocr_line' id='line_1_92' title="bbox 469 4418 2033 4486; baseline 0.003 -12"><span class='ocrx_word' id='word_1_661' title='bbox 469 4418 726 4483; x_wconf 84' lang='lat' dir='ltr'><strong>tur,siid</strong></span> <span class='ocrx_word' id='word_1_662' title='bbox 748 4418 964 4475; x_wconf 79' lang='lat' dir='ltr'><strong>facinus</strong></span> <span class='ocrx_word' id='word_1_663' title='bbox 1007 4418 1245 4476; x_wconf 89' lang='lat' dir='ltr'><strong>inultum</strong></span> <span class='ocrx_word' id='word_1_664' title='bbox 1289 4420 1492 4476; x_wconf 86' lang='lat' dir='ltr'><strong>sinant.</strong></span> <span class='ocrx_word' id='word_1_665' title='bbox 1536 4420 1632 4476; x_wconf 85' lang='lat' dir='ltr'><strong>His</strong></span> <span class='ocrx_word' id='word_1_666' title='bbox 1654 4419 1838 4486; x_wconf 84' lang='lat' dir='ltr'><strong>dictis.</strong></span> <span class='ocrx_word' id='word_1_667' title='bbox 1866 4437 1926 4477; x_wconf 91' lang='lat' dir='ltr'><strong>se</strong></span> <span class='ocrx_word' id='word_1_668' title='bbox 1973 4422 2033 4478; x_wconf 79' lang='lat' dir='ltr'><strong>de</strong></span> 
     </span>
    </p>
   </div>
   <div class='ocr_carea' id='block_1_93' title="bbox 2137 4418 3726 4499">
    <p class='ocr_par' dir='ltr' id='par_1_93' title="bbox 2148 4427 3726 4499">
     <span class='ocr_line' id='line_1_93' title="bbox 2148 4427 3726 4499; baseline 0 -17"><span class='ocrx_word' id='word_1_669' title='bbox 2148 4430 2312 4492; x_wconf 77' lang='grc' dir='ltr'><strong>υἱέος,</strong></span> <span class='ocrx_word' id='word_1_670' title='bbox 2336 4430 2436 4496; x_wconf 85' lang='grc' dir='ltr'><strong>οὐχ</strong></span> <span class='ocrx_word' id='word_1_671' title='bbox 2460 4427 2550 4496; x_wconf 85' lang='grc' dir='ltr'><strong>ὑφ’</strong></span> <span class='ocrx_word' id='word_1_672' title='bbox 2571 4427 2758 4498; x_wconf 80' lang='grc' dir='ltr'><strong>ἑτέρου</strong></span> <span class='ocrx_word' id='word_1_673' title='bbox 2785 4428 2839 4481; x_wconf 79' lang='grc' dir='ltr'><strong>δὲ</strong></span> <span class='ocrx_word' id='word_1_674' title='bbox 2863 4427 3262 4497; x_wconf 83' lang='grc' dir='ltr'><strong>βασιλεύονται.</strong></span> <span class='ocrx_word' id='word_1_675' title='bbox 3287 4429 3588 4483; x_wconf 75' lang='grc' dir='ltr'><strong>Φείσασθαι</strong></span> <span class='ocrx_word' id='word_1_676' title='bbox 3614 4431 3726 4499; x_wconf 78' lang='grc' dir='ltr'><strong>γὰρ</strong></span> 
     </span>
    </p>
   </div>
   <div class='ocr_carea' id='block_1_94' title="bbox 468 4511 2047 4585">
    <p class='ocr_par' dir='ltr' id='par_1_94' title="bbox 468 4511 2047 4585">
     <span class='ocr_line' id='line_1_94' title="bbox 468 4511 2047 4585; baseline 0.004 -21"><span class='ocrx_word' id='word_1_677' title='bbox 468 4518 624 4567; x_wconf 91' lang='lat' dir='ltr'><strong>turre</strong></span> <span class='ocrx_word' id='word_1_678' title='bbox 645 4511 1029 4581; x_wconf 59' lang='lat' dir='ltr'><strong>praecipitavit,</strong></span> <span class='ocrx_word' id='word_1_679' title='bbox 1077 4527 1141 4566; x_wconf 90' lang='lat' dir='ltr'><strong>ac</strong></span> <span class='ocrx_word' id='word_1_680' title='bbox 1173 4519 1424 4566; x_wconf 89' lang='lat' dir='ltr'><strong>mortuus</strong></span> <span class='ocrx_word' id='word_1_681' title='bbox 1472 4519 1578 4567; x_wconf 90' lang='lat' dir='ltr'><strong>est.</strong></span> <span class='ocrx_word' id='word_1_682' title='bbox 1623 4511 1846 4580; x_wconf 87' lang='lat' dir='ltr'><strong>Septem</strong></span> <span class='ocrx_word' id='word_1_683' title='bbox 1880 4514 2047 4585; x_wconf 81' lang='lat' dir='ltr'><strong>igitur</strong></span> 
     </span>
    </p>
   </div>
   <div class='ocr_carea' id='block_1_95' title="bbox 469 4612 2048 4684">
    <p class='ocr_par' dir='ltr' id='par_1_95' title="bbox 469 4612 2048 4684">
     <span class='ocr_line' id='line_1_95' title="bbox 469 4612 2048 4684; baseline 0.002 -15"><span class='ocrx_word' id='word_1_684' title='bbox 469 4615 548 4670; x_wconf 90' lang='lat' dir='ltr'><strong>illi</strong></span> <span class='ocrx_word' id='word_1_685' title='bbox 574 4629 638 4669; x_wconf 91' lang='lat' dir='ltr'><strong>ea</strong></span> <span class='ocrx_word' id='word_1_686' title='bbox 681 4629 740 4667; x_wconf 90' lang='lat' dir='ltr'><strong>rc</strong></span> <span class='ocrx_word' id='word_1_687' title='bbox 783 4612 994 4677; x_wconf 87' lang='lat' dir='ltr'><strong>audita,</strong></span> <span class='ocrx_word' id='word_1_688' title='bbox 1035 4613 1220 4670; x_wconf 86' lang='lat' dir='ltr'><strong>statim</strong></span> <span class='ocrx_word' id='word_1_689' title='bbox 1252 4613 1320 4670; x_wconf 85' lang='lat' dir='ltr'><strong>ad</strong></span> <span class='ocrx_word' id='word_1_690' title='bbox 1356 4615 1559 4684; x_wconf 84' lang='lat' dir='ltr'><strong>regiam</strong></span> <span class='ocrx_word' id='word_1_691' title='bbox 1606 4613 1880 4680; x_wconf 82' lang='lat' dir='ltr'><strong>feruntur,</strong></span> <span class='ocrx_word' id='word_1_692' title='bbox 1933 4633 2048 4672; x_wconf 87' lang='lat' dir='ltr'><strong>non</strong></span> 
     </span>
    </p>
   </div>
   <div class='ocr_carea' id='block_1_96' title="bbox 469 4708 2048 4781">
    <p class='ocr_par' dir='ltr' id='par_1_96' title="bbox 469 4708 2048 4781">
     <span class='ocr_line' id='line_1_96' title="bbox 469 4708 2048 4781; baseline 0.001 -17"><span class='ocrx_word' id='word_1_693' title='bbox 469 4708 896 4781; x_wconf 84' lang='lat' dir='ltr'><strong>prohibentibus</strong></span> <span class='ocrx_word' id='word_1_694' title='bbox 925 4708 1266 4773; x_wconf 84' lang='lat' dir='ltr'><strong>custodibus,</strong></span> <span class='ocrx_word' id='word_1_695' title='bbox 1306 4708 1630 4778; x_wconf 78' lang='lat' dir='ltr'><strong>dignitatem</strong></span> <span class='ocrx_word' id='word_1_696' title='bbox 1660 4724 1854 4764; x_wconf 85' lang='lat' dir='ltr'><strong>eorum</strong></span> <span class='ocrx_word' id='word_1_697' title='bbox 1888 4725 2048 4765; x_wconf 74' lang='lat' dir='ltr'><strong>reveo</strong></span> 
     </span>
    </p>
   </div>
   <div class='ocr_carea' id='block_1_97' title="bbox 471 4800 2048 4872">
    <p class='ocr_par' dir='ltr' id='par_1_97' title="bbox 471 4800 2048 4872">
     <span class='ocr_line' id='line_1_97' title="bbox 471 4800 2048 4872; baseline -0.001 -14"><span class='ocrx_word' id='word_1_698' title='bbox 471 4805 612 4859; x_wconf 90' lang='lat' dir='ltr'><strong>ritis.</strong></span> <span class='ocrx_word' id='word_1_699' title='bbox 640 4802 919 4872; x_wconf 73' lang='lat' dir='ltr'><strong>Progressi</strong></span> <span class='ocrx_word' id='word_1_700' title='bbox 952 4802 1004 4856; x_wconf 94' lang='lat' dir='ltr'><strong>in</strong></span> <span class='ocrx_word' id='word_1_701' title='bbox 1036 4802 1240 4866; x_wconf 77' lang='lat' dir='ltr'><strong>aulam,</strong></span> <span class='ocrx_word' id='word_1_702' title='bbox 1273 4802 1327 4856; x_wconf 91' lang='lat' dir='ltr'><strong>in</strong></span> <span class='ocrx_word' id='word_1_703' title='bbox 1353 4801 1660 4866; x_wconf 87' lang='lat' dir='ltr'><strong>eunuchos,</strong></span> <span class='ocrx_word' id='word_1_704' title='bbox 1690 4800 1786 4870; x_wconf 87' lang='lat' dir='ltr'><strong>qui</strong></span> <span class='ocrx_word' id='word_1_705' title='bbox 1823 4803 2048 4857; x_wconf 87' lang='lat' dir='ltr'><strong>nuntios</strong></span> 
     </span>
    </p>
   </div>
   <div class='ocr_carea' id='block_1_98' title="bbox 470 4890 2044 4964">
    <p class='ocr_par' dir='ltr' id='par_1_98' title="bbox 470 4890 2044 4964">
     <span class='ocr_line' id='line_1_98' title="bbox 470 4890 2044 4964; baseline 0.001 -18"><span class='ocrx_word' id='word_1_706' title='bbox 470 4893 618 4947; x_wconf 89' lang='lat' dir='ltr'><strong>ultro</strong></span> <span class='ocrx_word' id='word_1_707' title='bbox 663 4892 916 4960; x_wconf 88' lang='lat' dir='ltr'><strong>citroque</strong></span> <span class='ocrx_word' id='word_1_708' title='bbox 948 4891 1316 4961; x_wconf 72' lang='lat' dir='ltr'><strong>perferebant.</strong></span> <span class='ocrx_word' id='word_1_709' title='bbox 1374 4890 1645 4946; x_wconf 85' lang='lat' dir='ltr'><strong>incidant.</strong></span> <span class='ocrx_word' id='word_1_710' title='bbox 1701 4892 1827 4956; x_wconf 87' lang='lat' dir='ltr'><strong>Eos,</strong></span> <span class='ocrx_word' id='word_1_711' title='bbox 1871 4894 2044 4964; x_wconf 85' lang='lat' dir='ltr'><strong>rogati</strong></span> 
     </span>
    </p>
   </div>
   <div class='ocr_carea' id='block_1_99' title="bbox 469 4985 2046 5060">
    <p class='ocr_par' dir='ltr' id='par_1_99' title="bbox 469 4985 2046 5060">
     <span class='ocr_line' id='line_1_99' title="bbox 469 4985 2046 5060; baseline 0 -18"><span class='ocrx_word' id='word_1_712' title='bbox 469 4988 603 5060; x_wconf 90' lang='lat' dir='ltr'><strong>quid</strong></span> <span class='ocrx_word' id='word_1_713' title='bbox 647 4987 924 5052; x_wconf 85' lang='lat' dir='ltr'><strong>venirent,</strong></span> <span class='ocrx_word' id='word_1_714' title='bbox 973 4995 1031 5042; x_wconf 89' lang='lat' dir='ltr'><strong>et</strong></span> <span class='ocrx_word' id='word_1_715' title='bbox 1082 4985 1347 5041; x_wconf 87' lang='lat' dir='ltr'><strong>ulteriore</strong></span> <span class='ocrx_word' id='word_1_716' title='bbox 1403 5001 1698 5056; x_wconf 80' lang='lat' dir='ltr'><strong>progressu</strong></span> <span class='ocrx_word' id='word_1_717' title='bbox 1753 4987 2046 5056; x_wconf 89' lang='lat' dir='ltr'><strong>prohibiti,</strong></span> 
     </span>
    </p>
   </div>
   <div class='ocr_carea' id='block_1_100' title="bbox 469 5077 2051 5149">
    <p class='ocr_par' dir='ltr' id='par_1_100' title="bbox 469 5077 2051 5149">
     <span class='ocr_line' id='line_1_100' title="bbox 469 5077 2051 5149; baseline -0.003 -11"><span class='ocrx_word' id='word_1_718' title='bbox 469 5081 755 5144; x_wconf 86' lang='lat' dir='ltr'><strong>occidunt,</strong></span> <span class='ocrx_word' id='word_1_719' title='bbox 781 5088 840 5135; x_wconf 89' lang='lat' dir='ltr'><strong>et</strong></span> <span class='ocrx_word' id='word_1_720' title='bbox 859 5093 1094 5149; x_wconf 76' lang='lat' dir='ltr'><strong>propene</strong></span> <span class='ocrx_word' id='word_1_721' title='bbox 1131 5077 1538 5147; x_wconf 74' lang='lat' dir='ltr'><strong>ingrediuntur.</strong></span> <span class='ocrx_word' id='word_1_722' title='bbox 1572 5077 1731 5148; x_wconf 79' lang='lat' dir='ltr'><strong>Magi,</strong></span> <span class='ocrx_word' id='word_1_723' title='bbox 1776 5079 1869 5148; x_wconf 90' lang='lat' dir='ltr'><strong>qui</strong></span> <span class='ocrx_word' id='word_1_724' title='bbox 1903 5077 2051 5134; x_wconf 90' lang='lat' dir='ltr'><strong>intus</strong></span> 
     </span>
    </p>
   </div>
   <div class='ocr_carea' id='block_1_101' title="bbox 471 5169 2047 5240">
    <p class='ocr_par' dir='ltr' id='par_1_101' title="bbox 471 5169 2047 5240">
     <span class='ocr_line' id='line_1_101' title="bbox 471 5169 2047 5240; baseline -0.004 -9"><span class='ocrx_word' id='word_1_725' title='bbox 471 5174 857 5231; x_wconf 75' lang='lat' dir='ltr'><strong>cunuchorum</strong></span> <span class='ocrx_word' id='word_1_726' title='bbox 883 5170 1180 5228; x_wconf 77' lang='lat' dir='ltr'><strong>tumultum</strong></span> <span class='ocrx_word' id='word_1_727' title='bbox 1221 5178 1544 5240; x_wconf 80' lang='lat' dir='ltr'><strong>cognorant,</strong></span> <span class='ocrx_word' id='word_1_728' title='bbox 1581 5169 1647 5224; x_wconf 87' lang='lat' dir='ltr'><strong>ad</strong></span> <span class='ocrx_word' id='word_1_729' title='bbox 1687 5170 1794 5224; x_wconf 83' lang='lat' dir='ltr'><strong>vim</strong></span> <span class='ocrx_word' id='word_1_730' title='bbox 1821 5171 2047 5240; x_wconf 87' lang='lat' dir='ltr'><strong>propul-</strong></span> 
     </span>
    </p>
   </div>
   <div class='ocr_carea' id='block_1_102' title="bbox 471 5261 2052 5335">
    <p class='ocr_par' dir='ltr' id='par_1_102' title="bbox 471 5261 2052 5335">
     <span class='ocr_line' id='line_1_102' title="bbox 471 5261 2052 5335; baseline -0.004 -13"><span class='ocrx_word' id='word_1_731' title='bbox 471 5268 699 5323; x_wconf 84' lang='lat' dir='ltr'><strong>sandam</strong></span> <span class='ocrx_word' id='word_1_732' title='bbox 747 5281 807 5323; x_wconf 85' lang='lat' dir='ltr'><strong>se</strong></span> <span class='ocrx_word' id='word_1_733' title='bbox 857 5273 1103 5335; x_wconf 88' lang='lat' dir='ltr'><strong>parant:</strong></span> <span class='ocrx_word' id='word_1_734' title='bbox 1142 5271 1307 5332; x_wconf 89' lang='lat' dir='ltr'><strong>atque</strong></span> <span class='ocrx_word' id='word_1_735' title='bbox 1348 5262 1488 5316; x_wconf 86' lang='lat' dir='ltr'><strong>alter</strong></span> <span class='ocrx_word' id='word_1_736' title='bbox 1528 5261 1620 5330; x_wconf 91' lang='lat' dir='ltr'><strong>qui</strong></span> <span class='ocrx_word' id='word_1_737' title='bbox 1670 5261 1882 5316; x_wconf 87' lang='lat' dir='ltr'><strong>hastam</strong></span> <span class='ocrx_word' id='word_1_738' title='bbox 1909 5261 2052 5316; x_wconf 88' lang='lat' dir='ltr'><strong>arri-</strong></span> 
     </span>
    </p>
   </div>
   <div class='ocr_carea' id='block_1_103' title="bbox 476 5353 2050 5430">
    <p class='ocr_par' dir='ltr' id='par_1_103' title="bbox 476 5353 2050 5430">
     <span class='ocr_line' id='line_1_103' title="bbox 476 5353 2050 5430; baseline -0.003 -17"><span class='ocrx_word' id='word_1_739' title='bbox 476 5366 692 5430; x_wconf 89' lang='lat' dir='ltr'><strong>puerat,</strong></span> <span class='ocrx_word' id='word_1_740' title='bbox 732 5358 1093 5428; x_wconf 81' lang='lat' dir='ltr'><strong>Aspatbinem</strong></span> <span class='ocrx_word' id='word_1_741' title='bbox 1144 5356 1200 5410; x_wconf 91' lang='lat' dir='ltr'><strong>in</strong></span> <span class='ocrx_word' id='word_1_742' title='bbox 1247 5353 1489 5420; x_wconf 77' lang='lat' dir='ltr'><strong>femore,</strong></span> <span class='ocrx_word' id='word_1_743' title='bbox 1547 5353 1937 5422; x_wconf 87' lang='lat' dir='ltr'><strong>Intapbernem</strong></span> <span class='ocrx_word' id='word_1_744' title='bbox 1994 5354 2050 5409; x_wconf 89' lang='lat' dir='ltr'><strong>in</strong></span> 
     </span>
    </p>
   </div>
   <div class='ocr_carea' id='block_1_104' title="bbox 478 5445 2052 5515">
    <p class='ocr_par' dir='ltr' id='par_1_104' title="bbox 478 5445 2052 5515">
     <span class='ocr_line' id='line_1_104' title="bbox 478 5445 2052 5515; baseline -0.003 -9"><span class='ocrx_word' id='word_1_745' title='bbox 478 5451 617 5506; x_wconf 80' lang='lat' dir='ltr'><strong>facie</strong></span> <span class='ocrx_word' id='word_1_746' title='bbox 656 5452 928 5515; x_wconf 86' lang='lat' dir='ltr'><strong>vulnerat,</strong></span> <span class='ocrx_word' id='word_1_747' title='bbox 962 5449 1110 5505; x_wconf 91' lang='lat' dir='ltr'><strong>unde</strong></span> <span class='ocrx_word' id='word_1_748' title='bbox 1155 5449 1317 5503; x_wconf 67' lang='lat' dir='ltr'><strong>laesus</strong></span> <span class='ocrx_word' id='word_1_749' title='bbox 1357 5448 1406 5502; x_wconf 93' lang='lat' dir='ltr'><strong>ei</strong></span> <span class='ocrx_word' id='word_1_750' title='bbox 1457 5455 1542 5502; x_wconf 88' lang='lat' dir='ltr'><strong>est</strong></span> <span class='ocrx_word' id='word_1_751' title='bbox 1593 5447 1790 5501; x_wconf 80' lang='lat' dir='ltr'><strong>oculus</strong></span> <span class='ocrx_word' id='word_1_752' title='bbox 1825 5459 1841 5498; x_wconf 87' lang='lat'><strong>:</strong></span> <span class='ocrx_word' id='word_1_753' title='bbox 1891 5445 2052 5501; x_wconf 87' lang='lat' dir='ltr'><strong>alteri</strong></span> 
     </span>
    </p>
   </div>
   <div class='ocr_carea' id='block_1_105' title="bbox 479 5539 2050 5608">
    <p class='ocr_par' dir='ltr' id='par_1_105' title="bbox 479 5539 2050 5608">
     <span class='ocr_line' id='line_1_105' title="bbox 479 5539 2050 5608; baseline -0.003 -12"><span class='ocrx_word' id='word_1_754' title='bbox 479 5556 642 5596; x_wconf 85' lang='lat' dir='ltr'><strong>arcus</strong></span> <span class='ocrx_word' id='word_1_755' title='bbox 682 5541 786 5596; x_wconf 75' lang='lat' dir='ltr'><strong>fuit</strong></span> <span class='ocrx_word' id='word_1_756' title='bbox 826 5542 1062 5607; x_wconf 80' lang='lat' dir='ltr'><strong>inutilis,</strong></span> <span class='ocrx_word' id='word_1_757' title='bbox 1109 5556 1234 5596; x_wconf 91' lang='lat' dir='ltr'><strong>cum</strong></span> <span class='ocrx_word' id='word_1_758' title='bbox 1299 5555 1391 5595; x_wconf 86' lang='lat' dir='ltr'><strong>res</strong></span> <span class='ocrx_word' id='word_1_759' title='bbox 1433 5539 1684 5594; x_wconf 89' lang='lat' dir='ltr'><strong>cominus</strong></span> <span class='ocrx_word' id='word_1_760' title='bbox 1745 5546 2050 5608; x_wconf 81' lang='lat' dir='ltr'><strong>gereretur.</strong></span> 
     </span>
    </p>
   </div>
   <div class='ocr_carea' id='block_1_106' title="bbox 478 5628 2055 5704">
    <p class='ocr_par' dir='ltr' id='par_1_106' title="bbox 478 5628 2055 5704">
     <span class='ocr_line' id='line_1_106' title="bbox 478 5628 2055 5704; baseline -0.004 -12"><span class='ocrx_word' id='word_1_761' title='bbox 478 5636 667 5704; x_wconf 81' lang='lat' dir='ltr'><strong>Itaque</strong></span> <span class='ocrx_word' id='word_1_762' title='bbox 688 5634 744 5689; x_wconf 90' lang='lat' dir='ltr'><strong>in</strong></span> <span class='ocrx_word' id='word_1_763' title='bbox 767 5634 1066 5690; x_wconf 88' lang='lat' dir='ltr'><strong>thalamum</strong></span> <span class='ocrx_word' id='word_1_764' title='bbox 1091 5649 1152 5690; x_wconf 85' lang='lat' dir='ltr'><strong>sc</strong></span> <span class='ocrx_word' id='word_1_765' title='bbox 1180 5631 1438 5703; x_wconf 90' lang='lat' dir='ltr'><strong>proripit,</strong></span> <span class='ocrx_word' id='word_1_766' title='bbox 1465 5630 1775 5700; x_wconf 89' lang='lat' dir='ltr'><strong>insequitur</strong></span> <span class='ocrx_word' id='word_1_767' title='bbox 1805 5628 2055 5700; x_wconf 85' lang='lat' dir='ltr'><strong>Gobryas</strong></span> 
     </span>
    </p>
   </div>
   <div class='ocr_carea' id='block_1_107' title="bbox 479 5722 2057 5797">
    <p class='ocr_par' dir='ltr' id='par_1_107' title="bbox 479 5722 2057 5797">
     <span class='ocr_line' id='line_1_107' title="bbox 479 5722 2057 5797; baseline -0.004 -11"><span class='ocrx_word' id='word_1_768' title='bbox 479 5738 536 5786; x_wconf 93' lang='lat' dir='ltr'><strong>ct</strong></span> <span class='ocrx_word' id='word_1_769' title='bbox 566 5725 762 5786; x_wconf 87' lang='lat' dir='ltr'><strong>Darius</strong></span> <span class='ocrx_word' id='word_1_770' title='bbox 789 5741 803 5781; x_wconf 88' lang='lat'><strong>:</strong></span> <span class='ocrx_word' id='word_1_771' title='bbox 833 5741 897 5782; x_wconf 84' lang='lat' dir='ltr'><strong>ac</strong></span> <span class='ocrx_word' id='word_1_772' title='bbox 927 5726 1018 5782; x_wconf 81' lang='lat' dir='ltr'><strong>ille</strong></span> <span class='ocrx_word' id='word_1_773' title='bbox 1048 5740 1268 5796; x_wconf 81' lang='lat' dir='ltr'><strong>magum</strong></span> <span class='ocrx_word' id='word_1_774' title='bbox 1295 5723 1646 5796; x_wconf 86' lang='lat' dir='ltr'><strong>amplectitur</strong></span> <span class='ocrx_word' id='word_1_775' title='bbox 1674 5738 1689 5780; x_wconf 87' lang='lat'><strong>:</strong></span> <span class='ocrx_word' id='word_1_776' title='bbox 1725 5722 2057 5797; x_wconf 87' lang='lat' dir='ltr'><strong>bic_vcritus</strong></span> 
     </span>
    </p>
   </div>
   <div class='ocr_carea' id='block_1_108' title="bbox 2149 4521 3726 4594">
    <p class='ocr_par' dir='ltr' id='par_1_108' title="bbox 2149 4521 3726 4594">
     <span class='ocr_line' id='line_1_108' title="bbox 2149 4521 3726 4594; baseline -0.003 -17"><span class='ocrx_word' id='word_1_777' title='bbox 2149 4522 2340 4587; x_wconf 83' lang='grc' dir='ltr'><strong>αὐτοῦ,</strong></span> <span class='ocrx_word' id='word_1_778' title='bbox 2372 4523 2467 4575; x_wconf 74' lang='grc' dir='ltr'><strong>καὶ</strong></span> <span class='ocrx_word' id='word_1_779' title='bbox 2499 4521 2574 4594; x_wconf 81' lang='grc' dir='ltr'><strong>μὴ</strong></span> <span class='ocrx_word' id='word_1_780' title='bbox 2612 4523 2820 4576; x_wconf 82' lang='grc' dir='ltr'><strong>κτεῖναι</strong></span> <span class='ocrx_word' id='word_1_781' title='bbox 2853 4521 3039 4588; x_wconf 83' lang='grc' dir='ltr'><strong>αὑτὸν,</strong></span> <span class='ocrx_word' id='word_1_782' title='bbox 3081 4522 3158 4584; x_wconf 78' lang='grc' dir='ltr'><strong>ὡς</strong></span> <span class='ocrx_word' id='word_1_783' title='bbox 3192 4524 3219 4575; x_wconf 88' lang='grc' dir='ltr'>ὁ</span> <span class='ocrx_word' id='word_1_784' title='bbox 3243 4522 3549 4592; x_wconf 77' lang='grc' dir='ltr'><strong>Καμϐύσης</strong></span> <span class='ocrx_word' id='word_1_785' title='bbox 3575 4522 3726 4593; x_wconf 81' lang='grc' dir='ltr'><strong>αὐτῷ</strong></span> 
     </span>
    </p>
   </div>
   <div class='ocr_carea' id='block_1_109' title="bbox 2148 4614 3726 4685">
    <p class='ocr_par' dir='ltr' id='par_1_109' title="bbox 2148 4614 3726 4685">
     <span class='ocr_line' id='line_1_109' title="bbox 2148 4614 3726 4685; baseline -0.003 -15"><span class='ocrx_word' id='word_1_786' title='bbox 2148 4616 2474 4671; x_wconf 79' lang='grc' dir='ltr'><strong>ἐνετείλατο.</strong></span> <span class='ocrx_word' id='word_1_787' title='bbox 2509 4615 2850 4685; x_wconf 85' lang='grc' dir='ltr'><strong>Συνθεμένου</strong></span> <span class='ocrx_word' id='word_1_788' title='bbox 2872 4614 2929 4668; x_wconf 83' lang='grc' dir='ltr'><strong>δὲ</strong></span> <span class='ocrx_word' id='word_1_789' title='bbox 2959 4615 3055 4669; x_wconf 76' lang='grc' dir='ltr'><strong>καὶ</strong></span> <span class='ocrx_word' id='word_1_790' title='bbox 3087 4615 3263 4668; x_wconf 78' lang='grc' dir='ltr'><strong>ταῦτα</strong></span> <span class='ocrx_word' id='word_1_791' title='bbox 3295 4617 3564 4685; x_wconf 80' lang='grc' dir='ltr'><strong>ποιήσειν,</strong></span> <span class='ocrx_word' id='word_1_792' title='bbox 3597 4633 3726 4666; x_wconf 87' lang='grc' dir='ltr'><strong>συν-</strong></span> 
     </span>
    </p>
   </div>
   <div class='ocr_carea' id='block_1_110' title="bbox 2147 4707 3723 4780">
    <p class='ocr_par' dir='ltr' id='par_1_110' title="bbox 2147 4707 3723 4780">
     <span class='ocr_line' id='line_1_110' title="bbox 2147 4707 3723 4780; baseline -0.003 -16"><span class='ocrx_word' id='word_1_793' title='bbox 2147 4710 2285 4779; x_wconf 84' lang='grc' dir='ltr'><strong>ῆκτο</strong></span> <span class='ocrx_word' id='word_1_794' title='bbox 2326 4710 2423 4780; x_wconf 83' lang='grc' dir='ltr'><strong>μὲν</strong></span> <span class='ocrx_word' id='word_1_795' title='bbox 2447 4710 2508 4762; x_wconf 79' lang='grc' dir='ltr'><strong>τὸ</strong></span> <span class='ocrx_word' id='word_1_796' title='bbox 2537 4707 2762 4777; x_wconf 82' lang='grc' dir='ltr'><strong>πλῆθος,</strong></span> <span class='ocrx_word' id='word_1_797' title='bbox 2797 4708 3140 4779; x_wconf 75' lang='grc' dir='ltr'><strong>Πρηξάσπης</strong></span> <span class='ocrx_word' id='word_1_798' title='bbox 3177 4709 3235 4762; x_wconf 87' lang='grc' dir='ltr'><strong>δὲ</strong></span> <span class='ocrx_word' id='word_1_799' title='bbox 3269 4709 3362 4762; x_wconf 77' lang='grc' dir='ltr'><strong>ἐπὶ</strong></span> <span class='ocrx_word' id='word_1_800' title='bbox 3395 4709 3486 4762; x_wconf 83' lang='grc' dir='ltr'><strong>τὸν</strong></span> <span class='ocrx_word' id='word_1_801' title='bbox 3510 4712 3723 4779; x_wconf 73' lang='grc' dir='ltr'><strong>πύργον</strong></span> 
     </span>
    </p>
   </div>
   <div class='ocr_carea' id='block_1_111' title="bbox 2147 4800 3728 4874">
    <p class='ocr_par' dir='ltr' id='par_1_111' title="bbox 2147 4800 3728 4874">
     <span class='ocr_line' id='line_1_111' title="bbox 2147 4800 3728 4874; baseline -0.001 -20"><span class='ocrx_word' id='word_1_802' title='bbox 2147 4803 2326 4874; x_wconf 79' lang='grc' dir='ltr'><strong>ἀνῄει,</strong></span> <span class='ocrx_word' id='word_1_803' title='bbox 2360 4802 2455 4856; x_wconf 77' lang='grc' dir='ltr'><strong>καὶ</strong></span> <span class='ocrx_word' id='word_1_804' title='bbox 2510 4801 2690 4865; x_wconf 76' lang='grc' dir='ltr'><strong>ἔλεξεν</strong></span> <span class='ocrx_word' id='word_1_805' title='bbox 2740 4800 2840 4854; x_wconf 78' lang='grc' dir='ltr'><strong>ὅσα.</strong></span> <span class='ocrx_word' id='word_1_806' title='bbox 2888 4801 3002 4864; x_wconf 81' lang='grc' dir='ltr'><strong>τοῖς</strong></span> <span class='ocrx_word' id='word_1_807' title='bbox 3061 4801 3301 4871; x_wconf 85' lang='grc' dir='ltr'><strong>Πέρσαις</strong></span> <span class='ocrx_word' id='word_1_808' title='bbox 3344 4800 3524 4867; x_wconf 81' lang='grc' dir='ltr'><strong>ἀγαθὰ</strong></span> <span class='ocrx_word' id='word_1_809' title='bbox 3575 4801 3728 4870; x_wconf 74' lang='grc' dir='ltr'><strong>παρὰ</strong></span> 
     </span>
    </p>
   </div>
   <div class='ocr_carea' id='block_1_112' title="bbox 2148 4892 3727 4966">
    <p class='ocr_par' dir='ltr' id='par_1_112' title="bbox 2148 4892 3727 4966">
     <span class='ocr_line' id='line_1_112' title="bbox 2148 4892 3727 4966; baseline -0.004 -15"><span class='ocrx_word' id='word_1_810' title='bbox 2148 4895 2333 4966; x_wconf 80' lang='grc' dir='ltr'><strong>Κύρου</strong></span> <span class='ocrx_word' id='word_1_811' title='bbox 2380 4894 2660 4964; x_wconf 85' lang='grc' dir='ltr'><strong>γεγόνασι.</strong></span> <span class='ocrx_word' id='word_1_812' title='bbox 2727 4892 3054 4961; x_wconf 84' lang='grc' dir='ltr'><strong>Προσετίθει</strong></span> <span class='ocrx_word' id='word_1_813' title='bbox 3097 4893 3178 4955; x_wconf 76' lang='grc' dir='ltr'><strong>δὲ,</strong></span> <span class='ocrx_word' id='word_1_814' title='bbox 3237 4893 3313 4956; x_wconf 78' lang='grc' dir='ltr'><strong>ὡς</strong></span> <span class='ocrx_word' id='word_1_815' title='bbox 3363 4893 3456 4946; x_wconf 79' lang='grc' dir='ltr'><strong>τὸν</strong></span> <span class='ocrx_word' id='word_1_816' title='bbox 3513 4893 3727 4946; x_wconf 86' lang='grc' dir='ltr'><strong>ἐκείνου</strong></span> 
     </span>
    </p>
   </div>
   <div class='ocr_carea' id='block_1_113' title="bbox 2151 4983 3726 5056">
    <p class='ocr_par' dir='ltr' id='par_1_113' title="bbox 2151 4983 3726 5056">
     <span class='ocr_line' id='line_1_113' title="bbox 2151 4983 3726 5056; baseline -0.003 -16"><span class='ocrx_word' id='word_1_817' title='bbox 2151 4989 2316 5042; x_wconf 84' lang='grc' dir='ltr'><strong>παῖδα</strong></span> <span class='ocrx_word' id='word_1_818' title='bbox 2371 4987 2465 5040; x_wconf 86' lang='grc' dir='ltr'><strong>τὸν</strong></span> <span class='ocrx_word' id='word_1_819' title='bbox 2511 4985 2760 5056; x_wconf 85' lang='grc' dir='ltr'><strong>Σμέρδην</strong></span> <span class='ocrx_word' id='word_1_820' title='bbox 2805 4984 2971 5042; x_wconf 73' lang='grc' dir='ltr'><strong>αὐτὸς</strong></span> <span class='ocrx_word' id='word_1_821' title='bbox 3011 4984 3212 5050; x_wconf 80' lang='grc' dir='ltr'><strong>ἀνέλοι,</strong></span> <span class='ocrx_word' id='word_1_822' title='bbox 3266 4983 3361 5038; x_wconf 77' lang='grc' dir='ltr'><strong>τοῦ</strong></span> <span class='ocrx_word' id='word_1_823' title='bbox 3421 4983 3726 5054; x_wconf 85' lang='grc' dir='ltr'><strong>Καμϐύσου</strong></span> 
     </span>
    </p>
   </div>
   <div class='ocr_carea' id='block_1_114' title="bbox 2095 5073 3727 5150">
    <p class='ocr_par' dir='ltr' id='par_1_114' title="bbox 2095 5073 3727 5150">
     <span class='ocr_line' id='line_1_114' title="bbox 2095 5073 3727 5150; baseline -0.003 -18"><span class='ocrx_word' id='word_1_824' title='bbox 2095 5139 2102 5148; x_wconf 94' lang='lat'><em>_</em></span> <span class='ocrx_word' id='word_1_825' title='bbox 2152 5079 2462 5150; x_wconf 83' lang='grc' dir='ltr'><strong>βιάσαντος.</strong></span> <span class='ocrx_word' id='word_1_826' title='bbox 2528 5077 2667 5139; x_wconf 82' lang='grc' dir='ltr'><strong>Τοὺς</strong></span> <span class='ocrx_word' id='word_1_827' title='bbox 2733 5076 2944 5146; x_wconf 79' lang='grc' dir='ltr'><strong>μάγους</strong></span> <span class='ocrx_word' id='word_1_828' title='bbox 3004 5076 3074 5138; x_wconf 39' lang='grc' dir='ltr'><strong>δὲ,</strong></span> <span class='ocrx_word' id='word_1_829' title='bbox 3109 5075 3212 5147; x_wconf 79' lang='grc' dir='ltr'><strong>τὴν</strong></span> <span class='ocrx_word' id='word_1_830' title='bbox 3255 5073 3536 5146; x_wconf 83' lang='grc' dir='ltr'><strong>βασιλείαν</strong></span> <span class='ocrx_word' id='word_1_831' title='bbox 3579 5075 3727 5145; x_wconf 80' lang='grc' dir='ltr'><strong>ἔχειν</strong></span> 
     </span>
    </p>
   </div>
   <div class='ocr_carea' id='block_1_115' title="bbox 2151 5167 3727 5243">
    <p class='ocr_par' dir='ltr' id='par_1_115' title="bbox 2151 5167 3727 5243">
     <span class='ocr_line' id='line_1_115' title="bbox 2151 5167 3727 5243; baseline -0.001 -21"><span class='ocrx_word' id='word_1_832' title='bbox 2151 5171 2543 5243; x_wconf 75' lang='grc' dir='ltr'><strong>ὲπληροφόρει.</strong></span> <span class='ocrx_word' id='word_1_833' title='bbox 2577 5169 2687 5230; x_wconf 72' lang='grc' dir='ltr'><strong>Καὶ</strong></span> <span class='ocrx_word' id='word_1_834' title='bbox 2718 5169 2968 5238; x_wconf 82' lang='grc' dir='ltr'><strong>ἐπηρᾶτο</strong></span> <span class='ocrx_word' id='word_1_835' title='bbox 3009 5167 3270 5237; x_wconf 83' lang='grc' dir='ltr'><strong>Πέρσαις,</strong></span> <span class='ocrx_word' id='word_1_836' title='bbox 3309 5171 3358 5220; x_wconf 89' lang='grc' dir='ltr'><strong>εί</strong></span> <span class='ocrx_word' id='word_1_837' title='bbox 3408 5169 3481 5240; x_wconf 77' lang='grc' dir='ltr'><strong>μὴ</strong></span> <span class='ocrx_word' id='word_1_838' title='bbox 3527 5167 3727 5228; x_wconf 75' lang='grc' dir='ltr'><strong>αὐτοὺς</strong></span> 
     </span>
    </p>
   </div>
   <div class='ocr_carea' id='block_1_116' title="bbox 2149 5258 3730 5330">
    <p class='ocr_par' dir='ltr' id='par_1_116' title="bbox 2149 5258 3730 5330">
     <span class='ocr_line' id='line_1_116' title="bbox 2149 5258 3730 5330; baseline -0.003 -13"><span class='ocrx_word' id='word_1_839' title='bbox 2149 5263 2413 5318; x_wconf 80' lang='grc' dir='ltr'><strong>τίσαιντο.</strong></span> <span class='ocrx_word' id='word_1_840' title='bbox 2447 5260 2636 5315; x_wconf 83' lang='grc' dir='ltr'><strong>Ταῦτα</strong></span> <span class='ocrx_word' id='word_1_841' title='bbox 2687 5258 2882 5322; x_wconf 74' lang='grc' dir='ltr'><strong>εἰπὼν,</strong></span> <span class='ocrx_word' id='word_1_842' title='bbox 2913 5259 3110 5316; x_wconf 74' lang='grc' dir='ltr'><strong>ἑαυτὸν</strong></span> <span class='ocrx_word' id='word_1_843' title='bbox 3151 5260 3578 5330; x_wconf 77' lang='grc' dir='ltr'><strong>κατεκρήμνισε,</strong></span> <span class='ocrx_word' id='word_1_844' title='bbox 3635 5259 3730 5314; x_wconf 79' lang='grc' dir='ltr'><strong>καὶ</strong></span> 
     </span>
    </p>
   </div>
   <div class='ocr_carea' id='block_1_117' title="bbox 2151 5351 3728 5422">
    <p class='ocr_par' dir='ltr' id='par_1_117' title="bbox 2151 5351 3728 5422">
     <span class='ocr_line' id='line_1_117' title="bbox 2151 5351 3728 5422; baseline -0.003 -12"><span class='ocrx_word' id='word_1_845' title='bbox 2151 5355 2444 5410; x_wconf 76' lang='grc' dir='ltr'><strong>ἀπέθανεν.</strong></span> <span class='ocrx_word' id='word_1_846' title='bbox 2485 5353 2547 5407; x_wconf 86' lang='grc' dir='ltr'><strong>οι</strong></span> <span class='ocrx_word' id='word_1_847' title='bbox 2575 5352 2634 5406; x_wconf 83' lang='grc' dir='ltr'><strong>δέ</strong></span> <span class='ocrx_word' id='word_1_848' title='bbox 2659 5351 2798 5406; x_wconf 81' lang='grc' dir='ltr'><strong>ἐπτά</strong></span> <span class='ocrx_word' id='word_1_849' title='bbox 2824 5351 3020 5421; x_wconf 80' lang='grc' dir='ltr'><strong>ἄνδρες</strong></span> <span class='ocrx_word' id='word_1_850' title='bbox 3055 5353 3112 5413; x_wconf 74' lang='grc' dir='ltr'><strong>ἐν</strong></span> <span class='ocrx_word' id='word_1_851' title='bbox 3141 5354 3208 5422; x_wconf 83' lang='grc' dir='ltr'><strong>τῇ</strong></span> <span class='ocrx_word' id='word_1_852' title='bbox 3234 5351 3341 5421; x_wconf 78' lang='grc' dir='ltr'><strong>ὁδῷ</strong></span> <span class='ocrx_word' id='word_1_853' title='bbox 3361 5351 3432 5405; x_wconf 81' lang='grc' dir='ltr'><strong>τὰ</strong></span> <span class='ocrx_word' id='word_1_854' title='bbox 3466 5351 3610 5404; x_wconf 70' lang='grc' dir='ltr'><strong>κατὰ</strong></span> <span class='ocrx_word' id='word_1_855' title='bbox 3637 5352 3728 5405; x_wconf 69' lang='grc' dir='ltr'><strong>τὸν</strong></span> 
     </span>
    </p>
   </div>
   <div class='ocr_carea' id='block_1_118' title="bbox 2154 5441 3729 5518">
    <p class='ocr_par' dir='ltr' id='par_1_118' title="bbox 2154 5441 3729 5518">
     <span class='ocr_line' id='line_1_118' title="bbox 2154 5441 3729 5518; baseline -0.003 -19"><span class='ocrx_word' id='word_1_856' title='bbox 2154 5447 2494 5518; x_wconf 72' lang='grc' dir='ltr'><strong>Πρηξάσπην</strong></span> <span class='ocrx_word' id='word_1_857' title='bbox 2526 5443 2817 5514; x_wconf 72' lang='grc' dir='ltr'><strong>μαθόντες,</strong></span> <span class='ocrx_word' id='word_1_858' title='bbox 2847 5443 3111 5514; x_wconf 79' lang='grc' dir='ltr'><strong>ὥρμησαν</strong></span> <span class='ocrx_word' id='word_1_859' title='bbox 3142 5443 3304 5505; x_wconf 83' lang='grc' dir='ltr'><strong>εὐθὺς</strong></span> <span class='ocrx_word' id='word_1_860' title='bbox 3333 5442 3424 5497; x_wconf 74' lang='grc' dir='ltr'><strong>ἐπὶ</strong></span> <span class='ocrx_word' id='word_1_861' title='bbox 3453 5442 3528 5494; x_wconf 78' lang='grc' dir='ltr'><strong>τὰ</strong></span> <span class='ocrx_word' id='word_1_862' title='bbox 3567 5441 3729 5511; x_wconf 82' lang='grc' dir='ltr'><strong>βασί-</strong></span> 
     </span>
    </p>
   </div>
   <div class='ocr_carea' id='block_1_119' title="bbox 2153 5531 3730 5606">
    <p class='ocr_par' dir='ltr' id='par_1_119' title="bbox 2153 5531 3730 5606">
     <span class='ocr_line' id='line_1_119' title="bbox 2153 5531 3730 5606; baseline -0.002 -18"><span class='ocrx_word' id='word_1_863' title='bbox 2153 5535 2298 5600; x_wconf 82' lang='grc' dir='ltr'><strong>λεια,</strong></span> <span class='ocrx_word' id='word_1_864' title='bbox 2335 5539 2430 5588; x_wconf 76' lang='grc' dir='ltr'><strong>καὶ</strong></span> <span class='ocrx_word' id='word_1_865' title='bbox 2456 5534 2729 5606; x_wconf 78' lang='grc' dir='ltr'><strong>εἰσῄεσαν,</strong></span> <span class='ocrx_word' id='word_1_866' title='bbox 2772 5535 2925 5604; x_wconf 78' lang='grc' dir='ltr'><strong>παρὰ</strong></span> <span class='ocrx_word' id='word_1_867' title='bbox 2953 5533 3064 5587; x_wconf 81' lang='grc' dir='ltr'><strong>τῶν</strong></span> <span class='ocrx_word' id='word_1_868' title='bbox 3101 5531 3358 5601; x_wconf 82' lang='grc' dir='ltr'><strong>φυλάκων</strong></span> <span class='ocrx_word' id='word_1_869' title='bbox 3404 5531 3478 5602; x_wconf 84' lang='grc' dir='ltr'><strong>μὴ</strong></span> <span class='ocrx_word' id='word_1_870' title='bbox 3519 5532 3730 5585; x_wconf 86' lang='grc' dir='ltr'><strong>κωλυό-</strong></span> 
     </span>
    </p>
   </div>
   <div class='ocr_carea' id='block_1_120' title="bbox 2117 5622 3729 5697">
    <p class='ocr_par' dir='ltr' id='par_1_120' title="bbox 2117 5622 3729 5697">
     <span class='ocr_line' id='line_1_120' title="bbox 2117 5622 3729 5697; baseline -0.001 -18"><span class='ocrx_word' id='word_1_871' title='bbox 2117 5677 2120 5679; x_wconf 66' lang='grc'><strong>.</strong></span> <span class='ocrx_word' id='word_1_872' title='bbox 2159 5644 2310 5697; x_wconf 85' lang='grc' dir='ltr'><strong>μενοι</strong></span> <span class='ocrx_word' id='word_1_873' title='bbox 2334 5641 2348 5656; x_wconf 90' lang='grc'><strong>·</strong></span> <span class='ocrx_word' id='word_1_874' title='bbox 2381 5624 2604 5696; x_wconf 81' lang='grc' dir='ltr'><strong>ᾐδοῦντο</strong></span> <span class='ocrx_word' id='word_1_875' title='bbox 2625 5626 2735 5695; x_wconf 82' lang='grc' dir='ltr'><strong>γὰρ</strong></span> <span class='ocrx_word' id='word_1_876' title='bbox 2757 5624 2861 5694; x_wconf 78' lang='grc' dir='ltr'><strong>’τὴν</strong></span> <span class='ocrx_word' id='word_1_877' title='bbox 2895 5623 3171 5694; x_wconf 80' lang='grc' dir='ltr'><strong>ὑπεροχὴν</strong></span> <span class='ocrx_word' id='word_1_878' title='bbox 3194 5622 3304 5677; x_wconf 84' lang='grc' dir='ltr'><strong>τῶν</strong></span> <span class='ocrx_word' id='word_1_879' title='bbox 3329 5623 3559 5695; x_wconf 84' lang='grc' dir='ltr'><strong>ἀνδρῶν.</strong></span> <span class='ocrx_word' id='word_1_880' title='bbox 3587 5625 3729 5693; x_wconf 84' lang='grc' dir='ltr'><strong>Παρ-</strong></span> 
     </span>
    </p>
   </div>
   <div class='ocr_carea' id='block_1_121' title="bbox 2155 5718 3728 5793">
    <p class='ocr_par' dir='ltr' id='par_1_121' title="bbox 2155 5718 3728 5793">
     <span class='ocr_line' id='line_1_121' title="bbox 2155 5718 3728 5793; baseline -0.004 -17"><span class='ocrx_word' id='word_1_881' title='bbox 2155 5721 2400 5786; x_wconf 78' lang='grc' dir='ltr'><strong>ελθόντες</strong></span> <span class='ocrx_word' id='word_1_882' title='bbox 2428 5719 2472 5774; x_wconf 86' lang='grc' dir='ltr'><strong>δ’</strong></span> <span class='ocrx_word' id='word_1_883' title='bbox 2507 5721 2591 5784; x_wconf 65' lang='grc' dir='ltr'><strong>εἰς</strong></span> <span class='ocrx_word' id='word_1_884' title='bbox 2614 5719 2712 5791; x_wconf 83' lang='grc' dir='ltr'><strong>τὴν</strong></span> <span class='ocrx_word' id='word_1_885' title='bbox 2745 5719 2937 5790; x_wconf 73' lang='grc' dir='ltr'><strong>αὐλὴν,</strong></span> <span class='ocrx_word' id='word_1_886' title='bbox 2966 5719 3218 5793; x_wconf 76' lang='grc' dir='ltr'><strong>ἐνέτυχον</strong></span> <span class='ocrx_word' id='word_1_887' title='bbox 3247 5723 3359 5785; x_wconf 74' lang='grc' dir='ltr'><strong>τοῖς</strong></span> <span class='ocrx_word' id='word_1_888' title='bbox 3393 5718 3728 5790; x_wconf 74' lang='grc' dir='ltr'><strong>ἀγγελιαφό-</strong></span> 
     </span>
    </p>
   </div>
  </div>
