3980 6246
233 313 339 380 317
1510 314 1611 374 AN
1622 315 1664 373 N
1672 309 1834 373 ALII

1956 315 2104 376 LIB.
2152 316 2253 384 ιν,
3384 309 3490 378 318

237 429 350 500 ροις
398 424 700 496 εὐνούχοις,
747 424 798 478 οἳ
836 424 977 494 σφᾶς
1033 422 1285 494 ἠρώτων,
1329 421 1455 474 ὅτου
1500 419 1834 490 χρῄζοντες⁴

1937 437 1978 478 ιε
2006 423 2244 478 amicum
2291 421 2346 476 in
2391 420 2638 478 tenebris
2685 418 3046 483 interﬁceret,
3078 425 3223 475 astat
3251 418 3488 474 otiosus.

236 522 460 592 ήκοιεν,
510 519 748 574 ἐκώλυόν
795 536 854 572 τε
901 515 1236 588 προσωτέρῳ
1273 515 1434 570 ἰέναι.
1481 517 1542 568 Οἱ
1591 515 1651 568 δὲ
1683 515 1811 576 τοὺς

1937 512 1994 568 )b
2015 527 2138 570 eam
2162 527 2276 566 rem
2314 527 2342 566 a
2371 512 2585 584 Gobrya
2623 511 2968 582 objurgatns,
2987 517 3045 566 et
3082 510 3172 572 vel
3197 517 3493 576 utrumque

241 612 336 684 μέν
383 611 504 666 ἐκεῖ
547 612 926 681 διεχρήσαντο,
957 609 1114 663 αὐτοὶ
1138 608 1195 662 δὲ
1219 607 1504 678 δρομαίως
1530 607 1807 679 είσῄεσαν.

1937 605 2164 674 rajicere
2221 606 2430 672 jussus,
2497 604 2738 675 pugione
2795 603 3007 674 Magum
3081 602 3232 658 ierit.
3291 601 3490 656 Castori

237 705 297 758 υί
333 704 501 773 μάγοι
527 703 572 757 δ’
603 704 758 766 ὄντες
787 703 960 767 ἐντὸς,
987 702 1081 755 καὶ
1112 701 1220 754 τῶν
1268 700 1540 771 εὐνούχων
1588 701 1810 768 γνόντες

1937 695 2100 759 tiam,
2145 694 2318 749 altero
2366 694 2570 760 occiso,
2614 696 2794 765 capita
2846 696 3138 764 utriusque
3183 701 3490 762 amputant,

235 795 322 849 τὸν
355 795 613 866 θόρυϐον,
642 795 943 866 ἐτράποντο
976 792 1113 862 πρὸς
1138 791 1336 860 ἀλκήν.
1372 793 1485 846 Καὶ
1517 793 1544 845 6
1576 792 1676 861 μὲν
1706 791 1808 860 τήν

1937 799 2085 855 nque
2117 785 2383 850 ferentes,
2427 784 2634 840 relictis
2667 785 2908 852 duobus,
2961 795 3077 840 tum
3115 783 3189 838 ob
3237 783 3488 839 vulnera.

238 885 459 956 αἰχμήν,
504 887 534 938 6
565 886 624 938 δὲ
657 885 718 938 τὸ
743 884 896 948 τόξον
936 881 1404 952 μετεχειρίσαντο,
1449 881 1544 934 καὶ
1581 880 1810 949 θάτερος

1940 893 2030 932 υιιι
2053 877 2120 930 ad
2143 877 2300 947 regiae
2323 877 2650 943 custodiam,
2670 886 2995 940 excurrunt,
3021 893 3286 935 cantorum
3309 876 3492 944 capita

239 977 333 1044 μὲν
361 979 426 1045 τῇ
459 975 634 1046 αἰχμῇ
683 973 1015 1042 ’Δσπαθίνην
1058 969 1208 1025 παίει
1241 968 1385 1024 κατὰ
1416 968 1613 1040 μηρὸν,
1642 968 1732 1022 τὸν
1761 967 1810 1020 δ’

1937 971 2100 1024 )ειέῑε
2136 970 2454 1033 ostendunt,
2485 985 2602 1024 rem
2642 982 2849 1040 geSIam
2890 979 3134 1026 narrant.
3176 969 3257 1024 illi
3301 967 3493 1022 fraude

234 1069 587 1138 ’ίνταφέρνην
643 1069 764 1122 κατ’
811 1067 958 1136 ὄψιν,
1008 1063 1133 1118 ὅθεν
1187 1063 1394 1124 ἐκεῖνος
1454 1061 1658 1132 ἐϐλάϐη
1717 1059 1811 1114 τὸν

1937 1060 2216 1124 ntellecta,
2248 1076 2434 1130 magos
2459 1075 2652 1116 omnes
2681 1060 2877 1116 obvios
2894 1059 3174 1114 occidunt.
3341 1123 3345 1127 I

235 1156 535 1227 ὀφθαλμόν.
566 1157 650 1210 Τὰ
684 1156 815 1223 τόξα
848 1157 893 1209 δ’
934 1151 1004 1226 ἦν
1030 1155 1316 1225 ἄπρακτα.
1351 1149 1538 1219 χερσὶν
1581 1149 1812 1220 ἐγγύθεν
1850 1149 2038 1213 αὐτοῖς
2059 1151 2386 1220 χρωμένοις.
2428 1152 2540 1206 Καὶ
2601 1155 2632 1206 6
2657 1153 2831 1207 ταῦτα
2855 1154 3106 1223 κατέχων
3136 1151 3314 1206 είσέδυ
3354 1145 3492 1215 πρὸς

237 1250 500 1322 θάλαμον.
545 1251 1006 1305 Συνεισπίπτουσι
1039 1250 1085 1303 δ’
1115 1251 1266 1321 αύτῷ
1307 1249 1570 1319 Γωϐρύας
1610 1263 1670 1300 τε
1737 1242 1832 1299 καὶ
1865 1244 2116 1313 Δαρεῖος.
2163 1246 2276 1299 Καὶ
2297 1247 2325 1299 ό
2357 1244 2457 1315 μὲν
2489 1247 2806 1317 συνεπλάκη
2833 1246 2912 1315 τῷ
2935 1247 3112 1315 Μάγῳ
3134 1261 3148 1276 ⁸
3179 1243 3404 1309 Δαρεῖος
3434 1238 3493 1291 δὲ

236 1345 460 1414 ἀπορῶν
489 1343 578 1398 διὰ
605 1344 820 1406 σκότος,
856 1345 950 1396 καὶ
974 1341 1164 1406 δεδιὼς
1194 1341 1270 1413 μὴ
1298 1343 1392 1397 τὸν
1422 1343 1642 1411 ἐταίρον
1696 1335 1895 1408 πλήξῃ,
1929 1337 2116 1391 ἵστατο
2185 1336 2494 1408 ἄπρακτος.
2562 1337 2826 1406 Γωϐρύας
2855 1337 2911 1390 δὲ
2943 1336 3108 1405 ήρετο
3151 1334 3276 1386 ὅτου
3328 1332 3491 1401 χάριν

240 1442 410 1512 ἀργὸς
445 1440 700 1504 ἴσταται;
741 1436 816 1491 ὅδ’
847 1431 970 1490 εἷπε
1001 1436 1062 1490 τὸ
1093 1436 1300 1490 αἵτιον·
1335 1436 1433 1489 καὶ
1465 1435 1545 1498 ὃς,
1575 1431 1726 1486 Ὠθει
1791 1433 1852 1483 τὸ
1893 1430 2045 1497 ξίφος
2094 1431 2190 1485 καὶ
2220 1431 2288 1484 δι’
2314 1433 2540 1502 ἀμφοίν,
2577 1430 2774 1503 ἔφησε.
2804 1432 2916 1486 Καὶ
2942 1433 2972 1485 6
3005 1432 3229 1499 Δαρεῖος
3268 1423 3380 1484 ὦσε
3432 1426 3496 1480 τὸ

235 1531 586 1604 ἐγχειρίδιον,
611 1527 705 1582 καὶ
731 1526 828 1580 τοῦ
849 1527 1043 1593 Μάγου
1071 1526 1328 1597 ἐπέτυχε.
1359 1524 1686 1582 κτείναντες
1752 1516 1846 1575 οὖν
1884 1522 1982 1575 καὶ
2043 1521 2133 1574 τὸν
2180 1522 2388 1592 ἓτερον,
2433 1524 2485 1576 oi
2529 1525 2710 1577 λοιποὶ
2752 1523 2950 1593 ἔτεμον
2990 1523 3092 1585 τὰς
3115 1520 3360 1591 κεφαλὰς
3396 1520 3495 1574 καὶ

235 1629 464 1700 ἀμφοῖν,
502 1624 598 1678 καὶ
638 1622 766 1683 τοὺς
799 1619 900 1690 μὶν
927 1617 1023 1673 δύο
1069 1620 1198 1682 τοὺς
1231 1615 1584 1690 τραυματίας
1628 1612 1810 1668 αὐτῶν
1848 1613 1942 1667 διά
2010 1631 2069 1666 τε
2101 1614 2173 1668 τὰ
2243 1614 2560 1685 τραύματα,
2600 1615 2697 1670 καὶ
2742 1615 2842 1685 τήν
2874 1615 2972 1684 τῆς
3013 1614 3366 1685 ἀκροπόλεως
3391 1630 3498 1681 φυ-

235 1719 431 1790 λακὴν,
465 1714 761 1769 κατέλιπον
790 1717 848 1766 ἐν
880 1711 1214 1782 αὐτῇοοίδέ
1236 1709 1417 1764 λοιποὶ
1471 1708 1571 1769 τὰς
1635 1702 1878 1772 κεφαλὰς
1919 1703 2307 1772 ἐπιφερόμενα
2359 1705 2469 1758 τῶν
2527 1707 2742 1774 μάγων,
2801 1704 3040 1770 ἐξέθεον,
3102 1705 3197 1759 καὶ
3253 1705 3496 1774 Πέρσαις

231 1815 442 1873 ταύτας
475 1808 774 1872 ἐδείκνυον,
815 1806 908 1859 καὶ
936 1802 1232 1875 ἐξηγοῦντο
1267 1802 1327 1855 τὺ
1395 1798 1646 1869 γεγονός.
1685 1796 1748 1850 Οἱ
1789 1794 1847 1848 δὲ
1886 1795 1986 1858 τὴν
2059 1797 2282 1866 ἀπάτην
2309 1798 2594 1866 μαθόντες,
2623 1799 2868 1852 ἔκτεινον
2902 1792 2946 1868 ᾧ
2972 1798 3040 1852 ἂν
3069 1798 3180 1852 τῶν
3202 1798 3396 1869 μάγων
3417 1801 3501 1854 ἐν·

228 1906 454 1975 έτυχον.

306 1998 384 2052 1".
427 1994 583 2049 Ἐπεὶ
622 1993 680 2046 δέ
728 1989 966 2059 κατέστη
1011 1990 1040 2042 6
1085 1986 1336 2058 θόρυϐος,
1373 1983 1470 2038 καὶ
1520 1983 1622 2054 ήδη
1672 1977 1816 2042 τινὲς

1992 1978 2086 2033 Ill.
2117 1977 2308 2049 Sopito
2341 1990 2469 2050 post
2491 1981 2698 2052 aliquot
2731 1980 2852 2036 dies
2883 1983 3143 2048 tumultu,
3172 1981 3240 2038 de
3273 1997 3501 2054 compo-

237 2091 446 2162 ήμέραι
473 2085 852 2156 παρήλθοσαν,
881 2079 1232 2135 ἐϐουλεύοντο
1261 2076 1390 2148 περὶ
1416 2076 1517 2145 τῆς
1543 2073 1653 2127 τῶν
1679 2088 1820 2142 πρα-

1937 2070 2116 2125 tendis
2137 2072 2304 2126 rebus
2331 2071 2660 2128 deliberant.
2678 2071 2756 2128 Ac
2772 2071 2978 2127 Otanes
2995 2071 3386 2128 democratiam
3414 2076 3502 2130 iu-

240 2185 471 2254 γμάτων
501 2177 837 2250 οἰκονομίας.
862 2177 973 2230 Καὶ
1013 2175 1248 2244 Ὀτάνης
1279 2171 1380 2241 μὲν
1411 2165 1819 2238 δημοκρατείαν

1937 2162 2273 2224 ιιίιυεῐιόεω,
2298 2163 2618 2234 Megabysus
2639 2164 3067 2230 aristocratiam,
3087 2165 3283 2219 Darius
3299 2166 3502 2221 iterum

241 2275 461 2329 ἑλέσθαι
497 2269 752 2341 παρῄνει,
775 2266 1235 2338 ἀριστοκρατείαν
1257 2262 1317 2315 δὲ
1348 2263 1377 2316 6
1404 2256 1753 2326 Μεγάϐυζος,
1791 2256 1820 2308 6

241 2366 296 2419 δέ
327 2381 393 2432 γε
426 2363 653 2431 Δαρεῖος
688 2357 970 2428 βασιλείαν
1009 2357 1105 2410 καὶ
1135 2353 1293 2417 αὖθις
1323 2349 1654 2424 αἱρήσεσθαι
1697 2365 1822 2403 συν-

241 2455 517 2510 εϐούλευε.
573 2451 868 2506 Συνέθεντο
918 2441 1012 2501 οὖν
1045 2449 1112 2517 τῇ
1159 2445 1352 2499 τούτου
1393 2441 1590 2513 γνώμη
1640 2438 1733 2494 καὶ
1769 2437 1820 2491 οί

241 2551 512 2619 τέσσαρες
541 2546 591 2600 οί
629 2541 828 2597 λοιποί.
848 2539 958 2596 Καὶ
985 2537 1166 2606 ἔδοξεν
1190 2537 1397 2601 αὐτοῖς,
1427 2531 1685 2601 ἐπιϐῆναι
1713 2530 1821 2584 τῶν

246 2645 454 2706 ἵππων,
493 2638 588 2693 καὶ
633 2638 760 2692 ὅτου
801 2633 870 2688 ἂν
919 2636 949 2686 6
991 2632 1181 2696 ἵππος,
1213 2629 1365 2700 ήλίου
1415 2624 1820 2689 ἀνατείλαντος,

243 2731 553 2807 χρεμετίσῃ
599 2731 659 2785 ιν
711 2725 790 2798 τῷ
839 2723 1155 2796 προαστείῳ
1217 2717 1570 2789 γενομένων,
1634 2715 1822 2807 τοῦτον

247 2805 392 2899 ἐχειν
423 2823 529 2894 τὴν
571 2818 872 2892 βασιλείαν.
904 2817 1130 2886 Δαρεϊος
1161 2813 1219 2867 δέ
1249 2811 1347 2883 τὴν
1381 2809 1578 2882 βουλὴν
1623 2805 1702 2874 τῷ
1735 2807 1824 2899 ίπο

246 2896 477 2988 se...
504 2913 671 2968 αὐτοῦ
698 2910 1032 2980 ἐξηγήσατο.
1060 2903 1168 2959 Ἦν
1194 2904 1251 2958 δὲ
1275 2901 1438 2971 σοφὸς
1465 2903 1494 2954 ό
1519 2899 1678 2970 ἀνὴρ,
1703 2896 1820 2988 κει,

248 3015 478 3085 Θάρρει,
516 3002 562 3062 ὣ
611 3005 872 3065 δέσποτα,
899 3001 1028 3071 ἐφη,
1068 2998 1145 3062 ὼς
1185 2997 1252 3067 σὴ
1279 2995 1434 3048 ἔσται
1477 2987 1822 3085 ήβασιλεία.

249 3076 559 3175 Γενομένης
605 3097 698 3153 οὖν
743 3094 958 3158 νυκτὸς,
989 3092 1215 3163 θήλειαν
1247 3089 1416 3143 ἵππον
1446 3084 1628 3139 λαϐὼν
1669 3076 1824 3154 ήν⁸δ

250 3197 480 3268 Δαρείου
541 3193 804 3263 ἔστεργεν
863 3188 1055 3249 ἵππος,
1119 3183 1215 3238 καὶ
1260 3182 1432 3252 δήσας
1481 3181 1561 3242 είς
1603 3177 1667 3231 τὸ
1692 3192 1826 3247 προ-

251 3292 470 3346 άστειον
499 3285 748 3354 ἐπήγαγε
773 3279 866 3334 τδν
895 3279 1082 3342 ῐππον,
1106 3276 1199 3331 καὶ
1230 3273 1496 3345 περιῆγεν
1531 3269 1695 3326 αὐτὸν
1727 3270 1828 3337 ἀγ-

252 3381 348 3452 χοῦ
371 3381 442 3449 τῇ
467 3374 685 3447 θηλείᾳ,
711 3371 805 3426 καὶ
828 3369 1007 3444 τέλος,
1030 3367 1238 3437 ἐφῆκεν
1267 3363 1493 3435 ὀχεῦσαι
1513 3361 1612 3434 τὴν
1635 3361 1824 3415 ἵππον.

256 3472 467 3529 Ἐωθεν
517 3468 577 3524 δέ
613 3463 725 3520 τῶν
759 3461 900 3518 ἐπτὰ
938 3457 1404 3531 παραγενομένων
1450 3456 1532 3518 είς
1585 3453 1647 3508 16
1695 3468 1829 3522 προ·

255 3567 496 3628 ἀστεισν,
532 3559 631 3614 καὶ
657 3553 1111 3623 διεξελαυνόντων
1140 3550 1200 3604 ἐν
1233 3548 1405 3619 αὐτῷ,
1431 3547 1507 3611 ὡς
1530 3547 1645 3602 ἐκεῖ
1667 3542 1829 3614 γεγό-

254 3674 409 3714 νασιν
436 3653 683 3722 ἔνθαπερ
722 3650 758 3720 ή
793 3645 986 3720 θήλεια
1028 3643 1195 3707 ἵππος
1225 3641 1459 3705 ἐδέδετο,
1497 3641 1577 3702 είς
1605 3636 1830 3706 μνήμην

253 3752 474 3819 ταύτης·
497 3746 528 3799 ό
553 3741 783 3813 Δαρείου
821 3739 992 3802 ἵππος
1023 3735 1120 3791 ίὼν
1153 3733 1539 3805 ἐχρεμάτισεν,
1571 3727 1681 3782 κάκ
1709 3725 1835 3819 τού-

253 3859 346 3896 του
497 3834 714 3908 Δαρείῳ
745 3835 779 3905 ή
816 3828 1066 3903 βασιλεία
1101 3827 1494 3898 προσγέγονεν.
1521 3820 1585 3875 Οί
1617 3819 1718 3889 μὲν
1738 3816 1832 3910 οἵιν

255 3932 418 3987 τοῦτό
433 3907 588 4000 -φασι
627 3920 1045 3997 μηχανήσασθαι
1084 3918 1178 3973 τὸν
1228 3914 1470 3985 Οίϐαρέα
1512 3910 1694 3983 (τοῦτο
1723 3907 1834 3980 γὰρ

257 4027 334 4093 τῷ
361 4024 460 4080 τοῦ
501 4018 733 4090 Δαρείου
766 4014 1058 4085 ἱπποκόμῳ
1090 4012 1264 4081 ὄνομα
1292 4005 1405 4081 ἧν)·
1431 4007 1482 4060 οί
1513 4006 1559 4059 δ’
1594 4004 1834 4074 ἑτεροῖον

259 4116 401 4175 εἷναί
459 4130 597 4185 φασι
646 4109 706 4164 τὸ
753 4107 947 4161 τούτου
999 4105 1319 4176 μηχάνημα.
1352 4099 1466 4170 Τῆς
1504 4095 1615 4166 γὰρ
1666 4095 1835 4148 ἵππου

262 4210 502 4277 ἐκείνης,
565 4207 632 4277 ήν
689 4202 718 4254 6
753 4199 984 4268 Δαρείου
1024 4198 1190 4259 ἵππος
1237 4193 1431 4263 ἐφίλει,
1466 4190 1576 4244 τῶν
1617 4188 1836 4260 ἄρθρων

263 4300 566 4371 ἐπιψαῦσαι
616 4298 682 4366 τῇ
725 4292 872 4365 χειρὶ
901 4290 996 4345 καὶ
1027 4289 1129 4358 τὴν
1169 4290 1325 4357 χεῖρα
1359 4283 1627 4353 κρύπτειν
1673 4283 1730 4333 ἐν
1769 4281 1838 4350 τῇ

263 4393 570 4464 ἀναξυρίδι.
610 4390 751 4458 Ἤδη
779 4386 835 4440 δὲ
869 4383 964 4438 τοῦ
1007 4381 1158 4452 ήλίου
1199 4379 1533 4447 ἀνίσχοντος,
1579 4371 1840 4464 καὶτοὺς

262 4461 467 4549 ἵππους
526 4478 934 4537 ἀναϐαινόντων
975 4473 1085 4526 τῶν
1141 4470 1280 4523 ἑπτα
1321 4466 1546 4520 ἐκείνων
1607 4461 1838 4533 ἀνδρῶν,

264 4574 646 4648 προσαγαγεῖν
696 4567 862 4623 αὑτὸν
903 4565 1004 4636 τὴν
1058 4565 1218 4633 χεῖρα
1249 4561 1365 4624 τοῖς
1401 4558 1497 4614 τοῦ
1539 4560 1707 4612 ἵππου
1743 4554 1840 4611 τοῦ

1919 2255 2232 2325 eligendum
2249 2270 2371 2311 esse
2395 2270 2579 2324 regem
2595 2265 2809 2311 censet.
2831 2254 3004 2326 Cujus
3024 2257 3316 2311 sententiae
3336 2267 3503 2312 eteae.

1921 2345 2025 2400 teri
2055 2355 2296 2414 quatuor
2349 2345 2630 2416 principes
2663 2345 2970 2417 suﬂ'ragati,
3015 2347 3330 2411 decrevere,
3373 2362 3506 2401 cono

1919 2437 2268 2494 scendendos
2290 2451 2412 2493 esse
2439 2451 2638 2508 equos:
2667 2447 2725 2493 et
2743 2438 2902 2509 cujus
2923 2453 3124 2509 quas,
3145 2446 3340 2494 exorto
3361 2439 3502 2502 sole,

1922 2547 2050 2587 cum
2096 2531 2155 2586 in
2187 2529 2522 2587 suburbium
2559 2531 2948 2600 pervenerint,
2979 2531 3196 2602 primus
3218 2529 3505 2594 hinnierit.

1922 2623 2043 2693 ejus
2065 2623 2457 2692 essejregnum.
2481 2621 2540 2677 ld
2568 2621 2854 2678 decretum
2879 2621 3077 2678 Darius
3119 2637 3222 2678 suo
3248 2622 3506 2692 equisoni

1923 2713 2131 2783 aperit:
2148 2713 2242 2782 qui
2264 2727 2389 2769 cum
2404 2714 2490 2769 vir
2505 2712 2749 2783 prudens
2765 2721 2936 2787 esset,
2950 2713 3099 2768 bono
3123 2712 3312 2770 animo
3325 2712 3508 2768 domi-

1925 2820 2055 2859 num
2074 2819 2194 2862 esse
2208 2805 2388 2877 jubet,
2400 2807 2521 2878 ejus
2535 2806 2684 2862 enim
2703 2821 2932 2877 regnum
2957 2805 3096 2860 fore.
3112 2805 3288 2860 Noctu
3305 2819 3505 2874 equam

1924 2909 1957 2950 a
1981 2895 2129 2952 Darii
2163 2911 2309 2966 equo
2337 2896 2642 2952 adamatam
2667 2897 2725 2951 in
2751 2894 3019 2951 suburbio
3046 2895 3267 2965 alligat,
3301 2907 3506 2962 equum

1924 3001 2094 3057 prope
2132 2987 2281 3043 illam
2321 2987 2562 3054 adducit,
2581 3003 2647 3043 ac
2667 2987 2904 3058 denique
2927 2987 2995 3043 ad
3019 2987 3226 3042 coitum
3243 2986 3505 3042 admittit.

1926 3079 2083 3135 Mane
2113 3093 2238 3134 cum
2266 3088 2476 3150 septem
2497 3072 2602 3135 viri
2633 3080 2690 3135 in
2723 3080 3054 3136 suburbium
3096 3079 3508 3142 convenissent,

1927 3183 2144 3242 quaque
2171 3184 2310 3239 equa
2339 3170 2558 3241 alligata
2591 3169 2794 3241 fuerat,
2823 3172 3148 3236 transirent,
3178 3171 3335 3242 173
3363 3169 3510 3226 Darii

1927 3276 2105 3332 equus
2141 3261 2286 3318 illius
2316 3263 2638 3320 recordatus
2655 3263 2894 3319 hinuiit:
2921 3263 3110 3333 itaque
3127 3264 3325 3318 Darius
3345 3277 3513 3332 regno

1929 3353 2138 3424 potitus
2153 3363 2257 3410 est.
2273 3353 2535 3411 Nonnulli
2551 3353 2718 3427 igitur
2734 3354 2881 3410 Darii
2902 3355 3224 3425 equisouem
3241 3353 3510 3409 OEbarem

1931 3445 2039 3501 hoc
2067 3445 2438 3502 machinatum
2464 3461 2586 3503 esse
2606 3445 2812 3512 ferunt,
2839 3447 2932 3503 alii
2952 3446 3233 3503 diversum
3249 3446 3512 3518 quiddam

1935 3539 2182 3596 tradunt.
2202 3538 2339 3595 Nam
2364 3554 2569 3610 equaea
2587 3539 2737 3595 Darii
2762 3554 2909 3609 equo
2942 3539 3232 3606 adamata,
3258 3537 3514 3611 genitalia

1933 3643 2305 3690 contrectasse
2344 3648 2534 3699 manu,
2563 3647 2741 3704 eaque
2777 3633 2925 3688 intra
2953 3632 3356 3704 subligaculum
3386 3645 3520 3685 con-

1933 3727 2072 3794 dita,
2106 3741 2232 3783 cum
2262 3725 2379 3782 sole
2407 3727 2517 3798 jam
2555 3725 2768 3781 oriente
2793 3733 3006 3794 septem
3049 3724 3156 3778 viri
3183 3738 3356 3793 equos
3382 3737 3520 3777 con-

1933 3818 2280 3884 scenderent,
2312 3816 2458 3872 Darii
2482 3816 2608 3888 equi
2632 3831 2798 3871 nares
2816 3815 3067 3885 palpasse
3098 3832 3112 3868 :
3142 3813 3236 3883 qui
3262 3825 3521 3884 percepto

1937 3911 2129 3976 odore,
2163 3910 2346 3966 statim
2384 3924 2508 3964 eum
2539 3908 2765 3964 fremitu
2804 3907 3094 3962 hinnierit.
3127 3905 3244 3960 Hoc
3275 3906 3394 3960 sive
3424 3905 3520 3966 ita,

1937 4005 2057 4060 sive
2102 4003 2264 4058 aliter
2305 4001 2514 4056 factum
2558 3999 2746 4062 fuerit,
2787 4013 2958 4069 regno
2999 4009 3151 4053 certe
3193 3997 3400 4068 potitus
3439 4004 3525 4051 est

1938 4093 2136 4150 Darius
2165 4109 2180 4146 :
2216 4092 2310 4162 qui
2346 4091 2592 4162 privatus
2623 4090 2804 4146 adhuc
2833 4100 3024 4145 votum
3057 4088 3265 4146 fecerat
3304 4088 3435 4151 Deo,
3469 4089 3516 4144 si

1939 4204 2036 4243 rex
2061 4194 2208 4242 esset
2246 4185 2443 4249 lactus,
2478 4199 2536 4240 se
2566 4199 2694 4240 vasa
2740 4184 3114 4254 reliqua,quat
3141 4182 3324 4238 adhuc
3345 4181 3521 4252 Baby-

1940 4281 2065 4336 lone
2091 4286 2298 4344 essent,
2328 4276 2536 4340 omnia,
2572 4276 2627 4330 in
2662 4277 2926 4346 templum
2956 4274 3520 4347 Hierosolymitanum

1941 4371 2300 4428 remissurum
2347 4383 2489 4425 esse.
2522 4368 2594 4422 Et
2635 4368 2762 4438 quia
2798 4375 3070 4423 vetustate
3099 4366 3356 4422 amicitiae
3398 4380 3526 4420 cum

1943 4464 2286 4520 Zorobabele
2314 4463 2647 4534 conjunctus
2672 4468 2814 4525 erat,
2837 4475 2965 4516 eum
2990 4473 3187 4515 recens
3209 4457 3529 4529 Hierosoly-

1945 4556 2050 4610 mis
2089 4555 2396 4626 prol'ectum
2438 4567 2565 4608 cum
2594 4551 2715 4607 aliis
2744 4550 2960 4606 duobus
2991 4550 3059 4606 ad
3090 4548 3399 4604 custodiam
3443 4546 3530 4603 sui

267 4637 500 4740 Δαρείου
535 4637 836 4733 μυκτῆρσι,
865 4657 962 4711 καὶ
991 4655 1086 4709 τὸν
1116 4653 1316 4708 αὐτίκα
1353 4650 1680 4740 αἰσθόμενον
1711 4665 1834 4740 φριέ

1948 4649 2199 4718 corporis
2228 4647 2577 4703 adhibuerat.
2621 4643 2759 4699 Cum
2792 4650 2974 4698 autem
3023 4641 3200 4711 primo
3249 4639 3336 4694 sui
3376 4637 3530 4709 regni

276 4738 555 4830 μάήξασθαί
605 4769 666 4805 τε
717 4752 812 4804 καὶ
859 4746 1203 4818 χρεμετίσαι.
1237 4742 1468 4798 Εἵθ⁹οὒν
1511 4738 1844 4830 οὕτως-,ξω

270 4823 520 4910 ἐκείνως,
560 4845 590 4896 6
620 4842 846 4912 Δαρείος
889 4839 990 4909 τῆς
1034 4835 1313 4907 βασιλείας
1349 4834 1634 4903 ἐπέτυχεν.
1677 4823 1849 4892 Οὗτος

273 4938 367 4996 οὖν
413 4936 638 5007 ἰδιώτης
693 4932 790 4996 ὣν,
821 4930 1026 5001 ηὖξατο
1073 4928 1152 4998 τῷ
1186 4927 1328 4998 Θεῷ,
1361 4927 1411 4980 εί
1451 4927 1661 4994 γένοιτο
1691 4923 1850 4994 βασι-

272 5034 422 5098 λεὺς,
452 5030 636 5084 πάντα
657 5026 726 5080 τὰ
751 5023 922 5093 σκεύη
944 5021 1038 5075 τοῦ
1064 5019 1225 5082 Θεοῦ,
1249 5020 1350 5074 ὅσα
1374 5019 1442 5092 ἦν
1470 5017 1552 5072 ἔτι
1583 5018 1641 5071 ἐν
1675 5017 1854 5070 Βαὸυ-

269 5125 424 5185 λῶνι,
457 5117 696 5191 πέμψειν
728 5119 811 5180 είς
838 5114 930 5168 τὸν
953 5116 1012 5168 ἐν
1045 5110 1448 5183 Ἰεροσολύμοις
1474 5111 1622 5164 ναόν.
1656 5106 1765 5162 Ἦν
1795 5110 1852 5163 δὲ

272 5214 422 5285 αὐτῷ
467 5213 638 5267 πάλαι
691 5209 784 5263 καὶ
823 5207 962 5279 πρὸς
1001 5205 1095 5259 τὸν
1129 5203 1440 5276 Ζοροϐάϐελ
1467 5204 1650 5272 φιλία,
1690 5203 1758 5256 δι’
1785 5203 1852 5274 ἢν

273 5309 374 5362 καὶ
416 5302 913 5376 σωματοφυλακεῖν
958 5298 1080 5370 μεθ’
1107 5298 1314 5370 ἐτέρων
1341 5295 1436 5350 δύο
1463 5294 1687 5366 ήξίωτο,
1729 5295 1854 5366 ἄρτι

276 5401 339 5466 ἐξ
364 5396 762 5468 Ἱεροσολύμων
788 5392 927 5464 πρὸς
957 5391 1120 5448 αὐτὸν
1148 5387 1597 5460 ἀφικόμενος.Τῷ
1619 5387 1676 5441 δὲ
1699 5387 1851 5456 πρώ-

277 5509 356 5563 τῳ
389 5490 500 5544 ἔτει
535 5488 635 5559 τῆς
663 5485 829 5541 αὐτοῦ
867 5483 1143 5556 βασιλείας
1181 5482 1344 5535 πότον
1375 5481 1490 5543 τοῖς
1529 5479 1851 5548 μεγιστᾶσιν

279 5582 445 5638 αὑτοῦ
493 5581 718 5652 Δαρεῖος
755 5577 1076 5650 ἡτοίμασεν.
1112 5573 1203 5637 Ὠς
1250 5573 1297 5627 δ’
1330 5571 1703 5642 εὐωχηθέντες
1754 5569 1852 5624 ἀν‹

282 5674 505 5735 έλυσαν,
542 5672 638 5726 καὶ
665 5668 830 5732 αὐτὸς
856 5667 950 5722 ἐπὶ
977 5669 1044 5738 τῇ
1089 5665 1245 5736 κοιτῇ
1276 5663 1574 5733 κατέδαρτε
1597 5677 1611 5693 ·
1655 5659 1852 5732 μικρὸν

283 5762 375 5820 οὖν
410 5764 695 5834 ὑπνώσας,
724 5760 1049 5832 ἀφύπνωσε,
1083 5759 1178 5820 καὶ
1211 5757 1350 5831 μετὰ
1383 5760 1493 5816 τῶν
1522 5773 1820 5829 σωματοφυ

1950 4755 2096 4795 anno
2127 4739 2380 4795 convivio
2405 4743 2686 4808 magnates
2714 4733 3042 4804 excepisset,
3079 4747 3144 4787 ac
3185 4740 3310 4802 post
3337 4743 3531 4786 eorum

1950 4833 2179 4896 abitum,
2225 4846 2416 4902 parum
2463 4829 2520 4884 in
2571 4828 2774 4885 lectulo
2801 4825 3118 4892 dormisset,
3150 4830 3527 4896 experrectus,

1952 4942 2077 4982 cum
2097 4926 2212 4981 suis
2233 4924 2552 4980 custodibus
2572 4921 2928 4992 colloquitur,
2947 4925 3005 4974 et
3029 4917 3262 4988 singulis
3288 4915 3533 4984 singulas

1953 5017 2284 5088 quaestiones
2323 5013 2602 5086 proponit.
2643 5012 2851 5078 Primo,
2880 5009 2951 5065 an
2981 5011 3168 5064 vinum
3201 5006 3386 5061 omnia
3417 5004 3536 5058 vin.

1955 5109 2078 5164 cat?
2124 5108 2304 5172 alteri,
2357 5123 2427 5163 an
2481 5106 2614 5162 rev?
2661 5105 2825 5160 tertio
2853 5103 2923 5176 (is
2955 5099 3262 5158 Zorobabel
3303 5094 3428 5165 fuit)
3461 5109 3532 5148 an

1954 5202 2236 5265 mulieres,
2261 5216 2465 5271 easque
2488 5197 2730 5254 veritas?
2758 5197 3038 5268 pollicitus
3064 5191 3255 5248 victori
3281 5184 3530 5260 praemia,

1955 5301 2017 5347 ut
2042 5307 2366 5363 purpuram,
2403 5289 2647 5362 cydarim
2693 5288 2990 5361 byssinam,
3031 5291 3089 5338 et
3131 5289 3383 5350 torquem
3427 5291 3533 5331 aus

1956 5399 2113 5440 reum
2163 5391 2422 5455 gestaret,
2481 5398 2547 5438 ac
2605 5386 2933 5451 potestatem
2995 5373 3226 5430 haberet
3271 5384 3340 5428 ex
3392 5381 3534 5424 auro

1955 5476 2203 5537 bibendi,
2246 5483 2304 5531 et
2352 5475 2409 5530 in
2462 5473 2607 5529 lecto
2663 5485 2832 5526 aureo
2877 5461 3212 5528 dormiendi,
3244 5470 3305 5518 et
3359 5474 3530 5515 curru

1955 5571 2138 5636 aureis
2167 5569 2336 5627 frenis
2365 5566 2597 5625 vehendi
2626 5583 2640 5620 :
2677 5573 2846 5633 utque
2869 5558 3180 5634 proximum
3201 5570 3234 5611 a
3258 5570 3317 5612 se
3335 5549 3530 5610 locum

1954 5671 2188 5729 teneret,
2222 5669 2284 5717 et
2314 5675 2449 5718 suus
2488 5663 2752 5728 cognatus
2779 5657 3095 5709 vocaretur.
3143 5647 3300 5704 Mane
3332 5659 3528 5715 proce-

1952 5757 2106 5814 ribus
2154 5753 2460 5822 acccrsitis,
2502 5761 2775 5822 quemque
2809 5744 3112 5804 satellitum
3160 5738 3520 5813 quastionem
