3980 6246
507 307 616 369 3m

1761 305 2084 368 JOANNIS
2119 303 2441 364 ZONARE

3647 287 3750 348 320

503 435 660 474 sitam
686 418 966 474 declarare
990 421 1168 491 jubet.
1199 421 1415 476 Primus
1440 421 1605 492 igitur
1638 418 1750 474 vini
1782 417 2077 486 potentiam

2184 415 2365 468 λάκων
2388 410 2603 478 ὡμίλει,
2637 408 2730 461 καὶ
2752 405 2955 460 τούτων
2980 403 3196 471 ἑκάστῳ
3219 401 3404 468 ἀγῶνα
3431 400 3594 468 λόγου
3630 418 3727 468 προ

500 513 738 575 extollit,
794 512 942 580 quod
999 515 1214 568 animos
1249 515 1596 570 abutentium
1647 512 1948 578 deciperet,
1990 507 2072 562 af-

501 603 681 658 fectus
714 613 971 669 mutaret,
1001 601 1064 660 et
1090 605 1275 660 ebrios
1313 607 1486 660 variis
1515 603 1691 658 modis
1714 602 2074 657 transforma-

503 705 607 750 ret.
636 696 789 750 Alter
829 711 1010 767 regem
1039 705 1302 766 prastare
1336 698 1597 751 omnibus
1626 695 1891 764 disputat,
1946 707 2072 746 cum

505 783 757 844 homines
804 788 875 843 ob
925 791 1252 860 sapientiam
1292 791 1505 844 cwteris
1536 789 1795 843 omnibus
1828 786 2074 841 antecel-

502 876 620 930 lant
651 895 665 930 :
720 878 788 931 iis
822 887 1005 932 autem
1038 880 1239 948 quibus
1274 881 1379 934 alia
1409 887 1658 948 parcant,
1699 891 1854 943 rcges
1897 876 2074 944 impe-

502 979 644 1024 rent.
677 971 744 1025 At
774 969 1076 1026 Zorobabel
1108 973 1284 1041 majus
1315 986 1438 1026 esse
1473 970 1646 1024 robur
1672 969 1964 1027 mulierum
1986 983 2075 1022 as-

503 1062 640 1116 serit
701 1077 717 1117 :
771 1077 898 1116 nam
950 1079 1018 1117 ex
1086 1064 1170 1118 eis
1231 1072 1288 1118 et
1351 1077 1508 1133 reges
1566 1062 1755 1127 nasci,
1809 1070 1866 1116 et
1929 1062 2074 1114 vini-

501 1158 694 1205 tores:
756 1166 850 1207 eas
914 1153 980 1206 ab
1045 1154 1383 1208 omnibuset
1412 1153 1734 1222 parentibus
1777 1161 1834 1206 et
1887 1153 2077 1220 patria:

503 1249 560 1293 et
612 1242 958 1298 eharissimis
1010 1246 1326 1314 quibusque
1387 1245 1648 1314 anteponi
1703 1261 1720 1298 :
1782 1259 1878 1299 eas
1941 1244 2076 1313 ipsis

501 1331 723 1401 regibus
773 1336 1058 1402 imperare,
1114 1336 1208 1404 qui
1253 1351 1312 1390 se
1347 1336 1682 1390 submittant
1732 1344 1789 1391 et
1835 1336 2077 1391 adulcn-

501 1426 594 1470 tur
648 1419 694 1473 si
753 1421 885 1489 quid
969 1422 1094 1477 illas
1148 1438 1294 1494 aegre
1365 1422 1512 1478 ferre
1571 1422 1884 1493 cognorint.
1968 1420 2076 1476 Sed

505 1505 791 1560 veritatem
842 1517 1026 1562 tamen
1103 1509 1472 1578 potentiorem
1536 1524 1658 1564 esse
1726 1509 2074 1564 mulieribus.

505 1593 665 1665 174
717 1595 898 1664 Ipsum
943 1598 1090 1652 enim
1125 1600 1294 1653 Deum
1313 1615 1564 1654 veracem
1599 1609 1658 1655 et
1699 1615 1819 1656 esse
1852 1608 1909 1655 et
1951 1615 2079 1668 per-

503 1681 680 1738 biberi
737 1703 750 1740 :
799 1701 1035 1757 cumque
1073 1699 1267 1744 caatera
1329 1689 1536 1745 caduca
1584 1691 1730 1756 sint,
1789 1691 2074 1746 veritatem

2180 507 2396 576 τίθησι·
2438 503 2517 570 τῷ
2565 501 2771 571 πρώτῳ
2809 498 2928 567 μὲν,
2969 497 3019 547 εἰ
3052 497 3079 547 ό
3102 488 3244 556 οἶνος
3278 492 3497 546 πάντων
3527 495 3748 560 κρατεῖς

2181 598 2261 668 τῷ
2291 597 2529 664 δευτέρῳ
2559 593 2637 654 δὲ,
2672 595 2720 644 εί
2742 593 2790 643 οί
2824 589 3098 660 βασιλεῖς;
3128 585 3208 654 τῷ
3235 585 3291 637 δέ
3336 601 3401 651 γε
3429 582 3604 652 λοιπῷ
3640 576 3748 651 (οὗ-

2181 706 2272 751 τος
2299 689 2354 741 δὲ
2379 689 2406 739 ὁ
2437 683 2745 756 Ζοροὸάϐελ
2765 678 2856 751 ἦν)
2895 682 2944 733 εί
2973 679 3030 733 ai
3063 681 3349 746 γυναῖκες,
3384 675 3478 729 καὶ
3503 675 3683 727 αὑτῶν
3719 677 3750 744 ἡ

2181 779 2447 849 ἀλήθειας
2495 777 2588 829 καὶ
2620 774 2700 843 τῷ
2725 774 3010 842 νικήσαντι
3056 769 3228 839 γέρας
3261 766 3456 819 δώσειν
3489 766 3752 834 ὑπέσχετο

2181 871 2524 937 νικητήριον,
2551 864 2840 934 πορφύραν
2869 861 3079 930 φορεῖν,
3103 859 3199 912 καὶ
3229 858 3443 928 κίδαριν
3467 856 3748 926 βυσσίνην,

2183 962 2276 1012 καὶ
2301 957 2686 1026 περιαυχένιον
2722 955 2978 1025 χρύσεον,
3011 951 3106 1003 καὶ
3143 952 3201 1001 ὲν
3235 949 3530 1017 ἐκπώμασι
3572 949 3750 1000 πίνειν

2182 1051 2426 1120 χρυσοῖς,
2459 1049 2550 1101 καὶ
2582 1048 2673 1100 ἐπὶ
2711 1045 2945 1116 χρυσίου
2966 1041 3272 1105 καθεύδειν,
3306 1043 3400 1095 καὶ
3427 1042 3582 1111 ἅρμα
3617 1060 3750 1112 χρυ-

2191 1141 2470 1211 σοχάλινον
2521 1140 2688 1207 ἔχειν,
2741 1137 2836 1190 καὶ
2885 1133 3004 1204 μετ’
3043 1133 3214 1186 αὑτὸν
3247 1133 3617 1203 προεδρεύειν,
3661 1137 3752 1186 καὶ

2185 1230 2420 1299 συγγενῆ
2447 1227 2726 1282 καλεῖσθαι
2757 1225 2948 1280 αὑτοῦ.
2977 1225 3215 1294 Ὀρθρου
3243 1224 3424 1275 τοίνυν
3444 1224 3570 1284 τοὺς
3598 1240 3754 1290 μεγι-

2185 1325 2386 1386 στᾶνας
2419 1321 2944 1394 μεταπεμψάμενος,
2975 1318 3087 1371 τῶν
3116 1315 3598 1385 σωματοφυλάκων
3626 1316 3753 1368 ἔκα-

2185 1433 2310 1468 στον
2341 1413 2563 1466 ἐκέλευε
2611 1414 2744 1482 περὶ
2770 1409 2866 1464 τοῦ
2909 1409 3299 1482 προϐλήματος
3331 1408 3751 1474 ἀποφαίνεσθαι,

2182 1507 2277 1559 καὶ
2303 1507 2331 1558 ὁ
2370 1504 2468 1574 μὲν
2498 1502 2596 1574 τὴν
2627 1503 2782 1572 ίσχὺν
2811 1501 2976 1571 ἐξῆρε
3026 1499 3123 1554 τοῦ
3175 1503 3346 1564 οίνου,
3397 1500 3471 1562 ὡς
3517 1502 3616 1570 τὴν
3645 1503 3752 1553 τῶν

2183 1596 2632 1666 καταχρωμένων
2677 1593 2997 1655 ἀπατῶντος
3042 1593 3304 1652 διάνοιαν.
3354 1591 3450 1644 καὶ
3496 1592 3598 1654 τὰς
3649 1593 3755 1644 τῶν

2182 1685 2371 1756 ψυχῶν
2409 1685 2683 1748 διαθέσεις
2725 1682 3176 1754 μεταποιοῦντος,
3212 1683 3305 1735 καὶ
3340 1683 3535 1744 ἀλλους
3576 1682 3639 1746 ἐξ
3664 1683 3755 1736 ἆλ-

501 1791 623 1829 esse
656 1776 1018 1833 immortalem
1049 1789 1104 1834 et
1135 1790 1420 1836 aeternam.
1457 1782 1516 1836 In
1545 1782 1720 1852 hujus
1746 1782 2076 1836 sententiam

2183 1780 2285 1833 λων
2315 1777 2683 1848 ἐργαζομένου
2713 1777 2839 1838 τοὺς
2861 1773 3208 1837 οίνωθέντας.
3245 1773 3302 1827 Ὀ
3327 1774 3385 1828 δὲ
3413 1775 3504 1826 τὸν
3529 1774 3757 1844 βασιλέα

503 1879 628 1916 cum
679 1865 906 1920 ivissent
933 1884 1145 1931 omnes,
1188 1880 1249 1924 ut
1292 1872 1384 1940 qui
1412 1871 1479 1926 de
1515 1871 1742 1926 veritate
1771 1873 2077 1928 rectissime

503 1957 872 2012 d’sseruisset:
903 1960 1098 2016 Darius
1115 1961 1163 2016 ei
1191 1964 1458 2031 permisit,
1506 1973 1565 2018 ut
1589 1974 1785 2033 praeter
1809 1965 2076 2034 promissa

501 2047 746 2115 praemia,
775 2050 994 2117 quidvis
1017 2053 1183 2107 etiam
1205 2055 1524 2122 postularet.
1547 2054 1618 2108 At
1643 2055 1736 2110 ille
1770 2071 1951 2125 regem
1976 2056 2076 2109 ad-

504 2148 712 2202 monet,
732 2141 1194 2207 quemadmodum
1221 2145 1462 2200 vovisset
1511 2145 1556 2198 si
1592 2160 1759 2214 regno
1783 2146 2075 2214 potiretur,

501 2243 561 2282 se
611 2238 668 2282 et
710 2231 984 2300 templum
1025 2233 1578 2306 llierosolymitanum
1619 2237 2074 2305 instauraturum,

501 2329 556 2372 ct
585 2333 712 2374 vasa
741 2336 862 2389 quae
888 2322 1166 2395 Babylone
1191 2327 1400 2397 reliqua
1436 2337 1643 2392 essent,
1679 2330 2034 2386 remissurum
2059 2348 2076 2386 :

503 2409 574 2463 Et
600 2411 729 2478 ham,
756 2413 959 2484 inquit,
989 2426 1131 2488 peto.
1167 2418 1266 2474 His
1289 2435 1385 2475 rex
1417 2421 1739 2485 delectatus,
1771 2423 1964 2479 scribit
2007 2423 2076 2479 ad

503 2510 771 2572 satrapas,
839 2514 901 2560 ut
957 2509 1183 2566 cedrina
1243 2511 1392 2583 ligna
1440 2513 1721 2583 praebeant
1775 2516 1842 2570 ad
1889 2517 2077 2586 templi

502 2601 860 2662 structuram,
887 2607 944 2654 et
971 2601 1039 2655 ad
1075 2603 1230 2658 urbis
1263 2604 1720 2660 instaurationem
1750 2607 2078 2664 Zorobabcli

506 2686 618 2740 sint
645 2688 964 2760 adjumento
994 2714 1006 2747 :
1040 2711 1234 2753 omnes
1276 2699 1572 2761 ls'raelitas,
1607 2701 1700 2771 qui
1727 2701 1781 2754 in
1832 2701 2077 2756 Judaeam

505 2779 723 2850 abeant,
774 2785 1026 2842 libertate
1079 2797 1135 2843 et
1182 2789 1532 2845 immunitate
1575 2791 1743 2846 donat
1785 2809 1801 2844 :
1837 2792 1904 2846 ad
1941 2803 2079 2846 tem-

506 2870 655 2936 plum
701 2873 1113 2932 instaurandum
1161 2897 1190 2936 ι.
1233 2882 1437 2936 talenta
1492 2882 1742 2952 largitur,
1792 2897 1923 2937 vasa
1958 2898 2080 2952 qua:

2185 1873 2404 1925 πάντων
2435 1870 2723 1940 ὑπερέχειν
2762 1867 3180 1937 ἐφιλοσόφησεν,
3213 1868 3289 1930 ὡς
3309 1869 3418 1921 τῶν
3448 1867 3756 1938 ἀνθρώπων

2184 1963 2534 2033 κρατούντων
2555 1962 2666 2015 τῶν
2694 1960 2873 2016 ἄλλων
2905 1961 3162 2014 ἁπάντων
3189 1959 3278 2026 διᾲ
3303 1959 3520 2028 σοφίας,
3549 1959 3758 2012 τούτοιν

2183 2056 2229 2109 δ’
2260 2053 2328 2106 αὑ
2353 2049 2435 2118 οἷς
2465 2054 2683 2108 ἅπαντα
2708 2052 3100 2112 ὑποτάσσεται,
3132 2051 3493 2120 κυριευόντων
3519 2051 3629 2102 τῶν
3661 2052 3758 2119 βα-

2185 2146 2398 2200 σιλέων.
2447 2144 2504 2198 '0
2532 2144 2590 2197 δέ
2614 2160 2678 2212 γε
2707 2143 3036 2214 Ζοροσάσελ,
3068 2143 3168 2206 τὰς
3203 2145 3473 2210 γυναῖκας
3507 2159 3758 2212 κρειττοο

2184 2240 2363 2292 νεύειν
2394 2238 2494 2308 τὴν
2527 2236 2684 2306 ίσχὺν
2716 2235 3060 2306 ἀπεφήνατο,
3089 2235 3166 2297 ὡς
3207 2235 3302 2288 καὶ
3333 2233 3442 2286 τῶν
3490 2233 3760 2303 βασιλέων

2182 2331 2252 2386 δι’
2280 2329 2462 2384 αὑτῶν
2495 2329 2829 2398 γενομένων,
2859 2327 2955 2380 καὶ
2997 2325 3229 2388 τῶν-τάς
3260 2326 3543 2395 ἀμπέλους
3573 2324 3631 2378 δὲ
3661 2343 3760 2392 φυ-

2184 2422 2473 2486 τευόντων,
2505 2421 2602 2475 καὶ
2639 2419 2860 2474 πάντων
2891 2417 3066 2480 αὑτάς
3100 2417 3308 2487 γονέων
3343 2434 3402 2470 τε
3442 2418 3759 2487 προτιμών-

2183 2533 2313 2580 των,
2362 2516 2456 2569 καὶ
2494 2514 2608 2568 τῶν
2637 2512 2916 2584 πατρίδων
2961 2511 3056 2564 καὶ
3089 2511 3198 2564 τῶν
3242 2510 3515 2579 φιλτάτιον
3539 2510 3723 2562 αὑτῶν
3739 2524 3762 2540 ’-

2163 2608 2278 2660 ικαὶ
2321 2606 2430 2658 τῶν
2472 2605 2741 2675 βασιλέων
2785 2602 2831 2656 δ’
2878 2603 3060 2656 αὑτῶν
3089 2603 3312 2670 κρατεῖν
3349 2602 3448 2664 τάς
3491 2604 3761 2669 γυναῖκας

2185 2698 2596 2752 κολακευόντων
2619 2697 2810 2761 αὑτὰς,
2846 2697 2940 2750 καὶ
2968 2697 3438 2765 ταπεινουμένων,
3466 2695 3516 2747 εί
3542 2696 3687 2748 κατά
3708 2712 3760 2746 τι

2185 2789 2646 2861 δυσχεραινούσας
2673 2789 2852 2855 γνοῖεν
2881 2786 3072 2849 αὑτάς.
3103 2786 3323 2840 Μᾶλλον
3349 2786 3406 2838 δὲ
3429 2785 3640 2838 τούτοιν
3669 2783 3770 2837 δύ-

2186 2877 2384 2931 νασθαι
2416 2878 2516 2948 τὴν
2549 2875 2833 2944 ἀλήθειαν,
2860 2876 2988 2930 ἐπεὶ
3022 2873 3116 2928 καὶ
3151 2878 3178 2928 ό
3207 2875 3339 2936 Θεὸς
3367 2874 3573 2944 ἀληθής
3618 2876 3756 2936 ἐστι,

502 2975 674 3030 penes
704 2967 881 3038 ipsum
915 2981 1096 3038 erant,
1129 2973 1334 3029 mittit:
1368 2984 1424 3029 et
1445 2989 1782 3044 quascunque
1805 2972 1979 3045 Cyrus
2011 2973 2077 3029 de

2186 2970 2282 3024 καὶ
2312 2968 2458 3022 οὕτω
2491 2966 2761 3030 καλεῖται,
2797 2966 2894 3018 καὶ
2920 2965 2987 3018 τὰ
3019 2966 3120 3034 μὲν
3150 2965 3291 3020 ἀλλα.
3318 2965 3519 3034 θνητά·
3547 2964 3760 3018 ἀθάνα-

502 3051 710 3115 Judzeis
744 3066 1139 3136 promulgant.
1161 3067 1350 3122 eadem
1380 3075 1437 3121 et
1480 3068 1596 3135 ipse
1629 3067 1940 3122 conﬁrmat.

2185 3055 2278 3114 ὢν
2311 3061 2369 3113 δὲ
2400 3059 2592 3130 χρῆμά
2631 3060 2782 3112 ἐστιν
2812 3059 2846 3128 ἡ
2880 3057 3132 3127 ἀλήθεια,
3169 3057 3267 3112 καὶ
3304 3058 3495 3112 ἀίδιον.
3533 3059 3760 3112 Πάντων

502 3146 560 3202 δὲ
606 3156 672 3223 τῇ
716 3155 910 3227 γνώμῃ
941 3157 1133 3211 τούτου
1170 3157 1431 3227 θεμένων,
1461 3159 1538 3222 ὡς
1571 3159 1772 3229 ἄριστα
1834 3158 1965 3228 περὶ
2012 3157 2111 3226 τῆς
2150 3155 2410 3225 ἀληθείας
2463 3153 2928 3222 φιλοσοφήσαντος
2981 3151 3010 3202 ὁ
3053 3152 3277 3220 Δαρεῖος
3346 3151 3682 3219 αἰτήσασθαι
3731 3149 3761 3202 δ

508 3240 781 3308 βούλεται,
815 3245 988 3314 πάρεξ
1036 3246 1146 3300 τῶν
1174 3248 1595 3316 ὑπεσχημένων,
1635 3247 1960 3316 ἐπέτρεψεν.
2006 3247 2067 3298 ’0
2103 3248 2163 3300 δὲ
2194 3246 2292 3314 τῆς
2316 3245 2482 3315 εὐχῆς
2516 3243 2677 3298 αὑτὸν
2711 3243 3042 3312 ἀνέμνησεν,
3109 3244 3197 3314 ἣν,
3229 3244 3278 3295 εί
3301 3242 3456 3296 λάὸοι
3479 3242 3579 3306 τὴν
3643 3242 3745 3312 βα-

508 3331 737 3399 σιλείαν,
764 3337 1051 3404 πεποίητο.
1074 3336 1222 3406 Αὕτη
1253 3338 1310 3391 δὲ
1344 3335 1434 3408 ἦν,
1468 3339 1561 3391 τὸν
1587 3339 1644 3392 ὲν
1678 3338 2073 3410 Ἰεροσολύμοις
2110 3337 2206 3392 τοῦ
2269 3335 2404 3391 Θεοῦ
2440 3336 2849 3391 κατασκευάσαι
2877 3335 3023 3394 ναὸν.
3047 3335 3503 3404 ἀποκαταστῆσαι
3564 3335 3623 3387 δὲ
3651 3337 3748 3390 καὶ

504 3421 576 3474 τά
607 3424 800 3492 σκεύη,
825 3425 925 3478 ὅσα
958 3424 1040 3480 [rt
1076 3428 1136 3479 έν
1169 3427 1449 3482 Βαϐυλῶνι
1482 3428 1910 3498 περιελέλειπτο.
1976 3426 2084 3482 Καὶ
2149 3428 2346 3491 τοῦτο,
2407 3427 2533 3498 ἔφη,
2565 3429 2632 3482 τὸ
2655 3428 2881 3496 alnum
2911 3428 2974 3480 τὸ
3001 3427 3165 3496 ἐμόν.
3203 3426 3422 3489 Ἡσθεὶς
3445 3428 3488 3479 δ’
3515 3429 3609 3480 ἐπὶ
3632 3429 3761 3481 τού-

506 3529 623 3575 τοις
677 3513 708 3566 ὁ
761 3514 1035 3584 βασιλεὺς,
1075 3518 1279 3586 γράφει
1308 3520 1423 3583 τοῖς
1469 3520 1802 3590 σατράπαις,
1849 3521 2074 3590 κέδρινα
2114 3519 2246 3584 ξύλα
2277 3523 2536 3591 χορηγεῖν
2560 3521 2642 3584 εἰς
2668 3520 2766 3590 τὴν
2793 3519 3082 3589 οἰκοδομὴν
3111 3517 3206 3572 τοῦ
3240 3516 3395 3581 ναοῦ,
3453 3519 3549 3572 καὶ
3612 3536 3753 3591 συγ-

507 3607 949 3669 κατασκευάζειν
977 3607 1078 3677 τὴν
1098 3608 1253 3662 πόλιν
1283 3608 1362 3678 τῷ
1383 3610 1712 3679 Ζοροϐάϐελ,
1743 3609 1838 3664 καὶ
1868 3609 2078 3675 πάντας
2113 3610 2240 3673 τοὺς
2308 3612 2388 3675 είς
2409 3611 2508 3681 τὴν
2576 3609 2838 3664 Ἰουδαίαν
2865 3609 3199 3672 ἀπελθόντας
3229 3610 3611 3680 αἰχμαλώτους
3643 3613 3758 3664 τῶν

506 3693 856 3768 Ἰσραηλιτῶν
923 3699 1246 3772 ἐλευθέρους
1308 3697 1448 3755 εῐναι
1509 3702 1606 3756 καὶ
1665 3702 1917 3768 ἀτελεῖς,
1983 3703 2077 3756 καὶ
2149 3703 2388 3758 τάλαντα
2453 3703 2673 3773 δοθῆναι
2733 3704 3074 3773 πεντήκοντα
3127 3704 3210 3764 είς
3267 3702 3367 3772 τὴν
3457 3704 3756 3776 ἀνέγερσιν

505 3793 599 3845 τοῦ
635 3789 790 3845 ναοῦ.
829 3790 940 3845 Καὶ
973 3792 1044 3846 τὰ
1069 3793 1239 3863 σκεύη
1269 3794 1325 3848 δὲ
1358 3795 1534 3848 πάντα
1561 3796 1663 3850 ὅσα
1704 3789 1775 3866 ἦν
1809 3796 1942 3866 παρ’
2014 3794 2187 3867 αὐτῷ,
2241 3795 2482 3866 έπεμψε,
2539 3796 2636 3850 καὶ
2693 3795 2795 3850 ὅσα
2853 3793 3038 3865 Κῦρος
3089 3795 3220 3862 περὶ
3297 3794 3408 3847 τῶν
3473 3794 3754 3850 Ἰουδαίων

505 3885 782 3943 ἐθέσπισε.
819 3884 993 3938 ταῦτα
1025 3886 1121 3939 καὶ
1157 3887 1382 3954 Δαρεῖος
1417 3887 1866 3956 προσδιετάξατο.

574 3973 661 4028 ιν.
697 3972 790 4028 His
819 3974 1055 4042 peractis
1080 4013 1096 4037 ,
1131 3975 1432 4031 Zorobabel
1470 3977 1802 4047 Babylonem
1849 3979 2074 4049 proﬁci-

2245 3977 2320 4030 A'.
2345 3967 2521 4028 Ἦκεν
2550 3968 2666 4036 οῦν,
2701 3970 2908 4025 τούτων
2940 3971 3247 4038 γεγονότων
3286 3971 3367 4034 είς
3405 3969 3702 4025 Βαϐυλῶνα
3733 3976 3760 4025 ό

502 4063 700 4126 Scitur,
747 4073 803 4120 et
853 4065 1212 4134 popularibus
1255 4067 1369 4121 suis
1417 4068 1600 4121 laetum
1650 4069 1811 4124 aﬂ‘ert
1839 4070 1906 4123 de
1937 4071 2077 4140 regis

2186 4063 2517 4134 Ζοροϐάϐελ,
2549 4062 2642 4116 καὶ
2686 4063 2800 4124 τοῖς
2843 4061 3138 4130 ὁμοφύλοις
3182 4064 3250 4115 τὰ
3293 4062 3445 4132 παρά
3477 4062 3572 4115 τοῦ
3601 4064 3762 4132 βασι-

507 4153 842 4220 benignitate
896 4155 1173 4209 nuntium.
1245 4154 1457 4220 Quibus
1517 4156 1681 4226 igitur
1738 4159 1890 4213 cordi
1959 4167 2077 4214 erat

2185 4157 2322 4219 λέως
2351 4153 2782 4224 εὐηγγελίσατο·
2810 4154 2904 4206 καὶ
2934 4153 3051 4206 ὅσοι
3086 4153 3502 4223 προτεθύμηντο
3530 4155 3764 4206 επανελ-

507 4244 742 4308 reditus,
804 4244 842 4299 ii
908 4243 1284 4317 Hierosolyma
1350 4261 1410 4301 se
1477 4247 1788 4314 conferunt,
1843 4264 2078 4319 quorum

508 4350 723 4390 summa
769 4336 870 4392 fuit
898 4337 1169 4408 myriades
1212 4353 1446 4394 ccccaxu
1466 4348 1523 4394 et
1549 4339 1719 4394 millia
1748 4355 1843 4395 vui
1870 4340 2080 4411 absque

508 4424 716 4481 Levitis
743 4437 800 4482 et
831 4429 1163 4498 janitoribus
1185 4441 1242 4485 et
1269 4431 1441 4485 sacris
1477 4431 1652 4486 servis
1693 4446 1758 4486 ac
1787 4432 2078 4500 ministris,

509 4515 603 4583 qui
659 4516 914 4571 reducem
962 4519 1221 4588 populum
1273 4521 1667 4590 sequebantur.
1719 4522 1927 4578 Horum
1972 4523 2085 4580 dux

508 4605 615 4660 fuit
660 4607 984 4674 Zorobabel,
1035 4609 1344 4668 Salathielis
1392 4613 1558 4677 ﬁlius,
1587 4629 1654 4668 οι
1684 4615 1826 4669 tribu
1858 4616 2084 4672 Judaica

510 4707 564 4752 et
610 4698 829 4753 Davidis
859 4702 1194 4769 posteritate,
1222 4713 1277 4758 et
1309 4705 1470 4760 Jesus
1507 4706 1758 4762 Josedeci
1807 4709 2084 4778 pontiﬁcis

508 4790 674 4847 ﬁlius.
721 4793 926 4848 Prteter
952 4795 1054 4850 bos
1086 4805 1141 4850 et
1170 4796 1542 4854 Mardochwus
1591 4809 1646 4854 et
1688 4801 1952 4864 Gercbus,
1988 4802 2087 4856 de-

505 4883 635 4939 lecti
659 4902 689 4940 a
721 4888 965 4956 populo:
996 4889 1185 4944 urbem
1223 4890 1476 4960 ingressi,
1515 4893 1754 4949 victimis
1788 4893 2085 4949 immolatis

511 4974 698 5045 templi
735 4977 1153 5034 aediﬁcationem
1202 4980 1579 5049 auspicantur,
1622 4997 1793 5052 eaque
1829 4983 2084 5038 celeriter

2184 4246 2299 4300 θεῖν
2354 4247 2438 4310 είς
2487 4245 2865 4316 Ἰεροσόλυμα,
2903 4244 3175 4316 ἀπῄεσαν.
3233 4245 3308 4296 Τὸ
3360 4245 3418 4298 δὲ
3461 4247 3758 4313 κεφάλαιον

2183 4337 2292 4390 τῶν
2319 4336 2592 4390 ἀπιόντων
2613 4331 2682 4406 ἦν
2711 4336 2972 4406 μυριάδες
3001 4335 3355 4406 τετρακόσιαι
3382 4335 3458 4406 (7)
3490 4335 3759 4406 ἑξήκοντα

2182 4427 2279 4481 δύο
2325 4427 2420 4482 καῖ⁸
2447 4427 2866 4498 ὀκτακισχίλιοι,
2893 4428 3028 4498 ἄτερ
3060 4425 3305 4481 Λευῖτῶν
3335 4443 3396 4482 τε
3423 4429 3517 4481 καὶ
3565 4428 3757 4482 Πυλω-

2182 4519 2293 4590 ρῶν
2318 4519 2415 4575 καὶ
2435 4519 2638 4574 δούλων
2666 4521 2830 4590 ιερῶν
2855 4521 2949 4574 καὶ
2973 4520 3349 4592 θεραπόντων,
3386 4521 3436 4574 οῖ
3468 4524 3582 4584 τοῖς
3621 4522 3758 4576 ἀνα-

2181 4613 2459 4668 ϐαίνουσιν
2488 4615 2730 4670 εἵποντο.
2765 4613 3027 4684 Ἡγεμὼν
3069 4613 3128 4667 δὲ
3173 4614 3380 4666 τούτων
3410 4607 3480 4684 ἦν
3513 4615 3756 4684 Ζοροδά-

2181 4707 2296 4772 6ελ,
2330 4707 2602 4779 Σαλαθιήλ
2631 4710 2783 4770 παῖς,
2823 4708 2887 4760 ἐκ
2929 4708 3027 4777 τῆς
3059 4706 3230 4760 Ἰούδα
3274 4706 3450 4774 φυλῆς
3486 4707 3756 4773 ἀπόγονος

2180 4799 2275 4852 τοῦ
2297 4799 2480 4862 Δαὸὶδ,
2507 4800 2600 4852 καὶ
2629 4799 2842 4867 Ἰησοῦς
2871 4799 2985 4861 υίὸς
3015 4798 3267 4851 Ἰωσεδὲκ
3296 4797 3389 4850 τοῦ
3420 4798 3752 4868 ἀρχιερέως·

2181 4892 2320 4958 πρὸς
2350 4889 2564 4952 τούτοις
2593 4889 2651 4942 δὲ
2681 4889 3030 4959 Μαρδοχαῖος
3062 4891 3156 4942 καὶ
3182 4888 3350 4958 Γερὲό
3386 4893 3448 4942 ὲκ
3475 4887 3571 4940 τοῦ
3617 4888 3756 4956 πλή-

2181 4982 2310 5046 θους
2344 4983 2696 5053 κεχρισμένοι
2722 4982 2982 5053 ἄρχοντες
3020 4985 3096 5052 (8)
3127 4978 3289 5053 ἦσαν.
3309 4980 3670 5044 Ἀπελθόντες
3696 4980 3754 5032 δὲ

1683 5141 1879 5203 ναι-ξω
1911 5141 2217 5204 lectiones
2261 5149 2321 5204 et
2363 5150 2554 5204 notae.

577 5306 653 5374 (7)
687 5303 982 5374 Μυριάδες
1014 5306 1412 5372 τετρακοσίαι.
1445 5304 1520 5359 ita
1570 5306 1694 5362 cod.
1739 5320 1843 5359 ms.
1877 5314 2072 5376 quater

2183 5304 2496 5360 Castalionis
2553 5311 2916 5376 numerantur
2971 5303 3143 5359 40000
3193 5303 3596 5376 lsraelitarum;
3629 5303 3754 5372 qui.

507 5374 706 5430 miiiies
753 5377 900 5429 mille
936 5376 1242 5430 sexcenties
1278 5377 1449 5439 mille,
1491 5376 1659 5429 vicies
1693 5376 1868 5430 octies
1896 5374 2069 5430 inille.

2174 5375 2280 5429 bus
2307 5392 2428 5430 cum
2453 5378 2618 5439 servi,
2639 5375 2869 5438 ancillae,
2889 5385 3162 5439 cantores,
3187 5375 3424 5443 psaltria:
3443 5373 3748 5436 adduntur,

509 5444 806 5501 lmmensus
839 5446 928 5501 bic
959 5456 1043 5500 est
1086 5461 1371 5509 numerus,
1405 5455 1460 5500 et
1496 5443 1725 5500 fortasse
1774 5444 1966 5510 falsus,
2005 5460 2074 5499 ex
2174 5445 2315 5499 ﬁtlnt
2353 5447 2548 5502 49952.
2615 5445 2780 5500 Vetus
2833 5445 3118 5498 translatio
3169 5455 3424 5498 numerat
3476 5443 3751 5498 lsraelitas

509 5513 782 5584 imperitia
846 5516 1133 5584 scriptoris
1187 5515 1704 5584 atqueroscitantia,
1743 5515 1836 5584 qui
1879 5530 1978 5584 pro
2011 5532 2072 5582 μ,

506 5651 804 5722 Josepltum
831 5654 1050 5722 quidem
1079 5655 1094 5707 Ι
1120 5651 1197 5707 δῖ
1217 5651 1501 5722 Αηιίᾳιιίιη
1537 5668 1585 5706 ιιι
1624 5651 1973 5707 tantumdem
1991 5655 2075 5707 le-

2173 5516 2368 5580 42540,
2401 5531 2588 5576 servos
2631 5525 2685 5568 et
2715 5514 2942 5568 ancillas
2975 5514 3136 5572 7559.
3167 5524 3421 5568 cantores
3464 5522 3522 5568 et
3562 5524 3751 5568 canta-

507 5582 596 5654 ῥυ,
635 5584 815 5654 posuit
851 5602 902 5646 υ,
939 5582 1064 5646 500,
1093 5594 1147 5639 et
1185 5599 1283 5654 pro
1309 5583 1567 5652 χιλιάδες.
1601 5582 1892 5654 μυριάδες.
1915 5583 2072 5653 Apud

2183 5586 2346 5639 lriccs
2370 5585 2496 5647 ⁸565,

2542 5585 2634 5654 qui
2655 5585 2866 5654 iaciunt
2895 5584 3090 5637 49942.
3117 5583 3204 5654 ιν.

2247 5655 2322 5722 (8)
2371 5653 2761 5722 Κεχριονμένοι
2791 5653 3099 5721 ἄρχοντες.
3163 5653 3237 5706 [ta
3281 5653 3404 5707 cod.
3452 5669 3555 5710 ms.
3609 5655 3749 5708 uncti

507 5725 676 5792 gitur.
715 5721 822 5778 Sed
852 5721 1047 5780 Esdrae
1098 5724 1192 5780 lib.
1230 5740 1308 5792 tu,
1341 5721 1462 5793 cap.
1511 5724 1563 5791 5,
1611 5740 1674 5780 ex
1719 5725 2075 5781 conversione
2179 5721 2540 5800 magistratus.
2569 5723 2841 5794 Josephus
2871 5723 3036 5780 habet
3069 5725 3408 5804 κεκριμένοι.
