3980 6246
277 316 376 381 321

1513 314 1925 378 ANNAIJUM
1971 315 2120 374 LIB.
2160 315 2257 376 Ν.

3431 314 3540 376 3ἓὲ

275 434 354 493 εἰς
398 416 776 502 Ἱεροσόλυμα,
805 429 1024 493 ἔθυσαν,
1072 429 1167 484 καὶ
1197 429 1296 498 τῆς
1334 427 1626 498 οἰκοδομῆς
1666 429 1843 499 ἀπήρ-

1956 425 2226 489 absoluta,
2256 422 2590 490 sacerdotes,
2617 423 2820 480 Levita!
2842 433 2898 480 et
2929 423 3134 495 Asaplti
3172 423 3331 480 liberi
3366 428 3538 483 Deum

273 523 437 589 ξαντο
467 523 564 574 τοῦ
603 521 756 575 ναοῦ.
784 521 892 573 Καὶ
918 523 946 573 δ
980 521 1080 591 μὲν
1114 521 1241 584 ναὸς
1273 521 1466 573 θᾶττον
1491 519 1650 572 ἔλαϐε
1672 521 1846 582 τέλος.

274 612 735 682 ’Λπαρτισθέντος
795 611 841 664 δ’
880 611 982 682 ῆδη
1031 612 1123 665 τοῦ
1166 611 1337 682 ἱεροῦ,
1375 613 1424 664 οῖ
1463 612 1627 682 ἱερεῖς
1663 612 1758 664 καὶ
1799 612 1850 663 oi

274 705 502 756 Λευῖται
523 703 620 755 καὶ
645 704 695 755 οἱ
725 699 901 771 ’Δσάφ
934 703 1124 765 παῖδες
1147 701 1353 772 ῦμνουν
1372 702 1462 755 τὸν
1479 702 1631 756 Θεόν.
1651 701 1771 754 Τῶν
1791 701 1848 754 δὲ

275 793 528 862 πατριῶν
553 793 603 845 οῖ
630 793 989 863 πρεσϐύτεροι
1022 794 1116 845 τὸν
1147 798 1277 863 πρὶν
1303 792 1432 846 ναὸν
1451 795 1572 857 ταῖς
1605 793 1850 863 μνήμαις

275 883 700 948 ἀναπολοῦντες,
732 883 828 937 καὶ
857 883 950 936 τὸν
981 885 1106 952 ἄρτι
1151 885 1526 954 γεγενημένον
1573 884 1850 937 ἐνδεέστε-

277 995 367 1046 ρον
415 976 660 1045 ὁρῶντες
707 975 802 1029 τοῦ
835 975 1024 1040 πάλαι,
1069 977 1150 1039 είς
1207 977 1420 1046 δάκρυα
1474 977 1569 1029 καὶ
1617 975 1849 1047 θρήνους

274 1068 604 1137 προήγοντο,
641 1068 735 1119 καὶ
779 1069 812 1137 ἡ
851 1068 1058 1122 τούτων
1102 1070 1318 1138 οἰμωγὴ
1361 1066 1706 1140 ὑπερεφώνει
1746 1069 1849 1137 τὴν

281 1155 387 1208 τῶν
412 1156 737 1224 σαλπίγγων
764 1158 922 1228 ὴχήν.
958 1157 1228 1228 Προσίασι
1251 1158 1297 1211 δ’
1327 1159 1377 1211 οἱ
1409 1160 1747 1229 Σαμαρεῖται
1769 1158 1847 1229 τῷ

273 1245 605 1315 Ζοροϐάϐελ,
643 1246 726 1300 ἔτι
767 1247 860 1300 τοῦ
905 1248 1034 1301 ναοῦ
1073 1248 1519 1319 ἀνεγειρομένου,
1567 1248 1848 1316 ἀξιοῦντες

275 1336 721 1406 συγκοινωνῆσαι
743 1338 929 1403 αὐτοῖς
950 1339 1052 1410 τῆς
1079 1339 1370 1411 οἰκοδομῆς
1397 1339 1491 1394 τοῦ
1509 1341 1692 1396 ’ναοῦ.’
1710 1341 1772 1395 Ὃ
1789 1342 1847 1396 δὶ

271 1427 369 1496 τῆς
403 1427 508 1496 μὲν
533 1427 824 1500 οἰκοδομῆς
850 1430 1054 1493 αὐτοὺς
1094 1433 1389 1502 μετασχεῖν
1412 1432 1473 1484 οὐ
1506 1432 1842 1504 προσήκατο,

274 1519 606 1583 προσκυνεῖν
630 1517 674 1570 δ’
695 1520 753 1571 έν
787 1519 937 1588 αὐτῷ
970 1519 1158 1590 ἔλεγεν
1207 1522 1392 1584 αὐτοῖς
1421 1521 1656 1592 ἐφιέναι.
1705 1523 1848 1592 Πρὸς

271 1603 445 1656 ταῦτα
475 1605 530 1656 οῖ
551 1606 890 1676 Σαμαρεῖται
913 1608 1282 1681 ἠχθέσθησαν,
1302 1612 1398 1664 καὶ
1418 1613 1668 1666 πείθουσι
1692 1611 1762 1666 τὰ
1789 1615 1846 1665 έν

271 1697 442 1768 Συρίᾳ
481 1697 634 1767 ἔθνη,
666 1699 925 1770 δεηθῆναι
961 1701 1068 1754 τῶν
1103 1703 1422 1774 σατραπῶν,
1465 1706 1710 1774 ἐπισχεῖν
1750 1705 1843 1758 τοῦ

1953 517 2255 572 celebrant.
2289 516 2558 572 Tribuum
2590 533 2722 573 vero
2761 520 3030 584 seniores,
3080 519 3310 588 repetita
3340 521 3542 590 prioris

1955 605 2142 674 templi
2159 606 2584 676 magniﬁcentia,
2601 609 2746 678 quod
2767 623 2960 664 recens
2976 610 3110 664 illud
3126 611 3286 682 longe
3308 612 3540 670 inferius
3569 671 3586 685 _

1952 710 2074 751 esse
2123 708 2442 762 cernerent,
2494 698 2570 754 ita
2630 701 2980 772 illacrymant
3015 712 3180 772 atque
3211 703 3420 772 lugent,
3481 715 3540 759 ut

1951 804 2143 844 eorum
2181 790 2419 859 ejulatus
2465 805 2661 846 sonum
2720 793 2977 847 tubarum
3042 805 3348 863 superaret.
3395 797 3533 851 Dum

1952 881 2218 950 templum
2299 882 2656 947 conderetur,
2737 885 3064 939 Samaritani
3139 887 3534 943 Zorobabelcm

1949 969 2175 1035 adeunt,
2203 979 2450 1040 petentes
2473 989 2533 1027 se
2552 973 2608 1026 in
2633 982 2928 1030 structura:
2949 977 3267 1031 societatem
3291 977 3532 1033 admitti.

1951 1058 2006 1112 ld
2026 1094 2028 1098 τ
2050 1059 2140 1114 ille
2185 1071 2402 1116 recusat
2431 1080 2443 1115 :
2470 1072 2726 1117 caeterum
2755 1080 2816 1118 ea
2847 1066 3120 1130 absoluta,
3147 1070 3204 1121 .si
3229 1072 3285 1121 in
3330 1072 3534 1138 templo

1949 1150 2180 1205 adorare
2208 1152 2400 1214 velint,
2440 1153 2628 1208 licere.
2659 1153 2736 1208 Ea
2767 1156 2983 1224 repulsa
3025 1157 3277 1212 homines
3311 1159 3531 1222 irritati,

1949 1241 2120 1314 Syrire
2151 1245 2408 1314 gentibus
2445 1255 2702 1301 auctores
2733 1257 2861 1302 sunt
2887 1249 3107 1316 petendi
3139 1265 3166 1302 a
3194 1253 3450 1320 satrapis.
3476 1263 3538 1305 ut

1948 1334 2136 1403 templi
2169 1335 2590 1390 aediﬁcationem
2647 1337 2996 1406 prohibeant.
3045 1340 3235 1411 Itaque
3277 1343 3536 1412 prasidcs

1949 1425 2122 1497 Syriae
2181 1426 2340 1496 175
2381 1440 2438 1482 et
2474 1427 2791 1485 Phoenicim
2843 1429 3222 1501 Hierosolyma
3275 1434 3531 1501 profecti,

1950 1528 2179 1589 rogant,
2239 1523 2398 1590 cujus
2453 1535 2721 1576 concessu
2787 1523 3051 1591 templum
3101 1523 3275 1576 instar
3323 1525 3536 1578 castelli

1947 1610 2238 1674 aediﬁcent,
2289 1619 2346 1665 et
2401 1612 2592 1667 urbem
2653 1612 2835 1668 muris
2890 1613 3208 1668 fortissimis
3277 1614 3538 1684 cingant?

1949 1699 2252 1757 Zorobabel
2307 1711 2363 1758 et
2420 1705 2664 1772 pontifex
2723 1705 2884 1760 Jesus
2939 1705 2992 1759 id
3036 1705 3269 1774 primum
3309 1722 3338 1759 a
3369 1706 3537 1776 Cyro,

271 1789 401 1842 ναοῦ
425 1792 528 1858 τὴν
563 1791 872 1863 ἀνέγερσιν.
888 1795 1218 1858 Ἀναϐάντες
1237 1796 1292 1848 δὲ
1320 1797 1402 1859 είς
1429 1796 1777 1868 Ἱεροσόλυμα
1795 1799 1843 1850 οῖ

1949 1791 2148 1847 deinde
2188 1809 2217 1847 a
2253 1794 2418 1848 Dario
2442 1796 2607 1851 etiam
2646 1797 2972 1874 permissum
3003 1812 3146 1862 esse,
3175 1799 3532 1867 respondent.
3601 1861 3605 1866 ,

269 1881 472 1952 Συρίας
498 1883 835 1953 ὲπάρχοντες
853 1885 950 1939 καὶ
970 1886 1242 1956 Φοινίκης,
1264 1886 1518 1956 ἠρώτων,
1537 1891 1684 1952 τίνος
1712 1906 1844 1957 συγ-

268 1973 625 2042 χωρήσαντος
649 1973 724 2036 ὡς
750 1973 1010 2044 φρούριον
1041 1975 1135 2029 τὸν
1179 1976 1310 2029 ναὸν
1352 1978 1721 2050 ἀνεγείρουσι,
1751 1981 1848 2032 καὶ

269 2063 334 2132 τῇ
364 2062 521 2115 πόλει
560 2063 716 2134 τείχη
768 2065 972 2135 σφόδρα
1018 2065 1440 2136 περιϐάλλουσιν
1475 2068 1712 2139 ίσχυράς
1751 2071 1848 2122 Ζο-

273 2151 504 2222 ροϐάϐελ
535 2153 592 2206 δὲ
615 2155 711 2207 καὶ
726 2157 755 2209 ὁ
771 2156 1065 2227 ἀρχιερεὺς
1090 2157 1321 2228 Ἰησοῦς,
1342 2159 1406 2212 ἐκ
1427 2157 1608 2229 Κύρου
1632 2159 1847 2230 πρῶτον

271 2245 646 2315 ἐπιτραπῆναι
697 2245 796 2316 τήν
852 2249 1143 2318 οἰκοδομήν
1186 2249 1419 2315 ἔφασαν,
1471 2245 1753 2314 εἶθάὖθις
1782 2253 1847 2304 ἐκ

271 2335 363 2388 τοῦ
391 2339 646 2407 Δαρείου.
677 2339 740 2391 Οἱ
763 2338 808 2391 δ’
835 2339 1069 2410 ἔπαρχοι
1103 2341 1212 2395 τῶν
1237 2342 1339 2411 τῆς
1369 2343 1572 2412 Συρίας
1606 2345 1701 2397 καὶ
1727 2345 1848 2397 Φοι-

274 2427 429 2497 νίκης
464 2427 681 2498 χωρῶν,
737 2429 835 2500 τὴν
886 2431 986 2500 μὲν
1037 2431 1148 2484 τῶν
1179 2431 1356 2502 ἔργων
1405 2434 1692 2504 οἰκοδομὴν
1726 2438 1846 2488 ἐπι-

276 2519 430 2585 σχεῖν
491 2519 594 2570 ούκ
623 2518 866 2591 ἔκριναν,
885 2520 1098 2590 Δαρείῳ
1124 2521 1180 2574 δὲ
1204 2523 1548 2594 παραχρῆμα
1577 2525 1843 2596 ἔγραψαν.

275 2605 394 2659 Τῶν
437 2606 498 2659 δὲ
552 2607 826 2662 Ἰουδαίων
865 2611 1315 2681 κατεπτηχότων,
1364 2615 1438 2683 μὴ
1475 2615 1740 2686 μεταδόξῃ
1769 2617 1846 2686 τῷ

277 2697 489 2766 βασιλεῖ
517 2702 646 2770 περὶ
665 2696 740 2756 ὧν
771 2701 1147 2773 ᾠκονόμησεν,
1170 2704 1426 2773 ’Λγγαῖος
1449 2708 1543 2760 καὶ
1573 2708 1848 2777 Ζαχαρίας

275 2791 322 2841 oi
354 2791 638 2860 προφῆται
676 2793 900 2866 θαρρεῖν
930 2795 1128 2859 αὐτοὺς
1165 2796 1508 2867 παρώρμων,
1554 2798 1650 2852 καὶ
1681 2798 1848 2869 μηδὲ)

275 2878 586 2949 ὑφορᾶσθαι
617 2883 934 2956 ἀϐούλητον.
969 2886 1330 2950 Πιστεύοντες
1366 2882 1461 2942 οὖν
1485 2890 1596 2952 τοῖς
1630 2891 1848 2961 προφή-

274 2988 415 3038 ταις,
449 2975 827 3044 ἐντεταμένως
876 2977 1086 3048 εἴχοντο
1115 2979 1213 3046 τῆς
1251 2979 1560 3050 οἰκοδομῆς.
1623 2984 1848 3052 Δαρεῖος

1948 1886 2068 1952 Quo
2097 1887 2176 1941 illi
2216 1888 2424 1950 audito,
2453 1903 2564 1942 non
2603 1887 2949 1955 impedienda
2975 1903 3144 1958 opera
3171 1901 3534 1955 censuerunt,

1947 1979 2042 2034 sed
2093 1980 2256 2036 Dario
2303 1981 2489 2036 statim
2521 1981 2883 2050 scripserunt.
2909 1981 3130 2036 Judaeos
3173 1990 3358 2037 autem
3403 1995 3533 2050 per-

1951 2069 2172 2126 territos
2209 2086 2274 2126 ac
2317 2078 2650 2135 metuentes,
2677 2086 2748 2125 ne
2789 2085 2970 2140 regem
3002 2071 3352 2126 liberalitatis
3404 2086 3534 2134 suae

1946 2157 2259 2227 paniteret,
2297 2161 2532 2230 Aggaus
2583 2167 2640 2214 et
2684 2157 2980 2214 Zacharias
3033 2157 3314 2228 prOpbetae
3373 2157 3536 2212 bonis

1947 2249 2146 2304 animis
2169 2264 2291 2306 esse
2332 2251 2551 2320 iubent,
2586 2264 2765 2319 neque
2804 2248 3022 2304 molesti
3053 2248 3359 2318 quidquam
3407 2263 3532 2304 sus-

1947 2341 2141 2411 picari.
2203 2341 2372 2412 Igitur
2421 2341 2708 2411 prophetis
2728 2340 2878 2406 freti,
2931 2341 3279 2394 continenter
3326 2331 3534 2396 instant

1947 2433 2126 2502 Operi.
2187 2433 2386 2487 Darius
2445 2441 2630 2487 autem
2689 2431 2890 2486 litteris
2941 2440 3000 2486 ct
3057 2431 3531 2486 Samaritanorum

1947 2523 2392 2578 accusationibus
2447 2524 2709 2592 acceptis,
2745 2522 2892 2592 quod
2939 2522 3111 2577 Judzei
3158 2521 3351 2576 urbem
3407 2537 3532 2578 mu-

1947 2615 2152 2679 nirent,
2191 2622 2256 2668 et.
2278 2613 2542 2684 templum
2567 2613 2776 2668 castelli
2811 2613 2984 2668 instar
3007 2621 3378 2672 exstruerem.
3405 2629 3530 2668 cum

1946 2720 2139 2762 eorum
2185 2705 2474 2761 aediﬁcatio
2517 2719 2548 2759 a
2573 2703 2841 2775 Cambyse
2865 2703 3140 2773 prohibita
3180 2703 3366 2766 fuerit,
3416 2703 3528 2758 haec

1947 2797 2007 2852 in
2038 2795 2203 2867 regiis
2252 2794 2626 2850 monumentis
2658 2794 2864 2865 inquiri
2895 2793 3093 2864 jubet;
3128 2808 3193 2849 ac
3246 2796 3528 2849 inventum

1946 2895 2032 2941 est
2088 2885 2383 2941 Ecbatanis
2436 2885 2512 2954 (id
2572 2883 2762 2940 Mediae
2812 2885 3096 2940 castellum
3147 2884 3251 2953 est)
3296 2883 3351 2938 in
3393 2883 3530 2939 turri

1949 2976 2235 3046 scriptum,
2280 2975 2482 3046 Cyrum
2534 2989 2681 3028 anno
2735 2972 2888 3042 regni
2938 2974 3023 3028 sui
3067 2972 3244 3041 primo
3269 2973 3530 3044 jussisse,

275 3062 330 3115 δὲ
359 3065 458 3126 τάς
487 3065 777 3129 ἐπιστολὰς
828 3067 1142 3139 δεξάμενος,
1177 3071 1274 3124 καὶ
1299 3071 1396 3136 τ’ἀς
1425 3073 1535 3125 τῶν
1565 3073 1840 3143 Σαμαρει-

1950 3069 2212 3138 templum
2245 3075 2304 3122 et
2345 3065 2647 3122 sacrariqu
2679 3064 3234 3136 Hierosolymitanurn
3276 3064 3526 3130 exstrui,

438 3121 452 3126 -
758 3121 774 3129 -
902 3121 920 3132 .
963 3121 976 3139 .
1310 3121 1393 3136 ω.
1438 3121 1525 3125 ---
1565 3121 1809 3143 -ν-ς-ντη

275 3155 382 3208 τῶν
418 3159 779 3226 κατηγορίας,
810 3160 892 3212 ὅτι
931 3165 1031 3230 τήν
1085 3179 1146 3214 τε
1193 3163 1345 3216 πόλιν
1391 3163 1681 3234 ὀχυροῦσιν
1714 3165 1843 3219 Ἰου·

1945 3167 2003 3214 et
2051 3121 2305 3228 sumptus
2382 3157 2451 3212 ad
2498 3171 2619 3211 eam
2673 3171 2790 3212 rem
2843 3121 3114 3226 ex‘regia
3161 3153 3528 3224 suppeditari,

275 3248 434 3315 ὃαῖοι,
459 3251 556 3302 καὶ
582 3251 676 3304 τὸν
699 3252 828 3304 ναὸν
844 3252 1219 3323 οίκοδομοῦσιν
1239 3255 1312 3318 ὡς
1335 3256 1617 3329 φρούριον,
1639 3261 1734 3312 καὶ
1762 3261 1845 3313 ὅτι

277 3339 587 3412 Καμϐύσης
635 3342 734 3412 τὴν
765 3343 972 3398 τούτων
1026 3343 1300 3399 ἐκώλυσεν
1330 3347 1644 3418 οἰκοδομὴν,
1683 3366 1846 3420 προσ-

276 3433 465 3501 έταξεν
496 3437 557 3489 ὲν
588 3437 700 3499 τοῖς
725 3435 1026 3506 βασιλικοῖς
1058 3438 1416 3510 ὑπομνήμασι
1443 3441 1747 3512 ζητηθῆναι
1777 3443 1846 3497 τά

277 3527 401 3596 περὶ
428 3527 641 3591 τούτου,
675 3529 769 3583 καὶ
799 3527 998 3600 εὑρέθη
1023 3531 1081 3582 ὲν
1120 3530 1472 3595 Ἐκϐατάνοις
1495 3536 1562 3604 τῇ
1596 3533 1752 3604 βάρει
1773 3537 1841 3606 τῇ

277 3617 332 3668 ὲν
365 3617 553 3688 Μηδίᾳ
587 3619 995 3688 γεγραμμένον,
1035 3619 1114 3684 ὡς
1143 3619 1221 3690 τῷ
1255 3621 1459 3691 πρώτῳ
1486 3622 1594 3675 ἔτει
1613 3626 1714 3693 τῆς
1742 3625 1842 3677 αύ-

274 3704 365 3758 τοῦ
395 3707 681 3776 βασιλείας
710 3709 894 3780 Κῦρος
918 3710 1172 3764 έκέλευσε
1203 3711 1296 3766 τὸν
1325 3712 1452 3765 ναὸν
1478 3713 1842 3784 οἰκοδομηθῆ-

276 3813 361 3850 va:
392 3800 481 3851 τὺν
517 3800 576 3852 ὲν
638 3800 1054 3872 Ἰεροσολύμοις,
1089 3802 1269 3856 καὶτὸ
1307 3805 1710 3878 θυσιαστήριον,
1747 3805 1842 3858 καὶ

275 3887 370 3958 την
397 3891 478 3952 είς
511 3889 684 3944 ταῦτα
709 3888 954 3962 δαπάνην
999 3895 1063 3946 ὲκ
1095 3894 1203 3947 τῶν
1237 3893 1532 3964 βασιλικῶν
1563 3893 1842 3958 διετάξατο

277 3983 543 4048 γίνεσθαι,
589 3984 685 4038 καὶ
721 3985 794 4039 τὰ
842 3987 937 4040 τοῦ
969 3987 1118 4040 ναοῦ
1153 3987 1320 4054 σκεύη
1361 3986 1712 4057 ἀποδοθῆναι,
1744 3991 1842 4042 καὶ

277 4076 638 4130 συλλαϐέσθαι
700 4078 834 4147 πρὸς
872 4078 935 4130 τὸ
985 4079 1147 4148 ἔργον
1193 4082 1305 4141 τοῖς
1352 4080 1531 4131 ἐκεῖσε
1580 4079 1841 4149 ἄρχουσιν

274 4168 552 4231 ἐκέλευσε,
587 4169 682 4221 καὶ⁵
707 4168 881 4222 τελεῖν
907 4173 1023 4234 τοῖς
1063 4169 1336 4234 Ἰουδαίοις
1366 4172 1444 4231 εἰς
1479 4169 1668 4226 θυσίαν
1705 4170 1841 4222 ταύ-

275 4277 398 4329 ρους
429 4259 526 4312 καὶ
551 4259 744 4328 κριοὺς
773 4260 868 4311 καὶ
891 4259 1062 4330 ἄρνας
1092 4261 1187 4314 καὶ
1209 4261 1453 4330 ἐρίφους,
1481 4249 1762 4330 σεμίδαλίν
1781 4276 1841 4313 τε

276 4351 366 4402 καὶ
393 4348 540 4403 οἶνον
562 4352 656 4404 καὶ
681 4350 882 4406 ἔλαιον.
915 4351 1098 4404 Ταῦτα
1125 4353 1182 4402 ὲν
1207 4354 1319 4414 τοῖς
1354 4352 1711 4422 ὑπομνήμασι
1735 4355 1842 4404 Δα-

1949 3251 2245 3321 templique
2290 3265 2416 3304 vasa
2469 3247 2709 3314 restitui,
2765 3257 2823 3302 et
2867 3246 3081 3302 vicinos
3108 3255 3369 3316 praetores
3391 3261 3531 3316 opus

1947 3342 2082 3397 illud
2135 3341 2392 3412 adjuvare
2420 3357 2448 3395 -:
2487 3346 2546 3394 et
2597 3338 2802 3393 Judaeis
2852 3335 2922 3392 ad
2979 3335 3250 3392 sacriﬁcia
3287 3335 3530 3406 pendere

1945 3438 2155 3495 tauros,
2177 3430 2400 3498 arietes,
2426 3443 2596 3500 agnos
2617 3439 2667 3483 et
2707 3427 2916 3493 haedos,
2939 3425 3310 3496 similemque,
3337 3425 3544 3480 vinum

1943 3529 2002 3577 et
2039 3521 2245 3576 oleum.
2287 3518 2413 3575 Haec
2451 3520 2649 3574 Darius
2675 3532 2800 3574 cum
2831 3517 2886 3571 in
2923 3515 3337 3572 commentariis
3377 3516 3529 3570 inve-

1943 3615 2138 3678 uisset,
2175 3610 2500 3682 praesidibus
2527 3609 2583 3663 in
2625 3609 2771 3664 banc
2823 3609 3154 3664 sententiam
3196 3607 3524 3679 rescripsit:

1943 3699 2262 3771 Exemplum
2290 3699 2429 3755 vobis
2457 3699 2698 3752 mandati
2721 3698 2845 3768 Cyri
2887 3699 2942 3752 in
2972 3699 3320 3752 monumentis
3349 3715 3525 3769 reper.

1943 3805 2057 3850 tum
2106 3795 2257 3847 mitto
2302 3811 2321 3848 .'
2351 3801 2511 3862 atque
2549 3792 2761 3845 omnino
2801 3791 2856 3845 id
2901 3790 3020 3859 ﬁeri
3051 3790 3186 3856 volo,
3258 3794 3395 3868 quod
3431 3791 3525 3844 illo

1941 3889 2255 3940 continetur.
2305 3883 2506 3937 Valete.
2564 3881 2730 3951 Regis
2784 3881 3065 3937 voluntate
3109 3883 3348 3950 cognita,
3391 3896 3521 3950 pro-

1942 3976 2244 4031 vinciarum
2269 3975 2485 4028 illarum
2515 3971 2844 4042 praetoribus
2864 3972 3084 4028 Iudaeos
3105 3971 3518 4043 adjuvantibus,

1945 4068 2262 4138 temploque
2283 4067 2444 4122 annis
2465 4076 2676 4136 septem
2693 4064 2967 4131 absoluto,
2994 4063 3255 4120 lsraelitae
3271 4065 3522 4122 victimas

1942 4158 2316 4222 immolarunt,
2365 4155 2724 4226 pristinorum
2788 4155 3060 4210 bonorum
3116 4155 3515 4210 renovatriccs.

1940 4249 1999 4304 ln
2037 4249 2179 4306 festo
2216 4249 2548 4320 Azymorum
2579 4261 2772 4304 omnes
2812 4263 2844 4302 e
2868 4247 3023 4319 pagis
3056 4248 3112 4303 in
3153 4248 3345 4304 urbem
3383 4263 3518 4303 con-

1941 4339 2218 4395 fluxerunt
2268 4358 2283 4394 :
2343 4345 2677 4408 peractoque
2739 4339 3029 4403 sacriﬁcio,
3089 4337 3238 4408 quod
3308 4336 3518 4394 Pascha

277 4443 420 4512 ρεῖος
453 4439 656 4513 εὑρὼν.
683 4440 993 4513 ἀντέγραψε
1023 4443 1137 4504 τοῖς
1162 4442 1545 4494 έπεσταλκόσιο
1579 4442 1649 4497 Τὸ
1675 4442 1838 4495 ἀντι-

1944 4432 2170 4496 dicitur,
2201 4429 2554 4486 festivitatem
2599 4429 3076 4485 concelebrarunt.
3109 4430 3216 4497 Qui
3257 4429 3516 4486 Hieroso-

275 4549 502 4601 γραφον
530 4533 673 4602 ὑμῖν
688 4531 797 4601 τῆς
817 4533 1166 4600 ἐπιστολῆς,
1180 4533 1250 4586 ἐν
1271 4532 1396 4598 τοῖς
1413 4531 1843 4600 ὑπομνήμασιν

273 4624 461 4691 εὑρὼν
483 4624 610 4690 τοῖς
641 4625 856 4692 Κύρου,
888 4625 1264 4688 ἀπέσταλκα,
1291 4624 1389 4677 καὶ
1415 4623 1715 4691 ,βούλομαι
1743 4639 1842 4691 γε·

271 4715 480 4769 νέσθιιι
535 4715 754 4780 πάντα,
819 4715 900 4780 ὡς
961 4713 1221 4782 περιέχει
1270 4713 1447 4782 αὐτή.
1521 4714 1840 4781 Ἕρῤωσθε..

271 4807 498 4868 Γνόντες
525 4804 585 4857 δὲ
617 4804 716 4875 τὴν
750 4804 846 4857 τοῦ
874 4803 1138 4874 βασιλέως
1168 4801 1490 4872 προαίρεσιν
1512 4803 1563 4855 οἱ
1598 4801 1704 4854 τῶν
1727 4819 1840 4871 χωσ-

273 4897 381 4967 ρῶν
413 4900 646 4950 ἐκείνων
689 4895 1164 4965 ἐπιτροπεύοντες,
1201 4898 1504 4966 συνήργουν
1551 4897 1666 4957 τοῖς
1704 4895 1838 4948 Ἰου-

270 4987 459 5051 δαίοις.
496 4988 605 5040 Καὶ
651 4985 974 5058 ᾠκοδομήθη
1013 4987 1073 5040 ὲν
1103 4986 1278 5039 ἔτεσιν
1310 4987 1451 5040 ἑπτά
1488 4986 1516 5038 ὁ
1558 4988 1704 5052 ναός,
1743 4988 1838 5041 καὶ

271 5082 468 5137 ἔθυσαν
498 5084 548 5136 οἱ
577 5081 912 5152 Ἰσραηλῖται
934 5080 1124 5142 θυσίας
1166 5080 1540 5144 ἀνανεωτικὰς
1560 5081 1668 5134 τῶν
1702 5098 1838 5151 προσ

267 5177 442 5247 τέρων
470 5175 714 5245 ἀγαθῶν.
743 5175 858 5246 Τῆς
879 5174 936 5228 δὲ
965 5173 1074 5226 τῶν
1105 5173 1358 5242 Ἀζύμων
1407 5174 1605 5243 ἑορτῆς
1650 5173 1839 5226 ἐνστά-

271 5285 386 5338 σης,
435 5267 709 5339 συνερρύη
764 5268 874 5330 πᾶς
905 5267 934 5319 ὁ
965 5264 1093 5327 λαὸς
1146 5265 1212 5317 ὲκ
1235 5264 1343 5317 τῶν
1391 5265 1595 5332 κωμῶν
1623 5266 1700 5326 είς
1737 5264 1836 5334 τὴν

268 5364 444 5424 πόλιν,
484 5363 581 5413 καὶ
599 5362 697 5430 τὴν
719 5359 913 5429 ἑορτὴν
936 5358 1163 5426 ἤγαγον,
1185 5358 1278 5408 καὶ
1311 5353 1410 5426 τὴν
1441 5354 1632 5424 Πάσχα
1663 5371 1836 5425 προσ.

270 5452 675 5522 αγορευομένην
726 5449 918 5503 θυσίαν
977 5448 1250 5500 ἐτέλεσαν.
1301 5444 1646 5516 Κατῴκησαν
1697 5446 1743 5498 δ’
1776 5448 1834 5499 έν

284 5540 677 5612 Ἰεροσολύμοις
753 5537 997 5606 πολιτείᾳ
1071 5537 1345 5607 χρώμενοι
1397 5537 1830 5606 ἀριστοκρατικῇ

276 5633 409 5702 μετά
444 5629 786 5700 ὀλιγαρχίας.
815 5629 878 5681 Οἱ
909 5630 1016 5698 γάρ
1087 5629 1250 5696 ἱερεῖς
1283 5626 1696 5695 προεστήκεσαν
1721 5624 1831 5678 τῶν

275 5723 636 5792 πραγμάτων,
674 5720 833 5790 ἄχρις
860 5714 920 5774 οὗ
943 5718 1067 5784 τοὺς
1105 5717 1476 5788 Ἀσαμωναίου
1502 5716 1700 5787 συνέϐη
1729 5715 1828 5786 βα-

1941 4522 2104 4593 lymis
2147 4520 2533 4584 consederant,
2582 4518 2816 4575 formam
2869 4520 3188 4588 reipublicae
3220 4527 3516 4576 tenuerunt

1939 4627 2010 4667 ex
2035 4611 2360 4681 optimatum
2408 4619 2465 4666 et
2503 4626 2806 4681 paucorum
2834 4621 3105 4680 potestate
3134 4622 3514 4684 contempera-

1941 4714 2074 4756 tam.
2101 4701 2322 4758 Summa
2353 4717 2537 4758 rerum
2561 4703 2708 4757 enim
2743 4718 2915 4773 usque
2941 4704 3008 4758 ad
3032 4718 3258 4774 regnum
3287 4705 3516 4760 Asamo-

1940 4810 2186 4850 natorum
2219 4810 2388 4866 penes
2411 4793 2725 4851 sacerdotes
2747 4794 2870 4849 fuit.
2899 4795 3038 4850 Nam
3070 4806 3198 4851 ante
3229 4797 3516 4866 captivita-

1942 4896 2051 4942 tem
2091 4887 2315 4957 quidem
2347 4887 2567 4956 regibus
2595 4903 2695 4955 per
2721 4901 2896 4942 annos
2931 4903 3114 4943 nituit
3141 4901 3359 4943 menses
3381 4905 3431 4942 vt
3454 4895 3512 4942 ct

1939 4980 2058 5036 dies
2113 4996 2147 5035 ι
2203 4989 2524 5050 paruerunt.
2579 4980 2723 5035 Ante
2802 4995 2998 5051 reges,
3051 4981 3399 5051 magistratus
3467 4979 3507 5033 ii

1937 5072 2232 5143 praefuere,
2258 5072 2350 5141 qui
2395 5071 2610 5142 iudices
2648 5071 3010 5137 vocabantur,
3054 5079 3108 5126 et
3162 5071 3504 5124 dictatores:

1937 5167 2040 5217 sub
2096 5162 2298 5232 quibus
2348 5170 2404 5217 et
2445 5161 2580 5231 ipsis
2625 5177 2799 5217 annos
2832 5161 2992 5231 176
3027 5161 3265 5230 amplius
3306 5175 3339 5212 ο
3383 5167 3508 5228 post

1937 5253 2140 5306 Mosen:
2179 5261 2234 5304 et
2263 5251 2447 5307 Jesum
2476 5259 2730 5320 egerunt.
2771 5248 3094 5304 Samaritani
3141 5255 3320 5300 tamen
3369 5245 3511 5300 inle-

1935 5345 2006 5400 sti
2061 5344 2286 5408 Judmis,
2342 5343 2511 5398 multa
2580 5343 2724 5397 mala
2795 5342 3082 5396 dederunt.
3134 5336 3502 5404 Quamobrem

1936 5435 2236 5494 Zorobabel
2270 5446 2327 5490 et
2350 5436 2441 5490 alii
2474 5451 2524 5489 tv
2546 5451 2613 5489 ex
2638 5431 3042 5505 magistratibus
3066 5445 3190 5485 cum
3213 5445 3280 5484 eo
3309 5429 3502 5484 Hiero-

1936 5522 2158 5598 soljmis
2209 5526 2372 5596 legati
2423 5525 2491 5579 ad
2544 5524 2766 5578 Darium
2819 5522 3055 5574 iverunt.
3103 5517 3347 5586 Quorum
3405 5534 3500 5574 rex

1934 5621 2174 5693 querelis
2193 5618 2442 5689 cognitis,
2479 5617 2544 5670 ad
2579 5615 2866 5684 magistros
2894 5613 3140 5681 equitum
3165 5620 3222 5665 et
3246 5620 3497 5666 senatum

1935 5711 2195 5770 Samaria:
2235 5707 2455 5778 scripsit
2501 5723 2518 5763 :
2553 5722 2622 5761 ne
2667 5702 2875 5760 molesti
2914 5714 3098 5758 essent
3137 5703 3359 5767 intimis,
3401 5702 3496 5782 sccl
