3980 6246
459 278 567 340 327

1742 273 2068 336 JOANNIS
2105 272 2432 353 ZONARE

3616 274 3721 340 323

449 388 594 444 vivis
619 387 736 443 suis
763 395 1052 445 ostentare
1078 388 1331 460 cupiens,
1376 386 1444 442 ad
1474 385 1789 443 convivium
1820 384 2023 441 accersi

2137 381 2221 447 ξὶν
2267 383 2470 454 ὁμοίως
2511 384 2825 457 συνεκρότει
2858 378 3185 453 συμπόσιον,
3219 379 3288 452 ἣν
3327 378 3515 436 κάλλει
3545 382 3726 448 πασας

448 485 629 552 junct.
659 478 757 534 illa
788 489 1106 547 recusante,
1136 489 1195 535 et
1220 480 1447 535 nuntios
1471 479 1787 550 complures
1829 476 2034 533 infecta

450 588 513 630 re
560 573 922 629 dimittente:
970 573 1168 638 iratus,
1221 571 1413 628 uxoris
1456 570 1862 627 contumaciam
1908 584 2035 626 cum

452 677 665 736 septem
721 666 1011 720 Persarum
1084 664 1443 720 senatoribus
1498 661 1872 718 communicat
1916 679 1931 717 :
1978 660 2036 716 hi

453 759 576 828 ejus
605 757 897 830 ejicienda:
938 764 1201 811 auctores
1232 765 1383 811 sunt.
1419 755 1623 826 Ejecta:
1658 770 1792 809 vero
1817 751 2037 808 deside-

457 850 602 905 rium
637 850 829 919 iniquo
854 849 1043 905 animo
1070 848 1295 912 ferenti,
1325 847 1562 903 suadent
1588 846 1773 910 amici,
1824 852 1884 899 ut
1919 843 2035 899 for—

452 958 633 997 mosas
656 942 903 1012 virgines
925 941 1168 1013 colligat,
1193 956 1499 1011 earumque
1523 937 2035 1010 pratstantissimam

452 1050 681 1089 uxorem
713 1034 901 1089 ducat.
936 1034 1100 1089 Paret
1133 1032 1372 1088 consilio
1408 1048 1544 1086 rex:
1589 1030 1889 1099 multisque
1924 1027 2038 1082 vir-

448 1128 675 1198 ginibus
717 1126 985 1193 collectis,
1022 1126 1302 1197 Babylone
1346 1125 1551 1196 puella,
1585 1122 1776 1179 Judma
1809 1134 2034 1193 genere,

450 1223 677 1278 inventa
717 1228 826 1287 est,
870 1236 940 1277 ex
989 1220 1137 1275 tribu
1176 1219 1558 1290 Benjamitica,
1597 1215 1868 1272 ambobus
1897 1214 2035 1270 orba

448 1312 793 1385 parentibus,
856 1327 982 1381 quae
1030 1326 1063 1366 a
1110 1320 1314 1382 patruo
1378 1308 1727 1365 Mardochaeo
1785 1305 2035 1376 principe

444 1404 764 1461 Iudaeorum
796 1404 1167 1468 educabatur,
1199 1401 1439 1459 Esthera
1466 1400 1713 1457 nomine.
1750 1400 1882 1455 Eam
1914 1412 2032 1463 rex,

444 1495 636 1565 lepore
679 1493 801 1565 ejus
850 1501 1065 1564 captus,
1118 1507 1348 1548 uxorem
1399 1491 1574 1556 ducit,
1617 1498 1675 1545 et
1723 1488 2034 1543 diademate

444 1594 624 1640 ornat.
678 1583 915 1640 Patruus
963 1584 1095 1640 item
1139 1585 1261 1656 ejus
1323 1581 1702 1639 Mardochaeus
1757 1579 2034 1650 Babylone

445 1678 582 1733 Susa
616 1677 1022 1749 commigravit,
1068 1687 1130 1733 ut
1178 1676 1385 1747 regiam
1436 1674 1835 1746 frequentaret,
1870 1681 1928 1727 et
1963 1671 2032 1726 de

442 1778 611 1840 nepte
651 1786 751 1826 sua
803 1777 1251 1841 percontaretur.
1297 1767 1491 1838 Neque
1535 1767 1686 1822 enim
1731 1765 1823 1820 illa
1878 1763 2026 1819 unde

442 1875 571 1923 nata
609 1876 780 1932 esset,
813 1866 1085 1922 indicarat
1124 1882 1140 1922 :
1176 1880 1358 1936 neque
1413 1864 1558 1934 ipse,
1606 1863 1849 1934 aliquam
1899 1876 2027 1916 cum

441 1959 535 2014 illa
585 1944 1056 2016 necessitudinem
1114 1957 1223 2015 sibi
1278 1956 1627 2013 intercedere
1676 1953 2025 2012 ostendebat.

441 2049 671 2107 Tuierat
709 2058 894 2106 autem
940 2065 1038 2107 rex
1079 2051 1281 2122 legem,
1328 2064 1399 2105 ne
1439 2048 1566 2119 quis
1606 2046 1677 2102 ad
1708 2061 1770 2102 se
1800 2047 1856 2101 in
1887 2045 2028 2102 solio

439 2139 730 2196 sedentem
765 2140 1059 2196 accederet
1087 2138 1382 2195 invocatus
1413 2156 1427 2192 :
1464 2137 1559 2208 qui
1595 2152 1758 2192 secus
1783 2136 2026 2203 fecisset,

439 2231 629 2287 statim
664 2231 736 2288 ab
762 2228 1181 2301 apparitoribus
1207 2229 1394 2285 securi
1429 2228 1718 2293 feriretur,
1766 2228 1872 2284 nisi
1910 2227 2026 2298 ipse

441 2323 651 2394 virgam
695 2336 862 2392 quam
896 2336 1064 2376 manu
1100 2328 1346 2387 teneret,
1383 2321 1461 2375 illi
1494 2320 1862 2391 porr-exisset:
1903 2335 2025 2376 eam

440 2415 591 2470 enim
621 2414 718 2484 qui
745 2414 1025 2486 attigerat,
1054 2413 1332 2469 indemnis
1357 2422 1498 2469 erat.
1525 2412 1662 2469 Cum
1692 2422 1877 2469 autem
1912 2413 2026 2469 duo

439 2507 685 2563 eunuchi
726 2507 842 2578 regi
893 2505 1128 2562 insidias
1179 2513 1483 2572 struerent,
1538 2505 1889 2563 Barnabazus
1929 2502 2027 2560 Ju-

443 2599 615 2663 d:eus.
670 2613 868 2656 servus
903 2597 1136 2654 alterius
1175 2598 1442 2662 eunuchi,
1487 2597 1556 2652 iis
1603 2594 2024 2661 animadversis,

444 2705 561 2747 rem
592 2690 661 2746 ad
701 2689 1104 2747 Mardochaeum
1140 2688 1343 2746 defert.
1384 2688 1547 2761 1'79
1573 2689 1672 2745 Ille
1697 2703 1798 2760 per
1826 2687 2027 2745 Esthe-

445 2796 564 2837 ram
626 2782 697 2837 ad
751 2796 980 2854 regem:
1017 2781 1116 2851 qui
1166 2779 1444 2836 eunuchis
1494 2781 1552 2836 in
1596 2793 1817 2836 crucem
1859 2778 2022 2843 actis,

443 2872 848 2929 Hardochazum
880 2872 936 2929 iu
962 2873 1389 2930 commentarios
1414 2872 1668 2937 inscribi,
1702 2881 1761 2928 et
1789 2871 1847 2927 in
1872 2872 2025 2941 regia

442 2979 671 3021 manere
715 2965 891 3036 jubet.
941 2964 1208 3021 Amanum
1252 2977 1420 3034 porro
1462 2962 1703 3018 amicum
1743 2975 2023 3018 summum

444 3058 613 3127 regis,
644 3072 838 3113 omnes
869 3056 1178 3113 adorabant
1205 3072 1220 3110 :
1256 3055 1407 3126 quod
1450 3069 1577 3109 cum
1620 3052 2020 3108 Mardochaeum
2049 3083 2092 3141 ο

444 3159 674 3219 propter
715 3150 893 3220 legem
932 3147 1218 3204 Judaicam
1265 3145 1689 3217 praetermittere
1728 3144 2022 3216 cognovis-

444 3247 549 3305 set,
592 3238 912 3310 indignatus
941 3239 992 3294 ei
1038 3238 1205 3302 dixit,
1241 3253 1301 3293 se
1331 3253 1362 3292 a
1391 3237 1577 3293 Persis
1610 3238 1865 3309 ingenuis
1890 3237 2022 3294 ado-

446 3329 563 3387 rari
593 3348 607 3384 :
640 3344 742 3386 cur
774 3331 890 3399 ille,
921 3331 1015 3400 qui
1041 3345 1237 3387 servus
1266 3339 1435 3396 esset,
1458 3330 1605 3386 idem
1642 3345 1753 3386 non
1778 3329 2023 3387 faceret?

442 3430 667 3492 totaque
694 3430 858 3494 gente
906 3421 1054 3493 apud
1095 3437 1281 3495 regem
1324 3432 1604 3489 accusata,
1647 3422 1810 3494 petiit
1851 3432 1916 3479 ut
1955 3438 2021 3480 ea

441 3511 697 3571 futiditus
739 3513 1178 3585 exstirparetur,
1203 3515 1279 3570 ita
1323 3523 1386 3570 ut
1424 3514 1592 3571 nullae
1639 3514 1889 3586 reliquie
1927 3530 2024 3572 su-

438 3612 749 3676 peressent.
782 3603 864 3662 Ne
908 3618 1043 3659 vero
1080 3602 1306 3661 tributis
1336 3621 1449 3662 rex
1494 3604 1868 3673 fraudaretur,
1903 3605 2022 3677 ipse

438 3695 808 3768 quadraginta
854 3698 1068 3768 argenti
1113 3696 1286 3753 millia
1335 3712 1395 3752 se
1440 3696 1701 3753 daturum
1737 3705 1826 3753 est
1853 3697 2020 3770 polli-

434 3788 600 3844 citus.
655 3787 771 3843 ch
800 3789 998 3844 Amani
1054 3798 1111 3844 et
1159 3790 1450 3860 pecuniam
1493 3799 1552 3847 et
1596 3791 1853 3848 homines
1889 3808 2021 3848 con-

438 3881 630 3947 donat,
660 3888 721 3935 ut
751 3896 847 3936 eos
868 3897 970 3936 suo
1001 3882 1276 3939 arbitratu
1310 3893 1530 3942 tractet.
1565 3884 1617 3942 is
1643 3887 1815 3958 igitur
1830 3888 2018 3943 statim

429 3967 682 4023 edictum
713 3968 937 4024 nomine
980 3970 1126 4041 regis
1159 3971 1215 4024 in
1241 3986 1434 4029 omnes
1467 3974 1781 4043 provincias
1824 3976 2014 4040 mittit,

438 4059 529 4114 liis
576 4060 810 4115 verbis:
852 4061 1093 4131 Eos_qui
1145 4063 1210 4116 ab
1242 4062 1412 4118 altero
1456 4075 1610 4134 patre
1660 4083 1776 4121 meo
1810 4067 2019 4123 Amans

429 4153 768 4223 judicaretur,
810 4168 991 4207 autne:
1031 4168 1151 4206 cum
1190 4154 1443 4209 uxoribus
1488 4164 1537 4209 et
1572 4156 1749 4211 liberis
1790 4158 2019 4225 interﬁci

434 4243 578 4309 volo,
615 4243 771 4314 idque
799 4242 922 4313 ﬁeri
966 4259 1058 4298 xrv
1101 4243 1188 4298 die
1221 4245 1417 4300 mensis
1459 4261 1536 4302 ιιι
1577 4246 1672 4301 hoc
1708 4265 1871 4306 anno.
1920 4249 2018 4307 llis

440 4332 643 4387 litteris
692 4333 748 4387 in
798 4333 965 4388 urbes
998 4342 1053 4389 et
1085 4333 1402 4404 provincias
1428 4337 1680 4406 perlatis,
1708 4338 2017 4397 iuternecio

436 4420 645 4478 Iudaeis
700 4423 1024 4493 parabatur.
1064 4422 1215 4478 idem
1260 4422 1416 4481 Susis
1465 4427 1636 4482 etiam
1664 4429 2013 4500 agitabatur.

2125 4462 2210 4500 νον
2235 4445 2403 4501 αὐτοῦ
2426 4447 2775 4505 καταλιπεῖν.

439 4510 817 4591 Mardoehaeus
849 4522 1061 4578 autem,
1100 4528 1225 4569 cum
1257 4517 1394 4587 quid
1429 4526 1616 4574 actum
1640 4529 1789 4577 esset
1814 4537 1991 4595 cogno

438 4603 632 4669 visset,
663 4617 884 4659 saccum
924 4603 1176 4672 indutus,
1207 4616 1262 4662 el
1290 4607 1520 4678 pulvere
1547 4612 1773 4682 oppleta
1812 4617 2014 4685 capite,

438 4694 747 4761 clamitans,
783 4705 1004 4768 gentem
1044 4696 1384 4766 immeritam
1422 4700 1618 4769 deleri,
1647 4713 1776 4762 ante
1808 4708 2015 4778 regiam

437 4787 675 4842 astabat.
711 4786 903 4858 Neque
931 4788 1083 4844 enim
1118 4805 1185 4846 eo
1223 4791 1416 4847 habitu
1446 4792 1662 4865 ingredi
1687 4797 1888 4855 decere
1921 4815 2015 4855 ar-

436 4879 766 4937 bitrabatur.
801 4880 959 4947 Quod
995 4896 1120 4938 cum
1160 4883 1229 4940 ad
1274 4885 1517 4958 reginam
1557 4887 1848 4946 Estheram
1880 4908 2013 4963 per-

433 4970 607 5028 latum
640 4980 808 5039 esset,
851 4972 1021 5055 misso
1064 4976 1342 5044 eunucho,
1370 4993 1594 5036 causam
1624 4982 1807 5039 luctus
1845 4999 1914 5040 ex
1945 5001 2013 5041 eo

433 5063 655 5135 quaerit.
686 5064 786 5121 ille
814 5066 949 5137 quid
977 5069 1291 5135 accidisset.
1326 5073 1590 5130 eunucho
1620 5085 1833 5145 narrat,
1872 5082 2011 5149 petit

437 5162 500 5209 ut
528 5153 622 5209 illa
649 5154 797 5225 apud
826 5170 1011 5229 regem
1044 5172 1146 5229 pro
1176 5161 1385 5231 populo
1413 5162 1745 5223 intercedat.
1773 5166 1876 5226 Cui
1909 5170 2008 5225 Es-

435 5244 592 5301 thera
638 5247 882 5305 vicissim
929 5251 1167 5318 nuntiat,
1205 5253 1386 5310 vereri
1433 5271 1515 5329 se,
1556 5258 1604 5313 si
1646 5259 1903 5315 invocata
1939 5261 2009 5317 ad

435 5350 619 5408 regem
646 5342 968 5410 accesserit,
1002 5358 1073 5400 ne
1102 5344 1407 5403 occidatur.
1434 5348 1756 5420 Respondet
1782 5351 2005 5408 Mardo-

433 5426 642 5493 chaaus,
680 5444 791 5484 non
823 5431 900 5486 illi
927 5431 1219 5501 privatam,
1261 5434 1358 5490 sed
1389 5437 1572 5507 gentis
1599 5437 1877 5506 publicam
1922 5455 2009 5495 sa-

433 5515 605 5572 lutem
633 5532 755 5575 esse
788 5523 1142 5590 spectandam
1172 5541 1186 5579 :
1221 5526 1277 5581 id
1323 5526 1430 5583 nisi
1481 5528 1698 5594 fecerit,
1738 5533 2001 5602 populum

437 5606 630 5678 utique
661 5608 928 5670 divinitus
956 5614 1025 5669 iri
1051 5626 1464 5685 conservatum,
1504 5619 1678 5690 ipsam
1714 5637 1849 5678 vero
1877 5640 2004 5681 cum

434 5707 664 5770 paterna
711 5702 877 5761 domo
923 5706 1298 5765 interituram.
1354 5710 1589 5768 Proinde
1640 5714 1827 5786 regina
1874 5730 2003 5772 eum

2139 472 2406 542 νικῶσαν,
2436 475 2708 548 ἠθέλησεν
2733 479 2765 532 6
2796 475 3057 549 βασιλεὺς
3090 477 3205 539 τοῖς
3234 474 3385 547 αὐτῷ
3416 478 3725 545 συμποσιά-

2139 563 2327 629 ζουσιν
2358 567 2656 633 ἐπιδεῖξαιο
2707 570 2802 623 καὶ
2837 567 3061 639 πέμψας
3090 568 3249 639 ἥκειν
3287 566 3461 638 αὐτὴν
3505 568 3726 623 ἐκέλευε

2139 659 2295 730 παρὰ
2320 660 2390 714 τὸ
2422 661 2752 733 συμπόσιον.
2788 662 2854 716 Ἦ
2887 661 2944 715 δὲ
2970 662 3073 715 οὐκ
3103 661 3376 726 ἐπείθετο,
3409 662 3508 719 καὶ
3530 662 3731 717 πολλά-

2137 761 2225 807 κις
2250 747 2585 814 στείλαντος,
2621 749 2904 815 ἀνένδοτος
2930 744 3024 822 ἦν.
3085 750 3344 822 Ὠργίσθη
3380 750 3475 806 οὖν
3508 753 3728 824 όβασι-

2136 833 2262 899 λεὺς
2301 836 2392 892 διὰ
2459 839 2561 911 τὴν
2619 840 2929 908 ἀπείθειαν,
2960 843 3057 895 καὶ
3103 842 3384 898 κοινοῦται
3425 849 3541 908 τοῖς
3589 848 3727 901 ἑπτὰ

2134 928 2246 982 τῶν
2265 930 2493 1001 Περσῶν
2523 932 2851 1003 συμϐούλοις
2871 933 2972 1004 τῆς
2991 935 3254 1003 γυναικὸς
3278 936 3379 1008 τὴν
3412 940 3725 997 ἀπείθειαν,

2138 1020 2203 1073 Οἱ
2225 1020 2270 1073 δ’
2297 1021 2556 1076 ἐκϐαλεῖν
2580 1024 2755 1097 αὐτὴν
2805 1025 2918 1079 δεῖν
2950 1025 3197 1096 ἔκριναν.
3230 1030 3338 1082 Καὶ
3368 1031 3401 1101 ἡ
3443 1031 3544 1099 μὲν
3571 1034 3729 1086 ἐκϐἐο

2136 1113 2306 1184 ὂλητο
2328 1131 2343 1147 ’
2373 1118 2401 1169 6
2427 1116 2472 1169 δ’
2502 1116 2723 1187 ἤχθετο,
2764 1118 2903 1188 πρὸς
2935 1119 3106 1190 αὐτὴν
3138 1122 3424 1192 ἐρωτικῶς
3445 1123 3730 1195 διακείμε·

2136 1223 2247 1270 νος.
2274 1206 2434 1262 Οὕτω
2455 1207 2501 1262 δ’
2529 1207 2710 1279 ἔχοντι
2736 1210 3130 1266 συνεϐούλευον
3157 1214 3208 1267 οί
3227 1213 3398 1282 φίλοι,
3425 1216 3727 1285 παρθένους

2136 1297 2437 1367 εὐπρεπεῖς
2470 1299 2814 1370 πανταχόθεν
2845 1304 3202 1372 συναγαγεῖν,
3235 1305 3332 1358 καὶ
3354 1306 3454 1376 τὴν
3488 1325 3729 1378 προκρι-

2137 1390 2327 1447 θεῖσαν
2359 1392 2506 1458 ἕξειν
2524 1397 2783 1464 γυναῖκα.
2814 1396 3077 1452 Πείθεται
3103 1401 3171 1471 τῇ
3209 1401 3491 1475 συμϐουλῇ
3523 1403 3724 1476 ταύτῃο

2136 1485 2235 1539 καὶ
2264 1486 2480 1542 πολλῶν
2515 1488 2810 1561 παρθένων
2843 1492 3265 1564 ἀθροισθεισῶν,
3300 1495 3499 1568 εὑρέθη
3531 1499 3592 1552 ἑν
3621 1499 3727 1554 Βα-

2138 1577 2340 1633 δυλῶνι
2391 1580 2528 1653 κόρη
2568 1600 2673 1652 τις,
2721 1584 2954 1640 Ἰουδαία
2986 1586 3046 1640 τὸ
3079 1586 3263 1655 γένος,
3309 1589 3375 1642 ἐκ
3416 1589 3594 1663 φυλῆς
3627 1592 3726 1660 τῆς

2137 1672 2536 1744 Βενιαμίτιδος,
2560 1676 2775 1747 ὀρφανὴ
2799 1678 2896 1732 καὶ
2928 1679 3137 1749 ἀμφοῖν
3162 1679 3272 1733 τῶν
3306 1682 3532 1750 γονέων,
3569 1688 3724 1755 παρὰ

2130 1764 2208 1833 τῷ
2240 1765 2371 1836 θείῳ
2417 1770 2752 1841 Μαρδοχαίῳ
2774 1774 3114 1843 τρεφομένη,
3147 1774 3258 1828 τῶν
3285 1775 3521 1846 πρώτων
3570 1780 3725 1848 παρά

2130 1861 2246 1923 τοῖς
2267 1859 2550 1925 Ἰουδαίοις
2569 1880 2584 1895 ·
2614 1861 2819 1934 Ἐσθὴρ
2838 1859 2907 1935 ἦν
2928 1867 2995 1936 τῇ
3016 1865 3155 1936 κόρῃ
3180 1866 3242 1918 τὸ
3271 1867 3468 1938 ὄνομα.
3502 1870 3726 1937 Ἡσθεὶς

2128 1945 2224 2005 οὖν
2251 1952 2428 2026 ταύτῃ
2477 1952 2505 2006 6
2535 1953 2818 2024 βασιλεὺς,
2846 1957 2929 2020 είς
2959 1960 3199 2024 γυναῖκα
3218 1959 3427 2030 ταύτην
3455 1962 3725 2032 ἠγάγετο,

2129 2041 2227 2095 καὶ
2253 2042 2603 2112 περιτίθησιν
2635 2045 2778 2116 αὐτῇ
2809 2045 2870 2099 τὸ
2900 2046 3168 2118 διάδημα,
3202 2050 3300 2104 καὶ
3324 2054 3353 2106 6
3380 2051 3526 2118 θεῖος
3549 2055 3727 2126 αὐτῆς

2127 2135 2194 2188 ἐκ
2227 2134 2554 2199 Βασυλῶνος
2611 2138 2697 2201 είς
2729 2138 2908 2192 Σοῦσα
2947 2142 3260 2213 μετῴκησε,
3291 2147 3424 2214 περὶ
3476 2147 3545 2200 τὰ
3569 2146 3728 2218 βασί-

2126 2223 2249 2278 λεια
2272 2225 2593 2295 διατρίϐων,
2622 2228 2719 2283 καὶ
2750 2230 2881 2301 περὶ
2910 2231 3013 2301 τῆς
3043 2232 3336 2307 ἀδελφιδῆς
3376 2235 3726 2307 πυνθανόμε-

2127 2333 2241 2381 νος.
2275 2315 2417 2371 Οὔτε
2478 2319 2590 2390 γὰρ
2632 2320 2820 2392 ἐκείνη
2879 2322 3041 2394 δῆλον
3090 2323 3154 2378 τὸ
3200 2324 3381 2393 ἔθνος,
3432 2326 3494 2394 ἐξ
3546 2323 3724 2401 οὗπερ

2128 2406 2449 2479 ἐτύγχανεν,
2481 2408 2659 2476 ἔθετο,
2688 2410 2817 2465 οὔτε
2842 2414 2870 2466 6
2894 2413 3244 2485 Μαρδοχαῖος
3267 2418 3368 2487 τὴν
3394 2418 3530 2487 πρὸς
3550 2420 3727 2491 αὐτὴν

2126 2499 2403 2570 ὡμολόγει
2461 2502 2813 2571 συγγένειαν.
2869 2504 3065 2558 Ἐθετο
3094 2507 3150 2560 δὲ
3173 2507 3341 2579 νόμον
3374 2509 3403 2562 6
3439 2509 3725 2580 βασιλεὺς,

2125 2590 2270 2646 ῶστε
2298 2592 2505 2664 μηδένα
2553 2595 2605 2648 οἱ
2635 2594 2732 2648 ἐπὶ
2759 2593 2855 2649 τοῦ
2905 2595 3102 2667 θρόνου
3159 2599 3456 2673 καθημένῳ
3480 2602 3725 2672 ἄκλητον

2126 2684 2490 2755 προσιέναι,ἢ
2519 2685 2784 2757 θνήσκειν
2823 2687 2920 2742 τὸν
2956 2687 3099 2743 οὕτω
3134 2693 3433 2762 προσιόντα
3457 2695 3564 2748 ὑπὸ
3610 2696 3683 2748 τιῖ
3694 2713 3727 2751 ν

2125 2777 2280 2847 αὐτῷ
2308 2778 2730 2850 περισταμένων
2764 2780 3184 2854 πελεκυφόρων,
3225 2787 3275 2838 εί
3308 2785 3385 2858 μὴ
3418 2788 3629 2853 ἐκεῖνος
3664 2789 3726 2842 ὃν

2125 2871 2186 2925 ἐν
2216 2871 2377 2943 χερσὶ
2405 2873 2630 2943 κατεῖχε
2655 2871 2823 2942 λύγον
2846 2873 3089 2940 ἐξέτεινε
3125 2877 3495 2948 πρὸςάὒτόν·
3550 2882 3580 2935 6
3609 2884 3724 2952 γὰρ

2124 2962 2221 3018 τοῦ
2247 2964 2416 3034 λύγου
2447 2964 2783 3035 ἁπτόμενος,
2816 2966 3109 3033 ἀκίνδυνος
3131 2965 3222 3041 ἦν.
3256 2970 3725 3027 Ἐπιύουλευσάν-

2124 3074 2236 3112 των
2269 3058 2327 3112 δὲ
2356 3057 2435 3128 τῷ
2467 3057 2681 3129 βασιλεῖ
2707 3058 3052 3135 Ἀρταξέρξῃ
3076 3060 3188 3116 δύω
3221 3063 3494 3136 εὐνούχων
3525 3067 3721 3135 αὐτοῦ,
3810 3138 3817 3142 1

2126 3150 2489 3218 Βαρνάδαζος
2518 3151 2746 3223 οἰκέτης
2773 3152 2870 3230 τοῦ
2894 3154 3109 3225 ἑτέρου,
3156 3154 3219 3208 τὸ
3259 3156 3418 3224 γένος
3466 3157 3545 3211 ὢν
3583 3160 3722 3213 Ἰουο

2124 3243 2297 3308 δαῖος,
2330 3245 2515 3308 συνεὶς
2542 3244 2644 3315 τὴν
2691 3245 3015 3315 ἐπιϐουλὴν,
3047 3245 3126 3317 τῷ
3158 3249 3495 3322 Μαρδοχαίῳ
3528 3252 3722 3323 ἀπήγ-

2124 3336 2301 3406 γιιλε,
2327 3338 2424 3392 καὶ
2463 3335 2525 3401 ὃς
2573 3336 2667 3390 διὰ
2688 3338 2792 3408 τῆς
2835 3338 3040 3409 Ἐσθὴρ
3065 3339 3144 3412 τῷ
3175 3340 3392 3412 βασιλεί
3433 3347 3562 3406 τοὺς
3587 3347 3719 3399 ὲπι-

2123 3427 2353 3492 δούλους
2405 3428 2702 3499 ἐμήνυσεν.
2748 3429 2809 3484 '0
2844 3430 2904 3484 δὲ
2932 3430 3060 3495 τοὺς
3116 3433 3219 3503 μὲν
3274 3435 3566 3507 εὐνούχους
3590 3438 3722 3493 ἀνε-

2123 3518 2437 3591 σταύρωσε,
2493 3520 2588 3575 τοῦ
2638 3519 2697 3575 δὲ
2723 3521 3073 3593 Μαρδοχαίου
3098 3524 3160 3578 τὸ
3197 3526 3375 3596 ὄνομα
3421 3527 3719 3584 ἐκέλευσεν

2121 3610 2472 3684 δγγραφῆναι
2527 3613 2645 3677 τοῖς
2673 3613 3062 3686 ὑπομνήμασι,
3095 3617 3189 3671 καὶ
3233 3619 3567 3690 προσμένειν
3598 3626 3719 3688 τοῖς

2125 3705 2424 3776 βασιλείοις
2472 3705 2662 3760 αὐτόν.
2707 3706 2887 3778 Ἀμὰν
2916 3707 2976 3763 δὲ
3033 3709 3188 3779 φίλον
3222 3712 3349 3767 ὄντα
3391 3713 3470 3785 τῷ
3500 3714 3719 3785 βασιλεῖ

2126 3801 2186 3864 ές
2214 3800 2283 3853 τὰ
2312 3797 2554 3870 μάλιστα
2579 3799 2821 3863 ἅπαντες
2848 3801 3250 3871 προσεκύνουν.
3277 3803 3627 3876 Μαρδοχαίου
3654 3807 3716 3859 δὲ

2125 3892 2204 3965 μὴ
2228 3892 2664 3964 προσκυνοῦντος
2718 3892 2809 3946 διὰ
2861 3893 2956 3946 τὸν
2989 3896 3155 3966 νόμον
3181 3897 3368 3962 αὐτὸν,
3414 3900 3606 3968 μαθὼν
3633 3901 3715 3963 ὡς

2132 3985 2394 4049 Ἰουδαῖός
2424 3985 2593 4049 ἐστιν,
2634 3986 2989 4059 ἠγανάκτησε
3030 3991 3124 4043 καὶ
3155 3986 3309 4044 εἶπεν
3352 3990 3526 4062 αὐτῷ,
3550 3992 3628 4055 ὡς
3661 3994 3713 4046 oi

2123 4077 2226 4147 μὲν
2257 4076 2537 4148 ἐλεύθεροι
2568 4079 2777 4149 Πέρσαι
2801 4081 3205 4151 προσκυνοῦσιν
3233 4080 3419 4149 αὐτὸν,
3443 4085 3472 4137 6
3503 4084 3559 4138 δὲ
3585 4084 3716 4138 δοῦ·

2119 4169 2211 4234 λος
2229 4168 2329 4235 ὢν,
2373 4169 2600 4238 ἀπαξιοῖ
2650 4171 2813 4226 τοῦτο
2868 4178 3067 4230 ποιεῖν,
3134 4176 3456 4247 Προσελθὼν
3499 4177 3594 4232 οὖν
3626 4180 3712 4249 τῷ

2122 4261 2338 4333 βασιλεῖ
2374 4264 2679 4334 κατηγόρει
2721 4262 2818 4317 τοῦ
2846 4264 3037 4330 ἔθνους
3076 4268 3297 4334 παντὸς,
3325 4270 3421 4324 καὶ
3453 4268 3573 4342 ᾔτει
3608 4289 3713 4324 κε-

2117 4354 2307 4411 λεῦσαι
2343 4356 2642 4429 πρόρριζον
2673 4358 2975 4414 ἀπολέσθαι
3017 4361 3172 4429 αὐτὸ,
3202 4365 3297 4417 καὶ
3330 4365 3405 4436 μή
3441 4381 3494 4417 τι
3517 4364 3711 4437 leid..-

2805 4450 2924 4505 Ἵνα
2955 4453 3059 4523 μέν
3089 4469 3171 4507 τοι
3196 4452 3555 4526 μὴ’ζημιωθῇ
3577 4458 3711 4521 τοὺς

2121 4535 2326 4608 φόρους
2359 4536 2566 4603 αὐτῶν,
2596 4538 2763 4602 αὐτὸς
2799 4539 3170 4610 ἐπηγγείλατο
3203 4540 3397 4596 δώσειν
3432 4544 3708 4613 μυριάδας

2118 4628 2388 4699 ἀργυρίου
2415 4630 2713 4702 τέσσαρας.
2753 4630 2814 4686 ’0
2845 4629 2946 4702 μὲν
2983 4631 3077 4688 οὖν
3144 4633 3318 4703 Ἀμαν
3348 4634 3470 4706 ᾔτει
3497 4636 3703 4692 ταῦτα.

2129 4720 2191 4774 Ὀ
2215 4720 2271 4774 δὲ
2293 4719 2550 4790 βασιλεὺς
2573 4721 2668 4776 καὶ
2691 4721 2756 4776 τὸ
2790 4722 3058 4794 ἀργύριον
3105 4724 3254 4797 αύτῷ
3282 4727 3571 4796 χαρίζεται
3605 4730 3708 4783 καὶ

2115 4812 2244 4877 τοὺς
2267 4812 2617 4884 ἀνθρώπους,
2645 4813 2788 4868 ὥστε
2818 4815 3058 4886 χρῆσθαι
3084 4816 3298 4881 τούτοις
3317 4818 3395 4883 ὼς
3424 4820 3705 4890 βούλεται.

2115 4903 2327 4957 Αὐτίκα
2347 4900 2442 4958 οὖν
2473 4903 2753 4975 διάταγμα
2783 4906 2939 4974 παρὰ
2976 4905 3073 4960 τοῦ
3115 4906 3286 4977 Ἀμὰν
3321 4908 3580 4979 ἐπέμφθη
3622 4913 3708 4975 εἰς

2115 4994 2298 5050 πάντα
2317 4995 2387 5049 τὰ
2418 4995 2570 5066 ἔθνη,
2602 4996 2679 5061 ὡς
2698 4998 2765 5052 ὲκ
2784 4997 2878 5053 τοῦ
2913 4998 3200 5070 βασιλέως.
3223 5001 3480 5073 περιέχον
3502 5002 3701 5058 ταῦτα*

2117 5087 2266 5153 Τοὺς
2297 5087 2714 5158 δηλουμένους
2765 5092 2889 5147 ὑπὸ
2942 5092 3049 5148 τοῦ
3085 5094 3371 5165 δευτέρου
3419 5114 3540 5166 μου
3585 5115 3703 5153 πα·-

2110 5177 2248 5244 me;
2287 5178 2481 5249 ’Apdr,
2530 5183 2757 5237 κελεύω
2799 5183 3032 5252 πάντας
3063 5186 3186 5242 σὺν
3214 5190 3450 5257 γυναιξὶ
3481 5189 3581 5244 καὶ
3606 5188 3704 5244 τέ-

2106 5284 2280 5334 κνοις
2324 5268 2682 5338 ἀπολέσθαι,
2729 5276 2831 5328 καὶ
2884 5276 3062 5331 τοῦτο
3089 5278 3368 5347 γενέσθαι
3391 5281 3700 5351 ,βούλομαι

2109 5358 2188 5427 τῇ
2215 5360 2462 5431 τετάρτῃ
2484 5363 2582 5418 καὶ
2612 5364 2835 5436 δεκάτῃ
2868 5368 2978 5423 τοῦ
3000 5368 3341 5426 δωδεκάτου
3362 5373 3561 5440 μηνὸς
3583 5373 3698 5427 τοῦ

2108 5450 2441 5520 ἐνεστῶτος
2487 5455 2683 5523 ἔτους.
2716 5458 2923 5513 Τούτου
2973 5462 3332 5531 κομισθέντος
3380 5463 3475 5516 τοῦ
3513 5464 3701 5533 γράμ-

2115 5556 2287 5607 ματος
2332 5543 2413 5606 εἰς
2459 5546 2560 5608 τὰς
2610 5547 2800 5612 πόλεις
2859 5551 3082 5615 καὶτὰς
3132 5552 3337 5624 χώρας,
3369 5553 3532 5627 ἡτῶν
3561 5555 3699 5608 Ἰου-

2109 5630 2277 5685 δαίων
2307 5635 2554 5695 ἀπώλεια
2587 5639 2935 5710 ἡτοιμάζετο.
2988 5637 3151 5713 Εἶχον
3192 5643 3250 5698 ὃὲ
3279 5644 3374 5697 καὶ
3411 5646 3459 5698 οἱ
3492 5647 3551 5700 ὲν
3577 5648 3697 5709 τοῖς

2106 5721 2329 5789 Σούσοις
2365 5727 2584 5798 ὁμοίως.
2653 5732 2711 5785 ’0
2734 5731 2791 5784 δὲ
2831 5731 3180 5805 Μαρδοχαῖος
3214 5735 3406 5807 μαθὼν
3432 5737 3496 5793 τὸ
3542 5737 3697 5807 γενό-
