  <div class='ocr_page' id='page_1' title='image "/cluster/home/n/w/nwhite01/storage/ocr_20150623/134/mdp.39015032023197/173.png"; bbox 0 0 3980 6246; ppageno 0'>
   <div class='ocr_carea' id='block_1_1' title="bbox 406 335 507 400">
    <p class='ocr_par' dir='ltr' id='par_1_1' title="bbox 406 335 507 400">
     <span class='ocr_line' id='line_1_1' title="bbox 406 335 507 400; baseline 0 0"><span class='ocrx_word' id='word_1_1' title='bbox 406 335 507 400; x_wconf 76' lang='lat'>331</span> 
     </span>
    </p>
   </div>
   <div class='ocr_carea' id='block_1_2' title="bbox 1687 325 2374 392">
    <p class='ocr_par' dir='ltr' id='par_1_2' title="bbox 1687 325 2374 392">
     <span class='ocr_line' id='line_1_2' title="bbox 1687 325 2374 392; baseline -0.009 -1"><span class='ocrx_word' id='word_1_2' title='bbox 1687 327 2014 392; x_wconf 72' lang='lat' dir='ltr'>JOANNIS</span> <span class='ocrx_word' id='word_1_3' title='bbox 2054 325 2374 388; x_wconf 61' lang='grc' dir='ltr'>ΖΟΝΑΒΞΕ</span> 
     </span>
    </p>
   </div>
   <div class='ocr_carea' id='block_1_3' title="bbox 3573 318 3683 379">
    <p class='ocr_par' dir='ltr' id='par_1_3' title="bbox 3573 318 3683 379">
     <span class='ocr_line' id='line_1_3' title="bbox 3573 318 3683 379; baseline 0 -1"><span class='ocrx_word' id='word_1_4' title='bbox 3573 318 3683 379; x_wconf 60' lang='grc' dir='ltr'>ὅδὲ</span> 
     </span>
    </p>
   </div>
   <div class='ocr_carea' id='block_1_4' title="bbox 329 435 1996 522">
    <p class='ocr_par' dir='ltr' id='par_1_4' title="bbox 329 448 1982 522">
     <span class='ocr_line' id='line_1_4' title="bbox 329 448 1982 522; baseline -0.006 -14"><span class='ocrx_word' id='word_1_5' title='bbox 329 468 332 470; x_wconf 91' lang='grc'>·</span> <span class='ocrx_word' id='word_1_6' title='bbox 396 459 529 508; x_wconf 87' lang='lat' dir='ltr'><strong>ante</strong></span> <span class='ocrx_word' id='word_1_7' title='bbox 576 452 778 522; x_wconf 79' lang='lat' dir='ltr'><strong>regiam</strong></span> <span class='ocrx_word' id='word_1_8' title='bbox 832 451 1135 507; x_wconf 84' lang='lat' dir='ltr'><strong>invenisset</strong></span> <span class='ocrx_word' id='word_1_9' title='bbox 1171 464 1330 505; x_wconf 84' lang='lat' dir='ltr'><strong>sacco</strong></span> <span class='ocrx_word' id='word_1_10' title='bbox 1369 448 1644 513; x_wconf 86' lang='lat' dir='ltr'><strong>indutum,</strong></span> <span class='ocrx_word' id='word_1_11' title='bbox 1682 459 1982 518; x_wconf 79' lang='lat' dir='ltr'><strong>purpuram</strong></span> 
     </span>
    </p>
   </div>
   <div class='ocr_carea' id='block_1_5' title="bbox 2100 435 3677 522">
    <p class='ocr_par' dir='ltr' id='par_1_5' title="bbox 2100 435 3677 513">
     <span class='ocr_line' id='line_1_5' title="bbox 2100 435 3677 513; baseline -0.005 -17"><span class='ocrx_word' id='word_1_12' title='bbox 2100 443 2288 513; x_wconf 70' lang='grc' dir='ltr'>μένων,</span> <span class='ocrx_word' id='word_1_13' title='bbox 2351 441 2552 513; x_wconf 81' lang='grc' dir='ltr'>εὑρέθη</span> <span class='ocrx_word' id='word_1_14' title='bbox 2597 440 2838 512; x_wconf 70' lang='grc' dir='ltr'>μηνυτὴς</span> <span class='ocrx_word' id='word_1_15' title='bbox 2874 439 3217 510; x_wconf 79' lang='grc' dir='ltr'>Μαρδοχαῖος</span> <span class='ocrx_word' id='word_1_16' title='bbox 3267 435 3564 503; x_wconf 61' lang='grc' dir='ltr'>γενόμενος</span> <span class='ocrx_word' id='word_1_17' title='bbox 3599 436 3677 489; x_wconf 80' lang='grc' dir='ltr'>τὼ</span> 
     </span>
    </p>
   </div>
   <div class='ocr_carea' id='block_1_6' title="bbox 398 540 1991 614">
    <p class='ocr_par' dir='ltr' id='par_1_6' title="bbox 398 540 1991 614">
     <span class='ocr_line' id='line_1_6' title="bbox 398 540 1991 614; baseline -0.006 -14"><span class='ocrx_word' id='word_1_18' title='bbox 398 545 630 600; x_wconf 83' lang='lat' dir='ltr'><strong>induere</strong></span> <span class='ocrx_word' id='word_1_19' title='bbox 663 545 843 614; x_wconf 88' lang='lat' dir='ltr'><strong>jubct.</strong></span> <span class='ocrx_word' id='word_1_20' title='bbox 878 546 948 600; x_wconf 79' lang='lat' dir='ltr'><strong>At</strong></span> <span class='ocrx_word' id='word_1_21' title='bbox 983 545 1098 608; x_wconf 91' lang='lat' dir='ltr'><strong>ille,</strong></span> <span class='ocrx_word' id='word_1_22' title='bbox 1135 543 1396 607; x_wconf 80' lang='lat' dir='ltr'><strong>Pessime,</strong></span> <span class='ocrx_word' id='word_1_23' title='bbox 1421 543 1623 613; x_wconf 89' lang='lat' dir='ltr'><strong>inquit,</strong></span> <span class='ocrx_word' id='word_1_24' title='bbox 1659 540 1991 601; x_wconf 79' lang='lat' dir='ltr'><strong>mortalium,</strong></span> 
     </span>
    </p>
   </div>
   <div class='ocr_carea' id='block_1_7' title="bbox 395 611 2025 694">
    <p class='ocr_par' dir='ltr' id='par_1_7' title="bbox 395 611 2025 694">
     <span class='ocr_line' id='line_1_7' title="bbox 395 611 2025 694; baseline -0.006 0"><span class='ocrx_word' id='word_1_25' title='bbox 395 641 547 694; x_wconf 81' lang='lat' dir='ltr'><strong>itane</strong></span> <span class='ocrx_word' id='word_1_26' title='bbox 592 640 782 694; x_wconf 77' lang='lat' dir='ltr'>nostris</span> <span class='ocrx_word' id='word_1_27' title='bbox 827 639 984 692; x_wconf 83' lang='lat' dir='ltr'><strong>malis</strong></span> <span class='ocrx_word' id='word_1_28' title='bbox 1013 638 1288 693; x_wconf 76' lang='lat' dir='ltr'>insultas?</span> <span class='ocrx_word' id='word_1_29' title='bbox 1318 637 1423 692; x_wconf 86' lang='lat' dir='ltr'><strong>Sed</strong></span> <span class='ocrx_word' id='word_1_30' title='bbox 1452 611 1576 691; x_wconf 86' lang='lat' dir='ltr'>cum</span> <span class='ocrx_word' id='word_1_31' title='bbox 1614 633 1982 690; x_wconf 80' lang='lat' dir='ltr'><strong>intellexisset</strong></span> <span class='ocrx_word' id='word_1_32' title='bbox 2007 611 2025 624; x_wconf 28' lang='lat'><strong>4</strong></span> 
     </span>
    </p>
   </div>
   <div class='ocr_carea' id='block_1_8' title="bbox 395 721 1977 800">
    <p class='ocr_par' dir='ltr' id='par_1_8' title="bbox 395 721 1977 800">
     <span class='ocr_line' id='line_1_8' title="bbox 395 721 1977 800; baseline -0.006 -15"><span class='ocrx_word' id='word_1_33' title='bbox 395 745 462 786; x_wconf 81' lang='lat' dir='ltr'>ea</span> <span class='ocrx_word' id='word_1_34' title='bbox 481 729 586 784; x_wconf 87' lang='lat' dir='ltr'><strong>sibi</strong></span> <span class='ocrx_word' id='word_1_35' title='bbox 612 729 780 784; x_wconf 85' lang='lat' dir='ltr'><strong>tribui</strong></span> <span class='ocrx_word' id='word_1_36' title='bbox 811 744 1038 784; x_wconf 87' lang='lat' dir='ltr'><strong>munera</strong></span> <span class='ocrx_word' id='word_1_37' title='bbox 1065 744 1096 784; x_wconf 87' lang='lat' dir='ltr'>a</span> <span class='ocrx_word' id='word_1_38' title='bbox 1123 745 1275 800; x_wconf 68' lang='lat' dir='ltr'><strong>rege,</strong></span> <span class='ocrx_word' id='word_1_39' title='bbox 1301 729 1460 798; x_wconf 85' lang='lat' dir='ltr'><strong>cujus</strong></span> <span class='ocrx_word' id='word_1_40' title='bbox 1489 728 1679 787; x_wconf 82' lang='lat' dir='ltr'><strong>vitam,</strong></span> <span class='ocrx_word' id='word_1_41' title='bbox 1715 721 1977 778; x_wconf 79' lang='lat' dir='ltr'><strong>indicatis</strong></span> 
     </span>
    </p>
   </div>
   <div class='ocr_carea' id='block_1_9' title="bbox 401 814 1978 888">
    <p class='ocr_par' dir='ltr' id='par_1_9' title="bbox 401 814 1978 888">
     <span class='ocr_line' id='line_1_9' title="bbox 401 814 1978 888; baseline -0.007 -11"><span class='ocrx_word' id='word_1_42' title='bbox 401 822 786 878; x_wconf 82' lang='lat' dir='ltr'><strong>cunuchorum</strong></span> <span class='ocrx_word' id='word_1_43' title='bbox 825 821 1063 886; x_wconf 88' lang='lat' dir='ltr'><strong>insidiis,</strong></span> <span class='ocrx_word' id='word_1_44' title='bbox 1113 828 1851 888; x_wconf 81' lang='lat' dir='ltr'><strong>conservassetzpurpuram</strong></span> <span class='ocrx_word' id='word_1_45' title='bbox 1895 814 1978 867; x_wconf 90' lang='lat' dir='ltr'><strong>iu-</strong></span> 
     </span>
    </p>
   </div>
   <div class='ocr_carea' id='block_1_10' title="bbox 399 911 1985 984">
    <p class='ocr_par' dir='ltr' id='par_1_10' title="bbox 399 911 1985 984">
     <span class='ocr_line' id='line_1_10' title="bbox 399 911 1985 984; baseline -0.007 -16"><span class='ocrx_word' id='word_1_46' title='bbox 399 912 541 979; x_wconf 85' lang='lat' dir='ltr'><strong>duit,</strong></span> <span class='ocrx_word' id='word_1_47' title='bbox 565 913 707 968; x_wconf 92' lang='lat' dir='ltr'><strong>collo</strong></span> <span class='ocrx_word' id='word_1_48' title='bbox 726 920 976 984; x_wconf 88' lang='lat' dir='ltr'><strong>torquem</strong></span> <span class='ocrx_word' id='word_1_49' title='bbox 1007 911 1405 973; x_wconf 86' lang='lat' dir='ltr'><strong>accommodat,</strong></span> <span class='ocrx_word' id='word_1_50' title='bbox 1429 919 1483 964; x_wconf 90' lang='lat' dir='ltr'>ct</span> <span class='ocrx_word' id='word_1_51' title='bbox 1505 923 1648 979; x_wconf 91' lang='lat' dir='ltr'><strong>equo</strong></span> <span class='ocrx_word' id='word_1_52' title='bbox 1676 919 1985 962; x_wconf 87' lang='lat' dir='ltr'><strong>conscenso</strong></span> 
     </span>
    </p>
   </div>
   <div class='ocr_carea' id='block_1_11' title="bbox 402 997 1988 1075">
    <p class='ocr_par' dir='ltr' id='par_1_11' title="bbox 402 997 1988 1075">
     <span class='ocr_line' id='line_1_11' title="bbox 402 997 1988 1075; baseline -0.006 -15"><span class='ocrx_word' id='word_1_53' title='bbox 402 1005 605 1075; x_wconf 83' lang='lat' dir='ltr'><strong>passim</strong></span> <span class='ocrx_word' id='word_1_54' title='bbox 630 1005 822 1060; x_wconf 88' lang='lat' dir='ltr'><strong>urbem</strong></span> <span class='ocrx_word' id='word_1_55' title='bbox 845 1004 1064 1070; x_wconf 86' lang='lat' dir='ltr'><strong>circuit,</strong></span> <span class='ocrx_word' id='word_1_56' title='bbox 1084 1003 1434 1075; x_wconf 74' lang='lat' dir='ltr'><strong>praecedente</strong></span> <span class='ocrx_word' id='word_1_57' title='bbox 1453 1002 1683 1064; x_wconf 85' lang='lat' dir='ltr'><strong>Amane,</strong></span> <span class='ocrx_word' id='word_1_58' title='bbox 1704 1007 1759 1053; x_wconf 89' lang='lat' dir='ltr'>et</span> <span class='ocrx_word' id='word_1_59' title='bbox 1777 997 1988 1067; x_wconf 89' lang='lat' dir='ltr'><strong>procla-</strong></span> 
     </span>
    </p>
   </div>
   <div class='ocr_carea' id='block_1_12' title="bbox 407 1088 1990 1167">
    <p class='ocr_par' dir='ltr' id='par_1_12' title="bbox 407 1088 1990 1167">
     <span class='ocr_line' id='line_1_12' title="bbox 407 1088 1990 1167; baseline -0.007 -15"><span class='ocrx_word' id='word_1_60' title='bbox 407 1108 594 1153; x_wconf 81' lang='lat' dir='ltr'><strong>mante</strong></span> <span class='ocrx_word' id='word_1_61' title='bbox 644 1115 660 1152; x_wconf 89' lang='lat'><strong>:</strong></span> <span class='ocrx_word' id='word_1_62' title='bbox 695 1095 785 1153; x_wconf 85' lang='lat' dir='ltr'><strong>Sic</strong></span> <span class='ocrx_word' id='word_1_63' title='bbox 806 1097 1070 1153; x_wconf 80' lang='lat' dir='ltr'><strong>honorare</strong></span> <span class='ocrx_word' id='word_1_64' title='bbox 1125 1113 1299 1167; x_wconf 71' lang='lat' dir='ltr'><strong>regem</strong></span> <span class='ocrx_word' id='word_1_65' title='bbox 1322 1112 1438 1149; x_wconf 76' lang='lat' dir='ltr'>eum</span> <span class='ocrx_word' id='word_1_66' title='bbox 1477 1109 1626 1164; x_wconf 82' lang='lat' dir='ltr'><strong>quem</strong></span> <span class='ocrx_word' id='word_1_67' title='bbox 1654 1093 1862 1162; x_wconf 82' lang='lat' dir='ltr'>diligat.</span> <span class='ocrx_word' id='word_1_68' title='bbox 1913 1088 1990 1142; x_wconf 86' lang='lat' dir='ltr'>lta</span> 
     </span>
    </p>
   </div>
   <div class='ocr_carea' id='block_1_13' title="bbox 397 1180 1985 1253">
    <p class='ocr_par' dir='ltr' id='par_1_13' title="bbox 397 1180 1985 1253">
     <span class='ocr_line' id='line_1_13' title="bbox 397 1180 1985 1253; baseline -0.009 -6"><span class='ocrx_word' id='word_1_69' title='bbox 397 1191 779 1247; x_wconf 78' lang='lat' dir='ltr'><strong>Mardochteus</strong></span> <span class='ocrx_word' id='word_1_70' title='bbox 811 1191 1004 1246; x_wconf 87' lang='lat' dir='ltr'><strong>urbem</strong></span> <span class='ocrx_word' id='word_1_71' title='bbox 1033 1188 1466 1250; x_wconf 84' lang='lat' dir='ltr'><strong>c‘ircumvectus,</strong></span> <span class='ocrx_word' id='word_1_72' title='bbox 1515 1186 1582 1240; x_wconf 88' lang='lat' dir='ltr'>ad</span> <span class='ocrx_word' id='word_1_73' title='bbox 1604 1199 1790 1253; x_wconf 65' lang='lat' dir='ltr'><strong>regem</strong></span> <span class='ocrx_word' id='word_1_74' title='bbox 1817 1180 1985 1236; x_wconf 84' lang='lat' dir='ltr'><strong>redit.</strong></span> 
     </span>
    </p>
   </div>
   <div class='ocr_carea' id='block_1_14' title="bbox 2088 525 3686 602">
    <p class='ocr_par' dir='ltr' id='par_1_14' title="bbox 2088 525 3686 602">
     <span class='ocr_line' id='line_1_14' title="bbox 2088 525 3686 602; baseline -0.003 -17"><span class='ocrx_word' id='word_1_75' title='bbox 2088 532 2300 602; x_wconf 86' lang='grc' dir='ltr'>βασιλεῖ</span> <span class='ocrx_word' id='word_1_76' title='bbox 2347 531 2647 602; x_wconf 82' lang='grc' dir='ltr'>ἐπιϐουλῆς</span> <span class='ocrx_word' id='word_1_77' title='bbox 2683 533 2982 600; x_wconf 66' lang='grc' dir='ltr'>εὐνούχων.</span> <span class='ocrx_word' id='word_1_78' title='bbox 3044 531 3360 599; x_wconf 77' lang='grc' dir='ltr'>Φράσαντος</span> <span class='ocrx_word' id='word_1_79' title='bbox 3411 528 3467 580; x_wconf 69' lang='grc' dir='ltr'>δὲ</span> <span class='ocrx_word' id='word_1_80' title='bbox 3520 525 3686 580; x_wconf 81' lang='grc' dir='ltr'>τοῦτο</span> 
     </span>
    </p>
   </div>
   <div class='ocr_carea' id='block_1_15' title="bbox 2092 619 3685 696">
    <p class='ocr_par' dir='ltr' id='par_1_15' title="bbox 2092 619 3685 696">
     <span class='ocr_line' id='line_1_15' title="bbox 2092 619 3685 696; baseline -0.003 -18"><span class='ocrx_word' id='word_1_81' title='bbox 2092 625 2253 694; x_wconf 86' lang='grc' dir='ltr'>μόνον</span> <span class='ocrx_word' id='word_1_82' title='bbox 2277 625 2372 678; x_wconf 74' lang='grc' dir='ltr'>τοῦ</span> <span class='ocrx_word' id='word_1_83' title='bbox 2405 624 2805 696; x_wconf 77' lang='grc' dir='ltr'>γραμματέως,</span> <span class='ocrx_word' id='word_1_84' title='bbox 2854 623 2952 676; x_wconf 77' lang='grc' dir='ltr'>καὶ</span> <span class='ocrx_word' id='word_1_85' title='bbox 2995 623 3335 694; x_wconf 80' lang='grc' dir='ltr'>μεταϐάντος</span> <span class='ocrx_word' id='word_1_86' title='bbox 3363 621 3448 690; x_wconf 81' lang='grc' dir='ltr'>ἐφ’</span> <span class='ocrx_word' id='word_1_87' title='bbox 3487 619 3685 692; x_wconf 77' lang='grc' dir='ltr'><strong>ἑτέραν</strong></span> 
     </span>
    </p>
   </div>
   <div class='ocr_carea' id='block_1_16' title="bbox 2090 713 3685 788">
    <p class='ocr_par' dir='ltr' id='par_1_16' title="bbox 2090 713 3685 788">
     <span class='ocr_line' id='line_1_16' title="bbox 2090 713 3685 788; baseline -0.004 -17"><span class='ocrx_word' id='word_1_88' title='bbox 2090 717 2310 788; x_wconf 80' lang='grc' dir='ltr'>πρᾶξιν,</span> <span class='ocrx_word' id='word_1_89' title='bbox 2336 717 2573 786; x_wconf 89' lang='grc' dir='ltr'>ἐπέσχεν</span> <span class='ocrx_word' id='word_1_90' title='bbox 2605 717 2635 770; x_wconf 80' lang='grc' dir='ltr'>ὁ</span> <span class='ocrx_word' id='word_1_91' title='bbox 2663 716 2940 787; x_wconf 78' lang='grc' dir='ltr'>βασιλεὺς,</span> <span class='ocrx_word' id='word_1_92' title='bbox 2970 716 3278 786; x_wconf 81' lang='grc' dir='ltr'>πυθόμενος</span> <span class='ocrx_word' id='word_1_93' title='bbox 3301 715 3350 767; x_wconf 90' lang='grc' dir='ltr'>εί</span> <span class='ocrx_word' id='word_1_94' title='bbox 3373 713 3488 785; x_wconf 77' lang='grc' dir='ltr'>εχει</span> <span class='ocrx_word' id='word_1_95' title='bbox 3514 713 3685 784; x_wconf 82' lang='grc' dir='ltr'>γέρας</span> 
     </span>
    </p>
   </div>
   <div class='ocr_carea' id='block_1_17' title="bbox 2088 805 3683 878">
    <p class='ocr_par' dir='ltr' id='par_1_17' title="bbox 2088 805 3683 878">
     <span class='ocr_line' id='line_1_17' title="bbox 2088 805 3683 878; baseline -0.004 -16"><span class='ocrx_word' id='word_1_96' title='bbox 2088 809 2241 878; x_wconf 80' lang='grc' dir='ltr'>αὐτῷ</span> <span class='ocrx_word' id='word_1_97' title='bbox 2275 807 2428 861; x_wconf 83' lang='grc' dir='ltr'>δοθὲν</span> <span class='ocrx_word' id='word_1_98' title='bbox 2480 809 3008 878; x_wconf 84' lang='grc' dir='ltr'>ἀναγεγραμμένον.</span> <span class='ocrx_word' id='word_1_99' title='bbox 3081 809 3170 871; x_wconf 84' lang='grc' dir='ltr'>Ὣς</span> <span class='ocrx_word' id='word_1_100' title='bbox 3200 808 3245 861; x_wconf 77' lang='grc' dir='ltr'>δ’</span> <span class='ocrx_word' id='word_1_101' title='bbox 3271 807 3476 878; x_wconf 74' lang='grc' dir='ltr'>ἤκουσε</span> <span class='ocrx_word' id='word_1_102' title='bbox 3514 805 3683 876; x_wconf 80' lang='grc' dir='ltr'>μηδὲν</span> 
     </span>
    </p>
   </div>
   <div class='ocr_carea' id='block_1_18' title="bbox 2090 894 3684 971">
    <p class='ocr_par' dir='ltr' id='par_1_18' title="bbox 2090 894 3684 971">
     <span class='ocr_line' id='line_1_18' title="bbox 2090 894 3684 971; baseline -0.002 -19"><span class='ocrx_word' id='word_1_103' title='bbox 2090 894 2255 963; x_wconf 81' lang='grc' dir='ltr'>εἶναι,</span> <span class='ocrx_word' id='word_1_104' title='bbox 2296 900 2380 961; x_wconf 87' lang='grc' dir='ltr'>τίς</span> <span class='ocrx_word' id='word_1_105' title='bbox 2403 899 2461 952; x_wconf 79' lang='grc' dir='ltr'>δὲ</span> <span class='ocrx_word' id='word_1_106' title='bbox 2495 899 2579 971; x_wconf 73' lang='grc' dir='ltr'>εἴη</span> <span class='ocrx_word' id='word_1_107' title='bbox 2613 899 2715 969; x_wconf 83' lang='grc' dir='ltr'>τῆς</span> <span class='ocrx_word' id='word_1_108' title='bbox 2749 899 2945 963; x_wconf 71' lang='grc' dir='ltr'>νυκτὸς</span> <span class='ocrx_word' id='word_1_109' title='bbox 2981 898 3100 971; x_wconf 80' lang='grc' dir='ltr'>ὥρα</span> <span class='ocrx_word' id='word_1_110' title='bbox 3132 900 3335 969; x_wconf 77' lang='grc' dir='ltr'>ἥρετο;</span> <span class='ocrx_word' id='word_1_111' title='bbox 3368 897 3578 953; x_wconf 83' lang='grc' dir='ltr'>Μαθὼν</span> <span class='ocrx_word' id='word_1_112' title='bbox 3605 897 3684 958; x_wconf 86' lang='grc' dir='ltr'>δέ,</span> 
     </span>
    </p>
   </div>
   <div class='ocr_carea' id='block_1_19' title="bbox 2097 989 3686 1064">
    <p class='ocr_par' dir='ltr' id='par_1_19' title="bbox 2097 989 3686 1064">
     <span class='ocr_line' id='line_1_19' title="bbox 2097 989 3686 1064; baseline -0.005 -18"><span class='ocrx_word' id='word_1_113' title='bbox 2097 993 2172 1056; x_wconf 83' lang='grc' dir='ltr'>ὡς</span> <span class='ocrx_word' id='word_1_114' title='bbox 2218 991 2418 1064; x_wconf 76' lang='grc' dir='ltr'>ὄρθρος</span> <span class='ocrx_word' id='word_1_115' title='bbox 2471 992 2574 1064; x_wconf 81' lang='grc' dir='ltr'>ήδη</span> <span class='ocrx_word' id='word_1_116' title='bbox 2637 992 2810 1056; x_wconf 68' lang='grc' dir='ltr'>ἐστὶν,</span> <span class='ocrx_word' id='word_1_117' title='bbox 2851 991 3110 1046; x_wconf 87' lang='grc' dir='ltr'>ἐκέλευσε</span> <span class='ocrx_word' id='word_1_118' title='bbox 3162 992 3275 1045; x_wconf 81' lang='grc' dir='ltr'>τῶν</span> <span class='ocrx_word' id='word_1_119' title='bbox 3328 991 3502 1061; x_wconf 86' lang='grc' dir='ltr'>φίλων</span> <span class='ocrx_word' id='word_1_120' title='bbox 3529 990 3588 1044; x_wconf 86' lang='grc' dir='ltr'>ὃν</span> <span class='ocrx_word' id='word_1_121' title='bbox 3620 989 3686 1042; x_wconf 82' lang='grc' dir='ltr'>ἂν</span> 
     </span>
    </p>
   </div>
   <div class='ocr_carea' id='block_1_20' title="bbox 2098 1083 3688 1156">
    <p class='ocr_par' dir='ltr' id='par_1_20' title="bbox 2098 1083 3688 1156">
     <span class='ocr_line' id='line_1_20' title="bbox 2098 1083 3688 1156; baseline -0.002 -20"><span class='ocrx_word' id='word_1_122' title='bbox 2098 1085 2205 1156; x_wconf 76' lang='grc' dir='ltr'>πρὸ</span> <span class='ocrx_word' id='word_1_123' title='bbox 2259 1085 2360 1154; x_wconf 78' lang='grc' dir='ltr'>τῆς</span> <span class='ocrx_word' id='word_1_124' title='bbox 2414 1084 2587 1154; x_wconf 84' lang='grc' dir='ltr'>αὐλῆς</span> <span class='ocrx_word' id='word_1_125' title='bbox 2643 1085 2904 1155; x_wconf 79' lang='grc' dir='ltr'>εὕρωσιν,</span> <span class='ocrx_word' id='word_1_126' title='bbox 2948 1084 3247 1139; x_wconf 76' lang='grc' dir='ltr'>εἰσκαλεῖν.</span> <span class='ocrx_word' id='word_1_127' title='bbox 3319 1084 3536 1154; x_wconf 76' lang='grc' dir='ltr'>Εὑρέθη</span> <span class='ocrx_word' id='word_1_128' title='bbox 3579 1083 3688 1134; x_wconf 80' lang='grc' dir='ltr'>δὲδ</span> 
     </span>
    </p>
   </div>
   <div class='ocr_carea' id='block_1_21' title="bbox 2110 1173 3688 1247">
    <p class='ocr_par' dir='ltr' id='par_1_21' title="bbox 2110 1173 3688 1247">
     <span class='ocr_line' id='line_1_21' title="bbox 2110 1173 3688 1247; baseline -0.002 -18"><span class='ocrx_word' id='word_1_129' title='bbox 2110 1177 2285 1245; x_wconf 78' lang='grc' dir='ltr'>Ἀμὰν</span> <span class='ocrx_word' id='word_1_130' title='bbox 2309 1176 2568 1246; x_wconf 86' lang='grc' dir='ltr'>ταχύνας.</span> <span class='ocrx_word' id='word_1_131' title='bbox 2590 1180 2679 1230; x_wconf 78' lang='grc' dir='ltr'>ἵνα</span> <span class='ocrx_word' id='word_1_132' title='bbox 2711 1177 2803 1229; x_wconf 79' lang='grc' dir='ltr'>τὸν</span> <span class='ocrx_word' id='word_1_133' title='bbox 2822 1178 3171 1246; x_wconf 66' lang='grc' dir='ltr'>Μαρδοχαῖον</span> <span class='ocrx_word' id='word_1_134' title='bbox 3188 1177 3505 1247; x_wconf 82' lang='grc' dir='ltr'>αἰτήσηται.</span> <span class='ocrx_word' id='word_1_135' title='bbox 3536 1173 3688 1242; x_wconf 80' lang='grc' dir='ltr'>Κλη-</span> 
     </span>
    </p>
   </div>
   <div class='ocr_carea' id='block_1_22' title="bbox 411 1269 3689 1358">
    <p class='ocr_par' dir='ltr' id='par_1_22' title="bbox 411 1269 3689 1358">
     <span class='ocr_line' id='line_1_22' title="bbox 411 1269 3689 1358; baseline -0.006 -17"><span class='ocrx_word' id='word_1_136' title='bbox 411 1289 560 1343; x_wconf 67' lang='lat' dir='ltr'>eam</span> <span class='ocrx_word' id='word_1_137' title='bbox 585 1289 642 1344; x_wconf 83' lang='grc' dir='ltr'>δέ</span> <span class='ocrx_word' id='word_1_138' title='bbox 666 1286 820 1344; x_wconf 76' lang='grc' dir='ltr'>εἶπεν</span> <span class='ocrx_word' id='word_1_139' title='bbox 856 1291 884 1341; x_wconf 88' lang='lat'>6</span> <span class='ocrx_word' id='word_1_140' title='bbox 916 1287 1170 1358; x_wconf 88' lang='grc' dir='ltr'>βασιλεύς</span> <span class='ocrx_word' id='word_1_141' title='bbox 1192 1304 1204 1317; x_wconf 88' lang='grc'><strong>·</strong></span> <span class='ocrx_word' id='word_1_142' title='bbox 1240 1285 1711 1354; x_wconf 76' lang='grc' dir='ltr'>Συμόούλευσόν</span> <span class='ocrx_word' id='word_1_143' title='bbox 1730 1297 1853 1350; x_wconf 79' lang='grc' dir='ltr'>μοι,</span> <span class='ocrx_word' id='word_1_144' title='bbox 1904 1275 2030 1343; x_wconf 84' lang='grc' dir='ltr'>πῶς</span> <span class='ocrx_word' id='word_1_145' title='bbox 2059 1273 2136 1328; x_wconf 88' lang='grc' dir='ltr'>ἂν</span> <span class='ocrx_word' id='word_1_146' title='bbox 2167 1271 2486 1343; x_wconf 77' lang='grc' dir='ltr'>τιμήσαιμι</span> <span class='ocrx_word' id='word_1_147' title='bbox 2515 1290 2651 1327; x_wconf 85' lang='grc' dir='ltr'>τινα</span> <span class='ocrx_word' id='word_1_148' title='bbox 2709 1274 3111 1341; x_wconf 76' lang='grc' dir='ltr'>στεργόμενον</span> <span class='ocrx_word' id='word_1_149' title='bbox 3145 1274 3244 1328; x_wconf 83' lang='grc' dir='ltr'>ὑπ’</span> <span class='ocrx_word' id='word_1_150' title='bbox 3285 1271 3478 1340; x_wconf 82' lang='grc' dir='ltr'>ἐμοῦ;</span> <span class='ocrx_word' id='word_1_151' title='bbox 3534 1271 3593 1323; x_wconf 88' lang='lat'>&#39;0</span> <span class='ocrx_word' id='word_1_152' title='bbox 3631 1269 3689 1323; x_wconf 74' lang='grc' dir='ltr'>δέ</span> 
     </span>
    </p>
   </div>
   <div class='ocr_carea' id='block_1_23' title="bbox 337 1361 3684 1453">
    <p class='ocr_par' dir='ltr' id='par_1_23' title="bbox 337 1361 3684 1453">
     <span class='ocr_line' id='line_1_23' title="bbox 337 1361 3684 1453; baseline -0.005 -19"><span class='ocrx_word' id='word_1_153' title='bbox 337 1425 340 1428; x_wconf 96' lang='grc'>.</span> <span class='ocrx_word' id='word_1_154' title='bbox 398 1382 785 1453; x_wconf 77' lang='grc' dir='ltr'>λογισάμενος,</span> <span class='ocrx_word' id='word_1_155' title='bbox 822 1381 889 1451; x_wconf 81' lang='grc' dir='ltr'>ἣν</span> <span class='ocrx_word' id='word_1_156' title='bbox 915 1380 980 1433; x_wconf 84' lang='grc' dir='ltr'>ἂν</span> <span class='ocrx_word' id='word_1_157' title='bbox 1007 1380 1083 1450; x_wconf 83' lang='grc' dir='ltr'>δῷ</span> <span class='ocrx_word' id='word_1_158' title='bbox 1112 1381 1343 1447; x_wconf 80' lang='grc' dir='ltr'>γνώμην</span> <span class='ocrx_word' id='word_1_159' title='bbox 1370 1377 1513 1446; x_wconf 81' lang='grc' dir='ltr'>ὑπὲρ</span> <span class='ocrx_word' id='word_1_160' title='bbox 1561 1372 1758 1430; x_wconf 82' lang='grc' dir='ltr'>ἐαυτοῦ</span> <span class='ocrx_word' id='word_1_161' title='bbox 1806 1371 2014 1438; x_wconf 78' lang='grc' dir='ltr'>ταύτην</span> <span class='ocrx_word' id='word_1_162' title='bbox 2046 1364 2243 1421; x_wconf 79' lang='grc' dir='ltr'>δώσειν</span> <span class='ocrx_word' id='word_1_163' title='bbox 2315 1365 2681 1436; x_wconf 78' lang='grc' dir='ltr'>(στέργεσθαι</span> <span class='ocrx_word' id='word_1_164' title='bbox 2730 1365 2840 1435; x_wconf 82' lang='grc' dir='ltr'>γὰρ</span> <span class='ocrx_word' id='word_1_165' title='bbox 2876 1365 3040 1418; x_wconf 75' lang='grc' dir='ltr'>αὑτὸν</span> <span class='ocrx_word' id='word_1_166' title='bbox 3093 1365 3199 1419; x_wconf 73' lang='grc' dir='ltr'>ὑπὸ</span> <span class='ocrx_word' id='word_1_167' title='bbox 3244 1363 3341 1418; x_wconf 82' lang='grc' dir='ltr'>τοῦ</span> <span class='ocrx_word' id='word_1_168' title='bbox 3406 1361 3684 1434; x_wconf 84' lang='grc' dir='ltr'>βασιλέως</span> 
     </span>
    </p>
   </div>
   <div class='ocr_carea' id='block_1_24' title="bbox 399 1454 3690 1543">
    <p class='ocr_par' dir='ltr' id='par_1_24' title="bbox 399 1454 3690 1543">
     <span class='ocr_line' id='line_1_24' title="bbox 399 1454 3690 1543; baseline -0.007 -10"><span class='ocrx_word' id='word_1_169' title='bbox 399 1475 514 1533; x_wconf 81' lang='grc' dir='ltr'>τῶν</span> <span class='ocrx_word' id='word_1_170' title='bbox 541 1472 720 1526; x_wconf 74' lang='grc' dir='ltr'>ἄλλων</span> <span class='ocrx_word' id='word_1_171' title='bbox 751 1470 1017 1543; x_wconf 81' lang='grc' dir='ltr'>μᾶλλον),</span> <span class='ocrx_word' id='word_1_172' title='bbox 1065 1471 1136 1524; x_wconf 82' lang='lat' dir='ltr'>El</span> <span class='ocrx_word' id='word_1_173' title='bbox 1183 1469 1464 1534; x_wconf 70' lang='grc' dir='ltr'>βούλοιο,</span> <span class='ocrx_word' id='word_1_174' title='bbox 1512 1466 1639 1538; x_wconf 81' lang='grc' dir='ltr'>ἐφη,</span> <span class='ocrx_word' id='word_1_175' title='bbox 1675 1465 1893 1519; x_wconf 86' lang='grc' dir='ltr'>τοῦτον</span> <span class='ocrx_word' id='word_1_176' title='bbox 1935 1460 2215 1526; x_wconf 79' lang='grc' dir='ltr'>δοξάσαι,</span> <span class='ocrx_word' id='word_1_177' title='bbox 2273 1459 2540 1526; x_wconf 80' lang='grc' dir='ltr'>ποίησον</span> <span class='ocrx_word' id='word_1_178' title='bbox 2585 1457 2679 1528; x_wconf 75' lang='grc' dir='ltr'>ἐφ’</span> <span class='ocrx_word' id='word_1_179' title='bbox 2727 1458 2917 1512; x_wconf 74' lang='grc' dir='ltr'>ἵππου</span> <span class='ocrx_word' id='word_1_180' title='bbox 2969 1455 3278 1524; x_wconf 75' lang='grc' dir='ltr'>βαδίζειν,</span> <span class='ocrx_word' id='word_1_181' title='bbox 3311 1454 3431 1525; x_wconf 77' lang='grc' dir='ltr'>τὴν</span> <span class='ocrx_word' id='word_1_182' title='bbox 3491 1457 3690 1522; x_wconf 71' lang='grc' dir='ltr'>αὐτήν</span> 
     </span>
    </p>
   </div>
   <div class='ocr_carea' id='block_1_25' title="bbox 397 1548 3682 1634">
    <p class='ocr_par' dir='ltr' id='par_1_25' title="bbox 397 1548 3682 1634">
     <span class='ocr_line' id='line_1_25' title="bbox 397 1548 3682 1634; baseline -0.006 -12"><span class='ocrx_word' id='word_1_183' title='bbox 397 1585 496 1622; x_wconf 91' lang='grc' dir='ltr'>σοι</span> <span class='ocrx_word' id='word_1_184' title='bbox 519 1563 748 1632; x_wconf 81' lang='grc' dir='ltr'>ἐσθῆτα</span> <span class='ocrx_word' id='word_1_185' title='bbox 775 1563 1102 1634; x_wconf 71' lang='grc' dir='ltr'>φοροῦντα,</span> <span class='ocrx_word' id='word_1_186' title='bbox 1141 1561 1241 1614; x_wconf 82' lang='grc' dir='ltr'>καὶ</span> <span class='ocrx_word' id='word_1_187' title='bbox 1264 1559 1690 1630; x_wconf 79' lang='grc' dir='ltr'>περιαυχένιον</span> <span class='ocrx_word' id='word_1_188' title='bbox 1711 1553 1986 1626; x_wconf 84' lang='grc' dir='ltr'>χρυσοῦν</span> <span class='ocrx_word' id='word_1_189' title='bbox 2016 1551 2257 1619; x_wconf 81' lang='grc' dir='ltr'>ἔχοντα,</span> <span class='ocrx_word' id='word_1_190' title='bbox 2297 1548 2399 1602; x_wconf 78' lang='grc' dir='ltr'>καὶ</span> <span class='ocrx_word' id='word_1_191' title='bbox 2419 1593 2428 1598; x_wconf 79' lang='lat'>.</span> <span class='ocrx_word' id='word_1_192' title='bbox 2448 1551 2737 1617; x_wconf 82' lang='grc' dir='ltr'>προϊόντα</span> <span class='ocrx_word' id='word_1_193' title='bbox 2767 1549 2888 1601; x_wconf 84' lang='grc' dir='ltr'>τῶν</span> <span class='ocrx_word' id='word_1_194' title='bbox 2919 1549 3267 1618; x_wconf 77' lang='grc' dir='ltr'>ἀναγκαίων</span> <span class='ocrx_word' id='word_1_195' title='bbox 3317 1562 3437 1601; x_wconf 90' lang='grc' dir='ltr'>σου</span> <span class='ocrx_word' id='word_1_196' title='bbox 3480 1549 3682 1618; x_wconf 69' lang='grc' dir='ltr'>φίλων</span> 
     </span>
    </p>
   </div>
   <div class='ocr_carea' id='block_1_26' title="bbox 397 1641 3691 1730">
    <p class='ocr_par' dir='ltr' id='par_1_26' title="bbox 397 1641 3691 1730">
     <span class='ocr_line' id='line_1_26' title="bbox 397 1641 3691 1730; baseline -0.006 -15"><span class='ocrx_word' id='word_1_197' title='bbox 397 1663 508 1716; x_wconf 78' lang='grc' dir='ltr'>ἕνα</span> <span class='ocrx_word' id='word_1_198' title='bbox 537 1661 878 1730; x_wconf 78' lang='grc' dir='ltr'>κηρύσσειν</span> <span class='ocrx_word' id='word_1_199' title='bbox 897 1659 972 1714; x_wconf 77' lang='grc' dir='ltr'>δι’</span> <span class='ocrx_word' id='word_1_200' title='bbox 994 1660 1147 1729; x_wconf 79' lang='grc' dir='ltr'>ὅλης</span> <span class='ocrx_word' id='word_1_201' title='bbox 1171 1658 1282 1728; x_wconf 82' lang='grc' dir='ltr'>τῆς</span> <span class='ocrx_word' id='word_1_202' title='bbox 1312 1659 1568 1721; x_wconf 76' lang='grc' dir='ltr'>πόλεως,</span> <span class='ocrx_word' id='word_1_203' title='bbox 1596 1653 1686 1706; x_wconf 85' lang='grc' dir='ltr'>ὅτι</span> <span class='ocrx_word' id='word_1_204' title='bbox 1725 1650 1948 1715; x_wconf 84' lang='grc' dir='ltr'>Ταύτης</span> <span class='ocrx_word' id='word_1_205' title='bbox 1973 1643 2257 1714; x_wconf 76' lang='grc' dir='ltr'>τυγχάνει</span> <span class='ocrx_word' id='word_1_206' title='bbox 2286 1641 2394 1710; x_wconf 81' lang='grc' dir='ltr'>τῆς</span> <span class='ocrx_word' id='word_1_207' title='bbox 2418 1643 2615 1712; x_wconf 83' lang='grc' dir='ltr'>τιμῆς,</span> <span class='ocrx_word' id='word_1_208' title='bbox 2653 1644 2725 1697; x_wconf 79' lang='grc' dir='ltr'>ὃν</span> <span class='ocrx_word' id='word_1_209' title='bbox 2747 1642 2823 1697; x_wconf 81' lang='grc' dir='ltr'>ἂν</span> <span class='ocrx_word' id='word_1_210' title='bbox 2859 1643 3162 1709; x_wconf 78' lang='grc' dir='ltr'>βασιλεὺς</span> <span class='ocrx_word' id='word_1_211' title='bbox 3192 1643 3439 1712; x_wconf 76' lang='grc' dir='ltr'>τιμήσῃ.</span> <span class='ocrx_word' id='word_1_212' title='bbox 3471 1642 3691 1706; x_wconf 73' lang='grc' dir='ltr'>Ἡσθεὶς</span> 
     </span>
    </p>
   </div>
   <div class='ocr_carea' id='block_1_27' title="bbox 395 1735 3686 1828">
    <p class='ocr_par' dir='ltr' id='par_1_27' title="bbox 395 1735 3686 1828">
     <span class='ocr_line' id='line_1_27' title="bbox 395 1735 3686 1828; baseline -0.007 -17"><span class='ocrx_word' id='word_1_213' title='bbox 395 1754 489 1808; x_wconf 73' lang='grc' dir='ltr'>οὖν</span> <span class='ocrx_word' id='word_1_214' title='bbox 510 1757 574 1825; x_wconf 84' lang='grc' dir='ltr'>τῇ</span> <span class='ocrx_word' id='word_1_215' title='bbox 608 1755 930 1828; x_wconf 72' lang='grc' dir='ltr'>παραινέσει</span> <span class='ocrx_word' id='word_1_216' title='bbox 950 1756 979 1806; x_wconf 97' lang='lat'>6</span> <span class='ocrx_word' id='word_1_217' title='bbox 997 1752 1246 1824; x_wconf 83' lang='grc' dir='ltr'>βασιλεύς</span> <span class='ocrx_word' id='word_1_218' title='bbox 1267 1767 1283 1781; x_wconf 75' lang='grc' dir='ltr'><strong><em>ο</em></strong></span> <span class='ocrx_word' id='word_1_219' title='bbox 1319 1749 1737 1818; x_wconf 82' lang='grc' dir='ltr'>Ἐπιζήτησον,</span> <span class='ocrx_word' id='word_1_220' title='bbox 1761 1759 1834 1813; x_wconf 80' lang='grc' dir='ltr'>φη</span> <span class='ocrx_word' id='word_1_221' title='bbox 1844 1741 1916 1804; x_wconf 68' lang='lat' dir='ltr'>at,</span> <span class='ocrx_word' id='word_1_222' title='bbox 1943 1735 2445 1828; x_wconf 83' lang='grc' dir='ltr'>Μαρδοχαῖοντὸν</span> <span class='ocrx_word' id='word_1_223' title='bbox 2479 1736 2796 1802; x_wconf 81' lang='grc' dir='ltr'>Ἰουδαῖον,</span> <span class='ocrx_word' id='word_1_224' title='bbox 2818 1736 2919 1827; x_wconf 75' lang='grc' dir='ltr'>καί</span> <span class='ocrx_word' id='word_1_225' title='bbox 2950 1735 3095 1804; x_wconf 79' lang='grc' dir='ltr'>δοὺς</span> <span class='ocrx_word' id='word_1_226' title='bbox 3112 1737 3322 1801; x_wconf 79' lang='grc' dir='ltr'>ἐκείνῳ</span> <span class='ocrx_word' id='word_1_227' title='bbox 3339 1736 3448 1789; x_wconf 85' lang='grc' dir='ltr'>τὸν</span> <span class='ocrx_word' id='word_1_228' title='bbox 3469 1737 3686 1798; x_wconf 79' lang='grc' dir='ltr'>ἵππον,</span> 
     </span>
    </p>
   </div>
   <div class='ocr_carea' id='block_1_28' title="bbox 395 1821 3682 1917">
    <p class='ocr_par' dir='ltr' id='par_1_28' title="bbox 395 1821 3682 1917">
     <span class='ocr_line' id='line_1_28' title="bbox 395 1821 3682 1917; baseline -0.005 -15"><span class='ocrx_word' id='word_1_229' title='bbox 395 1847 497 1902; x_wconf 84' lang='grc' dir='ltr'>καί</span> <span class='ocrx_word' id='word_1_230' title='bbox 663 1821 920 1917; x_wconf 76' lang='grc' dir='ltr'>στολὴν,</span> <span class='ocrx_word' id='word_1_231' title='bbox 958 1821 1058 1900; x_wconf 77' lang='grc' dir='ltr'>καί</span> <span class='ocrx_word' id='word_1_232' title='bbox 1092 1845 1200 1898; x_wconf 81' lang='grc' dir='ltr'>τὸν</span> <span class='ocrx_word' id='word_1_233' title='bbox 1225 1842 1546 1912; x_wconf 72' lang='grc' dir='ltr'>στρεπτὸν,</span> <span class='ocrx_word' id='word_1_234' title='bbox 1575 1836 1856 1907; x_wconf 82' lang='grc' dir='ltr'>προάγων</span> <span class='ocrx_word' id='word_1_235' title='bbox 1907 1830 2096 1887; x_wconf 88' lang='grc' dir='ltr'>αὐτοῦ</span> <span class='ocrx_word' id='word_1_236' title='bbox 2121 1828 2222 1883; x_wconf 83' lang='grc' dir='ltr'>καί</span> <span class='ocrx_word' id='word_1_237' title='bbox 2259 1827 2517 1896; x_wconf 78' lang='grc' dir='ltr'>κήρυττε</span> <span class='ocrx_word' id='word_1_238' title='bbox 2538 1845 2551 1858; x_wconf 88' lang='grc'><strong>·</strong></span> <span class='ocrx_word' id='word_1_239' title='bbox 2585 1832 2668 1884; x_wconf 88' lang='grc' dir='ltr'>σὺ</span> <span class='ocrx_word' id='word_1_240' title='bbox 2697 1829 2812 1899; x_wconf 72' lang='grc' dir='ltr'>γάρ</span> <span class='ocrx_word' id='word_1_241' title='bbox 2845 1821 2945 1899; x_wconf 81' lang='grc' dir='ltr'>μοι</span> <span class='ocrx_word' id='word_1_242' title='bbox 2973 1831 3155 1900; x_wconf 69' lang='grc' dir='ltr'>φίλος</span> <span class='ocrx_word' id='word_1_243' title='bbox 3183 1832 3682 1900; x_wconf 74' lang='grc' dir='ltr'>ἀναγκαιότατος.</span> 
     </span>
    </p>
   </div>
   <div class='ocr_carea' id='block_1_29' title="bbox 405 1919 3687 2008">
    <p class='ocr_par' dir='ltr' id='par_1_29' title="bbox 405 1919 3687 2008">
     <span class='ocr_line' id='line_1_29' title="bbox 405 1919 3687 2008; baseline -0.006 -13"><span class='ocrx_word' id='word_1_244' title='bbox 405 1943 599 1998; x_wconf 83' lang='grc' dir='ltr'>Ταῦτα</span> <span class='ocrx_word' id='word_1_245' title='bbox 632 1941 700 1994; x_wconf 85' lang='grc' dir='ltr'>δὲ</span> <span class='ocrx_word' id='word_1_246' title='bbox 731 1940 892 2006; x_wconf 86' lang='grc' dir='ltr'>αὐτῷ</span> <span class='ocrx_word' id='word_1_247' title='bbox 943 1937 1080 2008; x_wconf 83' lang='grc' dir='ltr'>παρ’</span> <span class='ocrx_word' id='word_1_248' title='bbox 1129 1935 1274 2008; x_wconf 79' lang='grc' dir='ltr'>ἐμοῦ</span> <span class='ocrx_word' id='word_1_249' title='bbox 1305 1936 1498 1997; x_wconf 73' lang='grc' dir='ltr'>ἔσται,</span> <span class='ocrx_word' id='word_1_250' title='bbox 1553 1927 1826 1986; x_wconf 84' lang='grc' dir='ltr'>σώσαντί</span> <span class='ocrx_word' id='word_1_251' title='bbox 1858 1943 1977 1995; x_wconf 82' lang='grc' dir='ltr'>μου</span> <span class='ocrx_word' id='word_1_252' title='bbox 2019 1921 2133 1988; x_wconf 78' lang='grc' dir='ltr'>τὴν</span> <span class='ocrx_word' id='word_1_253' title='bbox 2172 1920 2404 1990; x_wconf 67' lang='grc' dir='ltr'>ψυχήν.</span> <span class='ocrx_word' id='word_1_254' title='bbox 2446 1919 2666 1975; x_wconf 81' lang='grc' dir='ltr'>Τούτων</span> <span class='ocrx_word' id='word_1_255' title='bbox 2733 1921 2976 1986; x_wconf 82' lang='grc' dir='ltr'>ἀκούσας</span> <span class='ocrx_word' id='word_1_256' title='bbox 3026 1923 3321 1996; x_wconf 81' lang='grc' dir='ltr'>συνεχύθη,</span> <span class='ocrx_word' id='word_1_257' title='bbox 3401 1923 3498 1977; x_wconf 81' lang='grc' dir='ltr'>καί</span> <span class='ocrx_word' id='word_1_258' title='bbox 3545 1925 3687 1995; x_wconf 83' lang='grc' dir='ltr'>πλη-</span> 
     </span>
    </p>
   </div>
   <div class='ocr_carea' id='block_1_30' title="bbox 395 2013 3684 2106">
    <p class='ocr_par' dir='ltr' id='par_1_30' title="bbox 395 2013 3684 2106">
     <span class='ocr_line' id='line_1_30' title="bbox 395 2013 3684 2106; baseline -0.009 -16"><span class='ocrx_word' id='word_1_259' title='bbox 395 2037 514 2103; x_wconf 73' lang='grc' dir='ltr'>γεὶς</span> <span class='ocrx_word' id='word_1_260' title='bbox 543 2035 651 2090; x_wconf 82' lang='grc' dir='ltr'>ὑπὸ</span> <span class='ocrx_word' id='word_1_261' title='bbox 676 2032 1014 2106; x_wconf 77' lang='grc' dir='ltr'>ἀμηχανίας,</span> <span class='ocrx_word' id='word_1_262' title='bbox 1042 2033 1194 2102; x_wconf 82' lang='grc' dir='ltr'>ὅμως</span> <span class='ocrx_word' id='word_1_263' title='bbox 1225 2029 1429 2094; x_wconf 80' lang='grc' dir='ltr'>ἔξεισιν</span> <span class='ocrx_word' id='word_1_264' title='bbox 1453 2028 1603 2096; x_wconf 74' lang='grc' dir='ltr'>ἄγων</span> <span class='ocrx_word' id='word_1_265' title='bbox 1653 2025 1746 2077; x_wconf 77' lang='grc' dir='ltr'>τὸν</span> <span class='ocrx_word' id='word_1_266' title='bbox 1801 2021 1995 2080; x_wconf 85' lang='grc' dir='ltr'>ἵππον,</span> <span class='ocrx_word' id='word_1_267' title='bbox 2035 2016 2136 2106; x_wconf 8' lang='grc' dir='ltr'>καὶ,</span> <span class='ocrx_word' id='word_1_268' title='bbox 2165 2015 2264 2084; x_wconf 81' lang='grc' dir='ltr'>τὴν</span> <span class='ocrx_word' id='word_1_269' title='bbox 2324 2013 2640 2106; x_wconf 79' lang='grc' dir='ltr'>πορφύραν,</span> <span class='ocrx_word' id='word_1_270' title='bbox 2693 2015 2787 2068; x_wconf 80' lang='grc' dir='ltr'>καὶ</span> <span class='ocrx_word' id='word_1_271' title='bbox 2821 2015 2910 2068; x_wconf 76' lang='grc' dir='ltr'>τὸν</span> <span class='ocrx_word' id='word_1_272' title='bbox 2948 2016 3237 2084; x_wconf 77' lang='grc' dir='ltr'>στρεπτόν.</span> <span class='ocrx_word' id='word_1_273' title='bbox 3271 2015 3383 2068; x_wconf 80' lang='grc' dir='ltr'>Καὶ</span> <span class='ocrx_word' id='word_1_274' title='bbox 3412 2017 3504 2071; x_wconf 84' lang='grc' dir='ltr'>τὸν</span> <span class='ocrx_word' id='word_1_275' title='bbox 3534 2020 3684 2090; x_wconf 30' lang='grc' dir='ltr'>Μαρί</span> 
     </span>
    </p>
   </div>
   <div class='ocr_carea' id='block_1_31' title="bbox 396 2105 3683 2200">
    <p class='ocr_par' dir='ltr' id='par_1_31' title="bbox 396 2105 3683 2200">
     <span class='ocr_line' id='line_1_31' title="bbox 396 2105 3683 2200; baseline -0.008 -18"><span class='ocrx_word' id='word_1_276' title='bbox 396 2128 622 2200; x_wconf 81' lang='grc' dir='ltr'>δοχαῖον</span> <span class='ocrx_word' id='word_1_277' title='bbox 669 2105 789 2198; x_wconf 65' lang='grc' dir='ltr'>πρδ</span> <span class='ocrx_word' id='word_1_278' title='bbox 831 2126 932 2195; x_wconf 81' lang='grc' dir='ltr'>τῆς</span> <span class='ocrx_word' id='word_1_279' title='bbox 979 2124 1152 2193; x_wconf 82' lang='grc' dir='ltr'>αὐλῆς</span> <span class='ocrx_word' id='word_1_280' title='bbox 1179 2121 1359 2193; x_wconf 80' lang='grc' dir='ltr'>εὑρὼν</span> <span class='ocrx_word' id='word_1_281' title='bbox 1394 2120 1601 2174; x_wconf 84' lang='grc' dir='ltr'>σάκκον</span> <span class='ocrx_word' id='word_1_282' title='bbox 1627 2111 1999 2182; x_wconf 73' lang='grc' dir='ltr'>ἐνδεδυμένον,</span> <span class='ocrx_word' id='word_1_283' title='bbox 2032 2105 2686 2200; x_wconf 48' lang='grc' dir='ltr'>ἐκέλευσεν-ἐνδύσασθαι</span> <span class='ocrx_word' id='word_1_284' title='bbox 2753 2106 2854 2175; x_wconf 86' lang='grc' dir='ltr'>τὴν</span> <span class='ocrx_word' id='word_1_285' title='bbox 2891 2107 3203 2178; x_wconf 78' lang='grc' dir='ltr'>πορφύραν.</span> <span class='ocrx_word' id='word_1_286' title='bbox 3283 2107 3344 2163; x_wconf 86' lang='lat'>&#39;0</span> <span class='ocrx_word' id='word_1_287' title='bbox 3377 2109 3456 2173; x_wconf 78' lang='grc' dir='ltr'>δέ,</span> <span class='ocrx_word' id='word_1_288' title='bbox 3499 2113 3683 2167; x_wconf 81' lang='grc' dir='ltr'>Κάκι-</span> 
     </span>
    </p>
   </div>
   <div class='ocr_carea' id='block_1_32' title="bbox 399 2194 3690 2287">
    <p class='ocr_par' dir='ltr' id='par_1_32' title="bbox 399 2194 3690 2287">
     <span class='ocr_line' id='line_1_32' title="bbox 399 2194 3690 2287; baseline -0.007 -11"><span class='ocrx_word' id='word_1_289' title='bbox 399 2194 531 2287; x_wconf 64' lang='lat' dir='ltr'><strong>ore,</strong></span> <span class='ocrx_word' id='word_1_290' title='bbox 579 2194 756 2283; x_wconf 68' lang='grc' dir='ltr'>εἷπεν,</span> <span class='ocrx_word' id='word_1_291' title='bbox 783 2194 1133 2283; x_wconf 77' lang='grc' dir='ltr'>ἀνθρώπιον,</span> <span class='ocrx_word' id='word_1_292' title='bbox 1161 2214 1352 2278; x_wconf 83' lang='grc' dir='ltr'>οὕτως</span> <span class='ocrx_word' id='word_1_293' title='bbox 1378 2209 1549 2280; x_wconf 75' lang='grc' dir='ltr'>ἡμῶν</span> <span class='ocrx_word' id='word_1_294' title='bbox 1587 2206 1719 2272; x_wconf 81' lang='grc' dir='ltr'>ταῖς</span> <span class='ocrx_word' id='word_1_295' title='bbox 1747 2198 2089 2273; x_wconf 70' lang='grc' dir='ltr'>συμφοραῖς</span> <span class='ocrx_word' id='word_1_296' title='bbox 2125 2194 2421 2266; x_wconf 78' lang='grc' dir='ltr'>ἐγγελᾷς;</span> <span class='ocrx_word' id='word_1_297' title='bbox 2452 2197 2621 2261; x_wconf 78' lang='grc' dir='ltr'>Γνοὺς</span> <span class='ocrx_word' id='word_1_298' title='bbox 2647 2197 2728 2261; x_wconf 87' lang='grc' dir='ltr'>δέ,</span> <span class='ocrx_word' id='word_1_299' title='bbox 2757 2197 2834 2260; x_wconf 85' lang='grc' dir='ltr'>ὡς</span> <span class='ocrx_word' id='word_1_300' title='bbox 2863 2200 3036 2268; x_wconf 86' lang='grc' dir='ltr'>γέρας</span> <span class='ocrx_word' id='word_1_301' title='bbox 3062 2198 3210 2269; x_wconf 87' lang='grc' dir='ltr'>αὐτῷ</span> <span class='ocrx_word' id='word_1_302' title='bbox 3237 2199 3409 2254; x_wconf 79' lang='grc' dir='ltr'>ταῦτα</span> <span class='ocrx_word' id='word_1_303' title='bbox 3445 2202 3563 2257; x_wconf 76' lang='grc' dir='ltr'>ἀντῖ</span> <span class='ocrx_word' id='word_1_304' title='bbox 3589 2206 3690 2275; x_wconf 75' lang='grc' dir='ltr'>τῆς</span> 
     </span>
    </p>
   </div>
   <div class='ocr_carea' id='block_1_33' title="bbox 400 2289 3686 2384">
    <p class='ocr_par' dir='ltr' id='par_1_33' title="bbox 400 2289 3686 2384">
     <span class='ocr_line' id='line_1_33' title="bbox 400 2289 3686 2384; baseline -0.01 -15"><span class='ocrx_word' id='word_1_305' title='bbox 400 2313 674 2384; x_wconf 78' lang='grc' dir='ltr'>σωτηρίας</span> <span class='ocrx_word' id='word_1_306' title='bbox 698 2310 974 2382; x_wconf 83' lang='grc' dir='ltr'>παρέσχεν</span> <span class='ocrx_word' id='word_1_307' title='bbox 995 2311 1024 2362; x_wconf 84' lang='lat'>6</span> <span class='ocrx_word' id='word_1_308' title='bbox 1051 2308 1332 2379; x_wconf 82' lang='grc' dir='ltr'>βασιλεὺς,</span> <span class='ocrx_word' id='word_1_309' title='bbox 1359 2303 1664 2376; x_wconf 85' lang='grc' dir='ltr'>μηνύσαντι</span> <span class='ocrx_word' id='word_1_310' title='bbox 1693 2299 1794 2369; x_wconf 81' lang='grc' dir='ltr'>τὴν</span> <span class='ocrx_word' id='word_1_311' title='bbox 1815 2296 1922 2350; x_wconf 83' lang='grc' dir='ltr'>τῶν</span> <span class='ocrx_word' id='word_1_312' title='bbox 1953 2291 2239 2384; x_wconf 35' lang='grc' dir='ltr'>εύνούχων-</span> <span class='ocrx_word' id='word_1_313' title='bbox 2257 2289 2577 2384; x_wconf 80' lang='grc' dir='ltr'>ἐπιϐουλὴν,</span> <span class='ocrx_word' id='word_1_314' title='bbox 2601 2290 2850 2369; x_wconf 77' lang='grc' dir='ltr'>ἐνδύεται</span> <span class='ocrx_word' id='word_1_315' title='bbox 2873 2293 2976 2362; x_wconf 80' lang='grc' dir='ltr'>τήν</span> <span class='ocrx_word' id='word_1_316' title='bbox 3010 2290 3322 2364; x_wconf 80' lang='grc' dir='ltr'>πορφύραν,</span> <span class='ocrx_word' id='word_1_317' title='bbox 3353 2295 3450 2348; x_wconf 78' lang='grc' dir='ltr'>καὶ</span> <span class='ocrx_word' id='word_1_318' title='bbox 3470 2298 3686 2366; x_wconf 72' lang='grc' dir='ltr'>περιτξ-</span> 
     </span>
    </p>
   </div>
   <div class='ocr_carea' id='block_1_34' title="bbox 401 2379 3690 2472">
    <p class='ocr_par' dir='ltr' id='par_1_34' title="bbox 401 2379 3690 2472">
     <span class='ocr_line' id='line_1_34' title="bbox 401 2379 3690 2472; baseline -0.006 -13"><span class='ocrx_word' id='word_1_319' title='bbox 401 2379 634 2460; x_wconf 21' lang='grc' dir='ltr'>θεταιῄτὸ</span> <span class='ocrx_word' id='word_1_320' title='bbox 669 2379 1071 2472; x_wconf 76' lang='grc' dir='ltr'>περιαυχένιον,</span> <span class='ocrx_word' id='word_1_321' title='bbox 1106 2400 1203 2453; x_wconf 73' lang='grc' dir='ltr'>καὶ</span> <span class='ocrx_word' id='word_1_322' title='bbox 1235 2397 1432 2460; x_wconf 81' lang='grc' dir='ltr'>ἐπιϐὰς</span> <span class='ocrx_word' id='word_1_323' title='bbox 1450 2396 1540 2450; x_wconf 83' lang='grc' dir='ltr'>τὸν</span> <span class='ocrx_word' id='word_1_324' title='bbox 1561 2394 1751 2454; x_wconf 81' lang='grc' dir='ltr'>ἵππον,</span> <span class='ocrx_word' id='word_1_325' title='bbox 1786 2391 1845 2442; x_wconf 89' lang='grc' dir='ltr'>ἐν</span> <span class='ocrx_word' id='word_1_326' title='bbox 1869 2379 2301 2472; x_wconf 13' lang='grc' dir='ltr'>κύκλῳ-,περιῄει</span> <span class='ocrx_word' id='word_1_327' title='bbox 2327 2380 2428 2472; x_wconf 63' lang='grc' dir='ltr'>τήν</span> <span class='ocrx_word' id='word_1_328' title='bbox 2449 2381 2625 2446; x_wconf 77' lang='grc' dir='ltr'>πόλιν,</span> <span class='ocrx_word' id='word_1_329' title='bbox 2659 2381 2943 2472; x_wconf 82' lang='grc' dir='ltr'>προϊόντος</span> <span class='ocrx_word' id='word_1_330' title='bbox 2965 2382 3026 2434; x_wconf 83' lang='lat' dir='ltr'>&#39;A</span> <span class='ocrx_word' id='word_1_331' title='bbox 3034 2382 3143 2452; x_wconf 83' lang='grc' dir='ltr'>μὰν</span> <span class='ocrx_word' id='word_1_332' title='bbox 3164 2385 3260 2438; x_wconf 73' lang='grc' dir='ltr'>καὶ</span> <span class='ocrx_word' id='word_1_333' title='bbox 3284 2383 3690 2456; x_wconf 84' lang='grc' dir='ltr'>κηρύσσοντος,</span> 
     </span>
    </p>
   </div>
   <div class='ocr_carea' id='block_1_35' title="bbox 399 2469 3692 2564">
    <p class='ocr_par' dir='ltr' id='par_1_35' title="bbox 399 2469 3692 2564">
     <span class='ocr_line' id='line_1_35' title="bbox 399 2469 3692 2564; baseline -0.007 -11"><span class='ocrx_word' id='word_1_334' title='bbox 399 2500 482 2554; x_wconf 78' lang='grc' dir='ltr'>δτι</span> <span class='ocrx_word' id='word_1_335' title='bbox 515 2497 716 2562; x_wconf 83' lang='grc' dir='ltr'>Οὕτως</span> <span class='ocrx_word' id='word_1_336' title='bbox 745 2469 1220 2564; x_wconf 12' lang='grc' dir='ltr'>-τιμᾷὴβασιλεὺς</span> <span class='ocrx_word' id='word_1_337' title='bbox 1251 2489 1325 2544; x_wconf 83' lang='grc' dir='ltr'>δν</span> <span class='ocrx_word' id='word_1_338' title='bbox 1367 2489 1448 2543; x_wconf 86' lang='grc' dir='ltr'>ἂν</span> <span class='ocrx_word' id='word_1_339' title='bbox 1479 2483 1729 2554; x_wconf 80' lang='grc' dir='ltr'>στέρξῃ.</span> <span class='ocrx_word' id='word_1_340' title='bbox 1783 2483 1843 2535; x_wconf 88' lang='lat'>&#39;0</span> <span class='ocrx_word' id='word_1_341' title='bbox 1875 2478 1976 2549; x_wconf 77' lang='grc' dir='ltr'>μὲν</span> <span class='ocrx_word' id='word_1_342' title='bbox 2025 2469 2118 2527; x_wconf 81' lang='grc' dir='ltr'>οὖν</span> <span class='ocrx_word' id='word_1_343' title='bbox 2150 2473 2251 2543; x_wconf 85' lang='grc' dir='ltr'>τήν</span> <span class='ocrx_word' id='word_1_344' title='bbox 2284 2471 2436 2564; x_wconf 85' lang='grc' dir='ltr'>πόλιν</span> <span class='ocrx_word' id='word_1_345' title='bbox 2475 2471 2802 2564; x_wconf 80' lang='grc' dir='ltr'>περιελθὼν,</span> <span class='ocrx_word' id='word_1_346' title='bbox 2833 2473 2972 2564; x_wconf 81' lang='grc' dir='ltr'>πρὸς</span> <span class='ocrx_word' id='word_1_347' title='bbox 3001 2475 3094 2528; x_wconf 81' lang='grc' dir='ltr'>τὸν</span> <span class='ocrx_word' id='word_1_348' title='bbox 3123 2472 3355 2544; x_wconf 83' lang='grc' dir='ltr'>βασιλέα</span> <span class='ocrx_word' id='word_1_349' title='bbox 3383 2476 3692 2554; x_wconf 52' lang='grc' dir='ltr'>ἐπάνεισιν.</span> 
     </span>
    </p>
   </div>
   <div class='ocr_carea' id='block_1_36' title="bbox 474 2572 2064 2648">
    <p class='ocr_par' dir='ltr' id='par_1_36' title="bbox 474 2572 2064 2648">
     <span class='ocr_line' id='line_1_36' title="bbox 474 2572 2064 2648; baseline -0.015 -5"><span class='ocrx_word' id='word_1_350' title='bbox 474 2588 584 2645; x_wconf 73' lang='grc' dir='ltr'>νιι.</span> <span class='ocrx_word' id='word_1_351' title='bbox 623 2591 869 2641; x_wconf 81' lang='lat' dir='ltr'><strong>Amanus</strong></span> <span class='ocrx_word' id='word_1_352' title='bbox 923 2599 1057 2638; x_wconf 86' lang='lat' dir='ltr'><strong>vero</strong></span> <span class='ocrx_word' id='word_1_353' title='bbox 1123 2581 1349 2637; x_wconf 89' lang='lat' dir='ltr'><strong>domum</strong></span> <span class='ocrx_word' id='word_1_354' title='bbox 1401 2589 1691 2648; x_wconf 78' lang='lat' dir='ltr'><strong>regressus</strong></span> <span class='ocrx_word' id='word_1_355' title='bbox 1723 2613 1738 2636; x_wconf 88' lang='lat'>,</span> <span class='ocrx_word' id='word_1_356' title='bbox 1801 2582 1988 2626; x_wconf 88' lang='lat' dir='ltr'><strong>casum</strong></span> <span class='ocrx_word' id='word_1_357' title='bbox 2023 2572 2064 2626; x_wconf 83' lang='grc' dir='ltr'>Β</span> 
     </span>
    </p>
   </div>
   <div class='ocr_carea' id='block_1_37' title="bbox 403 2668 1994 2752">
    <p class='ocr_par' dir='ltr' id='par_1_37' title="bbox 403 2668 1994 2752">
     <span class='ocr_line' id='line_1_37' title="bbox 403 2668 1994 2752; baseline -0.015 -13"><span class='ocrx_word' id='word_1_358' title='bbox 403 2685 558 2740; x_wconf 89' lang='lat' dir='ltr'><strong>illum</strong></span> <span class='ocrx_word' id='word_1_359' title='bbox 586 2682 810 2752; x_wconf 81' lang='lat' dir='ltr'><strong>plorans</strong></span> <span class='ocrx_word' id='word_1_360' title='bbox 841 2677 997 2732; x_wconf 82' lang='lat' dir='ltr'><strong>uxori</strong></span> <span class='ocrx_word' id='word_1_361' title='bbox 1032 2675 1285 2746; x_wconf 76' lang='lat' dir='ltr'><strong>exponit.</strong></span> <span class='ocrx_word' id='word_1_362' title='bbox 1323 2675 1540 2727; x_wconf 80' lang='lat' dir='ltr'><strong>Interea</strong></span> <span class='ocrx_word' id='word_1_363' title='bbox 1561 2668 1792 2725; x_wconf 88' lang='lat' dir='ltr'><strong>veniunt</strong></span> <span class='ocrx_word' id='word_1_364' title='bbox 1817 2677 1994 2720; x_wconf 89' lang='lat' dir='ltr'><strong>eunu-</strong></span> 
     </span>
    </p>
   </div>
   <div class='ocr_carea' id='block_1_38' title="bbox 404 2760 1996 2839">
    <p class='ocr_par' dir='ltr' id='par_1_38' title="bbox 404 2760 1996 2839">
     <span class='ocr_line' id='line_1_38' title="bbox 404 2760 1996 2839; baseline -0.016 -7"><span class='ocrx_word' id='word_1_365' title='bbox 404 2776 495 2832; x_wconf 87' lang='lat' dir='ltr'>chi</span> <span class='ocrx_word' id='word_1_366' title='bbox 531 2775 601 2830; x_wconf 91' lang='lat' dir='ltr'>ab</span> <span class='ocrx_word' id='word_1_367' title='bbox 645 2771 915 2835; x_wconf 83' lang='lat' dir='ltr'><strong>Estheta,</strong></span> <span class='ocrx_word' id='word_1_368' title='bbox 948 2768 1040 2839; x_wconf 90' lang='lat' dir='ltr'>qui</span> <span class='ocrx_word' id='word_1_369' title='bbox 1072 2769 1334 2823; x_wconf 83' lang='lat' dir='ltr'><strong>Amanem</strong></span> <span class='ocrx_word' id='word_1_370' title='bbox 1381 2777 1614 2835; x_wconf 87' lang='lat' dir='ltr'><strong>propere</strong></span> <span class='ocrx_word' id='word_1_371' title='bbox 1661 2760 1727 2815; x_wconf 87' lang='lat' dir='ltr'>ad</span> <span class='ocrx_word' id='word_1_372' title='bbox 1783 2769 1996 2812; x_wconf 78' lang='lat' dir='ltr'><strong>ccenam</strong></span> 
     </span>
    </p>
   </div>
   <div class='ocr_carea' id='block_1_39' title="bbox 402 2847 2000 2941">
    <p class='ocr_par' dir='ltr' id='par_1_39' title="bbox 402 2847 2000 2941">
     <span class='ocr_line' id='line_1_39' title="bbox 402 2847 2000 2941; baseline -0.016 -15"><span class='ocrx_word' id='word_1_373' title='bbox 402 2872 485 2927; x_wconf 89' lang='lat' dir='ltr'>ire</span> <span class='ocrx_word' id='word_1_374' title='bbox 529 2867 747 2941; x_wconf 88' lang='lat' dir='ltr'><strong>jubent.</strong></span> <span class='ocrx_word' id='word_1_375' title='bbox 797 2863 1043 2930; x_wconf 86' lang='lat' dir='ltr'><strong>Quorum</strong></span> <span class='ocrx_word' id='word_1_376' title='bbox 1091 2875 1235 2914; x_wconf 88' lang='lat' dir='ltr'><strong>unus</strong></span> <span class='ocrx_word' id='word_1_377' title='bbox 1293 2872 1458 2913; x_wconf 89' lang='lat' dir='ltr'><strong>cruce</strong></span> <span class='ocrx_word' id='word_1_378' title='bbox 1512 2854 1566 2908; x_wconf 92' lang='lat' dir='ltr'>in</span> <span class='ocrx_word' id='word_1_379' title='bbox 1620 2853 1741 2924; x_wconf 88' lang='lat' dir='ltr'><strong>ejus</strong></span> <span class='ocrx_word' id='word_1_380' title='bbox 1787 2847 2000 2904; x_wconf 82' lang='lat' dir='ltr'><strong>aedibus</strong></span> 
     </span>
    </p>
   </div>
   <div class='ocr_carea' id='block_1_40' title="bbox 402 2938 1994 3032">
    <p class='ocr_par' dir='ltr' id='par_1_40' title="bbox 402 2938 1994 3032">
     <span class='ocr_line' id='line_1_40' title="bbox 402 2938 1994 3032; baseline -0.016 -16"><span class='ocrx_word' id='word_1_381' title='bbox 402 2938 554 3028; x_wconf 73' lang='lat' dir='ltr'><strong>visa,</strong></span> <span class='ocrx_word' id='word_1_382' title='bbox 604 2973 798 3032; x_wconf 48' lang='lat' dir='ltr'><strong>eunte</strong></span> <span class='ocrx_word' id='word_1_383' title='bbox 829 2954 1034 3011; x_wconf 77' lang='lat' dir='ltr'><strong>famulo</strong></span> <span class='ocrx_word' id='word_1_384' title='bbox 1068 2952 1388 3011; x_wconf 88' lang='lat' dir='ltr'><strong>didicisset,</strong></span> <span class='ocrx_word' id='word_1_385' title='bbox 1412 2965 1534 3003; x_wconf 88' lang='lat' dir='ltr'>eam</span> <span class='ocrx_word' id='word_1_386' title='bbox 1580 2947 1650 3000; x_wconf 89' lang='lat' dir='ltr'>ab</span> <span class='ocrx_word' id='word_1_387' title='bbox 1689 2945 1898 2997; x_wconf 82' lang='lat' dir='ltr'><strong>Amane</strong></span> <span class='ocrx_word' id='word_1_388' title='bbox 1929 2938 1994 2992; x_wconf 88' lang='lat' dir='ltr'>ad</span> 
     </span>
    </p>
   </div>
   <div class='ocr_carea' id='block_1_41' title="bbox 405 3035 1998 3118">
    <p class='ocr_par' dir='ltr' id='par_1_41' title="bbox 405 3035 1998 3118">
     <span class='ocr_line' id='line_1_41' title="bbox 405 3035 1998 3118; baseline -0.017 -8"><span class='ocrx_word' id='word_1_389' title='bbox 405 3051 733 3110; x_wconf 66' lang='lat' dir='ltr'><strong>Mardocbaai</strong></span> <span class='ocrx_word' id='word_1_390' title='bbox 769 3047 1132 3118; x_wconf 85' lang='lat' dir='ltr'><strong>supplicium,</strong></span> <span class='ocrx_word' id='word_1_391' title='bbox 1168 3059 1331 3114; x_wconf 87' lang='lat' dir='ltr'><strong>quem</strong></span> <span class='ocrx_word' id='word_1_392' title='bbox 1366 3057 1397 3096; x_wconf 89' lang='lat' dir='ltr'>a</span> <span class='ocrx_word' id='word_1_393' title='bbox 1445 3055 1575 3110; x_wconf 83' lang='lat' dir='ltr'><strong>rege</strong></span> <span class='ocrx_word' id='word_1_394' title='bbox 1619 3035 1998 3107; x_wconf 78' lang='lat' dir='ltr'><strong>postulaturus</strong></span> 
     </span>
    </p>
   </div>
   <div class='ocr_carea' id='block_1_42' title="bbox 408 3123 1996 3215">
    <p class='ocr_par' dir='ltr' id='par_1_42' title="bbox 408 3123 1996 3215">
     <span class='ocr_line' id='line_1_42' title="bbox 408 3123 1996 3215; baseline -0.016 -13"><span class='ocrx_word' id='word_1_395' title='bbox 408 3155 587 3210; x_wconf 89' lang='lat' dir='ltr'><strong>esset,</strong></span> <span class='ocrx_word' id='word_1_396' title='bbox 624 3150 870 3215; x_wconf 83' lang='lat' dir='ltr'><strong>paratam</strong></span> <span class='ocrx_word' id='word_1_397' title='bbox 925 3154 1090 3194; x_wconf 88' lang='lat' dir='ltr'><strong>esse:</strong></span> <span class='ocrx_word' id='word_1_398' title='bbox 1131 3147 1246 3191; x_wconf 90' lang='lat' dir='ltr'>tum</span> <span class='ocrx_word' id='word_1_399' title='bbox 1279 3134 1503 3206; x_wconf 80' lang='lat' dir='ltr'><strong>quidem</strong></span> <span class='ocrx_word' id='word_1_400' title='bbox 1552 3130 1687 3185; x_wconf 91' lang='lat' dir='ltr'><strong>abit.</strong></span> <span class='ocrx_word' id='word_1_401' title='bbox 1729 3123 1996 3182; x_wconf 82' lang='lat' dir='ltr'><strong>Convivio</strong></span> 
     </span>
    </p>
   </div>
   <div class='ocr_carea' id='block_1_43' title="bbox 416 3213 1995 3306">
    <p class='ocr_par' dir='ltr' id='par_1_43' title="bbox 416 3213 1995 3306">
     <span class='ocr_line' id='line_1_43' title="bbox 416 3213 1995 3306; baseline -0.016 -15"><span class='ocrx_word' id='word_1_402' title='bbox 416 3252 548 3291; x_wconf 74' lang='lat' dir='ltr'><strong>vero</strong></span> <span class='ocrx_word' id='word_1_403' title='bbox 600 3213 772 3306; x_wconf 81' lang='lat' dir='ltr'><strong>prope</strong></span> <span class='ocrx_word' id='word_1_404' title='bbox 828 3231 1006 3295; x_wconf 78' lang='lat' dir='ltr'><strong>ﬁnito,</strong></span> <span class='ocrx_word' id='word_1_405' title='bbox 1037 3245 1132 3285; x_wconf 90' lang='lat' dir='ltr'>rex</span> <span class='ocrx_word' id='word_1_406' title='bbox 1174 3228 1358 3283; x_wconf 87' lang='lat' dir='ltr'><strong>dicere</strong></span> <span class='ocrx_word' id='word_1_407' title='bbox 1383 3223 1542 3295; x_wconf 85' lang='lat' dir='ltr'><strong>jubet</strong></span> <span class='ocrx_word' id='word_1_408' title='bbox 1585 3220 1831 3290; x_wconf 77' lang='lat' dir='ltr'><strong>reginam</strong></span> <span class='ocrx_word' id='word_1_409' title='bbox 1861 3213 1995 3284; x_wconf 91' lang='lat' dir='ltr'><strong>quid</strong></span> 
     </span>
    </p>
   </div>
   <div class='ocr_carea' id='block_1_44' title="bbox 405 3312 1994 3395">
    <p class='ocr_par' dir='ltr' id='par_1_44' title="bbox 405 3312 1994 3395">
     <span class='ocr_line' id='line_1_44' title="bbox 405 3312 1994 3395; baseline -0.016 -11"><span class='ocrx_word' id='word_1_410' title='bbox 405 3328 585 3385; x_wconf 77' lang='lat' dir='ltr'><strong>velit?</strong></span> <span class='ocrx_word' id='word_1_411' title='bbox 637 3327 707 3380; x_wconf 84' lang='lat' dir='ltr'><strong>At</strong></span> <span class='ocrx_word' id='word_1_412' title='bbox 736 3324 828 3379; x_wconf 85' lang='lat' dir='ltr'><strong>illa</strong></span> <span class='ocrx_word' id='word_1_413' title='bbox 855 3323 1035 3395; x_wconf 90' lang='lat' dir='ltr'><strong>gentis</strong></span> <span class='ocrx_word' id='word_1_414' title='bbox 1065 3335 1180 3376; x_wconf 66' lang='lat' dir='ltr'><strong>suae</strong></span> <span class='ocrx_word' id='word_1_415' title='bbox 1207 3319 1493 3373; x_wconf 89' lang='lat' dir='ltr'><strong>interitum</strong></span> <span class='ocrx_word' id='word_1_416' title='bbox 1523 3312 1813 3383; x_wconf 89' lang='lat' dir='ltr'><strong>deplorat,</strong></span> <span class='ocrx_word' id='word_1_417' title='bbox 1843 3321 1994 3362; x_wconf 84' lang='lat' dir='ltr'><strong>sese-</strong></span> 
     </span>
    </p>
   </div>
   <div class='ocr_carea' id='block_1_45' title="bbox 408 3398 1995 3493">
    <p class='ocr_par' dir='ltr' id='par_1_45' title="bbox 408 3398 1995 3493">
     <span class='ocr_line' id='line_1_45' title="bbox 408 3398 1995 3493; baseline -0.016 -17"><span class='ocrx_word' id='word_1_418' title='bbox 408 3437 515 3493; x_wconf 90' lang='lat' dir='ltr'>que</span> <span class='ocrx_word' id='word_1_419' title='bbox 564 3435 670 3473; x_wconf 91' lang='lat' dir='ltr'>nna</span> <span class='ocrx_word' id='word_1_420' title='bbox 725 3431 849 3473; x_wconf 91' lang='lat' dir='ltr'>cum</span> <span class='ocrx_word' id='word_1_421' title='bbox 894 3415 985 3470; x_wconf 88' lang='lat' dir='ltr'><strong>illa</strong></span> <span class='ocrx_word' id='word_1_422' title='bbox 1037 3411 1207 3468; x_wconf 86' lang='lat' dir='ltr'><strong>exitio</strong></span> <span class='ocrx_word' id='word_1_423' title='bbox 1236 3407 1566 3464; x_wconf 81' lang='lat' dir='ltr'><strong>destinatam</strong></span> <span class='ocrx_word' id='word_1_424' title='bbox 1610 3417 1733 3458; x_wconf 89' lang='lat' dir='ltr'><strong>esse</strong></span> <span class='ocrx_word' id='word_1_425' title='bbox 1785 3398 1995 3457; x_wconf 79' lang='lat' dir='ltr'><strong>refert,</strong></span> 
     </span>
    </p>
   </div>
   <div class='ocr_carea' id='block_1_46' title="bbox 407 3491 1994 3584">
    <p class='ocr_par' dir='ltr' id='par_1_46' title="bbox 407 3491 1994 3584">
     <span class='ocr_line' id='line_1_46' title="bbox 407 3491 1994 3584; baseline -0.018 -13"><span class='ocrx_word' id='word_1_426' title='bbox 407 3491 586 3584; x_wconf 80' lang='lat' dir='ltr'><strong>eaque</strong></span> <span class='ocrx_word' id='word_1_427' title='bbox 614 3511 880 3566; x_wconf 72' lang='lat' dir='ltr'><strong>Amanem</strong></span> <span class='ocrx_word' id='word_1_428' title='bbox 913 3505 1158 3578; x_wconf 82' lang='lat' dir='ltr'><strong>petiisse.</strong></span> <span class='ocrx_word' id='word_1_429' title='bbox 1190 3501 1275 3557; x_wconf 90' lang='lat' dir='ltr'><strong>Ob</strong></span> <span class='ocrx_word' id='word_1_430' title='bbox 1313 3515 1436 3569; x_wconf 71' lang='lat' dir='ltr'><strong>qua:</strong></span> <span class='ocrx_word' id='word_1_431' title='bbox 1467 3513 1560 3552; x_wconf 86' lang='lat' dir='ltr'>rex</span> <span class='ocrx_word' id='word_1_432' title='bbox 1598 3491 1953 3566; x_wconf 81' lang='lat' dir='ltr'><strong>perturbatus</strong></span> <span class='ocrx_word' id='word_1_433' title='bbox 1979 3528 1994 3552; x_wconf 91' lang='lat'>,</span> 
     </span>
    </p>
   </div>
   <div class='ocr_carea' id='block_1_47' title="bbox 408 3589 1994 3670">
    <p class='ocr_par' dir='ltr' id='par_1_47' title="bbox 408 3589 1994 3670">
     <span class='ocr_line' id='line_1_47' title="bbox 408 3589 1994 3670; baseline -0.018 -5"><span class='ocrx_word' id='word_1_434' title='bbox 408 3623 442 3665; x_wconf 87' lang='lat' dir='ltr'>e</span> <span class='ocrx_word' id='word_1_435' title='bbox 499 3604 752 3661; x_wconf 83' lang='lat' dir='ltr'><strong>convivio</strong></span> <span class='ocrx_word' id='word_1_436' title='bbox 815 3615 874 3655; x_wconf 89' lang='lat' dir='ltr'>se</span> <span class='ocrx_word' id='word_1_437' title='bbox 933 3596 1190 3670; x_wconf 90' lang='lat' dir='ltr'><strong>proripit.</strong></span> <span class='ocrx_word' id='word_1_438' title='bbox 1253 3596 1424 3646; x_wconf 81' lang='lat' dir='ltr'><strong>Aman</strong></span> <span class='ocrx_word' id='word_1_439' title='bbox 1486 3589 1774 3643; x_wconf 80' lang='lat' dir='ltr'><strong>Estheram</strong></span> <span class='ocrx_word' id='word_1_440' title='bbox 1830 3593 1994 3647; x_wconf 80' lang='lat' dir='ltr'><strong>orat,</strong></span> 
     </span>
    </p>
   </div>
   <div class='ocr_carea' id='block_1_48' title="bbox 410 3675 1997 3769">
    <p class='ocr_par' dir='ltr' id='par_1_48' title="bbox 410 3675 1997 3769">
     <span class='ocr_line' id='line_1_48' title="bbox 410 3675 1997 3769; baseline -0.018 -13"><span class='ocrx_word' id='word_1_441' title='bbox 410 3711 652 3769; x_wconf 78' lang='lat' dir='ltr'><strong>eumque</strong></span> <span class='ocrx_word' id='word_1_442' title='bbox 680 3695 736 3750; x_wconf 90' lang='lat' dir='ltr'>in</span> <span class='ocrx_word' id='word_1_443' title='bbox 773 3693 974 3748; x_wconf 89' lang='lat' dir='ltr'><strong>lectum</strong></span> <span class='ocrx_word' id='word_1_444' title='bbox 1009 3688 1295 3760; x_wconf 89' lang='lat' dir='ltr'><strong>prolapsus</strong></span> <span class='ocrx_word' id='word_1_445' title='bbox 1328 3692 1470 3738; x_wconf 81' lang='lat' dir='ltr'><strong>esse&#39;</strong></span> <span class='ocrx_word' id='word_1_446' title='bbox 1499 3722 1512 3744; x_wconf 90' lang='lat'>,</span> <span class='ocrx_word' id='word_1_447' title='bbox 1551 3680 1753 3749; x_wconf 83' lang='lat' dir='ltr'><strong>reginae</strong></span> <span class='ocrx_word' id='word_1_448' title='bbox 1783 3675 1997 3745; x_wconf 89' lang='lat' dir='ltr'><strong>suppli-</strong></span> 
     </span>
    </p>
   </div>
   <div class='ocr_carea' id='block_1_49' title="bbox 409 3770 1993 3857">
    <p class='ocr_par' dir='ltr' id='par_1_49' title="bbox 409 3770 1993 3857">
     <span class='ocr_line' id='line_1_49' title="bbox 409 3770 1993 3857; baseline -0.016 -10"><span class='ocrx_word' id='word_1_449' title='bbox 409 3805 542 3848; x_wconf 79' lang='lat' dir='ltr'><strong>cans</strong></span> <span class='ocrx_word' id='word_1_450' title='bbox 568 3829 582 3853; x_wconf 88' lang='lat'>,</span> <span class='ocrx_word' id='word_1_451' title='bbox 629 3802 728 3843; x_wconf 88' lang='lat' dir='ltr'>rex</span> <span class='ocrx_word' id='word_1_452' title='bbox 769 3785 1098 3857; x_wconf 83' lang='lat' dir='ltr'><strong>ingressus:</strong></span> <span class='ocrx_word' id='word_1_453' title='bbox 1127 3778 1360 3836; x_wconf 76' lang='lat' dir='ltr'><strong>Pessime</strong></span> <span class='ocrx_word' id='word_1_454' title='bbox 1383 3817 1400 3842; x_wconf 91' lang='lat'>,</span> <span class='ocrx_word' id='word_1_455' title='bbox 1440 3773 1644 3844; x_wconf 87' lang='lat' dir='ltr'><strong>inquit,</strong></span> <span class='ocrx_word' id='word_1_456' title='bbox 1685 3771 1849 3826; x_wconf 82' lang='lat' dir='ltr'><strong>etiam</strong></span> <span class='ocrx_word' id='word_1_457' title='bbox 1885 3770 1993 3823; x_wconf 72' lang='lat' dir='ltr'><strong>vim</strong></span> 
     </span>
    </p>
   </div>
   <div class='ocr_carea' id='block_1_50' title="bbox 405 3861 2068 3971">
    <p class='ocr_par' dir='ltr' id='par_1_50' title="bbox 405 3861 2068 3971">
     <span class='ocr_line' id='line_1_50' title="bbox 405 3861 2068 3971; baseline -0.016 -36"><span class='ocrx_word' id='word_1_458' title='bbox 405 3881 563 3937; x_wconf 65' lang='lat' dir='ltr'><strong>uxori</strong></span> <span class='ocrx_word' id='word_1_459' title='bbox 615 3891 745 3931; x_wconf 59' lang='lat' dir='ltr'>mem</span> <span class='ocrx_word' id='word_1_460' title='bbox 784 3875 984 3938; x_wconf 78' lang='lat' dir='ltr'><strong>inferre</strong></span> <span class='ocrx_word' id='word_1_461' title='bbox 1023 3867 1235 3942; x_wconf 75' lang='lat' dir='ltr'><strong>paras?</strong></span> <span class='ocrx_word' id='word_1_462' title='bbox 1274 3864 1398 3921; x_wconf 72' lang='lat' dir='ltr'><strong>Mox</strong></span> <span class='ocrx_word' id='word_1_463' title='bbox 1434 3861 1726 3919; x_wconf 79' lang='lat' dir='ltr'><strong>eunuchus</strong></span> <span class='ocrx_word' id='word_1_464' title='bbox 1771 3871 1993 3929; x_wconf 88' lang='lat' dir='ltr'><strong>quoque</strong></span> <span class='ocrx_word' id='word_1_465' title='bbox 2022 3908 2068 3971; x_wconf 67' lang='grc' dir='ltr'>ο</span> 
     </span>
     <span class='ocr_line' id='line_1_51' title="bbox 464 3949 1990 3971; baseline -0.016 13"><span class='ocrx_word' id='word_1_466' title='bbox 464 3970 471 3971; x_wconf 42' lang='grc' dir='ltr'>κ</span> <span class='ocrx_word' id='word_1_467' title='bbox 737 3965 752 3971; x_wconf 90' lang='grc'><strong><em>-</em></strong></span> <span class='ocrx_word' id='word_1_468' title='bbox 1087 3959 1106 3971; x_wconf 88' lang='grc'>.</span> <span class='ocrx_word' id='word_1_469' title='bbox 1177 3969 1184 3971; x_wconf 92' lang='lat'>_</span> <span class='ocrx_word' id='word_1_470' title='bbox 1402 3969 1412 3971; x_wconf 97' lang='lat'><em>_</em></span> <span class='ocrx_word' id='word_1_471' title='bbox 1451 3954 1494 3971; x_wconf 38' lang='grc' dir='ltr'>,Α</span> <span class='ocrx_word' id='word_1_472' title='bbox 1545 3951 1755 3971; x_wconf 21' lang='grc' dir='ltr'>.-η-ε,</span> <span class='ocrx_word' id='word_1_473' title='bbox 1784 3949 1990 3971; x_wconf 38' lang='lat' dir='ltr'><strong>“mm,</strong></span> 
     </span>
    </p>
   </div>
   <div class='ocr_carea' id='block_1_51' title="bbox 409 3949 1994 4031">
    <p class='ocr_par' dir='ltr' id='par_1_51' title="bbox 409 3949 1994 4031">
     <span class='ocr_line' id='line_1_52' title="bbox 409 3949 1994 4031; baseline -0.015 -6"><span class='ocrx_word' id='word_1_474' title='bbox 409 3970 602 4031; x_wconf 77' lang='lat' dir='ltr'><strong>adest,</strong></span> <span class='ocrx_word' id='word_1_475' title='bbox 635 3976 692 4020; x_wconf 92' lang='lat' dir='ltr'>et</span> <span class='ocrx_word' id='word_1_476' title='bbox 721 3965 790 4020; x_wconf 91' lang='lat' dir='ltr'>de</span> <span class='ocrx_word' id='word_1_477' title='bbox 825 3977 990 4019; x_wconf 84' lang='lat' dir='ltr'><strong>cruce</strong></span> <span class='ocrx_word' id='word_1_478' title='bbox 1022 3959 1225 4024; x_wconf 80' lang='lat' dir='ltr'><strong>refert,</strong></span> <span class='ocrx_word' id='word_1_479' title='bbox 1257 3969 1422 4027; x_wconf 90' lang='lat' dir='ltr'><strong>quam</strong></span> <span class='ocrx_word' id='word_1_480' title='bbox 1449 3954 1505 4007; x_wconf 88' lang='lat' dir='ltr'>in</span> <span class='ocrx_word' id='word_1_481' title='bbox 1534 3951 1759 4008; x_wconf 75' lang='lat' dir='ltr'><strong>Amanis</strong></span> <span class='ocrx_word' id='word_1_482' title='bbox 1781 3949 1994 4005; x_wconf 63' lang='lat' dir='ltr'><strong>aedibus</strong></span> 
     </span>
    </p>
   </div>
   <div class='ocr_carea' id='block_1_52' title="bbox 413 4032 1997 4124">
    <p class='ocr_par' dir='ltr' id='par_1_52' title="bbox 413 4032 1997 4124">
     <span class='ocr_line' id='line_1_53' title="bbox 413 4032 1997 4124; baseline -0.014 -11"><span class='ocrx_word' id='word_1_483' title='bbox 413 4057 752 4113; x_wconf 75' lang='lat' dir='ltr'><strong>Mardochzeo</strong></span> <span class='ocrx_word' id='word_1_484' title='bbox 798 4061 1040 4124; x_wconf 82' lang='lat' dir='ltr'><strong>paratam</strong></span> <span class='ocrx_word' id='word_1_485' title='bbox 1085 4050 1320 4104; x_wconf 79' lang='lat' dir='ltr'><strong>viderat.</strong></span> <span class='ocrx_word' id='word_1_486' title='bbox 1364 4047 1481 4100; x_wconf 81' lang='lat' dir='ltr'><strong>Rex</strong></span> <span class='ocrx_word' id='word_1_487' title='bbox 1505 4059 1637 4098; x_wconf 82' lang='lat' dir='ltr'><strong>vero</strong></span> <span class='ocrx_word' id='word_1_488' title='bbox 1669 4032 1933 4096; x_wconf 80' lang='lat' dir='ltr'><strong>Amanem</strong></span> <span class='ocrx_word' id='word_1_489' title='bbox 1963 4051 1997 4091; x_wconf 78' lang='grc' dir='ltr'>ο</span> 
     </span>
    </p>
   </div>
   <div class='ocr_carea' id='block_1_53' title="bbox 410 4129 1995 4218">
    <p class='ocr_par' dir='ltr' id='par_1_53' title="bbox 410 4129 1995 4218">
     <span class='ocr_line' id='line_1_54' title="bbox 410 4129 1995 4218; baseline -0.014 -14"><span class='ocrx_word' id='word_1_490' title='bbox 410 4149 645 4218; x_wconf 81' lang='lat' dir='ltr'><strong>vestigio</strong></span> <span class='ocrx_word' id='word_1_491' title='bbox 672 4146 740 4200; x_wconf 90' lang='lat' dir='ltr'>de</span> <span class='ocrx_word' id='word_1_492' title='bbox 782 4159 846 4199; x_wconf 90' lang='lat' dir='ltr'>ea</span> <span class='ocrx_word' id='word_1_493' title='bbox 896 4138 1340 4211; x_wconf 87' lang='lat' dir='ltr'><strong>suspendijubet</strong></span> <span class='ocrx_word' id='word_1_494' title='bbox 1368 4153 1382 4189; x_wconf 89' lang='lat'><strong>:</strong></span> <span class='ocrx_word' id='word_1_495' title='bbox 1410 4136 1596 4203; x_wconf 84' lang='lat' dir='ltr'><strong>itaque</strong></span> <span class='ocrx_word' id='word_1_496' title='bbox 1651 4133 1742 4188; x_wconf 90' lang='lat' dir='ltr'><strong>ille</strong></span> <span class='ocrx_word' id='word_1_497' title='bbox 1784 4129 1995 4200; x_wconf 89' lang='lat' dir='ltr'><strong>periit,</strong></span> 
     </span>
    </p>
   </div>
   <div class='ocr_carea' id='block_1_54' title="bbox 411 4220 1995 4310">
    <p class='ocr_par' dir='ltr' id='par_1_54' title="bbox 411 4220 1995 4310">
     <span class='ocr_line' id='line_1_55' title="bbox 411 4220 1995 4310; baseline -0.013 -14"><span class='ocrx_word' id='word_1_498' title='bbox 411 4253 469 4297; x_wconf 87' lang='lat' dir='ltr'>ct</span> <span class='ocrx_word' id='word_1_499' title='bbox 491 4254 624 4310; x_wconf 87' lang='lat' dir='ltr'><strong>opes</strong></span> <span class='ocrx_word' id='word_1_500' title='bbox 651 4237 770 4308; x_wconf 86' lang='lat' dir='ltr'><strong>ejus</strong></span> <span class='ocrx_word' id='word_1_501' title='bbox 806 4234 1012 4304; x_wconf 66' lang='lat' dir='ltr'><strong>reginae</strong></span> <span class='ocrx_word' id='word_1_502' title='bbox 1044 4231 1235 4286; x_wconf 87' lang='lat' dir='ltr'><strong>donat.</strong></span> <span class='ocrx_word' id='word_1_503' title='bbox 1293 4226 1635 4296; x_wconf 80' lang='lat' dir='ltr'><strong>Cognitaque</strong></span> <span class='ocrx_word' id='word_1_504' title='bbox 1667 4220 1995 4292; x_wconf 78' lang='lat' dir='ltr'><strong>cognatione</strong></span> 
     </span>
    </p>
   </div>
   <div class='ocr_carea' id='block_1_55' title="bbox 413 4313 1998 4386">
    <p class='ocr_par' dir='ltr' id='par_1_55' title="bbox 413 4313 1998 4386">
     <span class='ocr_line' id='line_1_56' title="bbox 413 4313 1998 4386; baseline -0.011 -2"><span class='ocrx_word' id='word_1_505' title='bbox 413 4326 740 4384; x_wconf 75' lang='lat' dir='ltr'><strong>Ilardoclnei</strong></span> <span class='ocrx_word' id='word_1_506' title='bbox 774 4334 828 4380; x_wconf 91' lang='lat' dir='ltr'>et</span> <span class='ocrx_word' id='word_1_507' title='bbox 860 4323 1138 4386; x_wconf 67' lang='lat' dir='ltr'><strong>Estheraa,</strong></span> <span class='ocrx_word' id='word_1_508' title='bbox 1169 4334 1297 4374; x_wconf 85' lang='lat' dir='ltr'>eum</span> <span class='ocrx_word' id='word_1_509' title='bbox 1325 4316 1619 4378; x_wconf 90' lang='lat' dir='ltr'><strong>annulum,</strong></span> <span class='ocrx_word' id='word_1_510' title='bbox 1650 4327 1816 4382; x_wconf 89' lang='lat' dir='ltr'><strong>quem</strong></span> <span class='ocrx_word' id='word_1_511' title='bbox 1845 4313 1998 4381; x_wconf 90' lang='lat' dir='ltr'><strong>prius</strong></span> 
     </span>
    </p>
   </div>
   <div class='ocr_carea' id='block_1_56' title="bbox 415 4404 1999 4480">
    <p class='ocr_par' dir='ltr' id='par_1_56' title="bbox 415 4404 1999 4480">
     <span class='ocr_line' id='line_1_57' title="bbox 415 4404 1999 4480; baseline -0.013 -4"><span class='ocrx_word' id='word_1_512' title='bbox 415 4425 590 4477; x_wconf 83' lang='lat' dir='ltr'><strong>Aman</strong></span> <span class='ocrx_word' id='word_1_513' title='bbox 618 4417 920 4480; x_wconf 87' lang='lat' dir='ltr'><strong>habuerat,</strong></span> <span class='ocrx_word' id='word_1_514' title='bbox 945 4414 999 4470; x_wconf 90' lang='lat' dir='ltr'>ei</span> <span class='ocrx_word' id='word_1_515' title='bbox 1033 4413 1146 4468; x_wconf 90' lang='lat' dir='ltr'><strong>dat.</strong></span> <span class='ocrx_word' id='word_1_516' title='bbox 1198 4410 1384 4464; x_wconf 84' lang='lat' dir='ltr'><strong>Eidem</strong></span> <span class='ocrx_word' id='word_1_517' title='bbox 1411 4418 1470 4463; x_wconf 89' lang='lat' dir='ltr'>et</span> <span class='ocrx_word' id='word_1_518' title='bbox 1496 4408 1681 4478; x_wconf 88' lang='lat' dir='ltr'><strong>regina</strong></span> <span class='ocrx_word' id='word_1_519' title='bbox 1710 4404 1999 4460; x_wconf 83' lang='lat' dir='ltr'><strong>facultates</strong></span> 
     </span>
    </p>
   </div>
   <div class='ocr_carea' id='block_1_57' title="bbox 415 4497 1995 4578">
    <p class='ocr_par' dir='ltr' id='par_1_57' title="bbox 415 4497 1995 4578">
     <span class='ocr_line' id='line_1_58' title="bbox 415 4497 1995 4578; baseline -0.013 -10"><span class='ocrx_word' id='word_1_520' title='bbox 415 4507 941 4578; x_wconf 73' lang='lat' dir='ltr'><strong>Amanis&#39;largitur,</strong></span> <span class='ocrx_word' id='word_1_521' title='bbox 989 4513 1046 4560; x_wconf 89' lang='lat' dir='ltr'>et</span> <span class='ocrx_word' id='word_1_522' title='bbox 1085 4517 1268 4574; x_wconf 85' lang='lat' dir='ltr'><strong>regem</strong></span> <span class='ocrx_word' id='word_1_523' title='bbox 1316 4509 1475 4563; x_wconf 89' lang='lat' dir='ltr'><strong>orat,</strong></span> <span class='ocrx_word' id='word_1_524' title='bbox 1529 4509 1591 4555; x_wconf 91' lang='lat' dir='ltr'>ut</span> <span class='ocrx_word' id='word_1_525' title='bbox 1638 4497 1995 4552; x_wconf 68' lang='lat' dir='ltr'><strong>Hebraeorum</strong></span> 
     </span>
    </p>
   </div>
   <div class='ocr_carea' id='block_1_58' title="bbox 414 4589 1997 4674">
    <p class='ocr_par' dir='ltr' id='par_1_58' title="bbox 414 4589 1997 4674">
     <span class='ocr_line' id='line_1_59' title="bbox 414 4589 1997 4674; baseline -0.011 -16"><span class='ocrx_word' id='word_1_526' title='bbox 414 4607 634 4674; x_wconf 86' lang='lat' dir='ltr'><strong>gentem</strong></span> <span class='ocrx_word' id='word_1_527' title='bbox 693 4595 938 4669; x_wconf 89' lang='lat' dir='ltr'><strong>periculo</strong></span> <span class='ocrx_word' id='word_1_528' title='bbox 1001 4594 1224 4650; x_wconf 91' lang='lat' dir='ltr'><strong>liberet.</strong></span> <span class='ocrx_word' id='word_1_529' title='bbox 1283 4591 1425 4645; x_wconf 87' lang='lat' dir='ltr'><strong>Tum</strong></span> <span class='ocrx_word' id='word_1_530' title='bbox 1480 4589 1570 4644; x_wconf 89' lang='lat' dir='ltr'><strong>ille</strong></span> <span class='ocrx_word' id='word_1_531' title='bbox 1623 4603 1724 4643; x_wconf 88' lang='lat' dir='ltr'>suo</span> <span class='ocrx_word' id='word_1_532' title='bbox 1773 4589 1997 4642; x_wconf 90' lang='lat' dir='ltr'><strong>nomine</strong></span> 
     </span>
    </p>
   </div>
   <div class='ocr_carea' id='block_1_59' title="bbox 413 4681 1998 4758">
    <p class='ocr_par' dir='ltr' id='par_1_59' title="bbox 413 4681 1998 4758">
     <span class='ocr_line' id='line_1_60' title="bbox 413 4681 1998 4758; baseline -0.009 -9"><span class='ocrx_word' id='word_1_533' title='bbox 413 4709 536 4751; x_wconf 88' lang='lat' dir='ltr'>eam</span> <span class='ocrx_word' id='word_1_534' title='bbox 581 4691 824 4747; x_wconf 85' lang='lat' dir='ltr'><strong>scribere</strong></span> <span class='ocrx_word' id='word_1_535' title='bbox 877 4686 1168 4758; x_wconf 86' lang='lat' dir='ltr'><strong>permisit,</strong></span> <span class='ocrx_word' id='word_1_536' title='bbox 1215 4681 1486 4754; x_wconf 88' lang='lat' dir='ltr'><strong>quidquid</strong></span> <span class='ocrx_word' id='word_1_537' title='bbox 1566 4681 1717 4735; x_wconf 88' lang='lat' dir='ltr'><strong>velit.</strong></span> <span class='ocrx_word' id='word_1_538' title='bbox 1778 4681 1998 4736; x_wconf 85' lang='lat' dir='ltr'><strong>Litterae</strong></span> 
     </span>
    </p>
   </div>
   <div class='ocr_carea' id='block_1_60' title="bbox 415 4774 1995 4859">
    <p class='ocr_par' dir='ltr' id='par_1_60' title="bbox 415 4774 1995 4859">
     <span class='ocr_line' id='line_1_61' title="bbox 415 4774 1995 4859; baseline -0.009 -17"><span class='ocrx_word' id='word_1_539' title='bbox 415 4799 587 4859; x_wconf 88' lang='lat' dir='ltr'><strong>porro</strong></span> <span class='ocrx_word' id='word_1_540' title='bbox 640 4784 757 4838; x_wconf 66' lang='lat' dir='ltr'><strong>haec</strong></span> <span class='ocrx_word' id='word_1_541' title='bbox 787 4780 1144 4837; x_wconf 88' lang='lat' dir='ltr'><strong>continebant</strong></span> <span class='ocrx_word' id='word_1_542' title='bbox 1193 4795 1207 4831; x_wconf 90' lang='lat'>:</span> <span class='ocrx_word' id='word_1_543' title='bbox 1255 4779 1521 4830; x_wconf 83' lang='lat' dir='ltr'><strong>Amanem</strong></span> <span class='ocrx_word' id='word_1_544' title='bbox 1573 4774 1731 4844; x_wconf 75' lang='lat'>182</span> <span class='ocrx_word' id='word_1_545' title='bbox 1792 4785 1851 4828; x_wconf 87' lang='lat' dir='ltr'>ut</span> <span class='ocrx_word' id='word_1_546' title='bbox 1895 4776 1995 4829; x_wconf 88' lang='lat' dir='ltr'><strong>im-</strong></span> 
     </span>
    </p>
   </div>
   <div class='ocr_carea' id='block_1_61' title="bbox 416 4866 2000 4949">
    <p class='ocr_par' dir='ltr' id='par_1_61' title="bbox 416 4866 2000 4949">
     <span class='ocr_line' id='line_1_62' title="bbox 416 4866 2000 4949; baseline -0.008 -17"><span class='ocrx_word' id='word_1_547' title='bbox 416 4875 653 4949; x_wconf 90' lang='lat' dir='ltr'><strong>probum</strong></span> <span class='ocrx_word' id='word_1_548' title='bbox 700 4881 757 4928; x_wconf 90' lang='lat' dir='ltr'>et</span> <span class='ocrx_word' id='word_1_549' title='bbox 811 4872 1086 4943; x_wconf 83' lang='lat' dir='ltr'><strong>ingratum</strong></span> <span class='ocrx_word' id='word_1_550' title='bbox 1151 4869 1511 4929; x_wconf 82' lang='lat' dir='ltr'><strong>accusabant,</strong></span> <span class='ocrx_word' id='word_1_551' title='bbox 1564 4867 1710 4934; x_wconf 89' lang='lat' dir='ltr'><strong>quod</strong></span> <span class='ocrx_word' id='word_1_552' title='bbox 1765 4866 2000 4920; x_wconf 79' lang='lat' dir='ltr'><strong>insontis</strong></span> 
     </span>
    </p>
   </div>
   <div class='ocr_carea' id='block_1_62' title="bbox 417 4958 1998 5041">
    <p class='ocr_par' dir='ltr' id='par_1_62' title="bbox 417 4958 1998 5041">
     <span class='ocr_line' id='line_1_63' title="bbox 417 4958 1998 5041; baseline -0.009 -17"><span class='ocrx_word' id='word_1_553' title='bbox 417 4969 606 5041; x_wconf 88' lang='lat' dir='ltr'><strong>populi</strong></span> <span class='ocrx_word' id='word_1_554' title='bbox 639 4966 869 5022; x_wconf 84' lang='lat' dir='ltr'><strong>exitium</strong></span> <span class='ocrx_word' id='word_1_555' title='bbox 915 4963 1268 5034; x_wconf 84' lang='lat' dir='ltr'><strong>postulasset.</strong></span> <span class='ocrx_word' id='word_1_556' title='bbox 1317 4958 1719 5013; x_wconf 68' lang='lat' dir='ltr'><strong>Mardochmum</strong></span> <span class='ocrx_word' id='word_1_557' title='bbox 1748 4968 1998 5012; x_wconf 72' lang='lat' dir='ltr'><strong>servato-</strong></span> 
     </span>
    </p>
   </div>
   <div class='ocr_carea' id='block_1_63' title="bbox 417 5048 1998 5119">
    <p class='ocr_par' dir='ltr' id='par_1_63' title="bbox 417 5048 1998 5119">
     <span class='ocr_line' id='line_1_64' title="bbox 417 5048 1998 5119; baseline -0.009 -2"><span class='ocrx_word' id='word_1_558' title='bbox 417 5077 535 5117; x_wconf 91' lang='lat' dir='ltr'>rem</span> <span class='ocrx_word' id='word_1_559' title='bbox 609 5058 989 5117; x_wconf 77' lang='lat' dir='ltr'><strong>nominabant.</strong></span> <span class='ocrx_word' id='word_1_560' title='bbox 1057 5054 1277 5111; x_wconf 66' lang='lat' dir='ltr'><strong>Judaaos</strong></span> <span class='ocrx_word' id='word_1_561' title='bbox 1339 5051 1727 5116; x_wconf 87' lang='lat' dir='ltr'><strong>celebrabant,</strong></span> <span class='ocrx_word' id='word_1_562' title='bbox 1789 5060 1850 5104; x_wconf 86' lang='lat' dir='ltr'>ut</span> <span class='ocrx_word' id='word_1_563' title='bbox 1901 5048 1998 5119; x_wconf 88' lang='lat' dir='ltr'>qui</span> 
     </span>
    </p>
   </div>
   <div class='ocr_carea' id='block_1_64' title="bbox 418 5142 1996 5224">
    <p class='ocr_par' dir='ltr' id='par_1_64' title="bbox 418 5142 1996 5224">
     <span class='ocr_line' id='line_1_65' title="bbox 418 5142 1996 5224; baseline -0.007 -16"><span class='ocrx_word' id='word_1_564' title='bbox 418 5153 626 5220; x_wconf 76' lang='lat' dir='ltr'><strong>optima</strong></span> <span class='ocrx_word' id='word_1_565' title='bbox 655 5149 974 5224; x_wconf 72' lang='lat' dir='ltr'><strong>reipublicae</strong></span> <span class='ocrx_word' id='word_1_566' title='bbox 997 5148 1170 5202; x_wconf 81' lang='lat' dir='ltr'><strong>forma</strong></span> <span class='ocrx_word' id='word_1_567' title='bbox 1197 5153 1516 5210; x_wconf 80' lang='lat' dir='ltr'><strong>uterentur,</strong></span> <span class='ocrx_word' id='word_1_568' title='bbox 1547 5153 1603 5200; x_wconf 89' lang='lat' dir='ltr'>et</span> <span class='ocrx_word' id='word_1_569' title='bbox 1635 5142 1804 5199; x_wconf 90' lang='lat' dir='ltr'><strong>Deum</strong></span> <span class='ocrx_word' id='word_1_570' title='bbox 1846 5142 1996 5198; x_wconf 87' lang='lat' dir='ltr'><strong>cole-</strong></span> 
     </span>
    </p>
   </div>
   <div class='ocr_carea' id='block_1_65' title="bbox 2163 2562 3694 2637">
    <p class='ocr_par' dir='ltr' id='par_1_65' title="bbox 2163 2562 3694 2637">
     <span class='ocr_line' id='line_1_66' title="bbox 2163 2562 3694 2637; baseline 0.007 -22"><span class='ocrx_word' id='word_1_571' title='bbox 2163 2564 2238 2615; x_wconf 92' lang='lat' dir='ltr'>Z&#39;.</span> <span class='ocrx_word' id='word_1_572' title='bbox 2290 2563 2466 2630; x_wconf 83' lang='grc' dir='ltr'>Ἀμὰν</span> <span class='ocrx_word' id='word_1_573' title='bbox 2500 2563 2556 2615; x_wconf 83' lang='grc' dir='ltr'>δὲ</span> <span class='ocrx_word' id='word_1_574' title='bbox 2581 2562 2724 2616; x_wconf 79' lang='grc' dir='ltr'>οἴκοι</span> <span class='ocrx_word' id='word_1_575' title='bbox 2752 2563 3092 2634; x_wconf 81' lang='grc' dir='ltr'>ὑπέστρεψε,</span> <span class='ocrx_word' id='word_1_576' title='bbox 3131 2566 3229 2619; x_wconf 81' lang='grc' dir='ltr'>καὶ</span> <span class='ocrx_word' id='word_1_577' title='bbox 3271 2567 3340 2620; x_wconf 81' lang='grc' dir='ltr'>τὰ</span> <span class='ocrx_word' id='word_1_578' title='bbox 3395 2569 3694 2637; x_wconf 78' lang='grc' dir='ltr'>συμϐάντα</span> 
     </span>
    </p>
   </div>
   <div class='ocr_carea' id='block_1_66' title="bbox 2102 2654 3692 2733">
    <p class='ocr_par' dir='ltr' id='par_1_66' title="bbox 2102 2654 3692 2733">
     <span class='ocr_line' id='line_1_67' title="bbox 2102 2654 3692 2733; baseline 0.006 -25"><span class='ocrx_word' id='word_1_579' title='bbox 2102 2655 2306 2708; x_wconf 83' lang='grc' dir='ltr'>κλαίων</span> <span class='ocrx_word' id='word_1_580' title='bbox 2354 2657 2425 2725; x_wconf 79' lang='grc' dir='ltr'>τῇ</span> <span class='ocrx_word' id='word_1_581' title='bbox 2461 2654 2687 2722; x_wconf 76' lang='grc' dir='ltr'>γυναικὶ</span> <span class='ocrx_word' id='word_1_582' title='bbox 2747 2654 3011 2726; x_wconf 83' lang='grc' dir='ltr'>διηγεῖτο.</span> <span class='ocrx_word' id='word_1_583' title='bbox 3056 2657 3149 2712; x_wconf 88' lang='grc' dir='ltr'>Ἐν</span> <span class='ocrx_word' id='word_1_584' title='bbox 3192 2658 3406 2724; x_wconf 85' lang='grc' dir='ltr'>τούτοις</span> <span class='ocrx_word' id='word_1_585' title='bbox 3455 2655 3594 2733; x_wconf 84' lang='grc' dir='ltr'>ἦκον</span> <span class='ocrx_word' id='word_1_586' title='bbox 3623 2667 3692 2718; x_wconf 83' lang='grc' dir='ltr'>ἐκ</span> 
     </span>
    </p>
   </div>
   <div class='ocr_carea' id='block_1_67' title="bbox 2099 2747 3694 2828">
    <p class='ocr_par' dir='ltr' id='par_1_67' title="bbox 2099 2747 3694 2828">
     <span class='ocr_line' id='line_1_68' title="bbox 2099 2747 3694 2828; baseline 0.009 -30"><span class='ocrx_word' id='word_1_587' title='bbox 2099 2750 2199 2819; x_wconf 83' lang='grc' dir='ltr'>τῆς</span> <span class='ocrx_word' id='word_1_588' title='bbox 2240 2747 2446 2818; x_wconf 86' lang='grc' dir='ltr'>Ἐσθὴρ</span> <span class='ocrx_word' id='word_1_589' title='bbox 2506 2747 2781 2818; x_wconf 78' lang='grc' dir='ltr'>εὐνοῦχοι,</span> <span class='ocrx_word' id='word_1_590' title='bbox 2832 2751 2927 2802; x_wconf 82' lang='grc' dir='ltr'>ἐπὶ</span> <span class='ocrx_word' id='word_1_591' title='bbox 2974 2750 3036 2803; x_wconf 83' lang='grc' dir='ltr'>τὸ</span> <span class='ocrx_word' id='word_1_592' title='bbox 3091 2751 3312 2806; x_wconf 84' lang='grc' dir='ltr'>δεῖπνον</span> <span class='ocrx_word' id='word_1_593' title='bbox 3360 2757 3456 2808; x_wconf 88' lang='grc' dir='ltr'>τὸν</span> <span class='ocrx_word' id='word_1_594' title='bbox 3510 2759 3694 2828; x_wconf 76' lang='grc' dir='ltr'>Ἀμὰν</span> 
     </span>
    </p>
   </div>
   <div class='ocr_carea' id='block_1_68' title="bbox 2099 2836 3692 2920">
    <p class='ocr_par' dir='ltr' id='par_1_68' title="bbox 2099 2836 3692 2920">
     <span class='ocr_line' id='line_1_69' title="bbox 2099 2836 3692 2920; baseline 0.009 -28"><span class='ocrx_word' id='word_1_595' title='bbox 2099 2840 2540 2904; x_wconf 85' lang='grc' dir='ltr'>ἐπισπεύδοντες.</span> <span class='ocrx_word' id='word_1_596' title='bbox 2587 2836 2682 2904; x_wconf 76' lang='grc' dir='ltr'>Εἷς</span> <span class='ocrx_word' id='word_1_597' title='bbox 2713 2842 2772 2896; x_wconf 85' lang='grc' dir='ltr'>δέ</span> <span class='ocrx_word' id='word_1_598' title='bbox 2803 2843 3016 2898; x_wconf 85' lang='grc' dir='ltr'>τούτων</span> <span class='ocrx_word' id='word_1_599' title='bbox 3053 2845 3180 2898; x_wconf 86' lang='grc' dir='ltr'>ίδὼν</span> <span class='ocrx_word' id='word_1_600' title='bbox 3218 2847 3311 2900; x_wconf 85' lang='grc' dir='ltr'>τὸν</span> <span class='ocrx_word' id='word_1_601' title='bbox 3358 2850 3596 2920; x_wconf 73' lang='grc' dir='ltr'>σταυρὸν</span> <span class='ocrx_word' id='word_1_602' title='bbox 3626 2855 3692 2906; x_wconf 77' lang='grc' dir='ltr'>ἐν</span> 
     </span>
    </p>
   </div>
   <div class='ocr_carea' id='block_1_69' title="bbox 2099 2932 3687 3008">
    <p class='ocr_par' dir='ltr' id='par_1_69' title="bbox 2099 2932 3687 3008">
     <span class='ocr_line' id='line_1_70' title="bbox 2099 2932 3687 3008; baseline 0.009 -24"><span class='ocrx_word' id='word_1_603' title='bbox 2099 2936 2163 3003; x_wconf 78' lang='grc' dir='ltr'>τῇ</span> <span class='ocrx_word' id='word_1_604' title='bbox 2196 2933 2345 3004; x_wconf 79' lang='grc' dir='ltr'>οἰκίᾳ</span> <span class='ocrx_word' id='word_1_605' title='bbox 2381 2932 2574 2997; x_wconf 84' lang='grc' dir='ltr'>αὐτοῦ,</span> <span class='ocrx_word' id='word_1_606' title='bbox 2608 2935 2702 2987; x_wconf 81' lang='grc' dir='ltr'>καὶ</span> <span class='ocrx_word' id='word_1_607' title='bbox 2755 2935 2946 3004; x_wconf 88' lang='grc' dir='ltr'>μαθὼν</span> <span class='ocrx_word' id='word_1_608' title='bbox 2976 2937 3132 3008; x_wconf 84' lang='grc' dir='ltr'>παρά</span> <span class='ocrx_word' id='word_1_609' title='bbox 3161 2957 3255 2992; x_wconf 89' lang='grc' dir='ltr'>του</span> <span class='ocrx_word' id='word_1_610' title='bbox 3288 2941 3397 2993; x_wconf 86' lang='grc' dir='ltr'>τῶν</span> <span class='ocrx_word' id='word_1_611' title='bbox 3430 2943 3687 3000; x_wconf 84' lang='grc' dir='ltr'>οἰκετῶν.</span> 
     </span>
    </p>
   </div>
   <div class='ocr_carea' id='block_1_70' title="bbox 2099 3024 3691 3105">
    <p class='ocr_par' dir='ltr' id='par_1_70' title="bbox 2099 3024 3691 3105">
     <span class='ocr_line' id='line_1_71' title="bbox 2099 3024 3691 3105; baseline 0.008 -29"><span class='ocrx_word' id='word_1_612' title='bbox 2099 3025 2173 3077; x_wconf 76' lang='grc' dir='ltr'>ὡς</span> <span class='ocrx_word' id='word_1_613' title='bbox 2205 3026 2297 3077; x_wconf 78' lang='grc' dir='ltr'>ἐπὶ</span> <span class='ocrx_word' id='word_1_614' title='bbox 2319 3024 2668 3094; x_wconf 80' lang='grc' dir='ltr'>Μαρδοχαῖον</span> <span class='ocrx_word' id='word_1_615' title='bbox 2689 3026 2880 3080; x_wconf 80' lang='grc' dir='ltr'>τοῦτον</span> <span class='ocrx_word' id='word_1_616' title='bbox 2897 3029 3206 3099; x_wconf 77' lang='grc' dir='ltr'>ἡτοίμασαν</span> <span class='ocrx_word' id='word_1_617' title='bbox 3250 3031 3384 3100; x_wconf 84' lang='grc' dir='ltr'>πρὸς</span> <span class='ocrx_word' id='word_1_618' title='bbox 3409 3035 3691 3105; x_wconf 83' lang='grc' dir='ltr'>τιμωρίαν</span> 
     </span>
    </p>
   </div>
   <div class='ocr_carea' id='block_1_71' title="bbox 2100 3119 3687 3197">
    <p class='ocr_par' dir='ltr' id='par_1_71' title="bbox 2100 3119 3687 3197">
     <span class='ocr_line' id='line_1_72' title="bbox 2100 3119 3687 3197; baseline 0.006 -27"><span class='ocrx_word' id='word_1_619' title='bbox 2100 3119 2560 3186; x_wconf 76' lang='grc' dir='ltr'>αἰτηθησὸμενον,</span> <span class='ocrx_word' id='word_1_620' title='bbox 2591 3121 2713 3172; x_wconf 86' lang='grc' dir='ltr'>τότε</span> <span class='ocrx_word' id='word_1_621' title='bbox 2744 3119 2846 3189; x_wconf 76' lang='grc' dir='ltr'>μὲν</span> <span class='ocrx_word' id='word_1_622' title='bbox 2876 3121 3142 3188; x_wconf 78' lang='grc' dir='ltr'>ἀπῆλθεν.</span> <span class='ocrx_word' id='word_1_623' title='bbox 3189 3123 3279 3185; x_wconf 82' lang='grc' dir='ltr'>Ὠς</span> <span class='ocrx_word' id='word_1_624' title='bbox 3332 3123 3379 3179; x_wconf 81' lang='grc' dir='ltr'>δ’</span> <span class='ocrx_word' id='word_1_625' title='bbox 3413 3128 3446 3196; x_wconf 83' lang='grc' dir='ltr'>ή</span> <span class='ocrx_word' id='word_1_626' title='bbox 3478 3127 3687 3197; x_wconf 82' lang='grc' dir='ltr'>εὐωχία</span> 
     </span>
    </p>
   </div>
   <div class='ocr_carea' id='block_1_72' title="bbox 2100 3205 3690 3288">
    <p class='ocr_par' dir='ltr' id='par_1_72' title="bbox 2100 3205 3690 3288">
     <span class='ocr_line' id='line_1_73' title="bbox 2100 3205 3690 3288; baseline 0.008 -29"><span class='ocrx_word' id='word_1_627' title='bbox 2100 3209 2238 3277; x_wconf 78' lang='grc' dir='ltr'>πρὸς</span> <span class='ocrx_word' id='word_1_628' title='bbox 2264 3211 2417 3272; x_wconf 82' lang='grc' dir='ltr'>τέλος</span> <span class='ocrx_word' id='word_1_629' title='bbox 2447 3205 2539 3282; x_wconf 80' lang='grc' dir='ltr'>ἦν,</span> <span class='ocrx_word' id='word_1_630' title='bbox 2568 3211 2840 3282; x_wconf 83' lang='grc' dir='ltr'>ἐπέτρεπε</span> <span class='ocrx_word' id='word_1_631' title='bbox 2860 3215 2925 3283; x_wconf 83' lang='grc' dir='ltr'>τῇ</span> <span class='ocrx_word' id='word_1_632' title='bbox 2950 3213 3245 3287; x_wconf 75' lang='grc' dir='ltr'>βασιλίσσῃ</span> <span class='ocrx_word' id='word_1_633' title='bbox 3271 3214 3452 3282; x_wconf 87' lang='grc' dir='ltr'>λέγειν</span> <span class='ocrx_word' id='word_1_634' title='bbox 3475 3219 3502 3271; x_wconf 87' lang='grc' dir='ltr'>ὁ</span> <span class='ocrx_word' id='word_1_635' title='bbox 3526 3218 3690 3288; x_wconf 84' lang='grc' dir='ltr'>βασι-</span> 
     </span>
    </p>
   </div>
   <div class='ocr_carea' id='block_1_73' title="bbox 2097 3300 3692 3368">
    <p class='ocr_par' dir='ltr' id='par_1_73' title="bbox 2097 3300 3692 3368">
     <span class='ocr_line' id='line_1_74' title="bbox 2097 3300 3692 3368; baseline 0.007 -16"><span class='ocrx_word' id='word_1_636' title='bbox 2097 3300 2224 3363; x_wconf 81' lang='grc' dir='ltr'>λεὺς</span> <span class='ocrx_word' id='word_1_637' title='bbox 2264 3302 2388 3356; x_wconf 81' lang='grc' dir='ltr'>τίνα</span> <span class='ocrx_word' id='word_1_638' title='bbox 2426 3304 2605 3368; x_wconf 81' lang='grc' dir='ltr'>αἰτεῖς</span> <span class='ocrx_word' id='word_1_639' title='bbox 2645 3304 2709 3356; x_wconf 87' lang='grc' dir='ltr'><strong>Ἡ</strong></span> <span class='ocrx_word' id='word_1_640' title='bbox 2732 3303 2788 3357; x_wconf 81' lang='grc' dir='ltr'>δὲ</span> <span class='ocrx_word' id='word_1_641' title='bbox 2817 3305 2908 3356; x_wconf 86' lang='grc' dir='ltr'>τὸν</span> <span class='ocrx_word' id='word_1_642' title='bbox 2947 3304 3042 3357; x_wconf 82' lang='grc' dir='ltr'>τοῦ</span> <span class='ocrx_word' id='word_1_643' title='bbox 3071 3305 3206 3358; x_wconf 84' lang='grc' dir='ltr'>λαοῦ</span> <span class='ocrx_word' id='word_1_644' title='bbox 3240 3306 3489 3363; x_wconf 88' lang='grc' dir='ltr'>κίνδυνον</span> <span class='ocrx_word' id='word_1_645' title='bbox 3535 3313 3692 3364; x_wconf 81' lang='grc' dir='ltr'>ἀπω-</span> 
     </span>
    </p>
   </div>
   <div class='ocr_carea' id='block_1_74' title="bbox 2097 3393 3689 3467">
    <p class='ocr_par' dir='ltr' id='par_1_74' title="bbox 2097 3393 3689 3467">
     <span class='ocr_line' id='line_1_75' title="bbox 2097 3393 3689 3467; baseline 0.006 -22"><span class='ocrx_word' id='word_1_646' title='bbox 2097 3393 2318 3462; x_wconf 84' lang='grc' dir='ltr'>δύρετο,</span> <span class='ocrx_word' id='word_1_647' title='bbox 2355 3397 2451 3448; x_wconf 78' lang='grc' dir='ltr'>καὶ</span> <span class='ocrx_word' id='word_1_648' title='bbox 2483 3395 2625 3464; x_wconf 82' lang='grc' dir='ltr'>μετὰ</span> <span class='ocrx_word' id='word_1_649' title='bbox 2654 3394 2750 3448; x_wconf 82' lang='grc' dir='ltr'>τοῦ</span> <span class='ocrx_word' id='word_1_650' title='bbox 2785 3396 2978 3459; x_wconf 74' lang='grc' dir='ltr'>ἔθνους</span> <span class='ocrx_word' id='word_1_651' title='bbox 3012 3397 3202 3467; x_wconf 68' lang='grc' dir='ltr'>ἔλεγεν</span> <span class='ocrx_word' id='word_1_652' title='bbox 3237 3399 3558 3454; x_wconf 83' lang='grc' dir='ltr'>ἐκδεδόσθαι</span> <span class='ocrx_word' id='word_1_653' title='bbox 3591 3405 3689 3456; x_wconf 79' lang='grc' dir='ltr'>καὶ</span> 
     </span>
    </p>
   </div>
   <div class='ocr_carea' id='block_1_75' title="bbox 2097 3484 3686 3560">
    <p class='ocr_par' dir='ltr' id='par_1_75' title="bbox 2097 3484 3686 3560">
     <span class='ocr_line' id='line_1_76' title="bbox 2097 3484 3686 3560; baseline 0.003 -22"><span class='ocrx_word' id='word_1_654' title='bbox 2097 3485 2234 3556; x_wconf 85' lang='grc' dir='ltr'>αὑτὴ</span> <span class='ocrx_word' id='word_1_655' title='bbox 2263 3486 2400 3555; x_wconf 84' lang='grc' dir='ltr'>πρὸς</span> <span class='ocrx_word' id='word_1_656' title='bbox 2435 3484 2742 3552; x_wconf 82' lang='grc' dir='ltr'>ἀπώλειαν,</span> <span class='ocrx_word' id='word_1_657' title='bbox 2779 3487 2878 3540; x_wconf 74' lang='grc' dir='ltr'>καὶ</span> <span class='ocrx_word' id='word_1_658' title='bbox 2909 3487 2998 3540; x_wconf 79' lang='grc' dir='ltr'>τὸν</span> <span class='ocrx_word' id='word_1_659' title='bbox 3040 3488 3218 3556; x_wconf 79' lang='grc' dir='ltr'>Ἀμὰν</span> <span class='ocrx_word' id='word_1_660' title='bbox 3264 3489 3443 3542; x_wconf 85' lang='grc' dir='ltr'>ταῦτα</span> <span class='ocrx_word' id='word_1_661' title='bbox 3468 3491 3686 3560; x_wconf 85' lang='grc' dir='ltr'>ἐπῆγεν</span> 
     </span>
    </p>
   </div>
   <div class='ocr_carea' id='block_1_76' title="bbox 2098 3575 3687 3652">
    <p class='ocr_par' dir='ltr' id='par_1_76' title="bbox 2098 3575 3687 3652">
     <span class='ocr_line' id='line_1_77' title="bbox 2098 3575 3687 3652; baseline 0.004 -24"><span class='ocrx_word' id='word_1_662' title='bbox 2098 3575 2450 3644; x_wconf 79' lang='grc' dir='ltr'>αἰτήσασθαι.</span> <span class='ocrx_word' id='word_1_663' title='bbox 2487 3576 2871 3646; x_wconf 86' lang='grc' dir='ltr'>Ταραχθέντος</span> <span class='ocrx_word' id='word_1_664' title='bbox 2905 3579 2962 3628; x_wconf 89' lang='grc' dir='ltr'>δέ</span> <span class='ocrx_word' id='word_1_665' title='bbox 3009 3580 3147 3648; x_wconf 77' lang='grc' dir='ltr'>πρὸς</span> <span class='ocrx_word' id='word_1_666' title='bbox 3196 3579 3361 3632; x_wconf 76' lang='grc' dir='ltr'>τοῦτο</span> <span class='ocrx_word' id='word_1_667' title='bbox 3394 3581 3490 3633; x_wconf 84' lang='grc' dir='ltr'>τοῦ</span> <span class='ocrx_word' id='word_1_668' title='bbox 3523 3582 3687 3652; x_wconf 87' lang='grc' dir='ltr'>βασι-</span> 
     </span>
    </p>
   </div>
   <div class='ocr_carea' id='block_1_77' title="bbox 2096 3667 3688 3747">
    <p class='ocr_par' dir='ltr' id='par_1_77' title="bbox 2096 3667 3688 3747">
     <span class='ocr_line' id='line_1_78' title="bbox 2096 3667 3688 3747; baseline 0.004 -27"><span class='ocrx_word' id='word_1_669' title='bbox 2096 3667 2254 3734; x_wconf 85' lang='grc' dir='ltr'>λέως,</span> <span class='ocrx_word' id='word_1_670' title='bbox 2288 3669 2381 3722; x_wconf 75' lang='grc' dir='ltr'>καὶ</span> <span class='ocrx_word' id='word_1_671' title='bbox 2403 3670 2850 3740; x_wconf 80' lang='grc' dir='ltr'>ἐκπεπηδηκότος</span> <span class='ocrx_word' id='word_1_672' title='bbox 2875 3671 2963 3723; x_wconf 74' lang='grc' dir='ltr'>τοῦ</span> <span class='ocrx_word' id='word_1_673' title='bbox 2994 3672 3326 3740; x_wconf 84' lang='grc' dir='ltr'>συμποσίου,</span> <span class='ocrx_word' id='word_1_674' title='bbox 3357 3673 3456 3744; x_wconf 81' lang='grc' dir='ltr'>τῆς</span> <span class='ocrx_word' id='word_1_675' title='bbox 3480 3672 3688 3747; x_wconf 81' lang='grc' dir='ltr'>Ἐσθήρ</span> 
     </span>
    </p>
   </div>
   <div class='ocr_carea' id='block_1_78' title="bbox 2096 3761 3684 3837">
    <p class='ocr_par' dir='ltr' id='par_1_78' title="bbox 2096 3761 3684 3837">
     <span class='ocr_line' id='line_1_79' title="bbox 2096 3761 3684 3837; baseline 0.006 -25"><span class='ocrx_word' id='word_1_676' title='bbox 2096 3761 2126 3812; x_wconf 87' lang='grc' dir='ltr'>ὁ</span> <span class='ocrx_word' id='word_1_677' title='bbox 2161 3761 2334 3828; x_wconf 73' lang='grc' dir='ltr'>Ἀμόιν</span> <span class='ocrx_word' id='word_1_678' title='bbox 2363 3761 2562 3826; x_wconf 80' lang='grc' dir='ltr'>ἐδέετο,</span> <span class='ocrx_word' id='word_1_679' title='bbox 2615 3764 2712 3814; x_wconf 78' lang='grc' dir='ltr'>καὶ</span> <span class='ocrx_word' id='word_1_680' title='bbox 2741 3763 2834 3814; x_wconf 79' lang='grc' dir='ltr'>ἐπὶ</span> <span class='ocrx_word' id='word_1_681' title='bbox 2891 3765 2992 3833; x_wconf 80' lang='grc' dir='ltr'>τῆς</span> <span class='ocrx_word' id='word_1_682' title='bbox 3041 3765 3228 3837; x_wconf 82' lang='grc' dir='ltr'>κλίνης</span> <span class='ocrx_word' id='word_1_683' title='bbox 3277 3767 3541 3833; x_wconf 84' lang='grc' dir='ltr'>πεσόντος</span> <span class='ocrx_word' id='word_1_684' title='bbox 3588 3771 3684 3822; x_wconf 74' lang='grc' dir='ltr'>καὶ</span> 
     </span>
    </p>
   </div>
   <div class='ocr_carea' id='block_1_79' title="bbox 2100 3851 3684 3929">
    <p class='ocr_par' dir='ltr' id='par_1_79' title="bbox 2100 3851 3684 3929">
     <span class='ocr_line' id='line_1_80' title="bbox 2100 3851 3684 3929; baseline 0.007 -27"><span class='ocrx_word' id='word_1_685' title='bbox 2100 3851 2438 3915; x_wconf 85' lang='grc' dir='ltr'>ίκετεύοντος</span> <span class='ocrx_word' id='word_1_686' title='bbox 2512 3852 2612 3923; x_wconf 86' lang='grc' dir='ltr'>τὴν</span> <span class='ocrx_word' id='word_1_687' title='bbox 2667 3853 3017 3923; x_wconf 85' lang='grc' dir='ltr'>βασίλισσαν,</span> <span class='ocrx_word' id='word_1_688' title='bbox 3066 3857 3401 3910; x_wconf 77' lang='grc' dir='ltr'>ἐπεισελθὼν</span> <span class='ocrx_word' id='word_1_689' title='bbox 3453 3861 3482 3912; x_wconf 91' lang='lat'>6</span> <span class='ocrx_word' id='word_1_690' title='bbox 3529 3859 3684 3929; x_wconf 87' lang='grc' dir='ltr'>βασι-</span> 
     </span>
    </p>
   </div>
   <div class='ocr_carea' id='block_1_80' title="bbox 2099 3938 3686 4020">
    <p class='ocr_par' dir='ltr' id='par_1_80' title="bbox 2099 3938 3686 4020">
     <span class='ocr_line' id='line_1_81' title="bbox 2099 3938 3686 4020; baseline 0.006 -25"><span class='ocrx_word' id='word_1_691' title='bbox 2099 3942 2257 4007; x_wconf 87' lang='grc' dir='ltr'>λεὺς,</span> <span class='ocrx_word' id='word_1_692' title='bbox 2293 3938 2368 3996; x_wconf 80' lang='grc' dir='ltr'>’Ὦ</span> <span class='ocrx_word' id='word_1_693' title='bbox 2396 3943 2665 4010; x_wconf 77' lang='grc' dir='ltr'>κάκιστε,</span> <span class='ocrx_word' id='word_1_694' title='bbox 2722 3941 2866 4012; x_wconf 74' lang='grc' dir='ltr'>εἷπε,</span> <span class='ocrx_word' id='word_1_695' title='bbox 2901 3947 2999 4000; x_wconf 83' lang='grc' dir='ltr'>καὶ</span> <span class='ocrx_word' id='word_1_696' title='bbox 3029 3945 3348 4012; x_wconf 77' lang='grc' dir='ltr'>βιάζεσθαί</span> <span class='ocrx_word' id='word_1_697' title='bbox 3397 3968 3519 4020; x_wconf 83' lang='grc' dir='ltr'>μου</span> <span class='ocrx_word' id='word_1_698' title='bbox 3569 3951 3686 4018; x_wconf 81' lang='grc' dir='ltr'>τὴν</span> 
     </span>
    </p>
   </div>
   <div class='ocr_carea' id='block_1_81' title="bbox 2097 4035 3684 4111">
    <p class='ocr_par' dir='ltr' id='par_1_81' title="bbox 2097 4035 3684 4111">
     <span class='ocr_line' id='line_1_82' title="bbox 2097 4035 3684 4111; baseline 0.005 -24"><span class='ocrx_word' id='word_1_699' title='bbox 2097 4035 2354 4104; x_wconf 70' lang='grc' dir='ltr'>γυναῖκα</span> <span class='ocrx_word' id='word_1_700' title='bbox 2397 4036 2755 4104; x_wconf 60' lang='grc' dir='ltr'>ἐπιχειρεῖω</span> <span class='ocrx_word' id='word_1_701' title='bbox 2802 4039 2892 4091; x_wconf 87' lang='grc' dir='ltr'>Ἐν</span> <span class='ocrx_word' id='word_1_702' title='bbox 2930 4039 3148 4103; x_wconf 79' lang='grc' dir='ltr'>τούτοις</span> <span class='ocrx_word' id='word_1_703' title='bbox 3205 4040 3399 4111; x_wconf 79' lang='grc' dir='ltr'>παρὼν</span> <span class='ocrx_word' id='word_1_704' title='bbox 3432 4045 3459 4095; x_wconf 90' lang='lat'>6</span> <span class='ocrx_word' id='word_1_705' title='bbox 3491 4042 3684 4095; x_wconf 81' lang='grc' dir='ltr'>εὐνοῦ-</span> 
     </span>
    </p>
   </div>
   <div class='ocr_carea' id='block_1_82' title="bbox 2098 4126 3688 4208">
    <p class='ocr_par' dir='ltr' id='par_1_82' title="bbox 2098 4126 3688 4208">
     <span class='ocr_line' id='line_1_83' title="bbox 2098 4126 3688 4208; baseline 0.003 -27"><span class='ocrx_word' id='word_1_706' title='bbox 2098 4146 2214 4200; x_wconf 90' lang='grc' dir='ltr'>χος,</span> <span class='ocrx_word' id='word_1_707' title='bbox 2251 4127 2504 4202; x_wconf 78' lang='grc' dir='ltr'>περὶτοῦ</span> <span class='ocrx_word' id='word_1_708' title='bbox 2539 4129 2799 4202; x_wconf 80' lang='grc' dir='ltr'>σταυροῦ,</span> <span class='ocrx_word' id='word_1_709' title='bbox 2834 4126 3012 4208; x_wconf 63' lang='grc' dir='ltr'>εἶπεν,</span> <span class='ocrx_word' id='word_1_710' title='bbox 3045 4133 3104 4186; x_wconf 85' lang='grc' dir='ltr'>ὃν</span> <span class='ocrx_word' id='word_1_711' title='bbox 3149 4128 3289 4186; x_wconf 78' lang='grc' dir='ltr'>εἶδεν</span> <span class='ocrx_word' id='word_1_712' title='bbox 3319 4133 3412 4187; x_wconf 72' lang='grc' dir='ltr'>ἐπὶ</span> <span class='ocrx_word' id='word_1_713' title='bbox 3464 4134 3688 4202; x_wconf 69' lang='grc' dir='ltr'>Μαρδο-</span> 
     </span>
    </p>
   </div>
   <div class='ocr_carea' id='block_1_83' title="bbox 2098 4215 3684 4292">
    <p class='ocr_par' dir='ltr' id='par_1_83' title="bbox 2098 4215 3684 4292">
     <span class='ocr_line' id='line_1_84' title="bbox 2098 4215 3684 4292; baseline 0.002 -19"><span class='ocrx_word' id='word_1_714' title='bbox 2098 4224 2251 4290; x_wconf 87' lang='grc' dir='ltr'>χαῖον</span> <span class='ocrx_word' id='word_1_715' title='bbox 2287 4222 2713 4292; x_wconf 78' lang='grc' dir='ltr'>ήτοιμασμένον.</span> <span class='ocrx_word' id='word_1_716' title='bbox 2749 4215 2856 4277; x_wconf 75' lang='grc' dir='ltr'>Καὶ</span> <span class='ocrx_word' id='word_1_717' title='bbox 2885 4225 2912 4276; x_wconf 80' lang='grc' dir='ltr'>ὁ</span> <span class='ocrx_word' id='word_1_718' title='bbox 2946 4223 3206 4292; x_wconf 79' lang='grc' dir='ltr'>βασιλεὺς</span> <span class='ocrx_word' id='word_1_719' title='bbox 3231 4224 3435 4278; x_wconf 86' lang='grc' dir='ltr'>αὐτίκα</span> <span class='ocrx_word' id='word_1_720' title='bbox 3465 4224 3684 4277; x_wconf 81' lang='grc' dir='ltr'>κελεύει</span> 
     </span>
    </p>
   </div>
   <div class='ocr_carea' id='block_1_84' title="bbox 2100 4312 3681 4385">
    <p class='ocr_par' dir='ltr' id='par_1_84' title="bbox 2100 4312 3681 4385">
     <span class='ocr_line' id='line_1_85' title="bbox 2100 4312 3681 4385; baseline 0.004 -22"><span class='ocrx_word' id='word_1_721' title='bbox 2100 4313 2189 4366; x_wconf 75' lang='grc' dir='ltr'>τὸν</span> <span class='ocrx_word' id='word_1_722' title='bbox 2233 4312 2409 4381; x_wconf 75' lang='grc' dir='ltr'>’Δμὰν</span> <span class='ocrx_word' id='word_1_723' title='bbox 2441 4312 2529 4364; x_wconf 82' lang='grc' dir='ltr'>ἐπ’</span> <span class='ocrx_word' id='word_1_724' title='bbox 2560 4313 2775 4366; x_wconf 80' lang='grc' dir='ltr'>ἐκείνου</span> <span class='ocrx_word' id='word_1_725' title='bbox 2829 4313 2923 4367; x_wconf 83' lang='grc' dir='ltr'>τοῦ</span> <span class='ocrx_word' id='word_1_726' title='bbox 2976 4314 3217 4385; x_wconf 81' lang='grc' dir='ltr'>σταυροῦ</span> <span class='ocrx_word' id='word_1_727' title='bbox 3267 4315 3681 4384; x_wconf 78' lang='grc' dir='ltr'>κρεμασθῆναι.</span> 
     </span>
    </p>
   </div>
   <div class='ocr_carea' id='block_1_85' title="bbox 2098 4403 3681 4477">
    <p class='ocr_par' dir='ltr' id='par_1_85' title="bbox 2098 4403 3681 4477">
     <span class='ocr_line' id='line_1_86' title="bbox 2098 4403 3681 4477; baseline 0.003 -22"><span class='ocrx_word' id='word_1_728' title='bbox 2098 4404 2206 4455; x_wconf 73' lang='grc' dir='ltr'>Καὶ</span> <span class='ocrx_word' id='word_1_729' title='bbox 2238 4405 2266 4458; x_wconf 88' lang='lat'>6</span> <span class='ocrx_word' id='word_1_730' title='bbox 2301 4405 2403 4472; x_wconf 76' lang='grc' dir='ltr'>μὲν</span> <span class='ocrx_word' id='word_1_731' title='bbox 2437 4403 2613 4468; x_wconf 79' lang='grc' dir='ltr'>οὕτως</span> <span class='ocrx_word' id='word_1_732' title='bbox 2641 4406 2914 4473; x_wconf 82' lang='grc' dir='ltr'>ἀπώλετο,</span> <span class='ocrx_word' id='word_1_733' title='bbox 2941 4408 3042 4477; x_wconf 79' lang='grc' dir='ltr'>τὴν</span> <span class='ocrx_word' id='word_1_734' title='bbox 3071 4407 3127 4460; x_wconf 82' lang='grc' dir='ltr'>δὲ</span> <span class='ocrx_word' id='word_1_735' title='bbox 3151 4407 3344 4460; x_wconf 80' lang='grc' dir='ltr'>οὐσίαν</span> <span class='ocrx_word' id='word_1_736' title='bbox 3376 4405 3546 4461; x_wconf 77' lang='grc' dir='ltr'>αὐτοῦ</span> <span class='ocrx_word' id='word_1_737' title='bbox 3575 4409 3681 4460; x_wconf 84' lang='grc' dir='ltr'>δώ-</span> 
     </span>
    </p>
   </div>
   <div class='ocr_carea' id='block_1_86' title="bbox 2104 4497 3688 4573">
    <p class='ocr_par' dir='ltr' id='par_1_86' title="bbox 2104 4497 3688 4573">
     <span class='ocr_line' id='line_1_87' title="bbox 2104 4497 3688 4573; baseline 0.003 -23"><span class='ocrx_word' id='word_1_738' title='bbox 2104 4515 2194 4569; x_wconf 88' lang='grc' dir='ltr'>ρον</span> <span class='ocrx_word' id='word_1_739' title='bbox 2217 4497 2450 4568; x_wconf 76' lang='grc' dir='ltr'>ἔσχηκεν</span> <span class='ocrx_word' id='word_1_740' title='bbox 2477 4498 2510 4567; x_wconf 87' lang='grc' dir='ltr'>ή</span> <span class='ocrx_word' id='word_1_741' title='bbox 2543 4498 2856 4568; x_wconf 87' lang='grc' dir='ltr'>βασίλισσα.</span> <span class='ocrx_word' id='word_1_742' title='bbox 2894 4501 3056 4564; x_wconf 81' lang='grc' dir='ltr'>Γνοὺς</span> <span class='ocrx_word' id='word_1_743' title='bbox 3089 4501 3146 4554; x_wconf 83' lang='grc' dir='ltr'>δέ</span> <span class='ocrx_word' id='word_1_744' title='bbox 3169 4501 3268 4572; x_wconf 84' lang='grc' dir='ltr'>τήν</span> <span class='ocrx_word' id='word_1_745' title='bbox 3301 4502 3441 4573; x_wconf 77' lang='grc' dir='ltr'>πρὸς</span> <span class='ocrx_word' id='word_1_746' title='bbox 3475 4502 3688 4571; x_wconf 75' lang='grc' dir='ltr'>Ἐσθὴρ</span> 
     </span>
    </p>
   </div>
   <div class='ocr_carea' id='block_1_87' title="bbox 2098 4590 3686 4663">
    <p class='ocr_par' dir='ltr' id='par_1_87' title="bbox 2098 4590 3686 4663">
     <span class='ocr_line' id='line_1_88' title="bbox 2098 4590 3686 4663; baseline 0 -21"><span class='ocrx_word' id='word_1_747' title='bbox 2098 4590 2194 4642; x_wconf 78' lang='grc' dir='ltr'>τοῦ</span> <span class='ocrx_word' id='word_1_748' title='bbox 2253 4591 2606 4661; x_wconf 84' lang='grc' dir='ltr'>Μαρδοχαίου</span> <span class='ocrx_word' id='word_1_749' title='bbox 2647 4592 2972 4660; x_wconf 85' lang='grc' dir='ltr'>συγγένειαν</span> <span class='ocrx_word' id='word_1_750' title='bbox 3046 4596 3074 4645; x_wconf 91' lang='lat'>6</span> <span class='ocrx_word' id='word_1_751' title='bbox 3126 4593 3403 4663; x_wconf 79' lang='grc' dir='ltr'>βασιλεὺς,</span> <span class='ocrx_word' id='word_1_752' title='bbox 3463 4593 3686 4647; x_wconf 82' lang='grc' dir='ltr'>δίδωσιν</span> 
     </span>
    </p>
   </div>
   <div class='ocr_carea' id='block_1_88' title="bbox 2099 4679 3684 4754">
    <p class='ocr_par' dir='ltr' id='par_1_88' title="bbox 2099 4679 3684 4754">
     <span class='ocr_line' id='line_1_89' title="bbox 2099 4679 3684 4754; baseline 0.002 -21"><span class='ocrx_word' id='word_1_753' title='bbox 2099 4679 2249 4750; x_wconf 83' lang='grc' dir='ltr'>αὐτῷ</span> <span class='ocrx_word' id='word_1_754' title='bbox 2278 4680 2370 4733; x_wconf 83' lang='grc' dir='ltr'>τὸν</span> <span class='ocrx_word' id='word_1_755' title='bbox 2393 4680 2708 4748; x_wconf 87' lang='grc' dir='ltr'>δακτύλιον,</span> <span class='ocrx_word' id='word_1_756' title='bbox 2741 4681 2802 4734; x_wconf 85' lang='grc' dir='ltr'>ὃν</span> <span class='ocrx_word' id='word_1_757' title='bbox 2833 4682 3003 4735; x_wconf 78' lang='grc' dir='ltr'>ἔδωκε</span> <span class='ocrx_word' id='word_1_758' title='bbox 3042 4688 3175 4754; x_wconf 69' lang='grc' dir='ltr'>πρὶν</span> <span class='ocrx_word' id='word_1_759' title='bbox 3217 4685 3292 4752; x_wconf 77' lang='grc' dir='ltr'>τῷ</span> <span class='ocrx_word' id='word_1_760' title='bbox 3335 4684 3531 4753; x_wconf 80' lang='grc' dir='ltr'>Ἀμάν.</span> <span class='ocrx_word' id='word_1_761' title='bbox 3576 4687 3684 4738; x_wconf 71' lang='grc' dir='ltr'>Καὶ</span> 
     </span>
    </p>
   </div>
   <div class='ocr_carea' id='block_1_89' title="bbox 2098 4772 3687 4848">
    <p class='ocr_par' dir='ltr' id='par_1_89' title="bbox 2098 4772 3687 4848">
     <span class='ocr_line' id='line_1_90' title="bbox 2098 4772 3687 4848; baseline 0.004 -24"><span class='ocrx_word' id='word_1_762' title='bbox 2098 4776 2132 4846; x_wconf 80' lang='grc' dir='ltr'>ἡ</span> <span class='ocrx_word' id='word_1_763' title='bbox 2190 4772 2474 4843; x_wconf 86' lang='grc' dir='ltr'>βασίλισσα</span> <span class='ocrx_word' id='word_1_764' title='bbox 2542 4775 2642 4843; x_wconf 81' lang='grc' dir='ltr'>τὴν</span> <span class='ocrx_word' id='word_1_765' title='bbox 2704 4774 2917 4828; x_wconf 84' lang='grc' dir='ltr'>ἐκείνου</span> <span class='ocrx_word' id='word_1_766' title='bbox 2964 4778 3160 4845; x_wconf 87' lang='grc' dir='ltr'>κτῆσιν</span> <span class='ocrx_word' id='word_1_767' title='bbox 3213 4777 3291 4845; x_wconf 81' lang='grc' dir='ltr'>τῷ</span> <span class='ocrx_word' id='word_1_768' title='bbox 3351 4777 3687 4848; x_wconf 83' lang='grc' dir='ltr'>Μαρδοχαίῳ</span> 
     </span>
    </p>
   </div>
   <div class='ocr_carea' id='block_1_90' title="bbox 2099 4867 3682 4936">
    <p class='ocr_par' dir='ltr' id='par_1_90' title="bbox 2099 4867 3682 4936">
     <span class='ocr_line' id='line_1_91' title="bbox 2099 4867 3682 4936; baseline 0.001 -14"><span class='ocrx_word' id='word_1_769' title='bbox 2099 4869 2394 4936; x_wconf 78' lang='grc' dir='ltr'>παρέχετο,</span> <span class='ocrx_word' id='word_1_770' title='bbox 2447 4867 2539 4920; x_wconf 80' lang='grc' dir='ltr'>καὶ</span> <span class='ocrx_word' id='word_1_771' title='bbox 2585 4868 2682 4921; x_wconf 83' lang='grc' dir='ltr'>τοῦ</span> <span class='ocrx_word' id='word_1_772' title='bbox 2759 4869 3012 4922; x_wconf 84' lang='grc' dir='ltr'>κινδύνου</span> <span class='ocrx_word' id='word_1_773' title='bbox 3089 4869 3399 4934; x_wconf 81' lang='grc' dir='ltr'>ἀπαλλάξαι</span> <span class='ocrx_word' id='word_1_774' title='bbox 3450 4875 3512 4923; x_wconf 78' lang='grc' dir='ltr'>τὸ</span> <span class='ocrx_word' id='word_1_775' title='bbox 3573 4871 3682 4923; x_wconf 66' lang='grc' dir='ltr'>τῶν</span> 
     </span>
    </p>
   </div>
   <div class='ocr_carea' id='block_1_91' title="bbox 2127 4953 3683 5032">
    <p class='ocr_par' dir='ltr' id='par_1_91' title="bbox 2127 4953 3683 5032">
     <span class='ocr_line' id='line_1_92' title="bbox 2127 4953 3683 5032; baseline 0.004 -27"><span class='ocrx_word' id='word_1_776' title='bbox 2127 4954 2377 5025; x_wconf 82' lang='grc' dir='ltr'>Εϐραίων</span> <span class='ocrx_word' id='word_1_777' title='bbox 2409 4953 2560 5018; x_wconf 80' lang='grc' dir='ltr'>ἔθνος</span> <span class='ocrx_word' id='word_1_778' title='bbox 2602 4953 2697 5008; x_wconf 76' lang='grc' dir='ltr'>τοῦ</span> <span class='ocrx_word' id='word_1_779' title='bbox 2737 4955 3004 5026; x_wconf 89' lang='grc' dir='ltr'>βασιλέως</span> <span class='ocrx_word' id='word_1_780' title='bbox 3035 4957 3236 5013; x_wconf 87' lang='grc' dir='ltr'>ἐδέετο.</span> <span class='ocrx_word' id='word_1_781' title='bbox 3298 4959 3407 5012; x_wconf 81' lang='grc' dir='ltr'>Καὶ</span> <span class='ocrx_word' id='word_1_782' title='bbox 3440 4958 3501 5022; x_wconf 81' lang='grc' dir='ltr'>ὃς</span> <span class='ocrx_word' id='word_1_783' title='bbox 3545 4965 3683 5032; x_wconf 76' lang='grc' dir='ltr'>γρά-</span> 
     </span>
    </p>
   </div>
   <div class='ocr_carea' id='block_1_92' title="bbox 2100 5043 3684 5121">
    <p class='ocr_par' dir='ltr' id='par_1_92' title="bbox 2100 5043 3684 5121">
     <span class='ocr_line' id='line_1_93' title="bbox 2100 5043 3684 5121; baseline 0.006 -26"><span class='ocrx_word' id='word_1_784' title='bbox 2100 5059 2222 5111; x_wconf 74' lang='grc' dir='ltr'>φειν</span> <span class='ocrx_word' id='word_1_785' title='bbox 2249 5043 2288 5098; x_wconf 76' lang='grc' dir='ltr'>ἃ</span> <span class='ocrx_word' id='word_1_786' title='bbox 2314 5043 2570 5113; x_wconf 77' lang='grc' dir='ltr'>βούλεται</span> <span class='ocrx_word' id='word_1_787' title='bbox 2608 5047 2668 5113; x_wconf 82' lang='grc' dir='ltr'>ἐξ</span> <span class='ocrx_word' id='word_1_788' title='bbox 2702 5047 2971 5117; x_wconf 83' lang='grc' dir='ltr'>ὀνόματος</span> <span class='ocrx_word' id='word_1_789' title='bbox 3005 5048 3173 5102; x_wconf 79' lang='grc' dir='ltr'>αὑτοῦ</span> <span class='ocrx_word' id='word_1_790' title='bbox 3202 5050 3376 5119; x_wconf 81' lang='grc' dir='ltr'>ἐφῆκε</span> <span class='ocrx_word' id='word_1_791' title='bbox 3421 5051 3554 5121; x_wconf 73' lang='grc' dir='ltr'>περὶ</span> <span class='ocrx_word' id='word_1_792' title='bbox 3582 5051 3684 5104; x_wconf 83' lang='grc' dir='ltr'>τοῦ</span> 
     </span>
    </p>
   </div>
   <div class='ocr_carea' id='block_1_93' title="bbox 2101 5136 3686 5214">
    <p class='ocr_par' dir='ltr' id='par_1_93' title="bbox 2101 5136 3686 5214">
     <span class='ocr_line' id='line_1_94' title="bbox 2101 5136 3686 5214; baseline 0.004 -25"><span class='ocrx_word' id='word_1_793' title='bbox 2101 5136 2306 5202; x_wconf 74' lang='grc' dir='ltr'>ἔθνους.</span> <span class='ocrx_word' id='word_1_794' title='bbox 2343 5138 2426 5190; x_wconf 85' lang='grc' dir='ltr'>Τὰ</span> <span class='ocrx_word' id='word_1_795' title='bbox 2483 5137 2542 5191; x_wconf 88' lang='grc' dir='ltr'>δέ</span> <span class='ocrx_word' id='word_1_796' title='bbox 2589 5141 2877 5211; x_wconf 82' lang='grc' dir='ltr'>γραφέντα</span> <span class='ocrx_word' id='word_1_797' title='bbox 2921 5137 3062 5213; x_wconf 83' lang='grc' dir='ltr'>ἦσαν</span> <span class='ocrx_word' id='word_1_798' title='bbox 3113 5143 3364 5196; x_wconf 80' lang='grc' dir='ltr'>τοιαῦταο</span> <span class='ocrx_word' id='word_1_799' title='bbox 3414 5143 3520 5196; x_wconf 79' lang='grc' dir='ltr'>Τοῦ</span> <span class='ocrx_word' id='word_1_800' title='bbox 3583 5144 3686 5214; x_wconf 85' lang='grc' dir='ltr'>μὲν</span> 
     </span>
    </p>
   </div>
   <div class='ocr_carea' id='block_1_94' title="bbox 417 5231 1996 5312">
    <p class='ocr_par' dir='ltr' id='par_1_94' title="bbox 417 5235 1995 5312">
     <span class='ocr_line' id='line_1_95' title="bbox 417 5235 1995 5312; baseline -0.007 -13"><span class='ocrx_word' id='word_1_801' title='bbox 417 5257 542 5299; x_wconf 85' lang='lat' dir='ltr'><strong>rent</strong></span> <span class='ocrx_word' id='word_1_802' title='bbox 575 5264 587 5296; x_wconf 87' lang='lat'><strong>:</strong></span> <span class='ocrx_word' id='word_1_803' title='bbox 617 5257 795 5312; x_wconf 89' lang='lat' dir='ltr'><strong>neque</strong></span> <span class='ocrx_word' id='word_1_804' title='bbox 822 5239 1092 5311; x_wconf 85' lang='lat' dir='ltr'><strong>supplicio</strong></span> <span class='ocrx_word' id='word_1_805' title='bbox 1116 5245 1327 5292; x_wconf 81' lang='lat' dir='ltr'><strong>tantum</strong></span> <span class='ocrx_word' id='word_1_806' title='bbox 1350 5235 1419 5291; x_wconf 89' lang='lat' dir='ltr'>ab</span> <span class='ocrx_word' id='word_1_807' title='bbox 1455 5238 1665 5289; x_wconf 84' lang='lat' dir='ltr'><strong>Amane</strong></span> <span class='ocrx_word' id='word_1_808' title='bbox 1691 5241 1995 5304; x_wconf 70' lang='lat' dir='ltr'><strong>praeparato</strong></span> 
     </span>
    </p>
   </div>
   <div class='ocr_carea' id='block_1_95' title="bbox 2100 5231 3682 5312">
    <p class='ocr_par' dir='ltr' id='par_1_95' title="bbox 2113 5231 3682 5306">
     <span class='ocr_line' id='line_1_96' title="bbox 2113 5231 3682 5306; baseline 0.001 -22"><span class='ocrx_word' id='word_1_809' title='bbox 2113 5231 2284 5301; x_wconf 83' lang='grc' dir='ltr'>Ἀμὰν</span> <span class='ocrx_word' id='word_1_810' title='bbox 2314 5233 2683 5304; x_wconf 79' lang='grc' dir='ltr'>κατηγόρουν,</span> <span class='ocrx_word' id='word_1_811' title='bbox 2713 5233 2789 5296; x_wconf 84' lang='grc' dir='ltr'>ὼς</span> <span class='ocrx_word' id='word_1_812' title='bbox 2815 5234 3063 5306; x_wconf 83' lang='grc' dir='ltr'>πονηροῦ</span> <span class='ocrx_word' id='word_1_813' title='bbox 3094 5238 3188 5290; x_wconf 73' lang='grc' dir='ltr'>καὶ</span> <span class='ocrx_word' id='word_1_814' title='bbox 3214 5237 3561 5305; x_wconf 77' lang='grc' dir='ltr'>ἀγνώμονος,</span> <span class='ocrx_word' id='word_1_815' title='bbox 3587 5242 3682 5290; x_wconf 66' lang='grc' dir='ltr'>καὶ</span> 
     </span>
    </p>
   </div>
   <div class='ocr_carea' id='block_1_96' title="bbox 415 5326 1994 5393">
    <p class='ocr_par' dir='ltr' id='par_1_96' title="bbox 415 5326 1994 5393">
     <span class='ocr_line' id='line_1_97' title="bbox 415 5326 1994 5393; baseline -0.007 -2"><span class='ocrx_word' id='word_1_816' title='bbox 415 5351 515 5391; x_wconf 86' lang='lat' dir='ltr'>eos</span> <span class='ocrx_word' id='word_1_817' title='bbox 545 5335 889 5392; x_wconf 84' lang='lat' dir='ltr'><strong>liberabant.</strong></span> <span class='ocrx_word' id='word_1_818' title='bbox 921 5333 1017 5388; x_wconf 89' lang='lat' dir='ltr'>sed</span> <span class='ocrx_word' id='word_1_819' title='bbox 1061 5341 1119 5386; x_wconf 91' lang='lat' dir='ltr'>et</span> <span class='ocrx_word' id='word_1_820' title='bbox 1167 5331 1380 5386; x_wconf 84' lang='lat' dir='ltr'><strong>honore</strong></span> <span class='ocrx_word' id='word_1_821' title='bbox 1411 5327 1748 5393; x_wconf 64' lang='lat' dir='ltr'><strong>adiciebant,</strong></span> <span class='ocrx_word' id='word_1_822' title='bbox 1779 5337 1835 5381; x_wconf 89' lang='lat' dir='ltr'>et</span> <span class='ocrx_word' id='word_1_823' title='bbox 1877 5326 1994 5381; x_wconf 85' lang='lat' dir='ltr'><strong>suis</strong></span> 
     </span>
    </p>
   </div>
   <div class='ocr_carea' id='block_1_97' title="bbox 416 5420 2000 5495">
    <p class='ocr_par' dir='ltr' id='par_1_97' title="bbox 416 5420 2000 5495">
     <span class='ocr_line' id='line_1_98' title="bbox 416 5420 2000 5495; baseline -0.006 -15"><span class='ocrx_word' id='word_1_824' title='bbox 416 5425 631 5495; x_wconf 82' lang='lat' dir='ltr'><strong>legibus</strong></span> <span class='ocrx_word' id='word_1_825' title='bbox 682 5436 872 5494; x_wconf 79' lang='lat' dir='ltr'><strong>pacate</strong></span> <span class='ocrx_word' id='word_1_826' title='bbox 925 5425 1117 5480; x_wconf 85' lang='lat' dir='ltr'><strong>vivere</strong></span> <span class='ocrx_word' id='word_1_827' title='bbox 1175 5423 1482 5478; x_wconf 86' lang='lat' dir='ltr'><strong>sinebant:</strong></span> <span class='ocrx_word' id='word_1_828' title='bbox 1527 5420 1651 5474; x_wconf 86' lang='lat' dir='ltr'><strong>data</strong></span> <span class='ocrx_word' id='word_1_829' title='bbox 1696 5427 2000 5488; x_wconf 78' lang='lat' dir='ltr'><strong>potestate,</strong></span> 
     </span>
    </p>
   </div>
   <div class='ocr_carea' id='block_1_98' title="bbox 420 5511 2004 5586">
    <p class='ocr_par' dir='ltr' id='par_1_98' title="bbox 420 5511 2004 5586">
     <span class='ocr_line' id='line_1_99' title="bbox 420 5511 2004 5586; baseline -0.004 -16"><span class='ocrx_word' id='word_1_830' title='bbox 420 5527 483 5572; x_wconf 84' lang='lat' dir='ltr'>ut</span> <span class='ocrx_word' id='word_1_831' title='bbox 525 5533 623 5571; x_wconf 66' lang='grc' dir='ltr'>ιιιι</span> <span class='ocrx_word' id='word_1_832' title='bbox 669 5517 759 5572; x_wconf 88' lang='lat' dir='ltr'>die</span> <span class='ocrx_word' id='word_1_833' title='bbox 800 5517 1005 5574; x_wconf 69' lang='lat' dir='ltr'><strong>melleis</strong></span> <span class='ocrx_word' id='word_1_834' title='bbox 1046 5532 1118 5570; x_wconf 82' lang='grc' dir='ltr'>ιιι</span> <span class='ocrx_word' id='word_1_835' title='bbox 1147 5516 1240 5586; x_wconf 86' lang='lat' dir='ltr'>qui</span> <span class='ocrx_word' id='word_1_836' title='bbox 1285 5521 1369 5569; x_wconf 89' lang='lat' dir='ltr'>est</span> <span class='ocrx_word' id='word_1_837' title='bbox 1408 5512 1576 5575; x_wconf 83' lang='lat' dir='ltr'><strong>Adar,</strong></span> <span class='ocrx_word' id='word_1_838' title='bbox 1603 5511 2004 5566; x_wconf 88' lang='lat' dir='ltr'><strong>ulciscerentur</strong></span> 
     </span>
    </p>
   </div>
   <div class='ocr_carea' id='block_1_99' title="bbox 418 5604 1999 5677">
    <p class='ocr_par' dir='ltr' id='par_1_99' title="bbox 418 5604 1999 5677">
     <span class='ocr_line' id='line_1_100' title="bbox 418 5604 1999 5677; baseline -0.003 -16"><span class='ocrx_word' id='word_1_839' title='bbox 418 5619 516 5662; x_wconf 84' lang='lat' dir='ltr'>eos</span> <span class='ocrx_word' id='word_1_840' title='bbox 546 5622 575 5661; x_wconf 85' lang='lat' dir='ltr'>a</span> <span class='ocrx_word' id='word_1_841' title='bbox 611 5607 814 5677; x_wconf 86' lang='lat' dir='ltr'><strong>quibus</strong></span> <span class='ocrx_word' id='word_1_842' title='bbox 837 5609 948 5663; x_wconf 70' lang='lat' dir='ltr'><strong>laesi</strong></span> <span class='ocrx_word' id='word_1_843' title='bbox 982 5616 1184 5662; x_wconf 87' lang='lat' dir='ltr'><strong>essent.</strong></span> <span class='ocrx_word' id='word_1_844' title='bbox 1225 5604 1660 5671; x_wconf 79' lang='lat' dir='ltr'><strong>Maudabantque</strong></span> <span class='ocrx_word' id='word_1_845' title='bbox 1687 5604 1999 5670; x_wconf 77' lang='lat' dir='ltr'><strong>provincia-</strong></span> 
     </span>
    </p>
   </div>
   <div class='ocr_carea' id='block_1_100' title="bbox 418 5694 2001 5770">
    <p class='ocr_par' dir='ltr' id='par_1_100' title="bbox 418 5694 2001 5770">
     <span class='ocr_line' id='line_1_101' title="bbox 418 5694 2001 5770; baseline -0.003 -16"><span class='ocrx_word' id='word_1_846' title='bbox 418 5715 541 5754; x_wconf 86' lang='lat' dir='ltr'>rum</span> <span class='ocrx_word' id='word_1_847' title='bbox 569 5700 823 5770; x_wconf 85' lang='lat' dir='ltr'><strong>satrapis,</strong></span> <span class='ocrx_word' id='word_1_848' title='bbox 857 5710 917 5754; x_wconf 91' lang='lat' dir='ltr'>ut</span> <span class='ocrx_word' id='word_1_849' title='bbox 939 5702 1020 5754; x_wconf 85' lang='lat' dir='ltr'>eis</span> <span class='ocrx_word' id='word_1_850' title='bbox 1046 5699 1365 5768; x_wconf 87' lang='lat' dir='ltr'><strong>adjumento</strong></span> <span class='ocrx_word' id='word_1_851' title='bbox 1398 5705 1604 5759; x_wconf 76' lang='lat' dir='ltr'><strong>essent,</strong></span> <span class='ocrx_word' id='word_1_852' title='bbox 1632 5694 1699 5750; x_wconf 90' lang='lat' dir='ltr'>ad</span> <span class='ocrx_word' id='word_1_853' title='bbox 1726 5694 2001 5749; x_wconf 85' lang='lat' dir='ltr'><strong>ulciscen-</strong></span> 
     </span>
    </p>
   </div>
   <div class='ocr_carea' id='block_1_101' title="bbox 419 5783 1995 5846">
    <p class='ocr_par' dir='ltr' id='par_1_101' title="bbox 419 5783 1995 5846">
     <span class='ocr_line' id='line_1_102' title="bbox 419 5783 1995 5846; baseline -0.003 -4"><span class='ocrx_word' id='word_1_854' title='bbox 419 5788 519 5844; x_wconf 76' lang='lat' dir='ltr'>dos</span> <span class='ocrx_word' id='word_1_855' title='bbox 560 5787 833 5846; x_wconf 84' lang='lat' dir='ltr'><strong>inimicos.</strong></span> <span class='ocrx_word' id='word_1_856' title='bbox 882 5788 1155 5842; x_wconf 71' lang='lat' dir='ltr'><strong>Caeterum</strong></span> <span class='ocrx_word' id='word_1_857' title='bbox 1185 5785 1404 5840; x_wconf 82' lang='lat' dir='ltr'><strong>Susiani</strong></span> <span class='ocrx_word' id='word_1_858' title='bbox 1432 5784 1604 5838; x_wconf 68' lang='lat' dir='ltr'><strong>.ludtel</strong></span> <span class='ocrx_word' id='word_1_859' title='bbox 1629 5824 1643 5846; x_wconf 90' lang='lat'>,</span> <span class='ocrx_word' id='word_1_860' title='bbox 1669 5783 1995 5838; x_wconf 62' lang='grc' dir='ltr'>Μαι-δορὴαή</span> 
     </span>
    </p>
   </div>
   <div class='ocr_carea' id='block_1_102' title="bbox 2101 5324 3682 5399">
    <p class='ocr_par' dir='ltr' id='par_1_102' title="bbox 2101 5324 3682 5399">
     <span class='ocr_line' id='line_1_103' title="bbox 2101 5324 3682 5399; baseline 0.001 -21"><span class='ocrx_word' id='word_1_861' title='bbox 2101 5325 2471 5395; x_wconf 83' lang='grc' dir='ltr'>αἰτησαμένου</span> <span class='ocrx_word' id='word_1_862' title='bbox 2501 5325 2690 5388; x_wconf 75' lang='grc' dir='ltr'>ἔθνους</span> <span class='ocrx_word' id='word_1_863' title='bbox 2738 5324 3038 5391; x_wconf 83' lang='grc' dir='ltr'>ἀπώλειαν,</span> <span class='ocrx_word' id='word_1_864' title='bbox 3087 5328 3255 5399; x_wconf 82' lang='grc' dir='ltr'>μηδὲν</span> <span class='ocrx_word' id='word_1_865' title='bbox 3293 5328 3682 5396; x_wconf 78' lang='grc' dir='ltr'>ἀδικήσαντος.</span> 
     </span>
    </p>
   </div>
   <div class='ocr_carea' id='block_1_103' title="bbox 2097 5416 3683 5490">
    <p class='ocr_par' dir='ltr' id='par_1_103' title="bbox 2097 5416 3683 5490">
     <span class='ocr_line' id='line_1_104' title="bbox 2097 5416 3683 5490; baseline 0.003 -23"><span class='ocrx_word' id='word_1_866' title='bbox 2097 5416 2203 5468; x_wconf 80' lang='grc' dir='ltr'>Τὸν</span> <span class='ocrx_word' id='word_1_867' title='bbox 2230 5417 2284 5470; x_wconf 84' lang='grc' dir='ltr'>δέ</span> <span class='ocrx_word' id='word_1_868' title='bbox 2332 5434 2396 5486; x_wconf 90' lang='grc' dir='ltr'>γε</span> <span class='ocrx_word' id='word_1_869' title='bbox 2438 5418 2784 5489; x_wconf 82' lang='grc' dir='ltr'>Μαρδοχαῖον</span> <span class='ocrx_word' id='word_1_870' title='bbox 2845 5421 3068 5490; x_wconf 84' lang='grc' dir='ltr'>σωτῆρα</span> <span class='ocrx_word' id='word_1_871' title='bbox 3113 5420 3365 5485; x_wconf 84' lang='grc' dir='ltr'>ἐκάλουν,</span> <span class='ocrx_word' id='word_1_872' title='bbox 3409 5423 3503 5473; x_wconf 77' lang='grc' dir='ltr'>καὶ</span> <span class='ocrx_word' id='word_1_873' title='bbox 3555 5421 3683 5483; x_wconf 81' lang='grc' dir='ltr'>τοὺς</span> 
     </span>
    </p>
   </div>
   <div class='ocr_carea' id='block_1_104' title="bbox 2107 5511 3683 5584">
    <p class='ocr_par' dir='ltr' id='par_1_104' title="bbox 2107 5511 3683 5584">
     <span class='ocr_line' id='line_1_105' title="bbox 2107 5511 3683 5584; baseline 0.002 -23"><span class='ocrx_word' id='word_1_874' title='bbox 2107 5511 2394 5576; x_wconf 66' lang='grc' dir='ltr'>Ἰουδαίους</span> <span class='ocrx_word' id='word_1_875' title='bbox 2427 5512 2518 5565; x_wconf 78' lang='grc' dir='ltr'>τὸν</span> <span class='ocrx_word' id='word_1_876' title='bbox 2549 5512 2772 5582; x_wconf 74' lang='grc' dir='ltr'>ἄριστον</span> <span class='ocrx_word' id='word_1_877' title='bbox 2827 5511 3282 5582; x_wconf 84' lang='grc' dir='ltr'>πολιτευομένους</span> <span class='ocrx_word' id='word_1_878' title='bbox 3330 5513 3552 5584; x_wconf 81' lang='grc' dir='ltr'>τρόπον,</span> <span class='ocrx_word' id='word_1_879' title='bbox 3587 5513 3683 5566; x_wconf 73' lang='grc' dir='ltr'>καὶ</span> 
     </span>
    </p>
   </div>
   <div class='ocr_carea' id='block_1_105' title="bbox 2093 5603 3678 5675">
    <p class='ocr_par' dir='ltr' id='par_1_105' title="bbox 2093 5603 3678 5675">
     <span class='ocr_line' id='line_1_106' title="bbox 2093 5603 3678 5675; baseline 0.002 -21"><span class='ocrx_word' id='word_1_880' title='bbox 2093 5603 2186 5654; x_wconf 65' lang='grc' dir='ltr'>τὸν</span> <span class='ocrx_word' id='word_1_881' title='bbox 2215 5604 2350 5656; x_wconf 85' lang='grc' dir='ltr'>Θεὸν</span> <span class='ocrx_word' id='word_1_882' title='bbox 2384 5605 2739 5675; x_wconf 82' lang='grc' dir='ltr'>σεϐομένους·</span> <span class='ocrx_word' id='word_1_883' title='bbox 2775 5605 2869 5659; x_wconf 69' lang='grc' dir='ltr'>καὶ</span> <span class='ocrx_word' id='word_1_884' title='bbox 2890 5605 2950 5658; x_wconf 84' lang='grc' dir='ltr'>οὐ</span> <span class='ocrx_word' id='word_1_885' title='bbox 2991 5605 3152 5674; x_wconf 84' lang='grc' dir='ltr'>μόνον</span> <span class='ocrx_word' id='word_1_886' title='bbox 3185 5606 3327 5674; x_wconf 79' lang='grc' dir='ltr'>σφᾶς</span> <span class='ocrx_word' id='word_1_887' title='bbox 3357 5606 3457 5673; x_wconf 83' lang='grc' dir='ltr'>τῆς</span> <span class='ocrx_word' id='word_1_888' title='bbox 3500 5623 3678 5674; x_wconf 72' lang='grc' dir='ltr'>τιμωσ</span> 
     </span>
    </p>
   </div>
   <div class='ocr_carea' id='block_1_106' title="bbox 2098 5693 3680 5770">
    <p class='ocr_par' dir='ltr' id='par_1_106' title="bbox 2098 5693 3680 5770">
     <span class='ocr_line' id='line_1_107' title="bbox 2098 5693 3680 5770; baseline 0.001 -23"><span class='ocrx_word' id='word_1_889' title='bbox 2098 5693 2219 5764; x_wconf 87' lang='grc' dir='ltr'>ρίας</span> <span class='ocrx_word' id='word_1_890' title='bbox 2262 5695 2500 5749; x_wconf 83' lang='grc' dir='ltr'>ἀπέλυον</span> <span class='ocrx_word' id='word_1_891' title='bbox 2547 5699 2630 5760; x_wconf 87' lang='grc' dir='ltr'>είς</span> <span class='ocrx_word' id='word_1_892' title='bbox 2673 5698 2742 5766; x_wconf 84' lang='grc' dir='ltr'>ήν</span> <span class='ocrx_word' id='word_1_893' title='bbox 2777 5699 2805 5751; x_wconf 84' lang='lat'>6</span> <span class='ocrx_word' id='word_1_894' title='bbox 2872 5698 3048 5768; x_wconf 74' lang='grc' dir='ltr'>Ἀμὰν</span> <span class='ocrx_word' id='word_1_895' title='bbox 3086 5699 3288 5758; x_wconf 80' lang='grc' dir='ltr'>αὐτοὺς</span> <span class='ocrx_word' id='word_1_896' title='bbox 3347 5697 3680 5770; x_wconf 74' lang='grc' dir='ltr'>ἐξῃτήσατο,</span> 
     </span>
    </p>
   </div>
   <div class='ocr_carea' id='block_1_107' title="bbox 2095 5787 3678 5855">
    <p class='ocr_par' dir='ltr' id='par_1_107' title="bbox 2095 5787 3678 5855">
     <span class='ocr_line' id='line_1_108' title="bbox 2095 5787 3678 5855; baseline 0.001 -15"><span class='ocrx_word' id='word_1_897' title='bbox 2095 5787 2351 5841; x_wconf 73' lang='grc' dir='ltr'>ἀλλὰκαὶ</span> <span class='ocrx_word' id='word_1_898' title='bbox 2396 5789 2565 5855; x_wconf 86' lang='grc' dir='ltr'>τιμῆς</span> <span class='ocrx_word' id='word_1_899' title='bbox 2605 5789 2816 5854; x_wconf 79' lang='grc' dir='ltr'>ἠξίουν,</span> <span class='ocrx_word' id='word_1_900' title='bbox 2855 5790 2951 5842; x_wconf 75' lang='grc' dir='ltr'>καὶ</span> <span class='ocrx_word' id='word_1_901' title='bbox 2989 5791 3103 5854; x_wconf 84' lang='grc' dir='ltr'>τοῖς</span> <span class='ocrx_word' id='word_1_902' title='bbox 3135 5789 3287 5853; x_wconf 86' lang='grc' dir='ltr'>ἰδίοις</span> <span class='ocrx_word' id='word_1_903' title='bbox 3313 5788 3500 5854; x_wconf 82' lang='grc' dir='ltr'>νόμοις</span> <span class='ocrx_word' id='word_1_904' title='bbox 3536 5807 3678 5852; x_wconf 58' lang='lat' dir='ltr'><strong>ymo-</strong></span> 
     </span>
    </p>
   </div>
  </div>
