3980 6246
254 396 353 462 333

1522 385 1928 449 ANNALIUM
1969 386 2117 449 LlB.
2160 388 2262 449 ιν.
3396 381 3493 453 “at

258 502 475 569 μένους,
530 500 636 571 ζῇν
673 499 792 570 μετ’
840 499 1065 570 εἰρήνης
1105 498 1411 570 ἐπέτρεπον
1440 516 1453 529 ·
1504 499 1597 551 καὶ
1635 498 1822 552 έδίδουι

1940 509 2140 553 eventu
2195 499 2436 570 cognito,
2485 500 2802 557 felicitatem
2867 514 2987 553 eam
3055 496 3330 569 publicam
3388 502 3501 551 c553

252 592 554 662 ἀμύνεσθαι
578 594 643 661 τῇ
674 590 1111 661 τρισκαιδεκάτῃ
1139 592 1325 662 ἡμέρα
1384 590 1478 644 τοῦ
1517 590 1824 644 δωδεκάτου

256 683 440 754 μηνὸς,
485 683 541 745 ὃς
573 684 721 736 ἐστιν
771 683 967 751 Ἀδαρ,
1032 689 1159 744 τοὺς
1198 682 1400 743 αὐτοὺς
1434 681 1824 750 ἀδικήσαντας.

253 777 361 852 Καὶ
385 780 503 840 τοῖς
547 777 658 830 τῶν
695 778 896 848 χωρῶν
945 778 1255 848 σατράπαις
1308 777 1566 829 ἐκέλευον
1607 775 1827 845 βοηθεῖν

249 869 453 932 αὐτοῖς,
494 867 581 920 ’ίνα
613 870 742 932 τοὺς
800 868 1030 941 ἐχθροὺς
1094 869 1548 939 μετελεύσωνται.
1584 869 1647 922 Οἱ
1687 868 1743 921 δὲ
1770 870 1828 921 ἐν

248 958 467 1023 Σούσοις
511 958 755 1013 Ἰουδαῖοι
785 961 854 1013 τὰ
895 962 1038 1014 κατά
1064 961 1157 1014 τὸν
1198 961 1546 1032 Μαρδοχαῖον
1582 960 1826 1028 γνόντες,

247 1047 428 1117 κοινὴν
463 1048 563 1118 τὴν
592 1048 905 1120 εὐπραγίαν
934 1051 1233 1120 ἡγήσαντο,
1261 1053 1355 1104 καὶ
1381 1051 1524 1106 κατὰ
1558 1050 1656 1121 τὴν
1678 1068 1830 1118 τρισ-

246 1140 575 1211 καιδεκάτην
603 1140 701 1193 τοῦ
738 1140 910 1213 Ἀδαρ
949 1142 1143 1211 μηνὸς,
1196 1141 1256 1205 ὃς
1311 1142 1454 1195 κατά
1502 1141 1828 1204 Μακεδόνας

246 1230 485 1302 Δύστρος
507 1232 848 1302 ὠνόμασται,
875 1233 929 1285 οἵ
953 1251 1012 1286 τε
1040 1235 1097 1287 ὲν
1142 1233 1365 1294 Σούσοις
1412 1234 1661 1287 Ἰουδαῖοι
1697 1232 1828 1303 περὶ

245 1325 641 1389 πεντακοσίους
689 1326 1024 1379 ἀπέκτειναν
1084 1326 1194 1380 τῶν
1250 1326 1485 1398 ἐχθρῶν,
1519 1329 1617 1380 καὶ
1663 1329 1712 1380 οἱ
1768 1330 1827 1380 ὲν

242 1417 361 1478 ταῖς
395 1414 593 1479 ἄλλαις
624 1415 813 1470 πόλεσι
854 1434 915 1469 τε
951 1421 1043 1471 καὶ
1096 1417 1305 1489 χώραις
1358 1419 1827 1489 ὲπτακισμυρίους

246 1505 720 1576 πεντακισχιλίους
740 1506 1046 1561 ἀπώλεσαν.
1069 1510 1131 1562 Οἱ
1156 1510 1200 1561 δ’
1219 1511 1276 1563 ἐν
1296 1509 1516 1573 Σούσοις
1539 1512 1632 1562 καὶ
1648 1513 1714 1579 τῇ
1733 1511 1829 1564 καὶ

242 1597 369 1666 ἑξῆς
402 1597 593 1670 ἡμέρᾳ
635 1599 990 1667 τριακοσίους
1030 1599 1376 1672 διέφθειραν,
1412 1601 1571 1654 τοῦτο
1596 1604 1821 1672 αἰτησας

245 1690 416 1759 μένης
462 1689 688 1762 Ἐσθῆρ’
719 1691 815 1745 καὶ
838 1692 891 1745 οἱ
936 1692 1072 1745 δέκα
1104 1691 1198 1745 τοῦ
1250 1693 1424 1762 ’Λμάν
1476 1692 1666 1754 παῖδες
1696 1696 1822 1745 ἁνεο

245 1780 671 1852 σταυρώθησαν,
705 1786 1082 1855 χαρισαμένου
1107 1787 1199 1838 καὶ
1231 1786 1392 1839 τοῦτο
1428 1785 1522 1838 τοῦ
1556 1787 1820 1856 βασιλέως

242 1873 405 1944 αὐτῇ.
441 1873 555 1938 Τὴν
584 1874 640 1928 δὲ
675 1878 1283 1947 τεσσαρεσκαιδεκάτην
1307 1879 1400 1930 τοῦ
1430 1879 1599 1948 μηνὸς
1628 1879 1818 1950 ἑορτα-

247 1984 404 2036 σιμον
439 1968 501 2020 τὸ
535 1967 693 2031 ἔθνος
732 1967 1159 2042 ἀπανέποίη-τε,
1206 1972 1297 2024 καὶ
1339 1969 1528 2024 ἔκτοτε
1556 1969 1654 2033 τὰς
1686 1970 1819 2041 ἠμέ-

252 2076 347 2129 ρας
378 2062 473 2113 καὶ
497 2061 663 2130 ἄμφω
690 2061 1030 2132 ἑορτάζουσι,
1062 2064 1370 2133 Φρουραίας
1400 2066 1604 2127 ταύτας
1650 2072 1821 2133 ’προσ-

250 2153 626 2222 αγορεύοντες.
699 2153 758 2206 Ὀ
809 2155 863 2205 δὲ
901 2155 1246 2226 Μαρδοχαῖος
1303 2155 1477 2225 μέγας
1510 2174 1568 2209 τε
1602 2151 1695 2227 ἦν,
1729 2157 1822 2209 καὶ

250 2240 520 2295 συνδιείπε
550 2243 628 2312 τῷ
656 2240 865 2311 βασιλεῖ
890 2243 987 2313 τὴν
1017 2244 1215 2315 ἀρχήν.
1261 2244 1374 2316 Τῆς
1399 2243 1443 2298 δ’
1477 2244 1819 2318 ἀρχιερωσύο

250 2351 340 2403 νης
373 2337 453 2397 είς
493 2334 746 2389 Ἰωάνναν
802 2335 1225 2407 μεταπεσούσης
1264 2339 1358 2391 τὸν
1403 2340 1517 2391 υίὺν
1561 2338 1762 2402 Ἶωδαὲ,
1794 2341 1823 2393 ὁ

248 2421 469 2494 ἀδελφὸς
490 2425 658 2479 αὐτοῦ
709 2426 918 2496 Ἰησοῦς
952 2428 1105 2496 φίλος
1129 2427 1207 2482 ὣν
1235 2427 1436 2498 Βαγώα
1466 2429 1557 2484 τοῦ
1587 2448 1822 2501 στρατηί-

248 2516 344 2585 γοῦ
376 2517 476 2587 τῆς
497 2514 864 2588 Ἀρταξέρξου
905 2517 1213 2590 δυνάμεως,
1247 2520 1543 2591 ὑπόσχεσιν
1564 2520 1685 2592 ἔσχε
1722 2524 1821 2590 τὴν

245 2606 662 2679 ἀρχιερωσύνην
691 2608 901 2664 λαϐεῖν.
941 2609 1044 2664 Διὰ
1092 2611 1302 2682 ταύτην
1331 2611 1464 2680 γοῦν
1492 2613 1593 2685 τὴν
1638 2616 1820 2667 αἰτίαν

244 2704 273 2755 ὁ
320 2703 584 2766 Ἰωάννας
640 2688 1026 2776 παροξυνθεὶς,
1071 2704 1131 2757 ἐν
1183 2698 1281 2776 τῷ
1327 2706 1442 2778 ναῷ
1492 2707 1672 2761 ἀνεῖλε
1727 2706 1821 2760 τὸν

245 2793 496 2864 ἀδελφάν.
531 2796 641 2849 Καὶ
669 2798 696 2848 ὁ
730 2794 961 2864 Βαγώας
992 2794 1155 2861 εὐθὺς
1189 2798 1438 2863 ἐπιστὰς,
1464 2798 1545 2861 είς
1571 2799 1667 2852 τὸν
1694 2801 1821 2853 ναόν

243 2886 606 2957 τεείσῆλθεν,
662 2886 853 2953 εἰπὼν,
902 2887 979 2952 ώς
1031 2890 1102 2942 Ei
1140 2890 1196 2943 oi
1222 2889 1329 2942 τὸν
1375 2890 1570 2958 φόνον
1614 2891 1686 2944 ἐν
1740 2890 1851 2969 τῷΔ

242 2978 364 3045 θ’αῷ
417 2979 859 3048 τολμήσαντες,
908 2979 1284 3049 εἰσέρχονται
1323 2981 1394 3033 ἐν
1439 2980 1621 3047 αὐτῷ.
1661 2982 1821 3052 κάγὼ

242 3069 663 3141 εἰσελεύσομαι
690 3069 1098 3140 καθαρώτερος
1127 3073 1446 3141 τυγχάνων
1466 3072 1687 3126 αὐτῶν.
1714 3076 1821 3126 Καὶ

242 3162 326 3214 ἐπ’
354 3162 538 3216 ἔτεσιν
558 3163 697 3216 ἐπτά
718 3163 847 3226 τοὺς
866 3162 1157 3227 Ἰουδαίους
1175 3164 1445 3219 ἐκάκωσε.
1470 3165 1578 3218 Τοῦ
1594 3165 1821 3221 ’ῐωάννα

242 3255 297 3309 δὲ
341 3254 447 3326 τὴν
504 3255 655 3326 ζωὴν
699 3256 1199 3328 καταστρέψαντο·,
1259 3256 1565 3327 διαδέχεται
1588 3260 1685 3330 τὴν
1718 3262 1816 3331 ἀρ-

240 3349 579 3421 χιερωσύνην
610 3349 639 3402 ό
668 3350 785 3414 υίὸς
833 3349 1001 3403 αὐτοῦ
1032 3348 1207 3404 Ἰωάδ.
1265 3344 1375 3404 Ἦν
1409 3350 1466 3404 δὲ
1513 3352 1607 3405 καὶ
1640 3351 1818 3423 τούτῳ

240 3441 823 3512 ἀδελφὺςΜανασσῆς,
852 3435 897 3511 ᾧ
923 3442 1309 3513 Σαναϐαλὲτης
1358 3442 1586 3514 Δαρείου
1619 3447 1822 3515 σατρά-

242 3548 349 3602 πης
376 3531 474 3585 τοῦ
510 3531 827 3587 τελευταίου
880 3529 1144 3601 βασιλέως
1175 3531 1427 3601 Περσῶν,
1475 3532 1575 3604 τὴν
1621 3533 1819 3588 ἑαυτοῦ

243 3621 523 3693 θυγατέρα
550 3621 841 3692 συνῴκισε,
873 3620 1104 3676 Νικασὼ
1142 3621 1513 3694 καλουμένην.
1532 3624 1597 3677 Οί
1627 3624 1683 3678 δὲ
1708 3624 1818 3680 τῶν

248 3714 704 3787 Ἱεροσολυμιτῶν
743 3715 968 3783 λογάδες
1018 3714 1362 3781 ἐστασίαζον,
1401 3717 1483 3769 δτι
1534 3716 1819 3789 ἀλλοφύλῳ

245 3804 562 3875 συνῴκησεν
586 3806 614 3858 ὁ
645 3804 740 3857 τοῦ
784 3804 1103 3875 ἀρχιερέως
1130 3802 1379 3872 ἀδελφὸς,
1412 3804 1508 3858 καὶ
1536 3804 1568 3874 ἦ
1601 3805 1820 3869 διαζεύ-

242 3896 471 3964 γνυσθαι
501 3895 711 3966 ταύτης
742 3896 1019 3958 ἐκέλευον,
1052 3895 1085 3964 ἢ
1120 3893 1217 3948 τοῦ
1241 3893 1636 3966 θυσιαστηρίου
1684 3896 1820 3950 ἀπέ-

242 3989 454 4059 pellat.
502 3987 566 4042 Ὀ
591 3987 647 4040 δὲ
670 3986 810 4058 πρὸς
837 3986 931 4039 τὸν
953 3985 1216 4056 πενθερὸν
1238 3987 1595 4058 ἀφικόμενος,
1625 3988 1821 4061 διηγή-

244 4096 372 4134 σατο
398 4078 599 4133 ταῦτα.
636 4078 745 4132 Τοῦ
779 4078 836 4132 δὲ
867 4077 1272 4141 Σαναϐαλέτου,
1317 4078 1416 4133 καὶ
1452 4079 1554 4151 τὴν
1591 4080 1820 4161 leprosu-

239 4187 337 4244 νην
360 4170 515 4240 αὐτῷ
546 4172 916 4241 συντηρήσειν
940 4170 1205 4238 ὑπισχνοῦ
1217 4170 1403 4240 μένου,
1426 4171 1524 4223 καὶ
1555 4171 1819 4241 ἀρχιερέα

240 4263 573 4330 ἀποδείξειν,
615 4263 710 4316 καὶ
749 4263 1013 4333 ἡγεμόνα,
1046 4260 1121 4315 ὧν
1159 4262 1321 4326 αὐτὸς
1360 4258 1500 4333 ἦρχε
1532 4262 1734 4324 τόπων,
1774 4266 1822 4318 εί

240 4356 340 4425 τῆς
372 4354 543 4410 αὐτοῦ
571 4353 848 4424 θυγατρὸς
883 4354 958 4424 μὴ
995 4355 1310 4424 ἀπόσχοιτο,
1345 4356 1438 4408 καὶ
1460 4354 1586 4408 ναὸν
1612 4356 1818 4409 οἰκοδοο

244 4450 442 4519 μήσειν
464 4446 560 4499 ἐπὶ
582 4446 679 4499 τοῦ
708 4446 934 4517 Γαριζὶν
955 4446 1135 4523 ὅρους,
1155 4445 1184 4499 δ
1202 4445 1314 4499 τῶν
1335 4446 1477 4499 κατὰ
1505 4446 1819 4518 Σαμάρειαν

1925 590 2252 659 judicarnnt
2275 634 2289 657 ,
2340 602 2395 648 ct
2425 609 2518 648 xm
2566 593 2655 649 die
2694 592 2901 647 mensis
2952 592 3118 655 Adar,
3149 593 3242 661 qui
3276 605 3303 645 a
3338 589 3506 646 llaec-

1930 684 2172 741 donibus
2225 685 2453 757 Dystrns
2510 686 2735 748 dicitur,
2790 685 3010 741 circiter
3066 701 3097 739 ο
3153 701 3220 739 ex
3272 683 3506 740 inimicus

1929 774 2251 829 occiderunt
2286 790 2301 828 :
2333 776 2426 844 qui
2458 790 2589 831 vero
2633 776 2686 830 in
2719 775 2840 831 aliis
2871 774 3100 830 urbibus
3131 783 3187 828 et
3212 772 3505 843 pr0viuciis

1930 866 2204 938 degebant
2228 909 2243 932 ,
2280 884 2416 922 Lxxv
2453 869 2624 923 millia
2669 867 3031 923 sustulerunt.
3071 865 3240 920 [idem
3290 857 3506 921 Susiani

1929 962 2095 1015 etiam
2128 961 2395 1030 postridie
2431 978 2526 1018 ccc
2556 964 2712 1032 jussu
2773 953 3020 1016 Estherze
3078 958 3501 1021 interfecerunt,

1929 1070 1962 1108 κ
1993 1053 2218 1108 Amanis
2239 1053 2432 1108 liberis
2481 1055 2533 1107 in
2559 1067 2755 1107 cruces
2794 1051 2932 1107 actis
2961 1069 2974 1105 :
3009 1065 3073 1104 ea
3118 1065 3336 1120 quoque
3384 1065 3443 1104 re
3470 1063 3504 1106 α

1930 1160 2058 1215 rege
2107 1159 2366 1200 concessa
2416 1142 2656 1214 eonjugi.
2706 1157 2794 1196 xxv
2841 1155 2972 1195 vero
3015 1132 3160 1193 diem
3211 1148 3322 1192 tota
3374 1146 3507 1209 gens

1931 1236 2129 1292 festum
2178 1250 2299 1290 esse
2342 1236 2511 1305 jussit
2547 1252 2560 1286 :
2595 1244 2760 1303 atque
2805 1224 2876 1287 ab
2931 1246 2998 1287 eo
3030 1238 3276 1300 tempore
3315 1229 3508 1285 ambos

1931 1327 2032 1383 bos
2065 1327 2184 1383 dies
2234 1327 2406 1384 festos
2440 1324 2681 1390 ducunt,
2717 1334 2772 1380 et
2810 1323 3178 1394 praesidiarios
3210 1322 3501 1393 appellant.
3551 1324 3559 1329 '

1932 1420 2306 1476 Mardocbzeus
2362 1429 2544 1473 autent
2608 1434 2839 1489 magnus
2897 1416 3110 1480 erasit,
3144 1427 3201 1471 et
3256 1414 3399 1487 regis
3450 1415 3506 1470 in

1929 1510 2364 1566 administrando
2413 1510 2646 1581 imperio
2695 1508 2893 1563 socius.
2925 1499 3061 1562 Cum
3093 1522 3222 1561 vero
3255 1505 3525 1581 sacerdos

1933 1602 2067 1656 tium
2112 1598 2177 1656 ad
2232 1586 2499 1657 Joannam
2542 1600 2726 1656 Jodais
2760 1598 2926 1652 ﬁlium
2976 1594 3231 1652 rediisset
3286 1613 3304 1652 :
3350 1596 3504 1653 fratri

1928 1695 2048 1763 ejus
2073 1691 2201 1749 Jesu
2221 1734 2235 1756 ,
2262 1691 2440 1746 amico
2470 1684 2659 1762 Bagoae
2684 1690 2841 1745 ducis
2870 1689 3169 1759 t-opiarum.
3192 1689 3508 1746 Artaxerxis

1931 1786 1983 1855 id
2045 1788 2372 1854 promissum
2434 1783 2631 1838 fuerat.
2690 1776 2807 1848 Qua
2857 1797 2913 1835 re
2955 1778 3193 1837 Joannas
3236 1776 3507 1842 irritatus,

1930 1875 2151 1931 fratrem
2222 1875 2277 1928 in
2343 1873 2459 1929 :ede
2524 1872 2769 1927 sustulit.
2832 1872 3043 1941 Bagoas
3097 1871 3263 1941 igitur
3321 1870 3505 1925 statim

1928 1967 2118 2028 adest,
2152 1981 2215 2019 ac
2263 1965 2525 2034 templum
2569 1961 2894 2034 ingressus:
2929 1963 2989 2018 Si
3030 1962 3070 2016 ii
3112 1965 3203 2033 qui
3229 1964 3422 2016 ca-dem
3450 1964 3506 2016 in

1930 2056 2120 2128 templo
2147 2058 2518 2109 commiserunt
2538 2096 2551 2121 ,
2586 2055 2798 2125 inquit,
2829 2053 3083 2124 templum
3115 2054 3501 2123 ingrediuntur.

1928 2157 1977 2203 et
2034 2163 2127 2218 ego
2170 2149 2459 2218 ingrediar,
2492 2148 2581 2218 qui
2626 2163 2745 2200 sum
2790 2143 2899 2200 illis
2935 2147 3139 2215 purior,
3187 2153 3244 2199 et
3286 2142 3503 2199 Judmos

1928 2254 2027 2310 per
2070 2253 2246 2292 annos
2274 2254 2348 2292 vn
2379 2238 2615 2291 vexavit.
2651 2236 2875 2292 Joannm
2904 2236 3160 2291 defuncto
3189 2235 3321 2291 .lnad
3358 2236 3504 2290 filius

1928 2332 1981 2386 ia
2034 2330 2354 2401 pontificatu
2405 2329 2671 2384 succedit.
2721 2329 2774 2384 Is
2814 2328 3038 2383 fratrem
3070 2329 3263 2383 habuit
3289 2327 3501 2383 Manas-

1927 2438 2076 2483 sem,
2129 2422 2219 2477 cui
2271 2419 2624 2476 Sanabaletes
2676 2421 2823 2475 Darii
2889 2421 3152 2490 postremi
3209 2421 3500 2475 Persarum

1928 2516 2074 2586 regis
2119 2526 2396 2583 satrapes,
2451 2512 2617 2567 filiam
2677 2512 2929 2567 Nicasom
2980 2511 3035 2565 in
3089 2512 3502 2567 matrimonium

1927 2606 2175 2662 dederat.
2202 2606 2308 2663 Sed
2336 2621 2458 2661 cum
2493 2602 2973 2672 Hierosolymitani
3005 2619 3263 2674 proceres
3297 2606 3502 2661 tumul-

1934 2706 2249 2764 tuarentur,
2318 2696 2464 2768 quod
2537 2697 2831 2766 ’pontilicis
2905 2694 3077 2752 frater
3156 2698 3502 2769 peregrinam

1927 2808 2153 2848 uxorem
2194 2790 2445 2854 haberet,
2471 2804 2703 2858 eamque
2744 2789 2825 2842 vel
2853 2788 3167 2859 repudiare,
3192 2788 3278 2843 vel
3317 2803 3504 2844 sacra-

1926 2884 2011 2938 rio
2044 2882 2600 2953 abstinerejuberent
2648 2896 2661 2934 :
2696 2881 2971 2935 Manasses
3003 2893 3195 2935 socero
3221 2881 3499 2950 negotium

1926 2975 2206 3048 exposuit.
2252 2973 2353 3030 Cui
2403 2972 2493 3029 ille
2531 2972 2845 3042 pollicetur,
2871 2986 2930 3025 se
2968 2971 3018 3025 ei
3046 2981 3102 3026 et
3129 2972 3499 3026 sacerdotium

1926 3074 2418 3127 conservaturum,
2472 3075 2636 3134 atque
2669 3064 2833 3118 etiam
2869 3060 3182 3132 pontificem
3223 3071 3279 3115 et
3303 3061 3498 3116 ducem

1928 3176 2119 3218 eorum
2166 3160 2412 3214 locorum
2440 3156 2642 3227 quibus
2673 3157 2788 3226 ipse
2823 3156 3139 3226 imperaret,
3160 3159 3498 3219 acreatuwm

1924 3255 1968 3311 si
2002 3255 2164 3308 tiliam
2218 3250 2377 3325 183
2434 3266 2591 3306 suam
2647 3250 2963 3305 retineret:
3021 3258 3073 3304 et
3121 3248 3173 3302 in
3221 3247 3499 3315 Garizino,

1929 3347 2403 3403 Samaritanorum
2461 3342 2728 3395 montiIJm
2770 3339 3058 3403 altissimo,
3099 3337 3168 3393 de
3228 3339 3500 3394 sententia

1925 3438 2073 3494 Darii
2121 3437 2265 3508 regis
2303 3434 2639 3493 Persarum,
2684 3431 2949 3501 templum
3002 3429 3498 3502 llierosolymitano

1926 3530 2203 3585 illustrius
2253 3541 2374 3583 esse
2428 3524 2803 3581 conditurmn.
2860 3522 2955 3578 llis
3010 3520 3499 3591 pollicitationibus

1924 3621 2200 3677 Manasscs
2251 3615 2559 3676 adductus,
2612 3615 2754 3683 aput
2811 3611 3188 3665 Sanabaletem
3254 3612 3495 3666 mansit:

1923 3711 1990 3768 ad
2012 3722 2250 3778 eumque
2295 3721 2354 3762 se
2399 3706 2554 3761 multi
2585 3705 2750 3759 etiam
2782 3703 2871 3756 alii
2916 3702 3229 3758 sacerdotes
3275 3703 3494 3757 lsraeli-

1926 3803 2019 3859 tici
2045 3843 2060 3865 ,
2089 3801 2291 3856 talibus
2341 3797 2605 3868 implicati
2655 3794 2924 3863 conjugiis
2948 3835 2964 3857 ,
2998 3793 3370 3848 contulerunt.
3420 3795 3498 3845 Ae

1925 3893 2282 3951 Sanabaletes
2330 3888 2552 3960 quidem
2591 3888 2644 3941 in
2674 3900 2740 3939 eo
2775 3895 2890 3939 erat
2914 3923 2929 3945 ,
2958 3890 3019 3938 ut
3054 3898 3084 3937 a
3114 3882 3276 3936 Dario
3308 3884 3494 3951 templi

1924 3987 1980 4041 iu
2033 3983 2291 4040 Garizino
2337 3978 2608 4037 condendi
2652 3977 2964 4031 facultatem
3011 3974 3350 4044 impetraret.
3386 3974 3494 4028 Sed

1926 4092 2054 4148 rege
2087 4076 2154 4131 ad
2204 4074 2374 4128 Issum
2408 4071 2478 4126 ab
2514 4067 2823 4124 Alexandro
2856 4064 3160 4137 profligato,
3195 4064 3498 4133 desperatis

1925 4169 2074 4223 illius
2105 4165 2270 4220 rebus
2296 4204 2311 4229 ,
2359 4177 2485 4218 eum
2522 4169 2648 4215 octo
2684 4158 2958 4221 millibus,
2987 4156 3191 4225 quibus
3230 4165 3497 4224 praeerat,

1924 4261 1991 4316 ad
2020 4255 2390 4314 Alexandrum
2424 4250 2706 4324 profectus
2733 4290 2747 4311 ,
2796 4248 3037 4318 seipsum
3080 4257 3137 4303 et
3186 4249 3499 4317 provincias

1920 4348 1973 4404 ei
2024 4346 2211 4402 tradit.
2240 4344 2287 4398 Α
2324 4357 2434 4410 quo
2475 4349 2727 4408 receptus
2756 4379 2769 4396 .
2798 4338 2909 4406 jam
2958 4338 3221 4392 audacter
3272 4354 3495 4393 causam

1927 4440 2112 4515 generi
2165 4447 2221 4492 et
2255 4434 2441 4504 templi
2485 4432 2745 4487 Garizinii
2794 4430 3066 4499 proponit.
3103 4427 3228 4484 Voti
3272 4445 3499 4498 compos

242 4541 392 4594 ἐστὶν
421 4538 566 4612 ὀρῶν
592 4538 950 4609 ὑψηλότατον,
981 4520 1075 4592 τοῦ
1100 4540 1157 4590 ἐν
1206 4536 1604 4608 Ἰεροσολύμοις
1630 4539 1817 4608 κρείτ-

1927 4537 2098 4589 factus
2120 4573 2134 4593 ,
2163 4528 2423 4596 omnique
2456 4520 2641 4578 studio
2687 4529 2965 4575 structura
3013 4520 3264 4575 absoluta
3289 4561 3305 4586 ,
3333 4536 3500 4591 gene-

242 4648 373 4685 τονα
415 4629 891 4702 ἐπαγγελλομένου
928 4630 1066 4701 μετὰ
1120 4630 1346 4700 γνώμης
1398 4629 1492 4683 τοῦ
1554 4628 1821 4700 βασιλέως

1930 4641 2051 4681 rum
2078 4622 2392 4695 pontificem
2418 4616 2722 4672 constituit.

242 4724 474 4795 Δαρείου
498 4738 515 4754 θ
578 4722 842 4794 ἐπαρθεὶς
867 4721 1082 4786 τούτοις
1110 4723 1138 4774 ό
1190 4723 1512 4791 Μανασσῆς,
1556 4722 1822 4792 κατέμενε
1862 4718 2016 4791 παρὰ
2071 4713 2149 4783 τῷ
2207 4708 2578 4779 Σαναϐαλέτῃ.
2610 4706 2827 4759 Πολλῶν
2861 4707 3033 4760 δὲκαὶ
3071 4705 3250 4759 ἄλλων
3302 4708 3495 4785 ίερὲων

241 4821 335 4873 καὶ
385 4817 744 4890 Ἰσραηλιτῶν
796 4814 1059 4881 τοιούτοις
1097 4816 1299 4887 γάμοις
1344 4817 1818 4887 ἐμπεπλεγμένων
1859 4817 2061 4876 πάντες
2091 4810 2357 4880 συνῄεσαν
2416 4805 2553 4875 πρὸς
2601 4803 2692 4856 τὸν
2738 4801 3060 4874 Μανασσῆν.
3122 4803 3183 4854 '0
3237 4804 3336 4872 μὲν
3402 4803 3497 4856 οὖν

242 4916 628 4987 Σαναϐαλέτης
648 4915 727 4986 τῷ
750 4914 964 4986 βασιλεῖ
992 4914 1204 4984 Δαρείῳ
1227 4914 1327 4983 τὴν
1368 4912 1503 4982 περὶ
1569 4913 1670 4983 τῆς
1709 4910 2002 4983 οἰκοδομῆς
2033 4907 2131 4961 τοῦ
2158 4902 2291 4958 ναοῦ
2320 4904 2379 4955 ὲν
2410 4900 2637 4970 Γαριζὶν
2699 4900 2925 4964 ἀξίωσιν
2978 4900 3282 4969 προσάγειν
3342 4902 3495 4972 ἡτοί-

245 5022 444 5074 μαστο.
486 5006 547 5057 Ὃ
580 5004 640 5058 δὲ
662 5002 1098 5074 τῷἊλεξάνδρῳ
1131 5000 1425 5073 συμϐαλὼν
1448 5002 1508 5053 έν
1529 5002 1690 5072 Ἰσσῷ
1728 5002 1826 5072 τῆς
1850 4999 2132 5061 Κιλικίας,
2180 4995 2277 5048 καὶ
2304 4991 2560 5064 ἡττηθεὶς
2602 4992 2825 5060 ἔφυγεν.
2853 4992 3154 5060 ’Δττογνοὺς
3200 4988 3295 5045 οὖν
3328 4991 3357 5042 ὁ
3405 4993 3498 5045 Σα-

245 5098 556 5168 ναϐαλέτης
612 5099 861 5168 Δαρεῖον,
898 5096 979 5168 τῷ
1023 5095 1362 5168 Ἀλεξάνδρῳ
1406 5097 1660 5167 πρόσεισι
1723 5098 1821 5150 σὺν
1854 5090 2284 5162 ὀκτακισχιλίοις
2341 5087 2451 5141 τῶν
2509 5086 2603 5141 ὑπ’
2638 5088 2826 5148 αὑτὸν,
2864 5091 2956 5141 καὶ
2992 5087 3185 5140 εαυτὸν
3225 5085 3317 5140 καὶ
3371 5089 3496 5145 τοὺς

242 5195 443 5257 τόπους
473 5186 556 5246 ὧν
579 5186 751 5262 ἦρχεν
778 5191 935 5260 ἔλεγε
967 5190 1317 5263 παραδιδόναι
1366 5188 1541 5260 αὐτῷ.
1612 5189 2058 5261 [προσδεξαμένου
2117 5186 2178 5239 δὲ
2226 5183 2321 5236 τοῦ
2360 5181 2718 5249 Ἀλεξάνδρου
2775 5177 2962 5246 αῦτὺν,
2995 5179 3214 5251 eapse»:
3246 5178 3348 5249 ἢδη
3372 5179 3500 5245 περὶ

241 5286 338 5340 τοῦ
362 5283 644 5356 γαμϐροῦ,
688 5285 784 5337 καὶ
825 5286 925 5354 τῆς
970 5283 1066 5337 τοῦ
1100 5283 1231 5336 ναοῦ
1259 5282 1605 5353 ἀνεγέρσεως
1663 5285 1723 5335 ὲν
1760 5280 1840 5353 τῷ
1876 5282 2123 5354 Γαριζὶν,
2155 5275 2435 5347 προσῆγεν
2471 5273 2716 5340 ἀξίωσν.
2757 5276 2867 5328 Καὶ
2901 5273 3224 5343 ἐπιτραπεὶς
3282 5273 3383 5341 τὴν
3412 5274 3493 5326 οἰ-

245 5378 507 5448 κοδομὴν,
534 5376 634 5430 σῦν
666 5377 814 5448 πάσῃ
844 5377 1050 5447 σπουδῇ
1083 5377 1175 5429 τὸν
1198 5376 1328 5429 ναὸν
1361 5376 1706 5446 ᾠκοδόμησε,
1736 5377 1829 5429 καὶ
1868 5373 2167 5442 Μανασσῆν
2201 5372 2291 5424 τὸν
2321 5369 2570 5441 γαμϐρὸν
2602 5371 2865 5439 ἀρχιερέα
2896 5369 3253 5435 κατέστησεν.

316 5467 394 5523 Η’.
427 5468 585 5521 Ἑπεὶ
646 5467 704 5519 δὲ
751 5468 945 5538 μνείαν
986 5465 1081 5521 τοῦ
1141 5466 1497 5537 Ἀλεξάνδρου
1535 5469 1630 5522 καὶ
1665 5470 1693 5520 ὁ
1723 5470 1821 5536 τῆς

1992 5466 2131 5520 Vlll.
2173 5463 2279 5520 Sed
2321 5462 2447 5533 quia
2480 5462 2534 5516 in
2579 5459 2868 5515 Alexandri
2918 5457 3252 5512 mentionem
3301 5458 3497 5516 incidi-

246 5559 490 5629 ἱστορίας
553 5557 714 5627 λόγος
775 5558 1095 5628 πεποίηται,
1130 5556 1300 5611 καλὸν
1359 5561 1450 5611 καὶ
1498 5558 1690 5610 τούτου
1720 5558 1820 5620 τάς

1927 5569 2043 5608 mus
2064 5594 2079 5620 ,
2114 5568 2220 5607 non
2262 5552 2503 5605 alienum
2530 5549 2694 5603 fuerit
2723 5589 2737 5612 ,
2768 5547 2929 5614 hujus
2953 5547 3117 5598 ctiam
3166 5562 3254 5601 res
3282 5562 3463 5618 gestas
3483 5593 3498 5613 ,

244 5654 477 5723 πράξεις
508 5673 569 5708 τε
600 5655 696 5709 καὶ
724 5651 791 5705 τά
850 5651 981 5722 ἢθη,
1034 5654 1129 5706 καὶ
1153 5651 1279 5706 ὅθεν
1333 5654 1444 5704 κάκ
1486 5650 1648 5704 τίνων
1693 5650 1819 5717 ἔφυ,

1927 5659 2103 5700 mores
2146 5653 2200 5699 et
2256 5642 2465 5697 natales
2525 5638 2895 5709 ptrstriugcre
2952 5637 3196 5691 breviter
3247 5654 3266 5693 :
3322 5656 3498 5710 eoque

244 5748 369 5799 κατ’
401 5748 711 5822 ιπιδρομὴν
738 5745 1129 5817 διηγήσασθαι,
1174 5745 1272 5799 καὶ
1297 5743 1473 5807 οὕτως
1499 5743 1661 5807 αὖθις
1684 5745 1821 5796 ἐπα-

1927 5737 2086 5801 facto,
2138 5735 2204 5790 ad
2242 5735 2505 5803 institutae
2556 5731 2796 5793 historia:
2847 5731 3045 5786 seriem
3103 5733 3285 5789 redire
3341 5750 3356 5787 :
3414 5733 3498 5787 vel

246 5841 505 5909 ναγαγιίν
532 5838 805 5909 τὸνλόγον
833 5837 972 5908 πρὸς
1009 5835 1109 5908 τὴν
1154 5837 1465 5908 συνέχειαν.
1533 5835 1641 5889 Καὶ
1684 5832 1820 5906 μᾶλ-

1927 5844 1980 5886 ea
2033 5827 2103 5884 de
2143 5842 2344 5893 causa,
2376 5823 2522 5895 quod
2575 5822 2951 5895 Hierosolyma
2994 5825 3131 5881 adiit
3184 5835 3241 5881 et
3313 5826 3382 5880 ab
3429 5839 3497 5878 eo
