  <div class='ocr_page' id='page_1' title='image "/cluster/home/n/w/nwhite01/storage/ocr_20150623/134/mdp.39015032023197/175.png"; bbox 0 0 3980 6246; ppageno 0'>
   <div class='ocr_carea' id='block_1_1' title="bbox 393 385 502 449">
    <p class='ocr_par' dir='ltr' id='par_1_1' title="bbox 393 385 502 449">
     <span class='ocr_line' id='line_1_1' title="bbox 393 385 502 449; baseline -0.018 0"><span class='ocrx_word' id='word_1_1' title='bbox 393 385 502 449; x_wconf 82' lang='lat'><strong>335</strong></span> 
     </span>
    </p>
   </div>
   <div class='ocr_carea' id='block_1_2' title="bbox 1676 376 2367 442">
    <p class='ocr_par' dir='ltr' id='par_1_2' title="bbox 1676 376 2367 442">
     <span class='ocr_line' id='line_1_2' title="bbox 1676 376 2367 442; baseline -0.006 0"><span class='ocrx_word' id='word_1_2' title='bbox 1676 376 2005 442; x_wconf 82' lang='lat' dir='ltr'><strong>JOANNIS</strong></span> <span class='ocrx_word' id='word_1_3' title='bbox 2030 378 2367 440; x_wconf 69' lang='lat' dir='ltr'><strong>ZONAR/E</strong></span> 
     </span>
    </p>
   </div>
   <div class='ocr_carea' id='block_1_3' title="bbox 3566 378 3674 441">
    <p class='ocr_par' dir='ltr' id='par_1_3' title="bbox 3566 378 3674 441">
     <span class='ocr_line' id='line_1_3' title="bbox 3566 378 3674 441; baseline 0 0"><span class='ocrx_word' id='word_1_4' title='bbox 3566 378 3674 441; x_wconf 75' lang='grc'><strong>336</strong></span> 
     </span>
    </p>
   </div>
   <div class='ocr_carea' id='block_1_4' title="bbox 388 462 1992 566">
    <p class='ocr_par' dir='ltr' id='par_1_4' title="bbox 388 462 1973 566">
     <span class='ocr_line' id='line_1_4' title="bbox 388 462 1973 566; baseline -0.006 -15"><span class='ocrx_word' id='word_1_5' title='bbox 388 462 598 566; x_wconf 73' lang='lat' dir='ltr'><strong>aliquid</strong></span> <span class='ocrx_word' id='word_1_6' title='bbox 648 490 1015 550; x_wconf 82' lang='lat' dir='ltr'><strong>admiratione</strong></span> <span class='ocrx_word' id='word_1_7' title='bbox 1052 489 1278 562; x_wconf 84' lang='lat' dir='ltr'><strong>dignum</strong></span> <span class='ocrx_word' id='word_1_8' title='bbox 1314 496 1369 543; x_wconf 89' lang='lat' dir='ltr'><strong>et</strong></span> <span class='ocrx_word' id='word_1_9' title='bbox 1411 485 1659 559; x_wconf 79' lang='lat' dir='ltr'><strong>pontiﬁci</strong></span> <span class='ocrx_word' id='word_1_10' title='bbox 1684 496 1740 543; x_wconf 90' lang='lat' dir='ltr'><strong>et</strong></span> <span class='ocrx_word' id='word_1_11' title='bbox 1771 487 1973 559; x_wconf 89' lang='lat' dir='ltr'><strong>populo</strong></span> 
     </span>
    </p>
   </div>
   <div class='ocr_carea' id='block_1_5' title="bbox 2098 462 3673 566">
    <p class='ocr_par' dir='ltr' id='par_1_5' title="bbox 2098 480 3673 559">
     <span class='ocr_line' id='line_1_5' title="bbox 2098 480 3673 559; baseline 0 -18"><span class='ocrx_word' id='word_1_12' title='bbox 2098 503 2191 553; x_wconf 87' lang='grc' dir='ltr'>.ον,</span> <span class='ocrx_word' id='word_1_13' title='bbox 2242 487 2327 540; x_wconf 76' lang='grc' dir='ltr'><strong>ὅτι</strong></span> <span class='ocrx_word' id='word_1_14' title='bbox 2359 485 2455 540; x_wconf 76' lang='grc' dir='ltr'><strong>καὶ</strong></span> <span class='ocrx_word' id='word_1_15' title='bbox 2506 487 2624 551; x_wconf 81' lang='grc' dir='ltr'>τοῖς</span> <span class='ocrx_word' id='word_1_16' title='bbox 2687 485 3092 559; x_wconf 76' lang='grc' dir='ltr'>Ἱεροσολύμοις</span> <span class='ocrx_word' id='word_1_17' title='bbox 3140 480 3296 552; x_wconf 75' lang='grc' dir='ltr'>οὗτος</span> <span class='ocrx_word' id='word_1_18' title='bbox 3332 488 3360 540; x_wconf 84' lang='grc' dir='ltr'><strong>ὁ</strong></span> <span class='ocrx_word' id='word_1_19' title='bbox 3412 486 3673 558; x_wconf 81' lang='grc' dir='ltr'>βασιλεὺς</span> 
     </span>
    </p>
   </div>
   <div class='ocr_carea' id='block_1_6' title="bbox 389 582 1973 662">
    <p class='ocr_par' dir='ltr' id='par_1_6' title="bbox 389 582 1973 662">
     <span class='ocr_line' id='line_1_6' title="bbox 389 582 1973 662; baseline -0.008 -12"><span class='ocrx_word' id='word_1_20' title='bbox 389 592 626 658; x_wconf 88' lang='lat' dir='ltr'><strong>accidit,</strong></span> <span class='ocrx_word' id='word_1_21' title='bbox 668 599 833 662; x_wconf 85' lang='lat' dir='ltr'><strong>atque</strong></span> <span class='ocrx_word' id='word_1_22' title='bbox 886 588 999 659; x_wconf 89' lang='lat' dir='ltr'><strong>ipse</strong></span> <span class='ocrx_word' id='word_1_23' title='bbox 1048 587 1291 642; x_wconf 87' lang='lat' dir='ltr'><strong>divinam</strong></span> <span class='ocrx_word' id='word_1_24' title='bbox 1357 585 1650 656; x_wconf 80' lang='lat' dir='ltr'><strong>quamdam</strong></span> <span class='ocrx_word' id='word_1_25' title='bbox 1705 582 1973 639; x_wconf 83' lang='lat' dir='ltr'><strong>visionem</strong></span> 
     </span>
    </p>
   </div>
   <div class='ocr_carea' id='block_1_7' title="bbox 388 677 1972 759">
    <p class='ocr_par' dir='ltr' id='par_1_7' title="bbox 388 677 1972 759">
     <span class='ocr_line' id='line_1_7' title="bbox 388 677 1972 759; baseline -0.009 -15"><span class='ocrx_word' id='word_1_26' title='bbox 388 686 686 759; x_wconf 63' lang='lat' dir='ltr'><strong>exposuit.</strong></span> <span class='ocrx_word' id='word_1_27' title='bbox 738 692 797 738; x_wconf 88' lang='lat' dir='ltr'><strong>ut</strong></span> <span class='ocrx_word' id='word_1_28' title='bbox 838 682 1113 751; x_wconf 75' lang='lat' dir='ltr'><strong>Iosephus</strong></span> <span class='ocrx_word' id='word_1_29' title='bbox 1159 679 1366 745; x_wconf 86' lang='lat' dir='ltr'><strong>refert,</strong></span> <span class='ocrx_word' id='word_1_30' title='bbox 1394 694 1516 749; x_wconf 80' lang='lat' dir='ltr'><strong>qme</strong></span> <span class='ocrx_word' id='word_1_31' title='bbox 1570 677 1623 732; x_wconf 90' lang='lat' dir='ltr'><strong>in</strong></span> <span class='ocrx_word' id='word_1_32' title='bbox 1680 690 1972 748; x_wconf 88' lang='lat' dir='ltr'><strong>progressu</strong></span> 
     </span>
    </p>
   </div>
   <div class='ocr_carea' id='block_1_8' title="bbox 390 769 1977 852">
    <p class='ocr_par' dir='ltr' id='par_1_8' title="bbox 390 769 1977 852">
     <span class='ocr_line' id='line_1_8' title="bbox 390 769 1977 852; baseline -0.008 -17"><span class='ocrx_word' id='word_1_33' title='bbox 390 782 511 852; x_wconf 88' lang='lat' dir='ltr'><strong>ejus</strong></span> <span class='ocrx_word' id='word_1_34' title='bbox 539 780 787 834; x_wconf 71' lang='lat' dir='ltr'><strong>historiae</strong></span> <span class='ocrx_word' id='word_1_35' title='bbox 828 774 1160 830; x_wconf 72' lang='lat' dir='ltr'><strong>referentur.</strong></span> <span class='ocrx_word' id='word_1_36' title='bbox 1207 772 1306 827; x_wconf 86' lang='lat' dir='ltr'><strong>Hic</strong></span> <span class='ocrx_word' id='word_1_37' title='bbox 1337 771 1572 841; x_wconf 82' lang='lat' dir='ltr'><strong>Philippi</strong></span> <span class='ocrx_word' id='word_1_38' title='bbox 1622 771 1768 840; x_wconf 82' lang='lat' dir='ltr'><strong>regis</strong></span> <span class='ocrx_word' id='word_1_39' title='bbox 1798 769 1977 824; x_wconf 63' lang='lat' dir='ltr'><strong>Mace~</strong></span> 
     </span>
    </p>
   </div>
   <div class='ocr_carea' id='block_1_9' title="bbox 390 862 1977 936">
    <p class='ocr_par' dir='ltr' id='par_1_9' title="bbox 390 862 1977 936">
     <span class='ocr_line' id='line_1_9' title="bbox 390 862 1977 936; baseline -0.009 -8"><span class='ocrx_word' id='word_1_40' title='bbox 390 873 598 929; x_wconf 85' lang='lat' dir='ltr'><strong>donum</strong></span> <span class='ocrx_word' id='word_1_41' title='bbox 637 871 780 925; x_wconf 82' lang='lat' dir='ltr'><strong>ﬁlius</strong></span> <span class='ocrx_word' id='word_1_42' title='bbox 829 868 931 922; x_wconf 79' lang='lat' dir='ltr'><strong>fuit</strong></span> <span class='ocrx_word' id='word_1_43' title='bbox 957 909 973 933; x_wconf 95' lang='lat'><strong>,</strong></span> <span class='ocrx_word' id='word_1_44' title='bbox 1023 876 1185 921; x_wconf 89' lang='lat' dir='ltr'><strong>natus</strong></span> <span class='ocrx_word' id='word_1_45' title='bbox 1213 880 1280 918; x_wconf 76' lang='lat' dir='ltr'><strong>ex</strong></span> <span class='ocrx_word' id='word_1_46' title='bbox 1313 862 1656 936; x_wconf 86' lang='lat' dir='ltr'><strong>Olympiade.</strong></span> <span class='ocrx_word' id='word_1_47' title='bbox 1707 864 1977 918; x_wconf 67' lang='lat' dir='ltr'><strong>Caaterum</strong></span> 
     </span>
    </p>
   </div>
   <div class='ocr_carea' id='block_1_10' title="bbox 391 953 1979 1026">
    <p class='ocr_par' dir='ltr' id='par_1_10' title="bbox 391 953 1979 1026">
     <span class='ocr_line' id='line_1_10' title="bbox 391 953 1979 1026; baseline -0.007 -5"><span class='ocrx_word' id='word_1_48' title='bbox 391 965 713 1022; x_wconf 81' lang='lat' dir='ltr'><strong>fabulantur</strong></span> <span class='ocrx_word' id='word_1_49' title='bbox 759 977 888 1018; x_wconf 89' lang='lat' dir='ltr'><strong>eum</strong></span> <span class='ocrx_word' id='word_1_50' title='bbox 922 960 1228 1016; x_wconf 83' lang='lat' dir='ltr'><strong>Hammone</strong></span> <span class='ocrx_word' id='word_1_51' title='bbox 1257 966 1437 1011; x_wconf 90' lang='lat' dir='ltr'><strong>satum</strong></span> <span class='ocrx_word' id='word_1_52' title='bbox 1481 972 1601 1012; x_wconf 90' lang='lat' dir='ltr'><strong>esse</strong></span> <span class='ocrx_word' id='word_1_53' title='bbox 1624 998 1640 1022; x_wconf 92' lang='lat'><strong>,</strong></span> <span class='ocrx_word' id='word_1_54' title='bbox 1668 954 1762 1026; x_wconf 86' lang='lat' dir='ltr'><strong>qui</strong></span> <span class='ocrx_word' id='word_1_55' title='bbox 1795 953 1979 1025; x_wconf 83' lang='lat' dir='ltr'><strong>specie</strong></span> 
     </span>
    </p>
   </div>
   <div class='ocr_carea' id='block_1_11' title="bbox 393 1046 1977 1127">
    <p class='ocr_par' dir='ltr' id='par_1_11' title="bbox 393 1046 1977 1127">
     <span class='ocr_line' id='line_1_11' title="bbox 393 1046 1977 1127; baseline -0.008 -14"><span class='ocrx_word' id='word_1_56' title='bbox 393 1057 653 1113; x_wconf 79' lang='lat' dir='ltr'><strong>draconis</strong></span> <span class='ocrx_word' id='word_1_57' title='bbox 686 1053 1064 1127; x_wconf 86' lang='lat' dir='ltr'><strong>Olympiadem</strong></span> <span class='ocrx_word' id='word_1_58' title='bbox 1083 1051 1251 1106; x_wconf 79' lang='lat' dir='ltr'><strong>fuerit</strong></span> <span class='ocrx_word' id='word_1_59' title='bbox 1281 1050 1586 1120; x_wconf 82' lang='lat' dir='ltr'><strong>amplexus.</strong></span> <span class='ocrx_word' id='word_1_60' title='bbox 1617 1046 1977 1104; x_wconf 84' lang='lat' dir='ltr'><strong>Hammonem</strong></span> 
     </span>
    </p>
   </div>
   <div class='ocr_carea' id='block_1_12' title="bbox 393 1138 1980 1213">
    <p class='ocr_par' dir='ltr' id='par_1_12' title="bbox 393 1138 1980 1213">
     <span class='ocr_line' id='line_1_12' title="bbox 393 1138 1980 1213; baseline -0.006 -11"><span class='ocrx_word' id='word_1_61' title='bbox 393 1155 577 1203; x_wconf 88' lang='lat' dir='ltr'><strong>autem</strong></span> <span class='ocrx_word' id='word_1_62' title='bbox 608 1146 798 1202; x_wconf 84' lang='lat' dir='ltr'><strong>Jovem</strong></span> <span class='ocrx_word' id='word_1_63' title='bbox 845 1142 1123 1213; x_wconf 87' lang='lat' dir='ltr'><strong>appellant</strong></span> <span class='ocrx_word' id='word_1_64' title='bbox 1168 1160 1180 1195; x_wconf 95' lang='lat'>:</span> <span class='ocrx_word' id='word_1_65' title='bbox 1230 1143 1327 1197; x_wconf 87' lang='lat' dir='ltr'><strong>sed</strong></span> <span class='ocrx_word' id='word_1_66' title='bbox 1375 1139 1481 1194; x_wconf 90' lang='lat' dir='ltr'><strong>hoc</strong></span> <span class='ocrx_word' id='word_1_67' title='bbox 1525 1138 1836 1194; x_wconf 85' lang='lat' dir='ltr'><strong>fabulosum</strong></span> <span class='ocrx_word' id='word_1_68' title='bbox 1873 1148 1980 1193; x_wconf 90' lang='lat' dir='ltr'><strong>est.</strong></span> 
     </span>
    </p>
   </div>
   <div class='ocr_carea' id='block_1_13' title="bbox 392 1235 1982 1304">
    <p class='ocr_par' dir='ltr' id='par_1_13' title="bbox 392 1235 1982 1304">
     <span class='ocr_line' id='line_1_13' title="bbox 392 1235 1982 1304; baseline -0.008 -6"><span class='ocrx_word' id='word_1_69' title='bbox 392 1241 534 1299; x_wconf 78' lang='lat' dir='ltr'><strong>Illud</strong></span> <span class='ocrx_word' id='word_1_70' title='bbox 565 1250 751 1296; x_wconf 89' lang='lat' dir='ltr'><strong>autem</strong></span> <span class='ocrx_word' id='word_1_71' title='bbox 792 1236 992 1302; x_wconf 81' lang='lat' dir='ltr'><strong>fertur,</strong></span> <span class='ocrx_word' id='word_1_72' title='bbox 1027 1248 1259 1290; x_wconf 79' lang='lat' dir='ltr'><strong>matrem</strong></span> <span class='ocrx_word' id='word_1_73' title='bbox 1291 1235 1415 1304; x_wconf 85' lang='lat' dir='ltr'><strong>ejus</strong></span> <span class='ocrx_word' id='word_1_74' title='bbox 1452 1244 1580 1288; x_wconf 86' lang='lat' dir='ltr'><strong>ante</strong></span> <span class='ocrx_word' id='word_1_75' title='bbox 1609 1247 1729 1287; x_wconf 88' lang='lat' dir='ltr'><strong>eam</strong></span> <span class='ocrx_word' id='word_1_76' title='bbox 1760 1239 1982 1288; x_wconf 89' lang='lat' dir='ltr'><strong>noctem</strong></span> 
     </span>
    </p>
   </div>
   <div class='ocr_carea' id='block_1_14' title="bbox 396 1325 1982 1407">
    <p class='ocr_par' dir='ltr' id='par_1_14' title="bbox 396 1325 1982 1407">
     <span class='ocr_line' id='line_1_14' title="bbox 396 1325 1982 1407; baseline -0.006 -17"><span class='ocrx_word' id='word_1_77' title='bbox 396 1351 505 1407; x_wconf 84' lang='lat' dir='ltr'><strong>qua</strong></span> <span class='ocrx_word' id='word_1_78' title='bbox 545 1349 670 1388; x_wconf 91' lang='lat' dir='ltr'><strong>cum</strong></span> <span class='ocrx_word' id='word_1_79' title='bbox 721 1330 979 1400; x_wconf 89' lang='lat' dir='ltr'><strong>Philippo</strong></span> <span class='ocrx_word' id='word_1_80' title='bbox 1016 1325 1423 1407; x_wconf 89' lang='lat' dir='ltr'><strong>concubuerit,</strong></span> <span class='ocrx_word' id='word_1_81' title='bbox 1456 1325 1676 1381; x_wconf 90' lang='lat' dir='ltr'><strong>somnio</strong></span> <span class='ocrx_word' id='word_1_82' title='bbox 1717 1335 1942 1395; x_wconf 86' lang='lat' dir='ltr'><strong>putasse</strong></span> <span class='ocrx_word' id='word_1_83' title='bbox 1967 1365 1982 1391; x_wconf 93' lang='lat'><strong>,</strong></span> 
     </span>
    </p>
   </div>
   <div class='ocr_carea' id='block_1_15' title="bbox 394 1406 2009 1495">
    <p class='ocr_par' dir='ltr' id='par_1_15' title="bbox 394 1406 2009 1495">
     <span class='ocr_line' id='line_1_15' title="bbox 394 1406 2009 1495; baseline -0.006 -14"><span class='ocrx_word' id='word_1_84' title='bbox 394 1406 607 1495; x_wconf 74' lang='lat' dir='ltr'><strong>fulmen</strong></span> <span class='ocrx_word' id='word_1_85' title='bbox 646 1426 701 1478; x_wconf 91' lang='lat' dir='ltr'><strong>in</strong></span> <span class='ocrx_word' id='word_1_86' title='bbox 734 1431 955 1478; x_wconf 86' lang='lat' dir='ltr'><strong>uterum</strong></span> <span class='ocrx_word' id='word_1_87' title='bbox 997 1406 1158 1476; x_wconf 85' lang='lat' dir='ltr'><strong>suum</strong></span> <span class='ocrx_word' id='word_1_88' title='bbox 1196 1420 1451 1489; x_wconf 88' lang='lat' dir='ltr'><strong>illapsum</strong></span> <span class='ocrx_word' id='word_1_89' title='bbox 1479 1432 1602 1474; x_wconf 86' lang='lat' dir='ltr'><strong>esse</strong></span> <span class='ocrx_word' id='word_1_90' title='bbox 1624 1456 1640 1483; x_wconf 94' lang='lat'><strong>,</strong></span> <span class='ocrx_word' id='word_1_91' title='bbox 1664 1425 1828 1488; x_wconf 84' lang='lat' dir='ltr'><strong>atque</strong></span> <span class='ocrx_word' id='word_1_92' title='bbox 1858 1418 2009 1485; x_wconf 28' lang='lat' dir='ltr'><strong>inde,</strong></span> 
     </span>
    </p>
   </div>
   <div class='ocr_carea' id='block_1_16' title="bbox 400 1513 1984 1590">
    <p class='ocr_par' dir='ltr' id='par_1_16' title="bbox 400 1513 1984 1590">
     <span class='ocr_line' id='line_1_16' title="bbox 400 1513 1984 1590; baseline -0.006 -16"><span class='ocrx_word' id='word_1_93' title='bbox 400 1533 650 1590; x_wconf 81' lang='lat' dir='ltr'><strong>magnam</strong></span> <span class='ocrx_word' id='word_1_94' title='bbox 706 1514 984 1571; x_wconf 73' lang='lat' dir='ltr'><strong>exstitisse</strong></span> <span class='ocrx_word' id='word_1_95' title='bbox 1037 1513 1312 1569; x_wconf 84' lang='lat' dir='ltr'><strong>ﬂammam</strong></span> <span class='ocrx_word' id='word_1_96' title='bbox 1362 1530 1376 1566; x_wconf 87' lang='lat'><strong>:</strong></span> <span class='ocrx_word' id='word_1_97' title='bbox 1427 1527 1551 1583; x_wconf 65' lang='lat' dir='ltr'><strong>qua:</strong></span> <span class='ocrx_word' id='word_1_98' title='bbox 1601 1526 1729 1567; x_wconf 90' lang='lat' dir='ltr'><strong>cum</strong></span> <span class='ocrx_word' id='word_1_99' title='bbox 1782 1513 1984 1582; x_wconf 78' lang='lat' dir='ltr'><strong>passim</strong></span> 
     </span>
    </p>
   </div>
   <div class='ocr_carea' id='block_1_17' title="bbox 399 1604 1985 1682">
    <p class='ocr_par' dir='ltr' id='par_1_17' title="bbox 399 1604 1985 1682">
     <span class='ocr_line' id='line_1_17' title="bbox 399 1604 1985 1682; baseline -0.005 -17"><span class='ocrx_word' id='word_1_100' title='bbox 399 1619 695 1682; x_wconf 73' lang='lat' dir='ltr'><strong>vagaretur</strong></span> <span class='ocrx_word' id='word_1_101' title='bbox 734 1651 750 1675; x_wconf 96' lang='lat'><strong>,</strong></span> <span class='ocrx_word' id='word_1_102' title='bbox 806 1617 1185 1663; x_wconf 82' lang='lat' dir='ltr'><strong>evanesceret.</strong></span> <span class='ocrx_word' id='word_1_103' title='bbox 1280 1605 1412 1660; x_wconf 88' lang='lat' dir='ltr'><strong>Post</strong></span> <span class='ocrx_word' id='word_1_104' title='bbox 1479 1604 1702 1674; x_wconf 87' lang='lat' dir='ltr'><strong>nuptias</strong></span> <span class='ocrx_word' id='word_1_105' title='bbox 1744 1643 1760 1668; x_wconf 89' lang='lat'><strong>,</strong></span> <span class='ocrx_word' id='word_1_106' title='bbox 1822 1613 1985 1673; x_wconf 87' lang='lat' dir='ltr'><strong>puta-</strong></span> 
     </span>
    </p>
   </div>
   <div class='ocr_carea' id='block_1_18' title="bbox 399 1695 1990 1772">
    <p class='ocr_par' dir='ltr' id='par_1_18' title="bbox 399 1695 1990 1772">
     <span class='ocr_line' id='line_1_18' title="bbox 399 1695 1990 1772; baseline -0.007 -14"><span class='ocrx_word' id='word_1_107' title='bbox 399 1705 493 1759; x_wconf 92' lang='lat' dir='ltr'><strong>bat</strong></span> <span class='ocrx_word' id='word_1_108' title='bbox 536 1702 822 1772; x_wconf 86' lang='lat' dir='ltr'><strong>Philippus</strong></span> <span class='ocrx_word' id='word_1_109' title='bbox 875 1715 935 1755; x_wconf 89' lang='lat' dir='ltr'><strong>se</strong></span> <span class='ocrx_word' id='word_1_110' title='bbox 991 1699 1308 1770; x_wconf 88' lang='lat' dir='ltr'><strong>imprimere</strong></span> <span class='ocrx_word' id='word_1_111' title='bbox 1357 1695 1599 1765; x_wconf 83' lang='lat' dir='ltr'><strong>sigillum</strong></span> <span class='ocrx_word' id='word_1_112' title='bbox 1652 1704 1812 1749; x_wconf 79' lang='lat' dir='ltr'><strong>utero</strong></span> <span class='ocrx_word' id='word_1_113' title='bbox 1863 1710 1990 1749; x_wconf 78' lang='lat' dir='ltr'><strong>uxo-</strong></span> 
     </span>
    </p>
   </div>
   <div class='ocr_carea' id='block_1_19' title="bbox 402 1786 1989 1861">
    <p class='ocr_par' dir='ltr' id='par_1_19' title="bbox 402 1786 1989 1861">
     <span class='ocr_line' id='line_1_19' title="bbox 402 1786 1989 1861; baseline -0.004 -13"><span class='ocrx_word' id='word_1_114' title='bbox 402 1795 523 1859; x_wconf 86' lang='lat' dir='ltr'><strong>ris,</strong></span> <span class='ocrx_word' id='word_1_115' title='bbox 590 1793 770 1848; x_wconf 88' lang='lat' dir='ltr'><strong>leonis</strong></span> <span class='ocrx_word' id='word_1_116' title='bbox 817 1790 1079 1861; x_wconf 80' lang='lat' dir='ltr'><strong>imagine.</strong></span> <span class='ocrx_word' id='word_1_117' title='bbox 1152 1788 1210 1843; x_wconf 83' lang='lat' dir='ltr'><strong>ld</strong></span> <span class='ocrx_word' id='word_1_118' title='bbox 1237 1787 1515 1843; x_wconf 85' lang='lat' dir='ltr'><strong>somnium</strong></span> <span class='ocrx_word' id='word_1_119' title='bbox 1581 1786 1989 1859; x_wconf 71' lang='lat' dir='ltr'><strong>coniectoribus</strong></span> 
     </span>
    </p>
   </div>
   <div class='ocr_carea' id='block_1_20' title="bbox 2081 580 3668 652">
    <p class='ocr_par' dir='ltr' id='par_1_20' title="bbox 2081 580 3668 652">
     <span class='ocr_line' id='line_1_20' title="bbox 2081 580 3668 652; baseline -0.001 -17"><span class='ocrx_word' id='word_1_120' title='bbox 2081 582 2423 652; x_wconf 79' lang='grc' dir='ltr'>ἐπεδήμησε,</span> <span class='ocrx_word' id='word_1_121' title='bbox 2457 581 2553 635; x_wconf 85' lang='grc' dir='ltr'><strong>καί</strong></span> <span class='ocrx_word' id='word_1_122' title='bbox 2590 599 2644 635; x_wconf 87' lang='grc' dir='ltr'><strong>τι</strong></span> <span class='ocrx_word' id='word_1_123' title='bbox 2675 580 2958 649; x_wconf 78' lang='grc' dir='ltr'><strong>θαύματος</strong></span> <span class='ocrx_word' id='word_1_124' title='bbox 2991 580 3147 649; x_wconf 74' lang='grc' dir='ltr'>ἀξιον</span> <span class='ocrx_word' id='word_1_125' title='bbox 3176 582 3372 652; x_wconf 77' lang='grc' dir='ltr'>γέγονε</span> <span class='ocrx_word' id='word_1_126' title='bbox 3402 580 3544 652; x_wconf 78' lang='grc' dir='ltr'>πρὸς</span> <span class='ocrx_word' id='word_1_127' title='bbox 3572 582 3668 636; x_wconf 76' lang='grc' dir='ltr'>τὸν</span> 
     </span>
    </p>
   </div>
   <div class='ocr_carea' id='block_1_21' title="bbox 2082 672 3670 746">
    <p class='ocr_par' dir='ltr' id='par_1_21' title="bbox 2082 672 3670 746">
     <span class='ocr_line' id='line_1_21' title="bbox 2082 672 3670 746; baseline -0.002 -19"><span class='ocrx_word' id='word_1_128' title='bbox 2082 674 2344 746; x_wconf 73' lang='grc' dir='ltr'><strong>ἀρχιερέα</strong></span> <span class='ocrx_word' id='word_1_129' title='bbox 2373 678 2467 727; x_wconf 73' lang='grc' dir='ltr'><strong>καὶ</strong></span> <span class='ocrx_word' id='word_1_130' title='bbox 2502 673 2593 725; x_wconf 82' lang='grc' dir='ltr'><strong>τὸν</strong></span> <span class='ocrx_word' id='word_1_131' title='bbox 2612 673 2741 726; x_wconf 80' lang='grc' dir='ltr'>λα’,ν</span> <span class='ocrx_word' id='word_1_132' title='bbox 2772 673 2829 739; x_wconf 76' lang='grc' dir='ltr'>ἐξ</span> <span class='ocrx_word' id='word_1_133' title='bbox 2864 672 3060 728; x_wconf 74' lang='grc' dir='ltr'>αὐτοῦ.</span> <span class='ocrx_word' id='word_1_134' title='bbox 3108 673 3219 726; x_wconf 63' lang='lat' dir='ltr'><strong>Kal</strong></span> <span class='ocrx_word' id='word_1_135' title='bbox 3247 672 3411 736; x_wconf 81' lang='grc' dir='ltr'>αὐτός</span> <span class='ocrx_word' id='word_1_136' title='bbox 3444 689 3497 725; x_wconf 86' lang='grc' dir='ltr'><strong>τι</strong></span> <span class='ocrx_word' id='word_1_137' title='bbox 3522 672 3670 725; x_wconf 75' lang='grc' dir='ltr'>θεῖον</span> 
     </span>
    </p>
   </div>
   <div class='ocr_carea' id='block_1_22' title="bbox 2081 763 3676 838">
    <p class='ocr_par' dir='ltr' id='par_1_22' title="bbox 2081 763 3676 838">
     <span class='ocr_line' id='line_1_22' title="bbox 2081 763 3676 838; baseline -0.002 -18"><span class='ocrx_word' id='word_1_138' title='bbox 2081 768 2266 838; x_wconf 76' lang='grc' dir='ltr'>ὅραμα</span> <span class='ocrx_word' id='word_1_139' title='bbox 2302 765 2628 836; x_wconf 77' lang='grc' dir='ltr'>διηγήσατο,</span> <span class='ocrx_word' id='word_1_140' title='bbox 2655 766 2731 825; x_wconf 75' lang='grc' dir='ltr'>ὡς</span> <span class='ocrx_word' id='word_1_141' title='bbox 2775 766 3043 836; x_wconf 75' lang='grc' dir='ltr'>Ἰώσηπος</span> <span class='ocrx_word' id='word_1_142' title='bbox 3087 767 3312 835; x_wconf 77' lang='grc' dir='ltr'>ἱστορεῖ,</span> <span class='ocrx_word' id='word_1_143' title='bbox 3343 763 3380 819; x_wconf 75' lang='grc' dir='ltr'>ἃ</span> <span class='ocrx_word' id='word_1_144' title='bbox 3408 765 3616 833; x_wconf 82' lang='grc' dir='ltr'>προῖὼν</span> <span class='ocrx_word' id='word_1_145' title='bbox 3645 767 3676 817; x_wconf 81' lang='grc' dir='ltr'><strong>ὁ</strong></span> 
     </span>
    </p>
   </div>
   <div class='ocr_carea' id='block_1_23' title="bbox 2080 852 3678 931">
    <p class='ocr_par' dir='ltr' id='par_1_23' title="bbox 2080 852 3678 931">
     <span class='ocr_line' id='line_1_23' title="bbox 2080 852 3678 931; baseline -0.002 -18"><span class='ocrx_word' id='word_1_146' title='bbox 2080 861 2240 929; x_wconf 85' lang='grc' dir='ltr'>λόγος</span> <span class='ocrx_word' id='word_1_147' title='bbox 2263 860 2403 930; x_wconf 86' lang='grc' dir='ltr'>μετὰ</span> <span class='ocrx_word' id='word_1_148' title='bbox 2418 860 2521 928; x_wconf 84' lang='grc' dir='ltr'>τὴν</span> <span class='ocrx_word' id='word_1_149' title='bbox 2554 861 2684 930; x_wconf 66' lang='grc' dir='ltr'><strong>περ)⁵</strong></span> <span class='ocrx_word' id='word_1_150' title='bbox 2713 859 2881 912; x_wconf 72' lang='grc' dir='ltr'>αὐτοῦ</span> <span class='ocrx_word' id='word_1_151' title='bbox 2917 857 3161 929; x_wconf 81' lang='grc' dir='ltr'><strong>ἱστορίαν</strong></span> <span class='ocrx_word' id='word_1_152' title='bbox 3181 856 3538 931; x_wconf 65' lang='grc' dir='ltr'>(Ηγδιδάξει,</span> <span class='ocrx_word' id='word_1_153' title='bbox 3576 852 3678 911; x_wconf 68' lang='grc' dir='ltr'><strong>Οἶδα</strong></span> 
     </span>
    </p>
   </div>
   <div class='ocr_carea' id='block_1_24' title="bbox 2083 948 3676 1024">
    <p class='ocr_par' dir='ltr' id='par_1_24' title="bbox 2083 948 3676 1024">
     <span class='ocr_line' id='line_1_24' title="bbox 2083 948 3676 1024; baseline -0.004 -17"><span class='ocrx_word' id='word_1_154' title='bbox 2083 970 2174 1017; x_wconf 85' lang='grc' dir='ltr'><strong>τος</strong></span> <span class='ocrx_word' id='word_1_155' title='bbox 2186 953 2457 1007; x_wconf 82' lang='grc' dir='ltr'>Φιλίππου</span> <span class='ocrx_word' id='word_1_156' title='bbox 2488 953 2587 1023; x_wconf 81' lang='grc' dir='ltr'>μὲν</span> <span class='ocrx_word' id='word_1_157' title='bbox 2604 948 2672 1024; x_wconf 78' lang='grc' dir='ltr'>ἢν</span> <span class='ocrx_word' id='word_1_158' title='bbox 2699 951 2795 1006; x_wconf 79' lang='grc' dir='ltr'>τοῦ</span> <span class='ocrx_word' id='word_1_159' title='bbox 2813 952 3148 1006; x_wconf 75' lang='grc' dir='ltr'>Μακεδόνων</span> <span class='ocrx_word' id='word_1_160' title='bbox 3171 950 3440 1022; x_wconf 81' lang='grc' dir='ltr'>βασιλέως</span> <span class='ocrx_word' id='word_1_161' title='bbox 3459 951 3595 1015; x_wconf 84' lang='grc' dir='ltr'>υἱὸς,</span> <span class='ocrx_word' id='word_1_162' title='bbox 3616 949 3676 1016; x_wconf 75' lang='grc' dir='ltr'>ἒξ</span> 
     </span>
    </p>
   </div>
   <div class='ocr_carea' id='block_1_25' title="bbox 2084 1045 3671 1118">
    <p class='ocr_par' dir='ltr' id='par_1_25' title="bbox 2084 1045 3671 1118">
     <span class='ocr_line' id='line_1_25' title="bbox 2084 1045 3671 1118; baseline -0.004 -16"><span class='ocrx_word' id='word_1_163' title='bbox 2084 1047 2451 1118; x_wconf 76' lang='grc' dir='ltr'><strong>Ὀλυμπιάδος</strong></span> <span class='ocrx_word' id='word_1_164' title='bbox 2485 1047 2634 1118; x_wconf 79' lang='grc' dir='ltr'>αὐτῷ</span> <span class='ocrx_word' id='word_1_165' title='bbox 2660 1048 2971 1117; x_wconf 74' lang='grc' dir='ltr'>γεννηθείς.</span> <span class='ocrx_word' id='word_1_166' title='bbox 3007 1045 3326 1101; x_wconf 80' lang='grc' dir='ltr'>Μυθεύεται</span> <span class='ocrx_word' id='word_1_167' title='bbox 3350 1045 3406 1097; x_wconf 80' lang='grc' dir='ltr'><strong>δὲ</strong></span> <span class='ocrx_word' id='word_1_168' title='bbox 3438 1046 3671 1114; x_wconf 80' lang='grc' dir='ltr'>Ἀμμω-</span> 
     </span>
    </p>
   </div>
   <div class='ocr_carea' id='block_1_26' title="bbox 2085 1136 3680 1211">
    <p class='ocr_par' dir='ltr' id='par_1_26' title="bbox 2085 1136 3680 1211">
     <span class='ocr_line' id='line_1_26' title="bbox 2085 1136 3680 1211; baseline -0.006 -15"><span class='ocrx_word' id='word_1_169' title='bbox 2085 1158 2174 1196; x_wconf 76' lang='lat' dir='ltr'><strong>voc</strong></span> <span class='ocrx_word' id='word_1_170' title='bbox 2211 1137 2354 1195; x_wconf 81' lang='grc' dir='ltr'>εἶναι</span> <span class='ocrx_word' id='word_1_171' title='bbox 2399 1141 2538 1208; x_wconf 74' lang='grc' dir='ltr'>υίὸς,</span> <span class='ocrx_word' id='word_1_172' title='bbox 2581 1141 2641 1194; x_wconf 82' lang='grc' dir='ltr'><strong>ἐν</strong></span> <span class='ocrx_word' id='word_1_173' title='bbox 2705 1139 2838 1192; x_wconf 84' lang='grc' dir='ltr'>εἴδει</span> <span class='ocrx_word' id='word_1_174' title='bbox 2888 1139 3189 1211; x_wconf 81' lang='grc' dir='ltr'>δράκοντος</span> <span class='ocrx_word' id='word_1_175' title='bbox 3228 1138 3297 1208; x_wconf 73' lang='grc' dir='ltr'>τῇ</span> <span class='ocrx_word' id='word_1_176' title='bbox 3346 1136 3680 1207; x_wconf 74' lang='grc' dir='ltr'>Ὀλυμπιάει</span> 
     </span>
    </p>
   </div>
   <div class='ocr_carea' id='block_1_27' title="bbox 2088 1228 3679 1305">
    <p class='ocr_par' dir='ltr' id='par_1_27' title="bbox 2088 1228 3679 1305">
     <span class='ocr_line' id='line_1_27' title="bbox 2088 1228 3679 1305; baseline -0.006 -15"><span class='ocrx_word' id='word_1_177' title='bbox 2088 1235 2574 1299; x_wconf 79' lang='grc' dir='ltr'>συνευνασθέντος.</span> <span class='ocrx_word' id='word_1_178' title='bbox 2610 1233 2890 1305; x_wconf 83' lang='grc' dir='ltr'>Ἀμμωνα</span> <span class='ocrx_word' id='word_1_179' title='bbox 2942 1233 3000 1286; x_wconf 79' lang='grc' dir='ltr'><strong>δὲ</strong></span> <span class='ocrx_word' id='word_1_180' title='bbox 3046 1232 3139 1285; x_wconf 76' lang='grc' dir='ltr'><strong>τὸν</strong></span> <span class='ocrx_word' id='word_1_181' title='bbox 3173 1231 3273 1283; x_wconf 92' lang='grc' dir='ltr'>Δία</span> <span class='ocrx_word' id='word_1_182' title='bbox 3305 1229 3471 1300; x_wconf 79' lang='grc' dir='ltr'>φασίν</span> <span class='ocrx_word' id='word_1_183' title='bbox 3492 1244 3508 1260; x_wconf 81' lang='grc' dir='ltr'><strong>ο</strong></span> <span class='ocrx_word' id='word_1_184' title='bbox 3536 1228 3679 1282; x_wconf 74' lang='grc' dir='ltr'>ἀλλὰ</span> 
     </span>
    </p>
   </div>
   <div class='ocr_carea' id='block_1_28' title="bbox 2086 1318 3685 1395">
    <p class='ocr_par' dir='ltr' id='par_1_28' title="bbox 2086 1318 3685 1395">
     <span class='ocr_line' id='line_1_28' title="bbox 2086 1318 3685 1395; baseline -0.007 -16"><span class='ocrx_word' id='word_1_185' title='bbox 2086 1326 2249 1379; x_wconf 81' lang='grc' dir='ltr'>τοῦτο</span> <span class='ocrx_word' id='word_1_186' title='bbox 2271 1326 2371 1395; x_wconf 78' lang='grc' dir='ltr'>μὲν</span> <span class='ocrx_word' id='word_1_187' title='bbox 2406 1324 2602 1395; x_wconf 81' lang='grc' dir='ltr'>μῦθος,</span> <span class='ocrx_word' id='word_1_188' title='bbox 2644 1323 2885 1391; x_wconf 81' lang='grc' dir='ltr'><strong>Λέγεται</strong></span> <span class='ocrx_word' id='word_1_189' title='bbox 2909 1323 2969 1376; x_wconf 78' lang='grc' dir='ltr'>δὲ</span> <span class='ocrx_word' id='word_1_190' title='bbox 3004 1322 3105 1393; x_wconf 82' lang='grc' dir='ltr'><strong>τὴν</strong></span> <span class='ocrx_word' id='word_1_191' title='bbox 3135 1320 3348 1392; x_wconf 81' lang='grc' dir='ltr'>μητέρα</span> <span class='ocrx_word' id='word_1_192' title='bbox 3369 1318 3538 1372; x_wconf 82' lang='grc' dir='ltr'>αὐτοῦ</span> <span class='ocrx_word' id='word_1_193' title='bbox 3568 1318 3685 1387; x_wconf 56' lang='grc' dir='ltr'>πρὸ</span> 
     </span>
    </p>
   </div>
   <div class='ocr_carea' id='block_1_29' title="bbox 2086 1409 3683 1489">
    <p class='ocr_par' dir='ltr' id='par_1_29' title="bbox 2086 1409 3683 1489">
     <span class='ocr_line' id='line_1_29' title="bbox 2086 1409 3683 1489; baseline -0.006 -18"><span class='ocrx_word' id='word_1_194' title='bbox 2086 1419 2184 1488; x_wconf 75' lang='grc' dir='ltr'>τῆς</span> <span class='ocrx_word' id='word_1_195' title='bbox 2213 1416 2427 1482; x_wconf 82' lang='grc' dir='ltr'>νυκτὸς,</span> <span class='ocrx_word' id='word_1_196' title='bbox 2455 1409 2583 1489; x_wconf 77' lang='grc' dir='ltr'><strong>ᾖτῷ</strong></span> <span class='ocrx_word' id='word_1_197' title='bbox 2606 1415 2861 1486; x_wconf 77' lang='grc' dir='ltr'>Φιλίππῳ</span> <span class='ocrx_word' id='word_1_198' title='bbox 2881 1412 3362 1482; x_wconf 81' lang='grc' dir='ltr'>συγκατηυνάσθη,</span> <span class='ocrx_word' id='word_1_199' title='bbox 3392 1410 3452 1464; x_wconf 71' lang='grc' dir='ltr'>ἐν</span> <span class='ocrx_word' id='word_1_200' title='bbox 3478 1409 3683 1479; x_wconf 77' lang='grc' dir='ltr'>ὀνείρῳ</span> 
     </span>
    </p>
   </div>
   <div class='ocr_carea' id='block_1_30' title="bbox 2090 1499 3681 1579">
    <p class='ocr_par' dir='ltr' id='par_1_30' title="bbox 2090 1499 3681 1579">
     <span class='ocr_line' id='line_1_30' title="bbox 2090 1499 3681 1579; baseline -0.006 -16"><span class='ocrx_word' id='word_1_201' title='bbox 2090 1509 2233 1573; x_wconf 75' lang='grc' dir='ltr'>Ξὸξαι</span> <span class='ocrx_word' id='word_1_202' title='bbox 2262 1508 2532 1579; x_wconf 84' lang='grc' dir='ltr'>κεραυνὸν</span> <span class='ocrx_word' id='word_1_203' title='bbox 2555 1509 2824 1578; x_wconf 76' lang='grc' dir='ltr'><strong>ἐμπεσεῖν</strong></span> <span class='ocrx_word' id='word_1_204' title='bbox 2851 1506 3024 1575; x_wconf 85' lang='grc' dir='ltr'>αὐτῆς</span> <span class='ocrx_word' id='word_1_205' title='bbox 3062 1506 3130 1575; x_wconf 81' lang='grc' dir='ltr'>τῇ</span> <span class='ocrx_word' id='word_1_206' title='bbox 3161 1502 3386 1575; x_wconf 75' lang='grc' dir='ltr'>γαστρὶ,</span> <span class='ocrx_word' id='word_1_207' title='bbox 3412 1501 3524 1555; x_wconf 82' lang='grc' dir='ltr'><strong>κάκ</strong></span> <span class='ocrx_word' id='word_1_208' title='bbox 3548 1499 3681 1554; x_wconf 80' lang='grc' dir='ltr'>τού-</span> 
     </span>
    </p>
   </div>
   <div class='ocr_carea' id='block_1_31' title="bbox 2086 1585 3687 1672">
    <p class='ocr_par' dir='ltr' id='par_1_31' title="bbox 2086 1585 3687 1672">
     <span class='ocr_line' id='line_1_31' title="bbox 2086 1585 3687 1672; baseline -0.006 -19"><span class='ocrx_word' id='word_1_209' title='bbox 2086 1618 2181 1653; x_wconf 85' lang='grc' dir='ltr'><strong>του</strong></span> <span class='ocrx_word' id='word_1_210' title='bbox 2224 1601 2339 1672; x_wconf 82' lang='grc' dir='ltr'>πῦρ</span> <span class='ocrx_word' id='word_1_211' title='bbox 2370 1585 2676 1670; x_wconf 73' lang='grc' dir='ltr'>ὲξαφθῆναι</span> <span class='ocrx_word' id='word_1_212' title='bbox 2739 1597 2899 1662; x_wconf 81' lang='grc' dir='ltr'>πολὺ,</span> <span class='ocrx_word' id='word_1_213' title='bbox 2950 1597 3045 1651; x_wconf 76' lang='grc' dir='ltr'><strong>καὶ</strong></span> <span class='ocrx_word' id='word_1_214' title='bbox 3080 1598 3244 1651; x_wconf 78' lang='grc' dir='ltr'>τοῦτο</span> <span class='ocrx_word' id='word_1_215' title='bbox 3283 1595 3471 1664; x_wconf 86' lang='grc' dir='ltr'>πάντη</span> <span class='ocrx_word' id='word_1_216' title='bbox 3514 1594 3687 1663; x_wconf 71' lang='grc' dir='ltr'>φερό-</span> 
     </span>
    </p>
   </div>
   <div class='ocr_carea' id='block_1_32' title="bbox 2092 1684 3686 1764">
    <p class='ocr_par' dir='ltr' id='par_1_32' title="bbox 2092 1684 3686 1764">
     <span class='ocr_line' id='line_1_32' title="bbox 2092 1684 3686 1764; baseline -0.006 -18"><span class='ocrx_word' id='word_1_217' title='bbox 2092 1711 2255 1764; x_wconf 88' lang='grc' dir='ltr'>μενον</span> <span class='ocrx_word' id='word_1_218' title='bbox 2294 1692 2636 1762; x_wconf 80' lang='grc' dir='ltr'>διαλυθῆναι.</span> <span class='ocrx_word' id='word_1_219' title='bbox 2684 1692 2840 1746; x_wconf 82' lang='grc' dir='ltr'><strong>Μετά</strong></span> <span class='ocrx_word' id='word_1_220' title='bbox 2883 1690 2939 1744; x_wconf 81' lang='grc' dir='ltr'><strong>δὲ</strong></span> <span class='ocrx_word' id='word_1_221' title='bbox 2981 1690 3072 1743; x_wconf 67' lang='grc' dir='ltr'><strong>τὸν</strong></span> <span class='ocrx_word' id='word_1_222' title='bbox 3116 1689 3297 1759; x_wconf 80' lang='grc' dir='ltr'>γάμον</span> <span class='ocrx_word' id='word_1_223' title='bbox 3334 1690 3364 1742; x_wconf 83' lang='grc' dir='ltr'>ὁ</span> <span class='ocrx_word' id='word_1_224' title='bbox 3407 1684 3686 1747; x_wconf 79' lang='grc' dir='ltr'>Φίλιππος</span> 
     </span>
    </p>
   </div>
   <div class='ocr_carea' id='block_1_33' title="bbox 2090 1767 3686 1855">
    <p class='ocr_par' dir='ltr' id='par_1_33' title="bbox 2090 1767 3686 1855">
     <span class='ocr_line' id='line_1_33' title="bbox 2090 1767 3686 1855; baseline -0.008 -13"><span class='ocrx_word' id='word_1_225' title='bbox 2090 1788 2215 1842; x_wconf 83' lang='grc' dir='ltr'>καθ’</span> <span class='ocrx_word' id='word_1_226' title='bbox 2253 1789 2460 1851; x_wconf 77' lang='grc' dir='ltr'>ὕπνους</span> <span class='ocrx_word' id='word_1_227' title='bbox 2483 1767 2685 1853; x_wconf 63' lang='grc' dir='ltr'>ἐδόκει,</span> <span class='ocrx_word' id='word_1_228' title='bbox 2719 1784 2994 1855; x_wconf 82' lang='grc' dir='ltr'>σφραγῖδα</span> <span class='ocrx_word' id='word_1_229' title='bbox 3016 1785 3083 1855; x_wconf 83' lang='grc' dir='ltr'>τῇ</span> <span class='ocrx_word' id='word_1_230' title='bbox 3117 1781 3322 1851; x_wconf 75' lang='grc' dir='ltr'>γαστρὶ</span> <span class='ocrx_word' id='word_1_231' title='bbox 3356 1780 3459 1848; x_wconf 76' lang='grc' dir='ltr'><strong>τῆς</strong></span> <span class='ocrx_word' id='word_1_232' title='bbox 3484 1795 3686 1847; x_wconf 77' lang='grc' dir='ltr'>γυναιο</span> 
     </span>
    </p>
   </div>
   <div class='ocr_carea' id='block_1_34' title="bbox 399 1861 1992 1951">
    <p class='ocr_par' dir='ltr' id='par_1_34' title="bbox 399 1877 1980 1951">
     <span class='ocr_line' id='line_1_34' title="bbox 399 1877 1980 1951; baseline -0.007 -11"><span class='ocrx_word' id='word_1_233' title='bbox 399 1885 524 1941; x_wconf 84' lang='lat' dir='ltr'><strong>aliis</strong></span> <span class='ocrx_word' id='word_1_234' title='bbox 564 1885 724 1940; x_wconf 85' lang='lat' dir='ltr'><strong>aliter</strong></span> <span class='ocrx_word' id='word_1_235' title='bbox 779 1879 1304 1951; x_wconf 82' lang='lat' dir='ltr'><strong>interpretantibus,</strong></span> <span class='ocrx_word' id='word_1_236' title='bbox 1354 1877 1682 1933; x_wconf 87' lang='lat' dir='ltr'><strong>Aristander</strong></span> <span class='ocrx_word' id='word_1_237' title='bbox 1734 1877 1980 1948; x_wconf 78' lang='lat' dir='ltr'><strong>reginam</strong></span> 
     </span>
    </p>
   </div>
   <div class='ocr_carea' id='block_1_35' title="bbox 2098 1861 3684 1951">
    <p class='ocr_par' dir='ltr' id='par_1_35' title="bbox 2098 1870 3684 1950">
     <span class='ocr_line' id='line_1_35' title="bbox 2098 1870 3684 1950; baseline -0.009 -12"><span class='ocrx_word' id='word_1_238' title='bbox 2098 1885 2188 1950; x_wconf 81' lang='grc' dir='ltr'><strong>κὸς</strong></span> <span class='ocrx_word' id='word_1_239' title='bbox 2221 1881 2524 1944; x_wconf 73' lang='grc' dir='ltr'>ἐπιϐαλεῖν,</span> <span class='ocrx_word' id='word_1_240' title='bbox 2557 1877 2930 1949; x_wconf 74' lang='grc' dir='ltr'>ὲγγελγύφθαι</span> <span class='ocrx_word' id='word_1_241' title='bbox 2963 1875 3022 1930; x_wconf 71' lang='grc' dir='ltr'><strong>δὲ</strong></span> <span class='ocrx_word' id='word_1_242' title='bbox 3045 1878 3113 1948; x_wconf 77' lang='grc' dir='ltr'>τῇ</span> <span class='ocrx_word' id='word_1_243' title='bbox 3161 1872 3423 1944; x_wconf 80' lang='grc' dir='ltr'>σφραγῖδι</span> <span class='ocrx_word' id='word_1_244' title='bbox 3463 1870 3684 1924; x_wconf 85' lang='grc' dir='ltr'>λέοντα.</span> 
     </span>
    </p>
   </div>
   <div class='ocr_carea' id='block_1_36' title="bbox 399 1970 1986 2046">
    <p class='ocr_par' dir='ltr' id='par_1_36' title="bbox 399 1970 1986 2046">
     <span class='ocr_line' id='line_1_36' title="bbox 399 1970 1986 2046; baseline -0.007 -10"><span class='ocrx_word' id='word_1_245' title='bbox 399 1983 547 2037; x_wconf 81' lang='lat' dir='ltr'><strong>ferre</strong></span> <span class='ocrx_word' id='word_1_246' title='bbox 596 1988 816 2035; x_wconf 86' lang='lat' dir='ltr'><strong>uterum</strong></span> <span class='ocrx_word' id='word_1_247' title='bbox 869 1974 1155 2046; x_wconf 87' lang='lat' dir='ltr'><strong>respondit</strong></span> <span class='ocrx_word' id='word_1_248' title='bbox 1204 1992 1218 2028; x_wconf 86' lang='lat'><strong>:</strong></span> <span class='ocrx_word' id='word_1_249' title='bbox 1275 1987 1455 2044; x_wconf 90' lang='lat' dir='ltr'><strong>neque</strong></span> <span class='ocrx_word' id='word_1_250' title='bbox 1508 1972 1657 2027; x_wconf 89' lang='lat' dir='ltr'><strong>enim</strong></span> <span class='ocrx_word' id='word_1_251' title='bbox 1705 1970 1986 2042; x_wconf 80' lang='lat' dir='ltr'><strong>obsignari</strong></span> 
     </span>
    </p>
   </div>
   <div class='ocr_carea' id='block_1_37' title="bbox 400 2067 1986 2142">
    <p class='ocr_par' dir='ltr' id='par_1_37' title="bbox 400 2067 1986 2142">
     <span class='ocr_line' id='line_1_37' title="bbox 400 2067 1986 2142; baseline -0.009 -9"><span class='ocrx_word' id='word_1_252' title='bbox 400 2077 583 2133; x_wconf 81' lang='lat' dir='ltr'><strong>solere</strong></span> <span class='ocrx_word' id='word_1_253' title='bbox 622 2075 806 2130; x_wconf 90' lang='lat' dir='ltr'><strong>inania</strong></span> <span class='ocrx_word' id='word_1_254' title='bbox 852 2090 868 2132; x_wconf 86' lang='lat'><strong>;</strong></span> <span class='ocrx_word' id='word_1_255' title='bbox 921 2085 1159 2142; x_wconf 89' lang='lat' dir='ltr'><strong>puerum</strong></span> <span class='ocrx_word' id='word_1_256' title='bbox 1208 2084 1341 2124; x_wconf 87' lang='lat' dir='ltr'><strong>vero</strong></span> <span class='ocrx_word' id='word_1_257' title='bbox 1371 2067 1465 2139; x_wconf 88' lang='lat' dir='ltr'><strong>qui</strong></span> <span class='ocrx_word' id='word_1_258' title='bbox 1497 2083 1565 2124; x_wconf 83' lang='lat' dir='ltr'><strong>ex</strong></span> <span class='ocrx_word' id='word_1_259' title='bbox 1611 2082 1679 2122; x_wconf 91' lang='lat' dir='ltr'><strong>eo</strong></span> <span class='ocrx_word' id='word_1_260' title='bbox 1716 2074 1986 2136; x_wconf 88' lang='lat' dir='ltr'><strong>conceptu</strong></span> 
     </span>
    </p>
   </div>
   <div class='ocr_carea' id='block_1_38' title="bbox 401 2158 1984 2237">
    <p class='ocr_par' dir='ltr' id='par_1_38' title="bbox 401 2158 1984 2237">
     <span class='ocr_line' id='line_1_38' title="bbox 401 2158 1984 2237; baseline -0.01 -13"><span class='ocrx_word' id='word_1_261' title='bbox 401 2176 839 2237; x_wconf 78' lang='lat' dir='ltr'><strong>exspectaretur,</strong></span> <span class='ocrx_word' id='word_1_262' title='bbox 868 2163 983 2219; x_wconf 81' lang='lat' dir='ltr'><strong>fore</strong></span> <span class='ocrx_word' id='word_1_263' title='bbox 1023 2162 1335 2217; x_wconf 88' lang='lat' dir='ltr'><strong>animosum</strong></span> <span class='ocrx_word' id='word_1_264' title='bbox 1358 2200 1373 2225; x_wconf 93' lang='lat'><strong>,</strong></span> <span class='ocrx_word' id='word_1_265' title='bbox 1407 2167 1465 2214; x_wconf 90' lang='lat' dir='ltr'><strong>et</strong></span> <span class='ocrx_word' id='word_1_266' title='bbox 1492 2159 1716 2214; x_wconf 89' lang='lat' dir='ltr'><strong>leonino</strong></span> <span class='ocrx_word' id='word_1_267' title='bbox 1741 2158 1984 2229; x_wconf 90' lang='lat' dir='ltr'><strong>ingenio.</strong></span> 
     </span>
    </p>
   </div>
   <div class='ocr_carea' id='block_1_39' title="bbox 353 2249 1988 2324">
    <p class='ocr_par' dir='ltr' id='par_1_39' title="bbox 353 2249 1988 2324">
     <span class='ocr_line' id='line_1_39' title="bbox 353 2249 1988 2324; baseline -0.009 -7"><span class='ocrx_word' id='word_1_268' title='bbox 353 2272 367 2284; x_wconf 84' lang='lat'><strong>‘</strong></span> <span class='ocrx_word' id='word_1_269' title='bbox 404 2261 577 2316; x_wconf 87' lang='lat' dir='ltr'><strong>Natus</strong></span> <span class='ocrx_word' id='word_1_270' title='bbox 630 2267 716 2314; x_wconf 90' lang='lat' dir='ltr'><strong>est</strong></span> <span class='ocrx_word' id='word_1_271' title='bbox 766 2272 834 2312; x_wconf 90' lang='lat' dir='ltr'><strong>eo</strong></span> <span class='ocrx_word' id='word_1_272' title='bbox 884 2255 1005 2318; x_wconf 82' lang='lat' dir='ltr'><strong>die,</strong></span> <span class='ocrx_word' id='word_1_273' title='bbox 1037 2269 1147 2324; x_wconf 88' lang='lat' dir='ltr'><strong>quo</strong></span> <span class='ocrx_word' id='word_1_274' title='bbox 1191 2249 1443 2322; x_wconf 61' lang='lat' dir='ltr'><strong>Ephesia;</strong></span> <span class='ocrx_word' id='word_1_275' title='bbox 1481 2249 1666 2305; x_wconf 76' lang='lat' dir='ltr'><strong>Diana:</strong></span> <span class='ocrx_word' id='word_1_276' title='bbox 1718 2250 1988 2320; x_wconf 86' lang='lat' dir='ltr'><strong>templum</strong></span> 
     </span>
    </p>
   </div>
   <div class='ocr_carea' id='block_1_40' title="bbox 405 2344 1994 2420">
    <p class='ocr_par' dir='ltr' id='par_1_40' title="bbox 405 2344 1994 2420">
     <span class='ocr_line' id='line_1_40' title="bbox 405 2344 1994 2420; baseline -0.007 -13"><span class='ocrx_word' id='word_1_277' title='bbox 405 2350 764 2420; x_wconf 83' lang='lat' dir='ltr'><strong>conﬂagravit</strong></span> <span class='ocrx_word' id='word_1_278' title='bbox 792 2365 804 2401; x_wconf 90' lang='lat'><strong>:</strong></span> <span class='ocrx_word' id='word_1_279' title='bbox 855 2346 1018 2418; x_wconf 64' lang='lat'><strong>184</strong></span> <span class='ocrx_word' id='word_1_280' title='bbox 1067 2355 1124 2401; x_wconf 91' lang='lat' dir='ltr'><strong>et</strong></span> <span class='ocrx_word' id='word_1_281' title='bbox 1157 2344 1295 2416; x_wconf 83' lang='lat' dir='ltr'><strong>Magi</strong></span> <span class='ocrx_word' id='word_1_282' title='bbox 1346 2345 1569 2414; x_wconf 90' lang='lat' dir='ltr'><strong>quidam</strong></span> <span class='ocrx_word' id='word_1_283' title='bbox 1604 2344 1716 2398; x_wconf 90' lang='lat' dir='ltr'><strong>illic</strong></span> <span class='ocrx_word' id='word_1_284' title='bbox 1748 2345 1994 2398; x_wconf 85' lang='lat' dir='ltr'><strong>circnm-.</strong></span> 
     </span>
    </p>
   </div>
   <div class='ocr_carea' id='block_1_41' title="bbox 406 2437 1991 2507">
    <p class='ocr_par' dir='ltr' id='par_1_41' title="bbox 406 2437 1991 2507">
     <span class='ocr_line' id='line_1_41' title="bbox 406 2437 1991 2507; baseline -0.007 -7"><span class='ocrx_word' id='word_1_285' title='bbox 406 2453 693 2500; x_wconf 83' lang='lat' dir='ltr'><strong>cursantes</strong></span> <span class='ocrx_word' id='word_1_286' title='bbox 714 2480 730 2504; x_wconf 81' lang='lat'><strong>,</strong></span> <span class='ocrx_word' id='word_1_287' title='bbox 755 2440 1140 2496; x_wconf 78' lang='lat' dir='ltr'><strong>exclamarunt</strong></span> <span class='ocrx_word' id='word_1_288' title='bbox 1165 2477 1180 2503; x_wconf 94' lang='lat'><strong>,</strong></span> <span class='ocrx_word' id='word_1_289' title='bbox 1218 2452 1474 2507; x_wconf 86' lang='lat' dir='ltr'><strong>magnum</strong></span> <span class='ocrx_word' id='word_1_290' title='bbox 1517 2437 1658 2491; x_wconf 62' lang='lat' dir='ltr'><strong>Asia)</strong></span> <span class='ocrx_word' id='word_1_291' title='bbox 1689 2437 1891 2489; x_wconf 88' lang='lat' dir='ltr'><strong>malum</strong></span> <span class='ocrx_word' id='word_1_292' title='bbox 1935 2443 1991 2491; x_wconf 89' lang='lat' dir='ltr'><strong>et</strong></span> 
     </span>
    </p>
   </div>
   <div class='ocr_carea' id='block_1_42' title="bbox 406 2529 1991 2593">
    <p class='ocr_par' dir='ltr' id='par_1_42' title="bbox 406 2529 1991 2593">
     <span class='ocr_line' id='line_1_42' title="bbox 406 2529 1991 2593; baseline -0.006 0"><span class='ocrx_word' id='word_1_293' title='bbox 406 2536 775 2593; x_wconf 81' lang='lat' dir='ltr'><strong>calamitatem</strong></span> <span class='ocrx_word' id='word_1_294' title='bbox 825 2548 893 2586; x_wconf 88' lang='lat' dir='ltr'><strong>eo</strong></span> <span class='ocrx_word' id='word_1_295' title='bbox 923 2531 1012 2587; x_wconf 87' lang='lat' dir='ltr'><strong>die</strong></span> <span class='ocrx_word' id='word_1_296' title='bbox 1060 2541 1251 2585; x_wconf 82' lang='lat' dir='ltr'><strong>natum</strong></span> <span class='ocrx_word' id='word_1_297' title='bbox 1307 2546 1448 2586; x_wconf 85' lang='lat' dir='ltr'><strong>esse.</strong></span> <span class='ocrx_word' id='word_1_298' title='bbox 1501 2529 1627 2583; x_wconf 89' lang='lat' dir='ltr'><strong>Fuit</strong></span> <span class='ocrx_word' id='word_1_299' title='bbox 1681 2529 1869 2584; x_wconf 86' lang='lat' dir='ltr'><strong>colore</strong></span> <span class='ocrx_word' id='word_1_300' title='bbox 1917 2530 1991 2583; x_wconf 87' lang='lat' dir='ltr'><strong>ita</strong></span> 
     </span>
    </p>
   </div>
   <div class='ocr_carea' id='block_1_43' title="bbox 408 2621 1995 2692">
    <p class='ocr_par' dir='ltr' id='par_1_43' title="bbox 408 2621 1995 2692">
     <span class='ocr_line' id='line_1_43' title="bbox 408 2621 1995 2692; baseline -0.006 -8"><span class='ocrx_word' id='word_1_301' title='bbox 408 2626 667 2692; x_wconf 82' lang='lat' dir='ltr'><strong>candido,</strong></span> <span class='ocrx_word' id='word_1_302' title='bbox 701 2636 761 2681; x_wconf 92' lang='lat' dir='ltr'><strong>ut</strong></span> <span class='ocrx_word' id='word_1_303' title='bbox 781 2624 829 2679; x_wconf 91' lang='lat' dir='ltr'><strong>is</strong></span> <span class='ocrx_word' id='word_1_304' title='bbox 852 2625 998 2679; x_wconf 88' lang='lat' dir='ltr'><strong>circa</strong></span> <span class='ocrx_word' id='word_1_305' title='bbox 1029 2621 1228 2678; x_wconf 78' lang='lat' dir='ltr'><strong>faciem</strong></span> <span class='ocrx_word' id='word_1_306' title='bbox 1271 2632 1328 2678; x_wconf 93' lang='lat' dir='ltr'><strong>et</strong></span> <span class='ocrx_word' id='word_1_307' title='bbox 1363 2631 1556 2692; x_wconf 89' lang='lat' dir='ltr'><strong>pectus</strong></span> <span class='ocrx_word' id='word_1_308' title='bbox 1594 2621 1832 2676; x_wconf 82' lang='lat' dir='ltr'><strong>maxime</strong></span> <span class='ocrx_word' id='word_1_309' title='bbox 1863 2636 1995 2691; x_wconf 83' lang='lat' dir='ltr'><strong>pur-</strong></span> 
     </span>
    </p>
   </div>
   <div class='ocr_carea' id='block_1_44' title="bbox 408 2710 1991 2793">
    <p class='ocr_par' dir='ltr' id='par_1_44' title="bbox 408 2710 1991 2793">
     <span class='ocr_line' id='line_1_44' title="bbox 408 2710 1991 2793; baseline -0.008 -16"><span class='ocrx_word' id='word_1_310' title='bbox 408 2726 753 2793; x_wconf 87' lang='lat' dir='ltr'><strong>purasccret.</strong></span> <span class='ocrx_word' id='word_1_311' title='bbox 803 2714 1002 2771; x_wconf 85' lang='lat' dir='ltr'><strong>Suavis</strong></span> <span class='ocrx_word' id='word_1_312' title='bbox 1033 2714 1163 2768; x_wconf 92' lang='lat' dir='ltr'><strong>item</strong></span> <span class='ocrx_word' id='word_1_313' title='bbox 1194 2728 1225 2768; x_wconf 87' lang='lat' dir='ltr'><strong>e</strong></span> <span class='ocrx_word' id='word_1_314' title='bbox 1253 2728 1488 2782; x_wconf 87' lang='lat' dir='ltr'><strong>corpore</strong></span> <span class='ocrx_word' id='word_1_315' title='bbox 1520 2720 1576 2767; x_wconf 94' lang='lat' dir='ltr'><strong>et</strong></span> <span class='ocrx_word' id='word_1_316' title='bbox 1601 2726 1697 2767; x_wconf 89' lang='lat' dir='ltr'><strong>ore</strong></span> <span class='ocrx_word' id='word_1_317' title='bbox 1725 2713 1846 2783; x_wconf 86' lang='lat' dir='ltr'><strong>ejus</strong></span> <span class='ocrx_word' id='word_1_318' title='bbox 1876 2710 1991 2765; x_wconf 89' lang='lat' dir='ltr'><strong>l‘ra-</strong></span> 
     </span>
    </p>
   </div>
   <div class='ocr_carea' id='block_1_45' title="bbox 408 2804 1995 2885">
    <p class='ocr_par' dir='ltr' id='par_1_45' title="bbox 408 2804 1995 2885">
     <span class='ocr_line' id='line_1_45' title="bbox 408 2804 1995 2885; baseline -0.004 -19"><span class='ocrx_word' id='word_1_319' title='bbox 408 2813 602 2885; x_wconf 88' lang='lat' dir='ltr'><strong>grabat</strong></span> <span class='ocrx_word' id='word_1_320' title='bbox 626 2810 762 2865; x_wconf 85' lang='lat' dir='ltr'><strong>odor</strong></span> <span class='ocrx_word' id='word_1_321' title='bbox 789 2826 802 2863; x_wconf 91' lang='lat'><strong>:</strong></span> <span class='ocrx_word' id='word_1_322' title='bbox 836 2808 994 2880; x_wconf 84' lang='lat' dir='ltr'><strong>cujus</strong></span> <span class='ocrx_word' id='word_1_323' title='bbox 1028 2807 1218 2876; x_wconf 81' lang='lat' dir='ltr'><strong>utique</strong></span> <span class='ocrx_word' id='word_1_324' title='bbox 1249 2820 1413 2861; x_wconf 89' lang='lat' dir='ltr'><strong>causa</strong></span> <span class='ocrx_word' id='word_1_325' title='bbox 1440 2804 1546 2860; x_wconf 81' lang='lat' dir='ltr'><strong>fuit</strong></span> <span class='ocrx_word' id='word_1_326' title='bbox 1567 2804 1717 2860; x_wconf 92' lang='lat' dir='ltr'><strong>calor</strong></span> <span class='ocrx_word' id='word_1_327' title='bbox 1746 2811 1803 2859; x_wconf 89' lang='lat' dir='ltr'><strong>et</strong></span> <span class='ocrx_word' id='word_1_328' title='bbox 1830 2806 1995 2872; x_wconf 77' lang='lat' dir='ltr'><strong>ardor</strong></span> 
     </span>
    </p>
   </div>
   <div class='ocr_carea' id='block_1_46' title="bbox 409 2899 1994 2976">
    <p class='ocr_par' dir='ltr' id='par_1_46' title="bbox 409 2899 1994 2976">
     <span class='ocr_line' id='line_1_46' title="bbox 409 2899 1994 2976; baseline -0.006 -13"><span class='ocrx_word' id='word_1_329' title='bbox 409 2903 701 2976; x_wconf 79' lang='lat' dir='ltr'><strong>corporis,</strong></span> <span class='ocrx_word' id='word_1_330' title='bbox 755 2916 866 2973; x_wconf 92' lang='lat' dir='ltr'><strong>quo</strong></span> <span class='ocrx_word' id='word_1_331' title='bbox 931 2900 1228 2967; x_wconf 86' lang='lat' dir='ltr'><strong>humores,</strong></span> <span class='ocrx_word' id='word_1_332' title='bbox 1287 2899 1431 2954; x_wconf 86' lang='lat' dir='ltr'><strong>unde</strong></span> <span class='ocrx_word' id='word_1_333' title='bbox 1506 2908 1700 2969; x_wconf 85' lang='lat' dir='ltr'><strong>putere</strong></span> <span class='ocrx_word' id='word_1_334' title='bbox 1762 2914 1994 2969; x_wconf 87' lang='lat' dir='ltr'><strong>corpora</strong></span> 
     </span>
    </p>
   </div>
   <div class='ocr_carea' id='block_1_47' title="bbox 409 2992 1995 3070">
    <p class='ocr_par' dir='ltr' id='par_1_47' title="bbox 409 2992 1995 3070">
     <span class='ocr_line' id='line_1_47' title="bbox 409 2992 1995 3070; baseline -0.006 -15"><span class='ocrx_word' id='word_1_335' title='bbox 409 3007 660 3070; x_wconf 85' lang='lat' dir='ltr'><strong>queant,</strong></span> <span class='ocrx_word' id='word_1_336' title='bbox 712 2994 1204 3051; x_wconf 86' lang='lat' dir='ltr'><strong>consumebantur.</strong></span> <span class='ocrx_word' id='word_1_337' title='bbox 1246 2992 1428 3047; x_wconf 87' lang='lat' dir='ltr'><strong>Animi</strong></span> <span class='ocrx_word' id='word_1_338' title='bbox 1479 2992 1806 3063; x_wconf 72' lang='lat' dir='ltr'><strong>gravitatem</strong></span> <span class='ocrx_word' id='word_1_339' title='bbox 1855 3005 1995 3062; x_wconf 89' lang='lat' dir='ltr'><strong>puer</strong></span> 
     </span>
    </p>
   </div>
   <div class='ocr_carea' id='block_1_48' title="bbox 411 3083 1997 3163">
    <p class='ocr_par' dir='ltr' id='par_1_48' title="bbox 411 3083 1997 3163">
     <span class='ocr_line' id='line_1_48' title="bbox 411 3083 1997 3163; baseline -0.008 -14"><span class='ocrx_word' id='word_1_340' title='bbox 411 3096 721 3163; x_wconf 43' lang='lat' dir='ltr'><strong>etiamnum,</strong></span> <span class='ocrx_word' id='word_1_341' title='bbox 763 3105 877 3162; x_wconf 70' lang='lat' dir='ltr'><strong>prae</strong></span> <span class='ocrx_word' id='word_1_342' title='bbox 916 3104 977 3145; x_wconf 89' lang='lat' dir='ltr'><strong>se</strong></span> <span class='ocrx_word' id='word_1_343' title='bbox 1034 3088 1180 3143; x_wconf 91' lang='lat' dir='ltr'><strong>tulit.</strong></span> <span class='ocrx_word' id='word_1_344' title='bbox 1229 3085 1364 3140; x_wconf 84' lang='lat' dir='ltr'><strong>Nam</strong></span> <span class='ocrx_word' id='word_1_345' title='bbox 1411 3099 1539 3139; x_wconf 90' lang='lat' dir='ltr'><strong>cum</strong></span> <span class='ocrx_word' id='word_1_346' title='bbox 1586 3083 1869 3139; x_wconf 88' lang='lat' dir='ltr'><strong>celeritate</strong></span> <span class='ocrx_word' id='word_1_347' title='bbox 1902 3097 1997 3153; x_wconf 86' lang='lat' dir='ltr'><strong>pe-</strong></span> 
     </span>
    </p>
   </div>
   <div class='ocr_carea' id='block_1_49' title="bbox 412 3174 1998 3252">
    <p class='ocr_par' dir='ltr' id='par_1_49' title="bbox 412 3174 1998 3252">
     <span class='ocr_line' id='line_1_49' title="bbox 412 3174 1998 3252; baseline -0.005 -14"><span class='ocrx_word' id='word_1_348' title='bbox 412 3189 543 3240; x_wconf 81' lang='lat' dir='ltr'><strong>dum</strong></span> <span class='ocrx_word' id='word_1_349' title='bbox 585 3185 830 3246; x_wconf 90' lang='lat' dir='ltr'><strong>valeret,</strong></span> <span class='ocrx_word' id='word_1_350' title='bbox 873 3189 1131 3252; x_wconf 86' lang='lat' dir='ltr'><strong>rogatus,</strong></span> <span class='ocrx_word' id='word_1_351' title='bbox 1168 3193 1238 3233; x_wconf 86' lang='lat' dir='ltr'><strong>an</strong></span> <span class='ocrx_word' id='word_1_352' title='bbox 1281 3175 1547 3248; x_wconf 75' lang='lat' dir='ltr'><strong>Olympia:</strong></span> <span class='ocrx_word' id='word_1_353' title='bbox 1584 3176 1641 3231; x_wconf 90' lang='lat' dir='ltr'><strong>in</strong></span> <span class='ocrx_word' id='word_1_354' title='bbox 1678 3174 1859 3231; x_wconf 89' lang='lat' dir='ltr'><strong>stadio</strong></span> <span class='ocrx_word' id='word_1_355' title='bbox 1897 3175 1998 3230; x_wconf 90' lang='lat' dir='ltr'><strong>de-</strong></span> 
     </span>
    </p>
   </div>
   <div class='ocr_carea' id='block_1_50' title="bbox 412 3269 2001 3343">
    <p class='ocr_par' dir='ltr' id='par_1_50' title="bbox 412 3269 2001 3343">
     <span class='ocr_line' id='line_1_50' title="bbox 412 3269 2001 3343; baseline -0.006 -9"><span class='ocrx_word' id='word_1_356' title='bbox 412 3291 678 3334; x_wconf 83' lang='lat' dir='ltr'><strong>cursurus</strong></span> <span class='ocrx_word' id='word_1_357' title='bbox 715 3272 908 3331; x_wconf 86' lang='lat' dir='ltr'><strong>esset?</strong></span> <span class='ocrx_word' id='word_1_358' title='bbox 954 3270 1241 3343; x_wconf 88' lang='lat' dir='ltr'><strong>respondit</strong></span> <span class='ocrx_word' id='word_1_359' title='bbox 1301 3286 1360 3327; x_wconf 89' lang='lat' dir='ltr'><strong>se</strong></span> <span class='ocrx_word' id='word_1_360' title='bbox 1397 3269 1710 3336; x_wconf 82' lang='lat' dir='ltr'><strong>facturum,</strong></span> <span class='ocrx_word' id='word_1_361' title='bbox 1744 3271 1790 3324; x_wconf 89' lang='lat' dir='ltr'><strong>si</strong></span> <span class='ocrx_word' id='word_1_362' title='bbox 1844 3285 2001 3341; x_wconf 83' lang='lat' dir='ltr'><strong>reges</strong></span> 
     </span>
    </p>
   </div>
   <div class='ocr_carea' id='block_1_51' title="bbox 411 3360 2002 3430">
    <p class='ocr_par' dir='ltr' id='par_1_51' title="bbox 411 3360 2002 3430">
     <span class='ocr_line' id='line_1_51' title="bbox 411 3360 2002 3430; baseline -0.005 -5"><span class='ocrx_word' id='word_1_363' title='bbox 411 3375 825 3425; x_wconf 83' lang='lat' dir='ltr'><strong>concertatores</strong></span> <span class='ocrx_word' id='word_1_364' title='bbox 898 3363 1153 3419; x_wconf 85' lang='lat' dir='ltr'><strong>haberet.</strong></span> <span class='ocrx_word' id='word_1_365' title='bbox 1190 3360 1340 3418; x_wconf 86' lang='lat' dir='ltr'><strong>.Cum</strong></span> <span class='ocrx_word' id='word_1_366' title='bbox 1406 3361 1493 3416; x_wconf 87' lang='lat' dir='ltr'><strong>vel</strong></span> <span class='ocrx_word' id='word_1_367' title='bbox 1565 3360 1701 3417; x_wconf 87' lang='lat' dir='ltr'><strong>urbs</strong></span> <span class='ocrx_word' id='word_1_368' title='bbox 1768 3360 2002 3430; x_wconf 81' lang='lat' dir='ltr'><strong>insignis</strong></span> 
     </span>
    </p>
   </div>
   <div class='ocr_carea' id='block_1_52' title="bbox 414 3452 2000 3532">
    <p class='ocr_par' dir='ltr' id='par_1_52' title="bbox 414 3452 2000 3532">
     <span class='ocr_line' id='line_1_52' title="bbox 414 3452 2000 3532; baseline -0.007 -14"><span class='ocrx_word' id='word_1_369' title='bbox 414 3470 612 3532; x_wconf 83' lang='lat' dir='ltr'><strong>capta,</strong></span> <span class='ocrx_word' id='word_1_370' title='bbox 664 3458 752 3513; x_wconf 92' lang='lat' dir='ltr'><strong>vel</strong></span> <span class='ocrx_word' id='word_1_371' title='bbox 818 3456 1053 3512; x_wconf 87' lang='lat' dir='ltr'><strong>illustris</strong></span> <span class='ocrx_word' id='word_1_372' title='bbox 1123 3455 1354 3511; x_wconf 87' lang='lat' dir='ltr'><strong>victoria</strong></span> <span class='ocrx_word' id='word_1_373' title='bbox 1414 3460 1567 3524; x_wconf 90' lang='lat' dir='ltr'><strong>parta</strong></span> <span class='ocrx_word' id='word_1_374' title='bbox 1648 3469 1679 3508; x_wconf 90' lang='lat' dir='ltr'><strong>a</strong></span> <span class='ocrx_word' id='word_1_375' title='bbox 1746 3452 2000 3523; x_wconf 88' lang='lat' dir='ltr'><strong>Philippo</strong></span> 
     </span>
    </p>
   </div>
   <div class='ocr_carea' id='block_1_53' title="bbox 413 3548 2000 3622">
    <p class='ocr_par' dir='ltr' id='par_1_53' title="bbox 413 3548 2000 3622">
     <span class='ocr_line' id='line_1_53' title="bbox 413 3548 2000 3622; baseline -0.006 -11"><span class='ocrx_word' id='word_1_376' title='bbox 413 3554 797 3619; x_wconf 78' lang='lat' dir='ltr'><strong>nuntiabatur,</strong></span> <span class='ocrx_word' id='word_1_377' title='bbox 847 3550 1006 3622; x_wconf 89' lang='lat' dir='ltr'><strong>quasi</strong></span> <span class='ocrx_word' id='word_1_378' title='bbox 1055 3565 1198 3621; x_wconf 72' lang='lat' dir='ltr'><strong>aegre</strong></span> <span class='ocrx_word' id='word_1_379' title='bbox 1251 3548 1471 3617; x_wconf 71' lang='lat' dir='ltr'><strong>ferens,</strong></span> <span class='ocrx_word' id='word_1_380' title='bbox 1519 3548 1588 3604; x_wconf 88' lang='lat' dir='ltr'><strong>ad</strong></span> <span class='ocrx_word' id='word_1_381' title='bbox 1629 3549 1866 3619; x_wconf 68' lang='lat' dir='ltr'><strong>aequales</strong></span> <span class='ocrx_word' id='word_1_382' title='bbox 1911 3548 2000 3603; x_wconf 84' lang='lat' dir='ltr'><strong>di-</strong></span> 
     </span>
    </p>
   </div>
   <div class='ocr_carea' id='block_1_54' title="bbox 413 3641 2001 3714">
    <p class='ocr_par' dir='ltr' id='par_1_54' title="bbox 413 3641 2001 3714">
     <span class='ocr_line' id='line_1_54' title="bbox 413 3641 2001 3714; baseline -0.004 -11"><span class='ocrx_word' id='word_1_383' title='bbox 413 3648 575 3703; x_wconf 82' lang='lat' dir='ltr'><strong>cebat</strong></span> <span class='ocrx_word' id='word_1_384' title='bbox 608 3645 809 3701; x_wconf 80' lang='lat' dir='ltr'><strong>:Pater</strong></span> <span class='ocrx_word' id='word_1_385' title='bbox 855 3641 1054 3698; x_wconf 71' lang='lat' dir='ltr'><strong>nullius</strong></span> <span class='ocrx_word' id='word_1_386' title='bbox 1097 3643 1320 3714; x_wconf 65' lang='lat' dir='ltr'><strong>egregia</strong></span> <span class='ocrx_word' id='word_1_387' title='bbox 1361 3643 1437 3696; x_wconf 78' lang='lat' dir='ltr'><strong>rei</strong></span> <span class='ocrx_word' id='word_1_388' title='bbox 1464 3642 1729 3696; x_wconf 76' lang='lat' dir='ltr'><strong>vobiscum</strong></span> <span class='ocrx_word' id='word_1_389' title='bbox 1756 3643 2001 3713; x_wconf 80' lang='lat' dir='ltr'><strong>gerenda:</strong></span> 
     </span>
    </p>
   </div>
   <div class='ocr_carea' id='block_1_55' title="bbox 413 3733 2000 3805">
    <p class='ocr_par' dir='ltr' id='par_1_55' title="bbox 413 3733 2000 3805">
     <span class='ocr_line' id='line_1_55' title="bbox 413 3733 2000 3805; baseline -0.004 -9"><span class='ocrx_word' id='word_1_390' title='bbox 413 3741 742 3796; x_wconf 74' lang='lat' dir='ltr'><strong>occasionem</strong></span> <span class='ocrx_word' id='word_1_391' title='bbox 776 3737 904 3792; x_wconf 80' lang='lat' dir='ltr'><strong>mihi</strong></span> <span class='ocrx_word' id='word_1_392' title='bbox 939 3734 1223 3790; x_wconf 78' lang='lat' dir='ltr'><strong>relicturus</strong></span> <span class='ocrx_word' id='word_1_393' title='bbox 1260 3743 1359 3789; x_wconf 75' lang='lat' dir='ltr'><strong>est.</strong></span> <span class='ocrx_word' id='word_1_394' title='bbox 1415 3734 1725 3805; x_wconf 86' lang='lat' dir='ltr'><strong>Bucephala</strong></span> <span class='ocrx_word' id='word_1_395' title='bbox 1755 3750 1901 3805; x_wconf 89' lang='lat' dir='ltr'><strong>equo</strong></span> <span class='ocrx_word' id='word_1_396' title='bbox 1928 3733 2000 3790; x_wconf 86' lang='lat' dir='ltr'><strong>ad</strong></span> 
     </span>
    </p>
   </div>
   <div class='ocr_carea' id='block_1_56' title="bbox 413 3827 1999 3904">
    <p class='ocr_par' dir='ltr' id='par_1_56' title="bbox 413 3827 1999 3904">
     <span class='ocr_line' id='line_1_56' title="bbox 413 3827 1999 3904; baseline -0.004 -15"><span class='ocrx_word' id='word_1_397' title='bbox 413 3832 730 3904; x_wconf 84' lang='lat' dir='ltr'><strong>Philippum</strong></span> <span class='ocrx_word' id='word_1_398' title='bbox 742 3830 931 3903; x_wconf 80' lang='lat' dir='ltr'><strong>allato,</strong></span> <span class='ocrx_word' id='word_1_399' title='bbox 952 3828 1047 3900; x_wconf 88' lang='lat' dir='ltr'><strong>qui</strong></span> <span class='ocrx_word' id='word_1_400' title='bbox 1079 3827 1342 3884; x_wconf 89' lang='lat' dir='ltr'><strong>tredecim</strong></span> <span class='ocrx_word' id='word_1_401' title='bbox 1361 3829 1582 3884; x_wconf 86' lang='lat' dir='ltr'><strong>talentis</strong></span> <span class='ocrx_word' id='word_1_402' title='bbox 1597 3829 1999 3898; x_wconf 75' lang='lat' dir='ltr'><strong>aestimabatur,</strong></span> 
     </span>
    </p>
   </div>
   <div class='ocr_carea' id='block_1_57' title="bbox 414 3922 1993 3987">
    <p class='ocr_par' dir='ltr' id='par_1_57' title="bbox 414 3922 1993 3987">
     <span class='ocr_line' id='line_1_57' title="bbox 414 3922 1993 3987; baseline -0.003 -7"><span class='ocrx_word' id='word_1_403' title='bbox 414 3942 517 3981; x_wconf 76' lang='lat' dir='ltr'><strong>nec</strong></span> <span class='ocrx_word' id='word_1_404' title='bbox 536 3931 811 3982; x_wconf 80' lang='lat' dir='ltr'><strong>sessorem</strong></span> <span class='ocrx_word' id='word_1_405' title='bbox 843 3933 956 3977; x_wconf 87' lang='lat' dir='ltr'><strong>tum</strong></span> <span class='ocrx_word' id='word_1_406' title='bbox 1004 3922 1369 3987; x_wconf 88' lang='lat' dir='ltr'><strong>admittebat,</strong></span> <span class='ocrx_word' id='word_1_407' title='bbox 1398 3937 1500 3978; x_wconf 92' lang='lat' dir='ltr'><strong>nec</strong></span> <span class='ocrx_word' id='word_1_408' title='bbox 1525 3938 1714 3978; x_wconf 88' lang='lat' dir='ltr'><strong>vocem</strong></span> <span class='ocrx_word' id='word_1_409' title='bbox 1748 3922 1993 3987; x_wconf 77' lang='lat' dir='ltr'><strong>ferebat,</strong></span> 
     </span>
    </p>
   </div>
   <div class='ocr_carea' id='block_1_58' title="bbox 413 4014 2002 4086">
    <p class='ocr_par' dir='ltr' id='par_1_58' title="bbox 413 4014 2002 4086">
     <span class='ocr_line' id='line_1_58' title="bbox 413 4014 2002 4086; baseline -0.001 -16"><span class='ocrx_word' id='word_1_410' title='bbox 413 4032 539 4071; x_wconf 78' lang='lat' dir='ltr'><strong>eum</strong></span> <span class='ocrx_word' id='word_1_411' title='bbox 576 4017 829 4086; x_wconf 82' lang='lat' dir='ltr'><strong>Philippo</strong></span> <span class='ocrx_word' id='word_1_412' title='bbox 859 4015 1272 4079; x_wconf 85' lang='lat' dir='ltr'><strong>ostenderetur,</strong></span> <span class='ocrx_word' id='word_1_413' title='bbox 1316 4016 1387 4069; x_wconf 89' lang='lat' dir='ltr'><strong>ob</strong></span> <span class='ocrx_word' id='word_1_414' title='bbox 1412 4028 1645 4084; x_wconf 87' lang='lat' dir='ltr'><strong>eamque</strong></span> <span class='ocrx_word' id='word_1_415' title='bbox 1684 4030 1800 4069; x_wconf 90' lang='lat' dir='ltr'><strong>rem</strong></span> <span class='ocrx_word' id='word_1_416' title='bbox 1831 4014 2002 4069; x_wconf 90' lang='lat' dir='ltr'><strong>inuti-</strong></span> 
     </span>
    </p>
   </div>
   <div class='ocr_carea' id='block_1_59' title="bbox 414 4107 2000 4180">
    <p class='ocr_par' dir='ltr' id='par_1_59' title="bbox 414 4107 2000 4180">
     <span class='ocr_line' id='line_1_59' title="bbox 414 4107 2000 4180; baseline -0.003 -14"><span class='ocrx_word' id='word_1_417' title='bbox 414 4112 484 4169; x_wconf 79' lang='lat' dir='ltr'><strong>lis</strong></span> <span class='ocrx_word' id='word_1_418' title='bbox 524 4120 811 4180; x_wconf 75' lang='lat' dir='ltr'><strong>putaretur</strong></span> <span class='ocrx_word' id='word_1_419' title='bbox 844 4127 857 4163; x_wconf 91' lang='lat'><strong>:</strong></span> <span class='ocrx_word' id='word_1_420' title='bbox 898 4107 1153 4174; x_wconf 75' lang='lat' dir='ltr'><strong>Qualem,</strong></span> <span class='ocrx_word' id='word_1_421' title='bbox 1186 4107 1403 4176; x_wconf 88' lang='lat' dir='ltr'><strong>inquit,</strong></span> <span class='ocrx_word' id='word_1_422' title='bbox 1425 4123 1620 4177; x_wconf 84' lang='lat' dir='ltr'><strong>equum</strong></span> <span class='ocrx_word' id='word_1_423' title='bbox 1645 4108 1708 4161; x_wconf 84' lang='lat' dir='ltr'><strong>ob</strong></span> <span class='ocrx_word' id='word_1_424' title='bbox 1735 4108 2000 4162; x_wconf 82' lang='lat' dir='ltr'><strong>tractandi</strong></span> 
     </span>
    </p>
   </div>
   <div class='ocr_carea' id='block_1_60' title="bbox 372 4198 2005 4273">
    <p class='ocr_par' dir='ltr' id='par_1_60' title="bbox 372 4198 2005 4273">
     <span class='ocr_line' id='line_1_60' title="bbox 372 4198 2005 4273; baseline -0.002 -16"><span class='ocrx_word' id='word_1_425' title='bbox 372 4264 379 4269; x_wconf 90' lang='lat'>_</span> <span class='ocrx_word' id='word_1_426' title='bbox 413 4204 735 4273; x_wconf 80' lang='lat' dir='ltr'><strong>imperitiam</strong></span> <span class='ocrx_word' id='word_1_427' title='bbox 773 4199 1239 4271; x_wconf 79' lang='lat' dir='ltr'><strong>rejiciunt?Quod</strong></span> <span class='ocrx_word' id='word_1_428' title='bbox 1281 4198 1491 4253; x_wconf 87' lang='lat' dir='ltr'><strong>dictum</strong></span> <span class='ocrx_word' id='word_1_429' title='bbox 1524 4207 1680 4271; x_wconf 85' lang='lat' dir='ltr'><strong>pater</strong></span> <span class='ocrx_word' id='word_1_430' title='bbox 1704 4199 2005 4269; x_wconf 88' lang='lat' dir='ltr'><strong>reprehen-</strong></span> 
     </span>
    </p>
   </div>
   <div class='ocr_carea' id='block_1_61' title="bbox 414 4289 2001 4360">
    <p class='ocr_par' dir='ltr' id='par_1_61' title="bbox 414 4289 2001 4360">
     <span class='ocr_line' id='line_1_61' title="bbox 414 4289 2001 4360; baseline -0.003 -10"><span class='ocrx_word' id='word_1_431' title='bbox 414 4296 553 4350; x_wconf 86' lang='lat' dir='ltr'><strong>dens</strong></span> <span class='ocrx_word' id='word_1_432' title='bbox 585 4316 595 4346; x_wconf 83' lang='lat'><strong>:</strong></span> <span class='ocrx_word' id='word_1_433' title='bbox 629 4292 703 4347; x_wconf 80' lang='lat' dir='ltr'><strong>Tu</strong></span> <span class='ocrx_word' id='word_1_434' title='bbox 738 4308 879 4357; x_wconf 77' lang='lat' dir='ltr'><strong>uero,</strong></span> <span class='ocrx_word' id='word_1_435' title='bbox 935 4292 1137 4360; x_wconf 82' lang='lat' dir='ltr'><strong>inquit,</strong></span> <span class='ocrx_word' id='word_1_436' title='bbox 1167 4306 1286 4343; x_wconf 87' lang='lat' dir='ltr'><strong>eum</strong></span> <span class='ocrx_word' id='word_1_437' title='bbox 1325 4296 1558 4344; x_wconf 77' lang='lat' dir='ltr'><strong>tractare</strong></span> <span class='ocrx_word' id='word_1_438' title='bbox 1594 4291 1835 4360; x_wconf 71' lang='lat' dir='ltr'><strong>pateris?</strong></span> <span class='ocrx_word' id='word_1_439' title='bbox 1863 4289 2001 4346; x_wconf 87' lang='lat' dir='ltr'><strong>Tum</strong></span> 
     </span>
    </p>
   </div>
   <div class='ocr_carea' id='block_1_62' title="bbox 417 4380 2001 4454">
    <p class='ocr_par' dir='ltr' id='par_1_62' title="bbox 417 4380 2001 4454">
     <span class='ocr_line' id='line_1_62' title="bbox 417 4380 2001 4454; baseline 0 -15"><span class='ocrx_word' id='word_1_440' title='bbox 417 4387 508 4440; x_wconf 91' lang='lat' dir='ltr'><strong>ille</strong></span> <span class='ocrx_word' id='word_1_441' title='bbox 537 4404 554 4439; x_wconf 89' lang='lat'><strong>:</strong></span> <span class='ocrx_word' id='word_1_442' title='bbox 583 4384 791 4439; x_wconf 75' lang='lat' dir='ltr'><strong>Rectius</strong></span> <span class='ocrx_word' id='word_1_443' title='bbox 822 4384 1001 4454; x_wconf 75' lang='lat' dir='ltr'><strong>utique</strong></span> <span class='ocrx_word' id='word_1_444' title='bbox 1023 4382 1203 4452; x_wconf 73' lang='lat' dir='ltr'><strong>quovis</strong></span> <span class='ocrx_word' id='word_1_445' title='bbox 1224 4380 1367 4448; x_wconf 83' lang='lat' dir='ltr'><strong>alio;</strong></span> <span class='ocrx_word' id='word_1_446' title='bbox 1395 4383 1781 4453; x_wconf 84' lang='lat' dir='ltr'><strong>permissuque</strong></span> <span class='ocrx_word' id='word_1_447' title='bbox 1804 4384 2001 4453; x_wconf 84' lang='lat' dir='ltr'><strong>patris,</strong></span> 
     </span>
    </p>
   </div>
   <div class='ocr_carea' id='block_1_63' title="bbox 418 4470 1998 4547">
    <p class='ocr_par' dir='ltr' id='par_1_63' title="bbox 418 4470 1998 4547">
     <span class='ocr_line' id='line_1_63' title="bbox 418 4470 1998 4547; baseline 0.001 -18"><span class='ocrx_word' id='word_1_448' title='bbox 418 4473 708 4546; x_wconf 80' lang='lat' dir='ltr'><strong>prehensis</strong></span> <span class='ocrx_word' id='word_1_449' title='bbox 733 4473 1004 4538; x_wconf 74' lang='lat' dir='ltr'><strong>habenis,</strong></span> <span class='ocrx_word' id='word_1_450' title='bbox 1034 4488 1160 4527; x_wconf 88' lang='lat' dir='ltr'><strong>eum</strong></span> <span class='ocrx_word' id='word_1_451' title='bbox 1186 4470 1257 4526; x_wconf 79' lang='lat' dir='ltr'><strong>ad</strong></span> <span class='ocrx_word' id='word_1_452' title='bbox 1286 4471 1462 4528; x_wconf 81' lang='lat' dir='ltr'><strong>solem</strong></span> <span class='ocrx_word' id='word_1_453' title='bbox 1485 4473 1765 4546; x_wconf 66' lang='lat' dir='ltr'><strong>convertit</strong></span> <span class='ocrx_word' id='word_1_454' title='bbox 1794 4493 1808 4529; x_wconf 90' lang='lat'><strong>:</strong></span> <span class='ocrx_word' id='word_1_455' title='bbox 1851 4476 1998 4547; x_wconf 89' lang='lat' dir='ltr'><strong>quod</strong></span> 
     </span>
    </p>
   </div>
   <div class='ocr_carea' id='block_1_64' title="bbox 2096 1964 3687 2048">
    <p class='ocr_par' dir='ltr' id='par_1_64' title="bbox 2096 1964 3687 2048">
     <span class='ocr_line' id='line_1_64' title="bbox 2096 1964 3687 2048; baseline -0.01 -17"><span class='ocrx_word' id='word_1_456' title='bbox 2096 1980 2159 2032; x_wconf 88' lang='grc' dir='ltr'><strong>Οἱ</strong></span> <span class='ocrx_word' id='word_1_457' title='bbox 2193 1978 2292 2048; x_wconf 78' lang='grc' dir='ltr'>μὲν</span> <span class='ocrx_word' id='word_1_458' title='bbox 2338 1974 2433 2028; x_wconf 82' lang='grc' dir='ltr'><strong>οὖν</strong></span> <span class='ocrx_word' id='word_1_459' title='bbox 2476 1973 2628 2028; x_wconf 78' lang='grc' dir='ltr'>ἄλλοι</span> <span class='ocrx_word' id='word_1_460' title='bbox 2671 1974 2896 2043; x_wconf 83' lang='grc' dir='ltr'><strong>μάντεις</strong></span> <span class='ocrx_word' id='word_1_461' title='bbox 2931 1965 3107 2034; x_wconf 75' lang='grc' dir='ltr'>ἄλλως</span> <span class='ocrx_word' id='word_1_462' title='bbox 3152 1970 3246 2021; x_wconf 89' lang='grc' dir='ltr'><strong>τὸν</strong></span> <span class='ocrx_word' id='word_1_463' title='bbox 3281 1968 3494 2037; x_wconf 71' lang='grc' dir='ltr'>ὄνειρον</span> <span class='ocrx_word' id='word_1_464' title='bbox 3525 1964 3687 2035; x_wconf 69' lang='lat' dir='ltr'><strong>Expi-</strong></span> 
     </span>
    </p>
   </div>
   <div class='ocr_carea' id='block_1_65' title="bbox 2095 2065 3694 2142">
    <p class='ocr_par' dir='ltr' id='par_1_65' title="bbox 2095 2065 3694 2142">
     <span class='ocr_line' id='line_1_65' title="bbox 2095 2065 3694 2142; baseline -0.009 -15"><span class='ocrx_word' id='word_1_465' title='bbox 2095 2092 2206 2128; x_wconf 85' lang='lat' dir='ltr'><strong>vov.</strong></span> <span class='ocrx_word' id='word_1_466' title='bbox 2252 2071 2642 2142; x_wconf 78' lang='grc' dir='ltr'><strong>Ἀρίστανδρος</strong></span> <span class='ocrx_word' id='word_1_467' title='bbox 2698 2069 2811 2139; x_wconf 78' lang='grc'><strong>(15)</strong></span> <span class='ocrx_word' id='word_1_468' title='bbox 2846 2068 2903 2122; x_wconf 83' lang='grc' dir='ltr'><strong>δὲ</strong></span> <span class='ocrx_word' id='word_1_469' title='bbox 2950 2067 3107 2121; x_wconf 85' lang='grc' dir='ltr'>κύειν</span> <span class='ocrx_word' id='word_1_470' title='bbox 3161 2065 3267 2136; x_wconf 74' lang='grc' dir='ltr'><strong>ἔφη</strong></span> <span class='ocrx_word' id='word_1_471' title='bbox 3314 2066 3413 2134; x_wconf 83' lang='grc' dir='ltr'><strong>τὴν</strong></span> <span class='ocrx_word' id='word_1_472' title='bbox 3447 2078 3694 2134; x_wconf 79' lang='grc' dir='ltr'>σφραγι-</span> 
     </span>
    </p>
   </div>
   <div class='ocr_carea' id='block_1_66' title="bbox 2098 2156 3687 2234">
    <p class='ocr_par' dir='ltr' id='par_1_66' title="bbox 2098 2156 3687 2234">
     <span class='ocr_line' id='line_1_66' title="bbox 2098 2156 3687 2234; baseline -0.007 -15"><span class='ocrx_word' id='word_1_473' title='bbox 2098 2166 2348 2219; x_wconf 80' lang='grc' dir='ltr'>σθεῖσαν·</span> <span class='ocrx_word' id='word_1_474' title='bbox 2382 2164 2458 2234; x_wconf 85' lang='grc' dir='ltr'><strong>μὴ</strong></span> <span class='ocrx_word' id='word_1_475' title='bbox 2493 2163 2603 2233; x_wconf 87' lang='grc' dir='ltr'>γὰρ</span> <span class='ocrx_word' id='word_1_476' title='bbox 2632 2161 2697 2230; x_wconf 80' lang='grc' dir='ltr'><strong>δὴ</strong></span> <span class='ocrx_word' id='word_1_477' title='bbox 2727 2159 3127 2230; x_wconf 78' lang='grc' dir='ltr'><strong>σφραγίζεσθαι</strong></span> <span class='ocrx_word' id='word_1_478' title='bbox 3149 2163 3215 2212; x_wconf 82' lang='grc' dir='ltr'>τὰ</span> <span class='ocrx_word' id='word_1_479' title='bbox 3240 2157 3396 2223; x_wconf 83' lang='grc' dir='ltr'>κενὰ,</span> <span class='ocrx_word' id='word_1_480' title='bbox 3423 2156 3687 2227; x_wconf 84' lang='grc' dir='ltr'>θυμοειδῆ</span> 
     </span>
    </p>
   </div>
   <div class='ocr_carea' id='block_1_67' title="bbox 2097 2246 3688 2324">
    <p class='ocr_par' dir='ltr' id='par_1_67' title="bbox 2097 2246 3688 2324">
     <span class='ocr_line' id='line_1_67' title="bbox 2097 2246 3688 2324; baseline -0.004 -14"><span class='ocrx_word' id='word_1_481' title='bbox 2097 2257 2141 2310; x_wconf 79' lang='grc' dir='ltr'><strong>δ’</strong></span> <span class='ocrx_word' id='word_1_482' title='bbox 2197 2255 2572 2324; x_wconf 70' lang='grc' dir='ltr'>ἀποϐήσεσθαι</span> <span class='ocrx_word' id='word_1_483' title='bbox 2637 2256 2730 2306; x_wconf 75' lang='grc' dir='ltr'><strong>καὶ</strong></span> <span class='ocrx_word' id='word_1_484' title='bbox 2788 2251 3057 2322; x_wconf 74' lang='grc' dir='ltr'>λεοντώδη</span> <span class='ocrx_word' id='word_1_485' title='bbox 3113 2250 3205 2303; x_wconf 79' lang='grc' dir='ltr'><strong>τὸν</strong></span> <span class='ocrx_word' id='word_1_486' title='bbox 3255 2246 3688 2320; x_wconf 78' lang='grc' dir='ltr'>τεχθησόμενον.</span> 
     </span>
    </p>
   </div>
   <div class='ocr_carea' id='block_1_68' title="bbox 2111 2340 3691 2418">
    <p class='ocr_par' dir='ltr' id='par_1_68' title="bbox 2111 2340 3691 2418">
     <span class='ocr_line' id='line_1_68' title="bbox 2111 2340 3691 2418; baseline 0.002 -17"><span class='ocrx_word' id='word_1_487' title='bbox 2111 2347 2405 2418; x_wconf 83' lang='grc' dir='ltr'>Ἐγεννήθη</span> <span class='ocrx_word' id='word_1_488' title='bbox 2438 2345 2494 2399; x_wconf 88' lang='grc' dir='ltr'><strong>δὲ</strong></span> <span class='ocrx_word' id='word_1_489' title='bbox 2526 2346 2650 2399; x_wconf 82' lang='grc' dir='ltr'>καθ’</span> <span class='ocrx_word' id='word_1_490' title='bbox 2692 2346 2758 2416; x_wconf 82' lang='grc' dir='ltr'>ἥν</span> <span class='ocrx_word' id='word_1_491' title='bbox 2797 2344 3016 2414; x_wconf 77' lang='grc' dir='ltr'>ἡμέραν</span> <span class='ocrx_word' id='word_1_492' title='bbox 3046 2346 3102 2395; x_wconf 81' lang='grc' dir='ltr'><strong>ἐν</strong></span> <span class='ocrx_word' id='word_1_493' title='bbox 3140 2342 3398 2414; x_wconf 75' lang='grc' dir='ltr'>Ἑφέσῳὸ</span> <span class='ocrx_word' id='word_1_494' title='bbox 3422 2341 3548 2405; x_wconf 80' lang='grc' dir='ltr'>ναὸς</span> <span class='ocrx_word' id='word_1_495' title='bbox 3582 2340 3691 2408; x_wconf 71' lang='grc' dir='ltr'><strong>τῆς</strong></span> 
     </span>
    </p>
   </div>
   <div class='ocr_carea' id='block_1_69' title="bbox 2113 2434 3694 2513">
    <p class='ocr_par' dir='ltr' id='par_1_69' title="bbox 2113 2434 3694 2513">
     <span class='ocr_line' id='line_1_69' title="bbox 2113 2434 3694 2513; baseline -0.006 -18"><span class='ocrx_word' id='word_1_496' title='bbox 2113 2440 2429 2513; x_wconf 82' lang='grc' dir='ltr'>Ἀρτεμίὸος</span> <span class='ocrx_word' id='word_1_497' title='bbox 2463 2440 2847 2509; x_wconf 78' lang='grc' dir='ltr'>ὲνεπέπρηστο</span> <span class='ocrx_word' id='word_1_498' title='bbox 2868 2455 2881 2466; x_wconf 87' lang='grc'><strong>·</strong></span> <span class='ocrx_word' id='word_1_499' title='bbox 2911 2439 3001 2491; x_wconf 83' lang='grc' dir='ltr'>ὅτε</span> <span class='ocrx_word' id='word_1_500' title='bbox 3034 2437 3130 2490; x_wconf 74' lang='grc' dir='ltr'><strong>καί</strong></span> <span class='ocrx_word' id='word_1_501' title='bbox 3161 2453 3310 2499; x_wconf 87' lang='grc' dir='ltr'>τινες</span> <span class='ocrx_word' id='word_1_502' title='bbox 3342 2436 3462 2489; x_wconf 72' lang='grc' dir='ltr'>ἐκεῖ</span> <span class='ocrx_word' id='word_1_503' title='bbox 3481 2434 3694 2506; x_wconf 57' lang='grc' dir='ltr'>παρόν·-</span> 
     </span>
    </p>
   </div>
   <div class='ocr_carea' id='block_1_70' title="bbox 2097 2527 3696 2604">
    <p class='ocr_par' dir='ltr' id='par_1_70' title="bbox 2097 2527 3696 2604">
     <span class='ocr_line' id='line_1_70' title="bbox 2097 2527 3696 2604; baseline -0.004 -17"><span class='ocrx_word' id='word_1_504' title='bbox 2097 2551 2191 2595; x_wconf 87' lang='grc' dir='ltr'><strong>τες</strong></span> <span class='ocrx_word' id='word_1_505' title='bbox 2229 2534 2338 2586; x_wconf 84' lang='grc' dir='ltr'><strong>τῶν</strong></span> <span class='ocrx_word' id='word_1_506' title='bbox 2367 2533 2581 2604; x_wconf 85' lang='grc' dir='ltr'><strong>μάγων,</strong></span> <span class='ocrx_word' id='word_1_507' title='bbox 2612 2532 2919 2595; x_wconf 84' lang='grc' dir='ltr'>διαθέοντες</span> <span class='ocrx_word' id='word_1_508' title='bbox 2949 2531 3085 2601; x_wconf 82' lang='grc' dir='ltr'>ἄτην</span> <span class='ocrx_word' id='word_1_509' title='bbox 3116 2530 3213 2584; x_wconf 75' lang='grc' dir='ltr'>καὶ</span> <span class='ocrx_word' id='word_1_510' title='bbox 3248 2529 3536 2600; x_wconf 78' lang='grc' dir='ltr'>συμφορὰν</span> <span class='ocrx_word' id='word_1_511' title='bbox 3591 2527 3696 2599; x_wconf 73' lang='grc' dir='ltr'><strong>βα-</strong></span> 
     </span>
    </p>
   </div>
   <div class='ocr_carea' id='block_1_71' title="bbox 2102 2620 3695 2697">
    <p class='ocr_par' dir='ltr' id='par_1_71' title="bbox 2102 2620 3695 2697">
     <span class='ocr_line' id='line_1_71' title="bbox 2102 2620 3695 2697; baseline -0.004 -16"><span class='ocrx_word' id='word_1_512' title='bbox 2102 2629 2252 2697; x_wconf 84' lang='grc' dir='ltr'>ρεῖαν</span> <span class='ocrx_word' id='word_1_513' title='bbox 2291 2626 2392 2697; x_wconf 79' lang='grc' dir='ltr'>τὴν</span> <span class='ocrx_word' id='word_1_514' title='bbox 2426 2625 2638 2697; x_wconf 79' lang='grc' dir='ltr'>ἡμέραν</span> <span class='ocrx_word' id='word_1_515' title='bbox 2674 2624 2893 2696; x_wconf 78' lang='grc' dir='ltr'>ἐκείνην</span> <span class='ocrx_word' id='word_1_516' title='bbox 2924 2626 2990 2693; x_wconf 86' lang='grc' dir='ltr'>τῇ</span> <span class='ocrx_word' id='word_1_517' title='bbox 3036 2624 3191 2694; x_wconf 75' lang='grc' dir='ltr'>Ἀσία</span> <span class='ocrx_word' id='word_1_518' title='bbox 3236 2624 3418 2676; x_wconf 79' lang='grc' dir='ltr'>τεκεῖν</span> <span class='ocrx_word' id='word_1_519' title='bbox 3473 2620 3695 2689; x_wconf 76' lang='grc' dir='ltr'>ἔλεγον.</span> 
     </span>
    </p>
   </div>
   <div class='ocr_carea' id='block_1_72' title="bbox 2102 2714 3775 2792">
    <p class='ocr_par' dir='ltr' id='par_1_72' title="bbox 2102 2714 3775 2792">
     <span class='ocr_line' id='line_1_72' title="bbox 2102 2714 3775 2792; baseline -0.002 -18"><span class='ocrx_word' id='word_1_520' title='bbox 2102 2717 2211 2774; x_wconf 84' lang='grc' dir='ltr'>Ἦν</span> <span class='ocrx_word' id='word_1_521' title='bbox 2231 2721 2289 2774; x_wconf 80' lang='grc' dir='ltr'><strong>δὲ</strong></span> <span class='ocrx_word' id='word_1_522' title='bbox 2315 2719 2413 2792; x_wconf 82' lang='grc' dir='ltr'><strong>τὴν</strong></span> <span class='ocrx_word' id='word_1_523' title='bbox 2442 2721 2611 2791; x_wconf 82' lang='grc' dir='ltr'>χρόαν</span> <span class='ocrx_word' id='word_1_524' title='bbox 2651 2719 2839 2783; x_wconf 82' lang='grc' dir='ltr'>λευκὸς</span> <span class='ocrx_word' id='word_1_525' title='bbox 2863 2720 2892 2773; x_wconf 82' lang='grc' dir='ltr'>ὁ</span> <span class='ocrx_word' id='word_1_526' title='bbox 2921 2718 3276 2790; x_wconf 82' lang='grc' dir='ltr'>Ἀλέξανδρος</span> <span class='ocrx_word' id='word_1_527' title='bbox 3308 2733 3325 2749; x_wconf 80' lang='lat'><strong><em>°</em></strong></span> <span class='ocrx_word' id='word_1_528' title='bbox 3354 2719 3387 2789; x_wconf 80' lang='grc' dir='ltr'><strong>ἠ</strong></span> <span class='ocrx_word' id='word_1_529' title='bbox 3423 2716 3697 2787; x_wconf 78' lang='grc' dir='ltr'><strong>λευκότης</strong></span> <span class='ocrx_word' id='word_1_530' title='bbox 3768 2714 3775 2717; x_wconf 71' lang='grc'><em>’</em></span> 
     </span>
    </p>
   </div>
   <div class='ocr_carea' id='block_1_73' title="bbox 2099 2809 3695 2887">
    <p class='ocr_par' dir='ltr' id='par_1_73' title="bbox 2099 2809 3695 2887">
     <span class='ocr_line' id='line_1_73' title="bbox 2099 2809 3695 2887; baseline -0.004 -17"><span class='ocrx_word' id='word_1_531' title='bbox 2099 2817 2145 2871; x_wconf 81' lang='grc' dir='ltr'>δ’</span> <span class='ocrx_word' id='word_1_532' title='bbox 2169 2816 2506 2887; x_wconf 79' lang='grc' dir='ltr'>ὲφοινίσσετο</span> <span class='ocrx_word' id='word_1_533' title='bbox 2539 2816 2666 2884; x_wconf 75' lang='grc' dir='ltr'>περὶ</span> <span class='ocrx_word' id='word_1_534' title='bbox 2696 2814 2756 2866; x_wconf 83' lang='grc' dir='ltr'><strong>τὸ</strong></span> <span class='ocrx_word' id='word_1_535' title='bbox 2794 2813 2989 2884; x_wconf 82' lang='grc' dir='ltr'>στῆθος</span> <span class='ocrx_word' id='word_1_536' title='bbox 3023 2813 3262 2884; x_wconf 86' lang='grc' dir='ltr'>μάλιστα</span> <span class='ocrx_word' id='word_1_537' title='bbox 3297 2812 3478 2865; x_wconf 76' lang='grc' dir='ltr'>καὶτὸ</span> <span class='ocrx_word' id='word_1_538' title='bbox 3509 2809 3695 2880; x_wconf 83' lang='grc' dir='ltr'>πρόσ-</span> 
     </span>
    </p>
   </div>
   <div class='ocr_carea' id='block_1_74' title="bbox 2100 2903 3696 2978">
    <p class='ocr_par' dir='ltr' id='par_1_74' title="bbox 2100 2903 3696 2978">
     <span class='ocr_line' id='line_1_74' title="bbox 2100 2903 3696 2978; baseline -0.004 -15"><span class='ocrx_word' id='word_1_539' title='bbox 2100 2926 2249 2963; x_wconf 85' lang='grc' dir='ltr'>ωπον</span> <span class='ocrx_word' id='word_1_540' title='bbox 2271 2925 2284 2939; x_wconf 91' lang='grc'><strong>·</strong></span> <span class='ocrx_word' id='word_1_541' title='bbox 2318 2908 2411 2960; x_wconf 74' lang='grc' dir='ltr'><strong>καὶ</strong></span> <span class='ocrx_word' id='word_1_542' title='bbox 2446 2907 2600 2978; x_wconf 78' lang='grc' dir='ltr'>ἡδεῖά</span> <span class='ocrx_word' id='word_1_543' title='bbox 2623 2924 2706 2970; x_wconf 86' lang='grc' dir='ltr'><strong>τις</strong></span> <span class='ocrx_word' id='word_1_544' title='bbox 2737 2906 2801 2959; x_wconf 79' lang='grc' dir='ltr'>ἐκ</span> <span class='ocrx_word' id='word_1_545' title='bbox 2846 2903 2941 2959; x_wconf 79' lang='grc' dir='ltr'>τοῦ</span> <span class='ocrx_word' id='word_1_546' title='bbox 2986 2905 3198 2975; x_wconf 75' lang='grc' dir='ltr'>χρωτὸς</span> <span class='ocrx_word' id='word_1_547' title='bbox 3234 2903 3403 2957; x_wconf 79' lang='grc' dir='ltr'>αὐτοῦ</span> <span class='ocrx_word' id='word_1_548' title='bbox 3450 2903 3696 2958; x_wconf 74' lang='grc' dir='ltr'>ἀπέπνει</span> 
     </span>
    </p>
   </div>
   <div class='ocr_carea' id='block_1_75' title="bbox 2101 2999 3693 3072">
    <p class='ocr_par' dir='ltr' id='par_1_75' title="bbox 2101 2999 3693 3072">
     <span class='ocr_line' id='line_1_75' title="bbox 2101 2999 3693 3072; baseline -0.003 -16"><span class='ocrx_word' id='word_1_549' title='bbox 2101 3002 2378 3072; x_wconf 73' lang='grc' dir='ltr'>ἀποφορὰ,</span> <span class='ocrx_word' id='word_1_550' title='bbox 2408 3005 2518 3056; x_wconf 71' lang='grc' dir='ltr'><strong>κάκ</strong></span> <span class='ocrx_word' id='word_1_551' title='bbox 2548 3001 2645 3054; x_wconf 81' lang='grc' dir='ltr'>τοῦ</span> <span class='ocrx_word' id='word_1_552' title='bbox 2676 3002 2964 3071; x_wconf 77' lang='grc' dir='ltr'>στόματος.</span> <span class='ocrx_word' id='word_1_553' title='bbox 2990 3000 3198 3053; x_wconf 83' lang='grc' dir='ltr'>Τούτου</span> <span class='ocrx_word' id='word_1_554' title='bbox 3224 2999 3270 3054; x_wconf 85' lang='grc' dir='ltr'><strong>δ’</strong></span> <span class='ocrx_word' id='word_1_555' title='bbox 3296 3000 3470 3054; x_wconf 74' lang='grc' dir='ltr'>αἴτιον</span> <span class='ocrx_word' id='word_1_556' title='bbox 3494 3002 3527 3071; x_wconf 77' lang='grc' dir='ltr'><strong>ἡ</strong></span> <span class='ocrx_word' id='word_1_557' title='bbox 3559 2999 3693 3071; x_wconf 71' lang='grc' dir='ltr'>θερε-</span> 
     </span>
    </p>
   </div>
   <div class='ocr_carea' id='block_1_76' title="bbox 2108 3092 3700 3167">
    <p class='ocr_par' dir='ltr' id='par_1_76' title="bbox 2108 3092 3700 3167">
     <span class='ocr_line' id='line_1_76' title="bbox 2108 3092 3700 3167; baseline -0.001 -19"><span class='ocrx_word' id='word_1_558' title='bbox 2108 3093 2277 3167; x_wconf 67' lang='grc' dir='ltr'>μιετης</span> <span class='ocrx_word' id='word_1_559' title='bbox 2310 3094 2375 3148; x_wconf 85' lang='grc' dir='ltr'><strong>ἂν</strong></span> <span class='ocrx_word' id='word_1_560' title='bbox 2402 3095 2488 3164; x_wconf 85' lang='grc' dir='ltr'><strong>εἴη</strong></span> <span class='ocrx_word' id='word_1_561' title='bbox 2547 3094 2642 3147; x_wconf 79' lang='grc' dir='ltr'>τοῦ</span> <span class='ocrx_word' id='word_1_562' title='bbox 2683 3093 2941 3164; x_wconf 84' lang='grc' dir='ltr'>σώματος</span> <span class='ocrx_word' id='word_1_563' title='bbox 2963 3110 2977 3125; x_wconf 87' lang='grc'><strong>·</strong></span> <span class='ocrx_word' id='word_1_564' title='bbox 3008 3093 3258 3165; x_wconf 81' lang='grc' dir='ltr'>πυρῶδες</span> <span class='ocrx_word' id='word_1_565' title='bbox 3285 3093 3394 3164; x_wconf 83' lang='grc' dir='ltr'>γὰρ</span> <span class='ocrx_word' id='word_1_566' title='bbox 3466 3092 3549 3157; x_wconf 75' lang='grc' dir='ltr'>ὃν,</span> <span class='ocrx_word' id='word_1_567' title='bbox 3592 3093 3700 3146; x_wconf 76' lang='grc' dir='ltr'>καὶ</span> 
     </span>
    </p>
   </div>
   <div class='ocr_carea' id='block_1_77' title="bbox 2105 3183 3693 3259">
    <p class='ocr_par' dir='ltr' id='par_1_77' title="bbox 2105 3183 3693 3259">
     <span class='ocr_line' id='line_1_77' title="bbox 2105 3183 3693 3259; baseline -0.004 -18"><span class='ocrx_word' id='word_1_568' title='bbox 2105 3186 2473 3258; x_wconf 80' lang='grc' dir='ltr'>πολύθερμον,</span> <span class='ocrx_word' id='word_1_569' title='bbox 2506 3187 2770 3258; x_wconf 84' lang='grc' dir='ltr'>ἀνήλισκε</span> <span class='ocrx_word' id='word_1_570' title='bbox 2802 3187 2868 3238; x_wconf 76' lang='grc' dir='ltr'>τὰ</span> <span class='ocrx_word' id='word_1_571' title='bbox 2900 3185 3067 3259; x_wconf 78' lang='grc' dir='ltr'>ὑγρὰ,</span> <span class='ocrx_word' id='word_1_572' title='bbox 3095 3186 3187 3238; x_wconf 74' lang='grc' dir='ltr'><strong>καὶ</strong></span> <span class='ocrx_word' id='word_1_573' title='bbox 3220 3185 3374 3239; x_wconf 81' lang='grc' dir='ltr'>οὐδὲν</span> <span class='ocrx_word' id='word_1_574' title='bbox 3420 3183 3693 3238; x_wconf 75' lang='grc' dir='ltr'>ὲπιπολάο</span> 
     </span>
    </p>
   </div>
   <div class='ocr_carea' id='block_1_78' title="bbox 2104 3276 3697 3349">
    <p class='ocr_par' dir='ltr' id='par_1_78' title="bbox 2104 3276 3697 3349">
     <span class='ocr_line' id='line_1_78' title="bbox 2104 3276 3697 3349; baseline -0.002 -18"><span class='ocrx_word' id='word_1_575' title='bbox 2104 3281 2218 3343; x_wconf 81' lang='grc' dir='ltr'>ζειν</span> <span class='ocrx_word' id='word_1_576' title='bbox 2237 3278 2403 3332; x_wconf 83' lang='grc' dir='ltr'>αὐτοῦ</span> <span class='ocrx_word' id='word_1_577' title='bbox 2426 3277 2503 3347; x_wconf 83' lang='grc' dir='ltr'>τῷ</span> <span class='ocrx_word' id='word_1_578' title='bbox 2527 3276 2742 3346; x_wconf 80' lang='grc' dir='ltr'>σώματι</span> <span class='ocrx_word' id='word_1_579' title='bbox 2774 3276 3140 3349; x_wconf 71' lang='grc' dir='ltr'>σηπεδονῶτδες</span> <span class='ocrx_word' id='word_1_580' title='bbox 3166 3278 3269 3331; x_wconf 84' lang='grc' dir='ltr'>εία.</span> <span class='ocrx_word' id='word_1_581' title='bbox 3310 3277 3697 3347; x_wconf 79' lang='grc' dir='ltr'>Παρενέφαινε</span> 
     </span>
    </p>
   </div>
   <div class='ocr_carea' id='block_1_79' title="bbox 2100 3367 3695 3442">
    <p class='ocr_par' dir='ltr' id='par_1_79' title="bbox 2100 3367 3695 3442">
     <span class='ocr_line' id='line_1_79' title="bbox 2100 3367 3695 3442; baseline -0.003 -17"><span class='ocrx_word' id='word_1_582' title='bbox 2100 3371 2158 3425; x_wconf 85' lang='grc' dir='ltr'><strong>δὲ</strong></span> <span class='ocrx_word' id='word_1_583' title='bbox 2189 3370 2445 3425; x_wconf 84' lang='grc' dir='ltr'>παιδόθεν</span> <span class='ocrx_word' id='word_1_584' title='bbox 2474 3369 2574 3441; x_wconf 79' lang='grc' dir='ltr'>τὴν</span> <span class='ocrx_word' id='word_1_585' title='bbox 2602 3369 2929 3442; x_wconf 77' lang='grc' dir='ltr'>ἐμϐριθειαν</span> <span class='ocrx_word' id='word_1_586' title='bbox 2957 3370 3052 3422; x_wconf 77' lang='grc' dir='ltr'>τοῦ</span> <span class='ocrx_word' id='word_1_587' title='bbox 3085 3369 3466 3439; x_wconf 75' lang='grc' dir='ltr'>φρονήματος.</span> <span class='ocrx_word' id='word_1_588' title='bbox 3501 3367 3695 3423; x_wconf 83' lang='grc' dir='ltr'><strong>Ποδώ-</strong></span> 
     </span>
    </p>
   </div>
   <div class='ocr_carea' id='block_1_80' title="bbox 2102 3461 3700 3535">
    <p class='ocr_par' dir='ltr' id='par_1_80' title="bbox 2102 3461 3700 3535">
     <span class='ocr_line' id='line_1_80' title="bbox 2102 3461 3700 3535; baseline -0.001 -19"><span class='ocrx_word' id='word_1_589' title='bbox 2102 3481 2206 3535; x_wconf 82' lang='grc' dir='ltr'><strong>κης</strong></span> <span class='ocrx_word' id='word_1_590' title='bbox 2241 3463 2350 3533; x_wconf 87' lang='grc' dir='ltr'><strong>γάρ</strong></span> <span class='ocrx_word' id='word_1_591' title='bbox 2379 3462 2478 3528; x_wconf 84' lang='grc' dir='ltr'><strong>ὢν,</strong></span> <span class='ocrx_word' id='word_1_592' title='bbox 2511 3462 2652 3535; x_wconf 71' lang='grc' dir='ltr'>πρὸς</span> <span class='ocrx_word' id='word_1_593' title='bbox 2698 3462 2825 3525; x_wconf 79' lang='grc' dir='ltr'>τοὺς</span> <span class='ocrx_word' id='word_1_594' title='bbox 2879 3463 3177 3533; x_wconf 79' lang='grc' dir='ltr'>ὲρομὲνους</span> <span class='ocrx_word' id='word_1_595' title='bbox 3208 3464 3259 3515; x_wconf 85' lang='grc' dir='ltr'><strong>εί</strong></span> <span class='ocrx_word' id='word_1_596' title='bbox 3319 3461 3700 3532; x_wconf 77' lang='grc' dir='ltr'>Ὀλυμπιάσιν</span> 
     </span>
    </p>
   </div>
   <div class='ocr_carea' id='block_1_81' title="bbox 2103 3549 3700 3626">
    <p class='ocr_par' dir='ltr' id='par_1_81' title="bbox 2103 3549 3700 3626">
     <span class='ocr_line' id='line_1_81' title="bbox 2103 3549 3700 3626; baseline -0.001 -18"><span class='ocrx_word' id='word_1_597' title='bbox 2103 3555 2434 3624; x_wconf 81' lang='grc' dir='ltr'>ἀγωνίσεται</span> <span class='ocrx_word' id='word_1_598' title='bbox 2477 3554 2717 3618; x_wconf 80' lang='grc' dir='ltr'>στάδιον,</span> <span class='ocrx_word' id='word_1_599' title='bbox 2754 3549 2929 3619; x_wconf 80' lang='grc' dir='ltr'>εἶπεν,</span> <span class='ocrx_word' id='word_1_600' title='bbox 2972 3555 3021 3609; x_wconf 87' lang='grc' dir='ltr'>εἰ</span> <span class='ocrx_word' id='word_1_601' title='bbox 3074 3553 3393 3626; x_wconf 79' lang='grc' dir='ltr'>βασιλεῦσιν</span> <span class='ocrx_word' id='word_1_602' title='bbox 3432 3555 3700 3623; x_wconf 84' lang='grc' dir='ltr'>ἀνταγω-</span> 
     </span>
    </p>
   </div>
   <div class='ocr_carea' id='block_1_82' title="bbox 2102 3644 3699 3714">
    <p class='ocr_par' dir='ltr' id='par_1_82' title="bbox 2102 3644 3699 3714">
     <span class='ocr_line' id='line_1_82' title="bbox 2102 3644 3699 3714; baseline 0.001 -16"><span class='ocrx_word' id='word_1_603' title='bbox 2102 3644 2357 3698; x_wconf 85' lang='grc' dir='ltr'>νίσασθαι</span> <span class='ocrx_word' id='word_1_604' title='bbox 2401 3644 2648 3714; x_wconf 82' lang='grc' dir='ltr'>ἔμελλεν.</span> <span class='ocrx_word' id='word_1_605' title='bbox 2712 3646 2774 3698; x_wconf 83' lang='lat' dir='ltr'><strong>El</strong></span> <span class='ocrx_word' id='word_1_606' title='bbox 2822 3645 2878 3698; x_wconf 75' lang='grc' dir='ltr'>δὲ</span> <span class='ocrx_word' id='word_1_607' title='bbox 2937 3645 3091 3709; x_wconf 73' lang='grc' dir='ltr'>πόλις</span> <span class='ocrx_word' id='word_1_608' title='bbox 3120 3664 3205 3709; x_wconf 78' lang='grc' dir='ltr'><strong>τις</strong></span> <span class='ocrx_word' id='word_1_609' title='bbox 3247 3646 3358 3699; x_wconf 84' lang='grc' dir='ltr'><strong>τῶν</strong></span> <span class='ocrx_word' id='word_1_610' title='bbox 3406 3644 3699 3714; x_wconf 76' lang='grc' dir='ltr'>ἐπιφανῶν</span> 
     </span>
    </p>
   </div>
   <div class='ocr_carea' id='block_1_83' title="bbox 2104 3739 3699 3815">
    <p class='ocr_par' dir='ltr' id='par_1_83' title="bbox 2104 3739 3699 3815">
     <span class='ocr_line' id='line_1_83' title="bbox 2104 3739 3699 3815; baseline 0.002 -23"><span class='ocrx_word' id='word_1_611' title='bbox 2104 3739 2308 3793; x_wconf 65' lang='grc' dir='ltr'>ἁλοῦσα</span> <span class='ocrx_word' id='word_1_612' title='bbox 2342 3742 2494 3809; x_wconf 79' lang='grc' dir='ltr'><strong>παρά</strong></span> <span class='ocrx_word' id='word_1_613' title='bbox 2518 3740 2612 3792; x_wconf 84' lang='grc' dir='ltr'><strong>τοῦ</strong></span> <span class='ocrx_word' id='word_1_614' title='bbox 2650 3742 2852 3812; x_wconf 75' lang='grc' dir='ltr'>πατρὸς</span> <span class='ocrx_word' id='word_1_615' title='bbox 2877 3741 3028 3810; x_wconf 74' lang='grc' dir='ltr'><strong>αὐτῷ</strong></span> <span class='ocrx_word' id='word_1_616' title='bbox 3046 3741 3360 3812; x_wconf 76' lang='grc' dir='ltr'>ἀπηγγέλη,</span> <span class='ocrx_word' id='word_1_617' title='bbox 3393 3741 3425 3811; x_wconf 82' lang='grc' dir='ltr'>ἢ</span> <span class='ocrx_word' id='word_1_618' title='bbox 3453 3743 3510 3794; x_wconf 74' lang='grc' dir='ltr'>ὲν</span> <span class='ocrx_word' id='word_1_619' title='bbox 3535 3742 3699 3815; x_wconf 82' lang='grc' dir='ltr'><strong>μάχῃ</strong></span> 
     </span>
    </p>
   </div>
   <div class='ocr_carea' id='block_1_84' title="bbox 2104 3832 3700 3906">
    <p class='ocr_par' dir='ltr' id='par_1_84' title="bbox 2104 3832 3700 3906">
     <span class='ocr_line' id='line_1_84' title="bbox 2104 3832 3700 3906; baseline 0.001 -21"><span class='ocrx_word' id='word_1_620' title='bbox 2104 3832 2229 3902; x_wconf 82' lang='grc' dir='ltr'>νίκη</span> <span class='ocrx_word' id='word_1_621' title='bbox 2281 3836 2538 3901; x_wconf 86' lang='grc' dir='ltr'>γεγονυῖα</span> <span class='ocrx_word' id='word_1_622' title='bbox 2590 3834 2922 3906; x_wconf 72' lang='grc' dir='ltr'>περιφανὴς,</span> <span class='ocrx_word' id='word_1_623' title='bbox 2978 3833 3171 3906; x_wconf 83' lang='grc' dir='ltr'>ὥσπερ</span> <span class='ocrx_word' id='word_1_624' title='bbox 3216 3836 3522 3906; x_wconf 75' lang='grc' dir='ltr'>ἀχθόμενος</span> <span class='ocrx_word' id='word_1_625' title='bbox 3574 3837 3700 3900; x_wconf 85' lang='grc' dir='ltr'>τοῖς</span> 
     </span>
    </p>
   </div>
   <div class='ocr_carea' id='block_1_85' title="bbox 2112 3927 3699 3998">
    <p class='ocr_par' dir='ltr' id='par_1_85' title="bbox 2112 3927 3699 3998">
     <span class='ocr_line' id='line_1_85' title="bbox 2112 3927 3699 3998; baseline 0.005 -21"><span class='ocrx_word' id='word_1_626' title='bbox 2112 3927 2278 3997; x_wconf 59' lang='grc' dir='ltr'>ἡλιξιν</span> <span class='ocrx_word' id='word_1_627' title='bbox 2304 3927 2512 3995; x_wconf 74' lang='grc' dir='ltr'>ἔλεγεν,</span> <span class='ocrx_word' id='word_1_628' title='bbox 2568 3927 2642 3989; x_wconf 86' lang='grc' dir='ltr'>ὼς</span> <span class='ocrx_word' id='word_1_629' title='bbox 2679 3927 2871 3981; x_wconf 76' lang='grc' dir='ltr'><em>Οὐδὲν</em></span> <span class='ocrx_word' id='word_1_630' title='bbox 2912 3928 3045 3997; x_wconf 77' lang='grc' dir='ltr'>ἐμοὶ</span> <span class='ocrx_word' id='word_1_631' title='bbox 3088 3928 3212 3983; x_wconf 75' lang='grc' dir='ltr'><strong>σὺν</strong></span> <span class='ocrx_word' id='word_1_632' title='bbox 3240 3929 3384 3998; x_wconf 78' lang='grc' dir='ltr'><strong>ὑμῖν</strong></span> <span class='ocrx_word' id='word_1_633' title='bbox 3417 3932 3450 3985; x_wconf 84' lang='lat' dir='ltr'><strong>d</strong></span> <span class='ocrx_word' id='word_1_634' title='bbox 3486 3928 3699 3997; x_wconf 73' lang='grc' dir='ltr'>πατὴρ</span> 
     </span>
    </p>
   </div>
   <div class='ocr_carea' id='block_1_86' title="bbox 2103 4018 3699 4095">
    <p class='ocr_par' dir='ltr' id='par_1_86' title="bbox 2103 4018 3699 4095">
     <span class='ocr_line' id='line_1_86' title="bbox 2103 4018 3699 4095; baseline 0.004 -23"><span class='ocrx_word' id='word_1_635' title='bbox 2103 4018 2426 4088; x_wconf 70' lang='grc' dir='ltr'>ἀπολείψει</span> <span class='ocrx_word' id='word_1_636' title='bbox 2461 4021 2745 4090; x_wconf 70' lang='grc' dir='ltr'>λαμπρόν</span> <span class='ocrx_word' id='word_1_637' title='bbox 2797 4037 2851 4074; x_wconf 81' lang='grc' dir='ltr'><strong>τι</strong></span> <span class='ocrx_word' id='word_1_638' title='bbox 2890 4021 3074 4090; x_wconf 75' lang='grc' dir='ltr'>ἔργον</span> <span class='ocrx_word' id='word_1_639' title='bbox 3129 4022 3539 4087; x_wconf 58' lang='grc' dir='ltr'>ἐνδείξασθαιι</span> <span class='ocrx_word' id='word_1_640' title='bbox 3579 4023 3699 4095; x_wconf 78' lang='grc' dir='ltr'><strong>Τοῦ</strong></span> 
     </span>
    </p>
   </div>
   <div class='ocr_carea' id='block_1_87' title="bbox 2107 4111 3698 4189">
    <p class='ocr_par' dir='ltr' id='par_1_87' title="bbox 2107 4111 3698 4189">
     <span class='ocr_line' id='line_1_87' title="bbox 2107 4111 3698 4189; baseline 0.003 -24"><span class='ocrx_word' id='word_1_641' title='bbox 2107 4111 2428 4181; x_wconf 77' lang='grc' dir='ltr'>Βουκεφάλα</span> <span class='ocrx_word' id='word_1_642' title='bbox 2493 4114 2606 4185; x_wconf 79' lang='grc'><strong>(16)</strong></span> <span class='ocrx_word' id='word_1_643' title='bbox 2663 4114 2708 4168; x_wconf 82' lang='grc' dir='ltr'><strong>δ’</strong></span> <span class='ocrx_word' id='word_1_644' title='bbox 2760 4115 2932 4168; x_wconf 83' lang='grc' dir='ltr'>ἵππου</span> <span class='ocrx_word' id='word_1_645' title='bbox 3005 4114 3367 4185; x_wconf 81' lang='grc' dir='ltr'>κομισθέντος</span> <span class='ocrx_word' id='word_1_646' title='bbox 3432 4115 3698 4189; x_wconf 72' lang='grc' dir='ltr'>Φιλίππῳ</span> 
     </span>
    </p>
   </div>
   <div class='ocr_carea' id='block_1_88' title="bbox 2105 4203 3699 4279">
    <p class='ocr_par' dir='ltr' id='par_1_88' title="bbox 2105 4203 3699 4279">
     <span class='ocr_line' id='line_1_88' title="bbox 2105 4203 3699 4279; baseline 0.003 -24"><span class='ocrx_word' id='word_1_647' title='bbox 2105 4203 2465 4274; x_wconf 78' lang='grc' dir='ltr'>τρισκαίδεκα</span> <span class='ocrx_word' id='word_1_648' title='bbox 2498 4206 2778 4261; x_wconf 82' lang='grc' dir='ltr'>ταλάντων</span> <span class='ocrx_word' id='word_1_649' title='bbox 2842 4207 3031 4276; x_wconf 83' lang='grc' dir='ltr'>τιμῆς,</span> <span class='ocrx_word' id='word_1_650' title='bbox 3069 4207 3167 4260; x_wconf 78' lang='grc' dir='ltr'>καὶ</span> <span class='ocrx_word' id='word_1_651' title='bbox 3219 4207 3359 4278; x_wconf 84' lang='grc' dir='ltr'>μήτε</span> <span class='ocrx_word' id='word_1_652' title='bbox 3404 4207 3699 4279; x_wconf 74' lang='grc' dir='ltr'>ἀναϐάτην</span> 
     </span>
    </p>
   </div>
   <div class='ocr_carea' id='block_1_89' title="bbox 2109 4297 3698 4371">
    <p class='ocr_par' dir='ltr' id='par_1_89' title="bbox 2109 4297 3698 4371">
     <span class='ocr_line' id='line_1_89' title="bbox 2109 4297 3698 4371; baseline 0.004 -23"><span class='ocrx_word' id='word_1_653' title='bbox 2109 4297 2494 4368; x_wconf 73' lang='grc' dir='ltr'>προσιεμένου,</span> <span class='ocrx_word' id='word_1_654' title='bbox 2531 4300 2607 4363; x_wconf 86' lang='grc' dir='ltr'>ὼς</span> <span class='ocrx_word' id='word_1_655' title='bbox 2633 4299 2711 4371; x_wconf 81' lang='grc' dir='ltr'><strong>τῷ</strong></span> <span class='ocrx_word' id='word_1_656' title='bbox 2744 4300 3000 4369; x_wconf 81' lang='grc' dir='ltr'>Φιλίππῳ</span> <span class='ocrx_word' id='word_1_657' title='bbox 3038 4301 3316 4354; x_wconf 78' lang='grc' dir='ltr'>ἐδείκνυτο</span> <span class='ocrx_word' id='word_1_658' title='bbox 3346 4301 3423 4371; x_wconf 84' lang='grc' dir='ltr'><strong>μή</strong></span> <span class='ocrx_word' id='word_1_659' title='bbox 3472 4317 3533 4353; x_wconf 87' lang='grc' dir='ltr'><strong>τε</strong></span> <span class='ocrx_word' id='word_1_660' title='bbox 3575 4319 3698 4370; x_wconf 82' lang='grc' dir='ltr'><strong>φω-</strong></span> 
     </span>
    </p>
   </div>
   <div class='ocr_carea' id='block_1_90' title="bbox 2107 4390 3699 4464">
    <p class='ocr_par' dir='ltr' id='par_1_90' title="bbox 2107 4390 3699 4464">
     <span class='ocr_line' id='line_1_90' title="bbox 2107 4390 3699 4464; baseline 0.006 -25"><span class='ocrx_word' id='word_1_661' title='bbox 2107 4391 2205 4460; x_wconf 75' lang='grc' dir='ltr'>νὴν</span> <span class='ocrx_word' id='word_1_662' title='bbox 2261 4390 2648 4461; x_wconf 73' lang='grc' dir='ltr'>ὑπομένοντος,</span> <span class='ocrx_word' id='word_1_663' title='bbox 2706 4392 3006 4446; x_wconf 70' lang='grc' dir='ltr'>κάντεῦθεν</span> <span class='ocrx_word' id='word_1_664' title='bbox 3058 4394 3404 4464; x_wconf 83' lang='grc' dir='ltr'>δυσχρήστου</span> <span class='ocrx_word' id='word_1_665' title='bbox 3435 4393 3699 4461; x_wconf 78' lang='grc' dir='ltr'>δόξαντος</span> 
     </span>
    </p>
   </div>
   <div class='ocr_carea' id='block_1_91' title="bbox 2108 4476 3701 4552">
    <p class='ocr_par' dir='ltr' id='par_1_91' title="bbox 2108 4476 3701 4552">
     <span class='ocr_line' id='line_1_91' title="bbox 2108 4476 3701 4552; baseline 0.002 -20"><span class='ocrx_word' id='word_1_666' title='bbox 2108 4482 2305 4552; x_wconf 77' lang='grc' dir='ltr'>κομιδῇ</span> <span class='ocrx_word' id='word_1_667' title='bbox 2331 4498 2345 4512; x_wconf 79' lang='grc' dir='ltr'><strong><em>ο</em></strong></span> <span class='ocrx_word' id='word_1_668' title='bbox 2379 4476 2520 4534; x_wconf 81' lang='grc' dir='ltr'><strong>Οἶον</strong></span> <span class='ocrx_word' id='word_1_669' title='bbox 2547 4482 2758 4544; x_wconf 74' lang='grc' dir='ltr'>ἵππον,</span> <span class='ocrx_word' id='word_1_670' title='bbox 2792 4483 2819 4534; x_wconf 71' lang='grc' dir='ltr'>ὁ</span> <span class='ocrx_word' id='word_1_671' title='bbox 2852 4480 3199 4551; x_wconf 76' lang='grc' dir='ltr'>Ἀλέξανδρος</span> <span class='ocrx_word' id='word_1_672' title='bbox 3241 4480 3368 4551; x_wconf 80' lang='grc' dir='ltr'>ἔφη,</span> <span class='ocrx_word' id='word_1_673' title='bbox 3418 4480 3500 4550; x_wconf 77' lang='grc' dir='ltr'><strong>μὴ</strong></span> <span class='ocrx_word' id='word_1_674' title='bbox 3530 4481 3701 4535; x_wconf 78' lang='grc' dir='ltr'><strong>εἰδό-</strong></span> 
     </span>
    </p>
   </div>
   <div class='ocr_carea' id='block_1_92' title="bbox 417 4564 1992 4646">
    <p class='ocr_par' dir='ltr' id='par_1_92' title="bbox 417 4564 1992 4626">
     <span class='ocr_line' id='line_1_92' title="bbox 417 4564 1992 4626; baseline 0.002 -5"><span class='ocrx_word' id='word_1_675' title='bbox 417 4565 668 4621; x_wconf 81' lang='lat' dir='ltr'><strong>fortassis</strong></span> <span class='ocrx_word' id='word_1_676' title='bbox 697 4564 1162 4620; x_wconf 86' lang='lat' dir='ltr'><strong>animadverterat</strong></span> <span class='ocrx_word' id='word_1_677' title='bbox 1183 4602 1201 4626; x_wconf 88' lang='lat'><strong>,</strong></span> <span class='ocrx_word' id='word_1_678' title='bbox 1233 4579 1359 4619; x_wconf 92' lang='lat' dir='ltr'><strong>eum</strong></span> <span class='ocrx_word' id='word_1_679' title='bbox 1400 4564 1612 4620; x_wconf 69' lang='lat' dir='ltr'><strong>umbrat</strong></span> <span class='ocrx_word' id='word_1_680' title='bbox 1648 4573 1778 4622; x_wconf 87' lang='lat' dir='ltr'><strong>ante</strong></span> <span class='ocrx_word' id='word_1_681' title='bbox 1809 4569 1992 4625; x_wconf 87' lang='lat' dir='ltr'><strong>oculos</strong></span> 
     </span>
    </p>
   </div>
   <div class='ocr_carea' id='block_1_93' title="bbox 2098 4564 3698 4646">
    <p class='ocr_par' dir='ltr' id='par_1_93' title="bbox 2106 4574 3698 4646">
     <span class='ocr_line' id='line_1_93' title="bbox 2106 4574 3698 4646; baseline 0.001 -21"><span class='ocrx_word' id='word_1_682' title='bbox 2106 4590 2204 4639; x_wconf 76' lang='grc' dir='ltr'><strong>τες</strong></span> <span class='ocrx_word' id='word_1_683' title='bbox 2235 4574 2600 4642; x_wconf 73' lang='grc' dir='ltr'>χρήσασθαι,</span> <span class='ocrx_word' id='word_1_684' title='bbox 2634 4575 3126 4644; x_wconf 68' lang='grc' dir='ltr'>ἀποπέμπονταιί</span> <span class='ocrx_word' id='word_1_685' title='bbox 3160 4575 3317 4629; x_wconf 67' lang='lat' dir='ltr'><strong>[tato</strong></span> <span class='ocrx_word' id='word_1_686' title='bbox 3349 4575 3531 4646; x_wconf 76' lang='grc' dir='ltr'>πατὴρ</span> <span class='ocrx_word' id='word_1_687' title='bbox 3566 4575 3698 4627; x_wconf 69' lang='grc' dir='ltr'>ἐπι-</span> 
     </span>
    </p>
   </div>
   <div class='ocr_carea' id='block_1_94' title="bbox 416 4655 2001 4730">
    <p class='ocr_par' dir='ltr' id='par_1_94' title="bbox 416 4655 2001 4730">
     <span class='ocr_line' id='line_1_94' title="bbox 416 4655 2001 4730; baseline 0.003 -17"><span class='ocrx_word' id='word_1_688' title='bbox 416 4660 713 4730; x_wconf 76' lang='lat' dir='ltr'><strong>agitationc</strong></span> <span class='ocrx_word' id='word_1_689' title='bbox 746 4657 1084 4728; x_wconf 82' lang='lat' dir='ltr'><strong>perturbari.</strong></span> <span class='ocrx_word' id='word_1_690' title='bbox 1134 4655 1383 4727; x_wconf 84' lang='lat' dir='ltr'><strong>Cumque</strong></span> <span class='ocrx_word' id='word_1_691' title='bbox 1421 4672 1553 4713; x_wconf 82' lang='lat' dir='ltr'><strong>eum</strong></span> <span class='ocrx_word' id='word_1_692' title='bbox 1580 4659 1865 4729; x_wconf 89' lang='lat' dir='ltr'><strong>paululum</strong></span> <span class='ocrx_word' id='word_1_693' title='bbox 1905 4664 2001 4718; x_wconf 88' lang='lat' dir='ltr'><strong>de-</strong></span> 
     </span>
    </p>
   </div>
   <div class='ocr_carea' id='block_1_95' title="bbox 417 4749 2004 4824">
    <p class='ocr_par' dir='ltr' id='par_1_95' title="bbox 417 4749 2004 4824">
     <span class='ocr_line' id='line_1_95' title="bbox 417 4749 2004 4824; baseline 0.001 -18"><span class='ocrx_word' id='word_1_694' title='bbox 417 4751 697 4806; x_wconf 78' lang='lat' dir='ltr'><strong>mulsisset</strong></span> <span class='ocrx_word' id='word_1_695' title='bbox 735 4764 900 4803; x_wconf 86' lang='lat' dir='ltr'><strong>manu</strong></span> <span class='ocrx_word' id='word_1_696' title='bbox 920 4788 942 4813; x_wconf 93' lang='lat'><strong>.,</strong></span> <span class='ocrx_word' id='word_1_697' title='bbox 979 4749 1174 4804; x_wconf 86' lang='lat' dir='ltr'><strong>insiliit</strong></span> <span class='ocrx_word' id='word_1_698' title='bbox 1212 4758 1377 4819; x_wconf 88' lang='lat' dir='ltr'><strong>atque</strong></span> <span class='ocrx_word' id='word_1_699' title='bbox 1408 4750 1614 4806; x_wconf 89' lang='lat' dir='ltr'><strong>insedit</strong></span> <span class='ocrx_word' id='word_1_700' title='bbox 1650 4770 1665 4806; x_wconf 90' lang='lat'><strong>:</strong></span> <span class='ocrx_word' id='word_1_701' title='bbox 1695 4760 1753 4808; x_wconf 89' lang='lat' dir='ltr'><strong>et</strong></span> <span class='ocrx_word' id='word_1_702' title='bbox 1782 4769 2004 4824; x_wconf 90' lang='lat' dir='ltr'><strong>parum-</strong></span> 
     </span>
    </p>
   </div>
   <div class='ocr_carea' id='block_1_96' title="bbox 417 4842 1977 4917">
    <p class='ocr_par' dir='ltr' id='par_1_96' title="bbox 417 4842 1977 4917">
     <span class='ocr_line' id='line_1_96' title="bbox 417 4842 1977 4917; baseline 0.003 -18"><span class='ocrx_word' id='word_1_703' title='bbox 417 4858 516 4915; x_wconf 83' lang='lat' dir='ltr'><strong>per</strong></span> <span class='ocrx_word' id='word_1_704' title='bbox 541 4842 866 4898; x_wconf 85' lang='lat' dir='ltr'><strong>cohortatus</strong></span> <span class='ocrx_word' id='word_1_705' title='bbox 886 4882 905 4909; x_wconf 92' lang='lat'><strong>,</strong></span> <span class='ocrx_word' id='word_1_706' title='bbox 932 4842 1001 4896; x_wconf 88' lang='lat' dir='ltr'><strong>ad</strong></span> <span class='ocrx_word' id='word_1_707' title='bbox 1033 4857 1261 4896; x_wconf 89' lang='lat' dir='ltr'><strong>cursum</strong></span> <span class='ocrx_word' id='word_1_708' title='bbox 1306 4842 1538 4899; x_wconf 86' lang='lat' dir='ltr'><strong>dimisit.</strong></span> <span class='ocrx_word' id='word_1_709' title='bbox 1568 4843 1726 4911; x_wconf 88' lang='lat' dir='ltr'><strong>Quod</strong></span> <span class='ocrx_word' id='word_1_710' title='bbox 1774 4848 1870 4917; x_wconf 88' lang='lat' dir='ltr'><strong>qui</strong></span> <span class='ocrx_word' id='word_1_711' title='bbox 1923 4850 1977 4903; x_wconf 88' lang='lat' dir='ltr'><strong>vi</strong></span> 
     </span>
    </p>
   </div>
   <div class='ocr_carea' id='block_1_97' title="bbox 416 4935 2008 5003">
    <p class='ocr_par' dir='ltr' id='par_1_97' title="bbox 416 4935 2008 5003">
     <span class='ocr_line' id='line_1_97' title="bbox 416 4935 2008 5003; baseline 0.005 -11"><span class='ocrx_word' id='word_1_712' title='bbox 416 4938 663 5003; x_wconf 86' lang='lat' dir='ltr'><strong>debant,</strong></span> <span class='ocrx_word' id='word_1_713' title='bbox 691 4935 913 4992; x_wconf 83' lang='lat' dir='ltr'><strong>solliciti</strong></span> <span class='ocrx_word' id='word_1_714' title='bbox 949 4949 1130 4994; x_wconf 86' lang='lat' dir='ltr'><strong>erant.</strong></span> <span class='ocrx_word' id='word_1_715' title='bbox 1175 4936 1245 4994; x_wconf 88' lang='lat' dir='ltr'><strong>Ut</strong></span> <span class='ocrx_word' id='word_1_716' title='bbox 1268 4946 1454 4994; x_wconf 88' lang='lat' dir='ltr'><strong>autem</strong></span> <span class='ocrx_word' id='word_1_717' title='bbox 1496 4941 1679 4997; x_wconf 87' lang='lat' dir='ltr'><strong>alacer</strong></span> <span class='ocrx_word' id='word_1_718' title='bbox 1730 4951 1788 4999; x_wconf 88' lang='lat' dir='ltr'><strong>et</strong></span> <span class='ocrx_word' id='word_1_719' title='bbox 1848 4944 2008 5001; x_wconf 58' lang='lat' dir='ltr'><strong>latius</strong></span> 
     </span>
    </p>
   </div>
   <div class='ocr_carea' id='block_1_98' title="bbox 416 5028 1998 5101">
    <p class='ocr_par' dir='ltr' id='par_1_98' title="bbox 416 5028 1998 5101">
     <span class='ocr_line' id='line_1_98' title="bbox 416 5028 1998 5101; baseline 0.004 -16"><span class='ocrx_word' id='word_1_720' title='bbox 416 5031 837 5095; x_wconf 88' lang='lat' dir='ltr'><strong>revertebatur,</strong></span> <span class='ocrx_word' id='word_1_721' title='bbox 917 5028 1153 5101; x_wconf 88' lang='lat' dir='ltr'><strong>Philippi</strong></span> <span class='ocrx_word' id='word_1_722' title='bbox 1227 5031 1459 5088; x_wconf 86' lang='lat' dir='ltr'><strong>comites</strong></span> <span class='ocrx_word' id='word_1_723' title='bbox 1547 5034 1928 5091; x_wconf 80' lang='lat' dir='ltr'><strong>exclamabant</strong></span> <span class='ocrx_word' id='word_1_724' title='bbox 1984 5054 1998 5091; x_wconf 91' lang='lat'><strong>:</strong></span> 
     </span>
    </p>
   </div>
   <div class='ocr_carea' id='block_1_99' title="bbox 416 5121 1999 5199">
    <p class='ocr_par' dir='ltr' id='par_1_99' title="bbox 416 5121 1999 5199">
     <span class='ocr_line' id='line_1_99' title="bbox 416 5121 1999 5199; baseline 0.006 -22"><span class='ocrx_word' id='word_1_725' title='bbox 416 5124 533 5192; x_wconf 84' lang='lat' dir='ltr'><strong>ipse</strong></span> <span class='ocrx_word' id='word_1_726' title='bbox 562 5139 691 5178; x_wconf 90' lang='lat' dir='ltr'><strong>vero</strong></span> <span class='ocrx_word' id='word_1_727' title='bbox 726 5138 818 5179; x_wconf 76' lang='lat' dir='ltr'><strong>rex</strong></span> <span class='ocrx_word' id='word_1_728' title='bbox 847 5138 955 5193; x_wconf 70' lang='lat' dir='ltr'><strong>prae</strong></span> <span class='ocrx_word' id='word_1_729' title='bbox 990 5121 1178 5178; x_wconf 8' lang='lat' dir='ltr'><strong>lli-titia</strong></span> <span class='ocrx_word' id='word_1_730' title='bbox 1218 5124 1718 5196; x_wconf 82' lang='lat' dir='ltr'><strong>lacrymabundus,</strong></span> <span class='ocrx_word' id='word_1_731' title='bbox 1762 5143 1999 5199; x_wconf 78' lang='lat' dir='ltr'><strong>puerum</strong></span> 
     </span>
    </p>
   </div>
   <div class='ocr_carea' id='block_1_100' title="bbox 417 5215 2001 5292">
    <p class='ocr_par' dir='ltr' id='par_1_100' title="bbox 417 5215 2001 5292">
     <span class='ocr_line' id='line_1_100' title="bbox 417 5215 2001 5292; baseline 0.006 -24"><span class='ocrx_word' id='word_1_732' title='bbox 417 5215 768 5272; x_wconf 80' lang='lat' dir='ltr'><strong>deosculatus</strong></span> <span class='ocrx_word' id='word_1_733' title='bbox 796 5233 810 5271; x_wconf 91' lang='lat'><strong>:</strong></span> <span class='ocrx_word' id='word_1_734' title='bbox 838 5217 1095 5283; x_wconf 71' lang='lat' dir='ltr'><strong>Quwiilo,</strong></span> <span class='ocrx_word' id='word_1_735' title='bbox 1130 5217 1331 5287; x_wconf 86' lang='lat' dir='ltr'><strong>inquit,</strong></span> <span class='ocrx_word' id='word_1_736' title='bbox 1358 5217 1461 5286; x_wconf 74' lang='lat' dir='ltr'><strong>ﬁli,</strong></span> <span class='ocrx_word' id='word_1_737' title='bbox 1494 5236 1716 5291; x_wconf 83' lang='lat' dir='ltr'><strong>regnum</strong></span> <span class='ocrx_word' id='word_1_738' title='bbox 1750 5221 1844 5275; x_wconf 84' lang='lat' dir='ltr'><strong>tibi</strong></span> <span class='ocrx_word' id='word_1_739' title='bbox 1863 5239 2001 5292; x_wconf 83' lang='lat' dir='ltr'><strong>par:</strong></span> 
     </span>
    </p>
   </div>
   <div class='ocr_carea' id='block_1_101' title="bbox 2103 4663 3700 4740">
    <p class='ocr_par' dir='ltr' id='par_1_101' title="bbox 2103 4663 3700 4740">
     <span class='ocr_line' id='line_1_101' title="bbox 2103 4663 3700 4740; baseline 0.004 -23"><span class='ocrx_word' id='word_1_740' title='bbox 2103 4668 2280 4735; x_wconf 55' lang='grc' dir='ltr'>τιμῶν</span> <span class='ocrx_word' id='word_1_741' title='bbox 2337 4667 2510 4738; x_wconf 80' lang='grc' dir='ltr'>αὐτῷ,</span> <span class='ocrx_word' id='word_1_742' title='bbox 2555 4663 2708 4721; x_wconf 67' lang='grc' dir='ltr'>εἶπεν</span> <span class='ocrx_word' id='word_1_743' title='bbox 2768 4668 2852 4723; x_wconf 88' lang='grc' dir='ltr'><strong>Σὺ</strong></span> <span class='ocrx_word' id='word_1_744' title='bbox 2917 4669 2987 4722; x_wconf 88' lang='grc' dir='ltr'><strong>δὲ</strong></span> <span class='ocrx_word' id='word_1_745' title='bbox 3045 4669 3390 4738; x_wconf 80' lang='grc' dir='ltr'>χρήσασθαι</span> <span class='ocrx_word' id='word_1_746' title='bbox 3443 4667 3700 4740; x_wconf 73' lang='grc' dir='ltr'><strong>δυνήσῃ</strong></span> 
     </span>
    </p>
   </div>
   <div class='ocr_carea' id='block_1_102' title="bbox 2111 4758 3701 4832">
    <p class='ocr_par' dir='ltr' id='par_1_102' title="bbox 2111 4758 3701 4832">
     <span class='ocr_line' id='line_1_102' title="bbox 2111 4758 3701 4832; baseline 0.001 -19"><span class='ocrx_word' id='word_1_747' title='bbox 2111 4758 2301 4824; x_wconf 54' lang='lat' dir='ltr'><strong>uerti);</strong></span> <span class='ocrx_word' id='word_1_748' title='bbox 2350 4760 2407 4812; x_wconf 85' lang='grc' dir='ltr'><strong>Ὀ</strong></span> <span class='ocrx_word' id='word_1_749' title='bbox 2435 4759 2480 4813; x_wconf 85' lang='grc' dir='ltr'><strong>δ’</strong></span> <span class='ocrx_word' id='word_1_750' title='bbox 2519 4761 2798 4832; x_wconf 80' lang='grc' dir='ltr'>ἀπεκρίθη</span> <span class='ocrx_word' id='word_1_751' title='bbox 2821 4776 2838 4794; x_wconf 76' lang='grc' dir='ltr'><strong><em>ο</em></strong></span> <span class='ocrx_word' id='word_1_752' title='bbox 2875 4759 3128 4816; x_wconf 68' lang='grc' dir='ltr'>Βέλτιον</span> <span class='ocrx_word' id='word_1_753' title='bbox 3159 4758 3236 4815; x_wconf 81' lang='grc' dir='ltr'><strong>ἂν</strong></span> <span class='ocrx_word' id='word_1_754' title='bbox 3263 4761 3469 4831; x_wconf 78' lang='grc' dir='ltr'>ἐτέρου</span> <span class='ocrx_word' id='word_1_755' title='bbox 3497 4763 3701 4827; x_wconf 78' lang='grc' dir='ltr'>τούτῳ</span> 
     </span>
    </p>
   </div>
   <div class='ocr_carea' id='block_1_103' title="bbox 2105 4856 3697 4929">
    <p class='ocr_par' dir='ltr' id='par_1_103' title="bbox 2105 4856 3697 4929">
     <span class='ocr_line' id='line_1_103' title="bbox 2105 4856 3697 4929; baseline 0.003 -22"><span class='ocrx_word' id='word_1_756' title='bbox 2105 4856 2480 4926; x_wconf 75' lang='grc' dir='ltr'>χρησαίμην.</span> <span class='ocrx_word' id='word_1_757' title='bbox 2523 4858 2636 4910; x_wconf 75' lang='grc' dir='ltr'>Καὶ</span> <span class='ocrx_word' id='word_1_758' title='bbox 2668 4858 2981 4928; x_wconf 82' lang='grc' dir='ltr'>χρήσασθαι</span> <span class='ocrx_word' id='word_1_759' title='bbox 3017 4857 3096 4927; x_wconf 82' lang='grc' dir='ltr'><strong>τῷ</strong></span> <span class='ocrx_word' id='word_1_760' title='bbox 3149 4858 3301 4928; x_wconf 81' lang='grc' dir='ltr'>ἵππῳ</span> <span class='ocrx_word' id='word_1_761' title='bbox 3335 4857 3697 4929; x_wconf 77' lang='grc' dir='ltr'>ἐπιτραπεὶς,</span> 
     </span>
    </p>
   </div>
   <div class='ocr_carea' id='block_1_104' title="bbox 2108 4948 3694 5022">
    <p class='ocr_par' dir='ltr' id='par_1_104' title="bbox 2108 4948 3694 5022">
     <span class='ocr_line' id='line_1_104' title="bbox 2108 4948 3694 5022; baseline 0.003 -22"><span class='ocrx_word' id='word_1_762' title='bbox 2108 4948 2445 5019; x_wconf 73' lang='grc' dir='ltr'>παραλαβὼν</span> <span class='ocrx_word' id='word_1_763' title='bbox 2473 4950 2571 5019; x_wconf 84' lang='grc' dir='ltr'>τὴν</span> <span class='ocrx_word' id='word_1_764' title='bbox 2612 4950 2793 5021; x_wconf 81' lang='grc' dir='ltr'>ἡνίαν,</span> <span class='ocrx_word' id='word_1_765' title='bbox 2825 4951 3130 5022; x_wconf 53' lang='grc' dir='ltr'>ἐπέστρεψε</span> <span class='ocrx_word' id='word_1_766' title='bbox 3180 4953 3317 5021; x_wconf 83' lang='grc' dir='ltr'>πρὸς</span> <span class='ocrx_word' id='word_1_767' title='bbox 3361 4952 3452 5005; x_wconf 83' lang='grc' dir='ltr'><strong>τὸν</strong></span> <span class='ocrx_word' id='word_1_768' title='bbox 3490 4952 3648 5022; x_wconf 71' lang='grc' dir='ltr'>ἥλιον</span> <span class='ocrx_word' id='word_1_769' title='bbox 3677 4968 3694 4983; x_wconf 68' lang='grc' dir='ltr'><strong>ο</strong></span> 
     </span>
    </p>
   </div>
   <div class='ocr_carea' id='block_1_105' title="bbox 2108 5040 3699 5117">
    <p class='ocr_par' dir='ltr' id='par_1_105' title="bbox 2108 5040 3699 5117">
     <span class='ocr_line' id='line_1_105' title="bbox 2108 5040 3699 5117; baseline 0.001 -26"><span class='ocrx_word' id='word_1_770' title='bbox 2108 5040 2287 5103; x_wconf 77' lang='grc' dir='ltr'>συνεὶς</span> <span class='ocrx_word' id='word_1_771' title='bbox 2335 5042 2488 5107; x_wconf 79' lang='grc' dir='ltr'>ῐσως,</span> <span class='ocrx_word' id='word_1_772' title='bbox 2535 5043 2619 5095; x_wconf 82' lang='grc' dir='ltr'>ὅτι</span> <span class='ocrx_word' id='word_1_773' title='bbox 2659 5047 2724 5115; x_wconf 85' lang='grc' dir='ltr'>τῇ</span> <span class='ocrx_word' id='word_1_774' title='bbox 2782 5046 2914 5116; x_wconf 72' lang='grc' dir='ltr'>σκιᾷ</span> <span class='ocrx_word' id='word_1_775' title='bbox 2964 5046 3071 5115; x_wconf 84' lang='grc' dir='ltr'><strong>πρὸ</strong></span> <span class='ocrx_word' id='word_1_776' title='bbox 3123 5045 3291 5099; x_wconf 79' lang='grc' dir='ltr'>αὐτοῦ</span> <span class='ocrx_word' id='word_1_777' title='bbox 3349 5043 3699 5117; x_wconf 66' lang='grc' dir='ltr'>σαλευομένη</span> 
     </span>
    </p>
   </div>
   <div class='ocr_carea' id='block_1_106' title="bbox 2107 5132 3700 5211">
    <p class='ocr_par' dir='ltr' id='par_1_106' title="bbox 2107 5132 3700 5211">
     <span class='ocr_line' id='line_1_106' title="bbox 2107 5132 3700 5211; baseline 0.006 -27"><span class='ocrx_word' id='word_1_778' title='bbox 2107 5132 2509 5203; x_wconf 81' lang='grc' dir='ltr'>διεταράττετο.</span> <span class='ocrx_word' id='word_1_779' title='bbox 2554 5134 2737 5206; x_wconf 83' lang='grc' dir='ltr'>Βραχὺ</span> <span class='ocrx_word' id='word_1_780' title='bbox 2777 5137 2835 5191; x_wconf 80' lang='grc' dir='ltr'>δὲ</span> <span class='ocrx_word' id='word_1_781' title='bbox 2889 5138 3216 5211; x_wconf 56' lang='grc' dir='ltr'>καταψήσας</span> <span class='ocrx_word' id='word_1_782' title='bbox 3267 5138 3431 5193; x_wconf 82' lang='grc' dir='ltr'>αὑτὸν</span> <span class='ocrx_word' id='word_1_783' title='bbox 3464 5138 3700 5208; x_wconf 79' lang='grc' dir='ltr'>ἀνέθορε</span> 
     </span>
    </p>
   </div>
   <div class='ocr_carea' id='block_1_107' title="bbox 2111 5226 3699 5306">
    <p class='ocr_par' dir='ltr' id='par_1_107' title="bbox 2111 5226 3699 5306">
     <span class='ocr_line' id='line_1_107' title="bbox 2111 5226 3699 5306; baseline 0.006 -28"><span class='ocrx_word' id='word_1_784' title='bbox 2111 5230 2206 5278; x_wconf 73' lang='grc' dir='ltr'><strong>καὶ</strong></span> <span class='ocrx_word' id='word_1_785' title='bbox 2240 5226 2414 5299; x_wconf 79' lang='grc' dir='ltr'>ἐπέϐη</span> <span class='ocrx_word' id='word_1_786' title='bbox 2446 5229 2640 5285; x_wconf 84' lang='grc' dir='ltr'>αὑτοῦ.</span> <span class='ocrx_word' id='word_1_787' title='bbox 2684 5232 2798 5285; x_wconf 80' lang='grc' dir='ltr'><strong>Καὶ</strong></span> <span class='ocrx_word' id='word_1_788' title='bbox 2823 5234 3270 5305; x_wconf 78' lang='grc' dir='ltr'>παρακαλπάσας</span> <span class='ocrx_word' id='word_1_789' title='bbox 3316 5233 3429 5305; x_wconf 81' lang='lat' dir='ltr'><strong>(l7)</strong></span> <span class='ocrx_word' id='word_1_790' title='bbox 3466 5234 3699 5306; x_wconf 75' lang='grc' dir='ltr'>μικρὸν,</span> 
     </span>
    </p>
   </div>
   <div class='ocr_carea' id='block_1_108' title="bbox 1576 5360 2448 5432">
    <p class='ocr_par' dir='ltr' id='par_1_108' title="bbox 1576 5360 2448 5432">
     <span class='ocr_line' id='line_1_108' title="bbox 1576 5360 2448 5432; baseline 0.01 -10"><span class='ocrx_word' id='word_1_791' title='bbox 1576 5360 1777 5423; x_wconf 80' lang='lat' dir='ltr'><strong>Variae</strong></span> <span class='ocrx_word' id='word_1_792' title='bbox 1796 5361 2113 5425; x_wconf 86' lang='lat' dir='ltr'><strong>lectiones</strong></span> <span class='ocrx_word' id='word_1_793' title='bbox 2159 5376 2219 5426; x_wconf 89' lang='lat' dir='ltr'><strong>et</strong></span> <span class='ocrx_word' id='word_1_794' title='bbox 2253 5378 2448 5432; x_wconf 61' lang='lat' dir='ltr'><strong>notat.</strong></span> 
     </span>
    </p>
   </div>
   <div class='ocr_carea' id='block_1_109' title="bbox 489 5461 1992 5553">
    <p class='ocr_par' dir='ltr' id='par_1_109' title="bbox 489 5461 1990 5553">
     <span class='ocr_line' id='line_1_109' title="bbox 489 5461 1990 5553; baseline 0.009 -41"><span class='ocrx_word' id='word_1_795' title='bbox 489 5461 795 5553; x_wconf 25' lang='lat' dir='ltr'><strong>(Libyam</strong></span> <span class='ocrx_word' id='word_1_796' title='bbox 856 5465 972 5532; x_wconf 76' lang='grc' dir='ltr'><strong>τὴν</strong></span> <span class='ocrx_word' id='word_1_797' title='bbox 1030 5466 1157 5533; x_wconf 80' lang='grc' dir='ltr'>περὶ</span> <span class='ocrx_word' id='word_1_798' title='bbox 1221 5466 1411 5520; x_wconf 85' lang='grc' dir='ltr'>αὐτοῦ</span> <span class='ocrx_word' id='word_1_799' title='bbox 1464 5469 1756 5536; x_wconf 74' lang='grc' dir='ltr'>ἱστορίαν.</span> <span class='ocrx_word' id='word_1_800' title='bbox 1808 5468 1990 5525; x_wconf 81' lang='lat' dir='ltr'><strong>Malim</strong></span> 
     </span>
    </p>
   </div>
   <div class='ocr_carea' id='block_1_110' title="bbox 2098 5461 3699 5553">
    <p class='ocr_par' dir='ltr' id='par_1_110' title="bbox 2098 5470 3699 5553">
     <span class='ocr_line' id='line_1_110' title="bbox 2098 5470 3699 5553; baseline 0.01 -30"><span class='ocrx_word' id='word_1_801' title='bbox 2098 5470 2229 5553; x_wconf 57' lang='lat' dir='ltr'><strong>Reg.</strong></span> <span class='ocrx_word' id='word_1_802' title='bbox 2266 5488 2320 5541; x_wconf 93' lang='lat' dir='ltr'><strong>p.</strong></span> <span class='ocrx_word' id='word_1_803' title='bbox 2352 5475 2449 5553; x_wconf 51' lang='grc' dir='ltr'>ιιδ</span> <span class='ocrx_word' id='word_1_804' title='bbox 2480 5485 2534 5529; x_wconf 88' lang='lat' dir='ltr'><strong>et</strong></span> <span class='ocrx_word' id='word_1_805' title='bbox 2554 5477 2679 5553; x_wconf 65' lang='grc' dir='ltr'>ιτο.</span> <span class='ocrx_word' id='word_1_806' title='bbox 2718 5479 2988 5553; x_wconf 79' lang='grc' dir='ltr'>Καθάπερ</span> <span class='ocrx_word' id='word_1_807' title='bbox 3014 5480 3104 5553; x_wconf 74' lang='grc' dir='ltr'>τὸν</span> <span class='ocrx_word' id='word_1_808' title='bbox 3136 5481 3491 5553; x_wconf 77' lang='grc' dir='ltr'>Ἀλέξανδρον</span> <span class='ocrx_word' id='word_1_809' title='bbox 3523 5486 3699 5552; x_wconf 78' lang='grc' dir='ltr'>ἵππος</span> 
     </span>
    </p>
   </div>
   <div class='ocr_carea' id='block_1_111' title="bbox 417 5530 692 5587">
    <p class='ocr_par' dir='ltr' id='par_1_111' title="bbox 417 5530 692 5587">
     <span class='ocr_line' id='line_1_111' title="bbox 417 5530 692 5587; baseline 0.004 -3"><span class='ocrx_word' id='word_1_810' title='bbox 417 5530 578 5585; x_wconf 73' lang='grc' dir='ltr'>κατὰ.</span> <span class='ocrx_word' id='word_1_811' title='bbox 601 5530 692 5587; x_wconf 83' lang='lat' dir='ltr'><strong>W.</strong></span> 
     </span>
    </p>
   </div>
   <div class='ocr_carea' id='block_1_112' title="bbox 2092 5540 3693 5621">
    <p class='ocr_par' dir='ltr' id='par_1_112' title="bbox 2092 5540 3693 5621">
     <span class='ocr_line' id='line_1_112' title="bbox 2092 5540 3693 5621; baseline 0.013 -29"><span class='ocrx_word' id='word_1_812' title='bbox 2092 5540 2521 5621; x_wconf 28' lang='lat' dir='ltr'><strong>agamagam:</strong></span> <span class='ocrx_word' id='word_1_813' title='bbox 2543 5547 2628 5621; x_wconf 28' lang='lat' dir='ltr'><strong>alta</strong></span> <span class='ocrx_word' id='word_1_814' title='bbox 2656 5551 2821 5605; x_wconf 86' lang='lat' dir='ltr'><strong>etiam</strong></span> <span class='ocrx_word' id='word_1_815' title='bbox 2863 5540 3170 5621; x_wconf 78' lang='lat' dir='ltr'><strong>appellatur</strong></span> <span class='ocrx_word' id='word_1_816' title='bbox 3195 5540 3602 5612; x_wconf 47' lang='lat' dir='ltr'><strong>ab&#39;Eustathio</strong></span> <span class='ocrx_word' id='word_1_817' title='bbox 3634 5540 3693 5613; x_wconf 65' lang='lat' dir='ltr'><strong>iri</strong></span> 
     </span>
    </p>
   </div>
   <div class='ocr_carea' id='block_1_113' title="bbox 490 5594 1992 5685">
    <p class='ocr_par' dir='ltr' id='par_1_113' title="bbox 490 5594 1992 5685">
     <span class='ocr_line' id='line_1_113' title="bbox 490 5594 1992 5685; baseline 0.007 -30"><span class='ocrx_word' id='word_1_818' title='bbox 490 5602 625 5685; x_wconf 63' lang='grc' dir='ltr'><strong>ι</strong></span> <span class='ocrx_word' id='word_1_819' title='bbox 646 5594 1058 5685; x_wconf 63' lang='grc' dir='ltr'>Ἀρίσταρχος.</span> <span class='ocrx_word' id='word_1_820' title='bbox 1081 5606 1368 5685; x_wconf 45' lang='lat' dir='ltr'><strong>lini-odd:</strong></span> <span class='ocrx_word' id='word_1_821' title='bbox 1400 5623 1531 5662; x_wconf 73' lang='lat' dir='ltr'><strong>mss.</strong></span> <span class='ocrx_word' id='word_1_822' title='bbox 1565 5608 1662 5662; x_wconf 90' lang='lat' dir='ltr'><strong>sed</strong></span> <span class='ocrx_word' id='word_1_823' title='bbox 1702 5609 1992 5678; x_wconf 85' lang='lat' dir='ltr'><strong>legendum</strong></span> 
     </span>
    </p>
   </div>
   <div class='ocr_carea' id='block_1_114' title="bbox 2098 5594 2826 5685">
    <p class='ocr_par' dir='ltr' id='par_1_114' title="bbox 2098 5594 2826 5685">
     <span class='ocr_line' id='line_1_114' title="bbox 2098 5594 2826 5685; baseline 0.016 -21"><span class='ocrx_word' id='word_1_824' title='bbox 2098 5612 2258 5685; x_wconf 79' lang='lat' dir='ltr'><strong>Iliad.</strong></span> <span class='ocrx_word' id='word_1_825' title='bbox 2374 5594 2826 5685; x_wconf 45' lang='lat' dir='ltr'><strong>pfiesi&#39;é&#39;t&#39;aiiié&#39;.</strong></span> 
     </span>
    </p>
   </div>
   <div class='ocr_carea' id='block_1_115' title="bbox 417 5673 1494 5748">
    <p class='ocr_par' dir='ltr' id='par_1_115' title="bbox 417 5673 1494 5748">
     <span class='ocr_line' id='line_1_115' title="bbox 417 5673 1494 5748; baseline 0.003 -20"><span class='ocrx_word' id='word_1_826' title='bbox 417 5688 484 5728; x_wconf 73' lang='lat' dir='ltr'><strong>ex</strong></span> <span class='ocrx_word' id='word_1_827' title='bbox 500 5673 802 5748; x_wconf 68' lang='lat' dir='ltr'><strong>Plutarcho</strong></span> <span class='ocrx_word' id='word_1_828' title='bbox 833 5685 888 5728; x_wconf 88' lang='lat' dir='ltr'><strong>et</strong></span> <span class='ocrx_word' id='word_1_829' title='bbox 909 5673 1037 5748; x_wconf 83' lang='lat' dir='ltr'><strong>aliis</strong></span> <span class='ocrx_word' id='word_1_830' title='bbox 1081 5678 1494 5748; x_wconf 66' lang='grc' dir='ltr'>Ἀρίστανδρος.</span> 
     </span>
    </p>
   </div>
   <div class='ocr_carea' id='block_1_116' title="bbox 489 5744 1993 5819">
    <p class='ocr_par' dir='ltr' id='par_1_116' title="bbox 489 5744 1993 5819">
     <span class='ocr_line' id='line_1_116' title="bbox 489 5744 1993 5819; baseline 0.01 -25"><span class='ocrx_word' id='word_1_831' title='bbox 489 5745 601 5813; x_wconf 84' lang='grc'><strong>(16)</strong></span> <span class='ocrx_word' id='word_1_832' title='bbox 641 5744 1021 5819; x_wconf 42' lang='grc' dir='ltr'>Βουκερ-ἀλα.</span> <span class='ocrx_word' id='word_1_833' title='bbox 1061 5744 1236 5813; x_wconf 80' lang='lat' dir='ltr'><strong>Quem</strong></span> <span class='ocrx_word' id='word_1_834' title='bbox 1270 5744 1744 5819; x_wconf 55' lang='grc' dir='ltr'>οΙίΓΒουκέφαλον</span> <span class='ocrx_word' id='word_1_835' title='bbox 1775 5764 1993 5809; x_wconf 85' lang='lat' dir='ltr'><strong>vocaut.</strong></span> 
     </span>
    </p>
   </div>
   <div class='ocr_carea' id='block_1_117' title="bbox 419 5812 1998 5886">
    <p class='ocr_par' dir='ltr' id='par_1_117' title="bbox 419 5812 1998 5886">
     <span class='ocr_line' id='line_1_117' title="bbox 419 5812 1998 5886; baseline 0.004 -14"><span class='ocrx_word' id='word_1_836' title='bbox 419 5812 811 5872; x_wconf 74' lang='lat' dir='ltr'><strong>Constantinus</strong></span> <span class='ocrx_word' id='word_1_837' title='bbox 840 5812 1119 5871; x_wconf 72' lang='lat' dir='ltr'><strong>Manasscs</strong></span> <span class='ocrx_word' id='word_1_838' title='bbox 1144 5834 1200 5886; x_wconf 75' lang='grc' dir='ltr'><strong>ρ.</strong></span> <span class='ocrx_word' id='word_1_839' title='bbox 1234 5819 1335 5873; x_wconf 77' lang='grc'><strong>170</strong></span> <span class='ocrx_word' id='word_1_840' title='bbox 1364 5836 1429 5873; x_wconf 78' lang='lat' dir='ltr'><strong>ex</strong></span> <span class='ocrx_word' id='word_1_841' title='bbox 1452 5812 1614 5878; x_wconf 75' lang='lat' dir='ltr'><strong>codd.</strong></span> <span class='ocrx_word' id='word_1_842' title='bbox 1640 5822 1912 5878; x_wconf 80' lang='lat' dir='ltr'><strong>Allatiano</strong></span> <span class='ocrx_word' id='word_1_843' title='bbox 1943 5834 1998 5880; x_wconf 93' lang='lat' dir='ltr'><strong>ct</strong></span> 
     </span>
    </p>
   </div>
   <div class='ocr_carea' id='block_1_118' title="bbox 2102 5684 3696 5827">
    <p class='ocr_par' dir='ltr' id='par_1_118' title="bbox 2102 5684 3696 5827">
     <span class='ocr_line' id='line_1_118' title="bbox 2102 5684 3696 5827; baseline 0.01 -87"><span class='ocrx_word' id='word_1_844' title='bbox 2102 5684 2827 5827; x_wconf 50' lang='grc' dir='ltr'>ἱηίέἔέλξῆιρακαλπάσας.</span> <span class='ocrx_word' id='word_1_845' title='bbox 2876 5693 3011 5748; x_wconf 81' lang='lat' dir='ltr'><strong>Vide</strong></span> <span class='ocrx_word' id='word_1_846' title='bbox 3054 5693 3235 5750; x_wconf 77' lang='lat' dir='ltr'><strong>GlOss.</strong></span> <span class='ocrx_word' id='word_1_847' title='bbox 3269 5694 3416 5751; x_wconf 91' lang='lat' dir='ltr'><strong>med.</strong></span> <span class='ocrx_word' id='word_1_848' title='bbox 3459 5696 3696 5756; x_wconf 65' lang='lat' dir='ltr'><strong>Graeit.</strong></span> 
     </span>
    </p>
   </div>
  </div>
