3980 6246
342 384 445 451 337

1574 391 1989 455 ANNALIUM
2034 396 2188 459 LIB.
2225 399 2328 463 IV.

3505 402 3618 464 333

341 496 523 566 ἀφῆκε
555 494 692 564 πρὸς
717 496 938 567 δρόμον.
959 498 1242 567 Ἥγωνξων
1276 499 1323 552 δ’
1352 500 1402 552 οἱ
1429 499 1740 571 βλέποντες.
1790 504 1932 575 Ἤδη

2053 526 2161 566 tam
2198 516 2247 565 te
2277 509 2592 569 Macedonia
2623 531 2725 568 non
2752 517 2945 585 capiet.
2996 517 3219 587 ingenio
3261 516 3364 571 fult
3415 515 3481 571 ad
3520 517 3620 570 im.

341 586 389 641 δ’
419 590 861 659 ἐπιστραφέντος
902 588 1002 643 σὺν
1060 592 1371 662 φρονήματι
1398 594 1499 648 καλ⁸
1538 594 1707 667 χαρᾷ,
1737 593 1789 648 οἱ
1830 596 1931 665 μὲν

2053 612 2224 659 )crata
2284 606 2637 671 contumaci,
2678 606 2772 663 sed
2810 606 3119 663 rationibus
3167 617 3220 663 et
3268 607 3620 663 suasionibus

346 684 477 753 περὶ
517 682 795 736 Φίλιππον
856 682 1183 751 ἀνεϐόησαν,
1240 685 1454 749 ἐκεῖνος
1497 686 1552 738 δὲ
1608 688 1933 756 χαρμόσυνα

345 775 658 844 προήνεγκε
696 772 932 845 δάκρυα,
965 777 1062 828 καὶ
1093 775 1329 847 φιλήσας
1369 777 1462 831 τὸν
1500 780 1689 845 παῖδα,
1732 781 1931 849 Ζήτει,

346 866 584 933 τέκνον,
606 865 732 939 ἔφη.
758 872 860 923 σοι
881 870 1214 934 ,Βασιλείαν
1236 871 1565 940 ἀνάλογον,
1596 874 1938 930 Μακεδονία

346 960 460 1030 γάρ
498 962 683 1016 σεόὐ
712 962 910 1031 χωρεῖ.
935 959 1045 1016 Ἦν
1076 964 1132 1016 δὲ
1173 965 1204 1033 ή
1237 964 1401 1033 φύσις
1430 965 1580 1037 αὐτῷ
1607 968 1935 1041 δυσκίνητος

353 1056 453 1124 μὲν
470 1056 891 1127 ὲπιτασσομένῳ
911 1073 925 1087 ·
964 1057 1013 1109 εἰ
1039 1057 1096 1110 δὲ
1123 1058 1272 1128 λόγῳ
1304 1076 1387 1122 τις
1419 1060 1584 1114 αὐτὸν
1616 1061 1711 1113 καὶ
1756 1062 1940 1116 πειθοῖ

354 1147 569 1219 μετῄει,
630 1149 936 1221 πειθήνιος.
994 1151 1257 1221 Ὠμῖλησε
1311 1153 1367 1206 δὲ
1423 1153 1501 1223 τῷ
1549 1154 1937 1225 Ἀριστοτέλει,

354 1239 645 1311 μετασχὼν
674 1241 736 1294 οὔ
774 1241 937 1310 μόνον
967 1243 1062 1296 τοῦ
1095 1244 1289 1312 ἠθικοῦ
1317 1247 1412 1298 καὶ
1441 1245 1722 1300 πολιτικοῦ
1751 1248 1938 1315 λόγου,

354 1334 493 1388 ἀλλὰ
518 1334 615 1389 καὶ
646 1334 758 1389 τῶν
814 1338 1301 1410 ἀπορῤητοτέρων,
1340 1338 1434 1404 οὒς
1480 1341 1579 1395 οὐκ
1633 1342 1941 1397 ἐκοινοῦντο

354 1424 601 1491 πολλοῖς,
633 1428 971 1490 ιποπτικοὺς
1004 1431 1101 1482 καὶ
1133 1429 1592 1499 ἀκροαματικοὺς
1648 1433 1939 1497 καλοῦντες

355 1516 581 1582 αὐτούς.
636 1514 868 1589 Φέρεται
902 1521 1012 1591 γὰρ
1054 1522 1192 1595 πρὸς
1223 1523 1573 1595 Ἀριστοτέλη
1619 1524 1787 1578 αὐτοῦ
1816 1526 1937 1578 ἑπι-

356 1609 590 1673 στόλιον,
619 1609 793 1675 οὕτως
827 1612 973 1684 ἕχον
1008 1617 1130 1669 Οὐκ
1157 1614 1345 1685 ὀρθῶς
1367 1617 1687 1685 ἐποίησας.
1721 1618 1941 1685 ἐκδοὺς

352 1701 497 1768 τοὺς
524 1702 1006 1774 ἀκροαματικοὺς
1056 1706 1176 1760 τῶν
1206 1709 1425 1775 λόγων.
1475 1706 1601 1764 Τίνι
1663 1709 1774 1780 γὰρ
1825 1710 1946 1765 τῶν

353 1792 566 1849 ἄλλων
594 1796 927 1871 διοίσομεν,
968 1803 1021 1854 εἰ
1066 1802 1196 1855 καθ’
1228 1802 1341 1869 οὓς
1373 1803 1816 1874 ἐπαιδεύθημεν
1839 1807 1942 1860 λό-

2039 696 2331 753 tractabili.
2401 696 2658 769 Magistro
2737 715 2869 755 usus
2941 708 3025 755 est
3085 700 3383 757 Aristotele
3440 720 3452 753 :
3517 714 3620 755 nec

2037 783 2344 841 doctrinam
2380 786 2448 842 de
2492 788 2739 847 moribus
2783 789 3051 845 duntaxat
3093 830 3107 851 ,
3147 791 3493 861 gerendaque
3538 804 3623 843 rc-

2039 880 2259 951 publica
2304 880 2587 951 percepit,
2620 881 2715 935 sed
2761 890 2816 936 et
2843 897 3170 937 arcanarum
3214 898 3399 938 rerum
3436 882 3622 936 scicn-

2042 975 2213 1029 tiam:
2246 989 2369 1044 quae
2396 973 2544 1045 quod
2585 974 2776 1044 paucis
2818 975 3345 1038 communicaretur,
3370 974 3623 1044 epoptica

2042 1076 2100 1121 et
2151 1065 2519 1121 acroamatica
2558 1065 2869 1129 dicebatur,
2916 1082 3149 1136 quarum
3199 1081 3397 1121 vocum
3455 1065 3627 1120 altera

2042 1155 2369 1225 iuSpieieudi
2400 1197 2414 1220 ,
2449 1155 2619 1210 altera
2639 1157 2987 1211 auscultandi
3026 1158 3303 1212 notionem
3333 1157 3520 1210 habet.
3551 1156 3629 1211 Ac

2042 1246 2433 1302 circumfertur
2477 1248 2597 1317 ejus
2653 1247 2964 1317 epistolium
3017 1248 3083 1302 ad
3130 1248 3520 1309 Aristotelem.
3572 1248 3627 1301 in

2043 1339 2186 1394 hanc
2215 1340 2544 1395 sententiam
2596 1339 2766 1395 :Non
2818 1339 2979 1411 185
3028 1340 3165 1393 reete
3190 1341 3394 1409 fecisti,
3437 1356 3632 1394 acroa-

2044 1435 2251 1487 maticis
2271 1432 2718 1501 disputationibus
2740 1431 2913 1485 editis.
2958 1430 3096 1485 Num
3122 1447 3227 1502 qua
3255 1447 3309 1484 re
3331 1430 3456 1485 aliis
3488 1447 3633 1500 prtu-

2044 1524 2313 1588 ceilemus,
2349 1527 2395 1579 si
2417 1543 2479 1579 ea
2504 1508 2747 1589 doctrina
2770 1541 2878 1596 qua
2901 1523 3093 1577 eruditi
3113 1539 3317 1583 sumus.
3342 1521 3635 1576 communis

2045 1619 2143 1671 erit
2165 1617 2449 1672 omnibus?
2492 1618 2561 1670 At
2591 1616 2688 1671 ille
2732 1613 3018 1685 respondit
3058 1633 3070 1668 :
3111 1613 3182 1667 Et
3220 1614 3386 1667 editas
3423 1619 3636 1676 esse,et

2045 1724 2151 1764 nan
2200 1711 2388 1764 editas.
2461 1709 2673 1776 Quibus
2721 1709 2909 1764 verbis
2955 1707 3352 1764 obscuritatem
3415 1706 3634 1760 illarum

2050 1816 2269 1867 rerum,
2305 1808 2362 1855 et
2419 1798 2760 1869 intelligendi
2816 1797 3196 1854 dilﬁcultatem
3265 1793 3636 1863 signiﬁcabat.

348 1903 522 1953 τους,
561 1884 731 1945 οὗτοι
770 1865 1014 1945 πάντων
1055 1865 1563 1961 suaserat-xcetra;
1605 1896 1664 1950 '0
1683 1865 1761 1951 “de
1814 1898 1943 1951 άντ-

2053 1894 2329 1951 Medicime
2352 1909 2462 1949 non
2488 1892 2776 1948 scientiam
2808 1891 3092 1953 duntaxat,
3126 1889 3222 1946 sed
3266 1891 3442 1958 ipsam
3466 1885 3635 1939 etiam

356 1977 700 2045 επὲστειλεν,
726 1980 800 2044 ὡς
842 1980 1245 2048 Ἐκδέδονται,
1298 1985 1398 2039 καὶ
1435 1988 1547 2041 οὐκ
1573 1987 1940 2043 ἐκδέδονται’

354 2068 444 2120 διὰ
505 2069 715 2125 τούτων
766 2072 944 2143 δηλῶν
995 2076 1097 2146 τὴν
1136 2076 1429 2146 ἀσάφειαν,
1487 2079 1584 2132 καὶ
1631 2079 1692 2132 τὸ
1744 2079 1946 2134 δυσκα-

354 2159 655 2229 τὲιληπτον.
676 2166 788 2219 Καὶ
803 2169 899 2237 τῆς
924 2145 1177 2239 ἰατρικῆς
1192 2145 1339 2224 δὲού
1366 2171 1426 2224 τὸ
1457 2172 1794 2242 θεωρητικὸν
1826 2191 1949 2242 μετ·
1981 2145 1995 2160 ο

356 2251 443 2322 ﬁat
489 2256 675 2324 μόνον,
731 2258 867 2314 ἀλλὰ
925 2265 1023 2317 καὶ
1079 2262 1181 2334 τὴν
1230 2265 1431 2332 πρᾶξιν
1488 2266 1680 2335 αὐτὴν.
1730 2264 1947 2332 Ἔξκαι-

356 2343 586 2418 δεκέτης
624 2349 683 2404 δὲ
726 2353 990 2420 γεγονὼς,
1039 2355 1136 2429 καὶ
1171 2356 1267 2408 τοῦ
1316 2358 1691 2428 φρονήματος,
1724 2358 1817 2411 καὶ
1851 2358 1948 2425 τῆς

2040 1986 2319 2041 actionem
2365 1983 2642 2040 tractavit.
2686 1982 2875 2039 Annos
2902 1988 3065 2036 natus
3096 1996 3183 2035 va
3223 1994 3348 2034 cum
3379 1975 3636 2050 generosi

2041 2085 2099 2134 et
2143 2075 2302 2131 l‘ortis
2328 2071 2496 2130 animi
2539 2075 2648 2144 jam
2688 2071 2992 2143 specimina
3037 2070 3264 2143 ederet,
3297 2081 3463 2143 supra
3512 2079 3638 2120 mo-

2045 2171 2176 2226 dum
2227 2185 2257 2224 a
2309 2180 2463 2237 patre
2508 2166 2814 2222 amabatur.
2867 2163 3004 2220 Cum
3059 2178 3172 2234 quo
3220 2169 3402 2215 tamen
3444 2158 3495 2214 ei
3523 2173 3634 2213 non

2045 2264 2253 2335 Optime
2286 2261 2581 2324 convenit,
2621 2259 2692 2314 ob
2725 2272 2946 2312 amores
2969 2254 3119 2310 illius
3144 2252 3291 2309 aetati
3319 2250 3634 2315 indecoros.

2044 2364 2102 2411 et
2130 2353 2323 2408 matris
2348 2350 2674 2422 zelotypiam
2699 2357 2757 2404 et
2786 2348 3160 2418 asperitatem.

356 2439 615 2509 ἀνδρείας
643 2445 956 2516 ἀπόπειραν
980 2448 1081 2520 ἤδη
1104 2447 1301 2515 διδοὺς,
1331 2450 1736 2522 ὃπερηγαπᾶτο
1787 2450 1927 2521 πρὸς
1966 2448 2060 2503 τοῦ
2098 2445 2309 2518 πατρός
2333 2460 2347 2474 ο
2374 2444 2462 2498 διὰ
2510 2442 2568 2495 δὲ
2615 2441 2744 2506 τοὺς
2807 2440 2938 2511 παρ’
2988 2440 3208 2511 ἡλικίαν
3269 2438 3483 2511 ἔρωτας
3534 2434 3631 2490 τοῦ

358 2533 654 2599 Φιλίππου.
702 2539 796 2594 καλ⁵
832 2539 895 2593 τὸ
929 2528 1032 2612 τῆς
1098 2542 1304 2615 μητρὸς
1367 2540 1674 2613 ζηλότυπον
1744 2544 1842 2598 καὶ
1910 2538 2252 2614 βαρύθυμον.
2299 2540 2327 2592 6
2380 2535 2734 2625 Ἀλέξανδρος
2775 2533 2907 2604 ἔσχε
2956 2533 3097 2605 πρὸς
3127 2534 3219 2587 τὸν
3247 2530 3464 2601 πατέρα
3518 2528 3637 2583 δια⁶

363 2628 563 2699 φοράς.

258 2718 265 2724 ’
435 2725 515 2779 Θν.
542 2726 857 2780 Παυσανίου
886 2728 945 2782 δὲ
984 2729 1080 2783 τὸν
1111 2730 1379 2785 Φίλιππον
1409 2733 1741 2796 κτείναντος,
1772 2729 1948 2801 παρέ-

362 2813 495 2868 λαὸε
519 2817 620 2886 τὴν
649 2816 931 2888 βασιλείαν
953 2820 1126 2875 εἴκοσι
1148 2824 1437 2894 τυγχάνων
1463 2827 1624 2882 ὲτων.
1653 2827 1762 2880 Καὶ
1792 2842 1952 2880 τετα-

367 2908 661 2979 ραγμένων
686 2911 953 2966 πάντοθεν
980 2917 1047 2986 τῇ
1074 2916 1216 2989 ἀρχῇ
1242 2916 1350 2972 τῶν
1376 2919 1750 2991 πραγμάτων,
1777 2918 1952 2993 τόλμῃ

368 3001 464 3053 καὶ
493 3000 653 3071 βάρει
687 3005 1037 3075 φρονήματος
1066 3008 1207 3063 αὐτὰ
1242 3010 1380 3080 ταχὺ
1419 3012 1821 3081 κατεστήσατο,
1854 3012 1954 3076 τὰς

2114 2726 2208 2783 lX.
2235 2723 2491 2796 Philippo
2513 2740 2543 2779 a
2565 2723 2837 2780 Pausania
2868 2723 3184 2789 interfecto,
3218 2724 3273 2780 in
3312 2739 3482 2797 regno
3513 2735 3641 2778 suc-

2048 2821 2234 2884 cessit,
2288 2834 2465 2875 annos
2503 2833 2572 2873 xx
2626 2827 2838 2873 natus:
2875 2826 2933 2873 et
2984 2817 3236 2888 quamvis
3283 2832 3371 2871 res
3411 2813 3631 2884 imperii

2051 2913 2299 2982 undique
2338 2911 2572 2968 turbatze
2594 2918 2801 2974 essent,
2824 2925 2917 2965 cas
2952 2919 3135 2964 tameu
3165 2908 3394 2962 audacia
3416 2915 3473 2962 et
3505 2920 3640 2962 con-

2051 3004 2161 3060 silii
2193 3005 2460 3076 gravitate
2497 3002 2762 3058 celeriter
2799 3001 3113 3070 composuit
3155 3015 3169 3053 :
3221 2999 3433 3055 Thebis
3460 2997 3638 3068 captis

367 3091 469 3160 μὲν
496 3092 689 3163 Θήϐας
714 3094 852 3150 ἐλὼν
891 3099 987 3152 καὶ
1019 3102 1404 3167 κατασκάψας,
1433 3103 1530 3158 καὶ
1559 3104 1687 3167 τοὺς
1717 3103 1947 3167 ἁλόντας

2055 3105 2110 3150 et
2137 3096 2368 3156 eversis.
2401 3093 2743 3164 captivisque
2772 3092 3034 3156 venditis,
3061 3100 3118 3147 et
3146 3104 3277 3160 pace
3306 3106 3430 3146 cum
3466 3088 3639 3144 Athe-

364 3183 478 3238 τῶν
504 3184 764 3255 Θηϐαίων
814 3190 1170 3261 ἀποδόμενος.
1213 3192 1517 3263 Ἀθηναίοις
1546 3195 1602 3248 δέ
1629 3212 1692 3264 γε
1718 3197 1942 3251 σπεισά-

373 3292 557 3346 μενος.
587 3276 719 3331 Ὅτε
751 3279 846 3333 καὶ
887 3281 1218 3351 Τιμόκλειαν
1250 3286 1484 3351 γυναῖκα
1536 3285 1804 3355 Θηὸαίαν,
1858 3289 1954 3342 καὶ

361 3366 480 3420 τῶν
521 3368 809 3438 ἐπιφανῶν
855 3370 1006 3444 Θρᾲξ
1054 3389 1138 3436 τις
1167 3373 1277 3427 τῶν
1307 3374 1596 3446 ἡγεμόνων
1643 3376 1955 3450 κατῄσχυνε

367 3457 730 3532 βιασάμενος,
776 3456 897 3515 εἶτα
932 3463 1063 3534 περὶ
1112 3467 1416 3536 χρημάτων
1445 3467 1752 3540 ἀνέκρινεν.
1795 3468 1862 3524 Ἦ
1897 3468 1956 3523 δὲ

370 3552 536 3621 μόνον
595 3553 761 3606 αὐτὸν
796 3553 1150 3608 ἀπολαϐοῦσα
1198 3559 1278 3620 είς
1329 3556 1510 3630 φρέαρ
1542 3560 1861 3630 ἀπήγαγεν,
1895 3561 1955 3619 ὲν

367 3646 553 3715 τούτῳ
593 3645 813 3716 φαμένη
851 3646 961 3701 τῶν
993 3648 1294 3719 κειμηλίων
1325 3652 1676 3721 κατακρύψαι
1700 3651 1771 3706 τὰ
1818 3645 1955 3708 κάλ-

369 3734 550 3790 λιστα.
584 3732 694 3790 Τοῦ
729 3736 774 3789 δ’
810 3737 1078 3808 ἡγεμόνος
1108 3739 1482 3804 ἐπικλιθέντος
1511 3741 1588 3812 τῷ
1621 3745 1831 3815 στομίῳ
1860 3742 1956 3798 τοῦ

368 3829 629 3899 φρέατος.
681 3823 825 3883 ὦσεν
855 3830 1017 3884 αὐτὸν
1040 3833 1074 3902 ἠ
1101 3833 1240 3903 γυνὴ
1282 3834 1405 3886 κατ’
1436 3835 1624 3901 αὑτοῦ,
1651 3837 1745 3888 καὶ
1772 3835 1957 3901 λίθους

368 3920 582 3973 ἄνωθεν
617 3920 857 3990 βαλοῦσα
892 3921 1159 3978 ἔκτεινεν.
1220 3925 1326 3978 Ἦν
1355 3924 1577 3993 δέσμιον
1626 3924 1762 3997 πρὸς
1795 3926 1958 3981 αὐτὸν

2057 3187 2344 3249 niensibus
2371 3186 2535 3250 facta,
2571 3185 2627 3240 in
2666 3183 2982 3240 Thebarum
3033 3182 3252 3238 excidio
3296 3181 3481 3237 Thrax
3509 3180 3636 3250 qui~

2056 3281 2180 3337 dam
2217 3280 2328 3336 dux
2358 3280 2628 3335 illustrem
2660 3290 2967 3333 matronam
3017 3275 3356 3332 Timocleam
3398 3273 3455 3331 vi
3506 3291 3641 3330 con-

2056 3372 2330 3444 stupravit
2364 3389 2378 3426 :
2408 3385 2475 3426 ac
2507 3370 2730 3437 deinde,
2760 3369 2854 3425 ubi
2887 3368 3120 3440 pecunia
3145 3369 3269 3439 ejus
3309 3374 3477 3422 esset.
3509 3378 3640 3436 ρετ-

2058 3473 2314 3520 conlatus
2338 3473 2443 3526 est,
2469 3477 2636 3534 quem
2664 3462 2757 3518 illa
2778 3463 2957 3518 solum
2979 3461 3048 3517 ad
3080 3470 3309 3530 puteum
3339 3458 3638 3529 quemdam

2059 3556 2309 3621 deduxit,
2350 3557 2409 3611 in
2446 3570 2623 3626 eoque
2649 3570 2710 3610 se
2750 3564 3075 3609 ornamenta
3122 3569 3220 3608 sua
3268 3551 3638 3624 pulcherrima

2059 3649 2413 3705 abscondisse
2451 3647 2590 3702 dixit
2625 3663 2640 3699 :
2672 3660 2912 3715 cumque
2937 3646 3047 3699 dux
3088 3644 3154 3698 ad
3183 3644 3456 3700 oriﬁcium
3489 3644 3637 3711 putei

2059 3757 2182 3798 sese
2206 3741 2546 3803 inclinasset,
2586 3738 2789 3791 mulier
2821 3752 2948 3790 eum
2980 3735 3226 3806 impulit,
3258 3751 3323 3789 ac
3360 3736 3635 3804 dejectum

2061 3830 2208 3887 saxis
2257 3831 2478 3900 injectis
2529 3827 2828 3884 interfecit.
2873 3826 3007 3882 Eam
3052 3826 3365 3882 Alexander
3395 3825 3637 3879 vinctam

2060 3923 2131 3977 ad
2157 3937 2216 3978 se
2246 3920 2565 3993 perductam
2598 3920 2962 3990 interrogavit
2986 3960 2998 3978 .
3028 3933 3150 3991 qua:
3174 3918 3358 3974 esset?
3386 3917 3640 3987 Respon-

368 4009 636 4080 ἀχθεῖσαν
662 4013 938 4085 ἐρώτησεν
966 4013 994 4067 ὁ
1041 4012 1397 4089 Αλέξανδρος,
1426 4015 1682 4089 ﬁrmati];
1706 4016 1785 4086 ,Ἦ
1815 4016 1873 4074 δὲ
1896 4018 1951 4075 ἅ-

2062 4015 2144 4074 dit
2174 4014 2266 4073 illa
2304 4011 2599 4087 intrepide,
2634 4028 2692 4071 se
2723 4011 3033 4088 Tbcageuis
3065 4025 3185 4072 esse
3226 4024 3514 4083 sororem,
3546 4008 3643 4087 qui

368 4103 640 4174 τρέστως,
673 4107 978 4175 Θεαγένους
1037 4109 1154 4180 εἰμὶ
1184 4110 1426 4181 ἀδελφὴ,
1481 4113 1844 4184 ἁπεκρίνατο,
1896 4114 1951 4179 ὃς

2062 4112 2174 4166 dux
2208 4120 2401 4165 contra
2453 4107 2768 4179 Philippum
2800 4110 3011 4164 electus
3038 4151 3051 4174 ,
3087 4122 3187 4180 pro
3221 4108 3543 4164 delensioue
3574 4110 3645 4163 li-

369 4197 510 4267 πρὸς
540 4199 811 4255 Φίλιππον
840 4201 1014 4274 ᾑρέθη
1049 4203 1375 4276 στρατηγὸς,
1416 4207 1512 4261 καὶ
1539 4208 1682 4280 ὑπὲρ
1702 4209 1804 4281 τῆς
1846 4209 1951 4263 Ἐλ-

2061 4203 2296 4259 bertatis
2319 4201 2634 4257 Graecorum
2664 4202 3006 4256 occubuerit.
3038 4202 3170 4272 Ejus
3197 4202 3363 4274 igitur
3402 4204 3642 4259 indolem

367 4288 555 4359 λήνων
584 4291 989 4362 ἀγωνιζόμενος
1025 4293 1359 4366 ἐλευθερίας,
1395 4296 1610 4351 ἔπεσεν.
1651 4300 1951 4372 Ἀγάμενος

2059 4308 2115 4352 et
2158 4296 2327 4353 animi
2378 4297 2807 4367 magnitudinem
2866 4297 3189 4360 admiratus,
3238 4297 3466 4352 liberam
3518 4313 3643 4351 cum

370 4380 472 4436 οὖν
493 4388 594 4455 τήν
618 4400 677 4437 τε
727 4386 1213 4457 μεγαλοφροσύνην
1239 4391 1339 4461 τῆς
1369 4395 1627 4460 γυναικὸς
1656 4394 1951 4463 ὁἈλὲξαν-

2058 4390 2252 4446 liberis
2273 4391 2389 4445 suis
2417 4390 2647 4445 dimisit.
2674 4390 2811 4446 Cum
2837 4390 2904 4445 ad
2926 4390 3229 4460 Diogenem
3254 4390 3644 4462 Sinopensem,

371 4473 524 4544 ὅρος,
570 4477 667 4530 καὶ
694 4476 759 4529 τὸ
792 4479 1134 4549 παράστημα
1163 4480 1264 4552 τῆς
1292 4481 1495 4555 ψυχῆς,
1530 4484 1826 4559 ἐλευθέραν
1863 4489 1951 4542 σὺν

2066 4484 2162 4554 qui
2194 4483 2444 4541 Corinthi
2481 4483 2736 4553 degebat,
2786 4484 3047 4548 venisset,
3100 4498 3338 4555 eumque
3383 4484 3530 4541 dicta
3562 4502 3648 4543 sa-

373 4571 493 4631 τοῖς
525 4569 745 4632 τέκνοις
761 4569 1029 4625 ἀπέλυσε.
1059 4571 1200 4643 Πρὸς
1227 4575 1486 4647 Διογένην
1514 4576 1569 4629 δὲ
1598 4577 1690 4631 τὸν
1714 4579 1951 4636 Σινωπέα

2062 4576 2176 4631 lute
2230 4585 2474 4649 rogasset
2505 4592 2517 4627 :
2549 4575 2692 4631 Num
2726 4591 2832 4646 qua
2870 4591 2930 4631 re
2960 4576 3503 4655 egeretirespondit
3530 4578 3645 4643 ille,

375 4660 511 4732 περὶ
553 4660 825 4733 Κόρινθον
857 4663 1204 4734 διατρίϐοντα
1239 4667 1514 4734 ἀπελθὼν,
1549 4671 1646 4725 καὶ
1676 4669 1813 4744 ἡλίῳ
1837 4673 1951 4728 θαλ·

2063 4670 2167 4728 sibi
2204 4686 2346 4742 opus
2370 4674 2491 4726 esse
2521 4672 2706 4725 calore
2736 4669 2910 4735 solis;
2942 4680 3112 4739 utque
3148 4668 3280 4725 inde
3307 4670 3644 4739 discederet,

376 4753 623 4822 πόμενον
677 4756 959 4825 εὑρηκὼς,
1003 4760 1290 4827 ἠσπάσατό
1319 4779 1377 4815 τε
1411 4763 1502 4815 τὸν
1536 4764 1728 4834 ἄνδρα,
1767 4769 1863 4820 καὶ
1912 4771 1951 4823 εί

2063 4762 2244 4834 petiit.
2274 4761 2588 4825 Alexandro
2622 4762 2892 4833 digresso,
2927 4763 3159 4818 comites
3196 4763 3321 4834 ejus
3347 4761 3644 4835 Diogenem

369 4860 521 4910 τινος
557 4847 753 4910 δέοιτο,
794 4849 978 4919 ἤρετο.
1016 4850 1077 4904 '0
1105 4851 1162 4905 δὲ
1185 4851 1286 4922 τῆς
1308 4853 1404 4907 τοῦ
1433 4855 1587 4926 ἡλίου
1616 4855 1770 4911 εἶπεν
1797 4861 1951 4923 ἁλέας

2066 4855 2417 4911 deridebaut.
2445 4857 2663 4924 Quibus
2690 4858 2782 4912 ille
2809 4858 3104 4913 sublimem
3136 4856 3242 4911 viri
3274 4858 3516 4912 aninunu
3551 4856 3643 4910 ad-

372 4938 611 5003 δεῖσθαι,
669 4940 766 4993 καὶ
803 4942 1138 5013 μεταστῆναι
1172 4943 1336 4999 αὐτὸν
1364 4946 1537 5016 ἠξίου.
1586 4949 1863 5014 Ἀπιόντος
1901 4942 1951 5004 δὲ

2069 4944 2320 5012 miratus,
2351 4946 2488 5003 dixit
2546 4963 2626 5010 se,
2680 4947 2787 5003 nisi
2818 4946 3127 5004 Alexander
3155 4957 3324 5013 esset,
3348 4947 3644 5018 Diogenem

370 5028 475 5083 τοῦ
509 5028 888 5099 Ἀλεξάνδρου,
915 5032 964 5084 οἱ
997 5033 1126 5100 περὶ
1160 5028 1322 5089 αὐτὸν
1354 5038 1667 5106 κατεγέλων
1713 5038 1808 5093 τοῦ
1839 5043 1960 5095 Διο-

372 5121 595 5193 γένους.
637 5122 699 5176 ⁸0
732 5122 789 5176 δὲ
811 5123 948 5193 πρὸς
973 5125 1169 5191 αὐτοὺς
1188 5127 1313 5199 ἔφη,
1341 5129 1639 5200 θαυμάζων
1673 5132 1732 5186 τὸ
1760 5116 1961 5204 ὑπερο-

372 5216 573 5297 σιτικδν
628 5214 723 5268 τοῦ
764 5215 978 5288 ἀνδρὸς,
1015 5216 1089 5280 ὡς
1150 5221 1214 5273 Ei
1275 5221 1348 5292 μὴ
1384 5222 1738 5296 Ἀλέξανδρος
1790 5226 1964 5297 ἥμην,

368 5294 640 5380 Ἁιογένης
667 5310 735 5363 ἂν
763 5308 934 5380 ἤμην.
978 5310 1260 5381 Ὀρμήσας
1294 5313 1348 5366 δὲ
1383 5317 1461 5375 εἰς
1494 5317 1590 5385 τὴν
1622 5294 1679 5368 ἐν
1701 5319 1766 5387 τῇ
1809 5294 1967 5387 idsi;

376 5400 677 5470 στρατείαν
702 5401 838 5470 (18),
870 5402 930 5455 οὐ
957 5403 1222 5474 πρότερον
1272 5405 1371 5476 τῆς
1414 5408 1540 5477 νηὸς
1588 5390 1786 5479 ἐπέϐη,
1838 5410 1968 5478 πρὶν

374 5491 463 5565 τῷ
496 5492 595 5564 μὲν
616 5493 730 5548 τῶν
759 5493 994 5565 ἑταέρων
1020 5494 1191 5567 ἀγρὸν
1217 5496 1536 5566 ἀπονεῖμαι,
1567 5499 1645 5571 τῷ
1670 5500 1727 5554 δὲ
1746 5503 1966 5572 κώμην,

2056 5050 2189 5113 csso
2226 5035 2387 5092 velle.
2427 5036 2564 5095 Cum
2611 5037 2906 5093 Asiaticum
2953 5037 3366 5109 expeditionem
3418 5036 3645 5091 molire-

2070 5140 2189 5189 tur.
2214 5146 2407 5191 navem
2440 5146 2549 5185 non
2576 5133 2903 5187 conscendit
2940 5131 3115 5202 prius,
3145 5146 3308 5201 quam
3340 5128 3644 5184 amicorum

2067 5225 2190 5279 aliis
2219 5240 2401 5296 agros,
2431 5225 2554 5280 aliis
2574 5241 2771 5299 pagos,
2801 5225 2924 5281 aliis
2954 5225 3164 5280 reditus
3196 5224 3410 5293 aliquos
3444 5222 3646 5281 donas-

2068 5326 2172 5371 set.
2202 5315 2248 5372 Α
2287 5317 2547 5373 Perdicca
2578 5327 2819 5389 rogatus,
2882 5317 3006 5388 quid
3050 5316 3249 5386 sibiipsi
3300 5321 3650 5374 reservaret?

2070 5408 2250 5481 Spem,
2306 5409 2508 5479 inquit.
2548 5408 2686 5465 Cum
2710 5410 3123 5478 Hellespontum
3161 5407 3511 5480 traiecisset,
3559 5427 3648 5467 sa-

2071 5515 2240 5573 trapae
2270 5502 2423 5556 Darii
2484 5504 2631 5558 circa
2684 5502 2978 5559 transitum
3026 5498 3253 5556 Grenici
3304 5517 3430 5557 cum
3488 5497 3652 5577 186

1575 5622 1772 5684 Variae
1806 5623 2111 5687 lectiones
2157 5631 2218 5685 et
2250 5636 2438 5685 noue.

460 5735 572 5801 (18)
615 5739 717 5799 Εἰς·
772 5734 915 5808 τὴς
940 5735 1010 5808 ἐκ
1049 5732 1125 5803 τῇ
1170 5737 1343 5804 Ἀσίᾳ
1386 5742 1727 5808 στρατείαν.
1762 5744 1839 5798 lta
1870 5744 1968 5798 ba-

384 5805 526 5884 bent
568 5824 722 5884 mss_._,
754 5815 811 5861 at
852 5804 1421 5884 \\’o:tius__legeudum
1458 5804 1691 5882 putabat
1737 5817 1830 5869 ἐπὶ
1868 5815 1967 5884 τὴν

401 5876 609 5932 ’Λςίαν.
671 5879 906 5948 ιιωςψιυ
965 5876 1151 5933 subdit
1188 5876 1430 5935 ἷΑιιετον
1462 5876 1644 5939 uoster
1688 5902 1790 5940 uau
1836 5876 1964 5942 adeo

2074 5743 2332 5816 barbarus
2365 5752 2463 5806 est,
2490 5744 2583 5816 sed
2623 5751 2698 5796 est
2726 5743 2905 5816 multis
2947 5742 3003 5796 in
3055 5742 3179 5798 locis
3218 5743 3558 5816 deprauatus,
3588 5747 3649 5793 ut

2077 5831 2162 5869 Ine
2188 5815 2409 5871 collatio
2429 5813 2681 5872 emicant
2707 5813 2916 5869 docuit.
