3980 6246
410 340 521 403 333
1677 336 2005 399 JOANNIS
2044 336 2381 399 ZONARE
3584 334 3692 400 3&0

410 449 621 521 magnis
667 449 844 521 copiis
893 457 1283 505 occurrerunt.
1335 448 1603 506 Militibus
1635 457 1822 506 autem
1865 465 1992 522 pro-

2098 448 2176 521 τῷ
2192 448 2247 502 δὲ
2280 449 2541 520 πράσοῖον
2559 448 2747 520 ἄλλην.
2770 449 2877 504 Τοῦ
2896 448 2952 504 δὲ
2974 447 3302 519 Περδίκκου,
3334 447 3396 502 Τί
3415 447 3492 513 δ’,
3518 442 3696 513 (5.60-

410 543 736 599 funditatem
766 552 821 596 et
853 541 1119 612 impetum
1149 541 1417 606 ﬂuminis,
1459 551 1627 613 alque
1689 541 1857 597 etiam
1898 542 1993 595 ho-

2098 538 2301 606 σιλεῦ,
2341 540 2579 607 σεαυτῷ
2623 542 3042 607 καταλείπεις-ε
3070 542 3338 605 εἰπόντος,
3384 541 3498 604 Τὰς
3541 540 3695 595 ἐλπίς

409 635 575 688 stium
607 634 1014 704 aggressionem
1056 631 1570 698 reformidantibus,
1600 632 1717 703 ipse
1747 648 1872 687 cum
1903 648 1993 687 ειη

2098 631 2236 706 δας.,³
2260 635 2467 696 ἐκεῖνος
2519 634 2814 704 άντέφησε.
2848 636 3105 690 Διαὸάντι
3131 634 3189 688 δὲ
3217 634 3311 690 τὸν
3356 632 3685 702 Ἑλλήσπον-

409 728 656 795 equitum
702 725 897 779 turmis
949 724 1154 781 flumen
1197 734 1284 780 est
1331 727 1634 795 ingressus.
1684 724 1994 793 eademque

408 834 578 889 opera
611 829 667 874 et
715 818 892 890 ipsum
923 831 978 874 et
1013 819 1202 875 hostes
1235 829 1290 875 et
1323 820 1470 889 ripas
1498 818 1725 875 altiores
1755 834 1818 875 ae
1853 836 1992 884 prae-

411 919 600 979 ruptas
631 920 716 965 est
744 909 1110 980 periclitatus,
1138 920 1197 964 ut
1228 902 1641 981 furiose‘magis
1670 925 1835 979 quam
1871 926 1998 980 pru-

408 1004 606 1057 denter
646 1005 914 1059 transisse
962 1013 1269 1072 putaretur.
1314 1002 1568 1057 Flumine
1594 1003 1661 1058 ad
1695 1003 1844 1057 hunc
1880 1020 1999 1056 rno-

408 1097 538 1149 tium
585 1102 868 1164 superato,
907 1092 1327 1147 tumultuariam
1364 1107 1600 1163 pugnam
1638 1091 1987 1146 committere

408 1196 495 1242 est
538 1198 765 1242 coactus
798 1202 811 1238 :
844 1196 900 1240 et
945 1185 1133 1240 multis
1167 1192 1358 1239 contra
1403 1200 1462 1239 se
1513 1176 1808 1239 ruentibus
1854 1184 2055 1253 (erat.

408 1279 556 1333 enim
597 1295 661 1334 ex
691 1279 863 1334 armis
898 1276 1119 1348 notus),
1146 1277 1346 1347 jaeulis
1376 1292 1485 1330 non
1507 1286 1594 1332 est
1630 1276 1991 1331 vulneratus:
2028 1264 2054 1282 “

409 1369 504 1425 sed
530 1369 754 1439 quidam
783 1369 904 1440 ejus
935 1368 1101 1436 galeae
1134 1376 1347 1422 tantum
1374 1368 1546 1423 ictum
1579 1367 1994 1439 gladiointulit,

415 1473 477 1516 ut
533 1462 764 1531 capillos
805 1461 972 1516 etiam
1024 1460 1441 1532 perstringeret.
1492 1462 1630 1516 Dum
1685 1477 1864 1532 pugna
1923 1461 1997 1516 ita

2099 739 2211 785 τον,
2234 724 2283 776 οί
2313 724 2408 777 τοῦ
2428 725 2657 794 Δαρείου
2687 726 2966 798 σατράπαι
2993 725 3137 796 μετὰ
3155 725 3382 797 βαρείας
3406 725 3692 795 δυνάμεως

2102 816 2233 887 περὶ
2259 815 2357 887 τὴν
2384 817 2478 870 τοῦ
2525 818 2796 888 Γρανικοῦ
2830 818 3085 874 διάϐασιν
3145 818 3296 890 αὐτῷ
3328 819 3686 889 συνηντήκει-

2102 925 2221 962 σαν.
2257 908 2378 963 Τῶν
2412 909 2470 963 δὲ
2511 910 2644 980 περὶ
2682 911 2846 964 αὐτὸν
2868 911 2931 964 τὸ
2961 909 3126 981 βάθος
3169 910 3420 965 δεδιότων
3454 909 3552 963 τοῦ
3580 923 3713 962 πο-θ

2098 1002 2296 1071 ταμοῦ,
2337 1001 2431 1056 τοῦ
2469 1003 2652 1073 ροθίου
2702 1021 2762 1058 τε
2816 1004 2916 1073 τὴν
2959 1003 3157 1075 φοράν,
3195 1004 3291 1056 καὶ
3316 1002 3413 1073 τὴν
3435 1002 3529 1056 ἐπὶ
3562 1000 3689 1055 τού-

2098 1111 2211 1156 τοις
2235 1095 2348 1167 ,τῶν
2408 1096 2690 1164 πολεμίων
2728 1096 2998 1154 ἐπίθεσιν.
3030 1098 3243 1170 ἐκεῖνος
3277 1095 3376 1148 σὺν
3408 1096 3553 1159 ίλαις
3602 1096 3692 1149 i1:-

2100 1180 2250 1239 ’πέων
2277 1188 2639 1257 τρισκαίδεκα
2672 1189 2932 1259 ἐμϐάλλει
2964 1189 3040 1259 τῷ
3066 1188 3324 1259 ῥεύματι.
3381 1189 3520 1259 πρὸς
3555 1188 3693 1243 αὐτὸ

2100 1276 2562 1344 ἀποκινδυνεύων,
2583 1280 2679 1333 καὶ
2697 1282 2831 1349 πρλις
2846 1281 2971 1343 τοὺς
2990 1280 3284 1345 ἐναντίους,
3299 1280 3546 1351 καὶπρὸς
3566 1282 3696 1334 ἀπο-

2101 1368 2290 1432 ϐάσεις
2318 1370 2578 1438 ὀχθῶδεις
2635 1373 2730 1425 καὶ
2754 1372 3110 1444 ἀπορρῶγας.
3143 1372 3236 1425 Διὸ
3283 1373 3380 1426 καὶ
3437 1373 3688 1443 μανικῶς

2104 1458 2326 1529 μᾶλλον,
2360 1460 2476 1512 ἀλλ’
2501 1461 2561 1513 οὑ
2593 1462 2980 1531 στρατηγικῶς
3007 1462 3155 1527 ἔδοξε
3185 1463 3310 1516 τότε
3358 1463 3691 1534 ποιήσασθαι

417 1554 876 1615 committeretur,
913 1552 1277 1608 Macedonica:
1297 1553 1469 1623 cepiee
1493 1551 1791 1608 Granicum
1822 1562 1993 1608 trans-

2099 1552 2200 1624 τὴν
2226 1553 2499 1607 διάϐασιν.
2560 1554 2718 1607 Οὕτω
2747 1555 2803 1609 δὲ
2825 1555 3039 1619 διαϐάς,
3099 1556 3312 1626 φύρδην
3344 1557 3693 1628 ἠναγκάζετο

417 1647 624 1711 ierunt,
683 1663 919 1719 quarum
973 1647 1082 1702 vim
1132 1648 1279 1702 Darii
1332 1648 1538 1702 milites
1587 1664 1694 1701 non
1735 1648 1995 1712 ferentes,

417 1738 558 1810 fugae
590 1754 649 1794 se
684 1739 1041 1794 mandarunt.
1069 1740 1200 1809 Ejus
1240 1738 1410 1809 praelii
1442 1753 1733 1794 successus
1759 1739 1996 1794 Alexan-

2104 1644 2398 1714 μάχεσθαι.
2435 1647 2548 1698 Καὶ
2580 1646 2794 1700 πολλῶν
2825 1649 2965 1718 πρὸς
3017 1649 3182 1702 αὑτὸν
3211 1649 3557 1721 ὡρμηκότων
3593 1644 3687 1719 (ἦν

2102 1736 2210 1807 γὰρ
2239 1740 2303 1791 ἐκ
2329 1738 2437 1791 τῶν
2468 1738 2653 1793 ὅπλων
2684 1740 2983 1810 διάδηλος),
3014 1741 3358 1804 ἀκοντισθεὶς
3386 1740 3487 1812 μὲν
3507 1742 3609 1795 οὐκ
3630 1743 3689 1794 t-

416 1830 518 1888 dro
551 1847 760 1902 magna
791 1829 1071 1886 felicitatis
1098 1831 1204 1885 fuit
1231 1830 1472 1887 occasio.
1516 1830 1651 1886 Nam
1691 1839 1747 1885 et
1776 1830 1993 1887 Sardeis

2102 1830 2310 1900 τρῶθη,
2344 1832 2529 1886 κοπίδι
2575 1833 2631 1886 δὲ
2658 1834 2720 1886 τὸ
2749 1835 2952 1906 κράνος
2985 1835 3152 1890 αὐτοῦ
3183 1835 3489 1907 πλήξαντός
3517 1853 3689 1901 τινος⁹

407 1923 464 1977 in
509 1923 850 1980 deditionem
893 1922 1130 1993 accepit,
1162 1931 1219 1979 et
1249 1923 1459 1993 reliqua
1506 1938 1568 1979 se
1598 1938 1724 1978 cum
1756 1938 1823 1978 eo
1861 1937 1998 1977 con-

400 2017 732 2088 iunxerunt.
789 2015 922 2072 [nde
967 2016 1037 2071 ad
1086 2032 1240 2072 oram
1278 2016 1612 2071 maritimam
1656 2030 1993 2081 conversus,

405 2109 805 2182 Pamphyliam,
851 2108 1103 2171 Ciciliam
1157 2120 1216 2165 et
1262 2109 1607 2164 Pbmniciam
1660 2110 1995 2179 occupavit,

408 2196 784 2272 Pisidiamque
816 2212 872 2259 et
898 2202 1215 2274 Phrygiam.
1264 2201 1475 2258 Deinde
1514 2200 1895 2272 Paphlagones
1939 2209 1996 2255 et

408 2296 764 2363 Cappadoces
798 2294 1038 2366 subegit.
1082 2293 1282 2350 Darius
1306 2302 1493 2349 autem
1526 2293 1684 2349 Susis
1714 2293 1995 2364 profectus

406 2395 493 2442 est
522 2399 647 2466 cum
691 2402 758 2443 nc
808 2387 1071 2448 millibus.
1104 2396 1221 2443 tum
1280 2387 1564 2442 exercitus
1614 2386 1994 2456 magnitudine

407 2480 606 2539 elatus.
643 2490 759 2536 tum
783 2495 850 2535 eo
873 2480 1067 2540 fretus.
1104 2480 1252 2550 quod
1279 2478 1651 2534 Alexandrum
1678 2479 1749 2534 ob
1776 2479 1994 2550 longio-

409 2588 524 2628 rem
562 2573 617 2627 in
650 2572 845 2629 Cicilia
877 2589 1089 2628 moram
1121 2574 1314 2628 timere
1349 2572 1742 2627 arbitrabatur.
1774 2572 1831 2627 Id
1859 2588 1992 2628 vero

407 2660 480 2716 ob
513 2661 764 2717 morbum
802 2661 968 2717 ﬁebat
1000 2679 1014 2714 :
1051 2663 1206 2734 cujus
1238 2664 1527 2721 curatione
1558 2679 1589 2717 a
1616 2660 1833 2717 caeteris
1863 2676 1986 2715 om-

406 2756 573 2826 nibus
607 2757 840 2812 medicis
866 2755 1154 2828 desperata
1178 2798 1193 2823 ,
1225 2757 1377 2813 solus
1406 2756 1698 2827 Philippus
1727 2757 1985 2812 Acarnan

405 2850 457 2904 ei
506 2849 835 2904 medicinam
884 2849 1153 2906 adhibere
1204 2866 1375 2907 ausus
1420 2862 1547 2906 est:
1585 2865 1708 2905 eum
1760 2848 1989 2921 quidem

405 2943 699 2999 Parmenio
727 2943 1060 3014 scripsisset.
1093 2944 1247 3000 illum
1272 2960 1302 2999 a
1328 2944 1493 3000 Dario
1516 2952 1840 3013 corruptum
1867 2957 1989 2998 esse

407 3036 728 3106 ingentibus
755 3038 1084 3096 muneribus
1114 3047 1173 3094 et
1208 3037 1707 3108 pollicitationibus
1729 3075 1746 3101 ,
1783 3036 1830 3092 si
1859 3051 1987 3092 eum

406 3130 741 3186 sustulisset.
772 3130 849 3189 Ea
881 3132 1116 3201 epistola
1140 3131 1451 3187 Alexander
1486 3132 1651 3194 lecta,
1683 3140 1984 3186 asservata-

2101 1922 2266 1992 μέχρι
2308 1923 2568 1977 τοσούτου
2599 1925 2694 1979 τοῦ
2739 1929 2976 1997 κράνους
3007 1927 3270 1982 καθίκετο
3305 1929 3338 1997 ή
3363 1928 3574 1999 πληγὴ,
3603 1926 3685 1992 ὡς

2097 2017 2191 2069 καὶ
2213 2014 2324 2069 τῶν
2348 2017 2553 2086 τριχῶν
2584 2018 2750 2072 αὑτοῦ
2777 2020 3136 2091 παραψαῦσαι
3167 2021 3268 2092 τὴν
3300 2020 3520 2075 κοπίδα.
3566 2020 3685 2091 Τῆς

2100 2108 2280 2179 μάχης
2307 2107 2352 2161 δ’
2377 2107 2522 2162 οὕτω
2552 2111 2982 2184 συνισταμένης,
3013 2112 3106 2169 τὸν
3132 2112 3401 2183 Γρανικὸν
3423 2114 3479 2166 αί
3496 2112 3690 2168 Μακε-

2092 2198 2300 2252 δονικαὶ
2349 2199 2609 2270 δυνάμεις
2641 2200 3032 2275 διαϐεϐήκασιο
3086 2204 3183 2259 καὶ
3212 2206 3261 2258 οί
3313 2202 3410 2259 τοῦ
3444 2203 3678 2275 Δαρείου

2092 2291 2278 2347 οὐκέτι
2301 2294 2577 2365 ἀντεῖχον,
2599 2295 2716 2348 ἀλλ’
2734 2295 2960 2351 ἔκλιναν
2980 2300 3062 2362 είς
3083 2298 3287 2369 φυγήν.
3323 2297 3417 2351 Ἐκ
3433 2297 3564 2367 γοῦν
3588 2300 3691 2368 τῆς

2098 2387 2280 2457 μάχης
2311 2387 2520 2459 ταύτης
2552 2388 2723 2460 πολλή
2752 2408 2836 2454 τις
2890 2390 3111 2458 ἐγένετο
3138 2390 3274 2461 πρὸς
3315 2392 3575 2464 εὐτυχίαν
3604 2392 3687 2464 τῷ

2106 2473 2444 2548 Ἀλεξάνδρῳ
2469 2478 2632 2549 φορά.
2676 2479 2746 2532 Ai’
2800 2497 2860 2534 τε
2913 2480 3023 2551 γὰρ
3059 2481 3286 2552 Σάρδεις
3318 2484 3367 2537 oi
3405 2484 3694 2554 προσεχώ-

2096 2584 2295 2641 ρησαν,
2336 2571 2432 2622 καὶ
2475 2570 2646 2625 τᾶλλα
2698 2572 3053 2645 προσέθεντο.
3130 2571 3417 2627 Ἐντεῦθεν
3468 2575 3548 2635 εἰς
3582 2573 3690 2645 τὴν

2093 2659 2372 2727 παραλίαν
2399 2660 2689 2730 ἐτράπετο,
2717 2665 2811 2715 καὶ
2840 2663 2936 2732 τήν
2959 2679 3016 2714 τε
3048 2662 3379 2733 Παμφυλίαν
3406 2663 3562 2733 ἔσχε,
3583 2666 3687 2717 καὶ

2093 2751 2351 2806 Κιλικίαν
2370 2770 2432 2807 τε
2462 2753 2558 2808 καὶ
2588 2755 2869 2826 Φοινίκην,
2904 2755 3154 2809 Πισιδίαν
3193 2773 3254 2809 τε
3295 2756 3386 2810 καὶ
3413 2757 3685 2827 Φρυγίαν·

2092 2838 2212 2898 εἷτα
2283 2844 2644 2914 Παφλαγόνας
2707 2847 2803 2899 καὶ
2884 2845 3267 2910 Καππαδόκας
3319 2846 3685 2917 ἐχειρώσατο.

2091 2938 2316 3008 Δαρεῖος
2379 2938 2436 2992 δὲ
2476 2939 2540 2991 ὲκ
2587 2939 2808 2992 Σούσων
2844 2937 2941 2992 σὺν
2976 2939 3244 3009 ἑξήκοντα
3276 2941 3540 3009 μυριάσιν
3571 2939 3689 3010 ὥρ-

2094 3046 2263 3101 μησε,
2294 3029 2372 3100 τῷ
2409 3048 2469 3084 τε
2510 3029 2714 3101 πλήθει
2744 3032 2845 3103 τῆς
2901 3034 3164 3101 στρατιᾶς
3218 3033 3557 3103 ἐπηρμένος,
3589 3034 3689 3086 καὶ

2092 3123 2292 3195 θάρσος
2316 3125 2479 3195 ἔχων,
2502 3124 2578 3188 ῶς
2601 3124 2911 3190 δειλιῶντος
2940 3123 3319 3195 Ἀλεξάνδρου,
3338 3124 3422 3179 ὅτι
3447 3127 3542 3178 ἐπὶ
3566 3142 3683 3196 μα-

405 3233 511 3289 qne
536 3257 551 3282 ,
587 3236 651 3275 ac
679 3236 738 3274 re
763 3221 971 3278 nemini
1002 3223 1406 3278 connnunicata
1432 3261 1447 3284 ,
1489 3221 1715 3276 calicem
1746 3219 1982 3275 medica-

2097 3217 2232 3289 κρδν
2275 3217 2482 3280 ἐκεῖνος
2527 3217 2587 3270 ἐν
2637 3216 2865 3289 Κιλικία
2904 3217 3164 3287 διέτριϐε·
3195 3217 3259 3270 τὸ
3292 3218 3348 3270 δὲ
3393 3216 3484 3271 διὰ
3515 3218 3680 3274 νόσον

406 3311 573 3366 menti
607 3327 636 3366 a
674 3312 926 3382 Philippo
954 3313 1199 3369 oblatum
1230 3314 1443 3383 accepit
1478 3314 1660 3370 alacer
1701 3331 1715 3366 :
1743 3312 1821 3369 illi
1856 3327 1988 3366 vero

404 3404 691 3472 epistolam
720 3404 892 3459 dedit.
926 3404 1018 3461 Sic
1044 3405 1182 3461 alter
1216 3406 1377 3471 bibit,
1408 3407 1548 3461 alter
1580 3405 1732 3477 legit,
1759 3416 1990 3475 uterque

406 3498 640 3554 alterum
703 3498 927 3555 intuens
977 3517 989 3552 :
1032 3498 1344 3559 Alexander
1402 3499 1556 3554 vultu
1628 3495 1877 3570 jucunde
1934 3505 1991 3550 et

408 3590 567 3645 hilari
599 3632 612 3649 .
654 3591 943 3660 Philippus
979 3592 1212 3648 sollicito
1246 3600 1302 3647 et
1344 3590 1681 3660 perturbato.
1723 3588 1864 3647 Cum
1893 3605 1991 3645 au-

407 3693 515 3738 tem
554 3682 747 3737 Darius
798 3693 988 3737 contra
1032 3680 1403 3737 Alexandrum
1434 3680 1760 3742 festinaret,
1790 3694 1895 3740 ne,
1933 3687 1991 3732 ut

403 3775 642 3838 dicebat,
668 3775 853 3830 hostes
881 3773 1225 3844 aufugerent,
1257 3773 1520 3845 Amyntas
1550 3771 1771 3827 Macedo
1806 3780 1988 3825 trans-

405 3868 530 3937 fuga
581 3868 724 3921 bono
774 3868 957 3925 animo
1002 3881 1129 3921 eum
1188 3879 1311 3921 esse
1361 3865 1526 3936 jussit
1568 3879 1797 3933 :neque
1840 3863 1988 3917 enim

406 3960 707 4031 fugiturum
751 3959 1157 4023 Alexandrum,
1203 3957 1299 4013 sed
1347 3959 1529 4012 statim
1576 3964 1767 4011 contra
1812 3957 1989 4025 ipsum

406 4052 611 4109 iturum
633 4067 774 4107 esse.
798 4050 1106 4107 Commisso
1132 4059 1315 4103 autem
1343 4050 1396 4099 in
1422 4046 1537 4102 Isso
1555 4044 1759 4100 Ciliciae
1782 4044 1988 4115 praelia,

405 4160 662 4214 magnum
702 4142 924 4213 quidem
979 4151 1039 4197 et
1071 4141 1244 4211 ipsius
1289 4138 1394 4193 loci
1432 4136 1697 4209 angustiae
1742 4151 1989 4193 momen-

408 4247 523 4294 tum
565 4237 726 4306 187
764 4234 1075 4289 Alexandro
1112 4232 1180 4287 ad
1209 4230 1497 4286 victoriam
1526 4229 1862 4293 attulerunt,
1896 4227 1989 4282 sed

407 4327 581 4397 ipsius
624 4326 925 4385 dexteritas
972 4334 1028 4381 et
1075 4323 1297 4380 solertia
1351 4323 1513 4393 longe
1575 4323 1771 4393 majus.
1839 4320 1993 4376 Tunc

407 4419 552 4475 inter
586 4419 863 4490 principes
887 4433 1156 4488 pugnans.
1179 4433 1311 4473 ense
1331 4416 1508 4471 femur
1537 4424 1622 4471 est
1652 4415 1987 4471 vulneratus.

412 4511 707 4569 Victoriam
757 4510 1026 4568 illustrem
1076 4508 1346 4579 adeptus,
1401 4509 1564 4565 Dario
1605 4507 1729 4579 fuga
1783 4508 1987 4578 elapso,

2091 3306 2183 3382 ἦν,
2246 3310 2336 3363 ὅτε
2369 3310 2509 3379 πρὸς
2553 3310 2662 3363 τῶν
2707 3310 2884 3363 ἄλλων
2934 3311 3035 3380 μὲν
3068 3310 3395 3380 ἀπέγνωστο
3445 3312 3679 3382 ίατρῶν,

2091 3400 2362 3463 Φίλιππος
2386 3400 2444 3454 δὲ
2472 3401 2632 3471 μόνος
2663 3401 2690 3453 ὁ
2734 3399 3005 3473 Ἀκαρνὰν
3033 3400 3307 3472 ἐθάρσησε
3348 3403 3684 3473 φαρμακεῦ-

2096 3506 2186 3544 σαι
2218 3491 2405 3546 αύτόν.
2435 3492 2543 3544 Τοῦ
2578 3491 2635 3545 δὲ
2670 3491 3062 3562 Παρμενίωνος
3096 3493 3405 3560 φθάσαντος
3434 3496 3682 3547 ἐπιστεῖ-

2091 3584 2181 3638 λαι
2229 3584 2402 3655 αὐτῷ,
2441 3585 2547 3638 ὑπὸ
2600 3585 2829 3655 Δαρείου
2877 3582 3207 3655 διεφθάρθαι
3268 3585 3361 3641 τὸν
3411 3586 3688 3641 Φίλιππον

2091 3676 2322 3746 δωρεαῖς
2353 3676 2626 3747 μεγάλαις
2655 3679 2751 3732 καὶ
2775 3677 3159 3746 ὑποσχέσεσιν,
3186 3677 3237 3731 εί
3268 3678 3435 3731 αὐτὸν
3471 3680 3684 3733 ἀνέλοιο

2092 3769 2193 3840 τὴν
2224 3768 2516 3841 ἐπιστολὴν
2545 3769 2774 3837 ἐπῆλθε,
2802 3769 2897 3821 καὶ
2925 3769 3115 3838 μηδενὶ
3157 3772 3284 3841 περὶ
3309 3771 3373 3824 αὖ
3387 3771 3480 3840 τῆς
3503 3764 3685 3842 ἐκφή-

2092 3880 2211 3928 νας,
2243 3858 2355 3932 εἶχε
2380 3862 2512 3933 παρ’
2538 3861 2741 3933 ἐαυτῷ.
2772 3862 2932 3933 ’Λρτι
2962 3861 3018 3912 δὲ
3044 3861 3139 3917 τοῦ
3162 3854 3441 3917 Φιλίππού
3466 3862 3563 3934 τὴν
3585 3863 3691 3916 κύο

2093 3955 2222 4009 λικα
2246 3954 2340 4008 τοῦ
2369 3956 2664 4026 φαρμάκου
2695 3957 3146 4025 προσαγαγόντος
3177 3957 3348 4026 αὐτῷ,
3381 3957 3544 4021 αὐτὸς
3580 3956 3690 4025 μὲν

2094 4045 2317 4117 θαρῤῶν
2364 4044 2583 4113 ἐδέξατο
2643 4046 2871 4117 ταύτην,
2909 4050 3108 4121 ἐκείνῳ
3138 4049 3194 4103 δὲ
3233 4050 3335 4121 τὴν
3383 4050 3691 4119 ἐπιστολὴν

2094 4137 2415 4209 ἐνεχείρισε.
2460 4140 2570 4190 Καὶ
2622 4137 2650 4190 ὁ
2693 4139 2794 4210 μὲν
2848 4139 3057 4204 ἔπινεν,
3102 4143 3130 4195 ό
3167 4141 3224 4194 δὲ
3283 4141 3685 4208 ἀνεγίνωσκεν,

2095 4231 2390 4302 ὶνορῶντες
2420 4231 2696 4301 ἀλλήλοις,
2740 4236 2769 4287 ὁ
2798 4233 2898 4303 μὲν
2941 4233 3293 4303 Ἀλέξανδρος
3318 4236 3374 4286 ὲν
3407 4232 3530 4300 ὄψει
3572 4250 3687 4302 χα-

2096 4324 2291 4393 ριέσσῃ
2318 4324 2412 4378 καὶ
2437 4324 2622 4396 ίλαρᾷ,
2644 4324 2672 4376 ό
2688 4324 2745 4378 δὲ
2768 4323 3035 4388 Φίλιππος
3062 4326 3121 4378 ὲν
3147 4325 3390 4396 περιδεεί
3412 4323 3508 4379 καὶ
3527 4322 3691 4376 τεθο-

2100 4412 2408 4484 ρυϐημὲνῃ.
2443 4413 2550 4468 Τοῦ
2579 4414 2636 4467 δὲ
2663 4415 2894 4488 Δαρείου
2930 4414 3258 4479 σπεύδοντος
3289 4414 3379 4469 ἐπ’
3424 4413 3690 4480 Ἀλέξαν-

2096 4501 2242 4571 δρον,
2295 4499 2382 4566 ἵν’,
2415 4502 2491 4566 ὡς
2527 4502 2706 4573 ἔλεγε,
2755 4505 2830 4575 μὴ
2862 4504 3251 4579 ἀποδράσωσιν
3317 4507 3367 4561 οἱ
3404 4506 3689 4575 πολέμιοι,

406 4620 575 4659 curru
619 4611 677 4658 et
709 4619 841 4659 arcu
876 4604 997 4674 ejus
1024 4613 1119 4670 est,
1158 4577 1366 4674 potitus
1403 4619 1417 4663 :
1449 4614 1627 4659 castra
1673 4577 1706 4657 a
1746 4577 1993 4657 Macedo-

2101 4592 2369 4647 Μακεδὼν
2411 4594 2687 4669 Ἀμύντας
2725 4595 2800 4650 ῶν
2830 4597 3133 4669 αὐτόμολος
3167 4598 3301 4670 παρ’
3336 4599 3507 4668 αὐτῷ.
3538 4599 3693 4671 Θάρο

407 4696 576 4753 nibus
604 4696 818 4768 direpta
846 4707 976 4752 sunt
999 4737 1015 4763 ,
1044 4713 1109 4752 ac
1143 4696 1291 4752 Darii
1326 4697 1623 4757 tentorium
1667 4711 1793 4752 eum
1829 4694 1992 4750 mini-

405 4788 630 4855 steriis,
697 4788 933 4860 Opibus,
1001 4788 1261 4861 omnique
1347 4798 1610 4861 apparatu
1681 4787 1992 4846 Alexandro

404 4888 745 4951 exemptum.
822 4880 1029 4937 Deinde
1088 4896 1215 4959 eum
1284 4880 1337 4936 ei
1391 4881 1780 4944 nuntiaretur,
1842 4878 1988 4937 Darii

404 4981 636 5029 matrem
662 5011 677 5036 ,
720 4987 945 5030 uxorem
987 4981 1043 5028 et
1070 4972 1208 5029 duas
1251 4972 1389 5029 filias
1419 4972 1663 5044 captivas
1688 4971 1815 5026 duci
1845 5010 1861 5036 ,
1889 4970 1992 5025 Da-

404 5066 547 5120 rium
592 5079 694 5135 pro
724 5075 940 5120 mortuo
973 5065 1323 5135 deplorantes
1346 5106 1361 5130 ,
1409 5064 1556 5136 quod
1609 5064 1730 5136 ejus
1764 5078 1989 5119 currum

404 5167 458 5209 et
490 5172 678 5210 arcum
724 5167 943 5226 captum
990 5156 1256 5213 vidissent
1290 5173 1304 5209 :
1352 5162 1663 5210 commotus
1688 5156 1763 5207 'eo
1795 5147 1993 5207 nuntio

405 5256 629 5314 propter
655 5246 890 5304 fortunae
935 5248 1360 5304 inconstantiam
1387 5289 1403 5315 ,
1435 5245 1731 5319 quemdam
1767 5246 1834 5299 ad
1866 5261 1992 5299 mu-

404 5339 567 5393 lieres
589 5340 791 5404 mittit,
822 5340 915 5414 qui
942 5341 1024 5396 eis
1048 5341 1278 5404 indicet,
1311 5341 1525 5395 Darium
1558 5338 1743 5394 vivere
1764 5379 1779 5404 ,
1812 5354 1993 5408 neque

402 5428 486 5483 eis
513 5428 812 5500 quidquam
853 5431 1117 5487 molestiae
1148 5431 1361 5488 illatum
1393 5431 1483 5485 iri.
1526 5429 1715 5501 Neque
1748 5432 1895 5485 enim
1930 5446 1990 5485 se

404 5519 630 5574 Darium
676 5522 888 5578 hostem
940 5523 1190 5595 judicare
1217 5565 1231 5589 ,
1255 5522 1352 5579 sed
1397 5538 1523 5577 cum
1560 5536 1628 5575 eo
1659 5521 1728 5576 de
1760 5520 1992 5592 imperio

405 5622 622 5669 certare
663 5631 678 5669 :
713 5630 893 5686 neque
917 5616 987 5670 de
1011 5616 1332 5673 ministeriis
1362 5632 1484 5687 quae
1517 5615 1796 5671 habebant
1823 5616 1991 5685 quid-

402 5720 568 5774 quam
617 5706 700 5760 eis
746 5706 1024 5771 detraxit,
1076 5722 1255 5777 neque
1304 5707 1359 5761 in
1402 5716 1759 5777 conspectum
1798 5722 1988 5761 earum

402 5797 589 5862 venit,
622 5812 802 5866 neque
856 5812 1050 5866 passus
1078 5806 1162 5852 est
1212 5807 1272 5851 ut
1318 5798 1388 5852 ab
1420 5798 1532 5852 ullo
1564 5798 1865 5868 quidquam
1908 5800 1991 5854 in-

402 5888 625 5966 dignum
658 5888 743 5944 vel
772 5891 1150 5962 sustinerent,
1188 5890 1276 5946 vel
1307 5898 1709 5962 eXSpectarent.

2100 4685 2206 4756 ρει,
2231 4683 2358 4757 ἔφη.
2381 4680 2426 4740 ῶ
2449 4686 2706 4754 δέσποτα,
2729 4687 2790 4740 οὐ
2822 4689 2932 4759 γὰρ
2960 4688 3221 4757 φεύξεται
3242 4689 3270 4740 ό
3305 4687 3630 4759 Ἀλέξανδρο
3654 4709 3691 4761 ·,

2096 4776 2215 4830 ἀλλ’
2243 4778 2369 4832 ὅσον
2398 4777 2500 4849 ἤδη
2530 4777 2800 4849 βαδιεῖται
2834 4781 2972 4854 πρὸς
3004 4780 3089 4836 σέ.
3157 4782 3244 4834 Ἐν
3304 4778 3460 4851 Ἰσσῷ
3492 4780 3548 4833 δὲ
3582 4783 3690 4850 τῆς

2093 4869 2354 4935 Κιλικίας
2409 4872 2512 4942 τῆς
2566 4873 2747 4945 μάχης
2782 4874 3276 4949 συγκροτηθείσης,
3341 4874 3546 4945 πολλὴν
3581 4874 3690 4944 μὲν

2097 4962 2190 5015 καὶ
2239 4963 2267 5016 ὁ
2297 4963 2463 5026 τόπος
2493 4963 2581 5016 δια
2615 4962 2716 5035 τὴν
2764 4964 3030 5018 στένωσιν
3068 4965 3316 5036 παρέσχε
3369 4966 3546 5033 ῥοπὴν
3601 4964 3689 5035 τῷ

2108 5052 2469 5126 Ἀλεξάνδρῳ,
2512 5054 2685 5109 πλείω
2714 5057 2759 5108 δ’
2808 5057 2971 5120 αὐτὸς
3000 5057 3179 5126 ἑαυτῷ
3223 5057 3414 5125 δεξιῶς
3447 5074 3693 5129 στρατη-

2096 5151 2295 5218 γήσας,
2362 5151 2451 5203 ὅτε
2503 5152 2596 5204 καὶ
2630 5154 2721 5205 τὸν
2760 5155 2939 5223 μηρὸν
2990 5154 3208 5225 ἐπλήγη
3265 5153 3432 5223 ξίφει,
3481 5156 3539 5207 ἐν
3569 5155 3689 5217 τοῖς

2096 5246 2403 5316 προμάχοις
2450 5244 2875 5315 ἀγωνιζόμενος.
2939 5249 3272 5318 Περιφανῶς-
3315 5249 3374 5303 δὲ
3423 5250 3691 5319 νικήσας,

2094 5340 2322 5409 Δαρεῖον
2359 5339 2461 5408 μὲν
2515 5341 2615 5411 οὐχ
2666 5337 2780 5393 είλε
2810 5342 3074 5412 φυγόντα,
3103 5343 3162 5396 τὸ
3204 5341 3359 5412 ἆρμα
3400 5341 3458 5396 δὲ
3498 5341 3594 5395 καὶ
3621 5341 3694 5394 τὸ

2093 5429 2247 5496 τόξον
2270 5431 2436 5487 αὑτοῦ
2473 5429 2656 5484 ἔλαϐε.
2693 5433 2766 5485 Τὸ
2795 5433 2850 5487 δὲ
2878 5433 3105 5506 Δαρείου
3133 5433 3500 5501 στρατόπεδον
3524 5433 3687 5504 διηρ-

2094 5524 2243 5593 πάγη
2276 5524 2427 5592 παρά
2458 5523 2567 5576 τῶν
2606 5525 2963 5591 Μακεδόνων,
2999 5528 3031 5597 ἡ
3066 5527 3256 5597 μέντοι
3317 5525 3414 5579 τοῦ
3447 5523 3689 5594 Δαρείου

2096 5616 2270 5684 σκηνὴ
2304 5615 2380 5686 τῷ
2432 5615 2770 5689 Ἀλεξάνδρῳ
2795 5619 3031 5691 ἐξῄρητο
3050 5620 3189 5690 μετὰ
3224 5623 3321 5691 τῆς
3357 5619 3691 5687 θεραπείας.

2096 5708 2190 5760 καὶ
2220 5706 2313 5759 τοῦ
2371 5706 2625 5766 πλούτου,
2658 5711 2749 5762 καὶ
2781 5712 2879 5776 τῆς
2913 5710 3080 5780 ἄλλης
3112 5710 3491 5782 παρασκευῆς.
3544 5703 3695 5761 Εἶτα

2092 5800 2193 5867 τὴν
2223 5799 2458 5869 μητέρα,
2493 5802 2586 5853 καὶ
2617 5802 2719 5872 τὴν
2755 5804 2991 5871 γυναῖκα
3026 5803 3282 5875 Δαρείου,
3320 5802 3415 5855 καὶ
3436 5801 3546 5855 δύω
3575 5797 3688 5851 θυ-

2092 5893 2336 5963 γατέρας
2380 5892 2762 5963 αἰχμαλώτους
2796 5895 3030 5967 ἄγεσθαί
3062 5914 3147 5962 τις
3206 5893 3466 5967 ἀγγέλλει
3500 5889 3684 5966 αὑτῷ,
