  <div class='ocr_page' id='page_1' title='image "/cluster/home/n/w/nwhite01/storage/ocr_20150623/134/mdp.39015032023197/180.png"; bbox 0 0 3980 6246; ppageno 0'>
   <div class='ocr_carea' id='block_1_1' title="bbox 341 360 448 426">
    <p class='ocr_par' dir='ltr' id='par_1_1' title="bbox 341 360 448 426">
     <span class='ocr_line' id='line_1_1' title="bbox 341 360 448 426; baseline 0 0"><span class='ocrx_word' id='word_1_1' title='bbox 341 360 448 426; x_wconf 63' lang='grc'><strong>345</strong></span> 
     </span>
    </p>
   </div>
   <div class='ocr_carea' id='block_1_2' title="bbox 1581 373 2336 440">
    <p class='ocr_par' dir='ltr' id='par_1_2' title="bbox 1581 373 2336 440">
     <span class='ocr_line' id='line_1_2' title="bbox 1581 373 2336 440; baseline 0.008 -9"><span class='ocrx_word' id='word_1_2' title='bbox 1581 373 1993 437; x_wconf 78' lang='lat' dir='ltr'><strong>ANNALIUM</strong></span> <span class='ocrx_word' id='word_1_3' title='bbox 2038 378 2188 440; x_wconf 89' lang='lat' dir='ltr'><strong>LIB.</strong></span> <span class='ocrx_word' id='word_1_4' title='bbox 2238 380 2336 440; x_wconf 75' lang='grc' dir='ltr'><strong>ιν.</strong></span> 
     </span>
    </p>
   </div>
   <div class='ocr_carea' id='block_1_3' title="bbox 3503 379 3615 442">
    <p class='ocr_par' dir='ltr' id='par_1_3' title="bbox 3503 379 3615 442">
     <span class='ocr_line' id='line_1_3' title="bbox 3503 379 3615 442; baseline 0.009 -1"><span class='ocrx_word' id='word_1_5' title='bbox 3503 379 3615 442; x_wconf 68' lang='grc'><strong>346</strong></span> 
     </span>
    </p>
   </div>
   <div class='ocr_carea' id='block_1_4' title="bbox 333 481 1951 564">
    <p class='ocr_par' dir='ltr' id='par_1_4' title="bbox 333 481 1931 553">
     <span class='ocr_line' id='line_1_4' title="bbox 333 481 1931 553; baseline 0.006 -22"><span class='ocrx_word' id='word_1_6' title='bbox 333 495 447 541; x_wconf 88' lang='grc' dir='ltr'>νον,</span> <span class='ocrx_word' id='word_1_7' title='bbox 473 481 592 531; x_wconf 84' lang='grc' dir='ltr'>ἐκεῖ</span> <span class='ocrx_word' id='word_1_8' title='bbox 627 481 859 538; x_wconf 81' lang='grc' dir='ltr'>συνώθει</span> <span class='ocrx_word' id='word_1_9' title='bbox 916 485 1046 549; x_wconf 75' lang='grc' dir='ltr'>τοὺς</span> <span class='ocrx_word' id='word_1_10' title='bbox 1109 484 1433 553; x_wconf 78' lang='grc' dir='ltr'>φεύγοντας,</span> <span class='ocrx_word' id='word_1_11' title='bbox 1468 485 1541 548; x_wconf 77' lang='grc' dir='ltr'>ὥς</span> <span class='ocrx_word' id='word_1_12' title='bbox 1604 503 1661 539; x_wconf 84' lang='grc' dir='ltr'><strong>τε</strong></span> <span class='ocrx_word' id='word_1_13' title='bbox 1717 487 1931 547; x_wconf 77' lang='grc' dir='ltr'>τούτοις</span> 
     </span>
    </p>
   </div>
   <div class='ocr_carea' id='block_1_5' title="bbox 2056 481 3620 564">
    <p class='ocr_par' dir='ltr' id='par_1_5' title="bbox 2061 490 3620 564">
     <span class='ocr_line' id='line_1_5' title="bbox 2061 490 3620 564; baseline 0.001 -21"><span class='ocrx_word' id='word_1_14' title='bbox 2061 505 2233 558; x_wconf 87' lang='lat' dir='ltr'><strong>usque</strong></span> <span class='ocrx_word' id='word_1_15' title='bbox 2263 490 2575 560; x_wconf 76' lang='lat' dir='ltr'><strong>dissipavit.</strong></span> <span class='ocrx_word' id='word_1_16' title='bbox 2609 491 2795 546; x_wconf 83' lang='lat' dir='ltr'><strong>Multis</strong></span> <span class='ocrx_word' id='word_1_17' title='bbox 2823 501 3006 546; x_wconf 86' lang='lat' dir='ltr'><strong>autem</strong></span> <span class='ocrx_word' id='word_1_18' title='bbox 3046 490 3102 546; x_wconf 91' lang='lat' dir='ltr'><strong>in</strong></span> <span class='ocrx_word' id='word_1_19' title='bbox 3131 501 3434 564; x_wconf 87' lang='lat' dir='ltr'><strong>conspectu</strong></span> <span class='ocrx_word' id='word_1_20' title='bbox 3468 490 3620 550; x_wconf 85' lang='lat' dir='ltr'><strong>Darii</strong></span> 
     </span>
    </p>
   </div>
   <div class='ocr_carea' id='block_1_6' title="bbox 337 573 1932 647">
    <p class='ocr_par' dir='ltr' id='par_1_6' title="bbox 337 573 1932 647">
     <span class='ocr_line' id='line_1_6' title="bbox 337 573 1932 647; baseline 0.006 -22"><span class='ocrx_word' id='word_1_21' title='bbox 337 573 672 644; x_wconf 73' lang='grc' dir='ltr'><strong>συνταράξαι</strong></span> <span class='ocrx_word' id='word_1_22' title='bbox 703 577 832 639; x_wconf 81' lang='grc' dir='ltr'>τοὺς</span> <span class='ocrx_word' id='word_1_23' title='bbox 894 579 1181 647; x_wconf 78' lang='grc' dir='ltr'><strong>μένοντας,</strong></span> <span class='ocrx_word' id='word_1_24' title='bbox 1239 581 1331 631; x_wconf 76' lang='grc' dir='ltr'>καὶ</span> <span class='ocrx_word' id='word_1_25' title='bbox 1395 580 1626 645; x_wconf 81' lang='grc' dir='ltr'>πολλοὺς</span> <span class='ocrx_word' id='word_1_26' title='bbox 1669 581 1932 636; x_wconf 81' lang='grc' dir='ltr'><strong>σκεδάσαι</strong></span> 
     </span>
    </p>
   </div>
   <div class='ocr_carea' id='block_1_7' title="bbox 335 664 1926 747">
    <p class='ocr_par' dir='ltr' id='par_1_7' title="bbox 335 664 1926 747">
     <span class='ocr_line' id='line_1_7' title="bbox 335 664 1926 747; baseline 0.004 -28"><span class='ocrx_word' id='word_1_27' title='bbox 335 667 534 721; x_wconf 79' lang='grc' dir='ltr'>αὐτῶν.</span> <span class='ocrx_word' id='word_1_28' title='bbox 575 669 791 724; x_wconf 82' lang='grc' dir='ltr'><strong>Πολλῶν</strong></span> <span class='ocrx_word' id='word_1_29' title='bbox 839 669 896 724; x_wconf 86' lang='grc' dir='ltr'>δὲ</span> <span class='ocrx_word' id='word_1_30' title='bbox 959 664 1238 726; x_wconf 78' lang='grc' dir='ltr'>πεσόντων</span> <span class='ocrx_word' id='word_1_31' title='bbox 1270 673 1364 724; x_wconf 78' lang='grc' dir='ltr'><strong>τοῦ</strong></span> <span class='ocrx_word' id='word_1_32' title='bbox 1401 676 1628 747; x_wconf 85' lang='grc' dir='ltr'>Δαρείου</span> <span class='ocrx_word' id='word_1_33' title='bbox 1667 675 1926 737; x_wconf 85' lang='grc' dir='ltr'>ἐνώπιον,</span> 
     </span>
    </p>
   </div>
   <div class='ocr_carea' id='block_1_8' title="bbox 333 757 1933 838">
    <p class='ocr_par' dir='ltr' id='par_1_8' title="bbox 333 757 1933 838">
     <span class='ocr_line' id='line_1_8' title="bbox 333 757 1933 838; baseline 0.005 -27"><span class='ocrx_word' id='word_1_34' title='bbox 333 760 414 823; x_wconf 85' lang='grc' dir='ltr'>ὡς</span> <span class='ocrx_word' id='word_1_35' title='bbox 439 762 539 813; x_wconf 77' lang='grc' dir='ltr'><strong>οὐκ</strong></span> <span class='ocrx_word' id='word_1_36' title='bbox 565 757 633 830; x_wconf 84' lang='grc' dir='ltr'>ἦν</span> <span class='ocrx_word' id='word_1_37' title='bbox 671 762 926 829; x_wconf 73' lang='grc' dir='ltr'>ἐξελάσαι</span> <span class='ocrx_word' id='word_1_38' title='bbox 962 764 1024 817; x_wconf 75' lang='grc' dir='ltr'>τὸ</span> <span class='ocrx_word' id='word_1_39' title='bbox 1063 765 1218 835; x_wconf 76' lang='grc' dir='ltr'>ἅρμα</span> <span class='ocrx_word' id='word_1_40' title='bbox 1252 769 1366 830; x_wconf 81' lang='grc' dir='ltr'>τοῖς</span> <span class='ocrx_word' id='word_1_41' title='bbox 1393 767 1653 836; x_wconf 77' lang='grc' dir='ltr'>πτώμασι</span> <span class='ocrx_word' id='word_1_42' title='bbox 1711 768 1933 838; x_wconf 84' lang='grc' dir='ltr'>συνεχό-</span> 
     </span>
    </p>
   </div>
   <div class='ocr_carea' id='block_1_9' title="bbox 339 852 1932 928">
    <p class='ocr_par' dir='ltr' id='par_1_9' title="bbox 339 852 1932 928">
     <span class='ocr_line' id='line_1_9' title="bbox 339 852 1932 928; baseline 0.005 -27"><span class='ocrx_word' id='word_1_43' title='bbox 339 868 524 920; x_wconf 84' lang='grc' dir='ltr'><strong>μενον,</strong></span> <span class='ocrx_word' id='word_1_44' title='bbox 579 852 771 904; x_wconf 81' lang='grc' dir='ltr'>τούτου</span> <span class='ocrx_word' id='word_1_45' title='bbox 806 855 908 922; x_wconf 88' lang='grc' dir='ltr'><strong>μὲν</strong></span> <span class='ocrx_word' id='word_1_46' title='bbox 961 855 1142 925; x_wconf 78' lang='grc' dir='ltr'>ἀπέϐη</span> <span class='ocrx_word' id='word_1_47' title='bbox 1189 857 1455 925; x_wconf 83' lang='grc' dir='ltr'>Δαρεῖος·</span> <span class='ocrx_word' id='word_1_48' title='bbox 1497 857 1718 928; x_wconf 85' lang='grc' dir='ltr'>θήλειαν</span> <span class='ocrx_word' id='word_1_49' title='bbox 1748 857 1792 908; x_wconf 81' lang='grc' dir='ltr'>δ’</span> <span class='ocrx_word' id='word_1_50' title='bbox 1838 857 1932 909; x_wconf 75' lang='grc' dir='ltr'>ἴπ-</span> 
     </span>
    </p>
   </div>
   <div class='ocr_carea' id='block_1_10' title="bbox 337 946 1933 1022">
    <p class='ocr_par' dir='ltr' id='par_1_10' title="bbox 337 946 1933 1022">
     <span class='ocr_line' id='line_1_10' title="bbox 337 946 1933 1022; baseline 0.006 -28"><span class='ocrx_word' id='word_1_51' title='bbox 337 960 438 996; x_wconf 88' lang='grc' dir='ltr'><strong>πον</strong></span> <span class='ocrx_word' id='word_1_52' title='bbox 472 946 853 1015; x_wconf 72' lang='grc' dir='ltr'>ἀναϐεκηκὼς,</span> <span class='ocrx_word' id='word_1_53' title='bbox 877 949 1102 1016; x_wconf 68' lang='grc' dir='ltr'>ἔφυγεν.</span> <span class='ocrx_word' id='word_1_54' title='bbox 1155 950 1332 1003; x_wconf 78' lang='grc' dir='ltr'>Ἑάλω</span> <span class='ocrx_word' id='word_1_55' title='bbox 1361 951 1404 1003; x_wconf 80' lang='grc' dir='ltr'>δ’</span> <span class='ocrx_word' id='word_1_56' title='bbox 1440 952 1526 1015; x_wconf 86' lang='grc' dir='ltr'>ἂν,</span> <span class='ocrx_word' id='word_1_57' title='bbox 1567 954 1614 1004; x_wconf 85' lang='grc' dir='ltr'>εἰ</span> <span class='ocrx_word' id='word_1_58' title='bbox 1673 951 1748 1022; x_wconf 79' lang='grc' dir='ltr'><strong>μὴ</strong></span> <span class='ocrx_word' id='word_1_59' title='bbox 1782 952 1933 1021; x_wconf 87' lang='grc' dir='ltr'>Παρ-</span> 
     </span>
    </p>
   </div>
   <div class='ocr_carea' id='block_1_11' title="bbox 341 1039 1933 1116">
    <p class='ocr_par' dir='ltr' id='par_1_11' title="bbox 341 1039 1933 1116">
     <span class='ocr_line' id='line_1_11' title="bbox 341 1039 1933 1116; baseline 0.004 -26"><span class='ocrx_word' id='word_1_60' title='bbox 341 1039 543 1108; x_wconf 86' lang='grc' dir='ltr'>μενίων</span> <span class='ocrx_word' id='word_1_61' title='bbox 568 1039 662 1091; x_wconf 78' lang='grc' dir='ltr'><strong>τὸν</strong></span> <span class='ocrx_word' id='word_1_62' title='bbox 706 1041 1056 1112; x_wconf 78' lang='grc' dir='ltr'>Ἀλέξανδρον</span> <span class='ocrx_word' id='word_1_63' title='bbox 1099 1044 1518 1113; x_wconf 78' lang='grc' dir='ltr'>μετεπέμψατο.</span> <span class='ocrx_word' id='word_1_64' title='bbox 1584 1045 1933 1116; x_wconf 83' lang='grc' dir='ltr'>ἐπαρήξοντα</span> 
     </span>
    </p>
   </div>
   <div class='ocr_carea' id='block_1_12' title="bbox 335 1130 1930 1208">
    <p class='ocr_par' dir='ltr' id='par_1_12' title="bbox 335 1130 1930 1208">
     <span class='ocr_line' id='line_1_12' title="bbox 335 1130 1930 1208; baseline 0.005 -25"><span class='ocrx_word' id='word_1_65' title='bbox 335 1130 417 1201; x_wconf 79' lang='grc' dir='ltr'>τῷ</span> <span class='ocrx_word' id='word_1_66' title='bbox 466 1132 588 1184; x_wconf 74' lang='grc' dir='ltr'>κατ’</span> <span class='ocrx_word' id='word_1_67' title='bbox 616 1134 780 1187; x_wconf 71' lang='grc' dir='ltr'>αὑτὸν</span> <span class='ocrx_word' id='word_1_68' title='bbox 815 1134 1010 1203; x_wconf 80' lang='grc' dir='ltr'>κέρατι</span> <span class='ocrx_word' id='word_1_69' title='bbox 1046 1137 1390 1208; x_wconf 83' lang='grc' dir='ltr'><strong>πονουμένῳ.</strong></span> <span class='ocrx_word' id='word_1_70' title='bbox 1432 1139 1498 1191; x_wconf 88' lang='lat' dir='ltr'><strong>&#39;H</strong></span> <span class='ocrx_word' id='word_1_71' title='bbox 1542 1141 1642 1206; x_wconf 83' lang='grc' dir='ltr'><strong>μὲν</strong></span> <span class='ocrx_word' id='word_1_72' title='bbox 1673 1139 1766 1191; x_wconf 79' lang='grc' dir='ltr'><strong>οὖν</strong></span> <span class='ocrx_word' id='word_1_73' title='bbox 1807 1139 1930 1208; x_wconf 78' lang='grc' dir='ltr'>νίκη</span> 
     </span>
    </p>
   </div>
   <div class='ocr_carea' id='block_1_13' title="bbox 337 1222 1934 1303">
    <p class='ocr_par' dir='ltr' id='par_1_13' title="bbox 337 1222 1934 1303">
     <span class='ocr_line' id='line_1_13' title="bbox 337 1222 1934 1303; baseline 0.004 -27"><span class='ocrx_word' id='word_1_74' title='bbox 337 1222 573 1294; x_wconf 76' lang='grc' dir='ltr'>λαμπρὰ</span> <span class='ocrx_word' id='word_1_75' title='bbox 600 1225 678 1294; x_wconf 84' lang='grc' dir='ltr'>τῷ</span> <span class='ocrx_word' id='word_1_76' title='bbox 719 1225 1054 1298; x_wconf 81' lang='grc' dir='ltr'>Ἀλεξάνδρῳ</span> <span class='ocrx_word' id='word_1_77' title='bbox 1088 1230 1481 1297; x_wconf 80' lang='grc' dir='ltr'><strong>προσγέγονεν.</strong></span> <span class='ocrx_word' id='word_1_78' title='bbox 1525 1229 1587 1284; x_wconf 86' lang='grc' dir='ltr'><strong>Ἦ</strong></span> <span class='ocrx_word' id='word_1_79' title='bbox 1619 1230 1674 1284; x_wconf 84' lang='grc' dir='ltr'>δὲ</span> <span class='ocrx_word' id='word_1_80' title='bbox 1706 1230 1934 1303; x_wconf 82' lang='grc' dir='ltr'>Περσῶν</span> 
     </span>
    </p>
   </div>
   <div class='ocr_carea' id='block_1_14' title="bbox 343 1317 1935 1394">
    <p class='ocr_par' dir='ltr' id='par_1_14' title="bbox 343 1317 1935 1394">
     <span class='ocr_line' id='line_1_14' title="bbox 343 1317 1935 1394; baseline 0.003 -24"><span class='ocrx_word' id='word_1_81' title='bbox 343 1317 592 1385; x_wconf 84' lang='grc' dir='ltr'>βασιλεία</span> <span class='ocrx_word' id='word_1_82' title='bbox 649 1319 904 1372; x_wconf 83' lang='grc' dir='ltr'>ἐντεῦθεν</span> <span class='ocrx_word' id='word_1_83' title='bbox 954 1319 1256 1391; x_wconf 72' lang='grc' dir='ltr'><strong>καθῄρητο,</strong></span> <span class='ocrx_word' id='word_1_84' title='bbox 1333 1322 1686 1394; x_wconf 78' lang='grc' dir='ltr'>Ἀλέξανδρος</span> <span class='ocrx_word' id='word_1_85' title='bbox 1720 1323 1776 1376; x_wconf 84' lang='grc' dir='ltr'><strong>δέ</strong></span> <span class='ocrx_word' id='word_1_86' title='bbox 1835 1324 1935 1393; x_wconf 76' lang='grc' dir='ltr'>τῆς</span> 
     </span>
    </p>
   </div>
   <div class='ocr_carea' id='block_1_15' title="bbox 354 1409 1936 1485">
    <p class='ocr_par' dir='ltr' id='par_1_15' title="bbox 354 1409 1936 1485">
     <span class='ocr_line' id='line_1_15' title="bbox 354 1409 1936 1485; baseline 0.003 -23"><span class='ocrx_word' id='word_1_87' title='bbox 354 1409 542 1472; x_wconf 85' lang='grc' dir='ltr'>Ἀσίας</span> <span class='ocrx_word' id='word_1_88' title='bbox 575 1410 833 1480; x_wconf 78' lang='grc' dir='ltr'>βασιλεὺς</span> <span class='ocrx_word' id='word_1_89' title='bbox 860 1412 1222 1482; x_wconf 79' lang='grc' dir='ltr'>ἀνηγόρευτο,</span> <span class='ocrx_word' id='word_1_90' title='bbox 1256 1415 1349 1466; x_wconf 79' lang='grc' dir='ltr'><strong>καὶ</strong></span> <span class='ocrx_word' id='word_1_91' title='bbox 1373 1414 1462 1466; x_wconf 82' lang='grc' dir='ltr'>ἐπ’</span> <span class='ocrx_word' id='word_1_92' title='bbox 1491 1413 1646 1485; x_wconf 83' lang='grc' dir='ltr'>αὐτῷ</span> <span class='ocrx_word' id='word_1_93' title='bbox 1693 1415 1727 1484; x_wconf 87' lang='grc' dir='ltr'><strong>ή</strong></span> <span class='ocrx_word' id='word_1_94' title='bbox 1760 1413 1936 1466; x_wconf 68' lang='lat' dir='ltr'><strong>13.16p-</strong></span> 
     </span>
    </p>
   </div>
   <div class='ocr_carea' id='block_1_16' title="bbox 341 1503 1935 1576">
    <p class='ocr_par' dir='ltr' id='par_1_16' title="bbox 341 1503 1935 1576">
     <span class='ocr_line' id='line_1_16' title="bbox 341 1503 1935 1576; baseline 0.003 -23"><span class='ocrx_word' id='word_1_95' title='bbox 341 1503 512 1555; x_wconf 82' lang='grc' dir='ltr'>λωνία</span> <span class='ocrx_word' id='word_1_96' title='bbox 535 1504 686 1556; x_wconf 78' lang='grc' dir='ltr'>πᾶσα</span> <span class='ocrx_word' id='word_1_97' title='bbox 720 1504 960 1571; x_wconf 78' lang='grc' dir='ltr'>ἐγένετο.</span> <span class='ocrx_word' id='word_1_98' title='bbox 995 1505 1213 1559; x_wconf 83' lang='grc' dir='ltr'>Σούσων</span> <span class='ocrx_word' id='word_1_99' title='bbox 1262 1505 1319 1558; x_wconf 84' lang='grc' dir='ltr'>δὲ</span> <span class='ocrx_word' id='word_1_100' title='bbox 1378 1507 1680 1576; x_wconf 83' lang='grc' dir='ltr'>κρατήσας,</span> <span class='ocrx_word' id='word_1_101' title='bbox 1738 1523 1935 1575; x_wconf 85' lang='grc' dir='ltr'>τετρα-</span> 
     </span>
    </p>
   </div>
   <div class='ocr_carea' id='block_1_17' title="bbox 342 1595 1936 1668">
    <p class='ocr_par' dir='ltr' id='par_1_17' title="bbox 342 1595 1936 1668">
     <span class='ocr_line' id='line_1_17' title="bbox 342 1595 1936 1668; baseline 0.001 -18"><span class='ocrx_word' id='word_1_102' title='bbox 342 1595 616 1666; x_wconf 79' lang='grc' dir='ltr'>κισμύρια</span> <span class='ocrx_word' id='word_1_103' title='bbox 645 1596 887 1650; x_wconf 84' lang='grc' dir='ltr'>τάλαντα</span> <span class='ocrx_word' id='word_1_104' title='bbox 915 1596 1258 1668; x_wconf 87' lang='grc' dir='ltr'>νομίσματος</span> <span class='ocrx_word' id='word_1_105' title='bbox 1281 1600 1425 1652; x_wconf 75' lang='grc' dir='ltr'>κατὰ</span> <span class='ocrx_word' id='word_1_106' title='bbox 1451 1597 1520 1652; x_wconf 76' lang='grc' dir='ltr'>τὰ</span> <span class='ocrx_word' id='word_1_107' title='bbox 1562 1598 1812 1667; x_wconf 77' lang='grc' dir='ltr'>βασίλεια</span> <span class='ocrx_word' id='word_1_108' title='bbox 1841 1598 1936 1652; x_wconf 77' lang='grc' dir='ltr'><strong>εὖ·</strong></span> 
     </span>
    </p>
   </div>
   <div class='ocr_carea' id='block_1_18' title="bbox 346 1693 1936 1766">
    <p class='ocr_par' dir='ltr' id='par_1_18' title="bbox 346 1693 1936 1766">
     <span class='ocr_line' id='line_1_18' title="bbox 346 1693 1936 1766; baseline 0.002 -22"><span class='ocrx_word' id='word_1_109' title='bbox 346 1708 508 1762; x_wconf 83' lang='grc' dir='ltr'>ρηκε,</span> <span class='ocrx_word' id='word_1_110' title='bbox 539 1693 636 1745; x_wconf 73' lang='grc' dir='ltr'><strong>καὶ</strong></span> <span class='ocrx_word' id='word_1_111' title='bbox 683 1693 862 1746; x_wconf 79' lang='grc' dir='ltr'>ἄλλων</span> <span class='ocrx_word' id='word_1_112' title='bbox 896 1693 1199 1765; x_wconf 86' lang='grc' dir='ltr'>χρημάτων</span> <span class='ocrx_word' id='word_1_113' title='bbox 1229 1695 1530 1766; x_wconf 78' lang='grc' dir='ltr'>ἀμυθήτων</span> <span class='ocrx_word' id='word_1_114' title='bbox 1563 1693 1936 1748; x_wconf 82' lang='grc' dir='ltr'>πολυτέλειαν.</span> 
     </span>
    </p>
   </div>
   <div class='ocr_carea' id='block_1_19' title="bbox 345 1780 1939 1858">
    <p class='ocr_par' dir='ltr' id='par_1_19' title="bbox 345 1780 1939 1858">
     <span class='ocr_line' id='line_1_19' title="bbox 345 1780 1939 1858; baseline -0.001 -18"><span class='ocrx_word' id='word_1_115' title='bbox 345 1785 661 1856; x_wconf 78' lang='grc' dir='ltr'>κυριεύσας</span> <span class='ocrx_word' id='word_1_116' title='bbox 713 1787 772 1838; x_wconf 83' lang='grc' dir='ltr'>δὲ</span> <span class='ocrx_word' id='word_1_117' title='bbox 825 1789 1064 1858; x_wconf 53' lang='grc' dir='ltr'>καὶτῆς</span> <span class='ocrx_word' id='word_1_118' title='bbox 1097 1788 1385 1858; x_wconf 80' lang='grc' dir='ltr'>Περσίδος,</span> <span class='ocrx_word' id='word_1_119' title='bbox 1442 1787 1784 1858; x_wconf 85' lang='grc' dir='ltr'>νομίσματος</span> <span class='ocrx_word' id='word_1_120' title='bbox 1811 1780 1939 1858; x_wconf 74' lang='grc' dir='ltr'>εὗρε</span> 
     </span>
    </p>
   </div>
   <div class='ocr_carea' id='block_1_20' title="bbox 2035 585 3621 659">
    <p class='ocr_par' dir='ltr' id='par_1_20' title="bbox 2035 585 3621 659">
     <span class='ocr_line' id='line_1_20' title="bbox 2035 585 3621 659; baseline 0.003 -22"><span class='ocrx_word' id='word_1_121' title='bbox 2035 585 2192 639; x_wconf 79' lang='lat' dir='ltr'><strong>caesis</strong></span> <span class='ocrx_word' id='word_1_122' title='bbox 2217 625 2232 648; x_wconf 89' lang='lat'><strong>,</strong></span> <span class='ocrx_word' id='word_1_123' title='bbox 2275 599 2401 638; x_wconf 88' lang='lat' dir='ltr'><strong>cum</strong></span> <span class='ocrx_word' id='word_1_124' title='bbox 2439 585 2486 640; x_wconf 92' lang='lat' dir='ltr'><strong>is</strong></span> <span class='ocrx_word' id='word_1_125' title='bbox 2513 601 2625 655; x_wconf 75' lang='lat' dir='ltr'><strong>pra:</strong></span> <span class='ocrx_word' id='word_1_126' title='bbox 2657 585 3026 642; x_wconf 81' lang='lat' dir='ltr'><strong>cadaveribus</strong></span> <span class='ocrx_word' id='word_1_127' title='bbox 3054 602 3282 641; x_wconf 91' lang='lat' dir='ltr'><strong>currum</strong></span> <span class='ocrx_word' id='word_1_128' title='bbox 3317 603 3482 659; x_wconf 76' lang='lat' dir='ltr'><strong>agere</strong></span> <span class='ocrx_word' id='word_1_129' title='bbox 3507 598 3621 642; x_wconf 85' lang='lat' dir='ltr'><strong>non</strong></span> 
     </span>
    </p>
   </div>
   <div class='ocr_carea' id='block_1_21' title="bbox 2037 679 3623 752">
    <p class='ocr_par' dir='ltr' id='par_1_21' title="bbox 2037 679 3623 752">
     <span class='ocr_line' id='line_1_21' title="bbox 2037 679 3623 752; baseline 0.005 -22"><span class='ocrx_word' id='word_1_130' title='bbox 2037 687 2258 748; x_wconf 67' lang='lat' dir='ltr'><strong>posset:</strong></span> <span class='ocrx_word' id='word_1_131' title='bbox 2284 693 2351 732; x_wconf 92' lang='lat' dir='ltr'><strong>eo</strong></span> <span class='ocrx_word' id='word_1_132' title='bbox 2378 679 2595 740; x_wconf 87' lang='lat' dir='ltr'><strong>relicto,</strong></span> <span class='ocrx_word' id='word_1_133' title='bbox 2619 690 2677 734; x_wconf 89' lang='lat' dir='ltr'><strong>et</strong></span> <span class='ocrx_word' id='word_1_134' title='bbox 2700 695 2840 750; x_wconf 87' lang='lat' dir='ltr'><strong>equa</strong></span> <span class='ocrx_word' id='word_1_135' title='bbox 2861 696 3188 748; x_wconf 88' lang='lat' dir='ltr'><strong>conscensa,</strong></span> <span class='ocrx_word' id='word_1_136' title='bbox 3214 682 3353 752; x_wconf 67' lang='lat' dir='ltr'><strong>fugae</strong></span> <span class='ocrx_word' id='word_1_137' title='bbox 3377 698 3435 737; x_wconf 92' lang='lat' dir='ltr'><strong>se</strong></span> <span class='ocrx_word' id='word_1_138' title='bbox 3467 697 3623 738; x_wconf 78' lang='lat' dir='ltr'><strong>man-</strong></span> 
     </span>
    </p>
   </div>
   <div class='ocr_carea' id='block_1_22' title="bbox 2037 769 3622 842">
    <p class='ocr_par' dir='ltr' id='par_1_22' title="bbox 2037 769 3622 842">
     <span class='ocr_line' id='line_1_22' title="bbox 2037 769 3622 842; baseline 0.007 -20"><span class='ocrx_word' id='word_1_139' title='bbox 2037 769 2168 824; x_wconf 87' lang='lat' dir='ltr'><strong>dat:</strong></span> <span class='ocrx_word' id='word_1_140' title='bbox 2217 770 2272 825; x_wconf 91' lang='lat' dir='ltr'><strong>in</strong></span> <span class='ocrx_word' id='word_1_141' title='bbox 2323 787 2430 841; x_wconf 86' lang='lat' dir='ltr'><strong>qua</strong></span> <span class='ocrx_word' id='word_1_142' title='bbox 2474 782 2667 842; x_wconf 89' lang='lat' dir='ltr'><strong>captus</strong></span> <span class='ocrx_word' id='word_1_143' title='bbox 2696 775 2862 828; x_wconf 89' lang='lat' dir='ltr'><strong>etiam</strong></span> <span class='ocrx_word' id='word_1_144' title='bbox 2897 775 3136 838; x_wconf 88' lang='lat' dir='ltr'><strong>fuisset,</strong></span> <span class='ocrx_word' id='word_1_145' title='bbox 3172 775 3279 830; x_wconf 90' lang='lat' dir='ltr'><strong>nisi</strong></span> <span class='ocrx_word' id='word_1_146' title='bbox 3328 777 3622 833; x_wconf 81' lang='lat' dir='ltr'><strong>Parmenio</strong></span> 
     </span>
    </p>
   </div>
   <div class='ocr_carea' id='block_1_23' title="bbox 2035 864 3618 932">
    <p class='ocr_par' dir='ltr' id='par_1_23' title="bbox 2035 864 3618 932">
     <span class='ocr_line' id='line_1_23' title="bbox 2035 864 3618 932; baseline 0.004 -14"><span class='ocrx_word' id='word_1_147' title='bbox 2035 864 2407 919; x_wconf 82' lang='lat' dir='ltr'><strong>Alexandrum</strong></span> <span class='ocrx_word' id='word_1_148' title='bbox 2458 868 2821 932; x_wconf 75' lang='lat' dir='ltr'><strong>accersisset,</strong></span> <span class='ocrx_word' id='word_1_149' title='bbox 2876 875 2938 920; x_wconf 88' lang='lat' dir='ltr'><strong>ut</strong></span> <span class='ocrx_word' id='word_1_150' title='bbox 2966 881 3068 922; x_wconf 90' lang='lat' dir='ltr'><strong>suo</strong></span> <span class='ocrx_word' id='word_1_151' title='bbox 3115 883 3288 922; x_wconf 90' lang='lat' dir='ltr'><strong>cornu</strong></span> <span class='ocrx_word' id='word_1_152' title='bbox 3341 870 3618 924; x_wconf 85' lang='lat' dir='ltr'><strong>laboranti</strong></span> 
     </span>
    </p>
   </div>
   <div class='ocr_carea' id='block_1_24' title="bbox 2037 957 3620 1028">
    <p class='ocr_par' dir='ltr' id='par_1_24' title="bbox 2037 957 3620 1028">
     <span class='ocr_line' id='line_1_24' title="bbox 2037 957 3620 1028; baseline 0.003 -16"><span class='ocrx_word' id='word_1_153' title='bbox 2037 957 2382 1013; x_wconf 85' lang='lat' dir='ltr'><strong>subveniret.</strong></span> <span class='ocrx_word' id='word_1_154' title='bbox 2428 957 2541 1013; x_wconf 82' lang='lat' dir='ltr'><strong>Hac</strong></span> <span class='ocrx_word' id='word_1_155' title='bbox 2590 958 2790 1013; x_wconf 84' lang='lat' dir='ltr'><strong>illustri</strong></span> <span class='ocrx_word' id='word_1_156' title='bbox 2829 969 2982 1028; x_wconf 88' lang='lat' dir='ltr'><strong>parta</strong></span> <span class='ocrx_word' id='word_1_157' title='bbox 3013 959 3279 1023; x_wconf 84' lang='lat' dir='ltr'><strong>victoria,</strong></span> <span class='ocrx_word' id='word_1_158' title='bbox 3328 961 3620 1017; x_wconf 85' lang='lat' dir='ltr'><strong>Persarum</strong></span> 
     </span>
    </p>
   </div>
   <div class='ocr_carea' id='block_1_25' title="bbox 2039 1050 3626 1120">
    <p class='ocr_par' dir='ltr' id='par_1_25' title="bbox 2039 1050 3626 1120">
     <span class='ocr_line' id='line_1_25' title="bbox 2039 1050 3626 1120; baseline 0.003 -18"><span class='ocrx_word' id='word_1_159' title='bbox 2039 1065 2207 1120; x_wconf 84' lang='lat' dir='ltr'><strong>regno</strong></span> <span class='ocrx_word' id='word_1_160' title='bbox 2240 1065 2458 1112; x_wconf 79' lang='lat' dir='ltr'><strong>everso.</strong></span> <span class='ocrx_word' id='word_1_161' title='bbox 2492 1050 2802 1104; x_wconf 79' lang='lat' dir='ltr'><strong>Alexander</strong></span> <span class='ocrx_word' id='word_1_162' title='bbox 2833 1051 2978 1106; x_wconf 60' lang='lat' dir='ltr'><strong>Asiae</strong></span> <span class='ocrx_word' id='word_1_163' title='bbox 3011 1067 3105 1106; x_wconf 86' lang='lat' dir='ltr'><strong>rex</strong></span> <span class='ocrx_word' id='word_1_164' title='bbox 3131 1051 3467 1113; x_wconf 86' lang='lat' dir='ltr'><strong>declaratus.</strong></span> <span class='ocrx_word' id='word_1_165' title='bbox 3497 1068 3626 1106; x_wconf 82' lang='lat' dir='ltr'><strong>om-</strong></span> 
     </span>
    </p>
   </div>
   <div class='ocr_carea' id='block_1_26' title="bbox 2038 1140 3623 1213">
    <p class='ocr_par' dir='ltr' id='par_1_26' title="bbox 2038 1140 3623 1213">
     <span class='ocr_line' id='line_1_26' title="bbox 2038 1140 3623 1213; baseline 0.003 -19"><span class='ocrx_word' id='word_1_166' title='bbox 2038 1142 2093 1194; x_wconf 92' lang='lat' dir='ltr'><strong>ni</strong></span> <span class='ocrx_word' id='word_1_167' title='bbox 2128 1140 2425 1213; x_wconf 86' lang='lat' dir='ltr'><strong>Babylonia</strong></span> <span class='ocrx_word' id='word_1_168' title='bbox 2473 1142 2684 1212; x_wconf 90' lang='lat' dir='ltr'><strong>potitus</strong></span> <span class='ocrx_word' id='word_1_169' title='bbox 2735 1153 2839 1197; x_wconf 90' lang='lat' dir='ltr'><strong>est.</strong></span> <span class='ocrx_word' id='word_1_170' title='bbox 2893 1141 3052 1198; x_wconf 85' lang='lat' dir='ltr'><strong>Susis</strong></span> <span class='ocrx_word' id='word_1_171' title='bbox 3103 1145 3317 1213; x_wconf 90' lang='lat' dir='ltr'><strong>captis,</strong></span> <span class='ocrx_word' id='word_1_172' title='bbox 3352 1159 3419 1197; x_wconf 80' lang='lat' dir='ltr'><strong>x1.</strong></span> <span class='ocrx_word' id='word_1_173' title='bbox 3451 1143 3623 1199; x_wconf 81' lang='lat' dir='ltr'><strong>millia</strong></span> 
     </span>
    </p>
   </div>
   <div class='ocr_carea' id='block_1_27' title="bbox 2042 1233 3626 1306">
    <p class='ocr_par' dir='ltr' id='par_1_27' title="bbox 2042 1233 3626 1306">
     <span class='ocr_line' id='line_1_27' title="bbox 2042 1233 3626 1306; baseline 0.003 -20"><span class='ocrx_word' id='word_1_174' title='bbox 2042 1233 2304 1287; x_wconf 88' lang='lat' dir='ltr'><strong>talentum</strong></span> <span class='ocrx_word' id='word_1_175' title='bbox 2353 1235 2580 1303; x_wconf 68' lang='lat' dir='ltr'><strong>signata:</strong></span> <span class='ocrx_word' id='word_1_176' title='bbox 2629 1235 2913 1303; x_wconf 60' lang='lat' dir='ltr'><strong>pecunia},</strong></span> <span class='ocrx_word' id='word_1_177' title='bbox 2957 1244 3014 1290; x_wconf 92' lang='lat' dir='ltr'><strong>et</strong></span> <span class='ocrx_word' id='word_1_178' title='bbox 3042 1235 3179 1290; x_wconf 85' lang='lat' dir='ltr'><strong>alias</strong></span> <span class='ocrx_word' id='word_1_179' title='bbox 3214 1236 3458 1291; x_wconf 88' lang='lat' dir='ltr'><strong>infinitas</strong></span> <span class='ocrx_word' id='word_1_180' title='bbox 3489 1252 3626 1306; x_wconf 77' lang='lat' dir='ltr'><strong>epes</strong></span> 
     </span>
    </p>
   </div>
   <div class='ocr_carea' id='block_1_28' title="bbox 2041 1327 3619 1399">
    <p class='ocr_par' dir='ltr' id='par_1_28' title="bbox 2041 1327 3619 1399">
     <span class='ocr_line' id='line_1_28' title="bbox 2041 1327 3619 1399; baseline 0.001 -18"><span class='ocrx_word' id='word_1_181' title='bbox 2041 1327 2258 1381; x_wconf 81' lang='lat' dir='ltr'><strong>maximi</strong></span> <span class='ocrx_word' id='word_1_182' title='bbox 2286 1329 2450 1397; x_wconf 83' lang='lat' dir='ltr'><strong>pretii</strong></span> <span class='ocrx_word' id='word_1_183' title='bbox 2488 1328 2543 1382; x_wconf 88' lang='lat' dir='ltr'><strong>in</strong></span> <span class='ocrx_word' id='word_1_184' title='bbox 2577 1330 2725 1397; x_wconf 81' lang='lat' dir='ltr'><strong>regia</strong></span> <span class='ocrx_word' id='word_1_185' title='bbox 2755 1329 2986 1384; x_wconf 84' lang='lat' dir='ltr'><strong>invenit.</strong></span> <span class='ocrx_word' id='word_1_186' title='bbox 3020 1330 3207 1384; x_wconf 89' lang='lat' dir='ltr'><strong>Persia</strong></span> <span class='ocrx_word' id='word_1_187' title='bbox 3233 1343 3454 1399; x_wconf 88' lang='lat' dir='ltr'><strong>quoque</strong></span> <span class='ocrx_word' id='word_1_188' title='bbox 3479 1330 3619 1383; x_wconf 78' lang='lat' dir='ltr'><strong>sub~</strong></span> 
     </span>
    </p>
   </div>
   <div class='ocr_carea' id='block_1_29' title="bbox 2039 1419 3626 1490">
    <p class='ocr_par' dir='ltr' id='par_1_29' title="bbox 2039 1419 3626 1490">
     <span class='ocr_line' id='line_1_29' title="bbox 2039 1419 3626 1490; baseline 0 -16"><span class='ocrx_word' id='word_1_189' title='bbox 2039 1430 2182 1485; x_wconf 87' lang='lat' dir='ltr'><strong>acta,</strong></span> <span class='ocrx_word' id='word_1_190' title='bbox 2207 1419 2548 1475; x_wconf 80' lang='lat' dir='ltr'><strong>tantumdem</strong></span> <span class='ocrx_word' id='word_1_191' title='bbox 2585 1429 2854 1490; x_wconf 87' lang='lat' dir='ltr'><strong>quantum</strong></span> <span class='ocrx_word' id='word_1_192' title='bbox 2914 1419 3072 1476; x_wconf 89' lang='lat' dir='ltr'><strong>Susis</strong></span> <span class='ocrx_word' id='word_1_193' title='bbox 3101 1420 3347 1486; x_wconf 82' lang='lat' dir='ltr'><strong>invenit;</strong></span> <span class='ocrx_word' id='word_1_194' title='bbox 3380 1420 3626 1489; x_wconf 79' lang='lat' dir='ltr'><strong>aiiusque</strong></span> 
     </span>
    </p>
   </div>
   <div class='ocr_carea' id='block_1_30' title="bbox 2042 1512 3625 1584">
    <p class='ocr_par' dir='ltr' id='par_1_30' title="bbox 2042 1512 3625 1584">
     <span class='ocr_line' id='line_1_30' title="bbox 2042 1512 3625 1584; baseline -0.002 -17"><span class='ocrx_word' id='word_1_195' title='bbox 2042 1523 2308 1584; x_wconf 73' lang='lat' dir='ltr'><strong>przeterea</strong></span> <span class='ocrx_word' id='word_1_196' title='bbox 2341 1513 2566 1568; x_wconf 89' lang='lat' dir='ltr'><strong>divitias</strong></span> <span class='ocrx_word' id='word_1_197' title='bbox 2598 1523 2915 1584; x_wconf 83' lang='lat' dir='ltr'><strong>cxportatas</strong></span> <span class='ocrx_word' id='word_1_198' title='bbox 2948 1526 3071 1568; x_wconf 84' lang='lat' dir='ltr'><strong>esse</strong></span> <span class='ocrx_word' id='word_1_199' title='bbox 3099 1512 3264 1582; x_wconf 80' lang='lat'><strong>190</strong></span> <span class='ocrx_word' id='word_1_200' title='bbox 3295 1520 3625 1574; x_wconf 86' lang='lat' dir='ltr'><strong>memorant,</strong></span> 
     </span>
    </p>
   </div>
   <div class='ocr_carea' id='block_1_31' title="bbox 2043 1603 3630 1676">
    <p class='ocr_par' dir='ltr' id='par_1_31' title="bbox 2043 1603 3630 1676">
     <span class='ocr_line' id='line_1_31' title="bbox 2043 1603 3630 1676; baseline -0.003 -16"><span class='ocrx_word' id='word_1_201' title='bbox 2043 1606 2228 1660; x_wconf 81' lang='lat' dir='ltr'><strong>decies</strong></span> <span class='ocrx_word' id='word_1_202' title='bbox 2258 1605 2410 1660; x_wconf 89' lang='lat' dir='ltr'><strong>mille</strong></span> <span class='ocrx_word' id='word_1_203' title='bbox 2441 1604 2592 1676; x_wconf 82' lang='lat' dir='ltr'><strong>jugis</strong></span> <span class='ocrx_word' id='word_1_204' title='bbox 2623 1604 2935 1670; x_wconf 71' lang='lat' dir='ltr'><strong>titulorum,</strong></span> <span class='ocrx_word' id='word_1_205' title='bbox 2969 1612 3026 1659; x_wconf 92' lang='lat' dir='ltr'><strong>et</strong></span> <span class='ocrx_word' id='word_1_206' title='bbox 3048 1604 3346 1674; x_wconf 84' lang='lat' dir='ltr'><strong>quinquies</strong></span> <span class='ocrx_word' id='word_1_207' title='bbox 3373 1603 3521 1666; x_wconf 84' lang='lat' dir='ltr'><strong>mille</strong></span> <span class='ocrx_word' id='word_1_208' title='bbox 3543 1617 3630 1657; x_wconf 88' lang='lat' dir='ltr'><strong>ca-</strong></span> 
     </span>
    </p>
   </div>
   <div class='ocr_carea' id='block_1_32' title="bbox 2042 1698 3628 1771">
    <p class='ocr_par' dir='ltr' id='par_1_32' title="bbox 2042 1698 3628 1771">
     <span class='ocr_line' id='line_1_32' title="bbox 2042 1698 3628 1771; baseline -0.001 -19"><span class='ocrx_word' id='word_1_209' title='bbox 2042 1698 2224 1755; x_wconf 88' lang='lat' dir='ltr'><strong>melis.</strong></span> <span class='ocrx_word' id='word_1_210' title='bbox 2256 1699 2441 1771; x_wconf 77' lang='lat' dir='ltr'><strong>Regize</strong></span> <span class='ocrx_word' id='word_1_211' title='bbox 2471 1699 2709 1754; x_wconf 74' lang='lat' dir='ltr'><strong>incensae</strong></span> <span class='ocrx_word' id='word_1_212' title='bbox 2749 1700 2934 1755; x_wconf 85' lang='lat' dir='ltr'><strong>statim</strong></span> <span class='ocrx_word' id='word_1_213' title='bbox 2970 1714 3095 1753; x_wconf 92' lang='lat' dir='ltr'><strong>eum</strong></span> <span class='ocrx_word' id='word_1_214' title='bbox 3124 1698 3388 1768; x_wconf 72' lang='lat' dir='ltr'><strong>ptenituit</strong></span> <span class='ocrx_word' id='word_1_215' title='bbox 3414 1738 3430 1764; x_wconf 93' lang='lat'><strong>,</strong></span> <span class='ocrx_word' id='word_1_216' title='bbox 3461 1704 3628 1767; x_wconf 88' lang='lat' dir='ltr'><strong>atque</strong></span> 
     </span>
    </p>
   </div>
   <div class='ocr_carea' id='block_1_33' title="bbox 2045 1787 3630 1863">
    <p class='ocr_par' dir='ltr' id='par_1_33' title="bbox 2045 1787 3630 1863">
     <span class='ocr_line' id='line_1_33' title="bbox 2045 1787 3630 1863; baseline -0.003 -17"><span class='ocrx_word' id='word_1_217' title='bbox 2045 1794 2227 1863; x_wconf 82' lang='lat' dir='ltr'><strong>ignem</strong></span> <span class='ocrx_word' id='word_1_218' title='bbox 2279 1793 2558 1863; x_wconf 80' lang='lat' dir='ltr'><strong>exstingui</strong></span> <span class='ocrx_word' id='word_1_219' title='bbox 2595 1793 2780 1858; x_wconf 86' lang='lat' dir='ltr'><strong>jussit.</strong></span> <span class='ocrx_word' id='word_1_220' title='bbox 2813 1792 2992 1847; x_wconf 87' lang='lat' dir='ltr'><strong>Porro</strong></span> <span class='ocrx_word' id='word_1_221' title='bbox 3019 1806 3144 1846; x_wconf 92' lang='lat' dir='ltr'><strong>cum</strong></span> <span class='ocrx_word' id='word_1_222' title='bbox 3179 1799 3379 1844; x_wconf 87' lang='lat' dir='ltr'><strong>natura</strong></span> <span class='ocrx_word' id='word_1_223' title='bbox 3419 1787 3630 1858; x_wconf 79' lang='lat' dir='ltr'><strong>magni-</strong></span> 
     </span>
    </p>
   </div>
   <div class='ocr_carea' id='block_1_34' title="bbox 344 1861 1951 1951">
    <p class='ocr_par' dir='ltr' id='par_1_34' title="bbox 344 1879 1939 1948">
     <span class='ocr_line' id='line_1_34' title="bbox 344 1879 1939 1948; baseline 0.002 -16"><span class='ocrx_word' id='word_1_224' title='bbox 344 1879 552 1948; x_wconf 83' lang='grc' dir='ltr'>πλῆθος</span> <span class='ocrx_word' id='word_1_225' title='bbox 573 1879 698 1932; x_wconf 80' lang='grc' dir='ltr'>ὅσον</span> <span class='ocrx_word' id='word_1_226' title='bbox 721 1881 779 1932; x_wconf 79' lang='grc' dir='ltr'><strong>ἐν</strong></span> <span class='ocrx_word' id='word_1_227' title='bbox 819 1879 1067 1943; x_wconf 82' lang='grc' dir='ltr'><strong>Σούσοις.</strong></span> <span class='ocrx_word' id='word_1_228' title='bbox 1095 1880 1199 1933; x_wconf 81' lang='grc' dir='ltr'>Τὸν</span> <span class='ocrx_word' id='word_1_229' title='bbox 1239 1881 1399 1935; x_wconf 77' lang='grc' dir='ltr'>ἄλλον</span> <span class='ocrx_word' id='word_1_230' title='bbox 1436 1882 1490 1934; x_wconf 82' lang='grc' dir='ltr'><strong>δέ</strong></span> <span class='ocrx_word' id='word_1_231' title='bbox 1521 1881 1756 1935; x_wconf 77' lang='grc' dir='ltr'>πλοῦτον</span> <span class='ocrx_word' id='word_1_232' title='bbox 1793 1881 1939 1935; x_wconf 79' lang='grc' dir='ltr'>ἱστο-</span> 
     </span>
    </p>
   </div>
   <div class='ocr_carea' id='block_1_35' title="bbox 2056 1861 3633 1951">
    <p class='ocr_par' dir='ltr' id='par_1_35' title="bbox 2056 1861 3633 1951">
     <span class='ocr_line' id='line_1_35' title="bbox 2056 1861 3633 1951; baseline -0.004 -13"><span class='ocrx_word' id='word_1_233' title='bbox 2056 1885 2183 1939; x_wconf 80' lang='lat' dir='ltr'><strong>[icus</strong></span> <span class='ocrx_word' id='word_1_234' title='bbox 2206 1892 2375 1945; x_wconf 88' lang='lat' dir='ltr'><strong>esset,</strong></span> <span class='ocrx_word' id='word_1_235' title='bbox 2402 1861 2579 1938; x_wconf 73' lang='lat' dir='ltr'><strong>auctis</strong></span> <span class='ocrx_word' id='word_1_236' title='bbox 2597 1883 2859 1946; x_wconf 81' lang='lat' dir='ltr'><strong>fortunis,</strong></span> <span class='ocrx_word' id='word_1_237' title='bbox 2879 1883 3046 1936; x_wconf 90' lang='lat' dir='ltr'><strong>etiam</strong></span> <span class='ocrx_word' id='word_1_238' title='bbox 3071 1882 3190 1951; x_wconf 85' lang='lat' dir='ltr'><strong>ejus</strong></span> <span class='ocrx_word' id='word_1_239' title='bbox 3213 1889 3369 1934; x_wconf 88' lang='lat' dir='ltr'><strong>aucta</strong></span> <span class='ocrx_word' id='word_1_240' title='bbox 3389 1889 3473 1935; x_wconf 82' lang='lat' dir='ltr'><strong>est</strong></span> <span class='ocrx_word' id='word_1_241' title='bbox 3494 1878 3633 1934; x_wconf 81' lang='lat' dir='ltr'><strong>libe-</strong></span> 
     </span>
    </p>
   </div>
   <div class='ocr_carea' id='block_1_36' title="bbox 348 1971 1940 2042">
    <p class='ocr_par' dir='ltr' id='par_1_36' title="bbox 348 1971 1940 2042">
     <span class='ocr_line' id='line_1_36' title="bbox 348 1971 1940 2042; baseline 0.004 -20"><span class='ocrx_word' id='word_1_242' title='bbox 348 1971 535 2041; x_wconf 80' lang='grc' dir='ltr'>ροῡσιν</span> <span class='ocrx_word' id='word_1_243' title='bbox 565 1971 972 2041; x_wconf 76' lang='grc' dir='ltr'>ἐκκομισθῆναι</span> <span class='ocrx_word' id='word_1_244' title='bbox 1027 1973 1243 2042; x_wconf 86' lang='grc' dir='ltr'>μυρίοις</span> <span class='ocrx_word' id='word_1_245' title='bbox 1291 1974 1501 2042; x_wconf 81' lang='grc' dir='ltr'>ὀρικοῖς</span> <span class='ocrx_word' id='word_1_246' title='bbox 1537 1972 1784 2042; x_wconf 78' lang='grc' dir='ltr'>ζεύγεσι,</span> <span class='ocrx_word' id='word_1_247' title='bbox 1842 1975 1940 2028; x_wconf 75' lang='grc' dir='ltr'>καὶ</span> 
     </span>
    </p>
   </div>
   <div class='ocr_carea' id='block_1_37' title="bbox 344 2063 1940 2136">
    <p class='ocr_par' dir='ltr' id='par_1_37' title="bbox 344 2063 1940 2136">
     <span class='ocr_line' id='line_1_37' title="bbox 344 2063 1940 2136; baseline -0.006 -18"><span class='ocrx_word' id='word_1_248' title='bbox 344 2063 811 2135; x_wconf 75' lang='grc' dir='ltr'>πεντακισχιλίοις</span> <span class='ocrx_word' id='word_1_249' title='bbox 862 2065 1152 2134; x_wconf 85' lang='grc' dir='ltr'>καμήλοις.</span> <span class='ocrx_word' id='word_1_250' title='bbox 1211 2065 1535 2136; x_wconf 82' lang='grc' dir='ltr'>Ἐμπρήσας</span> <span class='ocrx_word' id='word_1_251' title='bbox 1578 2067 1635 2120; x_wconf 87' lang='grc' dir='ltr'><strong>δέ</strong></span> <span class='ocrx_word' id='word_1_252' title='bbox 1685 2066 1752 2120; x_wconf 83' lang='grc' dir='ltr'>τὰ</span> <span class='ocrx_word' id='word_1_253' title='bbox 1785 2066 1940 2136; x_wconf 78' lang='grc' dir='ltr'>βασί-</span> 
     </span>
    </p>
   </div>
   <div class='ocr_carea' id='block_1_38' title="bbox 341 2154 1941 2229">
    <p class='ocr_par' dir='ltr' id='par_1_38' title="bbox 341 2154 1941 2229">
     <span class='ocr_line' id='line_1_38' title="bbox 341 2154 1941 2229; baseline 0.003 -21"><span class='ocrx_word' id='word_1_254' title='bbox 341 2154 488 2222; x_wconf 73' lang='grc' dir='ltr'>λεια,</span> <span class='ocrx_word' id='word_1_255' title='bbox 525 2156 667 2227; x_wconf 81' lang='grc' dir='ltr'>ταχὺ</span> <span class='ocrx_word' id='word_1_256' title='bbox 711 2157 1085 2228; x_wconf 79' lang='grc' dir='ltr'>μετεμελήθη,</span> <span class='ocrx_word' id='word_1_257' title='bbox 1141 2159 1236 2212; x_wconf 76' lang='grc' dir='ltr'><strong>καὶ</strong></span> <span class='ocrx_word' id='word_1_258' title='bbox 1287 2158 1738 2229; x_wconf 81' lang='grc' dir='ltr'>κατασϐεσθῆναι</span> <span class='ocrx_word' id='word_1_259' title='bbox 1766 2161 1941 2213; x_wconf 87' lang='grc' dir='ltr'>ταῦτα</span> 
     </span>
    </p>
   </div>
   <div class='ocr_carea' id='block_1_39' title="bbox 345 2247 1940 2323">
    <p class='ocr_par' dir='ltr' id='par_1_39' title="bbox 345 2247 1940 2323">
     <span class='ocr_line' id='line_1_39' title="bbox 345 2247 1940 2323; baseline 0.003 -21"><span class='ocrx_word' id='word_1_260' title='bbox 345 2247 678 2322; x_wconf 74' lang='grc' dir='ltr'>προσέταξε.</span> <span class='ocrx_word' id='word_1_261' title='bbox 714 2251 1112 2322; x_wconf 84' lang='grc' dir='ltr'>Μεγαλὸδωρος</span> <span class='ocrx_word' id='word_1_262' title='bbox 1161 2253 1219 2306; x_wconf 81' lang='grc' dir='ltr'>δὲ</span> <span class='ocrx_word' id='word_1_263' title='bbox 1251 2253 1562 2323; x_wconf 81' lang='grc' dir='ltr'>τυγχάνων,</span> <span class='ocrx_word' id='word_1_264' title='bbox 1597 2255 1678 2306; x_wconf 78' lang='grc' dir='ltr'><strong>ἐτι</strong></span> <span class='ocrx_word' id='word_1_265' title='bbox 1733 2253 1940 2323; x_wconf 79' lang='grc' dir='ltr'>μᾶλλον</span> 
     </span>
    </p>
   </div>
   <div class='ocr_carea' id='block_1_40' title="bbox 347 2342 1944 2417">
    <p class='ocr_par' dir='ltr' id='par_1_40' title="bbox 347 2342 1944 2417">
     <span class='ocr_line' id='line_1_40' title="bbox 347 2342 1944 2417; baseline 0.003 -22"><span class='ocrx_word' id='word_1_266' title='bbox 347 2342 596 2397; x_wconf 73' lang='grc' dir='ltr'>ἐπεδίδου</span> <span class='ocrx_word' id='word_1_267' title='bbox 630 2345 766 2412; x_wconf 63' lang='grc' dir='ltr'>πρδς</span> <span class='ocrx_word' id='word_1_268' title='bbox 799 2344 982 2408; x_wconf 77' lang='grc' dir='ltr'>τοῦτο,</span> <span class='ocrx_word' id='word_1_269' title='bbox 1015 2345 1125 2398; x_wconf 83' lang='grc' dir='ltr'><strong>τῶν</strong></span> <span class='ocrx_word' id='word_1_270' title='bbox 1159 2345 1506 2417; x_wconf 79' lang='grc' dir='ltr'>πραγμάτων</span> <span class='ocrx_word' id='word_1_271' title='bbox 1556 2345 1944 2417; x_wconf 78' lang='grc' dir='ltr'>αὐξανομένων</span> 
     </span>
    </p>
   </div>
   <div class='ocr_carea' id='block_1_41' title="bbox 347 2437 1946 2511">
    <p class='ocr_par' dir='ltr' id='par_1_41' title="bbox 347 2437 1946 2511">
     <span class='ocr_line' id='line_1_41' title="bbox 347 2437 1946 2511; baseline 0.001 -20"><span class='ocrx_word' id='word_1_272' title='bbox 347 2437 518 2508; x_wconf 80' lang='grc' dir='ltr'>αὐτῷ.</span> <span class='ocrx_word' id='word_1_273' title='bbox 558 2439 736 2508; x_wconf 87' lang='grc' dir='ltr'>Ὀρῶν</span> <span class='ocrx_word' id='word_1_274' title='bbox 766 2439 821 2491; x_wconf 82' lang='grc' dir='ltr'>δὲ</span> <span class='ocrx_word' id='word_1_275' title='bbox 877 2441 1004 2502; x_wconf 81' lang='grc' dir='ltr'>τοὺς</span> <span class='ocrx_word' id='word_1_276' title='bbox 1062 2441 1191 2510; x_wconf 69' lang='grc' dir='ltr'>περὶ</span> <span class='ocrx_word' id='word_1_277' title='bbox 1223 2440 1388 2493; x_wconf 83' lang='grc' dir='ltr'>αὑτὸν</span> <span class='ocrx_word' id='word_1_278' title='bbox 1431 2440 1795 2511; x_wconf 79' lang='grc' dir='ltr'>τρυφῶντας,</span> <span class='ocrx_word' id='word_1_279' title='bbox 1851 2441 1946 2493; x_wconf 68' lang='grc' dir='ltr'><strong>καὶ</strong></span> 
     </span>
    </p>
   </div>
   <div class='ocr_carea' id='block_1_42' title="bbox 349 2531 1944 2603">
    <p class='ocr_par' dir='ltr' id='par_1_42' title="bbox 349 2531 1944 2603">
     <span class='ocr_line' id='line_1_42' title="bbox 349 2531 1944 2603; baseline 0.002 -20"><span class='ocrx_word' id='word_1_280' title='bbox 349 2534 472 2595; x_wconf 75' lang='grc' dir='ltr'>ταῖς</span> <span class='ocrx_word' id='word_1_281' title='bbox 507 2532 743 2594; x_wconf 75' lang='grc' dir='ltr'>διαίταις</span> <span class='ocrx_word' id='word_1_282' title='bbox 801 2531 1138 2598; x_wconf 78' lang='grc' dir='ltr'>πολυτελεῖς,</span> <span class='ocrx_word' id='word_1_283' title='bbox 1192 2531 1482 2603; x_wconf 75' lang='grc' dir='ltr'>καθήψατο</span> <span class='ocrx_word' id='word_1_284' title='bbox 1517 2535 1705 2603; x_wconf 80' lang='grc' dir='ltr'>πράως</span> <span class='ocrx_word' id='word_1_285' title='bbox 1740 2533 1944 2594; x_wconf 78' lang='grc' dir='ltr'>αὐτῶν,</span> 
     </span>
    </p>
   </div>
   <div class='ocr_carea' id='block_1_43' title="bbox 350 2623 1945 2696">
    <p class='ocr_par' dir='ltr' id='par_1_43' title="bbox 350 2623 1945 2696">
     <span class='ocr_line' id='line_1_43' title="bbox 350 2623 1945 2696; baseline 0 -18"><span class='ocrx_word' id='word_1_286' title='bbox 350 2626 658 2695; x_wconf 77' lang='grc' dir='ltr'>θαυμάζειν</span> <span class='ocrx_word' id='word_1_287' title='bbox 707 2624 897 2689; x_wconf 75' lang='grc' dir='ltr'>εἰπὼν,</span> <span class='ocrx_word' id='word_1_288' title='bbox 952 2626 999 2676; x_wconf 77' lang='grc' dir='ltr'>εἰ</span> <span class='ocrx_word' id='word_1_289' title='bbox 1034 2627 1110 2695; x_wconf 74' lang='grc' dir='ltr'>μὴ</span> <span class='ocrx_word' id='word_1_290' title='bbox 1141 2624 1346 2694; x_wconf 77' lang='grc' dir='ltr'>ἔμαθον</span> <span class='ocrx_word' id='word_1_291' title='bbox 1383 2627 1446 2680; x_wconf 86' lang='grc' dir='ltr'><strong>ἐκ</strong></span> <span class='ocrx_word' id='word_1_292' title='bbox 1483 2627 1824 2696; x_wconf 85' lang='grc' dir='ltr'>συγκρίσεως</span> <span class='ocrx_word' id='word_1_293' title='bbox 1853 2623 1945 2678; x_wconf 76' lang='grc' dir='ltr'>τοῦ</span> 
     </span>
    </p>
   </div>
   <div class='ocr_carea' id='block_1_44' title="bbox 349 2717 1946 2788">
    <p class='ocr_par' dir='ltr' id='par_1_44' title="bbox 349 2717 1946 2788">
     <span class='ocr_line' id='line_1_44' title="bbox 349 2717 1946 2788; baseline 0.003 -18"><span class='ocrx_word' id='word_1_294' title='bbox 349 2718 461 2770; x_wconf 82' lang='grc' dir='ltr'>τῶν</span> <span class='ocrx_word' id='word_1_295' title='bbox 497 2718 727 2788; x_wconf 82' lang='grc' dir='ltr'>Περσῶν</span> <span class='ocrx_word' id='word_1_296' title='bbox 757 2717 874 2788; x_wconf 86' lang='grc' dir='ltr'>βίου</span> <span class='ocrx_word' id='word_1_297' title='bbox 906 2718 1041 2788; x_wconf 78' lang='grc' dir='ltr'>πρὸς</span> <span class='ocrx_word' id='word_1_298' title='bbox 1071 2719 1161 2770; x_wconf 77' lang='grc' dir='ltr'>τὸν</span> <span class='ocrx_word' id='word_1_299' title='bbox 1187 2719 1469 2787; x_wconf 79' lang='grc' dir='ltr'>σφέτερον,</span> <span class='ocrx_word' id='word_1_300' title='bbox 1503 2719 1584 2772; x_wconf 85' lang='grc' dir='ltr'>ὅτι</span> <span class='ocrx_word' id='word_1_301' title='bbox 1607 2718 1946 2774; x_wconf 82' lang='grc' dir='ltr'>δουλικώτα-</span> 
     </span>
    </p>
   </div>
   <div class='ocr_carea' id='block_1_45' title="bbox 349 2809 1946 2882">
    <p class='ocr_par' dir='ltr' id='par_1_45' title="bbox 349 2809 1946 2882">
     <span class='ocr_line' id='line_1_45' title="bbox 349 2809 1946 2882; baseline 0 -16"><span class='ocrx_word' id='word_1_302' title='bbox 349 2828 446 2866; x_wconf 93' lang='grc' dir='ltr'><strong>τον</strong></span> <span class='ocrx_word' id='word_1_303' title='bbox 473 2810 572 2880; x_wconf 84' lang='grc' dir='ltr'>μέν</span> <span class='ocrx_word' id='word_1_304' title='bbox 624 2813 742 2864; x_wconf 87' lang='grc' dir='ltr'>ἐστι</span> <span class='ocrx_word' id='word_1_305' title='bbox 767 2812 828 2862; x_wconf 77' lang='grc' dir='ltr'>τὸ</span> <span class='ocrx_word' id='word_1_306' title='bbox 852 2811 1090 2881; x_wconf 80' lang='grc' dir='ltr'>τρυφᾷν,</span> <span class='ocrx_word' id='word_1_307' title='bbox 1148 2809 1207 2862; x_wconf 82' lang='grc' dir='ltr'>τὸ</span> <span class='ocrx_word' id='word_1_308' title='bbox 1230 2809 1286 2864; x_wconf 88' lang='grc' dir='ltr'><strong>δέ</strong></span> <span class='ocrx_word' id='word_1_309' title='bbox 1313 2814 1498 2864; x_wconf 84' lang='grc' dir='ltr'>πονεῖν</span> <span class='ocrx_word' id='word_1_310' title='bbox 1543 2811 1946 2882; x_wconf 80' lang='grc' dir='ltr'>ἀρχικώτατον.</span> 
     </span>
    </p>
   </div>
   <div class='ocr_carea' id='block_1_46' title="bbox 353 2902 1952 2974">
    <p class='ocr_par' dir='ltr' id='par_1_46' title="bbox 353 2902 1952 2974">
     <span class='ocr_line' id='line_1_46' title="bbox 353 2902 1952 2974; baseline 0.001 -19"><span class='ocrx_word' id='word_1_311' title='bbox 353 2904 528 2964; x_wconf 71' lang='grc' dir='ltr'>Αὑτδς</span> <span class='ocrx_word' id='word_1_312' title='bbox 578 2903 762 2971; x_wconf 82' lang='grc' dir='ltr'>μέντοι</span> <span class='ocrx_word' id='word_1_313' title='bbox 795 2906 894 2955; x_wconf 69' lang='grc' dir='ltr'>οὐκ</span> <span class='ocrx_word' id='word_1_314' title='bbox 927 2902 1184 2964; x_wconf 84' lang='grc' dir='ltr'>ἐνεδίδου,</span> <span class='ocrx_word' id='word_1_315' title='bbox 1243 2907 1338 2957; x_wconf 82' lang='grc' dir='ltr'>καὶ</span> <span class='ocrx_word' id='word_1_316' title='bbox 1371 2903 1690 2974; x_wconf 76' lang='grc' dir='ltr'>στρατείαις</span> <span class='ocrx_word' id='word_1_317' title='bbox 1728 2905 1822 2956; x_wconf 77' lang='grc' dir='ltr'><strong>καὶ</strong></span> <span class='ocrx_word' id='word_1_318' title='bbox 1855 2903 1952 2974; x_wconf 87' lang='grc' dir='ltr'>θή-</span> 
     </span>
    </p>
   </div>
   <div class='ocr_carea' id='block_1_47' title="bbox 358 2993 1950 3066">
    <p class='ocr_par' dir='ltr' id='par_1_47' title="bbox 358 2993 1950 3066">
     <span class='ocr_line' id='line_1_47' title="bbox 358 2993 1950 3066; baseline 0.001 -20"><span class='ocrx_word' id='word_1_319' title='bbox 358 3012 479 3064; x_wconf 87' lang='grc' dir='ltr'>ραις</span> <span class='ocrx_word' id='word_1_320' title='bbox 503 2993 704 3048; x_wconf 79' lang='grc' dir='ltr'>πονῶν.</span> <span class='ocrx_word' id='word_1_321' title='bbox 733 2995 798 3046; x_wconf 81' lang='grc' dir='ltr'>Οί</span> <span class='ocrx_word' id='word_1_322' title='bbox 835 2994 880 3046; x_wconf 83' lang='grc' dir='ltr'>δ’</span> <span class='ocrx_word' id='word_1_323' title='bbox 904 2995 1114 3062; x_wconf 85' lang='grc' dir='ltr'>ἑταῖροι</span> <span class='ocrx_word' id='word_1_324' title='bbox 1148 2994 1315 3046; x_wconf 81' lang='grc' dir='ltr'>αὑτοῦ</span> <span class='ocrx_word' id='word_1_325' title='bbox 1355 2995 1443 3048; x_wconf 69' lang='grc' dir='ltr'>διὰ</span> <span class='ocrx_word' id='word_1_326' title='bbox 1475 2993 1706 3048; x_wconf 83' lang='grc' dir='ltr'>πλοῦτον</span> <span class='ocrx_word' id='word_1_327' title='bbox 1737 2996 1950 3066; x_wconf 74' lang='grc' dir='ltr'>τρυφᾲν</span> 
     </span>
    </p>
   </div>
   <div class='ocr_carea' id='block_1_48' title="bbox 358 3085 1952 3156">
    <p class='ocr_par' dir='ltr' id='par_1_48' title="bbox 358 3085 1952 3156">
     <span class='ocr_line' id='line_1_48' title="bbox 358 3085 1952 3156; baseline 0.001 -18"><span class='ocrx_word' id='word_1_328' title='bbox 358 3087 700 3156; x_wconf 78' lang='grc' dir='ltr'>βουλόμενοι,</span> <span class='ocrx_word' id='word_1_329' title='bbox 755 3087 1086 3140; x_wconf 77' lang='grc' dir='ltr'>συνέπεσθαι</span> <span class='ocrx_word' id='word_1_330' title='bbox 1113 3086 1170 3139; x_wconf 83' lang='grc' dir='ltr'>δέ</span> <span class='ocrx_word' id='word_1_331' title='bbox 1199 3087 1247 3139; x_wconf 76' lang='grc' dir='ltr'><strong>οἱ</strong></span> <span class='ocrx_word' id='word_1_332' title='bbox 1283 3085 1749 3156; x_wconf 80' lang='grc' dir='ltr'>ἀναγκαζόμενοι,</span> <span class='ocrx_word' id='word_1_333' title='bbox 1787 3089 1866 3152; x_wconf 82' lang='grc' dir='ltr'><strong>είς</strong></span> <span class='ocrx_word' id='word_1_334' title='bbox 1889 3085 1952 3140; x_wconf 73' lang='grc' dir='ltr'>τὸ</span> 
     </span>
    </p>
   </div>
   <div class='ocr_carea' id='block_1_49' title="bbox 359 3178 1946 3251">
    <p class='ocr_par' dir='ltr' id='par_1_49' title="bbox 359 3178 1946 3251">
     <span class='ocr_line' id='line_1_49' title="bbox 359 3178 1946 3251; baseline 0.001 -21"><span class='ocrx_word' id='word_1_335' title='bbox 359 3180 709 3249; x_wconf 62' lang='grc' dir='ltr'>βλασφημεῖν</span> <span class='ocrx_word' id='word_1_336' title='bbox 767 3179 932 3232; x_wconf 79' lang='grc' dir='ltr'>αὑτὸν</span> <span class='ocrx_word' id='word_1_337' title='bbox 987 3179 1289 3250; x_wconf 77' lang='grc' dir='ltr'>προῄεσαν.</span> <span class='ocrx_word' id='word_1_338' title='bbox 1360 3179 1420 3234; x_wconf 75' lang='grc' dir='ltr'><strong>Ὀ</strong></span> <span class='ocrx_word' id='word_1_339' title='bbox 1452 3179 1509 3232; x_wconf 78' lang='grc' dir='ltr'>δὲ</span> <span class='ocrx_word' id='word_1_340' title='bbox 1539 3178 1734 3251; x_wconf 81' lang='grc' dir='ltr'>πράως</span> <span class='ocrx_word' id='word_1_341' title='bbox 1783 3180 1946 3250; x_wconf 82' lang='grc' dir='ltr'>ἔφερε</span> 
     </span>
    </p>
   </div>
   <div class='ocr_carea' id='block_1_50' title="bbox 359 3271 1949 3343">
    <p class='ocr_par' dir='ltr' id='par_1_50' title="bbox 359 3271 1949 3343">
     <span class='ocr_line' id='line_1_50' title="bbox 359 3271 1949 3343; baseline 0.001 -18"><span class='ocrx_word' id='word_1_342' title='bbox 359 3275 488 3342; x_wconf 75' lang='grc' dir='ltr'>περὶ</span> <span class='ocrx_word' id='word_1_343' title='bbox 513 3275 614 3342; x_wconf 77' lang='grc' dir='ltr'><strong>τὴν</strong></span> <span class='ocrx_word' id='word_1_344' title='bbox 643 3272 818 3342; x_wconf 76' lang='grc' dir='ltr'>ἀρχὴν</span> <span class='ocrx_word' id='word_1_345' title='bbox 873 3273 972 3334; x_wconf 75' lang='grc' dir='ltr'>τὰς</span> <span class='ocrx_word' id='word_1_346' title='bbox 1003 3271 1374 3342; x_wconf 83' lang='grc' dir='ltr'>βλασφημίας,</span> <span class='ocrx_word' id='word_1_347' title='bbox 1433 3273 1631 3341; x_wconf 81' lang='grc' dir='ltr'>λέγων,</span> <span class='ocrx_word' id='word_1_348' title='bbox 1667 3271 1949 3343; x_wconf 81' lang='grc' dir='ltr'>βασιλικὸν</span> 
     </span>
    </p>
   </div>
   <div class='ocr_carea' id='block_1_51' title="bbox 357 3363 1952 3435">
    <p class='ocr_par' dir='ltr' id='par_1_51' title="bbox 357 3363 1952 3435">
     <span class='ocr_line' id='line_1_51' title="bbox 357 3363 1952 3435; baseline -0.002 -16"><span class='ocrx_word' id='word_1_349' title='bbox 357 3364 500 3419; x_wconf 78' lang='grc' dir='ltr'>εἶναι</span> <span class='ocrx_word' id='word_1_350' title='bbox 534 3366 595 3417; x_wconf 79' lang='grc' dir='ltr'><strong>τὸ</strong></span> <span class='ocrx_word' id='word_1_351' title='bbox 626 3364 805 3427; x_wconf 82' lang='grc' dir='ltr'>κακῶς</span> <span class='ocrx_word' id='word_1_352' title='bbox 841 3364 1060 3416; x_wconf 77' lang='grc' dir='ltr'>ἀκούειν</span> <span class='ocrx_word' id='word_1_353' title='bbox 1101 3363 1794 3435; x_wconf 80' lang='grc' dir='ltr'>εὐεργετοῦντα.”Υστερον</span> <span class='ocrx_word' id='word_1_354' title='bbox 1817 3364 1952 3434; x_wconf 65' lang='grc' dir='ltr'>μέν.</span> 
     </span>
    </p>
   </div>
   <div class='ocr_carea' id='block_1_52' title="bbox 358 3455 1954 3526">
    <p class='ocr_par' dir='ltr' id='par_1_52' title="bbox 358 3455 1954 3526">
     <span class='ocr_line' id='line_1_52' title="bbox 358 3455 1954 3526; baseline -0.002 -16"><span class='ocrx_word' id='word_1_355' title='bbox 358 3476 446 3510; x_wconf 89' lang='grc' dir='ltr'><strong>τοι</strong></span> <span class='ocrx_word' id='word_1_356' title='bbox 473 3458 640 3510; x_wconf 79' lang='grc' dir='ltr'>αὑτὸν</span> <span class='ocrx_word' id='word_1_357' title='bbox 663 3459 720 3510; x_wconf 88' lang='grc' dir='ltr'><strong>αί</strong></span> <span class='ocrx_word' id='word_1_358' title='bbox 754 3456 951 3508; x_wconf 75' lang='grc' dir='ltr'>πολλαὶ</span> <span class='ocrx_word' id='word_1_359' title='bbox 991 3455 1242 3510; x_wconf 77' lang='grc' dir='ltr'>διαϐολαὶ</span> <span class='ocrx_word' id='word_1_360' title='bbox 1271 3458 1661 3526; x_wconf 79' lang='grc' dir='ltr'>ἐξετράχυναν,</span> <span class='ocrx_word' id='word_1_361' title='bbox 1690 3457 1787 3509; x_wconf 73' lang='grc' dir='ltr'><strong>καὶ</strong></span> <span class='ocrx_word' id='word_1_362' title='bbox 1819 3457 1954 3525; x_wconf 81' lang='grc' dir='ltr'>πρὸς</span> 
     </span>
    </p>
   </div>
   <div class='ocr_carea' id='block_1_53' title="bbox 360 3548 1955 3619">
    <p class='ocr_par' dir='ltr' id='par_1_53' title="bbox 360 3548 1955 3619">
     <span class='ocr_line' id='line_1_53' title="bbox 360 3548 1955 3619; baseline -0.002 -16"><span class='ocrx_word' id='word_1_363' title='bbox 360 3552 488 3611; x_wconf 77' lang='grc' dir='ltr'>τοὺς</span> <span class='ocrx_word' id='word_1_364' title='bbox 527 3548 986 3619; x_wconf 81' lang='grc' dir='ltr'>βλασφημοῦντας</span> <span class='ocrx_word' id='word_1_365' title='bbox 1044 3549 1212 3601; x_wconf 85' lang='grc' dir='ltr'>αὑτὸν</span> <span class='ocrx_word' id='word_1_366' title='bbox 1270 3552 1510 3619; x_wconf 81' lang='grc' dir='ltr'>χαλεπὸν</span> <span class='ocrx_word' id='word_1_367' title='bbox 1541 3548 1803 3617; x_wconf 77' lang='grc' dir='ltr'>γενέσθαι</span> <span class='ocrx_word' id='word_1_368' title='bbox 1857 3549 1955 3600; x_wconf 75' lang='grc' dir='ltr'><strong>καὶ</strong></span> 
     </span>
    </p>
   </div>
   <div class='ocr_carea' id='block_1_54' title="bbox 362 3641 1957 3714">
    <p class='ocr_par' dir='ltr' id='par_1_54' title="bbox 362 3641 1957 3714">
     <span class='ocr_line' id='line_1_54' title="bbox 362 3641 1957 3714; baseline 0.001 -19"><span class='ocrx_word' id='word_1_369' title='bbox 362 3641 743 3712; x_wconf 81' lang='grc' dir='ltr'>ἀπαραίτητον</span> <span class='ocrx_word' id='word_1_370' title='bbox 776 3642 1227 3712; x_wconf 82' lang='grc' dir='ltr'>παρεσκεύασαν.</span> <span class='ocrx_word' id='word_1_371' title='bbox 1264 3644 1376 3698; x_wconf 81' lang='grc' dir='ltr'>Καί</span> <span class='ocrx_word' id='word_1_372' title='bbox 1403 3661 1484 3698; x_wconf 81' lang='grc' dir='ltr'><strong>τοι</strong></span> <span class='ocrx_word' id='word_1_373' title='bbox 1510 3643 1705 3714; x_wconf 84' lang='grc' dir='ltr'>πρώην</span> <span class='ocrx_word' id='word_1_374' title='bbox 1740 3645 1836 3696; x_wconf 76' lang='grc' dir='ltr'><strong>καὶ</strong></span> <span class='ocrx_word' id='word_1_375' title='bbox 1865 3642 1957 3696; x_wconf 80' lang='lat' dir='ltr'><strong>0a-</strong></span> 
     </span>
    </p>
   </div>
   <div class='ocr_carea' id='block_1_55' title="bbox 362 3734 1957 3807">
    <p class='ocr_par' dir='ltr' id='par_1_55' title="bbox 362 3734 1957 3807">
     <span class='ocr_line' id='line_1_55' title="bbox 362 3734 1957 3807; baseline 0.001 -20"><span class='ocrx_word' id='word_1_376' title='bbox 362 3735 604 3788; x_wconf 88' lang='grc' dir='ltr'>νατικῶν</span> <span class='ocrx_word' id='word_1_377' title='bbox 650 3736 892 3806; x_wconf 67' lang='grc' dir='ltr'>ἠκροᾶτο</span> <span class='ocrx_word' id='word_1_378' title='bbox 939 3735 1130 3799; x_wconf 83' lang='grc' dir='ltr'>δικῶν,</span> <span class='ocrx_word' id='word_1_379' title='bbox 1185 3735 1368 3791; x_wconf 73' lang='grc' dir='ltr'>εἰώθει</span> <span class='ocrx_word' id='word_1_380' title='bbox 1412 3736 1490 3807; x_wconf 81' lang='grc' dir='ltr'>τῷ</span> <span class='ocrx_word' id='word_1_381' title='bbox 1521 3737 1603 3788; x_wconf 76' lang='grc' dir='ltr'>ἐνὶ</span> <span class='ocrx_word' id='word_1_382' title='bbox 1661 3735 1771 3788; x_wconf 86' lang='grc' dir='ltr'>τῶν</span> <span class='ocrx_word' id='word_1_383' title='bbox 1801 3734 1957 3788; x_wconf 80' lang='grc' dir='ltr'>ὤτων</span> 
     </span>
    </p>
   </div>
   <div class='ocr_carea' id='block_1_56' title="bbox 363 3825 1956 3897">
    <p class='ocr_par' dir='ltr' id='par_1_56' title="bbox 363 3825 1956 3897">
     <span class='ocr_line' id='line_1_56' title="bbox 363 3825 1956 3897; baseline 0 -17"><span class='ocrx_word' id='word_1_384' title='bbox 363 3827 464 3896; x_wconf 81' lang='grc' dir='ltr'><strong>τὴν</strong></span> <span class='ocrx_word' id='word_1_385' title='bbox 496 3829 658 3896; x_wconf 82' lang='grc' dir='ltr'>χεῖρα</span> <span class='ocrx_word' id='word_1_386' title='bbox 693 3825 1019 3891; x_wconf 80' lang='grc' dir='ltr'>ἐπιτιθέναι,</span> <span class='ocrx_word' id='word_1_387' title='bbox 1050 3826 1125 3888; x_wconf 83' lang='grc' dir='ltr'>ὡς</span> <span class='ocrx_word' id='word_1_388' title='bbox 1169 3827 1450 3897; x_wconf 74' lang='grc' dir='ltr'>ἄψαυστον</span> <span class='ocrx_word' id='word_1_389' title='bbox 1499 3828 1631 3880; x_wconf 80' lang='grc' dir='ltr'>αὐτὸ</span> <span class='ocrx_word' id='word_1_390' title='bbox 1667 3827 1746 3896; x_wconf 81' lang='grc' dir='ltr'>τῷ</span> <span class='ocrx_word' id='word_1_391' title='bbox 1781 3844 1956 3895; x_wconf 87' lang='grc' dir='ltr'>κατη-</span> 
     </span>
    </p>
   </div>
   <div class='ocr_carea' id='block_1_57' title="bbox 362 3920 1956 3991">
    <p class='ocr_par' dir='ltr' id='par_1_57' title="bbox 362 3920 1956 3991">
     <span class='ocr_line' id='line_1_57' title="bbox 362 3920 1956 3991; baseline -0.002 -17"><span class='ocrx_word' id='word_1_392' title='bbox 362 3920 688 3991; x_wconf 65' lang='grc' dir='ltr'>γορουμένῳ</span> <span class='ocrx_word' id='word_1_393' title='bbox 717 3921 925 3990; x_wconf 82' lang='grc' dir='ltr'>τηρῶν,</span> <span class='ocrx_word' id='word_1_394' title='bbox 969 3921 1064 3973; x_wconf 77' lang='grc' dir='ltr'>καὶ</span> <span class='ocrx_word' id='word_1_395' title='bbox 1103 3920 1202 3986; x_wconf 84' lang='grc' dir='ltr'>τῆς</span> <span class='ocrx_word' id='word_1_396' title='bbox 1236 3921 1570 3991; x_wconf 80' lang='grc' dir='ltr'>κατηγορίας</span> <span class='ocrx_word' id='word_1_397' title='bbox 1627 3921 1956 3989; x_wconf 84' lang='grc' dir='ltr'>ἀμέθεκτον.</span> 
     </span>
    </p>
   </div>
   <div class='ocr_carea' id='block_1_58' title="bbox 375 4012 1958 4086">
    <p class='ocr_par' dir='ltr' id='par_1_58' title="bbox 375 4012 1958 4086">
     <span class='ocr_line' id='line_1_58' title="bbox 375 4012 1958 4086; baseline -0.003 -18"><span class='ocrx_word' id='word_1_398' title='bbox 375 4014 716 4080; x_wconf 73' lang='grc' dir='ltr'>Ἐξεὶαύνων</span> <span class='ocrx_word' id='word_1_399' title='bbox 769 4013 814 4066; x_wconf 90' lang='grc' dir='ltr'>δ’</span> <span class='ocrx_word' id='word_1_400' title='bbox 857 4014 952 4067; x_wconf 76' lang='grc' dir='ltr'>ἐπὶ</span> <span class='ocrx_word' id='word_1_401' title='bbox 998 4016 1244 4086; x_wconf 85' lang='grc' dir='ltr'>Δαρεῖον,</span> <span class='ocrx_word' id='word_1_402' title='bbox 1290 4013 1428 4084; x_wconf 84' lang='grc' dir='ltr'><strong>μετά</strong></span> <span class='ocrx_word' id='word_1_403' title='bbox 1482 4012 1818 4084; x_wconf 81' lang='grc' dir='ltr'>τρισχιλίων,</span> <span class='ocrx_word' id='word_1_404' title='bbox 1873 4012 1958 4078; x_wconf 84' lang='grc' dir='ltr'>ἐφ’</span> 
     </span>
    </p>
   </div>
   <div class='ocr_carea' id='block_1_59' title="bbox 363 4105 1960 4180">
    <p class='ocr_par' dir='ltr' id='par_1_59' title="bbox 363 4105 1960 4180">
     <span class='ocr_line' id='line_1_59' title="bbox 363 4105 1960 4180; baseline -0.003 -17"><span class='ocrx_word' id='word_1_405' title='bbox 363 4111 582 4180; x_wconf 84' lang='grc' dir='ltr'>ἡμέρας</span> <span class='ocrx_word' id='word_1_406' title='bbox 617 4108 840 4171; x_wconf 79' lang='grc' dir='ltr'>πλείους</span> <span class='ocrx_word' id='word_1_407' title='bbox 864 4107 1109 4172; x_wconf 80' lang='grc' dir='ltr'>ἐδίωκεν,</span> <span class='ocrx_word' id='word_1_408' title='bbox 1133 4108 1209 4170; x_wconf 81' lang='grc' dir='ltr'>ὡς</span> <span class='ocrx_word' id='word_1_409' title='bbox 1225 4107 1604 4176; x_wconf 78' lang='grc' dir='ltr'>ἀπαγορεῦσαι</span> <span class='ocrx_word' id='word_1_410' title='bbox 1631 4107 1758 4170; x_wconf 83' lang='grc' dir='ltr'>τοὺς</span> <span class='ocrx_word' id='word_1_411' title='bbox 1785 4105 1960 4158; x_wconf 82' lang='grc' dir='ltr'>πλείο-</span> 
     </span>
    </p>
   </div>
   <div class='ocr_carea' id='block_1_60' title="bbox 365 4199 1958 4272">
    <p class='ocr_par' dir='ltr' id='par_1_60' title="bbox 365 4199 1958 4272">
     <span class='ocr_line' id='line_1_60' title="bbox 365 4199 1958 4272; baseline -0.004 -14"><span class='ocrx_word' id='word_1_412' title='bbox 365 4222 488 4268; x_wconf 85' lang='grc' dir='ltr'>νας,</span> <span class='ocrx_word' id='word_1_413' title='bbox 523 4203 615 4256; x_wconf 86' lang='grc' dir='ltr'><strong>διά</strong></span> <span class='ocrx_word' id='word_1_414' title='bbox 657 4220 718 4255; x_wconf 90' lang='grc' dir='ltr'><strong>τε</strong></span> <span class='ocrx_word' id='word_1_415' title='bbox 748 4203 846 4272; x_wconf 84' lang='grc' dir='ltr'>τὴν</span> <span class='ocrx_word' id='word_1_416' title='bbox 892 4201 1242 4271; x_wconf 84' lang='grc' dir='ltr'>χαλεπότητα</span> <span class='ocrx_word' id='word_1_417' title='bbox 1281 4203 1382 4270; x_wconf 77' lang='grc' dir='ltr'>τῆς</span> <span class='ocrx_word' id='word_1_418' title='bbox 1413 4199 1532 4252; x_wconf 73' lang='grc' dir='ltr'>ὀδοῦ</span> <span class='ocrx_word' id='word_1_419' title='bbox 1581 4201 1674 4252; x_wconf 79' lang='grc' dir='ltr'><strong>καὶ</strong></span> <span class='ocrx_word' id='word_1_420' title='bbox 1701 4200 1802 4271; x_wconf 84' lang='grc' dir='ltr'>τὴν</span> <span class='ocrx_word' id='word_1_421' title='bbox 1826 4200 1958 4252; x_wconf 81' lang='grc' dir='ltr'>ἁνυ-</span> 
     </span>
    </p>
   </div>
   <div class='ocr_carea' id='block_1_61' title="bbox 364 4289 1958 4365">
    <p class='ocr_par' dir='ltr' id='par_1_61' title="bbox 364 4289 1958 4365">
     <span class='ocr_line' id='line_1_61' title="bbox 364 4289 1958 4365; baseline -0.006 -16"><span class='ocrx_word' id='word_1_422' title='bbox 364 4295 547 4365; x_wconf 81' lang='grc' dir='ltr'>δρίαν.</span> <span class='ocrx_word' id='word_1_423' title='bbox 578 4295 708 4346; x_wconf 76' lang='lat' dir='ltr'><strong>&quot;Ore</strong></span> <span class='ocrx_word' id='word_1_424' title='bbox 747 4292 1054 4355; x_wconf 77' lang='grc' dir='ltr'>Μακεδόνες</span> <span class='ocrx_word' id='word_1_425' title='bbox 1083 4292 1226 4354; x_wconf 81' lang='grc' dir='ltr'>τινὲς</span> <span class='ocrx_word' id='word_1_426' title='bbox 1272 4292 1332 4342; x_wconf 82' lang='grc' dir='ltr'><strong>ἐν</strong></span> <span class='ocrx_word' id='word_1_427' title='bbox 1380 4292 1569 4353; x_wconf 78' lang='grc' dir='ltr'>ἀσκοῖς</span> <span class='ocrx_word' id='word_1_428' title='bbox 1597 4290 1740 4362; x_wconf 80' lang='grc' dir='ltr'>ὕδωρ</span> <span class='ocrx_word' id='word_1_429' title='bbox 1798 4289 1958 4360; x_wconf 80' lang='grc' dir='ltr'>κομί-</span> 
     </span>
    </p>
   </div>
   <div class='ocr_carea' id='block_1_62' title="bbox 367 4381 1959 4452">
    <p class='ocr_par' dir='ltr' id='par_1_62' title="bbox 367 4381 1959 4452">
     <span class='ocr_line' id='line_1_62' title="bbox 367 4381 1959 4452; baseline -0.005 -13"><span class='ocrx_word' id='word_1_430' title='bbox 367 4386 556 4450; x_wconf 74' lang='grc' dir='ltr'>ζοντες</span> <span class='ocrx_word' id='word_1_431' title='bbox 596 4382 747 4452; x_wconf 79' lang='grc' dir='ltr'>αὑτῷ</span> <span class='ocrx_word' id='word_1_432' title='bbox 804 4383 1166 4452; x_wconf 82' lang='grc' dir='ltr'>συνήντησαν,</span> <span class='ocrx_word' id='word_1_433' title='bbox 1229 4382 1324 4434; x_wconf 84' lang='grc' dir='ltr'><strong>καί</strong></span> <span class='ocrx_word' id='word_1_434' title='bbox 1373 4381 1682 4450; x_wconf 83' lang='grc' dir='ltr'>πλήσαντες</span> <span class='ocrx_word' id='word_1_435' title='bbox 1736 4382 1959 4450; x_wconf 87' lang='grc' dir='ltr'>κράνος,</span> 
     </span>
    </p>
   </div>
   <div class='ocr_carea' id='block_1_63' title="bbox 369 4472 1961 4552">
    <p class='ocr_par' dir='ltr' id='par_1_63' title="bbox 369 4472 1961 4552">
     <span class='ocr_line' id='line_1_63' title="bbox 369 4472 1961 4552; baseline -0.003 -21"><span class='ocrx_word' id='word_1_436' title='bbox 369 4481 760 4552; x_wconf 80' lang='grc' dir='ltr'>προσήνεγκαν</span> <span class='ocrx_word' id='word_1_437' title='bbox 788 4473 936 4544; x_wconf 81' lang='grc' dir='ltr'>αὐτῴ</span> <span class='ocrx_word' id='word_1_438' title='bbox 967 4474 1153 4536; x_wconf 83' lang='grc' dir='ltr'>κακῶς</span> <span class='ocrx_word' id='word_1_439' title='bbox 1183 4474 1286 4526; x_wconf 81' lang='grc' dir='ltr'><strong>ὑπὸ</strong></span> <span class='ocrx_word' id='word_1_440' title='bbox 1322 4472 1485 4542; x_wconf 80' lang='grc' dir='ltr'>δίψης</span> <span class='ocrx_word' id='word_1_441' title='bbox 1515 4473 1852 4541; x_wconf 79' lang='grc' dir='ltr'>διακειμένῳ</span> <span class='ocrx_word' id='word_1_442' title='bbox 1881 4487 1895 4500; x_wconf 84' lang='lat'><strong><em>°</em></strong></span> <span class='ocrx_word' id='word_1_443' title='bbox 1933 4475 1961 4526; x_wconf 90' lang='grc' dir='ltr'>ὁ</span> 
     </span>
    </p>
   </div>
   <div class='ocr_carea' id='block_1_64' title="bbox 2043 1972 3630 2038">
    <p class='ocr_par' dir='ltr' id='par_1_64' title="bbox 2043 1972 3630 2038">
     <span class='ocr_line' id='line_1_64' title="bbox 2043 1972 3630 2038; baseline -0.003 -7"><span class='ocrx_word' id='word_1_444' title='bbox 2043 1977 2254 2032; x_wconf 87' lang='lat' dir='ltr'><strong>ralitas.</strong></span> <span class='ocrx_word' id='word_1_445' title='bbox 2301 1975 2443 2030; x_wconf 90' lang='lat' dir='ltr'><strong>Suos</strong></span> <span class='ocrx_word' id='word_1_446' title='bbox 2491 1975 2724 2031; x_wconf 85' lang='lat' dir='ltr'><strong>delicate</strong></span> <span class='ocrx_word' id='word_1_447' title='bbox 2771 1976 2957 2030; x_wconf 80' lang='lat' dir='ltr'><strong>vivere</strong></span> <span class='ocrx_word' id='word_1_448' title='bbox 2995 1973 3225 2038; x_wconf 82' lang='lat' dir='ltr'><strong>videns,</strong></span> <span class='ocrx_word' id='word_1_449' title='bbox 3283 1972 3484 2027; x_wconf 83' lang='lat' dir='ltr'><strong>leniter</strong></span> <span class='ocrx_word' id='word_1_450' title='bbox 3534 1985 3630 2026; x_wconf 84' lang='lat' dir='ltr'><strong>ca-</strong></span> 
     </span>
    </p>
   </div>
   <div class='ocr_carea' id='block_1_65' title="bbox 2044 2065 3633 2140">
    <p class='ocr_par' dir='ltr' id='par_1_65' title="bbox 2044 2065 3633 2140">
     <span class='ocr_line' id='line_1_65' title="bbox 2044 2065 3633 2140; baseline -0.002 -18"><span class='ocrx_word' id='word_1_451' title='bbox 2044 2069 2270 2140; x_wconf 84' lang='lat' dir='ltr'><strong>stigavit</strong></span> <span class='ocrx_word' id='word_1_452' title='bbox 2301 2086 2314 2120; x_wconf 89' lang='lat'><strong>:</strong></span> <span class='ocrx_word' id='word_1_453' title='bbox 2357 2085 2529 2137; x_wconf 90' lang='lat' dir='ltr'><strong>seque</strong></span> <span class='ocrx_word' id='word_1_454' title='bbox 2562 2068 2755 2122; x_wconf 86' lang='lat' dir='ltr'><strong>mirari</strong></span> <span class='ocrx_word' id='word_1_455' title='bbox 2789 2067 2950 2131; x_wconf 82' lang='lat' dir='ltr'><strong>dixit,</strong></span> <span class='ocrx_word' id='word_1_456' title='bbox 2987 2082 3085 2122; x_wconf 90' lang='lat' dir='ltr'><strong>eos</strong></span> <span class='ocrx_word' id='word_1_457' title='bbox 3115 2081 3184 2120; x_wconf 86' lang='lat' dir='ltr'><strong>ex</strong></span> <span class='ocrx_word' id='word_1_458' title='bbox 3219 2065 3633 2135; x_wconf 81' lang='lat' dir='ltr'><strong>comparatione</strong></span> 
     </span>
    </p>
   </div>
   <div class='ocr_carea' id='block_1_66' title="bbox 2046 2155 3631 2224">
    <p class='ocr_par' dir='ltr' id='par_1_66' title="bbox 2046 2155 3631 2224">
     <span class='ocr_line' id='line_1_66' title="bbox 2046 2155 3631 2224; baseline -0.004 -7"><span class='ocrx_word' id='word_1_459' title='bbox 2046 2178 2161 2218; x_wconf 70' lang='lat' dir='ltr'><strong>sua)</strong></span> <span class='ocrx_word' id='word_1_460' title='bbox 2191 2172 2248 2216; x_wconf 90' lang='lat' dir='ltr'><strong>et</strong></span> <span class='ocrx_word' id='word_1_461' title='bbox 2283 2161 2518 2216; x_wconf 79' lang='lat' dir='ltr'><strong>Persicae</strong></span> <span class='ocrx_word' id='word_1_462' title='bbox 2564 2162 2691 2215; x_wconf 78' lang='lat' dir='ltr'><strong>vitae</strong></span> <span class='ocrx_word' id='word_1_463' title='bbox 2739 2176 2850 2214; x_wconf 91' lang='lat' dir='ltr'><strong>non</strong></span> <span class='ocrx_word' id='word_1_464' title='bbox 2895 2159 3171 2215; x_wconf 87' lang='lat' dir='ltr'><strong>dedicisse</strong></span> <span class='ocrx_word' id='word_1_465' title='bbox 3198 2199 3213 2224; x_wconf 91' lang='lat'><strong>,</strong></span> <span class='ocrx_word' id='word_1_466' title='bbox 3250 2157 3464 2214; x_wconf 87' lang='lat' dir='ltr'><strong>deliciis</strong></span> <span class='ocrx_word' id='word_1_467' title='bbox 3491 2155 3631 2212; x_wconf 84' lang='lat' dir='ltr'><strong>nihil</strong></span> 
     </span>
    </p>
   </div>
   <div class='ocr_carea' id='block_1_67' title="bbox 2043 2250 3632 2324">
    <p class='ocr_par' dir='ltr' id='par_1_67' title="bbox 2043 2250 3632 2324">
     <span class='ocr_line' id='line_1_67' title="bbox 2043 2250 3632 2324; baseline -0.003 -15"><span class='ocrx_word' id='word_1_468' title='bbox 2043 2271 2164 2309; x_wconf 83' lang='lat' dir='ltr'><strong>esse</strong></span> <span class='ocrx_word' id='word_1_469' title='bbox 2196 2255 2476 2319; x_wconf 87' lang='lat' dir='ltr'><strong>servilius,</strong></span> <span class='ocrx_word' id='word_1_470' title='bbox 2522 2255 2712 2310; x_wconf 74' lang='lat' dir='ltr'><strong>labore</strong></span> <span class='ocrx_word' id='word_1_471' title='bbox 2757 2253 2896 2308; x_wconf 82' lang='lat' dir='ltr'><strong>nihil</strong></span> <span class='ocrx_word' id='word_1_472' title='bbox 2933 2253 3194 2324; x_wconf 77' lang='lat' dir='ltr'><strong>regalius.</strong></span> <span class='ocrx_word' id='word_1_473' title='bbox 3238 2252 3361 2322; x_wconf 84' lang='lat' dir='ltr'><strong>Ipse</strong></span> <span class='ocrx_word' id='word_1_474' title='bbox 3409 2250 3632 2321; x_wconf 89' lang='lat' dir='ltr'><strong>quidem</strong></span> 
     </span>
    </p>
   </div>
   <div class='ocr_carea' id='block_1_68' title="bbox 2046 2343 3636 2418">
    <p class='ocr_par' dir='ltr' id='par_1_68' title="bbox 2046 2343 3636 2418">
     <span class='ocr_line' id='line_1_68' title="bbox 2046 2343 3636 2418; baseline -0.003 -18"><span class='ocrx_word' id='word_1_475' title='bbox 2046 2348 2115 2400; x_wconf 87' lang='lat' dir='ltr'><strong>de</strong></span> <span class='ocrx_word' id='word_1_476' title='bbox 2145 2348 2566 2418; x_wconf 80' lang='lat' dir='ltr'><strong>expeditionum</strong></span> <span class='ocrx_word' id='word_1_477' title='bbox 2594 2357 2652 2403; x_wconf 90' lang='lat' dir='ltr'><strong>et</strong></span> <span class='ocrx_word' id='word_1_478' title='bbox 2675 2346 3034 2403; x_wconf 80' lang='lat' dir='ltr'><strong>venationum</strong></span> <span class='ocrx_word' id='word_1_479' title='bbox 3065 2345 3356 2401; x_wconf 87' lang='lat' dir='ltr'><strong>laboribus</strong></span> <span class='ocrx_word' id='word_1_480' title='bbox 3373 2343 3520 2399; x_wconf 81' lang='lat' dir='ltr'><strong>nihil</strong></span> <span class='ocrx_word' id='word_1_481' title='bbox 3544 2357 3636 2397; x_wconf 60' lang='grc' dir='ltr'>τοι</span> 
     </span>
    </p>
   </div>
   <div class='ocr_carea' id='block_1_69' title="bbox 2049 2432 3634 2510">
    <p class='ocr_par' dir='ltr' id='par_1_69' title="bbox 2049 2432 3634 2510">
     <span class='ocr_line' id='line_1_69' title="bbox 2049 2432 3634 2510; baseline -0.003 -19"><span class='ocrx_word' id='word_1_482' title='bbox 2049 2440 2230 2492; x_wconf 86' lang='lat' dir='ltr'><strong>misit:</strong></span> <span class='ocrx_word' id='word_1_483' title='bbox 2269 2441 2433 2495; x_wconf 90' lang='lat' dir='ltr'><strong>amici</strong></span> <span class='ocrx_word' id='word_1_484' title='bbox 2485 2456 2647 2501; x_wconf 81' lang='lat' dir='ltr'><strong>vero.</strong></span> <span class='ocrx_word' id='word_1_485' title='bbox 2679 2439 2774 2510; x_wconf 90' lang='lat' dir='ltr'><strong>qui</strong></span> <span class='ocrx_word' id='word_1_486' title='bbox 2828 2447 3053 2509; x_wconf 83' lang='lat' dir='ltr'><strong>propter</strong></span> <span class='ocrx_word' id='word_1_487' title='bbox 3092 2437 3313 2492; x_wconf 82' lang='lat' dir='ltr'><strong>divitias</strong></span> <span class='ocrx_word' id='word_1_488' title='bbox 3343 2434 3506 2505; x_wconf 74' lang='lat' dir='ltr'><strong>genio</strong></span> <span class='ocrx_word' id='word_1_489' title='bbox 3545 2432 3634 2487; x_wconf 88' lang='lat' dir='ltr'><strong>in-</strong></span> 
     </span>
    </p>
   </div>
   <div class='ocr_carea' id='block_1_70' title="bbox 2049 2523 3638 2602">
    <p class='ocr_par' dir='ltr' id='par_1_70' title="bbox 2049 2523 3638 2602">
     <span class='ocr_line' id='line_1_70' title="bbox 2049 2523 3638 2602; baseline -0.004 -18"><span class='ocrx_word' id='word_1_490' title='bbox 2049 2532 2279 2602; x_wconf 84' lang='lat' dir='ltr'><strong>dulgere</strong></span> <span class='ocrx_word' id='word_1_491' title='bbox 2319 2531 2622 2601; x_wconf 88' lang='lat' dir='ltr'><strong>cupiebant</strong></span> <span class='ocrx_word' id='word_1_492' title='bbox 2649 2570 2663 2588; x_wconf 90' lang='lat'><strong>.</strong></span> <span class='ocrx_word' id='word_1_493' title='bbox 2695 2545 2824 2585; x_wconf 87' lang='lat' dir='ltr'><strong>eum</strong></span> <span class='ocrx_word' id='word_1_494' title='bbox 2859 2529 3018 2596; x_wconf 85' lang='lat' dir='ltr'><strong>sequi</strong></span> <span class='ocrx_word' id='word_1_495' title='bbox 3056 2527 3267 2589; x_wconf 86' lang='lat' dir='ltr'><strong>coacti,</strong></span> <span class='ocrx_word' id='word_1_496' title='bbox 3327 2523 3638 2580; x_wconf 85' lang='lat' dir='ltr'><strong>maledictis</strong></span> 
     </span>
    </p>
   </div>
   <div class='ocr_carea' id='block_1_71' title="bbox 2049 2616 3638 2694">
    <p class='ocr_par' dir='ltr' id='par_1_71' title="bbox 2049 2616 3638 2694">
     <span class='ocr_line' id='line_1_71' title="bbox 2049 2616 3638 2694; baseline -0.006 -16"><span class='ocrx_word' id='word_1_497' title='bbox 2049 2641 2158 2679; x_wconf 90' lang='lat' dir='ltr'><strong>non</strong></span> <span class='ocrx_word' id='word_1_498' title='bbox 2187 2625 2558 2680; x_wconf 89' lang='lat' dir='ltr'><strong>abstinebant.</strong></span> <span class='ocrx_word' id='word_1_499' title='bbox 2597 2625 2727 2690; x_wconf 76' lang='lat' dir='ltr'><strong>Qua:</strong></span> <span class='ocrx_word' id='word_1_500' title='bbox 2759 2624 2849 2679; x_wconf 90' lang='lat' dir='ltr'><strong>ille</strong></span> <span class='ocrx_word' id='word_1_501' title='bbox 2890 2623 3168 2694; x_wconf 83' lang='lat' dir='ltr'><strong>principio</strong></span> <span class='ocrx_word' id='word_1_502' title='bbox 3214 2632 3374 2689; x_wconf 81' lang='lat' dir='ltr'><strong>:equo</strong></span> <span class='ocrx_word' id='word_1_503' title='bbox 3425 2616 3638 2672; x_wconf 81' lang='lat' dir='ltr'><strong>ferebat</strong></span> 
     </span>
    </p>
   </div>
   <div class='ocr_carea' id='block_1_72' title="bbox 2051 2709 3633 2788">
    <p class='ocr_par' dir='ltr' id='par_1_72' title="bbox 2051 2709 3633 2788">
     <span class='ocr_line' id='line_1_72' title="bbox 2051 2709 3633 2788; baseline -0.006 -18"><span class='ocrx_word' id='word_1_504' title='bbox 2051 2718 2273 2782; x_wconf 89' lang='lat' dir='ltr'><strong>animo,</strong></span> <span class='ocrx_word' id='word_1_505' title='bbox 2304 2717 2519 2788; x_wconf 79' lang='lat' dir='ltr'><strong>regium</strong></span> <span class='ocrx_word' id='word_1_506' title='bbox 2555 2732 2678 2771; x_wconf 85' lang='lat' dir='ltr'><strong>esse</strong></span> <span class='ocrx_word' id='word_1_507' title='bbox 2715 2716 2931 2780; x_wconf 86' lang='lat' dir='ltr'><strong>dicens,</strong></span> <span class='ocrx_word' id='word_1_508' title='bbox 2960 2715 3103 2768; x_wconf 85' lang='lat' dir='ltr'><strong>male</strong></span> <span class='ocrx_word' id='word_1_509' title='bbox 3143 2711 3339 2767; x_wconf 85' lang='lat' dir='ltr'><strong>audire</strong></span> <span class='ocrx_word' id='word_1_510' title='bbox 3374 2725 3501 2765; x_wconf 89' lang='lat' dir='ltr'><strong>cum</strong></span> <span class='ocrx_word' id='word_1_511' title='bbox 3538 2709 3633 2762; x_wconf 90' lang='lat' dir='ltr'><strong>be-</strong></span> 
     </span>
    </p>
   </div>
   <div class='ocr_carea' id='block_1_73' title="bbox 2053 2801 3639 2876">
    <p class='ocr_par' dir='ltr' id='par_1_73' title="bbox 2053 2801 3639 2876">
     <span class='ocr_line' id='line_1_73' title="bbox 2053 2801 3639 2876; baseline -0.006 -12"><span class='ocrx_word' id='word_1_512' title='bbox 2053 2810 2373 2864; x_wconf 80' lang='lat' dir='ltr'><strong>nefaceret:</strong></span> <span class='ocrx_word' id='word_1_513' title='bbox 2430 2810 2528 2864; x_wconf 88' lang='lat' dir='ltr'><strong>sed</strong></span> <span class='ocrx_word' id='word_1_514' title='bbox 2589 2811 2812 2864; x_wconf 84' lang='lat' dir='ltr'><strong>tandem</strong></span> <span class='ocrx_word' id='word_1_515' title='bbox 2895 2805 3288 2876; x_wconf 81' lang='lat' dir='ltr'><strong>frequentibus</strong></span> <span class='ocrx_word' id='word_1_516' title='bbox 3343 2801 3639 2858; x_wconf 79' lang='lat' dir='ltr'><strong>calmnniis</strong></span> 
     </span>
    </p>
   </div>
   <div class='ocr_carea' id='block_1_74' title="bbox 2052 2895 3639 2971">
    <p class='ocr_par' dir='ltr' id='par_1_74' title="bbox 2052 2895 3639 2971">
     <span class='ocr_line' id='line_1_74' title="bbox 2052 2895 3639 2971; baseline -0.007 -14"><span class='ocrx_word' id='word_1_517' title='bbox 2052 2911 2416 2971; x_wconf 76' lang='lat' dir='ltr'><strong>exasperatus</strong></span> <span class='ocrx_word' id='word_1_518' title='bbox 2442 2944 2456 2966; x_wconf 91' lang='lat'><strong>,</strong></span> <span class='ocrx_word' id='word_1_519' title='bbox 2513 2918 2693 2957; x_wconf 60' lang='lat' dir='ltr'><strong>savus</strong></span> <span class='ocrx_word' id='word_1_520' title='bbox 2736 2911 2793 2956; x_wconf 91' lang='lat' dir='ltr'><strong>et</strong></span> <span class='ocrx_word' id='word_1_521' title='bbox 2847 2898 3208 2956; x_wconf 83' lang='lat' dir='ltr'><strong>inexorabilis</strong></span> <span class='ocrx_word' id='word_1_522' title='bbox 3251 2895 3464 2952; x_wconf 83' lang='lat' dir='ltr'><strong>exstitit</strong></span> <span class='ocrx_word' id='word_1_523' title='bbox 3507 2908 3639 2963; x_wconf 74' lang='lat' dir='ltr'><strong>erga</strong></span> 
     </span>
    </p>
   </div>
   <div class='ocr_carea' id='block_1_75' title="bbox 2047 2985 3642 3062">
    <p class='ocr_par' dir='ltr' id='par_1_75' title="bbox 2047 2985 3642 3062">
     <span class='ocr_line' id='line_1_75' title="bbox 2047 2985 3642 3062; baseline -0.008 -10"><span class='ocrx_word' id='word_1_524' title='bbox 2047 2998 2380 3054; x_wconf 84' lang='lat' dir='ltr'><strong>maledicos.</strong></span> <span class='ocrx_word' id='word_1_525' title='bbox 2411 2996 2575 3051; x_wconf 88' lang='lat' dir='ltr'><strong>Prius</strong></span> <span class='ocrx_word' id='word_1_526' title='bbox 2600 3004 2782 3050; x_wconf 90' lang='lat' dir='ltr'><strong>autem</strong></span> <span class='ocrx_word' id='word_1_527' title='bbox 2809 3009 2933 3048; x_wconf 91' lang='lat' dir='ltr'><strong>cum</strong></span> <span class='ocrx_word' id='word_1_528' title='bbox 2961 3007 3059 3062; x_wconf 91' lang='lat' dir='ltr'><strong>pro</strong></span> <span class='ocrx_word' id='word_1_529' title='bbox 3091 2989 3353 3046; x_wconf 87' lang='lat' dir='ltr'><strong>tribunali</strong></span> <span class='ocrx_word' id='word_1_530' title='bbox 3377 2985 3642 3056; x_wconf 84' lang='lat' dir='ltr'><strong>capitales</strong></span> 
     </span>
    </p>
   </div>
   <div class='ocr_carea' id='block_1_76' title="bbox 2053 3078 3642 3162">
    <p class='ocr_par' dir='ltr' id='par_1_76' title="bbox 2053 3078 3642 3162">
     <span class='ocr_line' id='line_1_76' title="bbox 2053 3078 3642 3162; baseline -0.006 -18"><span class='ocrx_word' id='word_1_531' title='bbox 2053 3107 2248 3146; x_wconf 83' lang='lat' dir='ltr'><strong>causas</strong></span> <span class='ocrx_word' id='word_1_532' title='bbox 2281 3095 2641 3162; x_wconf 78' lang='lat' dir='ltr'><strong>cognosceret</strong></span> <span class='ocrx_word' id='word_1_533' title='bbox 2667 3129 2680 3148; x_wconf 89' lang='lat'><strong>.</strong></span> <span class='ocrx_word' id='word_1_534' title='bbox 2714 3087 2874 3142; x_wconf 85' lang='lat' dir='ltr'><strong>alteri</strong></span> <span class='ocrx_word' id='word_1_535' title='bbox 2919 3085 3038 3141; x_wconf 90' lang='lat' dir='ltr'><strong>auri</strong></span> <span class='ocrx_word' id='word_1_536' title='bbox 3073 3097 3297 3138; x_wconf 84' lang='lat' dir='ltr'><strong>manum</strong></span> <span class='ocrx_word' id='word_1_537' title='bbox 3346 3078 3642 3134; x_wconf 83' lang='lat' dir='ltr'><strong>admovere</strong></span> 
     </span>
    </p>
   </div>
   <div class='ocr_carea' id='block_1_77' title="bbox 2060 3179 3644 3249">
    <p class='ocr_par' dir='ltr' id='par_1_77' title="bbox 2060 3179 3644 3249">
     <span class='ocr_line' id='line_1_77' title="bbox 2060 3179 3644 3249; baseline -0.011 -9"><span class='ocrx_word' id='word_1_538' title='bbox 2060 3185 2294 3249; x_wconf 90' lang='lat' dir='ltr'><strong>solebat,</strong></span> <span class='ocrx_word' id='word_1_539' title='bbox 2327 3193 2390 3239; x_wconf 93' lang='lat' dir='ltr'><strong>ut</strong></span> <span class='ocrx_word' id='word_1_540' title='bbox 2418 3198 2540 3238; x_wconf 90' lang='lat' dir='ltr'><strong>eam</strong></span> <span class='ocrx_word' id='word_1_541' title='bbox 2577 3196 2670 3236; x_wconf 92' lang='lat' dir='ltr'><strong>reo</strong></span> <span class='ocrx_word' id='word_1_542' title='bbox 2706 3181 2967 3234; x_wconf 86' lang='lat' dir='ltr'><strong>intactam</strong></span> <span class='ocrx_word' id='word_1_543' title='bbox 3011 3181 3409 3234; x_wconf 80' lang='lat' dir='ltr'><strong>conservaret,</strong></span> <span class='ocrx_word' id='word_1_544' title='bbox 3449 3179 3507 3224; x_wconf 92' lang='lat' dir='ltr'><strong>et</strong></span> <span class='ocrx_word' id='word_1_545' title='bbox 3549 3183 3644 3224; x_wconf 60' lang='grc' dir='ltr'>εστ</span> 
     </span>
    </p>
   </div>
   <div class='ocr_carea' id='block_1_78' title="bbox 2061 3263 3644 3346">
    <p class='ocr_par' dir='ltr' id='par_1_78' title="bbox 2061 3263 3644 3346">
     <span class='ocr_line' id='line_1_78' title="bbox 2061 3263 3644 3346; baseline -0.011 -13"><span class='ocrx_word' id='word_1_546' title='bbox 2061 3278 2371 3333; x_wconf 90' lang='lat' dir='ltr'><strong>cusationis</strong></span> <span class='ocrx_word' id='word_1_547' title='bbox 2409 3284 2722 3346; x_wconf 80' lang='lat' dir='ltr'><strong>expertem.</strong></span> <span class='ocrx_word' id='word_1_548' title='bbox 2763 3272 2902 3328; x_wconf 86' lang='lat' dir='ltr'><strong>Cum</strong></span> <span class='ocrx_word' id='word_1_549' title='bbox 2939 3270 3162 3324; x_wconf 89' lang='lat' dir='ltr'><strong>Darium</strong></span> <span class='ocrx_word' id='word_1_550' title='bbox 3199 3282 3297 3336; x_wconf 89' lang='lat' dir='ltr'><strong>per</strong></span> <span class='ocrx_word' id='word_1_551' title='bbox 3329 3263 3451 3319; x_wconf 84' lang='lat' dir='ltr'><strong>dies</strong></span> <span class='ocrx_word' id='word_1_552' title='bbox 3486 3277 3644 3318; x_wconf 53' lang='lat' dir='ltr'><strong>come</strong></span> 
     </span>
    </p>
   </div>
   <div class='ocr_carea' id='block_1_79' title="bbox 2057 3360 3641 3444">
    <p class='ocr_par' dir='ltr' id='par_1_79' title="bbox 2057 3360 3641 3444">
     <span class='ocr_line' id='line_1_79' title="bbox 2057 3360 3641 3444; baseline -0.012 -17"><span class='ocrx_word' id='word_1_553' title='bbox 2057 3375 2244 3444; x_wconf 86' lang='lat' dir='ltr'><strong>plures</strong></span> <span class='ocrx_word' id='word_1_554' title='bbox 2294 3371 2469 3424; x_wconf 89' lang='lat' dir='ltr'><strong>tribus</strong></span> <span class='ocrx_word' id='word_1_555' title='bbox 2511 3367 2756 3422; x_wconf 88' lang='lat' dir='ltr'><strong>millibus</strong></span> <span class='ocrx_word' id='word_1_556' title='bbox 2811 3360 3115 3433; x_wconf 88' lang='lat' dir='ltr'><strong>assumptis</strong></span> <span class='ocrx_word' id='word_1_557' title='bbox 3162 3364 3641 3430; x_wconf 80' lang='lat' dir='ltr'><strong>persequeretur,</strong></span> 
     </span>
    </p>
   </div>
   <div class='ocr_carea' id='block_1_80' title="bbox 2063 3445 3647 3535">
    <p class='ocr_par' dir='ltr' id='par_1_80' title="bbox 2063 3445 3647 3535">
     <span class='ocr_line' id='line_1_80' title="bbox 2063 3445 3647 3535; baseline -0.01 -17"><span class='ocrx_word' id='word_1_558' title='bbox 2063 3464 2310 3535; x_wconf 91' lang='lat' dir='ltr'><strong>plerique</strong></span> <span class='ocrx_word' id='word_1_559' title='bbox 2336 3470 2393 3516; x_wconf 92' lang='lat' dir='ltr'><strong>et</strong></span> <span class='ocrx_word' id='word_1_560' title='bbox 2431 3461 2691 3514; x_wconf 89' lang='lat' dir='ltr'><strong>itinerum</strong></span> <span class='ocrx_word' id='word_1_561' title='bbox 2725 3453 3146 3512; x_wconf 73' lang='lat' dir='ltr'><strong>difﬁcultatibus</strong></span> <span class='ocrx_word' id='word_1_562' title='bbox 3181 3462 3239 3506; x_wconf 90' lang='lat' dir='ltr'><strong>et</strong></span> <span class='ocrx_word' id='word_1_563' title='bbox 3271 3465 3428 3518; x_wconf 80' lang='lat' dir='ltr'><strong>aqua:</strong></span> <span class='ocrx_word' id='word_1_564' title='bbox 3459 3445 3647 3515; x_wconf 77' lang='lat' dir='ltr'><strong>inopia</strong></span> 
     </span>
    </p>
   </div>
   <div class='ocr_carea' id='block_1_81' title="bbox 2058 3540 3649 3626">
    <p class='ocr_par' dir='ltr' id='par_1_81' title="bbox 2058 3540 3649 3626">
     <span class='ocr_line' id='line_1_81' title="bbox 2058 3540 3649 3626; baseline -0.014 -14"><span class='ocrx_word' id='word_1_565' title='bbox 2058 3553 2340 3626; x_wconf 80' lang='lat' dir='ltr'><strong>defatigati</strong></span> <span class='ocrx_word' id='word_1_566' title='bbox 2369 3562 2518 3607; x_wconf 88' lang='lat' dir='ltr'><strong>sunt.</strong></span> <span class='ocrx_word' id='word_1_567' title='bbox 2545 3549 2685 3605; x_wconf 88' lang='lat' dir='ltr'><strong>Tum</strong></span> <span class='ocrx_word' id='word_1_568' title='bbox 2711 3549 2759 3604; x_wconf 80' lang='lat' dir='ltr'><strong>ei</strong></span> <span class='ocrx_word' id='word_1_569' title='bbox 2792 3545 3118 3602; x_wconf 82' lang='lat' dir='ltr'><strong>Macedones</strong></span> <span class='ocrx_word' id='word_1_570' title='bbox 3143 3540 3366 3612; x_wconf 89' lang='lat' dir='ltr'><strong>quidam</strong></span> <span class='ocrx_word' id='word_1_571' title='bbox 3386 3549 3649 3594; x_wconf 78' lang='lat' dir='ltr'><strong>occurre-</strong></span> 
     </span>
    </p>
   </div>
   <div class='ocr_carea' id='block_1_82' title="bbox 2061 3634 3648 3716">
    <p class='ocr_par' dir='ltr' id='par_1_82' title="bbox 2061 3634 3648 3716">
     <span class='ocr_line' id='line_1_82' title="bbox 2061 3634 3648 3716; baseline -0.012 -14"><span class='ocrx_word' id='word_1_572' title='bbox 2061 3655 2226 3712; x_wconf 88' lang='lat' dir='ltr'><strong>runt,</strong></span> <span class='ocrx_word' id='word_1_573' title='bbox 2283 3659 2482 3716; x_wconf 82' lang='lat' dir='ltr'><strong>aquam</strong></span> <span class='ocrx_word' id='word_1_574' title='bbox 2539 3643 2595 3696; x_wconf 79' lang='lat' dir='ltr'><strong>in</strong></span> <span class='ocrx_word' id='word_1_575' title='bbox 2641 3641 2862 3696; x_wconf 90' lang='lat' dir='ltr'><strong>utribus</strong></span> <span class='ocrx_word' id='word_1_576' title='bbox 2905 3639 3194 3694; x_wconf 85' lang='lat' dir='ltr'><strong>ferentes:</strong></span> <span class='ocrx_word' id='word_1_577' title='bbox 3246 3634 3648 3704; x_wconf 86' lang='lat' dir='ltr'><strong>impletamque</strong></span> 
     </span>
    </p>
   </div>
   <div class='ocr_carea' id='block_1_83' title="bbox 2057 3727 3652 3814">
    <p class='ocr_par' dir='ltr' id='par_1_83' title="bbox 2057 3727 3652 3814">
     <span class='ocr_line' id='line_1_83' title="bbox 2057 3727 3652 3814; baseline -0.011 -17"><span class='ocrx_word' id='word_1_578' title='bbox 2057 3743 2272 3814; x_wconf 75' lang='lat' dir='ltr'><strong>galeam</strong></span> <span class='ocrx_word' id='word_1_579' title='bbox 2291 3740 2626 3796; x_wconf 85' lang='lat' dir='ltr'><strong>obtulerunt</strong></span> <span class='ocrx_word' id='word_1_580' title='bbox 2649 3753 2718 3792; x_wconf 83' lang='lat' dir='ltr'><strong>ex</strong></span> <span class='ocrx_word' id='word_1_581' title='bbox 2752 3735 2843 3790; x_wconf 87' lang='lat' dir='ltr'><strong>siti</strong></span> <span class='ocrx_word' id='word_1_582' title='bbox 2877 3733 3020 3788; x_wconf 80' lang='lat' dir='ltr'><strong>male</strong></span> <span class='ocrx_word' id='word_1_583' title='bbox 3049 3731 3277 3786; x_wconf 72' lang='lat' dir='ltr'><strong>affecto.</strong></span> <span class='ocrx_word' id='word_1_584' title='bbox 3350 3727 3468 3794; x_wconf 84' lang='lat' dir='ltr'><strong>Qua</strong></span> <span class='ocrx_word' id='word_1_585' title='bbox 3495 3740 3652 3814; x_wconf 51' lang='lat' dir='ltr'><strong>seces</strong></span> 
     </span>
    </p>
   </div>
   <div class='ocr_carea' id='block_1_84' title="bbox 2065 3812 3644 3904">
    <p class='ocr_par' dir='ltr' id='par_1_84' title="bbox 2065 3812 3644 3904">
     <span class='ocr_line' id='line_1_84' title="bbox 2065 3812 3644 3904; baseline -0.014 -17"><span class='ocrx_word' id='word_1_586' title='bbox 2065 3812 2183 3904; x_wconf 82' lang='lat' dir='ltr'><strong>pta,</strong></span> <span class='ocrx_word' id='word_1_587' title='bbox 2218 3847 2345 3886; x_wconf 89' lang='lat' dir='ltr'><strong>cum</strong></span> <span class='ocrx_word' id='word_1_588' title='bbox 2374 3846 2434 3885; x_wconf 93' lang='lat' dir='ltr'><strong>se</strong></span> <span class='ocrx_word' id='word_1_589' title='bbox 2461 3845 2492 3883; x_wconf 87' lang='lat' dir='ltr'><strong>a</strong></span> <span class='ocrx_word' id='word_1_590' title='bbox 2521 3825 2822 3882; x_wconf 84' lang='lat' dir='ltr'><strong>comitibus</strong></span> <span class='ocrx_word' id='word_1_591' title='bbox 2843 3821 3015 3892; x_wconf 83' lang='lat' dir='ltr'><strong>aspici</strong></span> <span class='ocrx_word' id='word_1_592' title='bbox 3051 3819 3288 3882; x_wconf 82' lang='lat' dir='ltr'><strong>videret,</strong></span> <span class='ocrx_word' id='word_1_593' title='bbox 3319 3832 3428 3871; x_wconf 89' lang='lat' dir='ltr'><strong>non</strong></span> <span class='ocrx_word' id='word_1_594' title='bbox 3464 3812 3644 3874; x_wconf 90' lang='lat' dir='ltr'><strong>bibit,</strong></span> 
     </span>
    </p>
   </div>
   <div class='ocr_carea' id='block_1_85' title="bbox 2061 3905 3650 3993">
    <p class='ocr_par' dir='ltr' id='par_1_85' title="bbox 2061 3905 3650 3993">
     <span class='ocr_line' id='line_1_85' title="bbox 2061 3905 3650 3993; baseline -0.014 -13"><span class='ocrx_word' id='word_1_595' title='bbox 2061 3924 2158 3981; x_wconf 89' lang='lat' dir='ltr'><strong>sed</strong></span> <span class='ocrx_word' id='word_1_596' title='bbox 2189 3925 2257 3978; x_wconf 88' lang='lat' dir='ltr'><strong>iis</strong></span> <span class='ocrx_word' id='word_1_597' title='bbox 2285 3923 2380 3993; x_wconf 81' lang='lat' dir='ltr'><strong>qui</strong></span> <span class='ocrx_word' id='word_1_598' title='bbox 2411 3921 2682 3976; x_wconf 89' lang='lat' dir='ltr'><strong>dederant</strong></span> <span class='ocrx_word' id='word_1_599' title='bbox 2709 3917 2799 3972; x_wconf 82' lang='lat' dir='ltr'><strong>illa</strong></span> <span class='ocrx_word' id='word_1_600' title='bbox 2827 3914 3068 3978; x_wconf 87' lang='lat' dir='ltr'><strong>reddita,</strong></span> <span class='ocrx_word' id='word_1_601' title='bbox 3095 3910 3278 3966; x_wconf 87' lang='lat' dir='ltr'><strong>dixit:</strong></span> <span class='ocrx_word' id='word_1_602' title='bbox 3307 3907 3367 3964; x_wconf 86' lang='lat' dir='ltr'><strong>Si</strong></span> <span class='ocrx_word' id='word_1_603' title='bbox 3383 3923 3477 3978; x_wconf 86' lang='lat' dir='ltr'><strong>ego</strong></span> <span class='ocrx_word' id='word_1_604' title='bbox 3501 3905 3650 3968; x_wconf 63' lang='lat' dir='ltr'><strong>salua</strong></span> 
     </span>
    </p>
   </div>
   <div class='ocr_carea' id='block_1_86' title="bbox 2061 4004 3646 4080">
    <p class='ocr_par' dir='ltr' id='par_1_86' title="bbox 2061 4004 3646 4080">
     <span class='ocr_line' id='line_1_86' title="bbox 2061 4004 3646 4080; baseline -0.011 -8"><span class='ocrx_word' id='word_1_605' title='bbox 2061 4018 2234 4072; x_wconf 88' lang='lat' dir='ltr'><strong>bibero</strong></span> <span class='ocrx_word' id='word_1_606' title='bbox 2257 4056 2272 4080; x_wconf 86' lang='lat'><strong>,</strong></span> <span class='ocrx_word' id='word_1_607' title='bbox 2311 4016 2364 4069; x_wconf 81' lang='lat' dir='ltr'><strong>hi</strong></span> <span class='ocrx_word' id='word_1_608' title='bbox 2409 4012 2654 4080; x_wconf 77' lang='lat' dir='ltr'><strong>deﬁcient</strong></span> <span class='ocrx_word' id='word_1_609' title='bbox 2681 4009 2900 4064; x_wconf 79' lang='lat' dir='ltr'><strong>animis.</strong></span> <span class='ocrx_word' id='word_1_610' title='bbox 2935 4004 3135 4062; x_wconf 84' lang='lat' dir='ltr'><strong>Hostes</strong></span> <span class='ocrx_word' id='word_1_611' title='bbox 3157 4004 3271 4074; x_wconf 82' lang='lat' dir='ltr'><strong>jam</strong></span> <span class='ocrx_word' id='word_1_612' title='bbox 3303 4010 3597 4057; x_wconf 81' lang='lat' dir='ltr'><strong>assecutus</strong></span> <span class='ocrx_word' id='word_1_613' title='bbox 3628 4039 3646 4066; x_wconf 90' lang='lat'><strong>,</strong></span> 
     </span>
    </p>
   </div>
   <div class='ocr_carea' id='block_1_87' title="bbox 2065 4095 3648 4177">
    <p class='ocr_par' dir='ltr' id='par_1_87' title="bbox 2065 4095 3648 4177">
     <span class='ocr_line' id='line_1_87' title="bbox 2065 4095 3648 4177; baseline -0.013 -13"><span class='ocrx_word' id='word_1_614' title='bbox 2065 4109 2264 4164; x_wconf 84' lang='lat' dir='ltr'><strong>castris</strong></span> <span class='ocrx_word' id='word_1_615' title='bbox 2294 4105 2588 4177; x_wconf 82' lang='lat' dir='ltr'><strong>praeteritis</strong></span> <span class='ocrx_word' id='word_1_616' title='bbox 2610 4146 2626 4168; x_wconf 90' lang='lat'><strong>,</strong></span> <span class='ocrx_word' id='word_1_617' title='bbox 2655 4103 2723 4158; x_wconf 90' lang='lat' dir='ltr'><strong>ad</strong></span> <span class='ocrx_word' id='word_1_618' title='bbox 2757 4100 2983 4158; x_wconf 86' lang='lat' dir='ltr'><strong>Darium</strong></span> <span class='ocrx_word' id='word_1_619' title='bbox 3011 4095 3344 4168; x_wconf 90' lang='lat' dir='ltr'><strong>capiendum</strong></span> <span class='ocrx_word' id='word_1_620' title='bbox 3381 4105 3648 4163; x_wconf 85' lang='lat' dir='ltr'><strong>propera-</strong></span> 
     </span>
    </p>
   </div>
   <div class='ocr_carea' id='block_1_88' title="bbox 2064 4187 3652 4265">
    <p class='ocr_par' dir='ltr' id='par_1_88' title="bbox 2064 4187 3652 4265">
     <span class='ocr_line' id='line_1_88' title="bbox 2064 4187 3652 4265; baseline -0.011 -11"><span class='ocrx_word' id='word_1_621' title='bbox 2064 4203 2166 4256; x_wconf 90' lang='lat' dir='ltr'><strong>vit.</strong></span> <span class='ocrx_word' id='word_1_622' title='bbox 2203 4201 2253 4256; x_wconf 88' lang='lat' dir='ltr'><strong>ls</strong></span> <span class='ocrx_word' id='word_1_623' title='bbox 2292 4215 2425 4254; x_wconf 84' lang='lat' dir='ltr'><strong>vero</strong></span> <span class='ocrx_word' id='word_1_624' title='bbox 2457 4198 2513 4252; x_wconf 90' lang='lat' dir='ltr'><strong>in</strong></span> <span class='ocrx_word' id='word_1_625' title='bbox 2535 4212 2704 4252; x_wconf 90' lang='lat' dir='ltr'><strong>curru</strong></span> <span class='ocrx_word' id='word_1_626' title='bbox 2742 4193 2962 4265; x_wconf 74' lang='lat' dir='ltr'><strong>iacebat</strong></span> <span class='ocrx_word' id='word_1_627' title='bbox 3000 4187 3391 4252; x_wconf 86' lang='lat' dir='ltr'><strong>moribundus,</strong></span> <span class='ocrx_word' id='word_1_628' title='bbox 3429 4194 3488 4240; x_wconf 90' lang='lat' dir='ltr'><strong>et</strong></span> <span class='ocrx_word' id='word_1_629' title='bbox 3514 4198 3652 4239; x_wconf 84' lang='lat' dir='ltr'><strong>con-</strong></span> 
     </span>
    </p>
   </div>
   <div class='ocr_carea' id='block_1_89' title="bbox 2065 4276 3645 4355">
    <p class='ocr_par' dir='ltr' id='par_1_89' title="bbox 2065 4276 3645 4355">
     <span class='ocr_line' id='line_1_89' title="bbox 2065 4276 3645 4355; baseline -0.013 -5"><span class='ocrx_word' id='word_1_630' title='bbox 2065 4294 2243 4350; x_wconf 87' lang='lat' dir='ltr'><strong>fectus</strong></span> <span class='ocrx_word' id='word_1_631' title='bbox 2276 4290 2606 4347; x_wconf 83' lang='lat' dir='ltr'><strong>vulneribus</strong></span> <span class='ocrx_word' id='word_1_632' title='bbox 2631 4330 2645 4352; x_wconf 93' lang='lat'><strong>,</strong></span> <span class='ocrx_word' id='word_1_633' title='bbox 2697 4301 2941 4355; x_wconf 89' lang='lat' dir='ltr'><strong>cumque</strong></span> <span class='ocrx_word' id='word_1_634' title='bbox 2977 4283 3148 4354; x_wconf 88' lang='lat' dir='ltr'><strong>petita</strong></span> <span class='ocrx_word' id='word_1_635' title='bbox 3175 4295 3317 4350; x_wconf 84' lang='lat' dir='ltr'><strong>aqua</strong></span> <span class='ocrx_word' id='word_1_636' title='bbox 3371 4276 3645 4340; x_wconf 87' lang='lat' dir='ltr'><strong>bibisset,</strong></span> 
     </span>
    </p>
   </div>
   <div class='ocr_carea' id='block_1_90' title="bbox 2064 4369 3652 4457">
    <p class='ocr_par' dir='ltr' id='par_1_90' title="bbox 2064 4369 3652 4457">
     <span class='ocr_line' id='line_1_90' title="bbox 2064 4369 3652 4457; baseline -0.013 -15"><span class='ocrx_word' id='word_1_637' title='bbox 2064 4387 2132 4442; x_wconf 86' lang='lat' dir='ltr'><strong>ad</strong></span> <span class='ocrx_word' id='word_1_638' title='bbox 2166 4387 2536 4457; x_wconf 85' lang='lat' dir='ltr'><strong>Polystratum</strong></span> <span class='ocrx_word' id='word_1_639' title='bbox 2583 4381 2766 4444; x_wconf 88' lang='lat' dir='ltr'><strong>dixit,</strong></span> <span class='ocrx_word' id='word_1_640' title='bbox 2807 4377 2903 4446; x_wconf 89' lang='lat' dir='ltr'><strong>qui</strong></span> <span class='ocrx_word' id='word_1_641' title='bbox 2943 4391 3064 4432; x_wconf 87' lang='lat' dir='ltr'><strong>eam</strong></span> <span class='ocrx_word' id='word_1_642' title='bbox 3101 4373 3333 4429; x_wconf 82' lang='lat' dir='ltr'><strong>dederat</strong></span> <span class='ocrx_word' id='word_1_643' title='bbox 3362 4388 3375 4426; x_wconf 87' lang='lat'><strong>:</strong></span> <span class='ocrx_word' id='word_1_644' title='bbox 3410 4369 3522 4425; x_wconf 83' lang='lat' dir='ltr'><strong>Hoc</strong></span> <span class='ocrx_word' id='word_1_645' title='bbox 3554 4384 3652 4422; x_wconf 64' lang='lat' dir='ltr'><strong>eat-</strong></span> 
     </span>
    </p>
   </div>
   <div class='ocr_carea' id='block_1_91' title="bbox 2068 4463 3655 4536">
    <p class='ocr_par' dir='ltr' id='par_1_91' title="bbox 2068 4463 3655 4536">
     <span class='ocr_line' id='line_1_91' title="bbox 2068 4463 3655 4536; baseline -0.009 -5"><span class='ocrx_word' id='word_1_646' title='bbox 2068 4489 2293 4531; x_wconf 78' lang='lat' dir='ltr'><strong>tremum</strong></span> <span class='ocrx_word' id='word_1_647' title='bbox 2312 4475 2770 4531; x_wconf 71' lang='lat' dir='ltr'><strong>estculamitatum</strong></span> <span class='ocrx_word' id='word_1_648' title='bbox 2793 4467 3302 4525; x_wconf 76' lang='lat' dir='ltr'><strong>mearumomm’um,</strong></span> <span class='ocrx_word' id='word_1_649' title='bbox 3321 4464 3459 4536; x_wconf 85' lang='lat' dir='ltr'><strong>quod</strong></span> <span class='ocrx_word' id='word_1_650' title='bbox 3475 4463 3568 4518; x_wconf 84' lang='lat' dir='ltr'><strong>tibi</strong></span> <span class='ocrx_word' id='word_1_651' title='bbox 3589 4463 3655 4516; x_wconf 74' lang='lat' dir='ltr'><strong>de</strong></span> 
     </span>
    </p>
   </div>
   <div class='ocr_carea' id='block_1_92' title="bbox 370 4555 1951 4644">
    <p class='ocr_par' dir='ltr' id='par_1_92' title="bbox 370 4565 1951 4641">
     <span class='ocr_line' id='line_1_92' title="bbox 370 4565 1951 4641; baseline -0.004 -15"><span class='ocrx_word' id='word_1_652' title='bbox 370 4573 432 4626; x_wconf 81' lang='grc' dir='ltr'>δὲ</span> <span class='ocrx_word' id='word_1_653' title='bbox 464 4572 522 4625; x_wconf 73' lang='grc' dir='ltr'>τὸ</span> <span class='ocrx_word' id='word_1_654' title='bbox 552 4570 754 4641; x_wconf 86' lang='grc' dir='ltr'>κράνος</span> <span class='ocrx_word' id='word_1_655' title='bbox 785 4568 988 4630; x_wconf 75' lang='grc' dir='ltr'>λαϐὼν,</span> <span class='ocrx_word' id='word_1_656' title='bbox 1016 4566 1110 4620; x_wconf 74' lang='grc' dir='ltr'>καὶ</span> <span class='ocrx_word' id='word_1_657' title='bbox 1136 4569 1260 4629; x_wconf 86' lang='grc' dir='ltr'>τοὺς</span> <span class='ocrx_word' id='word_1_658' title='bbox 1293 4566 1423 4634; x_wconf 78' lang='grc' dir='ltr'>περὶ</span> <span class='ocrx_word' id='word_1_659' title='bbox 1451 4566 1613 4618; x_wconf 76' lang='grc' dir='ltr'>αὑτὸν</span> <span class='ocrx_word' id='word_1_660' title='bbox 1634 4565 1771 4636; x_wconf 78' lang='grc' dir='ltr'>πρὸς</span> <span class='ocrx_word' id='word_1_661' title='bbox 1795 4565 1951 4620; x_wconf 77' lang='grc' dir='ltr'>αὐτὸν</span> 
     </span>
    </p>
   </div>
   <div class='ocr_carea' id='block_1_93' title="bbox 2056 4555 3655 4644">
    <p class='ocr_par' dir='ltr' id='par_1_93' title="bbox 2070 4555 3655 4636">
     <span class='ocr_line' id='line_1_93' title="bbox 2070 4555 3655 4636; baseline -0.009 -12"><span class='ocrx_word' id='word_1_662' title='bbox 2070 4587 2151 4624; x_wconf 90' lang='lat' dir='ltr'><strong>me</strong></span> <span class='ocrx_word' id='word_1_663' title='bbox 2194 4571 2322 4624; x_wconf 85' lang='lat' dir='ltr'><strong>bene</strong></span> <span class='ocrx_word' id='word_1_664' title='bbox 2357 4568 2544 4622; x_wconf 85' lang='lat' dir='ltr'><strong>merito</strong></span> <span class='ocrx_word' id='word_1_665' title='bbox 2573 4567 2809 4636; x_wconf 78' lang='lat' dir='ltr'><strong>gratiam</strong></span> <span class='ocrx_word' id='word_1_666' title='bbox 2833 4562 3040 4632; x_wconf 74' lang='lat' dir='ltr'><strong>referre</strong></span> <span class='ocrx_word' id='word_1_667' title='bbox 3067 4577 3172 4616; x_wconf 83' lang='lat' dir='ltr'><strong>non</strong></span> <span class='ocrx_word' id='word_1_668' title='bbox 3199 4575 3430 4626; x_wconf 79' lang='lat' dir='ltr'><strong>possum.</strong></span> <span class='ocrx_word' id='word_1_669' title='bbox 3469 4555 3573 4612; x_wconf 83' lang='lat' dir='ltr'><strong>Sed</strong></span> <span class='ocrx_word' id='word_1_670' title='bbox 3604 4565 3655 4610; x_wconf 90' lang='lat' dir='ltr'><strong>et</strong></span> 
     </span>
    </p>
   </div>
   <div class='ocr_carea' id='block_1_94' title="bbox 373 4655 1965 4724">
    <p class='ocr_par' dir='ltr' id='par_1_94' title="bbox 373 4655 1965 4724">
     <span class='ocr_line' id='line_1_94' title="bbox 373 4655 1965 4724; baseline -0.007 -7"><span class='ocrx_word' id='word_1_671' title='bbox 373 4663 500 4717; x_wconf 81' lang='grc' dir='ltr'>ἰδὼν</span> <span class='ocrx_word' id='word_1_672' title='bbox 533 4661 968 4724; x_wconf 76' lang='grc' dir='ltr'>ἀποϐλέποντας,</span> <span class='ocrx_word' id='word_1_673' title='bbox 1022 4659 1124 4710; x_wconf 75' lang='grc' dir='ltr'>οὐκ</span> <span class='ocrx_word' id='word_1_674' title='bbox 1175 4659 1349 4719; x_wconf 78' lang='grc' dir='ltr'>ἔπιεν,</span> <span class='ocrx_word' id='word_1_675' title='bbox 1403 4655 1521 4709; x_wconf 83' lang='grc' dir='ltr'>ἀλλ’</span> <span class='ocrx_word' id='word_1_676' title='bbox 1560 4655 1804 4709; x_wconf 87' lang='grc' dir='ltr'>ἐπέδωκε</span> <span class='ocrx_word' id='word_1_677' title='bbox 1852 4656 1965 4717; x_wconf 87' lang='grc' dir='ltr'>τοῖς</span> 
     </span>
    </p>
   </div>
   <div class='ocr_carea' id='block_1_95' title="bbox 368 4747 1968 4816">
    <p class='ocr_par' dir='ltr' id='par_1_95' title="bbox 368 4747 1968 4816">
     <span class='ocr_line' id='line_1_95' title="bbox 368 4747 1968 4816; baseline -0.013 -8"><span class='ocrx_word' id='word_1_678' title='bbox 368 4755 556 4809; x_wconf 72' lang='grc' dir='ltr'>δοῦσιν</span> <span class='ocrx_word' id='word_1_679' title='bbox 592 4753 748 4815; x_wconf 69' lang='grc' dir='ltr'>αὐτὸ,</span> <span class='ocrx_word' id='word_1_680' title='bbox 790 4751 981 4816; x_wconf 80' lang='grc' dir='ltr'>εἰπὼν,</span> <span class='ocrx_word' id='word_1_681' title='bbox 1013 4750 1087 4810; x_wconf 81' lang='grc' dir='ltr'>ὡς</span> <span class='ocrx_word' id='word_1_682' title='bbox 1115 4751 1182 4802; x_wconf 83' lang='lat' dir='ltr'><strong>Ei</strong></span> <span class='ocrx_word' id='word_1_683' title='bbox 1210 4747 1324 4816; x_wconf 77' lang='grc' dir='ltr'><strong>ἐγὼ</strong></span> <span class='ocrx_word' id='word_1_684' title='bbox 1344 4748 1551 4816; x_wconf 81' lang='grc' dir='ltr'>πίομαι</span> <span class='ocrx_word' id='word_1_685' title='bbox 1583 4748 1793 4815; x_wconf 81' lang='grc' dir='ltr'>μόνος,</span> <span class='ocrx_word' id='word_1_686' title='bbox 1823 4747 1968 4800; x_wconf 79' lang='grc' dir='ltr'><strong>ἀθυ.</strong></span> 
     </span>
    </p>
   </div>
   <div class='ocr_carea' id='block_1_96' title="bbox 369 4826 1965 4920">
    <p class='ocr_par' dir='ltr' id='par_1_96' title="bbox 369 4826 1965 4920">
     <span class='ocr_line' id='line_1_96' title="bbox 369 4826 1965 4920; baseline -0.008 -18"><span class='ocrx_word' id='word_1_687' title='bbox 369 4826 691 4920; x_wconf 55' lang='grc' dir='ltr'>μήσουσικ·</span> <span class='ocrx_word' id='word_1_688' title='bbox 713 4840 899 4900; x_wconf 81' lang='grc' dir='ltr'>οὗτοι.</span> <span class='ocrx_word' id='word_1_689' title='bbox 948 4841 1229 4913; x_wconf 79' lang='grc' dir='ltr'>Ἐμϐαλὼν</span> <span class='ocrx_word' id='word_1_690' title='bbox 1279 4841 1334 4893; x_wconf 78' lang='grc' dir='ltr'>δὲ</span> <span class='ocrx_word' id='word_1_691' title='bbox 1368 4840 1470 4910; x_wconf 73' lang='grc' dir='ltr'>ἤδη</span> <span class='ocrx_word' id='word_1_692' title='bbox 1512 4841 1622 4902; x_wconf 86' lang='grc' dir='ltr'>τοῖς</span> <span class='ocrx_word' id='word_1_693' title='bbox 1657 4838 1965 4907; x_wconf 87' lang='grc' dir='ltr'>πολεμίοις,</span> 
     </span>
    </p>
   </div>
   <div class='ocr_carea' id='block_1_97' title="bbox 373 4929 1967 5011">
    <p class='ocr_par' dir='ltr' id='par_1_97' title="bbox 373 4929 1967 5011">
     <span class='ocr_line' id='line_1_97' title="bbox 373 4929 1967 5011; baseline -0.009 -16"><span class='ocrx_word' id='word_1_694' title='bbox 373 4945 439 4996; x_wconf 72' lang='grc' dir='ltr'>τὸ</span> <span class='ocrx_word' id='word_1_695' title='bbox 476 4943 576 5011; x_wconf 78' lang='grc' dir='ltr'><strong>μὲν</strong></span> <span class='ocrx_word' id='word_1_696' title='bbox 610 4935 980 5008; x_wconf 69' lang='grc' dir='ltr'>στρατόπεδον</span> <span class='ocrx_word' id='word_1_697' title='bbox 1013 4933 1194 4985; x_wconf 83' lang='grc' dir='ltr'>αὐτῶν</span> <span class='ocrx_word' id='word_1_698' title='bbox 1228 4931 1496 5001; x_wconf 82' lang='grc' dir='ltr'>παρῆλθε,</span> <span class='ocrx_word' id='word_1_699' title='bbox 1533 4930 1624 4983; x_wconf 82' lang='grc' dir='ltr'><strong>τὸν</strong></span> <span class='ocrx_word' id='word_1_700' title='bbox 1660 4929 1717 4982; x_wconf 84' lang='grc' dir='ltr'><strong>δέ</strong></span> <span class='ocrx_word' id='word_1_701' title='bbox 1746 4931 1967 4999; x_wconf 83' lang='grc' dir='ltr'>Δαρεῖον</span> 
     </span>
    </p>
   </div>
   <div class='ocr_carea' id='block_1_98' title="bbox 374 5021 1971 5105">
    <p class='ocr_par' dir='ltr' id='par_1_98' title="bbox 374 5021 1971 5105">
     <span class='ocr_line' id='line_1_98' title="bbox 374 5021 1971 5105; baseline -0.009 -17"><span class='ocrx_word' id='word_1_702' title='bbox 374 5040 644 5105; x_wconf 72' lang='grc' dir='ltr'>ἠπείγετο</span> <span class='ocrx_word' id='word_1_703' title='bbox 679 5027 1114 5098; x_wconf 80' lang='grc' dir='ltr'>καταλήψεσθαι.</span> <span class='ocrx_word' id='word_1_704' title='bbox 1173 5027 1232 5077; x_wconf 87' lang='grc' dir='ltr'>Ὀ</span> <span class='ocrx_word' id='word_1_705' title='bbox 1270 5025 1315 5078; x_wconf 82' lang='grc' dir='ltr'>δ’</span> <span class='ocrx_word' id='word_1_706' title='bbox 1347 5024 1529 5077; x_wconf 84' lang='grc' dir='ltr'>ἔκειτο</span> <span class='ocrx_word' id='word_1_707' title='bbox 1568 5025 1626 5077; x_wconf 86' lang='grc' dir='ltr'><strong>ἐν</strong></span> <span class='ocrx_word' id='word_1_708' title='bbox 1659 5021 1971 5096; x_wconf 76' lang='grc' dir='ltr'>ἁρμαμάξῃ</span> 
     </span>
    </p>
   </div>
   <div class='ocr_carea' id='block_1_99' title="bbox 343 5115 1970 5200">
    <p class='ocr_par' dir='ltr' id='par_1_99' title="bbox 343 5115 1970 5200">
     <span class='ocr_line' id='line_1_99' title="bbox 343 5115 1970 5200; baseline -0.009 -18"><span class='ocrx_word' id='word_1_709' title='bbox 343 5115 346 5117; x_wconf 18' lang='grc' dir='ltr'><strong>λ</strong></span> <span class='ocrx_word' id='word_1_710' title='bbox 374 5129 716 5200; x_wconf 85' lang='grc' dir='ltr'>τραυμάτων</span> <span class='ocrx_word' id='word_1_711' title='bbox 745 5123 1088 5184; x_wconf 69' lang='grc' dir='ltr'>κατάπλεως,</span> <span class='ocrx_word' id='word_1_712' title='bbox 1120 5121 1212 5172; x_wconf 76' lang='grc' dir='ltr'><strong>καὶ</strong></span> <span class='ocrx_word' id='word_1_713' title='bbox 1265 5118 1365 5189; x_wconf 84' lang='grc' dir='ltr'><strong>ήδη</strong></span> <span class='ocrx_word' id='word_1_714' title='bbox 1396 5116 1688 5171; x_wconf 85' lang='grc' dir='ltr'>ἐκλείπων.</span> <span class='ocrx_word' id='word_1_715' title='bbox 1723 5116 1970 5186; x_wconf 79' lang='grc' dir='ltr'>Αίτήσας</span> 
     </span>
    </p>
   </div>
   <div class='ocr_carea' id='block_1_100' title="bbox 376 5209 1972 5292">
    <p class='ocr_par' dir='ltr' id='par_1_100' title="bbox 376 5209 1972 5292">
     <span class='ocr_line' id='line_1_100' title="bbox 376 5209 1972 5292; baseline -0.011 -14"><span class='ocrx_word' id='word_1_716' title='bbox 376 5227 439 5278; x_wconf 75' lang='grc' dir='ltr'>δὲ</span> <span class='ocrx_word' id='word_1_717' title='bbox 467 5224 636 5292; x_wconf 83' lang='grc' dir='ltr'>ὓδωρ,</span> <span class='ocrx_word' id='word_1_718' title='bbox 669 5221 768 5273; x_wconf 71' lang='grc' dir='ltr'><strong>καὶ</strong></span> <span class='ocrx_word' id='word_1_719' title='bbox 798 5217 961 5282; x_wconf 84' lang='grc' dir='ltr'>πιὼν,</span> <span class='ocrx_word' id='word_1_720' title='bbox 994 5213 1114 5268; x_wconf 81' lang='grc' dir='ltr'>εἶπε</span> <span class='ocrx_word' id='word_1_721' title='bbox 1172 5211 1310 5282; x_wconf 73' lang='grc' dir='ltr'>πρὸς</span> <span class='ocrx_word' id='word_1_722' title='bbox 1340 5212 1431 5265; x_wconf 80' lang='grc' dir='ltr'><strong>τὸν</strong></span> <span class='ocrx_word' id='word_1_723' title='bbox 1459 5211 1620 5264; x_wconf 85' lang='grc' dir='ltr'>δόντα</span> <span class='ocrx_word' id='word_1_724' title='bbox 1650 5209 1972 5279; x_wconf 84' lang='grc' dir='ltr'>Πολύστρα-</span> 
     </span>
    </p>
   </div>
   <div class='ocr_carea' id='block_1_101' title="bbox 375 5300 1969 5384">
    <p class='ocr_par' dir='ltr' id='par_1_101' title="bbox 375 5300 1969 5384">
     <span class='ocr_line' id='line_1_101' title="bbox 375 5300 1969 5384; baseline -0.009 -12"><span class='ocrx_word' id='word_1_725' title='bbox 375 5336 493 5372; x_wconf 81' lang='grc' dir='ltr'>τον·</span> <span class='ocrx_word' id='word_1_726' title='bbox 530 5317 714 5371; x_wconf 81' lang='grc' dir='ltr'>Τοῦτό</span> <span class='ocrx_word' id='word_1_727' title='bbox 729 5333 833 5384; x_wconf 84' lang='grc' dir='ltr'><strong>μοι</strong></span> <span class='ocrx_word' id='word_1_728' title='bbox 865 5311 1050 5381; x_wconf 80' lang='grc' dir='ltr'>πέρας</span> <span class='ocrx_word' id='word_1_729' title='bbox 1095 5309 1432 5378; x_wconf 72' lang='grc' dir='ltr'>δυστυχίας</span> <span class='ocrx_word' id='word_1_730' title='bbox 1471 5307 1736 5373; x_wconf 78' lang='grc' dir='ltr'>ἀπάσης,</span> <span class='ocrx_word' id='word_1_731' title='bbox 1779 5307 1868 5360; x_wconf 85' lang='grc' dir='ltr'>ὅτι</span> <span class='ocrx_word' id='word_1_732' title='bbox 1899 5300 1969 5360; x_wconf 82' lang='grc' dir='ltr'>εὖ</span> 
     </span>
    </p>
   </div>
   <div class='ocr_carea' id='block_1_102' title="bbox 377 5402 1972 5480">
    <p class='ocr_par' dir='ltr' id='par_1_102' title="bbox 377 5402 1972 5480">
     <span class='ocr_line' id='line_1_102' title="bbox 377 5402 1972 5480; baseline -0.011 -11"><span class='ocrx_word' id='word_1_733' title='bbox 377 5413 612 5476; x_wconf 78' lang='grc' dir='ltr'>παθὼν,</span> <span class='ocrx_word' id='word_1_734' title='bbox 645 5408 1020 5480; x_wconf 70' lang='grc' dir='ltr'>ἀμείψασθαι</span> <span class='ocrx_word' id='word_1_735' title='bbox 1052 5422 1127 5460; x_wconf 81' lang='grc' dir='ltr'><strong>σε</strong></span> <span class='ocrx_word' id='word_1_736' title='bbox 1158 5409 1230 5460; x_wconf 86' lang='grc' dir='ltr'><strong>οὐ</strong></span> <span class='ocrx_word' id='word_1_737' title='bbox 1263 5405 1543 5473; x_wconf 81' lang='grc' dir='ltr'>δύναμαι.</span> <span class='ocrx_word' id='word_1_738' title='bbox 1577 5402 1972 5470; x_wconf 70' lang='grc' dir='ltr'>Ἀλέξανδρος</span> 
     </span>
    </p>
   </div>
   <div class='ocr_carea' id='block_1_103' title="bbox 378 5494 1972 5572">
    <p class='ocr_par' dir='ltr' id='par_1_103' title="bbox 378 5494 1972 5572">
     <span class='ocr_line' id='line_1_103' title="bbox 378 5494 1972 5572; baseline -0.009 -10"><span class='ocrx_word' id='word_1_739' title='bbox 378 5509 451 5562; x_wconf 79' lang='grc' dir='ltr'>δέ</span> <span class='ocrx_word' id='word_1_740' title='bbox 477 5524 573 5560; x_wconf 82' lang='grc' dir='ltr'><strong>σοι</strong></span> <span class='ocrx_word' id='word_1_741' title='bbox 614 5507 732 5570; x_wconf 82' lang='grc' dir='ltr'><strong>τὴν</strong></span> <span class='ocrx_word' id='word_1_742' title='bbox 787 5503 964 5572; x_wconf 76' lang='grc' dir='ltr'>χάριν</span> <span class='ocrx_word' id='word_1_743' title='bbox 1012 5499 1370 5566; x_wconf 80' lang='grc' dir='ltr'>ἀναποδοίη.</span> <span class='ocrx_word' id='word_1_744' title='bbox 1416 5495 1790 5564; x_wconf 80' lang='grc' dir='ltr'>Ἀλεξάνδρῳ</span> <span class='ocrx_word' id='word_1_745' title='bbox 1824 5494 1873 5548; x_wconf 79' lang='grc' dir='ltr'>δ’</span> <span class='ocrx_word' id='word_1_746' title='bbox 1917 5498 1972 5549; x_wconf 82' lang='grc' dir='ltr'><strong>οἱ</strong></span> 
     </span>
    </p>
   </div>
   <div class='ocr_carea' id='block_1_104' title="bbox 378 5588 1970 5668">
    <p class='ocr_par' dir='ltr' id='par_1_104' title="bbox 378 5588 1970 5668">
     <span class='ocr_line' id='line_1_104' title="bbox 378 5588 1970 5668; baseline -0.008 -13"><span class='ocrx_word' id='word_1_747' title='bbox 378 5602 505 5657; x_wconf 76' lang='grc' dir='ltr'>θεοὶ</span> <span class='ocrx_word' id='word_1_748' title='bbox 537 5597 648 5668; x_wconf 85' lang='grc' dir='ltr'>τῆς</span> <span class='ocrx_word' id='word_1_749' title='bbox 669 5599 758 5663; x_wconf 85' lang='grc' dir='ltr'>εις</span> <span class='ocrx_word' id='word_1_750' title='bbox 777 5595 1008 5664; x_wconf 82' lang='grc' dir='ltr'>μητέρα</span> <span class='ocrx_word' id='word_1_751' title='bbox 1045 5592 1143 5647; x_wconf 72' lang='grc' dir='ltr'>καὶ</span> <span class='ocrx_word' id='word_1_752' title='bbox 1172 5590 1426 5662; x_wconf 79' lang='grc' dir='ltr'>γυναῖκα</span> <span class='ocrx_word' id='word_1_753' title='bbox 1457 5589 1556 5643; x_wconf 80' lang='grc' dir='ltr'>καὶ</span> <span class='ocrx_word' id='word_1_754' title='bbox 1584 5588 1802 5655; x_wconf 81' lang='grc' dir='ltr'>παῖδας</span> <span class='ocrx_word' id='word_1_755' title='bbox 1829 5589 1970 5656; x_wconf 84' lang='grc' dir='ltr'>τοὺς</span> 
     </span>
    </p>
   </div>
   <div class='ocr_carea' id='block_1_105' title="bbox 379 5683 1973 5762">
    <p class='ocr_par' dir='ltr' id='par_1_105' title="bbox 379 5683 1973 5762">
     <span class='ocr_line' id='line_1_105' title="bbox 379 5683 1973 5762; baseline -0.009 -14"><span class='ocrx_word' id='word_1_756' title='bbox 379 5693 570 5762; x_wconf 79' lang='grc' dir='ltr'>ἐμοὺς</span> <span class='ocrx_word' id='word_1_757' title='bbox 599 5689 946 5754; x_wconf 74' lang='grc' dir='ltr'>ἐπιεικείας.</span> <span class='ocrx_word' id='word_1_758' title='bbox 981 5686 1092 5741; x_wconf 76' lang='grc' dir='ltr'>Καὶ</span> <span class='ocrx_word' id='word_1_759' title='bbox 1120 5687 1213 5738; x_wconf 73' lang='grc' dir='ltr'>ἐπὶ</span> <span class='ocrx_word' id='word_1_760' title='bbox 1243 5683 1454 5746; x_wconf 75' lang='grc' dir='ltr'>τούτοις</span> <span class='ocrx_word' id='word_1_761' title='bbox 1511 5683 1782 5747; x_wconf 82' lang='grc' dir='ltr'>ἐξέλιπεν.</span> <span class='ocrx_word' id='word_1_762' title='bbox 1822 5683 1973 5735; x_wconf 83' lang='grc' dir='ltr'>Ἐπι-</span> 
     </span>
    </p>
   </div>
   <div class='ocr_carea' id='block_1_106' title="bbox 386 5773 1973 5852">
    <p class='ocr_par' dir='ltr' id='par_1_106' title="bbox 386 5773 1973 5852">
     <span class='ocr_line' id='line_1_106' title="bbox 386 5773 1973 5852; baseline -0.013 -14"><span class='ocrx_word' id='word_1_763' title='bbox 386 5786 522 5846; x_wconf 79' lang='grc' dir='ltr'><strong>στάς</strong></span> <span class='ocrx_word' id='word_1_764' title='bbox 561 5785 615 5836; x_wconf 77' lang='grc' dir='ltr'><strong>δὲ</strong></span> <span class='ocrx_word' id='word_1_765' title='bbox 660 5781 810 5852; x_wconf 83' lang='grc' dir='ltr'><strong>αὑτῷ</strong></span> <span class='ocrx_word' id='word_1_766' title='bbox 859 5779 1073 5832; x_wconf 79' lang='grc' dir='ltr'>θανόντι</span> <span class='ocrx_word' id='word_1_767' title='bbox 1110 5776 1483 5844; x_wconf 62' lang='grc' dir='ltr'>Ἀλέξανδρος,</span> <span class='ocrx_word' id='word_1_768' title='bbox 1519 5777 1584 5844; x_wconf 80' lang='grc' dir='ltr'>τῇ</span> <span class='ocrx_word' id='word_1_769' title='bbox 1615 5774 1810 5828; x_wconf 79' lang='grc' dir='ltr'>ἐαυτοῦ</span> <span class='ocrx_word' id='word_1_770' title='bbox 1845 5773 1973 5842; x_wconf 65' lang='grc' dir='ltr'>χλα-</span> 
     </span>
    </p>
   </div>
   <div class='ocr_carea' id='block_1_107' title="bbox 391 5867 1970 5948">
    <p class='ocr_par' dir='ltr' id='par_1_107' title="bbox 391 5867 1970 5948">
     <span class='ocr_line' id='line_1_107' title="bbox 391 5867 1970 5948; baseline -0.008 -17"><span class='ocrx_word' id='word_1_771' title='bbox 391 5878 520 5948; x_wconf 71' lang='grc' dir='ltr'>μύδι</span> <span class='ocrx_word' id='word_1_772' title='bbox 554 5876 645 5930; x_wconf 80' lang='grc' dir='ltr'><strong>τὸν</strong></span> <span class='ocrx_word' id='word_1_773' title='bbox 673 5875 889 5928; x_wconf 80' lang='grc' dir='ltr'>ἐκείνου</span> <span class='ocrx_word' id='word_1_774' title='bbox 945 5871 1137 5942; x_wconf 66' lang='grc' dir='ltr'>νεκρῦν</span> <span class='ocrx_word' id='word_1_775' title='bbox 1173 5868 1540 5940; x_wconf 69' lang='grc' dir='ltr'>περιέστειλε,</span> <span class='ocrx_word' id='word_1_776' title='bbox 1577 5870 1668 5921; x_wconf 68' lang='grc' dir='ltr'><strong>καὶ</strong></span> <span class='ocrx_word' id='word_1_777' title='bbox 1706 5867 1838 5938; x_wconf 72' lang='grc' dir='ltr'>πρὸς</span> <span class='ocrx_word' id='word_1_778' title='bbox 1873 5869 1970 5937; x_wconf 76' lang='grc' dir='ltr'><strong>τὴν</strong></span> 
     </span>
    </p>
   </div>
   <div class='ocr_carea' id='block_1_108' title="bbox 2072 4650 3655 4730">
    <p class='ocr_par' dir='ltr' id='par_1_108' title="bbox 2072 4650 3655 4730">
     <span class='ocr_line' id='line_1_108' title="bbox 2072 4650 3655 4730; baseline -0.008 -14"><span class='ocrx_word' id='word_1_779' title='bbox 2072 4663 2374 4716; x_wconf 70' lang='lat' dir='ltr'><strong>Alexander</strong></span> <span class='ocrx_word' id='word_1_780' title='bbox 2411 4662 2506 4716; x_wconf 82' lang='lat' dir='ltr'><strong>tibi</strong></span> <span class='ocrx_word' id='word_1_781' title='bbox 2526 4661 2759 4730; x_wconf 82' lang='lat' dir='ltr'><strong>gratiam</strong></span> <span class='ocrx_word' id='word_1_782' title='bbox 2790 4657 3010 4726; x_wconf 77' lang='lat' dir='ltr'><strong>referet,</strong></span> <span class='ocrx_word' id='word_1_783' title='bbox 3044 4664 3094 4708; x_wconf 89' lang='lat' dir='ltr'><strong>et</strong></span> <span class='ocrx_word' id='word_1_784' title='bbox 3120 4651 3426 4708; x_wconf 65' lang='lat' dir='ltr'><strong>Alexandro</strong></span> <span class='ocrx_word' id='word_1_785' title='bbox 3445 4650 3521 4705; x_wconf 81' lang='lat' dir='ltr'><strong>dii</strong></span> <span class='ocrx_word' id='word_1_786' title='bbox 3552 4651 3655 4704; x_wconf 85' lang='lat' dir='ltr'><strong>im-</strong></span> 
     </span>
    </p>
   </div>
   <div class='ocr_carea' id='block_1_109' title="bbox 2073 4751 3657 4822">
    <p class='ocr_par' dir='ltr' id='par_1_109' title="bbox 2073 4751 3657 4822">
     <span class='ocr_line' id='line_1_109' title="bbox 2073 4751 3657 4822; baseline -0.009 -13"><span class='ocrx_word' id='word_1_787' title='bbox 2073 4754 2323 4809; x_wconf 79' lang='lat' dir='ltr'><strong>mortales</strong></span> <span class='ocrx_word' id='word_1_788' title='bbox 2343 4793 2359 4818; x_wconf 91' lang='lat'><strong>,</strong></span> <span class='ocrx_word' id='word_1_789' title='bbox 2387 4769 2482 4822; x_wconf 83' lang='lat' dir='ltr'><strong>pro</strong></span> <span class='ocrx_word' id='word_1_790' title='bbox 2521 4751 2804 4806; x_wconf 81' lang='lat' dir='ltr'><strong>clementia</strong></span> <span class='ocrx_word' id='word_1_791' title='bbox 2827 4789 2841 4811; x_wconf 92' lang='lat'><strong>,</strong></span> <span class='ocrx_word' id='word_1_792' title='bbox 2874 4765 2981 4812; x_wconf 71' lang='lat' dir='ltr'><strong>qua</strong></span> <span class='ocrx_word' id='word_1_793' title='bbox 3009 4761 3137 4816; x_wconf 79' lang='lat' dir='ltr'><strong>erga</strong></span> <span class='ocrx_word' id='word_1_794' title='bbox 3162 4754 3388 4800; x_wconf 82' lang='lat' dir='ltr'><strong>matrem</strong></span> <span class='ocrx_word' id='word_1_795' title='bbox 3409 4757 3657 4798; x_wconf 77' lang='lat' dir='ltr'><strong>uxorem-</strong></span> 
     </span>
    </p>
   </div>
   <div class='ocr_carea' id='block_1_110' title="bbox 2071 4832 3656 4916">
    <p class='ocr_par' dir='ltr' id='par_1_110' title="bbox 2071 4832 3656 4916">
     <span class='ocr_line' id='line_1_110' title="bbox 2071 4832 3656 4916; baseline -0.009 -15"><span class='ocrx_word' id='word_1_796' title='bbox 2071 4863 2171 4916; x_wconf 87' lang='lat' dir='ltr'><strong>que</strong></span> <span class='ocrx_word' id='word_1_797' title='bbox 2200 4855 2248 4901; x_wconf 85' lang='lat' dir='ltr'><strong>et</strong></span> <span class='ocrx_word' id='word_1_798' title='bbox 2280 4844 2470 4899; x_wconf 77' lang='lat' dir='ltr'><strong>liberos</strong></span> <span class='ocrx_word' id='word_1_799' title='bbox 2504 4858 2646 4898; x_wconf 77' lang='lat' dir='ltr'><strong>meos</strong></span> <span class='ocrx_word' id='word_1_800' title='bbox 2679 4857 2804 4896; x_wconf 74' lang='lat' dir='ltr'><strong>usus</strong></span> <span class='ocrx_word' id='word_1_801' title='bbox 2839 4849 2937 4894; x_wconf 78' lang='lat' dir='ltr'><strong>est.</strong></span> <span class='ocrx_word' id='word_1_802' title='bbox 2959 4837 3060 4894; x_wconf 5' lang='lat' dir='ltr'><strong>illis</strong></span> <span class='ocrx_word' id='word_1_803' title='bbox 3098 4837 3284 4902; x_wconf 89' lang='lat' dir='ltr'><strong>dictis,</strong></span> <span class='ocrx_word' id='word_1_804' title='bbox 3312 4832 3612 4906; x_wconf 84' lang='lat' dir='ltr'><strong>exspiravit</strong></span> <span class='ocrx_word' id='word_1_805' title='bbox 3640 4848 3656 4896; x_wconf 75' lang='grc' dir='ltr'><strong>ι</strong></span> 
     </span>
    </p>
   </div>
   <div class='ocr_carea' id='block_1_111' title="bbox 2071 4925 3658 4998">
    <p class='ocr_par' dir='ltr' id='par_1_111' title="bbox 2071 4925 3658 4998">
     <span class='ocr_line' id='line_1_111' title="bbox 2071 4925 3658 4998; baseline -0.011 -4"><span class='ocrx_word' id='word_1_806' title='bbox 2071 4939 2158 4994; x_wconf 91' lang='lat' dir='ltr'><strong>cui</strong></span> <span class='ocrx_word' id='word_1_807' title='bbox 2198 4937 2506 4994; x_wconf 81' lang='lat' dir='ltr'><strong>Alexander</strong></span> <span class='ocrx_word' id='word_1_808' title='bbox 2543 4933 2800 4990; x_wconf 84' lang='lat' dir='ltr'><strong>morienti</strong></span> <span class='ocrx_word' id='word_1_809' title='bbox 2831 4941 3056 4997; x_wconf 88' lang='lat' dir='ltr'><strong>astans,</strong></span> <span class='ocrx_word' id='word_1_810' title='bbox 3092 4943 3193 4986; x_wconf 82' lang='lat' dir='ltr'><strong>sua</strong></span> <span class='ocrx_word' id='word_1_811' title='bbox 3223 4925 3514 4998; x_wconf 82' lang='lat' dir='ltr'><strong>chlamyde</strong></span> <span class='ocrx_word' id='word_1_812' title='bbox 3561 4938 3658 4977; x_wconf 88' lang='lat' dir='ltr'><strong>ca-</strong></span> 
     </span>
    </p>
   </div>
   <div class='ocr_carea' id='block_1_112' title="bbox 2070 5019 3656 5096">
    <p class='ocr_par' dir='ltr' id='par_1_112' title="bbox 2070 5019 3656 5096">
     <span class='ocr_line' id='line_1_112' title="bbox 2070 5019 3656 5096; baseline -0.013 -9"><span class='ocrx_word' id='word_1_813' title='bbox 2070 5033 2242 5087; x_wconf 86' lang='lat' dir='ltr'><strong>daver</strong></span> <span class='ocrx_word' id='word_1_814' title='bbox 2290 5037 2528 5090; x_wconf 89' lang='lat' dir='ltr'><strong>tectum,</strong></span> <span class='ocrx_word' id='word_1_815' title='bbox 2574 5036 2630 5082; x_wconf 90' lang='lat' dir='ltr'><strong>et</strong></span> <span class='ocrx_word' id='word_1_816' title='bbox 2665 5025 2924 5096; x_wconf 81' lang='lat' dir='ltr'><strong>regaliter</strong></span> <span class='ocrx_word' id='word_1_817' title='bbox 2972 5031 3231 5077; x_wconf 86' lang='lat' dir='ltr'><strong>ornatum</strong></span> <span class='ocrx_word' id='word_1_818' title='bbox 3263 5061 3276 5087; x_wconf 88' lang='lat'><strong>,</strong></span> <span class='ocrx_word' id='word_1_819' title='bbox 3321 5019 3390 5073; x_wconf 90' lang='lat' dir='ltr'><strong>ad</strong></span> <span class='ocrx_word' id='word_1_820' title='bbox 3425 5026 3656 5070; x_wconf 88' lang='lat' dir='ltr'><strong>matrem</strong></span> 
     </span>
    </p>
   </div>
   <div class='ocr_carea' id='block_1_113' title="bbox 2073 5108 3656 5195">
    <p class='ocr_par' dir='ltr' id='par_1_113' title="bbox 2073 5108 3656 5195">
     <span class='ocr_line' id='line_1_113' title="bbox 2073 5108 3656 5195; baseline -0.011 -15"><span class='ocrx_word' id='word_1_821' title='bbox 2073 5126 2194 5195; x_wconf 84' lang='lat' dir='ltr'><strong>ejus</strong></span> <span class='ocrx_word' id='word_1_822' title='bbox 2215 5123 2398 5178; x_wconf 82' lang='lat' dir='ltr'><strong>misit.</strong></span> <span class='ocrx_word' id='word_1_823' title='bbox 2431 5121 2662 5176; x_wconf 84' lang='lat' dir='ltr'><strong>Bessum</strong></span> <span class='ocrx_word' id='word_1_824' title='bbox 2698 5132 2831 5173; x_wconf 87' lang='lat' dir='ltr'><strong>vero</strong></span> <span class='ocrx_word' id='word_1_825' title='bbox 2859 5125 2889 5170; x_wconf 85' lang='lat' dir='ltr'><strong>a</strong></span> <span class='ocrx_word' id='word_1_826' title='bbox 2911 5132 3022 5186; x_wconf 86' lang='lat' dir='ltr'><strong>quo</strong></span> <span class='ocrx_word' id='word_1_827' title='bbox 3045 5115 3266 5171; x_wconf 89' lang='lat' dir='ltr'><strong>occisus</strong></span> <span class='ocrx_word' id='word_1_828' title='bbox 3285 5111 3488 5171; x_wconf 83' lang='lat' dir='ltr'><strong>fuerat,</strong></span> <span class='ocrx_word' id='word_1_829' title='bbox 3519 5108 3656 5162; x_wconf 69' lang='lat' dir='ltr'><strong>clua—</strong></span> 
     </span>
    </p>
   </div>
   <div class='ocr_carea' id='block_1_114' title="bbox 2076 5201 3657 5279">
    <p class='ocr_par' dir='ltr' id='par_1_114' title="bbox 2076 5201 3657 5279">
     <span class='ocr_line' id='line_1_114' title="bbox 2076 5201 3657 5279; baseline -0.011 -8"><span class='ocrx_word' id='word_1_830' title='bbox 2076 5218 2180 5272; x_wconf 88' lang='lat' dir='ltr'><strong>bus</strong></span> <span class='ocrx_word' id='word_1_831' title='bbox 2193 5215 2490 5270; x_wconf 89' lang='lat' dir='ltr'><strong>arboribus</strong></span> <span class='ocrx_word' id='word_1_832' title='bbox 2506 5214 2554 5268; x_wconf 85' lang='lat' dir='ltr'><strong>vi</strong></span> <span class='ocrx_word' id='word_1_833' title='bbox 2570 5211 2781 5267; x_wconf 86' lang='lat' dir='ltr'><strong>inflexis</strong></span> <span class='ocrx_word' id='word_1_834' title='bbox 2793 5210 3007 5278; x_wconf 80' lang='lat' dir='ltr'><strong>alligari</strong></span> <span class='ocrx_word' id='word_1_835' title='bbox 3021 5208 3210 5279; x_wconf 84' lang='lat' dir='ltr'><strong>jussit,</strong></span> <span class='ocrx_word' id='word_1_836' title='bbox 3223 5205 3425 5275; x_wconf 88' lang='lat' dir='ltr'><strong>quibus</strong></span> <span class='ocrx_word' id='word_1_837' title='bbox 3441 5201 3657 5265; x_wconf 88' lang='lat' dir='ltr'><strong>laxatis,</strong></span> 
     </span>
    </p>
   </div>
   <div class='ocr_carea' id='block_1_115' title="bbox 2073 5301 3662 5378">
    <p class='ocr_par' dir='ltr' id='par_1_115' title="bbox 2073 5301 3662 5378">
     <span class='ocr_line' id='line_1_115' title="bbox 2073 5301 3662 5378; baseline -0.01 -13"><span class='ocrx_word' id='word_1_838' title='bbox 2073 5321 2447 5378; x_wconf 87' lang='lat' dir='ltr'><strong>cumutraque</strong></span> <span class='ocrx_word' id='word_1_839' title='bbox 2467 5305 2776 5361; x_wconf 86' lang='lat' dir='ltr'><strong>vehementi</strong></span> <span class='ocrx_word' id='word_1_840' title='bbox 2808 5304 3016 5373; x_wconf 86' lang='lat' dir='ltr'><strong>impetu</strong></span> <span class='ocrx_word' id='word_1_841' title='bbox 3036 5301 3103 5355; x_wconf 79' lang='lat' dir='ltr'><strong>ad</strong></span> <span class='ocrx_word' id='word_1_842' title='bbox 3118 5310 3272 5355; x_wconf 85' lang='lat' dir='ltr'><strong>suam</strong></span> <span class='ocrx_word' id='word_1_843' title='bbox 3296 5303 3548 5350; x_wconf 89' lang='lat' dir='ltr'><strong>naturam</strong></span> <span class='ocrx_word' id='word_1_844' title='bbox 3569 5308 3662 5349; x_wconf 82' lang='lat' dir='ltr'><strong>re-</strong></span> 
     </span>
    </p>
   </div>
   <div class='ocr_carea' id='block_1_116' title="bbox 2076 5385 3661 5468">
    <p class='ocr_par' dir='ltr' id='par_1_116' title="bbox 2076 5385 3661 5468">
     <span class='ocr_line' id='line_1_116' title="bbox 2076 5385 3661 5468; baseline -0.011 -10"><span class='ocrx_word' id='word_1_845' title='bbox 2076 5404 2240 5468; x_wconf 87' lang='lat' dir='ltr'><strong>dirct,</strong></span> <span class='ocrx_word' id='word_1_846' title='bbox 2269 5403 2434 5456; x_wconf 86' lang='lat' dir='ltr'><strong>homo</strong></span> <span class='ocrx_word' id='word_1_847' title='bbox 2456 5398 2770 5468; x_wconf 85' lang='lat' dir='ltr'><strong>discerptus</strong></span> <span class='ocrx_word' id='word_1_848' title='bbox 2791 5404 2900 5456; x_wconf 90' lang='lat' dir='ltr'><strong>est.</strong></span> <span class='ocrx_word' id='word_1_849' title='bbox 2917 5392 3072 5463; x_wconf 74' lang='lat'><strong>191</strong></span> <span class='ocrx_word' id='word_1_850' title='bbox 3090 5390 3227 5447; x_wconf 84' lang='lat' dir='ltr'><strong>Cum</strong></span> <span class='ocrx_word' id='word_1_851' title='bbox 3255 5389 3308 5444; x_wconf 85' lang='lat' dir='ltr'><strong>in</strong></span> <span class='ocrx_word' id='word_1_852' title='bbox 3333 5385 3661 5460; x_wconf 78' lang='lat' dir='ltr'><strong>Hyrcaniam</strong></span> 
     </span>
    </p>
   </div>
   <div class='ocr_carea' id='block_1_117' title="bbox 2075 5481 3660 5563">
    <p class='ocr_par' dir='ltr' id='par_1_117' title="bbox 2075 5481 3660 5563">
     <span class='ocr_line' id='line_1_117' title="bbox 2075 5481 3660 5563; baseline -0.011 -11"><span class='ocrx_word' id='word_1_853' title='bbox 2075 5496 2273 5560; x_wconf 78' lang='lat' dir='ltr'><strong>abiret,</strong></span> <span class='ocrx_word' id='word_1_854' title='bbox 2297 5505 2355 5551; x_wconf 91' lang='lat' dir='ltr'><strong>et</strong></span> <span class='ocrx_word' id='word_1_855' title='bbox 2374 5495 2599 5551; x_wconf 89' lang='lat' dir='ltr'><strong>barbari</strong></span> <span class='ocrx_word' id='word_1_856' title='bbox 2642 5492 2864 5563; x_wconf 85' lang='lat' dir='ltr'><strong>quidam</strong></span> <span class='ocrx_word' id='word_1_857' title='bbox 2900 5491 3048 5543; x_wconf 80' lang='lat' dir='ltr'><strong>circa</strong></span> <span class='ocrx_word' id='word_1_858' title='bbox 3088 5485 3312 5557; x_wconf 75' lang='lat' dir='ltr'><strong>pelagus</strong></span> <span class='ocrx_word' id='word_1_859' title='bbox 3339 5481 3660 5547; x_wconf 81' lang='lat' dir='ltr'><strong>Hircanum,</strong></span> 
     </span>
    </p>
   </div>
   <div class='ocr_carea' id='block_1_118' title="bbox 2075 5575 3662 5658">
    <p class='ocr_par' dir='ltr' id='par_1_118' title="bbox 2075 5575 3662 5658">
     <span class='ocr_line' id='line_1_118' title="bbox 2075 5575 3662 5658; baseline -0.011 -16"><span class='ocrx_word' id='word_1_860' title='bbox 2075 5587 2226 5658; x_wconf 86' lang='lat' dir='ltr'><strong>quod</strong></span> <span class='ocrx_word' id='word_1_861' title='bbox 2242 5596 2298 5642; x_wconf 92' lang='lat' dir='ltr'><strong>et</strong></span> <span class='ocrx_word' id='word_1_862' title='bbox 2312 5586 2572 5656; x_wconf 84' lang='lat' dir='ltr'><strong>Caspium</strong></span> <span class='ocrx_word' id='word_1_863' title='bbox 2591 5583 2820 5644; x_wconf 88' lang='lat' dir='ltr'><strong>dicitur,</strong></span> <span class='ocrx_word' id='word_1_864' title='bbox 2833 5594 3037 5650; x_wconf 89' lang='lat' dir='ltr'><strong>equum</strong></span> <span class='ocrx_word' id='word_1_865' title='bbox 3052 5578 3172 5648; x_wconf 88' lang='lat' dir='ltr'><strong>ejus</strong></span> <span class='ocrx_word' id='word_1_866' title='bbox 3189 5575 3556 5646; x_wconf 84' lang='lat' dir='ltr'><strong>Bucephalam</strong></span> <span class='ocrx_word' id='word_1_867' title='bbox 3576 5587 3662 5658; x_wconf 62' lang='grc' dir='ltr'><strong>νοτ</strong></span> 
     </span>
    </p>
   </div>
   <div class='ocr_carea' id='block_1_119' title="bbox 2079 5651 3659 5751">
    <p class='ocr_par' dir='ltr' id='par_1_119' title="bbox 2079 5651 3659 5751">
     <span class='ocr_line' id='line_1_119' title="bbox 2079 5651 3659 5751; baseline -0.011 -15"><span class='ocrx_word' id='word_1_868' title='bbox 2079 5651 2348 5751; x_wconf 77' lang='lat' dir='ltr'><strong>puissent,</strong></span> <span class='ocrx_word' id='word_1_869' title='bbox 2369 5651 2511 5749; x_wconf 48' lang='lat' dir='ltr'><strong>mare</strong></span> <span class='ocrx_word' id='word_1_870' title='bbox 2531 5677 2676 5736; x_wconf 85' lang='lat' dir='ltr'><strong>tulit,</strong></span> <span class='ocrx_word' id='word_1_871' title='bbox 2713 5675 2904 5743; x_wconf 89' lang='lat' dir='ltr'><strong>eisque</strong></span> <span class='ocrx_word' id='word_1_872' title='bbox 2925 5688 3022 5741; x_wconf 84' lang='lat' dir='ltr'><strong>per</strong></span> <span class='ocrx_word' id='word_1_873' title='bbox 3043 5671 3270 5724; x_wconf 86' lang='lat' dir='ltr'><strong>nuntios</strong></span> <span class='ocrx_word' id='word_1_874' title='bbox 3292 5651 3659 5724; x_wconf 77' lang='lat' dir='ltr'><strong>comminatus</strong></span> 
     </span>
    </p>
   </div>
   <div class='ocr_carea' id='block_1_120' title="bbox 2078 5757 3654 5842">
    <p class='ocr_par' dir='ltr' id='par_1_120' title="bbox 2078 5757 3654 5842">
     <span class='ocr_line' id='line_1_120' title="bbox 2078 5757 3654 5842; baseline -0.011 -14"><span class='ocrx_word' id='word_1_875' title='bbox 2078 5785 2183 5831; x_wconf 82' lang='lat' dir='ltr'><strong>est.</strong></span> <span class='ocrx_word' id='word_1_876' title='bbox 2202 5777 2256 5827; x_wconf 80' lang='lat' dir='ltr'><strong>ni</strong></span> <span class='ocrx_word' id='word_1_877' title='bbox 2271 5788 2474 5842; x_wconf 85' lang='lat' dir='ltr'><strong>equum</strong></span> <span class='ocrx_word' id='word_1_878' title='bbox 2497 5770 2813 5834; x_wconf 85' lang='lat' dir='ltr'><strong>redderent,</strong></span> <span class='ocrx_word' id='word_1_879' title='bbox 2832 5782 2890 5821; x_wconf 84' lang='lat' dir='ltr'><strong>se</strong></span> <span class='ocrx_word' id='word_1_880' title='bbox 2905 5781 3099 5820; x_wconf 88' lang='lat' dir='ltr'><strong>omnes</strong></span> <span class='ocrx_word' id='word_1_881' title='bbox 3121 5765 3456 5820; x_wconf 86' lang='lat' dir='ltr'><strong>occisurum.</strong></span> <span class='ocrx_word' id='word_1_882' title='bbox 3489 5760 3558 5812; x_wconf 77' lang='lat' dir='ltr'><strong>At</strong></span> <span class='ocrx_word' id='word_1_883' title='bbox 3575 5757 3654 5810; x_wconf 89' lang='lat' dir='ltr'><strong>illi</strong></span> 
     </span>
    </p>
   </div>
   <div class='ocr_carea' id='block_1_121' title="bbox 2079 5849 3654 5936">
    <p class='ocr_par' dir='ltr' id='par_1_121' title="bbox 2079 5849 3654 5936">
     <span class='ocr_line' id='line_1_121' title="bbox 2079 5849 3654 5936; baseline -0.013 -16"><span class='ocrx_word' id='word_1_884' title='bbox 2079 5875 2352 5936; x_wconf 87' lang='lat' dir='ltr'><strong>ethuum</strong></span> <span class='ocrx_word' id='word_1_885' title='bbox 2384 5861 2784 5925; x_wconf 84' lang='lat' dir='ltr'><strong>reddiderunt,</strong></span> <span class='ocrx_word' id='word_1_886' title='bbox 2819 5857 3218 5928; x_wconf 87' lang='lat' dir='ltr'><strong>etscmetipsos</strong></span> <span class='ocrx_word' id='word_1_887' title='bbox 3235 5856 3284 5912; x_wconf 85' lang='lat' dir='ltr'><strong>ei</strong></span> <span class='ocrx_word' id='word_1_888' title='bbox 3309 5849 3654 5910; x_wconf 86' lang='lat' dir='ltr'><strong>dediderunt.</strong></span> 
     </span>
    </p>
   </div>
  </div>
