3980 6246
331 295 436 359 347
1606 293 1938 359 JOANNIS

2040 293 2171 357 )NA
2184 294 2305 354 [UE
3496 288 3611 355 348

318 386 546 478 ’μητέρα
583 405 879 477 βασιλικῶς
928 406 1347 476 κεκοσμημένον
1379 404 1695 462 ἀπέστειλε.
1728 407 1833 460 Τὸν
1863 406 1920 460 δὲ
1952 405 2184 475 Βῆσσον,
2212 405 2272 470 δς
2341 404 2549 458 ἐκεῖνον
2598 402 2800 467 ἀνεῖλε,
2839 400 3281 474 διεσφενδόνησε,
3319 401 3443 456 δυσὶ
3505 401 3601 473 βίᾳ

327 500 564 556 κλιθεῖσι
609 498 849 569 δένδροις
892 498 1343 570 προσαρτηθῆναι
1404 497 1667 562 κελεύσας
1724 499 1908 563 αὐτὸν,
1940 494 2061 552 εἶτα
2094 497 2343 569 μεθεῖναι
2404 497 2472 551 τὰ
2500 495 2716 568 δένδρα,
2749 496 2844 549 καὶ
2868 495 3012 549 οὕτω
3039 493 3451 563 διασπασθῆναι
3514 494 3611 547 τὸν

329 592 642 665 ἄνθρωπον,
679 592 913 644 ἑκάστου
942 592 1052 645 τῶν
1077 590 1315 662 δένδρων
1349 591 1489 660 μετά
1540 590 1902 662 σφοδρότητος
1937 593 2018 656 εἰς
2082 592 2181 662 τὴν
2215 591 2355 645 κατὰ
2393 590 2556 659 φύσιν
2596 588 2922 661 ὡρμηκότος
2951 587 3237 644 ἀνάτασιν.
3296 590 3393 653 Εἰς
3477 589 3611 659 ’Υρ-

330 683 528 740 κανίαν
556 684 611 736 δὲ
640 683 819 737 ἀπιὼν
853 684 983 754 περὶ
1029 685 1091 736 τὸ
1132 683 1424 755 Ὑρκάνιον
1455 683 1715 755 πέλαγος,
1748 684 1777 737 δ
1820 685 1915 738 καὶ
1951 685 2198 738 Κάσπιον
2258 682 2503 755 λέγεται,
2538 681 2831 754 βαρϐάρων
2864 681 3031 735 τινῶν
3074 679 3169 747 τὸν
3215 680 3383 735 ἵππον
3441 678 3613 736 αὐτοῦ

331 778 427 831 τὸν
482 775 841 846 Βουκεφάλαν
895 777 1252 846 ἀφελομένων
1280 815 1295 838 ,
1353 775 1769 847 ὲδαρυθύμησε,
1828 778 1924 831 καὶ
1955 776 2182 847 πέμψας
2239 775 2507 846 ἠπείλησε
2545 775 2755 838 πάντας
2784 774 3132 839 ἀποκτενεῖν,
3163 773 3215 828 εί
3273 773 3350 845 μὴ
3378 774 3469 828 τδν
3518 774 3613 828 ῖπ-

335 889 438 927 πον
466 869 614 940 αὑτῷ
666 870 1050 941 ἀναπέμψειαν
1076 887 1088 901 ’
1140 872 1190 924 oi
1221 872 1278 925 δὲ
1326 875 1421 925 καὶ
1455 874 1549 926 τὸν
1581 872 1770 936 ἵππον,
1822 874 1917 927 καὶ
1952 873 2180 936 ἑαυτοὺς
2215 873 2369 943 αύτῷ
2401 871 2762 942 ἐνεχείρισαν.

406 962 522 1016 XII.
556 962 687 1017 Ind-3
714 963 767 1017 in
806 961 1120 1017 Parthicam
1150 973 1235 1019 est
1262 965 1561 1034 profectus.
1588 964 1679 1018 ubi
1707 965 1925 1034 primun

2104 965 2203 1021 lB’.
2259 963 2543 1019 Ἐντεῦθεν
2592 965 2675 1036 είς
2705 963 2805 1029 τὴν
2865 962 3148 1035 Παρθικὴν
3193 962 3616 1034 ἀναζεύγνυσιν,

338 1054 683 1108 barbaricam
718 1065 926 1109 vestem
965 1054 1146 1108 induit
1170 1096 1184 1119 ,
1229 1055 1437 1111 Medica
1478 1057 1660 1112 minus
1708 1074 1915 1127 snper-

2040 1058 2152 1138 Ξνρα,
2182 1057 2397 1128 πρῶτον
2430 1056 2774 1129 βαρϐαρικὴν
2809 1056 3002 1124 στολὴν
3040 1056 3353 1122 ἐνεδύσατο,
3388 1060 3483 1113 καὶ
3513 1062 3617 1130 τῆς

340 1149 503 1211 bam,
555 1149 772 1204 Persica
820 1149 1282 1213 insolentiorem,
1338 1153 1486 1221 quod
1540 1153 1918 1222 spectaculum

339 1256 608 1316 arrogans
633 1242 812 1297 visum
838 1251 915 1297 est
943 1242 1362 1298 Macedonibus.
1401 1243 1442 1299 Ε
1473 1246 1707 1316 captivis
1734 1246 1923 1300 tricies

340 1334 490 1388 mille
527 1351 728 1404 pueros
751 1335 998 1391 delectos
1017 1379 1030 1400 ,
1057 1347 1112 1391 ct
1137 1336 1342 1393 Graacis
1372 1337 1573 1393 litteris
1593 1338 1836 1403 erudiri,
1869 1349 1924 1394 et

340 1430 451 1484 ritu
502 1429 858 1484 Macedonum
915 1429 1116 1485 armari
1157 1430 1341 1500 jussit.
1396 1431 1637 1486 Roxanen
1672 1430 1926 1487 formosae

344 1519 597 1574 mulieris
649 1521 934 1576 amoribus
966 1532 1197 1576 eatenus
1230 1522 1494 1589 indulsit,
1538 1532 1599 1577 ut
1636 1537 1758 1577 eam
1790 1524 1929 1593 legi-

342 1613 482 1666 timo
514 1612 617 1666 sibi
647 1613 1002 1669 matrimonio
1027 1616 1310 1686 jungeret.
1351 1615 1432 1670 Ex
1465 1614 1659 1671 amicis
1687 1614 1925 1685 Hephae-

346 1704 624 1767 stionem,
657 1703 750 1773 qui
782 1697 1044 1759 vestitum
1090 1707 1212 1777 ejus
1249 1705 1509 1761 laudabat
1531 1747 1544 1769 ,
1579 1706 1927 1773 similemque

2026 1152 2125 1222 μὲν
2161 1150 2415 1220 Μηδικῆς
2437 1150 2808 1219 άτύφοτέραν,
2839 1149 2940 1218 τῆς
2973 1149 3029 1203 δὲ
3059 1151 3335 1220 Περσικῆς
3366 1152 3619 1223 σοϐαρω-

2023 1244 2208 1316 τέραν.
2241 1241 2454 1297 Ἐδόκει
2477 1243 2533 1296 δὲ
2563 1246 2677 1305 τοῖς
2702 1242 2982 1296 Μακεδόσι
3012 1244 3076 1296 τὸ
3103 1243 3284 1312 θέαμα
3331 1248 3616 1316 φορτικόν.

2036 1334 2459 1405 Ἐπιλεξάμενος
2516 1335 2575 1390 δὲ
2621 1335 2986 1408 τρισμυρίους
3017 1339 3217 1403 παῖδας
3274 1338 3383 1392 τῶν
3411 1340 3620 1409 αίχμα-

2025 1428 2234 1493 λώτων,
2268 1428 2521 1483 ἐκέλευσε
2564 1430 2873 1501 γράμματα
2929 1431 3073 1499 σφᾶς
3131 1432 3427 1501 Ἑλληνικὰ
3471 1432 3624 1486 txit-

2027 1523 2345 1586 δάσκεσθαι,
2406 1523 2500 1575 καὶ
2554 1521 2699 1577 κατὰ
2753 1522 3073 1587 Μακεδόνας
3124 1523 3473 1587 ὁπλίζεσθαι.
3504 1524 3622 1592 Τῆς

2038 1609 2313 1681 Ῥωξάνης
2344 1611 2401 1664 δὲ
2450 1610 2665 1682 ὡραίας
2709 1611 2967 1683 ἐρασθεὶς
3003 1613 3287 1682 γυναικὸς,
3317 1613 3419 1667 οὐκ
3444 1613 3620 1673 ἄλλως

2028 1703 2165 1773 αὐτῇ
2196 1702 2557 1775 προσῆλθενῆ
2585 1707 2728 1759 κατὰ
2758 1704 2947 1775 νόμον.
2990 1703 3114 1758 Τῶν
3152 1705 3208 1760 δὲ
3240 1706 3416 1775 φίλων
3445 1703 3621 1760 αὐτοῦ

347 1803 559 1847 vestem
581 1802 639 1848 et
672 1794 787 1865 ipse
814 1795 1093 1860 induerat,
1124 1796 1418 1873 Alexandri
1453 1806 1760 1858 amantem;
1796 1795 1930 1852 Cra-

2040 1793 2123 1847 τὸν
2149 1792 2250 1865 μὲν
2292 1793 2672 1863 Ἡφαιστίωνα
2711 1794 3047 1849 ἐπαινοῦντα
3074 1795 3173 1868 τὴν
3206 1795 3404 1868 στολὴν
3431 1797 3499 1868 ἢν
3528 1797 3624 1848 ὲν-

346 1894 525 1940 terum
559 1902 725 1952 vero,
757 1889 901 1956 quia
930 1888 1124 1959 patriis
1160 1889 1429 1945 institutis
1457 1904 1566 1944 non
1601 1889 1928 1955 recedebat,

2040 1886 2145 1951 έδυ,
2175 1885 2273 1939 καὶ⁹
2303 1886 2509 1956 ὁμοίως
2541 1885 2692 1958 αὐτῷ
2717 1887 3262 1959 μεταμφιασάμενον,
3287 1885 3623 1952 Φιλαλέξαν-

345 1980 491 2049 regis
523 1987 798 2034 amantem
847 1980 1197 2051 appellabat:
1233 1982 1435 2051 illoque
1477 1984 1623 2054 apud
1661 1983 1933 2038 barbaros

2040 1978 2158 2050 δρον
2191 1978 2399 2043 ἐκάλει,
2430 1978 2522 2031 τὸν
2552 1979 2841 2051 Κρατερὸν
2865 1980 2925 2032 δὲ
2952 1979 3030 2050 μὴ
3060 1979 3393 2050 παρεξιόντα
3412 1978 3488 2034 τὰ
3513 1979 3627 2034 πά-

346 2069 641 2133 utchatur.
688 2086 788 2141 per
833 2070 1123 2126 Craterum
1189 2071 1583 2130 Macedonibus
1621 2081 1680 2128 et
1724 2071 1933 2127 Grascis

2040 2087 2184 2139 τρια,
2214 2067 2609 2123 Φιλοδασιλέαο
2643 2068 2737 2121 καὶ
2768 2068 2828 2121 τὸ
2856 2068 2957 2140 μὲν
2985 2068 3120 2140 πρὸς
3142 2070 3270 2131 τοὺς
3307 2066 3628 2140 βαρϐάρους

347 2163 740 2230 respondebat.
783 2162 1058 2217 Philotam
1095 2162 1479 2218 Parmenionis
1511 2162 1708 2222 lilium.
1745 2177 1932 2218 rerum

2040 2162 2327 2232 ἐκέχρητο,
2372 2161 2461 2214 διὰ
2504 2161 2561 2215 δὲ
2589 2159 2684 2215 τοῦ
2739 2162 3028 2232 Κρατεροῦ
3061 2164 3173 2223 τοῖς
3209 2161 3486 2216 Μακεδόσι
3526 2164 3630 2216 καὶ

346 2261 622 2322 gestarum
636 2254 868 2325 gloriam
882 2254 986 2309 sibi
1010 2265 1066 2311 et
1083 2256 1223 2324 patri
1242 2255 1635 2316 vindicantem,
1652 2256 1937 2311 etAlexan-

2040 2255 2150 2316 τοῖς
2179 2251 2443 2319 Ἕλλησιν
2472 2252 2833 2324 ἐχρημάτιζε.
2855 2252 3101 2306 Φιλώταν
3123 2252 3181 2306 δὲ
3213 2253 3303 2306 τὸν
3331 2258 3443 2307 υίδν
3475 2252 3628 2322 Παρ-

349 2343 512 2395 drum
532 2343 943 2399 adolescentem
964 2346 1359 2416 appellantem.
1380 2347 1744 2418 deprehensis
1766 2349 1934 2405 etiam

2041 2345 2303 2417 μενῖωνος
2339 2344 2816 2417 μεγαλαυχοΰντα,
2853 2345 2929 2410 ὡς
2988 2348 3121 2419 παρ’
3170 2347 3341 2400 αὐτοῦ
3398 2345 3625 2400 καὶτοῦ

350 2434 594 2500 insidiis,
621 2438 867 2491 sustulit.
896 2439 1111 2494 Patrem
1132 2455 1352 2509 quoque
1374 2440 1495 2511 ejus
1517 2440 1937 2497 Parmenionem

2040 2434 2249 2506 πατρὸς
2296 2433 2466 2489 αὐτοῦ
2518 2434 2630 2488 τῶν
2687 2435 3136 2508 κατορθωμάτων
3170 2437 3496 2505 γινομένων,
3530 2436 3630 2489 καὶ

352 2528 409 2581 in
444 2526 619 2582 Media
647 2528 1016 2583 occidendum
1041 2531 1280 2587 curavit.
1313 2532 1380 2587 Et
1419 2534 1658 2588 amicum
1688 2531 1895 2589 Clitum
1920 2573 1936 2599 ,

354 2635 481 2673 cum
513 2621 571 2675 in
601 2623 860 2678 convivio
899 2632 1154 2694 poemata
1178 2627 1233 2680 in
1256 2625 1428 2681 duces
1448 2626 1716 2696 quosdam
1742 2642 1937 2683 recens

352 2714 535 2768 victos
562 2729 592 2767 a
623 2714 880 2771 barbaris
921 2717 1064 2772 facta
1095 2728 1465 2782 canerentur,
1493 2735 1669 2791 eaque
1698 2720 1934 2775 Alexan-

354 2805 457 2861 der
513 2808 753 2863 libenter
796 2810 1043 2875 audiret,
1096 2828 1207 2882 pra:
1233 2811 1533 2868 insolentia
1570 2822 1628 2868 et
1667 2813 1941 2871 ebrietate

350 2901 721 2973 refragantem
752 2913 807 2959 et
841 2904 1219 2976 indignantem
1258 2915 1312 2958 et
1354 2905 1683 2977 gloriantem
1715 2946 1730 2967 ,
1765 2905 1938 2960 male-

238 3074 241 3079 .
344 2995 618 3066 dictaque
660 2997 1037 3069 ingerentem,
1092 2999 1333 3069 primum
1378 2999 1522 3053 malo
1586 2996 1770 3068 petiit.
1834 2995 1940 3053 Sed

2040 2529 2328 2602 μειράκιον
2348 2529 2442 2584 τδν
2473 2528 2825 2601 Ἀλέξανδρον
2846 2531 3208 2601 ὀνομάζοντα,
3234 2527 3356 2584 εἶτα
3386 2533 3480 2584 καὶ
3507 2532 3630 2584 tnt-

2037 2620 2367 2676 δουλεύοντα
2401 2623 2583 2691 γνοὺς,
2619 2624 2823 2677 ἀνεῖλε.
2875 2622 3105 2694 Πέμψας
3160 2622 3218 2677 δὲ
3249 2622 3330 2686 είς
3389 2621 3632 2692 Μηδίαν,

2038 2715 2136 2769 καὶ
2163 2715 2255 2769 τὸν
2282 2717 2499 2787 πατέρα
2528 2713 2696 2769 αὐτοῦ
2730 2716 2875 2786 (ἐκεῖ
2903 2715 3011 2787 γὰρ
3042 2713 3131 2787 ἦν)
3164 2715 3628 2786 προσαπέκτεινε.

2040 2806 2151 2861 Καὶ
2175 2806 2270 2862 τὸν
2309 2807 2543 2861 Κλεῖτον
2591 2806 2648 2861 δὲ
2699 2806 2809 2862 τῶν
2869 2806 3107 2880 ἑταίρων
3158 2806 3255 2872 ἕνα
3291 2809 3634 2876 τυγχάνοντα

2039 2901 2194 2972 παρά
2212 2901 2401 2968 πότον,
2429 2899 2711 2973 ᾀδομένων
2737 2900 3067 2971 ποιημάτων
3099 2899 3181 2963 εῐς
3209 2916 3366 2964 τινας
3393 2915 3634 2971 στρατη-

2040 2993 2175 3063 γοὺς
2227 2991 2617 3064 πεποιημένων
2670 2993 2931 3064 ἔναγχος,
2968 2993 3306 3064 ἡττηθέντας
3340 2993 3446 3046 ὑπὸ
3488 2989 3632 3062 βαρ·

356 3102 483 3142 cum
517 3105 585 3143 ne
607 3091 687 3145 sic
710 3090 936 3160 quidem
966 3090 1321 3161 impudentia:
1337 3099 1394 3146 et
1417 3089 1664 3146 audaciae
1686 3104 1797 3146 sua:
1829 3104 1938 3144 mo-

2042 3087 2252 3160 δάρων,
2296 3086 2392 3141 καὶ
2415 3085 2510 3170 τού
2557 3085 2920 3158 Ἀλεξάνδρου
2957 3086 3128 3157 ἡδέως
3176 3085 3358 3141 αὐτῶν
3394 3085 3630 3138 ἀκούονο

361 3179 495 3234 dum
515 3176 604 3237 ille
626 3190 896 3249 statuens,
922 3182 1462 3252 Euripidisiambum
1496 3199 1512 3236 :

2043 3194 2159 3242 τος,
2189 3174 2598 3249 τραχυνόμενον
2633 3176 2730 3229 καὶ
2756 3175 3174 3244 ἀγανακτοῦντα
3223 3178 3317 3229 καὶ
3347 3174 3632 3246 μεγαλαυ-

358 3273 563 3344 χοῦντα
607 3276 713 3329 ὑπδ
764 3275 1054 3338 αὐθαδείας
1105 3276 1202 3329 καὶ
1259 3275 1453 3347 μέθης,
1507 3276 1603 3330 καὶ
1635 3273 1755 3328 κατ’
1811 3271 1977 3328 αὑτοῦ
2011 3269 2473 3342 βλασφημοῦντα,
2537 3269 2755 3340 πρῶτον
2806 3269 2909 3342 μὲν
2959 3268 3117 3341 μήλῳ
3148 3267 3364 3323 ἔϐαλεν.
3420 3269 3543 3321 Ἔτι
3586 3257 3636 3320 δ’

356 3367 778 3437 ἀναιδευόμενόν
803 3384 864 3421 τε
894 3367 989 3421 καὶ
1018 3369 1445 3440 θρασυνόμενον,
1482 3368 1579 3423 καὶ
1610 3367 1680 3421 τὰ
1707 3365 1802 3421 τοῦ
1832 3361 2128 3437 Εὐριπίδου
2162 3361 2389 3434 ἰαμϐεῖα
2415 3362 2652 3432 λέγοντα
2674 3377 2693 3395 ⁶

435 3503 549 3559 Heu
601 3520 760 3573 quam
800 3518 1045 3574 perversa
1103 3503 1430 3559 consuetudo
1468 3503 1687 3559 Graecia:
1725 3503 1850 3558 est!

361 3645 419 3691 et
461 3635 555 3706 qui
600 3644 944 3704 sequuntur,
987 3644 1312 3692 recenseret
1343 3653 1358 3691 :
1391 3636 1502 3692 bile
1548 3636 1946 3694 effervescente

363 3728 523 3782 basta
555 3728 847 3797 trajectum
872 3725 1174 3793 interfecit,
1206 3729 1400 3798 iraque
1435 3743 1561 3783 mox
1592 3729 1794 3801 sopita,
1824 3730 1947 3801 ejus

364 3821 632 3878 facinoris
661 3821 959 3890 paenitens.
993 3820 1208 3891 sibiipsi
1241 3836 1440 3878 manus
1473 3823 1779 3890 attulisset,
1835 3824 1944 3880 nisi

365 3931 396 3969 a
422 3913 755 3970 satellitibus
780 3913 1065 3969 cohibitus
1087 3913 1304 3969 fuisset.
1323 3914 1383 3969 In
1404 3914 1709 3971 thalamum
1740 3915 1943 3981 illatus,

367 4020 487 4060 eam
522 4013 740 4058 noctem
762 4010 819 4057 et
848 4012 1095 4058 secutam
1125 4003 1178 4057 in
1208 4004 1469 4075 lacrymis
1493 4007 1625 4076 egit,
1656 4006 1948 4077 jaeuitque

252 4104 257 4107 ’
365 4091 824 4165 Cesperabundus
854 4101 911 4148 et
944 4093 1173 4159 tacitus,
1217 4101 1432 4148 tantum
1471 4096 1797 4165 gravissime
1849 4113 1946 4153 su-

369 4190 608 4258 spirans.
634 4187 826 4257 Neque
863 4185 1031 4240 ullius
1051 4185 1213 4240 amici
1244 4187 1552 4241 orationem
1577 4187 1944 4256 admittebat,

370 4281 548 4334 donec
572 4279 898 4334 Aristander
926 4293 1105 4348 augur
1125 4293 1255 4333 eum
1282 4279 1518 4335 visionis
1539 4281 1607 4336 de
1630 4280 1776 4337 Clito
1797 4282 1951 4338 obla-

373 4380 475 4435 tas,
505 4379 563 4424 et
595 4371 664 4425 de
693 4368 975 4424 ominibus
1009 4369 1342 4439 quibusdam
1382 4371 1701 4437 admonuit,
1747 4373 1951 4443 quibus

373 4461 596 4515 fatalem
636 4460 785 4515 illius
824 4459 981 4530 192
1019 4475 1209 4516 casum
1260 4460 1431 4518 fuisse
1476 4464 1761 4536 arguebat.
1809 4464 1949 4522 Tum

376 4551 597 4607 demum
618 4551 768 4605 enim
794 4552 1048 4606 minuere
1074 4551 1282 4606 luctum
1311 4554 1501 4622 coapEt.
1524 4555 1948 4626 lmpressionem

378 4649 433 4703 in
460 4647 670 4702 Indiam
707 4648 979 4712 facturus,
999 4660 1124 4702 cum
1156 4656 1452 4718 apparatos
1479 4665 1679 4707 currus
1703 4653 1947 4717 videret,

378 4741 619 4812 primum
649 4737 765 4794 suis
784 4778 801 4805 ,
834 4737 1036 4793 deinde
1064 4738 1372 4792 amicorum
1404 4737 1611 4808 injecto
1641 4741 1795 4812 igne,
1827 4757 1955 4813 pos-

1970 3479 2018 3543 C
2125 3494 2324 3571 01.90:
2344 3496 2477 3551 καθ’
2529 3493 2772 3550 Ἑλλάδ’
2802 3494 2886 3562 ὡς
2921 3493 3116 3562 κακῶς
3154 3494 3498 3565 mitigata!

2048 3633 2145 3689 καὶ
2171 3632 2240 3687 τὰ
2284 3632 2474 3697 λοιπὰ,
2528 3631 2847 3703 ύπερζέσας
2890 3631 3050 3704 θυμῷ
3081 3634 3109 3687 δ
3152 3634 3528 3709 Ἀλέξανδρος,
3551 3637 3639 3691 αἶ-

2045 3728 2160 3797 χμῇ
2184 3723 2436 3787 διελάσας
2470 3724 2820 3779 ἀπέκτεινεν.
2844 3723 3052 3777 Αὐτίκα
3082 3723 3142 3778 δὲ
3170 3723 3263 3778 τοῦ
3296 3725 3472 3797 θυμοῦ
3500 3744 3641 3780 παυ-

2049 3815 2242 3889 θέντος
2284 3813 2711 3887 μεταμεληθεὶς,
2745 3812 2975 3884 ὥρμησε
3018 3815 3114 3868 καὶ
3147 3814 3340 3868 ἑαυτὸν
3399 3815 3634 3878 ἀνελεῖν,

2047 3906 2318 3978 ἐπεσχέθη
2378 3906 2562 3977 μέντοι
2618 3904 2769 3976 παρά
2806 3905 2917 3958 τῶν
2973 3907 3481 3977 σωματοφυλάκων,
3540 3912 3637 3961 καὶ

2049 4000 2341 4073 εἰσηνέχθη
2371 4000 2511 4071 πρὸς
2563 3997 2995 4068 θάλαμον,ηενθα
3026 3999 3126 4069 τὴν
3182 4001 3355 4054 νύκτα
3413 4002 3507 4055 καὶ
3535 4002 3636 4073 τὴν

2052 4093 2174 4166 μετ’
2196 4093 2364 4163 αὐτὴν
2389 4094 2610 4164 ἡμέραν
2639 4092 2696 4145 ὲν
2728 4090 2950 4160 θρήνοις
2981 4091 3284 4163 διαγαγὼν,
3312 4094 3638 4166 ἀπειρηκὼς

2050 4189 2251 4253 ἔκειτο,
2281 4187 2536 4253 ἄναυδος,
2566 4186 2773 4241 στένων
2828 4188 2990 4258 μόνον
3041 4185 3344 4259 βαρύτατα.
3381 4189 3494 4243 Καὶ
3525 4188 3640 4242 τῶν

2052 4279 2224 4350 φίλων
2273 4278 2556 4333 εἰσιόντων
2608 4278 2746 4350 πρδς
2776 4278 2962 4345 αὑτὸν,
2994 4281 3056 4333 οὐ
3090 4279 3347 4350 προσίετο
3386 4280 3512 4344 τοὺς
3545 4281 3642 4335 λό-

2052 4391 2183 4443 γους
2219 4370 2423 4428 αῠτῶν.
2462 4370 2852 4444 ’Δριστάνδρου
2917 4370 2976 4424 δὲ
3025 4370 3120 4425 τοῦ
3176 4372 3422 4441 μάντεως
3461 4370 3645 4442 ὅψεως

2052 4465 2214 4520 αὐτὸν
2240 4466 2675 4536 ἀναμνήσαντος,
2708 4463 2780 4535 ἣν
2808 4459 2917 4516 εἶδε
2950 4464 3079 4532 περὶ
3110 4462 3204 4517 τοῦ
3237 4461 3491 4529 Κλείτου,
3547 4463 3645 4517 καί

2052 4574 2215 4612 τινων
2247 4556 2494 4629 σημείων
2524 4555 2719 4626 ἐκείνῳ
2766 4553 3105 4624 γενομένων,
3142 4552 3238 4606 καὶ
3260 4553 3523 4625 είμαρτὺν
3561 4548 3645 4607 εἶ-

2053 4668 2143 4703 ναι
2169 4649 2230 4703 τὸ
2255 4648 2551 4718 γενόμενον
2605 4646 2880 4714 λέγοντος,
2914 4644 3121 4717 ἧρξατο
3174 4644 3458 4700 ἐνδιδόναι.
3492 4645 3648 4700 Μέλ-

2054 4742 2166 4797 λων
2197 4740 2257 4795 δὲ
2283 4741 2365 4803 εἰς
2391 4740 2488 4813 τὴν
2553 4738 2787 4810 Ἰνδικὴν
2820 4737 3116 4810 ἐμϐάλλειν
3141 4780 3156 4806 ,
3192 4738 3647 4808 συνεσκευασμέ-

266 5112 273 5116 ’
380 5116 587 5171 essent,
626 5105 1026 5177 profectionem
1055 5109 1325 5180 aggressi,
1351 5109 1727 5164 Alexandrum
1762 5109 1951 5164 alacri-

380 4841 558 4886 Irento
598 4833 766 4887 etiam
807 4832 1166 4889 Macedonum
1193 4876 1206 4898 ,
1247 4832 1501 4888 comburi
1542 4831 1726 4904 jussit.
1774 4831 1835 4887 ld
1861 4831 1938 4886 fa-

2050 4853 2158 4889 νων
2181 4833 2291 4889 τῶν
2318 4826 2568 4904 ἁμαξῶν,
2608 4830 2865 4902 πρώταις
2917 4823 3016 4902 μὲν
3045 4834 3167 4894 ταῖς
3202 4831 3433 4893 οἰκείαις
3481 4832 3646 4898 ἐνῆκε

376 4933 528 4979 ctam
573 4923 764 4994 paucis
818 4925 1109 4980 molestum
1162 4924 1286 4981 fuit.
1353 4924 1576 4995 Reliqui
1614 4940 1781 4991 vero,
1827 4940 1938 4979 cun

2053 4927 2187 4999 πῦρ,
2224 4921 2346 4980 εἶτα
2373 4926 2468 4979 καὶ
2496 4925 2620 4987 ταῖς
2647 4923 2757 4977 τῶν
2785 4922 2979 4992 φίλων,
3016 4923 3112 4976 καὶ
3164 4922 3305 4993 μετά
3335 4921 3517 4995 ταῦτα.
3548 4920 3649 4975 καὶ

381 5016 643 5081 clamore,
675 5024 732 5070 et
760 5015 919 5085 quasi
949 5015 1134 5071 alllatu
1164 5016 1402 5086 quodam
1431 5015 1677 5071 numinis
1695 5015 1938 5072 concitat

2050 5019 2151 5081 τὰς
2176 5018 2284 5072 τῶν
2317 5016 2650 5071 Μακεδόνων
2679 5017 3040 5087 καταπρῆσαι
3070 5015 3348 5067 ἐκέλευσε.
3382 5013 3557 5066 Τοῦτο
3584 5013 3650 5066 δέ

2055 5108 2301 5179 γεγονὸς,
2331 5106 2550 5176 ὀλίγους
2577 5106 2679 5177 μὲν
2708 5104 2985 5176 ἐλύπησεν
3007 5120 3021 5135 ·
3054 5105 3104 5157 οἱ
3129 5104 3186 5158 δὲ
3207 5103 3390 5157 Minoi.
3427 5102 3525 5174 βοῇ
3548 5104 3651 5156 καὶ

382 5202 512 5253 tatis
541 5199 609 5253 ad
639 5201 1030 5268 capessendam
1076 5200 1330 5256 militiam
1371 5201 1764 5272 impleverunt.
1819 5200 1938 5257 Cnn

2060 5199 2442 5273 ἐνθουσιασμῷ
2501 5200 2640 5271 πρὸς
2693 5199 2755 5252 τὸ
2815 5197 2979 5267 ἔργον
3040 5197 3361 5268 ὡρμήκασι,
3410 5196 3503 5249 καὶ
3553 5196 3654 5249 τὶν

383 5305 517 5344 vero
535 5293 647 5362 jam
688 5299 745 5347 et
784 5291 1151 5349 formidabilis
1188 5300 1363 5355 esset,
1409 5306 1475 5347 ac
1506 5290 1938 5362 delinquentibu.

2070 5291 2420 5364 Ἀλέξανδρον
2455 5291 2766 5362 προθυμίας
2793 5291 2929 5361 πρὸς
2955 5291 3056 5361 τὴν
3088 5289 3384 5361 στρατείαν
3416 5287 3653 5358 ἐνέπλη-

386 5382 771 5451 inexorabilis,
806 5385 866 5441 in
900 5388 1076 5442 multa
1099 5385 1345 5457 pericula
1392 5384 1449 5438 ln
1492 5384 1699 5455 praaliis
1728 5383 1922 5440 incidit

2062 5402 2183 5440 σαν.
2221 5386 2359 5453 Ἤδη
2389 5386 2443 5438 δὲ
2475 5386 2571 5438 καὶ
2603 5384 2832 5455 φοϐερὸς
2855 5380 2943 5455 ἦν,
2978 5385 3073 5438 καὶ
3131 5382 3508 5452 ἀπαραίτητος
3550 5400 3653 5436 κο-

385 5483 444 5529 et
473 5474 708 5545 insignia
743 5480 969 5534 vulnera
1003 5478 1242 5548 accepit.
1268 5477 1499 5532 Maxima
1530 5486 1713 5533 tamen
1742 5479 1938 5534 exereit

2056 5474 2263 5546 λαστὴς
2288 5474 2398 5527 τῶν
2425 5474 2919 5543 πλημμελούντων.
2959 5473 3153 5529 Πολλοὶ
3209 5475 3311 5543 μὲν
3362 5469 3457 5527 οὖν
3497 5474 3647 5527 κατὰ

388 5565 469 5620 ιιιί
498 5567 772 5636 pernicies
793 5583 825 5624 e
858 5569 1091 5640 penuria
1112 5575 1453 5622 commeatus
1490 5574 1548 5622 et
1588 5565 1733 5622 aeris
1756 5567 1938 5622 intem

2059 5566 2158 5629 τὰς
2186 5570 2366 5639 μάχας
2410 5567 2560 5639 αὐτῷ
2595 5567 2899 5622 συνέπεσον
2929 5567 3189 5632 κίνδυνοι,
3228 5568 3323 5621 καὶ
3371 5566 3653 5627 νεανικοῖς

388 5660 542 5729 perie
566 5660 845 5730 provenit.
887 5661 995 5715 Sed
1040 5662 1158 5730 ipse
1185 5674 1249 5715 ea
1282 5669 1407 5715 erat
1432 5658 1662 5715 audacia
1690 5699 1706 5725 ,
1729 5666 1791 5714 ut
1820 5657 1936 5713 nihi

2057 5660 2337 5729 ἀπήντησε
2391 5659 2698 5729 τραύμασι.
2732 5660 2845 5730 Τὴν
2879 5659 2935 5712 δὲ
2991 5657 3254 5729 πλείστην
3285 5655 3495 5728 φθορὰν
3544 5653 3654 5724 τῆς

387 5751 526 5809 viris
550 5753 791 5810 fortibus
825 5753 1097 5810 obsistere
1122 5768 1284 5825 posse
1311 5796 1325 5822 ,
1362 5754 1504 5812 nihil
1530 5754 1747 5826 ignavis
1776 5760 1938 5809 tutun

2062 5752 2327 5825 στρατιᾶς
2385 5752 2613 5824 ἀπορίαι
2665 5751 2777 5808 τῶν
2835 5751 3155 5822 ἀναγκαίων
3186 5750 3283 5807 καὶ
3315 5745 3653 5822 δυσκρασίαι
