3980 6246
319 322 421 386 351

1591 324 1910 384 JO.\NNlS
1952 317 2274 380 ΖΟΝᾹΗΒ

3480 307 3588 377 352

318 448 368 494 et
410 437 922 506 prteternm-igamln
962 437 1128 489 urbes
1164 435 1398 504 subegit.
1428 436 1564 490 Cum
1613 448 1796 493 autem
1832 438 1895 493 ad

2013 431 2280 501 πορθμεῖα
2308 430 2401 482 καὶ
2427 427 2642 499 σχεδίας
2677 427 3011 496 πηξάμενος,
3046 426 3333 497 ἐκομίζετο
3364 426 3452 482 διά
3481 430 3590 481 τῶν

323 531 512 584 Mallos
541 531 911 600 pervenisset,
937 530 1198 583 lndorum
1227 529 1682 598 pugnacissimos,
1707 547 1898 601 parum

321 625 391 677 ab
421 623 646 677 interitu
681 621 880 676 abfuit.
913 621 1046 675 Nam
1075 637 1200 675 cum
1233 621 1444 690 primus
1468 638 1564 691 per
1585 623 1760 676 scalas
1783 639 1902 676 tnu-

324 733 446 770 rum
473 716 921 771 conscendisset.
959 715 1133 782 iisque
1165 714 1522 767 comn'tinutis
1545 713 1613 767 ab
1649 714 1903 769 hostibus

322 816 635 878 peteretur,
662 807 870 874 impetu
907 807 960 857 in
988 804 1199 858 medios
1226 804 1413 858 hostes
1436 804 1666 870 desiliit,
1691 814 1744 858 et
1773 822 1900 859 casu

323 909 510 954 rectus
531 899 702 962 stetit,
737 914 800 953 ac
838 898 1056 952 barbari
1092 897 1330 966 primum
1355 895 1587 966 dispersi
1619 909 1778 950 sunt:
1806 898 1900 952 sed

327 1007 454 1044 cum
503 994 681 1044 solum
729 1005 850 1044 esse
881 1007 1005 1044 cum
1051 989 1268 1044 duobus
1321 990 1586 1046 duntaxat
1615 991 1904 1060 armigeris

322 1081 656 1149 conspicati,
707 1083 775 1136 ad
823 1083 1198 1138 defensionem
1276 1084 1562 1146 conversi,
1649 1083 1905 1138 cominus

321 1186 450 1225 eum
481 1172 772 1228 feriebant.
807 1174 1038 1241 Quidam
1075 1191 1206 1228 vero
1230 1174 1446 1243 longius
1478 1173 1774 1235 absistens,
1813 1189 1908 1226 sa-

323 1261 514 1330 gittam
547 1277 614 1317 ex
643 1279 774 1318 arcu
808 1264 1064 1319 emissam
1098 1265 1152 1318 in
1177 1265 1396 1319 ossibus
1421 1264 1567 1318 circa
1613 1279 1904 1318 mammam

324 1353 556 1407 deﬁxit:
589 1371 711 1424 quae
766 1357 919 1425 plaga
970 1357 1053 1411 sic
1099 1373 1238 1412 eum.
1273 1356 1543 1426 perculit,
1595 1364 1656 1409 ut
1684 1355 1908 1410 cederet

325 1455 492 1516 atque
528 1447 926 1507 inclinaretnr.
960 1450 1004 1503 is
1032 1465 1164 1503 vero
1192 1451 1286 1519 qui
1322 1465 1449 1503 eum
1485 1449 1679 1511 icerat,
1713 1448 1908 1502 stricto

323 1535 505 1604 gladio
534 1548 869 1592 accol-reret.
911 1538 1016 1593 Sed
1057 1539 1350 1594 Peucestas
1380 1548 1434 1593 et
1484 1539 1770 1594 Lenmzeus
1819 1555 1909 1592 re-

323 1644 446 1698 gem
473 1628 854 1690 defendentes,
887 1632 1050 1686 ambo
1080 1643 1212 1687 sunt
1243 1632 1538 1695 vulnerati,
1570 1633 1711 1687 alter
1740 1633 1905 1686 etiam

324 1727 600 1774 mortuus.
663 1720 972 1776 Alexander
1016 1731 1242 1787 autem,
1297 1733 1676 1792 propugnante
1722 1723 1908 1777 adhuc

2005 523 2291 593 ποταμῶν,
2318 521 2490 576 θέλων
2539 521 2639 590 τὴν
2665 519 2771 585 ἔξω
2803 519 3079 572 Θάλασσαν
3102 520 3339 573 ἐπιδεῖν·
3369 521 3465 575 καὶ
3487 537 3593 576 πα·

2008 615 2259 685 ραπλέων
2317 612 2603 673 ἀπέϐαινε,
2663 611 2757 662 καὶ
2817 609 3006 673 πόλεις
3060 610 3364 680 ἐχειροῦτο.
3416 612 3505 664 Ἐν
3535 612 3593 666 δὲ

2006 709 2243 771 Μαλλοῖς
2295 704 2556 774 γεγονὼς,
2603 703 3015 774 μαχιμωτάτοις
3065 701 3217 756 οὖσιν
3261 704 3461 766 Ἰνδῶν,
3503 723 3594 774 μι-

2006 799 2141 870 κροῦ
2184 795 2546 852 ἐκινδύνευσε.
2586 796 2810 864 Πρῶτος
2844 795 2954 865 γὰρ
2985 794 3075 848 διὰ
3108 796 3376 864 κλίμακος
3405 797 3498 850 ἐπὶ
3531 799 3592 851 τὸ

2005 895 2185 962 τεῖχος
2205 890 2432 956 ἀναϐὰς,
2465 891 2566 958 τῆς
2596 889 2863 958 κλίμακος
2896 888 3302 959 συντριϐείσης,
3356 890 3451 942 καὶ
3479 889 3592 942 τῶν

2007 983 2288 1051 πολεμίων
2333 978 2735 1049 ἐπιτιθεμένων
2773 977 2869 1030 καὶ
2918 976 3228 1047 βαλλόντων
3275 979 3460 1045 αὑτὸν,
3499 995 3596 1032 συ-

2008 1073 2248 1145 στρέψας
2278 1071 2471 1125 ἑαυτὸν
2503 1072 2583 1132 εἰς
2610 1070 2815 1139 μέσους
2845 1068 3054 1122 ἄνωθεν
3079 1069 3261 1138 ἀφῆκε
3289 1071 3416 1135 τοὺς
3443 1073 3592 1124 έναν·

2006 1167 2150 1230 τίους
2172 1179 2185 1191 ⁸
2219 1166 2314 1217 καὶ
2343 1164 2484 1218 κατὰ
2515 1163 2686 1232 τύχην
2714 1161 2874 1232 ὀρθὸς
2897 1161 3055 1233 ἔστη,
3081 1162 3182 1215 καὶ
3205 1162 3266 1215 τὸ
3299 1165 3400 1233 μὲν
3435 1165 3591 1236 πρῶ-

2013 1277 2104 1312 τον
2130 1261 2178 1312 οί
2209 1257 2477 1328 βάρϐαροι
2509 1255 2941 1323 ἐσκεδάσθησαν.
2972 1256 3196 1320 Ἰδόντες
3225 1256 3284 1310 δὲ
3307 1257 3472 1312 αὑτὸν
3498 1259 3594 1312 καὶ

2008 1353 2117 1406 δύω
2152 1351 2344 1420 μόνους
2372 1347 2740 1411 ὑπασπιστὰς,
2764 1348 3597 1422 ὲπαναστραφέντεςήμύνοντο,

2009 1447 2103 1498 καὶ
2130 1445 2466 1514 ἀγχεμάχοις
2492 1441 2679 1504 ὅπλοις
2731 1441 3089 1512 ἐτίτρωσκον.
3123 1437 3220 1504 Εἷς
3267 1443 3313 1496 δ’
3349 1443 3597 1505 ἀποστὰς

2014 1539 2156 1606 βέλει
2190 1539 2254 1589 ἐκ
2286 1535 2442 1599 τόξου
2495 1534 2673 1605 βαλὼν
2699 1533 2863 1586 αὐτὸν
2890 1576 2905 1599 ,
2937 1537 3050 1598 τοῖς
3093 1537 3222 1605 περὶ
3276 1536 3368 1589 τὸν
3421 1535 3598 1606 μαζὸν

2009 1633 2216 1692 ὀστέοις
2237 1630 2299 1682 τὸ
2331 1629 2484 1699 βέλος
2516 1627 2787 1696 ὲνέπειρε,
2809 1629 2909 1682 καὶ·
2929 1629 3106 1691 οὕτως
3138 1629 3301 1683 αὐτοῦ
3337 1630 3598 1684 καθίκετο

2015 1723 2047 1790 ή
2076 1720 2280 1792 πληγὴ,
2304 1719 2380 1784 ὼς
2403 1718 2646 1773 ἐνδοῦναί
2680 1735 2740 1770 τε
2769 1720 2862 1773 καὶ
2889 1718 3211 1790 καμφθῆναι
3237 1737 3250 1752 ο
3283 1720 3407 1772 ὅθεν
3445 1722 3472 1772 ό
3503 1720 3600 1790 βα-

325 1809 589 1865 Pcucesta
618 1853 632 1876 ,
673 1811 968 1867 barbarum
1009 1830 1038 1867 a
1071 1831 1182 1883 quo
1224 1815 1546 1870 vulneratus
1581 1824 1722 1873 erat.
1760 1815 1904 1870 oeci-

2013 1784 2124 1866 λὼν
2170 1784 2354 1878 αὑτὸν,
2402 1813 2542 1882 μετὰ
2581 1811 2768 1879 ξίφους
2819 1784 3117 1882 ἐπέδραμε.
3173 1784 3597 1876 Πευκέσταςδὲ

325 1901 447 1954 dit:
477 1904 777 1974 multisque
804 1906 1130 1960 vulneribus
1170 1907 1415 1976 acceptis
1437 1949 1452 1968 .
1495 1907 1654 1978 195
1687 1923 1810 1962 cum
1851 1907 1905 1962 in

325 1995 466 2048 collo
486 1995 650 2049 etiam
680 1998 886 2068 tragula
905 1998 1045 2053 ictus
1062 2007 1227 2059 esset.
1249 2000 1316 2055 ad
1337 2017 1556 2054 murum
1578 2001 1870 2055 inclinatus
1889 2043 1905 2067 ,

324 2084 594 2140 barbaros
611 2088 878 2144 intuetur.
900 2091 1124 2152 Interim
1155 2108 1184 2145 a
1204 2093 1591 2146 Macedonibus
1609 2092 1907 2162 congloba-

323 2178 396 2231 tis
433 2188 644 2250 raptus,
671 2197 947 2251 sensuque
977 2183 1278 2238 destitutus
1309 2192 1648 2250 exportatur.
1668 2183 1917 2238 Cuman-

323 2273 434 2320 tem
457 2267 605 2323 acies
628 2269 838 2339 sagittze
865 2272 975 2324 ossi
1003 2272 1317 2335 inhaereret,
1347 2273 1398 2325 in
1423 2273 1768 2327 extrahendo
1805 2274 1912 2328 telo

323 2359 616 2413 acerrimis
639 2360 931 2415 doloribus
956 2362 1191 2416 affectus
1217 2403 1231 2425 ,
1267 2363 1320 2416 in
1353 2363 1521 2416 animi
1553 2363 1796 2432 deliquia
1825 2363 1911 2416 in-

324 2447 485 2512 cidit,
512 2459 572 2503 ut
599 2449 667 2505 de
696 2451 808 2504 vita
834 2453 955 2522 ejus
979 2464 1162 2508 aetum
1194 2465 1505 2523 putaretur.
1537 2454 1739 2509 Tamen
1765 2455 1909 2525 peri-

324 2540 451 2593 culo
483 2541 711 2603 evitato.
743 2558 868 2597 cum
896 2544 1145 2615 longiore
1179 2555 1426 2616 tempore
1455 2556 1766 2610 curaretur,
1795 2547 1906 2600 Ma-

325 2633 637 2690 cedonibus
665 2638 786 2707 ejus
816 2638 1042 2694 videndi
1075 2639 1356 2695 desiderio
1389 2640 1861 2695 tumultuantibus
1885 2680 1902 2706 ,

325 2720 382 2776 in
415 2727 658 2780 medium
695 2729 986 2799 processit.

2015 1909 2110 1960 καὶ
2141 1906 2420 1975 Λημναῖος
2454 1903 2919 1973 ὑπεραπίσαντες,
2983 1903 3078 1956 καὶ
3131 1904 3300 1974 ἄμφω
3352 1903 3601 1975 ἐτρώθη-

2019 2015 2140 2061 σαν,
2174 1999 2269 2052 καὶ
2299 1999 2328 2051 ό
2376 1997 2476 2068 μὲν
2502 1997 2731 2067 τέθνηκε
2759 2015 2772 2028 ·
2802 1997 3118 2058 Πευκέστας
3146 1997 3204 2050 δὲ
3229 1997 3309 2050 ἐτι
3333 1997 3594 2066 ἠμύνετο,

2017 2093 2108 2144 τὸν
2137 2092 2193 2144 δὲ
2220 2089 2702 2160 τρώσανταάὐτὸν
2743 2089 3026 2160 βάρϐαρον
3078 2090 3288 2142 ἀνεῖλεν
3345 2089 3602 2156 Ἀλέξαν-

2014 2183 2159 2251 δρος.
2192 2180 2470 2252 Πολλαχοῦ
2507 2181 2564 2234 δὲ
2601 2180 2856 2250 τρωθεὶς,
2908 2175 3026 2234 εἷτα
3055 2183 3154 2233 καὶ
3201 2181 3342 2234 κατὰ
3383 2179 3482 2238 τοῦ
3508 2177 3604 2236 τέ-

2011 2291 2191 2336 νοντος
2223 2271 2412 2342 ὑπέρῳ
2435 2271 2675 2342 βληθεὶς,
2705 2271 2782 2340 τῷ
2819 2272 2988 2340 τείχει
3021 2271 3433 2344 προσερεισθεὶς
3458 2271 3600 2342 πρὸς

2010 2366 2138 2428 τοὺς
2178 2364 2490 2436 βαρϐάρους
2534 2363 2875 2418 ἀπέϐλεπεν.
2921 2365 3012 2419 Ἐν
3041 2364 3284 2435 τοσούτῳ
3329 2365 3373 2418 δ’
3404 2365 3597 2434 ἀθροι-

2009 2459 2252 2513 -σθέντων
2277 2456 2388 2512 τῶν
2413 2457 2766 2520 Μακεδόνων,
2796 2457 3101 2525 ἁρπασθεὶς
3131 2457 3214 2520 είς
3253 2457 3352 2528 τὴν
3391 2459 3600 2526 σκηνὴν

2010 2549 2360 2620 ἀναισθητῶν
2391 2549 2698 2620 ἐκομίζετο.
2743 2552 2856 2604 Ἑνὶ
2901 2551 2957 2604 δὲ
2985 2551 3094 2603 τῶν
3120 2550 3323 2604 ὀστέων
3344 2552 3443 2620 τῆς
3479 2551 3606 2603 ἀκί-

2008 2643 2099 2705 δος
2129 2642 2494 2712 ἐμπαγείσης,
2527 2640 2622 2694 τοῦ
2650 2639 2835 2693 οἰστοῦ
2876 2642 3196 2711 ἑλκομένου,
3249 2642 3436 2696 ὀδύναι
3484 2643 3605 2714 δρι-

2017 2737 2165 2804 μεῖαι
2205 2735 2300 2787 καὶ
2333 2732 2685 2803 λειποθυμίαι
2713 2733 2976 2801 ἐγίνοντο,
3002 2734 3079 2798 ὡς
3113 2735 3208 2789 καὶ
3237 2735 3421 2789 θανεῖν
3451 2737 3601 2788 ἐκεῖ-

324 2831 418 2868 νον
462 2818 779 2884 ὲλπίζεσθαι
822 2822 958 2893 (2-4).
1003 2824 1197 2893 Ὅμως
1251 2825 1437 2895 μέντοι
1492 2826 1583 2879 τὸν
1641 2825 1885 2879 κίνδυνον
1931 2827 2176 2899 διαδρὰς,
2236 2825 2334 2880 καὶ
2382 2826 2576 2897 χρόνον
2637 2825 2811 2880 πλείω
2867 2826 3339 2898 θεραπευόμενος,
3396 2829 3477 2892 είς
3513 2830 3598 2882 θό-

325 2911 491 2980 ρυϐον
516 2913 642 2977 τοὺς
674 2916 992 2982 Μακεδόνας
1025 2921 1270 2985 ἐνέϐαλε,
1311 2921 1614 2986 ποθοῦντας
1648 2924 1779 2977 ίδεῖν
1806 2923 1990 2989 αὐτὸν,
2022 2925 2118 2979 καὶ
2148 2923 2479 2995 προσῆλθεν.

400 3005 539 3062 XIV.
584 3007 918 3068 Conﬁrmata
965 3016 1281 3071 valetudine
1323 3017 1560 3072 ulterius
1609 3022 1907 3090 pergendo,

2087 3023 2184 3074 LV.
2225 3019 2630 3091 Ἀναρῤωσθεὶς
2659 3020 2717 3074 δὲ
2750 3014 2912 3083 αὖθις
2953 3018 3378 3090 παρεκομίζετο,
3411 3016 3599 3089 χώραν

324 3103 526 3158 multas
565 3106 877 3174 provincias
897 3119 955 3164 et
986 3111 1154 3165 urbes
1184 3113 1425 3181 subegit.
1457 3112 1710 3182 Cumque
1729 3131 1900 3184 quos.

326 3193 453 3246 dam
480 3195 976 3268 Gymnosophistas
1012 3202 1274 3271 cepisset,
1305 3205 1497 3273 eisque
1527 3207 1746 3261 multas.
1773 3206 1917 3261 ditIi-

327 3289 464 3343 ciles
493 3294 825 3358 quaestiones
841 3299 1244 3366 praposuisset,
1277 3301 1600 3355 muneribus
1627 3301 1790 3366 datis,
1811 3303 1914 3357 bo-

327 3379 508 3434 mines
535 3381 760 3440 dimisit.
795 3386 1011 3442 Taxiles
1044 3406 1196 3455 vero,
1231 3391 1327 3445 uni
1366 3393 1510 3448 inter
1553 3393 1678 3449 illos
1704 3395 1913 3451 celebri

327 3470 532 3527 Calano
578 3478 876 3544 persuasit,
934 3489 997 3534 ut
1046 3483 1425 3538 Alexandrum
1475 3488 1822 3542 conveniret.
1863 3487 1914 3544 ls

329 3564 540 3618 corium
573 3567 788 3623 aridum
829 3573 1084 3642 projecit,
1123 3583 1180 3628 et
1202 3577 1322 3645 ejus
1350 3587 1596 3633 extrema
1630 3595 1728 3649 per
1759 3581 1910 3636 vices

329 3656 565 3713 calcavit
601 3677 616 3714 :
652 3663 796 3730 quod
829 3664 962 3719 dum
985 3664 1165 3733 ﬁeret,
1199 3668 1321 3724 aliae
1349 3679 1536 3738 partes
1585 3674 1917 3729 attolleban-

331 3757 443 3804 tur.
477 3751 614 3806 Cum
651 3763 835 3810 autem
868 3759 1112 3813 medium
1141 3761 1411 3818 calcasset
1445 3778 1508 3818 ac
1553 3768 1916 3835 compressis-

290 3870 293 3872 -
328 3851 438 3908 set,
476 3853 652 3899 totum
695 3848 908 3902 corium
941 3851 1192 3920 quietum
1237 3853 1439 3908 mansit
1492 3863 1550 3910 et
1607 3855 1910 3914 immobile.

330 3933 451 4000 Quo
497 3939 750 4007 exemplo
787 3943 1062 4006 ‘monebat
1102 3944 1481 4000 Alexandrum
1551 3963 1624 4004 ne
1651 3949 1707 4004 in
1743 3952 1907 4020 regni

328 4029 774 4084 extremitatibus
803 4046 861 4085 se
893 4033 1228 4098 contineret,
1257 4035 1353 4090 sed
1381 4036 1562 4092 media
1592 4049 1910 4109 occuparet.

335 4125 397 4170 ut
427 4127 484 4172 et
511 4121 962 4189 circumjacentia
1005 4124 1124 4178 loca
1155 4124 1208 4178 in
1235 4125 1416 4181 olIicio
1471 4130 1912 4186 continerentur.

332 4208 554 4278 Septem
584 4213 867 4268 mensibus
914 4231 1014 4283 per
1044 4214 1270 4272 ﬂumina
1315 4218 1370 4272 in
1418 4235 1570 4275 mare
1625 4222 1913 4285 devectus,

2016 3129 2074 3164 τε
2104 3111 2306 3183 πολλὴν
2337 3113 2433 3166 καὶ
2469 3112 2653 3176 πόλεις
2683 3111 3058 3184 χειρούμενος.
3090 3110 3212 3205 Τόγ
3239 3111 3297 3165 δὲ
3323 3127 3597 3180 γυμνοσο-

2015 3201 2223 3272 φιστῶν
2251 3220 2404 3267 τινας
2434 3202 2740 3267 συλλαϐὼν,
2777 3203 2872 3257 καὶ
2908 3201 3213 3273 ἐρωτήσεις
3246 3201 3432 3265 αὐτοῖς
3463 3203 3600 3256 ἀπόυ

2017 3312 2148 3366 ρους
2176 3293 2536 3365 προθέμενος,
2574 3296 2916 3365 ἐδωρήσατο,
2972 3295 3070 3349 καὶ
3098 3297 3333 3366 ἀφῆκεν.
3371 3295 3510 3349 Ἕνα
3542 3297 3600 3350 δὲ

2015 3376 2206 3443 θεῶν”ὲν
2232 3389 2358 3458 δόξῃ
2385 3389 2515 3458 παρ’
2540 3389 2724 3452 αὐτοῖς
2739 3391 2937 3452 ὄντων,
2957 3390 3208 3444 Κάλανον
3236 3389 3599 3460 κεκλημένον,

2015 3479 2237 3532 ἔπεισεν
2267 3481 2296 3532 ὁ
2317 3477 2554 3547 Ταξίλης
2587 3478 2724 3549 πρὸς
2770 3478 3124 3548 Ἀλέξανδρον
3156 3479 3476 3548 ἀφικέσθαι.
3499 3473 3607 3533 Οὗ-

2015 3590 2107 3636 τος
2125 3572 2330 3643 βύρσαν
2361 3571 2534 3644 ξηρὰν
2559 3571 2793 3626 ἐνώπιον
2821 3571 2917 3624 τοῦ
2951 3571 3220 3642 βασιλέως
3249 3571 3600 3636 καταϐαλὼν,

2017 3664 2234 3735 περιῄει
2276 3665 2345 3717 τὰ
2378 3664 2526 3732 ἄκρα
2551 3662 2759 3731 ταύτης
2790 3664 2980 3717 πατῶν
3017 3680 3031 3696 ·
3064 3666 3098 3734 ἡ
3121 3663 3177 3718 δὲ
3203 3665 3260 3716 ἐν
3291 3664 3446 3734 μέρει
3491 3665 3601 3716 τῶν

2015 3761 2202 3831 ἄκρων
2233 3757 2534 3828 πιεζομένη
2584 3760 2649 3828 τῇ
2689 3758 3066 3828 συμπατήσει,
3090 3759 3198 3821 τοῖς
3228 3757 3406 3816 ἄλλοις
3435 3758 3604 3828 ᾔρετο

2019 3853 2265 3924 μέρεσιν.
2295 3847 2427 3905 Εἶτα
2462 3850 2626 3920 μέσον
2651 3851 2824 3920 αὐτὴν
2857 3853 3206 3929 πατήσαντος
3253 3853 3346 3904 καὶ
3377 3852 3603 3919 συσχόν-

2015 3963 2128 4008 τος,
2160 3946 2192 4013 ἡ
2220 3945 2316 4014 ὅλη
2343 3943 2516 4014 βύρσα
2555 3941 2786 4012 ὴτρέμει
2815 3943 2910 3996 καὶ
2947 3943 3205 4010 ἀκίνητος
3236 3937 3327 4013 ἦν.
3357 3940 3600 4010 Παρῄνει

2014 4038 2068 4089 δὲ
2095 4037 2182 4089 διὰ
2223 4035 2317 4086 τοῦ
2370 4034 2795 4103 ὑποδείγματος,
2837 4035 2927 4088 τὸν
2969 4033 3325 4104 Ἀλέξανδρον
3362 4033 3435 4104 μὴ
3487 4037 3601 4097 τοῖς

2017 4130 2207 4197 ἄκροις
2240 4127 2338 4195 τῆς
2373 4128 2549 4200 ἀρχῆς
2583 4128 3007 4200 ἐμφιλοχωρεῖν.
3044 4129 3114 4180 τὰ
3161 4129 3300 4195 μέσα
3327 4128 3385 4180 δὲ
3440 4131 3601 4182 κατέ·

2018 4239 2152 4292 χειν,
2190 4221 2253 4274 ἵν’
2282 4221 2424 4275 οὕτω
2453 4223 2546 4275 καὶ
2572 4221 2638 4276 τὰ
2671 4220 2832 4291 πέριξ
2859 4223 3048 4290 ἠρέμα
3167 4219 3340 4272 Ἐπτὰ
3375 4219 3430 4272 δὲ
3464 4220 3600 4290 μησὶ

333 4298 514 4359 [οι-ιω·
563 4303 796 4358 navibus
841 4303 1118 4362 Oceanum
1180 4308 1483 4379 ingressus,
1528 4311 1766 4382 indeque
1824 4328 1909 4366 re-

2016 4311 2103 4364 διὰ
2131 4311 2239 4366 τῶν
2271 4312 2532 4383 ποταμῶν
2560 4313 2639 4376 εἰς
2660 4313 2758 4382 τὴν
2789 4313 3068 4374 θάλασσαν
3113 4313 3406 4383 ὑπαχθεὶς,
3443 4313 3601 4375 λέγε-

334 4407 551 4454 versus,
585 4396 820 4451 navibus
847 4397 1097 4454 dextram
1130 4398 1330 4456 Indica:
1366 4403 1608 4473 regionis
1633 4419 1787 4458 oram
1829 4405 1909 4458 lc-

2017 4422 2105 4458 ται
2139 4407 2260 4467 ταῖς
2283 4371 2476 4459 ναυέιν
2499 4409 2580 4468 είς
2609 4371 2985 4458 τὸν-Ὠκεανὸν
3006 4371 3285 4474 ἐμϐαλεῖν.
3313 4400 3447 4457 Εἶτα
3475 4406 3604 4456 ἀνα.

335 4499 463 4552 gere
488 4484 677 4556 jussis,
723 4489 839 4556 ipse
888 4491 1130 4559 pedestri
1182 4495 1384 4550 itinere
1421 4494 1804 4565 proﬁciscens,
1861 4496 1909 4550 in

2017 4485 2291 4562 στρέξρων,
2340 4493 2442 4558 τὰς
2513 4493 2614 4563 μὲν
2644 4492 2776 4556 ναῦς
2836 4493 3146 4564 παραπλεῖν
3199 4493 3257 4544 ὲν
3307 4491 3457 4561 δεξιᾷ
3497 4489 3599 4560 τὴν

336 4585 638 4632 extremam
664 4579 905 4649 inopiam
934 4582 1194 4639 incidisse
1232 4605 1245 4641 :
1270 4595 1592 4656 tantamque
1613 4585 1909 4640 multitudi-

2030 4586 2259 4658 Ἰνδικὴν
2291 4587 2550 4656 ἐχούσας,
2593 4586 2904 4640 ἐκέλευσεν.
2932 4586 3106 4648 Αὐτὸς
3135 4585 3192 4639 δὲ
3231 4585 3371 4654 πεζῇ
3405 4601 3603 4651 πορευ-

338 4686 464 4725 nem
498 4672 777 4737 amisisse,
821 4685 881 4729 ut
934 4692 1044 4731 non
1096 4689 1294 4747 quarta
1344 4679 1626 4735 exercitus
1673 4693 1820 4748 pars,
1849 4677 1909 4733 ot

2019 4678 2230 4747 όμενος,
2276 4677 2352 4742 είς
2375 4677 2611 4748 ἐσχάτην
2643 4677 2884 4748 ἀπορίαν
2905 4677 3232 4747 κατήντησε,
3273 4676 3367 4728 καὶ
3399 4671 3601 4741 πλῆθος

336 4764 581 4826 morbos,
613 4751 815 4821 malum
850 4769 1076 4833 victum,
1110 4781 1302 4826 aestum
1332 4781 1388 4827 et
1416 4771 1637 4836 famem,
1665 4786 1732 4826 ex
1768 4770 1909 4826 ludia

2021 4771 2274 4824 τοσοῦτον
2303 4769 2608 4835 ἀπώλεσεν,
2641 4768 2783 4823 ὥστε
2833 4769 2932 4838 τῆς
2970 4770 3233 4840 στρατιᾶς
3263 4769 3397 4838 μηδὲ
3421 4769 3478 4820 τὺ
3509 4768 3603 4820 τέο

338 4869 734 4914 reverteretur.
790 4861 1011 4932 lnopem
1045 4864 1192 4919 enim
1245 4864 1588 4934 provinciam
1637 4873 1909 4932 pertrans-

2016 4879 2218 4933 ταρτον
2265 4863 2330 4914 ὲκ
2372 4865 2470 4930 τῆς
2516 4861 2745 4931 Ἰνδικῆς
2771 4860 3220 4930 ἀνακομισθῆναι
3269 4861 3360 4913 διὰ
3408 4860 3601 4922 νόσους

337 4950 475 5014 ibat,
514 4967 637 5021 qua:
693 4968 898 5023 paucas
933 4970 1066 5010 oves
1097 4955 1358 5022 habebat,
1417 4955 1648 5010 marinis
1683 4953 1909 5023 piscibus

2020 4955 2116 5008 καὶ
2151 4952 2394 5025 πονηρὰς
2425 4952 2772 5017 διαίτας,καὶ
2801 4955 3062 5022 καύματα
3094 4953 3188 5008 καὶ
3218 4951 3403 5021 λιμόν.
3434 4953 3603 5004 Ἀπο-

339 5042 412 5096 ali
455 5043 667 5111 solitas,
719 5045 934 5102 insuavi
981 5055 1037 5102 et
1065 5046 1282 5103 [ostenti
1324 5063 1512 5103 carne.
1551 5046 1824 5102 Caeterum
1857 5061 1909 5101 ea

2023 5061 2114 5114 ρον
2163 5043 2270 5112 γὰρ
2307 5041 2676 5114 διῄειχώραν,
2744 5043 2902 5110 ὀλίγα
2931 5043 3182 5114 πρόϐατα
3229 5043 3482 5113 ἔχουσαν,
3509 5042 3604 5094 καὶ

342 5135 539 5190 diebus
567 5153 632 5191 ιχ
662 5148 939 5207 superata,
971 5156 1096 5196 cum
1131 5140 1454 5196 Gedrosiam
1511 5141 1793 5209 copiosam
1835 5155 1909 5195 re-

2019 5137 2193 5192 ταῦτα
2223 5135 2528 5198 θαλαττίοις
2562 5133 2742 5204 ίχθύσι
2774 5135 3112 5206 τρεφόμενα.
3155 5136 3251 5188 καὶ
3291 5137 3473 5203 σάρκα
3507 5151 3605 5201 μο-

341 5224 558 5293 gionem
584 5227 876 5298 attigisset,
900 5237 956 5284 et
980 5230 1282 5285 exercitum
1324 5241 1380 5286 et
1429 5231 1786 5300 semetipsum
1832 5246 1923 5285 co-

344 5321 774 5377 messationibus
816 5321 1027 5377 refecit.
1060 5323 1268 5378 Deinde
1293 5324 1359 5378 ad
1407 5341 1558 5378 mare
1613 5325 1920 5390 descendit,

345 5417 403 5462 et
487 5408 769 5479 improbos
847 5412 1020 5467 duces
1099 5415 1372 5468 multavit.
1463 5415 1598 5468 Nam
1669 5416 1922 5484 superior

343 5504 642 5572 espeditio,
669 5515 725 5561 et
757 5506 822 5561 ad
866 5505 1056 5562 Mallos
1095 5519 1382 5578 acceptum
1432 5507 1654 5570 vulnus,
1681 5517 1736 5563 et
1773 5507 1918 5561 mul-

2018 5229 2230 5301 χθηρόιν
2271 5229 2464 5298 ἔχοντα
2505 5228 2599 5281 καὶ
2625 5228 2858 5298 δυσώδη.
2888 5230 2980 5283 Ἐν
3002 5229 3265 5298 ἑξήκοντα
3295 5228 3339 5280 δ’
3365 5227 3607 5297 ἡμέραις

2027 5320 2249 5374 διελθὼν
2280 5320 2377 5391 τὴν
2409 5320 2592 5391 χώραν
2623 5322 2860 5392 ἐκείνην,
2886 5322 2978 5374 καὶ
3008 5323 3105 5389 τῆς
3132 5321 3440 5389 Γεδρωσίας
3463 5320 3606 5386 ἁψά-

2033 5431 2216 5482 μενος,
2251 5415 2309 5465 ὲν
2343 5415 2598 5482 ἀφθόνοις
2623 5415 2862 5480 ἐγένετο,
2894 5415 2987 5467 καὶ
3011 5415 3109 5482 τήν
3130 5431 3187 5466 τε
3219 5413 3448 5481 δύναμιν
3478 5413 3602 5464 ἀνε-

2028 5507 2213 5568 κτᾶτο,
2246 5505 2342 5559 καὶ
2372 5506 2532 5570 αὐτὸς
2587 5506 2863 5577 ἐκώμαζε.
2899 5505 3256 5562 Καταϐαίνων
3305 5505 3348 5558 δ’
3377 5503 3474 5557 ἐπὶ
3507 5503 3594 5562 0d-

1543 5667 1739 5728 νοτία)
1772 5666 2074 5728 lectiones
2119 5674 2180 5725 et
2211 5673 2403 5727 notm.

419 5797 532 5867 (2i)
582 5795 976 5858 Ἐλπίζεσθαι.
1023 5797 1161 5855 Vide
1201 5798 1378 5856 Gloss.
1431 5801 1579 5857 med.
1609 5799 1829 5858 Gnccit.
1877 5800 1909 5854 ii

2013 5814 2066 5854 lC
2102 5815 2250 5853 νοοθ.
