3980 6246
342 339 453 406 355

1639 330 1963 393 JOANNIS
2001 329 2324 392 ZONARrE

3521 296 3623 389 διδ

345 451 513 507 etiam
557 448 692 504 illud
721 448 862 504 fuit:
899 461 1025 502 cum
1053 453 1238 500 vestes
1273 441 1622 512 deposuisset
1656 450 1713 497 ut
1761 457 1930 513 unge-

2039 442 2254 496 ἔπεσον.
2292 441 2530 511 Ἦγγέλη
2563 438 2610 492 δ’
2630 437 2797 510 αὐτῷ,
2831 438 2906 502 ὡς
2955 439 3356 508 ’Λπολλόεωρος
3387 439 3417 492 δ
3451 458 3619 511 στρα-

344 549 519 607 retur,
551 549 606 594 et
627 540 739 610 pila
757 538 996 603 luderet,
1016 536 1425 600 adolescrntes,
1454 533 1762 588 collusores
1784 534 1925 603 ejus,

339 638 396 684 et
423 630 528 701 ipsi
555 643 740 685 vestes
787 626 1034 692 exuturi,
1084 626 1278 680 vident
1323 623 1621 693 quemdam
1668 621 1726 676 in
1780 622 1930 692 regio

341 718 482 772 solio
516 717 678 772 tacite
700 717 1011 779 sedentem,
1048 715 1198 785 regia
1227 724 1380 768 veste
1421 712 1700 777 indutum,
1730 721 1787 767 et
1813 713 1933 767 dia-

341 807 563 864 demate
604 817 886 862 ornatum.
930 807 1189 874 Quicum
1228 816 1517 876 rogaretur
1571 809 1696 876 quis
1735 805 1931 860 esset?

338 899 436 954 diu
461 900 612 954 nulla
636 915 770 954 vocc
793 899 964 963 edita,
996 899 1086 954 vix
1111 899 1332 953 tandem
1368 897 1678 968 respondit,
1716 913 1775 952 se
1797 898 1929 952 Dio-

339 992 559 1064 nysium
626 991 834 1057 vocari,
894 1006 1096 1063 genere
1152 991 1506 1053 Messenium,
1550 999 1606 1046 et
1655 989 1930 1060 captivum

339 1084 638 1140 adductum
663 1101 787 1141 esse
816 1094 1041 1155 propter
1078 1084 1296 1155 objecta
1338 1083 1572 1138 crimina
1598 1100 1611 1136 :
1639 1083 1734 1138 sed
1765 1083 1932 1137 Sera-

340 1179 526 1250 pidem
555 1181 660 1235 sibi
701 1181 922 1235 vincula
952 1180 1203 1244 solvisse,
1231 1187 1289 1233 et
1316 1179 1425 1233 huc
1459 1179 1787 1248 perductum
1810 1177 1930 1248 jus-

347 1273 513 1338 sisse,
569 1281 722 1326 veste
765 1281 822 1327 et
863 1271 1178 1325 diademate
1222 1270 1480 1339 sumptis,
1519 1270 1684 1324 tacite
1718 1269 1930 1323 sedere.

348 1368 431 1422 Eo
465 1369 690 1423 homine
722 1367 1035 1422 Alexander
1077 1366 1145 1420 de
1169 1375 1356 1420 vatum
1393 1365 1629 1419 consilio
1671 1381 1701 1419 c
1749 1365 1933 1419 medio

346 1460 589 1524 sublato,
635 1476 780 1530 aeger
845 1461 1056 1523 animo,
1113 1458 1386 1514 sollicitus
1441 1467 1500 1513 et
1550 1459 1930 1528 perturbatus,

344 1551 486 1605 nihil
547 1567 656 1604 non
709 1552 764 1604 in
813 1566 976 1605 omen
1026 1551 1301 1606 vertebat.
1363 1550 1541 1605 Lotus
1582 1550 1651 1605 ad
1699 1550 1930 1604 Mediam

342 1654 715 1698 comessatum
761 1645 923 1710 abiit,
979 1643 1170 1713 ibique
1218 1645 1473 1698 noctein
1533 1643 1750 1713 poculis
1787 1652 1932 1709 acta,

343 1736 614 1804 postridie
672 1736 994 1792 febricitare
1037 1737 1227 1806 coepit.
1289 1736 1540 1805 Cumque
1573 1737 1934 1793 vehementer

2033 535 2201 605 τηγὸς
2231 533 2572 596 Βαϐυλῶνος,
2593 531 2680 601 εἴη
2704 532 2835 602 περὶ
2866 531 3034 584 αὑτοῦ
3068 531 3240 594 θύσας
3259 547 3274 562 ο
3316 531 3411 584 τοῦ
3447 531 3504 585 δὲ
3529 534 3623 586 θύ-

2035 644 2229 690 σαντος
2255 627 2523 696 μάντεως,
2555 624 2612 686 ὃς
2647 624 2976 694 Πυθαγόρας
2999 625 3310 694 ιίινόμαστο,
3344 624 3417 696 μὴ
3451 628 3622 696 ἀρνησ

2035 719 2296 791 σαμένου,
2333 717 2591 789 ἠρώτησε
2623 718 2715 771 τὸν
2755 717 2959 788 τρόπον
2985 717 3078 769 τοῦ
3116 717 3387 787 θύματος.
3429 719 3540 771 Τοῦ
3563 719 3622 772 δὲ

2034 814 2327 880 φήσαντος,
2390 810 2585 864 ἄλοὸον
2654 804 2796 861 εἶναι
2845 809 2905 861 τὸ
2935 803 3119 880 ἧπαρ,
3156 810 3380 872 Danai,
3443 807 3618 873 εἶπεν,

2034 905 2297 975 ἰσχυρὸν
2324 905 2391 958 τὸ
2414 904 2686 973 σημεῖον.
2729 905 2838 956 Καὶ
2859 903 2952 956 τὸν
2986 905 3183 974 μάντιν
3217 905 3394 957 ἀθῶον
3412 904 3618 975 ἀφῆκε.

2034 1001 2246 1071 Σημεῖα
2283 1000 2328 1053 δ’
2365 998 2518 1068 αὑτῷ
2543 999 2638 1051 καὶ
2669 997 2808 1052 ἄλλα
2832 998 3116 1064 γεγόνασι,
3171 997 3266 1051 καὶ
3303 999 3465 1052 τοῦτο
3517 999 3618 1052 δέ·

2033 1089 2452 1160 ἀποδυσαμένου
2486 1089 2598 1160 γὰρ
2626 1089 2765 1160 πρὸς
2823 1089 3070 1159 ἄλειμμα
3120 1090 3217 1142 καὶ
3251 1093 3488 1159 σφαῖραν
3523 1090 3623 1144 αὑο

2035 1183 2150 1246 τοῦ,
2176 1183 2225 1235 οἱ
2249 1182 2523 1236 νεανίσκοι
2555 1182 2602 1234 οἱ
2635 1180 3020 1252 σφαιρίζοντες
3069 1181 3358 1236 ἐκδύεσθαι
3393 1183 3622 1250 μέλλον-

2035 1299 2145 1345 τες,
2182 1281 2354 1352 ὁρῶσί
2385 1300 2506 1335 τινα
2531 1284 2588 1334 ἐν
2622 1280 2699 1352 τῷ
2737 1280 2832 1333 τοῦ
2866 1279 3136 1350 βασιλέως
3166 1277 3345 1349 θρόνῳ
3376 1275 3627 1344 καθήμεα

2036 1378 2350 1446 νονσιωπῇ,
2385 1375 2737 1445 ἐνδεδυμένον
2783 1376 2884 1442 τὴν
2930 1372 3127 1442 στολὴν
3178 1373 3278 1439 τὴν
3324 1368 3622 1438 βασίλειον,

2035 1471 2129 1521 καῖ
2163 1468 2222 1519 τ),
2246 1466 2486 1537 διάδημα
2539 1465 2958 1538 περικείμενον.
3022 1465 3118 1525 Ὃς
3172 1461 3622 1530 ἀνακρινόμενος·⁵

2035 1558 2184 1620 ὅστις
2216 1559 2322 1627 είη,
2360 1558 2454 1610 ἐπὶ
2501 1556 2638 1610 πολὺ
2671 1557 2768 1624 μὲν
2804 1557 3016 1622 ἄφωνος
3067 1549 3157 1625 ἦν,
3220 1553 3371 1622 μόλις
3403 1553 3459 1604 δέ
3494 1569 3626 1603 ποτε

2037 1650 2313 1714 Διονύσιος
2365 1649 2468 1721 ἔφη
2521 1651 2832 1715 καλεῖσθαι,
2867 1649 2926 1701 τὸ
2957 1649 3012 1700 δὲ
3049 1649 3208 1716 γένος
3231 1641 3371 1698 εἶναι
3404 1647 3626 1712 Messi;-

2037 1760 2169 1807 νιος,
2195 1741 2416 1813 δέσμιος
2450 1743 2496 1795 δ’
2527 1743 2759 1812 ἀχθῆναι
2789 1742 2876 1795 διὰ
2910 1738 3270 1810 κατηγορίαν,
3304 1737 3467 1790 λῦσαι
3495 1738 3550 1789 δὲ
3574 1738 3622 1790 et

343 1826 549 1891 sitiret,
583 1829 782 1883 hausto
816 1829 944 1882 vino
990 1828 1354 1890 phreneticus
1401 1828 1661 1881 decessit.
1697 1828 1930 1893 Quidam

2037 1835 2130 1889 τὸν
2157 1836 2405 1906 Σάραπιν
2425 1834 2496 1887 τὰ
2534 1835 2713 1905 δεσμὰ
2736 1851 2750 1866 ο
2781 1834 2876 1886 καὶ
2910 1833 3192 1901 ἀγαγόντα
3221 1828 3404 1899 δεῦρο,
3431 1828 3626 1880 κελεῦ-

339 1919 509 1986 tgitur
539 1920 643 1972 hoc
675 1919 837 1973 modo
863 1935 989 1974 eum
1013 1919 1218 1974 obiisse
1247 1922 1490 1973 tradunt.
1535 1919 1640 1972 Alii
1684 1934 1932 1984 narrant,

337 2024 464 2063 cum
494 2010 611 2066 dies
636 2013 825 2080 plures
850 2011 1249 2076 febricitasset,
1291 2012 1510 2075 lavisse,
1541 2012 1726 2081 itaque
1771 2025 1934 2066 aucto

340 2105 535 2158 morbo
561 2115 772 2159 mutttm
799 2105 1062 2174 jacuisse.
1119 2104 1448 2158 Macedones
1479 2120 1638 2167 vero,
1673 2113 1932 2173 tanquam

336 2212 406 2251 eo
435 2206 653 2251 mortuo
669 2199 1024 2266 perturbatos
1039 2197 1368 2251 vociferatos
1393 2210 1514 2249 esse
1534 2205 1723 2249 contra
1742 2197 1932 2258 duces,

340 2289 523 2344 donec
545 2288 760 2358 apertis
791 2289 1004 2343 roribus
1021 2287 1394 2342 Alexandrum
1419 2289 1474 2341 in
1504 2288 1648 2342 lecto
1666 2288 1934 2345 iacentem

341 2381 587 2436 viderint
613 2385 737 2452 :qui
764 2393 878 2436 tum
897 2383 1120 2438 demum
1149 2381 1472 2437 decesserit.
1495 2381 1728 2447 Quidam
1779 2383 1935 2436 aiunt

340 2482 528 2542 postea
548 2488 826 2528 rumorem
854 2473 1142 2529 exstitisse
1161 2487 1380 2528 veneno
1401 2473 1760 2539 exstinctum,
1782 2474 1932 2544 quod

339 2579 504 2618 suasu
532 2575 586 2619 et
603 2565 822 2636 ingenio
836 2566 1153 2622 Aristotelis
1165 2565 1374 2635 pararit
1389 2565 1698 2636 Antipater.
1717 2565 1932 2636 Aquam

341 2669 526 2712 autem
551 2673 674 2713 esse
689 2659 922 2728 gelidam
939 2669 995 2714 et
1021 2659 1304 2730 glacialem
1332 2673 1363 2712 e
1389 2668 1544 2728 petra
1593 2656 1930 2722 Nonacrina,

353 2750 537 2804 tenuis
560 2751 699 2805 roris
728 2751 902 2806 instar
917 2751 1313 2817 exundantem,
1341 2766 1504 2821 quam
1548 2751 1749 2822 ungula
1791 2750 1933 2807 asini

340 2843 638 2913 excipiant.
669 2845 858 2915 Neque
882 2845 1034 2900 enim
1067 2846 1178 2900 ullo
1196 2845 1306 2900 alio
1327 2859 1456 2900 vase
1477 2844 1776 2912 contineri,
1797 2844 1930 2914 quin

341 2934 640 3006 frigiditate
661 2938 1035 2994 etacrimonia
1067 2938 1186 3009 ejus
1208 2947 1521 3007 rumpatur.
1547 2936 1654 2992 Sed
1682 2937 1932 3007 plerique

345 3028 451 3084 hoc
515 3040 574 3083 ut
631 3029 1076 3085 commentitium
1145 3029 1453 3084 refellunt:
1512 3027 1721 3082 indicio
1772 3028 1931 3098 197

350 3136 476 3177 esse
527 3123 675 3191 quod
731 3123 967 3177 cadaver
1019 3122 1161 3191 ejus,
1200 3136 1328 3175 cum
1369 3119 1489 3174 dies
1527 3118 1841 3188 complures
1876 3118 1930 3171 in

341 3214 482 3269 locis
498 3215 695 3269 calidis
715 3217 1028 3284 neglectum
1055 3215 1290 3284 jaceret.
1325 3211 1564 3266 ducibus
1611 3212 1756 3265 inter
1806 3225 1929 3265 sese

343 3308 676 3372 rixantibus,
701 3309 909 3361 nullam
939 3307 1139 3361 veneni
1165 3314 1350 3362 notam
1375 3305 1656 3369 habuerit,
1693 3303 1790 3358 sed
1831 3317 1932 3373 pu-

344 3413 466 3451 rum
491 3396 772 3461 manserit,
808 3397 965 3467 quasi
1007 3411 1200 3452 recens
1216 3405 1386 3452 esset.
1413 3395 1634 3460 Fertur,
1668 3410 1794 3449 cum
1845 3395 1929 3449 in-

344 3496 490 3542 stare
530 3486 636 3542 sibi
681 3503 872 3546 necem
898 3488 1383 3554 animadverteret,
1412 3486 1652 3542 voluisse
1684 3486 1822 3541 clam
1873 3501 1931 3542 se

346 3581 403 3635 in
432 3581 768 3650 Euphratem
807 3581 1152 3652 demergere,
1182 3591 1244 3634 ut
1267 3595 1300 3635 e
1332 3588 1634 3650 conspectu
1679 3579 1932 3634 sublatus

346 3675 663 3745 opinionem
695 3676 923 3731 aﬂ‘erret
959 3675 1302 3740 hominibus,
1342 3689 1424 3743 se,
1460 3684 1520 3728 ut
1564 3674 1673 3730 diis
1711 3675 1933 3745 genitus

352 3779 523 3836 esset,
557 3768 631 3823 ita
659 3769 726 3824 ad
759 3769 894 3826 deos
921 3770 1175 3832 rediisse,
1241 3767 1338 3824 sed
1381 3783 1507 3824 cum
1535 3768 1934 3834 Roxane,eon-

344 3859 471 3915 silio
496 3844 618 3933 ejus
641 3861 886 3931 cegnito,
920 3861 1254 3925 obstitisset,
1288 3874 1414 3914 cum
1443 3858 1650 3928 gemitu
1672 3859 1879 3914 dixisse
1917 3878 1930 3912 :

343 3954 552 4010 litt-idea
589 3957 739 4021 mihi,
773 3956 983 4021 mulier,
1003 3956 1317 4025 [divinitatis
1351 3954 1580 4025 gloriam
1619 3964 1670 4009 et
1717 3956 1941 4009 immor-

347 4048 599 4102 talitatis.
625 4048 717 4102 Sie
747 4048 1058 4102 Alexander
1113 4046 1183 4100 ad
1227 4054 1442 4100 tantum
1501 4045 1741 4101 fortuna:
1787 4046 1942 4101 fasti-

346 4163 491 4230 gium
526 4175 773 4226 evectus,
793 4162 1051 4218 decessit.

2038 1945 2130 1981 σαι
2154 1928 2254 1994 τὴν
2280 1929 2477 1998 στολὴν
2501 1927 2598 1982 καὶ
2622 1929 2683 1980 τὸ
2705 1927 2948 1995 διάδημα
2973 1924 3323 1995 περιθέσθαι,
3362 1924 3454 1974 καὶ
3484 1922 3625 1972 καθ-

2035 2020 2257 2086 έζεσθαι
2296 2022 2502 2090 σιωπῇ.
2577 2020 2682 2072 Τὸν
2721 2020 2819 2088 μὲν
2867 2015 2960 2071 οὖν
2993 2017 3282 2085 ἄνθρωπον
3313 2017 3340 2067 ὁ
3371 2016 3624 2080 Ἀλέξαν-

2035 2113 2180 2185 δρος,
2209 2115 2284 2178 ὡς
2316 2116 2364 2167 οἱ
2401 2115 2625 2185 μάντει,
2664 2112 2977 2178 ὑπετίθουν,
3009 2112 3310 2179 ἠφάνισεν
3364 2110 3525 2173 αὐτὸς
3564 2111 3622 2162 δὲ

2035 2206 2258 2275 ἠθύμει,
2284 2205 2382 2258 καὶ
2404 2203 2666 2275 περιδεὴς
2695 2204 2789 2256 καὶ
2810 2204 3137 2272 ταραχώδης
3181 2201 3498 2268 γενόμενος.
3531 2202 3620 2252 ού-

2034 2295 2124 2348 δὲν
2162 2291 2230 2365 ἦν
2258 2296 2286 2348 ὃ
2339 2295 2415 2364 μὴ
2462 2296 2627 2364 τέρας
2679 2293 2964 2363 πεποίητο.
3014 2295 3366 2362 Λουσέιμενος
3411 2291 3490 2355 δὲ,
3527 2292 3620 2343 καλ

2038 2389 2177 2458 πρὶς
2209 2387 2423 2458 Μηδίαν
2480 2387 2775 2458 πορευθεὶς
2835 2387 3254 2455 κωμασόμενος,
3317 2385 3479 2436 κάκεῖ
3518 2383 3626 2454 τὴν

2035 2481 2206 2534 νύκτα
2227 2479 2507 2550 διαγαγὼν
2538 2483 2597 2532 ὲν
2626 2479 2704 2549 τῷ
2731 2479 2910 2549 κόμῳ,
2947 2480 3043 2531 καὶ
3075 2479 3172 2548 τὴν
3197 2477 3459 2530 ἐπιοῦσαν
3483 2477 3622 2546 ήμέο

2037 2592 2158 2646 ριν,
2190 2573 2396 2644 ἠρξατο
2429 2573 2749 2644 πυρέσσειν,
2809 2573 3100 2642 Πυρέττων
3133 2572 3188 2623 δὲ
3242 2571 3336 2623 καὶ
3384 2571 3622 2639 διψήσας

2036 2668 2306 2738 σφοδρῶς,
2344 2668 2498 2719 ἔπιεν
2543 2663 2710 2730 οἶνον,
2766 2667 2861 2719 καὶ
2912 2669 3280 2736 φρενητιὰσας
3325 2665 3616 2717 ἀπέθανεν.

2036 2754 2129 2823 Εἷς
2168 2760 2266 2830 μὲν
2298 2759 2392 2812 οὖν
2441 2760 2470 2811 ὁ
2507 2759 2611 2828 τῆς
2645 2759 2861 2812 ἐκείνου
2919 2757 3180 2824 τελευτῆς
3223 2755 3383 2823 λόγος
3439 2748 3616 2815 οὗτος.

2037 2853 2263 2923 Ἕτερος
2287 2851 2332 2904 δ’
2364 2849 2499 2922 ἔχει,
2535 2850 2622 2919 ἐφ’
2647 2849 2863 2920 ἡμέρας
2894 2847 3061 2900 αὐτὸν
3085 2847 3376 2919 πυρέττειν
3400 2845 3622 2907 πλείους

2033 2947 2128 2999 καὶ
2158 2945 2434 3009 λούεσθαι,
2465 2943 2611 2998 οὕτω
2644 2943 2702 2997 δὲ
2759 2941 3174 3013 κραταιωθῆναι
3229 2939 3322 2992 τὸν
3359 2937 3617 3008 πυρετὸν,

2033 3039 2110 3100 ὡς
2166 3038 2380 3108 ἄφωνον
2435 3037 2651 3090 κεῖσθαι
2723 3035 2888 3088 αὐτόν
2913 3051 2928 3068 ο
2986 3036 3112 3096 τοὺς
3178 3033 3236 3086 δὲ
3296 3030 3620 3086 Μακεδόνας

1961 3164 2004 3220 c
2037 3129 2385 3201 θορυϐεῖσθαι
2445 3129 2521 3194 ὡς
2595 3127 2854 3190 θανόντος
2931 3124 3121 3187 αὐτοῦ,
3175 3123 3275 3178 καὶ
3341 3121 3622 3192 καταδοᾷν

2035 3225 2144 3277 τῶν
2207 3223 2533 3294 ἡγεμόνων,
2595 3221 2702 3283 ἕως
2787 3221 2970 3283 αὐτοῖς
3028 3219 3084 3271 αἱ
3147 3216 3308 3288 θύραι
3365 3214 3624 3285 ἠνοίχθη·

2039 3332 2157 3382 σαν,
2221 3318 2317 3368 καὶ
2367 3317 2458 3368 τὸν
2533 3314 2896 3384 Ἀλέξανδρον
2945 3314 3004 3364 ἐν
3069 3313 3135 3381 τῇ
3206 3309 3364 3379 κλίνῃ
3435 3309 3624 3360 κατεῖ-

2035 3410 2148 3476 δον,
2203 3412 2298 3462 καὶ
2333 3405 2485 3477 μετὰ
2517 3407 2691 3460 ταῦτα
2751 3406 2988 3473 ἐξέλιπε.
3021 3405 3159 3458 Φασὶ
3185 3403 3243 3456 δέ
3298 3418 3445 3464 τινες
3486 3417 3620 3470 μετα

2036 3501 2233 3554 έπειτα
2264 3501 2423 3568 λόγον
2450 3498 2731 3567 γενέσθαι,
2751 3499 2824 3561 ὼς
2853 3498 2957 3550 ὑπὸ
2977 3496 3272 3568 φαρμάκου
3303 3493 3618 3562 διέφθαρτο,

2033 3593 2129 3646 καὶ
2159 3592 2252 3646 τὸν
2299 3589 2652 3662 Ἀριστοτέλη
2717 3588 3064 3655 Ἀντιπάτρῳ
3115 3585 3422 3655 σύμϐουλον
3467 3581 3624 3650 γενέο

2033 3687 2159 3739 σθαι
2211 3684 2311 3755 τῆς
2363 3685 2640 3755 πράξεως,
2700 3684 2795 3734 καὶ
2821 3681 2889 3734 δι’
2929 3679 3142 3732 ἐκείνου
3197 3676 3529 3747 κομισθῆναι
3556 3675 3623 3727 τὺ

2033 3779 2344 3848 φάρμακον.
2379 3778 2454 3830 Τὸ
2483 3777 2543 3830 δὲ
2598 3775 2744 3845 ὕδωρ
2778 3772 2916 3827 εἶναι
2947 3775 3156 3842 ψυχρὸν
3187 3771 3282 3823 καὶ⁵
3303 3767 3618 3836 παγετῶδες

2033 3871 2145 3923 ἀπὸ
2182 3869 2388 3941 πέτρας
2447 3869 2594 3932 τινὸς
2655 3873 2713 3921 ἐν
2765 3867 3076 3936 Νωνακρίδι
3116 3863 3304 3933 οὔσης,
3351 3861 3380 3914 ὃ
3426 3864 3622 3930 δρόσον

2037 3963 2228 4033 ὥσπερ
2254 3963 2458 4032 λεπτὴν
2483 3962 2987 4030 ἀναλαμϐάνοντες,
3013 3960 3095 4021 είς
3125 3957 3247 4010 ὄνου
3280 3956 3452 4026 χηλὴν
3480 3954 3620 4005 ἀπο-

2035 4056 2316 4109 τίθενται·
2367 4056 2523 4108 ούδέν
2567 4056 2677 4124 γὰρ
2713 4055 2903 4122 ἕτερον
2961 4053 3184 4120 ἀγγεῖον
3246 4049 3432 4115 στέγει
3461 4044 3620 4108 αὐτὸ,

2039 4149 2154 4202 ἀλλ’
2196 4151 2299 4202 ὑπο
2350 4149 2695 4220 ψυχρότητος
2729 4149 2826 4200 καὶ
2869 4145 3203 4217 δριμύτητος
3241 4143 3618 4196 διακόπτεται.

345 4257 409 4307 Οἱ
434 4256 491 4308 δὲ
520 4257 744 4319 πλείους
783 4253 1096 4308 πεπλάσθαι
1131 4251 1289 4323 φασὶ,
1321 4249 1400 4322 τῷ
1460 4248 1740 4322 φαρμάκῳ
1779 4248 1962 4304 θανεῖν
1990 4251 2084 4302 τὸν
2130 4245 2500 4315 Ἀλέξανδρον,
2530 4243 2624 4295 καὶ
2654 4240 2812 4293 τοῦτο
2837 4238 3266 4310 τεκμηριοῡνται
3316 4238 3379 4288 ὲκ
3432 4234 3526 4287 τοῦ
3555 4235 3621 4288 τὸ

347 4347 508 4415 σῶμα
556 4346 640 4414 ἐφ’
664 4347 877 4416 ἡμέρας
909 4344 1158 4407 πλείονας
1199 4344 1457 4412 κείμενον
1487 4345 1546 4396 ἐν
1571 4340 1761 4406 τόποις
1825 4341 2052 4412 θερμοῖς
2119 4338 2491 4410 ἀτημέλητον,
2553 4335 2662 4388 τῶν
2693 4334 2981 4404 ἡγεμόνων
3014 4333 3147 4401 πρὸς
3170 4329 3432 4402 ἀλλήλους
3485 4346 3620 4381 στα..

347 4441 674 4499 σιασάντων,
735 4434 904 4503 μηδὲν
951 4434 1196 4503 ἐμφῆναι
1249 4433 1510 4504 τοιαύτης
1563 4433 1772 4502 φθορᾶς
1827 4436 2077 4502 σημεῖον,
2147 4431 2284 4484 ἀλλὰ
2351 4429 2595 4500 καθαρὸν
2625 4427 2919 4495 διαμεῖναι,
2987 4429 3078 4477 καὶ
3123 4423 3302 4474 δοκεῖν
3363 4422 3620 4490 πρόσφα-

345 4546 459 4582 τον.
509 4528 747 4598 Λέγεται
775 4527 854 4592 δὲ,
891 4527 968 4592 ὡς
1001 4528 1169 4596 γνοὺς
1203 4528 1304 4599 ήδη
1347 4529 1624 4580 ἐκλείπειν
1653 4527 1803 4598 αὐτῷ
1859 4529 1920 4578 τὸ
1964 4526 2249 4597 βιώσιμον,
2321 4525 2599 4594 ὴὸουλήθη
2657 4525 2716 4585 ἐς
2777 4520 2870 4573 τὸν
2924 4517 3219 4587 Εὐφράτην
3259 4517 3621 4568 καταποντῶ-

351 4620 727 4690 σαιλαθρηδδν
750 4619 1072 4683 tau—comitia
1090 4624 1383 4690 γενόμενος
1406 4621 1923 4691 ἁφανὴς,παρὰσχῃ
1949 4620 2108 4684 δόξαν
2168 4620 2243 4683 ὡς
2305 4621 2385 4683 είς
2422 4619 2578 4680 θεοὺς
2643 4612 3032 4686 μετελήλυθεν,
3089 4611 3148 4675 ἐξ
3181 4611 3406 4664 ἐκείνων
3461 4610 3619 4678 γενό-

349 4731 530 4788 μενος.
577 4715 641 4767 'H
671 4713 727 4766 δὲ
761 4713 1006 4785 Ῥωξάνη
1037 4712 1196 4768 τοῦτο
1221 4712 1447 4780 γνοῦσα,
1473 4711 1658 4785 εἶργεν
1691 4713 1842 4784 αύτῴ
1894 4715 1953 4764 τὸ
1990 4715 2328 4784 ἐγχείρημα.
2395 4712 2455 4766 Ὀ
2483 4711 2539 4763 δὲ
2600 4709 2720 4779 μετ’
2751 4708 3001 4777 οίμωγῆς
3031 4707 3156 4776 ἔφη,
3208 4707 3283 4768 ὡς
3331 4705 3623 4772 Ἑφθόνη-

345 4827 463 4876 σας
492 4809 626 4878 ἄρα,
663 4808 862 4877 γύναι,
895 4824 997 4876 μοι
1036 4805 1222 4876 δόξης
1253 4805 1357 4859 τοῦ
1396 4805 1710 4873 θεωθῆναι,
1746 4806 1842 4858 καί
1879 4803 1967 4874 μὴ
2009 4807 2254 4870 (lar-air;
2299 4804 2360 4856 Ὀ
2429 4804 2528 4874 μὲν
2557 4798 2650 4855 οὖν
2713 4799 3061 4869 Ἀλέξανδρος
3109 4797 3282 4858 οὕτως
3341 4798 3423 4861 είς
3475 4801 3624 4868 μέγα

343 4900 516 4972 τύχης
548 4897 864 4968 προαχθεὶς,
889 4896 1263 4963 ἐτελεύτησεν.

419 4993 532 5047 XV.
567 4991 668 5046 llic
701 5006 869 5062 porro
898 4990 1030 5044 dum
1065 4986 1620 5061 Tyrum'obsidebat,
1656 5007 1755 5062 per
1778 4992 1925 5048 litte-

2105 4987 2208 5043 lE'.
2237 4988 2366 5040 Ὄτε
2406 4986 2460 5038 δὲ
2497 4985 2595 5055 τὴν
2630 4981 2807 5051 Τύρον
2829 4979 3161 5050 ἐπολιόρκει,
3203 4979 3513 5044 ἐπιστείλας
3537 4981 3620 5052 τῷ

351 5103 441 5142 ras
468 5102 497 5139 a
526 5083 790 5154 pontilice
819 5083 1134 5138 Judteorum
1163 5081 1346 5152 petiit,
1378 5082 1581 5137 auxilia
1619 5083 1726 5138 sibi
1761 5084 1925 5146 mitti,

347 5189 404 5234 et
431 5179 611 5232 [orum
641 5174 874 5246 praberi
908 5175 1203 5238 exercitui,
1265 5173 1484 5243 sibique
1519 5189 1584 5228 ea
1612 5174 1754 5239 dari,
1807 5190 1930 5244 quae

349 5271 629 5340 pensitare
657 5266 818 5322 Dario
855 5265 1002 5320 soliti
1024 5275 1232 5319 essent.
1263 5264 1401 5319 Cum
1438 5273 1624 5318 autem
1674 5266 1921 5333 pontifex

350 5379 411 5417 se
453 5360 819 5432 jurejurando
889 5358 1220 5413 obstrictum
1272 5372 1394 5412 esse
1453 5358 1637 5422 Dario,
1661 5373 1729 5410 ne
1777 5373 1928 5412 arma

350 5465 543 5509 contra
599 5454 753 5506 illum
815 5451 1006 5518 ferret,
1062 5451 1314 5512 dixisset,
1369 5451 1535 5519 idque
1582 5448 1804 5504 vivente
1835 5451 1930 5504 illo

350 5545 684 5600 violaturqu
718 5555 1015 5616 negasset:
1071 5541 1384 5598 Alexander
1418 5541 1613 5604 iratus,
1669 5556 1728 5596 se
1785 5542 1928 5596 bello

351 5638 652 5710 petiturum
725 5639 1102 5709 Hierosolyma
1162 5634 1571 5698 comminatur,
1662 5645 1929 5705 captaque

365 5724 515 5803 (νο,
545 5741 735 5787 contra
769 5733 963 5786 urbem
995 5727 1386 5794 proﬁciscitur.
1412 5725 1482 5780 At
1515 5725 1760 5796 pontifex
1799 5729 1928 5784 Joa-

364 5821 450 5880 ‘us
479 5825 549 5882 ob
581 5826 726 5896 regis
753 5826 887 5898 iram
911 5821 1129 5888 anxius,
1159 5818 1330 5875 Deum
1366 5827 1508 5887 orat,
1541 5835 1610 5873 ne
1662 5823 1926 5892 pupulum

2027 5085 2137 5136 τῶν
2174 5080 2446 5135 Ἰουδαίων
2474 5079 2747 5147 ἀρχιερεῖ,
2771 5074 2926 5143 ἠξίου
2951 5075 3271 5144 συμμαχίαν
3292 5075 3442 5145 αὐτῷ
3473 5076 3621 5145 πέμ-

2029 5193 2174 5239 πειν,
2213 5173 2306 5228 καὶ
2341 5171 2550 5242 ἀγορὰν
2591 5168 2670 5240 τῷ
2701 5168 3096 5238 στρατεύματι,
3133 5169 3225 5220 καὶ
3270 5169 3371 5221 ὃσα
3399 5169 3618 5238 Δαρείῳ

2030 5265 2443 5335 ἐδασμοφόρουν
2492 5260 2644 5332 αὐτῴ
2681 5260 2910 5314 διδόναι.
2950 5259 3057 5311 Τοῦ
3099 5257 3156 5310 δὲ
3179 5259 3483 5329 ἀρχιερέως
3513 5259 3618 5329 ὅρ-

2031 5377 2160 5413 κους⁵
2189 5359 2402 5429 Δαρείῳ
2444 5355 2629 5408 δοῦναι
2671 5357 2969 5424 φήσαντος,
3017 5352 3092 5424 μὴ
3136 5348 3267 5422 ἆραι
3301 5351 3617 5405 κατάὑτοῦ

2029 5453 2189 5513 ὅπλα,
2217 5451 2312 5503 καὶ
2332 5449 2553 5510 τούτους
2578 5448 2778 5512 ζῶντος
2801 5446 3032 5515 Δαρείου
3063 5446 3138 5517 μὴ
3163 5443 3615 5514 παραϐήσεσθαιο

2028 5545 2259 5616 ὀργίσθη
2283 5542 2655 5611 Ἀλέξανδρος,
2700 5541 2794 5592 καὶ
2819 5541 3088 5610 ἠπείλησε
3123 5537 3448 5609 στρατεύειν
3469 5537 3618 5591 κατὰ

2030 5639 2126 5707 τῆς
2160 5638 2447 5696 Ἰουδαίαῖ.
2495 5637 2558 5687 Ἀ
2571 5651 2656 5703 ρτι
2690 5633 2748 5686 δὲ
2775 5634 2874 5704 τὴν
2899 5632 3079 5701 Τύρον
3109 5629 3490 5701 παρειληφὼς,
3518 5630 3618 5682 ἐπὶ

2031 5735 2096 5785 τὰ
2134 5730 2483 5796 Ἰεροσόλυμα
2532 5727 2813 5797 ὥρμησεν.
2861 5727 2922 5778 ’0
2956 5725 3011 5777 δὲ
3040 5724 3332 5794 ἀρχιερεὺς
3356 5723 3514 5776 ἰωὰδ
3555 5723 3616 5774 έν

2031 5824 2242 5893 ἀγωνίᾳ
2297 5817 2364 5892 ἦν
2403 5819 2490 5872 διὰ
2522 5819 2621 5890 τὴν
2685 5818 2780 5872 τοῦ
2837 5817 3100 5889 βασιλέως
3158 5814 3349 5885 ὀργὴν,
3381 5815 3476 5868 καὶ
3514 5814 3615 5867 τοῦ
