3980 6246
474 448 576 513 307

1748 438 2073 504 JUANNIS
2107 441 2431 505 ZONARIE

3632 446 3741 511 368

476 571 652 622 εἴκοσι
712 561 811 632 τῆς
858 562 1116 635 εὐτυχίας
1152 559 1360 628 ταύτης
1399 556 1707 629 ἁπὴλαυσε.
1761 555 1984 623 Γυναιξὶ
2042 554 2102 608 δὲ
2141 555 2291 611 δυεῖν
2350 555 2705 626 συνοικήσας,
2764 553 2829 608 ἐκ
2861 553 2961 624 μὲν
3014 554 3114 626 τῆς
3156 556 3285 626 μιᾶς
3336 556 3529 623 παῖδας
3594 560 3749 629 ἔσχεν

476 671 639 730 sntit,
675 667 738 717 ἐκ
776 660 833 714 δὲ
857 661 954 732 τῆς
981 658 1179 729 λοιπῆς
1205 656 1302 709 ἕνα
1342 649 1443 726 (ἦν
1471 651 1517 706 δ’
1552 650 1693 722 αὕτη
1724 651 2062 720 ἀδελφόπαις
2102 650 2326 717 αὐτοῦ),
2370 645 2514 723 ᾖπερ
2540 649 2714 713 οὕτως
2747 648 3055 720 συνῴκησεε

545 760 730 817 XVIII.
779 756 917 813 Cum
957 750 1353 808 saltatriculam
1406 746 1703 817 quamdam
1757 743 2060 816 deperiret;

2238 745 2346 801 ΠΡ.
2394 743 2783 829 Ὀρχηστρίδος
2823 742 3042 815 ἠράσθη
3077 743 3247 809 τινὸς,
3293 743 3392 797 καὶ
3428 743 3507 815 τῷ
3543 748 3750 818 ταύτης

477 869 640 927 atque
674 851 841 907 animi
870 844 1248 918 aegritudinem
1294 839 1454 895 fratri
1499 837 1840 909 aperuisset;
1876 834 1965 890 ille
1997 847 2058 888 se

476 947 683 1006 amoris
708 944 1020 999 ministrum
1046 937 1164 992 l‘ore
1182 934 1486 1006 pollicitus,
1508 940 1676 986 noctu
1707 930 1875 984 tiliam
1899 942 2056 983 suam

478 1046 543 1100 ad
591 1055 718 1098 eum
751 1034 1002 1093 deduxit.
1039 1032 1159 1099 Quo
1193 1029 1396 1099 smpius
1441 1025 1586 1080 facto
1610 1065 1622 1089 ,
1667 1033 1833 1093 alque
1874 1035 2062 1076 amore

478 1147 665 1196 aucto,
699 1141 1016 1197 arcanoque
1045 1122 1268 1194 cognito
1292 1161 1307 1185 ,
1339 1117 1528 1174 fratris
1561 1115 1729 1170 tiliam
1775 1113 2065 1168 matrimo-

478 1231 572 1284 nio
602 1226 707 1283 sibi
735 1221 939 1296 junxit,
969 1234 1035 1273 ex
1055 1228 1230 1285 eaque
1254 1200 1771 1281 ﬁlium'llyrcanum
1798 1205 2062 1274 suscepit.

479 1320 584 1388 Qui
612 1295 786 1372 annos
822 1307 1087 1368 tredecim
1115 1313 1300 1370 natus,
1340 1309 1397 1357 et
1428 1299 1778 1372 prudentiam
1817 1307 1874 1352 et
1919 1295 2065 1351 aeri-

480 1413 721 1470 moniam
773 1420 926 1462 suam
968 1396 1387 1457 demonstravit.
1424 1394 1560 1450 Nam
1609 1393 1809 1448 missus
1838 1406 1869 1445 a
1912 1396 2066 1461 patre

480 1522 604 1562 cum
660 1517 755 1557 ccc
808 1500 975 1553 boum
1016 1492 1164 1564 iugis
1207 1491 1271 1544 ad
1337 1485 1603 1557 praedium
1660 1480 1935 1552 quoddam
1979 1477 2066 1531 bi-

481 1602 651 1653 duum
690 1592 944 1648 dissitum
990 1587 1191 1642 itinere
1222 1624 1236 1647 ,
1267 1578 1655 1641 excolendum,
1679 1578 1939 1645 iugorum
1984 1570 2070 1624 lo-

482 1694 560 1747 ris
595 1703 705 1744 non
739 1682 982 1754 acceptis
1013 1696 1027 1736 :
1059 1666 1182 1733 cum
1225 1673 1451 1730 bulhuci
1486 1672 1867 1731 hortarentur,
1913 1673 1974 1719 ut
2001 1678 2066 1719 ea

466 1791 582 1856 'per
615 1780 873 1837 nuntium
918 1793 949 1830 a
977 1780 1133 1845 patre
1168 1775 1413 1839 peteret,
1449 1777 1644 1819 eorum
1691 1758 1925 1816 consilio
1958 1772 2065 1811 non

481 1875 778 1949 acquievit,
798 1869 893 1927 sed
925 1885 960 1923 ι
987 1868 1155 1923 boum
1180 1862 1328 1935 jugis
1357 1856 1676 1923 immolatis,
1699 1868 1895 1909 carnes
1922 1852 2068 1906 inter

480 1970 767 2045 operarios
810 1961 1116 2026 distribuit,
1164 1967 1222 2014 et
1270 1954 1587 2027 tergoribus
1617 1948 1856 2006 concisis
1897 1946 2067 2001 boves

478 2038 724 2136 alligavit
768 2079 782 2115 :
819 2067 984 2127 atque
1015 2053 1091 2108 ita
1123 2065 1293 2122 opere
1338 2047 1592 2104 confecto
1618 2043 1843 2099 domum
1880 2038 2063 2095 rediit.

2162 835 2405 906 ἔκαμνεν
2431 834 2619 906 ἔρωτι.
2651 834 2868 907 Μηνύει
2909 833 2967 888 δὲ
3004 837 3067 888 τὸ
3108 834 3281 898 πάθος
3309 836 3388 906 τῷ
3429 836 3685 911 ἀδελφῷο
3722 842 3753 897 ὁ

2163 929 2222 984 δὲ
2253 929 2690 1001 διακονήσασθαί
2721 930 2770 983 οἱ
2805 929 2946 998 πρὸς
2990 928 3084 982 τὸν
3123 927 3301 999 ἔρωτα
3334 930 3745 1000 ἐπηγγείλατο·

2165 1022 2260 1075 καὶ
2291 1019 2489 1084 νυκτὸς
2540 1020 2640 1092 τὴν
2673 1019 2872 1074 ἑαυτοῦ
2903 1019 3185 1097 θυγατέρα
3219 1021 3358 1091 πρὸς
3395 1023 3486 1076 τὸν
3518 1024 3752 1094 ἀδελφὺν

2164 1110 2392 1182 ἀγαγὼν
2437 1112 2856 1183 συγκατέκλινε.
2892 1114 3005 1168 Καὶ
3035 1115 3227 1168 τούτου
3270 1117 3570 1184 γενομένου
3615 1118 3755 1171 πολ-

2164 1202 2345 1268 λάκις,
2379 1204 2486 1275 ἦρα
2521 1203 2907 1275 σφοδρότερον.
2926 1202 3036 1257 Τοῦ
3065 1203 3122 1258 δέ
3153 1203 3389 1275 ἀδελφοῦ
3419 1204 3479 1258 τὸ
3510 1222 3757 1278 κεκρυμ-

2168 1298 2330 1370 μένον
2374 1297 2526 1369 αὐτῷ
2567 1297 3011 1370 φανερώσαντος,
3051 1296 3336 1369 συνῴκησε
3368 1301 3435 1371 τῇ
3466 1298 3751 1369 ἀδελφιδῇ,

2166 1388 2260 1443 καὶ
2298 1388 2358 1455 ἐξ
2384 1391 2556 1479 αύτῆς
2598 1390 2714 1443 υῐδν
2744 1389 2925 1460 ἔσχεν,
2974 1389 3247 1462 Ὑρκανὸν
3284 1390 3527 1455 καλέσας
3561 1392 3752 1446 αὐτόν.

2166 1478 2535 1553 Τρισκαίδεκα
2563 1483 2620 1538 δὲ
2658 1483 2903 1553 γεγονὼς
2937 1483 3076 1538 ἐτῶν
3106 1478 3285 1549 οὗτος,
3314 1484 3418 1555 τήν
3440 1500 3500 1538 τε
3531 1482 3757 1539 σύνεσ.ν

2167 1577 2381 1631 ἐδείκνυ
2424 1579 2519 1632 καὶ
2548 1578 2648 1651 τὴν
2687 1578 3022 1651 ἐντρέχειαν.
3081 1578 3216 1641 Aab;
3248 1579 3358 1651 γὰρ
3387 1578 3537 1650 αὐτῷ
3574 1581 3601 1632 ό
3643 1596 3755 1632 πασο

2165 1669 2271 1739 τὴρ
2317 1668 2488 1741 ζεύγη
2540 1669 2683 1741 βοῶν
2735 1672 3047 1742 τριακόσια,
3080 1671 3392 1744 ἐξέπεμψεν
3440 1674 3522 1736 είς
3564 1670 3755 1743 χώραν

2165 1762 2313 1815 δυεῖν
2337 1763 2576 1834 ἡμέραιν
2630 1764 2964 1837 ἀπέχουσαν,
3024 1765 3124 1840 τὴν
3187 1767 3294 1838 γῆν
3354 1766 3754 1839 ἐργασόμενον,

2165 1858 2294 1920 τοὺς
2321 1856 2554 1926 ἱμάντας
2575 1856 2685 1913 τῶν
2710 1856 2895 1926 ζυγῶν
2919 1858 3393 1929 παρακατασχὼν.
3410 1859 3470 1912 '0
3491 1858 3572 1925 δέ,
3596 1858 3756 1926 γενόο

2171 1967 2331 2022 μενος
2373 1952 2529 2015 ἐκεῖ,
2581 1951 2678 2005 καὶ⁹
2724 1952 2800 2022 μὴ
2838 1949 2980 2021 ἔχων
3012 1951 3272 2021 ἱμάντας,
3321 1950 3431 2005 τῶν
3470 1942 3758 2022 βοηλατῶν

2169 2044 2414 2099 στέλλειν
2454 2043 2591 2116 πρὸς
2622 2044 2717 2098 τὸν
2752 2043 2971 2116 πατέρα
3014 2044 3143 2109 τοὺς
3185 2044 3512 2116 αἰτήσοντας
3552 2045 3759 2108 αὐτοὺς

479 2166 549 2218 At
576 2125 733 2229 pater
759 2167 879 2209 eam
897 2125 1256 2205 calliditatem
1280 2141 1611 2204 admiratus,
1637 2137 1791 2191 illum
1822 2148 1934 2205 prae
1958 2146 2062 2187 cm-

2172 2139 2279 2192 δεῖν
2311 2136 2607 2206 λεγόντων,
2638 2140 2705 2207 τῇ
2751 2137 2852 2208 μὲν
2885 2137 3111 2191 ἐκείνων
3140 2137 3420 2210 συμϐουλῇ
3476 2137 3536 2191 οὗ
3579 2152 3759 2208 προσ-

483 2253 616 2309 teris
647 2247 797 2312 ﬁliis,
838 2258 984 2313 aegre
1011 2241 1065 2297 id
1100 2235 1439 2298 ferentibus,
1478 2241 1535 2287 et
1569 2228 1774 2284 amavit
1802 2235 1854 2282 et
1882 2224 2064 2297 magni

481 2344 633 2401 fecit.
679 2341 820 2397 Nato
859 2344 1045 2391 autem
1084 2331 1198 2386 tilio
1251 2329 1568 2386 Ptolemaeo,
1607 2322 1888 2395 principes
1938 2332 2064 2390 pro-

484 2437 793 2491 vinciarum
843 2430 923 2484 illi
980 2423 1294 2498 parentium
1348 2417 1734 2476 Alexandriam
1791 2416 1947 2469 ibant
1999 2411 2065 2467 ad

483 2530 644 2602 203
692 2523 1000 2581 natalitium
1049 2520 1249 2573 festum
1317 2510 1731 2569 celebrandum.
1794 2505 2067 2577 Iosephus

485 2594 667 2675 uittam
700 2615 772 2670 ob
808 2619 1024 2668 aetatem
1070 2605 1293 2670 tardus,
1337 2602 1576 2673 aliquem
1605 2615 1673 2655 ex
1706 2596 1832 2652 ﬁliis
1876 2611 1942 2650 eo
1987 2594 2067 2649 ire

478 2707 726 2781 iubebat.
761 2701 989 2759 (laeteris
1027 2708 1210 2753 autem
1249 2690 1657 2756 recusantibus,
1692 2688 1977 2760 Hyrcanus
2009 2698 2066 2740 se

485 2805 691 2856 iturum
733 2795 952 2865 recipit,
981 2807 1045 2847 ac
1076 2789 1213 2861 patri
1248 2796 1441 2842 auctor
1468 2791 1574 2849 est,
1608 2797 1677 2837 ne
1704 2794 1933 2835 munera
1972 2776 2068 2831 illo

486 2896 685 2956 mittat,
717 2888 813 2944 sed
844 2881 1214 2941 Alexandrino
1241 2873 1588 2948 procuratori
1624 2871 1851 2937 scribat,
1886 2879 1947 2923 ut
1968 2883 2068 2922 au-

488 3003 608 3043 rum
634 2984 739 3041 sibi
766 2980 878 3042 del,
902 2992 1012 3048 quo
1039 2986 1269 3028 munera
1293 2979 1592 3039 comparet.
1621 2966 1738 3029 Ille,
1758 2961 2069 3018 collaudato

486 3081 583 3138 ﬁlii
639 3074 898 3136 consilio,
948 3064 1295 3141 procuratori
1339 3060 1566 3123 scribit,
1604 3058 1698 3129 qui
1732 3071 1840 3112 non
1886 3053 2071 3108 minus

384 3196 393 3203 ί
488 3174 666 3229 tribus
713 3166 960 3224 millibus
1004 3162 1270 3217 talentum
1325 3151 1793 3212 administrabat,
1865 3155 1930 3202 ut
1978 3146 2069 3200 det

488 3267 600 3321 lilio
637 3271 907 3334 quantum
936 3256 986 3313 ei
1031 3269 1171 3326 opus
1202 3253 1297 3308 sit.
1327 3250 1513 3321 Neque
1550 3261 1682 3301 vero
1718 3243 1947 3315 putabat
1983 3239 2069 3293 ul-

2167 2230 2353 2302 έσχεν,
2372 2231 2532 2293 αὐτὸς
2556 2229 2611 2282 δὲ
2644 2229 2781 2285 δέκα
2805 2229 2976 2300 ζεύγη
3006 2230 3346 2294 καταθύσας,
3382 2230 3451 2284 τὰ
3485 2230 3586 2301 μὲν
3614 2231 3762 2301 κρέα

2167 2329 2279 2389 τοῖς
2326 2326 2593 2396 ἐργάταις
2641 2323 2908 2393 διένειμε,
2962 2325 3065 2387 τὰς
3113 2324 3171 2378 δὲ
3211 2324 3377 2396 δορὰς
3423 2324 3762 2396 κατατεμὼν

2167 2420 2379 2482 τούτοις
2411 2416 2714 2491 προσέδησε
2743 2420 2872 2481 τοὺς
2902 2419 3123 2487 ζυγοὺς,
3151 2416 3247 2471 καὶ
3283 2418 3428 2473 οὕτω
3462 2419 3560 2489 τὴν
3585 2422 3761 2490 ἐργα-

2170 2516 2293 2570 σίαν
2335 2516 2571 2585 ποιήσας
2622 2514 3043 2586 ἐπανελήλυθεν.
3092 2515 3153 2571 'O
3182 2516 3240 2570 δὲ
3267 2517 3472 2588 πατὴρ,
3499 2516 3599 2588 τὴν
3634 2516 3767 2569 ἐπί-

2166 2625 2318 2663 νοιαν
2365 2607 2533 2662 αὐτοῦ
2580 2607 2767 2677 γνοὺς,
2801 2609 2895 2661 καὶ
2934 2607 3252 2679 ἐθαύμασεν
3286 2610 3453 2664 αὐτὸν
3480 2610 3576 2664 καὶ
3620 2609 3770 2680 ἠγά-

2170 2717 2336 2770 πησε,
2379 2701 2608 2754 καὶ-τῶν
2638 2699 2815 2755 ἄλλων
2850 2701 3123 2772 προετίμα
3157 2701 3314 2755 υἱῶν·
3341 2703 3389 2756 0!
3414 2702 3474 2756 δὲ
3501 2701 3762 2774 ἤχθοντο.

2167 2788 2260 2862 Τῷ
2285 2792 2340 2845 δὲ
2374 2793 2706 2863 Πτολεμαίῳ
2738 2790 3100 2864 γεννηθέντος
3141 2793 3282 2861 υἱοῦ,
3322 2795 3370 2847 οί
3405 2794 3613 2867 πρῶτοι
3645 2794 3769 2853 τῶν

2170 2884 2263 2938 ὑπ’
2296 2885 2458 2938 αὐτὸν
2507 2887 2704 2956 χωρῶν
2749 2883 3029 2956 ἑώρταζον
3073 2886 3142 2941 τά
3185 2886 3459 2955 γενέθλια,
3501 2887 3770 2953 ἀπιόντες

2170 2979 2252 3041 είς
2313 2978 2746 3044 Ἀλεξάνδρειαν.
2812 2980 3014 3050 Ἰωσὴφ
3047 2977 3126 3047 δέ,
3175 2978 3254 3049 τῷ
3304 2979 3451 3052 γήρᾳ
3497 2980 3771 3051 δυσκόμι-

2172 3087 2296 3134 στος
2333 3070 2446 3141 (50)
2480 3071 2745 3140 γεγονὼς,
2792 3073 2901 3125 τῶν
2934 3072 3144 3126 παίδων
3187 3073 3286 3127 ἕνα
3340 3075 3460 3127 ἐκεῖ
3495 3072 3768 3129 ἀπελθεῖν

2171 3165 2566 3235 προετρέπετο.
2591 3163 2715 3217 Τῶν
2740 3164 2795 3217 δὲ
2835 3165 3228 3237 πρεσϐυτέρων
3268 3168 3766 3243 παραιτουμένων,

2170 3260 2198 3311 ὁ
2245 3257 2516 3329 Ὑρκανὸς
2563 3258 2830 3312 κατέθετο
2885 3258 3171 3327 ἀπελθεῖν,
3221 3260 3317 3314 καὶ
3366 3259 3768 3315 συνεϐούλευσε

488 3372 571 3416 :ra
600 3375 636 3414 ι
667 3355 866 3411 talenta
900 3352 1202 3423 petiturum
1245 3345 1310 3400 ad
1341 3357 1575 3400 munera
1612 3338 1726 3408 regi
1762 3335 2066 3391 oﬂ‘ereuda.

2175 3348 2254 3445 τῷ
2312 3347 2483 3445 πατρὶ
2516 3347 2613 3445 Δμὴ
2642 3350 2901 3445 πέμπειν
2953 3351 3183 3407 αὐτόθεν
3209 3351 3360 3423 δῶρα
3405 3353 3486 3423 τῷ
3522 3353 3744 3423 βασιλεῖ

491 3395 571 3416 α..
603 3395 636 3414 ι
667 3395 866 3411 ...........
901 3395 1202 3423 ,ψη-.--ω
1246 3395 1308 3400 --_
1411 3395 1452 3397 η
1487 3395 1502 3398 -
1674 3395 1704 3408 υ

488 3454 608 3514 illo,
659 3447 903 3517 acceptis
955 3442 1182 3506 litteris,
1225 3434 1614 3494 Alexandriam
1655 3442 1841 3495 eunte,
1873 3427 2069 3499 reliqui

2177 3395 2478 3492 ἐπιστεῖλαι
2511 3395 2568 3492 δέ
2600 3395 2677 3509 τῷ
2709 3395 2772 3493 ἐξ
2814 3395 3197 3515 Ἀλεξανδρεία
3211 3395 3771 3519 :{QVQQFEQZ

488 3541 715 3614 Iosephi
750 3538 909 3596 liberi
951 3532 1196 3607 paternis
1227 3529 1422 3586 amicis
1451 3526 1735 3590 scribunt,
1773 3532 1834 3578 ut
1869 3521 2074 3594 Hyrca-

489 3610 633 3691 uumv
655 3649 752 3705 per
776 3629 1007 3685 insidias
1037 3623 1272 3681 e‘medio
1299 3620 1515 3675 tollant.
1544 3614 1651 3672 Sed
1690 3629 1829 3685 puer
1858 3610 2073 3667 reddita

486 3722 834 3800 procuratori
862 3716 1118 3790 cpistola,
1148 3721 1285 3786 quot
1321 3708 1541 3766 talentis
1579 3721 1718 3778 opus
1750 3713 1931 3768 esset,
1979 3717 2074 3756 ro-

486 3796 667 3891 gatus,
703 3831 828 3872 cum
864 3812 1013 3868 mille
1037 3808 1306 3881 petiisset,
1345 3819 1408 3860 ac
1439 3819 1472 3857 κ
1503 3811 1714 3857 tantum
1742 3796 2070 3867 accepisset,

485 3915 666 3969 iratus
689 3908 966 3964 hominem
997 3904 1050 3958 in
1074 3900 1295 3957 vincula
1319 3895 1562 3967 coniicit.
1597 3891 1927 3948 Ptolemaeus
1940 3902 2074 3944 vero

487 4007 642 4061 misit
691 4002 757 4057 ad
813 4015 965 4063 eum,
1012 4010 1181 4066 seque
1232 3989 1422 4047 mirari
1471 3986 1628 4052 dixit,
1680 4000 1782 4040 cur
1828 3983 1884 4037 in
1939 3995 2075 4036 con-

486 4108 738 4170 Spcctum
761 4108 923 4151 suum
949 4105 1062 4144 non
1099 4085 1361 4149 venisset,
1408 4096 1472 4136 ac
1494 4088 1787 4150 paternum
1810 4087 2075 4144 procura-

491 4208 663 4250 iurem
700 4184 1014 4245 viuxissct?
1056 4182 1151 4238 lllo
1190 4174 1598 4249 respondente,
1651 4185 1710 4226 se
1740 4169 1932 4224 venire
1970 4180 2075 4220 ne-

486 4286 654 4339 luisse
687 4283 865 4336 donec
899 4289 1132 4331 munera
1168 4276 1453 4343 parasset,
1486 4281 1552 4321 ac
1581 4278 1803 4319 servum
1834 4261 1906 4315 ob
1935 4273 2072 4314 con-

489 4374 785 4433 tumaciam
829 4370 1092 4424 multasse
1139 4385 1153 4421 :
1199 4363 1323 4419 risit
1363 4375 1481 4424 rex,
1510 4356 1671 4429 pueri
1711 4348 2075 4424 magnanimi-

492 4480 660 4525 tatem
708 4463 1031 4519 admiratus.
1087 4457 1385 4514 Enimvero
1427 4457 1776 4524 procurator,
1819 4458 1945 4500 cum
1991 4442 2075 4495 in-

491 4561 769 4630 telligcret
800 4571 963 4626 opem
996 4552 1105 4610 sibi
1128 4550 1264 4606 ferri
1302 4564 1333 4602 a
1369 4546 1612 4611 nemine,
1641 4541 1784 4598 datis
1812 4538 1962 4594 mille
1989 4544 2072 4590 ta-

489 4654 676 4719 lentis,
702 4649 943 4707 vinculis
974 4647 1266 4702 liberatur.
1290 4641 1574 4713 llyrcanus
1596 4643 1781 4691 autem
1811 4649 1841 4688 c
1866 4645 2071 4703 pueros

2177 3532 2325 3602 σχεῖν
2370 3531 2521 3602 αὐτῷ
2590 3531 2834 3604 χρυσίον,
2882 3535 2973 3589 ἶνα
3001 3534 3070 3589 δι’
3102 3535 3271 3590 αὐτοῦ
3307 3536 3537 3609 πρίηται
3586 3538 3768 3612 δῶρα..

2185 3624 2246 3676 Ὀ
2291 3623 2370 3688 δέ,
2407 3623 2501 3679 τὸν
2543 3625 2661 3679 υίδν
2705 3626 3002 3690 ἐπαινέσας
3043 3628 3145 3699 τῆς
3179 3628 3515 3703 συμϐουλῆς,
3554 3632 3770 3704 γράφει

2173 3714 2253 3785 τῷ
2293 3716 2585 3788 οἰκονόμῳ,
2622 3718 2734 3772 τῶν
2781 3719 2840 3772 ἐν
2894 3719 3280 3795 Ἀλεξανδρείᾳ
3316 3726 3622 3795 χρημάτων
3659 3725 3770 3781 οὐκ

2175 3805 2475 3862 ἐλαττόνων
2522 3809 2694 3865 ὄντων
2740 3811 3066 3883 τρισχιλίων
3121 3814 3427 3882 ταλάντων,
3460 3815 3647 3873 δοῦναι
3683 3818 3771 3892 τῷ

2177 3898 2277 3969 υἱῷ
2320 3901 2579 3971 χρήματα
2625 3902 2770 3955 ὅσων
2817 3901 2883 3958 ἂν
2928 3903 3120 3977 δεηθῇ,
3176 3906 3406 3971 ἐλπίσας
3464 3908 3541 3980 μὴ
3590 3909 3774 3965 πλεὲω

2174 3992 2309 4046 δέκα
2347 3992 2569 4047 ἔσεσθαι
2595 3994 2879 4051 ταλάντων
2910 3999 3010 4074 τὴν
3041 3999 3137 4053 ἐπὶ
3170 4002 3237 4072 τῇ
3275 4000 3455 4074 δωρεᾷ
3482 4001 3580 4056 τοῦ
3609 4003 3774 4074 βασι-

2176 4087 2312 4150 λέως
2337 4086 2608 4158 δαπάνην.
2662 4088 2858 4144 Λαϐὼν
2883 4073 2978 4145 οὖν
3005 4091 3103 4164 τὴν
3131 4073 3439 4166 ἐπιστολὴν
3468 4073 3768 4168 Ὑρκανὸς,

2176 4179 2344 4250 ἀπῄει
2374 4179 2512 4250 πρὸς
2549 4178 2988 4254 Ἀλεξάνδρειαν
3029 4185 3077 4238 οἱ
3116 4185 3174 4240 δὲ
3212 4185 3392 4240 λοιποὶ
3420 4186 3515 4241 τοῦ
3558 4188 3768 4260 Ἰωσὴφ

2179 4271 2370 4332 παῖδες
2401 4272 2675 4341 γράφουσι
2712 4276 2823 4338 τοῖς
2853 4279 3143 4348 πατρικοῖς
3165 4276 3406 4348 ἑταίροις
3446 4278 3773 4332 ἐπιϐουλεῦ-

2181 4380 2269 4417 σαι
2304 4363 2383 4432 τῷ
2426 4350 2701 4436 Ὑρκανῷ,
2755 4367 2851 4420 καὶ
2883 4367 3195 4439 διαφθεῖραι
3238 4369 3424 4424 αὐτόν.
3464 4369 3771 4440 Γε-.όμενος

2178 4454 2222 4507 δ’
2248 4456 2305 4509 ἐν
2349 4455 2756 4529 Ἀλεξανδρεία,
2812 4460 2912 4530 τὴν
2961 4460 3259 4532 ἐπιστολὴν
3295 4460 3391 4515 τοῦ
3437 4462 3648 4531 πατρὸς

2179 4547 2449 4618 οἰκονόμῳ
2479 4549 2759 4603 ἐπέδωκεν
2784 4565 2797 4579 ⁸
2842 4553 2869 4605 ό
2898 4551 2955 4605 δὲ
2995 4553 3163 4624 ἤρετο
3204 4552 3387 4605 πόσων
3424 4552 3620 4623 χρῄζει
3667 4570 3772 4605 τα-

2180 4641 2410 4707 λάντων,
2466 4647 2561 4697 καὶ
2609 4643 2688 4708 ὃς,
2742 4644 2980 4699 Χιλίων·
3025 4648 3053 4699 ό
3094 4644 3138 4699 δ’
3160 4647 3441 4717 οἰκονόμος
3486 4647 3548 4699 οὐ
3600 4645 3774 4699 πλείω

490 4743 908 4802 robustissimos
945 4748 1002 4794 et
1036 4738 1347 4792 litterarum
1389 4744 1588 4802 gnaros
1623 4726 1830 4781 talento
1879 4723 2069 4793 singu-

2179 4734 2311 4786 δέκα
2358 4738 2622 4808 παρεῖχεν
2644 4750 2658 4765 ⁸
2690 4736 2971 4806 ὀργισθεὶς
3002 4738 3059 4792 δὲ
3087 4737 3115 4787 ὁ
3150 4741 3304 4806 παῖς,
3349 4741 3442 4794 τὴν
3477 4743 3599 4794 οἱκο
3633 4741 3774 4812 όμον

490 4841 576 4895 los
601 4838 758 4898 emit,
793 4842 847 4890 et
884 4830 1113 4887 totidem
1145 4825 1388 4897 virgines
1420 4820 1710 4877 tantidem.
1736 4817 1874 4873 Aliis
1910 4816 2077 4882 igitur

495 4932 635 4986 dena
661 4927 864 4982 talenta
899 4922 1018 4993 regi
1052 4916 1442 4981 offerentibus,
1479 4913 1548 4970 iis
1574 4926 1707 4967 vero
1734 4910 1829 4981 qui
1858 4905 2081 4963 muniti-

491 5019 767 5076 ceutiorcs
796 5028 920 5069 esse
943 5009 1262 5074 studebant,
1295 5005 1487 5063 vicena
1517 5019 1627 5059 non
1659 4993 2035 5073 supergressis
2062 5016 2075 5053 :

489 5114 777 5187 llyrcanus
809 5119 1014 5176 pueros
1040 5111 1096 5158 et
1140 5099 1384 5172 virgines
1414 5098 1529 5169 regi
1560 5104 1616 5152 et
1639 5094 1944 5166 Cleopatra:
1975 5090 2075 5147 ob-

489 5207 638 5265 tulit.
685 5214 923 5274 quorum
972 5196 1209 5268 quilibet
1258 5192 1477 5264 singula
1528 5190 1732 5245 talenta
1785 5186 2075 5243 afferrent.

490 5298 678 5371 Regiis
716 5310 881 5369 porro
932 5290 1126 5348 amicis
1157 5298 1213 5344 et
1244 5285 1514 5343 ministris
1558 5285 1857 5339 multorum
1903 5282 2081 5336 talen-

494 5401 608 5445 tum
640 5404 874 5446 munera
919 5384 1093 5443 dedit.
1123 5380 1452 5439 Ptolemaeus
1493 5387 1678 5434 autem
1718 5391 1950 5448 puerum
1981 5374 2080 5431 ad-

2183 4827 2475 4896 ἐδέσμησε.
2509 4828 2620 4881 Καὶ
2650 4828 2678 4882 ὀ
2724 4829 3084 4901 Πτολεμαῖος,
3124 4832 3341 4896 στείλας
3378 4831 3516 4903 πρὸς
3559 4833 3773 4904 ’Υρκα-

2183 4919 2295 5020 νδν,
2331 4917 2841 5020 θαυμάζειχέλεγε,
2878 4923 2994 4986 πῶς
3022 4922 3145 4977 οὔτε
3167 4924 3324 4995 ὤφθη
3351 4925 3520 4997 αὐτῷ,
3553 4930 3651 4980 καί
3676 4941 3735 4980 τ.
3754 4943 3773 4976 .“

2184 5010 2279 5063 τοῦ
2337 5011 2546 5081 πατρὸς
2604 5010 2794 5083 ἔδησεν
2864 5014 3177 5086 οἰκονόμον.
3231 5016 3292 5069 '0
3344 5017 3403 5069 δὲ
3458 5015 3534 5090 μὴ
3588 5017 3775 5072 ἐλθεῖν

2187 5099 2315 5170 ἔφη,
2362 5103 2673 5172 περιμένων
2705 5105 2996 5175 ἑτοιμάσαι
3035 5108 3106 5160 τὰ
3157 5107 3309 5179 δῶρα
3330 5124 3343 5139 ·
3373 5109 3466 5163 τὸν
3493 5110 3550 5163 δὲ
3580 5109 3775 5164 δοῦλον

2187 5192 2440 5260 κολάσαι,
2480 5187 2562 5257 οἷς
2603 5194 2869 5263 ἐπέταξεν
2912 5198 3331 5270 ἀπειθήσανταο
3365 5199 3454 5254 διὰ
3508 5199 3686 5256 ταῦτα
3741 5205 3776 5257 ὁ

2181 5283 2440 5356 βασιλεὺς
2478 5284 2572 5338 καὶ
2624 5286 2878 5355 ἐγέλασε,
2914 5290 3009 5342 καὶ
3040 5291 3141 5360 τὴν
3171 5289 3267 5344 τοῦ
3297 5291 3486 5355 παιδὸς
3529 5292 3777 5363 μεγαλο-
3828 5296 3831 5297 ⁷

2182 5373 2460 5447 φροσύνην
2504 5376 2840 5449 ἐθαύμασεν.
2907 5378 2967 5434 ’0
3022 5379 3081 5434 δὲ
3137 5381 3341 5454 ’Δρίων
3389 5383 3418 5437 ὀ
3452 5383 3770 5453 οἰκονόμος,

493 5483 740 5546 miratus,
765 5484 1019 5538 hortatus
1041 5487 1145 5543 est,
1169 5486 1231 5531 ut
1260 5481 1476 5547 peteret
1515 5486 1636 5544 quae
1668 5468 1852 5528 vellet.
1876 5469 1928 5526 ls
1949 5482 2069 5524 verc

689 5576 723 5586 ι.
789 5576 803 5586 .
929 5574 1006 5586 Α..-
1107 5572 1118 5583 ι
1157 5570 1170 5583 ι
1223 5577 1278 5586 Α..
1325 5566 1468 5586 μ-.-ε
1522 5574 1571 5586 ,Α
1615 5563 1878 5586 9..-...2L..-
1924 5561 1988 5586 Δ-
2021 5575 2069 5586 -.ι

2180 5468 2345 5586 γνοὺς
2374 5467 2451 5532 ὡς
2479 5468 2582 5523 οὐκ
2614 5468 2766 5523 ἐστιν
2796 5470 2946 5542 αὐτῷ
2980 5474 3199 5545 ἀρωγὴ,
3221 5474 3348 5538 δοὺς
3386 5473 3457 5529 τά
3487 5473 3639 5545 χίλια
3666 5474 3772 5527 τά-

2225 5578 2357 5586 ,,,,,
2434 5561 2544 5586 ,,-,,,
2592 5560 2806 5586 φυηρ-.
2854 5565 3011 5586 μη.--
3077 5567 3136 5586 υ.
3178 5567 3291 5586 ,νη
3330 5585 3348 5586 η
3389 5566 3406 5586 .
3437 5585 3441 5586 ,
3473 5567 3521 5586 ει
3574 5564 3735 5586 ην..-

493 5591 605 5631 non
654 5576 806 5630 aliud
853 5574 1034 5646 petiit,
1065 5570 1172 5627 nisi
1222 5577 1286 5625 ut
1324 5566 1472 5639 patri
1517 5574 1575 5621 et
1614 5563 1882 5621 fratribus
1920 5561 1992 5619 de
2021 5575 2069 5617 se

2189 5561 2382 5628 λαντα,
2434 5561 2544 5616 τῶν
2588 5560 2807 5635 δεσμῶν
2850 5565 3040 5639 ἐλύθη.
3077 5567 3136 5623 '0
3178 5566 3446 5640 Ὑρκανὸς
3470 5567 3528 5622 δέ
3566 5564 3775 5633 παῖδας

496 5666 783 5724 scriberet.
812 5667 871 5723 ld
903 5666 1033 5724 fecit
1060 5663 1410 5730 Ptolemazus,
1436 5672 1675 5729 eumque
1697 5655 1957 5729 regaliter
1980 5653 2083 5710 dor

2183 5654 2381 5709 ἑκατὸν
2424 5656 2832 5727 ἀκμαιοτάτους
2876 5661 2974 5717 καὶ
3005 5662 3318 5737 γράμματα
3345 5662 3563 5746 εἰδότας
3611 5662 3768 5736 ὠνη-

1685 5821 1888 5885 Varite
1917 5820 2226 5885 lectiones
2271 5828 2334 5885 et
2365 5828 2557 5884 notae.

572 5927 683 5998 (50)
711 5927 1149 5996 Δύσκόμιστος.
1203 5925 1427 5984 Phrasis
1484 5922 1693 5982 nostris
1743 5922 1967 5992 usitata,
1997 5924 2089 5993 qui
2129 5922 2338 5978 n‘estoit
2374 5938 2471 5993 pus
2493 5923 2735 5994 portatif.
