3980 6246
280 210 396 271 369

1530 210 1941 274 ANNALIUM
1974 209 2125 271 LIB.
2172 210 2277 295 1v.

3463 211 3568 272 33d

284 344 447 386 σατο.
495 325 769 383 ταλάντου
802 326 1106 399 πριάμενος
1132 324 1386 390 ἕκαστον,
1430 328 1527 381 καὶ
1568 327 1877 400 παρθένους

1983 336 2169 381 natum
2209 321 2502 397 ablegavit.
2552 323 2771 380 Fratres
2816 339 2951 380 vero
2992 325 3214 396 cognito
3259 324 3568 397 honoriﬁco

288 422 561 487 τοσαύτας
592 421 947 477 ίσοταλάντου
972 423 1161 494 τιμῆς.
1179 420 1300 476 Τῶν
1337 421 1470 490 γοῦν
1498 421 1676 477 ἄλλων
1698 423 1878 477 ἀπάνο

280 531 397 569 των
442 513 552 569 τῶν
597 516 699 587 μὲν
743 516 851 570 ἀνὰ
890 513 1022 570 δέκα
1055 515 1296 570 τάλαντα
1352 516 1746 585 προσαγόντων
1798 514 1878 586 τῷ

285 607 524 676 βασιλεῖ,
572 606 684 662 τῶν
731 607 790 661 δὲ
832 608 1009 675 μείζω
1040 609 1403 680 δωρουμένων
1463 609 1562 678 οὐχ
1596 608 1874 678 ύπερὸἀν-

282 717 397 753 των
442 700 511 753 τά
561 701 791 758 είκοσιν.
844 702 873 756 ό
923 700 1191 773 Ὑρκανὸς
1235 703 1363 763 τοὺς
1393 700 1592 764 παῖδας
1632 701 1732 755 καὶ
1778 699 1878 764 τὰς

284 790 601 862 παρθένους
633 791 712 864 τῷ
738 793 958 865 βασιλεῖ
985 793 1080 849 καὶ
1110 796 1179 865 τῇ
1208 792 1540 865 Κλεοπάτρᾳ
1568 792 1883 864 προσήνεγ-

286 901 408 950 κεν,
439 876 516 939 ὧν
538 885 774 951 ἕκαστος
800 887 896 941 καὶ
918 885 1187 942 τάλαντον
1206 887 1393 957 ἔφερε.
1422 886 1534 941 Καὶ
1558 889 1677 950 τοῖς
1707 887 1883 955 φίλοις

284 979 346 1033 δὲ
396 978 495 1033 τοῦ
552 980 844 1052 βασιλέως,
891 984 987 1038 καὶ
1047 983 1160 1046 τοῖς
1225 983 1358 1054 περὶ
1418 980 1518 1054 τήν
1578 981 1883 1053 θεραπεῗαν

284 1071 457 1127 αὐτοῦ
491 1073 707 1129 πολλῶν
733 1075 1013 1130 ταλάντων
1039 1076 1192 1148 δῶρα
1225 1077 1555 1147 παρέσχετο.
1574 1074 1882 1144 Θαυμάσας

283 1164 344 1218 δὲ
389 1164 735 1236 Πτολεμαῖος
782 1168 876 1222 τὸν
913 1168 1101 1235 παῖδα,
1147 1170 1322 1223 αίτείν
1358 1168 1395 1223 ἀ
1451 1166 1704 1238 βούλεται
1744 1184 1882 1237 προ-

283 1259 577 1331 ετρέπετο.
614 1262 677 1317 Ὀ
720 1262 777 1317 δὲ
815 1263 969 1317 οὐδὲν
999 1264 1203 1336 ᾔτησεν
1246 1262 1278 1333 ἢ
1313 1260 1390 1334 τῷ
1430 1264 1600 1331 πατρῖ
1631 1259 1727 1314 καὶ
1765 1261 1878 1324 τοῖς

285 1351 541 1422 ἀδελφοῖς
573 1352 787 1425 γράψαι
819 1355 950 1425 περὶ
975 1354 1167 1410 αὐτοῦ.
1191 1356 1255 1408 Ὃ
1284 1355 1518 1426 ποιήσας
1543 1353 1570 1406 6
1596 1350 1872 1424 βασιλεὺς,

285 1444 384 1497 καὶ
432 1445 735 1515 βασιλικῶς
780 1448 931 1520 αύτῷ
965 1449 1384 1521 δωρησάμενος,
1416 1444 1752 1516 ἐξέπεμψεν.
1809 1444 1873 1496 Οί

1986 418 2109 489 ejus
2155 418 2369 481 reditu,
2405 417 2626 474 obviam
2671 418 2877 488 egressi
2913 431 3064 484 sunt,
3110 421 3230 491 ejus
3260 421 3568 490 perimendi

1986 528 2153 566 causa
2174 553 2189 578 ,
2224 527 2291 566 ne
2323 522 2478 582 patre
2510 510 2732 581 quidem
2776 511 3049 584 refragato
3083 528 3151 567 ex
3184 512 3464 568 iracundia
3500 515 3570 568 oh

1988 602 2320 673 insumptam
2350 602 2663 672 pecuniam.
2700 601 2982 658 Fratribus
3007 617 3136 658 eum
3177 602 3411 668 adortis,
3445 619 3570 658 cum

1985 709 2053 750 ex
2087 708 2280 750 eorum
2322 695 2653 751 satellitibus
2682 694 2865 762 multi,
2903 704 3017 750 tum
3057 695 3301 765 ipsorum
3337 696 3448 751 duo
3477 712 3564 750 ce-

1985 786 2263 843 ciderunt.
2307 785 2679 854 Quamobrem
2714 787 2961 852 territus,
3005 794 3061 841 et
3094 787 3235 842 ultra
3273 786 3569 843 Iordanem

1986 872 2288 951 profectus,
2325 881 2528 936 bellum
2573 879 2852 937 Arabibus
2882 880 3047 953 204
3080 880 3263 935 intulit
3299 900 3311 934 :
3342 891 3397 935 et
3420 896 3568 935 sum-

1985 981 2187 1043 ptuoso
2226 973 2452 1028 castello
2490 984 2793 1037 exstructo.
2845 983 3031 1044 partes
3063 974 3185 1028 illas
3220 988 3317 1043 per
3359 984 3496 1041 sept-
3520 988 3569 1025 ut

1985 1083 2163 1123 annos
2210 1067 2421 1130 tenuit,
2461 1068 2703 1137 quandiu
2757 1068 2934 1140 Magni
2977 1067 3232 1123 Antiochi
3279 1067 3424 1120 illius
3468 1067 3569 1121 Sc-

1987 1161 2184 1216 leucus
2223 1161 2392 1233 Syria:
2426 1162 2634 1231 potitus
2670 1171 2773 1217 est.
2822 1162 2921 1218 Cui
2971 1178 3097 1217 cum
3142 1162 3310 1217 frater
3373 1161 3566 1215 Antio-

1986 1253 2125 1310 chus
2145 1253 2462 1324 Epiphanes
2482 1260 2849 1310 sueccssissct
2884 1274 2896 1309 ι
2946 1272 3057 1325 pra:
3082 1260 3241 1310 'mctu
3272 1255 3439 1318 illius,
3479 1270 3567 1308 uc-

1985 1366 2105 1403 ccm
2150 1349 2258 1404 sibi
2302 1349 2591 1413 conscivit,
2627 1351 2784 1420 cujus
2817 1352 3106 1420 pecuniam
3152 1351 3459 1405 Antiochus
3486 1364 3564 1403 ac-

1984 1442 2154 1513 cepit.

282 1536 343 1591 δὲ
375 1535 625 1608 ἀδελφοὶ,
658 1538 927 1611 μαθόντες
956 1541 1254 1595 ἐπανιόντα
1282 1539 1425 1610 μετά
1479 1539 1673 1610 τιμῆς,
1711 1534 1936 1607 ἐξῆλθον
1973 1537 2383 1606 ὑπαντήσαντες
2430 1537 2580 1608 αὐτῷ
2629 1537 2727 1591 καὶ
2789 1536 3234 1608 διαφθεροῦντες,
3294 1535 3431 1606 μηδὲ
3482 1533 3570 1586 τοῦ

284 1630 502 1700 πατρὸς
556 1632 907 1700 κωλύσαντος
968 1635 1264 1706 ὑπ’όργῆς
1305 1638 1405 1705 τῆς
1461 1631 1551 1687 διὰ
1611 1631 1709 1702 τὴν
1766 1632 1876 1684 τῶν
1916 1629 2221 1700 χρημάτων
2266 1631 2539 1703 δαπάνην.
2623 1633 2994 1704 Ἐπιθεμένων
3042 1631 3098 1685 δέ
3138 1633 3187 1684 οἱ
3263 1630 3371 1684 τῶν
3420 1629 3573 1683 ἀδελο

284 1722 429 1793 φῶν,
456 1722 643 1777 πολλοί
671 1742 731 1779 τε
760 1724 869 1778 τῶν
899 1725 996 1779 σὺν
1023 1725 1212 1790 αὐτοῖς
1238 1725 1574 1790 Exeo-omasi.
1633 1724 1693 1789 ἐξ
1758 1722 1942 1775 αὐτῶν
1981 1724 2095 1779 δύο.
2149 1724 2344 1786 Δείσας
2383 1719 2477 1778 οὖν
2524 1724 2615 1778 διὰ
2664 1724 2863 1789 ταῦτα,
2911 1726 2992 1788 είς
3041 1724 3103 1777 τὸ
3139 1723 3313 1794 πέραν
3356 1722 3570 1791 ἀπῆλθε

284 1816 383 1870 τοῦ
421 1815 720 1888 Ἰορδάνου,
748 1821 844 1873 καὶ
875 1819 1136 1890 ἐπολέμει
1169 1820 1285 1883 τοῖς
1320 1817 1550 1887 Ἄραψι,
1586 1817 1678 1870 καὶ
1711 1818 1870 1887 βάριν
1905 1819 2025 1871 ἐκεῖ
2088 1816 2361 1886 πολυτελῆ
2425 1816 2769 1888 ᾠκοδῦμησε,
2791 1819 2885 1873 καὶ
2912 1818 3148 1888 κατέσχε
3178 1818 3244 1872 τὰ
3284 1819 3401 1870 ἐκεῖ
3429 1816 3571 1885 μέρη

282 1909 384 1962 ἐπὶ
429 1907 529 1981 ἐτη
582 1910 746 1976 ἑπτὰ,
789 1912 876 1981 ἐφ’
909 1911 1035 1966 ὅσον
1083 1913 1111 1966 6
1156 1911 1253 1965 τοῦ
1304 1911 1546 1981 μεγάλου
1596 1911 1876 1980 Ἀντιόχου
1918 1911 2035 1973 υίὸς
2106 1910 2374 1975 Σέλευκος
2414 1912 2512 1980 τῆς
2550 1913 2756 1984 Συρίας
2824 1913 3122 1983 ἐκράτησε.
3152 1911 3357 1965 Τούτου
3387 1911 3443 1963 δὲ
3475 1909 3569 1963 θαι

285 2000 492 2065 νόντος,
530 2004 629 2056 καὶ
656 2000 753 2057 τοῦ
784 2001 1017 2073 ἀδελφοῦ
1048 2003 1217 2056 αὐτοῦ
1261 2001 1541 2072 Ἀντιόχου
1568 1999 1667 2072 τὴν
1694 2003 1872 2072 ἀρχὴν
1913 2003 2330 2074 διαδεξαμένου,
2354 2004 2446 2057 τοῦ
2518 2007 2849 2075 Ἐπιφανοῦς
2879 2007 3241 2077 καλουμένου,
3304 2003 3567 2076 φοϐηθεὶς

283 2098 315 2151 6
364 2098 633 2170 Ὑρκανὸς
664 2099 853 2166 αὐτὸν,
892 2099 1153 2171 αὐτόχειρ
1186 2099 1383 2154 ἑαυτοῦ
1411 2099 1649 2169 γίνεται,
1693 2098 1788 2151 καὶ
1813 2099 1881 2150 τα
1921 2098 2184 2169 χρήματα
2221 2100 2389 2152 αὑτοῦ
2427 2101 2455 2153 ὁ
2492 2099 2769 2177 Ἀντίοχος
2795 2100 2983 2155 ἐλαὸε.

357 2212 463 2270 ιον.
504 2215 753 2287 Τελευτᾷ
782 2214 842 2269 δὲ
884 2216 983 2271 καὶ
1022 2217 1052 2271 6
1105 2213 1412 2287 Ἐπιφανὴς
1447 2214 1811 2285 Πτολεμαῖος.
1854 2216 1879 2267 ὀ

2058 2213 2200 2270 XIX.
2252 2215 2547 2272 Ptolemaeo
2578 2232 2801 2287 quoque
2851 2218 3137 2289 Epiphane
3186 2218 3407 2291 Egypti
3449 2234 3573 2290 rege

282 2310 390 2380 τῆς
430 2308 717 2377 Αἰγύπτου
760 2311 1002 2382 κρατῶν,
1036 2310 1132 2365 δύο
1166 2310 1368 2374 παῖδας
1397 2310 1706 2372 νεωτάτους
1734 2308 1878 2364 πάνυ

1983 2319 2226 2376 mortuo,
2255 2309 2475 2365 duobus
2521 2310 2768 2380 parvulis
2807 2310 2994 2366 ﬁliolis
3051 2312 3282 2376 relictis,
3333 2326 3571 2381 quorum

286 2401 637 2459 καταλιπών·
670 2397 749 2458 ὧν
782 2406 811 2457 6
835 2403 937 2475 μὶν
968 2404 1302 2475 Φιλομήτωρ
1328 2403 1619 2475 ἐκέκλητο,
1651 2401 1879 2457 Φύσκων

1983 2403 2124 2458 alter
2143 2401 2507 2465 Philometor.
2532 2403 2675 2458 alter
2708 2403 2957 2474 Physcon
2995 2405 3302 2460 vocabatur
3333 2422 3346 2457 :
3380 2405 3570 2460 Antio-

278 2498 345 2552 δέ
399 2512 465 2565 γε
516 2498 547 2550 6
596 2496 822 2567 ἔτερος·
860 2496 1073 2552 τούτων
1130 2496 1561 2568 καταφρονήσας
1606 2494 1882 2566 Ἀντίοχος

285 2588 584 2662 στρατεύει
638 2588 725 2642 ἐπ’
751 2589 1060 2657 Αιγυπτονο
1102 2587 1220 2641 ἀλλ’
1249 2583 1608 2658 ἀπεκρούσθη
1649 2583 1879 2656 ταύτης,

282 2684 401 2738 τῶν
440 2681 734 2753 Ῥωμαίων
760 2680 1070 2752 ἀπέχεσθαι
1102 2680 1204 2751 τῆς
1239 2679 1429 2751 χώρας
1474 2677 1880 2747 εντειλαμένων

285 2775 467 2844 αὐτῷ.
533 2773 780 2829 Ἐκεῖθεν
824 2774 870 2827 δ’
912 2771 1177 2838 ἐπανιὼν,
1235 2773 1329 2827 ἐπὶ
1393 2770 1458 2826 τὰ
1522 2769 1879 2842 Ἰεροσόλυμα

284 2868 545 2939 ὥρμησε,
594 2868 689 2923 καὶ
726 2866 961 2936 κατέσχε
999 2865 1103 2937 τὴν
1136 2864 1293 2919 πόλιν
1327 2865 1600 2934 ἀμαχητὶ,
1634 2862 1883 2930 ἀνοιξάν-

284 2979 402 3016 των
455 2958 608 3030 αὐτῷ
658 2959 761 3023 τὰς
812 2958 1015 3023 πύλας,
1071 2959 1188 3012 ὅσοι
1226 2958 1325 3028 τῆς
1381 2957 1599 3012 ἐκείνου
1653 2955 1883 3027 γνώμης

283 3054 615 3126 ἐτύγχανον.
656 3053 928 3118 Θανόντος
952 3056 1062 3124 γὰρ
1104 3052 1285 3107 Ὀνίου
1311 3051 1406 3106 τοῦ
1434 3051 1767 3124 ἀρχιερέως,
1801 3049 1877 3119 τῷ

287 3145 512 3217 ἀδελφῷ
554 3144 720 3200 αύτοῦ
784 3144 965 3215 Ἰησοῦ
1031 3144 1305 3216 ’Δντίοχος
1361 3143 1464 3215 τὴν
1513 3144 1683 3214 τιμὴν
1738 3159 1883 3213 παρα

287 3241 489 3311 ἆσχενσ
527 3238 809 3310 ὀργισθεὶς
847 3238 906 3291 δὲ
943 3237 1120 3305 αὐτῷ,
1157 3236 1316 3301 αὖθις
1365 3236 1446 3308 τῷ
1478 3237 1737 3307 νεωτέρῳ
1780 3235 1882 3307 τὴν

284 3332 718 3406 ἀρχιερωσύνην
774 3331 1086 3401 ἀπένειμεν
1145 3330 1386 3401 ἀδελφῷ,
1462 3330 1616 3401 Ὀνία
1677 3331 1879 3384 καλου-

289 3432 461 3502 μένῳ.
490 3429 698 3501 Σίμωνι
726 3427 839 3499 γὰρ
872 3427 1045 3499 τριῶν
1077 3427 1393 3498 γενομένων
1421 3427 1651 3488 παίδων,
1678 3426 1775 3481 καὶ
1800 3428 1880 3490 εἰς

283 3526 420 3588 τοὺς
454 3525 610 3595 τρεῖς
649 3524 683 3593 ἡ
721 3520 1107 3594 ἀρχιερωσύνη
1138 3518 1500 3591 περιελήλυθε
1524 3535 1541 3552 ο
1581 3520 1678 3573 καὶ
1716 3518 1747 3572 6
1780 3519 1881 3588 μὲν

1983 2495 2148 2561 chus,
2176 2505 2345 2552 aetate
2372 2512 2669 2566 puerorum
2698 2505 3037 2566 contempta,
3071 2497 3372 2569 Aigyptnm
3426 2499 3573 2554 bello

1984 2586 2145 2657 petit,
2178 2586 2249 2642 ab
2275 2601 2451 2657 caque
2474 2588 2731 2657 repulsus
2767 2596 2876 2653 est,
2908 2569 3176 2644 Romanis
3196 2591 3570 2649 edieentibns.

1985 2688 2047 2735 ut
2074 2679 2166 2734 illa
2201 2681 2485 2749 provincia
2525 2680 2848 2737 abstineret.
2884 2683 3016 2738 lude
3045 2683 3289 2741 rediens.
3316 2684 3568 2740 Hieroso-

1983 2772 2128 2843 lyma
2147 2774 2457 2841 contendit,
2483 2775 2888 2845 urbequecitra
2905 2777 3320 2833 dimicationem
3345 2780 3571 2847 potitur.

1982 2866 2193 2931 apertis
2216 2866 2392 2935 portis
2426 2882 2527 2937 per
2557 2868 2733 2937 ipsius
2782 2868 3066 2927 studiosos
3123 2882 3396 2940 receptus.
3433 2871 3569 2925 Nam

1984 2966 2108 3028 post
2136 2958 2353 3014 obitum
2390 2960 2546 3016 Onia:
2573 2963 2871 3031 pontiﬁcis,
2908 2964 3218 3019 Antiochus
3244 2965 3568 3034 dignitatem

1986 3052 2134 3107 illam
2182 3052 2239 3107 in
2284 3054 2473 3109 Iesum
2530 3056 2755 3111 fratrem
2814 3057 2964 3111 illius
3020 3058 3573 3129 contuleratzeique

1985 3144 2180 3211 iratus,
2222 3145 2382 3201 fratri
2411 3148 2533 3218 ejus
2552 3149 2752 3203 minori
2790 3148 3114 3213 tradiderat,
3140 3152 3366 3207 nomine
3393 3150 3569 3207 Onite.

1983 3238 2118 3292 Nam
2147 3254 2274 3292 cum
2303 3238 2495 3295 Simon
2519 3251 2633 3296 tres
2653 3241 2797 3297 ﬁlios
2813 3244 3169 3313 suscepisset,
3200 3246 3569 3301 sacerdotium

1985 3331 2052 3385 ad
2085 3347 2212 3388 eum
2239 3348 2434 3391 omnes
2456 3337 2706 3404 pervenit
2734 3352 2746 3387 :
2782 3350 2847 3392 ac
2872 3336 3036 3393 Iesus
3066 3353 3125 3394 se
3148 3338 3408 3394 Iasonem
3463 3355 3567 3395 no-

1964 3426 2239 3488 minavit.
2271 3424 2441 3481 Onias
2462 3427 2796 3490 Menelaum.
2853 3440 3088 3498 ortoque
3148 3430 3383 3486 dissidio
3428 3431 3574 3488 inter

1989 3516 2109 3583 llos,
2139 3517 2327 3587 populi
2344 3533 2563 3588 quoque
2589 3519 2901 3576 secessione
2921 3519 3089 3587 facta,
3115 3522 3304 3591 plures
3323 3521 3570 3579 aIasone

299 3615 514 3689 Ἰησοῦς
564 3614 792 3668 Ἰασωνα
844 3615 1237 3683 μετωνόμασεν
1283 3611 1497 3678 ἑαυτὸν,
1529 3613 1557 3665 6
1597 3611 1655 3665 δὲ
1700 3611 1879 3672 Ὀνίας

1985 3618 2281 3674 steterunt,
2313 3610 2496 3666 caeteri
2525 3627 2556 3667 a
2584 3612 2851 3677 Menelao,
2904 3614 2994 3669 cui
3048 3624 3108 3670 et
3163 3615 3353 3671 Tobias
3406 3616 3570 3672 liberi

286 3710 573 3766 Μενέλαον
595 3724 610 3738 ·
653 3707 1052 3769 στασιάσαντος
1087 3700 1182 3759 οὖν
1237 3705 1333 3758 τοῦ
1378 3701 1557 3774 Ἰησοῦ
1602 3703 1739 3773 πρὸς
1788 3703 1879 3756 τὸν

1983 3716 2148 3770 Opem
2177 3702 2443 3757 tulerunt.
2477 3702 2585 3759 Sed
2607 3718 2733 3759 eum
2773 3720 2804 3759 a
2836 3706 3034 3777 majori
3085 3717 3241 3777 parte
3291 3708 3571 3779 opprime-

298 3803 509 3868 Ὀνίαν,
543 3802 638 3854 τὸν
664 3803 759 3854 καὶ
787 3800 1090 3862 Μενέλαον,
1108 3799 1208 3851 καὶ
1238 3798 1268 3851 ὁ
1290 3795 1419 3859 λαὸς
1459 3794 1756 3865 suspicim-
1789 3794 1879 3848 καὶ

1983 3806 2196 3859 rentur,
2229 3793 2298 3851 ad
2346 3793 2679 3850 Antiochum
2737 3811 2798 3852 se
2859 3798 3242 3863 contulerunt,
3281 3810 3340 3855 et
3372 3801 3572 3870 patriis

285 3898 337 3948 oi
373 3895 473 3963 μὲν
505 3894 729 3958 πλείους
758 3892 835 3962 τῷ
877 3892 1093 3945 Ἰάσωνι
1126 3889 1538 3961 προσετίθεντο,
1572 3890 1623 3941 οἱ
1654 3888 1699 3940 δ’
1730 3887 1879 3940 ἄλλοι

1987 3886 2261 3943 institutis
2289 3888 2547 3951 desertis,
2574 3888 2891 3945 Graecorum
2911 3905 3097 3947 mores
3115 3898 3247 3946 sunt
3276 3894 3513 3963 amplexi
3549 3915 3562 3949 :

285 3988 373 4058 τῷ
400 3981 744 4059 Μειελάῳῷ
773 3988 867 4039 καὶ
888 3988 939 4039 οἱ
970 3986 1182 4039 Τωόἕου
1208 3984 1401 4048 παῖδες
1430 3981 1570 4054 ἦσαν
1605 4000 1879 4050 συνεπαρ-

1985 3984 2269 4049 ascitoque
2308 3981 2599 4051 praeputio,
2651 3981 3038 4053 pudendorum
3086 3984 3566 4067 circumcisionent

287 4081 543 4150 ήγοντες.
578 4079 1069 4148 Καταπονούμενοι
1096 4078 1153 4132 δὲ
1191 4081 1306 4142 τοῖς
1348 4078 1616 4143 πλείοσιν,
1643 4072 1792 4132 οὗτοί
1821 4095 1879 4131 τε

1986 4075 2171 4130 velare
2202 4075 2557 4131 studuerunt.
2587 4076 2673 4132 Ab
2704 4079 2903 4132 horum
2930 4079 3097 4149 igitur
3126 4078 3367 4137 factione
3395 4082 3570 4152 portis

288 4174 389 4229 καὶ
436 4178 466 4230 6
518 4174 803 4237 Μενέλαος
838 4174 978 4244 πρὸς
1019 4172 1297 4241 Ἀντίοχον
1350 4171 1733 4243 ἀνεχώρησαν,
1785 4173 1884 4226 καὶ

290 4266 420 4331 τοὺς
478 4268 747 4331 πατρίους
797 4267 1003 4335 νόμους
1074 4265 1349 4328 λιπόντες,
1408 4264 1727 4335 ἡλλήνισαν,
1782 4266 1882 4320 καὶ

290 4361 394 4430 τὴν
412 4362 526 4415 τῶν
555 4362 775 4415 αἰδοίων
807 4359 1115 4430 περιτομὴν
1144 4358 1501 4427 ἐπεκάλυψαν
1538 4360 1881 4412 ἐπισπάσαν-

291 4473 403 4521 τες.
436 4457 563 4511 Τῶν
612 4454 748 4525 γοῦν
788 4454 894 4525 τῆς
923 4454 1136 4507 τούτων
1167 4452 1363 4525 μοίρας
1397 4452 1736 4518 ἀνοιξάντων
1779 4455 1880 4516 τὰς

295 4551 472 4614 πύλας
515 4548 621 4617 τῆς
664 4546 877 4610 πόλεως
909 4546 991 4618 τῷ
1032 4546 1325 4614 Ἐπιφανεῖ
1358 4544 1644 4615 Ἀντιόχῳ,
1667 4546 1881 4616 ἐγκρα-

295 4646 392 4717 τὴς
439 4645 655 4707 ἐκεῖνος
687 4640 788 4710 τῆς
845 4639 1057 4702 πόλεως
1107 4638 1331 4706 γέγονε,
1360 4637 1458 4690 καὶ
1491 4637 1725 4702 πολλοὺς
1779 4640 1880 4708 μὶν

294 4738 610 4797 ἀπέκτεινε,
645 4733 911 4805 χρήματα
941 4731 1001 4785 δὲ
1033 4730 1205 4785 πολλά
1259 4731 1521 4801 συλήσας,
1553 4731 1634 4792 εἰς
1671 4731 1880 4786 Ἀντιό-

295 4847 444 4900 χειαν
471 4826 835 4892 ὲπανέζευξε.
872 4823 1029 4879 Μετὰ
1058 4824 1118 4879 δὲ
1145 4824 1240 4878 δύο
1262 4824 1357 4896 ἔτη
1393 4819 1553 4888 αὖθις
1588 4827 1673 4888 εἰς
1716 4824 1881 4896 Ἱερο-

1982 4168 2210 4239 apertis.
2246 4169 2385 4225 urbe
2404 4171 2614 4239 potitus
2638 4171 2947 4228 Antiochus
2989 4172 3328 4243 Epiphanes.
3377 4176 3569 4233 multis

1984 4260 2205 4323 occisis,
2238 4276 2432 4332 magna
2460 4264 2690 4331 pecunia
2744 4274 2921 4332 rapta,
2973 4266 3323 4323 Antiochiam
3376 4270 3562 4326 rediit.

1985 4353 2218 4407 Bietutio
2240 4361 2364 4423 post
2383 4354 2566 4409 denuo
2598 4353 2977 4427 Hierosolyma
3005 4359 3279 4427 ascendit,
3324 4371 3382 4417 et
3429 4364 3566 4420 urbe

1985 4446 2114 4501 dolo
2148 4455 2437 4517 occupata,
2473 4463 2544 4503 ne
2597 4448 2666 4504 iis
2707 4450 2933 4519 quidem
2995 4453 3267 4522 pepercit,
3302 4470 3334 4511 a
3366 4458 3569 4528 quibus

1986 4548 2243 4610 receptus
2274 4541 2452 4596 fuerat
2478 4558 2492 4594 :
2527 4540 2622 4623 sed
2648 4552 2706 4597 ct
2733 4543 2938 4613 templo
2956 4546 3216 4614 spoliato,
3243 4559 3301 4606 et
3334 4551 3569 4609 abscon-

1983 4632 2119 4689 ditis
2152 4633 2429 4690 thesauris
2451 4634 2672 4701 ablatis,
2702 4644 2760 4691 et
2782 4635 3047 4708 legitimis
3081 4642 3372 4699 sacriﬁciis
3398 4645 3569 4701 inter-

1985 4725 2187 4790 dictis,
2223 4736 2282 4783 et
2327 4727 2466 4785 urbe
2494 4728 2737 4798 direpta,
2795 4740 2854 4787 et
2900 4734 3104 4804 popqu
3151 4738 3351 4805 partim
3402 4755 3563 4805 creso,

1984 4817 2187 4887 partim
2218 4828 2402 4889 capto,
2429 4826 2485 4875 et
2518 4820 2894 4891 pulcherrima
2923 4825 3076 4881 urbis
3106 4836 3260 4896 parte
3316 4828 3562 4894 incensa,

297 4923 503 4994 σόλυμα
548 4919 720 4991 ἀνέϐη
764 4918 1060 4989 Ἀντίοχος,
1091 4918 1188 4971 καὶ
1219 4916 1407 4989 ἀπάτῃ
1458 4918 1745 4989 κρατήσας
1773 4920 1875 4989 τῆς

1983 4918 2038 4968 et
2056 4911 2238 4981 porcis
2269 4913 2323 4968 in
2357 4916 2565 4985 templo
2588 4916 2905 4983 immolatis,
2943 4919 3164 4976 tandem
3196 4922 3397 4977 muenia
3429 4937 3567 4991 quo-

297 5013 524 5079 πόλεως,
581 5010 704 5065 οὐδὲ
756 5011 870 5065 τῶν
920 5006 1330 5079 είσδεξαμιίνων
1379 5009 1544 5064 αὐτὸν
1592 5010 1873 5080 ἐφείσατο,

293 5105 429 5160 ἀλλά
471 5104 571 5158 καὶ
614 5104 710 5159 τὸν
747 5104 877 5158 ναὸν
929 5103 1197 5175 σύλησας,
1229 5101 1327 5157 καὶ
1357 5101 1484 5166 τοὺς
1516 5102 1875 5172 ἀποκρύφους

292 5198 604 5270 θησαυροὺς
656 5197 1034 5267 ἀφελόμενος,
1090 5195 1195 5261 τάς
1239 5213 1303 5251 τε
1358 5196 1627 5266 νομίμους
1681 5195 1878 5262 θυσίας

294 5290 568 5355 κωλύσας,
607 5291 707 5344 καὶ
748 5289 848 5361 τήν
893 5289 1052 5343 πόλιν
1096 5288 1432 5361 διαρπάσας,
1466 5290 1565 5346 καὶ
1610 5290 1741 5352 τοὺς
1776 5289 1879 5358 μιν

286 5384 391 5436 τοῦ
428 5381 567 5439 λαοῦ
606 5384 850 5447 κτείνας.
882 5384 1012 5448 τοὺς
1039 5384 1086 5439 δ’
1118 5382 1510 5454 αίχμαλὼτους
1546 5381 1879 5452 ἀπαγαγὼν,

298 5477 394 5531 καὶ
436 5477 738 5548 ἐμπρήσας
783 5476 857 5531 τὰ
887 5478 990 5547 τῆς
1019 5477 1234 5541 πόλεως
1285 5476 1570 5539 κάλλιστα,
1605 5477 1703 5529 καὶ
1745 5475 1883 5543 σύας

299 5566 465 5633 θύσας
511 5570 571 5621 εν
596 5568 680 5639 τῷ
720 5568 856 5639 ναῷ,
891 5569 1045 5635 τέλος
1081 5571 1181 5625 καὶ
1209 5569 1280 5624 τά
1308 5569 1468 5639 τείχη
1496 5568 1743 5635 καθεῖλε,
1786 5572 1882 5627 καὶ

296 5659 393 5717 τὴν
419 5660 482 5715 ιν
509 5659 582 5729 τῇ
613 5658 768 5715 κάτω
802 5659 956 5715 πόλει
983 5661 1163 5720 ἄκραν
1204 5660 1595 5726 οἰκοδομήσας,
1632 5661 1881 5726 φρουρὰν

1985 5020 2095 5074 quo
2133 5006 2311 5062 diruit
2340 5027 2356 5064 :
2396 5017 2790 5081 exstructaque
2821 5026 2947 5067 arce
2991 5012 3271 5068 inferioris
3299 5011 3473 5077 urbis,
3507 5023 3565 5067 et

1983 5097 2343 5158 Macedonico
2398 5103 2658 5173 presidio
2721 5103 3002 5176 imposito,
3060 5106 3321 5176 populum
3381 5107 3562 5176 coegit

1986 5209 2120 5254 suos
2143 5196 2282 5255 deos
2320 5198 2526 5266 colere,
2553 5212 2605 5256 et
2640 5200 3067 5258 circumcisione
3106 5214 3403 5269 puerorum
3440 5203 3566 5256 abs-

1986 5291 2185 5357 tinere,
2231 5292 2441 5351 relictis
2478 5292 2578 5360 ibi,
2611 5294 2705 5365 qui
2748 5297 2817 5351 ad
2856 5296 2956 5350 ista
2998 5291 3248 5348 facienda
3302 5293 3454 5348 cives
3510 5294 3562 5347 vi

1979 5383 2400 5453 compellerent.
2458 5383 2579 5451 Quo
2620 5396 2870 5455 tempore
2931 5384 3225 5438 Eleazarus
3281 5383 3559 5444 sacerdos.

1979 5478 2212 5548 ejusque
2239 5477 2502 5548 discipuli
2531 5477 2849 5541 Machabaai,
2903 5491 3028 5531 cum
3081 5483 3257 5530 matre
3303 5490 3401 5532 sua
3462 5494 3562 5550 pro

1980 5570 2296 5626 divinarum
2323 5571 2484 5641 205
2502 5571 2683 5641 legum
2707 5568 3060 5626 observantia
3081 5570 3384 5624 certamina
3410 5571 3560 5626 obic-

1982 5672 2130 5720 ruut.
2161 5661 2253 5719 Ac
2276 5661 2313 5717 ii
2343 5661 2439 5727 qui
2463 5660 2571 5715 vim
2608 5659 2745 5718 susti
2773 5676 2882 5716 sere
2926 5674 3037 5716 non
3074 5668 3350 5727 poterant.
3381 5660 3564 5729 imper
