3980 6246
506 309 615 376 375

1790 308 2114 373 JOANNIS
2149 311 2472 372 ZONABE

3669 304 3767 370 376

507 421 890 495 diﬂugiebant.
937 427 1045 484 Sed
1083 441 1207 483 cum
1261 427 1453 497 Lysias
1496 425 1606 483 dux
1665 436 1723 484 et
1780 425 2070 483 Antiochus

2190 422 2336 495 λυμα
2369 422 2563 488 ἐλθὼν,
2586 422 2898 494 ἐπολιόρκει
2937 418 3128 492 αὐτὴν,
3152 418 3436 492 καρτερῶς
3472 418 3588 474 τῶν
3626 419 3765 477 ἐνδιαι-

507 516 934 586 inteliexissent,
987 519 1322 591 Philippum,
1373 535 1538 591 quem
1587 520 1834 576 moriens
1889 518 2086 574 Antio-

502 605 646 662 chus
695 610 849 680 regni
899 620 1211 666 curatorem
1264 611 1585 683 reliquerat,
1653 613 1946 684 imperium
1979 612 2084 668 si|.l

502 699 789 756 vindicare
831 717 846 755 :
901 703 970 758 iis
1007 704 1422 761 conditionibus
1460 721 1584 762 cum
1643 706 1884 762 obsessis
1927 704 2085 775 pepi-

502 803 724 860 gerunt,
775 803 834 850 ut
892 797 977 852 eis
1034 798 1227 868 patriis
1280 798 1497 870 legibus
1545 799 1626 854 uti
1677 799 1892 854 liceret.
1973 798 2084 854 An-

504 885 725 943 tiochus
753 904 886 944 vero
936 890 992 944 in
1037 891 1228 946 urbem
1286 903 1564 962 receptus,
1629 907 1756 947 cum
1813 892 2081 964 templum

503 979 934 1036 munitissimum
975 999 1096 1038 esse
1155 983 1402 1049 vidisset,
1461 994 1649 1056 spreto
1697 987 2079 1058 jurejurando.

498 1086 692 1128 everso
736 1089 922 1134 muro.
985 1075 1340 1146 abductoquc
1383 1076 1523 1134 Onia
1579 1076 1862 1148 pontifice,
1901 1079 1995 1149 qui
2027 1089 2083 1134 et

499 1164 782 1224 Menelaus
814 1169 1126 1236 dicebatur,
1163 1169 1260 1241 qui
1288 1171 1434 1239 patri
1471 1187 1572 1227 suo
1603 1172 1835 1244 cogendi
1861 1173 2084 1231 Judaeos

496 1257 566 1314 ad
591 1261 767 1330 patria
808 1261 1062 1319 instituta
1095 1262 1354 1318 violanda
1381 1273 1577 1319 auctor
1601 1265 1824 1330 fuisset.
1859 1267 2082 1323 multis-

495 1367 604 1421 que
638 1351 797 1408 malis
827 1367 1050 1409 causam
1101 1355 1449 1425 praebuisset,
1491 1356 1750 1415 discessit
1781 1377 1796 1413 :
1839 1373 2082 1430 eumque

497 1444 777 1502 Berrmam
814 1447 1043 1504 missum
1076 1448 1316 1519 denique
1349 1450 1598 1516 sustulit,
1641 1451 1924 1507 hominem
1980 1453 2084 1506 im-

498 1535 673 1606 pium,
705 1552 830 1592 cum
857 1553 1036 1594 anuos
1066 1557 1096 1594 κ
1129 1540 1442 1597 sacerdotio
1488 1545 1711 1599 functus
1739 1554 1906 1600 esset.
1940 1546 2082 1601 Pon-

495 1628 699 1686 tificem
736 1646 871 1686 vero
899 1633 1208 1704 designavit
1231 1635 1528 1699 Alcimum,
1560 1636 1655 1706 qui
1681 1647 1736 1692 et
1761 1637 2080 1694 Joachimns

493 1717 808 1774 dicebatur.
836 1720 1151 1792 Philippum
1177 1739 1398 1793 quoque
1429 1735 1746 1793 superatum
1773 1734 1829 1781 et
1855 1739 2074 1797 captum

493 1811 722 1867 occidit.
751 1812 1023 1869 Caeterum
1053 1816 1241 1882 Onias,
1274 1817 1516 1874 Simonis
1539 1819 1681 1874 Justi
1711 1819 1877 1888 filius,
1913 1837 2076 1892 quem

495 1911 652 1973 pater
678 1907 944 1972 moriens,
974 1908 1265 1963 utdictum
1317 1919 1419 1974 est,
1455 1926 1689 1980 puerum
1755 1914 2074 1984 reliquerat,

489 2012 617 2051 cum
645 1997 956 2056 Antiochus
979 2002 1362 2071 pontificatum
1393 2004 1609 2060 Alcime
1638 2020 1666 2058 a
1686 2004 1898 2060 familia
1938 2025 2080 2078 pon-

490 2090 659 2148 tilicia
693 2093 876 2150 alieno
907 2094 1174 2161 dedisset,
1219 2097 1272 2151 in
1319 2095 1612 2168 Egyptum
1673 2098 1939 2169 confugit,
1997 2109 2080 2154 at-

487 2198 596 2252 que
617 2200 648 2240 a
685 2183 985 2242 Ptolemaeo
1017 2187 1320 2242 honorifice
1353 2199 1664 2258 susceptus,
1688 2191 1811 2246 loco
1836 2192 1890 2245 in
1913 2193 2079 2263 208

489 2275 903 2346 Heliopolitana
933 2278 1157 2349 regione
1192 2291 1375 2349 capto,
1413 2280 1678 2349 templum
1721 2281 1894 2338 instar
1947 2284 2078 2339 Hie-

488 2368 869 2440 rosolymitani
931 2371 1200 2428 condidit.
1270 2375 1581 2430 Demetrius
1639 2392 1805 2446 porro
1857 2378 2073 2435 Seleuci

487 2457 659 2523 ﬁlius,
698 2474 825 2514 cum
860 2461 1035 2515 Roma
1067 2461 1120 2516 in
1171 2461 1344 2534 Syria:
1400 2463 1664 2534 Tripolim
1719 2467 2072 2538 profugisset,

483 2549 761 2606 AntiOCho
783 2562 842 2608 et
873 2553 1030 2624 Lysia
1059 2557 1501 2626 comprehensis,
1531 2567 1829 2627 utrumque
1846 2561 2071 2625 occidit,

485 2643 734 2699 secundo
767 2659 914 2699 anno
948 2647 1103 2716 regni
1160 2647 1446 2702 Antiochi.
1491 2648 1649 2718 Apud
1692 2651 1844 2706 hunc
1875 2652 2074 2708 Deme-

484 2736 654 2792 trium
718 2737 969 2796 Alcimus
1029 2742 1321 2811 pontifex,
1383 2753 1440 2796 et
1494 2744 1811 2799 Judaeorum
1851 2747 2074 2801 exsules

483 2845 550 2884 ac
572 2831 969 2902 improbissimi
995 2835 1224 2904 quique,
1251 2835 1449 2891 Iudam
1479 2837 1850 2893 Maehabaeum
1893 2849 1948 2894 et
1983 2850 2074 2894 to-

483 2935 596 2981 tam
635 2937 854 2997 gentem
877 2927 946 2983 de
973 2929 1282 2985 interfectis
1317 2933 1459 3001 regis
1493 2932 1684 2988 amicis
1714 2946 2070 2990 accusarunt.

481 3019 602 3088 Qua
660 3021 1045 3078 criminatione
1096 3022 1377 3089 irritatus,
1425 3025 1751 3080 Bacchidem
1816 3027 2072 3082 intimum

2189 516 2574 586 ἀμυνομένων.
2604 514 2767 570 Ἀλλὰ
2797 513 3008 585 τροφῆς
3034 511 3394 582 δπιλιπούσης
3418 512 3627 576 αὐτοῖς,
3646 513 3768 565 πολ-

2187 602 2270 656 λοὶ
2295 604 2711 674 ἀπεδίδρασκον.
2734 601 2839 655 Τοῦ
2873 601 3440 672 μέντοιΦιλίππου,δν
3478 603 3770 672 ἐπίτροπον

2186 695 2284 767 τῆς
2316 696 2596 767 βασιλείας
2641 697 2890 766 θνήσκων
2924 696 2952 748 ὁ
2979 697 3257 767 ⁹Αντίοχος
3300 695 3476 760 εἴασε,
3521 714 3769 766 σφετερι-

2187 789 2418 860 ζομένου
2445 788 2544 861 τὴν
2576 788 2882 858 βασιλείαν,
2904 787 3110 850 Λυσίας
3142 789 3170 840 ὁ
3199 790 3503 855 στρατηγὸς
3537 791 3632 842 καὶ
3665 788 3770 843 Ἀν-

2185 886 2388 956 τίοχος,
2418 884 2639 950 γνόντες
2673 882 2859 943 τοῦτο,
2893 882 3007 944 τοῖς
3064 881 3546 952 πολιορκουμένοις
3592 882 3769 934 ἐσπεί-

2187 995 2372 1044 σαντο,
2391 976 2532 1030 ὥστε
2568 976 2765 1037 αὐτοὺς
2795 975 2909 1037 τοῖς
2939 971 3215 1044 πατρῴοις
3235 973 3538 1044 κεχρῆσθαι
3564 974 3768 1044 νόμοις.

2186 1070 2497 1142 Είσδεχθεὶς
2525 1067 2620 1123 οὖν
2647 1071 2726 1132 είς
2762 1069 2860 1139 τὴν
2881 1067 3037 1120 πόλιν
3071 1066 3370 1137 Ἀντίοχος,
3399 1068 3495 1120 καὶ
3532 1065 3656 1120 ἰδὼν
3685 1067 3772 1119 τὴν

2185 1163 2313 1219 ναὸν
2336 1161 2710 1234 ὀχυρώτατον,
2752 1159 2883 1222 τοὺς
2910 1159 3109 1229 ὅρκους
3159 1157 3421 1228 ἡθέτησε,
3448 1157 3544 1212 καὶ
3572 1159 3635 1211 τὸ
3665 1163 3774 1211 τεῖ-

2185 1275 2280 1330 χος
2336 1255 2682 1324 κατέσκαψε,
2713 1254 2810 1308 καὶ
2839 1252 3010 1317 οὕτως
3044 1251 3356 1322 ὑπέστρεψε
3380 1269 3395 1284 ’
3423 1252 3516 1306 καὶ
3553 1253 3646 1307 τὸν
3675 1253 3774 1324 ἀρ-

2185 1348 2378 1422 χιερέα
2405 1347 2595 1404 Ὀνίαν
2620 1346 2993 1418 ἐπαγόμενος,
3009 1344 3067 1410 ὃς
3091 1346 3186 1399 καὶ
3205 1344 3482 1408 Μενέλαος
3505 1344 3772 1407 ἐκαλεῖτο.

2183 1442 2259 1504 ὡς
2312 1440 2580 1494 πείσαντα
2645 1439 2740 1492 τὸν
2797 1438 3012 1508 πατέρα
3071 1436 3240 1490 αὐτοῦ
3305 1436 3434 1500 τοὺς
3484 1437 3774 1501 Ἰουδαίους

2185 1533 2472 1606 βιάζεσθαι
2498 1533 2816 1603 παραϐῆναι
2845 1531 2914 1585 τὰ
2940 1530 3038 1601 ἔθη
3079 1531 3148 1584 τὰ
3183 1531 3411 1604 πάτρια,
3440 1532 3535 1584 καὶ
3563 1531 3774 1584 πολλῶν

2183 1627 2371 1682 κακῶν
2405 1629 2699 1696 γενόμενον
2728 1626 2924 1690 αῐτιον,
2951 1624 3012 1680 ὃν
3041 1625 3136 1679 καὶ
3156 1624 3377 1694 πέμψας
3396 1626 3475 1688 εἰς
3504 1624 3772 1696 Βέρῤοιαν

2183 1719 2282 1789 τῆς
2313 1719 2514 1790 Συρίας
2539 1717 2868 1788 διέφθειρεν,
2912 1717 3010 1788 ἔτη
3051 1717 3183 1771 δέκα
3216 1718 3314 1788 τῆς
3356 1717 3772 1789 ἀρχιερωσύνης

2183 1812 2558 1880 κρατήσαντα,
2581 1811 2845 1879 γεγονότα
2861 1810 2917 1863 δὲ
2933 1810 3122 1880 ἀσεϐῆ.
3144 1811 3201 1862 Ἀ
3213 1827 3325 1879 ρχιε
3338 1811 3462 1880 ρεὺς
3478 1810 3533 1862 δὲ
3553 1809 3773 1879 γέγονεν

2186 1903 2476 1970 Ἄλκιμος,
2501 1903 2560 1966 ὃς
2589 1904 2684 1956 καὶ
2711 1901 2974 1973 Ἰωακε“ιμ
3003 1903 3275 1958 ἐκαλεῖτο.
3311 1903 3370 1956 Ὀ
3401 1903 3444 1956 δ’
3473 1904 3774 1974 Ἀντίοχος,

2181 1997 2502 2066 πολεμήσας
2538 1996 2674 2067 πρὸς
2694 1996 2987 2061 Φίλιππον,
3014 1998 3109 2051 καὶ
3136 1999 3551 2068 χειρωσάμενος
3587 1998 3772 2063 αὑτὸν,

2180 2090 2442 2142 ἔκτεινεν.
2471 2087 2621 2142 Ἰδὼν
2651 2089 2706 2142 δὲ
2741 2089 2771 2141 ὁ
2804 2089 2899 2143 τοῦ
2930 2090 3234 2162 ἀρχιερέως
3283 2091 3526 2160 Σίμωνος
3556 2092 3648 2143 τοῦ
3679 2097 3773 2143 At-

2180 2185 2336 2238 καίου
2367 2183 2481 2247 υἱὸς
2510 2182 2714 2247 Ὀνίας,
2745 2181 2806 2235 ὃν
2854 2182 3069 2236 παιδίον
3102 2185 3128 2236 δ
3160 2181 3345 2254 πατὴρ
3377 2182 3668 2248 τελευτῶν,
3697 2183 3773 2244 ὡς

2179 2279 2416 2349 εἴρηται,
2439 2277 2859 2342 καταλέλοιπεν,
2887 2277 2969 2329 ὅτι
3001 2275 3101 2347 τὴν
3134 2276 3556 2347 ἀρχιερωσύνην
3587 2274 3774 2329 Ἀλκί-

2181 2391 2267 2443 μῳ
2307 2373 2541 2426 δέδωκεν
2569 2373 2596 2424 ὁ
2623 2371 2916 2442 Ἀντίοχος,
2946 2371 3022 2442 μὴ
3080 2371 3157 2441 τῷ
3188 2371 3338 2438 γένει
3373 2371 3450 2441 τῷ
3505 2372 3773 2442 ἀρχιερα-

2177 2463 2316 2536 τικῷ
2371 2465 2744 2535 προσήκοντι,
2784 2464 2981 2534 φεύγει
3019 2463 3159 2533 πρὸς
3197 2463 3533 2532 Πτολεμαῖον
3566 2465 3644 2526 εἰς
3681 2464 3777 2517 Ατ-

2179 2575 2417 2626 γυπτον’
2443 2557 2836 2628 καὶτιμηθεὶς,
2860 2555 3131 2628 λαμϐάνει
3163 2557 3330 2610 τόπον
3362 2558 3419 2607 ὲν
3444 2555 3522 2624 τῷ
3559 2555 3776 2609 ῚΙλιου-

2178 2649 2378 2721 πολίτῃ
2410 2649 2584 2721 νομῷ,
2645 2651 2740 2702 καὶ
2777 2649 2924 2721 ἱερὸν
2955 2650 3074 2702 ἐκεῖ
3119 2647 3439 2720 ᾠκοδόμησε
3473 2647 3549 2718 τῷ
3580 2649 3637 2699 ἐν
3675 2648 3776 2701 Ἰε-

2181 2741 2504 2813 ροσολύμοις
2555 2742 2935 2813 παρεμφερές.
2989 2741 3301 2812 Δημήτριος
3343 2741 3421 2807 δὲ,
3451 2746 3641 2810 φυγὼν
3707 2743 3775 2792 ὲκ

2191 2832 2438 2906 Ῥώμης,
2505 2836 2532 2886 ὁ
2594 2834 2863 2888 Σελεύκου
2913 2834 3048 2898 υἱὸς,
3109 2836 3203 2887 καὶ
3264 2834 3618 2903 καταντήσας
3673 2833 3772 2903 τῖς

2177 2928 2378 2998 Συρίας
2414 2929 2494 2988 είς
2528 2927 2813 2999 Τρίπολιν,
2856 2927 2949 2980 τόν
2998 2945 3058 2980 τε
3090 2926 3369 2998 Ἀντίοχον
3406 2929 3501 2980 καὶ
3533 2927 3624 2979 τὸν
3662 2927 3774 2979 Λυ-

2180 3020 2302 3074 σίαν
2332 3020 2630 3083 συλλαϐὼν,
2653 3021 2746 3073 καὶ
2777 3021 2948 3090 ἄμφω
2977 3019 3306 3090 διέφθειρεν,
3336 3022 3430 3072 ἐπὶ
3461 3019 3556 3072 δύο
3583 3024 3735 3072 ἑνιαυ
3755 3048 3773 3060 -

483 3115 722 3170 amicum
747 3132 874 3172 cum
917 3117 1174 3172 maximis
1203 3117 1381 3187 copiis
1439 3119 1615 3183 misit,
1675 3120 2070 3191 mandavitque

2177 3115 2305 3177 τοὺς
2331 3115 2426 3168 τού
2465 3113 2746 3185 ’Λντιόχου
2773 3113 3224 3184 βασιλεύσαντος.
3251 3113 3442 3184 Τούτῳ
3475 3114 3551 3181 τῷ
3583 3116 3774 3183 Δημη-

482 3215 546 3261 ut
577 3207 775 3264 ludam
808 3218 866 3264 et
898 3225 1030 3265 suos
1059 3211 1360 3266 occideret.
1391 3212 1441 3265 is
1475 3212 1529 3265 in
1577 3213 1823 3268 Judazam
1886 3215 2071 3284 profe-

480 3309 626 3366 ctus,
661 3299 858 3356 Judam
889 3311 945 3356 et
974 3301 1204 3358 fratrem
1235 3305 1355 3373 ejus
1381 3304 1445 3358 ad
1493 3319 1680 3374 pacem
1725 3307 2066 3375 provocavit.

484 3391 592 3448 Sed
637 3392 748 3448 illis
769 3393 931 3449 ﬁdem
959 3395 1010 3450 ei
1036 3410 1146 3449 non
1176 3395 1531 3459 habentibus,
1597 3397 1821 3466 quidam
1868 3399 2067 3468 plebeii

489 3487 747 3542 homines
775 3488 1136 3559 jurejurando
1160 3499 1409 3560 accepto,
1443 3489 1509 3544 ad
1545 3489 1699 3546 illum
1753 3492 2070 3563 transfuge-

482 3589 633 3646 runt,
663 3580 758 3650 qui
788 3590 974 3650 spreta
1008 3583 1295 3652 religione,
1354 3600 1418 3636 ιχ
1477 3601 1670 3640 eorum
1727 3586 2066 3648 interfectis,

481 3680 712 3727 caeteros
732 3686 762 3726 ε
801 3670 1108 3744 transfugio
1135 3673 1412 3729 deterruit
1436 3694 1450 3731 :
1474 3687 1532 3730 et
1561 3677 1628 3731 iis
1658 3677 1752 3747 qui
1789 3677 2066 3747 regionem

479 3763 816 3830 incolebant,
851 3763 1067 3821 Alcime
1106 3767 1350 3837 pontifici
1377 3784 1572 3839 parere
1626 3769 1832 3838 jussis,
1875 3771 2071 3825 Antio-

477 3856 660 3914 ehiam
691 3858 877 3914 rediit.
915 3849 1163 3916 Alcimus
1189 3877 1321 3917 vero
1367 3863 1615 3932 singulos
1663 3865 1864 3919 blande
1923 3865 2065 3918 allo-

476 3950 723 4022 quendo,
748 3959 806 4007 et
853 3952 1115 4007 omnibus
1135 3953 1244 4008 sibi
1282 3955 1616 4018 οοηρίιεοιίε,
1671 3957 1928 4012 celeriter
1954 3974 2066 4012 ma-

477 4058 646 4114 gnum
673 4045 976 4099 exercitum
1001 4045 1254 4099 exsulum
1288 4048 1480 4117 majori
1524 4064 1590 4100 ex
1631 4057 1810 4116 parte.
1853 4059 1908 4103 et
1963 4049 2066 4102 im-

478 4137 698 4203 piorum
729 4135 1044 4201 hominum,
1071 4136 1368 4201 contraxit,
1395 4138 1597 4206 quibus
1628 4138 1694 4192 ad
1743 4138 1899 4194 Iudae
1940 4149 2062 4193 stu-

475 4227 665 4283 diosos
683 4227 1042 4283 trucidandos
1071 4227 1354 4283 utebatur.
1391 4228 1550 4293 Quod
1594 4231 1907 4299 exemplum
1934 4248 2058 4286 cum

475 4318 648 4373 Judas
672 4318 728 4372 in
752 4319 1043 4376 adversam
1073 4319 1368 4374 factionem
1415 4330 1786 4390 rctorqueret,
1815 4323 2061 4377 Alcimus

476 4410 818 4465 Demetrium
845 4413 1106 4480 perpulit,
1150 4412 1557 4466 utNicanorem
1583 4429 1707 4467 eum
1745 4416 2060 4484 ingentibus

476 4503 655 4573 copiis
694 4513 886 4558 contra
946 4503 1142 4558 ludam
1199 4506 1458 4570 mitteret,
1520 4507 1938 4578 mandaretque,
1991 4529 2059 4566 ne

475 4595 627 4666 genti
661 4603 935 4665 parceret.
967 4595 1018 4650 Is
1046 4595 1100 4650 in
1127 4595 1369 4650 Judaeam
1407 4599 1709 4669 profectus,
1741 4602 1936 4657 Judatn
1965 4621 2063 4672 per

473 4688 720 4758 speciem
752 4687 1156 4759 pacificationis
1187 4687 1315 4745 dolo
1332 4705 1530 4760 capere
1563 4693 1804 4748 instituit
1843 4718 1854 4750 :
1893 4713 1924 4751 a
1952 4713 2062 4766 quo

475 4781 587 4838 ﬁ'de
617 4781 746 4837 data
781 4791 1139 4853 acceptaque,
1174 4797 1300 4838 cum
1327 4785 1503 4854 c0piis
1554 4787 1611 4842 in
1653 4789 1845 4843 urbem
1904 4806 2060 4845 recc-

474 4883 627 4946 plus,
654 4875 800 4930 inter
837 4875 1193 4931 salutandum
1255 4887 1312 4933 et
1360 4879 1789 4950 colloquendum
1843 4882 2060 4952 signum

476 4968 571 5025 dat
597 4968 740 5036 suis,
771 4967 1030 5022 utvirum
1064 4970 1561 5039 comprehendant.
1612 4972 1682 5027 At
1725 4973 1816 5026 ille
1851 4974 2064 5028 insidiis

468 5060 897 5127 animadversis,
925 5060 991 5116 ad
1010 5061 1228 5117 Iudaeos
1253 5063 1568 5131 prosiliens,
1587 5065 1801 5134 cll'ugit.
1824 5065 2064 5120 Nicanor

473 5152 643 5223 igitur
672 5167 739 5208 eo
776 5162 977 5208 conatu
1011 5151 1331 5219 frustratus,
1362 5154 1473 5224 jam
1504 5169 1694 5224 aperto
1737 5156 1911 5210 Marte
1945 5172 2060 5211 rem

469 5263 690 5318 gerens,
715 5247 971 5317 superior
1005 5247 1202 5313 factus,
1225 5247 1365 5303 Juda
1400 5249 1452 5302 in
1499 5263 1685 5303 arcem
1743 5247 2062 5320 Hierosoly-

473 5340 740 5394 mitanam
791 5340 1102 5410 compulso,
1134 5340 1378 5394 minatur
1415 5341 1642 5411 populo,
1675 5341 1731 5394 ni
1781 5341 1934 5395 illum
1961 5344 2060 5397 dc-

474 5431 628 5497 dant,
661 5446 720 5488 se
758 5435 1026 5504 templum
1075 5449 1425 5489 eversurum.
1462 5435 1633 5490 Judas
1671 5450 1803 5489 vero
1853 5453 1984 5491 suos
2026 5454 2061 5492 tu

475 5524 628 5580 viros
651 5526 719 5580 ad
745 5541 860 5580 rem
897 5527 1115 5581 fortiter
1147 5527 1443 5598 gerendam
1507 5529 1849 5592 cohortatus,
1887 5529 2062 5601 impe-

473 5628 592 5673 tum
619 5618 675 5673 in
704 5619 891 5676 hostes
920 5619 1074 5682 facit,
1129 5621 1332 5676 multos
1385 5621 1566 5687 caedit,
1619 5638 1684 5676 ac
1732 5622 1874 5679 inter
1919 5625 2058 5680 alios

475 5711 655 5778 ipsum
686 5726 900 5780 quoque
931 5712 1258 5768 Nicanorem
1296 5730 1311 5767 :
1351 5713 1550 5783 reliqui
1581 5715 1637 5769 in
1690 5713 1811 5786 fuga
1865 5730 2056 5773 omnes

2174 3207 2310 3278 τρίῳ
2339 3209 2366 3262 ὁ
2395 3208 2690 3278 ἀρχιερεὺς
2715 3206 2982 3276 Ἄλκιμος
3014 3206 3350 3278 προσελθὼν,
3382 3207 3474 3259 καὶ
3497 3208 3606 3257 τῶν
3636 3205 3773 3258 Ἰου-

2171 3302 2340 3356 δαίων
2404 3301 2593 3354 πολλοὶ
2653 3300 2893 3370 φυγάδες
2951 3301 3045 3354 καὶ
3095 3301 3346 3370 πονηροὶ,
3421 3302 3769 3370 κατηγόρουν

2173 3393 2349 3448 Ἰούδα
2397 3393 2491 3448 τοῦ
2529 3394 2921 3458 Μακκαϐαίον,
2968 3393 3066 3447 καλ⁹
3095 3393 3188 3446 τοῦ
3220 3393 3406 3455 ἔθνους
3441 3392 3662 3458 παντὸς,
3693 3392 3772 3455 ὡς

2171 3493 2298 3553 τοὺς
2329 3491 2496 3545 αὐτοῦ
2527 3491 2718 3560 φίλους
2752 3491 3154 3546 ἀπεκτονότων.
3184 3491 3244 3544 Ὀ
3270 3490 3348 3557 δὲ,
3381 3488 3770 3559 παροξυνθεὶς,

2173 3583 2384 3650 πέμπει
2412 3583 2686 3654 Βακχίδην
2732 3582 2880 3654 αὐτῷ
2912 3583 3254 3636 οἰκειότατον
3309 3583 3448 3650 μετὰ
3497 3583 3770 3651 μεγίστης

2170 3676 2477 3746 δυνάμεως.
2499 3675 2880 3746 ἐντειλάμενος
2901 3677 3054 3744 αύτῴ
3077 3678 3283 3728 κτεῖναι
3308 3675 3401 3727 καὶ
3418 3675 3508 3726 τὸν
3534 3674 3767 3739 Ἰούδαν,

2172 3768 2266 3818 καὶ
2318 3768 2444 3830 τοὺς
2490 3767 2588 3818 σὺν
2636 3767 2808 3837 αὐτῷ.
2837 3768 2956 3830 "0:,
2997 3768 3076 3826 εἰς
3125 3767 3224 3836 τὴν
3258 3767 3523 3820 Ἰουδαίαν
3573 3764 3767 3832 ἐλθὼν,

2170 3857 2387 3927 ἔπεμψε
2425 3857 2562 3928 πρὸς
2595 3857 2686 3909 τὸν
2711 3857 2917 3911 Ἰούδαν
2963 3859 3056 3911 καὶ
3100 3859 3228 3920 τοὺς
3279 3858 3445 3911 αὑτοῦ
3479 3858 3766 3926 ἀδελφοὺς.

2169 3952 2262 4004 ἐπὶ
2311 3952 2537 4020 εἰρήνην
2597 3950 2796 4014 αὐτοὺς
2844 3950 3049 4004 καλῶν.
3084 3951 3147 4004 Οἱ
3188 3951 3245 4004 δὲ
3276 3951 3375 4004 οὐκ
3435 3951 3768 4005 ἐπίστευσαν

2168 4041 2340 4112 αύτῷ.
2371 4040 2526 4106 Τινὲς
2556 4042 2612 4095 δέ
2632 4041 2740 4094 τῶν
2757 4042 2852 4094 τού
2880 4043 3080 4112 δήμου,
3108 4042 3366 4106 λαϐόντες
3389 4043 3586 4113 δργους
3613 4046 3767 4115 παρὰ

2172 4133 2466 4203 Βακχίδου,
2500 4131 2810 4202 προσῆλθον
2831 4131 2999 4203 αὐτῷ.
3021 4133 3104 4198 ὃς,
3134 4133 3243 4187 τῶν
3273 4134 3453 4204 ὅρκων
3483 4153 3765 4204 καταφρο-

2167 4228 2357 4296 νήσας,
2405 4225 2673 4296 ἑξήκοντα
2721 4225 2930 4278 τούτων
2979 4226 3294 4290 ἀπέκτεινε,
3331 4227 3428 4281 καὶ
3481 4227 3626 4282 οὕτω
3659 4229 3764 4282 τῶν

2166 4317 2371 4370 λοιπῶν
2432 4319 2528 4388 τὴν
2579 4317 2755 4389 ὁρμὴν
2804 4317 2895 4370 τοῦ
2955 4319 3106 4389 αὐτῷ
3151 4321 3438 4388 προσιέναι
3498 4322 3761 4390 ἀνέκοψε.

2171 4410 2296 4473 Τοῖς
2327 4410 2372 4462 δ’
2407 4411 2466 4464 ὲν
2492 4413 2560 4481 τῇ
2598 4410 2752 4481 χώρᾳ
2787 4411 2923 4463 πᾶσι
2955 4408 3289 4481 προσέταξεν
3329 4412 3636 4467 ὑπακούειν
3668 4415 3762 4467 τοῦ

2169 4503 2476 4575 ἀρχιερέως
2506 4503 2794 4573 Ἀλκίμου.
2827 4505 2936 4558 Καὶ
2964 4505 3141 4559 ταῦτα
3170 4505 3644 4575 διαπραξάμενος,
3681 4509 3761 4571 εἰς

2168 4596 2503 4666 Ἀντιόχειαν
2534 4595 2860 4666 ἐπανῆλθεν.
2885 4597 3152 4667 ’Ἄλκιμος
3186 4597 3264 4664 δὲ,
3289 4597 3425 4668 πρὸς
3452 4599 3614 4670 χάριν
3635 4601 3754 4668 ὀμι-

2167 4691 2276 4743 tam
2293 4691 2531 4758 ἑκάστῳ,
2564 4691 2657 4742 καὶ
2677 4689 2885 4753 πάντας
2915 4690 3368 4760 ὑποποιούμενος,
3392 4693 3530 4760 ταχὺ
3560 4693 3762 4764 πολλὴν

2171 4781 2424 4846 συνέλεξε
2483 4781 2738 4850 δύναμιν,
2764 4774 2839 4833 ὧν
2879 4782 2926 4833 οί
2984 4782 3206 4846 πλείους
3238 4785 3301 4836 ὲκ
3332 4783 3442 4835 τῶν
3504 4787 3760 4853 φυγάδων

2166 4869 2308 4942 ἦσαν
2352 4874 2445 4926 καλ.
2481 4872 2713 4934 ἀσεΰῶν,
2744 4872 2812 4925 δι’
2843 4864 2918 4926 ὧν
2946 4874 3074 4938 τοὺς
3104 4877 3170 4928 τὰ
3203 4874 3377 4929 Ἰούδι
3419 4877 3758 4944 φρονοῦντας

2168 4967 2444 5018 ἐκτίννυεο
2479 4966 2572 5018 καὶ
2605 4963 2806 5028 Ἰούδας
2847 4964 2892 5018 δ’
2923 4965 3193 5036 ἑτέρωθεν
3231 4968 3357 5027 τοὺς
3383 4968 3452 5020 τὰ
3490 4967 3758 5040 Ἀλκίμου

2167 5059 2511 5130 πράττοντας
2537 5056 2868 5125 διέφθειρεν,
2902 5057 2926 5108 ὁ
2960 5056 3018 5109 δὲ
3045 5057 3134 5109 τὸν
3157 5059 3470 5129 Δημήτρόν
3497 5061 3642 5113 κατά
3663 5060 3758 5112 τοῦ

2165 5153 2339 5208 Ἰούδα
2359 5151 2604 5222 ἠρέθιζε.
2638 5152 2856 5220 Πέμπει
2889 5151 3072 5205 τοίνυν
3101 5151 3258 5213 αὖθις
3287 5153 3315 5204 ὁ
3349 5152 3606 5221 βασιλεὺς
3660 5155 3759 5209 Νι-

2167 5247 2393 5316 κάνωρα
2459 5245 2600 5314 μετὰ
2652 5244 2921 5314 μεγίστης
2973 5244 3178 5313 χειρὸς,
3229 5245 3614 5316 ἐντειλάμενος
3660 5247 3757 5300 τοῦ

2165 5339 2355 5401 ἔθνους
2399 5337 2474 5406 μὴ
2503 5336 2819 5406 φείσασθαι.
2852 5337 3142 5400 Κάκεῖνος,
3179 5334 3452 5401 ἀπελθὼν,
3476 5336 3616 5408 δόλῳ
3641 5334 3758 5392 ’κω

2164 5433 2390 5502 τασχεῖν
2445 5429 2770 5501 ἐπεχείρησε
2815 5429 2907 5480 τὸν
2964 5427 3190 5494 Ἰούδαν,
3211 5430 3305 5482 καὶ
3355 5430 3492 5500 πρὸς
3525 5432 3754 5503 εἰρήνην

2165 5523 2526 5596 προεκαλεῖτο
2559 5523 2743 5576 αὐτόν·
2767 5523 2794 5574 ὁ
2822 5521 2900 5586 δὲ,
2921 5521 3136 5584 πίστεις
3157 5522 3279 5584 δοὺς
3312 5526 3407 5576 καὶ
3428 5523 3634 5590 λαϐὼν,
3661 5525 3752 5578 τὸν

2164 5621 2465 5688 Νικάνωρα
2501 5619 2642 5688 μετὰ
2665 5619 2763 5687 τῆς
2784 5619 3069 5686 δυνάμεως
3093 5617 3425 5685 εἰσεδέξατο,
3448 5619 3542 5672 καὶ
3575 5621 3752 5671 ἀσπα-

2168 5718 2403 5788 σάμενος
2455 5716 2616 5771 αὑτὸν
2652 5717 2680 5768 ὁ
2706 5715 2969 5785 Νικάνωρ
2993 5716 3087 5768 καὶ
3118 5714 3495 5786 προσομιλῶν,
3523 5717 3753 5786 σημεῖον
