3980 6246
387 273 497 338 383
1500 293 1507 302 ·
1648 267 1980 332 JOANNIS
2017 265 2342 329 ZONARvE
3548 259 3660 323 384

389 386 635 442 στάντων
687 385 876 453 αὐτὸν,
943 385 1095 457 μόλις
1161 385 1208 442 δ’
1254 384 1361 440 ὑπὸ
1418 382 1526 437 τῶν
1580 379 2069 453 σωματοφυλάκων
2108 377 2502 453 ἐξαρπασθεὶς,
2559 375 2646 446 ἐφ’
2674 379 2886 449 ἡμέρας
2946 377 3129 432 ἔκειτο
3181 378 3480 447 τέσσαρας,
3525 376 3666 444 μήτε

387 481 609 547 συνιεὶς,
663 482 803 552 μήτε
857 481 1043 552 μέντοι
1083 481 1480 555 φθεγγόμενος.
1506 475 1869 545 ’Ἀνενεγκὼν
1907 472 1965 528 δὲ
2002 474 2071 543 τῇ
2145 472 2375 542 πέμπτῃ
2410 471 2521 526 τῶν
2547 471 2794 541 ἡμερῶν,
2859 473 2958 526 καὶ
2984 471 3086 541 τὴν
3121 470 3477 541 Ἀλεξάνδρου
3512 469 3668 536 δεξά-

392 592 558 646 μενος
620 577 890 649 κεφαλὴν,
958 575 1115 646 παρὰ
1167 575 1263 629 τοῦ
1317 575 1430 630 τῶν
1475 572 1731 645 Ἀράϐων
1776 569 2045 625 δυνάστου
2085 567 2436 640 πεμφθεῖσαν
2494 564 2667 637 αὐτῷ,
2713 568 2808 620 καὶ
2862 566 3114 638 tamen;
3165 568 3258 620 ἐπὶ
3316 569 3382 637 τῇ
3457 566 3669 619 ἐκείνου

386 672 586 742 φθορᾷ,
615 674 710 725 καὶ
736 672 901 734 αὐτὸς
935 672 1073 739 μετὰ
1111 671 1310 742 μικρὸν
1334 671 1686 742 ἐτελεύτησε.
2144 751 2252 764 ,μ’
2343 752 2389 764 _
2503 751 2523 764 ι
2578 749 2636 764 Μ
2732 751 2774 764 Μ
2877 752 2888 764 ε
3021 752 3047 764 _
3142 751 3190 764 ,,
3252 750 3262 763 ,
3387 749 3413 764 η
3519 750 3532 760 .
3587 749 3598 764 .

462 767 654 824 XXIV.
712 768 1027 824 Demetrius
1081 768 1325 825 Nicanor
1368 768 1499 825 Asia
1551 768 1796 838 potitus.
1840 784 1969 825 cum

2144 751 2274 808 ΚΝ.
2341 749 2687 822 Παραλαϐὼν
2727 751 2785 806 δὲ
2836 752 2938 821 τὴν
2984 752 3087 821 τῆς
3142 750 3330 811 Ἀσίας
3386 749 3667 819 βασιλείαν

389 870 519 931 post
573 859 950 915 Alexandrum
1011 874 1190 916 annos
1233 860 1484 930 quinque
1535 870 1844 930 regnasset.
1879 859 1977 915 wi—

2076 845 2390 917 Δημήτριος
2421 844 2451 896 ὁ
2479 844 2747 914 Νικάνωρ
2796 842 2936 913 μετὰ
2981 841 3336 911 Ἀλέξανδρον
3371 840 3467 911 ἐτη
3507 841 3664 910 βασι-

390 953 521 1008 lites
554 953 837 1009 Ptolemati
880 968 1242 1023 corrumpere
1289 956 1478 1023 coepit.
1514 963 1571 1009 et
1612 954 1893 1010 societatis
1921 962 1979 1009 et

2087 941 2347 996 λεύσαντα
2377 940 2561 1005 πέντε,
2592 938 2798 1010 ἡρξατο
2824 939 3161 1009 διαφθείρειν
3194 938 3257 991 τὸ
3313 936 3409 991 τοῦ
3466 937 3665 990 Πτολε-

392 1045 678 1101 aﬂluitatis
725 1045 1060 1100 immemor:
1098 1047 1344 1115 quicum
1378 1048 1533 1101 elusa
1582 1048 1732 1102 illius
1761 1048 1980 1102 callidiv

393 1147 531 1202 tate,
560 1138 950 1194 Alexandriam
991 1138 1253 1200 redirent,
1285 1139 1596 1209 elephantis
1629 1139 1746 1208 ipse
1773 1141 1979 1209 potitus

392 1239 502 1287 est.
536 1231 773 1289 Jonatha
807 1247 938 1287 vero
975 1248 1157 1287 arcem
1179 1226 1758 1305 llierosolymitanam,
1786 1236 1840 1288 in
1870 1251 1977 1303 qua

395 1322 756 1378 Macedonum
805 1333 862 1378 et
907 1323 1226 1379 Judmurum
1276 1322 1625 1377 desertorum
1661 1323 1977 1392 praesidium

395 1428 536 1479 erat,
561 1424 952 1487 oppugnante:
985 1415 1209 1483 quidam
1248 1424 1414 1469 noctu
1466 1415 1660 1484 elapsi,
1710 1416 1986 1471 Demetrio

394 1509 743 1563 obsidionem
794 1508 1142 1563 nuntiarunt.
1204 1509 1256 1563 ls
1305 1527 1427 1563 eum
1487 1510 1733 1565 exercitu
1791 1511 1980 1565 Ptole-

398 1594 669 1656 maidem'
699 1601 1002 1670 profectus,
1057 1602 1350 1657 Jonatbam
1401 1620 1500 1673 per
1546 1603 1761 1659 litteras
1805 1604 1869 1656 ad
1922 1619 1980 1657 se

396 1696 654 1751 accersit.
724 1697 818 1752 Ille
854 1713 986 1751 vero
1037 1714 1145 1751 non
1179 1698 1379 1751 omissa
1432 1698 1752 1753 obsidione.
1795 1712 1976 1750 sacer-

396 1786 620 1841 dotibus
659 1796 716 1842 et
750 1788 937 1857 populi
990 1788 1308 1843 senioribus
1340 1790 1662 1856 assumptis.
1719 1789 1980 1856 illamque

398 1894 595 1949 magna
640 1881 900 1948 pecunia,
952 1880 1290 1935 Demetrium
1337 1880 1553 1950 placat:
1590 1897 1618 1935 a
1659 1897 1769 1950 quo
1803 1883 1978 1935 honos

393 1973 445 2028 ei
486 1972 711 2029 habitus
742 1981 847 2029 est.
894 1982 949 2027 et
1004 1974 1287 2045 pontiﬁcia
1334 1974 1576 2043 dignitas
1630 1976 1978 2030 confirmata.

393 2065 531 2122 Cum
565 2082 700 2123 vero
727 2069 1067 2124 Demetrium
1095 2069 1264 2125 rebus
1299 2069 1508 2139 pacatis
1532 2071 1744 2124 nullum
1774 2070 1978 2123 bellum

395 2161 710 2222 timentem,
769 2162 840 2215 ob
889 2160 1178 2216 imminuta
1227 2162 1523 2229 stipendia,
1565 2163 1800 2216 militum
1854 2161 1980 2215 odia

395 2254 733 2322 suscepisse,
768 2252 990 2323 quidam
1023 2268 1091 2308 ex
1124 2252 1421 2308 Alexandri
1451 2254 1690 2309 ducibus
1723 2254 1980 2324 Tryphon

397 2346 790 2413 cognovisset,
847 2360 877 2399 a
945 2345 1161 2401 Malcbo
1214 2348 1397 2403 Arabe
1449 2347 1745 2404 Alexandri
1808 2349 1980 2403 filium

395 2433 758 2500 Antiochum,
799 2436 894 2507 qui
946 2437 1018 2490 ibi
1072 2437 1443 2502 educabatur,
1506 2440 1708 2505 aufert,
1753 2442 1899 2508 quod
1931 2442 1980 2496 ci

399 2534 691 2596 paternum
748 2527 1043 2598 imperium
1096 2545 1154 2584 se
1199 2531 1341 2585 velle
1390 2532 1688 2587 restituere
1750 2533 1979 2588 diceret.

397 2617 715 2676 Demetrius
755 2631 941 2677 autem
990 2622 1244 2679 Jonathm
1281 2626 1547 2682 societate
1575 2629 1769 2683 multis
1818 2629 1982 2696 polli—

395 2709 762 2769 citationibus
790 2712 1106 2783 impetrata,
1141 2731 1207 2771 ac
1240 2716 1418 2772 tribus
1463 2718 1710 2773 millibus
1743 2720 1982 2775 militum

395 2802 467 2855 ab
494 2817 563 2856 eo
600 2804 865 2871 acceptis,
897 2804 1299 2869 Antiochenos,
1354 2810 1448 2879 qui
1493 2810 1564 2864 ob
1604 2822 1857 2880 acceptas
1897 2812 1983 2867 in-

391 2888 566 2963 iurias
592 2905 1011 2961 succensentes,
1034 2899 1364 2955 seditionem
1395 2914 1704 2967 moverant,
1726 2905 1779 2958 in
1800 2903 1982 2976 fugam

398 2985 595 3047 vertit,
646 2986 843 3042 urbem
903 2989 1189 3053 incendit,
1248 2992 1452 3045 multos
1510 2994 1758 3049 occidit:
1807 2996 1984 3051 donec

397 3090 548 3131 arma
575 3094 801 3149 ponere.
821 3091 876 3135 et
897 3098 955 3136 se
988 3083 1149 3154 213
1168 3085 1314 3139 illius
1337 3085 1462 3142 tidci
1500 3086 1822 3154 permittere
1847 3096 1978 3142 sunt

401 3170 603 3225 coacti.
658 3172 946 3229 Seditione
988 3176 1093 3230 hoc
1155 3178 1319 3232 modo
1376 3195 1712 3249 compressa,
1763 3180 1985 3236 Judaaos

397 3258 562 3315 donis
640 3262 871 3318 affectos
950 3265 1328 3341 Hierosolyma
1423 3272 1667 3337 remisit,
1733 3271 1985 3328 Jonathte

398 3353 606 3424 gratias
644 3356 776 3426 egit.
824 3356 931 3412 Sed
980 3367 1103 3428 post
1136 3360 1274 3416 adeo
1313 3362 1600 3431 promissis
1646 3380 1758 3420 non
1805 3365 1980 3430 stetit,

399 3453 461 3500 ut
501 3455 559 3501 et
613 3446 819 3503 bellum
869 3451 918 3505 ei
978 3451 1223 3508 minatus
1258 3453 1473 3510 fuerit:
1515 3455 1684 3527 idque
1743 3473 1804 3513 re
1866 3459 1984 3528 ipsa
2012 3458 2057 3513 (ἶ

402 3537 702 3601 intulisset.
748 3542 853 3597 nisi
888 3542 1154 3615 Tryphon
1201 3562 1269 3602 ex
1304 3545 1506 3605 Arabia
1561 3548 1616 3604 in
1647 3548 1863 3622 Syriam
1896 3567 1986 3606 rc-

400 3646 618 3697 versus,
656 3634 991 3692 Antiochum
1019 3647 1133 3694 tum
1165 3640 1638 3698 adulescentulum
1674 3644 1987 3702 diademate

399 3738 676 3790 ornasset.
709 3743 774 3785 ac
822 3730 1101 3788 Demetrio
1143 3733 1350 3790 bellum
1408 3735 1707 3801 intulisset,
1743 3739 1987 3807 acceptis

389 3808 472 3871 iis
502 3817 791 3885 militibus,
824 3822 918 3891 qui
974 3822 1045 3877 ob
1100 3825 1505 3896 stipendiorum
1540 3827 1986 3885 imminutionem

402 3908 557 3964 illum
586 3911 946 3983 reliquerant.
999 3918 1050 3972 ls
1088 3917 1351 3990 Tryphon
1397 3919 1590 3989 prxlio
1625 3921 1824 3987 victor,
1858 3938 1985 3977 cum

404 4000 756 4058 Antiochiam
786 4014 844 4060 et
872 4007 1198 4078 elephantes
1252 4011 1513 4080 cepisset,
1561 4011 1878 4070 Demetrius
1928 4013 1985 4071 in

400 4089 652 4149 Ciliciam
678 4094 812 4151 abit.
843 4096 1111 4154 Jonathas
1144 4116 1278 4155 vero
1302 4101 1371 4154 ab
1412 4100 1687 4158 Antiocho
1717 4120 1890 4174 puero
1919 4107 1986 4161 ad

402 4181 534 4239 belli
581 4185 903 4244 societatem
959 4191 1304 4254 accersitus,
1355 4191 1408 4247 ei
1459 4209 1519 4249 se
1573 4201 1630 4248 ct
1665 4196 1876 4251 socium
1932 4209 1990 4254 et

403 4277 640 4332 amicum
669 4277 811 4345 fore,
853 4290 911 4336 et
942 4280 1225 4338 Demetrio
1245 4281 1454 4339 bellum
1494 4285 1774 4341 illaturum
1829 4288 1990 4359 polli-

404 4377 583 4424 cetur.
628 4370 699 4425 Et
739 4386 856 4427 rem
902 4372 1088 4428 statim
1129 4390 1442 4446 aggressus.
1474 4376 1662 4433 effecit
1706 4388 1766 4433 ut
1800 4381 1989 4438 multae

407 4456 578 4514 urbes
624 4458 864 4531 Syriaca:
914 4476 945 4517 a
994 4462 1274 4520 Demetrio
1326 4465 1394 4521 ad
1448 4467 1602 4523 illum
1660 4468 1987 4528 deficerent.

405 4546 615 4625 Deinde
659 4548 884 4606 Simone
936 4551 1107 4609 fratre
1163 4555 1218 4608 in
1274 4554 1462 4611 Judara
1517 4558 1733 4625 relicto,
1795 4571 1988 4617 contra

406 4624 670 4699 Demetrii
733 4643 905 4701 duces
966 4653 1053 4701 est
1127 4645 1427 4717 profectus.
1506 4648 1699 4707 Simon
1766 4669 1988 4725 quoque

407 4728 617 4788 Besura
652 4733 855 4793 Iudaeae
902 4736 1191 4807 oppidum,
1232 4736 1288 4793 in
1335 4756 1446 4809 quo
1487 4742 1748 4799 Demetrii
1796 4747 1988 4815 praesi-

2081 1034 2248 1104 μαίου
2278 1033 2700 1103 στρατιωτικὸν,
2725 1033 2826 1101 τῆς
2860 1049 2919 1086 τε
2950 1032 3279 1102 συμμαχίας
3331 1031 3428 1083 καὶ
3464 1047 3668 1098 συγγε-

2077 1129 2227 1189 νείας
2258 1126 2676 1197 ἀμνημονήσας.
2709 1125 2774 1179 Οἱ
2803 1126 2903 1195 μὲν
2925 1121 3019 1179 οὖν
3051 1124 3408 1195 στρατιῶται,
3429 1123 3530 1195 τὴν
3557 1126 3673 1176 πεῖ⁴

2083 1235 2182 1288 ραν
2210 1218 2418 1272 ἐκείνου
2463 1216 2944 1289 διακρουσάμενοι,
2977 1220 3054 1281 είς
3089 1217 3512 1287 Ἀλεξάνδρειαν
3549 1219 3672 1270 ἀνε-

2080 1312 2361 1382 χώρησαν,
2385 1310 2493 1363 τῶν
2522 1311 2566 1363 δ’
2597 1310 2908 1379 ἐλεφάντων
2938 1310 3267 1381 ἐκράτησεν.
3323 1309 3584 1379 Ἰωνάθης
3612 1311 3668 1363 δὲ

2080 1403 2108 1453 ὁ
2136 1402 2432 1472 ἀρχιερεὺς
2459 1401 2774 1472 ἐπολιόρκει
2807 1403 2908 1469 τὴν
2934 1401 3043 1453 τῶν
3085 1401 3480 1472 Ἰεροσολύμων
3505 1403 3668 1472 ἀκρό-

2082 1494 2259 1554 πολιν,
2293 1493 2523 1561 ἔχουσαν
2559 1492 2708 1546 ἔνδον
2754 1491 3080 1555 Μακεδόνας
3113 1496 3409 1564 φρουροὺς,
3442 1495 3536 1548 καὶ
3564 1495 3671 1546 τῶν

2083 1585 2470 1657 ἀσεϐησάντων
2491 1586 2763 1640 Ἰουδαίων
2796 1588 2971 1650 τινάς·
3003 1579 3077 1639 ὧν
3099 1605 3265 1651 τινες,
3296 1586 3493 1649 νυκτὸς
3522 1587 3669 1651 eget.

2083 1675 2290 1738 θόντες,
2335 1675 2414 1746 τῷ
2456 1678 2756 1746 Δημητρίῳ
2786 1679 2888 1747 τὴν
2941 1678 3265 1748 πολιορκίαν
3300 1678 3669 1749 ἀπήγγειλαν.

2089 1768 2196 1820 Καὶ
2230 1767 2289 1831 ὃς
2340 1762 2444 1840 ἧκε
2505 1771 2602 1822 σὺν
2663 1770 2895 1839 δυνάμει
2947 1772 3081 1840 πρὸς
3133 1772 3416 1841 Ἰωνάθην,
3467 1775 3565 1825 καὶ
3615 1776 3672 1827 ἐν

2086 1861 2790 1932 Πτολεμαΐδι,γενόμενος,
2851 1862 3054 1934 γράςει
3129 1864 3279 1935 αὐτῷ
3329 1865 3464 1934 πρὸς
3512 1867 3672 1918 αὐτὸν

2084 1952 2407 2018 ἀφικέσθαι.
2448 1953 2507 2006 Ὀ
2541 1953 2596 2006 δὲ,
2627 1954 2724 2023 τὴν
2760 1955 3084 2025 πολιορκίαν
3115 1960 3215 2010 οὐκ
3264 1957 3494 2021 ἔπαυσε,
3549 1961 3670 2018 τοὺς

2088 2046 2252 2114 ἱερεῖς
2281 2045 2337 2098 δὲ
2375 2047 2466 2099 καὶ
2498 2048 2628 2108 τοὺς
2677 2047 2770 2100 τοῦ
2817 2047 2946 2101 λαοῦ
2980 2049 3389 2119 πρεσϐυτέρους
3421 2052 3671 2119 παραλα-

2085 2136 2220 2201 ϐἰον,
2251 2139 2346 2191 καὶ
2396 2139 2658 2209 χρήματα
2712 2139 2885 2193 πολλά
2935 2140 3201 2211 κομίζων,
3239 2136 3345 2214 ἧκε
3400 2143 3539 2214 πρὸς
3586 2144 3672 2195 τὸν

2085 2232 2419 2300 Δημήτριον.
2461 2232 2570 2284 Καὶ
2600 2230 2814 2295 τούτοις
2844 2231 3008 2285 αὐτὸν
3036 2232 3402 2303 θεραπεύσας,
3428 2237 3669 2305 ἐτιμήθη

2087 2321 2219 2389 παρ’
2269 2321 2459 2387 αὑτοῦ,
2519 2322 2631 2374 καὶ⁷
2667 2322 2768 2392 τὴν
2793 2324 3216 2395 ἀρχιερωσύνην
3266 2326 3661 2382 ἐϐεϐαιώσατο.

2096 2406 2186 2472 Ὠς
2213 2409 2272 2463 δὲ
2328 2410 2402 2481 μή
2443 2427 2591 2474 τινος
2645 2412 3005 2483 ἐπικειμένου
3054 2416 3319 2485 πολέμου,
3352 2417 3446 2470 τὸν
3485 2419 3674 2486 μισθὸν

2083 2502 2196 2556 τῶν
2231 2503 2585 2571 στρατιωτῶν
2604 2504 2917 2573 ἠλάττωσεν
2943 2508 2970 2559 ὁ
2999 2509 3336 2579 Δημήτριος,
3374 2510 3672 2562 κάντεῦθεν

2083 2589 2154 2667 ἦν
2184 2595 2372 2658 αὐτοῖς
2399 2595 2648 2666 μισητός.
2684 2597 2852 2660 Γνοὺς
2883 2597 2943 2650 τὸ
2978 2599 3116 2670 πρὸς
3143 2601 3310 2654 αὐτὸν
3335 2603 3494 2671 μῖσος
3522 2602 3675 2656 Ἀλει

2086 2686 2314 2757 ξᾶνδρου
2361 2703 2446 2749 τις
2516 2690 2848 2758 στρατηγὸς,
2877 2689 3114 2761 Τρύφων
3157 2691 3496 2762 ἐπικληθεὶς,
3541 2697 3679 2766 πρὸς

2086 2778 2311 2848 Μάλχον
2370 2779 2462 2833 τὸν
2518 2782 2735 2852 Ἄραϐα
2785 2783 3176 2852 παραγίνεται,
3229 2786 3324 2839 καὶ
3362 2787 3531 2839 παῖδα
3585 2789 3679 2842 τοῦ

2084 2870 2439 2941 Ἀλεξάνδρου
2465 2872 2743 2943 Ἀντίοχον
2765 2877 3107 2944 τρεφόμενον
3140 2880 3271 2949 παρ’
3295 2881 3445 2950 αὐτῷ
3471 2885 3678 2952 ἐζήτει,

2083 2961 2259 3030 λέγων
2292 2964 2772 3036 ἀποκαταστήσειν
2817 2967 2970 3038 αὐτῷ
3014 2968 3115 3038 τὴν
3160 2970 3422 3042 πατρῴαν
3461 2975 3676 3044 ἀρχήνο

2084 3053 2178 3106 καὶ
2201 3052 2260 3117 ὃς
2283 3053 2494 3109 δίδωσι.
2519 3059 2836 3127 Δημήτριος
2869 3057 2951 3122 δὲ,
2979 3061 3112 3130 προς
3140 3060 3403 3133 Ἰωνάθην
3434 3066 3675 3129 στείλας,

2086 3147 2404 3217 συμμαχίαν
2422 3148 2627 3217 ἐζήτει,
2649 3150 2856 3210 πολλὰς
2885 3152 3038 3222 αὐτῷ
3066 3155 3552 3226 ἐπαγγελλόμενος
3577 3161 3678 3231 χά-

2086 3257 2262 3311 ριτας.
2293 3241 2510 3311 Πέμπει
2554 3242 2736 3297 τοίνυν
2763 3243 2914 3314 αὺτῷ
2944 3248 3301 3318 τρισχιλίους.
3349 3250 3420 3304 δι’
3466 3246 3543 3307 ὧν
3576 3256 3680 3310 ὲπ-

2084 3332 2428 3397 αναστάντας
2472 3334 2622 3405 αὐτῷ
2651 3337 2778 3401 τοὺς
2817 3338 3113 3410 Ἀντιοχεῖς
3143 3340 3210 3394 δι’
3262 3343 3587 3414 ἀπέχθειαν,
3612 3348 3682 3420 ἣν

2088 3422 2340 3495 ἔτρεφον,
2375 3426 2460 3478 ὅτι
2493 3427 2680 3491 κακῶς
2710 3429 2951 3501 ἔπασχον
3006 3432 3098 3485 ὑπ’
3150 3435 3343 3500 αὐτοῦ,
3382 3440 3677 3511 ἐτρέψατο,

2091 3515 2187 3569 xa't
2220 3515 2320 3586 τὴν
2349 3516 2507 3570 πόλιν
2538 3519 2833 3592 ἐνέπρησε,
2862 3524 2958 3578 καὶ
2979 3524 3209 3587 πολλοὺς
3230 3529 3408 3582 αὐτῶν
3440 3530 3679 3601 ἔκτεινε,

2092 3608 2291 3678 μέχρις
2320 3608 2659 3681 ἐϐιάσθησαν
2692 3613 2995 3669 ἀποθέσθαι
3033 3620 3101 3671 τὰ
3138 3621 3413 3684 ὅπ).α,καὶ
3448 3626 3679 3690 ἑαυτοὺς

2089 3699 2242 3770 αὐτῷ
2267 3702 2630 3771 παραδοῦναι.
2664 3704 2730 3758 Ἦ
2752 3706 2853 3778 μὲν
2878 3703 2975 3762 οὖν
3004 3709 3195 3774 στάσις
3227 3711 3402 3777 οὕτως
3431 3717 3678 3786 ἐπαύθηο

2087 3795 2118 3847 ὁ
2151 3793 2209 3846 δὲ
2259 3795 2388 3859 τοὺς
2432 3796 2723 3862 Ἰουδαίους
2765 3800 3053 3872 ἀνέπεμψε
3092 3804 3230 3873 πρὸς
3265 3805 3545 3879 Ἰωνάθην,
3580 3814 3685 3864 αὖ·

2088 3886 2202 3949 τοῖς
2238 3886 2337 3958 μὲν
2364 3886 2782 3959 δωρησάμενος,
2811 3891 3010 3962 ἐκείνῳ
3035 3895 3091 3947 δὲ
3110 3894 3346 3967 χάριτας
3366 3901 3680 3970 ὁμολογῶν.

2091 3978 2368 4050 ’Υστερον
2395 3980 2455 4035 δὲ
2479 3982 2575 4035 καὶ
2602 3983 2704 4047 τὰς
2735 3984 3065 4058 ὑποσχέσεις
3097 3988 3392 4059 ἐψεύσατο,
3432 3997 3530 4048 καὶ
3578 3995 3682 4050 πό-

2089 4070 2260 4142 λεμον
2291 4073 2591 4143 ἠπείλησεν
2612 4075 2784 4145 αὐτῷ.
2812 4077 2927 4131 Καὶ
2955 4080 3170 4150 ἦγαγεν
3194 4081 3263 4136 ἃν
3287 4086 3367 4147 είς
3392 4086 3563 4157 ἔργον
3584 4089 3685 4153 τὰς

2091 4165 2349 4230 ἀπειλάς,
2389 4168 2439 4219 εἰ
2470 4169 2544 4237 μὴ
2576 4168 2836 4239 Τρύφων,
2876 4171 2943 4225 ἐκ
2991 4172 3098 4241 τῆς
3144 4174 3413 4245 Ἀραϐίας
3456 4180 3544 4242 είς
3580 4179 3687 4251 τὴν

2092 4255 2293 4327 Συρίαν
2347 4257 2685 4325 ἐπανελθὼν,
2729 4259 2809 4332 τῷ
2867 4262 3163 4335 Ἀντιόχῳ,
3220 4269 3499 4341 μειρακίῳ
3558 4274 3686 4325 τότε

2088 4349 2438 4421 τυγχάνοντι,
2466 4351 2711 4422 διάδημα
2764 4355 3083 4427 περιέθετο,
3119 4358 3215 4411 καὶ
3263 4361 3505 4431 πόλεμον
3549 4368 3690 4432 πρὸς

2089 4442 2183 4494 τὸν
2215 4444 2532 4516 Δημήτριον
2556 4448 2944 4519 συνεκρότησε,
2972 4454 3498 4523 προσχωρησάντων
3530 4458 3691 4528 αὐτῷ

2090 4534 2202 4588 τῶν
2228 4539 2608 4608 στρατιωτῶν,
2636 4540 2752 4593 ὅσοι
2788 4541 2878 4596 διὰ
2925 4542 3028 4613 τὴν
3070 4545 3302 4615 μείωσιν
3334 4547 3431 4601 τοῦ
3472 4552 3692 4619 μισθώ-

2094 4646 2269 4699 ματος
2317 4631 2750 4687 καταλελοίπασι
2813 4635 2909 4688 τὸν
2963 4637 3303 4707 Δημήτριον.
3345 4638 3691 4713 Ἐπικρατέ-

2094 4739 2286 4792 στερος
2320 4720 2417 4778 οὖν
2444 4726 2473 4778 ὁ
2500 4725 2737 4795 Τρύφων
2794 4726 2857 4779 ἐν
2886 4729 2953 4799 τῇ
3008 4729 3161 4801 μάχῃ
3211 4729 3536 4800 γενόμενος,
3590 4736 3691 4788 καὶ

405 4823 560 4880 dium
582 4836 722 4892 erat,
757 4827 812 4882 in
842 4844 937 4885 eas
969 4830 1252 4902 angustias
1280 4808 1572 4891 obsidione
1596 4808 1886 4909 compulit,
1929 4849 1983 4896 ut

2093 4817 2195 4886 τὴν
2235 4817 2573 4889 Ἀντιόχειαν
2602 4819 2893 4890 λαμϐάνει,
2922 4822 3016 4876 καὶ
3064 4824 3191 4885 τοὺς
3248 4823 3579 4892 ἐλέφαντας.
3626 4826 3691 4881 ὐ

407 4917 515 4975 fide
573 4927 800 4991 accepta
867 4922 1070 4980 milites
1127 4924 1513 4996 discederent,
1570 4936 1626 4985 et
1682 4946 1843 4987 suum
1906 4932 1985 4988 illi

407 5011 727 5083 prtesidium
774 5013 1059 5086 imposuit.
1123 5014 1391 5074 Jonathas
1421 5035 1553 5076 vero
1595 5023 1857 5080 Demetrii
1886 5025 1990 5080 du—

404 5106 569 5162 cibus
594 5105 921 5179 proﬂigalis,
972 5117 1029 5164 et
1078 5109 1147 5165 ad
1178 5112 1288 5166 duo
1331 5113 1504 5168 millia
1532 5113 1777 5171 hostium
1805 5117 1987 5182 caesis,

406 5197 786 5272 Hierosolyma
833 5216 1123 5265 reversus,
1169 5203 1382 5276 legatos
1426 5206 1655 5261 Romam
1714 5208 1866 5263 misit
1921 5211 1987 5265 ad

408 5289 702 5360 pristinam
756 5292 1063 5350 amicitiam
1115 5296 1514 5353 renovandam.
1563 5297 1668 5364 Qui
1712 5300 1991 5368 prioribus

411 5382 653 5441 decretis
702 5400 735 5441 a
784 5395 983 5442 senatu
1008 5387 1386 5453 conﬁrmatis,
1440 5389 1496 5443 in
1530 5388 1709 5444 reditu
1737 5388 1989 5458 Spartam

409 5486 691 5531 venerunt
719 5477 884 5550 (nam
921 5479 975 5534 id
1022 5495 1246 5550 quoque
1280 5479 1573 5535 mandarat
1604 5478 1905 5549 Jonathas)
1935 5490 1993 5537 et

410 5585 443 5626 ο
470 5568 759 5639 Spartanis
795 5582 1048 5626 amanter
1074 5572 1292 5643 excepti
1318 5582 1469 5637 sunt,
1515 5572 1720 5630 Judais
1747 5573 1991 5630 amicitia

409 5672 470 5719 et
510 5663 776 5720 societate
820 5666 1113 5736 promissa.
1161 5665 1422 5721 Demetrii
1480 5664 1654 5721 duces
1705 5676 1989 5736 acceptant

410 5760 626 5818 cladem
656 5762 930 5818 resarcire
961 5762 1272 5827 cupientes,
1305 5762 1537 5827 majore.r
1580 5761 1772 5828 copias
1800 5771 1991 5824 centra

2095 4909 2154 4963 δὲ
2177 4911 2496 4982 Δημήτριος
2517 4913 2598 4975 είς
2619 4911 2881 4966 Κιλικίαν
2907 4914 3148 4986 ἀπῆλθε,
3195 4916 3293 4968 καὶ
3322 4916 3353 4968 ό
3378 4919 3515 4981 παῖς
3560 4919 3693 4974 Ἀν-

2088 5005 2271 5075 τίοχος
2295 5006 2376 5068 είς
2411 5006 2740 5078 συμμαχίαν
2789 5008 2887 5061 τὸν
2935 5007 3196 5079 Ἰωνάθην
3236 5009 3692 5078 μετεκαλέσατο.

2103 5097 2164 5150 ’0
2189 5096 2247 5149 δὲ
2286 5097 2442 5167 φίλος
2468 5093 2613 5152 εἶναι
2654 5101 2751 5154 καὶ
2786 5099 3080 5172 σύμμαχος
3112 5103 3413 5175 ὡμολόγει,
3450 5106 3550 5161 καὶ
3584 5126 3697 5162 που

2091 5191 2355 5261 λεμήσειν
2381 5191 2461 5263 τῷ
2492 5194 2796 5265 Δημητρίῳ
2828 5195 3115 5258 κατέθετο.
3148 5196 3247 5250 καὶ
3275 5195 3510 5272 ὥρμησε
3545 5201 3695 5274 πρὸς

2093 5283 2258 5357 ἔργον
2286 5286 2472 5352 εὐθύς.
2507 5289 2617 5342 Καὶ
2643 5289 2866 5360 πρῶτον
2890 5289 3074 5354 πόλεις
3103 5291 3312 5356 πολλὰς
3338 5296 3689 5369 προσχωρῆ-

2096 5393 2189 5430 σαι
2221 5376 2300 5447 τῷ
2332 5375 2593 5450 Ἀντιόχῳ
2617 5379 2948 5447 πεποίηκεν,
2997 5381 3324 5444 ἀποστάσας
3356 5381 3455 5434 τοῦ
3485 5385 3695 5455 Δημη-

2095 5469 2271 5540 τρίου,
2303 5465 2425 5523 εἶτα
2448 5471 2682 5541 ἀδελφὸν
2710 5472 2936 5541 Σίμωνα
2971 5474 3029 5527 ὲν
3061 5475 3129 5544 τῇ
3162 5472 3401 5547 Ἰουδαίᾳ
3447 5478 3691 5531 καταλι-

2096 5562 2239 5627 πὼν,
2273 5565 2415 5617 κατὰ
2440 5563 2550 5617 τῶν
2573 5564 2670 5617 τοῦ
2691 5565 3015 5638 Δημητρίου
3040 5568 3294 5639 ἐχώρησε
3323 5569 3688 5640 στρατηγῶν.

2096 5655 2211 5707 Καὶ
2245 5656 2274 5708 ὁ
2308 5653 2493 5723 Σίμων
2514 5654 2765 5727 Βέσουρα
2793 5658 3108 5728 ἐπολιόρκει
3139 5659 3241 5729 τῆς
3267 5660 3544 5726 ἰουδαίας
3572 5681 3688 5734 χω-

2098 5750 2238 5819 ρίον,
2268 5748 2375 5805 ὑπὸ
2397 5745 2509 5800 τῶν
2557 5746 2652 5802 τοῦ
2702 5751 3022 5823 Δημητρίου
3077 5753 3466 5825 κατεχόμενον,
3529 5752 3583 5808 οἳ
3614 5757 3686 5829 τῇ
