  <div class='ocr_page' id='page_1' title='image "/cluster/home/n/w/nwhite01/storage/ocr_20150623/134/mdp.39015032023197/200.png"; bbox 0 0 3980 6246; ppageno 0'>
   <div class='ocr_carea' id='block_1_1' title="bbox 355 400 460 467">
    <p class='ocr_par' dir='ltr' id='par_1_1' title="bbox 355 400 460 467">
     <span class='ocr_line' id='line_1_1' title="bbox 355 400 460 467; baseline -0.019 0"><span class='ocrx_word' id='word_1_1' title='bbox 355 400 460 467; x_wconf 76' lang='grc'><strong>385</strong></span> 
     </span>
    </p>
   </div>
   <div class='ocr_carea' id='block_1_2' title="bbox 1615 394 2363 465">
    <p class='ocr_par' dir='ltr' id='par_1_2' title="bbox 1615 394 2363 465">
     <span class='ocr_line' id='line_1_2' title="bbox 1615 394 2363 465; baseline 0.003 -4"><span class='ocrx_word' id='word_1_2' title='bbox 1615 399 2024 464; x_wconf 77' lang='lat' dir='ltr'><strong>ANNALIUM</strong></span> <span class='ocrx_word' id='word_1_3' title='bbox 2063 401 2214 465; x_wconf 80' lang='lat' dir='ltr'><strong>LIB.</strong></span> <span class='ocrx_word' id='word_1_4' title='bbox 2260 394 2363 464; x_wconf 74' lang='lat' dir='ltr'><strong>IV.</strong></span> 
     </span>
    </p>
   </div>
   <div class='ocr_carea' id='block_1_3' title="bbox 3516 409 3621 473">
    <p class='ocr_par' dir='ltr' id='par_1_3' title="bbox 3516 409 3621 473">
     <span class='ocr_line' id='line_1_3' title="bbox 3516 409 3621 473; baseline 0 0"><span class='ocrx_word' id='word_1_5' title='bbox 3516 409 3621 473; x_wconf 73' lang='grc'><strong>386</strong></span> 
     </span>
    </p>
   </div>
   <div class='ocr_carea' id='block_1_4' title="bbox 355 509 1938 587">
    <p class='ocr_par' dir='ltr' id='par_1_4' title="bbox 355 509 1934 586">
     <span class='ocr_line' id='line_1_4' title="bbox 355 509 1934 586; baseline -0.003 -18"><span class='ocrx_word' id='word_1_6' title='bbox 355 513 650 586; x_wconf 66' lang='grc' dir='ltr'>πολιορκία</span> <span class='ocrx_word' id='word_1_7' title='bbox 686 513 1213 585; x_wconf 79' lang='grc' dir='ltr'>στενοχωρηθέντες.</span> <span class='ocrx_word' id='word_1_8' title='bbox 1254 512 1472 575; x_wconf 76' lang='grc' dir='ltr'>πίστεις</span> <span class='ocrx_word' id='word_1_9' title='bbox 1501 510 1783 575; x_wconf 77' lang='grc' dir='ltr'>λαϐόντες,</span> <span class='ocrx_word' id='word_1_10' title='bbox 1817 509 1934 576; x_wconf 77' lang='grc' dir='ltr'><strong>ἐξέ-</strong></span> 
     </span>
    </p>
   </div>
   <div class='ocr_carea' id='block_1_5' title="bbox 2041 509 3619 587">
    <p class='ocr_par' dir='ltr' id='par_1_5' title="bbox 2041 511 3619 587">
     <span class='ocr_line' id='line_1_5' title="bbox 2041 511 3619 587; baseline 0.006 -21"><span class='ocrx_word' id='word_1_11' title='bbox 2041 511 2326 566; x_wconf 80' lang='lat' dir='ltr'><strong>lonatham</strong></span> <span class='ocrx_word' id='word_1_12' title='bbox 2358 511 2709 567; x_wconf 77' lang='lat' dir='ltr'><strong>eduxerunt:</strong></span> <span class='ocrx_word' id='word_1_13' title='bbox 2735 511 2829 583; x_wconf 87' lang='lat' dir='ltr'><strong>qui</strong></span> <span class='ocrx_word' id='word_1_14' title='bbox 2878 527 3005 569; x_wconf 84' lang='lat' dir='ltr'><strong>cum</strong></span> <span class='ocrx_word' id='word_1_15' title='bbox 3040 524 3269 587; x_wconf 85' lang='lat' dir='ltr'><strong>repente</strong></span> <span class='ocrx_word' id='word_1_16' title='bbox 3301 517 3385 572; x_wconf 82' lang='lat' dir='ltr'><strong>eis</strong></span> <span class='ocrx_word' id='word_1_17' title='bbox 3427 533 3619 575; x_wconf 84' lang='lat' dir='ltr'><strong>occur-</strong></span> 
     </span>
    </p>
   </div>
   <div class='ocr_carea' id='block_1_6' title="bbox 350 604 1937 678">
    <p class='ocr_par' dir='ltr' id='par_1_6' title="bbox 350 604 1937 678">
     <span class='ocr_line' id='line_1_6' title="bbox 350 604 1937 678; baseline -0.003 -18"><span class='ocrx_word' id='word_1_18' title='bbox 350 612 508 667; x_wconf 78' lang='grc' dir='ltr'>λιπον</span> <span class='ocrx_word' id='word_1_19' title='bbox 533 608 594 660; x_wconf 78' lang='grc' dir='ltr'>τὸ</span> <span class='ocrx_word' id='word_1_20' title='bbox 618 606 845 678; x_wconf 83' lang='grc' dir='ltr'>χωρίον,</span> <span class='ocrx_word' id='word_1_21' title='bbox 879 607 977 660; x_wconf 77' lang='grc' dir='ltr'>καὶ</span> <span class='ocrx_word' id='word_1_22' title='bbox 1009 608 1263 678; x_wconf 76' lang='grc' dir='ltr'>φρουρὰν</span> <span class='ocrx_word' id='word_1_23' title='bbox 1317 605 1461 659; x_wconf 89' lang='grc' dir='ltr'>ίδίαν</span> <span class='ocrx_word' id='word_1_24' title='bbox 1490 606 1519 658; x_wconf 86' lang='grc' dir='ltr'>ὁ</span> <span class='ocrx_word' id='word_1_25' title='bbox 1559 605 1744 674; x_wconf 87' lang='grc' dir='ltr'>Σίμων</span> <span class='ocrx_word' id='word_1_26' title='bbox 1770 604 1937 657; x_wconf 80' lang='grc' dir='ltr'>κατέο</span> 
     </span>
    </p>
   </div>
   <div class='ocr_carea' id='block_1_7' title="bbox 356 697 1937 771">
    <p class='ocr_par' dir='ltr' id='par_1_7' title="bbox 356 697 1937 771">
     <span class='ocr_line' id='line_1_7' title="bbox 356 697 1937 771; baseline -0.003 -18"><span class='ocrx_word' id='word_1_27' title='bbox 356 717 553 771; x_wconf 79' lang='grc' dir='ltr'>στησεν</span> <span class='ocrx_word' id='word_1_28' title='bbox 582 701 642 752; x_wconf 82' lang='grc' dir='ltr'><strong>ἐν</strong></span> <span class='ocrx_word' id='word_1_29' title='bbox 664 698 841 767; x_wconf 84' lang='grc' dir='ltr'>αὐτῷ.</span> <span class='ocrx_word' id='word_1_30' title='bbox 876 697 1137 769; x_wconf 79' lang='grc' dir='ltr'><strong>Ἰωνάθης</strong></span> <span class='ocrx_word' id='word_1_31' title='bbox 1160 697 1238 762; x_wconf 78' lang='grc' dir='ltr'>δὲ,</span> <span class='ocrx_word' id='word_1_32' title='bbox 1277 700 1394 763; x_wconf 85' lang='grc' dir='ltr'>τοῖς</span> <span class='ocrx_word' id='word_1_33' title='bbox 1435 697 1766 769; x_wconf 76' lang='grc' dir='ltr'><strong>στρατηγοῖς</strong></span> <span class='ocrx_word' id='word_1_34' title='bbox 1799 712 1937 766; x_wconf 89' lang='grc' dir='ltr'>συμ-</span> 
     </span>
    </p>
   </div>
   <div class='ocr_carea' id='block_1_8' title="bbox 357 790 1937 864">
    <p class='ocr_par' dir='ltr' id='par_1_8' title="bbox 357 790 1937 864">
     <span class='ocr_line' id='line_1_8' title="bbox 357 790 1937 864; baseline -0.002 -20"><span class='ocrx_word' id='word_1_35' title='bbox 357 792 518 864; x_wconf 78' lang='grc' dir='ltr'>μίξας</span> <span class='ocrx_word' id='word_1_36' title='bbox 539 791 635 846; x_wconf 84' lang='grc' dir='ltr'>τοῦ</span> <span class='ocrx_word' id='word_1_37' title='bbox 661 791 1002 863; x_wconf 77' lang='grc' dir='ltr'><strong>Δημητρίου,</strong></span> <span class='ocrx_word' id='word_1_38' title='bbox 1033 793 1121 855; x_wconf 75' lang='grc' dir='ltr'>εἰς</span> <span class='ocrx_word' id='word_1_39' title='bbox 1154 791 1337 861; x_wconf 77' lang='grc' dir='ltr'>φυγήν</span> <span class='ocrx_word' id='word_1_40' title='bbox 1369 807 1430 849; x_wconf 80' lang='grc' dir='ltr'><strong>τε</strong></span> <span class='ocrx_word' id='word_1_41' title='bbox 1489 791 1691 853; x_wconf 82' lang='grc' dir='ltr'>αὐτοὺς</span> <span class='ocrx_word' id='word_1_42' title='bbox 1733 790 1937 860; x_wconf 80' lang='grc' dir='ltr'>τρέπι-</span> 
     </span>
    </p>
   </div>
   <div class='ocr_carea' id='block_1_9' title="bbox 355 879 1937 954">
    <p class='ocr_par' dir='ltr' id='par_1_9' title="bbox 355 879 1937 954">
     <span class='ocr_line' id='line_1_9' title="bbox 355 879 1937 954; baseline -0.003 -18"><span class='ocrx_word' id='word_1_43' title='bbox 355 901 464 947; x_wconf 80' lang='grc' dir='ltr'>ται,</span> <span class='ocrx_word' id='word_1_44' title='bbox 524 883 790 952; x_wconf 76' lang='grc' dir='ltr'>καὶπερὶ</span> <span class='ocrx_word' id='word_1_45' title='bbox 839 882 1138 954; x_wconf 73' lang='grc' dir='ltr'><strong>δισχιλίους</strong></span> <span class='ocrx_word' id='word_1_46' title='bbox 1183 881 1394 936; x_wconf 85' lang='grc' dir='ltr'>ἀνελὼν</span> <span class='ocrx_word' id='word_1_47' title='bbox 1449 879 1794 952; x_wconf 80' lang='grc' dir='ltr'>ὑπέστρεψεν</span> <span class='ocrx_word' id='word_1_48' title='bbox 1855 880 1937 942; x_wconf 89' lang='grc' dir='ltr'><strong>είς</strong></span> 
     </span>
    </p>
   </div>
   <div class='ocr_carea' id='block_1_10' title="bbox 364 972 1936 1047">
    <p class='ocr_par' dir='ltr' id='par_1_10' title="bbox 364 972 1936 1047">
     <span class='ocr_line' id='line_1_10' title="bbox 364 972 1936 1047; baseline -0.001 -19"><span class='ocrx_word' id='word_1_49' title='bbox 364 975 738 1045; x_wconf 84' lang='grc' dir='ltr'>Ἱεροσόλυμα.</span> <span class='ocrx_word' id='word_1_50' title='bbox 771 975 883 1030; x_wconf 84' lang='lat' dir='ltr'><strong>Kal</strong></span> <span class='ocrx_word' id='word_1_51' title='bbox 907 976 987 1039; x_wconf 86' lang='grc' dir='ltr'><strong>είς</strong></span> <span class='ocrx_word' id='word_1_52' title='bbox 1023 974 1242 1047; x_wconf 87' lang='grc' dir='ltr'>Ῥώμην</span> <span class='ocrx_word' id='word_1_53' title='bbox 1271 972 1571 1047; x_wconf 81' lang='grc' dir='ltr'>πρεσϐείαν</span> <span class='ocrx_word' id='word_1_54' title='bbox 1612 975 1936 1045; x_wconf 79' lang='grc' dir='ltr'>ἐποιήσατο,</span> 
     </span>
    </p>
   </div>
   <div class='ocr_carea' id='block_1_11' title="bbox 354 1062 1938 1140">
    <p class='ocr_par' dir='ltr' id='par_1_11' title="bbox 354 1062 1938 1140">
     <span class='ocr_line' id='line_1_11' title="bbox 354 1062 1938 1140; baseline -0.001 -21"><span class='ocrx_word' id='word_1_55' title='bbox 354 1067 452 1137; x_wconf 78' lang='grc' dir='ltr'>τὴν</span> <span class='ocrx_word' id='word_1_56' title='bbox 487 1068 764 1139; x_wconf 81' lang='grc' dir='ltr'>προτέραν</span> <span class='ocrx_word' id='word_1_57' title='bbox 797 1067 984 1136; x_wconf 78' lang='grc' dir='ltr'>φιλίαν</span> <span class='ocrx_word' id='word_1_58' title='bbox 1020 1067 1089 1140; x_wconf 74' lang='grc' dir='ltr'>ἣν</span> <span class='ocrx_word' id='word_1_59' title='bbox 1121 1068 1260 1138; x_wconf 74' lang='grc' dir='ltr'>πρὸς</span> <span class='ocrx_word' id='word_1_60' title='bbox 1303 1067 1366 1120; x_wconf 86' lang='grc' dir='ltr'>τὸ</span> <span class='ocrx_word' id='word_1_61' title='bbox 1411 1064 1567 1131; x_wconf 76' lang='grc' dir='ltr'>ἔθνος</span> <span class='ocrx_word' id='word_1_62' title='bbox 1593 1062 1762 1136; x_wconf 73' lang='grc' dir='ltr'>εἶχον,</span> <span class='ocrx_word' id='word_1_63' title='bbox 1800 1067 1938 1121; x_wconf 80' lang='grc' dir='ltr'>ἀνα-</span> 
     </span>
    </p>
   </div>
   <div class='ocr_carea' id='block_1_12' title="bbox 358 1157 1937 1229">
    <p class='ocr_par' dir='ltr' id='par_1_12' title="bbox 358 1157 1937 1229">
     <span class='ocr_line' id='line_1_12' title="bbox 358 1157 1937 1229; baseline 0 -19"><span class='ocrx_word' id='word_1_64' title='bbox 358 1158 696 1214; x_wconf 83' lang='grc' dir='ltr'>νεώσασθαι.</span> <span class='ocrx_word' id='word_1_65' title='bbox 731 1160 797 1212; x_wconf 82' lang='grc' dir='ltr'>Οἱ</span> <span class='ocrx_word' id='word_1_66' title='bbox 830 1160 889 1213; x_wconf 85' lang='grc' dir='ltr'>δὲ</span> <span class='ocrx_word' id='word_1_67' title='bbox 912 1160 1014 1229; x_wconf 82' lang='grc' dir='ltr'>τῆς</span> <span class='ocrx_word' id='word_1_68' title='bbox 1043 1160 1245 1229; x_wconf 78' lang='grc' dir='ltr'>βουλῆς</span> <span class='ocrx_word' id='word_1_69' title='bbox 1296 1158 1366 1212; x_wconf 86' lang='grc' dir='ltr'>τὰ</span> <span class='ocrx_word' id='word_1_70' title='bbox 1406 1157 1682 1228; x_wconf 87' lang='grc' dir='ltr'>πρότερον</span> <span class='ocrx_word' id='word_1_71' title='bbox 1732 1157 1937 1228; x_wconf 71' lang='grc' dir='ltr'>ἐψηφιο</span> 
     </span>
    </p>
   </div>
   <div class='ocr_carea' id='block_1_13' title="bbox 360 1246 1937 1321">
    <p class='ocr_par' dir='ltr' id='par_1_13' title="bbox 360 1246 1937 1321">
     <span class='ocr_line' id='line_1_13' title="bbox 360 1246 1937 1321; baseline 0.002 -21"><span class='ocrx_word' id='word_1_72' title='bbox 360 1250 535 1319; x_wconf 82' lang='grc' dir='ltr'>σμένα</span> <span class='ocrx_word' id='word_1_73' title='bbox 588 1252 685 1302; x_wconf 78' lang='grc' dir='ltr'>καὶ</span> <span class='ocrx_word' id='word_1_74' title='bbox 735 1246 893 1312; x_wconf 78' lang='grc' dir='ltr'>αὖθις</span> <span class='ocrx_word' id='word_1_75' title='bbox 939 1251 1249 1321; x_wconf 73' lang='grc' dir='ltr'><strong>ἐκύρωσαν.</strong></span> <span class='ocrx_word' id='word_1_76' title='bbox 1298 1251 1763 1320; x_wconf 81' lang='grc' dir='ltr'>Ἐπανερχόμενοι</span> <span class='ocrx_word' id='word_1_77' title='bbox 1800 1248 1858 1303; x_wconf 78' lang='grc' dir='ltr'>δὲ</span> <span class='ocrx_word' id='word_1_78' title='bbox 1886 1248 1937 1303; x_wconf 83' lang='grc' dir='ltr'>οι</span> 
     </span>
    </p>
   </div>
   <div class='ocr_carea' id='block_1_14' title="bbox 357 1342 1937 1413">
    <p class='ocr_par' dir='ltr' id='par_1_14' title="bbox 357 1342 1937 1413">
     <span class='ocr_line' id='line_1_14' title="bbox 357 1342 1937 1413; baseline 0.001 -19"><span class='ocrx_word' id='word_1_79' title='bbox 357 1342 642 1413; x_wconf 84' lang='grc' dir='ltr'>πρέσϐεις,</span> <span class='ocrx_word' id='word_1_80' title='bbox 682 1342 779 1396; x_wconf 75' lang='grc' dir='ltr'>καὶ</span> <span class='ocrx_word' id='word_1_81' title='bbox 804 1343 886 1406; x_wconf 81' lang='grc' dir='ltr'>εἰς</span> <span class='ocrx_word' id='word_1_82' title='bbox 910 1345 1012 1413; x_wconf 83' lang='grc' dir='ltr'><strong>τὴν</strong></span> <span class='ocrx_word' id='word_1_83' title='bbox 1046 1344 1306 1413; x_wconf 81' lang='grc' dir='ltr'><strong>Σπάρτην</strong></span> <span class='ocrx_word' id='word_1_84' title='bbox 1337 1342 1625 1412; x_wconf 82' lang='grc' dir='ltr'>ἀφίκοντο,</span> <span class='ocrx_word' id='word_1_85' title='bbox 1654 1343 1750 1395; x_wconf 86' lang='grc' dir='ltr'>καὶ</span> <span class='ocrx_word' id='word_1_86' title='bbox 1775 1343 1937 1398; x_wconf 83' lang='grc' dir='ltr'>τοῦτο</span> 
     </span>
    </p>
   </div>
   <div class='ocr_carea' id='block_1_15' title="bbox 359 1435 1938 1509">
    <p class='ocr_par' dir='ltr' id='par_1_15' title="bbox 359 1435 1938 1509">
     <span class='ocr_line' id='line_1_15' title="bbox 359 1435 1938 1509; baseline 0.001 -21"><span class='ocrx_word' id='word_1_87' title='bbox 359 1436 760 1506; x_wconf 74' lang='grc' dir='ltr'><strong>ἐντεταλμένον</strong></span> <span class='ocrx_word' id='word_1_88' title='bbox 787 1436 1003 1507; x_wconf 61' lang='grc' dir='ltr'>ἔχοντες</span> <span class='ocrx_word' id='word_1_89' title='bbox 1057 1436 1208 1509; x_wconf 83' lang='grc' dir='ltr'>παρὰ</span> <span class='ocrx_word' id='word_1_90' title='bbox 1258 1437 1353 1489; x_wconf 81' lang='grc' dir='ltr'><strong>τοῦ</strong></span> <span class='ocrx_word' id='word_1_91' title='bbox 1412 1435 1692 1492; x_wconf 82' lang='grc' dir='ltr'><strong>Ἰωνάθου.</strong></span> <span class='ocrx_word' id='word_1_92' title='bbox 1731 1436 1840 1489; x_wconf 83' lang='lat' dir='ltr'><strong>Kal</strong></span> <span class='ocrx_word' id='word_1_93' title='bbox 1886 1437 1938 1490; x_wconf 75' lang='lat' dir='ltr'><strong>oi</strong></span> 
     </span>
    </p>
   </div>
   <div class='ocr_carea' id='block_1_16' title="bbox 320 1529 1940 1602">
    <p class='ocr_par' dir='ltr' id='par_1_16' title="bbox 320 1529 1940 1602">
     <span class='ocr_line' id='line_1_16' title="bbox 320 1529 1940 1602; baseline -0.001 -19"><span class='ocrx_word' id='word_1_94' title='bbox 320 1540 331 1545; x_wconf 89' lang='lat'>&#39;</span> <span class='ocrx_word' id='word_1_95' title='bbox 358 1531 706 1601; x_wconf 79' lang='grc' dir='ltr'>Σπαρτιάται</span> <span class='ocrx_word' id='word_1_96' title='bbox 730 1529 787 1583; x_wconf 75' lang='grc' dir='ltr'>δὲ</span> <span class='ocrx_word' id='word_1_97' title='bbox 820 1529 948 1592; x_wconf 81' lang='grc' dir='ltr'>τοὺς</span> <span class='ocrx_word' id='word_1_98' title='bbox 990 1530 1333 1600; x_wconf 73' lang='grc' dir='ltr'>πρεσϐευτὰς</span> <span class='ocrx_word' id='word_1_99' title='bbox 1384 1529 1731 1601; x_wconf 77' lang='grc' dir='ltr'><strong>φιλοφρόνως</strong></span> <span class='ocrx_word' id='word_1_100' title='bbox 1766 1546 1940 1602; x_wconf 83' lang='grc' dir='ltr'>προσ-</span> 
     </span>
    </p>
   </div>
   <div class='ocr_carea' id='block_1_17' title="bbox 357 1623 1939 1695">
    <p class='ocr_par' dir='ltr' id='par_1_17' title="bbox 357 1623 1939 1695">
     <span class='ocr_line' id='line_1_17' title="bbox 357 1623 1939 1695; baseline 0.002 -21"><span class='ocrx_word' id='word_1_101' title='bbox 357 1625 588 1693; x_wconf 76' lang='grc' dir='ltr'>ήκαντο,</span> <span class='ocrx_word' id='word_1_102' title='bbox 644 1624 743 1676; x_wconf 72' lang='grc' dir='ltr'><strong>καὶ</strong></span> <span class='ocrx_word' id='word_1_103' title='bbox 778 1623 1047 1695; x_wconf 74' lang='grc' dir='ltr'>ψήφισμα</span> <span class='ocrx_word' id='word_1_104' title='bbox 1066 1626 1202 1691; x_wconf 66' lang='grc' dir='ltr'>περὶ</span> <span class='ocrx_word' id='word_1_105' title='bbox 1233 1624 1423 1694; x_wconf 79' lang='grc' dir='ltr'>φιλίας</span> <span class='ocrx_word' id='word_1_106' title='bbox 1472 1625 1571 1678; x_wconf 72' lang='grc' dir='ltr'>καὶ</span> <span class='ocrx_word' id='word_1_107' title='bbox 1614 1624 1939 1695; x_wconf 77' lang='grc' dir='ltr'>συμμαχίας</span> 
     </span>
    </p>
   </div>
   <div class='ocr_carea' id='block_1_18' title="bbox 357 1714 1937 1791">
    <p class='ocr_par' dir='ltr' id='par_1_18' title="bbox 357 1714 1937 1791">
     <span class='ocr_line' id='line_1_18' title="bbox 357 1714 1937 1791; baseline -0.001 -21"><span class='ocrx_word' id='word_1_108' title='bbox 357 1718 496 1789; x_wconf 72' lang='grc' dir='ltr'>πρὸς</span> <span class='ocrx_word' id='word_1_109' title='bbox 548 1714 838 1776; x_wconf 79' lang='grc' dir='ltr'>Ἰουδαίους</span> <span class='ocrx_word' id='word_1_110' title='bbox 868 1715 1076 1772; x_wconf 75' lang='grc' dir='ltr'>ἔθεντο.</span> <span class='ocrx_word' id='word_1_111' title='bbox 1118 1716 1226 1770; x_wconf 79' lang='grc' dir='ltr'>Τοῦ</span> <span class='ocrx_word' id='word_1_112' title='bbox 1276 1715 1593 1789; x_wconf 83' lang='grc' dir='ltr'>Δημητρίου</span> <span class='ocrx_word' id='word_1_113' title='bbox 1654 1717 1841 1791; x_wconf 84' lang='grc' dir='ltr'>μέντοι</span> <span class='ocrx_word' id='word_1_114' title='bbox 1886 1717 1937 1769; x_wconf 81' lang='grc' dir='ltr'><strong>οἱ</strong></span> 
     </span>
    </p>
   </div>
   <div class='ocr_carea' id='block_1_19' title="bbox 357 1801 1935 1879">
    <p class='ocr_par' dir='ltr' id='par_1_19' title="bbox 357 1801 1935 1879">
     <span class='ocr_line' id='line_1_19' title="bbox 357 1801 1935 1879; baseline 0 -19"><span class='ocrx_word' id='word_1_115' title='bbox 357 1807 660 1878; x_wconf 79' lang='grc' dir='ltr'>στρατηγοὶ</span> <span class='ocrx_word' id='word_1_116' title='bbox 699 1806 798 1877; x_wconf 79' lang='grc' dir='ltr'><strong>τὴν</strong></span> <span class='ocrx_word' id='word_1_117' title='bbox 836 1801 1018 1877; x_wconf 79' lang='grc' dir='ltr'>ἧτταν</span> <span class='ocrx_word' id='word_1_118' title='bbox 1069 1807 1530 1879; x_wconf 76' lang='grc' dir='ltr'>ἀναμαχέσασθαι</span> <span class='ocrx_word' id='word_1_119' title='bbox 1583 1807 1935 1871; x_wconf 77' lang='grc' dir='ltr'>σπεύδοντες,</span> 
     </span>
    </p>
   </div>
   <div class='ocr_carea' id='block_1_20' title="bbox 2041 603 3618 684">
    <p class='ocr_par' dir='ltr' id='par_1_20' title="bbox 2041 603 3618 684">
     <span class='ocr_line' id='line_1_20' title="bbox 2041 603 3618 684; baseline 0.007 -28"><span class='ocrx_word' id='word_1_120' title='bbox 2041 603 2227 670; x_wconf 86' lang='lat' dir='ltr'><strong>risset,</strong></span> <span class='ocrx_word' id='word_1_121' title='bbox 2257 620 2368 659; x_wconf 90' lang='lat' dir='ltr'><strong>non</strong></span> <span class='ocrx_word' id='word_1_122' title='bbox 2396 604 2514 659; x_wconf 83' lang='lat' dir='ltr'><strong>ausi</strong></span> <span class='ocrx_word' id='word_1_123' title='bbox 2563 612 2760 675; x_wconf 89' lang='lat' dir='ltr'><strong>aperto</strong></span> <span class='ocrx_word' id='word_1_124' title='bbox 2807 604 2978 661; x_wconf 74' lang='lat' dir='ltr'><strong>Marte</strong></span> <span class='ocrx_word' id='word_1_125' title='bbox 3031 624 3156 663; x_wconf 89' lang='lat' dir='ltr'><strong>eum</strong></span> <span class='ocrx_word' id='word_1_126' title='bbox 3207 625 3274 664; x_wconf 91' lang='lat' dir='ltr'><strong>eo</strong></span> <span class='ocrx_word' id='word_1_127' title='bbox 3320 612 3618 684; x_wconf 71' lang='lat' dir='ltr'><strong>Congredi,‘</strong></span> 
     </span>
    </p>
   </div>
   <div class='ocr_carea' id='block_1_21' title="bbox 2040 696 3614 774">
    <p class='ocr_par' dir='ltr' id='par_1_21' title="bbox 2040 696 3614 774">
     <span class='ocr_line' id='line_1_21' title="bbox 2040 696 3614 774; baseline 0.006 -24"><span class='ocrx_word' id='word_1_128' title='bbox 2040 704 2205 751; x_wconf 89' lang='lat' dir='ltr'><strong>noctu</strong></span> <span class='ocrx_word' id='word_1_129' title='bbox 2239 696 2525 765; x_wconf 79' lang='lat' dir='ltr'><strong>fugerunt.</strong></span> <span class='ocrx_word' id='word_1_130' title='bbox 2556 697 2708 765; x_wconf 85' lang='lat' dir='ltr'><strong>Quos</strong></span> <span class='ocrx_word' id='word_1_131' title='bbox 2740 714 2891 765; x_wconf 88' lang='lat' dir='ltr'><strong>cum,</strong></span> <span class='ocrx_word' id='word_1_132' title='bbox 2936 699 3061 771; x_wconf 81' lang='lat' dir='ltr'><strong>fuga</strong></span> <span class='ocrx_word' id='word_1_133' title='bbox 3097 702 3314 773; x_wconf 80' lang='lat' dir='ltr'><strong>cognita</strong></span> <span class='ocrx_word' id='word_1_134' title='bbox 3346 704 3614 774; x_wconf 76' lang='lat' dir='ltr'><strong>interdiu,</strong></span> 
     </span>
    </p>
   </div>
   <div class='ocr_carea' id='block_1_22' title="bbox 2039 789 3616 859">
    <p class='ocr_par' dir='ltr' id='par_1_22' title="bbox 2039 789 3616 859">
     <span class='ocr_line' id='line_1_22' title="bbox 2039 789 3616 859; baseline 0.008 -19"><span class='ocrx_word' id='word_1_135' title='bbox 2039 801 2382 858; x_wconf 87' lang='lat' dir='ltr'><strong>persequens</strong></span> <span class='ocrx_word' id='word_1_136' title='bbox 2416 804 2526 843; x_wconf 82' lang='lat' dir='ltr'><strong>non</strong></span> <span class='ocrx_word' id='word_1_137' title='bbox 2581 789 2817 859; x_wconf 86' lang='lat' dir='ltr'><strong>adeptus</strong></span> <span class='ocrx_word' id='word_1_138' title='bbox 2871 800 3036 854; x_wconf 87' lang='lat' dir='ltr'><strong>esset,</strong></span> <span class='ocrx_word' id='word_1_139' title='bbox 3078 808 3163 849; x_wconf 33' lang='lat' dir='ltr'><strong>ex!</strong></span> <span class='ocrx_word' id='word_1_140' title='bbox 3195 794 3398 851; x_wconf 80' lang='lat' dir='ltr'><strong>Arabia</strong></span> <span class='ocrx_word' id='word_1_141' title='bbox 3432 797 3616 852; x_wconf 58' lang='lat' dir='ltr'><strong>Nalm.</strong></span> 
     </span>
    </p>
   </div>
   <div class='ocr_carea' id='block_1_23' title="bbox 2040 878 3617 955">
    <p class='ocr_par' dir='ltr' id='par_1_23' title="bbox 2040 878 3617 955">
     <span class='ocr_line' id='line_1_23' title="bbox 2040 878 3617 955; baseline 0.005 -22"><span class='ocrx_word' id='word_1_142' title='bbox 2040 878 2309 934; x_wconf 66' lang='lat' dir='ltr'><strong>thasorum</strong></span> <span class='ocrx_word' id='word_1_143' title='bbox 2341 894 2535 950; x_wconf 82' lang='lat' dir='ltr'><strong>magna</strong></span> <span class='ocrx_word' id='word_1_144' title='bbox 2569 881 2751 950; x_wconf 76' lang='lat' dir='ltr'><strong>praeda</strong></span> <span class='ocrx_word' id='word_1_145' title='bbox 2785 891 2840 937; x_wconf 90' lang='lat' dir='ltr'><strong>et</strong></span> <span class='ocrx_word' id='word_1_146' title='bbox 2867 884 3055 939; x_wconf 88' lang='lat' dir='ltr'><strong>multis</strong></span> <span class='ocrx_word' id='word_1_147' title='bbox 3080 884 3318 955; x_wconf 78' lang='lat' dir='ltr'><strong>captivis</strong></span> <span class='ocrx_word' id='word_1_148' title='bbox 3340 886 3617 953; x_wconf 81' lang='lat' dir='ltr'><strong>abductis,</strong></span> 
     </span>
    </p>
   </div>
   <div class='ocr_carea' id='block_1_24' title="bbox 2041 969 3621 1041">
    <p class='ocr_par' dir='ltr' id='par_1_24' title="bbox 2041 969 3621 1041">
     <span class='ocr_line' id='line_1_24' title="bbox 2041 969 3621 1041; baseline 0.006 -17"><span class='ocrx_word' id='word_1_149' title='bbox 2041 969 2295 1024; x_wconf 76' lang='lat' dir='ltr'><strong>recedit:</strong></span> <span class='ocrx_word' id='word_1_150' title='bbox 2347 985 2410 1024; x_wconf 90' lang='lat' dir='ltr'><strong>ac</strong></span> <span class='ocrx_word' id='word_1_151' title='bbox 2469 971 2676 1041; x_wconf 91' lang='lat' dir='ltr'><strong>popqu</strong></span> <span class='ocrx_word' id='word_1_152' title='bbox 2715 983 3024 1028; x_wconf 85' lang='lat' dir='ltr'><strong>convocato</strong></span> <span class='ocrx_word' id='word_1_153' title='bbox 3065 975 3297 1039; x_wconf 85' lang='lat' dir='ltr'><strong>suadet,</strong></span> <span class='ocrx_word' id='word_1_154' title='bbox 3350 988 3410 1031; x_wconf 90' lang='lat' dir='ltr'><strong>ut</strong></span> <span class='ocrx_word' id='word_1_155' title='bbox 3459 977 3621 1033; x_wconf 80' lang='lat' dir='ltr'><strong>urbis</strong></span> 
     </span>
    </p>
   </div>
   <div class='ocr_carea' id='block_1_25' title="bbox 2039 1062 3620 1141">
    <p class='ocr_par' dir='ltr' id='par_1_25' title="bbox 2039 1062 3620 1141">
     <span class='ocr_line' id='line_1_25' title="bbox 2039 1062 3620 1141; baseline 0.007 -25"><span class='ocrx_word' id='word_1_156' title='bbox 2039 1062 2244 1117; x_wconf 80' lang='lat' dir='ltr'><strong>mcenia</strong></span> <span class='ocrx_word' id='word_1_157' title='bbox 2272 1071 2562 1130; x_wconf 81' lang='lat' dir='ltr'><strong>renovent,</strong></span> <span class='ocrx_word' id='word_1_158' title='bbox 2590 1072 2647 1119; x_wconf 85' lang='lat' dir='ltr'><strong>et</strong></span> <span class='ocrx_word' id='word_1_159' title='bbox 2690 1065 2880 1120; x_wconf 87' lang='lat' dir='ltr'><strong>ruinas</strong></span> <span class='ocrx_word' id='word_1_160' title='bbox 2907 1082 3193 1123; x_wconf 86' lang='lat' dir='ltr'><strong>murorum</strong></span> <span class='ocrx_word' id='word_1_161' title='bbox 3238 1071 3424 1141; x_wconf 88' lang='lat' dir='ltr'><strong>templi</strong></span> <span class='ocrx_word' id='word_1_162' title='bbox 3460 1074 3620 1128; x_wconf 85' lang='lat' dir='ltr'><strong>resti-</strong></span> 
     </span>
    </p>
   </div>
   <div class='ocr_carea' id='block_1_26' title="bbox 2038 1154 3619 1236">
    <p class='ocr_par' dir='ltr' id='par_1_26' title="bbox 2038 1154 3619 1236">
     <span class='ocr_line' id='line_1_26' title="bbox 2038 1154 3619 1236; baseline 0.006 -26"><span class='ocrx_word' id='word_1_163' title='bbox 2038 1161 2220 1210; x_wconf 78' lang='lat' dir='ltr'><strong>tuant.</strong></span> <span class='ocrx_word' id='word_1_164' title='bbox 2253 1154 2334 1211; x_wconf 88' lang='lat' dir='ltr'><strong>Eo</strong></span> <span class='ocrx_word' id='word_1_165' title='bbox 2361 1157 2598 1211; x_wconf 85' lang='lat' dir='ltr'><strong>consilio</strong></span> <span class='ocrx_word' id='word_1_166' title='bbox 2625 1158 2889 1215; x_wconf 85' lang='lat' dir='ltr'><strong>omnibus</strong></span> <span class='ocrx_word' id='word_1_167' title='bbox 2923 1162 3190 1231; x_wconf 90' lang='lat' dir='ltr'><strong>probato,</strong></span> <span class='ocrx_word' id='word_1_168' title='bbox 3226 1165 3340 1234; x_wconf 90' lang='lat' dir='ltr'><strong>ipse</strong></span> <span class='ocrx_word' id='word_1_169' title='bbox 3377 1168 3426 1220; x_wconf 89' lang='lat' dir='ltr'><strong>ei</strong></span> <span class='ocrx_word' id='word_1_170' title='bbox 3461 1167 3619 1236; x_wconf 78' lang='lat' dir='ltr'><strong>Operi</strong></span> 
     </span>
    </p>
   </div>
   <div class='ocr_carea' id='block_1_27' title="bbox 2039 1243 3615 1330">
    <p class='ocr_par' dir='ltr' id='par_1_27' title="bbox 2039 1243 3615 1330">
     <span class='ocr_line' id='line_1_27' title="bbox 2039 1243 3615 1330; baseline 0.006 -25"><span class='ocrx_word' id='word_1_171' title='bbox 2039 1243 2311 1314; x_wconf 88' lang='lat' dir='ltr'><strong>intentus,</strong></span> <span class='ocrx_word' id='word_1_172' title='bbox 2342 1248 2627 1307; x_wconf 85' lang='lat' dir='ltr'><strong>Simonem</strong></span> <span class='ocrx_word' id='word_1_173' title='bbox 2659 1251 2886 1306; x_wconf 76' lang='lat' dir='ltr'><strong>fratrem</strong></span> <span class='ocrx_word' id='word_1_174' title='bbox 2937 1255 3187 1324; x_wconf 77' lang='lat' dir='ltr'><strong>ablegat,</strong></span> <span class='ocrx_word' id='word_1_175' title='bbox 3224 1271 3286 1310; x_wconf 86' lang='lat' dir='ltr'><strong>ut</strong></span> <span class='ocrx_word' id='word_1_176' title='bbox 3334 1259 3615 1330; x_wconf 76' lang='lat' dir='ltr'><strong>regionem</strong></span> 
     </span>
    </p>
   </div>
   <div class='ocr_carea' id='block_1_28' title="bbox 2040 1341 3617 1420">
    <p class='ocr_par' dir='ltr' id='par_1_28' title="bbox 2040 1341 3617 1420">
     <span class='ocr_line' id='line_1_28' title="bbox 2040 1341 3617 1420; baseline 0.007 -24"><span class='ocrx_word' id='word_1_177' title='bbox 2040 1343 2097 1397; x_wconf 90' lang='lat' dir='ltr'><strong>in</strong></span> <span class='ocrx_word' id='word_1_178' title='bbox 2165 1351 2285 1398; x_wconf 89' lang='lat' dir='ltr'><strong>tuto</strong></span> <span class='ocrx_word' id='word_1_179' title='bbox 2347 1341 2603 1399; x_wconf 81' lang='lat' dir='ltr'><strong>collucet.</strong></span> <span class='ocrx_word' id='word_1_180' title='bbox 2663 1345 2976 1401; x_wconf 87' lang='lat' dir='ltr'><strong>Demetrius</strong></span> <span class='ocrx_word' id='word_1_181' title='bbox 3043 1348 3097 1402; x_wconf 92' lang='lat' dir='ltr'><strong>in</strong></span> <span class='ocrx_word' id='word_1_182' title='bbox 3167 1349 3617 1420; x_wconf 70' lang='lat' dir='ltr'><strong>Mesopotamiam</strong></span> 
     </span>
    </p>
   </div>
   <div class='ocr_carea' id='block_1_29' title="bbox 2041 1434 3621 1516">
    <p class='ocr_par' dir='ltr' id='par_1_29' title="bbox 2041 1434 3621 1516">
     <span class='ocr_line' id='line_1_29' title="bbox 2041 1434 3621 1516; baseline 0.009 -30"><span class='ocrx_word' id='word_1_183' title='bbox 2041 1434 2345 1504; x_wconf 85' lang='lat' dir='ltr'><strong>profectus,</strong></span> <span class='ocrx_word' id='word_1_184' title='bbox 2403 1445 2466 1492; x_wconf 88' lang='lat' dir='ltr'><strong>ut</strong></span> <span class='ocrx_word' id='word_1_185' title='bbox 2507 1436 2840 1509; x_wconf 80' lang='lat' dir='ltr'><strong>Babylonem</strong></span> <span class='ocrx_word' id='word_1_186' title='bbox 2890 1450 2947 1494; x_wconf 91' lang='lat' dir='ltr'><strong>et</strong></span> <span class='ocrx_word' id='word_1_187' title='bbox 2983 1442 3298 1510; x_wconf 82' lang='lat' dir='ltr'><strong>superiores</strong></span> <span class='ocrx_word' id='word_1_188' title='bbox 3345 1446 3621 1516; x_wconf 82' lang='lat' dir='ltr'><strong>satrapias</strong></span> 
     </span>
    </p>
   </div>
   <div class='ocr_carea' id='block_1_30' title="bbox 2041 1528 3621 1606">
    <p class='ocr_par' dir='ltr' id='par_1_30' title="bbox 2041 1528 3621 1606">
     <span class='ocr_line' id='line_1_30' title="bbox 2041 1528 3621 1606; baseline 0.007 -25"><span class='ocrx_word' id='word_1_189' title='bbox 2041 1528 2341 1598; x_wconf 85' lang='lat' dir='ltr'><strong>acciperet,</strong></span> <span class='ocrx_word' id='word_1_190' title='bbox 2373 1528 2445 1584; x_wconf 88' lang='lat' dir='ltr'><strong>ab</strong></span> <span class='ocrx_word' id='word_1_191' title='bbox 2484 1528 2683 1585; x_wconf 84' lang='lat' dir='ltr'><strong>incolis</strong></span> <span class='ocrx_word' id='word_1_192' title='bbox 2722 1530 2929 1587; x_wconf 67' lang='grc' dir='ltr'><strong>(ἓνειτοὶε</strong></span> <span class='ocrx_word' id='word_1_193' title='bbox 2956 1532 3120 1606; x_wconf 67' lang='grc'><strong>214</strong></span> <span class='ocrx_word' id='word_1_194' title='bbox 3142 1543 3201 1590; x_wconf 92' lang='lat' dir='ltr'><strong>et</strong></span> <span class='ocrx_word' id='word_1_195' title='bbox 3227 1536 3621 1593; x_wconf 85' lang='lat' dir='ltr'><strong>Macedonibus</strong></span> 
     </span>
    </p>
   </div>
   <div class='ocr_carea' id='block_1_31' title="bbox 2040 1621 3627 1696">
    <p class='ocr_par' dir='ltr' id='par_1_31' title="bbox 2040 1621 3627 1696">
     <span class='ocr_line' id='line_1_31' title="bbox 2040 1621 3627 1696; baseline 0.007 -21"><span class='ocrx_word' id='word_1_196' title='bbox 2040 1621 2380 1677; x_wconf 84' lang='lat' dir='ltr'><strong>deditionem</strong></span> <span class='ocrx_word' id='word_1_197' title='bbox 2426 1632 2483 1678; x_wconf 89' lang='lat' dir='ltr'><strong>et</strong></span> <span class='ocrx_word' id='word_1_198' title='bbox 2543 1638 2766 1696; x_wconf 82' lang='lat' dir='ltr'><strong>operam</strong></span> <span class='ocrx_word' id='word_1_199' title='bbox 2816 1625 2884 1680; x_wconf 86' lang='lat' dir='ltr'><strong>ad</strong></span> <span class='ocrx_word' id='word_1_200' title='bbox 2933 1627 3321 1685; x_wconf 78' lang='lat' dir='ltr'><strong>debellandum</strong></span> <span class='ocrx_word' id='word_1_201' title='bbox 3359 1629 3627 1686; x_wconf 82' lang='lat' dir='ltr'><strong>Arsacem“</strong></span> 
     </span>
    </p>
   </div>
   <div class='ocr_carea' id='block_1_32' title="bbox 2042 1710 3621 1793">
    <p class='ocr_par' dir='ltr' id='par_1_32' title="bbox 2042 1710 3621 1793">
     <span class='ocr_line' id='line_1_32' title="bbox 2042 1710 3621 1793; baseline 0.006 -28"><span class='ocrx_word' id='word_1_202' title='bbox 2042 1710 2372 1767; x_wconf 77' lang='lat' dir='ltr'><strong>Parthorum</strong></span> <span class='ocrx_word' id='word_1_203' title='bbox 2402 1730 2584 1787; x_wconf 78' lang='lat' dir='ltr'><strong>regem</strong></span> <span class='ocrx_word' id='word_1_204' title='bbox 2616 1717 3031 1788; x_wconf 85' lang='lat' dir='ltr'><strong>pollicentibus,</strong></span> <span class='ocrx_word' id='word_1_205' title='bbox 3065 1722 3395 1792; x_wconf 58' lang='lat' dir='ltr'><strong>susceptusl:</strong></span> <span class='ocrx_word' id='word_1_206' title='bbox 3429 1721 3621 1793; x_wconf 61' lang='lat' dir='ltr'><strong>praelia</strong></span> 
     </span>
    </p>
   </div>
   <div class='ocr_carea' id='block_1_33' title="bbox 2041 1804 3620 1881">
    <p class='ocr_par' dir='ltr' id='par_1_33' title="bbox 2041 1804 3620 1881">
     <span class='ocr_line' id='line_1_33' title="bbox 2041 1804 3620 1881; baseline 0.008 -27"><span class='ocrx_word' id='word_1_207' title='bbox 2041 1816 2166 1856; x_wconf 87' lang='lat' dir='ltr'><strong>eum</strong></span> <span class='ocrx_word' id='word_1_208' title='bbox 2205 1804 2421 1860; x_wconf 84' lang='lat' dir='ltr'><strong>Parthis</strong></span> <span class='ocrx_word' id='word_1_209' title='bbox 2468 1807 2786 1871; x_wconf 87' lang='lat' dir='ltr'><strong>commisso,</strong></span> <span class='ocrx_word' id='word_1_210' title='bbox 2841 1809 3106 1864; x_wconf 87' lang='lat' dir='ltr'><strong>omnibus</strong></span> <span class='ocrx_word' id='word_1_211' title='bbox 3157 1813 3330 1881; x_wconf 88' lang='lat' dir='ltr'><strong>copiis</strong></span> <span class='ocrx_word' id='word_1_212' title='bbox 3382 1814 3620 1880; x_wconf 82' lang='lat' dir='ltr'><strong>amissis,</strong></span> 
     </span>
    </p>
   </div>
   <div class='ocr_carea' id='block_1_34' title="bbox 358 1880 1938 1974">
    <p class='ocr_par' dir='ltr' id='par_1_34' title="bbox 358 1880 1938 1973">
     <span class='ocr_line' id='line_1_34' title="bbox 358 1880 1938 1973; baseline 0.001 -20"><span class='ocrx_word' id='word_1_213' title='bbox 358 1900 503 1970; x_wconf 84' lang='grc' dir='ltr'><strong>μετά</strong></span> <span class='ocrx_word' id='word_1_214' title='bbox 542 1901 827 1970; x_wconf 80' lang='grc' dir='ltr'>δυνάμεως</span> <span class='ocrx_word' id='word_1_215' title='bbox 878 1900 1132 1966; x_wconf 85' lang='grc' dir='ltr'>πλείονος</span> <span class='ocrx_word' id='word_1_216' title='bbox 1164 1880 1370 1973; x_wconf 70' lang='grc' dir='ltr'><strong>⁵ἦλθον</strong></span> <span class='ocrx_word' id='word_1_217' title='bbox 1415 1902 1560 1955; x_wconf 83' lang='grc' dir='ltr'>κατά</span> <span class='ocrx_word' id='word_1_218' title='bbox 1607 1900 1702 1954; x_wconf 85' lang='grc' dir='ltr'>τοῦ</span> <span class='ocrx_word' id='word_1_219' title='bbox 1759 1901 1938 1955; x_wconf 69' lang='grc' dir='ltr'>Ἰωνά-</span> 
     </span>
    </p>
   </div>
   <div class='ocr_carea' id='block_1_35' title="bbox 2041 1880 3621 1974">
    <p class='ocr_par' dir='ltr' id='par_1_35' title="bbox 2044 1892 3621 1974">
     <span class='ocr_line' id='line_1_35' title="bbox 2044 1892 3621 1974; baseline 0.008 -29"><span class='ocrx_word' id='word_1_220' title='bbox 2044 1892 2161 1963; x_wconf 87' lang='lat' dir='ltr'><strong>ipse</strong></span> <span class='ocrx_word' id='word_1_221' title='bbox 2206 1895 2443 1963; x_wconf 88' lang='lat' dir='ltr'><strong>capitur.</strong></span> <span class='ocrx_word' id='word_1_222' title='bbox 2486 1896 2566 1950; x_wconf 88' lang='lat' dir='ltr'><strong>Eo</strong></span> <span class='ocrx_word' id='word_1_223' title='bbox 2594 1897 2858 1951; x_wconf 85' lang='lat' dir='ltr'><strong>Demetrii</strong></span> <span class='ocrx_word' id='word_1_224' title='bbox 2900 1914 3030 1953; x_wconf 86' lang='lat' dir='ltr'><strong>casu</strong></span> <span class='ocrx_word' id='word_1_225' title='bbox 3061 1901 3305 1969; x_wconf 78' lang='lat' dir='ltr'><strong>cognito,</strong></span> <span class='ocrx_word' id='word_1_226' title='bbox 3356 1900 3621 1974; x_wconf 81' lang='lat' dir='ltr'><strong>Tryphon</strong></span> 
     </span>
    </p>
   </div>
   <div class='ocr_carea' id='block_1_36' title="bbox 358 1991 1932 2066">
    <p class='ocr_par' dir='ltr' id='par_1_36' title="bbox 358 1991 1932 2066">
     <span class='ocr_line' id='line_1_36' title="bbox 358 1991 1932 2066; baseline 0.002 -18"><span class='ocrx_word' id='word_1_227' title='bbox 358 1996 452 2048; x_wconf 85' lang='grc' dir='ltr'><strong>θου</strong></span> <span class='ocrx_word' id='word_1_228' title='bbox 487 1997 625 2065; x_wconf 77' lang='lat'><strong>(&#39;55).</strong></span> <span class='ocrx_word' id='word_1_229' title='bbox 679 1996 740 2049; x_wconf 88' lang='grc' dir='ltr'>Ὀ</span> <span class='ocrx_word' id='word_1_230' title='bbox 793 1994 848 2050; x_wconf 70' lang='grc' dir='ltr'>δὲ</span> <span class='ocrx_word' id='word_1_231' title='bbox 921 1991 1082 2060; x_wconf 80' lang='grc' dir='ltr'>αὖθις</span> <span class='ocrx_word' id='word_1_232' title='bbox 1141 1996 1329 2059; x_wconf 78' lang='grc' dir='ltr'>αὐτοῖς</span> <span class='ocrx_word' id='word_1_233' title='bbox 1372 1994 1539 2062; x_wconf 74' lang='grc' dir='ltr'>ὀξέως</span> <span class='ocrx_word' id='word_1_234' title='bbox 1592 1995 1932 2066; x_wconf 82' lang='grc' dir='ltr'>ἀπήντησεν.</span> 
     </span>
    </p>
   </div>
   <div class='ocr_carea' id='block_1_37' title="bbox 355 2085 1936 2157">
    <p class='ocr_par' dir='ltr' id='par_1_37' title="bbox 355 2085 1936 2157">
     <span class='ocr_line' id='line_1_37' title="bbox 355 2085 1936 2157; baseline -0.003 -15"><span class='ocrx_word' id='word_1_235' title='bbox 355 2086 868 2150; x_wconf 81' lang='grc' dir='ltr'>Ἀποδειλιάσαντες</span> <span class='ocrx_word' id='word_1_236' title='bbox 895 2085 952 2139; x_wconf 83' lang='grc' dir='ltr'>δὲ</span> <span class='ocrx_word' id='word_1_237' title='bbox 987 2086 1128 2157; x_wconf 81' lang='grc' dir='ltr'>πρὸς</span> <span class='ocrx_word' id='word_1_238' title='bbox 1178 2085 1426 2157; x_wconf 76' lang='grc' dir='ltr'>φανερὰν</span> <span class='ocrx_word' id='word_1_239' title='bbox 1485 2085 1667 2157; x_wconf 83' lang='grc' dir='ltr'>μάχην</span> <span class='ocrx_word' id='word_1_240' title='bbox 1706 2087 1936 2140; x_wconf 66' lang='grc' dir='ltr'>ἀντικαι</span> 
     </span>
    </p>
   </div>
   <div class='ocr_carea' id='block_1_38' title="bbox 356 2168 1936 2251">
    <p class='ocr_par' dir='ltr' id='par_1_38' title="bbox 356 2168 1936 2251">
     <span class='ocr_line' id='line_1_38' title="bbox 356 2168 1936 2251; baseline -0.001 -19"><span class='ocrx_word' id='word_1_241' title='bbox 356 2181 625 2249; x_wconf 79' lang='grc' dir='ltr'>ταστῆναι</span> <span class='ocrx_word' id='word_1_242' title='bbox 661 2178 841 2250; x_wconf 81' lang='grc' dir='ltr'>αὐτῷ,</span> <span class='ocrx_word' id='word_1_243' title='bbox 888 2180 1087 2241; x_wconf 70' lang='grc' dir='ltr'>νυκτὸς</span> <span class='ocrx_word' id='word_1_244' title='bbox 1158 2179 1384 2247; x_wconf 71' lang='grc' dir='ltr'>ἔφυγον.</span> <span class='ocrx_word' id='word_1_245' title='bbox 1431 2178 1568 2232; x_wconf 82' lang='grc' dir='ltr'>Μεθ’</span> <span class='ocrx_word' id='word_1_246' title='bbox 1620 2168 1936 2251; x_wconf 62' lang='grc' dir='ltr'>ἡμέρανδὲ</span> 
     </span>
    </p>
   </div>
   <div class='ocr_carea' id='block_1_39' title="bbox 357 2270 1934 2343">
    <p class='ocr_par' dir='ltr' id='par_1_39' title="bbox 357 2270 1934 2343">
     <span class='ocr_line' id='line_1_39' title="bbox 357 2270 1934 2343; baseline 0.001 -21"><span class='ocrx_word' id='word_1_247' title='bbox 357 2273 517 2338; x_wconf 77' lang='grc' dir='ltr'>γνοὺς</span> <span class='ocrx_word' id='word_1_248' title='bbox 543 2277 644 2342; x_wconf 72' lang='grc' dir='ltr'><strong>τὴν</strong></span> <span class='ocrx_word' id='word_1_249' title='bbox 671 2274 855 2343; x_wconf 78' lang='grc' dir='ltr'>φυγὴν</span> <span class='ocrx_word' id='word_1_250' title='bbox 882 2272 1168 2342; x_wconf 76' lang='grc' dir='ltr'>Ἰωνάθης,</span> <span class='ocrx_word' id='word_1_251' title='bbox 1207 2272 1467 2338; x_wconf 77' lang='grc' dir='ltr'>ἐπεδίωξε</span> <span class='ocrx_word' id='word_1_252' title='bbox 1498 2272 1620 2342; x_wconf 79' lang='grc' dir='ltr'>μὲν,</span> <span class='ocrx_word' id='word_1_253' title='bbox 1666 2273 1728 2324; x_wconf 82' lang='grc' dir='ltr'><strong>οὐ</strong></span> <span class='ocrx_word' id='word_1_254' title='bbox 1765 2270 1934 2324; x_wconf 85' lang='grc' dir='ltr'>κατέ-</span> 
     </span>
    </p>
   </div>
   <div class='ocr_carea' id='block_1_40' title="bbox 358 2363 1939 2437">
    <p class='ocr_par' dir='ltr' id='par_1_40' title="bbox 358 2363 1939 2437">
     <span class='ocr_line' id='line_1_40' title="bbox 358 2363 1939 2437; baseline 0.001 -20"><span class='ocrx_word' id='word_1_255' title='bbox 358 2364 486 2417; x_wconf 85' lang='grc' dir='ltr'>λαϐε</span> <span class='ocrx_word' id='word_1_256' title='bbox 521 2364 598 2417; x_wconf 76' lang='grc' dir='ltr'>δέ’</span> <span class='ocrx_word' id='word_1_257' title='bbox 635 2366 754 2417; x_wconf 81' lang='grc' dir='ltr'>ἀλλ’</span> <span class='ocrx_word' id='word_1_258' title='bbox 776 2367 855 2427; x_wconf 85' lang='grc' dir='ltr'>εἰς</span> <span class='ocrx_word' id='word_1_259' title='bbox 876 2365 1141 2435; x_wconf 80' lang='grc' dir='ltr'>Ἀραϐίαν</span> <span class='ocrx_word' id='word_1_260' title='bbox 1179 2363 1372 2431; x_wconf 80' lang='grc' dir='ltr'>ἐλθὼν,</span> <span class='ocrx_word' id='word_1_261' title='bbox 1407 2367 1639 2429; x_wconf 70' lang='grc' dir='ltr'>καὶτοῖς</span> <span class='ocrx_word' id='word_1_262' title='bbox 1674 2365 1939 2437; x_wconf 84' lang='grc' dir='ltr'>Ναϐατη-</span> 
     </span>
    </p>
   </div>
   <div class='ocr_carea' id='block_1_41' title="bbox 358 2458 1935 2530">
    <p class='ocr_par' dir='ltr' id='par_1_41' title="bbox 358 2458 1935 2530">
     <span class='ocr_line' id='line_1_41' title="bbox 358 2458 1935 2530; baseline -0.004 -14"><span class='ocrx_word' id='word_1_263' title='bbox 358 2463 468 2524; x_wconf 84' lang='grc' dir='ltr'>νοῖς</span> <span class='ocrx_word' id='word_1_264' title='bbox 500 2459 774 2528; x_wconf 74' lang='grc' dir='ltr'>ἐπελθὼν,</span> <span class='ocrx_word' id='word_1_265' title='bbox 804 2462 900 2514; x_wconf 76' lang='grc' dir='ltr'><strong>καὶ</strong></span> <span class='ocrx_word' id='word_1_266' title='bbox 925 2458 1078 2514; x_wconf 86' lang='grc' dir='ltr'>λείαν</span> <span class='ocrx_word' id='word_1_267' title='bbox 1113 2458 1328 2513; x_wconf 79' lang='grc' dir='ltr'>ἐκεῖθεν</span> <span class='ocrx_word' id='word_1_268' title='bbox 1374 2460 1658 2524; x_wconf 78' lang='grc' dir='ltr'><strong>ἀπελάσας</strong></span> <span class='ocrx_word' id='word_1_269' title='bbox 1706 2458 1935 2530; x_wconf 82' lang='grc' dir='ltr'>πολλὴν,</span> 
     </span>
    </p>
   </div>
   <div class='ocr_carea' id='block_1_42' title="bbox 359 2551 1940 2624">
    <p class='ocr_par' dir='ltr' id='par_1_42' title="bbox 359 2551 1940 2624">
     <span class='ocr_line' id='line_1_42' title="bbox 359 2551 1940 2624; baseline -0.001 -17"><span class='ocrx_word' id='word_1_270' title='bbox 359 2556 451 2607; x_wconf 67' lang='grc' dir='ltr'>καὶ</span> <span class='ocrx_word' id='word_1_271' title='bbox 478 2552 868 2624; x_wconf 74' lang='grc' dir='ltr'>αίχμιιλώτιυς</span> <span class='ocrx_word' id='word_1_272' title='bbox 914 2551 1119 2616; x_wconf 60' lang='grc' dir='ltr'>λαϐὼν,</span> <span class='ocrx_word' id='word_1_273' title='bbox 1174 2551 1470 2622; x_wconf 80' lang='grc' dir='ltr'>ἐπανῆλθε.</span> <span class='ocrx_word' id='word_1_274' title='bbox 1506 2551 1841 2620; x_wconf 80' lang='grc' dir='ltr'>Συναγαγὼν</span> <span class='ocrx_word' id='word_1_275' title='bbox 1881 2551 1940 2605; x_wconf 69' lang='grc' dir='ltr'>δὲ</span> 
     </span>
    </p>
   </div>
   <div class='ocr_carea' id='block_1_43' title="bbox 358 2642 1938 2715">
    <p class='ocr_par' dir='ltr' id='par_1_43' title="bbox 358 2642 1938 2715">
     <span class='ocr_line' id='line_1_43' title="bbox 358 2642 1938 2715; baseline -0.001 -16"><span class='ocrx_word' id='word_1_276' title='bbox 358 2646 447 2700; x_wconf 68' lang='grc' dir='ltr'>τὸν</span> <span class='ocrx_word' id='word_1_277' title='bbox 480 2647 631 2711; x_wconf 78' lang='grc' dir='ltr'>λαὸν,</span> <span class='ocrx_word' id='word_1_278' title='bbox 669 2644 1026 2698; x_wconf 81' lang='grc' dir='ltr'>συνεϐούλευε</span> <span class='ocrx_word' id='word_1_279' title='bbox 1078 2643 1149 2698; x_wconf 83' lang='grc' dir='ltr'>τὰ</span> <span class='ocrx_word' id='word_1_280' title='bbox 1184 2642 1338 2715; x_wconf 80' lang='grc' dir='ltr'>τείχη</span> <span class='ocrx_word' id='word_1_281' title='bbox 1372 2642 1482 2696; x_wconf 84' lang='grc' dir='ltr'>τῶν</span> <span class='ocrx_word' id='word_1_282' title='bbox 1538 2643 1938 2714; x_wconf 84' lang='grc' dir='ltr'>Ἰεροσολύμων</span> 
     </span>
    </p>
   </div>
   <div class='ocr_carea' id='block_1_44' title="bbox 357 2736 1935 2808">
    <p class='ocr_par' dir='ltr' id='par_1_44' title="bbox 357 2736 1935 2808">
     <span class='ocr_line' id='line_1_44' title="bbox 357 2736 1935 2808; baseline -0.001 -15"><span class='ocrx_word' id='word_1_283' title='bbox 357 2739 730 2803; x_wconf 79' lang='grc' dir='ltr'>ἀνακαινίσαι,</span> <span class='ocrx_word' id='word_1_284' title='bbox 764 2738 859 2790; x_wconf 76' lang='grc' dir='ltr'>καὶ</span> <span class='ocrx_word' id='word_1_285' title='bbox 879 2737 1195 2808; x_wconf 69' lang='grc' dir='ltr'>ἀνορθῶσιι</span> <span class='ocrx_word' id='word_1_286' title='bbox 1227 2739 1353 2790; x_wconf 84' lang='grc' dir='ltr'>ὅσον</span> <span class='ocrx_word' id='word_1_287' title='bbox 1384 2736 1477 2789; x_wconf 79' lang='grc' dir='ltr'><strong>τοῦ</strong></span> <span class='ocrx_word' id='word_1_288' title='bbox 1518 2736 1812 2808; x_wconf 83' lang='grc' dir='ltr'>περιϐόλου</span> <span class='ocrx_word' id='word_1_289' title='bbox 1840 2736 1935 2791; x_wconf 75' lang='grc' dir='ltr'>τοῦ</span> 
     </span>
    </p>
   </div>
   <div class='ocr_carea' id='block_1_45' title="bbox 363 2827 1938 2900">
    <p class='ocr_par' dir='ltr' id='par_1_45' title="bbox 363 2827 1938 2900">
     <span class='ocr_line' id='line_1_45' title="bbox 363 2827 1938 2900; baseline 0.001 -20"><span class='ocrx_word' id='word_1_290' title='bbox 363 2830 506 2900; x_wconf 68' lang='grc' dir='ltr'>ἱερεῦ</span> <span class='ocrx_word' id='word_1_291' title='bbox 538 2828 845 2900; x_wconf 81' lang='grc' dir='ltr'>καθῄρητο.</span> <span class='ocrx_word' id='word_1_292' title='bbox 875 2829 986 2882; x_wconf 81' lang='lat' dir='ltr'><strong>Kal</strong></span> <span class='ocrx_word' id='word_1_293' title='bbox 1036 2829 1318 2899; x_wconf 64' lang='grc' dir='ltr'>ἀρεσάσης</span> <span class='ocrx_word' id='word_1_294' title='bbox 1364 2829 1500 2881; x_wconf 84' lang='grc' dir='ltr'>πᾶσι</span> <span class='ocrx_word' id='word_1_295' title='bbox 1543 2828 1646 2898; x_wconf 83' lang='grc' dir='ltr'>τῆς</span> <span class='ocrx_word' id='word_1_296' title='bbox 1693 2827 1938 2899; x_wconf 85' lang='grc' dir='ltr'>συμϐου-</span> 
     </span>
    </p>
   </div>
   <div class='ocr_carea' id='block_1_46' title="bbox 358 2920 1938 2995">
    <p class='ocr_par' dir='ltr' id='par_1_46' title="bbox 358 2920 1938 2995">
     <span class='ocr_line' id='line_1_46' title="bbox 358 2920 1938 2995; baseline 0.001 -21"><span class='ocrx_word' id='word_1_297' title='bbox 358 2923 476 2995; x_wconf 77' lang='grc' dir='ltr'>λῆς,</span> <span class='ocrx_word' id='word_1_298' title='bbox 502 2923 667 2982; x_wconf 76' lang='grc' dir='ltr'>αὐτὸς</span> <span class='ocrx_word' id='word_1_299' title='bbox 691 2921 791 2992; x_wconf 79' lang='grc' dir='ltr'>μὲν</span> <span class='ocrx_word' id='word_1_300' title='bbox 840 2921 1004 2992; x_wconf 76' lang='grc' dir='ltr'>ἔργου</span> <span class='ocrx_word' id='word_1_301' title='bbox 1029 2921 1233 2993; x_wconf 76' lang='grc' dir='ltr'>εἴχετο,</span> <span class='ocrx_word' id='word_1_302' title='bbox 1254 2921 1347 2974; x_wconf 77' lang='grc' dir='ltr'><strong>τὸν</strong></span> <span class='ocrx_word' id='word_1_303' title='bbox 1370 2920 1427 2974; x_wconf 83' lang='grc' dir='ltr'>δὲ</span> <span class='ocrx_word' id='word_1_304' title='bbox 1461 2920 1691 2990; x_wconf 80' lang='grc' dir='ltr'>ἀδελφὸν</span> <span class='ocrx_word' id='word_1_305' title='bbox 1717 2921 1938 2992; x_wconf 85' lang='grc' dir='ltr'>Σίμωνα</span> 
     </span>
    </p>
   </div>
   <div class='ocr_carea' id='block_1_47' title="bbox 360 3011 1939 3085">
    <p class='ocr_par' dir='ltr' id='par_1_47' title="bbox 360 3011 1939 3085">
     <span class='ocr_line' id='line_1_47' title="bbox 360 3011 1939 3085; baseline -0.002 -19"><span class='ocrx_word' id='word_1_306' title='bbox 360 3013 573 3083; x_wconf 73' lang='grc' dir='ltr'>ἔπεμψε</span> <span class='ocrx_word' id='word_1_307' title='bbox 596 3012 696 3084; x_wconf 81' lang='grc' dir='ltr'>τὴν</span> <span class='ocrx_word' id='word_1_308' title='bbox 727 3011 915 3084; x_wconf 89' lang='grc' dir='ltr'>χώραν</span> <span class='ocrx_word' id='word_1_309' title='bbox 943 3013 1417 3085; x_wconf 67' lang='grc' dir='ltr'>ἀσφαλισόμενον.</span> <span class='ocrx_word' id='word_1_310' title='bbox 1464 3012 1528 3066; x_wconf 80' lang='grc' dir='ltr'>ὐ</span> <span class='ocrx_word' id='word_1_311' title='bbox 1546 3012 1603 3066; x_wconf 84' lang='grc' dir='ltr'><strong>δέ</strong></span> <span class='ocrx_word' id='word_1_312' title='bbox 1637 3029 1699 3081; x_wconf 90' lang='grc' dir='ltr'><strong>γε</strong></span> <span class='ocrx_word' id='word_1_313' title='bbox 1748 3014 1939 3085; x_wconf 79' lang='grc' dir='ltr'>Δημή-</span> 
     </span>
    </p>
   </div>
   <div class='ocr_carea' id='block_1_48' title="bbox 360 3102 1940 3180">
    <p class='ocr_par' dir='ltr' id='par_1_48' title="bbox 360 3102 1940 3180">
     <span class='ocr_line' id='line_1_48' title="bbox 360 3102 1940 3180; baseline 0.002 -21"><span class='ocrx_word' id='word_1_314' title='bbox 360 3125 507 3177; x_wconf 90' lang='grc' dir='ltr'>τριος</span> <span class='ocrx_word' id='word_1_315' title='bbox 540 3108 625 3169; x_wconf 81' lang='grc' dir='ltr'><strong>είς</strong></span> <span class='ocrx_word' id='word_1_316' title='bbox 650 3107 1082 3178; x_wconf 84' lang='grc' dir='ltr'>Μεσοποταμίαν</span> <span class='ocrx_word' id='word_1_317' title='bbox 1099 3102 1257 3180; x_wconf 80' lang='grc' dir='ltr'>ἧκεν,</span> <span class='ocrx_word' id='word_1_318' title='bbox 1287 3106 1365 3171; x_wconf 81' lang='grc' dir='ltr'>ὥς</span> <span class='ocrx_word' id='word_1_319' title='bbox 1385 3106 1484 3178; x_wconf 75' lang='grc' dir='ltr'>τὴν</span> <span class='ocrx_word' id='word_1_320' title='bbox 1512 3105 1811 3161; x_wconf 79' lang='grc' dir='ltr'>Βαϐυλῶνα</span> <span class='ocrx_word' id='word_1_321' title='bbox 1843 3108 1940 3162; x_wconf 71' lang='grc' dir='ltr'><strong>καὶ</strong></span> 
     </span>
    </p>
   </div>
   <div class='ocr_carea' id='block_1_49' title="bbox 360 3200 1939 3274">
    <p class='ocr_par' dir='ltr' id='par_1_49' title="bbox 360 3200 1939 3274">
     <span class='ocr_line' id='line_1_49' title="bbox 360 3200 1939 3274; baseline 0.001 -20"><span class='ocrx_word' id='word_1_322' title='bbox 360 3200 452 3266; x_wconf 72' lang='grc' dir='ltr'>τὰς</span> <span class='ocrx_word' id='word_1_323' title='bbox 490 3201 603 3256; x_wconf 81' lang='grc' dir='ltr'>ἄνω</span> <span class='ocrx_word' id='word_1_324' title='bbox 630 3200 939 3272; x_wconf 80' lang='grc' dir='ltr'>σατραπίας</span> <span class='ocrx_word' id='word_1_325' title='bbox 972 3201 1454 3272; x_wconf 80' lang='grc' dir='ltr'>παραληψόμενος.</span> <span class='ocrx_word' id='word_1_326' title='bbox 1498 3202 1560 3255; x_wconf 81' lang='grc' dir='ltr'><strong>Οἱ</strong></span> <span class='ocrx_word' id='word_1_327' title='bbox 1594 3202 1703 3274; x_wconf 70' lang='grc' dir='ltr'><strong>γὰρ</strong></span> <span class='ocrx_word' id='word_1_328' title='bbox 1732 3202 1939 3266; x_wconf 79' lang='grc' dir='ltr'>ταύτας</span> 
     </span>
    </p>
   </div>
   <div class='ocr_carea' id='block_1_50' title="bbox 362 3293 1939 3365">
    <p class='ocr_par' dir='ltr' id='par_1_50' title="bbox 362 3293 1939 3365">
     <span class='ocr_line' id='line_1_50' title="bbox 362 3293 1939 3365; baseline -0.001 -17"><span class='ocrx_word' id='word_1_329' title='bbox 362 3294 744 3358; x_wconf 69' lang='grc' dir='ltr'>κατοικοῦντες</span> <span class='ocrx_word' id='word_1_330' title='bbox 818 3293 1078 3365; x_wconf 86' lang='grc' dir='ltr'>Ἕλληνες</span> <span class='ocrx_word' id='word_1_331' title='bbox 1141 3298 1233 3346; x_wconf 67' lang='grc' dir='ltr'>καὶ</span> <span class='ocrx_word' id='word_1_332' title='bbox 1316 3293 1627 3356; x_wconf 81' lang='grc' dir='ltr'>Μακεδόνες</span> <span class='ocrx_word' id='word_1_333' title='bbox 1685 3294 1939 3364; x_wconf 78' lang='grc' dir='ltr'><strong>παραδώ⁴</strong></span> 
     </span>
    </p>
   </div>
   <div class='ocr_carea' id='block_1_51' title="bbox 364 3386 1938 3456">
    <p class='ocr_par' dir='ltr' id='par_1_51' title="bbox 364 3386 1938 3456">
     <span class='ocr_line' id='line_1_51' title="bbox 364 3386 1938 3456; baseline 0 -15"><span class='ocrx_word' id='word_1_334' title='bbox 364 3405 474 3442; x_wconf 88' lang='grc' dir='ltr'>σειν</span> <span class='ocrx_word' id='word_1_335' title='bbox 499 3387 731 3451; x_wconf 69' lang='grc' dir='ltr'>ἑαυτοὺς</span> <span class='ocrx_word' id='word_1_336' title='bbox 760 3386 910 3456; x_wconf 76' lang='grc' dir='ltr'>αὐτῷ</span> <span class='ocrx_word' id='word_1_337' title='bbox 961 3386 1392 3456; x_wconf 73' lang='grc' dir='ltr'>ἐπηγγέλλοντο,</span> <span class='ocrx_word' id='word_1_338' title='bbox 1428 3387 1532 3440; x_wconf 72' lang='grc' dir='ltr'><strong>καὶ</strong></span> <span class='ocrx_word' id='word_1_339' title='bbox 1582 3404 1938 3456; x_wconf 84' lang='grc' dir='ltr'>συγκαταπο-</span> 
     </span>
    </p>
   </div>
   <div class='ocr_carea' id='block_1_52' title="bbox 362 3479 1940 3553">
    <p class='ocr_par' dir='ltr' id='par_1_52' title="bbox 362 3479 1940 3553">
     <span class='ocr_line' id='line_1_52' title="bbox 362 3479 1940 3553; baseline 0.001 -19"><span class='ocrx_word' id='word_1_340' title='bbox 362 3482 621 3551; x_wconf 74' lang='grc' dir='ltr'>λεμήσειν</span> <span class='ocrx_word' id='word_1_341' title='bbox 652 3479 934 3553; x_wconf 82' lang='grc' dir='ltr'>Ἀρσάκην</span> <span class='ocrx_word' id='word_1_342' title='bbox 958 3479 1054 3533; x_wconf 79' lang='grc' dir='ltr'>τὸν</span> <span class='ocrx_word' id='word_1_343' title='bbox 1094 3479 1330 3552; x_wconf 85' lang='grc' dir='ltr'>Πάρθων</span> <span class='ocrx_word' id='word_1_344' title='bbox 1375 3479 1626 3551; x_wconf 86' lang='grc' dir='ltr'>βασιλέα.</span> <span class='ocrx_word' id='word_1_345' title='bbox 1670 3482 1782 3535; x_wconf 71' lang='grc' dir='ltr'><strong>Καὶ</strong></span> <span class='ocrx_word' id='word_1_346' title='bbox 1826 3481 1940 3535; x_wconf 80' lang='grc' dir='ltr'>ἐδέ-</span> 
     </span>
    </p>
   </div>
   <div class='ocr_carea' id='block_1_53' title="bbox 366 3570 1939 3645">
    <p class='ocr_par' dir='ltr' id='par_1_53' title="bbox 366 3570 1939 3645">
     <span class='ocr_line' id='line_1_53' title="bbox 366 3570 1939 3645; baseline 0 -19"><span class='ocrx_word' id='word_1_347' title='bbox 366 3572 519 3640; x_wconf 80' lang='grc' dir='ltr'>ξαντο</span> <span class='ocrx_word' id='word_1_348' title='bbox 553 3573 736 3626; x_wconf 88' lang='grc' dir='ltr'>τοίνυν</span> <span class='ocrx_word' id='word_1_349' title='bbox 781 3573 967 3626; x_wconf 77' lang='grc' dir='ltr'>αὐτόν.</span> <span class='ocrx_word' id='word_1_350' title='bbox 1031 3572 1142 3625; x_wconf 83' lang='lat' dir='ltr'><strong>Kal</strong></span> <span class='ocrx_word' id='word_1_351' title='bbox 1200 3570 1279 3642; x_wconf 79' lang='grc' dir='ltr'>τῷ</span> <span class='ocrx_word' id='word_1_352' title='bbox 1323 3572 1570 3645; x_wconf 77' lang='grc' dir='ltr'>’Λρσάκῃ</span> <span class='ocrx_word' id='word_1_353' title='bbox 1619 3573 1939 3641; x_wconf 59' lang='grc' dir='ltr'>συμϐαλὼν,</span> 
     </span>
    </p>
   </div>
   <div class='ocr_carea' id='block_1_54' title="bbox 364 3662 1936 3736">
    <p class='ocr_par' dir='ltr' id='par_1_54' title="bbox 364 3662 1936 3736">
     <span class='ocr_line' id='line_1_54' title="bbox 364 3662 1936 3736; baseline 0.001 -18"><span class='ocrx_word' id='word_1_354' title='bbox 364 3666 459 3736; x_wconf 82' lang='grc' dir='ltr'><strong>τὴν</strong></span> <span class='ocrx_word' id='word_1_355' title='bbox 496 3664 722 3719; x_wconf 75' lang='grc' dir='ltr'>ἅπασαν</span> <span class='ocrx_word' id='word_1_356' title='bbox 752 3662 994 3719; x_wconf 87' lang='grc' dir='ltr'>ἀπέϐαλε</span> <span class='ocrx_word' id='word_1_357' title='bbox 1025 3665 1308 3734; x_wconf 70' lang='grc' dir='ltr'>στρατιάν,</span> <span class='ocrx_word' id='word_1_358' title='bbox 1352 3665 1446 3717; x_wconf 70' lang='grc' dir='ltr'><strong>καὶ</strong></span> <span class='ocrx_word' id='word_1_359' title='bbox 1498 3664 1665 3728; x_wconf 79' lang='grc' dir='ltr'>αὐτὸς</span> <span class='ocrx_word' id='word_1_360' title='bbox 1704 3664 1936 3736; x_wconf 82' lang='grc' dir='ltr'>ἐλήφθη.</span> 
     </span>
    </p>
   </div>
   <div class='ocr_carea' id='block_1_55' title="bbox 365 3753 1938 3829">
    <p class='ocr_par' dir='ltr' id='par_1_55' title="bbox 365 3753 1938 3829">
     <span class='ocr_line' id='line_1_55' title="bbox 365 3753 1938 3829; baseline -0.003 -19"><span class='ocrx_word' id='word_1_361' title='bbox 365 3757 600 3829; x_wconf 81' lang='grc' dir='ltr'>Τρύφων</span> <span class='ocrx_word' id='word_1_362' title='bbox 627 3755 686 3808; x_wconf 88' lang='grc' dir='ltr'>δὲ</span> <span class='ocrx_word' id='word_1_363' title='bbox 717 3756 883 3825; x_wconf 80' lang='grc' dir='ltr'>γνοὺς</span> <span class='ocrx_word' id='word_1_364' title='bbox 917 3754 1148 3808; x_wconf 86' lang='grc' dir='ltr'>τοιαῦτα</span> <span class='ocrx_word' id='word_1_365' title='bbox 1179 3755 1249 3808; x_wconf 81' lang='grc' dir='ltr'>τὰ</span> <span class='ocrx_word' id='word_1_366' title='bbox 1290 3754 1423 3825; x_wconf 80' lang='grc' dir='ltr'><strong>περὶ</strong></span> <span class='ocrx_word' id='word_1_367' title='bbox 1454 3753 1549 3808; x_wconf 69' lang='grc' dir='ltr'><strong>τὸν</strong></span> <span class='ocrx_word' id='word_1_368' title='bbox 1596 3755 1938 3826; x_wconf 83' lang='grc' dir='ltr'>Δημήτριον,</span> 
     </span>
    </p>
   </div>
   <div class='ocr_carea' id='block_1_56' title="bbox 266 3847 1938 3927">
    <p class='ocr_par' dir='ltr' id='par_1_56' title="bbox 266 3847 1938 3927">
     <span class='ocr_line' id='line_1_56' title="bbox 266 3847 1938 3927; baseline -0.002 -24"><span class='ocrx_word' id='word_1_369' title='bbox 266 3920 278 3927; x_wconf 30' lang='grc' dir='ltr'><em>μ</em></span> <span class='ocrx_word' id='word_1_370' title='bbox 366 3849 720 3903; x_wconf 77' lang='grc' dir='ltr'>ἐπεϐούλευεν</span> <span class='ocrx_word' id='word_1_371' title='bbox 756 3847 1047 3918; x_wconf 77' lang='grc' dir='ltr'><strong>Ἀντιόχῳ,</strong></span> <span class='ocrx_word' id='word_1_372' title='bbox 1091 3848 1416 3901; x_wconf 81' lang='grc' dir='ltr'>ἀποκτεῖναι</span> <span class='ocrx_word' id='word_1_373' title='bbox 1455 3847 1621 3900; x_wconf 77' lang='grc' dir='ltr'>αὐτὸν</span> <span class='ocrx_word' id='word_1_374' title='bbox 1669 3849 1938 3917; x_wconf 84' lang='grc' dir='ltr'>μελετῶν,</span> 
     </span>
    </p>
   </div>
   <div class='ocr_carea' id='block_1_57' title="bbox 368 3937 1940 4011">
    <p class='ocr_par' dir='ltr' id='par_1_57' title="bbox 368 3937 1940 4011">
     <span class='ocr_line' id='line_1_57' title="bbox 368 3937 1940 4011; baseline -0.003 -18"><span class='ocrx_word' id='word_1_375' title='bbox 368 3941 458 3993; x_wconf 75' lang='grc' dir='ltr'>καὶ</span> <span class='ocrx_word' id='word_1_376' title='bbox 497 3940 595 4011; x_wconf 81' lang='grc' dir='ltr'>τὴν</span> <span class='ocrx_word' id='word_1_377' title='bbox 652 3938 830 4010; x_wconf 79' lang='grc' dir='ltr'>ἀρχὴν</span> <span class='ocrx_word' id='word_1_378' title='bbox 890 3937 1344 4007; x_wconf 78' lang='grc' dir='ltr'>σφετερίσασθαι.</span> <span class='ocrx_word' id='word_1_379' title='bbox 1403 3937 1697 3991; x_wconf 83' lang='grc' dir='ltr'>Ἐδεδοίκει</span> <span class='ocrx_word' id='word_1_380' title='bbox 1754 3939 1940 4008; x_wconf 81' lang='grc' dir='ltr'>μέντοι</span> 
     </span>
    </p>
   </div>
   <div class='ocr_carea' id='block_1_58' title="bbox 369 4027 1941 4101">
    <p class='ocr_par' dir='ltr' id='par_1_58' title="bbox 369 4027 1941 4101">
     <span class='ocr_line' id='line_1_58' title="bbox 369 4027 1941 4101; baseline -0.001 -19"><span class='ocrx_word' id='word_1_381' title='bbox 369 4030 455 4085; x_wconf 64' lang='grc' dir='ltr'>τὸν</span> <span class='ocrx_word' id='word_1_382' title='bbox 493 4030 775 4101; x_wconf 79' lang='grc' dir='ltr'>Ἰωνάθην,</span> <span class='ocrx_word' id='word_1_383' title='bbox 800 4029 931 4082; x_wconf 74' lang='grc' dir='ltr'>ὄντα</span> <span class='ocrx_word' id='word_1_384' title='bbox 965 4027 1119 4097; x_wconf 83' lang='grc' dir='ltr'>φίλον</span> <span class='ocrx_word' id='word_1_385' title='bbox 1153 4028 1229 4099; x_wconf 75' lang='grc' dir='ltr'>τῷ</span> <span class='ocrx_word' id='word_1_386' title='bbox 1285 4028 1570 4099; x_wconf 82' lang='grc' dir='ltr'>Ἀντιόχῳ.</span> <span class='ocrx_word' id='word_1_387' title='bbox 1606 4029 1716 4082; x_wconf 73' lang='grc' dir='ltr'>Καὶ</span> <span class='ocrx_word' id='word_1_388' title='bbox 1740 4029 1941 4082; x_wconf 68' lang='lat' dir='ltr'><strong>Eamu-</strong></span> 
     </span>
    </p>
   </div>
   <div class='ocr_carea' id='block_1_59' title="bbox 368 4120 1942 4195">
    <p class='ocr_par' dir='ltr' id='par_1_59' title="bbox 368 4120 1942 4195">
     <span class='ocr_line' id='line_1_59' title="bbox 368 4120 1942 4195; baseline -0.001 -20"><span class='ocrx_word' id='word_1_389' title='bbox 368 4122 452 4176; x_wconf 87' lang='grc' dir='ltr'><strong>δεν</strong></span> <span class='ocrx_word' id='word_1_390' title='bbox 484 4123 649 4177; x_wconf 66' lang='grc' dir='ltr'>αύτὶν</span> <span class='ocrx_word' id='word_1_391' title='bbox 679 4123 900 4193; x_wconf 80' lang='grc' dir='ltr'>πρῶτον</span> <span class='ocrx_word' id='word_1_392' title='bbox 932 4124 1118 4195; x_wconf 74' lang='grc' dir='ltr'>ἀπάτῃ</span> <span class='ocrx_word' id='word_1_393' title='bbox 1151 4121 1315 4185; x_wconf 79' lang='grc' dir='ltr'>ἑλεῖν,</span> <span class='ocrx_word' id='word_1_394' title='bbox 1369 4122 1465 4174; x_wconf 76' lang='grc' dir='ltr'>καὶ</span> <span class='ocrx_word' id='word_1_395' title='bbox 1497 4120 1673 4182; x_wconf 77' lang='grc' dir='ltr'>οὕτως</span> <span class='ocrx_word' id='word_1_396' title='bbox 1724 4122 1942 4191; x_wconf 75' lang='grc' dir='ltr'>ἐπιχει-</span> 
     </span>
    </p>
   </div>
   <div class='ocr_carea' id='block_1_60' title="bbox 373 4214 1943 4286">
    <p class='ocr_par' dir='ltr' id='par_1_60' title="bbox 373 4214 1943 4286">
     <span class='ocr_line' id='line_1_60' title="bbox 373 4214 1943 4286; baseline -0.001 -17"><span class='ocrx_word' id='word_1_397' title='bbox 373 4219 530 4286; x_wconf 82' lang='grc' dir='ltr'>ρῆσαι</span> <span class='ocrx_word' id='word_1_398' title='bbox 556 4218 670 4280; x_wconf 82' lang='grc' dir='ltr'>τοῖς</span> <span class='ocrx_word' id='word_1_399' title='bbox 706 4218 850 4269; x_wconf 88' lang='grc' dir='ltr'>κατά</span> <span class='ocrx_word' id='word_1_400' title='bbox 881 4216 974 4269; x_wconf 88' lang='grc' dir='ltr'><strong>τὸν</strong></span> <span class='ocrx_word' id='word_1_401' title='bbox 1020 4215 1316 4285; x_wconf 77' lang='grc' dir='ltr'>Ἀντίοχον.</span> <span class='ocrx_word' id='word_1_402' title='bbox 1355 4215 1445 4267; x_wconf 76' lang='grc' dir='ltr'>Διὸ</span> <span class='ocrx_word' id='word_1_403' title='bbox 1503 4215 1597 4267; x_wconf 75' lang='grc' dir='ltr'>καὶ</span> <span class='ocrx_word' id='word_1_404' title='bbox 1624 4216 1703 4277; x_wconf 87' lang='grc' dir='ltr'>εἰς</span> <span class='ocrx_word' id='word_1_405' title='bbox 1736 4214 1943 4268; x_wconf 82' lang='grc' dir='ltr'>Σκυθό-</span> 
     </span>
    </p>
   </div>
   <div class='ocr_carea' id='block_1_61' title="bbox 372 4305 1943 4381">
    <p class='ocr_par' dir='ltr' id='par_1_61' title="bbox 372 4305 1943 4381">
     <span class='ocr_line' id='line_1_61' title="bbox 372 4305 1943 4381; baseline 0.001 -21"><span class='ocrx_word' id='word_1_406' title='bbox 372 4306 522 4360; x_wconf 86' lang='grc' dir='ltr'>πολιν</span> <span class='ocrx_word' id='word_1_407' title='bbox 548 4308 790 4372; x_wconf 75' lang='grc' dir='ltr'>ἄπεισιν,</span> <span class='ocrx_word' id='word_1_408' title='bbox 810 4305 941 4360; x_wconf 73' lang='grc' dir='ltr'>ἔνθα</span> <span class='ocrx_word' id='word_1_409' title='bbox 973 4308 1069 4359; x_wconf 71' lang='grc' dir='ltr'>καὶ</span> <span class='ocrx_word' id='word_1_410' title='bbox 1105 4307 1359 4375; x_wconf 70' lang='grc' dir='ltr'>Ἰωνάθης</span> <span class='ocrx_word' id='word_1_411' title='bbox 1391 4308 1538 4379; x_wconf 79' lang='grc' dir='ltr'>αὐτῷ</span> <span class='ocrx_word' id='word_1_412' title='bbox 1558 4308 1655 4362; x_wconf 79' lang='grc' dir='ltr'><strong>σὺν</strong></span> <span class='ocrx_word' id='word_1_413' title='bbox 1681 4310 1943 4381; x_wconf 84' lang='grc' dir='ltr'>τέσσαρσι</span> 
     </span>
    </p>
   </div>
   <div class='ocr_carea' id='block_1_62' title="bbox 375 4397 1941 4470">
    <p class='ocr_par' dir='ltr' id='par_1_62' title="bbox 375 4397 1941 4470">
     <span class='ocr_line' id='line_1_62' title="bbox 375 4397 1941 4470; baseline 0.003 -20"><span class='ocrx_word' id='word_1_414' title='bbox 375 4399 596 4469; x_wconf 83' lang='grc' dir='ltr'>μυριάσι</span> <span class='ocrx_word' id='word_1_415' title='bbox 631 4397 891 4469; x_wconf 82' lang='grc' dir='ltr'>μαχίμων</span> <span class='ocrx_word' id='word_1_416' title='bbox 921 4400 1258 4470; x_wconf 83' lang='grc' dir='ltr'>ἀπήντησεν.</span> <span class='ocrx_word' id='word_1_417' title='bbox 1301 4400 1359 4454; x_wconf 85' lang='grc' dir='ltr'><strong>Ὀ</strong></span> <span class='ocrx_word' id='word_1_418' title='bbox 1380 4400 1436 4453; x_wconf 76' lang='grc' dir='ltr'>δὲ</span> <span class='ocrx_word' id='word_1_419' title='bbox 1466 4400 1724 4465; x_wconf 79' lang='grc' dir='ltr'>ὑπούλως</span> <span class='ocrx_word' id='word_1_420' title='bbox 1774 4402 1941 4455; x_wconf 69' lang='grc' dir='ltr'>αὑτὸν</span> 
     </span>
    </p>
   </div>
   <div class='ocr_carea' id='block_1_63' title="bbox 373 4491 1944 4562">
    <p class='ocr_par' dir='ltr' id='par_1_63' title="bbox 373 4491 1944 4562">
     <span class='ocr_line' id='line_1_63' title="bbox 373 4491 1944 4562; baseline 0.003 -18"><span class='ocrx_word' id='word_1_421' title='bbox 373 4492 688 4562; x_wconf 77' lang='grc' dir='ltr'>ὑπέρχεται,</span> <span class='ocrx_word' id='word_1_422' title='bbox 725 4491 918 4562; x_wconf 81' lang='grc' dir='ltr'>δώροις</span> <span class='ocrx_word' id='word_1_423' title='bbox 953 4510 1010 4545; x_wconf 87' lang='grc' dir='ltr'><strong>τε</strong></span> <span class='ocrx_word' id='word_1_424' title='bbox 1039 4492 1133 4546; x_wconf 74' lang='grc' dir='ltr'><strong>καὶ</strong></span> <span class='ocrx_word' id='word_1_425' title='bbox 1156 4494 1340 4562; x_wconf 77' lang='grc' dir='ltr'>τιμαῖς</span> <span class='ocrx_word' id='word_1_426' title='bbox 1364 4493 1729 4562; x_wconf 81' lang='grc' dir='ltr'>δεξιούμενος,</span> <span class='ocrx_word' id='word_1_427' title='bbox 1762 4497 1944 4549; x_wconf 81' lang='grc' dir='ltr'>πᾶσαν</span> 
     </span>
    </p>
   </div>
   <div class='ocr_carea' id='block_1_64' title="bbox 2040 1987 3618 2062">
    <p class='ocr_par' dir='ltr' id='par_1_64' title="bbox 2040 1987 3618 2062">
     <span class='ocr_line' id='line_1_64' title="bbox 2040 1987 3618 2062; baseline 0.008 -23"><span class='ocrx_word' id='word_1_428' title='bbox 2040 1987 2343 2057; x_wconf 84' lang='lat' dir='ltr'><strong>cupiditate</strong></span> <span class='ocrx_word' id='word_1_429' title='bbox 2363 1988 2516 2058; x_wconf 78' lang='lat' dir='ltr'><strong>regni</strong></span> <span class='ocrx_word' id='word_1_430' title='bbox 2534 1992 2865 2062; x_wconf 87' lang='lat' dir='ltr'><strong>occupandi,</strong></span> <span class='ocrx_word' id='word_1_431' title='bbox 2885 1996 3011 2046; x_wconf 81' lang='lat' dir='ltr'><strong>vitae</strong></span> <span class='ocrx_word' id='word_1_432' title='bbox 3029 1993 3284 2048; x_wconf 79' lang='lat' dir='ltr'><strong>Antiochi</strong></span> <span class='ocrx_word' id='word_1_433' title='bbox 3300 1995 3618 2051; x_wconf 81' lang='lat' dir='ltr'><strong>insidiatur.</strong></span> 
     </span>
    </p>
   </div>
   <div class='ocr_carea' id='block_1_65' title="bbox 2041 2077 3620 2158">
    <p class='ocr_par' dir='ltr' id='par_1_65' title="bbox 2041 2077 3620 2158">
     <span class='ocr_line' id='line_1_65' title="bbox 2041 2077 3620 2158; baseline 0.008 -24"><span class='ocrx_word' id='word_1_434' title='bbox 2041 2077 2146 2134; x_wconf 87' lang='lat' dir='ltr'><strong>Sed</strong></span> <span class='ocrx_word' id='word_1_435' title='bbox 2173 2080 2301 2149; x_wconf 83' lang='lat' dir='ltr'><strong>quia</strong></span> <span class='ocrx_word' id='word_1_436' title='bbox 2332 2079 2581 2137; x_wconf 75' lang='lat' dir='ltr'><strong>Jonatha:</strong></span> <span class='ocrx_word' id='word_1_437' title='bbox 2610 2083 2910 2138; x_wconf 83' lang='lat' dir='ltr'><strong>amicitiam</strong></span> <span class='ocrx_word' id='word_1_438' title='bbox 2947 2099 3072 2138; x_wconf 92' lang='lat' dir='ltr'><strong>cum</strong></span> <span class='ocrx_word' id='word_1_439' title='bbox 3104 2099 3233 2158; x_wconf 75' lang='lat' dir='ltr'><strong>rege</strong></span> <span class='ocrx_word' id='word_1_440' title='bbox 3263 2086 3620 2152; x_wconf 83' lang='lat' dir='ltr'><strong>formidabat.</strong></span> 
     </span>
    </p>
   </div>
   <div class='ocr_carea' id='block_1_66' title="bbox 1992 2170 3621 2245">
    <p class='ocr_par' dir='ltr' id='par_1_66' title="bbox 1992 2170 3621 2245">
     <span class='ocr_line' id='line_1_66' title="bbox 1992 2170 3621 2245; baseline 0.008 -21"><span class='ocrx_word' id='word_1_441' title='bbox 1992 2180 1999 2185; x_wconf 87' lang='lat'><strong>&#39;</strong></span> <span class='ocrx_word' id='word_1_442' title='bbox 2039 2184 2107 2225; x_wconf 89' lang='lat' dir='ltr'><strong>eo</strong></span> <span class='ocrx_word' id='word_1_443' title='bbox 2141 2170 2296 2240; x_wconf 88' lang='lat' dir='ltr'><strong>prius</strong></span> <span class='ocrx_word' id='word_1_444' title='bbox 2322 2187 2421 2243; x_wconf 89' lang='lat' dir='ltr'><strong>per</strong></span> <span class='ocrx_word' id='word_1_445' title='bbox 2443 2173 2632 2229; x_wconf 87' lang='lat' dir='ltr'><strong>dolum</strong></span> <span class='ocrx_word' id='word_1_446' title='bbox 2681 2185 2867 2245; x_wconf 77' lang='lat' dir='ltr'><strong>capto,</strong></span> <span class='ocrx_word' id='word_1_447' title='bbox 2899 2185 3017 2232; x_wconf 89' lang='lat' dir='ltr'><strong>tum</strong></span> <span class='ocrx_word' id='word_1_448' title='bbox 3073 2180 3296 2234; x_wconf 85' lang='lat' dir='ltr'><strong>demum</strong></span> <span class='ocrx_word' id='word_1_449' title='bbox 3354 2180 3621 2237; x_wconf 75' lang='lat' dir='ltr'><strong>invadere</strong></span> 
     </span>
    </p>
   </div>
   <div class='ocr_carea' id='block_1_67' title="bbox 2040 2263 3619 2344">
    <p class='ocr_par' dir='ltr' id='par_1_67' title="bbox 2040 2263 3619 2344">
     <span class='ocr_line' id='line_1_67' title="bbox 2040 2263 3619 2344; baseline 0.008 -28"><span class='ocrx_word' id='word_1_450' title='bbox 2040 2263 2379 2319; x_wconf 81' lang='lat' dir='ltr'><strong>Antiochum</strong></span> <span class='ocrx_word' id='word_1_451' title='bbox 2405 2265 2461 2319; x_wconf 92' lang='lat' dir='ltr'><strong>in</strong></span> <span class='ocrx_word' id='word_1_452' title='bbox 2484 2267 2671 2322; x_wconf 70' lang='lat' dir='ltr'><strong>animt)</strong></span> <span class='ocrx_word' id='word_1_453' title='bbox 2704 2267 2963 2325; x_wconf 78' lang='lat' dir='ltr'><strong>habebat.</strong></span> <span class='ocrx_word' id='word_1_454' title='bbox 3011 2270 3203 2341; x_wconf 78' lang='lat' dir='ltr'><strong>itaque</strong></span> <span class='ocrx_word' id='word_1_455' title='bbox 3235 2272 3619 2344; x_wconf 76' lang='lat' dir='ltr'><strong>Scythopolim</strong></span> 
     </span>
    </p>
   </div>
   <div class='ocr_carea' id='block_1_68' title="bbox 2038 2356 3623 2431">
    <p class='ocr_par' dir='ltr' id='par_1_68' title="bbox 2038 2356 3623 2431">
     <span class='ocr_line' id='line_1_68' title="bbox 2038 2356 3623 2431; baseline 0.005 -19"><span class='ocrx_word' id='word_1_456' title='bbox 2038 2356 2174 2420; x_wconf 84' lang='lat' dir='ltr'><strong>abit,</strong></span> <span class='ocrx_word' id='word_1_457' title='bbox 2207 2357 2301 2411; x_wconf 83' lang='lat' dir='ltr'><strong>ubi</strong></span> <span class='ocrx_word' id='word_1_458' title='bbox 2334 2358 2631 2414; x_wconf 84' lang='lat' dir='ltr'><strong>Jonatham</strong></span> <span class='ocrx_word' id='word_1_459' title='bbox 2656 2373 2785 2414; x_wconf 86' lang='lat' dir='ltr'><strong>eum</strong></span> <span class='ocrx_word' id='word_1_460' title='bbox 2822 2361 3187 2431; x_wconf 80' lang='lat' dir='ltr'><strong>quadraginta</strong></span> <span class='ocrx_word' id='word_1_461' title='bbox 3228 2365 3623 2421; x_wconf 84' lang='lat' dir='ltr'><strong>bellicosorum</strong></span> 
     </span>
    </p>
   </div>
   <div class='ocr_carea' id='block_1_69' title="bbox 2039 2450 3619 2525">
    <p class='ocr_par' dir='ltr' id='par_1_69' title="bbox 2039 2450 3619 2525">
     <span class='ocr_line' id='line_1_69' title="bbox 2039 2450 3619 2525; baseline 0.008 -23"><span class='ocrx_word' id='word_1_462' title='bbox 2039 2450 2286 2504; x_wconf 82' lang='lat' dir='ltr'><strong>millibus</strong></span> <span class='ocrx_word' id='word_1_463' title='bbox 2340 2451 2560 2506; x_wconf 77' lang='lat' dir='ltr'><strong>obviam</strong></span> <span class='ocrx_word' id='word_1_464' title='bbox 2621 2467 2905 2524; x_wconf 78' lang='lat' dir='ltr'><strong>egressum</strong></span> <span class='ocrx_word' id='word_1_465' title='bbox 2959 2454 3155 2511; x_wconf 78' lang='lat' dir='ltr'><strong>fraude</strong></span> <span class='ocrx_word' id='word_1_466' title='bbox 3217 2458 3619 2525; x_wconf 77' lang='lat' dir='ltr'><strong>circumvenit,</strong></span> 
     </span>
    </p>
   </div>
   <div class='ocr_carea' id='block_1_70' title="bbox 2039 2544 3623 2617">
    <p class='ocr_par' dir='ltr' id='par_1_70' title="bbox 2039 2544 3623 2617">
     <span class='ocr_line' id='line_1_70' title="bbox 2039 2544 3623 2617; baseline 0.008 -21"><span class='ocrx_word' id='word_1_467' title='bbox 2039 2544 2368 2598; x_wconf 84' lang='lat' dir='ltr'><strong>muneribus</strong></span> <span class='ocrx_word' id='word_1_468' title='bbox 2415 2554 2473 2600; x_wconf 83' lang='lat' dir='ltr'><strong>et</strong></span> <span class='ocrx_word' id='word_1_469' title='bbox 2526 2544 2838 2601; x_wconf 87' lang='lat' dir='ltr'><strong>honoribus</strong></span> <span class='ocrx_word' id='word_1_470' title='bbox 2899 2548 3296 2617; x_wconf 85' lang='lat' dir='ltr'><strong>conciliatum,</strong></span> <span class='ocrx_word' id='word_1_471' title='bbox 3353 2559 3415 2605; x_wconf 91' lang='lat' dir='ltr'><strong>ut</strong></span> <span class='ocrx_word' id='word_1_472' title='bbox 3465 2554 3623 2608; x_wconf 82' lang='lat' dir='ltr'><strong>omni</strong></span> 
     </span>
    </p>
   </div>
   <div class='ocr_carea' id='block_1_71' title="bbox 2038 2637 3626 2712">
    <p class='ocr_par' dir='ltr' id='par_1_71' title="bbox 2038 2637 3626 2712">
     <span class='ocr_line' id='line_1_71' title="bbox 2038 2637 3626 2712; baseline 0.008 -22"><span class='ocrx_word' id='word_1_473' title='bbox 2038 2637 2358 2706; x_wconf 87' lang='lat' dir='ltr'><strong>suspicione</strong></span> <span class='ocrx_word' id='word_1_474' title='bbox 2395 2638 2676 2708; x_wconf 81' lang='lat' dir='ltr'><strong>adempta,</strong></span> <span class='ocrx_word' id='word_1_475' title='bbox 2705 2638 2988 2695; x_wconf 82' lang='lat' dir='ltr'><strong>incautum</strong></span> <span class='ocrx_word' id='word_1_476' title='bbox 3025 2643 3387 2712; x_wconf 86' lang='lat' dir='ltr'><strong>opprimeret.</strong></span> <span class='ocrx_word' id='word_1_477' title='bbox 3415 2643 3626 2702; x_wconf 75' lang='lat' dir='ltr'><strong>Suadct</strong></span> 
     </span>
    </p>
   </div>
   <div class='ocr_carea' id='block_1_72' title="bbox 2039 2728 3623 2804">
    <p class='ocr_par' dir='ltr' id='par_1_72' title="bbox 2039 2728 3623 2804">
     <span class='ocr_line' id='line_1_72' title="bbox 2039 2728 3623 2804; baseline 0.006 -21"><span class='ocrx_word' id='word_1_478' title='bbox 2039 2728 2211 2799; x_wconf 78' lang='lat' dir='ltr'><strong>igitur</strong></span> <span class='ocrx_word' id='word_1_479' title='bbox 2247 2738 2308 2783; x_wconf 90' lang='lat' dir='ltr'><strong>ut</strong></span> <span class='ocrx_word' id='word_1_480' title='bbox 2343 2730 2648 2784; x_wconf 78' lang='lat' dir='ltr'><strong>exercitum</strong></span> <span class='ocrx_word' id='word_1_481' title='bbox 2684 2730 2914 2785; x_wconf 83' lang='lat' dir='ltr'><strong>missum</strong></span> <span class='ocrx_word' id='word_1_482' title='bbox 2954 2731 3141 2787; x_wconf 79' lang='lat' dir='ltr'><strong>faciat.</strong></span> <span class='ocrx_word' id='word_1_483' title='bbox 3191 2734 3326 2789; x_wconf 83' lang='lat' dir='ltr'><strong>Nam</strong></span> <span class='ocrx_word' id='word_1_484' title='bbox 3375 2749 3435 2791; x_wconf 85' lang='lat' dir='ltr'><strong>se</strong></span> <span class='ocrx_word' id='word_1_485' title='bbox 3461 2736 3623 2804; x_wconf 77' lang='lat' dir='ltr'><strong>paulo</strong></span> 
     </span>
    </p>
   </div>
   <div class='ocr_carea' id='block_1_73' title="bbox 2039 2821 3623 2892">
    <p class='ocr_par' dir='ltr' id='par_1_73' title="bbox 2039 2821 3623 2892">
     <span class='ocr_line' id='line_1_73' title="bbox 2039 2821 3623 2892; baseline 0.004 -17"><span class='ocrx_word' id='word_1_486' title='bbox 2039 2831 2165 2892; x_wconf 87' lang='lat' dir='ltr'><strong>post</strong></span> <span class='ocrx_word' id='word_1_487' title='bbox 2193 2835 2319 2875; x_wconf 88' lang='lat' dir='ltr'><strong>eum</strong></span> <span class='ocrx_word' id='word_1_488' title='bbox 2357 2821 2478 2890; x_wconf 91' lang='lat' dir='ltr'><strong>ipso</strong></span> <span class='ocrx_word' id='word_1_489' title='bbox 2513 2821 2909 2878; x_wconf 79' lang='lat' dir='ltr'><strong>Ptolemaidem</strong></span> <span class='ocrx_word' id='word_1_490' title='bbox 2947 2824 3181 2891; x_wconf 86' lang='lat' dir='ltr'><strong>iturum,</strong></span> <span class='ocrx_word' id='word_1_491' title='bbox 3229 2826 3296 2881; x_wconf 86' lang='lat' dir='ltr'><strong>ad</strong></span> <span class='ocrx_word' id='word_1_492' title='bbox 3331 2828 3524 2883; x_wconf 84' lang='lat' dir='ltr'><strong>urbem</strong></span> <span class='ocrx_word' id='word_1_493' title='bbox 3564 2836 3623 2884; x_wconf 83' lang='lat' dir='ltr'><strong>et</strong></span> 
     </span>
    </p>
   </div>
   <div class='ocr_carea' id='block_1_74' title="bbox 2040 2911 3623 2985">
    <p class='ocr_par' dir='ltr' id='par_1_74' title="bbox 2040 2911 3623 2985">
     <span class='ocr_line' id='line_1_74' title="bbox 2040 2911 3623 2985; baseline 0.004 -17"><span class='ocrx_word' id='word_1_494' title='bbox 2040 2912 2227 2968; x_wconf 86' lang='lat' dir='ltr'><strong>omnia</strong></span> <span class='ocrx_word' id='word_1_495' title='bbox 2264 2911 2715 2982; x_wconf 74' lang='lat' dir='ltr'><strong>(-ireumjacentia</strong></span> <span class='ocrx_word' id='word_1_496' title='bbox 2736 2915 2961 2969; x_wconf 82' lang='lat' dir='ltr'><strong>castella</strong></span> <span class='ocrx_word' id='word_1_497' title='bbox 2986 2917 3329 2985; x_wconf 88' lang='lat' dir='ltr'><strong>accipienda.</strong></span> <span class='ocrx_word' id='word_1_498' title='bbox 3352 2918 3623 2975; x_wconf 77' lang='lat' dir='ltr'><strong>Jonathas</strong></span> 
     </span>
    </p>
   </div>
   <div class='ocr_carea' id='block_1_75' title="bbox 2043 3003 3620 3074">
    <p class='ocr_par' dir='ltr' id='par_1_75' title="bbox 2043 3003 3620 3074">
     <span class='ocr_line' id='line_1_75' title="bbox 2043 3003 3620 3074; baseline 0.004 -14"><span class='ocrx_word' id='word_1_499' title='bbox 2043 3004 2183 3060; x_wconf 83' lang='lat' dir='ltr'><strong>nihil</strong></span> <span class='ocrx_word' id='word_1_500' title='bbox 2257 3004 2386 3059; x_wconf 87' lang='lat' dir='ltr'><strong>mali</strong></span> <span class='ocrx_word' id='word_1_501' title='bbox 2446 3003 2795 3074; x_wconf 86' lang='lat' dir='ltr'><strong>suspicatus,</strong></span> <span class='ocrx_word' id='word_1_502' title='bbox 2855 3006 3165 3061; x_wconf 79' lang='lat' dir='ltr'><strong>exercitum</strong></span> <span class='ocrx_word' id='word_1_503' title='bbox 3219 3008 3497 3064; x_wconf 90' lang='lat' dir='ltr'><strong>dimittit:</strong></span> <span class='ocrx_word' id='word_1_504' title='bbox 3551 3024 3620 3067; x_wconf 80' lang='lat' dir='ltr'><strong>ac</strong></span> 
     </span>
    </p>
   </div>
   <div class='ocr_carea' id='block_1_76' title="bbox 2047 3098 3618 3172">
    <p class='ocr_par' dir='ltr' id='par_1_76' title="bbox 2047 3098 3618 3172">
     <span class='ocr_line' id='line_1_76' title="bbox 2047 3098 3618 3172; baseline 0.004 -18"><span class='ocrx_word' id='word_1_505' title='bbox 2047 3100 2195 3155; x_wconf 89' lang='lat' dir='ltr'><strong>mille</strong></span> <span class='ocrx_word' id='word_1_506' title='bbox 2212 3101 2482 3155; x_wconf 76' lang='lat' dir='ltr'><strong>duntaxat</strong></span> <span class='ocrx_word' id='word_1_507' title='bbox 2505 3098 2640 3154; x_wconf 80' lang='lat' dir='ltr'><strong>viris</strong></span> <span class='ocrx_word' id='word_1_508' title='bbox 2658 3099 2911 3165; x_wconf 86' lang='lat' dir='ltr'><strong>retentis,</strong></span> <span class='ocrx_word' id='word_1_509' title='bbox 2936 3101 3274 3158; x_wconf 84' lang='lat' dir='ltr'><strong>Ptolemaidc</strong></span> <span class='ocrx_word' id='word_1_510' title='bbox 3299 3108 3618 3172; x_wconf 83' lang='lat' dir='ltr'><strong>conclusus,</strong></span> 
     </span>
    </p>
   </div>
   <div class='ocr_carea' id='block_1_77' title="bbox 2044 3193 3621 3269">
    <p class='ocr_par' dir='ltr' id='par_1_77' title="bbox 2044 3193 3621 3269">
     <span class='ocr_line' id='line_1_77' title="bbox 2044 3193 3621 3269; baseline 0.003 -20"><span class='ocrx_word' id='word_1_511' title='bbox 2044 3195 2283 3264; x_wconf 87' lang='lat' dir='ltr'><strong>capitur,</strong></span> <span class='ocrx_word' id='word_1_512' title='bbox 2305 3194 2540 3249; x_wconf 84' lang='lat' dir='ltr'><strong>comites</strong></span> <span class='ocrx_word' id='word_1_513' title='bbox 2557 3195 2677 3267; x_wconf 83' lang='lat' dir='ltr'><strong>ejus</strong></span> <span class='ocrx_word' id='word_1_514' title='bbox 2693 3193 3047 3249; x_wconf 89' lang='lat' dir='ltr'><strong>occiduntur.</strong></span> <span class='ocrx_word' id='word_1_515' title='bbox 3078 3195 3206 3261; x_wconf 68' lang='lat' dir='ltr'><strong>Qua-</strong></span> <span class='ocrx_word' id='word_1_516' title='bbox 3227 3195 3621 3269; x_wconf 81' lang='lat' dir='ltr'><strong>Hierosolymis</strong></span> 
     </span>
    </p>
   </div>
   <div class='ocr_carea' id='block_1_78' title="bbox 2041 3288 3622 3362">
    <p class='ocr_par' dir='ltr' id='par_1_78' title="bbox 2041 3288 3622 3362">
     <span class='ocr_line' id='line_1_78' title="bbox 2041 3288 3622 3362; baseline 0.004 -20"><span class='ocrx_word' id='word_1_517' title='bbox 2041 3288 2297 3344; x_wconf 85' lang='lat' dir='ltr'><strong>nuntiata</strong></span> <span class='ocrx_word' id='word_1_518' title='bbox 2356 3290 2559 3359; x_wconf 72' lang='lat' dir='ltr'><strong>popu!o</strong></span> <span class='ocrx_word' id='word_1_519' title='bbox 2595 3298 2874 3344; x_wconf 88' lang='lat' dir='ltr'><strong>terrorem</strong></span> <span class='ocrx_word' id='word_1_520' title='bbox 2903 3289 3288 3356; x_wconf 67' lang='lat' dir='ltr'><strong>incusserunt,</strong></span> <span class='ocrx_word' id='word_1_521' title='bbox 3329 3291 3400 3346; x_wconf 93' lang='lat' dir='ltr'><strong>ob</strong></span> <span class='ocrx_word' id='word_1_522' title='bbox 3429 3302 3622 3362; x_wconf 81' lang='lat' dir='ltr'><strong>gentes</strong></span> 
     </span>
    </p>
   </div>
   <div class='ocr_carea' id='block_1_79' title="bbox 2042 3383 3623 3454">
    <p class='ocr_par' dir='ltr' id='par_1_79' title="bbox 2042 3383 3623 3454">
     <span class='ocr_line' id='line_1_79' title="bbox 2042 3383 3623 3454; baseline 0.001 -15"><span class='ocrx_word' id='word_1_523' title='bbox 2042 3383 2328 3451; x_wconf 86' lang='lat' dir='ltr'><strong>finitimas,</strong></span> <span class='ocrx_word' id='word_1_524' title='bbox 2376 3383 2612 3439; x_wconf 84' lang='lat' dir='ltr'><strong>Jonatha</strong></span> <span class='ocrx_word' id='word_1_525' title='bbox 2660 3394 2857 3454; x_wconf 84' lang='lat' dir='ltr'><strong>capto,</strong></span> <span class='ocrx_word' id='word_1_526' title='bbox 2901 3393 3094 3439; x_wconf 83' lang='lat' dir='ltr'><strong>contra</strong></span> <span class='ocrx_word' id='word_1_527' title='bbox 3146 3383 3367 3441; x_wconf 81' lang='lat' dir='ltr'><strong>Jndaeos</strong></span> <span class='ocrx_word' id='word_1_528' title='bbox 3416 3385 3623 3441; x_wconf 88' lang='lat' dir='ltr'><strong>tumul-</strong></span> 
     </span>
    </p>
   </div>
   <div class='ocr_carea' id='block_1_80' title="bbox 2045 3474 3617 3549">
    <p class='ocr_par' dir='ltr' id='par_1_80' title="bbox 2045 3474 3617 3549">
     <span class='ocr_line' id='line_1_80' title="bbox 2045 3474 3617 3549; baseline 0.001 -17"><span class='ocrx_word' id='word_1_529' title='bbox 2045 3486 2286 3532; x_wconf 86' lang='lat' dir='ltr'><strong>tuantes.</strong></span> <span class='ocrx_word' id='word_1_530' title='bbox 2348 3474 2457 3530; x_wconf 89' lang='lat' dir='ltr'><strong>Sed</strong></span> <span class='ocrx_word' id='word_1_531' title='bbox 2493 3474 2719 3540; x_wconf 88' lang='lat' dir='ltr'><strong>Simon,</strong></span> <span class='ocrx_word' id='word_1_532' title='bbox 2777 3476 3029 3531; x_wconf 88' lang='lat' dir='ltr'><strong>oratione</strong></span> <span class='ocrx_word' id='word_1_533' title='bbox 3080 3476 3301 3541; x_wconf 87' lang='lat' dir='ltr'><strong>habita,</strong></span> <span class='ocrx_word' id='word_1_534' title='bbox 3351 3478 3617 3549; x_wconf 91' lang='lat' dir='ltr'><strong>populum</strong></span> 
     </span>
    </p>
   </div>
   <div class='ocr_carea' id='block_1_81' title="bbox 2042 3567 3619 3639">
    <p class='ocr_par' dir='ltr' id='par_1_81' title="bbox 2042 3567 3619 3639">
     <span class='ocr_line' id='line_1_81' title="bbox 2042 3567 3619 3639; baseline 0.001 -13"><span class='ocrx_word' id='word_1_535' title='bbox 2042 3568 2334 3626; x_wconf 87' lang='lat' dir='ltr'><strong>confirmat</strong></span> <span class='ocrx_word' id='word_1_536' title='bbox 2363 3585 2377 3621; x_wconf 90' lang='lat'><strong>:</strong></span> <span class='ocrx_word' id='word_1_537' title='bbox 2414 3567 2483 3622; x_wconf 90' lang='lat' dir='ltr'><strong>ab</strong></span> <span class='ocrx_word' id='word_1_538' title='bbox 2509 3583 2686 3639; x_wconf 89' lang='lat' dir='ltr'><strong>eoque</strong></span> <span class='ocrx_word' id='word_1_539' title='bbox 2714 3568 2825 3622; x_wconf 82' lang='lat' dir='ltr'><strong>dux</strong></span> <span class='ocrx_word' id='word_1_540' title='bbox 2852 3570 3063 3624; x_wconf 81' lang='lat' dir='ltr'><strong>elei-tus</strong></span> <span class='ocrx_word' id='word_1_541' title='bbox 3087 3609 3101 3635; x_wconf 92' lang='lat'><strong>,</strong></span> <span class='ocrx_word' id='word_1_542' title='bbox 3138 3570 3350 3624; x_wconf 66' lang='lat' dir='ltr'><strong>militiae</strong></span> <span class='ocrx_word' id='word_1_543' title='bbox 3399 3570 3619 3628; x_wconf 82' lang='lat' dir='ltr'><strong>idoneis</strong></span> 
     </span>
    </p>
   </div>
   <div class='ocr_carea' id='block_1_82' title="bbox 2042 3660 3616 3734">
    <p class='ocr_par' dir='ltr' id='par_1_82' title="bbox 2042 3660 3616 3734">
     <span class='ocr_line' id='line_1_82' title="bbox 2042 3660 3616 3734; baseline 0.001 -17"><span class='ocrx_word' id='word_1_544' title='bbox 2042 3662 2381 3720; x_wconf 80' lang='lat' dir='ltr'><strong>convocatis.</strong></span> <span class='ocrx_word' id='word_1_545' title='bbox 2419 3660 2699 3716; x_wconf 83' lang='lat' dir='ltr'><strong>mcenibus</strong></span> <span class='ocrx_word' id='word_1_546' title='bbox 2747 3661 2932 3726; x_wconf 87' lang='lat' dir='ltr'><strong>urbis,</strong></span> <span class='ocrx_word' id='word_1_547' title='bbox 2989 3672 3045 3718; x_wconf 89' lang='lat' dir='ltr'><strong>et</strong></span> <span class='ocrx_word' id='word_1_548' title='bbox 3098 3662 3357 3717; x_wconf 90' lang='lat' dir='ltr'><strong>omnibus</strong></span> <span class='ocrx_word' id='word_1_549' title='bbox 3405 3678 3527 3734; x_wconf 83' lang='lat' dir='ltr'><strong>quae</strong></span> <span class='ocrx_word' id='word_1_550' title='bbox 3548 3664 3616 3718; x_wconf 84' lang='lat' dir='ltr'><strong>ad</strong></span> 
     </span>
    </p>
   </div>
   <div class='ocr_carea' id='block_1_83' title="bbox 2042 3754 3619 3825">
    <p class='ocr_par' dir='ltr' id='par_1_83' title="bbox 2042 3754 3619 3825">
     <span class='ocr_line' id='line_1_83' title="bbox 2042 3754 3619 3825; baseline 0.001 -16"><span class='ocrx_word' id='word_1_551' title='bbox 2042 3755 2393 3809; x_wconf 85' lang='lat' dir='ltr'><strong>securitatem</strong></span> <span class='ocrx_word' id='word_1_552' title='bbox 2429 3754 2806 3822; x_wconf 85' lang='lat' dir='ltr'><strong>pertinerent,</strong></span> <span class='ocrx_word' id='word_1_553' title='bbox 2861 3755 3091 3817; x_wconf 87' lang='lat' dir='ltr'><strong>curatis,</strong></span> <span class='ocrx_word' id='word_1_554' title='bbox 3139 3755 3420 3825; x_wconf 64' lang='lat' dir='ltr'><strong>Tryphoni</strong></span> <span class='ocrx_word' id='word_1_555' title='bbox 3452 3757 3619 3823; x_wconf 45' lang='lat' dir='ltr'><strong>Jona:</strong></span> 
     </span>
    </p>
   </div>
   <div class='ocr_carea' id='block_1_84' title="bbox 2046 3843 3618 3914">
    <p class='ocr_par' dir='ltr' id='par_1_84' title="bbox 2046 3843 3618 3914">
     <span class='ocr_line' id='line_1_84' title="bbox 2046 3843 3618 3914; baseline 0.003 -16"><span class='ocrx_word' id='word_1_556' title='bbox 2046 3845 2192 3899; x_wconf 86' lang='lat' dir='ltr'><strong>tham</strong></span> <span class='ocrx_word' id='word_1_557' title='bbox 2215 3846 2491 3914; x_wconf 83' lang='lat' dir='ltr'><strong>captivum</strong></span> <span class='ocrx_word' id='word_1_558' title='bbox 2521 3844 2576 3897; x_wconf 92' lang='lat' dir='ltr'><strong>in</strong></span> <span class='ocrx_word' id='word_1_559' title='bbox 2601 3843 2844 3898; x_wconf 72' lang='lat' dir='ltr'><strong>Judzeam</strong></span> <span class='ocrx_word' id='word_1_560' title='bbox 2878 3846 3193 3911; x_wconf 84' lang='lat' dir='ltr'><strong>adducenti,</strong></span> <span class='ocrx_word' id='word_1_561' title='bbox 3223 3860 3346 3899; x_wconf 88' lang='lat' dir='ltr'><strong>cum</strong></span> <span class='ocrx_word' id='word_1_562' title='bbox 3373 3849 3618 3904; x_wconf 82' lang='lat' dir='ltr'><strong>exercitu</strong></span> 
     </span>
    </p>
   </div>
   <div class='ocr_carea' id='block_1_85' title="bbox 2043 3935 3621 4006">
    <p class='ocr_par' dir='ltr' id='par_1_85' title="bbox 2043 3935 3621 4006">
     <span class='ocr_line' id='line_1_85' title="bbox 2043 3935 3621 4006; baseline 0.002 -14"><span class='ocrx_word' id='word_1_563' title='bbox 2043 3938 2287 3992; x_wconf 85' lang='lat' dir='ltr'><strong>occurrit</strong></span> <span class='ocrx_word' id='word_1_564' title='bbox 2317 3953 2330 3988; x_wconf 91' lang='lat'>:</span> <span class='ocrx_word' id='word_1_565' title='bbox 2366 3935 2550 4005; x_wconf 89' lang='lat' dir='ltr'><strong>eique,</strong></span> <span class='ocrx_word' id='word_1_566' title='bbox 2607 3944 2829 3989; x_wconf 88' lang='lat' dir='ltr'><strong>centum</strong></span> <span class='ocrx_word' id='word_1_567' title='bbox 2866 3936 3075 4006; x_wconf 82' lang='lat' dir='ltr'><strong>argenti</strong></span> <span class='ocrx_word' id='word_1_568' title='bbox 3129 3938 3330 3991; x_wconf 88' lang='lat' dir='ltr'><strong>talenta</strong></span> <span class='ocrx_word' id='word_1_569' title='bbox 3387 3947 3443 3992; x_wconf 90' lang='lat' dir='ltr'><strong>et</strong></span> <span class='ocrx_word' id='word_1_570' title='bbox 3478 3939 3621 3996; x_wconf 85' lang='lat' dir='ltr'><strong>duos</strong></span> 
     </span>
    </p>
   </div>
   <div class='ocr_carea' id='block_1_86' title="bbox 2042 4028 3619 4100">
    <p class='ocr_par' dir='ltr' id='par_1_86' title="bbox 2042 4028 3619 4100">
     <span class='ocr_line' id='line_1_86' title="bbox 2042 4028 3619 4100; baseline -0.001 -12"><span class='ocrx_word' id='word_1_571' title='bbox 2042 4031 2291 4095; x_wconf 63' lang='lat' dir='ltr'><strong>ngatha&#39;</strong></span> <span class='ocrx_word' id='word_1_572' title='bbox 2326 4030 2470 4086; x_wconf 85' lang='lat' dir='ltr'><strong>filios</strong></span> <span class='ocrx_word' id='word_1_573' title='bbox 2517 4029 2741 4084; x_wconf 86' lang='lat' dir='ltr'><strong>obsides</strong></span> <span class='ocrx_word' id='word_1_574' title='bbox 2779 4028 3101 4100; x_wconf 84' lang='lat' dir='ltr'><strong>postulanti,</strong></span> <span class='ocrx_word' id='word_1_575' title='bbox 3145 4029 3189 4084; x_wconf 90' lang='lat' dir='ltr'><strong>si</strong></span> <span class='ocrx_word' id='word_1_576' title='bbox 3217 4028 3440 4084; x_wconf 77' lang='lat' dir='ltr'><strong>fratrem</strong></span> <span class='ocrx_word' id='word_1_577' title='bbox 3480 4032 3619 4087; x_wconf 84' lang='lat' dir='ltr'><strong>solvi</strong></span> 
     </span>
    </p>
   </div>
   <div class='ocr_carea' id='block_1_87' title="bbox 2048 4120 3618 4192">
    <p class='ocr_par' dir='ltr' id='par_1_87' title="bbox 2048 4120 3618 4192">
     <span class='ocr_line' id='line_1_87' title="bbox 2048 4120 3618 4192; baseline -0.001 -15"><span class='ocrx_word' id='word_1_578' title='bbox 2048 4124 2208 4177; x_wconf 73' lang='lat' dir='ltr'><strong>vellet</strong></span> <span class='ocrx_word' id='word_1_579' title='bbox 2255 4140 2269 4176; x_wconf 90' lang='lat'><strong>:</strong></span> <span class='ocrx_word' id='word_1_580' title='bbox 2310 4122 2414 4177; x_wconf 90' lang='lat' dir='ltr'><strong>etsi</strong></span> <span class='ocrx_word' id='word_1_581' title='bbox 2468 4122 2709 4176; x_wconf 85' lang='lat' dir='ltr'><strong>hominis</strong></span> <span class='ocrx_word' id='word_1_582' title='bbox 2760 4120 3173 4191; x_wconf 84' lang='lat' dir='ltr'><strong>improbitatem</strong></span> <span class='ocrx_word' id='word_1_583' title='bbox 3237 4122 3618 4192; x_wconf 76' lang='lat' dir='ltr'><strong>intelligebat,</strong></span> 
     </span>
    </p>
   </div>
   <div class='ocr_carea' id='block_1_88' title="bbox 2049 4212 3622 4284">
    <p class='ocr_par' dir='ltr' id='par_1_88' title="bbox 2049 4212 3622 4284">
     <span class='ocr_line' id='line_1_88' title="bbox 2049 4212 3622 4284; baseline 0.001 -15"><span class='ocrx_word' id='word_1_584' title='bbox 2049 4225 2252 4282; x_wconf 88' lang='lat' dir='ltr'><strong>tamen,</strong></span> <span class='ocrx_word' id='word_1_585' title='bbox 2279 4231 2348 4269; x_wconf 92' lang='lat' dir='ltr'><strong>ne</strong></span> <span class='ocrx_word' id='word_1_586' title='bbox 2380 4214 2485 4269; x_wconf 87' lang='lat' dir='ltr'><strong>sibi</strong></span> <span class='ocrx_word' id='word_1_587' title='bbox 2520 4212 2707 4269; x_wconf 84' lang='lat' dir='ltr'><strong>fratris</strong></span> <span class='ocrx_word' id='word_1_588' title='bbox 2763 4214 2914 4268; x_wconf 86' lang='lat' dir='ltr'><strong>salus</strong></span> <span class='ocrx_word' id='word_1_589' title='bbox 2971 4214 3218 4284; x_wconf 73' lang='lat' dir='ltr'><strong>neglecta</strong></span> <span class='ocrx_word' id='word_1_590' title='bbox 3251 4214 3469 4268; x_wconf 88' lang='lat' dir='ltr'><strong>crimini</strong></span> <span class='ocrx_word' id='word_1_591' title='bbox 3519 4215 3622 4270; x_wconf 82' lang='lat' dir='ltr'><strong>da—</strong></span> 
     </span>
    </p>
   </div>
   <div class='ocr_carea' id='block_1_89' title="bbox 2047 4306 3623 4378">
    <p class='ocr_par' dir='ltr' id='par_1_89' title="bbox 2047 4306 3623 4378">
     <span class='ocr_line' id='line_1_89' title="bbox 2047 4306 3623 4378; baseline 0 -16"><span class='ocrx_word' id='word_1_592' title='bbox 2047 4320 2231 4370; x_wconf 85' lang='lat' dir='ltr'><strong>retur,</strong></span> <span class='ocrx_word' id='word_1_593' title='bbox 2299 4318 2357 4363; x_wconf 83' lang='lat' dir='ltr'><strong>et</strong></span> <span class='ocrx_word' id='word_1_594' title='bbox 2413 4308 2704 4378; x_wconf 88' lang='lat' dir='ltr'><strong>pecuniam</strong></span> <span class='ocrx_word' id='word_1_595' title='bbox 2775 4315 2831 4360; x_wconf 91' lang='lat' dir='ltr'><strong>ct</strong></span> <span class='ocrx_word' id='word_1_596' title='bbox 2900 4320 3105 4375; x_wconf 84' lang='lat' dir='ltr'><strong>pueros</strong></span> <span class='ocrx_word' id='word_1_597' title='bbox 3170 4307 3338 4361; x_wconf 88' lang='lat' dir='ltr'><strong>misit.</strong></span> <span class='ocrx_word' id='word_1_598' title='bbox 3409 4306 3623 4374; x_wconf 83' lang='lat' dir='ltr'><strong>Quibus</strong></span> 
     </span>
    </p>
   </div>
   <div class='ocr_carea' id='block_1_90' title="bbox 2046 4398 3620 4473">
    <p class='ocr_par' dir='ltr' id='par_1_90' title="bbox 2046 4398 3620 4473">
     <span class='ocr_line' id='line_1_90' title="bbox 2046 4398 3620 4473; baseline -0.002 -16"><span class='ocrx_word' id='word_1_599' title='bbox 2046 4402 2307 4473; x_wconf 81' lang='lat' dir='ltr'><strong>Tryphon</strong></span> <span class='ocrx_word' id='word_1_600' title='bbox 2364 4399 2637 4469; x_wconf 85' lang='lat' dir='ltr'><strong>acceptis,</strong></span> <span class='ocrx_word' id='word_1_601' title='bbox 2695 4398 2872 4469; x_wconf 85' lang='lat' dir='ltr'><strong>pactis</strong></span> <span class='ocrx_word' id='word_1_602' title='bbox 2928 4413 3037 4451; x_wconf 91' lang='lat' dir='ltr'><strong>non</strong></span> <span class='ocrx_word' id='word_1_603' title='bbox 3078 4398 3284 4452; x_wconf 87' lang='lat' dir='ltr'><strong>stetit:</strong></span> <span class='ocrx_word' id='word_1_604' title='bbox 3344 4398 3440 4453; x_wconf 82' lang='lat' dir='ltr'><strong>sed</strong></span> <span class='ocrx_word' id='word_1_605' title='bbox 3496 4416 3620 4455; x_wconf 86' lang='lat' dir='ltr'><strong>cum</strong></span> 
     </span>
    </p>
   </div>
   <div class='ocr_carea' id='block_1_91' title="bbox 2045 4490 3624 4564">
    <p class='ocr_par' dir='ltr' id='par_1_91' title="bbox 2045 4490 3624 4564">
     <span class='ocr_line' id='line_1_91' title="bbox 2045 4490 3624 4564; baseline -0.004 -12"><span class='ocrx_word' id='word_1_606' title='bbox 2045 4497 2291 4553; x_wconf 75' lang='lat' dir='ltr'><strong>exercitu</strong></span> <span class='ocrx_word' id='word_1_607' title='bbox 2327 4493 2700 4564; x_wconf 78' lang='lat' dir='ltr'><strong>Hierosolyma</strong></span> <span class='ocrx_word' id='word_1_608' title='bbox 2761 4490 3068 4555; x_wconf 87' lang='lat' dir='ltr'><strong>contendit,</strong></span> <span class='ocrx_word' id='word_1_609' title='bbox 3114 4492 3488 4562; x_wconf 86' lang='lat' dir='ltr'><strong>subsequente</strong></span> <span class='ocrx_word' id='word_1_610' title='bbox 3539 4491 3624 4548; x_wconf 83' lang='lat' dir='ltr'><strong>Si-</strong></span> 
     </span>
    </p>
   </div>
   <div class='ocr_carea' id='block_1_92' title="bbox 372 4580 1938 4660">
    <p class='ocr_par' dir='ltr' id='par_1_92' title="bbox 372 4580 1936 4660">
     <span class='ocr_line' id='line_1_92' title="bbox 372 4580 1936 4660; baseline 0.004 -27"><span class='ocrx_word' id='word_1_611' title='bbox 372 4580 534 4634; x_wconf 82' lang='grc' dir='ltr'>θέλων</span> <span class='ocrx_word' id='word_1_612' title='bbox 568 4581 827 4635; x_wconf 84' lang='grc' dir='ltr'>ὑπόνοιαν</span> <span class='ocrx_word' id='word_1_613' title='bbox 860 4582 1085 4650; x_wconf 78' lang='grc' dir='ltr'>ἐξελεῖν,</span> <span class='ocrx_word' id='word_1_614' title='bbox 1139 4582 1205 4637; x_wconf 77' lang='grc' dir='ltr'><strong>ἶν’</strong></span> <span class='ocrx_word' id='word_1_615' title='bbox 1264 4584 1429 4638; x_wconf 83' lang='grc' dir='ltr'>αὐτὸν</span> <span class='ocrx_word' id='word_1_616' title='bbox 1468 4584 1781 4653; x_wconf 59' lang='grc' dir='ltr'>ἀφύλακτον</span> <span class='ocrx_word' id='word_1_617' title='bbox 1837 4585 1936 4660; x_wconf 84' lang='grc' dir='ltr'><strong>λή-</strong></span> 
     </span>
    </p>
   </div>
   <div class='ocr_carea' id='block_1_93' title="bbox 2041 4580 3622 4660">
    <p class='ocr_par' dir='ltr' id='par_1_93' title="bbox 2050 4583 3622 4655">
     <span class='ocr_line' id='line_1_93' title="bbox 2050 4583 3622 4655; baseline -0.001 -13"><span class='ocrx_word' id='word_1_618' title='bbox 2050 4605 2232 4650; x_wconf 84' lang='lat' dir='ltr'><strong>mone,</strong></span> <span class='ocrx_word' id='word_1_619' title='bbox 2266 4595 2321 4642; x_wconf 89' lang='lat' dir='ltr'><strong>et</strong></span> <span class='ocrx_word' id='word_1_620' title='bbox 2350 4601 2416 4640; x_wconf 82' lang='lat' dir='ltr'><strong>ex</strong></span> <span class='ocrx_word' id='word_1_621' title='bbox 2445 4585 2678 4638; x_wconf 84' lang='lat' dir='ltr'><strong>adverso</strong></span> <span class='ocrx_word' id='word_1_622' title='bbox 2707 4594 2887 4638; x_wconf 87' lang='lat' dir='ltr'><strong>castra</strong></span> <span class='ocrx_word' id='word_1_623' title='bbox 2935 4583 3174 4638; x_wconf 86' lang='lat' dir='ltr'><strong>locante.</strong></span> <span class='ocrx_word' id='word_1_624' title='bbox 3225 4583 3426 4638; x_wconf 82' lang='lat' dir='ltr'><strong>Verum</strong></span> <span class='ocrx_word' id='word_1_625' title='bbox 3463 4585 3622 4655; x_wconf 82' lang='lat' dir='ltr'><strong>copia</strong></span> 
     </span>
    </p>
   </div>
   <div class='ocr_carea' id='block_1_94' title="bbox 371 4674 1941 4749">
    <p class='ocr_par' dir='ltr' id='par_1_94' title="bbox 371 4674 1941 4749">
     <span class='ocr_line' id='line_1_94' title="bbox 371 4674 1941 4749; baseline 0.004 -22"><span class='ocrx_word' id='word_1_626' title='bbox 371 4674 540 4744; x_wconf 77' lang='grc' dir='ltr'>ψοιτο.</span> <span class='ocrx_word' id='word_1_627' title='bbox 571 4674 683 4728; x_wconf 87' lang='lat' dir='ltr'><strong>Kal</strong></span> <span class='ocrx_word' id='word_1_628' title='bbox 718 4676 1072 4730; x_wconf 78' lang='grc' dir='ltr'>συνεϐούλευε</span> <span class='ocrx_word' id='word_1_629' title='bbox 1102 4677 1200 4748; x_wconf 81' lang='grc' dir='ltr'><strong>τὴν</strong></span> <span class='ocrx_word' id='word_1_630' title='bbox 1261 4677 1363 4748; x_wconf 79' lang='grc' dir='ltr'>μὲν</span> <span class='ocrx_word' id='word_1_631' title='bbox 1422 4679 1688 4749; x_wconf 87' lang='grc' dir='ltr'>στρατιὰν</span> <span class='ocrx_word' id='word_1_632' title='bbox 1729 4680 1941 4733; x_wconf 72' lang='grc' dir='ltr'>ἀπολῦο</span> 
     </span>
    </p>
   </div>
   <div class='ocr_carea' id='block_1_95' title="bbox 2046 4676 3621 4751">
    <p class='ocr_par' dir='ltr' id='par_1_95' title="bbox 2046 4676 3621 4751">
     <span class='ocr_line' id='line_1_95' title="bbox 2046 4676 3621 4751; baseline -0.004 -13"><span class='ocrx_word' id='word_1_633' title='bbox 2046 4684 2191 4738; x_wconf 73' lang='grc' dir='ltr'>ιιίνὶε</span> <span class='ocrx_word' id='word_1_634' title='bbox 2251 4681 2586 4751; x_wconf 82' lang='lat' dir='ltr'><strong>impeditus,</strong></span> <span class='ocrx_word' id='word_1_635' title='bbox 2656 4677 2711 4733; x_wconf 88' lang='lat' dir='ltr'><strong>in</strong></span> <span class='ocrx_word' id='word_1_636' title='bbox 2777 4677 2990 4749; x_wconf 86' lang='lat' dir='ltr'><strong>Syriam</strong></span> <span class='ocrx_word' id='word_1_637' title='bbox 3055 4693 3323 4732; x_wconf 81' lang='lat' dir='ltr'><strong>converso</strong></span> <span class='ocrx_word' id='word_1_638' title='bbox 3383 4676 3621 4742; x_wconf 84' lang='lat' dir='ltr'><strong>itinere,</strong></span> 
     </span>
    </p>
   </div>
   <div class='ocr_carea' id='block_1_96' title="bbox 373 4765 1938 4841">
    <p class='ocr_par' dir='ltr' id='par_1_96' title="bbox 373 4765 1938 4841">
     <span class='ocr_line' id='line_1_96' title="bbox 373 4765 1938 4841; baseline 0.004 -23"><span class='ocrx_word' id='word_1_639' title='bbox 373 4783 479 4829; x_wconf 84' lang='grc' dir='ltr'>σαι,</span> <span class='ocrx_word' id='word_1_640' title='bbox 516 4765 682 4829; x_wconf 81' lang='grc' dir='ltr'>αὐτὸς</span> <span class='ocrx_word' id='word_1_641' title='bbox 717 4768 773 4820; x_wconf 86' lang='grc' dir='ltr'><strong>δέ</strong></span> <span class='ocrx_word' id='word_1_642' title='bbox 823 4766 942 4837; x_wconf 85' lang='grc' dir='ltr'>μετ’</span> <span class='ocrx_word' id='word_1_643' title='bbox 982 4767 1164 4836; x_wconf 82' lang='grc' dir='ltr'>ὀλίγον</span> <span class='ocrx_word' id='word_1_644' title='bbox 1210 4769 1291 4831; x_wconf 85' lang='grc' dir='ltr'><strong>είς</strong></span> <span class='ocrx_word' id='word_1_645' title='bbox 1340 4770 1682 4841; x_wconf 73' lang='grc' dir='ltr'>Πτολεμαΐδα</span> <span class='ocrx_word' id='word_1_646' title='bbox 1714 4789 1938 4841; x_wconf 80' lang='grc' dir='ltr'>συναφι-</span> 
     </span>
    </p>
   </div>
   <div class='ocr_carea' id='block_1_97' title="bbox 2041 4765 3619 4841">
    <p class='ocr_par' dir='ltr' id='par_1_97' title="bbox 2041 4767 3619 4840">
     <span class='ocr_line' id='line_1_97' title="bbox 2041 4767 3619 4840; baseline -0.006 -10"><span class='ocrx_word' id='word_1_647' title='bbox 2041 4774 2333 4830; x_wconf 79' lang='lat' dir='ltr'><strong>Jonathain</strong></span> <span class='ocrx_word' id='word_1_648' title='bbox 2380 4767 2680 4825; x_wconf 84' lang='lat' dir='ltr'><strong>interfecit.</strong></span> <span class='ocrx_word' id='word_1_649' title='bbox 2736 4770 2928 4825; x_wconf 85' lang='lat' dir='ltr'><strong>Fratre</strong></span> <span class='ocrx_word' id='word_1_650' title='bbox 2975 4780 3104 4840; x_wconf 87' lang='lat' dir='ltr'><strong>post</strong></span> <span class='ocrx_word' id='word_1_651' title='bbox 3146 4771 3372 4824; x_wconf 87' lang='lat' dir='ltr'><strong>tertium</strong></span> <span class='ocrx_word' id='word_1_652' title='bbox 3414 4784 3619 4823; x_wconf 86' lang='lat' dir='ltr'><strong>annum</strong></span> 
     </span>
    </p>
   </div>
   <div class='ocr_carea' id='block_1_98' title="bbox 373 4858 1944 4933">
    <p class='ocr_par' dir='ltr' id='par_1_98' title="bbox 373 4858 1944 4933">
     <span class='ocr_line' id='line_1_98' title="bbox 373 4858 1944 4933; baseline 0.004 -21"><span class='ocrx_word' id='word_1_653' title='bbox 373 4858 562 4913; x_wconf 80' lang='grc' dir='ltr'>κέσθαι</span> <span class='ocrx_word' id='word_1_654' title='bbox 593 4858 765 4929; x_wconf 82' lang='grc' dir='ltr'>αὐτῷ,</span> <span class='ocrx_word' id='word_1_655' title='bbox 793 4863 894 4928; x_wconf 85' lang='grc' dir='ltr'>τὴν</span> <span class='ocrx_word' id='word_1_656' title='bbox 923 4861 1079 4914; x_wconf 87' lang='grc' dir='ltr'>πόλιν</span> <span class='ocrx_word' id='word_1_657' title='bbox 1109 4861 1603 4933; x_wconf 72' lang='grc' dir='ltr'>παραληψόμενος,</span> <span class='ocrx_word' id='word_1_658' title='bbox 1638 4865 1735 4918; x_wconf 78' lang='grc' dir='ltr'><strong>καὶ</strong></span> <span class='ocrx_word' id='word_1_659' title='bbox 1764 4866 1944 4919; x_wconf 86' lang='grc' dir='ltr'>πάντα</span> 
     </span>
    </p>
   </div>
   <div class='ocr_carea' id='block_1_99' title="bbox 371 4949 1946 5027">
    <p class='ocr_par' dir='ltr' id='par_1_99' title="bbox 371 4949 1946 5027">
     <span class='ocr_line' id='line_1_99' title="bbox 371 4949 1946 5027; baseline 0.002 -22"><span class='ocrx_word' id='word_1_660' title='bbox 371 4949 437 5005; x_wconf 73' lang='grc' dir='ltr'>τὰ</span> <span class='ocrx_word' id='word_1_661' title='bbox 466 4951 581 5005; x_wconf 75' lang='grc' dir='ltr'>ἐκεῖ</span> <span class='ocrx_word' id='word_1_662' title='bbox 611 4950 965 5022; x_wconf 82' lang='grc' dir='ltr'>ὀχυρώματα.</span> <span class='ocrx_word' id='word_1_663' title='bbox 998 4952 1107 5005; x_wconf 85' lang='lat' dir='ltr'><strong>Kal</strong></span> <span class='ocrx_word' id='word_1_664' title='bbox 1144 4951 1425 5023; x_wconf 73' lang='grc' dir='ltr'>Ἰωνάθης,</span> <span class='ocrx_word' id='word_1_665' title='bbox 1469 4954 1638 5023; x_wconf 77' lang='grc' dir='ltr'>μηδὲν</span> <span class='ocrx_word' id='word_1_666' title='bbox 1669 4954 1946 5027; x_wconf 80' lang='grc' dir='ltr'>ὑποτοπή-</span> 
     </span>
    </p>
   </div>
   <div class='ocr_carea' id='block_1_100' title="bbox 373 5040 1937 5116">
    <p class='ocr_par' dir='ltr' id='par_1_100' title="bbox 373 5040 1937 5116">
     <span class='ocr_line' id='line_1_100' title="bbox 373 5040 1937 5116; baseline 0.004 -21"><span class='ocrx_word' id='word_1_667' title='bbox 373 5057 490 5108; x_wconf 88' lang='grc' dir='ltr'>σας,</span> <span class='ocrx_word' id='word_1_668' title='bbox 513 5040 576 5096; x_wconf 81' lang='grc' dir='ltr'><strong>τδ</strong></span> <span class='ocrx_word' id='word_1_669' title='bbox 598 5043 920 5114; x_wconf 79' lang='grc' dir='ltr'>στράτευμα</span> <span class='ocrx_word' id='word_1_670' title='bbox 945 5041 1181 5115; x_wconf 76' lang='grc' dir='ltr'>ἔστρεψε</span> <span class='ocrx_word' id='word_1_671' title='bbox 1202 5059 1218 5075; x_wconf 80' lang='grc' dir='ltr'><strong>ο</strong></span> <span class='ocrx_word' id='word_1_672' title='bbox 1248 5043 1455 5114; x_wconf 85' lang='grc' dir='ltr'>χιλίους</span> <span class='ocrx_word' id='word_1_673' title='bbox 1484 5043 1529 5097; x_wconf 85' lang='grc' dir='ltr'>δ’</span> <span class='ocrx_word' id='word_1_674' title='bbox 1564 5044 1706 5116; x_wconf 82' lang='grc' dir='ltr'>ἔχων</span> <span class='ocrx_word' id='word_1_675' title='bbox 1740 5046 1937 5116; x_wconf 83' lang='grc' dir='ltr'>μόνους</span> 
     </span>
    </p>
   </div>
   <div class='ocr_carea' id='block_1_101' title="bbox 372 5134 1940 5206">
    <p class='ocr_par' dir='ltr' id='par_1_101' title="bbox 372 5134 1940 5206">
     <span class='ocr_line' id='line_1_101' title="bbox 372 5134 1940 5206; baseline 0.003 -20"><span class='ocrx_word' id='word_1_676' title='bbox 372 5134 552 5206; x_wconf 76' lang='grc' dir='ltr'>ἀπῄει.</span> <span class='ocrx_word' id='word_1_677' title='bbox 606 5135 701 5197; x_wconf 77' lang='grc' dir='ltr'><strong>Εἰς</strong></span> <span class='ocrx_word' id='word_1_678' title='bbox 751 5135 808 5189; x_wconf 86' lang='grc' dir='ltr'>δὲ</span> <span class='ocrx_word' id='word_1_679' title='bbox 854 5136 1201 5205; x_wconf 74' lang='grc' dir='ltr'>Πτολεμαΐδα</span> <span class='ocrx_word' id='word_1_680' title='bbox 1261 5137 1711 5204; x_wconf 76' lang='grc' dir='ltr'>κατακλεισθεὶς,</span> <span class='ocrx_word' id='word_1_681' title='bbox 1776 5140 1940 5203; x_wconf 76' lang='grc' dir='ltr'>αὐτὸς</span> 
     </span>
    </p>
   </div>
   <div class='ocr_carea' id='block_1_102' title="bbox 375 5226 1942 5304">
    <p class='ocr_par' dir='ltr' id='par_1_102' title="bbox 375 5226 1942 5304">
     <span class='ocr_line' id='line_1_102' title="bbox 375 5226 1942 5304; baseline 0.004 -25"><span class='ocrx_word' id='word_1_682' title='bbox 375 5226 469 5295; x_wconf 76' lang='grc' dir='ltr'>μὲν</span> <span class='ocrx_word' id='word_1_683' title='bbox 502 5228 819 5297; x_wconf 79' lang='grc' dir='ltr'>ζωγρεῖται,</span> <span class='ocrx_word' id='word_1_684' title='bbox 842 5229 893 5282; x_wconf 76' lang='grc' dir='ltr'>οἱ</span> <span class='ocrx_word' id='word_1_685' title='bbox 915 5229 971 5284; x_wconf 82' lang='grc' dir='ltr'>δὲ</span> <span class='ocrx_word' id='word_1_686' title='bbox 1000 5233 1100 5283; x_wconf 74' lang='grc' dir='ltr'><strong>σὺν</strong></span> <span class='ocrx_word' id='word_1_687' title='bbox 1129 5228 1280 5301; x_wconf 71' lang='grc' dir='ltr'>αὐτῷ</span> <span class='ocrx_word' id='word_1_688' title='bbox 1299 5228 1729 5300; x_wconf 78' lang='grc' dir='ltr'>διαφθείρονται.</span> <span class='ocrx_word' id='word_1_689' title='bbox 1766 5229 1942 5304; x_wconf 81' lang='grc' dir='ltr'>Ἀπερ</span> 
     </span>
    </p>
   </div>
   <div class='ocr_carea' id='block_1_103' title="bbox 373 5318 1942 5392">
    <p class='ocr_par' dir='ltr' id='par_1_103' title="bbox 373 5318 1942 5392">
     <span class='ocr_line' id='line_1_103' title="bbox 373 5318 1942 5392; baseline 0.006 -23"><span class='ocrx_word' id='word_1_690' title='bbox 373 5318 419 5370; x_wconf 78' lang='lat' dir='ltr'><strong>oi</strong></span> <span class='ocrx_word' id='word_1_691' title='bbox 442 5319 499 5372; x_wconf 75' lang='grc' dir='ltr'><strong>ἐν</strong></span> <span class='ocrx_word' id='word_1_692' title='bbox 536 5320 944 5392; x_wconf 84' lang='grc' dir='ltr'>Ἰεροσολύμοις</span> <span class='ocrx_word' id='word_1_693' title='bbox 979 5320 1273 5390; x_wconf 86' lang='grc' dir='ltr'>μαθόντες,</span> <span class='ocrx_word' id='word_1_694' title='bbox 1305 5324 1386 5384; x_wconf 86' lang='grc' dir='ltr'><strong>είς</strong></span> <span class='ocrx_word' id='word_1_695' title='bbox 1407 5321 1531 5385; x_wconf 83' lang='grc' dir='ltr'>δέος</span> <span class='ocrx_word' id='word_1_696' title='bbox 1559 5322 1822 5376; x_wconf 82' lang='grc' dir='ltr'>ἐνέπεσον</span> <span class='ocrx_word' id='word_1_697' title='bbox 1850 5323 1942 5378; x_wconf 82' lang='grc' dir='ltr'><strong>διὰ</strong></span> 
     </span>
    </p>
   </div>
   <div class='ocr_carea' id='block_1_104' title="bbox 371 5411 1942 5487">
    <p class='ocr_par' dir='ltr' id='par_1_104' title="bbox 371 5411 1942 5487">
     <span class='ocr_line' id='line_1_104' title="bbox 371 5411 1942 5487; baseline 0.004 -25"><span class='ocrx_word' id='word_1_698' title='bbox 371 5411 438 5462; x_wconf 80' lang='grc' dir='ltr'>τὰ</span> <span class='ocrx_word' id='word_1_699' title='bbox 470 5412 633 5484; x_wconf 81' lang='grc' dir='ltr'>πέριξ</span> <span class='ocrx_word' id='word_1_700' title='bbox 689 5413 845 5487; x_wconf 75' lang='grc' dir='ltr'>ἔθνη,</span> <span class='ocrx_word' id='word_1_701' title='bbox 888 5414 924 5469; x_wconf 80' lang='grc' dir='ltr'><strong>ἀ</strong></span> <span class='ocrx_word' id='word_1_702' title='bbox 955 5416 1149 5483; x_wconf 90' lang='grc' dir='ltr'>γνόντα</span> <span class='ocrx_word' id='word_1_703' title='bbox 1202 5417 1301 5486; x_wconf 81' lang='grc' dir='ltr'><strong>τὴν</strong></span> <span class='ocrx_word' id='word_1_704' title='bbox 1333 5413 1615 5469; x_wconf 84' lang='grc' dir='ltr'>Ἰωνάθου</span> <span class='ocrx_word' id='word_1_705' title='bbox 1676 5414 1942 5485; x_wconf 78' lang='grc' dir='ltr'>σύλληψιν</span> 
     </span>
    </p>
   </div>
   <div class='ocr_carea' id='block_1_105' title="bbox 376 5506 1943 5581">
    <p class='ocr_par' dir='ltr' id='par_1_105' title="bbox 376 5506 1943 5581">
     <span class='ocr_line' id='line_1_105' title="bbox 376 5506 1943 5581; baseline 0.004 -24"><span class='ocrx_word' id='word_1_706' title='bbox 376 5506 512 5560; x_wconf 86' lang='grc' dir='ltr'><strong>κατά</strong></span> <span class='ocrx_word' id='word_1_707' title='bbox 542 5508 653 5561; x_wconf 83' lang='grc' dir='ltr'><strong>τῶν</strong></span> <span class='ocrx_word' id='word_1_708' title='bbox 682 5509 952 5563; x_wconf 87' lang='grc' dir='ltr'>Ἰουδαίων</span> <span class='ocrx_word' id='word_1_709' title='bbox 986 5510 1260 5580; x_wconf 81' lang='grc' dir='ltr'>κεκίνητο.</span> <span class='ocrx_word' id='word_1_710' title='bbox 1302 5509 1487 5580; x_wconf 85' lang='grc' dir='ltr'>Σίμων</span> <span class='ocrx_word' id='word_1_711' title='bbox 1517 5509 1574 5562; x_wconf 72' lang='grc' dir='ltr'>δὲ</span> <span class='ocrx_word' id='word_1_712' title='bbox 1623 5508 1702 5580; x_wconf 80' lang='grc' dir='ltr'>τῷ</span> <span class='ocrx_word' id='word_1_713' title='bbox 1740 5508 1943 5581; x_wconf 76' lang='grc' dir='ltr'>πλήθει</span> 
     </span>
    </p>
   </div>
   <div class='ocr_carea' id='block_1_106' title="bbox 2044 4856 3622 4937">
    <p class='ocr_par' dir='ltr' id='par_1_106' title="bbox 2044 4856 3622 4937">
     <span class='ocr_line' id='line_1_106' title="bbox 2044 4856 3622 4937; baseline -0.005 -17"><span class='ocrx_word' id='word_1_714' title='bbox 2044 4864 2400 4937; x_wconf 86' lang='lat' dir='ltr'><strong>pontificatus</strong></span> <span class='ocrx_word' id='word_1_715' title='bbox 2427 4872 2668 4925; x_wconf 90' lang='lat' dir='ltr'><strong>mortuo,</strong></span> <span class='ocrx_word' id='word_1_716' title='bbox 2700 4860 2889 4917; x_wconf 84' lang='lat' dir='ltr'><strong>Simon</strong></span> <span class='ocrx_word' id='word_1_717' title='bbox 2938 4860 3125 4932; x_wconf 83' lang='lat' dir='ltr'><strong>pupuli</strong></span> <span class='ocrx_word' id='word_1_718' title='bbox 3171 4861 3449 4932; x_wconf 77' lang='lat' dir='ltr'><strong>suffragiis</strong></span> <span class='ocrx_word' id='word_1_719' title='bbox 3485 4856 3622 4929; x_wconf 83' lang='lat' dir='ltr'><strong>pon-</strong></span> 
     </span>
    </p>
   </div>
   <div class='ocr_carea' id='block_1_107' title="bbox 2046 4952 3621 5023">
    <p class='ocr_par' dir='ltr' id='par_1_107' title="bbox 2046 4952 3621 5023">
     <span class='ocr_line' id='line_1_107' title="bbox 2046 4952 3621 5023; baseline -0.003 -12"><span class='ocrx_word' id='word_1_720' title='bbox 2046 4959 2182 5012; x_wconf 78' lang='lat' dir='ltr'><strong>tifex</strong></span> <span class='ocrx_word' id='word_1_721' title='bbox 2225 4955 2577 5019; x_wconf 87' lang='lat' dir='ltr'><strong>declaratus,</strong></span> <span class='ocrx_word' id='word_1_722' title='bbox 2634 4953 3030 5009; x_wconf 87' lang='lat' dir='ltr'><strong>Macedonibus</strong></span> <span class='ocrx_word' id='word_1_723' title='bbox 3098 4953 3302 5009; x_wconf 89' lang='lat' dir='ltr'><strong>tributa</strong></span> <span class='ocrx_word' id='word_1_724' title='bbox 3340 4952 3621 5023; x_wconf 83' lang='lat' dir='ltr'><strong>pensitare</strong></span> 
     </span>
    </p>
   </div>
   <div class='ocr_carea' id='block_1_108' title="bbox 2047 5044 3620 5120">
    <p class='ocr_par' dir='ltr' id='par_1_108' title="bbox 2047 5044 3620 5120">
     <span class='ocr_line' id='line_1_108' title="bbox 2047 5044 3620 5120; baseline -0.004 -16"><span class='ocrx_word' id='word_1_725' title='bbox 2047 5048 2281 5104; x_wconf 78' lang='lat' dir='ltr'><strong>destitit.</strong></span> <span class='ocrx_word' id='word_1_726' title='bbox 2340 5045 2419 5101; x_wconf 85' lang='lat' dir='ltr'><strong>Ac</strong></span> <span class='ocrx_word' id='word_1_727' title='bbox 2478 5046 2708 5102; x_wconf 87' lang='lat' dir='ltr'><strong>Judaica</strong></span> <span class='ocrx_word' id='word_1_728' title='bbox 2765 5062 2901 5120; x_wconf 71' lang='lat' dir='ltr'><strong>gens</strong></span> <span class='ocrx_word' id='word_1_729' title='bbox 2961 5048 3065 5102; x_wconf 90' lang='lat' dir='ltr'><strong>sub</strong></span> <span class='ocrx_word' id='word_1_730' title='bbox 3128 5049 3248 5119; x_wconf 80' lang='lat' dir='ltr'><strong>ejus</strong></span> <span class='ocrx_word' id='word_1_731' title='bbox 3307 5044 3620 5117; x_wconf 79' lang='lat' dir='ltr'><strong>principatu</strong></span> 
     </span>
    </p>
   </div>
   <div class='ocr_carea' id='block_1_109' title="bbox 2050 5135 3619 5212">
    <p class='ocr_par' dir='ltr' id='par_1_109' title="bbox 2050 5135 3619 5212">
     <span class='ocr_line' id='line_1_109' title="bbox 2050 5135 3619 5212; baseline -0.004 -17"><span class='ocrx_word' id='word_1_732' title='bbox 2050 5155 2316 5212; x_wconf 89' lang='lat' dir='ltr'><strong>perquam</strong></span> <span class='ocrx_word' id='word_1_733' title='bbox 2345 5139 2623 5194; x_wconf 88' lang='lat' dir='ltr'><strong>fortunata</strong></span> <span class='ocrx_word' id='word_1_734' title='bbox 2656 5139 2782 5207; x_wconf 87' lang='lat' dir='ltr'><strong>fuit,</strong></span> <span class='ocrx_word' id='word_1_735' title='bbox 2814 5149 2872 5196; x_wconf 87' lang='lat' dir='ltr'><strong>et</strong></span> <span class='ocrx_word' id='word_1_736' title='bbox 2896 5138 3144 5194; x_wconf 85' lang='lat' dir='ltr'><strong>finitimis</strong></span> <span class='ocrx_word' id='word_1_737' title='bbox 3177 5138 3394 5208; x_wconf 85' lang='lat' dir='ltr'><strong>populis</strong></span> <span class='ocrx_word' id='word_1_738' title='bbox 3437 5135 3619 5189; x_wconf 84' lang='lat' dir='ltr'><strong>domi-</strong></span> 
     </span>
    </p>
   </div>
   <div class='ocr_carea' id='block_1_110' title="bbox 2051 5225 3618 5299">
    <p class='ocr_par' dir='ltr' id='par_1_110' title="bbox 2051 5225 3618 5299">
     <span class='ocr_line' id='line_1_110' title="bbox 2051 5225 3618 5299; baseline -0.004 -12"><span class='ocrx_word' id='word_1_739' title='bbox 2051 5242 2204 5299; x_wconf 89' lang='lat' dir='ltr'><strong>nata,</strong></span> <span class='ocrx_word' id='word_1_740' title='bbox 2238 5231 2440 5288; x_wconf 87' lang='lat' dir='ltr'><strong>multas</strong></span> <span class='ocrx_word' id='word_1_741' title='bbox 2471 5230 2637 5287; x_wconf 88' lang='lat' dir='ltr'><strong>urbes</strong></span> <span class='ocrx_word' id='word_1_742' title='bbox 2658 5233 2879 5296; x_wconf 78' lang='lat' dir='ltr'><strong>evertit,</strong></span> <span class='ocrx_word' id='word_1_743' title='bbox 2911 5247 2980 5286; x_wconf 89' lang='lat' dir='ltr'><strong>ne</strong></span> <span class='ocrx_word' id='word_1_744' title='bbox 3005 5231 3244 5286; x_wconf 90' lang='lat' dir='ltr'><strong>hostium</strong></span> <span class='ocrx_word' id='word_1_745' title='bbox 3271 5225 3618 5299; x_wconf 86' lang='lat' dir='ltr'><strong>receptacula</strong></span> 
     </span>
    </p>
   </div>
   <div class='ocr_carea' id='block_1_111' title="bbox 2045 5316 3620 5391">
    <p class='ocr_par' dir='ltr' id='par_1_111' title="bbox 2045 5316 3620 5391">
     <span class='ocr_line' id='line_1_111' title="bbox 2045 5316 3620 5391; baseline -0.005 -11"><span class='ocrx_word' id='word_1_746' title='bbox 2045 5335 2270 5381; x_wconf 81' lang='lat' dir='ltr'><strong>essent:</strong></span> <span class='ocrx_word' id='word_1_747' title='bbox 2319 5335 2563 5378; x_wconf 89' lang='lat' dir='ltr'><strong>montem</strong></span> <span class='ocrx_word' id='word_1_748' title='bbox 2608 5323 2961 5387; x_wconf 86' lang='lat' dir='ltr'><strong>altissimum,</strong></span> <span class='ocrx_word' id='word_1_749' title='bbox 2997 5323 3051 5377; x_wconf 92' lang='lat' dir='ltr'><strong>in</strong></span> <span class='ocrx_word' id='word_1_750' title='bbox 3083 5335 3192 5391; x_wconf 92' lang='lat' dir='ltr'><strong>quo</strong></span> <span class='ocrx_word' id='word_1_751' title='bbox 3220 5336 3317 5375; x_wconf 73' lang='lat' dir='ltr'><strong>arx</strong></span> <span class='ocrx_word' id='word_1_752' title='bbox 3354 5316 3620 5374; x_wconf 78' lang='lat' dir='ltr'><strong>aedificata</strong></span> 
     </span>
    </p>
   </div>
   <div class='ocr_carea' id='block_1_112' title="bbox 2044 5407 3621 5484">
    <p class='ocr_par' dir='ltr' id='par_1_112' title="bbox 2044 5407 3621 5484">
     <span class='ocr_line' id='line_1_112' title="bbox 2044 5407 3621 5484; baseline -0.004 -15"><span class='ocrx_word' id='word_1_753' title='bbox 2044 5417 2246 5477; x_wconf 83' lang='lat' dir='ltr'><strong>fuerat.</strong></span> <span class='ocrx_word' id='word_1_754' title='bbox 2305 5415 2615 5471; x_wconf 86' lang='lat' dir='ltr'><strong>continenti</strong></span> <span class='ocrx_word' id='word_1_755' title='bbox 2678 5414 2899 5470; x_wconf 90' lang='lat' dir='ltr'><strong>triennii</strong></span> <span class='ocrx_word' id='word_1_756' title='bbox 2959 5413 3150 5468; x_wconf 87' lang='lat' dir='ltr'><strong>labore</strong></span> <span class='ocrx_word' id='word_1_757' title='bbox 3192 5411 3356 5484; x_wconf 74' lang='grc'><strong>215</strong></span> <span class='ocrx_word' id='word_1_758' title='bbox 3382 5410 3439 5468; x_wconf 86' lang='lat' dir='ltr'><strong>in</strong></span> <span class='ocrx_word' id='word_1_759' title='bbox 3469 5407 3621 5481; x_wconf 87' lang='lat' dir='ltr'><strong>plani</strong></span> 
     </span>
    </p>
   </div>
   <div class='ocr_carea' id='block_1_113' title="bbox 2048 5504 3155 5577">
    <p class='ocr_par' dir='ltr' id='par_1_113' title="bbox 2048 5504 3155 5577">
     <span class='ocr_line' id='line_1_113' title="bbox 2048 5504 3155 5577; baseline -0.003 -14"><span class='ocrx_word' id='word_1_760' title='bbox 2048 5509 2178 5563; x_wconf 89' lang='lat' dir='ltr'><strong>tiem</strong></span> <span class='ocrx_word' id='word_1_761' title='bbox 2210 5508 2441 5577; x_wconf 70' lang='lat' dir='ltr'><strong>redegit,</strong></span> <span class='ocrx_word' id='word_1_762' title='bbox 2480 5515 2540 5561; x_wconf 90' lang='lat' dir='ltr'><strong>ut</strong></span> <span class='ocrx_word' id='word_1_763' title='bbox 2574 5508 2836 5577; x_wconf 88' lang='lat' dir='ltr'><strong>templum</strong></span> <span class='ocrx_word' id='word_1_764' title='bbox 2866 5504 3155 5561; x_wconf 89' lang='lat' dir='ltr'><strong>emineret.</strong></span> 
     </span>
    </p>
   </div>
   <div class='ocr_carea' id='block_1_114' title="bbox 373 5595 3618 5676">
    <p class='ocr_par' dir='ltr' id='par_1_114' title="bbox 373 5595 3618 5676">
     <span class='ocr_line' id='line_1_114' title="bbox 373 5595 3618 5676; baseline 0.001 -27"><span class='ocrx_word' id='word_1_765' title='bbox 373 5597 684 5671; x_wconf 81' lang='grc' dir='ltr'>ὡμιληκὼς,</span> <span class='ocrx_word' id='word_1_766' title='bbox 748 5601 845 5654; x_wconf 69' lang='grc' dir='ltr'>καὶ</span> <span class='ocrx_word' id='word_1_767' title='bbox 897 5601 1324 5676; x_wconf 76' lang='grc' dir='ltr'>παραθαρρύνας</span> <span class='ocrx_word' id='word_1_768' title='bbox 1379 5601 1536 5669; x_wconf 67' lang='grc' dir='ltr'>αὐτὸ,</span> <span class='ocrx_word' id='word_1_769' title='bbox 1593 5600 1820 5674; x_wconf 76' lang='grc' dir='ltr'>ἡγεμὼν</span> <span class='ocrx_word' id='word_1_770' title='bbox 1874 5601 1966 5655; x_wconf 84' lang='grc' dir='ltr'>ὑπ’</span> <span class='ocrx_word' id='word_1_771' title='bbox 2007 5600 2174 5655; x_wconf 79' lang='grc' dir='ltr'>αὐτοῦ</span> <span class='ocrx_word' id='word_1_772' title='bbox 2220 5600 2486 5671; x_wconf 85' lang='grc' dir='ltr'>αἱρεῖται,</span> <span class='ocrx_word' id='word_1_773' title='bbox 2549 5603 2646 5654; x_wconf 81' lang='grc' dir='ltr'>καὶ</span> <span class='ocrx_word' id='word_1_774' title='bbox 2705 5597 3066 5671; x_wconf 83' lang='grc' dir='ltr'>συναθροίσας</span> <span class='ocrx_word' id='word_1_775' title='bbox 3137 5599 3200 5654; x_wconf 80' lang='grc' dir='ltr'>τὸ</span> <span class='ocrx_word' id='word_1_776' title='bbox 3252 5601 3494 5674; x_wconf 83' lang='grc' dir='ltr'>μάχιμον</span> <span class='ocrx_word' id='word_1_777' title='bbox 3522 5595 3618 5653; x_wconf 76' lang='grc' dir='ltr'>τοῦ</span> 
     </span>
    </p>
   </div>
   <div class='ocr_carea' id='block_1_115' title="bbox 1559 5741 2423 5805">
    <p class='ocr_par' dir='ltr' id='par_1_115' title="bbox 1559 5741 2423 5805">
     <span class='ocr_line' id='line_1_115' title="bbox 1559 5741 2423 5805; baseline -0.003 0"><span class='ocrx_word' id='word_1_778' title='bbox 1559 5741 1754 5805; x_wconf 60' lang='grc' dir='ltr'><strong>ναίω</strong></span> <span class='ocrx_word' id='word_1_779' title='bbox 1790 5741 2096 5805; x_wconf 86' lang='lat' dir='ltr'><strong>lectiones</strong></span> <span class='ocrx_word' id='word_1_780' title='bbox 2131 5749 2195 5804; x_wconf 85' lang='lat' dir='ltr'><strong>et</strong></span> <span class='ocrx_word' id='word_1_781' title='bbox 2231 5750 2423 5805; x_wconf 71' lang='lat' dir='ltr'><strong>notis.</strong></span> 
     </span>
    </p>
   </div>
   <div class='ocr_carea' id='block_1_116' title="bbox 440 5835 1938 5949">
    <p class='ocr_par' dir='ltr' id='par_1_116' title="bbox 440 5835 1936 5938">
     <span class='ocr_line' id='line_1_116' title="bbox 440 5835 1936 5938; baseline -0.002 -16"><span class='ocrx_word' id='word_1_782' title='bbox 440 5835 694 5938; x_wconf 61' lang='grc' dir='ltr'>(ὂὸγίίαί</span> <span class='ocrx_word' id='word_1_783' title='bbox 745 5864 814 5932; x_wconf 81' lang='grc' dir='ltr'>ὃς</span> <span class='ocrx_word' id='word_1_784' title='bbox 847 5861 959 5937; x_wconf 78' lang='grc' dir='ltr'><strong>ἧκε</strong></span> <span class='ocrx_word' id='word_1_785' title='bbox 992 5866 1115 5922; x_wconf 77' lang='grc' dir='ltr'><strong>σὺν</strong></span> <span class='ocrx_word' id='word_1_786' title='bbox 1140 5865 1392 5938; x_wconf 76' lang='grc' dir='ltr'>δυνάμει</span> <span class='ocrx_word' id='word_1_787' title='bbox 1439 5866 1591 5936; x_wconf 75' lang='grc' dir='ltr'>πρὸς</span> <span class='ocrx_word' id='word_1_788' title='bbox 1625 5863 1936 5936; x_wconf 74' lang='grc' dir='ltr'>Ἰωνάθην.</span> 
     </span>
    </p>
   </div>
   <div class='ocr_carea' id='block_1_117' title="bbox 2041 5835 2684 5949">
    <p class='ocr_par' dir='ltr' id='par_1_117' title="bbox 2041 5859 2684 5949">
     <span class='ocr_line' id='line_1_117' title="bbox 2041 5859 2684 5949; baseline 0 -30"><span class='ocrx_word' id='word_1_789' title='bbox 2041 5875 2087 5919; x_wconf 84' lang='grc'><strong>’0</strong></span> <span class='ocrx_word' id='word_1_790' title='bbox 2106 5862 2258 5949; x_wconf 68' lang='grc' dir='ltr'><strong>κατὰ⁶</strong></span> <span class='ocrx_word' id='word_1_791' title='bbox 2273 5859 2550 5947; x_wconf 60' lang='grc' dir='ltr'>Ἰωνάθου.</span> <span class='ocrx_word' id='word_1_792' title='bbox 2591 5860 2684 5919; x_wconf 80' lang='lat' dir='ltr'><strong>W.</strong></span> 
     </span>
    </p>
   </div>
  </div>
