3980 6246
302 369 408 434 389
429 343 432 346 ’

1573 353 1978 438 ANNALIUM
2019 377 2167 440 LIB.
2211 365 2321 442 IV.’

3487 380 3611 461 390*

300 489 644 563 πολιορκίας,
673 487 950 541 ἐνίσταται
982 490 1042 541 τὸ
1071 487 1304 560 ἕϐδομον
1335 489 1475 558 ἔτος,
1519 492 1650 546 καθ’
1693 493 1720 546 ὃ
1755 493 1879 547 εἴθι-

1997 509 2156 564 agros
2207 485 2530 565 populatus,
2567 499 2879 570 Hyrcanum
2941 504 3181 571 obsidet,
3237 527 3301 566 ex
3346 517 3594 573 turribus

301 602 423 638 σται
458 586 573 646 τοῖς
617 583 902 647 Ἰουδαίοις
951 585 1166 654 ἀργεῖν.
1203 585 1314 636 Καὶ
1341 585 1430 638 διὰ
1473 587 1635 640 τοῦτο
1688 588 1892 640 Πτολε-

301 680 460 747 μαῖος
496 676 712 741 ἀνεθεὶς
739 677 829 729 τοῦ
866 676 1128 746 πολέμου,
1171 679 1374 730 κτείνει
1404 679 1501 752 τὴν
1541 681 1757 751 μητέρα
1794 681 1890 735 τοῦ

307 771 582 839 Ὑρκανοῦ
636 771 727 824 καὶ
772 770 900 832 τοὺς
939 769 1226 839 ἀδελφοὺς,
1254 771 1350 824 καὶ
1387 773 1578 841 φεύγει
1608 773 1746 842 πρὸς
1779 775 1892 846 Ζή-

296 881 440 916 νωνα
483 866 574 917 τὸν
612 863 1016 935 Κοτυλᾶν,ητὸν’
1039 863 1143 932 τῆς
1174 863 1567 933 Φιλαδελφείας
1591 866 1887 939 τύραννον.

307 957 580 1026 ’Δντίοχος
603 956 680 1020 δὲ,
717 955 1070 1025 χαλεπαίνων
1100 955 1178 1027 τῷ
1211 956 1439 1027 Σίμωνι,
1462 958 1530 1011 δι’
1559 957 1595 1012 ἃ
1630 960 1887 1028 πέπονθε,

295 1043 359 1117 τῇ
407 1047 649 1118 Ἰουδαία
699 1047 927 1115 ἐπῆλθε,
967 1048 1061 1100 καλ⁸
1115 1049 1218 1117 τὴν
1261 1048 1446 1121 χώραν
1495 1039 1888 1124 καταδραμὼν,

296 1138 611 1209 ἐπολιόρκει
647 1139 740 1191 τὸν
797 1139 1106 1210 Ὑρκανόν
1157 1142 1250 1193 καὶ
1295 1141 1544 1212 πύργους
1594 1145 1888 1218 ἀνεγείρας

294 1229 664 1300 ὑψηλοτάτους
700 1233 841 1284 κατὰ
869 1231 928 1284 τὸ
965 1232 1176 1303 βόρειον
1209 1234 1374 1303 μέρος
1417 1236 1520 1304 τῆς
1569 1238 1800 1302 πόλεως,
1829 1239 1888 1307 ἐξ

294 1323 478 1375 αὐτῶν
504 1322 583 1394 τῷ
621 1322 794 1392 τείχει
827 1324 1225 1394 προσέϐαλλεν.
1280 1327 1450 1379 Ἰινυε
1506 1327 1552 1381 δ’
1604 1329 1755 1385 οὐδὲν
1803 1333 1890 1387 διά

294 1432 352 1468 τε
380 1417 747 1486 γενναιότητα
790 1416 900 1470 τῶν
932 1417 1108 1482 ὲντὺς,
1155 1418 1251 1470 καὶ
1294 1418 1384 1472 διὰ
1421 1419 1734 1493 ὀχυρότητα
1779 1423 1889 1477 τῶν

292 1507 512 1578 τειχῶν,
559 1510 656 1561 καὶ
696 1507 895 1572 ὕδατος
945 1510 1240 1582 ἀφθονίαν,
1299 1511 1360 1578 ἐξ
1411 1513 1726 1583 ἐπομϐρίας
1753 1516 1885 1588 ἄρτι

293 1601 609 1671 συμϐᾶσαν.
659 1601 857 1666 Δείσας
916 1601 974 1656 δὲ
1025 1605 1053 1656 ό
1115 1603 1386 1673 Ὑρκανὸς
1443 1607 1518 1677 μὴ
1577 1608 1889 1663 ὲπιλίποιεν

295 1693 486 1757 αὐτοῖς
510 1693 578 1748 τὰ
601 1697 902 1762 ἀναγκαῖα,
938 1695 1099 1766 μόνον
1127 1697 1188 1750 τὸ
1214 1697 1460 1769 μάχιμον
1499 1699 1594 1755 τοῦ
1645 1703 1888 1775 πλήθους

1997 585 2305 651 altissimis,
2372 605 2509 656 quas
2569 592 2635 645 ad
2690 598 3124 663 septentrionem
3161 605 3446 673 excitarat,
3492 610 3593 664 im-

1997 684 2183 744 petum
2216 678 2268 730 in
2311 681 2510 735 moenia
2543 681 2769 740 faciens.
2803 687 2908 741 Sed
2936 690 3071 743 nihil
3103 695 3443 763 prolicit-bat,
3477 709 3590 756 tum

1996 769 2068 822 ob
2119 769 2473 826 defensorum
2535 775 2943 845 fortitudinem,
3001 793 3114 837 tum
3171 787 3241 841 ob
3301 806 3587 849 murorum

1995 859 2338 927 firmitatem,
2375 881 2756 939 aquarumque
2808 874 3022 942 copiam
3080 893 3144 931 ex
3194 879 3372 936 imbre
3425 887 3591 941 modo

1993 954 2302 1010 collectam.
2327 955 2598 1013 Caeterum
2628 962 2911 1032 Hyrcanus
2933 969 3139 1023 veritus
3174 987 3242 1025 ne
3279 969 3602 1031 eot'nmratu

1994 1049 2352 1117 deficeretur,
2389 1054 2669 1111 bellicosis
2699 1058 2967 1116 duntaxat
3015 1065 3266 1130 retentis,
3313 1069 3584 1137 reliquam

1994 1143 2406 1200 multitudinem
2434 1148 2568 1204 urbe
2617 1152 2864 1220 expulit:
2906 1155 3000 1224 qui
3036 1172 3159 1210 eum
3210 1159 3280 1212 ab
3311 1161 3590 1217 Antiocho

1991 1238 2147 1292 abire
2185 1254 2296 1293 non
2340 1240 2680 1309 sinerentur,
2728 1256 2885 1301 extra
2923 1251 3124 1304 moenia
3177 1254 3582 1312 moriebantur.

1990 1335 2140 1398 Quos
2167 1333 2201 1386 ii
2240 1334 2333 1403 qui
2363 1333 2516 1390 intus
2558 1347 2718 1390 erant
2761 1339 3027 1406 miserati,
3087 1343 3142 1396 in
3193 1345 3386 1401 urbem
3424 1323 3584 1403 rece-

1995 1439 2216 1498 perunt.
2255 1427 2358 1484 Sed
2386 1444 2511 1483 cum
2552 1429 2751 1484 festum
2789 1430 3297 1489 Tabernaculorum
3327 1437 3582 1504 instaret,

1994 1522 2286 1594 Hyrcanus
2310 1522 2378 1576 ab
2411 1521 2683 1577 Antiocho
2711 1532 2922 1593 septem
2953 1524 3166 1580 dierum
3217 1527 3484 1588 inducias.
3513 1531 3582 1585 ad

1989 1614 2193 1669 festum
2232 1615 2665 1680 celebrandum,
2711 1616 2904 1686 petiit:
2941 1632 3080 1686 quas
3130 1619 3221 1673 ille
3269 1635 3378 1673 non
3418 1623 3583 1676 modo

1993 1707 2299 1773 concessit,
2322 1708 2417 1762 sed
2448 1717 2503 1762 et
2527 1707 2779 1762 victimas
2797 1718 3153 1778 sumptuosas
3182 1725 3306 1765 cum
3335 1711 3582 1768 donariis

287 1785 716 1857 ἀπολεξάμενος,
749 1789 876 1852 τοὺς
909 1787 1104 1853 ἄλλους
1134 1789 1334 1854 ἐξέωσε
1365 1792 1464 1863 τῆς
1512 1795 1722 1862 πόλεως
1743 1810 1760 1831 ο
1792 1797 1879 1862 οὓς

1991 1795 2164 1863 misit,
2201 1797 2271 1850 ob
2299 1812 2419 1850 eam
2449 1797 2708 1868 pietatem
2741 1797 2824 1852 Pii
2857 1809 3282 1868 cognomentum
3321 1801 3579 1872 adeptus.

286 1881 314 1931 ό
345 1880 623 1952 Ἀντίοχος
653 1881 916 1936 ἀπελθεῖν
961 1882 1178 1936 ἐκεῖθεν
1206 1883 1310 1937 οὐκ
1339 1856 1464 1941 εἴαὲ
1504 1886 1580 1954 οἳ,
1631 1856 1728 1944 καλ

1989 1888 2122 1954 Quae
2149 1887 2344 1942 eadem
2397 1856 2654 1960 ﬂgvrcano
2685 1904 2852 1943 causa
2885 1891 3009 1955 fuit,
3057 1901 3118 1945 ut
3146 1907 3246 1962 per
3274 1856 3482 1964 legatos
3507 1895 3578 1950 ab

285 1969 402 2023 τῶν
427 1973 626 2042 τειχῶν
654 1973 1084 2044 προσμένοντες,
1117 1975 1208 2031 διὰ
1235 1977 1396 2032 τοῦτο
1420 1979 1771 2054 ἀπέθνησκον
1793 2000 1807 2016 ·
1835 1989 1879 2040 cl

1989 1980 2086 2034 illo
2118 1989 2355 2050 peteret,
2392 1991 2451 2035 ut
2497 1980 2731 2050 patriam
2769 1982 2886 2036 suis
2919 1981 3136 2037 civibus
3179 1985 3573 2054 rempublicam

284 2065 330 2117 δ’
353 2065 532 2132 ἐντὸς,
566 2065 846 2132 ἐλεοῦντες
874 2068 1096 2136 αὐτοὺς,
1157 2072 1502 2140 εἰσεδέξαντο
1553 2075 1730 2142 αὖθις.
1769 2078 1879 2150 Τῆς

1989 2072 2326 2127 restitueret.
2359 2071 2461 2127 Cui
2496 2073 2783 2143 respondit
2823 2074 3154 2137 Antiochus,
3192 2075 3237 2130 si
3270 2091 3419 2132 arma
3457 2085 3574 2132 tra-

286 2158 679 2230 Σκηνοπηγίας
703 2159 760 2214 δὲ
784 2161 1078 2232 ἐνστάσης,
1105 2163 1134 2216 ὁ
1167 2164 1459 2237 Ὑρκανὸς,
1495 2169 1714 2233 στείλας
1747 2172 1879 2242 πρὸς

1987 2163 2200 2229 d'ercnt,
2233 2173 2288 2220 et
2316 2164 2385 2220 de
2419 2165 2734 2220 civitatibus
2760 2174 2915 2220 extra
2941 2166 3185 2220 Iudaeam
3212 2167 3572 2225 sitis-tributa

284 2252 378 2306 τὸν
413 2252 714 2324 Ἀντίοχον,
756 2255 956 2326 ἀνοχὴν
983 2257 1168 2327 ἐζήτει
1204 2261 1483 2328 γενέσθαι,
1513 2262 1602 2316 διὰ
1626 2263 1724 2336 τὴν
1757 2267 1884 2339 ἐορ-

287 2345 383 2418 τὴν
416 2348 742 2419 ἐφ’ήμέρας
771 2351 934 2404 ἑπτά.
981 2350 1041 2404 '0
1081 2351 1138 2406 δὲ
1181 2355 1275 2406 καὶ
1301 2354 1400 2426 τὴν
1442 2356 1646 2429 ἀνοχὴν
1686 2358 1879 2428 ἔδωκε,

289 2440 382 2493 καὶ
420 2439 617 2494 θυσίαν
645 2441 914 2515 πολυτελῆ
978 2443 1075 2496 σὺν
1121 2443 1471 2516 ἀναθήμασιν
1509 2447 1782 2519 ἔπεμψεν,
1817 2449 1884 2503 ὃν

287 2530 374 2585 διὰ
398 2534 498 2602 τὴν
530 2533 667 2604 πρὸς
704 2534 761 2586 τὸ
785 2533 942 2587 Θεῖον
971 2535 1261 2589 εὐσέϐειαν
1309 2540 1403 2591 καλ⁸
1435 2539 1657 2611 Εὐσεϐῆ
1689 2541 1882 2596 ἐκάλε-

291 2641 413 2678 σαν.
435 2624 606 2688 Γνοὺς
631 2626 686 2679 δὲ
717 2626 818 2698 τὴν
856 2627 999 2699 πρὸς
1023 2627 1271 2682 τὸνλθεδν
1303 2628 1398 2682 τοῦ
1435 2629 1716 2703 Ἀντιόχου
1746 2633 1882 2688 αίδὼ

301 2717 593 2788 Ὑρκανὸς.
624 2718 1063 2789 ἐπρεσϐεύσατο,
1097 2719 1200 2791 τὴν
1232 2721 1468 2792 πάτριον
1497 2723 1684 2788 αὐτοῖς
1741 2727 1881 2781 ἁπο-

289 2809 509 2879 δοθῆναι
542 2808 821 2864 πολιτείαν
846 2811 1194 2882 αἰτούμενος.
1258 2813 1317 2868 '0
1370 2814 1448 2881 δὲ,
1486 2816 1536 2869 εί
1580 2818 1880 2889 παραδοῖεν

287 2902 356 2952 τὰ
393 2901 557 2965 ὅπλα,
594 2897 737 2966 εἷπε,
775 2905 874 2957 καὶ
911 2904 1109 2976 φόρους
1140 2905 1318 2958 τελεῖν
1372 2907 1514 2980 ὑπὲρ
1547 2910 1658 2964 τῶν
1700 2913 1878 2967 ἄλλων

287 2994 614 3048 καταθοιντο
637 2995 870 3062 πόλεων,
897 2997 1031 3068 ἄτερ
1055 2997 1154 3068 τῆς
1180 2997 1468 3065 Ἰουδαίας,
1502 3003 1597 3055 καὶ
1625 3005 1873 3075 φρουρὰν

288 3087 556 3154 3ἐξαιντο,
585 3089 680 3141 καὶ
729 3087 824 3141 τοῦ
867 3089 1114 3156 πολέμου
1179 3091 1504 3160 ἀφέξεσθαι,
1555 3096 1653 3150 καὶ
1704 3096 1876 3152 τᾶλλα

287 3167 562 3251 ποιήσειν,
597 3180 633 3235 ἃ
658 3181 926 3248 ἀξιοῦσιν.
973 3183 1220 3237 Ἰουδαῖοι
1263 3185 1320 3241 δὲ
1352 3187 1552 3256 τὰμὲν
1591 3189 1726 3246 ἄλλα
1757 3193 1876 3245 ἐδέ-

1985 2257 2325 2326 penderent,
2357 2264 2412 2312 et
2442 2257 2759 2328 praesidium
2807 2257 3154 2326 aeciperent,
3210 2274 3270 2314 se
3316 2269 3372 2313 et
3427 2260 3573 2316 bello

1985 2365 2307 2432 abstinere,
2373 2374 2431 2420 et
2497 2365 2790 2434 postulatis
2851 2380 3045 2420 eorum
3098 2382 3344 2424 annuere
3407 2369 3570 2424 velle.

1983 2454 2156 2511 Judaei
2191 2472 2324 2512 vero
2374 2466 2570 2512 caetera
2620 2457 2892 2526 amplexi,
2957 2458 3269 2528 praesidium
3317 2461 3572 2531 repudia-

1984 2560 2114 2604 runt
2142 2568 2155 2604 :
2189 2564 2253 2604 ac
2281 2566 2379 2620 pro
2434 2563 2500 2604 eo
2530 2547 2804 2604 dederunt
2848 2550 3100 2616 obsides,
3136 2554 3458 2623 argentique
3495 2562 3573 2608 ta-

1982 2641 2131 2696 lenta
2184 2643 2505 2711 quingenta.
2552 2639 2666 2694 l-lac
2699 2643 2914 2697 ratione
2971 2643 3220 2714 mitigato
3271 2645 3567 2712 Antiocho,

1983 2731 2274 2801 solutaque
2343 2730 2676 2798 obsidione,
2755 2731 3041 2803 Hyrcanus
3100 2728 3137 2789 e
3209 2745 3569 2791 monumento

1982 2822 2210 2878 Davidis
2240 2822 2342 2876 tria
2376 2823 2547 2877 millia
2586 2824 2851 2880 talentum
2890 2824 3273 2895 deprompsit:
3321 2828 3569 2898 initaque

1982 2931 2108 2970 cum
2159 2915 2436 2970 Antiocho
2469 2915 2743 2980 amicitia,
2784 2933 2911 2972 eum
2949 2917 3003 2972 in
3034 2917 3225 2972 urbem
3253 2920 3481 2989 recepit,
3513 2929 3569 2975 et

1981 3019 2172 3063 contra
2209 3007 2444 3064 Parthos
2470 3009 2766 3064 ducentem
2814 3010 3110 3065 comitatus
3159 3019 3283 3066 est:
3317 3011 3407 3066 ubi
3439 3028 3564 3068 cum

1981 3104 2186 3158 Arsace
2239 3119 2575 3174 congressus
2606 3104 2933 3173 Antiochus,
2977 3118 3104 3160 cum
3159 3105 3363 3176 majore
3409 3115 3566 3176 parte

1982 3197 2261 3252 exercitus
2294 3204 2348 3252 et
2375 3197 2492 3267 ipse
2522 3197 2707 3268 periit.

284 3293 466 3346 χοντο,
521 3277 615 3330 ἐπὶ
670 3278 726 3331 δὲ
755 3279 822 3348 τῇ
877 3280 1090 3350 φρουρᾷ
1135 3281 1197 3334 ού
1237 3282 1551 3347 κατένευον,
1604 3284 1722 3337 ἀλλ’
1787 3288 1911 3345 ἀντὶ
1948 3289 2156 3361 ταύτης
2208 3291 2455 3363 ὁμήρους
2503 3291 2775 3357 ἐδίδοσαν,
2843 3290 2939 3346 καὶ
2987 3290 3256 3363 ἀργυρίου
3327 3293 3566 3348 τάλαντα

282 3374 645 3427 πεντακόσια.
672 3372 949 3436 Ἐνδόντος
977 3374 1022 3427 δ’
1060 3377 1154 3428 ἐπὶ
1177 3375 1394 3442 τούτοις
1423 3379 1517 3433 τοῦ
1550 3379 1848 3454 Ἀντιόχου,
1894 3387 1928 3456 ἡ
1990 3388 2280 3458 πολιορκία
2331 3387 2521 3460 ἐλύθη.
2558 3387 2827 3459 Ὑρκανὸς
2860 3388 2940 3457 δὲ,
2966 3388 3059 3442 τὸν
3097 3387 3193 3442 τοῦ
3228 3390 3392 3442 Δαϐὶδ
3413 3390 3566 3444 ἀνοί-

285 3468 383 3531 ξας
424 3469 615 3538 τάφον,
672 3463 948 3541 τρισχίλια
1015 3470 1226 3524 ἐκεῖθεν
1269 3473 1539 3547 ἀργυρίου
1607 3477 1847 3532 τάλαντα
1888 3482 2088 3538 ἔλαϐε·
2124 3483 2307 3553 φιλίαν
2331 3483 2386 3536 δὲ
2425 3485 2562 3556 πρὸς
2617 3485 2892 3554 Ἀντίοχον
2961 3486 3355 3555 ποιησάμενος,
3400 3487 3458 3540 ὲν
3495 3490 3562 3560 τῇ

284 3565 441 3617 πόλει
459 3565 624 3618 αὐτὸν
648 3565 978 3632 εἰσεδέξατο.
997 3567 1104 3618 Καὶ
1122 3567 1216 3619 ἐπὶ
1240 3568 1492 3640 Πάρθους
1517 3573 1872 3642 στρατεύοντι
1907 3581 2364 3652 συνεξώρμησεν,
2432 3580 2564 3634 ἔνθα
2627 3580 2705 3651 τῷ
2732 3579 2981 3651 Ἀρσάκῃ
3015 3580 3333 3652 πολεμήσας
3355 3580 3565 3635 Ἀντίο-

283 3677 402 3729 χος,
428 3661 505 3731 τῷ
530 3661 737 3714 πλείονι
761 3661 861 3732 τῆς
891 3663 1154 3732 στρατιᾶς
1182 3664 1277 3716 καὶ
1305 3667 1467 3730 αὐτὸς
1496 3669 1868 3728 συναπώλετο.

650 3747 701 3804 l

359 3796 437 3851 B’.
465 3790 686 3852 Γίνεταῖῖ
719 3801 774 3874 δὲ
801 3801 902 3870 τῆς
928 3803 1038 3856 τῶν
1061 3802 1252 3875 Σύρων
1277 3803 1558 3874 βασιλείας
1581 3806 1829 3878 διάδοχος
1850 3811 1876 3862 ὁ

2054 3809 2118 3864 Il.
2159 3810 2220 3864 Ei
2270 3811 2326 3864 in
2383 3823 2550 3879 regno
2612 3807 2786 3878 Syria:
2844 3805 3157 3862 Demetrius
3205 3805 3398 3872 frater,
3445 3807 3551 3860 sub

283 3899 514 3969 ἁδελφὸς
545 3899 708 3953 αὐτοῦ
749 3901 1092 3972 Δημήτριος,
1149 3902 1416 3966 λύσαντος
1460 3903 1736 3973 ’Δρσάκου
1771 3905 1875 3958 ai)-

283 3993 401 4059 τὸν,
427 3993 592 4062 ἡνίκα
615 3994 728 4056 τοῖς
768 3993 1007 4064 Πάρθοις
1051 3993 1288 4064 ἐπῆλθεν
1321 3994 1619 4066 Ἀντίοχος.
1669 3997 1876 4069 ’Υρκα-

287 4086 380 4148 vo;
412 4085 492 4151 δὲ,
522 4085 806 4156 Ἀντιόχου
847 4087 1126 4150 θανόντος,
1157 4087 1361 4150 eam;
1390 4086 1512 4147 ,τῶν
1546 4089 1646 4158 τῆς
1673 4090 1878 4160 Συρίας

284 4177 500 4230 πόλεων
530 4171 664 4239 εἷλε,
693 4179 790 4230 καὶ
817 4178 920 4247 τῆς
944 4178 1256 4248 Ἰδουμαίας
1279 4178 1496 4249 ἑτέρας.
1525 4181 1636 4234 Καὶ
1671 4183 1878 4235 ὑποτά-

285 4268 536 4334 ξαςτοὺς
593 4267 957 4338 Ἰδουμαίους,
1007 4270 1317 4341 ἐπέτρεπεν
1359 4271 1547 4334 αὐτοῖς
1595 4273 1697 4343 τὴν
1719 4275 1775 4326 ὲν
1807 4276 1873 4344 τῇ

286 4366 447 4436 χώρα
464 4365 774 4437 διατριϐὴν,
801 4365 858 4416 εἰ
891 4367 1330 4435 περιτέμνοιντο,
1358 4366 1454 4419 καὶ
1476 4365 1725 4437 χρῶνται
1756 4366 1877 4420 ἕθε-

287 4475 377 4511 σιν
407 4458 746 4520 Ἰουδαϊκοῖς.
779 4459 846 4511 Ol.
875 4457 934 4511 δὲ
957 4457 1045 4510 διὰ
1072 4457 1172 4521 τὰς
1219 4458 1490 4528 πατρίδας
1523 4459 1620 4512 καὶ
1651 4462 1749 4529 τὴν
1777 4476 1875 4512 πε-

289 4552 524 4621 ριτομὴν
545 4549 640 4603 καὶ
665 4549 836 4604 τᾶλλα
861 4547 1207 4620 ὑπήνεγκαν.
1240 4551 1557 4621 Δημήτριος
1601 4550 1658 4603 δὲ
1707 4568 1874 4622 στρα-

284 4645 468 4699 τεύειν
488 4644 747 4713 ἐγνωκὼς
781 4644 878 4698 ἐπὶ
919 4644 1210 4716 Ὑρκανὸν,
1243 4644 1518 4713 ἀνεκόπη,
1550 4644 1660 4696 τῶν
1687 4644 1875 4714 Σύρων

285 4740 386 4793 καὶ
423 4737 534 4792 τῶν
567 4736 924 4808 στρατιωτῶν
947 4736 1258 4806 μισούντων
1285 4735 1447 4790 αὐτὸν
1473 4735 1561 4790 διὰ
1584 4741 1872 4808 πονηρίαν,

288 4835 387 4888 καὶ
427 4830 1027 4902 διακηρυκευσαμένων
1081 4831 1219 4901 πρὸς
1258 4830 1594 4900 Πτολεμαῖον
1638 4830 1730 4885 τὸν
1769 4830 1875 4883 Φύη

290 4941 476 4978 deceive.
507 4923 692 4977 δοῦναι
729 4923 915 4985 αὐτοῖς
935 4938 1058 4974 τινα
1091 4922 1202 4974 τῶν
1251 4922 1330 4992 τῷ
1378 4921 1632 4993 Σελεύκῳ
1665 4937 1874 4994 προση-

287 5018 521 5077 κόντων,
551 5015 649 5086 τῆς
691 5013 969 5085 βασιλείας
995 5012 1452 5085 ἀντιληψόμενον.
1492 5016 1590 5079 Ὃς
1619 5013 1874 5080 Ἀλέξαν-

288 5113 414 5182 δρον
441 5109 660 5180 ἔπεμψε
720 5110 813 5162 τὸν
857 5108 1154 5178 λεγόμενον
1221 5109 1474 5163 Ζεϐινᾶν.
1527 5107 1728 5178 Μάχης
1778 5107 1874 5162 οὖν

293 5206 461 5272 μέσον
492 5202 661 5256 αὑτοῦ
687 5201 784 5254 καὶ
809 5201 1128 5272 Δημητρίου
1149 5200 1643 5271 συγκροτηθείσης,
1670 5198 1872 5270 τρέπει

289 5316 382 5352 ται
408 5299 750 5366 Δημήτριος,
804 5295 897 5348 καὶ
931 5294 1126 5362 φεύγει
1171 5295 1263 5356 εἰς.
1279 5291 1645 5362 Πτολεμαΐδα.
1673 5291 1766 5362 Μὴ
1787 5290 1879 5344 δε·-

290 5391 441 5460 χθεὶς
461 5390 520 5443 δὲ
550 5387 708 5456 παρά
749 5385 1116 5453 Κλεοπάτρας
1137 5385 1241 5453 τῆς
1266 5383 1552 5450 γυναικὸς,
1579 5385 1673 5446 είς
1702 5381 1879 5453 Τύρον

290 5481 525 5550 ἀπέδρα.
575 5478 769 5540 ’Δλοϋς
831 5477 910 5541 δὲ,
965 5478 1062 5529 καὶ
1101 5474 1275 5529 πολλὰ
1325 5472 1538 5536 παθὼν,
1583 5469 1876 5542 διεφθάρη.

303 5572 662 5640 Ἀλέξανδρος
702 5571 758 5623 δὲ
806 5571 905 5638 τὴν
964 5569 1246 5638 βασιλείαν
1279 5565 1648 5637 παραλαϐὼν,
1689 5563 1876 5634 φιλίαν

293 5669 530 5718 ποιεῖται
573 5665 711 5734 πρὸς
755 5663 1047 5732 Ὑρκανόν.
1111 5659 1560 5721 Ἐπαναστὰντος
1610 5656 1667 5710 δὲ
1723 5653 1873 5725 αύτῷ

303 5759 579 5828 ’Ἀντιόχου
615 5757 711 5810 τοῦ
748 5753 990 5824 Γρυποῦ.
1028 5753 1122 5807 τοῦ
1175 5753 1369 5815 παιδὸς
1401 5751 1740 5821 Δημητρίου,
1770 5750 1872 5817 ἡτ-

298 5850 501 5918 τηθεὶς,
535 5853 592 5904 ὲν
630 5852 698 5910 τῇ
733 5849 883 5911 μάνη
948 5845 1220 5912 ἀπώλετο.
1275 5844 1542 5908 Βασιλεὺς
1574 5842 1632 5912 δὲ
1671 5839 1873 5911 Συρίας

1975 3904 2386 3974 expeditionem
2414 3901 2673 3956 Antiochi
2709 3900 2927 3954 solutus
2961 3901 3029 3953 ab
3065 3899 3294 3963 Arsace,
3329 3913 3557 3956 succes-

1977 3995 2068 4050 sit.
2111 3994 2384 4050 Czeterum
2460 4001 2585 4063 post
2635 3990 2893 4046 Antiochi
2926 3991 3244 4055 interitum,
3268 3989 3558 4062 Hyrcanus

1975 4088 2179 4144 multas
2225 4085 2480 4158 Syriacas
2523 4085 2710 4151 urbes,
2747 4083 3000 4138 Idumaeas
3041 4084 3246 4138 multas
3275 4083 3423 4153 cepit
3453 4100 3466 4137 :
3500 4092 3558 4139 οε

1975 4178 2220 4234 subactis
2243 4177 2506 4236 ldummis
2563 4190 2628 4230 ea
2663 4175 2977 4230 conditione
3020 4175 3075 4229 in
3124 4174 3302 4246 patria
3345 4173 3554 4228 versari

1984 4271 2283 4334 concessit,
2319 4271 2373 4324 si
2437 4268 2976 4323 circumciderentur
3005 4276 3062 4322 et
3090 4266 3340 4321 moribus
3364 4266 3558 4321 Iudai-

1975 4363 2056 4418 cis
2099 4371 2412 4417 uterentur.
2456 4361 2565 4426 Qei
2611 4375 2800 4414 amore
2839 4359 3038 4414 natalis
3074 4359 3200 4425 soli,
3230 4369 3288 4414 et
3307 4360 3557 4414 cireum-

1975 4454 2265 4516 ei-sionem,
2309 4462 2367 4508 et
2413 4453 2625 4520 reliqua
2673 4451 3006 4506 tolerarunt.
3056 4449 3193 4505 Cum
3224 4458 3408 4505 autem
3447 4451 3555 4505 De-

1977 4547 2209 4602 metrius
2245 4546 2451 4600 bellum
2482 4544 2688 4598 inferre
2743 4543 2996 4614 Hyrcano
3039 4543 3347 4608 statuisset,
3388 4557 3454 4596 ea
3497 4558 3559 4598 re

1977 4638 2277 4709 impeditus
2299 4646 2406 4695 est.
2436 4635 2586 4706 quod
2614 4633 2737 4706 Syri
2785 4643 2842 4689 et
2877 4633 3103 4698 milites,
3131 4634 3252 4703 ejus
3289 4633 3558 4703 improbi-

1977 4740 2143 4787 tatem
2192 4730 2476 4793 detestati,
2525 4743 2632 4798 .per
2663 4726 2824 4796 2.17
2858 4725 3258 4780 caduceatores
3303 4740 3334 4779 a
3373 4725 3580 4797 Ptole—_

1977 4837 2116 4878 mare
2150 4822 2437 4892 Physcone
2469 4819 2763 4890 petierant,
2797 4827 2860 4872 ut
2891 4817 2995 4873 sibi
3024 4823 3111 4885 Lex
3147 4815 3364 4878 Seleuci
3393 4816 3557 4872 fami-

1976 4915 2048 4970 lia
2103 4914 2264 4968 daret
2311 4913 2614 4982 aliquem,
2665 4910 2761 4980 qui
2818 4924 3051 4981 regnum
3109 4909 3440 4977 susciperet.
3504 4907 3557 4963 ls

1976 5006 2350 5062 Alexandrum
2405 5003 2674 5058 Zebinam
2737 5001 2928 5065 misit,
2978 5017 3010 5055 a
3068 5015 3180 5071 quo
3244 4998 3560 5054 Demetrius

1977 5102 2180 5162 victus,
2219 5096 2613 5154 Ptolemaidem
2669 5094 2995 5163 serecepit
3040 5111 3055 5148 :
3113 5093 3213 5148 sed
3269 5091 3340 5146 ab
3370 5093 3556 5159 (uxore

1977 5191 2272 5262 Cleopatra
2301 5189 2585 5254 exclusus,
2611 5187 2815 5260 Tyrum
2851 5185 3121 5256 confugit,
3159 5184 3254 5238 ubi
3277 5189 3471 5251 captus
3499 5191 3558 5238 et

1977 5284 2326 5340 excruciatus
2351 5282 2536 5353 periit.
2563 5280 2874 5342 Alexander
2903 5288 3085 5334 autem
3119 5290 3289 5346 regno
3325 5275 3554 5344 potitus,

1977 5375 2275 5431 amicitiam
2305 5391 2434 5430 cum
2461 5373 2715 5443 Hyrcano
2765 5372 2974 5443 pepigit
3005 5387 3020 5425 :
3057 5369 3155 5424 sed
3178 5368 3248 5423 ab
3282 5368 3558 5436 Antiocho

1976 5467 2159 5540 Grypo
2233 5465 2498 5522 Demetrii
2576 5465 2692 5522 lilio
2759 5476 2989 5532 regnum
3055 5459 3164 5514 sibi
3236 5461 3558 5518 vindicante

1975 5561 2181 5627 victus,
2211 5560 2266 5614 in
2305 5574 2486 5631 mgna
2519 5557 2804 5615 occubuit.
2835 5557 2887 5611 Is
2931 5554 3261 5621 Antiochus,
3295 5567 3556 5626 suscepto

1977 5653 2148 5725 Syria
2211 5669 2404 5724 regno.
2449 5666 2574 5707 cum
2639 5650 2812 5704 fratre
2866 5648 3144 5704 Antiocho
3190 5659 3555 5720 cognomento

1972 5747 2265 5818 Cyziceno,
2297 5745 2445 5815 quod
2487 5741 2666 5813 Cyzici
2703 5740 2976 5797 educatus
3013 5751 3183 5803 esset,
3219 5757 3317 5812 per
3349 5742 3556 5796 multos

1975 5853 2151 5911 annos
2203 5838 2408 5894 bellum
2453 5835 2644 5906 gessit.
2692 5832 2824 5892 Erat
2867 5841 3053 5891 autem
3104 5833 3152 5891 is
3197 5832 3456 5890 Antiochi
3519 5846 3557 5884 α
