3980 6246
415 358 515 429 391

1692 347 2019 414 JOANNIS
2059 343 2386 408 ZONARJE

3590 326 3694 390 392

416 477 636 535 Parthis
664 475 964 534 interfecti.
997 473 1265 530 Demetrii
1297 469 1508 536 fratris,
1547 467 1712 534 ﬁlius,
1745 464 2000 520 uterinus

2114 462 2130 514 5
2171 460 2446 530 Ἀντίοχος
2477 451 2634 523 οὗτος
2669 456 2989 528 γενόμενος,
3010 449 3102 503 ἐπὶ
3135 446 3350 512 πολλοῖς
3376 444 3522 499 ἔτεσι
3554 442 3695 513 μετᾶ

416 571 673 626 Antiochi
732 569 899 640 Grypi
962 570 1156 622 frater.
1226 566 1362 620 Nam
1424 563 1726 632 Cleopatra;
1775 557 1996 613 duobus

416 663 682 719 fratribus
732 672 902 734 nupta
949 662 1054 716 fuit
1095 679 1108 715 :
1155 661 1395 731 primum
1451 654 1748 717 Deiuetrio,
1792 649 1997 706 deinde

417 757 716 821 Antiocho,
753 765 814 810 ut
846 764 974 810 ante
1017 753 1364 824 scripsimus.
1397 751 1474 804 Ac
1513 764 1543 802 e
1573 745 1857 802 Demetrio
1888 742 2001 797 An-

421 850 667 906 tiochum
700 849 944 920 Grypum
983 865 996 901 :
1036 861 1102 900 ex
1141 843 1416 899 Antiocho
1460 839 1775 900 Servatore,
1809 835 2005 889 Deme-

421 943 515 998 trii
539 943 727 1008 fratre,
746 939 1076 1012 Cyzicenum
1101 935 1432 991 Antiochum
1457 930 1718 1000 suscepit.
1743 927 1844 994 Qui
1871 924 2003 979 dum

421 1036 567 1090 inter
599 1049 718 1089 sese
765 1033 1159 1104 digladiantur,
1205 1029 1491 1099 Hyrcanus
1541 1023 1731 1094 quiete
1783 1019 2000 1081 fruens,

424 1132 661 1193 utroque
688 1129 1028 1192 contempto,
1060 1118 1285 1185 defecit,
1326 1132 1508 1187 neque
1549 1114 1855 1184 quidquam
1889 1126 2008 1163 am-

423 1218 569 1288 plius
600 1217 684 1272 eis
713 1215 976 1286 pependit
1002 1231 1015 1267 :
1058 1229 1123 1268 ac
1152 1212 1354 1267 Iudaeae
1397 1208 1673 1264 fructibus
1697 1221 1795 1276 per
1827 1204 2006 1260 otium

422 1309 700 1379 perceptis
730 1349 744 1373 ,
778 1307 1049 1362 inﬁnitam
1085 1305 1375 1378 pecuniam
1412 1301 1614 1373 coegit.
1656 1300 1795 1355 Cum
1821 1305 2006 1352 autem

424 1402 732 1458 Samariam
776 1416 874 1471 per
919 1400 1062 1453 lilios
1087 1411 1219 1452 suos
1253 1394 1635 1451 Aristobulum
1678 1401 1736 1447 et
1778 1389 2010 1458 Antigo-

424 1514 556 1550 num
594 1496 897 1559 obsideret,
925 1491 1257 1547 Samaritani
1287 1497 1519 1560 urgente
1545 1486 1710 1551 fame,
1747 1481 2008 1539 Antiochi

422 1586 675 1660 Cyziceni
724 1600 882 1654 Opem
927 1583 1332 1652 implorarunt,
1372 1582 1469 1652 qui
1523 1594 1651 1636 cum
1691 1575 2010 1633 Aristobulo

425 1692 757 1747 congressus
807 1675 1071 1730 vincitur.
1127 1673 1339 1729 Deinde
1394 1668 1788 1742 redintegratis
1832 1665 2011 1738 COpiis

429 1768 666 1840 Hyrcani
718 1783 878 1838 agros
921 1774 1124 1831 vastat,
1185 1775 1246 1820 ut
1280 1782 1344 1820 ea
1395 1766 1610 1819 ratione
1657 1760 2010 1817 obsidionem

2107 553 2205 608 τοῦ
2228 552 2458 623 ἀδελφοῦ
2487 552 2788 620 ’Δντιόχου,
2817 548 2913 602 τοῦ
2936 542 3327 613 ἐπικληθέντος
3357 538 3694 608 Κυζικηνοῦ,

2107 647 2188 700 ὅτι
2216 649 2272 700 ὲν
2301 645 2526 715 Κυζίκῳ
2553 642 2788 712 ἐτράφη,
2833 639 2965 708 περὶ
2992 639 3091 705 τῆς
3128 632 3410 705 βασιλείας
3436 631 3694 701 ἐμάχετο.

2107 735 2214 794 Ἦν
2244 740 2300 794 δὲ
2329 733 2483 801 οὗτος
2507 737 2624 801 υίὸς
2647 735 2929 806 Ἀντιόχου
2954 731 3049 786 τοῦ
3069 729 3323 791 θανόντος
3346 728 3402 780 ὲν
3433 724 3696 795 Πάρθοις,

2109 833 2204 887 τοῦ
2254 831 2487 901 ἀδελφοῦ
2548 829 2895 901 Δημητρίου,
2955 825 3032 891 ὡς
3085 820 3421 894 έτεροθαλὴς
3469 817 3699 887 ἁδελφῆς

2111 926 2373 996 ὑπάρχων
2406 923 2502 979 τοῦ
2531 921 2748 993 Γρυποῦ
2786 920 3089 990 Ἀντιόχου.
3125 918 3190 970 Ἢ
3228 915 3334 986 γὰρ
3367 913 3697 981 Κλεοπάτρα

2110 1022 2221 1080 τοῖς
2255 1017 2375 1070 δυσὶ
2404 1015 2722 1086 συνῴκησεν
2756 1013 3028 1080 ἀδελφοῖς,
3051 1010 3128 1078 τῷ
3160 1006 3460 1082 Δημητρίῳ
3485 1004 3543 1058 δὲ
3572 1003 3699 1074 πρό-

2108 1127 2288 1182 τερον,
2329 1110 2428 1164 καὶ
2471 1109 2550 1181 τῷ
2577 1107 2843 1178 Ἀντιόχῳ
2885 1104 3204 1173 μετέπειτα,
3266 1102 3341 1162 ὡς
3385 1098 3698 1169 προγέγρα-

2109 1219 2264 1255 πται.
2290 1201 2400 1254 Kal
2433 1203 2497 1254 ἐκ
2539 1199 2638 1270 μὲν
2672 1196 2992 1268 Δημητρίου
3028 1195 3122 1248 τὸν
3178 1193 3396 1262 Γρυπὸν
3422 1191 3698 1259 Ἀντίτχον

2109 1294 2328 1348 ἔτεκενο
2362 1293 2421 1359 ἐξ
2453 1293 2734 1362 Ἀντιόχου
2767 1291 2826 1344 δὲ
2864 1289 2961 1342 τοῦ
3002 1287 3258 1356 Σωτῆρος
3316 1283 3412 1339 τοῦ
3463 1283 3700 1348 ἀδελφοῦ

2110 1387 2425 1460 Δημητρίου
2473 1386 2566 1440 τὸν
2616 1383 2930 1454 Κυζικηνὸν
2974 1381 3253 1448 Ἀντίοχον
3283 1377 3559 1446 ἐγείνατο.
3610 1375 3700 1429 Ἐν

2111 1481 2222 1551 ὅσῳ
2251 1478 2310 1532 δὲ
2339 1471 2485 1533 οὗτοι
2529 1477 2667 1547 πρὸς
2724 1474 2997 1546 ἀλλήλους
3050 1472 3394 1542 ἐμάχοντο,ὁ
3454 1469 3701 1539 Υρκανίας

2111 1571 2336 1644 ἠρέμει,
2368 1575 2463 1624 καὶ
2489 1568 2916 1640 καταφρονήσας
2946 1564 3057 1619 τῶν
3109 1563 3408 1633 Ἀντιόχων
3461 1562 3700 1632 ἀπέστη,

2113 1663 2283 1734 μηδὲν
2308 1663 2390 1718 ἔτι
2421 1665 2683 1732 παρέχων
2713 1661 2902 1724 αὐτοῖς
2929 1676 2944 1690 ·
2997 1657 3096 1714 καὶ
3129 1658 3273 1712 κατά
3309 1657 3510 1731 σχολὴν
3537 1658 3701 1728 ἐκαρ-

2111 1755 2283 1814 ποῦτο
2312 1755 2414 1826 τὴν
2442 1754 2733 1822 Ἰουδαίαν,
2766 1755 2843 1818 ὼς
2868 1753 3099 1824 ἀπειρόν
3144 1769 3198 1806 τι
3231 1751 3439 1822 πλῆθος
3487 1751 3702 1822 χρημά-

427 1863 642 1915 solvere
666 1868 976 1932 cogeretur.
1017 1860 1124 1914 Sed
1154 1861 1284 1914 dum
1320 1859 1508 1913 multis
1531 1871 1760 1912 suorum
1789 1853 2010 1911 amissis

2114 1867 2223 1904 των
2253 1850 2609 1918 συναγαγεῖν.
2642 1846 2993 1917 Στρατεύσας
3021 1847 3078 1900 δὲ
3111 1847 3207 1900 καὶ
3237 1847 3329 1900 ἐπὶ
3361 1847 3699 1916 Σαμάρειαν,

425 1954 690 2024 Tripolim
723 1953 953 2018 recedit,
982 1951 1270 2025 Hyrcanus
1311 1951 1620 2008 Samariam
1662 1958 1881 2021 captam
1908 1963 2010 2020 pe-

424 2045 576 2100 nitus
629 2043 800 2100 delet.
843 2044 1043 2099 Fertur
1089 2054 1299 2109 autem,
1346 2059 1414 2099 eo
1449 2044 1540 2099 die
1583 2058 1693 2114 quo
1739 2045 1852 2096 duo
1890 2042 2013 2112 ejus

425 2137 522 2192 ﬁlii
556 2152 682 2192 cum
714 2135 988 2192 Antiocho
1021 2145 1357 2206 pugnarunt,
1393 2136 1524 2190 dum
1555 2136 1708 2190 solus
1735 2142 1796 2189 ut
1824 2134 2011 2203 ponti-

425 2231 511 2285 fex
540 2230 597 2285 in
637 2230 879 2285 sacrario
917 2228 1153 2293 suiliret,
1185 2227 1407 2283 audisse
1451 2242 1668 2290 vocem,
1702 2242 1827 2296 quae
1855 2225 2010 2281 dice-

428 2333 532 2386 ret,
591 2320 928 2376 Antiochum
983 2318 1150 2374 modo
1196 2335 1226 2372 a
1276 2320 1394 2374 suis
1440 2317 1567 2374 ﬁliis
1611 2333 1733 2374 esse
1777 2317 2009 2382 victum,

426 2411 594 2482 idque
637 2425 897 2481 egressus
939 2409 1228 2465 nuntiasse
1290 2409 1494 2479 pepulo
1539 2427 1552 2463 :
1608 2423 1712 2464 nec
1741 2408 2013 2478 deceptus

426 2512 530 2558 est.
575 2502 684 2558 Sed
733 2503 864 2556 dum
913 2500 1198 2574 prosperis
1259 2500 1499 2555 fortunae
1544 2500 1768 2556 ﬂatibus
1811 2500 2010 2562 utitur,

428 2594 690 2649 invidiam
717 2593 1038 2649 Iudaeorum
1061 2593 1307 2663 etfugerc
1338 2608 1449 2647 non
1484 2595 1686 2663 potuit,
1719 2593 2013 2649 Pbariswis

430 2683 666 2738 maxime
719 2683 974 2746 invisus,
1037 2681 1131 2753 qui
1178 2692 1400 2743 suntex
1454 2682 1635 2737 tribus
1688 2683 2008 2738 Judaeorum

429 2776 601 2831 sectis
631 2792 645 2830 :
679 2784 735 2829 et
764 2790 889 2830 cum
919 2773 1092 2830 fatum
1121 2773 1414 2837 alIirment,
1458 2783 1642 2829 tamen
1673 2774 1921 2844 qumdam
1955 2776 2010 2831 in

430 2875 619 2920 nostra
678 2882 801 2921 esse
867 2874 1163 2937 potestate,
1220 2881 1284 2941 ac
1333 2865 1562 2922 fortuito
1613 2866 1858 2930 evenire,
1911 2883 2014 2922 nec

429 2959 618 3012 omnia
677 2957 796 3012 ﬁeri
849 2959 1171 3014 necessario
1218 2967 1492 3014 statuunt.
1560 2959 1772 3014 Essenl’
1821 2970 2012 3014 contra

431 3049 605 3102 fatum
665 3065 853 3102 rerum
899 3049 1146 3104 omnium
1195 3051 1482 3104 dominum
1534 3049 1902 3115 constituunt,
1958 3059 2016 3105 ct

441 3139 763 3194 hominibus
795 3142 978 3195 omnia
1015 3141 1124 3194 fato
1153 3142 1476 3210 contingere
1508 3149 1760 3196 censent.
1793 3139 2012 3194 Saddu-

2113 1941 2426 2014 ἐπολιόρκει
2475 1941 2651 2012 αὐτὴν
2690 1940 2778 1996 διὰ
2810 1940 2921 1994 τῶν
2957 1940 3092 1995 υίῶν
3130 1938 3298 1994 αὑτοῦ
3348 1939 3701 2011 Ἀριστοϐού-

2112 2034 2206 2090 λου
2232 2036 2328 2090 καὶ
2353 2034 2690 2105 Ἀντιγόνου.
2719 2032 2900 2104 Λιμοῦ
2919 2033 2976 2086 δὲ
3003 2033 3105 2106 τὴν
3139 2031 3296 2086 πόλιν
3319 2031 3623 2096 πιέζοντος,
3652 2031 3699 2082 oi

2114 2129 2392 2200 Σαμαρεῖς
2424 2127 2506 2192 είς
2537 2126 2862 2200 συμμαχίαν
2897 2124 3342 2198 μετεκαλέσαντο
3373 2125 3466 2179 τὸν
3488 2124 3696 2178 Ἀντίο-

2113 2238 2209 2292 χον
2236 2221 2328 2274 τὸν
2362 2219 2700 2291 Κυζικηνὸν,
2731 2219 2791 2285 ὃς
2817 2221 2930 2283 τοῖς
2955 2219 3085 2290 περὶ
3112 2217 3528 2289 Ἀριστόϐουλον
3565 2234 3702 2283 συμ-

2115 2312 2296 2368 ϐαλὼν
2323 2313 2576 2384 ἡττᾶται.
2636 2307 2749 2366 Εἶτ’
2810 2309 2971 2374 αὖθις
3027 2310 3288 2375 συλλέξας
3349 2309 3575 2378 πλῆθος,
3609 2309 3702 2378 τὴν

2115 2406 2300 2477 χώραν
2331 2405 2554 2476 ἐπόρθει
2580 2405 2676 2459 τοῦ
2716 2403 3013 2476 Ὑρκανοῦ,
3071 2403 3138 2456 ἶν’
3184 2401 3359 2466 οὕτως
3415 2402 3705 2476 ἀναγκάσῃ

2115 2500 2283 2554 αὑτὸν
2333 2500 2493 2554 λῦσαι
2550 2501 2649 2570 τὴν
2689 2497 3034 2569 πολιορκίαν.
3085 2496 3322 2559 Πολλοὺς
3375 2495 3432 2549 δὲ
3464 2496 3574 2548 τῶν
3606 2497 3702 2549 σὺν

2115 2593 2266 2664 αὐτῷ
2322 2592 2672 2656 ἀποϐάλλων,
2727 2593 2942 2663 ἀπῆρεν
2973 2591 3054 2655 εἰς
3105 2588 3388 2661 Τρίπολιν.
3436 2587 3704 2658 Ὑρκανὸς

2113 2685 2194 2751 δὲ,
2222 2684 2320 2755 τὴν
2345 2684 2665 2756 Σαμάρειαν
2698 2682 2858 2747 ἑλὼν,
2890 2684 3070 2735 πᾶσαν
3097 2682 3354 2751 ἠφάνισε.
3385 2679 3618 2746 Λέγεται
3649 2680 3705 2732 δὲ

2116 2778 2239 2832 καθ’
2266 2777 2334 2849 ἢν
2363 2778 2579 2848 ἡμέραν
2599 2778 2650 2830 οἱ
2684 2777 2790 2829 υίοὶ
2816 2775 2982 2829 αὐτοῦ
3006 2775 3083 2846 τῷ
3109 2775 3373 2844 Ἀντιόχῳ
3408 2775 3703 2844 ἐμάχοντο,

2115 2870 2278 2934 αὐτὸς
2327 2870 2402 2934 ὡς
2468 2870 2762 2941 ἀρχιερεὺς
2834 2871 2994 2938 μόνος
3048 2871 3106 2920 ἐν
3169 2867 3248 2936 τῷ
3298 2866 3413 2937 ναῷ
3468 2865 3702 2935 θυμιῶν,

2115 2962 2347 3017 ἀκοῦσαι
2385 2962 2594 3033 φωνῆς,
2627 2963 2702 3025 ὡς
2726 2963 2773 3015 οί
2805 2963 2998 3026 παῖδες
3025 2962 3195 3015 αὑτοῦ
3226 2961 3352 3032 ἄρτι
3380 2963 3705 3032 νενικήκασι

2115 3057 2204 3109 τδν
2238 3055 2512 3126 Ἀντίοχον
2537 3073 2551 3087 ·
2585 3058 2681 3110 καὶ
2712 3054 2949 3120 ἐξελθὼν
2972 3055 3278 3126 ἀπήγγειλε
3307 3055 3385 3126 τῷ
3418 3054 3616 3123 πλήθει
3644 3054 3708 3108 τδ

2117 3150 2405 3206 ἀκουσθέν.
2437 3151 2548 3204 Καὶ
2572 3152 2800 3220 γέγονεν
2831 3150 3026 3214 οὕτως.
3077 3151 3454 3222 Εὺπραγήσας
3477 3150 3535 3204 δὲ
3576 3150 3706 3220 Ὑρ-

431 3236 528 3290 οπί
570 3233 678 3290 fato
727 3237 1039 3306 repudiato,
1075 3237 1241 3306 213
1285 3247 1486 3291 nostrae
1529 3235 1801 3290 voluntati
1838 3233 2010 3288 ascri-

2123 3244 2314 3304 κανὸς,
2346 3216 2625 3312 ἐφθονήθη
2650 3216 2827 3314 ⁷παρὰ
2875 3243 2984 3296 τῶν
3019 3216 3345 3308 Ἰουδαίων,⁷
3377 3243 3619 3313 μάλιστα
3647 3216 3703 3298 δ’

431 3325 574 3380 bunt
605 3327 812 3390 omnia,
851 3337 907 3380 et
939 3342 1136 3381 causas
1182 3328 1456 3381 bonorum
1492 3341 1522 3379 a
1546 3326 1707 3380 nobis
1744 3326 2010 3394 pendere,

431 3426 488 3473 et
528 3435 628 3474 nos
672 3421 982 3474 temeritate
1017 3428 1204 3474 nostra
1242 3421 1389 3475 ultro
1426 3418 1687 3490 amplecti
1732 3418 2013 3473 deteriora

430 3509 767 3565 existimant.
814 3511 1074 3566 Pharismi
1120 3527 1310 3582 porro,
1359 3529 1594 3582 quorum
1633 3528 1828 3582 magna
1891 3521 2012 3566 erat

432 3603 578 3671 apud
610 3603 876 3672 populum
903 3604 1224 3669 auctoritas,
1250 3619 1374 3658 cum
1400 3603 1614 3673 pridem
1643 3603 1804 3657 amici
1830 3611 2017 3657 essent

431 3692 728 3764 Hyrcano,
789 3696 997 3765 quippe
1064 3712 1228 3766 quem
1293 3697 1628 3766 discipulum
1680 3696 2013 3762 habuerant,

431 3796 557 3858 post
607 3789 794 3843 nescio
845 3805 953 3858 qua
999 3789 1068 3843 de
1119 3805 1282 3845 causa
1331 3799 1448 3845 orta
1499 3790 1800 3856 simultate,
1847 3790 1917 3844 ab
1950 3791 2018 3844 iis

431 3879 680 3941 avulsus,
706 3879 760 3932 in
800 3879 1230 3935 Sadducreorum
1263 3881 1592 3937 sententiam
1625 3882 1924 3946 concessit,
1951 3895 2017 3935 ac

433 3969 574 4024 ritus
604 3971 673 4024 ab
707 3971 816 4025 illis
856 3971 1088 4026 traditos
1133 3972 1354 4027 abolere
1407 3970 1671 4027 instituit.
1699 3971 1837 4027 Nam
1874 3971 2016 4027 Sad-

430 4062 607 4116 ducazi
649 4078 712 4117 ea
762 4080 863 4133 pro
895 4064 1111 4134 legibus
1159 4064 1412 4119 habenda
1461 4064 1844 4129 afﬁrmabant,
1894 4080 2015 4134 qua:

432 4153 489 4207 in
523 4155 728 4224 scripta
757 4155 926 4209 relata
956 4166 1142 4210 essent
1171 4174 1184 4209 :
1219 4172 1339 4225 quae
1355 4172 1485 4210 vero
1512 4159 1668 4231 quasi
1698 4173 1795 4227 per
1819 4171 2016 4212 manus

434 4246 811 4313 traderentur,
861 4263 924 4301 ea
974 4265 1084 4302 non
1119 4249 1464 4305 observanda
1497 4265 1640 4304 esse.
1689 4251 1758 4304 Et
1809 4250 1914 4305 hac
1949 4250 2017 4304 de

435 4354 604 4392 causa
634 4341 943 4406 ,Pbariszeis
987 4341 1198 4398 invisus
1231 4342 1335 4397 iuit
1384 4361 1397 4396 :
1455 4343 1550 4413 qui
1595 4343 1759 4397 annis
1803 4357 1913 4397 uno
1962 4349 2020 4396 ct

441 4432 665 4500 triginta
699 4431 937 4487 feliciter
977 4436 1186 4489 exactis
1216 4436 1377 4491 obiit.
1413 4435 1556 4491 ﬁlios
1585 4445 1716 4490 natu
1751 4434 2019 4489 maximos

385 4529 394 4534 "
435 4521 733 4590 imperium
765 4527 1072 4582 amissuros
1097 4543 1242 4583 esse.

2117 3331 2359 3402 ἐμισεῖτο
2389 3334 2540 3404 παρὰ
2565 3335 2673 3388 τῶν
2725 3336 3079 3406 Φαρισαίωνο
3108 3337 3158 3389 οί
3209 3336 3255 3390 δ’
3288 3336 3397 3389 εἰσὶ
3455 3336 3558 3405 μία
3596 3336 3706 3389 τῶν

2119 3427 2270 3496 παρὰ
2297 3427 2576 3492 Ἰουδαίοις
2615 3429 2914 3500 αἱρέσεων,
2955 3429 3123 3500 τριῶν
3171 3428 3372 3484 οὐσῶν.
3407 3422 3574 3484 Οὗτοι
3604 3429 3706 3500 μὲν

2118 3515 2211 3569 οὖν
2243 3517 2292 3569 οἱ
2318 3519 2604 3587 Φαρισαῖοι
2635 3521 2988 3590 είμαρμένην
3019 3518 3332 3585 δοξάζουσι,
3360 3519 3484 3572 τινὰ
3508 3518 3566 3572 δὲ
3606 3518 3708 3571 καὶ

2119 3609 2206 3677 ἐφ’
2228 3611 2360 3680 ἡμῖν
2391 3605 2553 3673 εἶναι,
2593 3612 2918 3682 συμϐαίνειν
2957 3629 3013 3664 τε
3044 3612 3139 3664 καὶ
3167 3611 3242 3682 μὴ
3269 3609 3542 3678 γίνεσθαι.
3579 3611 3709 3663 Ἐσ-

2121 3703 2275 3769 σηνοὶ
2300 3701 2356 3754 δὲ
2389 3703 2611 3757 πάντων
2645 3704 2845 3774 κυρίαν
2877 3703 2977 3775 τὴν
3006 3703 3356 3780 εἱμαρμένην
3387 3703 3707 3772 νομίζουσιν

2121 3789 2286 3860 εἶναι,
2315 3799 2410 3849 καὶ
2471 3796 2650 3850 πάντα
2683 3800 2796 3860 τοῖς
2849 3795 3163 3868 ἀνθρώποις
3210 3798 3281 3866 ἐξ,
3314 3798 3530 3866 ἐκείνης
3565 3812 3703 3864 συμ-

2120 3887 2353 3942 ϐαίνειν.
2394 3889 2751 3944 Σαδδουκαῖοι
2773 3890 2830 3943 δὲ
2858 3889 2958 3961 τὴν
2991 3889 3092 3960 μὲν
3118 3889 3472 3960 εἱμαρμένην
3503 3886 3709 3941 ἐκϐάλ-

2118 3978 2292 4043 λουσι,
2332 3981 2512 4033 πάντα
2538 3981 2593 4032 δὲ
2623 3981 2709 4050 ἐφ’
2741 3983 2876 4049 ἡμῖν
2909 3981 3172 4046 τίθενται,
3209 3985 3306 4035 καὶ
3332 3979 3444 4033 τῶν
3483 3978 3708 4049 ἀγαθῶν

2119 4072 2265 4140 ἡμᾶς
2286 4072 2499 4133 ἑαυτοῖς
2529 4071 2735 4133 αἰτίους
2759 4066 2900 4126 εῖναι
2924 4073 3292 4136 διδάσκοντες,
3321 4073 3415 4125 καὶ
3445 4071 3513 4125 τὰ
3538 4072 3710 4142 χείρω

2118 4162 2186 4216 δι’
2220 4162 2482 4215 ἀϐουλίαν
2511 4163 2605 4230 ἀφ’
2635 4163 2846 4217 ἑαυτῶν
2870 4166 3170 4237 αἱρεῖσθαι.
3201 4165 3324 4220 Τῶν
3360 4163 3492 4234 γοῦν
3533 4165 3710 4235 Φαρι-

2122 4254 2292 4306 σαίων
2334 4257 2603 4325 πρότερον
2662 4255 2858 4324 φιλίως
2917 4258 3154 4328 ἐχόντων
3213 4259 3350 4327 πρὸς
3414 4256 3708 4328 Ὑρκανὸν,

2123 4344 2398 4415 (μαθητὴς
2441 4346 2549 4417 γὰρ
2619 4346 2804 4399 αὐτῶν
2855 4349 3125 4418 ἐγεγόνει)
3173 4349 3379 4420 συνέϐη
3408 4349 3469 4415 ἐξ
3520 4348 3707 4410 αἰτίας

2121 4437 2265 4500 τινος
2296 4438 2500 4508 ἔχθραν
2535 4439 2847 4509 κτήσασθαι
2903 4443 3041 4512 πρὸς
3083 4443 3273 4498 αὐτόν.
3317 4443 3625 4498 Ἦδύναντο
3648 4441 3712 4495 δέ

2121 4523 2268 4582 οὗτοι
2304 4532 2456 4601 παρὰ
2483 4531 2560 4599 τῷ
2587 4532 2786 4601 πλήθει
2815 4535 3042 4604 σφόδρα.
3079 4536 3348 4606 Ὑρκανὸς
3397 4537 3456 4590 δὲ
3489 4538 3556 4606 τῇ
3599 4533 3714 4588 τῶν

435 4616 813 4672 Σαδδουκαίων
895 4620 1212 4689 προσετίθει
1264 4621 1453 4693 μοίρᾳ.
1513 4622 1626 4675 τῶν
1694 4622 2011 4692 Φαρισαίων
2050 4622 2415 4692 ἀπορῤαγεὶς,
2493 4625 2586 4678 καὶ
2627 4624 2699 4678 τὰ
2759 4627 3065 4682 ὑπἀὑτῶν
3093 4629 3476 4700 παραδοθέντα
3499 4630 3711 4699 νόμιμα

435 4717 744 4770 καταλῦσαι
777 4719 1060 4789 προέθετο.
1088 4720 1149 4772 Οί
1173 4720 1526 4774 Σαδδουκαῖοι
1552 4720 1662 4792 γὰρ
1687 4723 1870 4773 ἐκεῖνα
1901 4720 2014 4772 δεῖν
2053 4720 2316 4789 ἡγεῖσθαι
2375 4720 2585 4791 νόμιμα
2617 4721 2829 4790 ἔλεγον,
2889 4724 2956 4777 τὰ
3003 4727 3370 4797 γεγραμμένα
3393 4741 3406 4755 ⁸
3433 4730 3505 4781 τὰ
3537 4727 3597 4782 δὲ
3645 4729 3714 4782 ἐκ

432 4810 786 4880 παραδόσεως
829 4812 903 4883 μὴ
936 4815 1144 4882 τηρεῖν.
1177 4813 1276 4865 Διά
1323 4812 1493 4865 ταῦτα
1545 4812 1818 4883 μεμίσητο
1858 4812 2009 4882 παρὰ
2044 4811 2152 4864 τῶν
2219 4812 2534 4881 Φαρισαίων
2563 4813 2590 4865 ὁ
2665 4813 2955 4884 Ὑρκανός.
3008 4813 3224 4879 Βιώσας
3248 4817 3306 4870 δὲ
3335 4818 3579 4889 εὐτυχῶς
3609 4822 3708 4874 ἐπὶ

431 4903 529 4974 ἔτη
556 4904 849 4975 τριάκοντα
871 4906 1004 4976 πρὸς
1033 4907 1135 4971 ἐνὶ,
1164 4907 1528 4976 ἐτελεύτησεν
1553 4906 1639 4976 ἐφ’
1661 4908 1800 4969 υίοῖς
1829 4907 2017 4960 πέντε.
2052 4906 2290 4974 Λέγεται
2320 4905 2378 4958 δὲ
2432 4906 2526 4958 καὶ
2565 4905 2903 4976 προφητείας
2933 4906 3256 4977 ἀξιωθῆναι,
3290 4910 3384 4962 καὶ
3420 4913 3714 4981 προειπεῖν

430 5003 566 5072 περὶ
593 5003 702 5055 τῶν
730 5002 824 5056 δύο
842 5002 1006 5056 αὐτῷ
1036 5003 1242 5056 παίδων
1268 5003 1378 5056 τῶν
1410 5002 1824 5074 πρεσϐυτέρων,
1852 5002 1926 5066 ὡς
1957 5003 2019 5055 οὐ
2055 5000 2282 5074 μενοῦσι
2314 4999 2424 5054 τῶν
2454 5003 2804 5071 πραγμάτων
2839 5001 3044 5072 κύριοι.

504 5097 595 5152 lli.
663 5095 915 5166 Hyrcano
971 5094 1280 5160 defuncto,
1337 5097 1712 5168 principatum
1773 5099 2010 5167 suscepit

2193 5094 2268 5148 1".
2311 5095 2748 5164 Τελευτήσαντος
2805 5095 2860 5148 δὲ
2937 5095 3243 5168 Ὑρκανοῦ,
3297 5099 3715 5168 Ἀριστόϐουλος

432 5191 786 5246 Aristobulus
815 5206 829 5241 :
875 5204 1040 5258 quem
1075 5203 1202 5242 cum
1237 5189 1292 5242 in
1332 5204 1560 5258 regnum
1591 5199 1935 5245 commutare
1964 5189 2010 5244 ei

2115 5188 2214 5259 τὴν
2254 5190 2428 5259 ἀρχὴν
2465 5188 2762 5254 διεδέξατο,
2800 5191 2896 5243 καί¹
2943 5192 3028 5252 εἰς
3075 5190 3356 5259 βασιλείαν
3391 5196 3714 5262 μεταθεῖναι

433 5284 751 5353 placuisset,
785 5282 1038 5336 diadema
1082 5281 1324 5350 sumpsit
1377 5296 1672 5336 ccccuxxi
1708 5282 1867 5336 annis
1894 5292 2010 5352 post

2115 5281 2321 5350 ταύτην
2372 5281 2529 5348 δόξαν
2581 5281 2766 5350 αὐτῷ,
2827 5281 3066 5351 διάδημα
3140 5283 3506 5354 περιτίθεται,
3572 5292 3718 5356 μετὰ

433 5387 598 5442 quam
632 5375 874 5443 populus
908 5373 1183 5444 Babylone
1216 5371 1594 5442 Hierosolyma
1629 5372 1872 5427 redierat
1906 5389 1920 5426 :
1956 5389 2010 5427 ac

2117 5375 2448 5445 τετρακόσια
2479 5373 2573 5444 ἔτη
2609 5374 2706 5426 καὶ
2744 5372 3075 5443 ὀγδοήκοντα
3125 5375 3264 5444 πρὸς
3295 5377 3396 5441 ἑνὶ,
3429 5378 3617 5442 ὲξότου
3645 5383 3718 5434 ἐκ

431 5474 663 5519 cancros
711 5465 911 5520 fratres
958 5474 1013 5519 ct
1057 5473 1290 5518 matrem
1322 5464 1392 5518 de
1424 5466 1742 5534 principatu
1779 5476 2010 5519 conten-

2127 5468 2447 5530 Βαϐυλῶνος
2473 5469 2500 5519 ὁ
2529 5466 2652 5529 λαὸς
2677 5469 2756 5530 εἰς
2792 5466 3151 5540 Ἰερουσαλὴμ
3175 5469 3505 5539 ἐπανῆλθεν.
3539 5472 3714 5535 Οὗτος

432 5557 680 5622 dentem,
737 5558 792 5612 in
843 5559 1062 5613 vincula
1115 5558 1380 5628 conjecit,
1430 5557 1764 5628 Antigonum
1829 5565 2010 5612 autem

2123 5560 2251 5624 τοὺς
2287 5561 2386 5630 μὲν
2420 5559 2615 5621 ἄλλους
2637 5559 2747 5613 τῶν
2774 5559 3044 5628 ἀδελφῶν,
3079 5564 3173 5615 καὶ
3197 5563 3297 5632 τὴν
3335 5563 3552 5634 μητέρα
3584 5567 3718 5634 περὶ

429 5657 590 5703 aetate
618 5650 723 5703 sibi
756 5651 1068 5720 proximum
1093 5651 1307 5716 dilexit,
1342 5653 1457 5720 pari
1495 5652 1706 5706 honore
1732 5651 2010 5721 dignatus.

2124 5653 2222 5723 τῆς
2243 5653 2421 5724 ἀρχῆς
2449 5652 2601 5723 αὐτῷ
2627 5652 3017 5723 διενεχθεῖσαν,
3044 5655 3295 5726 καθεῖρξε
3321 5670 3341 5689 ο
3373 5655 3468 5708 τὸν
3495 5657 3550 5710 δὲ
3590 5659 3713 5726 μετ’

432 5738 674 5794 Tandem
703 5752 931 5795 matrem
961 5741 1104 5796 fame
1137 5740 1378 5797 necavit.
1411 5742 1632 5813 Adjccit
1662 5749 1719 5796 et
1752 5742 2010 5812 Antigoni

2124 5746 2288 5798 αὑτὸν
2313 5744 2624 5813 Ἀντίγονον
2652 5745 2870 5814 ἠγάπα,
2899 5744 2997 5798 καὶ
3028 5744 3138 5800 τῶν
3166 5746 3565 5818 ὀμοίωνὴξίου.
3597 5748 3719 5819 Τὴν

431 5831 661 5898 caulem,
703 5833 992 5888 calumniis
1034 5835 1326 5904 impulsus.
1358 5835 1495 5893 Nam
1525 5850 1655 5893 cum
1679 5835 1800 5908 bis,
1838 5851 2010 5907 aegro-

2129 5838 2229 5908 μὲν
2257 5836 2350 5893 οὖν
2385 5838 2604 5910 μητέρα
2646 5837 2793 5909 λιμῷ
2828 5837 3126 5910 διέφθειρε.
3161 5839 3469 5910 Προσέθετο
3503 5841 3561 5895 δὲ
3614 5844 3710 5895 καὶ
