3980 6246
293 346 399 410 393

1557 342 1965 407 ANNALIUM
2009 344 2158 404 LIB.
2204 346 2283 405 ν.

3436 352 3547 431 394

288 461 380 514 τὸν
424 458 654 534 ἀδελφὸν
704 458 798 515 τὸν
846 460 1177 529 Ἀντίγονον,
1225 456 1498 523 διαϐολαῖς
1544 457 1863 520 πιστεύσας.

1976 460 2122 509 tante
2167 454 2511 524 Aristobulo,
2543 457 2721 513 victor
2762 455 2833 512 ab
2866 457 3219 529 expeditione
3271 476 3546 529 reversus.

289 547 575 618 Λαμπρῶς
624 548 735 619 γὰρ
776 548 944 603 αὑτοῦ
976 549 1084 603 ἀπὸ
1121 549 1412 620 στρατείας
1450 548 1868 612 ἐπανελθόντος,

289 639 463 694 ἐνόσει
489 643 519 694 ὁ
548 640 989 713 Ἀριστόϐουλος.
1034 643 1465 714 Ἐορταζομένης
1498 642 1556 694 δὲ
1580 637 1689 710 ’τῆς
1730 641 1873 711 Σκη-

288 733 578 802 νοπηγίας,
612 731 780 804 ἀνέϐη
812 735 894 798 εἰς
923 736 984 789 τὸ
1035 733 1181 807 ἱερὸν
1210 737 1238 789 ὁ
1268 733 1573 802 Ἀντίγονος
1602 731 1742 804 μετά
1763 732 1873 784 τῶν

291 823 422 894 περὶ
451 825 621 880 αὐτὸν
649 826 907 890 ὁπλιτῶν,
941 824 1363 896 κεκοσμημένος
1392 823 1680 896 λαμπρῶς.
1719 824 1782 875 Οἱ
1816 822 1874 877 δὲ

291 914 478 970 τοῦτον
506 919 641 987 πρὸς
664 918 757 972 τὸν
783 919 1011 988 ἀδελφὸν
1039 918 1445 984 διαϐάλλοντες,
1474 918 1552 988 μὴ
1575 914 1697 971 κατ’
1730 914 1875 969 ἰδιώ-

291 1026 390 1080 την
429 1011 596 1064 αὑτὸν
642 1011 831 1080 ἔλεγον
862 1010 1037 1065 ἐλθεῖν
1065 1013 1145 1076 είς
1174 1011 1272 1082 τὴν
1303 1010 1518 1081 ἑορτὴν,
1549 1009 1690 1063 ἀλλά
1715 1006 1874 1075 βασι-

290 1102 414 1174 λικῇ
440 1104 783 1174 κεχρημένον
805 1104 1157 1175 λαμπρότητι
1176 1121 1188 1134 ⁸
1212 1105 1306 1157 καλ⁸
1331 1104 1412 1157 ὅτι
1439 1101 1579 1173 μετά
1601 1102 1872 1169 τοσαύτης

285 1193 618 1269 δορυφορίας
655 1197 1007 1266 στρατιωτῶν
1055 1195 1335 1261 ἀνελθὼν,
1390 1194 1706 1265 βουλεύεται
1752 1197 1871 1247 κατ’

287 1289 481 1343 αὐτοῦ.
521 1290 937 1360 Ἀριστόϐουλος
958 1290 1037 1354 δὲ,
1079 1291 1173 1343 καὶ
1205 1289 1304 1360 τῆς
1333 1290 1537 1353 οἰκείας
1567 1289 1873 1359 ἀσφαλείας

289 1382 614 1449 φροντίζων,
653 1384 748 1436 καὶ
782 1381 877 1435 τοῦ
924 1382 1157 1452 ἀδελφοῦ
1201 1381 1471 1455 προνοῶν,
1520 1381 1578 1433 ἕν
1624 1397 1729 1433 τινι
1764 1380 1872 1432 τῶν

290 1471 561 1539 ὑπογείων
609 1473 844 1541 ἀφεγγεῖ
900 1473 1026 1535 τοὺς
1093 1470 1573 1541 σωματοφύλακας
1633 1470 1870 1531 ἵστησιν,

289 1563 669 1634 ἐντειλάμενος
718 1564 925 1618 ἀόπλου
987 1564 1087 1636 μὲν
1130 1565 1226 1618 τοῦ
1271 1565 1509 1634 ἀδελφοῦ
1567 1564 1869 1634 φείδεσθαι,

290 1657 524 1709 κτείνειν
554 1657 611 1711 δὲ
646 1660 810 1711 αὐτὸν
836 1658 978 1727 μετά
1008 1657 1119 1710 τῶν
1143 1658 1327 1712 ὃπλων
1369 1658 1687 1728 ἐρχόμενον.
1724 1658 1874 1727 Πέμο

1976 544 2481 604 'l‘abcrnaculorum
2527 548 2669 604 festo
2700 549 2990 621 magnifice
3019 562 3250 609 ornatus
3279 568 3406 610 cum
3435 556 3552 612 suis

1974 639 2307 694 satellitibus
2332 641 2387 695 in
2422 643 2690 713 templum
2727 643 3068 701 ascendisset
3100 663 3112 698 :
3143 645 3198 701 id
3225 646 3431 703 factum
3463 667 3551 704 ca-

1975 733 2337 791 lumniatores
2384 734 2461 790 ita
2505 735 3034 807 interpretabantur,
3074 753 3201 792 eum
3244 740 3311 794 ad
3346 739 3547 796 festum

1974 840 2088 880 non
2140 841 2293 882 more
2335 826 2554 897 plebeio
2602 827 2838 893 venisse,
2899 827 2995 883 sed
3052 830 3205 901 regio
3254 831 3550 902 Splendore

1978 934 2139 973 usum
2168 933 2312 986 esse,
2345 928 2401 974 et
2424 920 2553 991 quia
2579 936 2704 975 cum
2731 929 2881 975 tanta
2904 920 3141 977 militum
3170 939 3331 978 manu
3364 939 3554 981 ascen-

1975 1010 2139 1077 dcrit,
2174 1013 2404 1068 consilia
2444 1023 2634 1068 contra
2673 1029 2855 1084 regem
2894 1014 3124 1085 agitare.
3169 1016 3549 1084 Aristobulus,

1975 1104 2070 1173 qui
2101 1113 2157 1158 et
2186 1119 2301 1159 sua:
2330 1104 2614 1160 securitati
2645 1114 2702 1160 et
2745 1103 2935 1162 fratris
2986 1109 3297 1166 rationibus
3328 1114 3552 1167 consul-

1978 1205 2092 1249 tum
2140 1195 2328 1262 vellet,
2382 1197 2716 1251 satellitibus
2756 1197 2895 1261 suis,
2946 1198 3000 1254 in
3032 1201 3269 1270 quodam
3310 1202 3553 1261 obscuro

1976 1286 2341 1342 subterraneo
2401 1289 2520 1342 loco
2571 1288 2926 1354 constitutis,
2982 1293 3225 1357 mandat,
3279 1306 3340 1349 ut
3398 1294 3550 1350 fratri

1977 1378 2170 1433 inermi
2220 1387 2471 1449 parcant,
2530 1388 2804 1435 armatum
2849 1381 3120 1437 occidant.
3174 1384 3339 1440 Mittit
3394 1398 3453 1443 et
3485 1387 3553 1444 ad

1976 1470 2336 1541 Antigonum,
2380 1485 2619 1540 eumque
2664 1471 2933 1526 inermem
2985 1473 3176 1528 venire
3218 1476 3399 1547 jubet.
3446 1475 3556 1533 Sed

1976 1566 2097 1636 ejus
2126 1579 2285 1627 uxor,
2318 1573 2376 1619 et
2406 1563 2502 1633 qui
2538 1578 2663 1618 cum
2696 1578 2762 1619 ea
2794 1574 2988 1620 contra
3046 1565 3385 1639 Antigonum
3419 1586 3557 1625 con-

1977 1659 2275 1728 spirarant,
2320 1657 2518 1713 nuntio
2544 1671 2947 1729 persuaserunt
2967 1671 3022 1717 ut
3043 1661 3276 1728 diceret,
3305 1664 3555 1733 fratrem,

291 1766 380 1801 πει
402 1749 459 1802 δὲ
487 1753 579 1803 καὶ
604 1751 741 1822 πρὸς
765 1752 856 1804 τον
876 1752 1207 1820 Ἀντίγονον,
1230 1750 1429 1819 ἄοπλον
1450 1752 1615 1805 αὑτὸν
1638 1750 1871 1806 κελεύων

1976 1752 2124 1822 quod
2156 1751 2399 1806 audierit
2445 1766 2573 1807 eum
2624 1768 2766 1808 nova
2813 1770 2966 1810 arma
2997 1770 3244 1826 parasse,
3282 1768 3467 1828 petere
3499 1771 3561 1817 ut

288 1841 467 1910 ἣκειν.
518 1842 583 1897 Ἦ
613 1844 671 1896 δὲ
698 1844 792 1898 τοῦ
828 1843 1246 1917 Ἀριστοϐούλου
1300 1844 1436 1915 γυνὴ
1472 1844 1566 1898 καὶ
1605 1844 1655 1896 οί
1695 1844 1869 1916 ταύτῃ

291 1937 729 2006 συμφρονοῦντες
780 1936 924 1991 κατά
975 1936 1069 1990 τοῦ
1118 1936 1451 2005 ’Λντιγόνου,
1500 1937 1730 1991 ἔπεισαν
1777 1938 1871 1991 τὶν

290 2028 555 2082 σταλέντα
584 2029 766 2098 λέγειν
812 2029 890 2101 τῷ
919 2029 1236 2102 Ἀντιγόνῳ.
1263 2030 1335 2093 ὡς
1365 2030 1632 2095 Ἀκούσας
1655 2034 1685 2085 ὁ
1711 2031 1870 2084 ἀδελ.

293 2124 388 2191 φύς
413 2140 532 2184 σου,
558 2124 641 2175 ὅτι
673 2122 811 2176 ὅπλα
842 2122 1008 2176 καινὰ
1048 2121 1486 2188 κατεσκεύασας,
1533 2124 1673 2189 ἀξιοῖ
1697 2123 1867 2176 ὠπλι-

292 2215 487 2284 σμένον
527 2214 702 2269 ἐλθεῖν
744 2233 827 2279 σε,
860 2216 925 2268 ἵν’
957 2216 1055 2270 ίδοι
1103 2217 1264 2271 αύτὰ.
1296 2216 1357 2270 '0
1399 2217 1476 2283 δὲ,
1523 2217 1690 2287 μηδὲν
1736 2218 1870 2271 ὐποο

288 2305 549 2371 πτεύσας,
597 2308 949 2379 ἐνδεδυμένος
999 2310 1098 2381 τὴν
1137 2310 1470 2377 πανοπλίαν,
1518 2310 1706 2382 ἀπῄει.
1759 2312 1870 2365 Καὶ

287 2400 577 2470 γενόμενος
630 2403 773 2457 κατά
825 2402 920 2457 τὸν
982 2402 1300 2475 Στράτωνος
1360 2405 1593 2477 πύργον,
1644 2406 1779 2459 ὅπου
1840 2404 1870 2456 δ

284 2493 447 2557 τόπος
472 2493 779 2564 ἀφώτιστος
802 2492 892 2568 ἦν,
924 2496 1197 2552 κτείνεται
1230 2497 1383 2570 παρὰ
1403 2498 1513 2552 τῶν
1540 2514 1870 2568 σωματοφυ-

285 2585 487 2641 λάκων.
518 2586 722 2653 Ἰούδας
748 2588 806 2642 δέ
833 2606 916 2653 τις
949 2590 1203 2653 Ἐσσαῖος
1237 2591 1299 2644 τὸ
1325 2590 1501 2659 γένος,
1539 2590 1712 2646 πολλὰ
1738 2609 1873 2662 τερο-

285 2679 457 2746 λέγων
515 2680 611 2734 καὶ
667 2680 990 2751 ἀληθεύων,
1056 2680 1181 2736 ίδὼν
1232 2683 1355 2735 τότε
1411 2683 1502 2735 τὸν
1565 2682 1870 2751 Ἀντίγονον

285 2773 553 2842 παριόντα
598 2772 660 2825 τὸ
697 2773 863 2843 ἱερὸν,
917 2772 1242 2844 ἀνεϐόησεν,
1289 2774 1589 2828 ἀποθανεῖν
1640 2775 1869 2847 ἐπευχό-

288 2880 467 2933 μενος,
498 2866 575 2926 ὼς
619 2862 1007 2935 διεψευσμένος
1037 2879 1050 2893 ·
1082 2867 1314 2937 προεῖπε
1340 2865 1448 2935 γὰρ
1473 2864 1635 2920 αὑτὸν
1666 2866 1869 2931 ζῶντος

283 2955 379 3009 τοῦ
411 2958 726 3026 Ἀντιγόνου
786 2959 909 3012 κατ’
960 2958 1179 3030 ἐκείνην
1234 2958 1568 3030 θανούμενον
1602 2959 1703 3031 τὴν
1733 2960 1871 3030 ἡμέ-

288 3066 382 3120 ραν
413 3052 470 3104 ὲν
512 3051 591 3121 τῷ
643 3052 958 3123 Στράτωνος
1004 3051 1202 3125 πύργῳ
1232 3069 1247 3085 ο
1278 3053 1370 3107 τὸν
1402 3052 1459 3107 δὲ
1486 3053 1735 3116 σταδίους
1762 3055 1869 3106 ἀπ-

1976 1853 2225 1898 armatus
2264 1859 2324 1900 se
2355 1844 2721 1915 spectandum
2759 1843 2862 1916 ipsi
2890 1847 3155 1917 praebeat.
3195 1849 3264 1905 At
3295 1850 3385 1906 ille
3421 1850 3557 1907 nihil

1976 1940 2105 1996 ntali
2146 1940 2458 2010 suspicans,
2494 1938 2808 2010 panopliam
2845 1939 3072 1996 indutus
3112 1940 3228 1997 abit
3257 1959 3272 1998 ι
3306 1953 3363 1998 ct
3394 1944 3561 2016 219

1972 2050 2100 2091 cum
2147 2033 2216 2088 ad
2264 2032 2538 2090 Stratonis
2589 2033 2787 2088 turrim
2827 2033 3092 2099 venisset,
3150 2035 3245 2090 ubi
3287 2035 3560 2095 obscurus

1975 2129 2065 2184 ille
2085 2128 2242 2183 locus
2272 2138 2413 2193 erat,
2465 2141 2496 2181 a
2542 2127 2882 2183 satellitibus
2910 2127 3206 2183 occiditur.
3231 2130 3402 2186 ludas
3427 2147 3560 2187 vero

1973 2221 2196 2291 quidam
2233 2218 2468 2284 Essaeus,
2497 2218 2669 2273 multa
2693 2232 2825 2274 vere
2863 2219 3159 2289 praedicere
3182 2221 3402 2286 solitus,
3430 2236 3557 2278 cum

1974 2315 2311 2384 Antigonum
2346 2311 2616 2381 templum
2646 2310 2932 2382 praeterire
2964 2320 3079 2368 tum
3107 2313 3342 2381 videret,
3376 2316 3561 2372 excla-

1976 2408 2166 2472 mavit,
2198 2415 2430 2461 mortem
2464 2405 2570 2460 sibi
2597 2404 2702 2475 ipsi
2734 2404 3089 2475 imprecatus,
3117 2406 3267 2477 quod
3289 2407 3382 2462 ille
3413 2407 3560 2463 vive-

1974 2508 2098 2573 ret,
2141 2514 2307 2570 quem
2345 2512 2418 2554 eo
2457 2497 2548 2553 die
2594 2497 2649 2552 in
2703 2495 2982 2553 Stratonis
3035 2499 3174 2554 turri
3224 2499 3559 2558 moriturum

1970 2586 2110 2644 falso
2148 2586 2382 2642 dixisset
2413 2603 2427 2640 :
2461 2601 2584 2657 quae
2610 2600 2736 2640 cum
2776 2587 3052 2645 sexcentis
3085 2588 3281 2645 stadiis
3311 2589 3554 2658 abesset,

1974 2698 2086 2737 non
2138 2695 2301 2751 posse
2349 2680 2722 2750 Antigonum,
2769 2678 2858 2735 die
2891 2679 3002 2750 jam
3061 2680 3391 2748 inclinante,
3427 2682 3560 2738 illuc

1975 2774 2286 2845 pervenire.
2320 2772 2451 2840 Qua:
2482 2772 2612 2827 dum
2643 2770 2816 2828 Judas
2846 2771 3079 2837 diceret,
3122 2774 3412 2828 nuntiatur
3442 2774 3560 2829 An-

1975 2870 2198 2941 tigonus
2228 2867 2285 2922 in
2323 2867 2418 2922 illo
2446 2880 2639 2936 Specu,
2674 2864 2769 2936 qui
2818 2873 2873 2920 et
2910 2864 3050 2934 ipse,
3091 2867 3560 2935 quemadmodum

1974 2961 2253 3017 maritima
2294 2960 2566 3023 Cresarea,
2594 2957 2871 3015 Stratonis
2905 2957 3079 3013 turris
3112 2958 3437 3025 vocabatur,
3474 2959 3561 3015 in-

1978 3054 2263 3112 terfectus.
2311 3054 2393 3109 Eo
2445 3052 2512 3107 ad
2552 3052 2701 3107 hunc
2754 3050 2979 3106 modum
3023 3050 3262 3116 sublato,
3312 3051 3560 3108 vindicta

286 3146 425 3213 ἐχειν
449 3142 792 3211 ἑξακοσίους,
830 3144 905 3209 ὡς
940 3143 1202 3200 ἀδύνατον
1238 3139 1379 3198 εἶναι
1412 3144 1502 3199 τὸν
1561 3144 1870 3214 ’Λντίγονον

1976 3150 2162 3207 statim
2195 3148 2455 3204 fraterna:
2485 3146 2652 3202 czedis
2682 3159 2877 3216 poenas
2908 3143 3091 3214 exegit
3116 3143 3185 3199 ab
3212 3142 3559 3202 Aristobulo.

284 3238 400 3290 ἐκεῖ
424 3237 781 3310 γενήσεσθαι,
814 3239 915 3309 ἤδη
962 3240 1058 3310 τῆς
1088 3238 1300 3309 ἡμέρας
1336 3238 1645 3312 κλινούσης.
1677 3240 1867 3294 Ταῦτα.

282 3330 532 3400 λέγοντος
564 3332 661 3386 τοῦ
695 3332 893 3399 Ἰούδα,
921 3332 1249 3401 ἀγγέλλεται
1277 3332 1530 3397 κτανθεὶς
1558 3332 1868 3402 Ἀντίγονος

278 3429 336 3480 ἐν
389 3426 472 3497 τῷ
522 3426 790 3497 ὑπογείῳ,
849 3425 878 3479 ὃ
908 3426 1001 3479 καὶ
1026 3426 1160 3479 αὐτὸ
1206 3426 1520 3497 Στράτωνος
1581 3426 1869 3498 ὼνόμαστο

276 3518 492 3592 πύργος
521 3518 834 3590 ὁμωνύμως
864 3523 933 3593 τῇ
972 3519 1230 3592 παραλίῳ
1273 3519 1605 3591 Καισαρείᾳ.
1640 3520 1733 3590 Τῷ
1768 3520 1873 3591 μὲν⁵

277 3613 375 3670 οὖν
400 3617 699 3686 Ἀντιγόνῳ
731 3615 944 3670 τοιοῦτο
967 3617 1161 3686 γέγονε
1191 3615 1344 3680 τέλος
1365 3633 1380 3648 ’
1413 3615 1506 3670 τὸν
1528 3615 1585 3668 δὲ
1620 3616 1869 3685 Ἀριστὸ-

279 3709 474 3764 ϐουλον
529 3709 694 3771 εὐθὺς
750 3710 946 3781 ἠδίκη
997 3708 1236 3780 μετῆλθε
1269 3711 1369 3779 τῆς
1422 3707 1864 3777 ἀδελφοκτονίας,

280 3804 378 3858 καὶ
399 3803 818 3874 διαφθαρέντων
846 3804 997 3875 αύτῷ
1030 3805 1138 3858 τῶν
1170 3803 1347 3867 ἐντὸς,
1399 3799 1540 3873 αἷμα
1580 3802 1871 3874 ἀνέφερεν,

278 3897 309 3950 ὃ
330 3914 420 3962 τις
440 3897 557 3953 τῶν
584 3897 783 3968 ἐκείνῳ
820 3896 1242 3968 ὑπηρετούντων
1275 3896 1613 3964 ὲκκομίζων,
1640 3895 1871 3951 ὤλισθεν

1973 3244 2111 3301 Nam
2141 3259 2265 3299 cum
2312 3258 2379 3297 ex
2414 3239 2695 3298 intestinis
2727 3238 3011 3311 corruptis
3051 3238 3374 3311 sanguinem
3416 3242 3561 3313 reje-

1981 3339 2177 3401 cisset,
2211 3349 2336 3390 cum
2371 3334 2625 3390 minister
2651 3330 2912 3397 eﬂ‘erens,
2946 3330 3000 3386 in
3027 3345 3095 3386 eo
3121 3330 3241 3387 loco
3274 3331 3373 3389 ubi
3402 3330 3562 3387 Auli-

1973 3444 2153 3500 gonus
2175 3443 2350 3485 cassus
2376 3435 2518 3492 erat,
2545 3439 2746 3481 cruore
2782 3424 2967 3481 adhuc
3011 3438 3334 3494 conspersa,
3371 3424 3561 3496 lapsus

1972 3521 2190 3585 effudit,
2227 3529 2287 3575 ut
2312 3532 2439 3573 eum
2468 3517 2563 3572 illo
2593 3516 2941 3572 misceretur.
2968 3515 3089 3584 Quo
3113 3516 3466 3572 Aristobulus
3492 3530 3562 3571 ex

1971 3631 2166 3673 eorum
2186 3614 2281 3686 qui
2316 3612 2370 3668 id
2401 3612 2658 3667 viderant
2687 3611 2931 3667 clamore
2956 3612 3201 3683 cognito,
3225 3611 3561 3683 laerymans.

1972 3718 2172 3780 praeter
2207 3706 2313 3760 alia
2358 3703 2493 3759 illud
2540 3717 2762 3773 quoque
2805 3702 3027 3768 effatus,
3061 3703 3231 3774 impia
3275 3719 3375 3758 sua
3415 3702 3562 3760 facta

1975 3804 2168 3872 utique
2211 3800 2384 3855 Deum
2435 3797 2610 3852 latere
2664 3811 2774 3851 non
2825 3797 3095 3865 potuisse,
3150 3795 3407 3864 moritur,
3435 3811 3562 3851 cum

1977 3910 2147 3952 unum
2184 3898 2470 3962 regnasset
2499 3903 2730 3943 annum.

277 3992 359 4055 είς
396 3956 493 4044 τὸν
543 3956 766 4055 sdatum.
789 3985 852 4045 οὗ
991 3987 1296 4057 Ἀντίγονος
1351 3956 1610 4060 ἑσξοάγηί
1649 3986 1732 4042 ἔτι
1778 3988 1874 4043 τοῦ
1945 3990 2178 4060 αἵματος
2224 3956 2438 4037 ἐκείνου
2483 3980 2677 4050 ἔχοντα
2726 3977 2972 4044 σπίλους,
3046 3979 3144 4033 καὶ
3211 3977 3449 4050 ἐξέχεεν,
3485 3981 3565 4042 ὡς
3608 3956 3617 3964 ’

274 4085 657 4156 ἀναμεμίχθαι
687 4086 1020 4156 ἀμφοτέρων
1069 4085 1140 4138 τά
1190 4084 1424 4154 αἵματα.
1475 4085 1783 4157 Γενομένης
1848 4084 1908 4139 δὲ
1951 4085 2079 4156 βοῆς
2103 4080 2257 4152 παρά
2286 4079 2398 4132 τῶν
2432 4076 2676 4141 ἰδόντων,
2710 4073 2901 4144 μαθὼν
2929 4074 2989 4128 τὸ
3029 4075 3246 4146 συμϐὰν
3314 4077 3565 4148 Ἀριστὸ-

206 4179 491 4243 κϐουλος,
523 4177 771 4249 οἰμώξας
823 4177 1074 4248 προήχθη
1114 4179 1194 4243 είς
1235 4180 1468 4252 δάκρυα,
1506 4181 1602 4234 καὶ
1662 4179 1780 4233 Οὐκ
1844 4179 1954 4249 ἄρα
1987 4179 2196 4249 λήσειν,
2230 4172 2409 4238 εἶπεν,
2459 4169 2686 4242 ἔμελλον
2711 4169 2802 4224 τὸν
2835 4167 2969 4224 Θεὸν
2996 4169 3083 4223 ἐπ’
3127 4170 3382 4241 ἀσεϐέσιν
3419 4170 3565 4245 οὕτω

275 4275 620 4346 τολμήμασι.
666 4272 777 4327 Καὶ
813 4273 953 4327 ἀλλα
978 4273 1037 4327 δὲ
1062 4273 1326 4338 ἐπειπὼν,
1365 4273 1730 4346 ἀποθνήσκει,
1774 4274 2101 4342 βασιλεύσας
2133 4269 2403 4325 ἐνιαυτόν.

347 4375 424 4426 Δθ.
458 4369 700 4440 Σαλώμη
727 4369 786 4422 δὲ
814 4370 847 4440 ἡ
879 4369 1095 4424 ἐκείνου
1141 4368 1303 4439 γυνὴ.
1337 4369 1373 4439 ἡ
1422 4371 1519 4422 καὶ
1543 4369 1877 4444 Ἀλεξάνδρα

274 4464 569 4534 ἐκέκλητο,
595 4461 807 4516 λύσασα
828 4462 955 4526 τοὺς
987 4462 1254 4530 ἀδελφοὺς
1285 4462 1383 4516 τοῦ
1407 4463 1600 4535 ἀνδρὸς
1633 4464 1768 4532 (δεδε
1777 4464 1876 4534 μέ-

276 4572 406 4619 νους
458 4556 572 4626 γὰρ
634 4552 779 4625 εἶχεν
837 4555 1039 4617 αὐτοὺς

278 4649 609 4718 καθίστησιν
632 4645 896 4712 Ἰαννέαν,
916 4647 1009 4699 τὸν
1036 4646 1131 4700 καὶ
1153 4645 1534 4717 Ἀλέξανδρον,
1556 4647 1869 4719 προύχοντα

279 4743 405 4796 καθ’
435 4741 682 4813 ἡλικίαν,
721 4740 821 4794 καὶ
858 4738 1255 4810 μετριώτατον.
1310 4740 1408 4802 Ὃς
1454 4741 1555 4811 τὴν
1589 4741 1872 4811 βασιλείαν

281 4833 648 4904 παραλαϐὼν,
677 4833 881 4887 κτείνει
918 4833 1016 4903 μὲν
1052 4831 1446 4903 νεωτερίζοντα
1486 4832 1581 4886 τὸν
1623 4833 1721 4887 ἕνα
1763 4834 1874 4888 τῶν

278 4928 535 4999 ἀδελφῶν
563 4943 579 4959 ο
606 4927 699 4980 τὸν
724 4926 772 4980 δ’
807 4925 996 4996 ἕτερον
1042 4925 1426 4996 ἀπραγμόνως
1457 4927 1640 4990 ζῶντα
1684 4925 1868 4994 ἐτίμα.

280 5020 564 5091 Πολέμους
578 5019 636 5073 δέ
654 5035 808 5083 τινας
824 5020 1199 5090 ποιησᾲμενος
1214 5020 1352 5089 πρός
1370 5034 1545 5083 τινας,
1563 5018 1661 5071 καὶ
1678 5018 1755 5089 πῆ
1775 5018 1875 5086 μὲν

279 5118 593 5183 κρατήσας,
636 5108 752 5163 ἐστι
775 5108 822 5162 δ’
853 5109 989 5163 ὅπου
1017 5113 1110 5162 καὶ
1130 5107 1407 5179 ἡττηθεὶς,
1433 5106 1587 5170 τέλος
1613 5106 1707 5161 καὶ
1738 5105 1875 5177 πρὸς

276 5206 407 5269 τοὺς
425 5200 737 5274 ὁμοφύλους
756 5197 893 5273 ἦρεν
914 5200 1081 5266 ὅπλα,
1112 5199 1234 5254 κατ’
1262 5197 1431 5254 αὐτοῦ
1451 5198 1872 5260 στασιάσαντας.

290 5297 523 5369 ἐορτῆς
545 5296 657 5366 γὰρ
685 5294 877 5365 ούσης,
909 5292 1116 5348 καύτοῦ
1147 5293 1242 5346 ἐπὶ
1277 5290 1375 5346 τοῦ
1411 5289 1599 5362 βωμοῦ
1623 5288 1875 5342 ἀνελθόν-

278 5408 377 5454 τος
415 5392 491 5454 ὡς
543 5388 824 5455 θύσοντος,
853 5388 1085 5459 κιτρίοις
1103 5388 1270 5442 αὐτὸν
1292 5387 1355 5439 τὸ
1392 5385 1598 5454 πλῆθος
1649 5381 1875 5437 ἔϐαλλον

282 5484 465 5555 (ἔθους
490 5483 649 5547 δντος
673 5485 732 5536 ὲν
756 5484 824 5556 τῇ
852 5479 1209 5551 Σκηνοπηγίᾳ
1229 5478 1463 5548 θύρσους
1495 5475 1755 5546 φοινίκων
1781 5476 1877 5528 καὶ

281 5574 512 5646 κιτρίων
559 5578 620 5629 ὲν
677 5577 864 5647 χεροῖν
909 5571 1103 5644 ἔχειν),
1134 5573 1229 5626 καὶ
1263 5570 1454 5641 ὒϐρεις
1480 5568 1648 5622 αὐτοῦ
1708 5567 1875 5622 κατέ·

281 5688 435 5744 χεον.
472 5665 578 5726 Οἷα
603 5665 972 5738 παροξυνθεὶς
1005 5667 1035 5717 ὁ
1062 5665 1442 5735 ’Δλέξανδρος,
1493 5662 1697 5716 κτείνει
1745 5658 1875 5730 περὶ

285 5761 694 5834 ἑξαγασχιλλους
746 5756 951 5813 αὐτῶν.
989 5750 1122 5809 Εἶτα
1183 5755 1461 5825 συνάψας-
1497 5756 1678 5826 μάχην
1739 5757 1874 5826 προς

288 5858 560 5928 ολραδας,
612 5856 707 5908 καὶ
760 5850 1060 5922 ἡττηθεὶς,
1110 5848 1329 5918 φεύγων
1380 5852 1460 5912 εἰς
1524 5849 1876 5922 Ἱεροσόλυμα

609 5950 882 6011 ΡΑτιιοι.
932 5946 1048 6007 Gn.
1098 5943 1418 6005 CXXXlV.

2043 4366 2133 4421 IV.
2197 4363 2416 4420 Salome
2478 4371 2667 4419 autem
2688 4402 2704 4427 ,
2740 4376 2863 4432 quae
2894 4367 2952 4415 et
2986 4360 3297 4417 Alexandra
3323 4362 3564 4420 vocaba-

1974 4463 2161 4524 batur,
2184 4458 2386 4513 fratres
2416 4457 2602 4512 mariti
2649 4455 2892 4512 vinculis
2937 4453 3124 4521 solvit,
3162 4464 3220 4510 et
3264 4454 3562 4523 Janneam,

1122 4554 1561 4626 Ἀριστόϐουλος)
1651 4556 1871 4625 βασιλέα

1981 4552 2076 4623 qui
2136 4560 2191 4607 et
2238 4549 2568 4611 Alexander,
2617 4548 2967 4620 grandiorem
2993 4557 3085 4610 ,οι
3129 4548 3564 4604 moderatiorem

1973 4644 2220 4709 caeteris,
2264 4657 2448 4714 regem
2495 4640 2785 4698 constituit
2830 4659 2846 4697 :
2889 4642 2985 4712 qui
3027 4656 3201 4712 regno
3256 4652 3562 4713 suscepto,

1972 4742 2209 4792 alterum
2227 4749 2297 4790 ex
2324 4733 2592 4789 fratribus
2610 4734 2779 4789 rebus
2802 4734 2971 4788 novis
2991 4733 3307 4789 studentem
3335 4733 3563 4802 occidit,

1976 4831 2256 4894 alterum,
2324 4828 2501 4898 quieti
2572 4825 2779 4897 ingenii
2850 4825 3167 4892 hominem,
3242 4827 3560 4884 honoravit.

1974 4923 2142 4978 Bellis
2190 4929 2383 4977 contra
2437 4920 2707 4990 quosdam
2762 4919 2956 4989 gestis,
3007 4919 3148 4975 alias
3188 4919 3391 4986 vietor,
3423 4919 3561 4974 alias

1976 5014 2154 5072 victus
2185 5050 2202 5078 ,
2264 5011 2489 5067 tandem
2547 5009 2621 5066 ob
2686 5020 2891 5066 motam
2970 5009 3302 5065 seditionem
3333 5048 3351 5073 ,
3417 5022 3557 5064 eon-

1979 5119 2061 5162 tra
2124 5106 2416 5176 populares
2481 5119 2705 5174 quoque
2765 5119 2921 5160 arma
2986 5104 3155 5173 cepit.
3220 5101 3358 5157 Nam
3429 5116 3557 5158 cum

1979 5197 2033 5252 in
2065 5197 2206 5252 festo
2248 5196 2638 5251 immolaturus
2659 5211 2809 5251 aram
2847 5193 3280 5256 conscendisset,
3320 5193 3560 5264 populus

1976 5297 2103 5347 cum
2146 5288 2350 5360 thyrsis
2376 5288 2672 5344 eodrorum
2707 5287 2869 5358 petiit
2906 5285 3100 5355 (moris
3135 5283 3286 5339 enim
3327 5293 3469 5348 erat,
3498 5295 3561 5341 ut

1980 5384 2032 5437 in
2066 5382 2209 5438 festo
2240 5380 2752 5438 Tabernaeulorum
2781 5378 3000 5448 thyrsos
3035 5376 3346 5445 palmarum
3378 5385 3436 5433 et
3459 5395 3559 5436 co-

1977 5476 2206 5531 drorum
2252 5476 2309 5529 in
2355 5473 2613 5530 manibus
2649 5469 2954 5542 gestarent)
2980 5477 3040 5524 et
3084 5468 3562 5529 convitiisinces-

1979 5569 2051 5622 sit
2098 5585 2113 5622 :
2167 5566 2373 5636 quibus
2421 5573 2769 5629 commotus,
2816 5561 3047 5617 circiter
3097 5576 3152 5616 vt
3202 5561 3377 5621 millia
3412 5567 3563 5622 occi-

1978 5661 2081 5715 dit.
2114 5659 2324 5717 Deinde
2348 5659 2535 5730 prtelio
2558 5657 2738 5712 victus
2764 5654 2834 5711 ab
2853 5652 3154 5722 Arabibus,
3183 5655 3560 5731 Hierosolyma

1980 5752 2205 5823 refugit.
2265 5752 2345 5808 Ad
2393 5765 2518 5806 eam
2564 5747 2781 5804 cladem
2821 5748 3060 5805 accessit
3103 5750 3295 5820 populi
3334 5750 3560 5813 seditio,

1982 5860 2107 5902 cum
2152 5861 2264 5903 ouo
2299 5858 2397 5914 per
2441 5856 2626 5898 annos
2665 5857 2717 5898 vt
2759 5837 3104 5909 dimicando,
3138 5856 3239 5912 per
3267 5840 3560 5913 stipendia-

3178 5934 3249 5996 i3
