4002 6250
352 338 355 341 ’
373 360 483 422 3m

1645 350 1775 411 JOA
1786 346 1971 409 NNIS
2011 344 2149 405 ZON
2163 343 2339 404 ARIE

3535 344 3653 399 400

372 477 466 545 qui
543 467 840 541 aliquando
919 470 971 522 in
1051 475 1186 522 :estn
1257 473 1314 521 et
1390 462 1641 545 siccitate
1720 460 1947 514 imbrem

2064 456 2234 510 αὐτοῦ
2291 458 2375 518 είς
2428 452 2527 525 τὴν
2584 449 2872 516 Ἰουδαίαν,
2934 450 3030 503 καὶ
3080 450 3160 513 εἰς
3215 448 3316 521 τὴν
3371 449 3655 519 βασιλείαν

370 583 401 621 a
482 565 594 619 Deo
690 561 950 633 precibus
1043 560 1367 628 impetrarat
1398 595 1414 617 ,
1507 562 1824 625 rogarent,
1895 559 1959 607 ut

370 656 744 713 Aristobulum
775 670 898 709 cum
947 667 1045 708 sua
1093 650 1333 705 factione
1360 645 1677 705 devoveret.
1711 658 1822 698 non
1857 658 1957 713 pa-

372 751 507 812 ruit,
538 748 633 803 sed
670 761 796 800 cum
823 753 1116 815 cogeretur
1152 758 1165 793 :
1223 738 1268 794 0
1306 740 1440 793 Deus
1465 754 1557 791 rex
1583 737 1840 800 uniuersi,
1868 736 1955 788 in-

369 843 509 913 quit,
544 841 667 909 quia
693 840 799 892 etii
826 840 915 908 qui
938 838 1068 890 mihi
1097 842 1295 893 astant,
1321 833 1397 885 tui
1420 839 1565 895 sunt,
1594 829 1956 883 «sacerdotes

369 934 457 1003 qui
498 933 822 990 obsidentur,
862 928 1019 981 iidem
1061 927 1178 978 tui:
1214 939 1330 985 ora,
1357 932 1414 975 ut
1439 937 1606 991 neque
1645 921 1725 974 Itis
1769 930 1955 974 contra

368 1025 510 1089 illos,
528 1038 694 1093 neque
718 1024 796 1075 Iu's
826 1028 1012 1075 contra
1033 1020 1123 1071 hos
1151 1032 1300 1087 opem
1327 1015 1486 1085 feras.
1514 1014 1623 1067 llac
1640 1012 1957 1082 precatione

367 1126 610 1189 peracta,
642 1115 827 1169 statim
850 1113 1031 1165 virum
1073 1108 1353 1179 lapidibus
1387 1106 1719 1159 obruerunt.
1764 1102 1955 1172 Neque

366 1223 502 1264 vero
566 1209 741 1263 multo
799 1214 923 1277 post
961 1218 1167 1258 numen
1228 1200 1349 1270 ejus
1405 1198 1706 1267 impietatis
1763 1206 1957 1263 poenas

367 1300 610 1372 exegit,
643 1299 888 1353 violento
944 1293 1170 1348 turbine
1230 1289 1486 1361 frugibus
1553 1285 1797 1358 regionis
1850 1299 1950 1339 va-

366 1395 546 1448 statis.

2066 547 2545 618 ἀποκαταστῆναι,
2589 542 3051 614 ὑπισχνούμενος,
3091 544 3141 594 εἰ
3186 541 3364 596 ταῦτα
3417 546 3650 611 γένοιτο,

2064 638 2258 692 δώσειν
2283 636 2432 708 αύτῴ
2464 639 2568 707 τήν
2610 653 2669 688 τε
2701 634 2887 706 χώραν
2924 635 3019 687 καὶ
3066 632 3168 696 τὰς
3201 632 3414 688 δώδεκα
3445 635 3650 699 πόλεις,

2063 730 2130 794 ἃς
2163 729 2520 802 Ἀλέξανδρος
2551 732 2579 781 6
2621 728 2808 800 πατὴρ
2846 728 3013 782 αὐτοῦ
3049 729 3160 782 τῶν
3202 728 3451 799 Ἀράϐων
3498 730 3654 795 ἀφεί-

2063 824 2206 879 λετο.
2242 826 2351 878 Καὶ
2382 826 2410 876 6
2444 824 2675 894 Ἀρέτας
2725 823 3095 893 ἐστράτευσεν
3142 824 3236 875 ἐπὶ
3286 822 3378 874 τὸν
3415 823 3654 893 Ἀριστό-

2064 915 2283 980 ϐουλον,
2332 917 2426 969 καὶ
2481 917 2582 984 τῆς
2642 916 2826 986 μάχης
2859 918 3075 986 κρατεῖ.
3107 913 3328 967 Πολλῶν
3373 909 3469 967 οὖν
3518 914 3654 983 πρὸς

2061 1008 2155 1061 τὸν
2208 1007 2479 1077 Ὑρκανὸν
2521 1007 3039 1079 αὐτομολησάντων,
3085 1008 3165 1070 εἰς
3222 1007 3578 1077 Ἱεροσόλυμα
3624 1009 3654 1061 6

2075 1100 2492 1171 Ἀριστόϐουλος
2522 1101 2714 1170 ἔφυγε.
2752 1100 2864 1155 Καὶ
2898 1103 2927 1153 6
2970 1100 3178 1170 Ἀραψ,
3204 1099 3283 1170 τῷ
3323 1100 3457 1172 ίερῷ
3484 1118 3655 1171 προσ-

2062 1191 2276 1260 ϐαλὼν,
2328 1194 2648 1265 ἐπολιόρκει
2708 1193 2802 1246 τὸν
2851 1192 3311 1263 Ἀριστόϐουλον,
3363 1192 3653 1265 προστιθε-

2060 1287 2224 1357 μένου
2285 1286 2383 1341 καὶ
2433 1288 2529 1342 τοῦ
2581 1287 2758 1357 δήμου
2812 1287 2891 1356 τῷ
2954 1284 3236 1357 Ὑρκανῷ,
3300 1288 3482 1358 μόνων
3543 1288 3653 1340 τῶν

2065 1377 2260 1449 ἱερέων
2300 1377 2377 1449 τῷ
2404 1378 2808 1450 Ἀριστοϐούλῳ
2853 1380 3307 1449 παραμενόντων.
3361 1377 3548 1432 Ὀνίαν
3595 1379 3652 1435 δέ

364 1504 510 1553 τινα,
541 1485 714 1554 ἄνδρα
740 1483 949 1537 δίκαιον
970 1483 1068 1533 καὶ
1103 1477 1352 1547 θεοφιλῆ,
1389 1475 1473 1539 ὃς,
1508 1473 1725 1543 αὐχμοῦ
1766 1488 1898 1524 ποτε
1961 1474 2285 1542 γενομένου,
2350 1473 2483 1543 εὐχῇ
2517 1472 2609 1526 τὸν
2643 1473 2775 1528 Θεὸν
2800 1473 3155 1545 δυσωπήσαε,
3183 1474 3340 1527 ἔλυσε
3366 1473 3468 1545 τὴν
3492 1475 3648 1544 ἀνομ-

362 1576 544 1646 ϐρίαν,
567 1576 755 1645 ἠξίουν
777 1576 827 1627 οί
851 1573 1098 1627 Ἰουδαῖοι
1118 1568 1382 1637 εὔξασθαι
1401 1568 1542 1620 κατὰ
1564 1562 1987 1635 Ἀριστοϐούλου
2030 1565 2127 1618 καὶ
2175 1563 2284 1617 τῶν
2310 1564 2429 1634 μετ’
2446 1564 2636 1619 αὑτοῦ.
2652 1564 2712 1619 '0
2730 1565 2774 1617 δ’
2800 1565 2901 1618 οὐκ
2918 1565 3191 1620 ἐπείθετο.
3210 1565 3298 1629 Ὠς
3319 1566 3374 1619 δὲ
3393 1565 3619 1635 ἐϐιάσθη
3633 1607 3648 1632 ,

360 1666 431 1719 ’.Ω
476 1663 584 1717 Θεὲ
610 1659 1028 1728 ,βασιλεῦ’τῶν
1060 1659 1239 1723 ὅλων,
1282 1653 1458 1716 εἶπεν,
1498 1654 1585 1708 ὅτι
1616 1653 1716 1707 καὶ
1777 1654 1832 1706 οἱ
1898 1652 2027 1719 μετ’
2064 1652 2211 1722 ἐμοῦ
2255 1652 2580 1721 ἑστηκότες
2607 1655 2711 1708 σοί
2746 1656 2885 1720 εισι,
2922 1656 3021 1710 σοὶ
3066 1656 3135 1710 δὲ
3181 1657 3277 1710 καὶ
3319 1660 3372 1711 σί
3409 1660 3651 1725 πολιορ-

364 1755 645 1827 κούμενοι
677 1759 749 1823 Is;
766 1755 877 1821 εἷς,
910 1753 1139 1822 δέομαι,
1180 1752 1333 1820 μήτε
1366 1750 1513 1802 κατὰ
1543 1748 1775 1800 τούτων
1838 1744 2096 1809 ἐκείνοις
2133 1744 2469 1813 ἐπαρὴξῃς,
2537 1743 2692 1814 μήτε
2750 1746 2878 1800 κατ’
2929 1746 3178 1800 ἐκείνων
3218 1749 3475 1813 τούτοις.
3537 1748 3649 1804 Καὶ

362 1853 559 1904 αὐτίκα
589 1851 681 1903 τὸν
712 1850 882 1919 ἄνδρα
912 1844 1301 1916 περιστάντες,
1330 1840 1695 1895 κατέλευσαν.
1759 1838 1875 1890 Οὶκ
1938 1835 2021 1899 είς
2065 1837 2286 1909 μακρὰν
2330 1838 2386 1891 δὲ
2424 1837 2485 1890 τὸ
2529 1837 2685 1891 Θεῖον
2731 1838 2887 1902 δίκας
2919 1840 3115 1905 αὐτοὺς
3152 1840 3517 1912 εἰσεπράξατο
3552 1841 3648 1912 τῆς

360 1947 641 2011 ἀσεϐείας,
690 1945 1005 2013 πνεύματος
1059 1942 1232 2011 βιαίου
1285 1936 1643 1999 πνεύσπντος,
1701 1936 1798 1987 καὶ
1848 1935 1939 1986 τ’έν
1982 1933 2085 2002 τῆς
2116 1931 2301 2004 χώρας
2324 1932 2540 2005 καρπὸν
2564 1933 3007 2005 διαφθείραντος·

436 2044 517 2101 Ἠ.
575 2043 819 2099 Scaurus
853 2054 1024 2110 porro
1071 2053 1099 2091 a
1142 2037 1408 2104 Pompeio
1438 2034 1494 2088 in
1532 2031 1792 2087 Armenia
1826 2029 1947 2085 bel-

2128 2032 2219 2098 ς’.
2250 2029 2529 2101 Πεμφθεὶς
2561 2030 2618 2083 δὲ
2660 2029 2812 2100 παρὰ
2843 2030 3133 2101 Πομπηΐου
3174 2032 3232 2084 ἐν
3260 2031 3523 2103 Ἀρμενίᾳ
3553 2051 3648 2087 πο-

361 2141 473 2193 lum
510 2150 636 2191 cum
674 2134 918 2204 Tigrane
955 2140 1210 2202 gerente,
1261 2128 1316 2181 in
1355 2126 1568 2196 Syriam
1611 2124 1836 2184 missus,
1863 2122 1950 2175 le-

360 2238 514 2300 gatos
556 2227 624 2280 ab
673 2224 992 2280 Aristobulo
1042 2231 1098 2275 et
1146 2219 1399 2290 llyreano
1445 2216 1679 2285 accepit,
1710 2224 1949 2283 utroque

361 2321 563 2376 auxilia
592 2317 929 2388 postulante,
959 2322 1016 2369 et
1047 2310 1369 2366 Aristobulo
1400 2324 1458 2362 se
1481 2307 1790 2378 conjunxit,
1820 2321 1949 2361 cccc

366 2412 584 2470 talentis
610 2408 852 2479 acceptis
877 2426 891 2462 :
923 2409 1188 2478 iussoque
1213 2405 1379 2458 Areta
1400 2400 1710 2465 discedere,
1737 2398 1947 2468 alioqui

280 2494 287 2499 ’
361 2523 390 2558 a
423 2501 687 2558 Romanis
716 2500 933 2553 hostem
958 2497 1271 2569 judicatum
1314 2492 1404 2555 iri,
1447 2480 1796 2547 obsidionem
1833 2489 1949 2545 dis-

362 2597 562 2652 enssit.
595 2595 670 2648 Ea
698 2592 902 2656 soluta,
939 2588 1297 2644 Aristobulus
1331 2596 1480 2641 moto
1505 2594 1698 2639 contra
1727 2584 1945 2639 Aretam

362 2697 419 2741 et
442 2688 749 2758 Hyrcanum
766 2681 933 2746 bello,
952 2689 1254 2749 utrumque
1283 2677 1473 2731 vincit.
1496 2676 1615 2730 Non
1634 2676 1806 2729 multo
1825 2681 1949 2743 post

364 2780 526 2852 223
576 2776 838 2845 Pompeio
887 2774 1215 2828 Damascum
1259 2768 1534 2840 profecto,
1585 2783 1712 2823 eum
1757 2766 1946 2820 multis

362 2868 488 2928 aliis
516 2887 583 2926 ex
608 2868 771 2933 locis,
803 2877 926 2921 tum
954 2880 1022 2918 ex
1050 2862 1235 2918 Judma
1283 2860 1446 2931 legati
1490 2868 1785 2922 venerunt,
1821 2857 1948 2911 Ari-

360 2963 568 3023 stobuli
602 2975 805 3015 nimius
835 2957 1004 3012 vitem
1040 2968 1266 3010 auream
1292 2970 1326 3009 ο
1362 2951 1629 3007 talentum
1666 2948 1905 3004 ferentes
1922 2962 1943 3001 :

363 3073 529 3130 quam
555 3072 615 3111 se
640 3052 920 3124 .losephus
955 3049 1143 3104 Βοιιιιε
1195 3045 1400 3100 vidisse
1443 3042 1662 3105 asserit,
1691 3041 1747 3095 in
1775 3038 1938 3109 Capi-

365 3151 498 3207 tolio
535 3146 867 3204 dedicatam.
911 3140 1130 3213 Legatis
1167 3137 1351 3192 denuo
1382 3134 1757 3197 venientibus,
1788 3130 1944 3187 Anti-

363 3249 523 3310 patro
572 3252 672 3306 pro
730 3234 1009 3302 Hyrcano,
1080 3226 1385 3283 Nicodemo
1445 3240 1545 3295 pro
1596 3222 1939 3286 Aristobulo,

369 3324 664 3394 Pompeius
689 3320 839 3392 ipsos
867 3319 1013 3374 inter
1039 3332 1181 3386 quos
1211 3314 1590 3371 controversia
1624 3314 1718 3377 sit,
1746 3311 1941 3366 adesse

2056 2120 2351 2191 ).spo§vro:;
2398 2120 2670 2194 Τιγράνῃ,
2712 2122 2959 2193 Σκαῦρος
3007 2127 3087 2186 είς
3137 2123 3339 2195 Συρίαν
3386 2126 3643 2195 πρέσϐεις

2058 2215 2280 2282 ἐδέξατο
2307 2218 2463 2288 παρά
2489 2233 2546 2269 τε
2582 2216 3005 2286 Ἀριστοϐούλου
3039 2217 3135 2270 καὶ
3178 2218 3475 2287 Ὑρκανοῦ,
3504 2237 3639 2287 augt-

2057 2312 2253 2381 μαχεῖν
2284 2309 2564 2374 ἀξιοῦντος
2594 2310 2883 2380 ἐκατέρου.
2920 2308 3119 2377 Λαϐὼν
3140 2309 3234 2363 οὖν
3263 2311 3354 2364 ὑπ’
3392 2310 3645 2382 Ἀριστο-

2053 2400 2250 2454 ϐούλου
2296 2401 2631 2470 τετρακόσια
2675 2402 2933 2467 τάλαντα,
2967 2401 3118 2472 αύτῷ
3156 2403 3483 2475 προσετέθη.
3532 2406 3643 2457 Καὶ

2050 2492 2322 2556 κελεύσας
2364 2494 2675 2562 ἀναχωρεῖν
2717 2494 2810 2547 τὸν
2839 2493 3099 2563 Ἀρέταν,
3132 2494 3164 2564 ἦ
3202 2495 3463 2564 πολέμιον
3507 2496 3641 2549 Ῥω.

2055 2588 2231 2659 μαίων
2284 2586 2693 2656 κριθήσεσθαι,
2753 2587 2913 2642 ἔλυσε
2968 2588 3070 2660 τὴν
3126 2588 3472 2660 πολιορκίαν.
3532 2584 3640 2654 Ἷίς

2049 2679 2326 2749 λυθείσης,
2353 2680 2382 2731 6
2405 2679 2821 2750 Ἀριστόϐουλος
2850 2681 2945 2732 ἐπὶ
2980 2680 3211 2751 Ἀρέταν
3240 2682 3338 2735 καὶ
3370 2681 3642 2751 ’Υρκσ-.ὸν

2050 2770 2465 2844 ἐξεστράτευσε,
2499 2775 2597 2827 καὶ
2638 2772 2934 2843 συμϐαλὼν
2953 2775 3099 2845 νικᾷ.
3138 2774 3274 2829 Μετ’
3305 2775 3368 2827 οὐ
3405 2774 3540 2828 πολὺ
3585 2775 3641 2827 ἑὲ

2050 2866 2340 2936 Πομπηίου
2382 2865 2722 2933 ἀφικομένου
2749 2868 2831 2929 εἰς
2861 2866 3178 2936 Δαμασκὸν,
3211 2862 3348 2937 ἧκον
3376 2867 3640 2936 πρέσϐγς

2048 2956 2381 3028 πολλαχόθεν
2430 2973 2488 3009 τε
2535 2957 2630 3009 καὶ
2677 2955 2738 3021 ἐξ
2768 2957 3046 3023 Ἰουδαίας,
3086 2958 3260 3029 δῶρον
3303 2958 3362 3024 ἐξ
3393 2959 3579 3027 Ἀριετ
3609 2986 3639 3002 -

2047 3047 2243 3101 ϐούλου
2272 3048 2415 3118 μέγα
2447 3050 2792 3119 κομίζοντες,
2834 3051 3082 3131 ἄμπελον
3104 3053 3314 3122 χρυσῆν
3345 3055 3411 3105 ἐκ
3438 3070 3639 3105 πεντα-

2046 3138 2248 3193 κοσίων
2268 3140 2573 3195 ταλάντων.
2594 3141 2815 3213 Ταύτην
2836 3147 3003 3212 φησὶν
3022 3146 3050 3196 ὁ
3073 3143 3337 3214 Ἰώσηπος
3356 3147 3412 3196 εν
3445 3143 3634 3215 Ῥώμῃ

2046 3228 2370 3298 θεάσασθαι,
2397 3230 2473 3313 τῷ
2502 3233 2559 3286 ἐν
2587 3234 2922 3305 Καπιτωλίῳ
2957 3234 3069 3307 (54)
3102 3237 3505 3309 ἀνατιθεμένην
3525 3240 3630 3293 Δι’.

2044 3322 2156 3376 Καὶ
2193 3317 2348 3388 αὖθις
2377 3319 2514 3398 ἧκον
2565 3325 2703 3396 πρὸς
2742 3327 2906 3380 αὐτὸν
2961 3327 3317 3399 Ἀντίπατρος
3361 3330 3462 3399 μὲν
3495 3331 3638 3400 ὑπὲρ

361 3418 538 3491 jubet.
572 3416 709 3471 Cum
740 3422 923 3467 autem
952 3408 1148 3473 Judaei,
1181 3422 1487 3477 eorumque
1518 3410 1687 3460 duces
1718 3405 1938 3459 Damas-

2057 3412 2350 3480 Ὑρκανοῦ,
2387 3392 2528 3486 ύπὲρ
2566 3392 2621 3470 δέ
2648 3418 3068 3488 Ἀριστοϐούλου
3103 3392 3437 3487 Νικόδήμος.
3489 3420 3546 3474 '0
3578 3392 3635 3474 δὲ

365 3524 492 3566 cum
526 3509 832 3565 venissent.
860 3502 954 3558 alii
988 3514 1219 3571 regnum
1253 3495 1656 3560 detrectabant,
1702 3491 1942 3564 patrium

364 3603 514 3660 enim
560 3615 706 3665 esse,
758 3606 818 3652 ut
863 3593 1223 3667 pontificibus
1277 3599 1508 3661 parcant
1547 3606 1561 3642 :
1614 3587 1741 3641 illos
1788 3600 1942 3651 vero,

364 3691 614 3766 quamvis
673 3685 1037 3744 sacerdotalis
1102 3685 1216 3738 sint
1262 3680 1507 3752 generis,
1569 3677 1946 3734 sacerdotium

367 3803 536 3860 regno
565 3791 956 3841 commutasse.
990 3779 1275 3849 [lyr-canus
1300 3787 1430 3829 vero
1457 3772 1681 3826 fratrem
1721 3785 1947 3824 accusa-

364 3883 481 3948 bat,
503 3879 651 3952 quod
687 3875 1004 3948 principatu
1049 3873 1121 3927 ob
1164 3870 1343 3926 astatis
1379 3867 1797 3940 prmrogatiram
1837 3866 1945 3920 sibi

366 3974 656 4033 attribute.
683 3970 753 4024 ab
786 3969 883 4023 illo
915 3965 1187 4036 spoliatus
1215 3972 1385 4025 esset,
1412 3961 1605 4015 multis
1628 3961 1797 4015 etiam
1822 3959 1945 4013 aliis

369 4065 699 4122 criminibus
726 4063 782 4117 in
814 4060 968 4113 illum
1003 4057 1299 4127 congestis,
1333 4053 1610 4122 Antipatri
1643 4066 1807 4120 opera
1831 4065 1947 4104 am-

369 4160 516 4230 plius
552 4156 702 4212 mille
751 4150 1260 4223 probatissimorum
1293 4146 1609 4202 Judasorum
1642 4143 1948 4212 suifragan-

372 4253 542 4307 tibus.
571 4246 927 4303 Aristobulus
955 4249 1171 4302 contra,
1205 4239 1518 4309 Hyrcanum
1559 4236 1630 4289 ob
1674 4234 1945 4305 ignaviam

372 4341 601 4412 ingenii,
630 4353 753 4408 qua:
790 4341 1170 4404 contemptum
1209 4332 1263 4385 ei
1290 4329 1450 4384 facile
1491 4336 1734 4397 pareret,
1769 4326 1945 4395 impe-

374 4434 519 4489 rium
550 4429 802 4484 amisisse
825 4465 840 4491 ,
871 4425 1019 4495 quod
1053 4422 1160 4479 sibi
1195 4420 1509 4477 necessario
1553 4417 1945 4473 vindicandum

370 4525 558 4588 fuerit,
605 4536 676 4575 ne
721 4518 791 4573 ab
832 4518 958 4571 aliis
1004 4522 1422 4583 occuparetur:
1466 4524 1647 4579 neque
1690 4524 1749 4564 se
1777 4508 1944 4562 alium

371 4630 538 4687 quam
586 4627 698 4682 quo
749 4618 906 4680 pater
955 4621 1088 4662 usus
1150 4612 1318 4669 esset,
1386 4602 1607 4656 titulum
1657 4615 1944 4670 usurpare.

2046 3506 2249 3569 αὐτοὺς
2305 3505 2479 3560 ἐλθεῖν
2541 3509 2669 3572 τοὺς
2729 3509 3269 3580 διαμφισϐητοῦντας
3319 3512 3631 3568 ἐκέλευσεν.

2045 3596 2427 3669 Ἀφικομένων
2463 3597 2519 3652 δέ
2553 3616 2615 3668 γε
2651 3601 2736 3664 είς
2767 3602 3063 3671 Δαμασκὸν
3087 3602 3198 3656 τῶν
3239 3601 3512 3659 Ἰουδαίων
3541 3607 3635 3659 καὶ

2046 3689 2155 3742 τῶν
2179 3691 2466 3760 ἡγεμόνων
2487 3692 2691 3758 αὐτῶν,
2710 3694 2758 3747 οἱ
2786 3693 2887 3763 μὲν
2908 3693 3094 3765 ἠξίουν
3121 3696 3196 3766 μὴ
3221 3696 3632 3767 βασιλεύεσθαιο

2047 3781 2281 3853 πάτριον
2315 3782 2426 3853 γάρ
2455 3778 2596 3836 εἶναι
2652 3784 2838 3848 αὐτοῖς
2868 3786 3022 3857 παρᾶ
3047 3786 3157 3839 τῶν
3186 3788 3491 3858 ἀρχιερέων
3529 3790 3624 3858 ἆρ-

2047 3873 2241 3943 χεσθαι
2270 3889 2284 3903 ·
2328 3873 2560 3939 τούτους
2592 3875 2649 3928 δὲ
2696 3876 2793 3929 τοῦ
2842 3881 3037 3946 γένους
3084 3878 3247 3943 ὄντας
3284 3882 3522 3947 ἐκείνου,
3550 3885 3633 3944 είς

2050 3964 2328 4034 βασιλείαν
2363 3966 2461 4036 τὴν
2489 3967 2662 4037 ἀρχὴν
2716 3968 3050 4037 μεταθεῖναι.
3098 3968 3370 4040 Ὑρκανὸς
3409 3972 3467 4025 δὲ
3491 3990 3633 4026 κατ-

2048 4055 2238 4125 ηγόρει
2265 4056 2361 4110 τοῦ
2390 4059 2644 4127 ἀδελφοῦ,
2663 4061 2743 4113 ὃτι
2769 4061 2868 4130 τῆς
2910 4060 3086 4130 ἀρχῆς
3129 4063 3279 4132 αὐτῷ
3302 4067 3635 4134 νεμηθείσης

2046 4148 2135 4201 διὰ
2160 4147 2256 4219 τὴν
2286 4150 2743 4220 πρεσϐυγένειαν,
2772 4153 2863 4205 ὑπ’
2893 4154 3106 4207 ἐκείνου
3129 4157 3336 4223 ταύτην
3358 4154 3634 4227 ἀφῄρητο,

1999 4304 2005 4309 _
2049 4242 2144 4295 καὶ
2193 4241 2327 4295 ἄλλα
2367 4260 2470 4296 κατ
2540 4243 2707 4297 αὐτοῦ
2765 4245 3029 4318 συνείρων
3082 4247 3257 4301 πολλά
3307 4249 3634 4317 αἰτιάματα.

2050 4334 2492 4404 Συνεφθέγγοντο
2517 4336 2573 4389 δὲ
2601 4336 2751 4406 αύτῷ
2777 4336 2955 4391 ταῦτα
2975 4339 3195 4408 λέγοντι
3227 4344 3321 4393 καὶ
3349 4342 3459 4394 τῶν
3485 4343 3635 4396 δοκι-

2051 4430 2317 4498 μωτάτων
2377 4430 2656 4484 Ἰουδαίων
2687 4432 2907 4494 πλείους
2955 4433 2989 4502 ἢ
3042 4432 3228 4504 χίλιοι,
3267 4434 3632 4508 Ἀντιπάτρου

2050 4522 2604 4590 παρασκευάσαντος.
2640 4523 3058 4593 Ἀριστόϐουλος
3097 4527 3154 4579 δὲ
3193 4526 3286 4580 τοῦ
3327 4529 3427 4596 μὲν
3462 4531 3634 4583 ἔκπε-

2050 4614 2165 4665 σεῖν
2210 4614 2309 4683 τῆς
2358 4612 2533 4682 ἀρχῆς
2577 4613 2670 4665 τὸν
2729 4610 2994 4684 Ὑρκανὸν
3036 4614 3136 4684 τὴν
3190 4616 3401 4669 ἐκείνου
3469 4619 3634 4682 φύσιν

371 4705 668 4776 Pompeius
702 4702 811 4756 vim
846 4698 1070 4770 quidem
1106 4696 1305 4752 fecisse
1343 4692 1720 4749 Aristobulum
1750 4691 1946 4747 decer-

2052 4704 2230 4758 αἰτίαν
2271 4706 2604 4774 εἰσήγαγεν,
2648 4703 2931 4774 ἄπρακτον
2979 4704 3166 4772 οὖσαν,
3216 4707 3309 4760 καὶ
3348 4708 3435 4763 διὰ
3475 4710 3635 4765 τοῦτο

372 4802 495 4856 nit:
553 4795 648 4851 sed
704 4802 820 4848 tum
874 4792 1175 4846 clementer
1226 4802 1323 4844 eos
1362 4787 1658 4850 allocutus,
1718 4785 1942 4840 interim

371 4890 662 4962 quiescere
705 4885 884 4957 jubet,
925 4885 1103 4940 donec
1144 4882 1260 4951 ipse
1312 4882 1368 4935 in
1406 4877 1651 4935 Judream
1683 4877 1943 4933 veniret:

374 4994 490 5039 tum
539 4981 687 5036 enim
735 4993 795 5034 se
845 4976 1231 5032 ordinaturum
1263 4988 1387 5029 esse
1436 4972 1641 5027 omnia.
1673 4970 1780 5025 Sed
1814 4986 1941 5025 cunt

369 5073 724 5132 Aristobulus
754 5086 823 5126 eo
852 5085 963 5125 non
999 5075 1338 5139 exspectato,
1381 5068 1435 5121 in
1474 5065 1714 5122 Judaeam
1760 5080 1947 5119 reces-

370 5168 556 5231 sisset,
587 5174 644 5220 et
675 5161 1067 5218 Alexandrium
1094 5159 1381 5216 castellum
1418 5166 1751 5227 occuparet:
1781 5158 1946 5211 Pom-

373 5257 533 5327 peius
586 5255 781 5320 iratus,
831 5253 978 5309 bello
1025 5260 1309 5321 suscepto,
1353 5265 1480 5305 eum
1535 5249 1604 5304 ad
1649 5264 1709 5303 se
1756 5247 1948 5302 venire

370 5348 554 5420 jussit.
587 5347 682 5401 llle
711 5345 1065 5402 hortantibus
1106 5343 1303 5399 amicis
1338 5356 1407 5396 ne
1453 5339 1717 5395 Romanis
1754 5337 1951 5393 adver-

376 5446 610 5504 saretur,
654 5438 961 5501 descendit,
993 5450 1267 5505 causaque
1298 5433 1467 5496 dicta,
1499 5447 1566 5487 eo
1601 5430 1749 5485 unde
1779 5445 1948 5484 vene-

378 5539 487 5597 rat,
539 5530 724 5584 rediit.
781 5535 859 5586 Ac
912 5529 1174 5599 Pompeio
1222 5526 1453 5597 jubente
1507 5532 1568 5577 ut
1614 5522 1952 5579 munitiones

2049 4795 2533 4868 εὐκαταφρόνητον
2555 4812 2568 4825 ’
2606 4796 2770 4858 αὐτὸς
2801 4794 2846 4848 δ’
2885 4794 2945 4861 ἐξ
2970 4798 3216 4868 ἀνάγκης
3244 4799 3432 4868 ἔλεγεν
3458 4803 3634 4872 αὐτὴν

2051 4889 2329 4952 ὑπελθεῖν,
2361 4888 2513 4957 φόϐῳ
2542 4887 2638 4941 τοῦ
2671 4887 2750 4958 μὴ
2773 4888 2909 4958 πρὸς
2941 4888 3135 4954 ἄλλους
3159 4892 3415 4959 γενέσθαι
3437 4894 3634 4960 αὐτὴν,

2051 4977 2419 5049 ὀνομάζεσθαι
2465 4978 2521 5031 δὲ
2568 4979 2704 5048 ὅπερ
2759 4980 2855 5032 καὶ
2908 4981 2935 5031 ὁ
2991 4982 3200 5052 πατήρ.
3251 4982 3540 5052 Πομπήϊος
3578 4987 3636 5039 δὲ

2054 5072 2178 5142 βίαν
2221 5069 2323 5140 μὲν
2369 5071 2621 5138 κατέγνω
2683 5068 3127 5141 Ἀριστοϐούλου,
3169 5072 3358 5144 πράως
3407 5074 3466 5128 δὲ
3511 5079 3635 5131 τότε

2052 5161 2467 5232 προσομιλήσας
2510 5161 2716 5226 αὐτοῖς,
2754 5163 2990 5232 ἡσυχίαν
3026 5165 3163 5228 τέως
3213 5165 3369 5233 ἄγειν
3413 5159 3636 5222 ἐκέλευ-

2056 5268 2186 5309 σεν·
2240 5254 2411 5309 ἐλθὼν
2462 5255 2508 5308 δ’
2563 5255 2646 5316 είς
2692 5255 2793 5326 τὴν
2845 5255 3054 5327 χώραν,
3097 5258 3371 5322 διατάξειν
3427 5260 3637 5315 ἕκαστα

2054 5346 2451 5415 ἐπηγγέλλετο.
2528 5346 2643 5398 Οὐκ
2677 5346 2981 5417 ἀναμείνας
3016 5347 3200 5417 μέντοι
3229 5350 3257 5402 ὀ
3287 5349 3640 5419 Ἀριστόϐου-

2051 5436 2174 5501 λος,
2230 5436 2309 5498 εἰς
2361 5435 2461 5504 τὴν
2518 5434 2784 5489 Ἰουδαίαν
2836 5437 3041 5507 ἀπῆρε.
3103 5438 3213 5490 Καὶ
3270 5438 3551 5509 ὀργισθεὶς
3608 5442 3639 5492 ὀ

2056 5529 2371 5600 Πομπήϊος,
2412 5528 2747 5602 ἐστράτευσε
2781 5530 2905 5584 κατ’
2941 5528 3130 5586 αὑτοῦ.
3168 5532 3641 5603 Συμπεφευγότος

1534 5690 1732 5754 Variae
1774 5689 2087 5754 lectiones
2131 5698 2190 5753 et
2233 5698 2426 5755 notae.

453 5811 571 5885 (εὖ)
595 5812 687 5879 Τῷ
706 5812 774 5867 ἐν
802 5809 1171 5879 Καπιτωλίῳ.
1211 5813 1310 5872 Ms.
1338 5814 1415 5886 τῷ
1453 5814 1803 5886 Καπιτωλίῳ,
1840 5814 1947 5871 lori

2052 5815 2319 5886 Ipt'tolino.
