4002 6250
319 344 423 412 ιοι

1590 344 1999 407 ANNALlUM
2041 348 2187 409 LIB.
2226 349 2301 411 ν.
2767 336 2798 358 ‘

3476 344 3592 411 40?.

314 457 363 511 δ’
381 456 462 518 είς
487 452 693 526 ερυμα,
725 450 1063 523 καλούμενον
1091 450 1488 523 Ἀλεξάνδρων,
1506 454 1734 507 ἐκέλευε
1759 455 1897 525 πρὸς

2015 455 2266 518 .raderct.
2293 466 2349 513 et
2381 456 2737 513 castellorum
2768 457 3098 528 praesidibus
3124 471 3222 512 sua
3258 470 3424 510 manu
3449 457 3590 512 σοι-εκ

314 547 477 603 αὐτὸν
495 548 679 617 ἥκειν.
717 547 774 601 '0
802 547 860 600 δέ
881 546 987 600 τῶν
1015 547 1185 616 φίλων
1210 546 1286 617 μὴ
1315 547 1575 617 πολεμεῖν
1611 548 1904 617 Ῥωμαίοις

315 641 637 709 ἀξιούντων,
672 640 927 694 κάτεισι·
982 640 1079 694 καὶ
1124 639 1701 710 δικαιολογησάμενος,
1740 640 1905 694 πάλιν

314 735 436 789 ὅθεν
462 728 607 805 ἧκεν
639 732 976 803 ὑπέστρεψε.
1016 731 1351 796 Κεὶεύοντος
1379 733 1435 785 δὲ
1471 734 1761 804 Πομπηΐου
1793 750 1903 787 πα·-

316 824 598 894 ραδιδὸναι
642 825 712 878 τά
760 824 1035 894 ἐρύματα,
1067 824 1164 876 καὶ
1210 823 1550 895 αύτοχείρως
1595 825 1904 878 ἐπιστεῖλαι

312 919 425 981 τοῖς
501 917 868 989 φρουράρχοις
927 916 1218 986 (ἀπείρητο
1291 918 1403 987 γὰρ
1462 916 1673 971 τούτων
1728 914 1906 979 ἄλλως

315 1008 706 1077 ἀφίστασθαι),
738 1007 985 1060 πείθεται
1009 1007 1129 1077 μὲν,
1155 1008 1577 1078 δυσανασχετῶν
1614 1007 1670 1061 δὲ
1698 1006 1903 1078 ἀνεχώ-

318 1116 487 1172 ρησεν
538 1101 621 1163 είς
679 1099 1055 1171 Ἰεροσόλυμα,
1100 1100 1197 1153 καὶ
1242 1099 1503 1170 πολεμεῖν
1552 1098 1903 1169 ἡτοιμάζετο.

317 1190 592 1261 Πομπηΐῳ
631 1189 687 1243 δὲ
723 1188 1077 1260 στρατεύοντι
1138 1190 1225 1242 ἐπ’
1275 1189 1440 1244 αὐτὸν
1478 1190 1510 1259 ἡ
1564 1189 1904 1260 Μιθριδάτου

320 1282 598 1353 μεμήνυτο
639 1281 893 1352 τελευτὴ,
925 1281 990 1335 ἐκ
1035 1279 1322 1351 Φαρνάκου
1368 1280 1463 1335 τοῦ
1499 1281 1696 1344 παιδὸς
1740 1279 1906 1335 αὑτοῦ

318 1372 623 1445 γενομένη.
652 1373 791 1444 Περὶ⁵
830 1371 1165 1444 Ἱεριχοῦντα
1209 1371 1265 1425 δὲ
1295 1372 1564 1441 γεγονότι,
1596 1365 1658 1427 οὗ
1685 1373 1746 1425 τὸ
1777 1373 1909 1426 ὀπο-

318 1464 598 1535 ίάλσσμον
631 1464 912 1535 τρέφεται,
940 1463 1048 1518 τῶν
1077 1462 1270 1535 μύρων
1300 1464 1362 1518 τὸ
1380 1465 1705 1535 ἀκρότατον,
1740 1463 1769 1517 ὃ
1797 1462 1906 1516 τῶν

320 1556 542 1626 θάμνων
596 1554 948 1626 τεμνομένων
1001 1554 1115 1620 ὀξεῖ
1188 1554 1322 1626 λίθῳ
1373 1554 1662 1609 ἀναπιδύει
1715 1553 1924 1625 ὥσπερ¹

318 1651 472 1713 ὀπὸς,
503 1647 785 1720 πρόσεισιν
818 1648 845 1700 ό
878 1646 1292 1718 Ἀριστόϐουλος
1326 1647 1501 1718 αὐτῷ,
1535 1648 1632 1703 καὶ
1685 1646 1901 1700 ίκίτευε

322 1740 639 1797 παύσασθαι
668 1739 765 1794 τοῦ
794 1739 1058 1810 πολέμου,
1086 1741 1353 1812 χρήματά
1381 1758 1440 1793 τε
1465 1739 1664 1804 διδοὺς,
1696 1738 1794 1792 καὶ
1825 1740 1917 1803 εἰς.

2005 548 2167 603 beret
2196 548 2421 620 (alioqui
2453 550 2601 605 enim
2649 549 2718 605 iis
2760 550 2960 605 cedere
2994 565 3108 604 non
3140 549 3390 617 licebat),
3434 557 3594 619 pare:

2006 640 2097 696 ille
2125 642 2373 711 quidem,
2422 642 2526 698 sed
2553 642 3010 714 indignabundus
3046 641 3423 713 Hierosolyma
3462 655 3597 709 pro-

2004 731 2201 795 fectus,
2239 733 2307 788 ad
2354 732 2558 788 bellum
2593 750 2654 789 se
2689 744 2866 804 parat.
2911 735 3176 805 Pompeio
3217 746 3407 789 contra
3438 734 3592 788 illum
3670 718 3675 721 ’

2005 823 2254 889 ducenti,
2289 826 2592 882 Mithridati
2623 826 2803 883 exedes
2838 843 2870 882 a
2907 827 3020 882 tilio
3063 827 3350 882 Pharnace
3377 832 3595 896 patrata

2005 918 2293 974 nuntiatur
2321 937 2333 973 :
2362 927 2419 974 et
2452 920 2521 975 ad
2553 920 2916 976 Hiericliunta
2945 936 3264 992 progresso,
3312 920 3406 975 ubi
3453 935 3595 990 opo-

2006 1007 2310 1064 balsamum
2337 1010 2602 1074 nascitur,
2622 1020 3029 1082 unguentorum
3058 1012 3596 1083 pnestantissimum,

2007 1102 2155 1171 quod
2191 1102 2487 1159 fruticibus
2541 1111 2715 1160 acuto-
2755 1105 2940 1175 lapide
2993 1106 3203 1171 incisis,
3243 1105 3409 1160 instar
3443 1104 3598 1159 succi

2007 1194 2265 1256 exsudat,
2284 1194 2644 1250 Aristobulus
2664 1197 2934 1258 occurrit,
2959 1197 3367 1267 supplicans.ut
3388 1194 3595 1249 bellum

2008 1285 2227 1340 omittat
2253 1304 2268 1339 :
2305 1301 2368 1341 se
2392 1287 2683 1355 pecuniam
2711 1287 2762 1342 ei
2794 1287 3079 1353 daturum,
3121 1297 3180 1342 et
3204 1287 3599 1358 Hierosolymis

2010 1386 2363 1447 recepturum
2388 1395 2511 1434 esse
2536 1379 2827 1449 pollicens.
2855 1380 3077 1449 quidvis
3096 1381 3293 1451 agendi
3325 1389 3600 1451 potestate

2007 1468 2301 1538 permissa.
2332 1470 2428 1526 ille
2458 1470 2583 1526 data
2616 1472 2798 1536 venia,
2828 1472 2996 1544 225
3016 1471 3310 1527 Gabinium
3335 1472 3401 1526 ad
3430 1487 3600 1542 pecu.

2008 1560 2154 1615 niam
2185 1570 2241 1616 et
2270 1562 2465 1617 urbem
2495 1563 2877 1633 accipiendam
2909 1564 3099 1619 mittit.
3123 1564 3267 1631 Quo,
3291 1564 3603 1619 Aristobuli

2007 1649 2278 1706 militibus
2331 1660 2490 1721 pacta
2541 1652 2733 1723 perﬁci
2793 1653 3239 1723 prohibentibus,
3288 1669 3347 1707 re
3398 1652 3604 1708 infecta

2010 1756 2257 1804 reverso,
2286 1742 2401 1812 ipse
2434 1744 2730 1816 Pompeius
2772 1745 3182 1802 Aristobuloin
3210 1745 3430 1801 vincula
3462 1759 3601 1800 con-

317 1835 385 1887 τὰ
424 1832 779 1905 Ἰεροσόλυμα
815 1833 977 1886 αὐτὸν
1011 1832 1418 1903 εἰσδεχόμενος,
1452 1830 1596 1885 ὥστε
1642 1831 1907 1901 πράττειν

2015 1832 2175 1901 iecto,
2211 1832 2279 1887 ad
2312 1832 2594 1889 civitatem
2633 1835 2788 1891 venit
2827 1851 2939 1891 non
2981 1836 3442 1899 consentientem,
3475 1833 3607 1889 aliis

318 1928 349 1981 δ
374 1926 649 1997 βούλεται.
689 1925 747 1979 '0
773 1925 855 1992 δὲ,
877 1925 1145 1994 συγγνοὺς
1176 1924 1348 1994 αὐτῷ,
1399 1924 1614 1994 πέμπει
1643 1923 1911 1993 Γαϐήνιον

320 2018 412 2070 ἐπὶ
433 2016 503 2070 τά
531 2018 792 2087 χρήματα
821 2015 914 2070 καὶ
940 2015 1041 2088 τὴν
1069 2016 1245 2070 πόλιν.
1272 2015 1395 2069 Τῶν
1414 2013 1470 2068 δὲ
1496 2012 1910 2084 Ἀριστοϐούλου

322 2104 678 2179 σρτατιωτῶν
730 2110 832 2163 οὐκ
873 2107 1091 2162 ἐώντων
1146 2108 1247 2172 τὰς
1299 2108 1572 2178 συνθήκας
1620 2104 1913 2176 πληρωθῆ-

321 2220 430 2268 ναι,
460 2202 741 2274 ἄπρακτος
799 2201 1116 2273 ἐπανῆλθεν
1145 2203 1173 2254 ὁ
1213 2202 1513 2273 Γαϐήνιος*
1556 2200 1683 2271 ἥκει
1714 2199 1771 2252 δὲ
1816 2198 1911 2252 ἐπὶ

320 2294 429 2371 τὴν,
480 2293 651 2364 πόλην
697 2294 999 2365 Πομπήϊος,
1054 2293 1350 2365 καθείρξας
1410 2294 1503 2347 τὸν
1550 2291 1907 2363 Ἀριστόϐου-

323 2385 432 2438 λον.
476 2387 537 2438 Οἱ
578 2385 623 2438 δ’
650 2384 797 2439 ἔνδον
837 2388 935 2456 οὐχ
980 2385 1279 2458 ὡμονόουν.
1309 2386 1435 2449 Τοῖς
1499 2386 1599 2456 μέν
1631 2385 1741 2454 γὰρ
1796 2382 1910 2435 ἐδό-

323 2494 407 2530 κει
464 2477 717 2550 δέχεσθαι
781 2478 871 2533 τδν
934 2480 1238 2550 Πομπήϊον,
1278 2480 1390 2543 τοίς
1452 2478 1497 2532 δ’
1557 2475 1907 2548 Ἀριστοϐού-

322 2570 412 2623 λου
487 2568 839 2638 τούναντίον,
907 2569 991 2638 οἳ,
1030 2570 1127 2624 καὶ⁵
1179 2570 1240 2624 τδ
1296 2570 1441 2642 ἱερὸν
1490 2569 1908 2638 κατειληφότες,

325 2663 401 2727 εἰς
444 2663 766 2735 πολιορκίαν
823 2664 1321 2735 παρεσκευάζοντο.
1386 2663 1451 2717 Oi
1503 2663 1547 2716 δ’
1602 2661 1752 2717 ἄλλοι
1806 2659 1907 2732 τὴν

325 2757 479 2810 πόλιν
510 2756 884 2829 ἐγχειρίζουσι
915 2757 1212 2829 Πομπηΐῳ,
1237 2756 1332 2810 καὶ
1352 2755 1420 2809 τὰ
1459 2754 1726 2826 βασίλεια.
1763 2754 1823 2806 '0
1849 2752 1908 2808 δὲ

324 2849 472 2913 ἐντὸς
534 2849 1193 2920 στρατοπεδευσάμενος,
1246 2848 1554 2918 ἐπολιόρκει
1621 2846 1678 2899 τὸ
1738 2846 1904 2917 ἱερόν.

332 2942 582 3005 Ἀλόντος
628 2941 687 2995 δὲ
736 2942 860 3013 περὶ
909 2941 1097 3012 τρίτον
1141 2941 1308 3014 μῆνα,
1339 2939 1809 3009 ἐπεισφρήσαντες
1856 2939 1908 2992 οί

2013 1924 2338 1995 Pompeium
2400 1929 2731 1997 reccpturis,
2794 1929 3099 1985 Aristobuli
3160 1943 3293 1985 vero
3356 1927 3605 1983 factione

2012 2020 2355 2075 contrarium
2410 2032 2694 2088 censente,
2744 2039 2867 2094 quae
2924 2024 3131 2094 templo
3177 2031 3470 2093 occupato,
3527 2021 3607 2078 atl'

2011 2111 2353 2168 tolerandam
2421 2115 2766 2171 obsidionem
2809 2131 2868 2172 se
2917 2118 3165 2186 parabat.
3208 2116 3356 2172 Urbe
3406 2123 3609 2170 autem-

2008 2212 2065 2258 et
2097 2204 2244 2274 regia
2274 2221 2304 2259 a
2337 2207 2553 2262 caeteris
2583 2202 2848 2278 Pompeio
2901 2209 3141 2273 traditis,
3186 2217 3243 2264 et
3291 2208 3491 2263 castris
3536 2207 3595 2261 in

2011 2295 2127 2365 ipsa
2184 2296 2320 2351 urbe
2371 2297 2587 2367 positis,
2620 2314 2687 2353 ac
2732 2300 2939 2368 templo
2988 2299 3154 2355 tertio
3197 2314 3386 2354 mense
3424 2311 3600 2367 expu-

2009 2398 2199 2457 gnato,
2228 2389 2429 2444 milites
2458 2405 2554 2446 eos
2575 2390 2669 2460 qui
2708 2392 2857 2446 intus
2884 2400 3065 2454 erant,
3111 2391 3483 2452 trucidabant,
3512 2388 3601 2443 nit--

2011 2480 2126 2535 biio
2157 2479 2341 2537 secius
2370 2482 2544 2537 sacris
2585 2492 2900 2553 operantes,
2939 2492 2997 2537 et
3021 2481 3603 2540 victimasimmolan~

2012 2578 2094 2624 tes
2120 2588 2133 2624 :
2156 2586 2227 2625 ac.
2246 2570 2493 2626 caedibus
2513 2570 2717 2626 referta
2740 2582 2899 2627 erant
2927 2572 3135 2634 omnia,
3164 2570 3595 2639 Judaeispartim

2009 2675 2040 2715 a
2066 2661 2352 2725 Romanis,
2390 2666 2591 2732 partim
2629 2678 2659 2718 a
2689 2679 2811 2719 sese
2841 2662 3277 2723 intereuntibus,
3303 2662 3388 2717 vel
3413 2658 3598 2730 gladio

2007 2753 2095 2808 vel
2134 2754 2593 2824 pra’cipitatione.
2628 2754 2925 2825 Pompeius
2949 2769 3081 2811 vero
3103 2770 3228 2810 eum
3261 2752 3596 2824 quibusdam

2006 2860 2075 2902 ex
2107 2846 2223 2903 suis
2246 2846 2471 2920 adytum
2520 2849 2709 2918 templi
2761 2850 3044 2921 ingressus
3088 2856 3194 2911 est,
3238 2862 3413 2916 caque
3456 2845 3598 2899 vidit

2007 2954 2131 3009 qua:
2178 2954 2289 2995 non
2338 2941 2444 2997 nisi
2481 2941 2840 3012 pontificibus
2885 2941 3075 2997 videre
3124 2941 3206 2996 fas
3248 2948 3337 2995 est
3368 2958 3382 2995 :
3413 2951 3597 3008 neque

324 3035 594 3103 πολέμιοι,
619 3033 858 3104 ἔσφαζον
889 3036 1016 3098 τοὺς
1043 3034 1105 3087 ἐν
1135 3032 1306 3104 αὐτῷ.
1349 3032 1413 3086 0i
1445 3032 1504 3086 δὲ
1548 3030 1702 3085 οὐδὲν
1743 3024 1906 3101 ἦττον

2015 3042 2216 3097 tamen,
2241 3047 2348 3102 qua
2370 3041 2489 3087 erat
2520 3032 2743 3103 pietate,
2776 3031 3078 3101 quidquam
3106 3031 3191 3086 vel
3221 3047 3289 3086 ex
3323 3029 3593 3092 donariis,

323 3122 460 3198 ἦσαν
496 3124 917 3196 ἱερουργοῦντες
971 3126 1067 3178 καλ⁵
1113 3123 1356 3187 θύοντες,
1402 3123 1564 3193 φόνου
1615 3122 1672 3175 δέ
1730 3122 1907 3176 πάντα

2015 3124 2095 3193 vel
2118 3140 2185 3182 ex
2214 3125 2470 3195 pecuniis
2492 3126 2696 3197 attigit.
2724 3125 3003 3182 Postridie
3028 3123 3291 3194 populum
3320 3121 3592 3185 hortatus,

329 3220 667 3291 μεμεστωτο.
691 3220 754 3273 Oi
783 3218 883 3289 μὲν
902 3217 1010 3289 γάρ
1034 3218 1143 3271 τῶν
1160 3217 1431 3272 Ἰουδαίων
1455 3217 1561 3269 ὑπὸ
1592 3213 1903 3287 Ῥωμαίων,

2015 3225 2075 3269 ut
2111 3217 2376 3287 templum
2408 3227 2795 3288 repurgarent,
2831 3225 2889 3273 et
2921 3217 3027 3271 rite
3056 3214 3428 3277 immolareut,
3457 3211 3599 3281 ιιι-τ-

324 3315 370 3367 οί
403 3312 448 3365 δ’
480 3311 578 3366 ὑπ’
610 3310 859 3381 ἀλλήλων
897 3310 1254 3378 ἐσφάττοντο,
1286 3309 1318 3379 ἢ
1352 3310 1449 3363 καὶ
1483 3308 1712 3371 ἑαυτοὺς
1742 3324 1904 3361 κατε-

2015 3321 2153 3362 cano
2195 3307 2577 3376 pontiﬁcatum
2628 3309 2871 3365 restituit
2917 3325 2930 3362 :
2988 3308 3230 3378 bellique
3272 3306 3598 3361 auctoribus

325 3404 651 3477 κρήμνιζον.
686 3403 946 3475 Παρῆλθε
999 3402 1059 3457 δὲ
1103 3403 1184 3466 εἰς
1220 3401 1283 3456 τὸ
1324 3401 1476 3465 ἐντὸς
1517 3398 1610 3454 τοῦ
1664 3399 1794 3454 ναοῦ
1844 3398 1906 3452 τὸ

2015 3397 2194 3454 securi
2228 3400 2524 3469 percussis,
2561 3408 2617 3454 et
2656 3401 2865 3456 tributo
2897 3398 3286 3471 Hierosolymis
3314 3396 3595 3467 imposito,

325 3498 520 3552 ἄϐατον
549 3497 580 3550 ό
626 3497 933 3566 Πομπήϊος,
962 3495 1057 3549 καὶ⁸
1095 3493 1205 3547 τῶν
1233 3494 1362 3565 περὶ
1396 3488 1559 3547 αὐτόν
1602 3506 1772 3555 τινες,
1807 3489 1904 3542 καὶ¹

325 3586 461 3643 εἶδον
511 3591 612 3644 ὅσα
665 3590 778 3653 τοῖς
831 3587 1013 3652 ἄλλοις
1052 3587 1194 3655 πλὴν
1244 3586 1354 3640 τῶν
1401 3586 1710 3655 ἀρχιερέων
1764 3577 1906 3652 ἦσαν

326 3686 548 3740 ἀθέατα.
581 3682 813 3746 Οὐδενὸς
863 3681 1050 3751 μέντοι
1116 3678 1227 3732 τῶν
1258 3677 1316 3730 ἐν
1349 3675 1501 3748 αὐτῷ
1535 3673 1907 3744 ἀναθημάτων

327 3778 361 3848 ἢ
383 3778 486 3831 τῶν
509 3775 811 3849 χρημάτων
832 3773 1008 3845 ἥψατο
1029 3771 1099 3826 δι’
1140 3767 1442 3824 εὐσέϐειαν.
1469 3767 1549 3837 Τῇ
1570 3765 1615 3819 δ’
1642 3764 1910 3835 ὑστεραίᾳ

2012 3482 2244 3544 Romam
2278 3491 2497 3546 rediens
2536 3491 2920 3549 Aristobulum
2954 3492 3200 3548 vinctum
3225 3505 3350 3547 cum
3382 3488 3606 3545 duabus

2015 3579 2257 3645 ﬁliabus,
2311 3582 2651 3654 totidemque
2686 3584 2815 3639 [iliis
2844 3599 3033 3639 secum
3065 3582 3314 3638 abduxit.
3352 3580 3609 3648 Quorum.

2017 3681 2148 3726 natu
2185 3675 2357 3743 major
2399 3672 2709 3731 Alexander
2746 3687 2968 3746 arrepta
3011 3675 3158 3746 iuga,
3198 3683 3320 3743 post
3346 3672 3603 3728 Judaeum

2021 3764 2342 3831 incursavit,
2382 3781 2558 3834 neque
2593 3765 2644 3820 ci
2675 3767 2934 3821 resistere
2960 3764 3244 3837 Hyrcanus
3272 3762 3483 3833 putuit-

326 3871 555 3943 καθᾶραι
593 3867 966 3940 παραγγείλας
989 3864 1050 3921 τὸ
1085 3863 1255 3936 ἱερὸν,
1304 3861 1398 3916 καὶ
1432 3857 1584 3913 θύειν
1621 3856 1891 3929 νομίμως,
1923 3857 2021 3931 τὴν
2049 3856 2463 3930 ἀρχιερωσύνην
2512 3859 2835 3932 παρέδωκεν
2886 3856 3161 3931 Ὑρκανῷ,
3223 3858 3350 3920 τοὺς
3388 3853 3597 3913 αἰτίους

326 3963 410 4015 τοῦ
442 3962 684 4031 πολέμου
711 3961 928 4014 πελέκει
954 3957 1413 4031 διαχρησάμενος,
1445 3953 1538 4008 καὶ
1556 3952 1624 4006 τά
1657 3951 2006 4024 Ἰεροσόλυμα
2054 3952 2287 4017 ποιήσας
2350 3952 2652 4023 Ῥωμαίοις
2725 3953 3002 4025 ὑπόρορα.
3061 3953 3351 4024 Πομπήϊος
3412 3948 3468 4003 δὲ
3504 3948 3609 4001 ἐπὶ.

337 4056 550 4130 Ῥώμην
623 4053 821 4121 ἀπιὼν,
856 4054 1094 4122 ἐπήγετο
1153 4050 1245 4105 τὸν
1316 4046 1733 4119 Ἀριστόϐουλον
1784 4044 2094 4114 δεδεμένον,
2150 4046 2247 4098 καὶ
2276 4046 2404 4108 τοὺς
2444 4045 2644 4108 παῖδας
2725 4047 2919 4102 αὑτοῦ.
2958 4043 3143 4101 Ἦσαν
3170 4047 3226 4100 δὲ
3287 4043 3440 4114 αὐτῷ
3503 4042 3599 4096 δύο

325 4150 611 4220 θυγάτρια,
659 4148 756 4201 καὶ
812 4145 1057 4199 τοσοῦτοι
1104 4143 1233 4206 υἱοὶ,
1283 4137 1359 4195 ὧν
1414 4141 1443 4194 ό
1498 4139 1870 4212 πρεσϐύτερος
1921 4135 2275 4209 Ἀλέξανδρος
2315 4139 2554 4211 ἀπέδρα,
2606 4140 2703 4193 καὶ
2752 4138 2850 4211 τὴν
2919 4139 3182 4193 Ἰουδαίαν
3243 4136 3615 4208 κατέτρεχεν,.

325 4235 545 4309 ὕστερον
581 4236 655 4308 μὴ
703 4236 1005 4305 δυναμένου
1046 4231 1140 4285 τοῦ
1193 4229 1466 4302 Ὑρκανοῦ
1503 4228 1651 4298 αὐτῷ
1682 4226 2197 4282 ἀντικαθίστασθαι.

391 4330 463 4388 Ζ’.
496 4331 587 4393 Ὠς
606 4329 664 4382 δὲ
679 4327 943 4397 Γαϐήνιος
958 4325 1037 4389 είς
1060 4323 1263 4395 Συρίαν
1288 4318 1415 4394 ἧκε,
1433 4322 1646 4393 πέμπει
1662 4320 1796 4392 πρὸς
1818 4320 1911 4373 τδν

337 4423 686 4491 Ἀλέξανδρον
733 4419 1022 4473 Ἀντώνιον
1050 4418 1279 4487 Μάρκον
1306 4415 1446 4487 μετὰ
1477 4414 1909 4487 στρατεύματος.

2094 4320 2208 4377 γη.
2250 4320 2519 4378 Gabinius
2568 4332 2751 4379 autem
2796 4338 2927 4378 cum
2973 4325 3027 4377 in
3077 4322 3289 4394 Syriam
3336 4322 3598 4382 venisset.

2017 4412 2091 4467 Μ.
2144 4413 2443 4469 Antonium
2498 4430 2624 4472 cum
2679 4416 2926 4472 exercitu
2981 4422 3174 4471 contra
3224 4413 3599 4470 Alexandrum

326 4513 434 4567 Καὶ
468 4510 773 4583 γενομένης
805 4509 1010 4579 μάχης,
1049 4506 1363 4560 κτείνουσιν
1401 4507 1450 4559 οί
1497 4505 1760 4574 Ῥωμαῖοι
1798 4503 1909 4555 τῶν

2017 4504 2211 4570 mittit,
2247 4506 2338 4575 qui
2378 4507 2564 4577 prmlio
2596 4509 2893 4563 commisso
2918 4507 3163 4561 hostium
3193 4505 3262 4560 ad
3295 4505 3398 4560 tria
3429 4506 3609 4562 millia

326 4605 606 4674 πολεμίων
658 4602 790 4673 περὶ
823 4598 1179 4671 τρισχιλίους,
1213 4599 1310 4651 καὶ
1360 4596 1461 4650 οὐκ
1496 4596 1755 4659 ἐλάττους
1804 4592 1911 4659 ζω-

326 4695 535 4765 γροῦσι.
567 4693 1001 4762 Καταφυγὸντος
1028 4690 1087 4744 δὲ
1131 4688 1482 4760 Ἀλεξάνδρου
1511 4687 1602 4740 ἐπί
1625 4705 1676 4740 τι
1708 4687 1910 4757 ἔρυμα,

325 4787 619 4857 λεγόμενον
667 4782 1063 4854 Ἀλεξάνδρων,
1099 4780 1410 4851 ἐπολιόρκει
1460 4778 1640 4833 τοῦτο.
1673 4782 1912 4848 Διαπρε-

329 4880 582 4933 σϐεύεται
607 4875 701 4931 οῦν
729 4877 865 4948 πρὸς
908 4876 1173 4945 Γαϐήνιον
1202 4875 1231 4927 ό
1271 4872 1640 4943 Ἀλέξανδρος,
1670 4872 1912 4941 συγγνὼ-

330 4986 437 5037 μην
466 4968 661 5035 αἰτῶν,
704 4970 802 5023 καὶ
843 4968 1210 5038 παραδίδωσιν
1255 4967 1294 5021 δ.
1344 4967 1599 5036 κατεῖχεν
1638 4965 1910 5036 ἐρύματα.

341 5062 399 5113 ὐ
428 5063 483 5115 δὲ
517 5061 815 5132 ἀρχιερεὺς
853 5060 1124 5129 Ὑρκανὸς
1158 5062 1239 5123 είς
1283 5059 1635 5131 Ἱεροσόλυμα
1668 5059 1914 5130 κατήχθη

329 5154 481 5223 παρὰ
521 5151 619 5206 τοῦ
646 5151 937 5222 Γαϐηνίου.
986 5151 1046 5205 Ὀ
1089 5151 1273 5222 μέντοι
1327 5151 1760 5221 Ἀριστόϐουλος,
1801 5151 1917 5205 δια·

328 5245 458 5316 59};
489 5248 553 5299 ἐκ
582 5243 832 5315 Ῥώμης,
867 5242 964 5297 καὶ
992 5246 1071 5307 εἰς
1100 5244 1202 5313 τὴν
1242 5244 1507 5298 Ἰουδαίαν
1526 5244 1717 5311 ἐλθὼν,
1749 5245 1917 5317 τειχί-

331 5338 446 5400 ζειν
468 5338 732 5409 ὲπειρᾶτο
755 5338 817 5389 τὸ
853 5335 1246 5406 Ἀλεξάνδρων,
1281 5334 1407 5405 ἄρτι
1437 5335 1914 5407 κατεσκαμμένον.

340 5430 404 5486 '0
454 5431 509 5486 δέ
543 5430 810 5499 Γαϐήνιος
861 5427 1069 5481 στέλλει
1112 5428 1239 5490 τοὺς
1271 5427 1620 5489 κωλύσοντας
1660 5426 1846 5491 αὐτὸν,
1881 5425 1915 5496 ἢ

332 5524 429 5577 καὶ
460 5521 927 5592 συλληψομένους.
960 5518 1154 5572 Πολλοὶ
1183 5518 1239 5572 δὲ
1275 5518 1353 5591 τῷ
1396 5516 1791 5589 Ἀριστοϐούλῳ
1813 5516 1919 5570 τῶν

344 5616 615 5670 Ἰουδαίων
640 5614 999 5685 προσέρρεον,
1035 5604 1110 5664 ὧν
1153 5613 1202 5665 oi
1247 5611 1467 5675 πλείους
1498 5608 1798 5681 ἐτύγχανον
1829 5610 1923 5666 ἆο-

334 5707 775 5770 πλοι.ἰ“οιούτους
792 5706 890 5776 μὲν
906 5699 1000 5759 οὖν
1020 5703 1291 5758 ἀπέλυσεν
1306 5703 1864 5777 Ἀριστόϐουλος,τοὺς
1877 5700 1921 5755 δ’

337 5800 719 5869 ὡπλισμένους
771 5798 931 5860 ὄντας
988 5793 1116 5865 περὶ
1149 5795 1590 5868 ὀκτακισχιλίους
1648 5791 1759 5866 εἶχε
1793 5792 1914 5865 μεθ’

2015 4599 2240 4665 Cecidit,
2290 4616 2399 4655 non
2440 4601 2802 4672 paucioribus
2842 4602 3039 4671 captis.
3079 4600 3389 4657 Alexander
3415 4608 3600 4655 autem

2018 4689 2069 4743 in
2120 4692 2369 4758 castello,
2417 4694 2565 4763 quod
2615 4693 3015 4750 Alexandriam
3046 4692 3377 4758 vocabatur,
3410 4693 3601 4749 obses-

2017 4794 2131 4844 sus,
2156 4781 2375 4835 veniam
2406 4799 2435 4836 a
2474 4782 2708 4839 Gabinio
2732 4800 2830 4854 per
2863 4784 3076 4854 legatos
3106 4784 3382 4854 impetrat,
3419 4782 3603 4839 muni-

2018 4871 2263 4929 tionibus
2300 4890 2439 4944 qttas
2475 4877 2698 4931 tenebat
2742 4876 2979 4945 traditis,
3026 4876 3427 4948 iiyrcanusque
3462 4890 3601 4945 pon-

2020 4961 2155 5017 tifex
2210 4964 2279 5019 ab
2332 4966 2527 5021 eodem
2580 4968 2816 5022 Gabinio
2865 4968 3244 5039 Hierosolyma
3292 4965 3601 5020 reducitur.
3694 5002 3699 5005 -

2019 5053 2373 5110 Aristobulus
2396 5072 2528 5112 vero
2549 5074 2673 5112 cum
2706 5060 2878 5115 Roma
2901 5061 2955 5114 in
2973 5059 3213 5115 Judazam
3238 5056 3597 5128 profugisse!»

2020 5162 2085 5202 ac
2108 5147 2503 5203 Alexandrina)
2554 5153 2718 5205 modo
2740 5167 2993 5207 eversum
3025 5152 3334 5205 instaurare
3363 5164 3600 5204 conare-

2022 5248 2141 5293 tur:
2169 5238 2437 5297 Gabinius
2458 5242 2646 5313 copias
2670 5243 2839 5308 misit,
2868 5258 2991 5313 qua:
3012 5242 3067 5296 id
3091 5239 3473 5311 prohiberent,
3504 5247 3605 5293 aut

2023 5329 2205 5400 ipsum
2249 5331 2416 5386 etiam
2490 5335 3053 5404 comprehenderent.
3105 5332 3213 5386 Sed
3265 5347 3389 5386 cum
3439 5334 3599 5387 multi

2022 5420 2195 5476 Judaei
2256 5424 2451 5495 majori
2502 5440 2568 5479 ex
2604 5435 2756 5496 parte
2801 5425 3043 5480 inermes
3093 5420 3159 5476 ad
3218 5421 3602 5477 Aristobulum

2024 5510 2392 5578 conﬂuerent,
2448 5517 2663 5571 czeteris
2708 5515 2971 5578 dimissis,
3019 5514 3168 5570 solos
3210 5523 3455 5569 armatos
3504 5515 3601 5586 qui

2024 5604 2094 5659 ad
2122 5622 2216 5661 vm
2267 5608 2440 5662 millia
2466 5609 2641 5672 iuerc,
2670 5608 2900 5663 retinuit
2927 5624 2941 5662 :
2980 5601 3081 5663 ii'a
3111 5607 3375 5663 Romanis
3412 5608 3603 5677 pra-lio

2025 5696 2183 5763 victi,
2209 5700 2406 5769 partim
2430 5700 2738 5766 caeduntur,
2764 5700 2961 5769 partim
2995 5700 3358 5770 dissipantur.
3383 5699 3603 5753 Aristo-

2038 5786 2202 5845 bulus
2230 5803 2364 5846 V‘cro
2398 5789 2560 5863 225
2587 5806 2710 5847 rum
2743 5790 2892 5849 mille
2920 5792 3052 5849 viris
3080 5792 3512 5850 Maeliacrunrem
3542 5775 3604 5845 se
