4002 6250
409 258 510 322 4οἿ

1673 255 2000 319 JOANNIS
2039 255 2364 317 ΖΟΝΑΒᾸΞ

3548 258 3661 316 40b

406 364 491 425 sio
528 358 724 421 fuisset
753 362 990 432 occisus,
1024 363 1130 420 nisi
1165 363 1453 437 Hyrcanus
1479 364 1599 436 eius
1634 365 1796 426 iram,
1821 364 1986 418 inter-

2096 364 2249 427 δαίας
2284 361 2593 417 ἑπτακόσια
2649 362 2889 415 τάλαντα
2935 357 3201 431 ἀργυρίου
3245 356 3540 431 ἐπράξατο,
3586 354 3662 415 ὧν

405 475 627 516 cessere
660 446 1011 529 ‘Antipatro,
1065 472 1095 513 c
1144 457 1371 513 talentis
1431 457 1721 527 placasset.
1783 457 1985 511 Verum

404 552 598 610 Cassio
629 550 739 622 jam
779 565 846 605 ex
870 549 1057 605 Judma
1091 548 1344 620 digresso
1397 546 1666 603 Malichus
1695 546 1987 617 Antipatro

408 644 642 703 insidias
676 643 864 708 struit,
898 641 1046 713 quod
1081 656 1149 697 eo
1190 641 1409 697 sublato
1437 639 1670 712 Hyrcani
1704 639 1986 710 principa-

407 745 498 792 tus
532 736 586 790 in
621 744 738 790 tuto
770 734 1129 790 collocandus
1169 743 1336 790 esset.
1387 732 1543 800 Quod
1591 748 1715 787 cum
1760 732 1985 801 Antipa-

406 838 555 884 trum
582 827 731 884 ltaud
763 828 982 891 lateret,
1023 826 1278 899 quamvis
1324 826 1414 881 ille
1457 826 1700 896 ejuraret
1748 825 1982 886 facinus,

408 936 468 977 se
513 930 704 977 contra
753 921 907 975 illum
966 918 1272 974 muniebat.
1334 916 1549 971 Marcus
1602 915 1769 970 etiam
1815 913 1987 985 Syria:

406 1024 609 1086 praeter
636 1028 830 1085 parum
860 1012 1041 1073 abfuit
1068 1010 1202 1082 quin
1242 1008 1537 1063 Malirhum
1572 1008 1810 1070 tolleret,
1851 1006 1906 1061 ni
1941 1004 1987 1060 is

409 1117 629 1173 quoque
655 1101 888 1157 salutem
922 1102 1041 1172 ejus
1069 1098 1333 1171 precibus
1369 1097 1645 1169 Antipatri
1676 1096 1983 1152 condonas-

340 1196 344 1203 ’
410 1192 795 1268 εοιηϐοεείυε
843 1207 1011 1263 porro
1067 1201 1124 1248 et
1174 1191 1390 1247 Marcus
1443 1189 1795 1245 exercituum
1849 1202 1989 1258 quos

407 1293 706 1357 coegerant
731 1301 865 1341 cura
903 1284 1109 1340 Herodi
1158 1282 1439 1346 mandata,
1495 1281 1891 1352 promiserunt,
1931 1294 1991 1335 se

404 1377 658 1434 confecto
701 1377 873 1440 bello,
925 1375 1073 1446 quod
1127 1384 1241 1430 tum
1293 1374 1562 1429 adversus
1601 1373 1899 1428 Antonium
1934 1385 1989 1427 et

404 1469 814 1525 adolescentem
851 1467 1123 1523 Caesarem
1152 1467 1473 1538 parabatur,
1505 1481 1631 1521 eum
1668 1464 1870 1521 Iudaeae
1897 1479 1984 1519 re-

403 1576 527 1628 gem
558 1570 868 1616 creaturos.
897 1559 1106 1615 Eodem
1138 1569 1384 1630 tempore
1428 1557 1698 1613 Maliebus
1726 1567 1988 1626 corrupto

403 1650 667 1723 Hyrcani,
689 1651 836 1722 apud
860 1667 1025 1722 quem
1050 1658 1289 1721 uterque
1315 1650 1667 1720 epulabatur,
1699 1649 1985 1719 pincerna.

402 1743 755 1813 Antipatrum
806 1758 1026 1799 veneno
1083 1743 1355 1798 sustulit:
1387 1742 1483 1797 sed
1534 1757 1659 1797 cum
1714 1739 1810 1795 filii
1871 1739 2065 1811 ejusB

402 1833 634 1890 insidias
662 1833 1075 1905 cognovissent,
1115 1833 1395 1888 inliciatus
1449 1840 1533 1887 est
1583 1831 1818 1886 facinus.
1853 1831 1989 1886 Cum

402 1935 585 1981 autem
638 1925 886 1982 Herodes
915 1940 1110 1980 necem
1146 1925 1319 1995 patris
1349 1923 1536 1979 statim
1572 1924 1763 1979 ulcisci
1802 1923 1989 1986 vellet,

409 2016 705 2074 Phasaelus
739 2018 867 2074 dolo
896 2018 1065 2089 228
1104 2017 1400 2072 Maliehnm
1446 2016 1853 2071 circumvenire
1891 2029 1989 2084 po-

406 2111 519 2167 tius
563 2112 740 2177 duxit,
783 2127 853 2167 ne
905 2109 1152 2166 intestini
1193 2110 1324 2165 belli
1379 2124 1601 2164 causam
1653 2109 1986 2178 praeberent.

402 2201 474 2257 Sc
497 2203 664 2273 igitur
688 2202 1017 2257 iniiciationi
1040 2201 1259 2256 Malicbi
1284 2200 1444 2255 (idem
1474 2200 1678 2253 habere
1705 2198 1988 2253 simulant.

402 2289 683 2354 Herodem
715 2315 846 2354 vero
874 2298 941 2353 ad
983 2298 1186 2353 festum
1216 2311 1341 2353 eum
1373 2296 1617 2350 exercitu
1652 2294 1986 2355 venientem,

402 2388 692 2462 Hyrcanus
739 2390 962 2446 Maliclti
1004 2390 1269 2461 impulsu,
1306 2389 1464 2444 urbis
1495 2388 1745 2457 ingressu
1799 2385 1991 2456 prohi-

401 2479 546 2536 buit.
577 2496 677 2551 per
710 2495 830 2536 eam
863 2495 1112 2543 causam,
1154 2495 1226 2535 ne
1267 2480 1430 2536 turba
1468 2478 1759 2550 peregrina
1787 2477 1991 2548 pepulo

400 2575 701 2643 puritatem
744 2573 988 2629 servanti
1043 2573 1496 2643 permisceretur.
1531 2571 1601 2626 At
1641 2571 1751 2635 ille,
1790 2569 1991 2640 spretis

401 2668 555 2724 illius
587 2669 796 2735 verbis,
827 2676 996 2722 noctu
1025 2668 1217 2722 urbem
1243 2665 1557 2737 ingreditur
1588 2683 1602 2721 :
1640 2674 1695 2720 ct
1726 2665 1992 2720 Malielius

401 2761 811 2817 simulationem
836 2761 1019 2816 adhuc
1047 2770 1225 2832 urget,
1253 2757 1605 2831 Antipatrum
1631 2758 1987 2829 deplorando,

401 2861 547 2909 etut
578 2852 816 2908 amicum
850 2852 1220 2916 inclamando,
1263 2852 1358 2908 sed
1408 2851 1545 2907 clam
1580 2851 1831 2907 custodia
1868 2867 1991 2906 cor-

401 2960 508 3015 pus
532 2944 731 2999 munit.
759 2943 1046 3000 Laodicma
1074 2960 1242 3016 porro
1268 2952 1430 3014 capta
1458 2959 1486 2997 a
1515 2943 1727 3009 Cassio,
1757 2951 1989 3013 uterque

2097 457 2196 531 τὴν
2224 456 2514 528 εἴσπραξιν
2535 457 2564 509 6
2593 455 2955 523 ’Λντίπατρος
2981 454 3095 516 τοῖς
3118 453 3256 516 υίοτς
3285 453 3488 522 ἀμφοῖν
3536 468 3666 506 κατ-

2095 549 2377 619 εμέρισεν,
2441 549 2499 601 ’0
2544 546 2640 601 οὖν
2697 545 2943 618 Ἡρώδης
2995 545 3215 617 πρῶτος
3262 545 3364 599 ὅσα
3401 540 3466 617 ἦν
3513 544 3665 613 αὑτῷ

2097 639 2596 709 προστεταγμένον,
2655 636 2881 704 Κασσίῳ
2928 633 3335 706 προσενεγκὼν,
3386 634 3540 704 φίλος
3595 630 3663 704 ἦν

2094 729 2244 801 αὑτῷ
2275 730 2331 793 ἐς
2364 729 2430 783 τὰ
2470 730 2728 799 μάλιστα.
2793 727 3063 800 Ἀνῃρέθη
3091 726 3135 780 δ’
3170 726 3236 779 ἂν
3285 726 3389 779 ὑπὸ
3420 724 3663 778 Κασσίου

2092 823 2119 875 6
2146 823 2390 893 Μάλιχος
2422 821 2558 894 (56),
2589 823 2639 875 εἰ
2667 821 2743 892 μὴ
2769 822 2797 875 6
2832 819 3101 891 Ὑρκανὸς
3129 819 3360 889 ἐπέσχεν
3389 816 3538 888 αὐτῷ
3567 818 3666 888 τὴν

2093 915 2293 988 ὁρμὴν,
2330 915 2528 970 ἑκατὸν
2562 914 2847 977 ταλάντοις
2876 911 3276 983 δεξιωσάμενος
3303 911 3371 966 δι’
3410 911 3666 965 ’Δντιπά-

2093 1024 2226 1079 τρου
2250 1007 2437 1061 αὑτόν.
2473 1007 2615 1077 Ἤδη
2649 1005 2706 1059 δὲ
2735 1005 2981 1060 Κασσίου
3012 1003 3382 1074 μεταστάντος
3405 1002 3505 1071 τῆς
3536 1003 3669 1055 Ἴου.

2093 1099 2271 1163 δαίας,
2296 1099 2642 1170 Ἀντιπάτρῳ
2666 1098 2909 1169 Μάλιχος
2938 1097 3321 1163 ἐπεϐούλευεν,
3344 1095 3419 1160 ὡς
3443 1098 3492 1149 εἰ
3516 1091 3669 1159 οὗτος

2095 1191 2354 1264 φθαρείη,
2394 1192 2696 1262 ἀσφαλείας
2730 1190 2997 1261 ἐσομένης
3027 1188 3107 1259 τῷ
3145 1187 3398 1259 Ὑρκανῷ
3423 1188 3554 1258 περί
3575 1187 3670 1254 τὴν

2095 1286 2290 1357 ἀρχήν,
2323 1284 2508 1338 Ταῦτα
2543 1284 2586 1338 δ’
2607 1285 2706 1337 οὑκ
2739 1283 2999 1337 ἐλάνθανε
3024 1281 3117 1335 τὸν
3151 1280 3536 1351 Ἀντίπατρον,
3556 1279 3671 1333 ἀλλ’

2093 1378 2423 1450 ἡσφαλίζετο
2454 1377 2666 1443 ἑαυτὸν,
2698 1378 2791 1431 καὶ
2821 1378 2848 1430 6
2879 1375 3125 1448 Μάλιχος
3168 1377 3387 1445 ἠρνεῖτο
3426 1374 3547 1445 μεθ’
3579 1374 3672 1442 ὅρ-

2094 1491 2226 1526 κων.
2260 1475 2486 1544 Μάρκος
2515 1472 2559 1525 δ’
2592 1473 2648 1525 ὲν
2673 1474 2737 1543 τῇ
2774 1472 2947 1541 Συρία
2984 1470 3312 1541 στρατηγῶν
3332 1469 3448 1540 (57)
3472 1469 3672 1539 μικροῦ

2093 1566 2302 1617 ἀνεῖλεν
2335 1566 2402 1618 ἂν
2428 1564 2522 1618 τὸν
2578 1564 2841 1634 Μάλιχον,
2867 1563 2916 1616 εί
2969 1564 3044 1633 μὴ
3102 1561 3462 1631 Ἀντίπατρος
3498 1578 3674 1631 παρα-

2097 1655 2328 1717 καλέσας
2356 1654 2519 1708 αὑτὸν
2546 1655 2871 1725 περιέσωσε.
2907 1653 3147 1717 Κάσσιός
3172 1670 3233 1722 γε
3261 1653 3366 1724 μὴν
3397 1653 3498 1705 καὶ
3520 1653 3676 1722 Μάρ-

2096 1764 2212 1812 κος.
2251 1748 2606 1819 ἀθροίσαντες
2639 1748 2921 1818 στρατιὰν,
2980 1746 3055 1818 τῷ
3100 1746 3314 1818 Ἡρώδη
3349 1745 3449 1817 τὴν
3484 1745 3676 1815 ἐπιμέ-

2096 1840 2246 1894 λειαν
2290 1839 2646 1911 ἐνεχείρισαν,
2694 1840 2998 1909 στρατηγὸν
3047 1840 3211 1893 αὑτὸν
3250 1838 3451 1907 Κοίλης
3483 1837 3678 1908 Συρίας

2098 1934 2455 2004 ποιήσαντες,
2489 1934 2853 2003 ὑποσχόμενοι
2885 1932 2977 1985 καὶ
3006 1931 3238 2002 βασιλέα
3270 1930 3368 1999 τῆς
3413 1928 3677 1993 Ἰουδαίας

2096 2024 2400 2092 ἀναδείξειν
2434 2024 2575 2097 μετά
2634 2024 2725 2078 τὸν
2754 2024 3012 2093 πόλεμον,
3046 2023 3103 2086 ὃς
3137 2022 3260 2076 τότε
3294 2021 3432 2092 προς
3477 2020 3673 2074 ’Λντώ-

2096 2134 2209 2170 νιον
2234 2114 2441 2170 καὶτὸν
2487 2115 2607 2168 νέον
2640 2115 2898 2185 Καίσαρα
2952 2112 3360 2182 συγκεκρότητο
3381 2126 3394 2140 ⁶
3459 2109 3549 2162 ὅτε
3584 2108 3676 2161 καὶ

2095 2207 2364 2279 Μάλιχος,
2400 2206 2491 2260 τὸν
2535 2203 2805 2273 Ὑρκανοῦ
2839 2204 3075 2275 οἰνοχόον
3105 2203 3385 2274 χρήμασιν
3403 2198 3675 2261 ὑπελθὼν,

2097 2300 2373 2371 φαρμάκῳ
2426 2296 2629 2351 κτείνει
2655 2295 3037 2360 Ἀντίπατρον.
3083 2294 3242 2365 Παρὰ
3271 2292 3378 2361 γὰρ
3422 2290 3677 2361 Ὑρκανῷ

2096 2392 2375 2445 είστιῶντο
2397 2390 2679 2459 ἑκάτεροι.
2715 2388 2958 2442 Γνόντων
3005 2388 3061 2441 δὲ
3091 2388 3190 2458 τὴν
3240 2385 3539 2455 ἐπιϐουλὴν
3571 2384 3674 2437 τῶν

2094 2485 2454 2554 ’Λντιπάτρου
2512 2482 2666 2546 υἱῶν,
2711 2482 2738 2532 6
2789 2480 3036 2551 Μάλιχος
3089 2480 3313 2552 ἔξαρνος
3342 2474 3432 2549 ἦν.
3459 2475 3551 2549 Τῷ
3585 2477 3677 2548 μὲν

2094 2572 2185 2631 οὗν
2217 2575 2430 2648 Ἡρώδῃ
2453 2573 2613 2637 εὐθὺς
2642 2573 2816 2627 ἐδόκει
2844 2574 2936 2627 τὸν
2968 2572 3126 2641 φόνον
3155 2571 3248 2624 τοῦ
3286 2570 3500 2641 πατρὸς
3532 2570 3675 2623 ἐκδι-

2095 2672 2210 2724 κεῖν
2231 2686 2244 2701 ο
2280 2670 2308 2723 6
2333 2670 2389 2723 δέ
2420 2685 2483 2736 γε
2506 2666 2786 2738 Φασάηλος
2817 2666 2957 2737 δόλῳ
2990 2666 3195 2736 μᾶλλον
3227 2663 3388 2735 ἤθελε
3427 2665 3524 2718 τὸν
3555 2664 3675 2718 Μά-

2092 2762 2570 2835 λιχονιμετελθεῖν,
2602 2761 2690 2815 ἵνα
2723 2760 2798 2831 μὴ
2825 2759 3092 2828 ἐμφυλίου
3123 2759 3364 2828 πολέμου
3408 2759 3674 2826 γένωνται

2093 2857 2280 2911 αἴτιοι.
2336 2855 2623 2909 Πιστεύειν
2664 2853 2760 2907 οὖν
2802 2856 2867 2923 τῇ
2896 2853 3126 2925 ἀρνήσει
3166 2851 3260 2906 τοῦ
3291 2843 3548 2922 Μαλίχου
3576 2851 3676 2905 ὑπ-

2094 2952 2392 3021 εκρίνοντο.
2429 2948 2730 3016 Ἐνστάσης
2758 2945 2953 3017 ἑορτῆς
2981 2946 3040 2997 ὲν
3076 2943 3501 3014 Ἰεροσολύμοις,
3545 2936 3676 3014 ἧκεν

401 3035 471 3090 ad
501 3052 629 3092 cum
662 3037 1070 3106 proﬁciscitur:
1103 3053 1165 3094 ac
1184 3036 1433 3093 Herodes
1458 3036 1510 3091 id
1543 3052 1766 3107 operam
1800 3037 1984 3101 dabat,

2103 3039 2349 3111 Ἡρώδης
2372 3040 2509 3109 μετὶι
2541 3038 2803 3108 στρατιᾶς
2833 3036 2910 3099 είς
2943 3035 3041 3106 τὴν
3072 3034 3228 3088 πάλιν
3250 3049 3263 3063 ’
3285 3034 3559 3105 Ὑρκανὸς
3588 3032 3665 3097 δὲ,

404 3134 467 3179 ιιι
497 3126 765 3182 Malichus
793 3127 872 3181 ibi
910 3142 1104 3198 pmnas
1142 3128 1345 3182 lueret.
1387 3128 1484 3182 lllc
1525 3143 1658 3182 vero
1688 3127 1742 3181 id
1780 3127 1863 3197 agi
1898 3144 1990 3182 δυο

402 3216 669 3287 spicatus,
722 3217 893 3270 lilium
927 3217 1023 3287 qui
1054 3216 1185 3288 Tyri
1215 3216 1380 3273 obses
1418 3225 1559 3282 erat,
1605 3216 1891 3283 sufl'urari,
1926 3232 1992 3272 ac

402 3307 460 3362 in
481 3308 725 3364 Judaeum
750 3308 1028 3378 proﬁcisci
1063 3319 1119 3365 et
1144 3324 1374 3378 regnum
1400 3324 1669 3378 occupare
1693 3309 1986 3380 cogitabat.

402 3400 511 3456 Sed
543 3401 794 3457 Herodes
821 3401 1040 3457 Maliclni
1067 3402 1305 3457 consilio
1331 3402 1512 3471 sagaci
1543 3404 1859 3471 conjectura
1899 3403 1985 3456 in-

401 3493 622 3565 dagatu,
664 3495 863 3550 nuntio
899 3495 1040 3550 clam
1076 3495 1282 3567 Tyrum
1335 3496 1524 3560 misso,
1564 3496 1803 3551 tribunis
1843 3497 1988 3551 mili-

404 3600 519 3643 tum
554 3588 876 3660 persuadet,
909 3599 970 3645 ut
1002 3588 1070 3646 ad
1123 3590 1277 3645 illum
1317 3589 1695 3659 egrediantur,
1747 3606 1985 3661 eumque

401 3680 680 3737 occidant.
703 3681 838 3737 Nam
863 3699 892 3738 a
915 3682 1106 3739 Cassio
1123 3683 1235 3754 jam
1265 3684 1649 3754 praescriptum
1684 3682 1984 3748 habebant,

400 3779 464 3825 ut
499 3770 702 3828 Herodi
731 3772 800 3828 ad
837 3789 926 3830 res
948 3776 1129 3846 justas
1159 3774 1481 3845 adjumento
1512 3784 1719 3830 essent.
1762 3774 1842 3830 Ita
1872 3775 1985 3830 Ma-

388 3864 549 3937 »lieho
577 3865 646 3920 ab
672 3865 757 3921 eis
789 3881 959 3937 prepe
997 3867 1191 3922 urbem
1226 3865 1505 3930 confosso,
1548 3866 1832 3939 Hyrcanus
1871 3883 1986 3938 pra:

400 3968 551 4013 metu
578 3959 880 4015 obmutuit.
910 3960 1119 4015 Deinde
1148 3974 1273 4015 cum
1310 3960 1418 4014 sibi
1456 3961 1694 4024 reddito,
1728 3961 1783 4016 id
1811 3961 1986 4016 Cassii

395 4050 554 4119 jussu
585 4050 791 4107 factum
826 4067 950 4108 esse
985 4051 1436 4122 responderetur,
1472 4052 1728 4122 probavit
1750 4053 1983 4115 caedem,

403 4139 559 4194 illum
588 4141 903 4212 improbum
937 4141 1110 4197 fuisse
1138 4141 1419 4196 hominem
1457 4150 1513 4195 et
1534 4141 1730 4211 patria:
1757 4141 1983 4196 insidia-

401 4240 577 4289 torem
610 4242 861 4289 testatus.

2094 3130 2320 3201 Μαλίχῳ
2368 3128 2634 3193 πεισθεὶς,
2694 3127 2934 3183 ἐκώλυεν
2960 3127 3110 3199 αὐτῷ
3156 3126 3252 3196 τὴν
3288 3128 3365 3190 είς
3395 3127 3500 3198 τὴν
3526 3126 3675 3181 π’λιν

2091 3223 2322 3288 εἴσοδον,
2352 3223 2626 3294 προφάσει
2656 3220 2752 3275 τοῦ
2788 3221 2860 3293 μὴ
2893 3221 3001 3274 δεῖν
3028 3219 3189 3290 ϐχλον
3215 3219 3521 3272 ἀλλοδαπὸν
3541 3218 3673 3273 ἀνα-

2099 3315 2393 3386 μίγνυσθαι
2418 3314 2494 3385 τῷ
2528 3314 2724 3387 πλήθει
2756 3314 3059 3383 ἁγνεύοντι.
3077 3314 3136 3367 '0
3157 3313 3236 3375 δὲ,
3271 3313 3346 3386 μὴ
3377 3311 3672 3383 φροντίσας

2095 3408 2203 3462 τῶν
2231 3408 2426 3476 λόγων,
2465 3407 2660 3460 εἴσεισι
2694 3406 2890 3471 νυκτὸς
2920 3409 3000 3471 είς
3026 3407 3127 3479 τὴν
3152 3406 3328 3461 πόλιν.
3354 3406 3600 3476 Μάλιχος
3629 3403 3672 3459 δ’

2094 3495 2176 3549 ἔτι
2198 3496 2296 3565 τῆς
2321 3493 2665 3567 ὑποκρίσεως
2685 3497 2882 3568 εἴχετο,
2904 3495 3157 3567 δακρύων
3178 3497 3268 3550 τὸν
3291 3495 3671 3566 Ἀντίπατρον,

2095 3587 2187 3641 καὶ
2211 3585 2287 3651 ὡς
2317 3587 2471 3656 φίλον
2501 3587 2964 3658 ἀνακαλούμενος,
3002 3589 3189 3659 κρύφα
3220 3589 3275 3642 δὲ
3308 3590 3550 3642 ἐποιεῖτο
3579 3584 3671 3640 τοῦ

2095 3681 2349 3751 σώματος
2385 3680 2658 3752 φυλακήν.
2707 3680 2951 3743 Ἐλόντος
2981 3682 3036 3736 δὲ
3086 3681 3324 3735 Κασσίου
3356 3680 3458 3752 τὴν
3489 3677 3674 3734 Λαοδί-

2092 3789 2269 3838 κειαν,
2303 3774 2470 3843 ἄμφω
2496 3777 2633 3846 πρὸς
2658 3774 2821 3829 αὑτδν
2846 3774 3118 3846 ἀπῄεσαν·
3156 3774 3251 3827 καὶ
3291 3774 3549 3844 Ἡρώδης
3579 3772 3673 3841 μὲν

2093 3867 2213 3920 ἐκεῖ·
2238 3867 2383 3920 τίσαι
2420 3868 2577 3930 δίκας
2607 3869 2699 3921 τὶν
2729 3867 2972 3938 Μάλιχον
3001 3865 3291 3937 ὲταμίευεν
3312 3882 3327 3898 ο
3361 3867 3388 3919 6
3421 3864 3482 3918 δὲ
3541 3865 3672 3918 ὑπο-

2094 3958 2335 4023 πτεύσας
2357 3959 2418 4013 τὸ
2441 3961 2674 4031 πρᾶγμα
2699 3958 2794 4013 τοῦ
2827 3959 3014 4023 παιδὸς
3043 3958 3194 4028 αὑτῷ
3226 3957 3595 4030 ὁμηρεύοντος
3619 3958 3673 4008 ἐν

2095 4051 2279 4121 Τύρῳ,
2328 4051 2628 4121 ἐμελέτησε
2680 4051 2872 4107 τοῦτον
2934 4051 3260 4122 ὑποκλέψαι,
3319 4050 3415 4103 καὶ
3470 4052 3549 4114 εἰς
3581 4048 3673 4118 τὴν

2105 4142 2370 4196 Ἰουδαίαν
2392 4145 2628 4212 ἀπᾶραι,
2655 4146 2750 4198 καὶ
2779 4144 2878 4214 τὴν
2914 4145 3089 4216 ἀρχὴν
3118 4144 3430 4213 κατασχεῖν.
3496 4142 3673 4211 Ἡρώ-

2092 4235 2187 4306 δης
2211 4236 2266 4289 δὲ
2292 4237 2393 4309 τὴν
2425 4237 2654 4308 γνώμην
2680 4236 2774 4290 τοῦ
2806 4236 3051 4308 Μαλίχου
3085 4237 3411 4307 ὑπονοήσας,
3453 4248 3673 4305 προ;ισ·
3710 4270 3713 4273 ν

401 4327 627 4401 πέμψας
679 4332 760 4394 εἷς
794 4330 973 4400 Τύρον
1027 4329 1224 4400 λάθρα,
1268 4329 1449 4386 πείθει
1482 4331 1607 4394 τοὺς
1657 4330 1976 4404 χιλιάρχους
2016 4332 2155 4402 προς
2213 4333 2460 4404 Μάλιχον
2523 4333 2783 4402 ἐξελθεῖν,
2820 4333 2918 4387 καὶ
2962 4331 3274 4403 διαφθεῖραι
3307 4331 3495 4385 αὐτόν.
3533 4327 3670 4398 Ἤδη

402 4418 512 4491 γάρ
551 4420 737 4484 αὑτοῖς
775 4422 924 4490 παρὰ
958 4422 1198 4476 Κασσίου
1224 4423 1535 4495 προώριστο
1565 4425 1943 4494 συμπράττειν
1988 4424 2206 4495 Ἦρώόῃ
2245 4427 2338 4478 ἐπὶ
2370 4426 2589 4479 δικαίαν
2640 4428 2862 4495 πρᾶξιν.
2887 4427 2947 4479 Οἱ
2984 4424 3064 4489 δὲ,
3091 4423 3316 4495 πλησίον
3341 4426 3440 4495 τῆς
3466 4419 3672 4478 πόλεως

403 4510 554 4580 αὑτῷ
583 4511 1016 4582 ὑπαντήσαντες,
1043 4513 1465 4566 κατακεντοῦσιν
1481 4514 1667 4568 αὐτόν.

1746 4514 2019 4584 Ὑρκανὸς
2062 4514 2118 4568 δὲ
2155 4515 2260 4568 ὑπὸ
2315 4515 2480 4585 φόϐου
2538 4515 2752 4583 ἄφωνο;
2782 4511 2871 4589 ἦν.
2943 4513 3277 4582 Ἀνενεγκὼν
3333 4513 3391 4566 δὲ
3462 4514 3669 4586 ἠρώτα,

403 4607 554 4669 ὅπως
607 4605 879 4677 ἀνῄρηται
910 4605 1187 4677 Μάλιχος·
1222 4607 1318 4659 καὶ⁹
1348 4606 1589 4670 ἀκούσας
1618 4607 1702 4661 ὅτι
1735 4606 1980 4661 Κασσίου
2021 4606 2451 4676 προστάξαντος,
2523 4606 2755 4678 ἐπῄνεσε
2804 4607 2903 4677 τὴν
2942 4605 3164 4679 πρᾶξιν,
3235 4622 3473 4676 πονηρον
3504 4604 3672 4660 εἰπὼν

404 4698 544 4755 εἶναι
577 4700 675 4754 καὶ
703 4701 802 4771 τῆς
827 4701 1089 4770 πατρίδος
1117 4701 1428 4759 ἐπίϐουλον.

475 4791 568 4848 IX.
605 4792 797 4849 Cassio
841 4809 908 4849 ex
962 4793 1118 4867 Syria
1171 4795 1438 4850 adversus
1495 4794 1797 4854 Antonium
1857 4813 1981 4869 pro-

2160 4793 2237 4847 ϐ’.
2278 4793 2521 4846 Κασσίου
2554 4790 2611 4844 δὲ
2644 4793 2707 4845 ἐκ
2733 4791 2936 4863 Συρίας
2960 4791 3273 4863 ἀπάραντος
3301 4790 3438 4861 πρὶς
3463 4789 3667 4845 Ἀντώ-

405 4884 573 4950 tecto,
603 4883 854 4941 Herodes
901 4885 1070 4943 variis
1116 4885 1170 4940 in
1220 4886 1358 4942 lucis
1392 4902 1509 4943 rem
1536 4887 1679 4943 bene
1704 4890 1894 4960 gessit,
1926 4899 1983 4945 et

401 4978 740 5053 Antigonum
779 4979 1085 5036 Aristobuli
1134 4979 1304 5034 lilium
1350 4979 1485 5036 lines
1516 4979 1718 5037 Judtea:
1745 4983 1859 5054 jam
1892 4982 1979 5036 iu-

2090 4905 2221 4952 νιον,
2257 4886 2285 4938 6
2329 4884 2576 4955 Ἡρώδης
2612 4885 2670 4936 ὲν
2728 4883 3010 4954 διαφύροις
3062 4882 3374 4954 ἠρίστευσε.
3429 4883 3541 4936 Καὶ
3594 4880 3672 4952 τῷ

2104 4981 2521 5054 Ἀριστοϐούλου
2575 4979 2630 5033 δὲ
2668 4978 2769 5049 υἱῷ
2820 4979 3116 5049 Ἀντιγόνῳ
3157 4978 3285 5048 ἄρτι
3334 4978 3444 5030 τῶν
3486 4977 3671 5049 ἄκρων

1613 5138 1813 5200 Variis
1850 5137 2159 5199 lectiones
2195 5142 2257 5198 et
2291 5143 2482 5197 noue.

476 5285 597 5357 (56)
637 5286 916 5357 Ἀνηρέθη
955 5285 1008 5340 δ’
1062 5285 1140 5357 dy
1168 5286 1287 5341 ὑπὸ
1322 5285 1597 5357 Κασσίου
1626 5286 1659 5338 ὁ
1688 5282 1984 5357 Μάλιχος.

2095 5289 2206 5338 tur.
2241 5295 2341 5334 cur
2380 5277 2615 5332 Malielro
2662 5278 2838 5330 iratus
2879 5272 3045 5327 fuerit
3074 5271 3315 5326 Cassius.
3346 5271 3448 5327 Sed
3483 5286 3550 5325 ex
3578 5271 3674 5326 Jo-

401 5342 677 5427 ιοὲειιίιιιε
713 5342 814 5412 iiii.
844 5342 960 5427 Vx'lv
993 5374 1007 5411 :
1044 5356 1125 5410 Τὰ
1159 5357 1216 5409 δὲ
1266 5356 1497 5425 Μαλίχῳ
1516 5353 1821 5427 κακοήθως
1852 5342 1986 5427 ἓξρδς

2096 5350 2266 5427 seplro
2292 5357 2562 5427 apparet,
2602 5344 2887 5427 pecuniam
2922 5342 3145 5413 segnius
3172 5353 3418 5397 exactam
3449 5356 3671 5396 causam

401 5422 570 5498 αὐτον
597 5426 955 5498 διακειμένῳ,
978 5427 1048 5480 τὰ
1072 5426 1117 5498 δέ
1140 5422 1697 5498 άλλριςστρὸὶτέταξεν
1713 5424 1989 5498 ἐἰσπράτ-

399 5497 616 5549 τεσθαι.
648 5493 941 5551 Pecuniam
971 5497 1171 5566 partim
1224 5493 1478 5566 Matieno,
1514 5511 1545 5546 α
1575 5510 1676 5563 quo
1700 5493 1917 5566 insidia:
1944 5501 1991 5545 et

399 5565 771 5631 struebantur,
807 5561 1005 5637 partim
1032 5564 1158 5637 aliis
1179 5565 1495 5637 exigendam
1546 5561 1841 5637 mandavit.
1867 5561 1986 5637 _No-

404 5648 521 5709 ster
548 5644 766 5709 auctor;
786 5631 875 5706 (si
908 5636 1043 5693 nihil
1075 5635 1229 5709 deest
1246 5631 1634 5709 )'ex_abrupto
1664 5634 1804 5709 hanc
1835 5631 1987 5709 elau-

407 5707 594 5763 sulasn
619 5704 806 5763 nescio
853 5719 964 5778 quo
991 5714 1154 5778 pacto
1183 5704 1436 5772 inseruit,
1468 5714 1527 5758 ut
1554 5719 1664 5760 non
1719 5704 1987 5774 intelliga-

2094 5416 2267 5474 l'uisse
2292 5416 2617 5472 iraCundiaz.
2651 5416 2740 5472 W.

2170 5492 2281 5560 (57)
2304 5488 2546 5560 Μάρκος
2572 5485 2844 5560 aperta
2877 5485 3063 5560 Συρίᾳ
3100 5481 3481 5560 ’στρατηζῶη
3537 5479 3674 5547 Quis

2104 5554 2358 5616 Marcus?
2389 5554 2567 5626 inquit
2601 5557 2850 5613 Wolﬁus.
2910 5555 3206 5616 Antonius,
3255 5569 3322 5607 an
3353 5554 3570 5626 Brutus,
3609 5565 3671 5604 ιιι

2093 5629 2276 5685 alius?
2303 5623 2575 5699 Iosephus
2627 5628 2791 5684 etiam
2837 5635 3049 5682 tantum
3087 5638 3401 5696 praenomen
3434 5623 3539 5678 hoc
3569 5635 3668 5691 po.

2099 5702 2203 5756 nit.
