4002 6250
237 326 336 393 ίθθ

1500 317 1913 383 ANNALIUM
1953 320 2104 381 LIB.
2149 323 2216 383 V.

3388 304 3509 381 ἰιο

236 428 478 498 ἐπιϐάντι
527 442 626 512 τῆς
681 440 951 495 Ἰουδαίων
976 428 1081 511 γῆς
1109 436 1223 510 (58)
1268 437 1615 510 ὑπαντήσας,
1667 436 1815 508 μάχῃ

1930 452 2193 506 gressum,
2239 439 2430 510 ι)τωίἰο
2477 438 2680 507 victor,
2728 439 2930 496 ﬁnibus
2980 440 3224 509 regionis
3269 443 3504 511 expulit.

236 537 467 608 ἐνίκησε,
497 535 594 590 καὶ
620 534 732 587 τῶν
756 534 923 603 ὁρίων
965 533 1173 603 ταύτης
1207 531 1463 597 ἐξέωσεν.
1498 530 1662 583 Ὅθεν
1684 530 1813 598 ἀφι-

237 629 459 698 κόμενον
481 628 562 691 είς
605 625 956 698 Ἱεροσόλυμα
1010 622 1313 693 ἐστεφάνου
1348 623 1377 676 ὃ
1426 639 1487 674 τε
1516 620 1686 690 δῆμος
1716 619 1815 673 καὶ

248 720 508 792 Ὑρκανός
529 736 546 753 ο
571 718 943 789 μνηστεύεται
972 717 1030 771 δὲ
1058 718 1152 770 καὶ
1184 715 1284 788 τὴν
1332 713 1605 786 Ὑρκανοῦ
1641 711 1815 780 θυγα-

237 812 440 886 τριδῆν,
477 810 833 881 Ἀλεξάνδρου
858 810 916 864 δὲ
943 810 1243 881 θυγατέρα,
1265 808 1360 863 τοῦ
1395 806 1813 878 Ἀριστοϐούλου

240 903 441 967 παιδός.
489 898 618 974 Εἶχε
649 901 707 955 δὲ
757 900 1026 972 πρότερον
1077 900 1271 971 ἑτέραν
1304 901 1539 970 γυναῖκα
1565 897 1813 968 δημότιν,

241 995 442 1067 Δωρίδα
479 994 845 1064 καλουμένην,
876 993 936 1058 ἐξ
968 989 1040 1067 ἧς
1069 993 1221 1064 αὐτῷ
1272 994 1404 1055 παῖς
1460 992 1817 1063 Ἀντίπατρος

241 1090 463 1156 γίνεται,
515 1086 625 1140 τῶν
673 1086 852 1141 ἄλλων
880 1084 1278 1156 πρεσϐύτερος.
1309 1084 1603 1139 Ἀντωνίου
1634 1084 1692 1138 δὲ
1722 1084 1817 1137 καὶ

241 1179 523 1250 Καίσαρος
552 1178 796 1233 Κάσσιον
835 1180 931 1233 καὶ
965 1178 1201 1250 Βροῦτον
1239 1179 1367 1250 περὶ
1397 1177 1699 1241 Φιλίππους
1731 1195 1819 1231 νε-

240 1270 558 1340 νικηκότων,
607 1272 635 1324 ὁ
665 1272 766 1341 μὲν
811 1271 904 1324 ἐπὶ
938 1270 1172 1335 Γαλλίας
1202 1269 1421 1342 ἐχώρει,
1474 1270 1612 1343 πρὸς
1643 1270 1699 1323 δὲ
1719 1270 1819 1342 τὴν

249 1365 430 1420 Ἀσίαν
452 1363 763 1426 Ἀντώνιος.
792 1363 1078 1435 Γενομένῳ
1106 1363 1152 1417 δ’
1185 1365 1243 1417 ἐν
1266 1364 1513 1435 Βιθυνίᾳ,
1546 1365 1821 1434 πανταχό-

239 1461 326 1514 θεν
354 1461 615 1532 ἀπήντων
643 1459 952 1532 πρεσϐεῖαι.
987 1461 1253 1532 Παρῆσαν
1309 1461 1369 1515 δὲ
1409 1462 1504 1515 καὶ
1552 1462 1816 1529 Ἰουδαῖοι,

238 1550 675 1623 κατηγοροῦντες
707 1551 998 1622 Φασαήλου
1036 1570 1094 1606 τε
1120 1554 1217 1607 καὶ
1259 1552 1526 1626 Ἡρώδου.
1557 1553 1821 1608 Ἐλθὸντα

237 1642 291 1695 δὲ
317 1641 413 1696 τὸν
478 1641 727 1714 ’Πρώῖην
756 1642 849 1697 ἐπὶ
893 1642 1189 1714 ἀπολογίᾳ,
1216 1642 1306 1698 διὰ
1345 1644 1513 1714 τιμῆς
1536 1638 1672 1716 ἦγεν
1696 1644 1821 1697 Ἀνι-

236 1734 449 1799 τώνιος.
473 1736 586 1835 ἰξαὶ
622 1736 742 1790 οὐδὲ
767 1736 929 1804 λόγου
960 1735 1193 1807 ἡξίωντο
1216 1738 1267 1791 οί
1303 1739 1626 1809 κατήγοροι,
1685 1738 1822 1810 χρὴ·
1845 1775 1895 1835 Β

241 1846 373 1899 μασι
406 1827 582 1881 ταῦτα
612 1828 706 1883 τοῦ
745 1829 990 1900 Ἡρώδου
1018 1831 1324 1903 πριαμένου
1354 1832 1484 1901 παρ’
1506 1832 1818 1886 Ἀντωνίου.

248 1919 487 1974 Ἐλθόντι
546 1919 591 1973 δ’
621 1920 702 1984 είς
746 1921 983 1988 Ἔφεσον
1010 1923 1287 1993 Ἀντωνίῳ
1330 1923 1576 1995 επεμψεν
1614 1924 1820 1996 Ὑρκα-

236 2012 325 2076 vi»;
356 2012 625 2079 στέφανον
653 2012 915 2083 χρυσοῦν,
947 2014 1043 2067 καὶ
1072 2014 1225 2084 ὴξίου
1256 2015 1381 2080 τοὺς
1419 2015 1706 2078 Ἰουδαίους
1725 2014 1820 2081 οὒς

235 2104 586 2176 ᾐχμαλώτισε
612 2106 878 2172 Κάσσιος,
907 2107 969 2160 οὐ
1014 2107 1165 2178 νόμῳ
1188 2108 1456 2177 πολέμου,
1502 2108 1822 2180 ἐλευθέρους

239 2196 609 2267 ἀπολυθῆναι,
644 2199 740 2252 καὶ
789 2201 891 2268 τὴν
921 2198 1108 2272 χώραν
1143 2198 1503 2269 ἀποδοθῆναι,
1530 2201 1597 2272 ἢν
1622 2201 1821 2266 αὐτοὺς

238 2292 498 2361 ἀσείλετο
530 2291 790 2356 Κάσσιος.
840 2294 1075 2347 Δικαίαν
1106 2289 1199 2348 οὖν
1233 2291 1373 2349 εἶναι
1405 2295 1680 2364 κεκρικὼς
1723 2295 1822 2366 τὴν

239 2383 486 2449 ἀξίωσιν,
524 2385 604 2448 είς
646 2384 808 2455 ἔργον
844 2385 1076 2456 ἐκϐῆναι
1103 2385 1429 2457 προσέταξε.
1467 2387 1621 2440 Μετὰ
1649 2387 1824 2442 ταῦτα

240 2479 317 2539 είς
348 2478 553 2545 Συρίαν
574 2478 1010 2549 παραγενομένῳ
1036 2479 1114 2550 τῷ
1149 2478 1444 2548 ’Λντωνίῳ,
1472 2482 1567 2533 καὶ
1591 2479 1694 2533 ὑπὸ
1715 2480 1825 2534 τῶν

236 2571 335 2641 τῆς
384 2572 748 2641 Κλεοπάτρας
801 2571 1027 2642 ἐρώτων
1078 2572 1482 2644 κεκρατημένῳ
1534 2573 1825 2644 προσίασιν

237 2662 431 2733 ἄνδρες
491 2662 712 2725 ἑκατὸν,
757 2660 1031 2716 Ἰουδαίων
1060 2662 1109 2714 οἱ
1151 2661 1539 2728 δυνατώτατοι,
1568 2661 1664 2717 καί⁵
1694 2680 1829 2716 κατ-

237 2755 477 2826 ηγόρουν
509 2754 751 2824 Ἡρώδου
780 2754 876 2808 καὶ
902 2754 1013 2807 τῶν
1044 2754 1173 2825 περὶ
1202 2756 1389 2820 αὐτὸν,
1438 2756 1707 2826 παρόντος
1733 2756 1828 2810 καὶ

248 2846 545 2916 Ὑρκανοῦ.
587 2846 876 2908 Ἀντώνιος
910 2846 967 2898 δὲ
1013 2846 1346 2900 πυνθάνεται
1400 2848 1692 2919 Ὑρκανοῦ,
1727 2851 1829 2903 πιέ-

238 2956 385 3012 τεροι
413 2939 512 2995 τοῦ
561 2939 750 3001 ἔθνους
801 2941 1166 3011 προΐστανται
1207 2940 1466 3011 ἄμεινον’
1499 2943 1592 2996 καὶ
1618 2943 1677 3005 ὃς
1702 2944 1830 3008 τοὺς

242 3035 369 3105 περὶ
415 3032 667 3105 Ἡρώδην
710 3028 888 3096 εἶπεν,
951 3032 1026 3087 ὢν
1061 3033 1211 3104 αὐτῷ
1244 3032 1536 3105 κηδεστής.
1603 3035 1663 3089 '0
1697 3035 1829 3104 γοῦν

1917 532 2075 590 Unde
2103 534 2481 607 Hierosolyma
2514 536 2761 600 veniens,
2792 544 2849 591 et
2878 552 2907 591 a
2939 537 3143 606 populo
3174 545 3231 593 et
3257 535 3325 591 ab
3368 535 3508 607 llyr-

1920 641 2060 681 cano
2090 637 2389 683 coronatur
2422 645 2437 681 :
2472 631 2631 701 cujus
2661 645 2731 684 ex
2774 630 2885 685 ﬁlia
2932 641 3174 700 neptem,
3209 628 3507 695 Alexandri

1919 716 2227 772 Aristobuli
2284 717 2381 771 ﬁlii
2423 725 2630 781 natam,
2684 733 2913 772 uxorem
2956 718 3132 780 ducit,
3174 733 3301 772 eum
3353 716 3508 786 prius

1919 811 2087 864 etiam
2122 809 2381 865 Doridem
2430 811 2755 881 popularem
2799 825 2955 865 suam
2990 824 3216 864 uxorem
3254 809 3507 871 haberet,

1919 919 1951 959 e
1982 920 2087 975 qua
2114 903 2284 957 ﬁlium
2315 913 2445 958 natu
2469 905 2769 959 maximum
2785 902 3136 972 Antipatrum
3168 908 3517 971 susceperat.

1918 996 2196 1053 Antonius
2237 1007 2293 1052 et
2333 997 2515 1052 Caesar
2543 998 2714 1052 Bruto
2764 1005 2822 1052 et
2863 995 3054 1051 Cassio
3105 994 3173 1049 ad
3225 993 3512 1064 Philippos

1920 1090 2107 1155 victis,
2146 1091 2286 1145 alter
2321 1091 2374 1144 in
2426 1089 2660 1145 Galliam
2711 1089 2847 1155 abit,
2880 1089 3157 1144 Antonius
3201 1088 3252 1140 in
3284 1086 3508 1141 Asiam:

1922 1186 2016 1257 qui
2049 1201 2174 1239 cum
2212 1185 2526 1254 Bithyniam
2578 1185 2873 1254 attigisset,
2923 1182 3169 1253 undique
3207 1181 3513 1253 legationes

1923 1278 1989 1331 ad
2027 1294 2152 1331 cum
2189 1286 2485 1332 Venerunt.
2540 1275 2790 1331 Aderant
2830 1283 2887 1330 et
2934 1275 3131 1339 Judaei,
3186 1273 3510 1328 Phasaeluut

1922 1381 1977 1425 ct
2025 1368 2299 1425 Ilerodem
2363 1369 2700 1423 accusaturi.
2762 1366 3037 1422 llerodcm
3090 1382 3220 1421 vero
3274 1366 3361 1421 sui
3418 1364 3515 1419 de-

1922 1462 2186 1518 fendendi
2232 1477 2400 1517 causa
2458 1476 2525 1517 eo
2587 1459 2920 1531 profectum,
2976 1468 3030 1513 et
3087 1474 3319 1513 munera
3379 1457 3516 1511 otl‘e-

1923 1565 2159 1622 rentem,
2191 1556 2467 1611 Antonius
2518 1554 2826 1610 honoriﬁce
2881 1554 3119 1624 excepit,
3170 1567 3239 1607 ne
3291 1548 3513 1605 dicendi

1923 1651 2146 1721 quidem
2186 1659 2460 1720 potestate
2495 1650 2621 1704 data
2661 1648 3104 1705 accusatoribus.
3158 1645 3288 1700 Inde
3332 1643 3516 1714 Ephe-

1924 1758 2045 1798 sum
2094 1757 2387 1813 progresso
2448 1741 2714 1805 Antonio,
2751 1740 3040 1813 Hyrcanus
3095 1752 3320 1792 auream
3354 1734 3520 1805 229

1923 1854 2185 1895 coronam
2241 1839 2431 1904 misit,
2481 1846 2704 1908 petens,
2760 1846 2821 1891 ut
2870 1837 3129 1901 Judtcos,
3192 1848 3333 1903 quos
3383 1830 3518 1886 Cas-

1922 1933 2038 1988 sius
2094 1942 2287 1988 contra
2351 1931 2479 1986 belli
2532 1945 2740 1986 morem
2787 1928 3047 1999 cepisset,
3095 1927 3355 1981 liberaret
3389 1966 3402 1988 ,
3460 1931 3518 1979 et

1923 2039 2084 2094 agros
2113 2026 2182 2078 ab
2213 2024 2406 2080 eodem
2437 2024 2723 2093 ademptos
2749 2021 3094 2077 restitueret.
3127 2019 3298 2089 Cujus
3329 2027 3521 2087 postu-

1921 2116 2071 2180 latis,
2129 2116 2222 2184 qui
2275 2131 2339 2171 ea
2389 2131 2543 2184 aequa
2587 2113 2889 2184 judicaret,
2936 2111 3211 2166 Antonius
3257 2106 3517 2163 satisﬁeri

1919 2185 2102 2280 jussit.
2136 2208 2345 2263 Deinde
2381 2209 2434 2261 in
2477 2207 2687 2279 Syriam
2738 2206 3069 2277 profectum,
3124 2214 3180 2259 et
3215 2203 3520 2285 Cleopatra:

1926 2316 2115 2355 amore
2165 2309 2410 2369 captum,
2461 2299 2779 2355 Judmorum
2834 2308 3057 2353 centum
3108 2296 3210 2349 viri
3244 2292 3518 2365 potentis—

1926 2392 2050 2449 simi
2101 2392 2463 2457 coztveniunt,
2525 2389 2803 2446 llerodem
2860 2401 2918 2446 et
2971 2389 3297 2445 Phasaelum
3354 2402 3520 2441 accu-

1927 2495 2136 2549 santes,
2166 2484 2420 2556 llyreano
2453 2485 2618 2540 etiam
2652 2491 2949 2554 praasente.
2980 2482 3085 2550 Qui
3122 2490 3353 2552 rogante
3404 2479 3522 2535 An-

1930 2580 2103 2643 tonio,
2145 2578 2254 2634 utri
2306 2578 2510 2648 populo
2554 2578 2763 2633 rectius
2823 2583 3146 2647 praeessent,
3204 2573 3520 2644 respondit,

1928 2670 2257 2726 Phasaelum
2310 2680 2366 2724 et
2420 2669 2721 2736 llerodem,
2783 2680 2842 2725 ut
2897 2670 3057 2740 cujus
3128 2684 3289 2724 socer
3345 2676 3519 2723 esset.

1928 2764 2169 2820 Proinde
2227 2763 2525 2827 Antonius,
2588 2763 2660 2818 ob
2719 2773 3011 2833 paternum
3073 2761 3377 2829 hospitium
3440 2761 3524 2817 eis

1929 2856 2161 2919 anticus,
2191 2863 2486 2924 utrumque
2512 2856 2842 2909 tetrarcham
2865 2855 3183 2926 appellavit,
3207 2853 3407 2909 Judatm
3424 2851 3526 2907 ad-

1938 2949 2353 3005 ministratione
2382 2948 2490 3003 illis
2522 2948 2779 3003 mandata
2811 2965 2824 3002 :
2869 2964 2934 3002 ae
2965 2949 3151 3002 decem
3191 2963 3260 3002 cx
3297 2960 3520 3000 accusa-

1936 3042 2152 3097 toribus
2202 3040 2259 3095 in
2285 3040 2503 3095 vincula
2527 3041 2811 3111 coniectos
2833 3039 3152 3103 occidisset,
3183 3039 3286 3092 nisi
3319 3038 3514 3094 fratres

253 3125 561 3192 Ἀντώνιος,
598 3125 814 3189 οἰκείως
861 3124 999 3197 πρὸς
1043 3125 1243 3189 αὐτοὺς
1299 3124 1440 3196 ἔχων
1490 3124 1578 3180 διὰ
1605 3127 1704 3198 τὴν
1733 3126 1829 3181 τοῦ

1936 3149 2038 3203 pro
2070 3130 2152 3187 eis
2201 3130 2479 3202 deprecati
2529 3140 2739 3186 essent.
2794 3131 3010 3185 Rursus
3043 3130 3195 3184 mille
3240 3129 3342 3183 viri
3380 3129 3517 3185 circa

240 3217 450 3289 πατρὸς
482 3216 665 3272 αὐτῶν
685 3217 887 3285 ξενίαν,
917 3221 1011 3272 καλ⁸
1036 3217 1206 3289 ἄμφω
1222 3218 1529 3291 τετράρχας
1549 3220 1826 3291 ὠνόμασε,

241 3312 334 3366 καὶ
377 3313 449 3365 τὰ
516 3309 795 3365 Ἰουδαίων
833 3312 1019 3375 αὐτοῖς
1047 3312 1321 3383 ἐπέτρεψε
1338 3314 1659 3383 πράγματα
1683 3330 1696 3345 ·
1736 3315 1831 3368 καὶ

240 3404 372 3459 δέκα
409 3404 586 3475 δήσας
614 3403 725 3458 τῶν
770 3406 1123 3476 κατηγόρων.
1158 3402 1402 3459 ἔκτεινεν
1433 3406 1499 3459 ἂν
1530 3407 1750 3470 αὐτοὺς,
1780 3407 1829 3461 εί

246 3499 320 3566 μὴ
355 3497 409 3550 oi
460 3495 687 3566 ἀδελφοὶ
745 3497 1162 3568 παρῃτήσαντο.
1224 3492 1390 3561 Αὖθις
1417 3497 1475 3552 δὲ
1505 3499 1667 3569 χίλιοι
1702 3500 1833 3572 περὶ

244 3589 419 3661 Τύρον
447 3589 527 3660 τῷ
570 3589 844 3661 Ἀντωνίῳ
875 3590 1221 3662 ὑπήντησαν.
1280 3590 1340 3643 '0
1371 3589 1429 3645 δὲ
1464 3590 1664 3660 δώροις
1694 3611 1830 3664 προ-

248 3682 708 3755 κατειλημμένος,
743 3681 822 3752 τῷ
854 3685 997 3738 κατὰ
1016 3683 1182 3736 τόπον
1203 3683 1429 3754 ἄρχοντι
1454 3685 1684 3739 κολάσαι
1707 3688 1834 3749 τοὺς

251 3773 539 3839 Ἰουδαίους
560 3775 867 3839 ἐκέλευσεν,
892 3774 969 3838 ώς
997 3775 1432 3847 νεωτερίζοντας.
1454 3776 1511 3829 Ὀ
1539 3776 1596 3830 δὲ
1654 3776 1833 3849 Ἠρώ-

254 3866 343 3937 δης
374 3867 598 3922 ἀπιέναι
628 3870 766 3938 ταχῦ
792 3869 979 3933 αὐτοῖς
1011 3868 1423 3934 συνεϐούλευεν,
1448 3868 1535 3922 ἵνα
1561 3868 1635 3940 μὴ
1664 3870 1836 3940 μεγᾶ-

255 3959 343 4013 λου
379 3960 718 4033 πειρασθῶσι
749 3961 948 4017 κακοῦ.
988 3961 1077 4026 Ὠς
1098 3962 1144 4014 δ’
1176 3961 1276 4032 οὐχ
1308 3961 1607 4030 ὑπήκουον,
1641 3963 1836 4034 ἐκδρα-

266 4052 450 4120 μόντες
481 4053 530 4104 οἱ
575 4050 862 4122 Ῥωμαῖοι,
889 4050 1044 4114 τινας
1082 4051 1181 4121 μὲν
1210 4051 1565 4118 ἀπέκτειναν,
1605 4052 1835 4116 πολλοὺς

264 4142 305 4195 δ’
330 4144 774 4215 ἐτραυμάτισαν
801 4146 896 4198 καὶ
926 4145 976 4197 oi
1005 4143 1187 4199 λοιποὶ
1220 4144 1576 4214 διαφυγόντες
1623 4144 1834 4216 ἡσύχα-

273 4233 375 4298 ζον.
404 4235 509 4290 Τοῦ
536 4236 592 4290 δὲ
617 4236 682 4306 δή
693 4254 796 4307 μου
828 4235 1212 4299 καταϐοῶντος
1254 4234 1520 4308 Ἡρώδου,
1566 4238 1837 4308 παροξυν-

268 4328 372 4394 θεὶς
414 4333 441 4385 ὁ
475 4331 763 4395 Ἀντώνιος
781 4332 910 4395 τοὺς
939 4331 1261 4401 δεδεμένους
1284 4333 1633 4385 ἀπέκτεινεν.
1661 4332 1839 4387 Ἀντί-

268 4437 414 4490 γονος
465 4424 521 4478 δὲ
553 4424 793 4495 Πακόρῳ
824 4423 904 4495 τῷ
961 4422 1195 4495 Πάρθων
1247 4424 1462 4495 βασιλεῖ
1493 4425 1836 4496 ὑπισχνεῖται

270 4516 402 4586 χίλια
437 4517 634 4572 δώσειν
655 4517 916 4582 τάλαντα,
947 4518 1041 4571 καὶ
1070 4518 1340 4586 γυναῖκας
1364 4518 1752 4584 πεντακοσίας,
1787 4521 1837 4574 εί

272 4608 359 4678 τὴν
423 4611 597 4681 ἀρχὴν
659 4609 929 4680 Ὑρκανὸν
989 4608 1321 4676 ἀφέλωνται,
1387 4614 1486 4663 καὶ
1521 4610 1840 4682 παραδῶσιν

272 4699 427 4772 αὐτῷ,
467 4705 563 4756 καὶ
613 4703 742 4765 τοὺς
773 4701 906 4769 περὶ
950 4700 1203 4772 Ἡρώδην
1228 4702 1493 4757 ἀνέλοιεν.
1533 4703 1635 4756 Διά
1664 4701 1842 4757 ταῦτα

270 4792 352 4847 ἐπὶ
399 4796 497 4867 τὴν
529 4795 794 4850 Ἰουδαίαν
829 4793 1164 4863 κατάγοντες
1188 4794 1499 4864 Ἀντίγονον
1550 4796 1602 4848 οἱ
1636 4795 1845 4866 Πάρθοι

269 4887 663 4959 ἐστράτευσαν⁸
699 4881 783 4950 οἷς
841 4887 1104 4951 πολλάκις
1134 4887 1185 4940 οί
1222 4889 1349 4958 περὶ
1394 4886 1646 4961 Ἡρώδην
1705 4905 1816 4960 cup.

271 4978 509 5047 μίξαντες
572 4979 863 5051 ἐκράτουν.
937 4978 999 5034 '0
1070 4979 1127 5033 δὲ
1191 4980 1302 5033 τῶν
1362 4979 1596 5052 Πάρθων
1682 4980 1838 5051 βασι-

266 5070 381 5136 λεὺς
405 5074 516 5145 (⁸59)
576 5075 673 5127 σὺν
705 5072 913 5142 ὀλίγοις
949 5071 1212 5126 ἱππεῦσιν
1262 5075 1342 5137 είς
1369 5075 1469 5143 τὴν
1493 5072 1647 5127 πόλιν
1673 5068 1830 5143 ἧκεν,

266 5163 335 5228 ὡς
390 5167 530 5237 τάχα
585 5166 942 5220 κατευνάσων
1001 5164 1099 5236 τὴν
1154 5167 1367 5229 στὰσιν,
1417 5165 1480 5218 τὸ
1551 5165 1596 5217 δ’
1632 5164 1834 5234 ἀληθὲς

267 5256 337 5323 ὠς
361 5260 654 5330 Ἀντιγόνῳ
695 5257 1060 5330 συμπράξων.
1111 5258 1400 5328 Φασαήλου
1433 5257 1489 5311 δὲ
1527 5256 1836 5322 ξενίσαντος

1933 3223 2137 3294 Tyrum
2186 3222 2429 3278 Antonio
2476 3230 2861 3278 occurrerunt.
2916 3220 2967 3275 Is
3014 3235 3145 3275 vero
3200 3219 3520 3275 muneribus

1928 3317 2040 3388 jam
2068 3323 2196 3370 ante
2227 3314 2578 3379 conciliatus,
2616 3314 2738 3383 ejus
2783 3312 2889 3367 loci
2924 3312 3188 3383 praefecto
3218 3311 3525 3377 mandarit,

1934 3417 1996 3463 ut
2023 3407 2244 3462 Iudaeos
2288 3417 2544 3477 tanquam
2581 3405 2739 3461 novis
2791 3405 2959 3460 rebus
2994 3406 3287 3461 studentes
3315 3406 3523 3475 suppli-

1934 3501 2023 3557 cio
2051 3500 2312 3557 alliceret.
2366 3499 2615 3555 Herodes
2658 3514 2792 3555 vero
2836 3515 2934 3555 eos
2982 3501 3219 3563 monuit,
3266 3510 3330 3555 ut
3376 3499 3526 3555 abire

1937 3605 2306 3661 maturarent,
2357 3611 2427 3651 ne
2471 3610 2636 3666 grave
2687 3595 2895 3649 malum
2952 3593 3341 3663 experirentur
3379 3612 3390 3644 :
3434 3591 3527 3662 qui

1936 3706 2063 3745 cum
2094 3678 2251 3755 {non'
2286 3689 2719 3751 auseultasscnt,
2776 3685 3010 3741 Romani
3067 3688 3274 3755 impetu
3325 3685 3378 3738 in
3434 3699 3526 3740 eos

1936 3779 2082 3834 facto
2132 3777 2403 3849 quosdam
2463 3774 2812 3841 occiderunt,
2877 3775 3081 3829 multos
3141 3774 3531 3837 vulnerat-unt,

1938 3870 2175 3925 maxima
2209 3884 2343 3924 vero
2369 3883 2498 3940 pars
2529 3868 2737 3923 evitato
2772 3865 3019 3937 periculo
3051 3864 3283 3934 quierit.
3317 3864 3527 3932 Populo

1937 3972 2122 4017 autem
2159 3968 2349 4014 contra
2375 3957 2647 4014 llerodem
2682 3955 3043 4021 vociferante,
3076 3955 3327 4008 irritatus
3350 3953 3525 4007 Auto-

1938 4055 2085 4117 nius,
2130 4055 2346 4107 \ithlOS
2389 4050 2690 4106 interfecit.
2727 4050 3024 4105 Enimvero
3076 4048 3383 4116 Antigonus
3431 4046 3526 4101 l‘a-

1938 4161 2071 4202 coro
2105 4144 2428 4199 Patthorum
2477 4143 2592 4212 regi
2643 4141 2792 4196 mille
2846 4142 3048 4196 talenta
3098 4149 3154 4194 et
3198 4156 3230 4194 ι)
3265 4138 3527 4193 mulieres

1938 4238 2239 4310 pollicitus.
2272 4237 2314 4292 si
2347 4235 2719 4307 principatum
2761 4233 3014 4305 Hyrcano
3056 4231 3376 4300 ademptum
3421 4230 3526 4284 sibi

1939 4335 2117 4399 daret,
2149 4342 2203 4387 et
2229 4331 2502 4386 llerodem
2531 4344 2656 4385 cum
2693 4329 2808 4383 suis
2836 4326 3057 4381 tolleret
3091 4339 3106 4379 :
3144 4339 3174 4379 a
3211 4322 3434 4378 Parthis
3472 4323 3528 4376 in

1939 4425 2182 4480 Judteam
2223 4421 2486 4477 reductus
2511 4429 2614 4483 cst,
2646 4435 2786 4490 quos
2816 4416 3113 4473 llerodiani
3143 4414 3344 4486 saepius
3379 4414 3524 4468 vice-

1942 4524 2095 4571 runt.
2147 4513 2255 4571 Sed
2307 4529 2403 4568 rex
2455 4512 2792 4568 Parthorum
2837 4525 2962 4565 cum
3010 4507 3202 4580 paucis
3250 4508 3532 4578 equitibus

1940 4612 2137 4665 urbem
2169 4608 2473 4678 ingressus,
2512 4621 2611 4677 per
2651 4605 2894 4676 speciem
2940 4601 3337 4673 componendae
3385 4601 3531 4656 sedi-

1941 4704 2131 4766 tionis,
2171 4716 2362 4756 reVera
2396 4707 2456 4754 ut
2502 4698 2783 4771 Antigono
2828 4712 2990 4767 opem
3046 4694 3237 4760 ferret,
3269 4693 3535 4749 Pt‘asacl'o

1940 4795 2149 4865 hospiti
2183 4810 2284 4849 suo
2327 4791 2624 4864 persuadet
2672 4797 2731 4844 ιιι
2764 4789 2833 4845 ad
2884 4788 3418 4859 Barzapharmanem
3451 4786 3532 4840 le-

1938 4896 2097 4957 gatus
2130 4893 2237 4939 eat.
2282 4882 2586 4937 Phasaelus
2623 4888 2680 4936 et
2707 4879 2992 4951 Hyrcanus
3020 4879 3186 4950 legati
3213 4887 3366 4942 cunt,
3393 4875 3534 4930 duce

1941 4994 2038 5034 eos
2064 4976 2384 5041 comitante,
2421 4975 2516 5031 sed
2542 4972 2759 5029 llerode
2790 4987 2900 5027 non
2932 4971 3223 5043 probante.
3267 4971 3343 5024 Ac
3373 4969 3530 5037 prin-

1942 5071 2091 5141 cipio
2123 5086 2152 5125 a
2199 5068 2673 5139 Barzapharmane
2706 5067 2924 5122 sincere
2953 5064 3186 5134 accepti,
3237 5071 3361 5134 post
3392 5059 3532 5114 insi-

1944 5164 2054 5218 diis
2109 5161 2340 5232 appetiti
2396 5169 2549 5224 sunt,
2600 5159 2870 5215 Phasaelo
2929 5164 3222 5226 SUSpectos
3295 5152 3533 5207 habente

1946 5255 2237 5321 barbaros,
2283 5269 2411 5309 cum
2455 5269 2514 5310 se
2561 5265 2737 5309 noctu
2781 5252 2923 5309 clam
2974 5245 3245 5305 cusmdiri
3282 5243 3533 5297 animad-

1442 5439 1645 5501 Variea
1678 5436 1989 5501 lectiones
2021 5446 2081 5500 ct
2113 5444 2298 5499 noue.

334 5604 440 5676 ('58)
475 5605 632 5676 Ἄρτι
682 5601 802 5676 τῶν
843 5603 1042 5673 ἄκρων
1079 5602 1351 5676 ἐπιϐάντι
1380 5600 1492 5670 τῆς
1541 5598 1842 5676 Ἰουδαίων

267 5675 394 5800 Tite.
423 5672 627 5744 Ἄκρα,
658 5675 775 5729 sive
801 5672 1082 5742 montana,
1128 5675 1244 5729 sive
1294 5684 1573 5729 extremos
1618 5672 1756 5727 ﬁnes
1785 5680 1843 5728 et

290 5746 462 5800 imites
493 5746 823 5800 signiﬁcant.
847 5745 936 5800 W.

290 5746 462 5802 imites
493 5746 823 5816 signiﬁcant.
847 5745 936 5802 W.

338 5819 445 5890 (59)
486 5813 671 5873 'O"6é
726 5813 845 5870 τῶν
906 5815 1151 5887 Πάρθων
1203 5814 1527 5883 βασιλεύς.
1567 5813 1841 5888 Iosephus

1942 5616 2100 5670 aeque
2131 5599 2405 5655 obscurus
2430 5606 2514 5670 est
2541 5596 2596 5653 in
2627 5596 2732 5670 hac
2769 5590 3025 5670 Parthica
3063 5589 3439 5662 expeditione,
3474 5598 3536 5645 ut

1944 5663 2200 5727 videatur
2275 5668 2531 5725 κυκεῶνα
2586 5666 2773 5739 potius
2827 5663 3142 5734 miscuisse,
3196 5675 3363 5734 quam
3412 5674 3534 5717 rem

1944 5743 2281 5815 cxplicasse.‘
2303 5740 2394 5797 W.
