4002 6250
256 281 364 349 413

1530 300 1945 367 ANNALIUM
1979 305 2128 368 LIB.
2168 309 2238 369 \’.

3422 313 3526 382 ill

256 402 560 498 Αἴγυπτον.
593 421 689 463 και
716 405 896 463 ἀπιὼν
917 407 988 464 τὰ
1016 407 1161 465 κατὰ
1212 409 1305 464 τὸν
1339 411 1570 482 ἀδελφὸν
1612 417 1837 486 ἤκουσε.

1948 419 2211 487 misisset,
2243 439 2341 495 qu.
2384 422 2659 482 Herodem
2710 423 2819 479 iter
2854 435 3180 489 convertere
3219 428 3480 498 {intrarent
3507 443 3525 480 :

256 496 469 573 Μᾶλχῳ
503 498 562 557 δὲ
599 500 961 573 μετεμέλησε,
999 502 1096 557 κοιᾶ⁹
1140 502 1349 558 ἔστειλε
1407 507 1534 568 τοὺς
1584 507 1846 579 ἀναστρέ-

254 587 464 657 ψαντας
492 588 587 648 τὸν
629 589 897 664 Ἡρώδην.
950 591 1008 647 ’0
1037 593 1095 648 δὲ
1151 597 1493 668 πορρωτάτω
1514 593 1609 671 ἦν,
1637 600 1732 652 καὶ
1762 598 1842 661 είς

254 682 536 750 Δίγυπτον
568 684 890 755 καταχθεὶς,
946 685 1206 741 κάκεῖθεν
1250 690 1331 752 είς
1376 687 1596 767 Ῥώμην
1641 691 1841 759 ἀφικόο

258 793 445 846 μενος,
494 775 767 850 Ἀντωνίῳ
799 779 1000 850 φράζει
1021 778 1090 836 τὰ
1134 781 1286 853 αὑτῷ
1319 783 1417 838 καὶ
1460 783 1539 854 τῷ
1572 784 1843 854 Φασαήλῳ

258 870 675 942 συμϐεϐηκότα,
728 873 822 926 καὶ
858 872 935 937 ὡς
998 868 1308 945 Ἀντίγονος
1358 877 1463 931 ὑπὸ
1499 877 1730 948 Πάρθων
1759 879 1842 941 είς

255 962 357 1035 τὴν
389 964 677 1034 βασιλείαν
736 968 990 1039 εἰσήχθη,
1037 970 1342 1045 χρημάτων
1389 972 1686 1046 ὑποσχέσει
1744 971 1843 1026 καὶ

257 1058 564 1126 γυναικῶν,
601 1058 697 1115 καὶ
750 1060 922 1115 τᾶλλα
982 1062 1084 1121 ὅσα
1124 1062 1320 1134 ἔδρασε
1373 1082 1436 1118 τε
1469 1066 1567 1119 καὶ
1613 1065 1839 1127 ἔπαθεν,

269 1151 560 1206 ’Λντώνιον
602 1153 660 1206 δὲ
694 1150 881 1219 οἶκτος
904 1156 1229 1228 εἰσέρχεται
1244 1160 1344 1228 τῆς
1390 1159 1635 1235 Ἡρώδου
1670 1177 1839 1235 μετα-

255 1244 442 1314 δολῆς.
495 1245 606 1299 Καὶ
638 1238 855 1319 Καῖσαρ
892 1248 980 1304 διά
1025 1266 1084 1302 τε
1141 1249 1297 1317 ἄλλα,
1336 1252 1432 1306 καὶ
1477 1251 1841 1324 χαριζόμενος

255 1336 530 1409 Ἀντωνίῳ
568 1339 663 1396 τοῦ
713 1338 954 1412 Ἡρώδου
986 1342 1412 1413 ὑπεραλγοῦν-ει,
1463 1346 1603 1417 πρὸς
1645 1362 1841 1416 συνερ·

252 1428 383 1498 γίαν
411 1429 762 1501 ἑτοιμότερος
782 1427 873 1504 ἦν.
905 1433 1414 1506 Παραστησάμενος
1441 1435 1537 1490 οὖν
1569 1440 1636 1510 τῇ
1673 1436 1837 1510 βουλῇ

250 1519 349 1573 τὸν
389 1519 660 1591 Ἡρώδην,
707 1522 811 1586 τάς
839 1539 901 1581 τε
933 1523 1031 1583 τοῦ
1085 1526 1295 1596 πατρὸς
1337 1526 1507 1580 αὑτοῦ
1554 1527 1838 1600 διεξῄεσαν

251 1610 600 1680 εὐεργεσίας,
631 1614 726 1666 καὶ
751 1613 853 1683 τὴν
908 1613 1075 1668 αὐτοῦ
1125 1618 1262 1690 πρὸς
1302 1617 1612 1689 Ῥωμαίους
1648 1619 1838 1690 ἔλεγον

251 1700 494 1756 ελῡνοιαν.
532 1703 892 1779 Κατηγόρουν
929 1705 987 1759 δὲ
1033 1705 1373 1776 Ἀντιγόνου,
1428 1710 1525 1768 καὶ
1574 1709 1838 1781 πολέμιον

251 1792 539 1862 ὠιὸμαςον
566 1795 660 1850 καὶ
697 1795 920 1852 ἄλλοθεν
970 1797 1090 1869 μὲν,
1132 1801 1227 1859 καὶ
1279 1802 1361 1855 δτι
1422 1803 1573 1877 παρὰ
1602 1803 1837 1874 Πάρθων

252 1885 419 1938 ἔλαϐε
449 1887 546 1957 τὴν
577 1887 773 1958 ἀρχὴν,
804 1890 932 1953 τοὺς
973 1889 1277 1959 Ῥωμαίους
1297 1891 1592 1962 ὑπεριδών.
1628 1895 1836 1964 Προσε-

253 1979 401 2047 πῆγε
430 1979 487 2032 δὲ
519 1981 547 2032 ό
589 1979 876 2045 ’Δντώνιος
925 1983 1013 2043 ὅτι,
1038 1985 1134 2044 καὶ
1168 1986 1304 2057 πρὸς
1324 1985 1416 2039 τὸν
1439 1986 1581 2041 κατὰ
1606 1989 1838 2060 Πάρθων

253 2070 499 2139 πόλεμον
542 2072 788 2142 Ἡρώδην
822 2072 1137 2144 βασιλεύειν
1180 2078 1476 2147 συμφέρει.
1530 2080 1643 2133 Καὶ
1676 2080 1838 2147 δόξαν

252 2165 412 2229 πᾶσι,
442 2163 602 2218 τοῦτο
638 2166 990 2243 ψηφίξονται.
1024 2169 1184 2224 Καὶό
1223 2171 1323 2242 μὲν
1358 2170 1504 2225 οὕτω
1543 2174 1643 2246 τὴν
1679 2173 1838 2244 βασι-

251 2255 409 2309 λείαν
440 2255 694 2328 είλήφειο
736 2257 1049 2327 Ἀντίγονος
1097 2261 1155 2319 δὲ
1209 2263 1310 2330 τὴν
1353 2264 1620 2319 Μασάδαν
1662 2265 1837 2325 διόλου

253 2349 592 2420 ἐπολόρκει.
618 2351 680 2405 Oi
713 2351 770 2406 δὲ
798 2351 951 2415 ἐντὸς
986 2354 1165 2426 αὐτῆς
1188 2356 1484 2422 ἐσπάνιζον
1509 2358 1723 2426 ὓδατος,
1763 2360 1839 2425 ὼς

252 2443 352 2497 καὶ
384 2444 475 2497 τὸν
499 2443 726 2514 ἀδελφὺν
770 2445 1012 2518 Ἡρώδου
1034 2448 1127 2502 τὸν
1146 2448 1351 2524 Ἰωσὴφ
1383 2452 1686 2520 ἀποδράναι
1715 2453 1841 2525 βου-

249 2537 511 2592 λεύεσθαι
553 2539 651 2593 σὺν
693 2538 993 2605 διακοσίοις
1049 2543 1188 2615 πρδς
1225 2544 1499 2614 Ἄραϐας,
1554 2546 1672 2604 ἀλλ’
1707 2549 1839 2601 ἐπε-

252 2630 449 2702 σχέθη,
488 2632 683 2693 νυκτὸς
706 2633 1005 2703 γενομένου
1034 2634 1219 2693 ὑετοῦ.
1252 2637 1521 2702 Βενδίδιος
1546 2639 1602 2694 δὲ
1633 2642 1663 2694 ὁ
1707 2640 1839 2698 Ῥωο

252 2725 437 2797 μαίων
456 2723 763 2795 στρατηγὸς
786 2725 1054 2796 πεμφθεὶς
1080 2728 1144 2780 ὲκ
1162 2728 1366 2807 Συρίας
1385 2728 1633 2800 Πάρθους
1655 2731 1841 2803 ἀνείρ-

247 2833 375 2885 γειν
409 2814 543 2887 (42),
582 2818 661 2880 είς
683 2815 948 2872 Ἰουδαίαν
970 2818 1315 2890 παρέϐαλεν,
1342 2820 1423 2885 ὡς
1455 2826 1837 2896 συμμαχήσων

246 2907 416 2979 δῆθεν
438 2911 550 2979 τοῖς
584 2907 1089 2979 πολιορκουμένοις,
1115 2911 1179 2965 τὸ
1206 2913 1253 2967 δ’
1280 2912 1403 2966 ὃλον
1433 2914 1510 2976 ὠς
1540 2916 1692 2989 παρᾶ
1716 2917 1839 2969 Ἀνο

245 3001 454 3072 τιγόνῳ
486 3002 992 3072 χρηματισάμενος.
1046 3002 1104 3058 Ὅ
1160 3004 1262 3073 μὲν
1296 3000 1412 3073 οὖν,
1445 3005 1745 3078 πληρώσας
1775 3008 1837 3062 τὸ

1948 512 2041 567 ille
2061 514 2171 583 jam
2216 515 2531 587 longissime
2567 517 2798 582 abierat,
2827 527 2883 580 et
2922 534 2989 581 ex
3026 519 3263 592 Egyth
3299 521 3527 581 Romam

1946 606 2251 681 profectus,
2285 623 2417 666 suos
2442 618 2499 668 et
2521 610 2772 667 Phasaeli
2806 627 2969 677 casus
3004 613 3248 673 Antonio
3274 616 3525 685 exponit.

1944 706 2003 750 et
2034 706 2092 752 ut
2118 698 2426 769 Antigonus
2455 716 2485 754 a
2513 701 2738 755 Parthis
2768 703 2824 757 in
2856 718 3086 773 regnum
3126 705 3433 761 collocatus
3457 711 3529 763 sit

1945 787 2309 860 pecuniarum
2335 798 2392 844 et
2421 790 2716 847 mulierum
2746 794 3022 862 pactione,
3061 802 3369 865 ceteraque
3405 815 3528 868 quae

1947 876 2063 946 ipse
2096 887 2210 932 tum
2244 879 2489 945 fecisset,
2524 890 2638 936 tum
2684 898 2980 954 perpessus
3019 895 3187 947 esset.
3226 887 3407 945 Motus
3441 898 3527 943 est

1944 966 2015 1022 ob
2042 982 2163 1022 eam
2200 967 2435 1029 fortunae
2481 971 2974 1029 commutationem
3016 970 3254 1031 Herodis
3306 974 3527 1029 miseri-

1944 1062 2138 1119 cordia
2164 1062 2459 1125 Antonius.
2478 1063 2659 1121 Caesar
2678 1080 2905 1137 quoque
2943 1074 3057 1123 tum
3093 1064 3163 1119 ob
3182 1066 3441 1129 alia,tum
3470 1065 3525 1118 in

1941 1156 2164 1211 Antonii
2205 1158 2433 1227 gratiam
2473 1172 2659 1217 casum
2694 1156 2934 1212 Herodis
2969 1171 3235 1226 perquam
3274 1157 3528 1217 dolente-1'

1943 1245 2189 1310 ferentis,
2248 1246 2482 1302 alacrior
2522 1245 2702 1308 factus
2751 1245 2818 1305 ad
2869 1245 3307 1317 suffragandum.
3353 1246 3527 1316 Igitur

1942 1339 2160 1399 Herode
2195 1339 2250 1394 in
2280 1348 2533 1395 senatum
2570 1339 2831 1411 adducto,
2875 1347 3101 1410 paterna
3134 1338 3427 1404 beneﬁcia,
3471 1351 3528 1395 et

1942 1435 2116 1505 ipsius
2168 1449 2301 1504 erga
2349 1433 2625 1489 Romanos
2678 1432 3123 1487 benevolentiam
3183 1447 3526 1499 commemo-

1942 1538 2092 1587 rant.
2117 1527 2453 1598 Antigonum
2476 1543 2610 1583 vero
2643 1518 2709 1582 ut
2736 1525 2952 1582 hostem
2986 1535 3275 1590 accusant,
3307 1541 3432 1587 cum
3457 1526 3528 1579 ob

1942 1619 2068 1683 alia,
2104 1628 2218 1673 tum
2257 1618 2404 1688 quod
2444 1617 2722 1689 despectis
2754 1616 3021 1672 Romanis
3048 1632 3277 1693 regnum
3314 1631 3342 1669 a
3392 1615 3530 1675 Par-

1944 1713 2053 1771 this
2076 1713 2380 1784 accepisset
2414 1729 2428 1765 :
2474 1711 2715 1768 Antonio
2755 1710 2886 1765 illud
2925 1709 3092 1769 etiam
3141 1707 3460 1785 adjicicntc,
3498 1724 3528 1762 e

1943 1822 2004 1867 re
2054 1806 2275 1883 publica
2327 1820 2470 1871 esse,
2537 1804 2610 1860 ob
2645 1803 2960 1865 Parthicum
2989 1802 3220 1866 bellum,
3253 1799 3526 1861 Herodem

1940 1913 2126 1959 rerum
2158 1898 2345 1971 potiri.
2377 1898 2490 1953 [Iac
2517 1896 2790 1958 sententia
2816 1896 2885 1950 ab
2913 1895 3171 1957 omnibus
3201 1893 3527 1971 approbata.

1940 2008 2170 2066 regnum
2207 1991 2410 2047 llerodi
2451 1991 2775 2053 decernitur
2811 2005 2826 2044 :
2857 1988 3129 2065 Antigono
3161 1986 3373 2047 interea
3412 1985 3527 2040 Ma-

1939 2083 2126 2138 sadam
2173 2082 2524 2141 continenter
2560 2079 2868 2136 obsidente.
2925 2077 3196 2137 Obsessos
3236 2091 3375 2149 aqua
3415 2075 3525 2146 jam

1940 2174 2257 2235 defecerat:
2293 2183 2347 2229 et
2393 2173 2668 2249 Josephus
2699 2171 2937 2227 llerodis
2973 2170 3144 2226 frater
3189 2186 3312 2225 cum
3363 2183 3426 2224 cc
3458 2168 3528 2222 ad

1938 2269 2150 2324 Arabes
2182 2267 2446 2339 aufugero
2492 2266 2843 2332 decreverat,
2897 2266 2992 2319 sed
3034 2272 3307 2325 nocturna
3343 2260 3529 2334 pluvia

1940 2363 2235 2419 consilium
2272 2361 2327 2421 id
2371 2360 2655 2423 discussit.
2701 2358 2996 2414 Ventidius
3040 2372 3208 2435 porro
3244 2364 3449 2425 praztor
3497 2369 3528 2409 a

1939 2457 2207 2513 Romanis
2247 2453 2447 2510 missus
2501 2451 2568 2508 ad
2622 2451 2858 2508 Parthos
2902 2449 3061 2521 Syria
3114 2445 3422 2519 pellendos,
3471 2446 3529 2501 in

1937 2550 2183 2607 Judteam
2211 2547 2369 2614 abiit,
2409 2563 2505 2618 per
2535 2544 2774 2617 speciem
2811 2539 3053 2597 obsessis
3082 2537 3407 2602 auxiliandi,
3443 2553 3531 2591 re-

1939 2660 2072 2701 vera
2113 2652 2176 2698 ut
2216 2642 2285 2698 ab
2326 2641 2602 2714 Antigono
2646 2636 2937 2709 pecuniam
2983 2641 3253 2706 caperet:
3302 2647 3367 2687 ac
3412 2629 3527 2684 voti

1940 2753 2167 2808 compos
2218 2736 2418 2798 factus,
2471 2731 2721 2798 recessit,
2774 2729 2963 2785 Silone
2996 2743 3122 2787 cum
3159 2734 3312 2797 parte
3344 2723 3530 2793 copia-

1940 2846 2061 2887 rum
2092 2830 2307 2893 relicto,
2353 2843 2422 2883 ne
2454 2825 2677 2899 largitio
2705 2822 3236 2897 deprehenderetur.
3281 2817 3530 2881 Herodes

1939 2936 2074 2982 vero
2122 2935 2189 2975 ex
2234 2918 2389 2979 Italia
2430 2914 2829 2974 Ptolemaidem
2885 2919 3252 2976 transvectus,
3294 2909 3528 2965 collecto

1939 3011 2210 3076 exercitu,
2250 3018 2443 3065 contra
2478 3009 2817 3081 Antigonum
2866 3006 3097 3069 ducens,
3139 3003 3320 3058 obiter
3350 2999 3527 3069 Joppe

249 3092 529 3166 βούλημα,
575 3093 898 3166 ἀνεχώρησε
921 3111 937 3127 ·
980 3094 1191 3150 Σίλωνα
1222 3098 1280 3151 δὲ
1337 3098 1478 3168 μετὰ
1504 3100 1706 3171 μέρους
1737 3101 1835 3172 τῆς

1942 3112 2134 3177 capta,
2187 3117 2258 3157 ne
2310 3117 2420 3171 qua
2477 3098 2733 3160 hostibus
2782 3094 3023 3151 munitio
3090 3092 3526 3164 relinqueretur,

249 3191 519 3262 στρατιᾶς
548 3188 961 3255 καταλέλοιπεν,
1011 3191 1100 3244 ἵνα
1153 3190 1230 3262 μὴ
1256 3190 1484 3262 γένηται
1526 3192 1587 3246 τὸ
1639 3193 1838 3264 λῆμμα

248 3284 584 3355 κατάφωρον
605 3298 620 3313 ο
669 3283 916 3354 Ἡρώδης
938 3283 1021 3348 δὲ,
1053 3285 1118 3337 ὲκ
1145 3284 1247 3354 τῆς
1274 3283 1510 3348 Ἰταλίας
1530 3286 1613 3350 είς
1637 3288 1839 3340 Πτολε-

250 3378 424 3449 μαΐδα
454 3376 952 3441 καταπεπλευκὼς,
977 3376 1211 3448 ηλαυνεν
1244 3379 1334 3431 ἐπ’
1364 3379 1697 3453 Ἀντίγονον,
1739 3379 1835 3437 δύ-

245 3487 421 3545 ναμιν
461 3469 743 3540 ἁθροίσας.
790 3468 958 3527 Ἐλὼν
988 3467 1034 3522 δ’
1068 3470 1127 3523 ἐν
1148 3467 1226 3538 τῷ
1256 3469 1408 3542 μέσῳ
1441 3473 1542 3542 τὴν
1564 3472 1833 3543 Ἰώτππην,

246 3564 339 3617 ἴνα
375 3562 544 3634 μηδὲν
582 3562 668 3633 εἴη
693 3563 807 3624 τοῖς
843 3560 1063 3632 ἐχθροῖς
1085 3562 1288 3632 ἔρυμα,
1315 3562 1576 3623 ἔσπευδεν
1604 3568 1686 3631 εἰς
1707 3568 1830 3625 Ma-

246 3656 441 3721 σᾶδαν,
467 3655 595 3719 τοὺς
619 3655 856 3720 οίκείους
882 3654 1183 3727 ῥυσόμενος
1205 3673 1218 3686 ·
1248 3654 1343 3714 καὶ
1377 3656 1603 3720 τούτους
1631 3659 1835 3713 ἀναλα-

244 3747 386 3814 ϐὼν,
425 3749 564 3820 πρὸς
595 3748 665 3805 τὰ
721 3745 1075 3818 Ἱεροσόλυμα
1124 3746 1514 3821 παραγίνεται.
1572 3749 1746 3820 Συνῆν
1778 3752 1836 3805 δὲ

244 3841 405 3912 αὐτῷ
436 3842 533 3901 καὶ
564 3840 628 3894 τὸ
656 3841 796 3916 μετὰ
825 3840 1057 3904 Σίλωνος
1084 3841 1501 3914 στρατιωτικὸν,
1551 3843 1646 3897 καὶ
1676 3843 1835 3908 ἐκτὸς

248 3932 827 4006 ἐστρατοπεδεύσαντο
852 3949 867 3964 ⁸
887 3935 937 3989 οἱ
969 3933 1015 3988 δ’
1042 3934 1192 3999 ἐντὸς
1218 3935 1329 4011 απὸ
1355 3934 1452 3988 τοῦ
1482 3936 1700 4005 τείχους
1730 3954 1837 4007 μα-

243 4029 499 4102 χόμενοι,
532 4029 786 4100 ἀνεῖργον
818 4028 1018 4091 αὐτοὺς
1050 4027 1162 4081 ἀπὸ
1215 4028 1326 4085 τῶν
1379 4029 1633 4101 πύργων.
1671 4032 1784 4084 Καὶ
1807 4032 1836 4084 ό

243 4125 423 4182 Σίλων
451 4121 509 4174 δὲ
541 4121 653 4174 τῶν
686 4121 909 4180 οίκείων
961 4122 1315 4198 στρατιωτῶν
1357 4138 1520 4186 τινας
1551 4122 1835 4195 καταὸοᾷν

242 4211 343 4265 τοῦ
393 4210 634 4280 Ἡρώδου
686 4212 914 4285 ἐποίησε
972 4210 1061 4269 διὰ
1104 4211 1304 4267 σπάνιν
1330 4211 1441 4269 τῶν
1488 4213 1831 4282 ἀναγκαίων,

243 4309 421 4363 ἐκίνει
455 4323 516 4363 τε
544 4304 606 4360 τὸ
642 4306 1016 4377 στρατόπεδον
1062 4307 1139 4370 ὡς
1193 4308 1590 4380 ἀναχωρήσων.
1642 4310 1836 4364 Ταῦτα

1940 3194 2215 3251 Masadam
2264 3192 2335 3247 ad
2366 3207 2497 3249 suos
2531 3187 2795 3247 tutandos
2818 3184 3173 3262 properabat.
3215 3184 3398 3253 lisque
3437 3197 3528 3234 re-

1939 3291 2134 3359 ceptis,
2174 3287 2451 3360 adjunctis
2495 3285 2660 3339 etiam
2713 3282 2918 3339 Silonis
2968 3278 3314 3341 cohortibus,
3370 3284 3529 3333 extra

1940 3379 2320 3450 Hierosolyma
2356 3385 2806 3437 castrametatur.
2853 3373 2927 3428 lis
2956 3380 3139 3427 autem
3172 3369 3264 3440 qui
3293 3369 3348 3423 in
3390 3367 3530 3423 urbe

1936 3485 2118 3535 erant,
2149 3487 2217 3527 ex
2257 3468 2685 3543 propugnaCulis
2724 3466 2914 3526 hostes
2963 3461 3304 3523 arcentibus,
3359 3458 3527 3517 etiam

1938 3566 2054 3627 Silo
2088 3563 2356 3636 quosdam
2388 3579 2418 3615 e
2449 3563 2566 3616 suis
2600 3559 2943 3619 subornavit,
2976 3564 3038 3609 ut
3075 3554 3148 3608 ob
3187 3560 3528 3608 commeatus

1939 3663 2226 3734 penuriam
2261 3667 2458 3713 contra
2499 3654 2771 3715 Herodem
2809 3650 3267 3711 vociferarentur,
3321 3656 3529 3700 castra-

1938 3773 2047 3828 que
2097 3756 2271 3811 movit
2325 3762 2583 3825 tanquam
2654 3762 3001 3804 recessurus.
3038 3743 3094 3799 ld
3136 3760 3203 3798 eo
3266 3739 3523 3803 faciebat,

1938 3849 2085 3919 quod
2118 3848 2455 3918 Antigonum
2494 3843 2569 3896 oh
2601 3840 2949 3912 largitionem
2983 3836 3364 3895 reverebatur.
3413 3831 3526 3885 He-

1938 3939 2103 3994 rodes
2127 3952 2260 3992 vero
2292 3935 2361 3990 ab
2388 3935 2480 3989 illo
2512 3928 2690 4007 petiit,
2733 3941 2793 3987 ut
2828 3939 3099 3994 maneret,
3161 3930 3218 3982 et
3250 3939 3525 3985 commea-

1938 4039 2029 4084 tus
2055 4029 2270 4099 eopiam
2300 4026 2506 4090 attulit,
2543 4039 2612 4078 ne
2665 4038 2773 4095 qua
2830 4020 3003 4076 Sileni
3041 4033 3205 4077 causa
3243 4015 3526 4071 discessus

1938 4122 2371 4192 relinqueretur.
2432 4117 2594 4191 232
2638 4114 2777 4175 Cum
2823 4112 3091 4169 exercitui
3136 4110 3355 4172 abunde
3404 4122 3528 4178 pro-

1938 4225 2186 4287 speetum
2219 4220 2388 4285 esset,
2421 4221 2596 4270 matre
2626 4208 2950 4278 exterisque
2978 4202 3304 4261 necessariis
3341 4200 3528 4261 Sama-

1938 4309 2035 4365 ria:
2059 4307 2363 4372 collocatis,
2396 4303 2675 4362 Galilaeam
2707 4317 2926 4358 omnem
2970 4298 3074 4359 sibi
3124 4294 3415 4367 adiungit:
3458 4293 3528 4346 iis

242 4399 290 4453 δ’
319 4401 521 4460 ἐποίει,
552 4396 647 4454 τὸν
680 4398 994 4469 Ἀντίγονον
1016 4398 1105 4456 διὰ
1146 4399 1246 4470 τὴν
1288 4401 1624 4473 δωροδοχίαν
1650 4402 1835 4456 αἰδού-

1939 4402 2184 4473 exceptis
2220 4399 2315 4470 qui
2346 4397 2636 4474 speluncas
2668 4394 2940 4457 incolunt,
2979 4389 3220 4460 undique
3248 4386 3427 4442 acutis
3470 4394 3528 4439 et

250 4504 439 4559 μενος.
479 4486 727 4559 Ἡρώδης
756 4487 815 4541 δὲ
847 4487 1003 4561 ἠξίου
1048 4489 1234 4560 μένειν
1261 4490 1449 4558 αὐτὸν,
1474 4494 1569 4544 καὶ
1598 4490 1837 4564 ἐξορμή-

248 4598 351 4642 σας
382 4578 589 4646 πλῆθος
623 4578 950 4650 ἐπιτηδείων
979 4581 1262 4653 ἐκόμισεν,
1292 4579 1435 4635 ὥστε
1470 4582 1668 4654 μηκέτι
1700 4584 1834 4638 ὑπο-

244 4672 427 4726 λιπεῖν
464 4672 661 4729 Σίλωνι
701 4673 801 4744 τῆς
844 4672 1256 4745 ἀναχωρήσεως
1294 4673 1610 4745 πρόφασινο
1642 4674 1738 4731 καὶ
1780 4676 1830 4728 oi

250 4764 353 4835 μὲν
379 4766 438 4818 ὲν
469 4762 726 4833 ἀφθόνοις
758 4759 927 4836 ἦσαν.
964 4762 1211 4836 Ἡρώδης
1264 4763 1344 4831 δὲ,
1377 4764 1830 4837 παραγενόμενος

247 4862 329 4920 αις
358 4858 702 4931 Σαμάρειαν,
733 4858 849 4909 ἐκεῖ
877 4858 976 4928 την
1023 4874 1084 4911 τε
1115 4857 1330 4933 μητέρι
1363 4859 1459 4917 καὶ
1484 4860 1611 4924 τοὺς
1637 4858 1834 4924 ἄλλους

247 4949 483 5014 οἰκείους
512 4950 803 5008 κατέθετο.
844 4949 1018 5011 Αὐτὸς
1069 4948 1127 5003 δὲ
1167 4950 1260 5003 ἐπὶ
1290 4949 1585 5009 Γαλιλαίαν
1633 4949 1832 5027 ᾤχετο,

1944 4493 2237 4566 praeruptis
2268 4491 2439 4562 petris
2465 4490 2745 4559 ohseptas.
2779 4486 3025 4542 Tandem
3057 4483 3124 4539 iis
3152 4496 3372 4553 quoque
3398 4479 3528 4534 licet

1942 4584 2236 4640 difﬁculter
2277 4582 2510 4657 potitus,
2552 4580 2720 4636 rebus
2778 4577 2850 4634 ibi
2883 4574 3172 4638 ordinatis,
3224 4571 3525 4629 Samariam

1940 4679 2127 4744 rediit,
2165 4686 2225 4733 ut
2254 4678 2374 4732 acie
2409 4690 2534 4730 eum
2587 4674 2865 4745 Antigono
2913 4670 3261 4725 decerneret.
3310 4665 3524 4720 Interea

1937 4773 2147 4835 Pacoro
2210 4769 2265 4825 in
2330 4769 2520 4840 ιιι-ωηο
2570 4782 2734 4832 caeso,
2786 4765 3118 4839 Parthisque
3176 4779 3209 4818 a
3264 4758 3527 4819 Romanis

1936 4863 2261 4936 proﬂigatis,
2286 4860 2579 4922 Ventidius
2603 4857 2809 4921 Herodi
2839 4856 3158 4914 Machaeram
3194 4869 3320 4911 cum
3355 4852 3523 4923 legio-

1934 4957 2101 5019 nibus
2147 4954 2353 5011 auxilio
2405 4952 2596 5021 mittit,
2649 4952 2793 5024 apud
2839 4967 3005 5029 quem
3053 4947 3300 5005 Herodes
3355 4945 3525 4999 fratre

249 5045 345 5097 καὶ
380 5043 725 5115 προσάγεται
772 5043 955 5097 πᾶσαν
1006 5041 1178 5115 αὐτὴν
1235 5042 1377 5113 πλὴν
1435 5043 1546 5096 τῶν
1612 5045 1669 5098 ἐν
1717 5046 1831 5109 τοῖς

1939 5048 2174 5119 Iosepho
2207 5047 2423 5111 relicto,
2478 5043 2704 5101 mandat
2745 5058 2814 5100 ne
2848 5044 3037 5103 Martis
3065 5041 3238 5096 aleam
3270 5034 3523 5108 experia-

254 5134 543 5205 σπηλαίοις
611 5133 1044 5189 κατοικούντων.
1104 5129 1215 5187 Ἦν
1243 5134 1300 5193 δὲ
1348 5134 1417 5192 τὰ
1474 5133 1720 5207 σπήλαια
1774 5136 1834 5193 ὲν

250 5228 398 5297 ὄρεσι
431 5229 613 5300 πάντη
649 5227 985 5300 essetamor
1017 5227 1114 5282 καὶ
1145 5228 1377 5300 πέτραις
1404 5228 1609 5302 ὀξείαις
1658 5231 1835 5300 ἐμπε.

256 5323 570 5397 ριεχόμενα.
602 5322 713 5377 Καὶ
737 5320 943 5387 τούτων
977 5321 1034 5376 δὲ
1072 5322 1353 5395 δυσχερῶς
1377 5324 1497 5391 μὲν,
1531 5322 1646 5377 ἀλλ’
1682 5324 1835 5394 ὅμως

254 5417 544 5491 ἐκράτησε.
575 5417 942 5486 Καταστήσας
974 5416 1031 5471 δὲ
1059 5417 1127 5470 τὰ
1159 5415 1352 5474 αὐτόθι
1377 5417 1405 5468 ό
1434 5415 1714 5486 βασιλεὺς,
1751 5419 1836 5482 είς

1936 5149 2047 5207 tur,
2079 5153 2218 5194 neve
2248 5153 2373 5192 cum
2405 5135 2674 5192 Machwra
2704 5132 3003 5191 contendat
3038 5150 3050 5187 :
3089 5133 3203 5209 ipse
3234 5129 3302 5184 ad
3353 5126 3524 5180 Anto-

1934 5235 2088 5290 nium
2127 5231 2264 5294 abit,
2297 5229 2582 5289 Samosata
2619 5226 2812 5284 urbem
2858 5225 2926 5280 ad
2957 5224 3296 5294 Euphratem
3334 5218 3521 5283 sitam,

1934 5333 2367 5396 oppugnantem.
2406 5321 2508 5379 Cui
2541 5337 2665 5377 cum
2697 5318 3210 5395 appropinquasset,
3246 5310 3522 5366 Antonius

1934 5418 2241 5474 exercitum
2290 5414 2342 5471 ei
2396 5415 2621 5473 obviam
2671 5412 2885 5484 mittit,
2938 5417 3375 5484 praesentemque
3406 5419 3523 5459 am-

1436 5571 1633 5635 Variae
1672 5571 1980 5641 lectiones
2013 5581 2075 5638 et
2118 5577 2311 5656 noue.

321 5706 435 5789 (‘3)
468 5704 766 5789 ῌξιρςῖθείς
811 5705 1451 5789 ἑκ.Συρε’ίις,Ηίὶρθους
1498 5708 1817 5787 ἀνείργειν.
1860 5707 2192 5789 Ambiguum
2224 5722 2411 5771 utrum
2481 5708 2542 5768 τὸ
2614 5707 2680 5769 ἐκ
2724 5703 2948 5785 Συρίας,
2985 5699 3053 5767 ad
3099 5697 3159 5755 τὺ
3218 5693 3518 5773 τερφθεὶς.

259 5791 325 5830 an
351 5777 417 5834 ad
441 5778 501 5833 τὸ
525 5775 801 5852 ἀνείργειν
825 5777 1116 5835 referatur.
1149 5775 1236 5847 ιν.
