4002 6250
490 289 599 354 415
1759 294 2090 358 JOANNIS
2128 296 2455 359 ZONAIUE
3654 297 3755 360 £16

491 405 707 474 plexus,
742 404 989 463 Sossium
1021 407 1072 463 ei
1107 408 1437 479 opitulatum
1479 410 1558 464 ire
1587 410 1766 483 jubet.
1803 412 2077 483 Iosephus

2202 415 2499 483 Ξαμᾶρειαλ
2521 411 2808 482 ὥρμησεν,
2841 412 2917 476 ώς
2967 412 3117 484 μάχῃ
3172 411 3578 484 κριθησόμενος
3625 412 3760 483 πρὸς

490 512 629 553 vero
676 499 848 555 frater
875 498 1110 556 Herodis
1153 500 1286 557 dum
1339 500 1755 557 lliericbuntem
1797 513 2078 574 properat,

2202 505 2527 572 Ἀντίγονον.
2555 506 2645 558 Ἐν
2674 505 2889 570 τούτοις
2921 506 2976 559 δὲ
3005 509 3268 569 πεσόντος
3300 506 3557 577 Πακόρου
3587 506 3643 558 ἐν
3666 522 3762 559 πο-

491 590 564 645 ab
593 591 850 662 Antigoni
884 594 1156 650 militibus
1195 594 1251 649 in
1284 596 1557 666 angustiis
1589 606 1877 667 exceptus,
1927 597 2085 653 forti-

2202 597 2352 667 .έμῳ,
2392 596 2625 651 καὶτῶν
2659 597 2891 668 Πάρθων
2917 599 3240 669 τραπέντων
3278 598 3383 651 ὑπὸ
3440 597 3762 668 Ῥωμαίων,

496 691 582 735 ter
627 697 879 754 pugnans
925 684 1247 748 occumbit,
1302 686 1455 740 omni
1523 686 1727 741 amisso
1774 687 2025 742 exercitu
2064 705 2078 740 :

2202 689 2391 758 τέμπει
2425 689 2503 760 τῷ
2537 688 2756 763 Ἡρώδῃ
2782 689 2976 761 βοηθὸν
3010 691 3308 763 Μαχαιρᾶν
3335 691 3432 744 σὺν
3476 690 3706 762 στρατιᾷ
3734 691 3764 741 6

495 775 655 844 cujus
679 785 845 846 caput
866 786 1207 848 amputatum
1231 778 1541 851 Antigonus
1568 777 1724 833 fratri
1753 777 1900 835 illius
1921 780 2083 849 quin-

2202 780 2476 844 3:v<3£8t0;.
2515 781 2625 834 Καὶ
2669 783 2846 852 τούτῳ
2884 783 2983 853 μέν
3007 783 3036 835 6
3092 783 3344 854 Ἡρώδης
3374 783 3466 836 τὸν
3532 781 3763 849 ἀδελφὸν

497 867 758 939 quaginta
787 870 1009 925 talentis
1034 870 1306 927 vendidit.

2202 875 2386 945 Ιωσὴφ
2423 875 2836 939 καταλέλοιπεν,
2905 875 3287 945 ἐντειλάμενος
3339 875 3417 947 μὴ
3468 874 3763 928 ἀποκινδυ-

497 964 700 1033 νεύειν,
759 966 896 1039 μηδέ
954 966 1034 1038 τῷ
1070 967 1331 1040 Μαχαιρᾷ
1369 968 1767 1041 διαφέρεσθαιθ
1821 968 1987 1032 αὐτὸς
2050 968 2109 1022 δέ
2151 970 2290 1042 πρὸς
2328 970 2617 1026 ’Λντώνιον
2664 972 2912 1039 ἔσπευδε,
2986 972 3386 1044 πολιορκοῦντα.
3438 969 3761 1042 Σαμόσατα,

498 1060 655 1116 πόλιν
674 1061 784 1115 τῶν
814 1064 1318 1133 παρευφρατιδίων.
1377 1065 1465 1129 Ὧς
1503 1065 1559 1118 δέ
1595 1064 1828 1136 ἤγγιζεν
1855 1068 1884 1119 6
1927 1063 2197 1136 Ἡρώδης,
2265 1066 2476 1137 πέμπει
2529 1066 2588 1120 τὸ
2636 1068 2955 1139 στράτευμα
2994 1067 3444 1137 ὑπαντησόμενον
3509 1062 3660 1134 αὐτῷ
3734 1062 3763 1113 6

498 1153 807 1220 ’Λντώνιος,
840 1158 939 1211 καὶ
968 1159 1214 1227 παρόντα
1238 1159 1539 1228 ἠσπάζετο,
1574 1161 1666 1213 καὶ
1730 1159 1942 1228 Σοσσίῳ
2010 1164 2325 1230 συμμαχεῖν
2389 1160 2539 1230 αὐτῴ
2584 1159 2894 1213 ἐνετέλλετο
2922 1174 2938 1190 ·
2980 1160 3075 1212 καὶ
3104 1160 3163 1223 ὃς
3208 1159 3267 1212 τὸ
3323 1155 3758 1224 κεκελευσμένον

500 1247 761 1321 ἐπλήρου.
790 1250 989 1321 Ἰωσὴφ
1040 1250 1097 1304 δέ
1141 1251 1172 1303 6
1221 1251 1452 1319 ἀδελφὸς
1492 1250 1760 1320 Ἡρώδου,
1813 1252 1906 1303 ἐπὶ
1951 1249 2285 1322 Ἱεριχοῦντα
2316 1248 2584 1317 σπεύδων,
2650 1249 2975 1321 περιπίπτει
3017 1252 3131 1313 τοῖς
3179 1249 3520 1316 Ἀντιγόνου,
3556 1242 3652 1296 καὶ
3704 1250 3764 1308 ἐν

499 1344 827 1416 δυσχωρίαις
853 1344 1216 1415 ἀποληφθεὶς,
1250 1344 1476 1416 θνήσκει
1525 1347 1792 1413 γενναίως
1827 1346 2158 1416 μαχόμενος,
2224 1350 2320 1399 καὶ
2352 1347 2498 1400 ἆπαν
2535 1345 2776 1400 ἀπέϐαλε
2818 1345 2877 1399 τὸ
2909 1344 3253 1416 στράτευμα.
3319 1344 3635 1413 Ἀντιγονος
3682 1348 3765 1417 δὲ,

498 1441 600 1508 τὴν
629 1438 795 1491 αὑτοῦ
838 1437 1022 1508 τεμὼν
1063 1438 1332 1510 κεφαλὴν,
1372 1437 1451 1509 τῷ
1517 1438 1733 1510 ἀδελφῷ
1775 1439 1942 1494 αὑτοῦ
1981 1438 2213 1511 Φερώρᾳ
2239 1439 2541 1493 ἀποδίδωσι
2570 1439 2850 1494 ταλάντων
2888 1439 3257 1508 πεντήκοντα.

573 1534 669 1590 Χῐ.
696 1534 904 1591 Galilaai
934 1550 1157 1605 quoque
1199 1551 1299 1605 per
1342 1536 1713 1593 defectionem
1740 1535 2091 1591 Herodianus

500 1630 555 1684 in
594 1628 714 1683 lacu
767 1628 1175 1693 demerserunt,
1225 1630 1508 1701 multaque
1553 1631 1608 1685 in
1652 1631 1836 1685 .Indaea
1889 1638 2091 1685 novata

500 1732 648 1778 sunt.
672 1722 884 1791 Quibus
933 1724 1097 1780 rebus
1132 1741 1236 1780 una
1287 1740 1413 1781 cum
1461 1726 1611 1780 caede
1653 1725 1841 1781 Fratris
1894 1725 1948 1779 in
1984 1725 2089 1791 Da-

2262 1536 2361 1590 IA'.
2403 1535 2768 1598 ’Amctdvte;
2796 1535 2855 1587 δὲ
2881 1535 2932 1587 οἱ
2978 1531 3275 1597 Γαλιλαῖοι,
3306 1533 3434 1598 τοὺς
3464 1535 3535 1588 τὰ
3589 1536 3771 1606 Ἡρώ-

2186 1629 2275 1682 δου
2317 1625 2651 1697 φρονοῦντας
2682 1628 2739 1680 ἐν
2769 1628 2836 1697 τῇ
2871 1625 3036 1697 λίμνῃ
3062 1626 3510 1693 κατεπόντωσαν,
3538 1629 3634 1682 καὶ
3665 1631 3769 1701 τῆς

2186 1720 2453 1783 Ἰουδαίας
2510 1719 2872 1790 ἐνεωτερίσθη
2936 1719 3132 1773 πολλά.
3187 1718 3427 1790 ’Πγγέλη
3485 1720 3544 1773 δέ
3595 1720 3777 1776 ταῦτα

501 1816 647 1885 phne
672 1805 976 1872 Antiochiae
1011 1817 1303 1880 nuntiatis,
1335 1817 1582 1872 Herodes
1617 1833 1856 1888 propere
1890 1816 1947 1871 in
1973 1816 2070 1873 Ga-

2202 1811 2410 1885 ἹΙρώδῃ
2445 1814 2540 1867 καὶ
2574 1815 2605 1881 ἡ
2658 1812 2754 1866 τοῦ
2794 1811 3030 1882 ἀδελφοῦ
3072 1810 3302 1885 τελευτὴ
3353 1814 3410 1864 ἐν
3443 1812 3631 1885 Δάφνῃ
3672 1813 3775 1884 τῆς

500 1908 694 1964 ιίιπιιιῐι
724 1908 1025 1980 profectus,
1061 1910 1318 1965 hostibus
1351 1911 1674 1981 profligatis,
1717 1921 1771 1965 et
1801 1912 1856 1965 in
1884 1910 2085 1965 castel-

499 2004 611 2057 lum
655 2000 930 2072 quoddam
976 2005 1297 2074 compulsis.
1340 2004 1758 2061 Hierichuntem
1802 2003 2087 2060 contendit

498 2094 565 2146 al
619 2106 810 2148 necem
871 2092 1056 2149 fratris
1118 2094 1514 2150 ulciscendam.
1578 2095 1889 2164 Antigonus
1955 2108 2088 2149 vero

500 2185 685 2254 Pappo
715 2185 857 2240 duce
887 2200 1013 2238 cum
1055 2186 1231 2265 copiis
1281 2184 1347 2239 ad
1402 2185 1707 2240 Samariam
1750 2186 1940 2251 misso,
1968 2185 2089 2254 opi-

502 2276 725 2331 nionem
753 2276 1010 2332 hostibus
1040 2292 1162 2331 eam
1191 2276 1392 2332 aﬂ'erre
1416 2277 1615 2343 voluit,
1641 2278 1798 2346 quasi
1833 2277 1886 2330 in
1920 2292 2087 2344 onum

501 2368 780 2423 atlluentia
826 2368 1030 2424 bellum
1078 2379 1315 2441 gereret.
1350 2368 1456 2424 Sed
1507 2368 1754 2424 Herodes
1802 2369 1925 2424 illos
1969 2369 2087 2424 acie

504 2462 679 2517 vietos
717 2462 774 2517 in
817 2461 1002 2517 vicum
1051 2470 1403 2532 persecutus,
1447 2477 1640 2518 omnes
1695 2461 1900 2517 occidit
1949 2476 2091 2531 quos

503 2552 731 2621 adipisci
766 2552 946 2622 potuit
980 2570 994 2607 :
1036 2568 1275 2623 cumque
1308 2554 1454 2608 sedes
1480 2553 1708 2608 armatis
1743 2554 2090 2622 compleren-

506 2655 619 2709 tur,
646 2656 703 2701 et
728 2646 884 2701 multi
915 2646 969 2700 in
994 2647 1276 2717 superiora
1304 2645 1688 2718 confugerent.
1711 2646 1871 2702 tectis
1891 2645 2089 2700 aedium

504 2738 824 2803 destructis,
862 2739 1140 2810 lapidibus
1167 2739 1373 2797 milites
1401 2743 1495 2810 qui
1528 2738 1669 2794 infra
1702 2747 1864 2795 erant
1887 2738 2089 2793 obruit.

506 2828 585 2883 Ea
626 2845 683 2884 re
729 2829 971 2884 hostium
1007 2831 1225 2888 animos
1265 2831 1341 2886 ita
1390 2831 1574 2901 fregit,
1633 2840 1693 2886 ut
1735 2830 1917 2885 statim
1965 2844 2090 2883 cum

505 2921 751 2976 exercitu
776 2921 1153 2995 Hierosolyma
1195 2922 1407 2977 intrare
1446 2921 1710 2991 potuerit,
1736 2920 1842 2975 nisi
1878 2930 2093 2990 tempe-

506 3021 650 3067 state
690 3027 885 3084 magna
911 3013 1210 3085 impeditus
1250 3021 1418 3070 esset.
1455 3014 1525 3069 Et
1572 3012 1700 3083 quia
1746 3013 1857 3081 iam
1905 3026 2092 3066 serum

507 3115 648 3170 erat,
700 3104 756 3161 in
800 3107 1135 3162 domuncula
1198 3108 1435 3180 quadam
1488 3106 1657 3172 lavit,
1711 3122 1821 3160 uno
1881 3112 2092 3158 tantum

510 3214 684 3268 puero
734 3199 1087 3255 ministrante

508 3289 720 3360 aliquot
749 3306 817 3346 ex
838 3290 1094 3347 hostibus
1124 3292 1322 3347 armati
1346 3306 1406 3346 se
1435 3291 1789 3348 abdiderant.
1819 3291 1959 3346 Dum
1997 3289 2100 3362 igi-

511 3388 604 3433 tur
656 3396 751 3435 rex
787 3380 956 3448 lavat,
1000 3398 1149 3439 unus
1205 3384 1403 3438 stricto
1471 3382 1656 3454 gladio
1721 3381 2096 3458 progreditur,

511 3472 713 3528 deinde
735 3474 898 3544 alter,
922 3484 1046 3546 post
1072 3475 1233 3548 233
1258 3477 1423 3538 alius.
1451 3478 1645 3534 eodem
1676 3477 1840 3533 modo
1863 3475 2093 3532 armati:

512 3579 695 3635 neque
725 3574 903 3623 tamen
937 3583 1274 3640 quemquam
1323 3577 1736 3641 percusserunt,
1774 3580 1835 3625 ut
1865 3569 1919 3624 in
1948 3576 2096 3624 metu

512 3660 746 3716 salutem
800 3662 1119 3732 quaesivisse
1161 3665 1430 3720 contenti.
1480 3664 1804 3736 Huiusmodi
1846 3664 2094 3736 periculo

512 3752 739 3822 evitato,
774 3755 1042 3825 postridie
1069 3757 1238 3839 Pappi
1261 3759 1373 3829 jam
1400 3756 1679 3814 interfecti
1711 3767 1877 3829 caput
1909 3772 2101 3827 ampu-

516 3855 711 3912 tatum,
763 3847 1020 3904 Pberorae
1083 3849 1239 3905 fratri
1295 3866 1395 3920 pro
1423 3850 1651 3920 Josephi
1700 3851 1878 3921 capite
1926 3849 2095 3913 misit,

515 3939 684 4011 l’appi
728 3942 981 3997 manibus
1018 3944 1316 4001 interfecti.
1360 3944 1715 4014 Tempestate
1748 3943 1958 4007 sedata,
2004 3957 2100 3996 ea-

515 4033 646 4088 stris
689 4035 934 4104 proxime
981 4034 1357 4109 Hierosolyma
1401 4039 1707 4102 collocatis,
1744 4046 1799 4093 et
1845 4053 1973 4091 cura
2003 4051 2100 4101 pa-

519 4126 705 4181 randa:
747 4127 1056 4183 obsidionis
1115 4130 1283 4185 certis
1321 4129 1642 4184 horninibus
1677 4128 1955 4189 mandata,
2006 4127 2103 4183 Sn-

516 4218 747 4274 mariam
794 4219 932 4288 abit,
966 4228 1023 4275 ut
1073 4236 1197 4276 cum
1246 4220 1540 4275 Alexandri
1590 4220 1700 4274 lilia
1752 4235 1949 4289 sponsa
2002 4235 2098 4273 sua

519 4313 932 4368 concumberet.
968 4311 1188 4382 Nuptiis
1219 4312 1509 4379 absolutis,
1538 4322 1596 4368 et
1634 4313 1750 4383 ipse
1787 4320 1845 4367 et
1883 4310 2103 4365 Sossius

518 4416 647 4454 cum
685 4404 930 4457 exercitu
968 4403 1034 4457 ad
1075 4404 1579 4476 Hierosolymorum
1610 4405 1812 4461 mmnia
1848 4403 2099 4474 profecti,

521 4495 814 4566 aggeribus
857 4496 1133 4562 excitatis,
1191 4495 1555 4567 adductisque
1608 4496 1882 4553 machinis
1940 4513 2100 4551 muro
2134 4527 2176 4581 ο

522 4588 757 4657 dejeeto,
792 4586 861 4644 iis
886 4587 980 4658 qui
1022 4588 1172 4642 intus
1213 4598 1371 4643 erant
1414 4604 1478 4643 ex
1511 4588 1894 4659 desperatione
1932 4590 2105 4661 magis

523 4694 688 4749 quam
719 4679 951 4734 consilio
990 4679 1378 4736 resistentibus
1407 4698 1422 4735 :
1465 4681 1703 4751 primum
1745 4681 1940 4753 viginti
1974 4681 2103 4737 lecti

523 4772 747 4833 milites.
777 4772 977 4829 deinde
1006 4772 1174 4829 Sossii
1201 4773 1555 4830 centuriones
1591 4774 1795 4830 inomia
1836 4789 2109 4829 conscen-

523 4866 677 4923 dere.
710 4867 787 4923 Ac
821 4867 974 4937 prior
1004 4883 1201 4922 murus
1242 4867 1443 4923 diebus
1484 4867 1868 4939 quadraginta,
1923 4875 2110 4938 poste-

525 4961 640 5016 rior
675 4960 989 5031 quindecim
1017 4970 1101 5016 est
1133 4970 1496 5032 expugnatus.
1538 4960 1713 5030 Capto
1743 4961 1913 5016 etiam
1958 4971 2110 5016 exte-

527 5056 672 5109 riore
706 5053 931 5125 templo,
960 5062 1016 5110 et
1049 5052 1188 5110 urbe
1222 5053 1510 5119 inferiore,
1544 5053 1602 5109 in
1655 5054 1920 5124 templum
1966 5052 2109 5108 inte-

527 5149 645 5202 rius
674 5156 730 5202 et
761 5147 1107 5219 superiorem
1133 5147 1324 5203 urbem
1363 5147 1753 5218 confugerunt.
1783 5146 1855 5202 Iis
1889 5160 2109 5216 quoque

526 5240 873 5310 expugnatis,
909 5239 1155 5295 aedibus
1189 5240 1394 5295 referta
1438 5239 1667 5294 fuerunt
1708 5238 1914 5293 omnia.
1955 5237 2111 5292 Anti-

530 5346 706 5400 gonus
730 5347 863 5388 vero
907 5347 1087 5400 neque
1118 5331 1407 5402 prmsentis
1438 5346 1617 5401 neque
1648 5330 1895 5400 pristinm
1936 5329 2102 5382 fortu-

529 5439 618 5478 nae
649 5438 877 5491 memor,
927 5425 1067 5479 turri
1112 5424 1326 5485 relicta.
1377 5423 1566 5480 Sossio
1606 5423 1835 5493 supplex
1888 5422 2107 5477 accidit.

531 5518 705 5583 Quem
746 5518 857 5581 ille,
904 5527 1067 5572 tantm
1117 5517 1439 5572 mutationis
1487 5517 1624 5571 nihil
1667 5515 1947 5578 misertus,
1984 5527 2110 5568 cum

536 5609 733 5680 plausu
762 5624 1047 5673 manuum,
1094 5608 1423 5678 Antigoncm
1462 5608 1720 5679 appellat,
1769 5616 1825 5662 et
1864 5608 2109 5662 vinctum

537 5707 595 5762 in
637 5714 792 5760 curta
813 5704 944 5757 limi
967 5704 1154 5759 tradit.
1188 5702 1433 5758 llcrodes
1454 5704 1637 5760 socius
1666 5703 1732 5758 ad
1768 5702 2030 5772 templum
2058 5710 2113 5755 et

537 5798 764 5856 εστι-ιτΞί
808 5797 1033 5870 adytum
1079 5796 1436 5867 spectandum
1484 5806 1865 5871 properantes,
1911 5794 2111 5870 partim

1146 3219 1161 3255 :
1207 3200 1260 3254 in
1310 3202 1468 3273 cujus
1516 3198 1835 3254 interiorem
1877 3208 2090 3269 partem
2122 3183 2164 3239 (ἶ

2190 1905 2543 1975 Ἀντιοχείας.
2582 1903 2958 1976 Ἐπειγομένῳ
2982 1899 3097 1970 οῦν,
3138 1904 3214 1968 ὡς
3273 1904 3413 1959 κατά
3468 1905 3775 1959 Γαλιλαίαν

2190 1997 2427 2063 ἐγένετο,
2472 1999 2813 2068 συνήντησαν
2855 1996 3008 2066 αὐτῷ
3043 1998 3095 2049 ol
3146 1995 3423 2066 πολέμιοι,
3470 1996 3564 2050 καὶ
3607 1999 3780 2068 ἡττη-

2191 2089 2396 2154 θέντες,
2429 2088 2899 2158 κατεκλείσθησαν
2933 2087 3014 2150 είς
3042 2105 3094 2140 τι
3126 2089 3349 2158 χωρίον.
3389 2089 3448 2142 '0
3479 2088 3536 2142 δέ
3569 2088 3778 2143 ἔσπευ-

2189 2182 2279 2234 δεν
2327 2183 2407 2243 είς
2453 2178 2810 2249 Ἱεριχοῦντα,
2866 2179 3291 2251 τιμωρήσασθαι
3341 2180 3513 2234 θέλων
3572 2182 3780 2246 αὐτοὺς

2189 2272 2278 2326 διὰ
2306 2273 2398 2325 τὸν
2431 2271 2678 2339 ἀδελφόν.
2723 2270 3025 2338 Ἀντίγονος
3076 2270 3132 2324 δὲ
3177 2272 3271 2324 ἐπὶ
3302 2271 3402 2343 τὴν
3451 2272 3779 2342 Σαμάρειαν

2191 2366 2405 2437 πέμπει
2461 2364 2775 2435 στρατηγὸν
2831 2364 3065 2418 Πάππον
3127 2363 3302 2432 δνομα
3362 2368 3459 2419 σὺν
3520 2364 3782 2435 δυνάμει,

2192 2458 2452 2529 παρέχων
2512 2458 2630 2520 τοῖς
2700 2457 2970 2521 ἐναντίοις
3033 2456 3194 2523 δόξαν
3266 2456 3641 2527 πολεμοῦντος
3717 2460 3780 2511 ἐκ

2195 2555 2537 2628 περιουσίας.
2578 2557 2689 2611 Καὶ
2737 2555 2987 2627 Ἡρώδης
3034 2551 3203 2628 ἦλθεν
3243 2556 3336 2609 ἐπὶ
3380 2555 3470 2609 τὸν
3522 2555 3786 2623 Πάππον,

2192 2652 2288 2704 καὶ
2321 2648 2616 2717 συμϐαλὼν
2669 2651 2785 2713 τοῖς
2842 2647 3124 2719 πολεμίοις
3177 2651 3395 2719 κρατεῖ,
3445 2648 3543 2702 καὶ
3583 2650 3781 2702 εἵπετο

2193 2744 2487 2811 φεύγουσιν
2519 2747 2599 2806 εἰς
2623 2742 2724 2814 τὴν
2749 2740 2967 2812 κώμην,
2990 2741 3219 2796 κτείνων
3248 2741 3343 2806 οὓς
3364 2742 3431 2796 ἂν
3451 2743 3781 2797 καταλάϐοι.

2194 2835 2652 2906 Πεπληρωμένων
2683 2834 2740 2888 δὲ
2774 2834 2885 2888 τῶν
2925 2835 3116 2888 οἰκιῶν
3147 2834 3407 2903 ὁπλιτῶν,
3442 2835 3539 2889 καὶ
3563 2835 3784 2889 πολλῶν

2194 2931 2287 2983 ἐπὶ
2317 2929 2417 2993 τὰς
2469 2929 2671 2997 στέγας
2716 2929 3162 2998 ἀναφευγόντων,
3206 2930 3333 2994 τοὺς
3382 2929 3621 3001 ὀρόφους
3680 2931 3789 2985 τῶν

2195 3021 2362 3075 οἴκων
2402 3019 2708 3092 καθαιρῶν,
2745 3019 2971 3088 ἐκράτει
3025 3019 3254 3074 τούτων.
3305 3020 3788 3092 Καθαιρουμένων

2196 3115 2252 3168 δὲ
2283 3115 2393 3168 τῶν
2408 3115 2647 3184 ὀρόφων,
2690 3113 2901 3179 ἔμπλεα
2932 3112 3184 3183 ἑωρῶντο
3214 3114 3281 3167 τὰ
3313 3115 3466 3167 κάτω
3513 3130 3790 3183 στρατιωο

2197 3205 2331 3270 τῶν,
2366 3204 2460 3270 οὒς
2490 3205 2660 3270 λίθοις
2692 3205 2898 3261 ἄνωθεν
2929 3205 3189 3277 βαλόντες
3224 3204 3487 3258 ἔκτεινον.
3516 3202 3697 3257 Τοῦτο
3724 3204 3789 3258 τὰ

2198 3299 2308 3353 τῶν
2362 3297 2642 3369 πολεμίων
2688 3299 3017 3368 φρονήματα
3084 3296 3355 3366 ἔθραυσε*
3415 3297 3512 3352 καλ⁵
3542 3290 3688 3368 ἧκεν
3721 3297 3787 3353 ἂν

2200 3391 2280 3451 είς
2317 3391 2670 3463 Ἰεροσόλυμα
2707 3392 2736 3444 6
2770 3390 3020 3462 Ἡρώδης
3052 3390 3193 3461 μετά
3223 3392 3323 3461 τῆς
3375 3391 3639 3462 στρατιᾶς
3689 3389 3787 3444 αὖ-

2199 3481 2345 3547 τίκα,
2378 3482 2475 3537 καὶ
2505 3481 2567 3534 τδ
2592 3484 2700 3537 πᾶν
2728 3482 3112 3555 ἐξειργάσατο,
3146 3481 3194 3534 εί
3229 3480 3303 3552 μὴ
3335 3479 3545 3551 χειμὼν
3580 3470 3787 3551 ἐπέσχε

2201 3574 2388 3645 βαθύς.
2408 3574 2541 3628 Τότε
2565 3574 2723 3643 ὀψίας
2740 3572 2929 3643 οῦσης,
2959 3573 2989 3626 6
3019 3572 3273 3643 βασιλεὺς
3307 3572 3586 3644 Ἡρώδης,
3626 3573 3707 3636 εἷς
3737 3590 3788 3624 τι

2199 3664 2470 3734 δωμάτιον
2504 3663 2786 3728 εἰσελθὼν,
2821 3663 2955 3735 περὶ
2982 3663 3212 3735 λουτρὸν
3246 3659 3336 3734 ἦν,
3374 3664 3467 3716 καὶ⁵
3500 3662 3786 3717 ἀποδυσά-

2204 3775 2367 3828 μενος
2400 3757 2636 3818 ἐλούετο,
2692 3756 2812 3820 ἐνὸς
2846 3755 2999 3827 αὑτῷ
3050 3756 3503 3827 ῦπηρετουμένου
3555 3755 3784 3812 παιδός·

2202 3851 2343 3904 κατά
2369 3850 2425 3903 δέ
2455 3867 2519 3919 γε
2552 3850 2614 3904 τδ
2646 3850 2927 3920 ἐνδότερον
2953 3849 3164 3921 οἴκημα
3194 3848 3305 3903 τῶν
3328 3848 3611 3916 πολεμίων
3643 3846 3789 3910 τινές

2204 3944 2654 4013 συμπεφευγότες
2701 3940 3059 4011 ὡπλισμένοι,
3097 3942 3216 3994 ἐκεῖ
3257 3940 3347 3995 διά
3408 3939 3573 4009 φόϐον
3628 3939 3791 4009 ἐκρύ-

2204 4052 2419 4093 πτοντο.
2452 4035 2563 4089 Καὶ
2595 4033 2801 4105 μεταξὺ
2832 4033 3130 4106 λουομένου
3150 4032 3243 4087 τοῦ
3274 4032 3558 4105 βασιλέως,
3594 4026 3680 4097 εἷς
3707 4048 3791 4096 τις

2203 4127 2562 4199 ἐπεξέρχεται
2620 4127 2774 4195 ξίφος
2827 4126 2967 4198 ἔχων
3019 4126 3249 4198 γυμνὸν,
3310 4127 3404 4179 καὶ
3461 4143 3562 4195 μετ
3626 4126 3788 4180 αυτὸν

2205 4220 2387 4286 ἄλλος,
2421 4218 2515 4273 καὶ
2545 4215 2703 4281 αῦοις
2737 4219 2950 4290 ἐτερος,
2975 4219 3179 4288 ὁμοίως
3206 4217 3565 4289 ὡπλισμένοι,
3597 4219 3790 4272 οὐδένα

2207 4310 2509 4381 πλήξαντες
2555 4310 2662 4364 ὑπδ
2698 4310 2875 4375 δέους,
2909 4308 3241 4377 ἀγαπῶντες
3274 4308 3330 4361 δέ
3382 4308 3429 4361 εἰ
3478 4308 3638 4361 αὐτοὶ
3686 4325 3789 4361 σω-

2205 4400 2371 4458 θεῖεν.
2402 4400 2661 4455 Τοιοῦτον
2715 4400 2886 4470 ἔφυγε
2934 4400 3182 4454 κίνδυνον
3226 4398 3258 4454 6
3307 4398 3579 4472 Ἡρώδης.
3617 4401 3698 4470 Τῇ
3734 4399 3790 4452 δὲ

2207 4494 2477 4567 ὑστεραία
2519 4494 2619 4565 τὴν
2670 4493 2765 4548 τοῦ
2823 4494 3062 4546 Πάππου
3120 4491 3303 4565 τεμὼν
3352 4491 3626 4562 κεφαλὴν,
3688 4492 3790 4563 ήδη

2207 4588 2584 4661 ἀνῃρημένου,
2619 4587 2836 4656 ἔπεμψε
2870 4584 3101 4659 Φερώρᾳ
3133 4586 3212 4656 τῷ
3250 4583 3469 4655 ἀδελφῷ
3515 4586 3644 4639 ἀντὶ
3690 4587 3790 4655 τῆς

2208 4681 2301 4736 τοῦ
2327 4680 2532 4751 Ἰωσὴφ
2562 4680 2809 4750 κεφαλῆς
2831 4697 2845 4710 ·
2878 4671 3038 4742 οὗτος
3065 4678 3178 4748 γὰρ
3203 4672 3271 4748 ἦν
3297 4678 3325 4730 6
3350 4677 3605 4741 Πάππος,
3633 4674 3794 4729 αὑτό-

2207 4792 2332 4846 χειρ
2373 4773 2584 4827 ἐκείνου
2624 4773 2946 4842 γενόμενος.
2978 4768 3258 4840 Λήξαντος
3284 4769 3341 4824 δέ
3367 4770 3463 4822 τοῦ
3497 4769 3791 4840 χειμῶνος,

2209 4866 2439 4934 ἀφίκετο
2471 4865 2607 4937 πρὸς
2655 4863 3024 4937 Ἱεροσόλυμα,
3057 4864 3149 4917 καὶ
3177 4860 3671 4934 στρατοπεδεύεται
3696 4860 3793 4932 τῆς

2211 4958 2421 5021 πόλεως
2455 4957 2687 5026 ἔγγιστα
2713 4972 2729 4989 ο
2760 4957 2857 5010 καὶ
2887 4953 3208 5010 καταλιπὼν
3234 4954 3351 5007 ἐκεῖ
3383 4954 3508 5018 τοὺς
3552 4952 3624 5006 τὰ
3656 4953 3792 5037 πρὸς

2210 5052 2308 5123 τὴν
2338 5051 2658 5123 πολιορκίαν
2692 5051 3112 5122 ἐτοιμάσοντας,
3144 5046 3310 5112 αὐτὸς
3357 5047 3437 5111 εἰς
3469 5046 3792 5118 Σαμάρειαν

2210 5145 2406 5217 ᾤχετο,
2433 5148 2502 5218 τῇ
2535 5144 2896 5215 Ἀλεξάνδρου
2924 5141 3161 5210 θυγατρὶ
3191 5137 3791 5210 συνευνασθησόμενος,

2213 5239 2313 5309 ἤδη
2371 5237 2812 5308 κατεγγυηθείσῃ
2860 5234 3032 5305 αὐτῷ,
3084 5233 3161 5296 ὼς
3194 5233 3497 5303 ἱστόρηται.
3548 5229 3706 5285 Μετά
3737 5228 3793 5282 δὲ

2211 5332 2340 5394 τοῦς
2374 5331 2586 5400 γάμους
2635 5329 2866 5399 ἀφίκετο
2917 5329 2981 5381 ἐκ
3017 5325 3358 5398 Σαμαρεὶας.
3396 5318 3544 5378 Ἦκε
3585 5324 3644 5377 δὲ
3698 5323 3793 5378 σὺν

2215 5424 2446 5493 στρατιᾷ
2475 5423 2564 5476 καὶ
2586 5424 2613 5475 6
2638 5421 2887 5485 Σόσσιος,
2909 5419 3005 5473 καὶ
3032 5418 3170 5490 πρὸς
3194 5417 3257 5470 τὸ
3280 5417 3459 5488 τεῖχος
3486 5416 3595 5469 τῶν
3630 5414 3785 5484 Ἰερο-

2217 5513 2471 5585 σολύμων
2505 5512 2849 5583 ἠθροίζοντο,
2887 5511 2983 5581 καὶ
3029 5509 3265 5579 χώματα
3315 5509 3651 5579 ἐγείραντες,
3700 5504 3792 5559 καὶ

2216 5604 2645 5676 πολιορκητικὲις
2708 5599 2964 5672 μηχανὰς
3029 5600 3431 5669 προσάγοντες,
3495 5596 3555 5650 τὺ
3610 5598 3790 5665 τεῖχος

2218 5698 2524 5753 κατέσειον.
2563 5696 2674 5749 Καὶ
2716 5694 2767 5747 οἱ
2801 5694 2954 5756 ἐντὸς
2991 5692 3048 5745 δὲ
3085 5691 3316 5762 ἀπονοία
3350 5691 3551 5762 μᾶλλον
3583 5688 3616 5759 ἢ
3652 5705 3790 5758 προ-

2219 5795 2338 5866 νοίᾳ
2391 5789 2850 5849 ἀντικαθίσταντο
2897 5785 3404 5861 στρατηγούμενοι·
3438 5783 3789 5841 ἀναϐαίνουσι
