4002 6250
231 335 337 400 £27

1500 341 1915 405 ANNALIUM
1955 342 2109 408 LIB.
2150 347 2219 407 V.

3380 348 3500 416 MS

233 453 329 505 ἰπὶ
359 449 418 503 τὸ
466 450 646 519 τεῖχος
696 450 919 518 πρῶτον
970 451 1070 522 μὲν
1122 452 1347 522 λογάδες
1408 453 1638 522 εἴκοσιν,
1694 455 1817 511 εἷτα

1935 461 2190 529 rogando,
2222 460 2422 530 partim
2446 460 2773 528 minitando,
2797 462 2998 533 partim
3026 464 3196 520 armis
3220 466 3509 522 sustinuito

235 543 633 613 ἑκατοντάρχαι
693 543 942 599 Σοσσίου.
1000 546 1207 618 ᾘρέθη
1240 547 1297 601 δὲ
1329 548 1392 600 τὺ
1443 548 1543 618 μὲν
1596 549 1816 619 πρῶτον

232 635 426 704 τεῖχος.
445 635 664 703 ἡμέρας
688 637 1125 706 τεσσαράκοντα,
1152 637 1215 691 τὸ
1243 638 1302 691 δὲ
1339 638 1594 709 δεύτερον
1621 656 1816 694 πεντε-

236 724 491 779 καίδεκα.
536 725 791 790 Ἀλόντος
834 728 892 780 δὲ
940 726 1035 781 τοῦ
1086 727 1290 793 ἔξωθεν
1344 730 1513 801 ἱεροῦ,
1569 733 1665 786 καὶ
1715 732 1817 801 τῆς

235 816 388 871 κάτω
415 817 651 880 πόλεως,
688 821 771 882 είς
805 819 867 872 τὸ
899 820 1051 883 ἐντὸς
1082 821 1230 893 ἱερὸν
1262 822 1358 874 καὶ
1391 823 1491 892 τὴν
1517 822 1631 876 ἄνω
1661 822 1818 876 πόλιν

236 908 486 961 Ἰουδαῖοι
523 910 850 980 συνέφυγον.
912 912 1091 967 Ἐάλω
1137 913 1195 967 δὲ
1235 914 1328 969 καὶ
1372 914 1573 981 ταῦτα,
1606 915 1705 968 καὶ⁵
1749 911 1817 984 ἦν

238 999 456 1055 ἅπαντα
490 1005 671 1072 φόνων
723 1007 918 1076 μεστά.
963 1009 1025 1061 '0
1082 1009 1128 1062 δ’
1175 1009 1487 1078 Ἀντίγονος
1538 1011 1679 1080 μήτε
1720 1011 1818 1079 τῆς

238 1091 361 1143 τότε
384 1093 560 1163 τύχης
588 1096 730 1165 μήτε
761 1098 860 1168 τῆς
886 1098 1059 1152 πάλαι
1091 1099 1446 1170 μεμνημένος
1475 1100 1610 1170 (45),
1632 1100 1818 1153 κάτει-

241 1199 325 1235 σιν
361 1186 427 1237 ὲκ
472 1185 576 1256 τῆς
623 1185 864 1259 βάρεως,
913 1190 1007 1243 καὶ
1051 1191 1393 1260 προσπίπτει
1432 1193 1549 1253 τοῖς
1591 1191 1816 1245 Σοσσίου

240 1274 390 1330 ποσί.
428 1278 702 1344 Κάκεῖνος
757 1281 926 1352 μηδὶν
982 1282 1147 1337 αὑτὸν
1204 1282 1482 1352 οίκτείρας
1527 1283 1665 1354 πρὸς
1719 1283 1818 1353 τὴν

237 1367 573 1441 μεταϐολὴν,
636 1371 733 1424 καὶ⁵
789 1374 1154 1444 ὲπεκρὸτησε,
1212 1375 1300 1428 καὶ
1339 1375 1657 1445 Ἀντιγόνην
1687 1375 1819 1428 ἐκά-

234 1460 385 1527 λεσε,
435 1464 531 1516 καὶ
580 1465 752 1535 δήσας
786 1467 1108 1536 ἐφύλαττεν.
1195 1466 1557 1538 Ὠρμηκότων
1602 1467 1660 1520 δὲ
1707 1465 1817 1520 τῶν

240 1555 555 1626 συμμάχων
584 1558 679 1611 ἐπὶ
709 1558 843 1614 θέαν
890 1559 986 1613 τοῦ
1042 1558 1189 1630 ἱεροῦ
1236 1561 1475 1614 καὶτῶν
1524 1559 1667 1614 κατὰ
1725 1559 1819 1614 τὴν

237 1646 371 1699 ναὸν
406 1648 600 1716 ἁγίων,
643 1651 672 1703 ὁ
703 1648 958 1720 βασιλεὺς
1000 1649 1245 1723 Ἡρώδης
1284 1652 1412 1714 τοὺς
1490 1652 1589 1721 μὲν
1643 1669 1818 1723 παρα-

240 1738 448 1805 καλῶν,
478 1743 593 1805 τοῖς
626 1742 683 1796 δὲ
738 1743 1003 1817 ἀπειλῶν,
1029 1745 1208 1808 ἐνίους
1233 1745 1290 1798 δὲ
1321 1745 1416 1797 καὶ
1472 1746 1586 1808 τοῖς
1630 1745 1818 1806 ὅπλοις

1924 560 1981 604 et
2009 549 2376 620 direptionem
2404 554 2559 608 urbis
2579 554 2888 630 prohibuit,
2920 569 2980 611 se
3010 556 3080 611 de
3110 570 3212 612 suo
3231 556 3508 627 stipendia

1922 642 2235 697 soluturum
2279 643 2538 701 erunibus
2579 646 2884 715 poilicitus.
2924 646 3194 719 Reliquiis
3246 649 3404 703 urbis
3432 647 3510 703 ita

1923 732 2299 800 conservatis,
2351 735 2620 804 promissa
2668 737 2962 806 praestitit,
3021 738 3202 809 ipsum
3258 738 3507 795 Sossium

1924 822 2213 894 plusquam
2262 827 2413 898 regia
2458 827 2792 885 liberalitate
2822 840 3194 900 prosecutus:
3241 831 3335 900 qui
3381 847 3509 886 cum

1924 914 2323 990 Hierosolymis
2347 921 2632 986 recedens,
2661 923 2996 993 Antigonum
3027 924 3096 977 ad
3125 924 3428 979 Antonium
3454 925 3510 979 in

1923 1011 2160 1067 vinculis
2191 1012 2437 1079 duceret,
2471 1013 2684 1069 veritus
2726 1014 2995 1081 Herodes,
3040 1030 3110 1071 ne
3140 1015 3232 1071 ille
3277 1016 3509 1070 Romam

1923 1104 2226 1174 perductus
2260 1106 2403 1173 apud
2438 1115 2624 1174 patres
2649 1106 2992 1176 conscriptos
3047 1122 3146 1177 pro
3188 1123 3286 1163 sua
3317 1107 3510 1163 defen-

1923 1196 2081 1250 sione
2130 1194 2375 1258 aﬂ‘erret,
2425 1210 2484 1250 se
2538 1196 2763 1266 regibus
2803 1212 2926 1254 esse
2965 1198 3289 1265 oriundum,
3341 1200 3515 1255 Hero-

1924 1288 2047 1344 dem
2083 1303 2215 1343 vero
2245 1288 2522 1343 hominem
2553 1290 2849 1358 privatum,
2876 1306 2947 1345 ae
2978 1304 3038 1345 ut
3082 1291 3200 1360 ipse
3222 1291 3279 1345 in
3306 1292 3511 1348 Roma-

1924 1395 2026 1434 nos
2054 1378 2372 1449 deliquerit,
2400 1395 2630 1450 regnum
2663 1389 2844 1437 tamen
2892 1382 2962 1437 ad
3010 1398 3141 1439 suos
3170 1382 3315 1438 ﬁlios
3342 1383 3512 1450 perti-

1923 1485 2095 1526 nere:
2129 1486 2322 1543 magna
2376 1472 2613 1542 pecunia
2650 1472 2798 1540 data,
2840 1474 2910 1529 ab
2956 1475 3199 1531 Antonio
3250 1476 3511 1543 impetrat

1927 1576 1988 1621 ut
2018 1565 2352 1635 Antigonum
2375 1566 2611 1620 occidat.
2644 1565 2724 1621 Eo
2750 1566 2987 1633 sublato,
3018 1565 3361 1636 principatus
3379 1566 3515 1621 Asa-

1926 1673 2263 1712 montrorum
2312 1658 2534 1713 familia:
2578 1659 2895 1728 ademptus,
2926 1673 3092 1728 quem
3142 1673 3241 1728 per
3278 1673 3455 1713 annos
3485 1671 3517 1712 ο

1927 1761 1984 1805 et
2012 1766 2080 1804 xx
2110 1760 2384 1816 tenuerat,
2421 1750 2491 1805 ad
2520 1749 2795 1806 Herodem
2837 1751 3084 1816 transiit,
3126 1750 3404 1821 Antipatri
3455 1750 3519 1805 li-

237 1832 585 1899 άνέστελλεν,
618 1835 924 1915 ἑκώλυέητε
955 1840 1051 1891 καὶ¹
1081 1839 1180 1901 τὰς
1214 1838 1356 1893 κατὰ
1383 1840 1483 1907 τὴν
1516 1840 1674 1892 πόλιν
1713 1840 1816 1909 ἀρ-

1943 1839 2076 1904 ium,
2102 1856 2168 1895 ex
2202 1855 2404 1912 genere
2432 1844 2650 1913 privato
2683 1851 2740 1897 et
2773 1842 2991 1913 plebeia
3028 1842 3195 1897 domo
3223 1842 3356 1898 orti.

238 1926 448 1995 παγάς,
475 1928 636 1993 αὐτὸς
669 1931 793 1994 τοὺς
824 1931 1051 2001 μισθοὺς
1082 1933 1360 2001 διανεμεῖν
1418 1933 1670 1995 ἑκάστοις
1721 1932 1936 1986 οἴκοθεν
1999 1934 2453 2005 ὑπισχνούμενος.
2493 1936 2606 1988 Καὶ
2657 1935 2800 1989 οὕτω
2860 1937 2920 1989 τὸ
2981 1936 3167 1990 λοιπὸν
3200 1932 3515 2007 περισώσας

237 2020 344 2088 τῆς
383 2020 616 2085 πόλεως,
672 2023 773 2086 τὰς
827 2024 1151 2094 ὑποσχέσεις
1176 2026 1519 2094 ἐπλήρωσεν.
1568 2025 1729 2095 Αὐτῷ
1798 2026 1856 2078 δὲ
1894 2026 2104 2097 Σοσσίῳ
2151 2026 2562 2096 βασιλικώτατα
2606 2028 2943 2098 ἐδωρήσατο,
2999 2029 3059 2092 ὃς
3108 2026 3397 2094 ἀνέζευξεν
3458 2027 3518 2092 ίξ
3560 2080 3563 2103 Ι

270 2112 647 2184 ιεροσολύμων
700 2116 780 2185 τῷ
810 2118 1086 2188 Ἀντωνίῳ
1145 2118 1432 2189 δεσμώτην
1475 2120 1626 2189 άγων
1687 2119 2017 2189 Ἀντίγονον.
2086 2121 2281 2185 Δείσας
2339 2121 2384 2174 δ’
2427 2121 2676 2192 Ἡρώδης
2729 2123 2826 2194 μὴ,
2881 2123 3171 2194 κομισθεὶς
3218 2125 3300 2186 είς
3378 2122 3517 2175 Ῥώ-

245 2223 358 2275 μην
379 2204 687 2276 ’Δντίγονος
736 2210 1223 2280 δικαιολογήσηται
1263 2210 1401 2281 πρὸς
1440 2209 1539 2281 τὴν
1593 2209 1922 2281 σύγκλητον,
1991 2211 2185 2265 ἑαυτὸν
2247 2212 2346 2282 μὲν
2412 2213 2479 2265 ὲκ
2534 2210 2801 2281 βασιλέων
2825 2211 3217 2275 ἀποδεικνύων,
3265 2209 3515 2283 Ἡρώδην

241 2300 301 2352 δὲ
327 2299 568 2371 ἰδιώτην,
602 2304 695 2354 καὶ
728 2302 826 2366 ὡς,
894 2302 1000 2357 κᾶν
1058 2302 1218 2368 αὐτὸς
1263 2304 1344 2366 είς
1389 2302 1695 2372 Ῥωμαίους
1739 2303 2036 2375 ἐξήμαρτε,
2107 2306 2385 2375 προσῆκεν
2416 2305 2450 2375 ἡ
2515 2303 2763 2375 βασιλεία
2789 2306 2906 2368 τοῖς
2969 2304 3136 2358 αὐτοῦ
3160 2304 3359 2357 παισίο
3390 2306 3515 2356 πεί.

242 2391 329 2445 οει
362 2393 615 2463 χρήμασι
638 2393 853 2458 πολλοῖς
887 2394 979 2448 τὸν
1011 2394 1298 2449 ’Λντώνιον
1328 2395 1541 2449 ἀνελεῖν
1575 2396 1669 2450 τδν
1718 2396 2044 2462 ⁹Λνιιςίγοιιιον.
2119 2398 2228 2452 Καὶ
2284 2400 2313 2451 ὁ
2375 2397 2481 2468 μὲν
2507 2397 2770 2469 ἀνῄρητο,
2838 2399 2872 2469 ἡ
2902 2396 2960 2451 at
2987 2397 3131 2468 ἀρχὴ
3178 2398 3246 2451 ἐκ
3282 2395 3378 2451 τοῦ
3403 2399 3514 2450 τῶν

242 2485 643 2558 Ἀσαμωναίων
669 2489 862 2556 γένους
892 2490 1165 2562 ἀφῄρητο,
1189 2489 1478 2543 ἐπέτεσιν
1507 2491 1711 2546 ἑκατὸν
1768 2493 1866 2546 καὶ
1903 2492 2080 2547 εἴκοσι
2149 2493 2493 2565 διαρκέσασα
2518 2509 2533 2524 ο
2590 2493 2797 2566 μετέϐη
2851 2494 2911 2548 δὲ
2952 2497 3035 2558 είς
3101 2494 3353 2567 Ἡρώδην
3417 2495 3512 2550 τ’»ν

257 2583 645 2654 Ἀντιπάτρου,
673 2584 948 2640 ἰδιωτικοῦ
983 2586 1328 2656 τυγχάνοντα
1380 2585 1595 2653 γένους,
1632 2586 1729 2639 καὶ
1759 2588 1937 2653 οἰκίας
1966 2587 2279 2658 δημότιόος.

322 2675 424 2729 IB'.
457 2675 614 2731 οὕτω
636 2678 693 2731 δὲ
717 2679 817 2749 τῆς
851 2680 980 2750 ὅλης
1006 2678 1274 2743 Ἰουδαίας
1324 2676 1578 2748 Ἡρώδης
1627 2680 1830 2735 ἀναθέ-

2001 2683 2120 2741 XII.
2189 2682 2353 2755 234
2401 2681 2493 2738 Sic
2540 2681 2789 2738 Herodes
2823 2681 2993 2738 totius
3040 2682 3242 2738 Iudaeae
3284 2682 3518 2756 imperio

247 2786 416 2839 μενος
453 2772 555 2843 τὴν
591 2773 793 2844 ἀρχὴν,
835 2774 967 2836 τοὺς
1023 2773 1124 2843 μὲν
1154 2773 1227 2826 τὰ
1279 2772 1445 2827 αὐτοῦ
1489 2773 1829 2844 φρονοῦντας

1935 2775 2162 2846 potitus,
2197 2775 2281 2829 sui
2313 2773 2593 2829 studiosos
2635 2773 2795 2840 fovit,
2836 2774 3186 2829 adversarios
3233 2776 3520 2846 suppliciis

245 2864 581 2934 προσήγετο,
616 2865 746 2929 τοὺς
766 2865 811 2917 δ’
842 2867 1293 2937 ἐναντιουμένους
1321 2865 1602 2931 ἐκόλαζεν.
1632 2865 1830 2934 Ἐτίμα

1935 2866 2134 2922 aﬂ‘ecit.
2167 2866 2400 2921 Pollioni
2430 2866 2708 2921 Pharismo
2734 2876 2789 2920 et
2822 2863 3046 2921 Samaeae
3067 2865 3215 2922 illius
3246 2866 3519 2937 discipulo

246 2956 306 3009 δὲ
345 2957 586 3024 μάλιστα
624 2957 903 3012 Πολλίωνα
935 2959 1029 3012 τὸν
1070 2960 1394 3030 Φαρισαῖον,
1451 2960 1549 3013 καὶ
1579 2959 1830 3030 Σαμαίαν

1935 2959 2203 3015 honorem
2246 2959 2301 3013 in
2326 2957 2520 3028 primis
2550 2958 2746 3014 habuit
2778 2976 2793 3013 :
2826 2958 2920 3028 qui
2949 2973 3074 3013 cum
3117 2958 3251 3014 urbs
3294 2960 3517 3016 obside-

248 3048 343 3100 τὶν
377 3047 570 3101 τούτου
609 3047 876 3121 μαθητήν.
917 3049 1028 3121 Τῆς
1071 3051 1183 3122 γὰρ
1217 3050 1541 3123 πολιορκίας
1571 3068 1831 3105 συνιστα-

1935 3058 2107 3113 retur,
2130 3048 2427 3105 deditionis
2452 3048 2715 3104 faciendae
2736 3049 2991 3104 auctoi'es
3014 3049 3249 3105 fuerant.
3281 3049 3520 3107 Samaeas

236 3142 450 3210 μένης,
482 3141 870 3196 συνεϐούλευον
920 3135 1072 3197 οὗτοι
1119 3142 1381 3210 δέξασθαι
1410 3145 1505 3199 τὸν
1550 3143 1828 3215 Ἡρώδην.

1935 3158 2122 3215 porro,
2156 3150 2218 3198 ut
2249 3156 2416 3213 supra
2447 3151 2729 3197 narratum
2753 3151 2860 3210 est,
2888 3140 3141 3213 Hyrcano
3162 3151 3220 3198 et
3239 3141 3522 3215 indicibus

261 3230 328 3286 Ὀ
348 3232 409 3284 δὲ
436 3234 687 3302 Σαμαίας
723 3233 909 3301 οὗτος,
953 3237 1028 3299 ὼς
1077 3236 1186 3308 ἥδη
1223 3236 1539 3307 ἔμπροσθεν
1590 3236 1830 3309 εἴρηται,

252 3328 351 3380 καὶ
413 3330 680 3397 προεῖπεν
725 3328 979 3400 ’Υρκανῷ
1012 3345 1071 3383 τε
1123 3328 1220 3382 κα)⁵
1254 3330 1370 3392 τοῖς
1411 3328 1731 3394 δικάζουσιν
1759 3330 1835 3394 ὡς

252 3419 594 3488 περισωθεὶς
631 3420 882 3492 Ἡρώδης
924 3422 1174 3483 ἅπαντας
1236 3423 1436 3487 αὐτοὺς
1505 3422 1830 3494 μετελεύσε-

249 3529 371 3566 ται.
408 3510 726 3566 Ἀπέκτεινε
750 3513 805 3565 δὲ
845 3513 957 3566 τῶν
983 3514 1115 3583 περὶ
1160 3514 1255 3568 τὸν
1288 3514 1596 3583 Ἀντίγονον
1633 3531 1834 3567 τεσσα-

253 3604 499 3672 ράκοντα
526 3604 653 3667 τοὺς
680 3604 953 3675 πρώτους,
991 3605 1085 3659 καὶ
1108 3606 1205 3668 τὰς
1243 3604 1426 3658 αὐτῶν
1449 3606 1637 3669 οὐσίας
1670 3604 1837 3674 ἀφεί-

251 3696 406 3758 λετο,
438 3696 612 3765 πέρας
643 3713 702 3750 τε
753 3698 938 3751 κακῶν
970 3693 1038 3769 ἦν
1088 3698 1269 3753 οὐδέν.
1312 3698 1580 3770 Ὑρκανὸς
1627 3698 1837 3764 μέντοι,

252 3793 416 3864 παρὰ
445 3792 683 3864 Πάρθοις
708 3793 1056 3863 αἰχμάλωτος
1105 3792 1206 3860 ὣν,
1247 3793 1530 3858 ἐπιεικοῦς
1556 3792 1713 3865 ἔτυχε
1743 3793 1837 3846 τοῦ

254 3884 498 3953 Πάρθων
534 3884 800 3954 βασιλέως
821 3885 1073 3955 Φραάτου
1091 3902 1105 3915 ο
1128 3887 1222 3939 καὶ
1250 3885 1435 3948 λυθεὶς
1455 3884 1567 3938 τῶν
1591 3885 1837 3954 δεσμῶν,

250 3982 316 4032 ὲν
356 3975 643 4030 Βαϐυλῶνι
670 3976 882 4048 διάγειν
906 3977 1313 4049 παρεχωρήθη,
1347 3976 1480 4030 ἔνθα
1503 3978 1600 4032 καὶ
1632 3976 1838 4046 πλῆθος

252 4072 326 4142 ἦν
358 4073 657 4142 Ἰουδαίων,
681 4075 733 4128 οἳ
756 4074 1154 4146 τὸν,’Υρκανδν
1181 4074 1257 4138 ὡς
1290 4072 1553 4145 ἀρχιερέα
1605 4073 1701 4125 καὶ
1740 4070 1839 4141 βα-

256 4165 421 4221 σιλὲσ.
436 4166 667 4234 ἐτίμων.
702 4166 912 4221 Μαθὼν
944 4166 1002 4219 δὲ
1025 4166 1116 4219 τδν
1154 4164 1407 4237 Ἡρώδην
1438 4164 1840 4235 παρειληφέναι

252 4261 362 4330 τὴν
396 4258 699 4329 βασιλείαν,
750 4258 1011 4313 διενοεῖτο
1063 4258 1461 4328 μεταχωρῆσαι
1499 4257 1636 4327 πρὸς
1676 4255 1841 4310 αὐτὸν

253 4355 351 4407 διά
385 4370 445 4406 τε
477 4353 539 4406 τὸ
572 4352 757 4423 κῆδος,
792 4353 891 4407 καὶ
941 4350 1360 4422 μνησθήσεσθαι
1404 4349 1612 4421 οἰηθεὶς
1648 4348 1836 4414 αὑτὸν,

1936 3236 2284 3308 ρταιιιὶιονοι,
2340 3234 2612 3290 Herodem
2664 3243 3074 3301 conservatum,
3131 3236 3280 3306 ipsos
3325 3248 3522 3293 omnes

1936 3329 2181 3383 nlturum
2210 3341 2343 3382 esse.
2384 3325 2603 3382 Occidit
2648 3335 2834 3380 autem
2868 3341 2935 3380 ex
2969 3325 3229 3396 Antigoni
3281 3325 3521 3383 factione
3590 3327 3597 3339 '

1936 3420 2160 3476 circiter
2213 3435 2279 3474 ιη.
2344 3419 2644 3489 principes,
2705 3417 2868 3473 bonis
2917 3418 3082 3472 etiam
3127 3416 3354 3488 ereptis,
3417 3432 3522 3472 nec

1937 3513 2206 3567 malorum
2239 3512 2384 3566 ullus
2417 3510 2541 3565 linis
2586 3509 2712 3566 fuit.
2748 3509 3047 3564 Enimvero
3089 3508 3356 3563 Phraates
3391 3507 3524 3563 Par-

1940 3605 2160 3660 thorum
2206 3618 2302 3658 rex
2342 3602 2656 3674 Hyrcanum
2708 3603 2987 3670 captivum
3032 3599 3269 3671 benigne
3302 3599 3522 3662 habuit,

1938 3702 1995 3749 et
2032 3694 2269 3749 vinculis
2300 3693 2542 3748 solutum
2576 3691 2854 3761 Babylone
2885 3689 3086 3761 degere
3114 3689 3386 3760 permisit,
3427 3690 3522 3752 ubi

1938 3803 1971 3842 a
1998 3793 2165 3856 gente
2196 3784 2425 3840 Judaiea
2453 3795 2512 3839 et
2548 3781 2834 3853 pontificio
2859 3788 2914 3835 et
2940 3780 3091 3849 regio
3130 3780 3339 3834 honore
3371 3777 3524 3832 eole-
3619 3787 3627 3797 ’

1941 3879 2124 3934 batur.
2162 3875 2267 3932 Sed
2302 3890 2428 3930 eum
2457 3873 2729 3929 Herodem
2763 3887 2993 3942 regnum
3025 3870 3335 3940 suscepisse
3366 3868 3525 3924 audi-

1938 3969 2131 4035 visset,
2161 3967 2447 4023 discedere
2494 3965 2724 4022 statuit:
2761 3964 2915 4019 illum
2944 3977 3070 4018 cum
3102 3963 3173 4017 ob
3202 3961 3522 4016 afﬁnitatem

1940 4070 2166 4130 tumque
2187 4058 2348 4114 caedis
2372 4073 2525 4113 reum
2548 4056 2794 4127 periculo
2809 4054 3120 4120 exemisset,
3146 4054 3232 4111 sui
3253 4054 3523 4111 rationem

1939 4151 2260 4206 habiturum
2287 4164 2410 4205 esse
2454 4159 2627 4204 ratus.
2662 4147 2820 4216 Quod
2856 4147 2960 4203 etsi
3012 4146 3296 4218 Babylonii
3345 4145 3523 4202 Judaei

1939 4242 2357 4308 dissuadebam,
2394 4250 2626 4310 tumque
2679 4257 2709 4294 a
2748 4254 2808 4294 se
2861 4254 2964 4308 pro
3012 4253 3141 4309 rege
3191 4245 3248 4291 et
3264 4236 3523 4307 pontiﬁce

1939 4335 2235 4403 coleretur,
2271 4341 2497 4402 tumque
2524 4330 2900 4403 Hierosolyma
2947 4344 3223 4394 reversus,
3253 4328 3325 4383 ob
3359 4328 3528 4383 muti-

256 4447 344 4498 ὂτι
384 4419 711 4514 κρινόμενον
747 4443 840 4495 ἰπὶ
892 4419 1076 4512 φόνοις
1107 4440 1201 4494 τοῦ
1235 4419 1490 4494 κινδύνου
1540 4439 1831 4511 ἐρρύσατο.

1941 4428 2112 4483 latum
2157 4426 2226 4480 ab
2272 4426 2546 4496 Antigono
2596 4438 2801 4493 corpus
2859 4420 3168 4477 sacerdotio
3209 4419 3360 4490 fungi
3412 4434 3527 4474 non

258 4535 326 4586 υἱ
358 4534 406 4585 δ’
436 4535 493 4585 ὲν
526 4530 817 4586 Βαϐυλῶνι
878 4529 1128 4584 Ἰουδαῖοι
1184 4529 1377 4600 μένειν
1427 4527 1618 4598 ἠξίουν
1646 4527 1837 4594 αὐτὸν,

256 4622 339 4686 ὡς
368 4620 637 4693 ἀρχιερέα
665 4623 760 4674 καὶ
780 4620 1007 4691 βασιλέα
1031 4621 1349 4691 τιμώμενον
1368 4618 1496 4690 παρ’
1519 4618 1724 4684 αὐτῶν,
1744 4618 1842 4671 κα)⁸

260 4720 350 4771 ὅτι
383 4718 476 4769 καὶ
506 4714 761 4769 ἀπελθὼν
787 4716 971 4786 τυχεῖν
993 4713 1096 4784 τῆς
1127 4711 1543 4784 ἀρχιερωσύνης
1562 4710 1838 4775 ἀδυνατεῖ,

262 4807 645 4878 λελωϐημένος
674 4806 737 4860 τὸ
775 4807 938 4877 σῶμα
971 4805 1061 4861 ὑπ’
1095 4804 1429 4873 Ἀντιγόνου.
1485 4805 1551 4857 Οί
1587 4802 1688 4874 μὲν
1747 4797 1842 4857 οὖν

260 4900 505 4956 ἐκώλυον
528 4918 542 4932 ·
571 4901 600 4953 ὁ
619 4899 677 4952 δὲ
709 4900 807 4952 οὐκ
856 4897 1127 4961 ἐπείθετο,
1156 4897 1319 4960 αὐτός
1343 4912 1403 4949 τε
1435 4895 1621 4949 ποθῶν
1663 4897 1838 4950 ἐπαν-

258 4995 465 5074 ελθεῖν,
497 4993 596 5046 καὶ
655 4992 809 5063 παρὰ
840 4988 1090 5059 Ἡρώδου
1113 4986 1626 5059 παρακαλούμενος.
1668 4985 1869 5056 Ἡρώο-

259 5084 361 5154 δης
398 5083 457 5136 δὲ
491 5082 587 5136 καὶ
614 5082 750 5153 πρὸς
774 5080 1037 5152 Φραάτην
1065 5078 1370 5150 πρεσϐείαν
1390 5078 1717 5147 ἐποιήσατο,
1746 5075 1844 5128 καὶ

256 5179 418 5250 δῶρα
440 5176 716 5249 ἔπεμψεν,
750 5176 919 5240 ἀξιῶν
949 5174 1025 5246 μὴ
1049 5171 1299 5228 κωλῦσαι
1322 5173 1423 5236 τὰς
1451 5174 1532 5235 είς
1560 5172 1654 5225 τὸν
1685 5170 1846 5240 εὐερ-

260 5272 436 5342 γέτην
464 5268 637 5324 αὐτοῦ
687 5268 940 5339 χάριτας.
981 5261 1095 5319 Ἦν
1135 5263 1194 5318 δὲ
1229 5262 1329 5333 οὐχ
1387 5262 1530 5334 ὑπὲρ
1569 5258 1841 5332 ’Υρκανοῦ

1942 4527 2127 4591 posset
2159 4537 2174 4573 :
2200 4527 2381 4573 tamen
2407 4531 2563 4574 suum
2587 4514 2948 4578 desiderium,
2972 4523 3029 4568 et
3057 4510 3294 4567 Herodis
3310 4526 3525 4582 preces,

1941 4614 2162 4669 illorum
2215 4609 2438 4666 monitis
2492 4607 2755 4679 praetulit.
2815 4606 2952 4661 Nam
2999 4605 3245 4662 Herodes
3272 4605 3442 4661 etiam
3492 4621 3523 4659 a

1945 4705 2180 4762 Phraate
2215 4718 2313 4773 per
2344 4703 2551 4771 legatos
2592 4698 2778 4755 missis
2812 4699 3138 4754 muneribus
3168 4696 3421 4767 petierat.
3454 4711 3524 4750 ne

1948 4796 2193 4852 obstaret
2215 4793 2509 4864 quominus
2540 4790 2659 4847 viro
2687 4791 2756 4846 de
2787 4805 2847 4846 se
2892 4790 3034 4847 bene
3068 4791 3267 4845 merito
3293 4790 3522 4861 gratiam

1949 4888 2207 4945 referret.
2226 4886 2413 4957 Neque
2435 4899 2565 4940 vero
2588 4883 2818 4955 Hyrcani
2836 4878 3188 4938 commodum
3208 4880 3528 4950 spectabat:

1949 4984 2045 5037 sed
2111 4981 2241 5050 quia
2315 4992 2542 5047 regnum
2594 4975 2834 5030 alienum
2890 4972 3135 5051 tenebat,
3192 4970 3528 5026 mutationes

1951 5072 2099 5129 haud
2123 5072 2193 5128 ab
2224 5085 2282 5125 re
2308 5069 2536 5131 veritus,
2561 5067 2618 5123 id
2644 5067 2809 5123 dabat
2831 5081 3074 5136 operam,
3108 5072 3170 5118 ut
3194 5071 3288 5116 aut
3320 5059 3528 5132 Hyrca-

1950 5181 2083 5219 num
2114 5178 2147 5218 e
2181 5161 2365 5217 medio
2391 5158 2628 5224 tolleret,
2657 5168 2749 5212 aut
2773 5160 2828 5212 in
2853 5172 2951 5213 sua
2974 5161 3247 5225 potestate
3272 5152 3523 5209 haberet.

1952 5253 2152 5311 Reditu
2206 5267 2238 5306 a
2287 5249 2507 5305 Parthis
2563 5247 2878 5319 impetrato,
2931 5245 3245 5316 Hyrcanus,
3260 5255 3525 5312 perquam

1484 5421 1686 5483 Vane-3
1720 5417 2029 5482 rectiones
2060 5418 2120 5475 et
2151 5417 2340 5475 notae.

339 5579 452 5650 (ὶό)
486 5576 653 5650 Mque
683 5574 796 5650 τῆς
825 5576 965 5629 τότε.
986 5571 1196 5641 τύχης,
1214 5570 1366 5650 μήτε
1395 5566 1505 5637 τῆς
1527 5565 1714 5650 «figat
1739 5581 1843 5635 με-

262 5637 591 5720 ρέημέγοςί
611 5637 886 5716 Iosephus
906 5659 1002 5713 pro
1036 5637 1409 5730 μεμνημένος,
1447 5638 1602 5708 ponit
1628 5637 1842 5718 ἔννοιαν

266 5719 476 5774 λαϐὼν.
502 5718 649 5774 (ιιιοὰ
687 5715 1028 5772 tantumdem
1067 5723 1173 5767 est.
1208 5711 1318 5767 bed
1350 5711 1573 5765 ridetur
1612 5707 1842 5774 Antigo-

267 5735 476 5784 Λαοων,
502 5735 649 5789 quoa
687 5735 1028 5772 tantumne!“
1067 5735 1173 5767 est.
1208 5735 1318 5767 acu
1356 5735 1572 5765 νιυυιυι-
1612 5735 1842 5788 Λιιιιδγ·

265 5805 381 5845 nus
431 5787 717 5860 praesentis
764 5786 996 5842 fortuna:
1033 5783 1300 5839 rationem
1357 5779 1635 5837 habuisse.
1700 5776 1842 5845 ρυιιι

1944 5563 2094 5617 enim
2141 5561 2289 5616 victo
2348 5557 2699 5628 relinquitur,
2727 5551 2833 5628 nisi
2858 5561 2921 5628 ut
2965 5547 3301 5628 deditionem
3334 5546 3523 5627 faciat,

1946 5642 2043 5687 aut
2070 5632 2273 5702 (idque
2302 5619 2555 5702 fortassis
2578 5622 2980 5702 eumdecuisse
3001 5619 3278 5689 Josephus
3300 5622 3519 5690 censet)

1946 5694 2140 5759 necem
2163 5694 2269 5757 sibi
2291 5701 2597 5757 consciscat
2615 5695 2637 5748 ?
2654 5694 2742 5751 W.
