4002 6250
489 330 599 397 423

1760 322 2086 384 JOANNIS
2126 325 2448 387 ZONARIE

3642 325 3746 387 4L4

482 446 866 514 percuntatur.
892 436 991 492 Illa
1019 436 1231 492 crimen
1281 436 1547 506 ejerante,
1586 433 1813 490 remissa
1846 435 2053 490 iracun-

2172 439 2265 492 καὶ
2314 435 2656 509 ζηλοτυπῶν,
2700 435 2810 508 ίδίᾳ
2854 434 2954 503 τὴν
2991 433 3225 507 Μαριὰμ
3272 433 3580 507 ἀνέκρινεν.
3617 435 3749 491 Ἀπ-

481 537 575 596 dia
606 534 787 588 victus
809 547 1020 595 amore,
1058 544 1220 584 suum
1247 544 1377 601 erga
1424 528 1573 581 illam
1602 526 1859 582 affectum
1890 536 2065 582 testa-

482 638 591 683 tur.
626 626 719 679 llla
754 638 887 678 vero
919 621 1240 691 respondet,
1274 619 1592 674 mandatum
1637 618 1772 673 illud
1799 634 1913 675 non
1940 635 2065 675 esse

481 719 740 783 amantis,
766 732 878 786 quo
929 718 976 771 si
1029 714 1161 784 quid
1211 713 1315 783 ipsi
1361 712 1653 767 accidisset
1705 711 1775 765 ab
1823 711 2065 768 Antonio

481 811 726 881 gravius,
767 824 827 864 se
887 823 1109 878 quoque
1166 805 1399 860 interfici
1437 805 1713 874 jussissct.
1754 804 1809 860 ld
1854 804 2062 859 dictum

486 902 764 958 Herodem
801 902 875 955 ita
930 900 1186 970 perculit,
1231 907 1292 952 ut
1321 897 1675 959 exclamaret,
1729 911 1796 949 ex
1826 912 1901 963 eo,
1932 912 2067 950 eon-

482 1004 631 1048 stare
688 992 756 1046 de
823 990 1052 1059 Josephi
1100 1004 1229 1057 erga
1266 987 1413 1041 illam
1455 1001 1663 1040 amore.
1696 984 1885 1055 Neque
1915 985 2062 1040 enim

482 1099 744 1139 arcanum
770 1083 938 1138 fuisse
970 1080 1343 1152 proditurum,
1374 1077 1479 1131 nisi
1514 1092 1743 1147 inagnus
1774 1092 1873 1131 cos
1924 1077 2066 1133 all‘e-

479 1189 604 1231 ctus
630 1177 963 1246 copulassct.
1003 1174 1082 1229 Ac
1115 1172 1300 1227 statim
1333 1185 1557 1226 uxorem
1607 1170 1920 1235 occidisset,
1956 1169 2064 1224 nisi

480 1284 669 1323 amore
699 1268 850 1321 illius
881 1265 1143 1321 subactus
1176 1262 1388 1317 fuisset.
1421 1262 1720 1331 Josephum
1755 1271 1906 1317 certe
1940 1263 2065 1332 qui-

480 1360 627 1425 dem,
667 1375 769 1413 nec
805 1359 861 1412 in
883 1364 1240 1427 conspectum
1262 1369 1422 1408 suum
1459 1353 1784 1417 admissum,
1828 1351 2065 1407 interfici

479 1453 685 1523 jussit:
718 1448 1107 1511 Alexandram,
1143 1453 1202 1499 ut
1254 1445 1525 1499 malorum
1574 1444 1820 1498 omnium
1869 1452 2065 1498 aucto-

484 1559 625 1603 rem,
677 1542 733 1595 in
765 1540 987 1595 vincula
1044 1538 1350 1608 conjectam
1414 1535 1741 1589 asscrvavit.
1793 1534 2068 1590 Antonius

483 1649 652 1703 porro
694 1648 906 1695 amore,
937 1647 1003 1686 ac
1055 1629 1240 1700 potius
1291 1626 1575 1682 veneficiis
1612 1626 1915 1697 Cleopatra:
1942 1642 2066 1681 cor-

483 1734 703 1793 ruptus,
736 1721 1137 1791 cupiditatibus
1185 1718 1336 1773 illius
1369 1718 1666 1773 serviebat.
1699 1718 1777 1771 Ea
1812 1718 2061 1782 fratrem,

2169 531 2483 601 ομνυμένης
2533 530 2579 582 δ’
2615 529 2855 599 ἐκείνης,
2904 527 3078 598 ὲχάλα
3128 527 3228 600 τὴν
3273 528 3468 600 ὀργὴν,
3518 527 3748 584 καὶτοῦ

2169 622 2373 691 ἔρωτος
2402 622 2626 692 ἥττητο,
2668 622 2763 674 καὶ
2809 621 2910 691 τὴν
2942 621 3023 682 είς
3063 619 3235 691 αὐτὴν
3262 619 3552 674 ἐπιστοῦτο
3598 619 3751 692 φιλο-

2171 712 2448 781 στοργίαν.
2491 713 2555 767 'll
2588 712 2666 776 δὲ,
2703 713 2778 766 Οὐ
2812 713 3135 785 στέργοντος
3163 708 3318 767 εἶπεν
3345 709 3486 768 εἶναι
3517 714 3575 768 τὸ
3604 715 3750 786 κάμὲ

2170 804 2469 859 ἀπολέσθαι
2503 803 2863 867 ἐντείλασθαι.
2899 807 2953 860 εἴ
2983 806 3047 876 γέ
3076 824 3157 861 σοι
3183 810 3314 878 παρ’
3333 810 3622 865 ⁹Αντωνίου
3648 829 3751 881 χα·

2169 897 2336 950 λεπόν
2367 913 2420 950 τι
2444 897 2737 969 ὲπενεχθῇ.
2769 894 2940 961 Οὗτος
2973 899 3002 952 ὁ
3034 898 3193 967 λόγος
3218 899 3314 954 τὸν
3353 900 3600 974 Ἡράδην
3622 903 3750 958 ἐτά-

2169 983 2447 1059 ραξε,·καὶ
2487 988 2640 1053 ἐϐόα,
2692 991 2884 1060 σαφῶς
2917 993 2982 1044 ἐκ
3011 991 3203 1046 τούτου
3245 994 3610 1065 πεφωρᾶσθαι
3655 995 3748 1051 τὸν

2167 1080 2262 1132 τοῦ
2293 1080 2495 1152 Ἰωσὴφ
2531 1082 2669 1153 πρὸς
2688 1083 2861 1154 αὐτὴν
2885 1082 3088 1154 ἔρωτα.
3120 1084 3195 1139 Οὐ
3232 1085 3343 1155 γὰρ
3378 1086 3442 1140 ἂν
3475 1087 3656 1153 ἐξεῖπε
3687 1089 3749 1144 τδ

2168 1172 2502 1245 ἀπόρρητον,
2525 1174 2736 1244 ἔλεγεν,
2756 1176 2806 1229 εί
2832 1176 2906 1247 μὴ
2933 1177 3180 1248 μεγάλης
3200 1178 3520 1251 συναψάσης
3547 1181 3747 1246 αὐτοὺς

2167 1264 2483 1329 διαθέσεως.
2521 1267 2631 1320 Καὶ
2671 1268 2993 1323 ἀπέκτεινεν
3023 1267 3091 1322 ἂν
3119 1269 3220 1341 τὴν
3247 1275 3484 1339 γυναῖκα
3525 1274 3745 1340 αὐτίκα,

2165 1356 2216 1408 εί
2246 1355 2322 1426 μὴ
2351 1356 2428 1427 τῷ
2451 1357 2620 1427 αὐτῆς
2645 1358 2942 1414 δεδούλωτο
2965 1360 3152 1430 ἔρωτι.
3182 1361 3286 1416 Τὶιν
3308 1361 3508 1435 Ἰωσὴφ
3532 1365 3611 1430 δὲ,
3639 1383 3748 1436 μη·

2167 1445 2212 1497 δ’
2237 1449 2317 1509 είς
2353 1446 2476 1516 ὄψιν
2505 1446 2673 1501 αὐτοῦ
2704 1447 2953 1517 ἀγαγὼν,
2987 1451 3286 1521 προσέταξε
3316 1452 3743 1524 διαχρήσασθαι.

2169 1537 2264 1592 καὶ
2292 1539 2391 1611 τὴν
2431 1540 2787 1614 Ἀλεξάνδραν
2814 1541 2890 1606 ὡς
2923 1543 3177 1599 ἁπάντων
3207 1545 3389 1600 αίτίαν
3419 1548 3589 1619 δήσας
3613 1550 3746 1615 ἐφύ-

2166 1627 2379 1682 λαττεν.
2426 1629 2711 1693 ’Δντώνιος
2741 1631 2799 1684 δὲ
2829 1632 2904 1702 τῷ
2935 1634 3292 1707 Κλεοπάτρας
3329 1636 3516 1708 ἔρωτι,
3543 1638 3744 1708 μᾶλλον

2165 1720 2224 1773 δὲ
2261 1722 2633 1791 φαρμακείαις
2672 1721 3090 1795 διεφθαρμένος,
3114 1730 3240 1791 ταῖς
3269 1728 3486 1799 ἐκείνης
3520 1730 3744 1800 θελήσε-

482 1787 1016 1886 ιιιΙ-ηιιοιιιτοεηυιη
1070 1812 1406 1882 pertinebat,
1452 1824 1667 1865 veneno
1715 1812 2053 1878 sustulerat;

2168 1828 2252 1863 σιν
2273 1787 2621 1868 ἐδεδούλωτο.
2650 1815 2724 1868 ’Ἠ
2746 1787 2838 1870 τὸν
2995 1787 3244 1888 ἀδελφὸν,
3269 1813 3314 1888 ᾧ
3342 1822 3374 1891 ἠ
3402 1787 3650 1891 βασιλεία
3670 1827 3747 1876 ὄι-

480 1923 724 1964 sororem
747 1906 1040 1960 Arsinoen)
1075 1917 1172 1972 per
1193 1902 1492 1957 Antonium
1521 1901 1802 1958 occiderat
1833 1919 1850 1959 :
1890 1903 2061 1957 Anto—

482 1999 636 2053 nium
696 1997 875 2067 ipsum
912 2010 1110 2066 cogere
1139 1994 1436 2058 nitebatur,
1483 2004 1539 2049 ut
1587 1994 1694 2050 sibi
1730 1995 1973 2050 .ludaeam
2004 2003 2063 2049 et

481 2089 738 2144 Arabiam
785 2089 1137 2144 attribueret.
1168 2085 1274 2153 Qui
1316 2095 1377 2140 ut
1427 2096 1481 2142 et
1529 2086 1880 2141 manifestam
1913 2086 2064 2157 inju-

487 2181 626 2235 riani
656 2180 889 2243 velaret,
915 2188 972 2233 et
1019 2177 1270 2231 mulieris
1300 2177 1586 2231 amoribus
1616 2192 1680 2231 ac
1710 2176 1893 2245 potius
1918 2192 2061 2247 pra:-

482 2270 663 2340 stigiis
687 2269 1023 2338 indulgeret,
1050 2267 1247 2321 ablatis
1270 2267 1339 2322 ab
1364 2276 1595 2337 utraque
1622 2267 1909 2336 provincia
1932 2283 2063 2337 par-

487 2363 674 2426 tibus,
726 2359 1094 2414 insatiabilem
1149 2359 1301 2413 illius
1348 2359 1709 2429 cupiditatem
1771 2360 2062 2431 mitigavit.

482 2453 722 2507 Antonio
741 2452 795 2505 in
818 2451 1133 2505 Armeniam
1153 2450 1390 2506 ducente
1407 2452 1741 2515 exercitum,
1777 2450 2064 2522 Cleopatra

482 2549 540 2599 in
574 2544 755 2600 reditu
795 2559 921 2598 cum
957 2542 1172 2598 Herode
1231 2544 1286 2598 in
1320 2544 1564 2600 ledaeam
1612 2545 1784 2608 venit,
1822 2546 2064 2601 familia-

482 2638 649 2693 ritate
681 2637 735 2691 in
768 2644 982 2691 tantum
1015 2645 1196 2699 aucta,
1232 2645 1291 2691 ut
1321 2653 1446 2691 eum
1473 2637 1643 2691 etiam
1670 2638 1739 2692 ad
1766 2638 1949 2694 cubile
1976 2639 2063 2693 in-

484 2730 695 2794 vitarit,
744 2728 862 2784 sive
908 2744 977 2783 ex
1015 2729 1283 2785 eﬂrenata
1335 2730 1590 2795 libidine,
1645 2731 1761 2787 sive
1791 2747 1859 2786 ex
1912 2732 2063 2787 illius

477 2838 668 2879 amore
700 2862 715 2888 ,
755 2822 871 2877 sive
917 2822 1063 2892 quod
1113 2822 1456 2893 probabilius
1499 2833 1605 2888 est,
1640 2832 1701 2879 ut
1729 2824 2060 2894 principium

479 2913 808 2969 insidiarum
883 2928 949 2968 ex
1013 2913 1107 2968 illo
1164 2927 1460 2983 congressu
1520 2926 1715 2969 contra
1781 2915 2060 2970 hominem

479 3003 644 3074 238
674 3011 944 3073 captaret.
972 3002 1079 3057 Sed
1106 3000 1371 3068 Herodes,
1424 3003 1611 3060 verbis
1671 3005 1821 3060 illius
1866 3004 2057 3072 elusis,

2164 1901 2355 1971 ἔφερε,
2400 1904 2681 1974 φαρμάκῳ
2723 1904 2995 1980 διέφθειρε
3019 1925 3036 1941 ⁶
3070 1909 3170 1982 τὴν
3206 1910 3251 1964 δ’
3284 1912 3521 1983 ἀδελφὴν
3559 1914 3737 1985 Ἄρσι-

2163 1991 2312 2061 νόην,
2349 1993 2416 2045 δι’
2450 1994 2738 2050 ’Λντωνίου
2763 1998 3053 2054 ἀπέκτεινε
3076 2019 3088 2033 ·
3124 2002 3217 2056 τὸν
3248 2006 3432 2074 μέντοι
3457 2005 3745 2061 Ἀντώνιον

2163 2087 2410 2152 ἐϐιάζετο
2442 2090 2539 2159 τὴν
2567 2091 2826 2146 Ἰουδαίαν
2859 2095 2994 2167 αὐτῇ
3022 2097 3115 2150 καὶ
3141 2097 3240 2167 τὴν
3289 2099 3554 2171 ’Δραϐίαν
3579 2118 3748 2171 προσ-

2163 2182 2373 2249 νεῖμαι.
2408 2182 2467 2235 ’0
2501 2183 2582 2248 δὲ,
2614 2185 2676 2240 τὸ
2709 2188 2988 2257 προφανὲς
3014 2192 3113 2258 τῆς
3140 2191 3353 2257 ἀδικίας
3386 2194 3747 2267 δυσωπούμε-

2166 2288 2274 2337 νος,
2314 2273 2499 2344 ἐκείνῃ
2544 2292 2603 2327 τε
2631 2278 2955 2348 χαρίζεσθαι
2982 2280 3071 2335 διὰ
3104 2282 3230 2347 τοὺς
3274 2284 3483 2357 ἔρωτας
3517 2287 3611 2341 καὶ
3646 2288 3745 2351 τὰς

2162 2364 2419 2435 γοητείας
2473 2369 2940 2440 ἀναγκαζόμενος,
2982 2373 3042 2441 ἐξ
3080 2376 3362 2449 ἑκατέρων
3404 2379 3513 2432 τῶν
3548 2381 3746 2451 χωρῶν

2166 2456 2310 2527 μέρη
2350 2458 2787 2531 ἀποτεμόμενος,
2833 2462 3044 2529 τούτοις
3089 2467 3263 2539 αὐτῆς
3294 2469 3394 2541 τὴν
3437 2471 3746 2543 ἀπληστίαν

2166 2550 2616 2620 παρεμυθήσατο.
2665 2553 2725 2608 Ὀ
2759 2555 2858 2626 μὲν
2888 2552 2981 2610 οὖν
3012 2556 3297 2622 Ἀντώνιος
3329 2563 3410 2628 εἰς
3451 2563 3746 2635 Ἀρμενίαν

2162 2642 2527 2712 ἐστράτευσεν
2549 2663 2563 2677 ο
2601 2648 2635 2717 η
2669 2647 2748 2716 δὲ,
2785 2649 3227 2721 ὑποστρέφουσα,
3258 2656 3340 2718 εἰς
3363 2657 3744 2726 τὴνίουδαίαν

2164 2733 2407 2803 ἐγένετο,
2448 2738 2805 2809 συντυχόντος
2833 2742 2970 2815 αὐτῇ
2998 2744 3093 2799 τοῦ
3138 2744 3401 2817 Ἡρώδου.
3444 2749 3745 2820 Συνηθείας

2159 2826 2217 2880 δὲ
2250 2827 2389 2900 αὐτῇ
2422 2828 2558 2899 πρὸς
2603 2829 2847 2904 Ἡρώδην
2870 2835 3196 2907 γενομένης,
3228 2837 3623 2909 προσεκαλεῖτο
3647 2841 3745 2893 αὖ·

2161 2917 2251 2971 τὸν
2276 2919 2356 2982 είς
2387 2919 2569 2992 εὐνὴν,
2592 2922 2846 2993 ἀκρατῶς
2872 2926 3006 2997 πρὸς
3037 2925 3184 2997 μίξιν
3215 2920 3558 3001 διακειμένη,
3596 2933 3738 3002 τάλα

2159 3012 2218 3064 δέ
2248 3030 2301 3066 τι
2344 3014 2438 3067 καὶ
2469 3014 2716 3068 παθοῦσα
2752 3019 2888 3088 πρὸς
2920 3019 3127 3073 ἐκεῖνον
3157 3022 3444 3093 ἐρωτικὸν,
3486 3025 3518 3098 ἢ
3556 3025 3617 3080 τὸ
3648 3042 3741 3080 πι-

479 3095 804 3150 muneribus
861 3099 1132 3164 placatam
1195 3094 1251 3148 in
1302 3093 1599 3166 Aigyptum
1663 3096 1910 3150 deduxit.
1962 3097 2053 3151 Se-

2163 3104 2494 3178 θανώτερον,
2555 3109 2729 3180 ἀρχὴν
2789 3111 3012 3183 ἐνέδρας
3062 3112 3163 3184 τὴν
3217 3114 3472 3189 ὲπάὐτῇ
3505 3093 3741 3188 ’ὁμιλίαν

483 3187 657 3257 ptimo
714 3185 948 3241 Herodis
982 3201 1126 3240 anno
1190 3185 1379 3241 Judaaa
1429 3197 1580 3241 tanto
1632 3196 1943 3243 terraemotu
1975 3197 2060 3244 cst

481 3293 771 3345 concussa,
829 3287 1038 3347 quanto
1109 3293 1390 3349 nunquam
1451 3280 1760 3337 alias:m-c
1811 3283 2059 3353 jumenta

478 3375 744 3423 duntaxat
799 3369 970 3423 inulta
1018 3369 1324 3437 perierunt,
1381 3369 1476 3425 sed
1531 3378 1588 3426 et
1642 3372 1926 3428 hominum
1983 3375 2052 3429 ad

484 3476 592 3514 xxx
616 3461 786 3514 millia
819 3460 993 3513 ruinis
1017 3459 1376 3515 aedificiorum
1407 3470 1539 3517 sunt
1569 3477 1849 3532 oppressa.
1882 3464 2058 3521 Hero-

477 3552 575 3607 des
613 3567 741 3605 vero
772 3550 1081 3621 redemptis
1115 3551 1478 3622 vectigalibus
1515 3569 1703 3608 carum
1740 3554 2049 3624 provincia-

480 3657 626 3706 rum,
659 3656 782 3710 qua:
812 3641 868 3695 in
907 3642 1106 3697 Arabia
1136 3652 1192 3698 et
1220 3642 1407 3697 Judtea
1441 3643 1745 3715 Cleopatra:
1774 3647 2055 3704 attributa:

483 3738 684 3796 erant,
728 3746 854 3784 cum
907 3730 1084 3786 Arabs
1130 3731 1187 3785 in
1241 3732 1547 3802 pendendis
1595 3735 1812 3790 tributis
1860 3754 2052 3807 parum

472 3839 692 3893 aequum
724 3838 783 3878 se
813 3823 1106 3893 praeberet,
1151 3824 1357 3879 bellum
1407 3825 1459 3879 ei
1507 3826 1732 3881 Antonii
1776 3828 2048 3897 permissu

474 3918 678 3972 inferre
701 3917 991 3972 constituit
1025 3933 1039 3984 ;
1081 3933 1147 3973 ac
1184 3919 1371 3972 multis
1399 3919 1600 3987 praeliis
1628 3920 1805 3987 factis,
1831 3922 2051 3977 tandem

472 4010 649 4064 victor
671 4019 832 4079 gente
858 4010 1107 4078 supplice
1129 4010 1183 4063 in
1218 4010 1528 4065 clientelam
1557 4023 1800 4082 accepta,
1825 4014 2053 4069 domum

456 4104 794 4165 revertitur,
824 4101 895 4155 ob
938 4116 1052 4154 rem
1082 4100 1299 4155 fortiter
1332 4111 1538 4170 gestam
1569 4105 1792 4159 nomine
1840 4121 2041 4177 magno

472 4202 653 4261 parto,
688 4201 745 4245 et
791 4192 990 4261 plenus
1022 4191 1351 4246 animorum.
1409 4193 1516 4247 Sed
1565 4195 1805 4250 Antonio
1855 4213 2048 4253 recens

472 4283 540 4337 ad
577 4283 796 4338 Actium
842 4297 871 4335 a
913 4280 1127 4336 Cazsare
1180 4292 1468 4351 superato,
1509 4300 1596 4340 res
1650 4287 1770 4354 ejus
1816 4286 2048 4344 turbatae

472 4380 624 4433 sunt,
653 4386 718 4423 ac
750 4371 935 4439 potius
977 4372 1137 4440 plane
1172 4372 1488 4442 deploratae.
1520 4375 1709 4446 Neque
1738 4379 1885 4432 enim
1917 4393 2044 4448 spe-

2161 3197 2306 3250 κατὲι
2359 3199 2454 3251 τοῦ
2511 3199 2706 3269 ἀνδρὸς
2768 3205 3194 3269 συσκευάζουσα.
3243 3207 3491 3278 Ἡρώδης
3521 3209 3578 3262 δὲ
3611 3205 3741 3274 τοὺς

2164 3290 2263 3360 μὲν
2288 3289 2482 3358 λόγους
2511 3293 2679 3364 αὐτῆς
2709 3293 3083 3366 διεκρούσατο,
3120 3298 3350 3370 δωρεαῖς
3379 3299 3436 3353 δὲ
3467 3301 3739 3373 θεραπεύ-

2162 3395 2284 3443 σας,
2337 3381 2428 3433 ὲπ’
2469 3383 2745 3450 Αἴγυπτον
2796 3387 3174 3458 προῦπεμψεν.
3235 3389 3497 3462 Ἑϐδόμυυ
3530 3394 3586 3448 δὲ
3634 3396 3734 3466 ἤδη

2158 3471 2312 3534 ἔτους
2370 3472 2610 3542 Ἡρώδου
2644 3475 2745 3547 τῆς
2779 3476 3057 3567 βασιλείας
3102 3483 3478 3554 ἐνεστηκότος,
3508 3488 3732 3561 ἐσείσθη

2155 3563 2264 3616 τῶν
2308 3564 2583 3623 Ἰουδαίων
2627 3568 2660 3637 ἠ
2701 3569 2798 3639 γῆ.
2852 3573 2927 3635 ὡς
2970 3563 3092 3653 οὐκ.
3127 3576 3334 3633 ἄλλοτε.
3372 3580 3481 3633 Καὶ
3526 3582 3639 3634 τῶν
3674 3600 3734 3636 τε

2157 3656 2369 3726 κτηνῶν
2398 3658 2573 3731 φθορὰ
2600 3660 2769 3732 πολλὴ
2793 3664 3007 3732 γέγονε,
3031 3669 3123 3719 καὶ
3146 3667 3255 3721 τῶν
3278 3669 3580 3739 ἀνθρώπων
3601 3673 3735 3729 ὡσεὶ

2154 3747 2471 3820 τρισμύριοι
2524 3752 2583 3805 ἐν
2627 3755 2748 3819 ταῖς
2802 3761 3320 3827 καταπεπτωκυίαις
3355 3765 3554 3829 οἰκίαις
3605 3783 3737 3836 συγ-

2156 3838 2603 3913 κατεχώσθησαν.
2630 3846 2769 3910 Τοὺς
2800 3849 3000 3920 φόρους
3038 3851 3095 3906 δὲ
3130 3851 3238 3906 τῶν
3276 3855 3731 3927 ὰπονεμηθεισῶν

2152 3934 2218 4002 τῇ
2264 3934 2592 4009 Κλεοπάτρᾳ.
2641 3938 2836 4010 χωρῶν
2891 3940 2951 4007 ἐξ
3001 3944 3256 4015 Ἀραϐίας
3308 3949 3404 4002 καὶ
3467 3948 3732 4014 Ἰουδαίας

2163 4023 2405 4094 Ἡρώδου
2428 4028 2870 4101 μισθωσαμένου,
2891 4034 2919 4085 ὁ
2941 4034 3125 4105 ’Δραψ
3144 4038 3269 4107 περὶ
3290 4039 3387 4111 τὴν
3406 4038 3501 4094 τοῦ
3517 4040 3728 4113 δασμοῦ

2152 4118 2458 4191 καταϐολὴν
2489 4122 2819 4192 ἠγνωμόνει.
2856 4122 3040 4195 Ἔγνω
3071 4122 3163 4182 οὖν
3197 4131 3227 4183 ὁ
3258 4130 3513 4201 βασιλεὺς
3543 4135 3729 4206 χωρῆο

2152 4223 2240 4261 σαι
2270 4210 2411 4262 κατὰ
2441 4210 2536 4264 τοῦ
2566 4213 2827 4285 Ἄραϐος,
2859 4219 2953 4270 καὶ
2974 4219 3067 4271 ὑπ’
3110 4219 3393 4276 Ἀντωνίου
3418 4223 3578 4278 τοῦτο
3607 4227 3731 4280 ἐπι-

2146 4301 2399 4369 τραπεὶς,
2434 4303 2526 4356 ιιαὶ
2560 4306 2854 4376 συμϐαλὼν
2897 4310 3181 4375 πολλάκις,
3228 4314 3537 4369 τελευταῖον
3575 4321 3723 4389 νικᾷ,

2149 4390 2246 4442 καὶ
2278 4395 2602 4460 προστατεῖν
2631 4396 2725 4451 τοῦ
2754 4396 2939 4463 ἔθνους
2970 4401 3074 4455 ὑπὸ
3099 4402 3208 4457 τῶν
3245 4405 3490 4476 Ἀράϐων
3530 4410 3724 4481 ᾑρέθη.

473 4462 585 4515 rari
616 4468 854 4530 poterat,
878 4477 1004 4515 cum
1035 4462 1091 4516 in
1117 4471 1266 4517 tanta
1285 4464 1510 4520 Antonii
1541 4468 1804 4535 amicitia,
1836 4470 2042 4524 nullam

2157 4481 2260 4536 Καὶ
2287 4484 2628 4557 ὑπέστρεψεν
2653 4489 2734 4553 είς
2754 4492 2824 4545 τὰ
2849 4460 3046 4561 οἰκεία,
3079 4497 3224 4565 μέγα
3247 4460 3338 4552 διά
3365 4498 3433 4553 τὰ

471 4567 504 4607 a
537 4551 748 4607 Caesare
774 4553 983 4608 cladem
1015 4564 1386 4624 accepturum.
1416 4556 1551 4613 Cum
1575 4569 1758 4615 autem
1783 4561 1895 4630 jam
1920 4571 2046 4618 ante

471 4647 528 4700 in
561 4650 747 4702 animo
791 4647 1097 4715 habuisset,
1147 4649 1456 4720 Hyrcanum
1494 4667 1524 4706 e
1566 4651 1748 4706 medio
1801 4653 2042 4709 tollere:

472 4748 588 4796 tum
612 4741 784 4811 magis
809 4742 974 4795 etiam
1008 4741 1062 4797 id
1090 4743 1381 4797 consilium
1413 4745 1701 4815 probabat,
1732 4762 1801 4802 ne
1832 4747 1916 4800 vir
1951 4763 2045 4801 su-

469 4843 718 4902 peresset
753 4849 924 4904 regno
960 4850 1016 4889 se
1041 4835 1280 4907 dignior,
1315 4837 1481 4907 idque
1513 4839 1607 4892 tali
1639 4855 1769 4894 casu
1799 4849 1883 4895 est
1913 4855 2045 4895 con-

469 4926 769 4979 ﬁrmatum.
822 4924 956 4979 Nam
1006 4927 1356 4993 Alexandra,
1415 4929 1764 4985 contentiosa
1815 4931 2043 4986 mulier-

464 5016 624 5082 cula,
677 5030 786 5070 non
865 5018 1018 5087 prius
1055 5033 1251 5089 urgere
1314 5028 1527 5091 patrem
1578 5020 1809 5088 destitit,
1857 5030 1918 5076 ut
1971 5023 2041 5077 ad

465 5109 736 5164 Malchum
755 5110 994 5165 Arabum
1013 5112 1317 5183 principem
1336 5113 1677 5184 confugeret,
1697 5115 2039 5185 quamjprin-

461 5199 607 5268 cipio
641 5199 1004 5269 refragantem
1036 5201 1275 5272 denique
1305 5204 1637 5272 impulisset,
1661 5212 1722 5257 ut
1756 5221 1855 5275 per
1888 5207 2038 5260 litte-

461 5305 551 5344 ras
580 5291 649 5344 ab
681 5292 774 5345 illo
805 5308 861 5346 se
886 5293 1089 5364 suscipi
1128 5304 1360 5363 peteret.
1394 5296 1464 5349 iis
1487 5295 1749 5351 Dositheo
1777 5297 1956 5353 amico
1979 5308 2038 5353 ut

464 5398 733 5454 perterret
757 5389 918 5444 datis.
950 5389 1001 5445 ls
1030 5405 1160 5445 vero
1193 5405 1317 5444 cum
1348 5390 1637 5459 epistolam
1684 5390 1883 5447 Herodi
1921 5404 2034 5449 tra-

462 5477 709 5544 didisset,
740 5483 930 5552 jussus
957 5491 1042 5537 est
1071 5497 1135 5536 ca
1171 5482 1236 5536 ad
1260 5481 1530 5537 Malchum
1553 5483 1784 5553 perlata,
1810 5500 2034 5556 respon-

461 5584 581 5625 sum
610 5572 756 5635 illius
796 5575 1022 5631 afferre.
1072 5574 1192 5641 Quo
1238 5590 1338 5645 per
1381 5576 1707 5633 Dositheum
1756 5580 2029 5647 confecto,

460 5665 745 5736 rescripsit
794 5667 993 5732 Arabs,
1028 5681 1086 5723 se
1119 5676 1176 5722 et
1218 5668 1532 5739 Hyrcanum
1575 5677 1632 5723 et
1660 5685 1853 5726 omnes
1882 5673 2032 5726 illius

457 5760 793 5817 necessarios
818 5774 941 5816 esse
973 5768 1349 5830 recepturum.
1389 5761 1464 5815 Ea
1502 5761 1735 5832 epistola
1779 5772 2025 5836 recepta,

2147 4571 2367 4643 ϐήματα
2413 4579 2757 4648 κτησάμενος
2809 4581 3002 4652 ὄνομα,
3065 4585 3158 4637 καὶ
3220 4588 3572 4659 φρονήματος
3623 4591 3727 4661 ἔμ-

2146 4664 2346 4728 πλεως.
2380 4668 2541 4738 ’Ἄρτι
2568 4668 2626 4722 δὲ
2670 4672 2948 4742 Καίσαρος
2991 4675 3082 4727 τὸν
3116 4677 3401 4732 ’Λντώνιον
3435 4682 3495 4733 ὲν
3521 4681 3725 4751 ’Δκτίῳ

2147 4756 2298 4827 μάχῃ
2332 4760 2674 4830 νικήσαντος,
2721 4761 2936 4836 Ἡρώδῃ
2974 4765 3043 4819 τά
3078 4768 3381 4839 πράγματα
3422 4770 3724 4847 τεθορύϐη-

2142 4862 2223 4911 το,
2253 4848 2285 4916 ἢ
2317 4850 2411 4903 καὶ
2434 4850 2753 4921 ἀπέγνωστο
2787 4854 2984 4910 τέλεον.
3016 4858 3090 4911 Οὐ
3114 4858 3220 4931 γάρ
3247 4855 3314 4931 ἦν
3347 4863 3499 4926 ἐλπὶς
3525 4867 3722 4921 τοσαύ-

2142 4954 2243 5009 της
2297 4940 2445 5031 αὑτῷ
2501 4944 2637 5012 πρὸς
2683 4945 2968 5001 Ἀντώνιον
3014 4950 3201 5017 φιλίας
3255 4956 3579 5027 γενομένης,
3641 4960 3719 5031 μὴ

2142 5029 2458 5101 κακωθῆναι
2494 5033 2598 5086 ὑπὸ
2631 5035 2727 5088 τοῦ
2756 5037 3052 5109 Καίσαρος.
3070 5042 3311 5114 Ἡρώδης
3344 5046 3424 5109 δι.
3455 5047 3546 5100 τὸν
3589 5029 3721 5122 Ὑρζ

2144 5125 2306 5177 κανὸν
2343 5126 2407 5178 ἐκ
2443 5128 2609 5197 μέσου
2656 5130 2882 5201 ποιῆσαι
2921 5136 3321 5206 διανοούμενος,
3350 5140 3471 5193 τότε
3508 5144 3716 5213 μᾶλλον

2141 5211 2277 5284 ᾤετο
2306 5217 2606 5309 συμφέρειν
2646 5219 2794 5291 αὐτῴ
2829 5223 2929 5294 τὴν
2957 5227 3293 5300 ἐγχείρησιν,
3343 5231 3429 5285 τνα
3460 5211 3537 5306 μη
3574 5235 3714 5309 ἀνὴρ

2140 5308 2521 5376 περισώζοιτο,
2552 5314 2733 5380 τυχεῖν
2765 5313 2865 5383 τῆς
2895 5314 3173 5385 βασιλείας
3200 5323 3367 5376 αὐτοῦ
3392 5326 3711 5397 ἀξιώτερος.

2151 5398 2395 5471 Ἡρώδης
2427 5402 2528 5472 μὲν
2577 5402 2671 5457 οὖν
2717 5405 2859 5459 οὕτω
2899 5407 3207 5482 διανενόητο
3235 5430 3250 5445 ·
3294 5414 3517 5484 ἠρέθισε
3560 5417 3618 5469 δέ
3660 5435 3714 5471 τι

2138 5492 2351 5560 συμϐὰν
2373 5495 2510 5563 πρὸς
2543 5495 2641 5565 τὴν
2666 5498 2865 5565 πρᾶξιν
2894 5501 3053 5554 πλέον
3080 5503 3346 5558 αὐτόν.Ἦ
3374 5505 3481 5575 γάρ
3524 5506 3712 5574 Ἀλεξ-

2133 5582 2326 5655 άνδρα,
2400 5583 2703 5652 φιλόνεικον
2761 5588 3083 5660 ὑπάρχουσα
3129 5594 3370 5662 γύναιον,
3419 5598 3520 5650 οὐκ
3567 5600 3712 5653 ἀνίει

2134 5673 2502 5728 ἀναπείθουσα
2543 5677 2633 5733 τὸν
2665 5681 2896 5753 πατέρα,
2943 5683 3151 5756 Μάλχῳ
3190 5690 3589 5759 προσχωρῆσαι
3632 5690 3711 5764 τῷ
3818 5714 3821 5717 ·

2132 5769 2228 5839 τὴν
2253 5767 2516 5838 ’Δραϐίαν
2548 5769 2746 5841 ἔχοντι.
2788 5774 2847 5828 '0
2867 5775 2922 5829 δὲ
2952 5778 3166 5848 πρῶτον
3195 5780 3295 5851 μὲν
3317 5782 3561 5836 διωθεῖτο
3584 5785 3712 5849 τοὺς
