4002 6250
262 331 378 392 ιεο

1543 323 1947 384 ANNALIUM
1998 325 2146 390 LIB.
2187 327 2255 386 ν.

3433 327 3539 390 430

260 446 378 500 ὶῶν
405 442 568 514 μόνον
600 441 841 508 ἐγίνοντο
867 438 1044 508 φόνοι,
1073 437 1206 490 ἄλλα
1235 439 1330 490 καὶ
1349 435 1458 489 τῶν
1491 439 1854 505 ἀναγκαιοτὰο

1971 452 2062 491 sus
2085 438 2286 507 populo
2323 437 2542 492 turbato
2570 447 2624 493 et
2643 438 2942 502 concitato.
2960 437 3108 494 cives
3132 438 3322 494 decem
3349 444 3542 512 Cottju-

264 556 377 590 των
412 534 584 604 φίλων
619 531 786 586 αὑτοῦ
846 530 1153 600 Παρέϐαινε
1191 529 1248 582 δὲ
1283 530 1378 583 καὶ
1410 529 1478 583 τὰ
1513 528 1610 599 ἔθη
1641 533 1708 582 τα
1745 531 1855 583 πά-

261 645 418 698 τρια,
451 628 547 678 καὶ
589 625 804 691 ξενικοϊι
863 623 1263 692 ἐπιτηδεύμασι
1296 621 1578 694 διέφθειρε
1617 625 1712 692 τὴν
1751 623 1854 675 πά-

262 721 360 775 λαι
411 719 776 772 κατάστασιν.
830 716 970 783 Πρὸς
1007 715 1042 768 ἃ.
1083 715 1140 768 τὺ
1181 715 1384 776 πλῆθος
1439 714 1750 785 τετάρακτό
1798 733 1858 769 τε

267 815 370 867 καὶ
400 810 754 880 ἐχαλέπαινε.
786 808 930 861 Δέκα
990 808 1046 860 δὲ
1078 807 1270 874 ἄνδρες
1317 807 1428 858 τῶν
1467 809 1701 860 πολιτῶν
1736 827 1859 862 συνο

268 905 652 976 ωμοσάμενοι,
687 902 786 955 καὶ
817 901 1024 968 ξιφίδια
1055 904 1163 962 τοῖς
1195 901 1434 971 ἱματίοις
1469 902 1866 968 ὑποϐαλόντες,

266 1000 350 1062 εἰς
375 999 436 1051 τὸ
460 999 690 1066 θέατρον
713 996 954 1065 ἐχώρουν
983 997 1086 1047 ἀπὸ
1112 995 1485 1064 συνθήματος,
1511 996 1542 1064 ἦ
1573 998 1666 1049 καὶ
1695 997 1860 1049 αὑτὸν

266 1095 360 1146 τὸν
403 1091 658 1160 Ἡρῴδην
690 1091 1136 1160 διαχρησόμενοι,
1169 1090 1200 1157 ἢ
1228 1089 1366 1151 τέως
1388 1089 1497 1141 τῶν
1531 1092 1660 1158 περὶ
1713 1089 1857 1140 ἐκεῖ·

267 1203 361 1240 νον
394 1181 649 1245 πολλούς.
693 1181 1048 1252 Φωραθέντες
1080 1181 1158 1244 δὲ,
1193 1183 1290 1233 καὶ
1323 1182 1448 1250 μήτ’
1483 1181 1863 1251 ἀρνησάμενοι

267 1280 330 1331 τὸ
361 1277 662 1347 βούλευμα,
699 1275 837 1328 ἀλλά
863 1277 958 1327 καί
986 1275 1056 1326 τα
1087 1274 1219 1342 ξίφη
1243 1273 1654 1338 ἀναδείξαντες,
1680 1276 1860 1326 πᾶσαν

269 1374 459 1426 αἰκίαν
495 1371 899 1437 ὑπομείναντες
949 1368 1350 1438 διεφθάρησαν.
1387 1366 1490 1419 Τόν
1541 1367 1599 1419 δὲ
1631 1365 1862 1428 τούτους

273 1458 761 1528 καταμηνύσαντα
817 1459 957 1526 μετὰ
1011 1457 1206 1526 μικρόν
1241 1474 1385 1519 τινες
1429 1458 1860 1527 διαρπάσαντες,

273 1554 368 1604 καὶ
398 1550 613 1617 μελιστὶ
650 1549 949 1610 διελόντες,
984 1549 1144 1600 κυσὶν
1178 1548 1503 1617 ἐπέρριψαν.
1550 1548 1656 1609 Ob;
1692 1549 1861 1617 εὑρη-

271 1643 382 1705 κὼς
425 1641 691 1710 Ἡρώδης,
731 1639 1117 1709 ἐτιμωρήσατο
1150 1640 1390 1691 πανοικί.
1427 1639 1490 1691 'll
1518 1639 1573 1691 δὲ
1603 1638 1698 1692 τοῦ
1725 1641 1866 1710 πλή-

271 1737 400 1800 θους
429 1737 586 1805 μῆνις
622 1733 877 1801 ἐπέμενε.
910 1731 1121 1799 Συνέϐη
1144 1731 1200 1784 δὲ
1225 1733 1368 1784 κατᾶ
1401 1731 1499 1802 τὴν
1535 1732 1720 1803 χώραν
1740 1734 1863 1784 τότε

275 1829 432 1898 πάθη
495 1827 799 1889 δεινότατα,
865 1825 1021 1894 λιμός
1075 1843 1133 1877 τε
1184 1826 1278 1877 καὶ
1325 1825 1479 1887 νόσος
1508 1842 1600 1891 σω,
1633 1825 1776 1878 ἀτων
1805 1823 1864 1890 ἐξ

269 1919 577 1990 ἀσυνήθους
602 1919 840 1987 διαίτης,
872 1917 942 1970 δι’
970 1917 1180 1970 ἔνδειαν
1210 1917 1400 1970 σιτίων
1431 1918 1748 1986 γινομένης,
1769 1919 1864 1973 καὶ

269 2015 368 2066 ἐπὶ
392 2012 611 2073 τούτοις
645 2013 777 2063 πᾶσι
806 2009 1018 2079 λοιμός.
1051 2009 1302 2081 Ἡρώδης
1327 2009 1384 2063 δὲ
1420 2009 1495 2079 τῷ
1530 2010 1709 2080 καιρῷ
1733 2011 1862 2080 βοη-

271 2109 385 2159 θεῖν
411 2103 893 2176 προθυμούμενος,
929 2101 1054 2154 οὗτε
1105 2103 1404 2172 χρημάτων
1436 2103 1692 2173 ηὐπόρει,
1731 2120 1866 2172 προ-

270 2199 672 2259 καταναλὼσας
722 2198 867 2248 αὐτὰ
916 2193 987 2248 δι’
1017 2195 1278 2258 ἐπίδειξιν
1333 2197 1414 2258 είς
1471 2195 1682 2248 πόλεων
1737 2197 1864 2248 ἐπι-

271 2293 500 2356 σκευὰς,
560 2289 687 2344 οὔτε
721 2290 778 2341 αἱ
837 2288 1244 2358 πλησιάζουσαι
1309 2288 1487 2359 χῶραι
1522 2291 1668 2340 σῖτον
1691 2283 1861 2357 εἶχον,

267 2387 370 2454 τῆς
423 2383 597 2451 ait-1i};
648 2381 856 2444 ἐνδείας
915 2382 1015 2434 καὶ
1048 2383 1104 2433 ὲν
1137 2381 1378 2444 ἐκείναις
1427 2379 1858 2450 ἐπικρατούσης.

267 2478 424 2538 Τέως
476 2475 556 2537 δὲ,
589 2474 663 2536 ὡς
695 2475 760 2525 ἂν
791 2473 1010 2526 δύναιτο
1042 2471 1258 2543 βοηθεῖν
1289 2469 1570 2540 ἐγνωκὼς,
1602 2471 1694 2524 τὸν
1733 2471 1864 2524 ὄντα

268 2568 418 2622 κατὰ
467 2569 535 2620 τΞι
595 2566 848 2634 βασίλεια
909 2570 1119 2634 κόσμον
1153 2565 1434 2633 συγκόψας
1483 2567 1564 2626 εἰς
1593 2563 1862 2634 νόμισμα,

269 2661 527 2730 ἔπεμπεν
560 2663 638 2721 εἰς
669 2662 971 2726 Αἴγυπτον,
1004 2662 1092 2710 καί
1131 2659 1276 2710 σῖτον
1306 2657 1521 2709 ἐκεῖθεν
1547 2655 1761 2709 ὠνεῖτο.
1789 2649 1864 2710 Οὗ

270 2752 657 2820 κομισθέντς,
684 2754 794 2812 τιῖς
823 2752 922 2819 μὲν
951 2751 1277 2819 δυναμένοις
1303 2749 1370 2802 δι’
1397 2748 1610 2802 ἑαυτῶν
1643 2751 1713 2802 τὰ
1739 2751 1866 2820 περὶ

267 2847 372 2910 τὰς
423 2847 634 2916 τροφὰς
695 2847 950 2900 ἐκπονεῖν
1009 2847 1158 2896 σῖτον
1226 2843 1540 2913 διένειμεν·
1597 2843 1649 2896 οἳ
1685 2843 1742 2896 δὲ
1777 2843 1866 2897 διὰ

271 2941 455 3010 Υῆίθας
503 2940 536 3010 ἢ
563 2939 637 2992 δι’
679 2940 876 3010 ἑτέραν
900 2938 1190 2990 ἀσθένειαν
1213 2937 1312 3006 οὐχ
1345 2932 1531 2990 οἷοίτε
1566 2932 1706 3008 ἦσαν
1737 2939 1868 2990 έλυ-

281 3036 398 3096 τοῖς
419 3031 732 3100 ἑτοιμάζειν
766 3030 936 3096 σιτία,
977 3029 1186 3082 τούτων
1217 3028 1470 3098 προύνόει
1507 3032 1865 3097 καταστήσας

273 3125 639 3194 ἀρτοποιοὺς,
671 3122 766 3175 καὶ
813 3121 908 3183 τὰς
965 3120 1169 3190 τροφὰς
1219 3119 1468 3188 ἑτοίμους
1501 3119 1742 3190 πορίζων
1770 3120 1866 3174 αὖ·

271 3219 412 3280 τοῖς.
453 3214 643 3269 Ταῦτα
678 3214 734 3267 δὲ
764 3215 825 3266 οὑ
864 3213 1026 3282 μόνον
1055 3213 1154 3274 τὰς
1185 3215 1411 3283 γνώμας
1454 3212 1722 3283 μετέϐαλε
1757 3211 1868 3264 τῶν

274 3308 406 3378 πρὶν
435 3307 876 3378 χαλεπαινόντων
902 3303 1075 3373 αὐτῷ,
1129 3301 1268 3356 ἀλλὰ
1331 3305 1425 3356 καὶ
1478 3303 1616 3372 πρὸς
1648 3301 1866 3356 εὔνοιαν

273 3401 448 3462 αὑτὰς
502 3398 900 3468 μετεστήσατο.
960 3399 1072 3450 Καὶ
1127 3393 1274 3448 οὕτω
1334 3394 1682 3448 κακωθεῖσαν
1715 3395 1866 3466 αύτῷ

273 3493 734 3560 ἀνακτησάμενος
761 3490 860 3559 τὴν
883 3489 1078 3561 ἁρχὴν,
1109 3489 1208 3559 οὐχ
1236 3483 1401 3560 ἦττον
1419 3491 1514 3540 καὶ
1541 3489 1669 3551 τοὺς
1705 3487 1865 3558 πέριξ

273 3583 735 3656 δυσπραγοῦντας
771 3582 970 3651 ιπίσης
1003 3582 1100 3650 τῆς
1153 3581 1443 3651 συμφορᾶς
1473 3580 1866 3648 ἐπεκούφισεν,

275 3675 421 3729 ὥστε
465 3673 724 3742 γενέσθαι
775 3673 904 3735 τοὺς
961 3671 1064 3742 μὲν
1115 3669 1223 3736 ἔξω
1276 3673 1373 3742 τῆς
1405 3672 1581 3742 ἀρχῆς
1609 3671 1868 3734 δοθέντας

277 3770 431 3824 σίτου
467 3770 668 3839 κόρους
706 3769 958 3838 μυρίους.
1011 3768 1137 3830 τοὺς
1168 3766 1225 3818 δὲ
1259 3767 1338 3828 είς
1373 3766 1476 3836 τήν
1511 3763 1678 3817 αὑτοῦ
1713 3763 1868 3834 βασι-

274 3863 429 3916 λείαν
464 3861 599 3930 περὶ
653 3859 1150 3931 ὀκτακισμυρίους.
1216 3859 1274 3911 ὐ
1317 3858 1375 3912 δᾰ
1431 3859 1590 3928 κόρος
1641 3858 1868 3911 δύναται

275 3957 424 4009 κατὰ
453 3955 546 4010 τὸν
577 3953 844 4024 Ἰώσηπον
911 3955 1207 4024 μεδίμνους
1243 3952 1497 4013 ἀττικοὺς
1521 3950 1676 4003 δέκα.
1697 3950 1871 4003 Τοῦτο

274 4047 345 4101 τὸ
394 4047 764 4117 φιλοτίμημα,
815 4046 912 4100 καὶ
955 4045 1017 4098 τὸ
1043 4046 1142 4114 τῆς
1203 4044 1426 4115 χάριτος
1459 4041 1741 4113 εὔκαιρον,
1775 4043 1874 4095 καὶ

274 4145 401 4206 τοὺς
440 4141 730 4204 Ἰουδαίους
757 4143 840 4202 εἰς
872 4141 1095 4210 ἀγάπην
1120 4138 1180 4204 ἐξ
1211 4137 1511 4208 ἀπεχθείας
1539 4139 1870 4206 μετήνεγκε,

279 4239 378 4290 καὶ
413 4233 704 4306 πειρατῶν
744 4231 946 4297 ἔξωθεν
996 4231 1148 4301 αύτῷ
1179 4229 1554 4301 προύξένησεν
1592 4227 1871 4282 εύκλειαν.

280 4331 324 4382 1]
335 4325 843 4398 ροσκατειργάσατο
871 4324 929 4377 δὲ
963 4326 1058 4376 καὶ
1089 4324 1266 4393 γάμον
1293 4323 1475 4392 ἑαυτῷ
1504 4319 1565 4387 ἐξ
1595 4321 1872 4391 ἐρωτικῆς

281 4422 605 4488 ἐπιθυμίας.
652 4419 856 4488 Ἰερεὺς
890 4417 999 4487 γάρ
1024 4434 1103 4479 τις
1133 4417 1317 4486 Σίμων
1353 4417 1410 4469 ἐν
1465 4416 1871 4485 Ἰεροσολύμοις

1961 535 2090 594 rati,
2119 533 2261 585 sicas
2289 533 2392 586 sub
2420 533 2660 586 vesdbus
2681 541 2981 604 gestantes,
3000 533 3275 588 theatrum
3297 550 3361 588 ex
3393 552 3540 589 cotu-

1959 623 2142 693 posito
2173 623 2570 693 iugrcssisunt,
2590 626 2671 680 vel
2701 625 2881 695 ipsqu
2911 623 3204 690 Herodem,
3229 626 3312 680 vel
3335 628 3544 681 satelli-

1961 723 2077 766 tum
2111 713 2229 781 ejus
2256 715 2458 769 mullos
2486 715 2844 770 interfecturi.
2883 715 3154 771 Caeterum
3187 717 3540 787 deprehensi,

1961 822 2061 858 nec
2085 806 2309 858 iuliciati
2345 807 2640 860 consilium
2678 823 2864 870 suum,
2899 808 2993 862 sed
3028 819 3084 863 et
3120 810 3252 864 sicis
3290 811 3540 880 prolatis.

1978 898 2112 950 ,mni
2165 897 2423 967 supplicii
2463 913 2665 962 genere
2705 901 2938 952 tolerato
2976 900 3280 968 perierunt.
3325 901 3544 956 Delato-

1959 1004 2072 1042 rem
2116 1006 2246 1044 vero
2275 992 2498 1060 quidam
2547 993 2710 1060 paulo
2742 1003 2864 1062 post
2896 996 3243 1048 membratim
3280 995 3544 1066 discerp-

1963 1097 2080 1143 tum
2120 1091 2353 1145 canibus
2386 1092 2733 1161 objecerunt.
2797 1091 2905 1145 Eos
2953 1089 3196 1144 Herodes
3231 1103 3548 1159 compertos

1961 1197 2087 1236 cum
2133 1184 2286 1236 orttni
2339 1183 2547 1238 familia
2598 1185 2747 1238 ultus
2790 1193 2895 1248 est,
2935 1183 3312 1253 indignatione
3358 1182 3546 1252 populi

1965 1275 2110 1328 haud
2133 1276 2436 1346 quidquam
2462 1275 3184 1346 imminuta.0ppresserunt
3201 1285 3383 1330 autem
3405 1275 3544 1328 mala

1959 1368 2288 1436 gravissima
2321 1369 2591 1434 Judaeum,
2633 1371 2824 1434 fames,
2864 1379 2920 1422 et
2950 1369 3178 1422 morbus
3205 1384 3272 1423 ex
3306 1369 3446 1422 cibis
3476 1368 3548 1422 ob

1965 1461 2252 1532 penuriam
2287 1462 2544 1525 insolitis,
2573 1475 2628 1516 et
2660 1463 2973 1532 pestilentia
3005 1461 3268 1532 denique.
3304 1461 3551 1517 llerodes

1961 1556 2059 1625 qui
2093 1571 2253 1624 opem
2289 1555 2432 1610 ferre
2467 1556 2556 1610 tali
2599 1565 2848 1625 tempore
2881 1565 3130 1625 cuperet,
3165 1572 3289 1610 cmn
3319 1557 3550 1624 pecunia

1963 1648 2382 1708 destitueretur.
2429 1666 2592 1718 quam
2629 1665 2723 1717 per
2770 1648 3196 1702 ostentationem
3228 1648 3282 1701 in
3320 1647 3552 1702 urbibus

1968 1741 2350 1796 instaurandis
2406 1742 2800 1811 insumpserat,
2860 1756 2959 1794 nec
3017 1739 3262 1794 ﬁnitima:
3299 1740 3553 1809 regiones

1966 1832 2305 1888 frumentum
2343 1833 2637 1897 haberent,
2677 1833 2867 1888 eadem
2903 1833 3089 1902 inopia
3125 1833 3552 1888 conﬁictantcs:

1969 1935 2150 1980 tamen
2193 1938 2246 1980 ut
2289 1942 2390 1996 pro
2438 1927 2583 1981 virili
2620 1941 2779 1996 opem
2836 1926 3030 1992 ferret,
3068 1942 3133 1980 ex
3169 1936 3366 1982 ornatu
3403 1926 3554 1996 regio

1967 2019 2250 2088 percussis
2281 2019 2542 2086 nummis,
2582 2019 2636 2073 iu
2674 2018 2910 2090 Aigypto
2939 2034 3216 2074 annonam
3274 2032 3554 2074 mercatus

1965 2120 2090 2165 est:
2127 2127 2236 2180 qua
2289 2112 2475 2177 allata,
2512 2113 2578 2166 iis
2628 2112 2721 2181 qui
2772 2113 2873 2182 ipsi
2921 2112 3077 2166 cibos
3125 2112 3230 2167 sibi
3277 2113 3554 2166 conﬁcere

1969 2214 2242 2272 poterant,
2274 2204 2608 2258 frumentum
2647 2206 2875 2276 largitus
2901 2215 3008 2260 est.
3039 2205 3144 2272 Qui
3179 2221 3311 2261 vero
3354 2207 3443 2261 vel
3481 2206 3553 2262 ob

1967 2303 2272 2361 senectam,
2324 2298 2406 2352 vel
2458 2312 2526 2351 ex
2571 2296 2677 2351 alia
2727 2297 3108 2352 imbecillitate
3142 2297 3196 2352 id
3238 2313 3349 2352 non
3398 2308 3556 2368 pote-

1969 2398 2116 2453 rant,
2142 2405 2336 2445 eorum
2363 2391 2634 2445 rationem
2661 2390 2877 2455 habuit,
2908 2391 3213 2460 pistoribus
3238 2390 3552 2457 conductis,

1967 2482 2063 2551 qui
2097 2482 2254 2546 cibos
2273 2483 2358 2538 eis
2387 2491 2609 2554 paratos
2633 2483 2925 2538 oﬁ‘errent.
2959 2483 3085 2539 Haec
3122 2485 3339 2540 animos
3361 2499 3556 2539 eorum

1967 2577 2062 2642 qui
2100 2576 2252 2645 prius
2289 2578 2364 2631 illi
2403 2579 2825 2643 succensehaut,
2871 2594 2980 2631 non
3015 2577 3180 2632 modo
3209 2577 3554 2646 mitigarunt,

1968 2667 2064 2721 sed
2097 2666 2164 2719 ad
2215 2666 2653 2723 benevolentiam
2689 2684 2910 2738 quoque
2941 2668 3332 2723 traduxerunt.
3363 2669 3557 2739 Regulo

1969 2772 2072 2812 ειιυ
2104 2756 2306 2810 atﬂiclo
2339 2760 2421 2812 sic
2456 2757 2783 2822 refocillato,
2823 2757 3184 2812 ﬁnitimorum
3233 2772 3339 2812 non
3376 2756 3559 2812 minus

1969 2848 2337 2903 laborantium
2369 2851 2736 2906 calamitatem
2769 2866 2836 2905 ex
2863 2865 3022 2920 aequo
3046 2849 3376 2913 sublevavit,
3401 2859 3558 2905 extra

1969 2959 2201 3015 regnum
2236 2945 2426 2999 decies
2458 2946 2629 3009 mille,
2665 2944 2718 2998 in
2768 2945 2888 3014 ipso
2917 2960 3086 3013 regno
3133 2945 3376 3014 octogies
3409 2945 3559 2998 mille

1970 3052 2132 3092 coros
2183 3037 2491 3093 dimensus.
2529 3038 2793 3093 Continet
2849 3047 3034 3092 autem
3088 3052 3278 3102 corus,
3329 3045 3560 3092 auctore

1971 3128 2234 3199 Josepho,
2267 3145 2300 3182 κ
2340 3128 2650 3183 medimnos
2688 3127 2926 3182 Atticos.
2973 3129 3047 3183 Ea
3092 3128 3395 3182 liberalitas
3423 3137 3561 3182 tam-

1974 3234 2083 3290 que
2135 3229 2444 3289 opportuna
2497 3217 2879 3277 beneﬁcentia.
2913 3224 2970 3272 et
3023 3216 3184 3289 242
3225 3215 3446 3270 Iudaeos
3489 3230 3559 3270 ex

1974 3309 2218 3364 iuimics
2257 3310 2466 3364 amitos
2512 3309 2564 3364 ei
2606 3309 2873 3374 reddidit,
2925 3317 2983 3364 et
3010 3309 3153 3378 apud
3189 3317 3408 3362 exteros
3442 3306 3560 3377 glo-

1976 3405 2117 3458 riam
2171 3403 2515 3458 conciliavit.
2566 3401 2873 3456 Adornavit
2901 3401 3008 3457 sibi
3062 3415 3284 3471 quoque
3317 3401 3556 3468 nuptias,

1976 3497 2185 3552 amoris
2215 3495 2479 3566 impulsu.
2509 3493 2644 3548 Nam
2681 3493 2870 3548 Simon
2904 3492 3130 3562 quidam
3163 3492 3562 3562 Hierosolymi-

1979 3599 2145 3646 tanus
2169 3591 2430 3646 sacerdos
2461 3589 2628 3642 ﬁliam
2670 3588 2862 3642 habuit
2889 3589 3368 3652 formosissimam,
3399 3589 3563 3658 cujus

1975 3683 2167 3753 lepore
2192 3692 2407 3752 captus,
2444 3683 2573 3751 quia
2611 3690 2767 3750 pater
2790 3681 2861 3735 ob
2887 3681 3253 3735 humil-tatem
3282 3689 3448 3734 tantae
3479 3681 3564 3734 af-

1977 3775 2175 3829 ﬁnitati
2209 3773 2434 3826 minime
2472 3787 2570 3840 par
2590 3780 2733 3836 erat,
2764 3770 3147 3840 pontiﬁcatum
3181 3771 3312 3825 Jesu
3343 3771 3564 3826 Fabetis

1979 3866 2114 3925 ﬁlio,
2146 3879 2177 3917 a
2227 3878 2338 3932 quo
2392 3870 2506 3914 tttm
2563 3860 2879 3930 gerebatur,
2927 3861 3266 3930 ademptum,
3306 3861 3360 3915 in
3408 3861 3563 3917 illum

1977 3955 2234 4019 contulit,
2268 3964 2323 4009 et
2355 3953 2522 4007 ﬁliam
2567 3956 2688 4024 ejus
2722 3954 2896 4007 duxit.
2932 3952 3067 4008 Cum
3115 3963 3299 4006 autem
3331 3954 3381 4007 ei
3412 3953 3564 4008 domi

1977 4049 2161 4104 omnia
2189 4063 2253 4102 ex
2283 4048 2558 4101 sententia
2593 4024 2990 4105 succederent?
3007 4047 3172 4100 etiam
3199 4045 3335 4101 foris
3359 4062 3417 4100 se
3447 4063 3566 4100 mu-

1979 4141 2104 4206 niit,
2140 4148 2254 4191 tum
2289 4138 2454 4191 urbes
2500 4138 2732 4191 cmuiter
2784 4136 3096 4202 tractando,
3149 4147 3264 4192 tum
3301 4139 3566 4210 dynastas

1979 4231 2176 4286 oliit-iis
2217 4227 2588 4299 adiungendo,
2641 4237 2704 4282 ut
2760 4242 2845 4281 res
2883 4228 3005 4297 ejus
3067 4227 3313 4297 undique
3382 4228 3566 4281 incre-

1981 4333 2166 4378 menta
2198 4330 2483 4391 caperent.
2519 4321 2720 4376 Verum
2761 4321 3066 4375 ambitione
3100 4320 3213 4385 illa,
3247 4331 3303 4375 et
3332 4320 3568 4376 Caesaris

1979 4433 2042 4471 ac
2077 4415 2588 4486 potentissimorum
2629 4414 3004 4467 Romanorum
3042 4414 3196 4466 cultu
3248 4421 3414 4482 atque
3465 4413 3567 4466 ob-

280 4513 562 4582 θυτατέρα
611 4509 726 4581 εἶχε
763 4510 1062 4580 καλλίστην
1086 4527 1101 4542 ·
1153 4509 1411 4580 ταύτηςό
1459 4508 1709 4580 Ἡρώδης
1735 4504 1865 4581 ἦκεν

1981 4509 2259 4566 servantia
2296 4508 2478 4568 liebat.
2508 4515 2566 4559 ut
2603 4515 2854 4575 receptos
2888 4522 3070 4560 mores
3099 4517 3154 4559 et
3190 4507 3366 4575 patria
3411 4505 3569 4561 iusti-

281 4609 592 4678 εῖςέρωτα.
634 4609 827 4668 Ὄντος
881 4605 940 4658 δὲ
985 4604 1081 4658 τοῦ
1119 4603 1368 4674 Σίμωνος
1419 4603 1702 4658 άνοικείου
1735 4603 1872 4672 πρὸς

280 4700 440 4772 κῆδο,
473 4700 544 4753 δι’
574 4700 814 4766 ἀδοξίαν,
839 4700 1159 4768 ἀφαιρεῖται
1192 4698 1289 4767 μὲν
1324 4695 1424 4768 τὴν
1463 4696 1762 4768 ἱερωσύνην
1783 4695 1874 4750 τόν

279 4796 487 4866 ταύτην
514 4795 706 4865 ἔχοντα
730 4795 874 4859 τότε,
899 4793 1111 4860 Ἰησοῦν
1136 4794 1228 4846 τὸν
1255 4792 1349 4846 τοῦ
1372 4791 1642 4862 Φάὸητος,
1683 4793 1875 4863 ἀρχιε-

283 4887 385 4952 ρέα
403 4885 459 4938 δὲ
488 4887 726 4938 ποιεῖται
755 4885 848 4937 τὸν
879 4886 1123 4953 Σίμωνα,
1148 4882 1246 4936 καὶ
1264 4881 1364 4954 τὴν
1395 4881 1564 4936 αὑτοῦ
1596 4881 1876 4953 θυγατέρα

283 4979 473 5047 γαμεῖ.
511 4975 738 5028 Πάντων
771 4976 830 5028 δὲ
856 4975 1008 5044 αύτῴ
1040 4975 1593 5044 προσκεχωρηκότων
1631 4975 1711 5037 είς
1753 4974 1873 5026 δέον

285 5067 677 5136 περιεϐάλλετο
703 5067 803 5135 τὴν
836 5066 1040 5130 ἔξωθεν
1075 5067 1405 5134 ἀσφάλειαν,
1456 5065 1645 5120 πόλεσί
1678 5083 1739 5118 τε
1785 5067 1873 5118 δε-

288 5157 413 5222 ξιῶς
441 5158 669 5227 ὁμιλῶν,
711 5161 806 5213 καὶ
852 5161 979 5222 τοὺς
1025 5159 1297 5221 δυνάστας
1329 5159 1676 5230 θεραπεύων,
1726 5155 1870 5210 ὥστε

287 5249 435 5321 αύτῷ
459 5251 642 5306 πάντα
675 5251 763 5304 διὰ
811 5252 1032 5306 πάντων
1061 5249 1348 5318 αὔξεσθαι.
1402 5251 1542 5303 Ὑπὸ
1568 5251 1624 5302 δὲ
1664 5249 1761 5320 τῆς
1791 5251 1872 5312 εἰς

1981 4613 2098 4658 tuta
2139 4602 2391 4664 violaret,
2431 4599 2662 4654 urbibus
2701 4599 3028 4662 eottdendis,
3081 4607 3137 4650 et
3189 4600 3411 4667 templis
3439 4601 3570 4651 anti-

1982 4695 2234 4756 ﬁcandis,
2268 4709 2376 4746 non
2405 4693 2630 4760 quidem
2661 4692 2714 4743 in
2743 4689 2950 4748 Judaea,
2991 4687 3086 4742 sed
3116 4689 3168 4742 in
3205 4691 3410 4745 exteris
3439 4706 3570 4760 pro-

1981 4787 2199 4842 vinciis.
2241 4784 2447 4841 Judzeis
2501 4797 2722 4852 quoque
2783 4795 2842 4836 se
2893 4782 3196 4836 excuSabat
3247 4782 3428 4836 facere
3473 4783 3568 4836 illa

1983 4899 2093 4937 non
2119 4889 2313 4948 suapte
2342 4887 2560 4946 sponte,
2598 4875 2690 4930 sed
2725 4891 2790 4929 ex
2830 4873 3125 4937 mandatis,
3151 4884 3206 4928 et
3249 4875 3301 4928 in
3333 4875 3566 4943 gratiam

1979 4981 2036 5026 et
2070 4971 2336 5022 honorem
2383 4966 2615 5020 Caesaris
2647 4976 2699 5017 et
2739 4963 3138 5017 Romanorum.
3187 4961 3319 5015 Nam
3361 4967 3422 5014 et’
3452 4969 3570 5012 sta-

1981 5073 2104 5118 tuas
2136 5058 2466 5124 collocabat,
2493 5069 2550 5114 et
2573 5059 2828 5126 exculpta
2860 5056 3122 5126 insignia,
3152 5065 3210 5110 et
3239 5053 3406 5107 urbes
3433 5067 3568 5107 cou-

1978 5153 2168 5213 debat,
2190 5158 2244 5204 et
2263 5157 2457 5220 portus
2478 5149 2692 5217 amplos
2718 5163 2782 5202 ac
2808 5159 2977 5210 tutos,
3006 5158 3062 5201 et
3079 5144 3257 5215 regias
3278 5157 3567 5212 sumptuo-

1979 5260 2092 5308 sas,
2129 5254 2187 5298 et
2212 5242 2356 5295 a-des
2391 5239 2731 5310 splendidas.

287 5345 445 5398 τοῦτο
474 5348 814 5418 φιλοτιμίας,
839 5349 934 5400 καὶ
970 5348 1072 5416 τῆς
1102 5346 1180 5410 είς
1205 5346 1467 5415 Καίσαρα
1493 5345 1587 5397 καὶ
1658 5344 1784 5406 τοὺς
1834 5342 1917 5405 είς
1958 5340 2216 5393 πλεῖστον
2279 5335 2620 5405 δυναμένους
2681 5333 2971 5402 Ῥωμαίων
3007 5327 3328 5399 θεραπείας,
3370 5326 3567 5383 καὶτὰ

287 5443 386 5515 ἔθη
414 5444 743 5516 παρέϐαινε,
781 5443 877 5497 καὶ
898 5443 966 5496 τά
995 5444 1203 5514 νόμιμα
1239 5441 1650 5512 παρεχάραττε,
1717 5439 1904 5502 πόλεις
1941 5453 2002 5490 τε
2039 5433 2260 5498 κτίζων,
2297 5430 2394 5483 καὶ
2447 5429 2611 5492 ναοὺς
2665 5429 2896 5499 ἐγείρων
2929 5427 3029 5479 οὐκ
3063 5428 3121 5477 ὲν
3159 5426 3226 5493 τῇ
3253 5425 3360 5476 τῶν
3421 5425 3559 5480 Ἰου-

284 5541 478 5604 δαίων,
500 5541 567 5611 τῇ
596 5539 641 5592 δ’
665 5538 771 5603 ἔξω
795 5538 971 5610 χώρᾳ,
1010 5536 1290 5600 Ἰουδαίοις
1316 5535 1415 5606 μὲν
1440 5531 1879 5601 ἀπολογούμενος
1923 5531 1987 5582 ὲκ
2039 5523 2484 5598 προσταγμάτων
2537 5519 2715 5574 ταῦτα
2781 5525 2979 5587 ποιεῖν,
3015 5522 3131 5575 ἀλλ’
3165 5522 3267 5576 οὐκ
3308 5521 3399 5591 ἀφ’
3427 5526 3561 5575 ὲαυ-

286 5635 408 5699 τοῦ,
441 5633 683 5702 Καίσαρι
720 5633 898 5686 δὲκαὶ
939 5631 1233 5702 Ῥωμαίοις
1274 5631 1507 5702 χάριτας
1545 5628 1726 5698 νέμων
1781 5623 1859 5694 τῷ
1907 5625 2002 5676 καὶ
2063 5620 2170 5675 τῶν
2209 5617 2460 5688 πατρίων
2507 5615 2781 5669 ἐκδαίνειν
2831 5615 2970 5667 ἐθῶν
3016 5615 3104 5670 διὲ
3173 5619 3272 5688 τὴν
3329 5617 3561 5672 ἐκείνων

287 5729 480 5799 τιμήν.
535 5725 858 5794 ’Δγάλματά
911 5741 968 5776 τε
1032 5725 1140 5793 γὰρ
1181 5724 1402 5786 ἀνίστα,
1454 5721 1550 5774 καὶ
1608 5718 1815 5780 τύπους
1879 5713 2386 5786 μεμορφωμένους,
2434 5710 2529 5762 καὶ
2590 5706 2774 5768 πόλεις
2804 5707 3116 5779 ᾠκοδόμει,
3169 5711 3264 5764 καὶ
3339 5709 3566 5780 λιμένας

292 5823 472 5893 εύρεῖς
519 5820 612 5874 καὶ
646 5815 978 5884 ἀκλύστους,
1028 5820 1121 5870 καὶ
1163 5816 1413 5887 βασίλεια
1445 5811 1740 5884 πολυτελῆ,
1781 5809 1877 5864 καὶ
1915 5809 2126 5873 δ.αίτας
2151 5807 2433 5879 λαμπράς.
