  <div class='ocr_page' id='page_1' title='image "/cluster/home/n/w/nwhite01/storage/ocr_20150623/134/mdp.39015032023197/225.png"; bbox 0 0 4002 6250; ppageno 0'>
   <div class='ocr_carea' id='block_1_1' title="bbox 511 338 619 403">
    <p class='ocr_par' dir='ltr' id='par_1_1' title="bbox 511 338 619 403">
     <span class='ocr_line' id='line_1_1' title="bbox 511 338 619 403; baseline 0.019 -2"><span class='ocrx_word' id='word_1_1' title='bbox 511 338 619 403; x_wconf 70' lang='grc'><strong>435</strong></span> 
     </span>
    </p>
   </div>
   <div class='ocr_carea' id='block_1_2' title="bbox 1772 333 2461 396">
    <p class='ocr_par' dir='ltr' id='par_1_2' title="bbox 1772 333 2461 396">
     <span class='ocr_line' id='line_1_2' title="bbox 1772 333 2461 396; baseline -0.009 0"><span class='ocrx_word' id='word_1_2' title='bbox 1772 334 2098 396; x_wconf 67' lang='grc' dir='ltr'><strong>ΙΟΑΧΝῘδ</strong></span> <span class='ocrx_word' id='word_1_3' title='bbox 2135 334 2282 394; x_wconf 86' lang='grc' dir='ltr'><strong>ΖΟΝ</strong></span> <span class='ocrx_word' id='word_1_4' title='bbox 2305 333 2461 392; x_wconf 62' lang='lat' dir='ltr'><strong>UH&quot;.</strong></span> 
     </span>
    </p>
   </div>
   <div class='ocr_carea' id='block_1_3' title="bbox 3632 332 3767 389">
    <p class='ocr_par' dir='ltr' id='par_1_3' title="bbox 3632 332 3767 389">
     <span class='ocr_line' id='line_1_3' title="bbox 3632 332 3767 389; baseline 0.015 -2"><span class='ocrx_word' id='word_1_5' title='bbox 3632 332 3767 389; x_wconf 52' lang='grc' dir='ltr'><strong>λήξω</strong></span> 
     </span>
    </p>
   </div>
   <div class='ocr_carea' id='block_1_4' title="bbox 500 436 2070 510">
    <p class='ocr_par' dir='ltr' id='par_1_4' title="bbox 500 445 2070 507">
     <span class='ocr_line' id='line_1_4' title="bbox 500 445 2070 507; baseline -0.004 0"><span class='ocrx_word' id='word_1_6' title='bbox 500 463 642 507; x_wconf 79' lang='lat' dir='ltr'><strong>acta.</strong></span> <span class='ocrx_word' id='word_1_7' title='bbox 671 453 911 506; x_wconf 76' lang='lat' dir='ltr'><strong>Reverso</strong></span> <span class='ocrx_word' id='word_1_8' title='bbox 947 450 1219 504; x_wconf 84' lang='lat' dir='ltr'><strong>Pberoras</strong></span> <span class='ocrx_word' id='word_1_9' title='bbox 1247 457 1300 502; x_wconf 89' lang='lat' dir='ltr'><strong>et</strong></span> <span class='ocrx_word' id='word_1_10' title='bbox 1335 445 1548 501; x_wconf 87' lang='lat' dir='ltr'><strong>Salotue</strong></span> <span class='ocrx_word' id='word_1_11' title='bbox 1597 446 1784 501; x_wconf 91' lang='lat' dir='ltr'><strong>statim</strong></span> <span class='ocrx_word' id='word_1_12' title='bbox 1815 461 1880 500; x_wconf 86' lang='lat' dir='ltr'><strong>ea</strong></span> <span class='ocrx_word' id='word_1_13' title='bbox 1916 445 2070 501; x_wconf 71' lang='lat' dir='ltr'><strong>verba</strong></span> 
     </span>
    </p>
   </div>
   <div class='ocr_carea' id='block_1_5' title="bbox 2172 436 3767 510">
    <p class='ocr_par' dir='ltr' id='par_1_5' title="bbox 2190 436 3767 510">
     <span class='ocr_line' id='line_1_5' title="bbox 2190 436 3767 510; baseline -0.003 -12"><span class='ocrx_word' id='word_1_14' title='bbox 2190 444 2290 506; x_wconf 80' lang='grc' dir='ltr'>τὰς</span> <span class='ocrx_word' id='word_1_15' title='bbox 2339 441 2518 504; x_wconf 73' lang='grc' dir='ltr'>αἰτίας</span> <span class='ocrx_word' id='word_1_16' title='bbox 2556 440 2950 510; x_wconf 67' lang='grc' dir='ltr'>λαμϐάνουσαι.</span> <span class='ocrx_word' id='word_1_17' title='bbox 3000 436 3202 502; x_wconf 80' lang='grc' dir='ltr'>Κακῶς</span> <span class='ocrx_word' id='word_1_18' title='bbox 3237 438 3349 508; x_wconf 78' lang='grc' dir='ltr'>γὰρ</span> <span class='ocrx_word' id='word_1_19' title='bbox 3404 438 3503 509; x_wconf 77' lang='grc' dir='ltr'>τῆς</span> <span class='ocrx_word' id='word_1_20' title='bbox 3554 442 3767 510; x_wconf 74' lang='grc' dir='ltr'>μιαρᾶς</span> 
     </span>
    </p>
   </div>
   <div class='ocr_carea' id='block_1_6' title="bbox 499 537 2074 611">
    <p class='ocr_par' dir='ltr' id='par_1_6' title="bbox 499 537 2074 611">
     <span class='ocr_line' id='line_1_6' title="bbox 499 537 2074 611; baseline -0.004 -12"><span class='ocrx_word' id='word_1_21' title='bbox 499 546 871 603; x_wconf 83' lang='lat' dir='ltr'><strong>insusurrant,</strong></span> <span class='ocrx_word' id='word_1_22' title='bbox 904 557 965 597; x_wconf 91' lang='lat' dir='ltr'><strong>se</strong></span> <span class='ocrx_word' id='word_1_23' title='bbox 1026 541 1080 595; x_wconf 93' lang='lat' dir='ltr'><strong>in</strong></span> <span class='ocrx_word' id='word_1_24' title='bbox 1112 553 1308 611; x_wconf 82' lang='lat' dir='ltr'><strong>magno</strong></span> <span class='ocrx_word' id='word_1_25' title='bbox 1341 539 1547 595; x_wconf 86' lang='lat' dir='ltr'><strong>versari</strong></span> <span class='ocrx_word' id='word_1_26' title='bbox 1595 538 1861 608; x_wconf 86' lang='lat' dir='ltr'><strong>periculo,</strong></span> <span class='ocrx_word' id='word_1_27' title='bbox 1890 537 2074 593; x_wconf 88' lang='lat' dir='ltr'><strong>adole-</strong></span> 
     </span>
    </p>
   </div>
   <div class='ocr_carea' id='block_1_7' title="bbox 496 628 2076 700">
    <p class='ocr_par' dir='ltr' id='par_1_7' title="bbox 496 628 2076 700">
     <span class='ocr_line' id='line_1_7' title="bbox 496 628 2076 700; baseline -0.006 -8"><span class='ocrx_word' id='word_1_28' title='bbox 496 635 786 692; x_wconf 77' lang='lat' dir='ltr'><strong>scentibus</strong></span> <span class='ocrx_word' id='word_1_29' title='bbox 811 650 871 689; x_wconf 87' lang='lat' dir='ltr'><strong>se</strong></span> <span class='ocrx_word' id='word_1_30' title='bbox 899 646 1091 688; x_wconf 86' lang='lat' dir='ltr'><strong>necem</strong></span> <span class='ocrx_word' id='word_1_31' title='bbox 1115 631 1307 686; x_wconf 86' lang='lat' dir='ltr'><strong>matris</strong></span> <span class='ocrx_word' id='word_1_32' title='bbox 1337 630 1573 695; x_wconf 89' lang='lat' dir='ltr'><strong>ulturos,</strong></span> <span class='ocrx_word' id='word_1_33' title='bbox 1594 638 1782 700; x_wconf 88' lang='lat' dir='ltr'><strong>aperte</strong></span> <span class='ocrx_word' id='word_1_34' title='bbox 1814 628 2076 683; x_wconf 86' lang='lat' dir='ltr'><strong>minitan-</strong></span> 
     </span>
    </p>
   </div>
   <div class='ocr_carea' id='block_1_8' title="bbox 497 723 2072 795">
    <p class='ocr_par' dir='ltr' id='par_1_8' title="bbox 497 723 2072 795">
     <span class='ocr_line' id='line_1_8' title="bbox 497 723 2072 795; baseline -0.003 -16"><span class='ocrx_word' id='word_1_35' title='bbox 497 727 668 783; x_wconf 90' lang='lat' dir='ltr'><strong>tibus.</strong></span> <span class='ocrx_word' id='word_1_36' title='bbox 715 727 962 783; x_wconf 83' lang='lat' dir='ltr'><strong>ilerodes</strong></span> <span class='ocrx_word' id='word_1_37' title='bbox 994 727 1080 781; x_wconf 90' lang='lat' dir='ltr'><strong>his</strong></span> <span class='ocrx_word' id='word_1_38' title='bbox 1109 741 1207 795; x_wconf 86' lang='lat' dir='ltr'><strong>per</strong></span> <span class='ocrx_word' id='word_1_39' title='bbox 1236 724 1372 780; x_wconf 90' lang='lat' dir='ltr'><strong>alios</strong></span> <span class='ocrx_word' id='word_1_40' title='bbox 1401 738 1622 794; x_wconf 88' lang='lat' dir='ltr'><strong>quoque</strong></span> <span class='ocrx_word' id='word_1_41' title='bbox 1654 723 1921 778; x_wconf 73' lang='lat' dir='ltr'><strong>nuntiatis</strong></span> <span class='ocrx_word' id='word_1_42' title='bbox 1951 731 2072 776; x_wconf 87' lang='lat' dir='ltr'><strong>tur-</strong></span> 
     </span>
    </p>
   </div>
   <div class='ocr_carea' id='block_1_9' title="bbox 496 816 2072 887">
    <p class='ocr_par' dir='ltr' id='par_1_9' title="bbox 496 816 2072 887">
     <span class='ocr_line' id='line_1_9' title="bbox 496 816 2072 887; baseline -0.003 -12"><span class='ocrx_word' id='word_1_43' title='bbox 496 820 683 877; x_wconf 86' lang='lat' dir='ltr'><strong>batus.</strong></span> <span class='ocrx_word' id='word_1_44' title='bbox 732 820 896 873; x_wconf 65' lang='lat' dir='ltr'><strong>alium</strong></span> <span class='ocrx_word' id='word_1_45' title='bbox 952 819 1123 873; x_wconf 82' lang='lat' dir='ltr'><strong>ﬁl&#39;um</strong></span> <span class='ocrx_word' id='word_1_46' title='bbox 1176 818 1548 887; x_wconf 78' lang='lat' dir='ltr'><strong>Antipatrum,</strong></span> <span class='ocrx_word' id='word_1_47' title='bbox 1608 818 1662 871; x_wconf 90' lang='lat' dir='ltr'><strong>in</strong></span> <span class='ocrx_word' id='word_1_48' title='bbox 1718 816 1927 886; x_wconf 88' lang='lat' dir='ltr'><strong>privata</strong></span> <span class='ocrx_word' id='word_1_49' title='bbox 1960 816 2072 870; x_wconf 82' lang='lat' dir='ltr'><strong>vita</strong></span> 
     </span>
    </p>
   </div>
   <div class='ocr_carea' id='block_1_10' title="bbox 497 909 2068 980">
    <p class='ocr_par' dir='ltr' id='par_1_10' title="bbox 497 909 2068 980">
     <span class='ocr_line' id='line_1_10' title="bbox 497 909 2068 980; baseline -0.003 -14"><span class='ocrx_word' id='word_1_50' title='bbox 497 921 835 980; x_wconf 85' lang='lat' dir='ltr'><strong>susceptum,</strong></span> <span class='ocrx_word' id='word_1_51' title='bbox 881 911 947 964; x_wconf 87' lang='lat' dir='ltr'><strong>ad</strong></span> <span class='ocrx_word' id='word_1_52' title='bbox 976 910 1311 966; x_wconf 83' lang='lat' dir='ltr'><strong>coercendos</strong></span> <span class='ocrx_word' id='word_1_53' title='bbox 1339 910 1718 965; x_wconf 84' lang='lat' dir='ltr'><strong>adolescentes</strong></span> <span class='ocrx_word' id='word_1_54' title='bbox 1741 909 1846 964; x_wconf 86' lang='lat' dir='ltr'><strong>sibi</strong></span> <span class='ocrx_word' id='word_1_55' title='bbox 1887 909 2068 964; x_wconf 54' lang='lat' dir='ltr'><strong>conci.</strong></span> 
     </span>
    </p>
   </div>
   <div class='ocr_carea' id='block_1_11' title="bbox 494 1002 2072 1072">
    <p class='ocr_par' dir='ltr' id='par_1_11' title="bbox 494 1002 2072 1072">
     <span class='ocr_line' id='line_1_11' title="bbox 494 1002 2072 1072; baseline -0.001 -16"><span class='ocrx_word' id='word_1_56' title='bbox 494 1002 629 1056; x_wconf 89' lang='lat' dir='ltr'><strong>liare</strong></span> <span class='ocrx_word' id='word_1_57' title='bbox 659 1003 871 1065; x_wconf 79' lang='lat' dir='ltr'><strong>statuit,</strong></span> <span class='ocrx_word' id='word_1_58' title='bbox 905 1002 1065 1072; x_wconf 90' lang='lat' dir='ltr'><strong>eique</strong></span> <span class='ocrx_word' id='word_1_59' title='bbox 1096 1002 1360 1058; x_wconf 85' lang='lat' dir='ltr'><strong>honorem</strong></span> <span class='ocrx_word' id='word_1_60' title='bbox 1398 1003 1613 1064; x_wconf 74' lang='lat' dir='ltr'><strong>habuit,</strong></span> <span class='ocrx_word' id='word_1_61' title='bbox 1647 1014 1707 1058; x_wconf 90' lang='lat' dir='ltr'><strong>ut</strong></span> <span class='ocrx_word' id='word_1_62' title='bbox 1740 1002 2072 1057; x_wconf 71' lang='lat' dir='ltr'><strong>Mariammae</strong></span> 
     </span>
    </p>
   </div>
   <div class='ocr_carea' id='block_1_12' title="bbox 495 1094 2068 1168">
    <p class='ocr_par' dir='ltr' id='par_1_12' title="bbox 495 1094 2068 1168">
     <span class='ocr_line' id='line_1_12' title="bbox 495 1094 2068 1168; baseline 0 -19"><span class='ocrx_word' id='word_1_63' title='bbox 495 1094 739 1150; x_wconf 89' lang='lat' dir='ltr'><strong>ﬁliorum</strong></span> <span class='ocrx_word' id='word_1_64' title='bbox 768 1097 1057 1152; x_wconf 80' lang='lat' dir='ltr'><strong>audaciam</strong></span> <span class='ocrx_word' id='word_1_65' title='bbox 1094 1096 1442 1168; x_wconf 87' lang='lat' dir='ltr'><strong>reprimeret.</strong></span> <span class='ocrx_word' id='word_1_66' title='bbox 1499 1113 1625 1152; x_wconf 91' lang='lat' dir='ltr'><strong>cum</strong></span> <span class='ocrx_word' id='word_1_67' title='bbox 1672 1096 2068 1167; x_wconf 85' lang='lat' dir='ltr'><strong>intelligerent,</strong></span> 
     </span>
    </p>
   </div>
   <div class='ocr_carea' id='block_1_13' title="bbox 493 1189 2070 1261">
    <p class='ocr_par' dir='ltr' id='par_1_13' title="bbox 493 1189 2070 1261">
     <span class='ocr_line' id='line_1_13' title="bbox 493 1189 2070 1261; baseline 0.001 -18"><span class='ocrx_word' id='word_1_68' title='bbox 493 1203 603 1243; x_wconf 91' lang='lat' dir='ltr'><strong>non</strong></span> <span class='ocrx_word' id='word_1_69' title='bbox 633 1189 736 1244; x_wconf 90' lang='lat' dir='ltr'><strong>sibi</strong></span> <span class='ocrx_word' id='word_1_70' title='bbox 770 1189 921 1254; x_wconf 57' lang='lat' dir='ltr'><strong>solis,</strong></span> <span class='ocrx_word' id='word_1_71' title='bbox 946 1206 1125 1259; x_wconf 87' lang='lat' dir='ltr'><strong>neque</strong></span> <span class='ocrx_word' id='word_1_72' title='bbox 1152 1191 1465 1246; x_wconf 82' lang='lat' dir='ltr'><strong>necessario</strong></span> <span class='ocrx_word' id='word_1_73' title='bbox 1493 1191 1640 1261; x_wconf 81' lang='lat' dir='ltr'><strong>regni</strong></span> <span class='ocrx_word' id='word_1_74' title='bbox 1665 1191 2070 1246; x_wconf 88' lang='lat' dir='ltr'><strong>successionem</strong></span> 
     </span>
    </p>
   </div>
   <div class='ocr_carea' id='block_1_14' title="bbox 494 1280 2071 1351">
    <p class='ocr_par' dir='ltr' id='par_1_14' title="bbox 494 1280 2071 1351">
     <span class='ocr_line' id='line_1_14' title="bbox 494 1280 2071 1351; baseline 0.001 -18"><span class='ocrx_word' id='word_1_75' title='bbox 494 1280 706 1336; x_wconf 86' lang='lat' dir='ltr'><strong>deberi.</strong></span> <span class='ocrx_word' id='word_1_76' title='bbox 752 1281 939 1350; x_wconf 80' lang='lat' dir='ltr'><strong>Itaque</strong></span> <span class='ocrx_word' id='word_1_77' title='bbox 974 1282 1347 1350; x_wconf 85' lang='lat' dir='ltr'><strong>Antipatrum,</strong></span> <span class='ocrx_word' id='word_1_78' title='bbox 1399 1288 1660 1351; x_wconf 83' lang='lat' dir='ltr'><strong>tanquam</strong></span> <span class='ocrx_word' id='word_1_79' title='bbox 1703 1289 2071 1351; x_wconf 89' lang='lat' dir='ltr'><strong>spectatorem</strong></span> 
     </span>
    </p>
   </div>
   <div class='ocr_carea' id='block_1_15' title="bbox 493 1372 2067 1444">
    <p class='ocr_par' dir='ltr' id='par_1_15' title="bbox 493 1372 2067 1444">
     <span class='ocr_line' id='line_1_15' title="bbox 493 1372 2067 1444; baseline 0.002 -19"><span class='ocrx_word' id='word_1_80' title='bbox 493 1374 814 1429; x_wconf 84' lang='lat' dir='ltr'><strong>certaminis</strong></span> <span class='ocrx_word' id='word_1_81' title='bbox 861 1374 930 1429; x_wconf 91' lang='lat' dir='ltr'><strong>ad</strong></span> <span class='ocrx_word' id='word_1_82' title='bbox 985 1374 1361 1431; x_wconf 80' lang='lat' dir='ltr'><strong>dimicandum</strong></span> <span class='ocrx_word' id='word_1_83' title='bbox 1408 1384 1684 1444; x_wconf 86' lang='lat' dir='ltr'><strong>paratum,</strong></span> <span class='ocrx_word' id='word_1_84' title='bbox 1741 1372 2067 1429; x_wconf 80' lang='lat' dir='ltr'><strong>introduxit.</strong></span> 
     </span>
    </p>
   </div>
   <div class='ocr_carea' id='block_1_16' title="bbox 492 1466 2066 1533">
    <p class='ocr_par' dir='ltr' id='par_1_16' title="bbox 492 1466 2066 1533">
     <span class='ocr_line' id='line_1_16' title="bbox 492 1466 2066 1533; baseline 0 -12"><span class='ocrx_word' id='word_1_85' title='bbox 492 1467 617 1532; x_wconf 85' lang='lat' dir='ltr'><strong>Qui,</strong></span> <span class='ocrx_word' id='word_1_86' title='bbox 655 1477 712 1521; x_wconf 93' lang='lat' dir='ltr'><strong>ut</strong></span> <span class='ocrx_word' id='word_1_87' title='bbox 751 1467 915 1521; x_wconf 89' lang='lat' dir='ltr'><strong>homo</strong></span> <span class='ocrx_word' id='word_1_88' title='bbox 962 1467 1216 1529; x_wconf 87' lang='lat' dir='ltr'><strong>callidus,</strong></span> <span class='ocrx_word' id='word_1_89' title='bbox 1253 1468 1377 1522; x_wconf 87' lang='lat' dir='ltr'><strong>data</strong></span> <span class='ocrx_word' id='word_1_90' title='bbox 1409 1468 1718 1533; x_wconf 84' lang='lat' dir='ltr'><strong>occasione,</strong></span> <span class='ocrx_word' id='word_1_91' title='bbox 1765 1483 1931 1521; x_wconf 91' lang='lat' dir='ltr'><strong>unum</strong></span> <span class='ocrx_word' id='word_1_92' title='bbox 1964 1466 2066 1521; x_wconf 86' lang='lat' dir='ltr'><strong>sibi</strong></span> 
     </span>
    </p>
   </div>
   <div class='ocr_carea' id='block_1_17' title="bbox 490 1560 2070 1631">
    <p class='ocr_par' dir='ltr' id='par_1_17' title="bbox 490 1560 2070 1631">
     <span class='ocr_line' id='line_1_17' title="bbox 490 1560 2070 1631; baseline 0.002 -19"><span class='ocrx_word' id='word_1_93' title='bbox 490 1560 771 1629; x_wconf 70' lang='lat' dir='ltr'><strong>negot‘um</strong></span> <span class='ocrx_word' id='word_1_94' title='bbox 817 1575 937 1614; x_wconf 85' lang='lat' dir='ltr'><strong>esse</strong></span> <span class='ocrx_word' id='word_1_95' title='bbox 986 1568 1138 1616; x_wconf 88' lang='lat' dir='ltr'><strong>ratus</strong></span> <span class='ocrx_word' id='word_1_96' title='bbox 1175 1568 1260 1615; x_wconf 91' lang='lat' dir='ltr'><strong>est</strong></span> <span class='ocrx_word' id='word_1_97' title='bbox 1298 1560 1441 1630; x_wconf 88' lang='lat' dir='ltr'><strong>patri</strong></span> <span class='ocrx_word' id='word_1_98' title='bbox 1497 1561 1800 1626; x_wconf 75' lang='lat' dir='ltr'><strong>adhaerere,</strong></span> <span class='ocrx_word' id='word_1_99' title='bbox 1831 1575 2070 1631; x_wconf 85' lang='lat' dir='ltr'><strong>eumque</strong></span> 
     </span>
    </p>
   </div>
   <div class='ocr_carea' id='block_1_18' title="bbox 491 1652 2066 1725">
    <p class='ocr_par' dir='ltr' id='par_1_18' title="bbox 491 1652 2066 1725">
     <span class='ocr_line' id='line_1_18' title="bbox 491 1652 2066 1725; baseline 0.004 -23"><span class='ocrx_word' id='word_1_100' title='bbox 491 1666 591 1720; x_wconf 77' lang='lat' dir='ltr'><strong>per</strong></span> <span class='ocrx_word' id='word_1_101' title='bbox 623 1652 928 1707; x_wconf 85' lang='lat' dir='ltr'><strong>calumnias</strong></span> <span class='ocrx_word' id='word_1_102' title='bbox 955 1669 984 1709; x_wconf 89' lang='lat' dir='ltr'><strong>a</strong></span> <span class='ocrx_word' id='word_1_103' title='bbox 1012 1653 1274 1708; x_wconf 82' lang='lat' dir='ltr'><strong>fratribus</strong></span> <span class='ocrx_word' id='word_1_104' title='bbox 1302 1654 1542 1708; x_wconf 82' lang='lat' dir='ltr'><strong>alienare</strong></span> <span class='ocrx_word' id='word_1_105' title='bbox 1567 1672 1585 1709; x_wconf 87' lang='lat'><strong>:</strong></span> <span class='ocrx_word' id='word_1_106' title='bbox 1624 1654 1827 1725; x_wconf 90' lang='lat' dir='ltr'><strong>quibus</strong></span> <span class='ocrx_word' id='word_1_107' title='bbox 1855 1653 2066 1709; x_wconf 85' lang='lat' dir='ltr'><strong>calum-</strong></span> 
     </span>
    </p>
   </div>
   <div class='ocr_carea' id='block_1_19' title="bbox 491 1741 2069 1816">
    <p class='ocr_par' dir='ltr' id='par_1_19' title="bbox 491 1741 2069 1816">
     <span class='ocr_line' id='line_1_19' title="bbox 491 1741 2069 1816; baseline 0.003 -22"><span class='ocrx_word' id='word_1_108' title='bbox 491 1741 599 1796; x_wconf 88' lang='lat' dir='ltr'><strong>niis</strong></span> <span class='ocrx_word' id='word_1_109' title='bbox 631 1743 706 1797; x_wconf 89' lang='lat' dir='ltr'><strong>illi</strong></span> <span class='ocrx_word' id='word_1_110' title='bbox 743 1759 906 1800; x_wconf 88' lang='lat' dir='ltr'><strong>ansas</strong></span> <span class='ocrx_word' id='word_1_111' title='bbox 930 1745 1154 1809; x_wconf 89' lang='lat' dir='ltr'><strong>dabant,</strong></span> <span class='ocrx_word' id='word_1_112' title='bbox 1186 1747 1269 1800; x_wconf 89' lang='lat' dir='ltr'><strong>sui</strong></span> <span class='ocrx_word' id='word_1_113' title='bbox 1300 1754 1675 1816; x_wconf 89' lang='lat' dir='ltr'><strong>contemptum</strong></span> <span class='ocrx_word' id='word_1_114' title='bbox 1704 1745 2069 1815; x_wconf 89' lang='lat' dir='ltr'><strong>deplorando,</strong></span> 
     </span>
    </p>
   </div>
   <div class='ocr_carea' id='block_1_20' title="bbox 2176 530 3766 604">
    <p class='ocr_par' dir='ltr' id='par_1_20' title="bbox 2176 530 3766 604">
     <span class='ocr_line' id='line_1_20' title="bbox 2176 530 3766 604; baseline -0.002 -16"><span class='ocrx_word' id='word_1_115' title='bbox 2176 533 2441 604; x_wconf 77' lang='grc' dir='ltr'><strong>Σαλώμης</strong></span> <span class='ocrx_word' id='word_1_116' title='bbox 2469 533 2563 586; x_wconf 71' lang='grc' dir='ltr'>καὶ</span> <span class='ocrx_word' id='word_1_117' title='bbox 2592 532 2733 600; x_wconf 78' lang='grc' dir='ltr'>σφᾶς</span> <span class='ocrx_word' id='word_1_118' title='bbox 2760 531 2857 585; x_wconf 81' lang='grc' dir='ltr'><strong>καὶ</strong></span> <span class='ocrx_word' id='word_1_119' title='bbox 2885 530 2984 601; x_wconf 75' lang='grc' dir='ltr'>τὴν</span> <span class='ocrx_word' id='word_1_120' title='bbox 3033 530 3248 603; x_wconf 85' lang='grc' dir='ltr'>μητέρα</span> <span class='ocrx_word' id='word_1_121' title='bbox 3312 530 3608 601; x_wconf 81' lang='grc' dir='ltr'>λεγούσης,</span> <span class='ocrx_word' id='word_1_122' title='bbox 3659 534 3766 585; x_wconf 76' lang='grc' dir='ltr'><strong>καὶ</strong></span> 
     </span>
    </p>
   </div>
   <div class='ocr_carea' id='block_1_21' title="bbox 2177 607 3768 695">
    <p class='ocr_par' dir='ltr' id='par_1_21' title="bbox 2177 607 3768 695">
     <span class='ocr_line' id='line_1_21' title="bbox 2177 607 3768 695; baseline -0.001 -18"><span class='ocrx_word' id='word_1_123' title='bbox 2177 627 2315 695; x_wconf 54' lang='grc' dir='ltr'>πρδμς</span> <span class='ocrx_word' id='word_1_124' title='bbox 2364 624 2559 693; x_wconf 78' lang='grc' dir='ltr'>λόγους</span> <span class='ocrx_word' id='word_1_125' title='bbox 2593 620 3005 691; x_wconf 67' lang='grc' dir='ltr'><strong>ἐκκαλουμένης</strong></span> <span class='ocrx_word' id='word_1_126' title='bbox 3056 607 3276 686; x_wconf 73' lang='grc' dir='ltr'>αὐτοὺς,</span> <span class='ocrx_word' id='word_1_127' title='bbox 3327 623 3527 685; x_wconf 77' lang='grc' dir='ltr'>ἐκεῖνοι</span> <span class='ocrx_word' id='word_1_128' title='bbox 3590 622 3768 675; x_wconf 70' lang='grc' dir='ltr'>ἐλεει-</span> 
     </span>
    </p>
   </div>
   <div class='ocr_carea' id='block_1_22' title="bbox 2175 712 3765 786">
    <p class='ocr_par' dir='ltr' id='par_1_22' title="bbox 2175 712 3765 786">
     <span class='ocr_line' id='line_1_22' title="bbox 2175 712 3765 786; baseline -0.003 -16"><span class='ocrx_word' id='word_1_129' title='bbox 2175 719 2273 784; x_wconf 79' lang='grc' dir='ltr'>νὴν</span> <span class='ocrx_word' id='word_1_130' title='bbox 2306 717 2608 786; x_wconf 72' lang='grc' dir='ltr'>ἀπέφαινον</span> <span class='ocrx_word' id='word_1_131' title='bbox 2629 715 2728 785; x_wconf 79' lang='grc' dir='ltr'><strong>τὴν</strong></span> <span class='ocrx_word' id='word_1_132' title='bbox 2750 712 3135 785; x_wconf 70' lang='grc' dir='ltr'>καταστροφὴν</span> <span class='ocrx_word' id='word_1_133' title='bbox 3149 714 3247 783; x_wconf 78' lang='grc' dir='ltr'><strong>τῆς</strong></span> <span class='ocrx_word' id='word_1_134' title='bbox 3285 713 3510 784; x_wconf 62' lang='grc' dir='ltr'>μητρὶς.</span> <span class='ocrx_word' id='word_1_135' title='bbox 3544 713 3765 778; x_wconf 75' lang='grc' dir='ltr'><strong>ἀθλίους</strong></span> 
     </span>
    </p>
   </div>
   <div class='ocr_carea' id='block_1_23' title="bbox 2177 802 3768 874">
    <p class='ocr_par' dir='ltr' id='par_1_23' title="bbox 2177 802 3768 874">
     <span class='ocr_line' id='line_1_23' title="bbox 2177 802 3768 874; baseline -0.004 -12"><span class='ocrx_word' id='word_1_136' title='bbox 2177 809 2222 862; x_wconf 79' lang='grc' dir='ltr'>δ’</span> <span class='ocrx_word' id='word_1_137' title='bbox 2258 809 2488 871; x_wconf 68' lang='grc' dir='ltr'>ἑαυτοὺς</span> <span class='ocrx_word' id='word_1_138' title='bbox 2516 807 2745 861; x_wconf 76' lang='grc' dir='ltr'>ἐκάλουν</span> <span class='ocrx_word' id='word_1_139' title='bbox 2771 808 2883 868; x_wconf 83' lang='grc' dir='ltr'>τοῖς</span> <span class='ocrx_word' id='word_1_140' title='bbox 2913 805 3127 871; x_wconf 75' lang='grc' dir='ltr'>ἐκείνης</span> <span class='ocrx_word' id='word_1_141' title='bbox 3165 804 3422 874; x_wconf 75' lang='grc' dir='ltr'><strong>φονεῦσιν</strong></span> <span class='ocrx_word' id='word_1_142' title='bbox 3453 802 3768 873; x_wconf 78' lang='grc' dir='ltr'>ἀναγκαζο-</span> 
     </span>
    </p>
   </div>
   <div class='ocr_carea' id='block_1_24' title="bbox 2181 896 3766 973">
    <p class='ocr_par' dir='ltr' id='par_1_24' title="bbox 2181 896 3766 973">
     <span class='ocr_line' id='line_1_24' title="bbox 2181 896 3766 973; baseline -0.004 -18"><span class='ocrx_word' id='word_1_143' title='bbox 2181 902 2373 973; x_wconf 85' lang='grc' dir='ltr'>μένους</span> <span class='ocrx_word' id='word_1_144' title='bbox 2405 899 2595 971; x_wconf 72' lang='grc' dir='ltr'>συζῇν.</span> <span class='ocrx_word' id='word_1_145' title='bbox 2646 899 2832 953; x_wconf 78' lang='grc' dir='ltr'>Ταῦτα</span> <span class='ocrx_word' id='word_1_146' title='bbox 2858 898 2926 970; x_wconf 80' lang='grc' dir='ltr'>ἦν</span> <span class='ocrx_word' id='word_1_147' title='bbox 2978 897 3395 967; x_wconf 71' lang='grc' dir='ltr'><strong>ἀποδημοῦντος</strong></span> <span class='ocrx_word' id='word_1_148' title='bbox 3448 896 3543 949; x_wconf 87' lang='grc' dir='ltr'><strong>τοῦ</strong></span> <span class='ocrx_word' id='word_1_149' title='bbox 3608 897 3766 966; x_wconf 84' lang='grc' dir='ltr'>βασι-</span> 
     </span>
    </p>
   </div>
   <div class='ocr_carea' id='block_1_25' title="bbox 2176 988 3764 1060">
    <p class='ocr_par' dir='ltr' id='par_1_25' title="bbox 2176 988 3764 1060">
     <span class='ocr_line' id='line_1_25' title="bbox 2176 988 3764 1060; baseline -0.004 -12"><span class='ocrx_word' id='word_1_150' title='bbox 2176 995 2338 1058; x_wconf 84' lang='grc' dir='ltr'>λέως.</span> <span class='ocrx_word' id='word_1_151' title='bbox 2380 992 2766 1048; x_wconf 82' lang='grc' dir='ltr'>Ἐπανελοόντι</span> <span class='ocrx_word' id='word_1_152' title='bbox 2804 990 2849 1045; x_wconf 80' lang='grc' dir='ltr'>δ’</span> <span class='ocrx_word' id='word_1_153' title='bbox 2883 991 3044 1054; x_wconf 73' lang='grc' dir='ltr'>εὐθὺς</span> <span class='ocrx_word' id='word_1_154' title='bbox 3074 991 3227 1056; x_wconf 77' lang='grc' dir='ltr'>παρά</span> <span class='ocrx_word' id='word_1_155' title='bbox 3264 1005 3322 1042; x_wconf 87' lang='grc' dir='ltr'><strong>τε</strong></span> <span class='ocrx_word' id='word_1_156' title='bbox 3389 988 3620 1060; x_wconf 78' lang='grc' dir='ltr'>Φερώρα</span> <span class='ocrx_word' id='word_1_157' title='bbox 3664 989 3764 1042; x_wconf 76' lang='grc' dir='ltr'><strong>καὶ</strong></span> 
     </span>
    </p>
   </div>
   <div class='ocr_carea' id='block_1_26' title="bbox 2175 1084 3765 1160">
    <p class='ocr_par' dir='ltr' id='par_1_26' title="bbox 2175 1084 3765 1160">
     <span class='ocr_line' id='line_1_26' title="bbox 2175 1084 3765 1160; baseline -0.004 -17"><span class='ocrx_word' id='word_1_158' title='bbox 2175 1090 2273 1159; x_wconf 82' lang='grc' dir='ltr'>τῆς</span> <span class='ocrx_word' id='word_1_159' title='bbox 2306 1088 2570 1160; x_wconf 79' lang='grc' dir='ltr'>Σαλώμης</span> <span class='ocrx_word' id='word_1_160' title='bbox 2606 1089 2658 1140; x_wconf 77' lang='grc' dir='ltr'><strong>οἱ</strong></span> <span class='ocrx_word' id='word_1_161' title='bbox 2686 1087 2834 1154; x_wconf 75' lang='grc' dir='ltr'>λόγοι</span> <span class='ocrx_word' id='word_1_162' title='bbox 2870 1087 3230 1155; x_wconf 81' lang='grc' dir='ltr'>προσήγοντο,</span> <span class='ocrx_word' id='word_1_163' title='bbox 3261 1084 3533 1152; x_wconf 79' lang='grc' dir='ltr'>λεγόντων</span> <span class='ocrx_word' id='word_1_164' title='bbox 3584 1085 3765 1154; x_wconf 81' lang='grc' dir='ltr'>μέγαν</span> 
     </span>
    </p>
   </div>
   <div class='ocr_carea' id='block_1_27' title="bbox 2178 1176 3764 1252">
    <p class='ocr_par' dir='ltr' id='par_1_27' title="bbox 2178 1176 3764 1252">
     <span class='ocr_line' id='line_1_27' title="bbox 2178 1176 3764 1252; baseline -0.005 -16"><span class='ocrx_word' id='word_1_165' title='bbox 2178 1182 2366 1245; x_wconf 80' lang='grc' dir='ltr'>αὐτοῖς</span> <span class='ocrx_word' id='word_1_166' title='bbox 2395 1180 2743 1252; x_wconf 78' lang='grc' dir='ltr'><strong>ἐπηρτῆσθαι</strong></span> <span class='ocrx_word' id='word_1_167' title='bbox 2791 1179 2885 1232; x_wconf 66' lang='grc' dir='ltr'>τὸν</span> <span class='ocrx_word' id='word_1_168' title='bbox 2918 1177 3182 1237; x_wconf 73' lang='grc' dir='ltr'>κίνδυνον,</span> <span class='ocrx_word' id='word_1_169' title='bbox 3237 1176 3540 1244; x_wconf 73' lang='grc' dir='ltr'>ἀναφανδὸν</span> <span class='ocrx_word' id='word_1_170' title='bbox 3597 1177 3764 1231; x_wconf 69' lang='lat' dir='ltr'><strong>datst-</strong></span> 
     </span>
    </p>
   </div>
   <div class='ocr_carea' id='block_1_28' title="bbox 2174 1268 3762 1343">
    <p class='ocr_par' dir='ltr' id='par_1_28' title="bbox 2174 1268 3762 1343">
     <span class='ocr_line' id='line_1_28' title="bbox 2174 1268 3762 1343; baseline -0.004 -16"><span class='ocrx_word' id='word_1_171' title='bbox 2174 1273 2458 1343; x_wconf 85' lang='grc' dir='ltr'>λουμένων</span> <span class='ocrx_word' id='word_1_172' title='bbox 2487 1273 2595 1327; x_wconf 84' lang='grc' dir='ltr'><strong>τῶν</strong></span> <span class='ocrx_word' id='word_1_173' title='bbox 2623 1272 2942 1334; x_wconf 78' lang='grc' dir='ltr'><strong>νεανίσκων,</strong></span> <span class='ocrx_word' id='word_1_174' title='bbox 3001 1270 3091 1323; x_wconf 79' lang='grc' dir='ltr'>τὸν</span> <span class='ocrx_word' id='word_1_175' title='bbox 3137 1270 3298 1338; x_wconf 78' lang='grc' dir='ltr'>φόνον</span> <span class='ocrx_word' id='word_1_176' title='bbox 3352 1268 3610 1323; x_wconf 75' lang='grc' dir='ltr'>τίσασθαι</span> <span class='ocrx_word' id='word_1_177' title='bbox 3658 1269 3762 1338; x_wconf 79' lang='grc' dir='ltr'>τῆς</span> 
     </span>
    </p>
   </div>
   <div class='ocr_carea' id='block_1_29' title="bbox 2184 1359 3761 1436">
    <p class='ocr_par' dir='ltr' id='par_1_29' title="bbox 2184 1359 3761 1436">
     <span class='ocr_line' id='line_1_29' title="bbox 2184 1359 3761 1436; baseline -0.004 -19"><span class='ocrx_word' id='word_1_178' title='bbox 2184 1366 2409 1436; x_wconf 68' lang='grc' dir='ltr'>μητρός.</span> <span class='ocrx_word' id='word_1_179' title='bbox 2456 1365 2705 1435; x_wconf 81' lang='grc' dir='ltr'>Ἰιρώδης</span> <span class='ocrx_word' id='word_1_180' title='bbox 2738 1362 2797 1416; x_wconf 70' lang='grc' dir='ltr'>δὲ</span> <span class='ocrx_word' id='word_1_181' title='bbox 2819 1361 2993 1415; x_wconf 83' lang='grc' dir='ltr'>ταῦτα</span> <span class='ocrx_word' id='word_1_182' title='bbox 3020 1362 3112 1414; x_wconf 76' lang='grc' dir='ltr'>καὶ</span> <span class='ocrx_word' id='word_1_183' title='bbox 3148 1360 3323 1414; x_wconf 82' lang='grc' dir='ltr'>ἄλλων</span> <span class='ocrx_word' id='word_1_184' title='bbox 3380 1359 3761 1427; x_wconf 80' lang='grc' dir='ltr'>ἀπαγγελλόν-</span> 
     </span>
    </p>
   </div>
   <div class='ocr_carea' id='block_1_30' title="bbox 2177 1451 3766 1527">
    <p class='ocr_par' dir='ltr' id='par_1_30' title="bbox 2177 1451 3766 1527">
     <span class='ocr_line' id='line_1_30' title="bbox 2177 1451 3766 1527; baseline -0.004 -19"><span class='ocrx_word' id='word_1_185' title='bbox 2177 1474 2288 1509; x_wconf 87' lang='grc' dir='ltr'><strong>των</strong></span> <span class='ocrx_word' id='word_1_186' title='bbox 2318 1457 2646 1526; x_wconf 77' lang='grc' dir='ltr'>τετάρακτο.</span> <span class='ocrx_word' id='word_1_187' title='bbox 2675 1453 2834 1508; x_wconf 80' lang='grc' dir='ltr'>Οῦτω</span> <span class='ocrx_word' id='word_1_188' title='bbox 2863 1452 2919 1506; x_wconf 69' lang='grc' dir='ltr'>δὲ</span> <span class='ocrx_word' id='word_1_189' title='bbox 2951 1452 3244 1527; x_wconf 78' lang='grc' dir='ltr'>διατεθεὶς.</span> <span class='ocrx_word' id='word_1_190' title='bbox 3272 1451 3415 1517; x_wconf 78' lang='grc' dir='ltr'>ἔγνω</span> <span class='ocrx_word' id='word_1_191' title='bbox 3443 1452 3535 1503; x_wconf 75' lang='grc' dir='ltr'>ἐπὶ</span> <span class='ocrx_word' id='word_1_192' title='bbox 3568 1451 3766 1503; x_wconf 69' lang='grc' dir='ltr'>καθαι-</span> 
     </span>
    </p>
   </div>
   <div class='ocr_carea' id='block_1_31' title="bbox 2177 1543 3759 1620">
    <p class='ocr_par' dir='ltr' id='par_1_31' title="bbox 2177 1543 3759 1620">
     <span class='ocr_line' id='line_1_31' title="bbox 2177 1543 3759 1620; baseline -0.004 -18"><span class='ocrx_word' id='word_1_193' title='bbox 2177 1548 2327 1620; x_wconf 87' lang='grc' dir='ltr'>ρέσει</span> <span class='ocrx_word' id='word_1_194' title='bbox 2382 1547 2490 1599; x_wconf 84' lang='grc' dir='ltr'>τῶν</span> <span class='ocrx_word' id='word_1_195' title='bbox 2539 1547 2698 1606; x_wconf 81' lang='grc' dir='ltr'>νέων.</span> <span class='ocrx_word' id='word_1_196' title='bbox 2741 1546 2931 1617; x_wconf 79' lang='grc' dir='ltr'>ἕτερον</span> <span class='ocrx_word' id='word_1_197' title='bbox 2970 1543 3086 1597; x_wconf 74' lang='grc' dir='ltr'>υἱὸν</span> <span class='ocrx_word' id='word_1_198' title='bbox 3150 1544 3510 1613; x_wconf 80' lang='grc' dir='ltr'>Ἀντίπατρον</span> <span class='ocrx_word' id='word_1_199' title='bbox 3564 1543 3759 1613; x_wconf 72' lang='grc' dir='ltr'>ὀνομα,</span> 
     </span>
    </p>
   </div>
   <div class='ocr_carea' id='block_1_32' title="bbox 2181 1633 3751 1707">
    <p class='ocr_par' dir='ltr' id='par_1_32' title="bbox 2181 1633 3751 1707">
     <span class='ocr_line' id='line_1_32' title="bbox 2181 1633 3751 1707; baseline -0.004 -14"><span class='ocrx_word' id='word_1_200' title='bbox 2181 1638 2513 1693; x_wconf 71' lang='grc' dir='ltr'><strong>ἰδιωτεύοντι</strong></span> <span class='ocrx_word' id='word_1_201' title='bbox 2541 1638 2621 1692; x_wconf 71' lang='grc' dir='ltr'>ἔτι</span> <span class='ocrx_word' id='word_1_202' title='bbox 2648 1637 2800 1706; x_wconf 85' lang='grc' dir='ltr'><strong>αύτῷ</strong></span> <span class='ocrx_word' id='word_1_203' title='bbox 2835 1636 3122 1707; x_wconf 84' lang='grc' dir='ltr'><strong>γεγονότα,</strong></span> <span class='ocrx_word' id='word_1_204' title='bbox 3178 1633 3715 1706; x_wconf 80' lang='grc' dir='ltr'>προσοικειώσασθαι</span> <span class='ocrx_word' id='word_1_205' title='bbox 3736 1649 3751 1664; x_wconf 82' lang='grc'><em>⁴</em></span> 
     </span>
    </p>
   </div>
   <div class='ocr_carea' id='block_1_33' title="bbox 2177 1723 3761 1799">
    <p class='ocr_par' dir='ltr' id='par_1_33' title="bbox 2177 1723 3761 1799">
     <span class='ocr_line' id='line_1_33' title="bbox 2177 1723 3761 1799; baseline -0.006 -15"><span class='ocrx_word' id='word_1_206' title='bbox 2177 1732 2273 1784; x_wconf 79' lang='grc' dir='ltr'>καὶ</span> <span class='ocrx_word' id='word_1_207' title='bbox 2297 1731 2488 1784; x_wconf 84' lang='grc' dir='ltr'>τοῦτον</span> <span class='ocrx_word' id='word_1_208' title='bbox 2519 1730 2701 1783; x_wconf 71' lang='grc' dir='ltr'>ἐδόκει</span> <span class='ocrx_word' id='word_1_209' title='bbox 2740 1729 2930 1799; x_wconf 86' lang='grc' dir='ltr'>τιμᾷν,</span> <span class='ocrx_word' id='word_1_210' title='bbox 2972 1727 3058 1779; x_wconf 81' lang='grc' dir='ltr'>ἶνα</span> <span class='ocrx_word' id='word_1_211' title='bbox 3085 1725 3420 1797; x_wconf 77' lang='grc' dir='ltr'>καταστείλῃ</span> <span class='ocrx_word' id='word_1_212' title='bbox 3448 1725 3510 1778; x_wconf 82' lang='grc' dir='ltr'><strong>τὸ</strong></span> <span class='ocrx_word' id='word_1_213' title='bbox 3558 1723 3761 1794; x_wconf 79' lang='grc' dir='ltr'>θράσος</span> 
     </span>
    </p>
   </div>
   <div class='ocr_carea' id='block_1_34' title="bbox 490 1806 2070 1906">
    <p class='ocr_par' dir='ltr' id='par_1_34' title="bbox 490 1806 2069 1906">
     <span class='ocr_line' id='line_1_34' title="bbox 490 1806 2069 1906; baseline 0.002 -20"><span class='ocrx_word' id='word_1_214' title='bbox 490 1841 548 1886; x_wconf 90' lang='lat' dir='ltr'><strong>et</strong></span> <span class='ocrx_word' id='word_1_215' title='bbox 589 1841 816 1890; x_wconf 88' lang='lat' dir='ltr'><strong>matrem</strong></span> <span class='ocrx_word' id='word_1_216' title='bbox 854 1806 1182 1900; x_wconf 83' lang='lat' dir='ltr'><strong>invocando,</strong></span> <span class='ocrx_word' id='word_1_217' title='bbox 1218 1845 1275 1890; x_wconf 90' lang='lat' dir='ltr'><strong>et</strong></span> <span class='ocrx_word' id='word_1_218' title='bbox 1321 1806 1538 1906; x_wconf 72' lang='lat' dir='ltr'><strong>patrem</strong></span> <span class='ocrx_word' id='word_1_219' title='bbox 1568 1845 1756 1906; x_wconf 88' lang='lat' dir='ltr'><strong>aperte</strong></span> <span class='ocrx_word' id='word_1_220' title='bbox 1778 1806 2069 1905; x_wconf 51' lang='lat' dir='ltr'><strong>-injustum</strong></span> 
     </span>
    </p>
   </div>
   <div class='ocr_carea' id='block_1_35' title="bbox 2172 1806 3759 1906">
    <p class='ocr_par' dir='ltr' id='par_1_35' title="bbox 2176 1818 3759 1894">
     <span class='ocr_line' id='line_1_35' title="bbox 2176 1818 3759 1894; baseline -0.006 -17"><span class='ocrx_word' id='word_1_221' title='bbox 2176 1827 2287 1888; x_wconf 80' lang='grc' dir='ltr'>τοῖς</span> <span class='ocrx_word' id='word_1_222' title='bbox 2315 1825 2379 1876; x_wconf 81' lang='grc' dir='ltr'>ὲκ</span> <span class='ocrx_word' id='word_1_223' title='bbox 2431 1823 2529 1894; x_wconf 86' lang='grc' dir='ltr'>τῆς</span> <span class='ocrx_word' id='word_1_224' title='bbox 2569 1821 2806 1892; x_wconf 78' lang='grc' dir='ltr'>Μαριὰμ</span> <span class='ocrx_word' id='word_1_225' title='bbox 2832 1818 3077 1889; x_wconf 77' lang='grc' dir='ltr'>γνοῦσιν,</span> <span class='ocrx_word' id='word_1_226' title='bbox 3109 1819 3182 1882; x_wconf 87' lang='grc' dir='ltr'>ὼς</span> <span class='ocrx_word' id='word_1_227' title='bbox 3207 1820 3267 1871; x_wconf 84' lang='grc' dir='ltr'>οὐ</span> <span class='ocrx_word' id='word_1_228' title='bbox 3315 1820 3515 1888; x_wconf 68' lang='grc' dir='ltr'>μονοις·</span> <span class='ocrx_word' id='word_1_229' title='bbox 3547 1818 3759 1882; x_wconf 77' lang='grc' dir='ltr'>αὐτοῖς,</span> 
     </span>
    </p>
   </div>
   <div class='ocr_carea' id='block_1_36' title="bbox 491 1924 2074 1989">
    <p class='ocr_par' dir='ltr' id='par_1_36' title="bbox 491 1924 2074 1989">
     <span class='ocr_line' id='line_1_36' title="bbox 491 1924 2074 1989; baseline 0.004 -14"><span class='ocrx_word' id='word_1_230' title='bbox 491 1924 809 1982; x_wconf 82' lang='lat' dir='ltr'><strong>vocitando.</strong></span> <span class='ocrx_word' id='word_1_231' title='bbox 847 1925 922 1979; x_wconf 85' lang='lat' dir='ltr'><strong>Ea</strong></span> <span class='ocrx_word' id='word_1_232' title='bbox 977 1925 1143 1981; x_wconf 86' lang='lat' dir='ltr'><strong>verba</strong></span> <span class='ocrx_word' id='word_1_233' title='bbox 1177 1942 1301 1981; x_wconf 88' lang='lat' dir='ltr'><strong>cum</strong></span> <span class='ocrx_word' id='word_1_234' title='bbox 1337 1927 1716 1989; x_wconf 80' lang='lat' dir='ltr'><strong>additamenta</strong></span> <span class='ocrx_word' id='word_1_235' title='bbox 1748 1927 2074 1982; x_wconf 88' lang='lat' dir='ltr'><strong>renuntians</strong></span> 
     </span>
    </p>
   </div>
   <div class='ocr_carea' id='block_1_37' title="bbox 490 2015 2071 2089">
    <p class='ocr_par' dir='ltr' id='par_1_37' title="bbox 490 2015 2071 2089">
     <span class='ocr_line' id='line_1_37' title="bbox 490 2015 2071 2089; baseline 0.003 -18"><span class='ocrx_word' id='word_1_236' title='bbox 490 2015 802 2086; x_wconf 64' lang='lat' dir='ltr'><strong>Antipater,</strong></span> <span class='ocrx_word' id='word_1_237' title='bbox 851 2018 1025 2086; x_wconf 89' lang='lat' dir='ltr'><strong>patris</strong></span> <span class='ocrx_word' id='word_1_238' title='bbox 1066 2034 1195 2089; x_wconf 87' lang='lat' dir='ltr'><strong>erga</strong></span> <span class='ocrx_word' id='word_1_239' title='bbox 1245 2019 1368 2075; x_wconf 85' lang='lat' dir='ltr'><strong>illos</strong></span> <span class='ocrx_word' id='word_1_240' title='bbox 1414 2020 1753 2074; x_wconf 84' lang='lat' dir='ltr'><strong>simultatem</strong></span> <span class='ocrx_word' id='word_1_241' title='bbox 1799 2018 2071 2075; x_wconf 85' lang='lat' dir='ltr'><strong>malitiose</strong></span> 
     </span>
    </p>
   </div>
   <div class='ocr_carea' id='block_1_38' title="bbox 491 2108 2070 2181">
    <p class='ocr_par' dir='ltr' id='par_1_38' title="bbox 491 2108 2070 2181">
     <span class='ocr_line' id='line_1_38' title="bbox 491 2108 2070 2181; baseline 0.001 -18"><span class='ocrx_word' id='word_1_242' title='bbox 491 2108 761 2179; x_wconf 85' lang='lat' dir='ltr'><strong>augebat:</strong></span> <span class='ocrx_word' id='word_1_243' title='bbox 805 2108 872 2164; x_wconf 89' lang='lat' dir='ltr'><strong>ab</strong></span> <span class='ocrx_word' id='word_1_244' title='bbox 913 2126 1092 2181; x_wconf 87' lang='lat' dir='ltr'><strong>eoque</strong></span> <span class='ocrx_word' id='word_1_245' title='bbox 1124 2121 1183 2165; x_wconf 90' lang='lat' dir='ltr'><strong>ut</strong></span> <span class='ocrx_word' id='word_1_246' title='bbox 1212 2109 1543 2166; x_wconf 70' lang='lat' dir='ltr'><strong>Mariammze</strong></span> <span class='ocrx_word' id='word_1_247' title='bbox 1586 2110 1728 2167; x_wconf 91' lang='lat' dir='ltr'><strong>ﬁlios</strong></span> <span class='ocrx_word' id='word_1_248' title='bbox 1772 2119 2070 2179; x_wconf 86' lang='lat' dir='ltr'><strong>premeret,</strong></span> 
     </span>
    </p>
   </div>
   <div class='ocr_carea' id='block_1_39' title="bbox 491 2198 2073 2270">
    <p class='ocr_par' dir='ltr' id='par_1_39' title="bbox 491 2198 2073 2270">
     <span class='ocr_line' id='line_1_39' title="bbox 491 2198 2073 2270; baseline 0.002 -19"><span class='ocrx_word' id='word_1_249' title='bbox 491 2198 858 2268; x_wconf 87' lang='lat' dir='ltr'><strong>amplioribus</strong></span> <span class='ocrx_word' id='word_1_250' title='bbox 878 2199 1186 2255; x_wconf 85' lang='lat' dir='ltr'><strong>honoribus</strong></span> <span class='ocrx_word' id='word_1_251' title='bbox 1201 2209 1414 2265; x_wconf 88' lang='lat' dir='ltr'><strong>auctus,</strong></span> <span class='ocrx_word' id='word_1_252' title='bbox 1436 2200 1676 2270; x_wconf 87' lang='lat' dir='ltr'><strong>denique</strong></span> <span class='ocrx_word' id='word_1_253' title='bbox 1701 2210 1874 2254; x_wconf 86' lang='lat' dir='ltr'><strong>matre</strong></span> <span class='ocrx_word' id='word_1_254' title='bbox 1897 2198 2073 2269; x_wconf 68' lang='lat' dir='ltr'><strong>ipsius</strong></span> 
     </span>
    </p>
   </div>
   <div class='ocr_carea' id='block_1_40' title="bbox 490 2289 2071 2354">
    <p class='ocr_par' dir='ltr' id='par_1_40' title="bbox 490 2289 2071 2354">
     <span class='ocr_line' id='line_1_40' title="bbox 490 2289 2071 2354; baseline 0 -9"><span class='ocrx_word' id='word_1_255' title='bbox 490 2291 657 2345; x_wconf 89' lang='lat' dir='ltr'><strong>etiam</strong></span> <span class='ocrx_word' id='word_1_256' title='bbox 705 2289 1042 2354; x_wconf 88' lang='lat' dir='ltr'><strong>introducta,</strong></span> <span class='ocrx_word' id='word_1_257' title='bbox 1073 2306 1199 2345; x_wconf 91' lang='lat' dir='ltr'><strong>eum</strong></span> <span class='ocrx_word' id='word_1_258' title='bbox 1250 2291 1443 2345; x_wconf 87' lang='lat' dir='ltr'><strong>multis</strong></span> <span class='ocrx_word' id='word_1_259' title='bbox 1474 2291 1798 2346; x_wconf 88' lang='lat' dir='ltr'><strong>muneribus</strong></span> <span class='ocrx_word' id='word_1_260' title='bbox 1844 2291 2071 2345; x_wconf 81' lang='lat' dir='ltr'><strong>Romam</strong></span> 
     </span>
    </p>
   </div>
   <div class='ocr_carea' id='block_1_41' title="bbox 489 2382 2073 2455">
    <p class='ocr_par' dir='ltr' id='par_1_41' title="bbox 489 2382 2073 2455">
     <span class='ocr_line' id='line_1_41' title="bbox 489 2382 2073 2455; baseline 0.003 -20"><span class='ocrx_word' id='word_1_261' title='bbox 489 2382 747 2446; x_wconf 89' lang='lat' dir='ltr'><strong>mittitur,</strong></span> <span class='ocrx_word' id='word_1_262' title='bbox 794 2382 1107 2451; x_wconf 68' lang='lat' dir='ltr'><strong>Cmsarique</strong></span> <span class='ocrx_word' id='word_1_263' title='bbox 1157 2383 1597 2447; x_wconf 84' lang='lat' dir='ltr'><strong>commendatur.</strong></span> <span class='ocrx_word' id='word_1_264' title='bbox 1651 2396 1705 2440; x_wconf 89' lang='lat' dir='ltr'><strong>ut</strong></span> <span class='ocrx_word' id='word_1_265' title='bbox 1748 2385 1861 2455; x_wconf 88' lang='lat' dir='ltr'><strong>jam</strong></span> <span class='ocrx_word' id='word_1_266' title='bbox 1904 2398 2073 2454; x_wconf 83' lang='lat' dir='ltr'><strong>penes</strong></span> 
     </span>
    </p>
   </div>
   <div class='ocr_carea' id='block_1_42' title="bbox 488 2472 2068 2548">
    <p class='ocr_par' dir='ltr' id='par_1_42' title="bbox 488 2472 2068 2548">
     <span class='ocr_line' id='line_1_42' title="bbox 488 2472 2068 2548; baseline 0.003 -21"><span class='ocrx_word' id='word_1_267' title='bbox 488 2472 647 2527; x_wconf 85' lang='lat' dir='ltr'><strong>illum</strong></span> <span class='ocrx_word' id='word_1_268' title='bbox 693 2489 815 2528; x_wconf 90' lang='lat' dir='ltr'><strong>esse</strong></span> <span class='ocrx_word' id='word_1_269' title='bbox 863 2475 1070 2541; x_wconf 91' lang='lat' dir='ltr'><strong>omnia,</strong></span> <span class='ocrx_word' id='word_1_270' title='bbox 1120 2476 1501 2532; x_wconf 45' lang='lat' dir='ltr'><strong>adolescentes</strong></span> <span class='ocrx_word' id='word_1_271' title='bbox 1544 2493 1677 2532; x_wconf 89' lang='lat' dir='ltr'><strong>vero</strong></span> <span class='ocrx_word' id='word_1_272' title='bbox 1724 2492 1822 2548; x_wconf 87' lang='lat' dir='ltr'><strong>spe</strong></span> <span class='ocrx_word' id='word_1_273' title='bbox 1854 2478 2068 2548; x_wconf 87' lang='lat' dir='ltr'><strong>imperii</strong></span> 
     </span>
    </p>
   </div>
   <div class='ocr_carea' id='block_1_43' title="bbox 488 2566 2072 2641">
    <p class='ocr_par' dir='ltr' id='par_1_43' title="bbox 488 2566 2072 2641">
     <span class='ocr_line' id='line_1_43' title="bbox 488 2566 2072 2641; baseline 0.004 -21"><span class='ocrx_word' id='word_1_274' title='bbox 488 2566 654 2639; x_wconf 83' lang='lat' dir='ltr'><strong>plane</strong></span> <span class='ocrx_word' id='word_1_275' title='bbox 681 2566 877 2637; x_wconf 70' lang='lat' dir='ltr'><strong>deiecti</strong></span> <span class='ocrx_word' id='word_1_276' title='bbox 910 2566 1253 2624; x_wconf 84' lang='lat' dir='ltr'><strong>viderentur.</strong></span> <span class='ocrx_word' id='word_1_277' title='bbox 1297 2568 1565 2624; x_wconf 61' lang='lat' dir='ltr'><strong>Caeterum</strong></span> <span class='ocrx_word' id='word_1_278' title='bbox 1607 2571 1895 2641; x_wconf 81' lang='lat' dir='ltr'><strong>Antipater</strong></span> <span class='ocrx_word' id='word_1_279' title='bbox 1924 2571 2072 2626; x_wconf 55' lang='lat' dir='ltr'><strong>veri.</strong></span> 
     </span>
    </p>
   </div>
   <div class='ocr_carea' id='block_1_44' title="bbox 487 2657 2073 2732">
    <p class='ocr_par' dir='ltr' id='par_1_44' title="bbox 487 2657 2073 2732">
     <span class='ocr_line' id='line_1_44' title="bbox 487 2657 2073 2732; baseline 0.004 -22"><span class='ocrx_word' id='word_1_280' title='bbox 487 2667 601 2721; x_wconf 88' lang='lat' dir='ltr'><strong>tus,</strong></span> <span class='ocrx_word' id='word_1_281' title='bbox 650 2671 720 2712; x_wconf 91' lang='lat' dir='ltr'><strong>ne</strong></span> <span class='ocrx_word' id='word_1_282' title='bbox 753 2672 813 2712; x_wconf 89' lang='lat' dir='ltr'><strong>se</strong></span> <span class='ocrx_word' id='word_1_283' title='bbox 863 2657 1088 2713; x_wconf 90' lang='lat' dir='ltr'><strong>absente</strong></span> <span class='ocrx_word' id='word_1_284' title='bbox 1119 2668 1275 2728; x_wconf 85' lang='lat' dir='ltr'><strong>pater</strong></span> <span class='ocrx_word' id='word_1_285' title='bbox 1320 2660 1649 2717; x_wconf 71' lang='lat' dir='ltr'><strong>Mariammze</strong></span> <span class='ocrx_word' id='word_1_286' title='bbox 1699 2661 1825 2718; x_wconf 88' lang='lat' dir='ltr'><strong>ﬁliis</strong></span> <span class='ocrx_word' id='word_1_287' title='bbox 1863 2662 2073 2732; x_wconf 82' lang='lat' dir='ltr'><strong>aequior</strong></span> 
     </span>
    </p>
   </div>
   <div class='ocr_carea' id='block_1_45' title="bbox 486 2748 2073 2810">
    <p class='ocr_par' dir='ltr' id='par_1_45' title="bbox 486 2748 2073 2810">
     <span class='ocr_line' id='line_1_45' title="bbox 486 2748 2073 2810; baseline 0.003 -6"><span class='ocrx_word' id='word_1_288' title='bbox 486 2748 685 2804; x_wconf 87' lang='lat' dir='ltr'><strong>ﬁeret:</strong></span> <span class='ocrx_word' id='word_1_289' title='bbox 743 2764 845 2804; x_wconf 87' lang='lat' dir='ltr'><strong>nec</strong></span> <span class='ocrx_word' id='word_1_290' title='bbox 896 2749 950 2803; x_wconf 93' lang='lat' dir='ltr'><strong>in</strong></span> <span class='ocrx_word' id='word_1_291' title='bbox 1012 2750 1212 2807; x_wconf 83' lang='lat' dir='ltr'><strong>itinere</strong></span> <span class='ocrx_word' id='word_1_292' title='bbox 1250 2752 1485 2808; x_wconf 89' lang='lat' dir='ltr'><strong>subinde</strong></span> <span class='ocrx_word' id='word_1_293' title='bbox 1530 2752 1597 2807; x_wconf 89' lang='lat' dir='ltr'><strong>ad</strong></span> <span class='ocrx_word' id='word_1_294' title='bbox 1648 2769 1775 2808; x_wconf 90' lang='lat' dir='ltr'><strong>eum</strong></span> <span class='ocrx_word' id='word_1_295' title='bbox 1827 2752 2073 2810; x_wconf 85' lang='lat' dir='ltr'><strong>scribere</strong></span> 
     </span>
    </p>
   </div>
   <div class='ocr_carea' id='block_1_46' title="bbox 488 2840 2068 2914">
    <p class='ocr_par' dir='ltr' id='par_1_46' title="bbox 488 2840 2068 2914">
     <span class='ocr_line' id='line_1_46' title="bbox 488 2840 2068 2914; baseline 0.003 -18"><span class='ocrx_word' id='word_1_296' title='bbox 488 2840 725 2907; x_wconf 86' lang='lat' dir='ltr'><strong>destitit,</strong></span> <span class='ocrx_word' id='word_1_297' title='bbox 749 2850 807 2898; x_wconf 91' lang='lat' dir='ltr'><strong>et</strong></span> <span class='ocrx_word' id='word_1_298' title='bbox 835 2844 956 2914; x_wconf 82' lang='lat' dir='ltr'><strong>ejus</strong></span> <span class='ocrx_word' id='word_1_299' title='bbox 983 2842 1302 2900; x_wconf 86' lang='lat' dir='ltr'><strong>inimicitias</strong></span> <span class='ocrx_word' id='word_1_300' title='bbox 1323 2857 1513 2901; x_wconf 86' lang='lat' dir='ltr'><strong>contra</strong></span> <span class='ocrx_word' id='word_1_301' title='bbox 1543 2846 1741 2901; x_wconf 77' lang='lat' dir='ltr'><strong>fratres</strong></span> <span class='ocrx_word' id='word_1_302' title='bbox 1760 2861 2031 2902; x_wconf 79' lang='lat' dir='ltr'><strong>exacuere</strong></span> <span class='ocrx_word' id='word_1_303' title='bbox 2053 2862 2068 2901; x_wconf 88' lang='lat'><strong>:</strong></span> 
     </span>
    </p>
   </div>
   <div class='ocr_carea' id='block_1_47' title="bbox 486 2934 2074 3011">
    <p class='ocr_par' dir='ltr' id='par_1_47' title="bbox 486 2934 2074 3011">
     <span class='ocr_line' id='line_1_47' title="bbox 486 2934 2074 3011; baseline 0.004 -20"><span class='ocrx_word' id='word_1_304' title='bbox 486 2934 665 2992; x_wconf 88' lang='lat' dir='ltr'><strong>donec</strong></span> <span class='ocrx_word' id='word_1_305' title='bbox 717 2937 998 3008; x_wconf 71' lang='lat' dir='ltr'><strong>perpulit,</strong></span> <span class='ocrx_word' id='word_1_306' title='bbox 1039 2947 1098 2993; x_wconf 88' lang='lat' dir='ltr'><strong>ut</strong></span> <span class='ocrx_word' id='word_1_307' title='bbox 1147 2937 1265 3009; x_wconf 89' lang='lat' dir='ltr'><strong>ipse</strong></span> <span class='ocrx_word' id='word_1_308' title='bbox 1312 2940 1538 2994; x_wconf 80' lang='lat' dir='ltr'><strong>ltomam</strong></span> <span class='ocrx_word' id='word_1_309' title='bbox 1580 2940 1895 3011; x_wconf 82' lang='lat' dir='ltr'><strong>navigaret.</strong></span> <span class='ocrx_word' id='word_1_310' title='bbox 1930 2939 2074 2997; x_wconf 82' lang='lat' dir='ltr'><strong>ﬁlios</strong></span> 
     </span>
    </p>
   </div>
   <div class='ocr_carea' id='block_1_48' title="bbox 486 3026 2073 3097">
    <p class='ocr_par' dir='ltr' id='par_1_48' title="bbox 486 3026 2073 3097">
     <span class='ocr_line' id='line_1_48' title="bbox 486 3026 2073 3097; baseline 0.004 -16"><span class='ocrx_word' id='word_1_311' title='bbox 486 3026 633 3097; x_wconf 87' lang='lat' dir='ltr'><strong>apud</strong></span> <span class='ocrx_word' id='word_1_312' title='bbox 664 3026 934 3085; x_wconf 65' lang='lat' dir='ltr'><strong>Caesarem</strong></span> <span class='ocrx_word' id='word_1_313' title='bbox 974 3041 1317 3084; x_wconf 84' lang='lat' dir='ltr'><strong>accusatum.</strong></span> <span class='ocrx_word' id='word_1_314' title='bbox 1347 3030 1497 3097; x_wconf 84' lang='lat' dir='ltr'><strong>Quos</strong></span> <span class='ocrx_word' id='word_1_315' title='bbox 1528 3046 1651 3085; x_wconf 90' lang='lat' dir='ltr'><strong>cum</strong></span> <span class='ocrx_word' id='word_1_316' title='bbox 1682 3046 1869 3087; x_wconf 85' lang='lat' dir='ltr'><strong>secum</strong></span> <span class='ocrx_word' id='word_1_317' title='bbox 1901 3031 2073 3087; x_wconf 91' lang='lat' dir='ltr'><strong>addu-</strong></span> 
     </span>
    </p>
   </div>
   <div class='ocr_carea' id='block_1_49' title="bbox 485 3120 2139 3210">
    <p class='ocr_par' dir='ltr' id='par_1_49' title="bbox 485 3120 2139 3210">
     <span class='ocr_line' id='line_1_49' title="bbox 485 3120 2139 3210; baseline 0.003 -36"><span class='ocrx_word' id='word_1_318' title='bbox 485 3120 680 3184; x_wconf 78' lang='lat' dir='ltr'><strong>xisset,</strong></span> <span class='ocrx_word' id='word_1_319' title='bbox 710 3120 779 3176; x_wconf 93' lang='lat' dir='ltr'><strong>de</strong></span> <span class='ocrx_word' id='word_1_320' title='bbox 808 3136 1001 3175; x_wconf 92' lang='lat' dir='ltr'><strong>eorum</strong></span> <span class='ocrx_word' id='word_1_321' title='bbox 1049 3121 1332 3192; x_wconf 90' lang='lat' dir='ltr'><strong>deplorata</strong></span> <span class='ocrx_word' id='word_1_322' title='bbox 1361 3122 1546 3176; x_wconf 85' lang='lat' dir='ltr'><strong>indole</strong></span> <span class='ocrx_word' id='word_1_323' title='bbox 1585 3123 1943 3193; x_wconf 88' lang='lat' dir='ltr'><strong>querebatur,</strong></span> <span class='ocrx_word' id='word_1_324' title='bbox 1973 3124 2066 3194; x_wconf 92' lang='lat' dir='ltr'><strong>qui</strong></span> <span class='ocrx_word' id='word_1_325' title='bbox 2095 3150 2139 3210; x_wconf 66' lang='grc' dir='ltr'>α</span> 
     </span>
    </p>
   </div>
   <div class='ocr_carea' id='block_1_50' title="bbox 486 3213 2067 3286">
    <p class='ocr_par' dir='ltr' id='par_1_50' title="bbox 486 3213 2067 3286">
     <span class='ocr_line' id='line_1_50' title="bbox 486 3213 2067 3286; baseline 0.004 -21"><span class='ocrx_word' id='word_1_326' title='bbox 486 3218 698 3280; x_wconf 90' lang='lat' dir='ltr'><strong>patrem</strong></span> <span class='ocrx_word' id='word_1_327' title='bbox 728 3213 879 3266; x_wconf 85' lang='lat' dir='ltr'><strong>exosi</strong></span> <span class='ocrx_word' id='word_1_328' title='bbox 915 3213 1145 3282; x_wconf 81' lang='lat' dir='ltr'><strong>ejusque</strong></span> <span class='ocrx_word' id='word_1_329' title='bbox 1180 3213 1488 3283; x_wconf 89' lang='lat' dir='ltr'><strong>perimendi</strong></span> <span class='ocrx_word' id='word_1_330' title='bbox 1518 3215 1687 3279; x_wconf 80' lang='lat' dir='ltr'><strong>avidi,</strong></span> <span class='ocrx_word' id='word_1_331' title='bbox 1721 3232 1950 3286; x_wconf 81' lang='lat' dir='ltr'><strong>regnum</strong></span> <span class='ocrx_word' id='word_1_332' title='bbox 1983 3217 2067 3272; x_wconf 90' lang='lat' dir='ltr'><strong>af-</strong></span> 
     </span>
    </p>
   </div>
   <div class='ocr_carea' id='block_1_51' title="bbox 486 3292 2070 3380">
    <p class='ocr_par' dir='ltr' id='par_1_51' title="bbox 486 3292 2070 3380">
     <span class='ocr_line' id='line_1_51' title="bbox 486 3292 2070 3380; baseline 0.004 -21"><span class='ocrx_word' id='word_1_333' title='bbox 486 3303 778 3359; x_wconf 83' lang='lat' dir='ltr'><strong>lectarent.</strong></span> <span class='ocrx_word' id='word_1_334' title='bbox 821 3305 1217 3361; x_wconf 81' lang='lat' dir='ltr'><strong>Adulescentes</strong></span> <span class='ocrx_word' id='word_1_335' title='bbox 1263 3321 1393 3361; x_wconf 88' lang='lat' dir='ltr'><strong>vero</strong></span> <span class='ocrx_word' id='word_1_336' title='bbox 1432 3316 1587 3376; x_wconf 85' lang='lat' dir='ltr'><strong>patre</strong></span> <span class='ocrx_word' id='word_1_337' title='bbox 1625 3292 1846 3380; x_wconf 85' lang='lat' dir='ltr'><strong>quoque</strong></span> <span class='ocrx_word' id='word_1_338' title='bbox 1888 3309 2070 3366; x_wconf 83' lang='lat' dir='ltr'><strong>adhuc</strong></span> 
     </span>
    </p>
   </div>
   <div class='ocr_carea' id='block_1_52' title="bbox 486 3396 2068 3469">
    <p class='ocr_par' dir='ltr' id='par_1_52' title="bbox 486 3396 2068 3469">
     <span class='ocr_line' id='line_1_52' title="bbox 486 3396 2068 3469; baseline 0.004 -18"><span class='ocrx_word' id='word_1_339' title='bbox 486 3396 706 3453; x_wconf 91' lang='lat' dir='ltr'><strong>dicente</strong></span> <span class='ocrx_word' id='word_1_340' title='bbox 736 3397 978 3452; x_wconf 79' lang='lat' dir='ltr'><strong>flebant:</strong></span> <span class='ocrx_word' id='word_1_341' title='bbox 1021 3407 1078 3453; x_wconf 89' lang='lat' dir='ltr'><strong>et</strong></span> <span class='ocrx_word' id='word_1_342' title='bbox 1122 3398 1341 3453; x_wconf 84' lang='lat' dir='ltr'><strong>tandem</strong></span> <span class='ocrx_word' id='word_1_343' title='bbox 1391 3399 1765 3469; x_wconf 84' lang='lat' dir='ltr'><strong>suspirabant,</strong></span> <span class='ocrx_word' id='word_1_344' title='bbox 1809 3401 1970 3456; x_wconf 85' lang='lat' dir='ltr'><strong>veriti</strong></span> <span class='ocrx_word' id='word_1_345' title='bbox 2001 3417 2068 3457; x_wconf 92' lang='lat' dir='ltr'><strong>ne</strong></span> 
     </span>
    </p>
   </div>
   <div class='ocr_carea' id='block_1_53' title="bbox 486 3487 2068 3550">
    <p class='ocr_par' dir='ltr' id='par_1_53' title="bbox 486 3487 2068 3550">
     <span class='ocr_line' id='line_1_53' title="bbox 486 3487 2068 3550; baseline 0.004 -7"><span class='ocrx_word' id='word_1_346' title='bbox 486 3487 766 3543; x_wconf 85' lang='lat' dir='ltr'><strong>silentium</strong></span> <span class='ocrx_word' id='word_1_347' title='bbox 809 3504 969 3544; x_wconf 86' lang='lat' dir='ltr'><strong>suum</strong></span> <span class='ocrx_word' id='word_1_348' title='bbox 1019 3488 1291 3545; x_wconf 80' lang='lat' dir='ltr'><strong>confessio</strong></span> <span class='ocrx_word' id='word_1_349' title='bbox 1336 3490 1584 3547; x_wconf 91' lang='lat' dir='ltr'><strong>criminis</strong></span> <span class='ocrx_word' id='word_1_350' title='bbox 1629 3500 1686 3548; x_wconf 93' lang='lat' dir='ltr'><strong>et</strong></span> <span class='ocrx_word' id='word_1_351' title='bbox 1717 3494 2068 3550; x_wconf 79' lang='lat' dir='ltr'><strong>conscientia:</strong></span> 
     </span>
    </p>
   </div>
   <div class='ocr_carea' id='block_1_54' title="bbox 484 3582 2071 3652">
    <p class='ocr_par' dir='ltr' id='par_1_54' title="bbox 484 3582 2071 3652">
     <span class='ocr_line' id='line_1_54' title="bbox 484 3582 2071 3652; baseline 0.005 -16"><span class='ocrx_word' id='word_1_352' title='bbox 484 3590 871 3652; x_wconf 86' lang='lat' dir='ltr'><strong>argumentum</strong></span> <span class='ocrx_word' id='word_1_353' title='bbox 905 3582 1223 3637; x_wconf 86' lang='lat' dir='ltr'><strong>haberetur.</strong></span> <span class='ocrx_word' id='word_1_354' title='bbox 1255 3583 1325 3640; x_wconf 90' lang='lat' dir='ltr'><strong>Ut</strong></span> <span class='ocrx_word' id='word_1_355' title='bbox 1352 3594 1535 3640; x_wconf 91' lang='lat' dir='ltr'><strong>autem</strong></span> <span class='ocrx_word' id='word_1_356' title='bbox 1566 3595 1620 3640; x_wconf 92' lang='lat' dir='ltr'><strong>et</strong></span> <span class='ocrx_word' id='word_1_357' title='bbox 1646 3585 1879 3642; x_wconf 75' lang='lat' dir='ltr'><strong>Caesaris</strong></span> <span class='ocrx_word' id='word_1_358' title='bbox 1903 3587 2071 3644; x_wconf 78' lang='lat' dir='ltr'><strong>bene—</strong></span> 
     </span>
    </p>
   </div>
   <div class='ocr_carea' id='block_1_55' title="bbox 488 3674 2066 3749">
    <p class='ocr_par' dir='ltr' id='par_1_55' title="bbox 488 3674 2066 3749">
     <span class='ocr_line' id='line_1_55' title="bbox 488 3674 2066 3749; baseline 0.005 -21"><span class='ocrx_word' id='word_1_359' title='bbox 488 3674 808 3741; x_wconf 60' lang='lat' dir='ltr'><strong>volentiam,</strong></span> <span class='ocrx_word' id='word_1_360' title='bbox 846 3683 902 3729; x_wconf 89' lang='lat' dir='ltr'><strong>et</strong></span> <span class='ocrx_word' id='word_1_361' title='bbox 945 3675 1180 3729; x_wconf 87' lang='lat' dir='ltr'><strong>aliorum</strong></span> <span class='ocrx_word' id='word_1_362' title='bbox 1230 3675 1498 3749; x_wconf 85' lang='lat' dir='ltr'><strong>laerymas</strong></span> <span class='ocrx_word' id='word_1_363' title='bbox 1542 3687 1597 3733; x_wconf 90' lang='lat' dir='ltr'><strong>et</strong></span> <span class='ocrx_word' id='word_1_364' title='bbox 1626 3680 2066 3736; x_wconf 87' lang='lat' dir='ltr'><strong>commiseratio-</strong></span> 
     </span>
    </p>
   </div>
   <div class='ocr_carea' id='block_1_56' title="bbox 484 3766 2067 3827">
    <p class='ocr_par' dir='ltr' id='par_1_56' title="bbox 484 3766 2067 3827">
     <span class='ocr_line' id='line_1_56' title="bbox 484 3766 2067 3827; baseline 0.003 -5"><span class='ocrx_word' id='word_1_365' title='bbox 484 3782 610 3822; x_wconf 87' lang='lat' dir='ltr'><strong>nem</strong></span> <span class='ocrx_word' id='word_1_366' title='bbox 637 3766 880 3820; x_wconf 92' lang='lat' dir='ltr'><strong>omnium</strong></span> <span class='ocrx_word' id='word_1_367' title='bbox 906 3766 1418 3823; x_wconf 78' lang='lat' dir='ltr'><strong>animadverterunt</strong></span> <span class='ocrx_word' id='word_1_368' title='bbox 1443 3787 1456 3822; x_wconf 88' lang='lat'><strong>:</strong></span> <span class='ocrx_word' id='word_1_369' title='bbox 1488 3770 1796 3825; x_wconf 74' lang='lat' dir='ltr'><strong>Alexander</strong></span> <span class='ocrx_word' id='word_1_370' title='bbox 1821 3773 2067 3827; x_wconf 84' lang='lat' dir='ltr'><strong>oratione</strong></span> 
     </span>
    </p>
   </div>
   <div class='ocr_carea' id='block_1_57' title="bbox 484 3858 2065 3934">
    <p class='ocr_par' dir='ltr' id='par_1_57' title="bbox 484 3858 2065 3934">
     <span class='ocr_line' id='line_1_57' title="bbox 484 3858 2065 3934; baseline 0.005 -22"><span class='ocrx_word' id='word_1_371' title='bbox 484 3858 551 3912; x_wconf 88' lang='lat' dir='ltr'><strong>ad</strong></span> <span class='ocrx_word' id='word_1_372' title='bbox 584 3870 795 3928; x_wconf 90' lang='lat' dir='ltr'><strong>patrem</strong></span> <span class='ocrx_word' id='word_1_373' title='bbox 828 3858 1101 3923; x_wconf 86' lang='lat' dir='ltr'><strong>instituta,</strong></span> <span class='ocrx_word' id='word_1_374' title='bbox 1131 3860 1362 3915; x_wconf 75' lang='lat' dir='ltr'><strong>crimina</strong></span> <span class='ocrx_word' id='word_1_375' title='bbox 1387 3861 1552 3934; x_wconf 67' lang='grc'><strong>246</strong></span> <span class='ocrx_word' id='word_1_376' title='bbox 1576 3863 1786 3920; x_wconf 90' lang='lat' dir='ltr'><strong>diluere</strong></span> <span class='ocrx_word' id='word_1_377' title='bbox 1814 3880 2065 3933; x_wconf 75' lang='lat' dir='ltr'><strong>exorsus,</strong></span> 
     </span>
    </p>
   </div>
   <div class='ocr_carea' id='block_1_58' title="bbox 485 3949 2066 4028">
    <p class='ocr_par' dir='ltr' id='par_1_58' title="bbox 485 3949 2066 4028">
     <span class='ocr_line' id='line_1_58' title="bbox 485 3949 2066 4028; baseline 0.006 -25"><span class='ocrx_word' id='word_1_378' title='bbox 485 3965 611 4004; x_wconf 89' lang='lat' dir='ltr'><strong>eum</strong></span> <span class='ocrx_word' id='word_1_379' title='bbox 640 3949 1002 4019; x_wconf 85' lang='lat' dir='ltr'><strong>probabiliter</strong></span> <span class='ocrx_word' id='word_1_380' title='bbox 1023 3952 1409 4007; x_wconf 84' lang='lat' dir='ltr'><strong>disseruisset:</strong></span> <span class='ocrx_word' id='word_1_381' title='bbox 1436 3953 1632 4015; x_wconf 72' lang='lat' dir='ltr'><strong>Cmsar.</strong></span> <span class='ocrx_word' id='word_1_382' title='bbox 1661 3956 1752 4027; x_wconf 89' lang='lat' dir='ltr'><strong>qui</strong></span> <span class='ocrx_word' id='word_1_383' title='bbox 1782 3969 1908 4013; x_wconf 88' lang='lat' dir='ltr'><strong>ante</strong></span> <span class='ocrx_word' id='word_1_384' title='bbox 1928 3974 2066 4028; x_wconf 87' lang='lat' dir='ltr'><strong>quo-</strong></span> 
     </span>
    </p>
   </div>
   <div class='ocr_carea' id='block_1_59' title="bbox 487 4043 2067 4112">
    <p class='ocr_par' dir='ltr' id='par_1_59' title="bbox 487 4043 2067 4112">
     <span class='ocr_line' id='line_1_59' title="bbox 487 4043 2067 4112; baseline 0.004 -15"><span class='ocrx_word' id='word_1_385' title='bbox 487 4059 595 4112; x_wconf 91' lang='lat' dir='ltr'><strong>que</strong></span> <span class='ocrx_word' id='word_1_386' title='bbox 620 4043 857 4097; x_wconf 82' lang='lat' dir='ltr'><strong>illorum</strong></span> <span class='ocrx_word' id='word_1_387' title='bbox 882 4043 1362 4099; x_wconf 87' lang='lat' dir='ltr'><strong>criminationibus</strong></span> <span class='ocrx_word' id='word_1_388' title='bbox 1412 4060 1521 4100; x_wconf 91' lang='lat' dir='ltr'><strong>non</strong></span> <span class='ocrx_word' id='word_1_389' title='bbox 1574 4048 1919 4112; x_wconf 88' lang='lat' dir='ltr'><strong>credidisset,</strong></span> <span class='ocrx_word' id='word_1_390' title='bbox 1952 4065 2067 4104; x_wconf 89' lang='lat' dir='ltr'><strong>ma-</strong></span> 
     </span>
    </p>
   </div>
   <div class='ocr_carea' id='block_1_60' title="bbox 485 4131 2065 4202">
    <p class='ocr_par' dir='ltr' id='par_1_60' title="bbox 485 4131 2065 4202">
     <span class='ocr_line' id='line_1_60' title="bbox 485 4131 2065 4202; baseline 0.006 -17"><span class='ocrx_word' id='word_1_391' title='bbox 485 4133 570 4202; x_wconf 86' lang='lat' dir='ltr'><strong>gis</strong></span> <span class='ocrx_word' id='word_1_392' title='bbox 602 4131 656 4186; x_wconf 91' lang='lat' dir='ltr'><strong>in</strong></span> <span class='ocrx_word' id='word_1_393' title='bbox 709 4148 772 4187; x_wconf 90' lang='lat' dir='ltr'><strong>ea</strong></span> <span class='ocrx_word' id='word_1_394' title='bbox 816 4132 1089 4188; x_wconf 87' lang='lat' dir='ltr'><strong>sententia</strong></span> <span class='ocrx_word' id='word_1_395' title='bbox 1141 4133 1520 4201; x_wconf 88' lang='lat' dir='ltr'><strong>conﬁrmatus,</strong></span> <span class='ocrx_word' id='word_1_396' title='bbox 1563 4137 1831 4193; x_wconf 91' lang='lat' dir='ltr'><strong>llerodcm</strong></span> <span class='ocrx_word' id='word_1_397' title='bbox 1886 4139 2065 4194; x_wconf 87' lang='lat' dir='ltr'><strong>conti-</strong></span> 
     </span>
    </p>
   </div>
   <div class='ocr_carea' id='block_1_61' title="bbox 485 4224 2065 4298">
    <p class='ocr_par' dir='ltr' id='par_1_61' title="bbox 485 4224 2065 4298">
     <span class='ocr_line' id='line_1_61' title="bbox 485 4224 2065 4298; baseline 0.004 -20"><span class='ocrx_word' id='word_1_398' title='bbox 485 4233 685 4279; x_wconf 86' lang='lat' dir='ltr'><strong>nenter</strong></span> <span class='ocrx_word' id='word_1_399' title='bbox 728 4224 1011 4278; x_wconf 89' lang='lat' dir='ltr'><strong>intuetur:</strong></span> <span class='ocrx_word' id='word_1_400' title='bbox 1054 4240 1217 4294; x_wconf 89' lang='lat' dir='ltr'><strong>quem</strong></span> <span class='ocrx_word' id='word_1_401' title='bbox 1265 4241 1390 4280; x_wconf 91' lang='lat' dir='ltr'><strong>cum</strong></span> <span class='ocrx_word' id='word_1_402' title='bbox 1422 4235 1477 4281; x_wconf 89' lang='lat' dir='ltr'><strong>et</strong></span> <span class='ocrx_word' id='word_1_403' title='bbox 1518 4227 1695 4298; x_wconf 88' lang='lat' dir='ltr'><strong>ipsum</strong></span> <span class='ocrx_word' id='word_1_404' title='bbox 1745 4231 2065 4284; x_wconf 83' lang='lat' dir='ltr'><strong>subtristem</strong></span> 
     </span>
    </p>
   </div>
   <div class='ocr_carea' id='block_1_62' title="bbox 488 4318 2067 4401">
    <p class='ocr_par' dir='ltr' id='par_1_62' title="bbox 488 4318 2067 4401">
     <span class='ocr_line' id='line_1_62' title="bbox 488 4318 2067 4401; baseline 0.002 -30"><span class='ocrx_word' id='word_1_405' title='bbox 488 4324 758 4380; x_wconf 89' lang='lat' dir='ltr'><strong>cerneret,</strong></span> <span class='ocrx_word' id='word_1_406' title='bbox 792 4332 855 4371; x_wconf 87' lang='lat' dir='ltr'><strong>ac</strong></span> <span class='ocrx_word' id='word_1_407' title='bbox 884 4318 1290 4386; x_wconf 89' lang='lat' dir='ltr'><strong>spectatoribus</strong></span> <span class='ocrx_word' id='word_1_408' title='bbox 1331 4319 1716 4401; x_wconf 53' lang='lat' dir='ltr'><strong>aestuantibus,</strong></span> <span class='ocrx_word' id='word_1_409' title='bbox 1747 4322 2067 4376; x_wconf 87' lang='lat' dir='ltr'><strong>adolescen-</strong></span> 
     </span>
    </p>
   </div>
   <div class='ocr_carea' id='block_1_63' title="bbox 489 4407 2066 4483">
    <p class='ocr_par' dir='ltr' id='par_1_63' title="bbox 489 4407 2066 4483">
     <span class='ocr_line' id='line_1_63' title="bbox 489 4407 2066 4483; baseline 0.003 -21"><span class='ocrx_word' id='word_1_410' title='bbox 489 4407 640 4463; x_wconf 74' lang='lat' dir='ltr'><strong>tibus</strong></span> <span class='ocrx_word' id='word_1_411' title='bbox 664 4409 735 4462; x_wconf 90' lang='lat' dir='ltr'><strong>ait</strong></span> <span class='ocrx_word' id='word_1_412' title='bbox 763 4425 777 4462; x_wconf 91' lang='lat'><strong>:</strong></span> <span class='ocrx_word' id='word_1_413' title='bbox 820 4407 935 4462; x_wconf 87' lang='lat' dir='ltr'><strong>Etsi</strong></span> <span class='ocrx_word' id='word_1_414' title='bbox 966 4424 1085 4463; x_wconf 84' lang='lat' dir='ltr'><strong>sese</strong></span> <span class='ocrx_word' id='word_1_415' title='bbox 1136 4409 1387 4465; x_wconf 80' lang='lat' dir='ltr'><strong>criminis</strong></span> <span class='ocrx_word' id='word_1_416' title='bbox 1417 4414 1642 4467; x_wconf 91' lang='lat' dir='ltr'><strong>omnino</strong></span> <span class='ocrx_word' id='word_1_417' title='bbox 1667 4423 1916 4483; x_wconf 74' lang='lat' dir='ltr'><strong>expertes</strong></span> <span class='ocrx_word' id='word_1_418' title='bbox 1946 4428 2066 4468; x_wconf 83' lang='lat' dir='ltr'><strong>esse</strong></span> 
     </span>
    </p>
   </div>
   <div class='ocr_carea' id='block_1_64' title="bbox 2173 1911 3757 1986">
    <p class='ocr_par' dir='ltr' id='par_1_64' title="bbox 2173 1911 3757 1986">
     <span class='ocr_line' id='line_1_64' title="bbox 2173 1911 3757 1986; baseline -0.003 -15"><span class='ocrx_word' id='word_1_419' title='bbox 2173 1918 2281 1972; x_wconf 76' lang='grc' dir='ltr'>οὐδ’</span> <span class='ocrx_word' id='word_1_420' title='bbox 2317 1916 2375 1981; x_wconf 75' lang='grc' dir='ltr'>ἐξ</span> <span class='ocrx_word' id='word_1_421' title='bbox 2399 1916 2644 1984; x_wconf 74' lang='grc' dir='ltr'>ἀνάγκης</span> <span class='ocrx_word' id='word_1_422' title='bbox 2672 1917 2705 1986; x_wconf 82' lang='grc' dir='ltr'><strong>ἡ</strong></span> <span class='ocrx_word' id='word_1_423' title='bbox 2733 1913 2957 1985; x_wconf 80' lang='grc' dir='ltr'>διαδοχὴ</span> <span class='ocrx_word' id='word_1_424' title='bbox 2990 1916 3089 1982; x_wconf 75' lang='grc' dir='ltr'>τῆς</span> <span class='ocrx_word' id='word_1_425' title='bbox 3125 1912 3408 1982; x_wconf 79' lang='grc' dir='ltr'><strong>βασιλείας</strong></span> <span class='ocrx_word' id='word_1_426' title='bbox 3454 1911 3757 1980; x_wconf 75' lang='grc' dir='ltr'>ὀφεέλεται.</span> 
     </span>
    </p>
   </div>
   <div class='ocr_carea' id='block_1_65' title="bbox 2173 2004 3761 2078">
    <p class='ocr_par' dir='ltr' id='par_1_65' title="bbox 2173 2004 3761 2078">
     <span class='ocr_line' id='line_1_65' title="bbox 2173 2004 3761 2078; baseline -0.004 -14"><span class='ocrx_word' id='word_1_427' title='bbox 2173 2010 2339 2064; x_wconf 74' lang='grc' dir='ltr'>Ὅθεν</span> <span class='ocrx_word' id='word_1_428' title='bbox 2366 2009 2440 2072; x_wconf 85' lang='grc' dir='ltr'>ὡς</span> <span class='ocrx_word' id='word_1_429' title='bbox 2470 2008 2696 2078; x_wconf 74' lang='grc' dir='ltr'>ἔφεδρόν</span> <span class='ocrx_word' id='word_1_430' title='bbox 2738 2025 2862 2062; x_wconf 88' lang='grc' dir='ltr'>τινα</span> <span class='ocrx_word' id='word_1_431' title='bbox 2908 2010 3001 2063; x_wconf 71' lang='grc' dir='ltr'><strong>τὸν</strong></span> <span class='ocrx_word' id='word_1_432' title='bbox 3034 2007 3390 2076; x_wconf 73' lang='grc' dir='ltr'>Ἀντίπατρον</span> <span class='ocrx_word' id='word_1_433' title='bbox 3458 2004 3761 2076; x_wconf 68' lang='grc' dir='ltr'>ἐπεισήγα-</span> 
     </span>
    </p>
   </div>
   <div class='ocr_carea' id='block_1_66' title="bbox 2171 2097 3760 2173">
    <p class='ocr_par' dir='ltr' id='par_1_66' title="bbox 2171 2097 3760 2173">
     <span class='ocr_line' id='line_1_66' title="bbox 2171 2097 3760 2173; baseline -0.004 -16"><span class='ocrx_word' id='word_1_434' title='bbox 2171 2120 2292 2173; x_wconf 83' lang='grc' dir='ltr'>γεν.</span> <span class='ocrx_word' id='word_1_435' title='bbox 2336 2102 2393 2156; x_wconf 87' lang='lat'><strong>&#39;0</strong></span> <span class='ocrx_word' id='word_1_436' title='bbox 2420 2102 2476 2155; x_wconf 73' lang='grc' dir='ltr'>δὲ</span> <span class='ocrx_word' id='word_1_437' title='bbox 2507 2101 2678 2164; x_wconf 79' lang='grc' dir='ltr'>δεινὸς</span> <span class='ocrx_word' id='word_1_438' title='bbox 2707 2099 2805 2163; x_wconf 85' lang='grc' dir='ltr'><strong>ὢν,</strong></span> <span class='ocrx_word' id='word_1_439' title='bbox 2836 2100 2960 2153; x_wconf 73' lang='grc' dir='ltr'>ἐπεὶ</span> <span class='ocrx_word' id='word_1_440' title='bbox 2994 2100 3316 2173; x_wconf 71' lang='grc' dir='ltr'>παρρησίας</span> <span class='ocrx_word' id='word_1_441' title='bbox 3343 2097 3592 2162; x_wconf 69' lang='grc' dir='ltr'>ἐλάϐετο,</span> <span class='ocrx_word' id='word_1_442' title='bbox 3622 2098 3760 2167; x_wconf 81' lang='grc' dir='ltr'>μίαν</span> 
     </span>
    </p>
   </div>
   <div class='ocr_carea' id='block_1_67' title="bbox 2175 2173 3759 2265">
    <p class='ocr_par' dir='ltr' id='par_1_67' title="bbox 2175 2173 3759 2265">
     <span class='ocr_line' id='line_1_67' title="bbox 2175 2173 3759 2265; baseline -0.005 -17"><span class='ocrx_word' id='word_1_443' title='bbox 2175 2194 2337 2265; x_wconf 73' lang='grc' dir='ltr'>ἔσχεν</span> <span class='ocrx_word' id='word_1_444' title='bbox 2368 2193 2651 2255; x_wconf 83' lang='grc' dir='ltr'>ὑπόθεσιν,</span> <span class='ocrx_word' id='word_1_445' title='bbox 2687 2191 2915 2263; x_wconf 69' lang='grc' dir='ltr'>ἔχεσθαι</span> <span class='ocrx_word' id='word_1_446' title='bbox 2941 2173 3036 2245; x_wconf 82' lang='grc' dir='ltr'><strong>τοῦ</strong></span> <span class='ocrx_word' id='word_1_447' title='bbox 3081 2191 3310 2262; x_wconf 81' lang='grc' dir='ltr'>πατρὸς,</span> <span class='ocrx_word' id='word_1_448' title='bbox 3340 2188 3571 2242; x_wconf 74' lang='grc' dir='ltr'>καὶτῶν</span> <span class='ocrx_word' id='word_1_449' title='bbox 3595 2189 3759 2241; x_wconf 83' lang='grc' dir='ltr'>ἀδελ-</span> 
     </span>
    </p>
   </div>
   <div class='ocr_carea' id='block_1_68' title="bbox 2174 2275 3762 2358">
    <p class='ocr_par' dir='ltr' id='par_1_68' title="bbox 2174 2275 3762 2358">
     <span class='ocr_line' id='line_1_68' title="bbox 2174 2275 3762 2358; baseline -0.003 -18"><span class='ocrx_word' id='word_1_450' title='bbox 2174 2288 2291 2358; x_wconf 81' lang='grc' dir='ltr'>φῶν</span> <span class='ocrx_word' id='word_1_451' title='bbox 2329 2286 2646 2358; x_wconf 78' lang='grc' dir='ltr'>ἀλλοτριοῦν</span> <span class='ocrx_word' id='word_1_452' title='bbox 2678 2288 2799 2350; x_wconf 81' lang='grc' dir='ltr'>ταῖς</span> <span class='ocrx_word' id='word_1_453' title='bbox 2838 2285 3133 2349; x_wconf 78' lang='grc' dir='ltr'>διαϐολαῖς.</span> <span class='ocrx_word' id='word_1_454' title='bbox 3170 2287 3435 2339; x_wconf 77' lang='grc' dir='ltr'>Κάκεῑνοι</span> <span class='ocrx_word' id='word_1_455' title='bbox 3474 2285 3519 2336; x_wconf 82' lang='grc' dir='ltr'>δ’</span> <span class='ocrx_word' id='word_1_456' title='bbox 3550 2282 3630 2337; x_wconf 72' lang='grc' dir='ltr'>ἔτι</span> <span class='ocrx_word' id='word_1_457' title='bbox 3653 2275 3762 2338; x_wconf 50' lang='lat' dir='ltr'><strong>toi;</strong></span> 
     </span>
    </p>
   </div>
   <div class='ocr_carea' id='block_1_69' title="bbox 2171 2373 3759 2448">
    <p class='ocr_par' dir='ltr' id='par_1_69' title="bbox 2171 2373 3759 2448">
     <span class='ocr_line' id='line_1_69' title="bbox 2171 2373 3759 2448; baseline -0.004 -18"><span class='ocrx_word' id='word_1_458' title='bbox 2171 2376 2335 2430; x_wconf 73' lang='grc' dir='ltr'>δοσαν</span> <span class='ocrx_word' id='word_1_459' title='bbox 2373 2376 2649 2448; x_wconf 78' lang='grc' dir='ltr'>ἀφορμὰς,</span> <span class='ocrx_word' id='word_1_460' title='bbox 2689 2378 2785 2430; x_wconf 80' lang='grc' dir='ltr'><strong>καὶ</strong></span> <span class='ocrx_word' id='word_1_461' title='bbox 2838 2375 3164 2446; x_wconf 80' lang='grc' dir='ltr'>δακρύοντες</span> <span class='ocrx_word' id='word_1_462' title='bbox 3213 2374 3290 2439; x_wconf 73' lang='grc' dir='ltr'>ὥς</span> <span class='ocrx_word' id='word_1_463' title='bbox 3334 2373 3759 2443; x_wconf 73' lang='grc' dir='ltr'>ἀτιμαζόμενοι,</span> 
     </span>
    </p>
   </div>
   <div class='ocr_carea' id='block_1_70' title="bbox 2172 2463 3761 2540">
    <p class='ocr_par' dir='ltr' id='par_1_70' title="bbox 2172 2463 3761 2540">
     <span class='ocr_line' id='line_1_70' title="bbox 2172 2463 3761 2540; baseline -0.001 -18"><span class='ocrx_word' id='word_1_464' title='bbox 2172 2468 2269 2524; x_wconf 78' lang='grc' dir='ltr'><strong>καὶ</strong></span> <span class='ocrx_word' id='word_1_465' title='bbox 2301 2470 2400 2539; x_wconf 84' lang='grc' dir='ltr'><strong>τὴν</strong></span> <span class='ocrx_word' id='word_1_466' title='bbox 2461 2470 2682 2540; x_wconf 79' lang='grc' dir='ltr'>μητέρα</span> <span class='ocrx_word' id='word_1_467' title='bbox 2738 2467 3201 2538; x_wconf 61' lang='grc' dir='ltr'>ἀνακαλούμενοι,</span> <span class='ocrx_word' id='word_1_468' title='bbox 3235 2468 3331 2520; x_wconf 81' lang='grc' dir='ltr'><strong>καὶ</strong></span> <span class='ocrx_word' id='word_1_469' title='bbox 3387 2467 3480 2520; x_wconf 75' lang='grc' dir='ltr'>τὸν</span> <span class='ocrx_word' id='word_1_470' title='bbox 3543 2463 3761 2536; x_wconf 69' lang='grc' dir='ltr'>πατέρα</span> 
     </span>
    </p>
   </div>
   <div class='ocr_carea' id='block_1_71' title="bbox 2174 2556 3761 2632">
    <p class='ocr_par' dir='ltr' id='par_1_71' title="bbox 2174 2556 3761 2632">
     <span class='ocr_line' id='line_1_71' title="bbox 2174 2556 3761 2632; baseline -0.002 -19"><span class='ocrx_word' id='word_1_471' title='bbox 2174 2560 2427 2632; x_wconf 79' lang='grc' dir='ltr'>φανερῶς</span> <span class='ocrx_word' id='word_1_472' title='bbox 2479 2561 2541 2613; x_wconf 84' lang='grc' dir='ltr'>ού</span> <span class='ocrx_word' id='word_1_473' title='bbox 2587 2559 2796 2614; x_wconf 83' lang='grc' dir='ltr'>δίκαιον</span> <span class='ocrx_word' id='word_1_474' title='bbox 2843 2559 3114 2629; x_wconf 82' lang='grc' dir='ltr'>λέγοντες.</span> <span class='ocrx_word' id='word_1_475' title='bbox 3167 2559 3347 2628; x_wconf 69' lang='lat' dir='ltr'><strong>&quot;Amp</strong></span> <span class='ocrx_word' id='word_1_476' title='bbox 3394 2556 3681 2629; x_wconf 77' lang='grc' dir='ltr'><strong>κακοήθως</strong></span> <span class='ocrx_word' id='word_1_477' title='bbox 3709 2559 3761 2610; x_wconf 89' lang='grc' dir='ltr'>οἱ</span> 
     </span>
    </p>
   </div>
   <div class='ocr_carea' id='block_1_72' title="bbox 2175 2649 3763 2725">
    <p class='ocr_par' dir='ltr' id='par_1_72' title="bbox 2175 2649 3763 2725">
     <span class='ocr_line' id='line_1_72' title="bbox 2175 2649 3763 2725; baseline -0.003 -17"><span class='ocrx_word' id='word_1_478' title='bbox 2175 2655 2303 2723; x_wconf 70' lang='grc' dir='ltr'>περὶ</span> <span class='ocrx_word' id='word_1_479' title='bbox 2369 2653 2463 2708; x_wconf 83' lang='grc' dir='ltr'><strong>τὸν</strong></span> <span class='ocrx_word' id='word_1_480' title='bbox 2525 2653 2885 2724; x_wconf 84' lang='grc' dir='ltr'>Ἀντίπατρον</span> <span class='ocrx_word' id='word_1_481' title='bbox 2953 2651 3170 2725; x_wconf 76' lang='grc' dir='ltr'><strong>Ἡρώδῃ</strong></span> <span class='ocrx_word' id='word_1_482' title='bbox 3233 2651 3372 2721; x_wconf 73' lang='grc' dir='ltr'>μετὰ</span> <span class='ocrx_word' id='word_1_483' title='bbox 3438 2649 3763 2721; x_wconf 66' lang='grc' dir='ltr'>προσθήκης</span> 
     </span>
    </p>
   </div>
   <div class='ocr_carea' id='block_1_73' title="bbox 2171 2743 3763 2815">
    <p class='ocr_par' dir='ltr' id='par_1_73' title="bbox 2171 2743 3763 2815">
     <span class='ocr_line' id='line_1_73' title="bbox 2171 2743 3763 2815; baseline -0.002 -17"><span class='ocrx_word' id='word_1_484' title='bbox 2171 2743 2618 2814; x_wconf 72' lang='grc' dir='ltr'><strong>ἐξαγγέλλοντες,</strong></span> <span class='ocrx_word' id='word_1_485' title='bbox 2679 2746 2905 2811; x_wconf 73' lang='grc' dir='ltr'>μείζονα</span> <span class='ocrx_word' id='word_1_486' title='bbox 2970 2744 3071 2815; x_wconf 70' lang='grc' dir='ltr'>τὴν</span> <span class='ocrx_word' id='word_1_487' title='bbox 3123 2744 3261 2815; x_wconf 71' lang='grc' dir='ltr'>πρὸς</span> <span class='ocrx_word' id='word_1_488' title='bbox 3314 2743 3571 2806; x_wconf 72' lang='grc' dir='ltr'>ἐκείνους</span> <span class='ocrx_word' id='word_1_489' title='bbox 3643 2743 3763 2795; x_wconf 73' lang='grc' dir='ltr'>ἑνε-</span> 
     </span>
    </p>
   </div>
   <div class='ocr_carea' id='block_1_74' title="bbox 2175 2838 3757 2912">
    <p class='ocr_par' dir='ltr' id='par_1_74' title="bbox 2175 2838 3757 2912">
     <span class='ocr_line' id='line_1_74' title="bbox 2175 2838 3757 2912; baseline 0.001 -22"><span class='ocrx_word' id='word_1_490' title='bbox 2175 2838 2364 2891; x_wconf 79' lang='grc' dir='ltr'>ποίουν</span> <span class='ocrx_word' id='word_1_491' title='bbox 2394 2839 2714 2911; x_wconf 80' lang='grc' dir='ltr'>ἀπέχθειαν.</span> <span class='ocrx_word' id='word_1_492' title='bbox 2748 2840 3082 2912; x_wconf 79' lang='grc' dir='ltr'>Βουλόμενος</span> <span class='ocrx_word' id='word_1_493' title='bbox 3101 2841 3157 2894; x_wconf 75' lang='grc' dir='ltr'>δὲ</span> <span class='ocrx_word' id='word_1_494' title='bbox 3184 2842 3213 2893; x_wconf 81' lang='grc' dir='ltr'><strong>ὁ</strong></span> <span class='ocrx_word' id='word_1_495' title='bbox 3255 2840 3437 2910; x_wconf 77' lang='grc' dir='ltr'>πατὴρ</span> <span class='ocrx_word' id='word_1_496' title='bbox 3477 2838 3757 2894; x_wconf 78' lang='grc' dir='ltr'>ταπεινῶ-</span> 
     </span>
    </p>
   </div>
   <div class='ocr_carea' id='block_1_75' title="bbox 2174 2933 3763 3005">
    <p class='ocr_par' dir='ltr' id='par_1_75' title="bbox 2174 2933 3763 3005">
     <span class='ocr_line' id='line_1_75' title="bbox 2174 2933 3763 3005; baseline 0.001 -21"><span class='ocrx_word' id='word_1_497' title='bbox 2174 2946 2267 2985; x_wconf 89' lang='grc' dir='ltr'>σαι</span> <span class='ocrx_word' id='word_1_498' title='bbox 2292 2933 2419 2996; x_wconf 78' lang='grc' dir='ltr'>τοὺς</span> <span class='ocrx_word' id='word_1_499' title='bbox 2441 2935 2508 2985; x_wconf 79' lang='grc' dir='ltr'>ἐκ</span> <span class='ocrx_word' id='word_1_500' title='bbox 2543 2934 2642 3002; x_wconf 79' lang='grc' dir='ltr'>τῆς</span> <span class='ocrx_word' id='word_1_501' title='bbox 2665 2935 2923 3005; x_wconf 75' lang='grc' dir='ltr'>Μαριὰμ,</span> <span class='ocrx_word' id='word_1_502' title='bbox 2953 2935 3201 2998; x_wconf 86' lang='grc' dir='ltr'>πλείονος</span> <span class='ocrx_word' id='word_1_503' title='bbox 3224 2935 3575 3004; x_wconf 79' lang='grc' dir='ltr'>’Δντιπάτρῳ</span> <span class='ocrx_word' id='word_1_504' title='bbox 3607 2950 3763 3004; x_wconf 80' lang='grc' dir='ltr'>μετε-</span> 
     </span>
    </p>
   </div>
   <div class='ocr_carea' id='block_1_76' title="bbox 2170 3021 3760 3099">
    <p class='ocr_par' dir='ltr' id='par_1_76' title="bbox 2170 3021 3760 3099">
     <span class='ocr_line' id='line_1_76' title="bbox 2170 3021 3760 3099; baseline 0.004 -25"><span class='ocrx_word' id='word_1_505' title='bbox 2170 3021 2315 3075; x_wconf 84' lang='grc' dir='ltr'>δίδου</span> <span class='ocrx_word' id='word_1_506' title='bbox 2347 3023 2533 3093; x_wconf 82' lang='grc' dir='ltr'>τιμῆς.</span> <span class='ocrx_word' id='word_1_507' title='bbox 2569 3024 2738 3087; x_wconf 77' lang='grc' dir='ltr'>Τέλος</span> <span class='ocrx_word' id='word_1_508' title='bbox 2764 3024 2819 3078; x_wconf 83' lang='grc' dir='ltr'>δὲ</span> <span class='ocrx_word' id='word_1_509' title='bbox 2847 3027 2940 3079; x_wconf 76' lang='grc' dir='ltr'>καὶ</span> <span class='ocrx_word' id='word_1_510' title='bbox 2973 3025 3070 3099; x_wconf 75' lang='grc' dir='ltr'>τὴν</span> <span class='ocrx_word' id='word_1_511' title='bbox 3090 3028 3302 3098; x_wconf 81' lang='grc' dir='ltr'>μητέρα</span> <span class='ocrx_word' id='word_1_512' title='bbox 3328 3026 3496 3080; x_wconf 76' lang='grc' dir='ltr'>αὐτοῦ</span> <span class='ocrx_word' id='word_1_513' title='bbox 3530 3028 3760 3097; x_wconf 68' lang='grc' dir='ltr'>έπεισηυ</span> 
     </span>
    </p>
   </div>
   <div class='ocr_carea' id='block_1_77' title="bbox 2172 3112 3759 3188">
    <p class='ocr_par' dir='ltr' id='par_1_77' title="bbox 2172 3112 3759 3188">
     <span class='ocr_line' id='line_1_77' title="bbox 2172 3112 3759 3188; baseline 0.003 -25"><span class='ocrx_word' id='word_1_514' title='bbox 2172 3112 2448 3180; x_wconf 73' lang='grc' dir='ltr'>γαγε,καὶ</span> <span class='ocrx_word' id='word_1_515' title='bbox 2481 3113 2723 3183; x_wconf 73' lang='grc' dir='ltr'>Καίσαρι</span> <span class='ocrx_word' id='word_1_516' title='bbox 2767 3114 3082 3183; x_wconf 79' lang='grc' dir='ltr'><strong>συνίστησιν</strong></span> <span class='ocrx_word' id='word_1_517' title='bbox 3134 3118 3303 3170; x_wconf 67' lang='grc' dir='ltr'>αὐτὸν</span> <span class='ocrx_word' id='word_1_518' title='bbox 3348 3118 3578 3188; x_wconf 71' lang='grc' dir='ltr'>γράφων</span> <span class='ocrx_word' id='word_1_519' title='bbox 3613 3118 3759 3187; x_wconf 77' lang='grc' dir='ltr'>ὑπὲρ</span> 
     </span>
    </p>
   </div>
   <div class='ocr_carea' id='block_1_78' title="bbox 2171 3203 3759 3277">
    <p class='ocr_par' dir='ltr' id='par_1_78' title="bbox 2171 3203 3759 3277">
     <span class='ocr_line' id='line_1_78' title="bbox 2171 3203 3759 3277; baseline 0.002 -21"><span class='ocrx_word' id='word_1_520' title='bbox 2171 3203 2363 3265; x_wconf 83' lang='grc' dir='ltr'>αὐτοῦ,</span> <span class='ocrx_word' id='word_1_521' title='bbox 2389 3205 2484 3257; x_wconf 68' lang='grc' dir='ltr'>καὶ</span> <span class='ocrx_word' id='word_1_522' title='bbox 2506 3206 2589 3268; x_wconf 80' lang='grc' dir='ltr'><strong>είς</strong></span> <span class='ocrx_word' id='word_1_523' title='bbox 2634 3205 2857 3277; x_wconf 81' lang='grc' dir='ltr'>Ῥώμην</span> <span class='ocrx_word' id='word_1_524' title='bbox 2916 3207 3080 3260; x_wconf 73' lang='grc' dir='ltr'>αὑτὸν</span> <span class='ocrx_word' id='word_1_525' title='bbox 3121 3210 3258 3277; x_wconf 70' lang='grc' dir='ltr'>μετὰ</span> <span class='ocrx_word' id='word_1_526' title='bbox 3317 3208 3535 3263; x_wconf 84' lang='grc' dir='ltr'>πολλῶν</span> <span class='ocrx_word' id='word_1_527' title='bbox 3565 3208 3759 3277; x_wconf 79' lang='grc' dir='ltr'>δώρων</span> 
     </span>
    </p>
   </div>
   <div class='ocr_carea' id='block_1_79' title="bbox 2170 3295 3751 3370">
    <p class='ocr_par' dir='ltr' id='par_1_79' title="bbox 2170 3295 3751 3370">
     <span class='ocr_line' id='line_1_79' title="bbox 2170 3295 3751 3370; baseline 0.004 -21"><span class='ocrx_word' id='word_1_528' title='bbox 2170 3295 2512 3361; x_wconf 79' lang='grc' dir='ltr'>ἀπέστειλεν,</span> <span class='ocrx_word' id='word_1_529' title='bbox 2542 3296 2684 3350; x_wconf 81' lang='grc' dir='ltr'>ὥστε</span> <span class='ocrx_word' id='word_1_530' title='bbox 2711 3298 2815 3369; x_wconf 74' lang='grc' dir='ltr'><strong>ήδη</strong></span> <span class='ocrx_word' id='word_1_531' title='bbox 2846 3299 2936 3352; x_wconf 82' lang='grc' dir='ltr'><strong>ἐπ’</strong></span> <span class='ocrx_word' id='word_1_532' title='bbox 2956 3300 3153 3366; x_wconf 77' lang='grc' dir='ltr'>ἐκείνῳ</span> <span class='ocrx_word' id='word_1_533' title='bbox 3170 3298 3348 3353; x_wconf 81' lang='grc' dir='ltr'>δοκεῖν</span> <span class='ocrx_word' id='word_1_534' title='bbox 3379 3302 3583 3364; x_wconf 82' lang='grc' dir='ltr'>πάντα,</span> <span class='ocrx_word' id='word_1_535' title='bbox 3607 3317 3751 3370; x_wconf 83' lang='grc' dir='ltr'>παρ·</span> 
     </span>
    </p>
   </div>
   <div class='ocr_carea' id='block_1_80' title="bbox 2169 3389 3751 3466">
    <p class='ocr_par' dir='ltr' id='par_1_80' title="bbox 2169 3389 3751 3466">
     <span class='ocr_line' id='line_1_80' title="bbox 2169 3389 3751 3466; baseline 0.003 -25"><span class='ocrx_word' id='word_1_536' title='bbox 2169 3389 2374 3442; x_wconf 76' lang='grc' dir='ltr'>εῶσθαι</span> <span class='ocrx_word' id='word_1_537' title='bbox 2435 3390 2483 3444; x_wconf 83' lang='grc' dir='ltr'>δ’</span> <span class='ocrx_word' id='word_1_538' title='bbox 2529 3392 2593 3443; x_wconf 90' lang='grc' dir='ltr'>ὲκ</span> <span class='ocrx_word' id='word_1_539' title='bbox 2629 3394 2727 3460; x_wconf 76' lang='grc' dir='ltr'><strong>τῆς</strong></span> <span class='ocrx_word' id='word_1_540' title='bbox 2785 3392 2964 3461; x_wconf 79' lang='grc' dir='ltr'>ἀρχῆς</span> <span class='ocrx_word' id='word_1_541' title='bbox 3007 3393 3322 3447; x_wconf 76' lang='grc' dir='ltr'>παντάπασι</span> <span class='ocrx_word' id='word_1_542' title='bbox 3348 3395 3418 3447; x_wconf 79' lang='grc' dir='ltr'>τὰ</span> <span class='ocrx_word' id='word_1_543' title='bbox 3465 3395 3751 3466; x_wconf 70' lang='grc' dir='ltr'>μειράκια.</span> 
     </span>
    </p>
   </div>
   <div class='ocr_carea' id='block_1_81' title="bbox 2169 3481 3754 3556">
    <p class='ocr_par' dir='ltr' id='par_1_81' title="bbox 2169 3481 3754 3556">
     <span class='ocr_line' id='line_1_81' title="bbox 2169 3481 3754 3556; baseline 0.02 -23"><span class='ocrx_word' id='word_1_544' title='bbox 2169 3481 2529 3553; x_wconf 60' lang='grc' dir='ltr'>θΛντΞπατρος</span> <span class='ocrx_word' id='word_1_545' title='bbox 2561 3483 2619 3536; x_wconf 75' lang='grc' dir='ltr'>δὲ</span> <span class='ocrx_word' id='word_1_546' title='bbox 2668 3482 2924 3546; x_wconf 73' lang='grc' dir='ltr'>δεδοικὼς</span> <span class='ocrx_word' id='word_1_547' title='bbox 2960 3483 3058 3553; x_wconf 67' lang='grc' dir='ltr'><strong>μὴ,</strong></span> <span class='ocrx_word' id='word_1_548' title='bbox 3099 3483 3267 3538; x_wconf 69' lang='grc' dir='ltr'>αὐτοῦ</span> <span class='ocrx_word' id='word_1_549' title='bbox 3316 3484 3754 3556; x_wconf 65' lang='grc' dir='ltr'><strong>ὲ³ίδημ·ἡ³ίί⁰¹“τ⁰’ῗν</strong></span> 
     </span>
    </p>
   </div>
   <div class='ocr_carea' id='block_1_82' title="bbox 2171 3574 3754 3649">
    <p class='ocr_par' dir='ltr' id='par_1_82' title="bbox 2171 3574 3754 3649">
     <span class='ocr_line' id='line_1_82' title="bbox 2171 3574 3754 3649; baseline 0.003 -21"><span class='ocrx_word' id='word_1_550' title='bbox 2171 3574 2587 3645; x_wconf 77' lang='grc' dir='ltr'><strong>ἐπιεικέστερος</strong></span> <span class='ocrx_word' id='word_1_551' title='bbox 2624 3575 2704 3639; x_wconf 80' lang='grc' dir='ltr'><strong>είς</strong></span> <span class='ocrx_word' id='word_1_552' title='bbox 2747 3576 2874 3639; x_wconf 81' lang='grc' dir='ltr'>τοὺς</span> <span class='ocrx_word' id='word_1_553' title='bbox 2934 3578 2998 3630; x_wconf 84' lang='grc' dir='ltr'>ὲκ</span> <span class='ocrx_word' id='word_1_554' title='bbox 3028 3578 3265 3648; x_wconf 82' lang='grc' dir='ltr'>Μαριὰμ</span> <span class='ocrx_word' id='word_1_555' title='bbox 3303 3579 3585 3649; x_wconf 83' lang='grc' dir='ltr'>γένηταιὸ</span> <span class='ocrx_word' id='word_1_556' title='bbox 3644 3596 3754 3633; x_wconf 84' lang='grc' dir='ltr'><strong>πα-</strong></span> 
     </span>
    </p>
   </div>
   <div class='ocr_carea' id='block_1_83' title="bbox 2169 3666 3756 3741">
    <p class='ocr_par' dir='ltr' id='par_1_83' title="bbox 2169 3666 3756 3741">
     <span class='ocr_line' id='line_1_83' title="bbox 2169 3666 3756 3741; baseline 0.006 -22"><span class='ocrx_word' id='word_1_557' title='bbox 2169 3666 2298 3738; x_wconf 78' lang='grc' dir='ltr'>τὴρ,</span> <span class='ocrx_word' id='word_1_558' title='bbox 2331 3667 2425 3720; x_wconf 79' lang='grc' dir='ltr'>καὶ</span> <span class='ocrx_word' id='word_1_559' title='bbox 2457 3667 2762 3738; x_wconf 79' lang='grc' dir='ltr'><strong>ἀποδημῶν</strong></span> <span class='ocrx_word' id='word_1_560' title='bbox 2788 3669 2888 3722; x_wconf 73' lang='grc' dir='ltr'>οὐκ</span> <span class='ocrx_word' id='word_1_561' title='bbox 2947 3669 3089 3723; x_wconf 86' lang='grc' dir='ltr'>ἀνίει</span> <span class='ocrx_word' id='word_1_562' title='bbox 3147 3671 3389 3741; x_wconf 77' lang='grc' dir='ltr'>συνεχῶς</span> <span class='ocrx_word' id='word_1_563' title='bbox 3416 3673 3756 3728; x_wconf 71' lang='grc' dir='ltr'>ὲπιστέὶὶων</span> 
     </span>
    </p>
   </div>
   <div class='ocr_carea' id='block_1_84' title="bbox 2171 3758 3750 3833">
    <p class='ocr_par' dir='ltr' id='par_1_84' title="bbox 2171 3758 3750 3833">
     <span class='ocr_line' id='line_1_84' title="bbox 2171 3758 3750 3833; baseline 0.003 -21"><span class='ocrx_word' id='word_1_564' title='bbox 2171 3758 2315 3812; x_wconf 70' lang='grc' dir='ltr'>κατὰ</span> <span class='ocrx_word' id='word_1_565' title='bbox 2361 3758 2470 3812; x_wconf 81' lang='grc' dir='ltr'><strong>τῶν</strong></span> <span class='ocrx_word' id='word_1_566' title='bbox 2523 3759 2771 3829; x_wconf 80' lang='grc' dir='ltr'>ἀδελφῶν</span> <span class='ocrx_word' id='word_1_567' title='bbox 2817 3761 2894 3831; x_wconf 82' lang='grc' dir='ltr'>τῷ</span> <span class='ocrx_word' id='word_1_568' title='bbox 2952 3761 3145 3832; x_wconf 75' lang='grc' dir='ltr'>πατρὶ,</span> <span class='ocrx_word' id='word_1_569' title='bbox 3198 3764 3291 3816; x_wconf 75' lang='grc' dir='ltr'>καὶ</span> <span class='ocrx_word' id='word_1_570' title='bbox 3338 3763 3750 3833; x_wconf 72' lang='grc' dir='ltr'>προσερεόίζων</span> 
     </span>
    </p>
   </div>
   <div class='ocr_carea' id='block_1_85' title="bbox 2172 3848 3755 3925">
    <p class='ocr_par' dir='ltr' id='par_1_85' title="bbox 2172 3848 3755 3925">
     <span class='ocr_line' id='line_1_85' title="bbox 2172 3848 3755 3925; baseline 0.004 -23"><span class='ocrx_word' id='word_1_571' title='bbox 2172 3849 2310 3920; x_wconf 77' lang='grc' dir='ltr'>πρὸς</span> <span class='ocrx_word' id='word_1_572' title='bbox 2352 3848 2450 3920; x_wconf 77' lang='grc' dir='ltr'><strong>τὴν</strong></span> <span class='ocrx_word' id='word_1_573' title='bbox 2513 3850 2863 3919; x_wconf 86' lang='grc' dir='ltr'>δυσμένειαν,</span> <span class='ocrx_word' id='word_1_574' title='bbox 2923 3852 3032 3914; x_wconf 82' lang='grc' dir='ltr'>’έως</span> <span class='ocrx_word' id='word_1_575' title='bbox 3092 3854 3174 3917; x_wconf 80' lang='grc' dir='ltr'><strong>είς</strong></span> <span class='ocrx_word' id='word_1_576' title='bbox 3222 3852 3380 3906; x_wconf 84' lang='grc' dir='ltr'>τοῦτο</span> <span class='ocrx_word' id='word_1_577' title='bbox 3435 3855 3755 3925; x_wconf 80' lang='grc' dir='ltr'>προήγαγεν</span> 
     </span>
    </p>
   </div>
   <div class='ocr_carea' id='block_1_86' title="bbox 2170 3941 3746 4016">
    <p class='ocr_par' dir='ltr' id='par_1_86' title="bbox 2170 3941 3746 4016">
     <span class='ocr_line' id='line_1_86' title="bbox 2170 3941 3746 4016; baseline 0.004 -22"><span class='ocrx_word' id='word_1_578' title='bbox 2170 3941 2336 3994; x_wconf 81' lang='grc' dir='ltr'>αὐτὸν</span> <span class='ocrx_word' id='word_1_579' title='bbox 2359 3945 2442 4005; x_wconf 83' lang='grc' dir='ltr'>εἰς</span> <span class='ocrx_word' id='word_1_580' title='bbox 2468 3943 2530 3995; x_wconf 81' lang='grc' dir='ltr'>τὸ</span> <span class='ocrx_word' id='word_1_581' title='bbox 2555 3942 2788 3997; x_wconf 89' lang='grc' dir='ltr'>πλεῦσαι</span> <span class='ocrx_word' id='word_1_582' title='bbox 2820 3944 2959 4015; x_wconf 85' lang='grc' dir='ltr'>πρὸς</span> <span class='ocrx_word' id='word_1_583' title='bbox 3002 3943 3242 4016; x_wconf 82' lang='grc' dir='ltr'>Ῥώμην,</span> <span class='ocrx_word' id='word_1_584' title='bbox 3272 3948 3435 3999; x_wconf 81' lang='grc' dir='ltr'>κάκεῖ</span> <span class='ocrx_word' id='word_1_585' title='bbox 3463 3946 3572 3999; x_wconf 82' lang='grc' dir='ltr'>τῶν</span> <span class='ocrx_word' id='word_1_586' title='bbox 3627 3949 3746 4000; x_wconf 77' lang='grc' dir='ltr'>παίο</span> 
     </span>
    </p>
   </div>
   <div class='ocr_carea' id='block_1_87' title="bbox 2169 4033 3757 4105">
    <p class='ocr_par' dir='ltr' id='par_1_87' title="bbox 2169 4033 3757 4105">
     <span class='ocr_line' id='line_1_87' title="bbox 2169 4033 3757 4105; baseline 0.004 -20"><span class='ocrx_word' id='word_1_587' title='bbox 2169 4033 2277 4085; x_wconf 77' lang='grc' dir='ltr'>δ-υν</span> <span class='ocrx_word' id='word_1_588' title='bbox 2326 4038 2655 4105; x_wconf 79' lang='grc' dir='ltr'>κατηγορεῖν</span> <span class='ocrx_word' id='word_1_589' title='bbox 2723 4036 2877 4103; x_wconf 78' lang='grc' dir='ltr'>παρά</span> <span class='ocrx_word' id='word_1_590' title='bbox 2935 4036 3196 4105; x_wconf 81' lang='grc' dir='ltr'>Καίσαρι.</span> <span class='ocrx_word' id='word_1_591' title='bbox 3252 4036 3530 4091; x_wconf 78' lang='grc' dir='ltr'>Ἀπελθὼν</span> <span class='ocrx_word' id='word_1_592' title='bbox 3587 4038 3633 4091; x_wconf 80' lang='grc' dir='ltr'>δ’</span> <span class='ocrx_word' id='word_1_593' title='bbox 3675 4041 3757 4103; x_wconf 81' lang='grc' dir='ltr'><strong>είς</strong></span> 
     </span>
    </p>
   </div>
   <div class='ocr_carea' id='block_1_88' title="bbox 2156 4121 3753 4197">
    <p class='ocr_par' dir='ltr' id='par_1_88' title="bbox 2156 4121 3753 4197">
     <span class='ocr_line' id='line_1_88' title="bbox 2156 4121 3753 4197; baseline 0.003 -23"><span class='ocrx_word' id='word_1_594' title='bbox 2156 4121 2404 4192; x_wconf 51' lang='grc' dir='ltr'><strong>«Ῥώμην</strong></span> <span class='ocrx_word' id='word_1_595' title='bbox 2437 4126 2535 4176; x_wconf 71' lang='grc' dir='ltr'><strong>σὺν</strong></span> <span class='ocrx_word' id='word_1_596' title='bbox 2600 4126 2713 4187; x_wconf 76' lang='grc' dir='ltr'>τοῖς</span> <span class='ocrx_word' id='word_1_597' title='bbox 2770 4125 2929 4176; x_wconf 78' lang='grc' dir='ltr'>παισὶ</span> <span class='ocrx_word' id='word_1_598' title='bbox 2989 4128 3377 4195; x_wconf 77' lang='grc' dir='ltr'>παρεστήσατο</span> <span class='ocrx_word' id='word_1_599' title='bbox 3426 4127 3526 4197; x_wconf 83' lang='grc' dir='ltr'>μὲν</span> <span class='ocrx_word' id='word_1_600' title='bbox 3556 4127 3753 4190; x_wconf 77' lang='grc' dir='ltr'>αὐτούς</span> 
     </span>
    </p>
   </div>
   <div class='ocr_carea' id='block_1_89' title="bbox 2169 4215 3756 4287">
    <p class='ocr_par' dir='ltr' id='par_1_89' title="bbox 2169 4215 3756 4287">
     <span class='ocr_line' id='line_1_89' title="bbox 2169 4215 3756 4287; baseline 0.003 -20"><span class='ocrx_word' id='word_1_601' title='bbox 2169 4216 2247 4284; x_wconf 79' lang='grc' dir='ltr'>τῷ</span> <span class='ocrx_word' id='word_1_602' title='bbox 2289 4216 2544 4284; x_wconf 79' lang='grc' dir='ltr'>Καίσαρι.</span> <span class='ocrx_word' id='word_1_603' title='bbox 2569 4216 2762 4287; x_wconf 75' lang='grc' dir='ltr'>ᾐτιᾶτο</span> <span class='ocrx_word' id='word_1_604' title='bbox 2789 4216 2846 4268; x_wconf 75' lang='grc' dir='ltr'><strong>δὲ</strong></span> <span class='ocrx_word' id='word_1_605' title='bbox 2886 4215 2986 4285; x_wconf 80' lang='grc' dir='ltr'><strong>τῆς</strong></span> <span class='ocrx_word' id='word_1_606' title='bbox 3018 4217 3296 4281; x_wconf 74' lang='grc' dir='ltr'>ἀπονοίας,</span> <span class='ocrx_word' id='word_1_607' title='bbox 3353 4217 3430 4281; x_wconf 87' lang='grc' dir='ltr'>ὡς</span> <span class='ocrx_word' id='word_1_608' title='bbox 3477 4218 3568 4272; x_wconf 70' lang='grc' dir='ltr'><strong>τον</strong></span> <span class='ocrx_word' id='word_1_609' title='bbox 3624 4220 3756 4272; x_wconf 78' lang='grc' dir='ltr'>ἑαυ-</span> 
     </span>
    </p>
   </div>
   <div class='ocr_carea' id='block_1_90' title="bbox 2170 4307 3753 4379">
    <p class='ocr_par' dir='ltr' id='par_1_90' title="bbox 2170 4307 3753 4379">
     <span class='ocr_line' id='line_1_90' title="bbox 2170 4307 3753 4379; baseline 0.001 -18"><span class='ocrx_word' id='word_1_610' title='bbox 2170 4309 2278 4361; x_wconf 80' lang='grc' dir='ltr'>τῶν</span> <span class='ocrx_word' id='word_1_611' title='bbox 2326 4307 2539 4377; x_wconf 82' lang='grc' dir='ltr'>πατέρα</span> <span class='ocrx_word' id='word_1_612' title='bbox 2584 4307 2903 4376; x_wconf 55' lang='grc' dir='ltr'>μισοῦντές,</span> <span class='ocrx_word' id='word_1_613' title='bbox 2959 4307 3052 4360; x_wconf 71' lang='grc' dir='ltr'><strong>καὶ</strong></span> <span class='ocrx_word' id='word_1_614' title='bbox 3114 4308 3553 4378; x_wconf 69' lang='grc' dir='ltr'>διαχειρίσασθαι</span> <span class='ocrx_word' id='word_1_615' title='bbox 3589 4311 3753 4379; x_wconf 79' lang='grc' dir='ltr'>μελε-</span> 
     </span>
    </p>
   </div>
   <div class='ocr_carea' id='block_1_91' title="bbox 2170 4399 3753 4471">
    <p class='ocr_par' dir='ltr' id='par_1_91' title="bbox 2170 4399 3753 4471">
     <span class='ocr_line' id='line_1_91' title="bbox 2170 4399 3753 4471; baseline 0.001 -18"><span class='ocrx_word' id='word_1_616' title='bbox 2170 4400 2382 4461; x_wconf 71' lang='grc' dir='ltr'>τῶντας</span> <span class='ocrx_word' id='word_1_617' title='bbox 2436 4401 2620 4463; x_wconf 71' lang='grc' dir='ltr'>αὐτὸν,</span> <span class='ocrx_word' id='word_1_618' title='bbox 2683 4402 2779 4454; x_wconf 77' lang='grc' dir='ltr'>καὶ</span> <span class='ocrx_word' id='word_1_619' title='bbox 2844 4400 2990 4453; x_wconf 76' lang='grc' dir='ltr'>οὕτω</span> <span class='ocrx_word' id='word_1_620' title='bbox 3044 4401 3144 4471; x_wconf 78' lang='grc' dir='ltr'><strong>τὴν</strong></span> <span class='ocrx_word' id='word_1_621' title='bbox 3207 4399 3492 4468; x_wconf 82' lang='grc' dir='ltr'>βασιλείαν</span> <span class='ocrx_word' id='word_1_622' title='bbox 3542 4401 3753 4454; x_wconf 79' lang='grc' dir='ltr'>λαϐεῖν.</span> 
     </span>
    </p>
   </div>
   <div class='ocr_carea' id='block_1_92' title="bbox 487 4493 2070 4572">
    <p class='ocr_par' dir='ltr' id='par_1_92' title="bbox 487 4496 2065 4572">
     <span class='ocr_line' id='line_1_92' title="bbox 487 4496 2065 4572; baseline 0.004 -23"><span class='ocrx_word' id='word_1_623' title='bbox 487 4504 770 4567; x_wconf 89' lang='lat' dir='ltr'><strong>putarent,</strong></span> <span class='ocrx_word' id='word_1_624' title='bbox 803 4505 983 4551; x_wconf 89' lang='lat' dir='ltr'><strong>tamen</strong></span> <span class='ocrx_word' id='word_1_625' title='bbox 1017 4496 1252 4567; x_wconf 88' lang='lat' dir='ltr'><strong>idipsum</strong></span> <span class='ocrx_word' id='word_1_626' title='bbox 1283 4515 1380 4555; x_wconf 87' lang='lat' dir='ltr'><strong>eos</strong></span> <span class='ocrx_word' id='word_1_627' title='bbox 1409 4501 1751 4571; x_wconf 80' lang='lat' dir='ltr'><strong>delinquere,</strong></span> <span class='ocrx_word' id='word_1_628' title='bbox 1785 4503 1932 4572; x_wconf 88' lang='lat' dir='ltr'><strong>quod</strong></span> <span class='ocrx_word' id='word_1_629' title='bbox 1974 4516 2065 4572; x_wconf 85' lang='lat' dir='ltr'><strong>pa-</strong></span> 
     </span>
    </p>
   </div>
   <div class='ocr_carea' id='block_1_93' title="bbox 2172 4493 3754 4572">
    <p class='ocr_par' dir='ltr' id='par_1_93' title="bbox 2175 4493 3754 4566">
     <span class='ocr_line' id='line_1_93' title="bbox 2175 4493 3754 4566; baseline 0.001 -22"><span class='ocrx_word' id='word_1_630' title='bbox 2175 4493 2297 4544; x_wconf 78' lang='grc' dir='ltr'><strong>Τῶν</strong></span> <span class='ocrx_word' id='word_1_631' title='bbox 2331 4493 2388 4545; x_wconf 79' lang='grc' dir='ltr'>δὲ</span> <span class='ocrx_word' id='word_1_632' title='bbox 2423 4493 2751 4555; x_wconf 76' lang='grc' dir='ltr'>νεανίσκων,</span> <span class='ocrx_word' id='word_1_633' title='bbox 2788 4495 2882 4546; x_wconf 68' lang='grc' dir='ltr'><strong>καὶ</strong></span> <span class='ocrx_word' id='word_1_634' title='bbox 2949 4493 3202 4558; x_wconf 80' lang='grc' dir='ltr'>λέγοντος</span> <span class='ocrx_word' id='word_1_635' title='bbox 3230 4493 3313 4546; x_wconf 69' lang='grc' dir='ltr'>ἔτι</span> <span class='ocrx_word' id='word_1_636' title='bbox 3364 4493 3458 4547; x_wconf 86' lang='grc' dir='ltr'>τοῦ</span> <span class='ocrx_word' id='word_1_637' title='bbox 3523 4495 3754 4566; x_wconf 69' lang='grc' dir='ltr'>πατρὸς,</span> 
     </span>
    </p>
   </div>
   <div class='ocr_carea' id='block_1_94' title="bbox 489 4588 2070 4666">
    <p class='ocr_par' dir='ltr' id='par_1_94' title="bbox 489 4588 2070 4666">
     <span class='ocr_line' id='line_1_94' title="bbox 489 4588 2070 4666; baseline 0.004 -24"><span class='ocrx_word' id='word_1_638' title='bbox 489 4598 632 4644; x_wconf 89' lang='lat' dir='ltr'><strong>trem</strong></span> <span class='ocrx_word' id='word_1_639' title='bbox 660 4605 765 4643; x_wconf 89' lang='lat' dir='ltr'><strong>non</strong></span> <span class='ocrx_word' id='word_1_640' title='bbox 796 4588 869 4643; x_wconf 89' lang='lat' dir='ltr'><strong>ita</strong></span> <span class='ocrx_word' id='word_1_641' title='bbox 893 4589 1157 4655; x_wconf 88' lang='lat' dir='ltr'><strong>colerent,</strong></span> <span class='ocrx_word' id='word_1_642' title='bbox 1187 4606 1253 4646; x_wconf 91' lang='lat' dir='ltr'><strong>ne</strong></span> <span class='ocrx_word' id='word_1_643' title='bbox 1275 4594 1398 4663; x_wconf 90' lang='lat' dir='ltr'><strong>quis</strong></span> <span class='ocrx_word' id='word_1_644' title='bbox 1426 4593 1493 4648; x_wconf 88' lang='lat' dir='ltr'><strong>de</strong></span> <span class='ocrx_word' id='word_1_645' title='bbox 1518 4594 1650 4663; x_wconf 85' lang='lat' dir='ltr'><strong>ipsis</strong></span> <span class='ocrx_word' id='word_1_646' title='bbox 1679 4610 1868 4649; x_wconf 88' lang='lat' dir='ltr'><strong>rumor</strong></span> <span class='ocrx_word' id='word_1_647' title='bbox 1890 4596 2070 4666; x_wconf 88' lang='lat' dir='ltr'><strong>spargi</strong></span> 
     </span>
    </p>
   </div>
   <div class='ocr_carea' id='block_1_95' title="bbox 489 4681 2073 4751">
    <p class='ocr_par' dir='ltr' id='par_1_95' title="bbox 489 4681 2073 4751">
     <span class='ocr_line' id='line_1_95' title="bbox 489 4681 2073 4751; baseline 0.006 -18"><span class='ocrx_word' id='word_1_648' title='bbox 489 4690 700 4751; x_wconf 84' lang='lat' dir='ltr'><strong>posset.</strong></span> <span class='ocrx_word' id='word_1_649' title='bbox 729 4681 998 4737; x_wconf 82' lang='lat' dir='ltr'><strong>Herodem</strong></span> <span class='ocrx_word' id='word_1_650' title='bbox 1029 4693 1212 4737; x_wconf 87' lang='lat' dir='ltr'><strong>autem</strong></span> <span class='ocrx_word' id='word_1_651' title='bbox 1266 4683 1517 4739; x_wconf 77' lang='lat' dir='ltr'><strong>hortatus</strong></span> <span class='ocrx_word' id='word_1_652' title='bbox 1547 4695 1651 4747; x_wconf 89' lang='lat' dir='ltr'><strong>est,</strong></span> <span class='ocrx_word' id='word_1_653' title='bbox 1686 4695 1746 4740; x_wconf 91' lang='lat' dir='ltr'><strong>ut</strong></span> <span class='ocrx_word' id='word_1_654' title='bbox 1775 4688 1922 4741; x_wconf 91' lang='lat' dir='ltr'><strong>omni</strong></span> <span class='ocrx_word' id='word_1_655' title='bbox 1979 4704 2073 4743; x_wconf 88' lang='lat' dir='ltr'><strong>su-</strong></span> 
     </span>
    </p>
   </div>
   <div class='ocr_carea' id='block_1_96' title="bbox 491 4774 2068 4846">
    <p class='ocr_par' dir='ltr' id='par_1_96' title="bbox 491 4774 2068 4846">
     <span class='ocr_line' id='line_1_96' title="bbox 491 4774 2068 4846; baseline 0.004 -17"><span class='ocrx_word' id='word_1_656' title='bbox 491 4774 745 4846; x_wconf 87' lang='lat' dir='ltr'><strong>spicione</strong></span> <span class='ocrx_word' id='word_1_657' title='bbox 792 4774 1023 4843; x_wconf 76' lang='lat' dir='ltr'><strong>abiecta,</strong></span> <span class='ocrx_word' id='word_1_658' title='bbox 1068 4776 1197 4831; x_wconf 89' lang='lat' dir='ltr'><strong>ﬁliis</strong></span> <span class='ocrx_word' id='word_1_659' title='bbox 1243 4778 1715 4832; x_wconf 81' lang='lat' dir='ltr'><strong>reconciliaretur.</strong></span> <span class='ocrx_word' id='word_1_660' title='bbox 1763 4778 1895 4833; x_wconf 81' lang='lat' dir='ltr'><strong>Nam</strong></span> <span class='ocrx_word' id='word_1_661' title='bbox 1941 4781 2068 4836; x_wconf 86' lang='lat' dir='ltr'><strong>talia</strong></span> 
     </span>
    </p>
   </div>
   <div class='ocr_carea' id='block_1_97' title="bbox 489 4865 2071 4938">
    <p class='ocr_par' dir='ltr' id='par_1_97' title="bbox 489 4865 2071 4938">
     <span class='ocr_line' id='line_1_97' title="bbox 489 4865 2071 4938; baseline 0.003 -18"><span class='ocrx_word' id='word_1_662' title='bbox 489 4876 681 4921; x_wconf 90' lang='lat' dir='ltr'><strong>contra</strong></span> <span class='ocrx_word' id='word_1_663' title='bbox 721 4865 929 4920; x_wconf 87' lang='lat' dir='ltr'><strong>liberos</strong></span> <span class='ocrx_word' id='word_1_664' title='bbox 976 4867 1225 4930; x_wconf 86' lang='lat' dir='ltr'><strong>credere,</strong></span> <span class='ocrx_word' id='word_1_665' title='bbox 1279 4869 1527 4938; x_wconf 88' lang='lat' dir='ltr'><strong>iniquum</strong></span> <span class='ocrx_word' id='word_1_666' title='bbox 1579 4884 1720 4923; x_wconf 90' lang='lat' dir='ltr'><strong>esse.</strong></span> <span class='ocrx_word' id='word_1_667' title='bbox 1767 4871 1905 4924; x_wconf 91' lang='lat' dir='ltr'><strong>Dum</strong></span> <span class='ocrx_word' id='word_1_668' title='bbox 1955 4871 2071 4925; x_wconf 69' lang='lat' dir='ltr'><strong>haec</strong></span> 
     </span>
    </p>
   </div>
   <div class='ocr_carea' id='block_1_98' title="bbox 489 4958 2070 5031">
    <p class='ocr_par' dir='ltr' id='par_1_98' title="bbox 489 4958 2070 5031">
     <span class='ocr_line' id='line_1_98' title="bbox 489 4958 2070 5031; baseline 0.002 -19"><span class='ocrx_word' id='word_1_669' title='bbox 489 4968 697 5023; x_wconf 89' lang='lat' dir='ltr'><strong>monet,</strong></span> <span class='ocrx_word' id='word_1_670' title='bbox 738 4958 918 5012; x_wconf 90' lang='lat' dir='ltr'><strong>innuit</strong></span> <span class='ocrx_word' id='word_1_671' title='bbox 947 4958 1414 5022; x_wconf 80' lang='lat' dir='ltr'><strong>adolescentibus,</strong></span> <span class='ocrx_word' id='word_1_672' title='bbox 1451 4969 1512 5014; x_wconf 92' lang='lat' dir='ltr'><strong>ut</strong></span> <span class='ocrx_word' id='word_1_673' title='bbox 1541 4976 1726 5015; x_wconf 86' lang='lat' dir='ltr'><strong>coram</strong></span> <span class='ocrx_word' id='word_1_674' title='bbox 1752 4970 1909 5030; x_wconf 90' lang='lat' dir='ltr'><strong>patre</strong></span> <span class='ocrx_word' id='word_1_675' title='bbox 1943 4978 2070 5031; x_wconf 87' lang='lat' dir='ltr'><strong>pro-</strong></span> 
     </span>
    </p>
   </div>
   <div class='ocr_carea' id='block_1_99' title="bbox 490 5045 2069 5121">
    <p class='ocr_par' dir='ltr' id='par_1_99' title="bbox 490 5045 2069 5121">
     <span class='ocr_line' id='line_1_99' title="bbox 490 5045 2069 5121; baseline 0.002 -19"><span class='ocrx_word' id='word_1_676' title='bbox 490 5048 777 5102; x_wconf 86' lang='lat' dir='ltr'><strong>cumbant.</strong></span> <span class='ocrx_word' id='word_1_677' title='bbox 810 5045 966 5113; x_wconf 84' lang='lat' dir='ltr'><strong>Quod</strong></span> <span class='ocrx_word' id='word_1_678' title='bbox 1000 5063 1123 5101; x_wconf 88' lang='lat' dir='ltr'><strong>eum</strong></span> <span class='ocrx_word' id='word_1_679' title='bbox 1155 5047 1413 5102; x_wconf 88' lang='lat' dir='ltr'><strong>alacriter</strong></span> <span class='ocrx_word' id='word_1_680' title='bbox 1440 5047 1636 5104; x_wconf 88' lang='lat' dir='ltr'><strong>facturi</strong></span> <span class='ocrx_word' id='word_1_681' title='bbox 1662 5058 1868 5115; x_wconf 90' lang='lat' dir='ltr'><strong>essent,</strong></span> <span class='ocrx_word' id='word_1_682' title='bbox 1912 5061 2069 5121; x_wconf 90' lang='lat' dir='ltr'><strong>pater</strong></span> 
     </span>
    </p>
   </div>
   <div class='ocr_carea' id='block_1_100' title="bbox 489 5139 2067 5213">
    <p class='ocr_par' dir='ltr' id='par_1_100' title="bbox 489 5139 2067 5213">
     <span class='ocr_line' id='line_1_100' title="bbox 489 5139 2067 5213; baseline 0.004 -20"><span class='ocrx_word' id='word_1_683' title='bbox 489 5139 644 5211; x_wconf 87' lang='lat' dir='ltr'><strong>prior</strong></span> <span class='ocrx_word' id='word_1_684' title='bbox 674 5155 771 5195; x_wconf 89' lang='lat' dir='ltr'><strong>eos</strong></span> <span class='ocrx_word' id='word_1_685' title='bbox 807 5139 1172 5210; x_wconf 87' lang='lat' dir='ltr'><strong>lacrymantes</strong></span> <span class='ocrx_word' id='word_1_686' title='bbox 1203 5140 1484 5205; x_wconf 81' lang='lat' dir='ltr'><strong>salutavit,</strong></span> <span class='ocrx_word' id='word_1_687' title='bbox 1524 5149 1580 5197; x_wconf 89' lang='lat' dir='ltr'><strong>et</strong></span> <span class='ocrx_word' id='word_1_688' title='bbox 1612 5150 1908 5213; x_wconf 87' lang='lat' dir='ltr'><strong>utrumque</strong></span> <span class='ocrx_word' id='word_1_689' title='bbox 1952 5160 2067 5198; x_wconf 90' lang='lat' dir='ltr'><strong>am-</strong></span> 
     </span>
    </p>
   </div>
   <div class='ocr_carea' id='block_1_101' title="bbox 488 5230 2069 5300">
    <p class='ocr_par' dir='ltr' id='par_1_101' title="bbox 488 5230 2069 5300">
     <span class='ocr_line' id='line_1_101' title="bbox 488 5230 2069 5300; baseline 0.004 -16"><span class='ocrx_word' id='word_1_690' title='bbox 488 5230 684 5300; x_wconf 80' lang='lat' dir='ltr'><strong>plexus</strong></span> <span class='ocrx_word' id='word_1_691' title='bbox 703 5238 807 5284; x_wconf 87' lang='lat' dir='ltr'><strong>est.</strong></span> <span class='ocrx_word' id='word_1_692' title='bbox 835 5230 912 5283; x_wconf 85' lang='lat' dir='ltr'><strong>Ac</strong></span> <span class='ocrx_word' id='word_1_693' title='bbox 942 5238 1053 5282; x_wconf 93' lang='lat' dir='ltr'><strong>tum</strong></span> <span class='ocrx_word' id='word_1_694' title='bbox 1084 5230 1275 5300; x_wconf 89' lang='lat' dir='ltr'><strong>gratiis</strong></span> <span class='ocrx_word' id='word_1_695' title='bbox 1305 5231 1442 5286; x_wconf 86' lang='lat' dir='ltr'><strong>actis</strong></span> <span class='ocrx_word' id='word_1_696' title='bbox 1474 5231 1697 5296; x_wconf 75' lang='lat' dir='ltr'><strong>Caesari,</strong></span> <span class='ocrx_word' id='word_1_697' title='bbox 1725 5248 1831 5288; x_wconf 88' lang='lat' dir='ltr'><strong>ttna</strong></span> <span class='ocrx_word' id='word_1_698' title='bbox 1859 5235 2069 5291; x_wconf 80' lang='lat' dir='ltr'><strong>disces-</strong></span> 
     </span>
    </p>
   </div>
   <div class='ocr_carea' id='block_1_102' title="bbox 490 5320 2061 5393">
    <p class='ocr_par' dir='ltr' id='par_1_102' title="bbox 490 5320 2061 5393">
     <span class='ocr_line' id='line_1_102' title="bbox 490 5320 2061 5393; baseline 0.004 -19"><span class='ocrx_word' id='word_1_699' title='bbox 490 5328 702 5387; x_wconf 88' lang='lat' dir='ltr'><strong>serunt,</strong></span> <span class='ocrx_word' id='word_1_700' title='bbox 745 5322 1034 5390; x_wconf 78' lang='lat' dir='ltr'><strong>Antipatro</strong></span> <span class='ocrx_word' id='word_1_701' title='bbox 1065 5320 1229 5375; x_wconf 82' lang='lat' dir='ltr'><strong>etiam</strong></span> <span class='ocrx_word' id='word_1_702' title='bbox 1275 5322 1592 5383; x_wconf 83' lang='lat' dir='ltr'><strong>comitante,</strong></span> <span class='ocrx_word' id='word_1_703' title='bbox 1630 5325 1721 5393; x_wconf 88' lang='lat' dir='ltr'><strong>qui</strong></span> <span class='ocrx_word' id='word_1_704' title='bbox 1754 5339 1812 5379; x_wconf 84' lang='lat' dir='ltr'><strong>se</strong></span> <span class='ocrx_word' id='word_1_705' title='bbox 1844 5326 2061 5380; x_wconf 88' lang='lat' dir='ltr'><strong>illorum</strong></span> 
     </span>
    </p>
   </div>
   <div class='ocr_carea' id='block_1_103' title="bbox 490 5409 2083 5480">
    <p class='ocr_par' dir='ltr' id='par_1_103' title="bbox 490 5409 2083 5480">
     <span class='ocr_line' id='line_1_103' title="bbox 490 5409 2083 5480; baseline 0.004 -18"><span class='ocrx_word' id='word_1_706' title='bbox 490 5410 915 5465; x_wconf 84' lang='lat' dir='ltr'><strong>recom-ilatione</strong></span> <span class='ocrx_word' id='word_1_707' title='bbox 942 5410 1182 5480; x_wconf 83' lang='lat' dir='ltr'><strong>gaudere</strong></span> <span class='ocrx_word' id='word_1_708' title='bbox 1222 5409 1534 5464; x_wconf 88' lang='lat' dir='ltr'><strong>simulabat.</strong></span> <span class='ocrx_word' id='word_1_709' title='bbox 1583 5411 1854 5468; x_wconf 81' lang='lat' dir='ltr'><strong>Postridie</strong></span> <span class='ocrx_word' id='word_1_710' title='bbox 1882 5414 2083 5469; x_wconf 63' lang='lat' dir='ltr'><strong>Caesar</strong></span> 
     </span>
    </p>
   </div>
   <div class='ocr_carea' id='block_1_104' title="bbox 489 5499 2064 5569">
    <p class='ocr_par' dir='ltr' id='par_1_104' title="bbox 489 5499 2064 5569">
     <span class='ocr_line' id='line_1_104' title="bbox 489 5499 2064 5569; baseline 0.004 -16"><span class='ocrx_word' id='word_1_711' title='bbox 489 5499 694 5554; x_wconf 80' lang='lat' dir='ltr'><strong>Herodi</strong></span> <span class='ocrx_word' id='word_1_712' title='bbox 729 5500 966 5554; x_wconf 89' lang='lat' dir='ltr'><strong>liberum</strong></span> <span class='ocrx_word' id='word_1_713' title='bbox 995 5499 1142 5565; x_wconf 73' lang='lat' dir='ltr'><strong>fecit,</strong></span> <span class='ocrx_word' id='word_1_714' title='bbox 1174 5515 1339 5569; x_wconf 85' lang='lat' dir='ltr'><strong>quem</strong></span> <span class='ocrx_word' id='word_1_715' title='bbox 1372 5501 1534 5555; x_wconf 84' lang='lat' dir='ltr'><strong>vellet</strong></span> <span class='ocrx_word' id='word_1_716' title='bbox 1571 5518 1601 5555; x_wconf 92' lang='lat' dir='ltr'><strong>e</strong></span> <span class='ocrx_word' id='word_1_717' title='bbox 1628 5501 1753 5556; x_wconf 88' lang='lat' dir='ltr'><strong>ﬁliis</strong></span> <span class='ocrx_word' id='word_1_718' title='bbox 1783 5518 2064 5559; x_wconf 87' lang='lat' dir='ltr'><strong>successo-</strong></span> 
     </span>
    </p>
   </div>
   <div class='ocr_carea' id='block_1_105' title="bbox 486 5592 2059 5664">
    <p class='ocr_par' dir='ltr' id='par_1_105' title="bbox 486 5592 2059 5664">
     <span class='ocr_line' id='line_1_105' title="bbox 486 5592 2059 5664; baseline 0.003 -19"><span class='ocrx_word' id='word_1_719' title='bbox 486 5607 601 5646; x_wconf 87' lang='lat' dir='ltr'><strong>rem</strong></span> <span class='ocrx_word' id='word_1_720' title='bbox 633 5593 941 5664; x_wconf 70' lang='lat' dir='ltr'><strong>designare,</strong></span> <span class='ocrx_word' id='word_1_721' title='bbox 977 5600 1072 5647; x_wconf 90' lang='lat' dir='ltr'><strong>aut</strong></span> <span class='ocrx_word' id='word_1_722' title='bbox 1100 5608 1326 5662; x_wconf 79' lang='lat' dir='ltr'><strong>regnum</strong></span> <span class='ocrx_word' id='word_1_723' title='bbox 1361 5592 1504 5647; x_wconf 89' lang='lat' dir='ltr'><strong>inter</strong></span> <span class='ocrx_word' id='word_1_724' title='bbox 1530 5608 1625 5648; x_wconf 88' lang='lat' dir='ltr'><strong>eos</strong></span> <span class='ocrx_word' id='word_1_725' title='bbox 1651 5593 1917 5655; x_wconf 78' lang='lat' dir='ltr'><strong>dividere,</strong></span> <span class='ocrx_word' id='word_1_726' title='bbox 1962 5596 2059 5650; x_wconf 86' lang='lat' dir='ltr'><strong>sed</strong></span> 
     </span>
    </p>
   </div>
   <div class='ocr_carea' id='block_1_106' title="bbox 471 5685 2061 5753">
    <p class='ocr_par' dir='ltr' id='par_1_106' title="bbox 471 5685 2061 5753">
     <span class='ocr_line' id='line_1_106' title="bbox 471 5685 2061 5753; baseline 0.004 -14"><span class='ocrx_word' id='word_1_727' title='bbox 471 5690 607 5753; x_wconf 81' lang='lat' dir='ltr'><strong>post</strong></span> <span class='ocrx_word' id='word_1_728' title='bbox 655 5685 865 5740; x_wconf 87' lang='lat' dir='ltr'><strong>obitum</strong></span> <span class='ocrx_word' id='word_1_729' title='bbox 917 5686 1160 5741; x_wconf 87' lang='lat' dir='ltr'><strong>demum.</strong></span> <span class='ocrx_word' id='word_1_730' title='bbox 1208 5686 1342 5740; x_wconf 87' lang='lat' dir='ltr'><strong>Nam</strong></span> <span class='ocrx_word' id='word_1_731' title='bbox 1390 5686 1520 5739; x_wconf 88' lang='lat' dir='ltr'><strong>dttm</strong></span> <span class='ocrx_word' id='word_1_732' title='bbox 1558 5686 1786 5748; x_wconf 83' lang='lat' dir='ltr'><strong>viveret,</strong></span> <span class='ocrx_word' id='word_1_733' title='bbox 1848 5701 2061 5744; x_wconf 85' lang='lat' dir='ltr'><strong>cumet</strong></span> 
     </span>
    </p>
   </div>
   <div class='ocr_carea' id='block_1_107' title="bbox 481 5777 2057 5850">
    <p class='ocr_par' dir='ltr' id='par_1_107' title="bbox 481 5777 2057 5850">
     <span class='ocr_line' id='line_1_107' title="bbox 481 5777 2057 5850; baseline 0.005 -21"><span class='ocrx_word' id='word_1_734' title='bbox 481 5790 712 5847; x_wconf 69' lang='lat' dir='ltr'><strong>regnum</strong></span> <span class='ocrx_word' id='word_1_735' title='bbox 746 5787 799 5830; x_wconf 75' lang='lat' dir='ltr'><strong>et</strong></span> <span class='ocrx_word' id='word_1_736' title='bbox 842 5777 1133 5846; x_wconf 82' lang='lat' dir='ltr'><strong>imperium</strong></span> <span class='ocrx_word' id='word_1_737' title='bbox 1166 5779 1217 5833; x_wconf 80' lang='lat' dir='ltr'><strong>i&#39;t</strong></span> <span class='ocrx_word' id='word_1_738' title='bbox 1257 5778 1399 5833; x_wconf 82' lang='lat' dir='ltr'><strong>ﬁlios</strong></span> <span class='ocrx_word' id='word_1_739' title='bbox 1433 5788 1618 5834; x_wconf 81' lang='lat' dir='ltr'><strong>tenere</strong></span> <span class='ocrx_word' id='word_1_740' title='bbox 1660 5780 1823 5850; x_wconf 83' lang='lat' dir='ltr'><strong>jussit</strong></span> <span class='ocrx_word' id='word_1_741' title='bbox 1884 5782 1939 5837; x_wconf 90' lang='lat' dir='ltr'><strong>In</strong></span> <span class='ocrx_word' id='word_1_742' title='bbox 1971 5798 2057 5837; x_wconf 89' lang='lat' dir='ltr'><strong>re-</strong></span> 
     </span>
    </p>
   </div>
   <div class='ocr_carea' id='block_1_108' title="bbox 2174 4581 3754 4657">
    <p class='ocr_par' dir='ltr' id='par_1_108' title="bbox 2174 4581 3754 4657">
     <span class='ocr_line' id='line_1_108' title="bbox 2174 4581 3754 4657; baseline 0.001 -19"><span class='ocrx_word' id='word_1_743' title='bbox 2174 4585 2383 4654; x_wconf 81' lang='grc' dir='ltr'>δάκρυα</span> <span class='ocrx_word' id='word_1_744' title='bbox 2410 4581 2502 4657; x_wconf 76' lang='grc' dir='ltr'>ἦν,</span> <span class='ocrx_word' id='word_1_745' title='bbox 2532 4589 2629 4638; x_wconf 75' lang='grc' dir='ltr'><strong>καὶ</strong></span> <span class='ocrx_word' id='word_1_746' title='bbox 2661 4585 2815 4648; x_wconf 83' lang='grc' dir='ltr'>τέλος</span> <span class='ocrx_word' id='word_1_747' title='bbox 2842 4586 3081 4655; x_wconf 75' lang='grc' dir='ltr'>οἰμωγὴ,</span> <span class='ocrx_word' id='word_1_748' title='bbox 3099 4585 3439 4652; x_wconf 83' lang='grc' dir='ltr'>δεδοικότων,</span> <span class='ocrx_word' id='word_1_749' title='bbox 3470 4586 3570 4651; x_wconf 82' lang='grc' dir='ltr'><strong>ὡς,</strong></span> <span class='ocrx_word' id='word_1_750' title='bbox 3592 4589 3641 4639; x_wconf 84' lang='grc' dir='ltr'><strong>εί</strong></span> <span class='ocrx_word' id='word_1_751' title='bbox 3675 4604 3754 4639; x_wconf 61' lang='grc' dir='ltr'>σιω</span> 
     </span>
    </p>
   </div>
   <div class='ocr_carea' id='block_1_109' title="bbox 2173 4677 3753 4749">
    <p class='ocr_par' dir='ltr' id='par_1_109' title="bbox 2173 4677 3753 4749">
     <span class='ocr_line' id='line_1_109' title="bbox 2173 4677 3753 4749; baseline 0.003 -23"><span class='ocrx_word' id='word_1_752' title='bbox 2173 4677 2339 4746; x_wconf 79' lang='grc' dir='ltr'>γῷεν,</span> <span class='ocrx_word' id='word_1_753' title='bbox 2389 4677 2634 4741; x_wconf 75' lang='grc' dir='ltr'>δόξουσιν</span> <span class='ocrx_word' id='word_1_754' title='bbox 2689 4680 2754 4731; x_wconf 79' lang='grc' dir='ltr'>ἐκ</span> <span class='ocrx_word' id='word_1_755' title='bbox 2788 4679 2882 4731; x_wconf 85' lang='grc' dir='ltr'><strong>τοῦ</strong></span> <span class='ocrx_word' id='word_1_756' title='bbox 2945 4679 3247 4742; x_wconf 73' lang='grc' dir='ltr'>συνειδότος</span> <span class='ocrx_word' id='word_1_757' title='bbox 3304 4677 3432 4748; x_wconf 80' lang='grc' dir='ltr'>μηδ’</span> <span class='ocrx_word' id='word_1_758' title='bbox 3495 4678 3753 4749; x_wconf 82' lang='grc' dir='ltr'>εὐπορεῖν</span> 
     </span>
    </p>
   </div>
   <div class='ocr_carea' id='block_1_110' title="bbox 2172 4770 3750 4841">
    <p class='ocr_par' dir='ltr' id='par_1_110' title="bbox 2172 4770 3750 4841">
     <span class='ocr_line' id='line_1_110' title="bbox 2172 4770 3750 4841; baseline -0.001 -17"><span class='ocrx_word' id='word_1_759' title='bbox 2172 4771 2496 4839; x_wconf 80' lang='grc' dir='ltr'>ἀπολογίας.</span> <span class='ocrx_word' id='word_1_760' title='bbox 2543 4772 2629 4833; x_wconf 84' lang='grc' dir='ltr'>Ὠς</span> <span class='ocrx_word' id='word_1_761' title='bbox 2650 4772 2693 4822; x_wconf 83' lang='grc' dir='ltr'>δ’</span> <span class='ocrx_word' id='word_1_762' title='bbox 2717 4771 2889 4839; x_wconf 80' lang='grc' dir='ltr'>ἔγνων</span> <span class='ocrx_word' id='word_1_763' title='bbox 2914 4772 3204 4841; x_wconf 83' lang='grc' dir='ltr'>εὐμένειαν</span> <span class='ocrx_word' id='word_1_764' title='bbox 3249 4773 3406 4841; x_wconf 81' lang='grc' dir='ltr'>παρὰ</span> <span class='ocrx_word' id='word_1_765' title='bbox 3440 4770 3750 4841; x_wconf 80' lang='grc' dir='ltr'>Καίσαρος,</span> 
     </span>
    </p>
   </div>
   <div class='ocr_carea' id='block_1_111' title="bbox 2170 4862 3751 4935">
    <p class='ocr_par' dir='ltr' id='par_1_111' title="bbox 2170 4862 3751 4935">
     <span class='ocr_line' id='line_1_111' title="bbox 2170 4862 3751 4935; baseline -0.001 -21"><span class='ocrx_word' id='word_1_766' title='bbox 2170 4862 2282 4915; x_wconf 82' lang='grc' dir='ltr'><strong>τῶν</strong></span> <span class='ocrx_word' id='word_1_767' title='bbox 2314 4862 2360 4915; x_wconf 76' lang='grc' dir='ltr'>δ’</span> <span class='ocrx_word' id='word_1_768' title='bbox 2395 4863 2573 4915; x_wconf 75' lang='grc' dir='ltr'>ἄλλων</span> <span class='ocrx_word' id='word_1_769' title='bbox 2604 4863 2729 4925; x_wconf 79' lang='grc' dir='ltr'>τοὺς</span> <span class='ocrx_word' id='word_1_770' title='bbox 2772 4863 2876 4933; x_wconf 76' lang='grc' dir='ltr'>μὲν</span> <span class='ocrx_word' id='word_1_771' title='bbox 2914 4863 3378 4935; x_wconf 64' lang='grc' dir='ltr'>συνδακρύοντας,</span> <span class='ocrx_word' id='word_1_772' title='bbox 3424 4863 3751 4930; x_wconf 84' lang='grc' dir='ltr'>συναλγοῦν-</span> 
     </span>
    </p>
   </div>
   <div class='ocr_carea' id='block_1_112' title="bbox 2169 4953 3751 5025">
    <p class='ocr_par' dir='ltr' id='par_1_112' title="bbox 2169 4953 3751 5025">
     <span class='ocr_line' id='line_1_112' title="bbox 2169 4953 3751 5025; baseline 0.003 -20"><span class='ocrx_word' id='word_1_773' title='bbox 2169 4971 2267 5015; x_wconf 86' lang='grc' dir='ltr'><strong>τας</strong></span> <span class='ocrx_word' id='word_1_774' title='bbox 2307 4953 2363 5005; x_wconf 85' lang='grc' dir='ltr'>δὲ</span> <span class='ocrx_word' id='word_1_775' title='bbox 2404 4954 2672 5017; x_wconf 71' lang='grc' dir='ltr'>ἅπαντας,</span> <span class='ocrx_word' id='word_1_776' title='bbox 2699 4955 2727 5007; x_wconf 81' lang='grc' dir='ltr'>ὁ</span> <span class='ocrx_word' id='word_1_777' title='bbox 2765 4954 3116 5024; x_wconf 78' lang='grc' dir='ltr'>Ἀλέξανδρος</span> <span class='ocrx_word' id='word_1_778' title='bbox 3171 4956 3452 5025; x_wconf 74' lang='grc' dir='ltr'>ἐπεχείρει</span> <span class='ocrx_word' id='word_1_779' title='bbox 3507 4954 3751 5009; x_wconf 79' lang='grc' dir='ltr'>διαλύειν</span> 
     </span>
    </p>
   </div>
   <div class='ocr_carea' id='block_1_113' title="bbox 2167 5046 3750 5118">
    <p class='ocr_par' dir='ltr' id='par_1_113' title="bbox 2167 5046 3750 5118">
     <span class='ocr_line' id='line_1_113' title="bbox 2167 5046 3750 5118; baseline -0.001 -20"><span class='ocrx_word' id='word_1_780' title='bbox 2167 5049 2270 5108; x_wconf 72' lang='grc' dir='ltr'>τὰς</span> <span class='ocrx_word' id='word_1_781' title='bbox 2304 5047 2506 5112; x_wconf 67' lang='grc' dir='ltr'>αἰτίας,</span> <span class='ocrx_word' id='word_1_782' title='bbox 2538 5048 2672 5118; x_wconf 74' lang='grc' dir='ltr'>πρὸς</span> <span class='ocrx_word' id='word_1_783' title='bbox 2698 5048 2791 5100; x_wconf 74' lang='grc' dir='ltr'>τὸν</span> <span class='ocrx_word' id='word_1_784' title='bbox 2808 5048 3024 5117; x_wconf 79' lang='grc' dir='ltr'>πατέρα</span> <span class='ocrx_word' id='word_1_785' title='bbox 3047 5048 3235 5113; x_wconf 85' lang='grc' dir='ltr'>λόγους</span> <span class='ocrx_word' id='word_1_786' title='bbox 3268 5046 3612 5116; x_wconf 81' lang='grc' dir='ltr'>ποιούμενος.</span> <span class='ocrx_word' id='word_1_787' title='bbox 3640 5046 3750 5100; x_wconf 77' lang='grc' dir='ltr'><strong>Καὶ</strong></span> 
     </span>
    </p>
   </div>
   <div class='ocr_carea' id='block_1_114' title="bbox 2168 5138 3749 5209">
    <p class='ocr_par' dir='ltr' id='par_1_114' title="bbox 2168 5138 3749 5209">
     <span class='ocr_line' id='line_1_114' title="bbox 2168 5138 3749 5209; baseline -0.001 -17"><span class='ocrx_word' id='word_1_788' title='bbox 2168 5138 2547 5207; x_wconf 79' lang='grc' dir='ltr'>διαλεχθέντος</span> <span class='ocrx_word' id='word_1_789' title='bbox 2587 5139 2724 5209; x_wconf 80' lang='grc' dir='ltr'>πρὸς</span> <span class='ocrx_word' id='word_1_790' title='bbox 2760 5140 2821 5192; x_wconf 82' lang='grc' dir='ltr'><strong>τὸ</strong></span> <span class='ocrx_word' id='word_1_791' title='bbox 2843 5139 3286 5208; x_wconf 80' lang='grc' dir='ltr'>ὲπαγωγότερον,</span> <span class='ocrx_word' id='word_1_792' title='bbox 3315 5141 3343 5192; x_wconf 85' lang='grc' dir='ltr'>ὁ</span> <span class='ocrx_word' id='word_1_793' title='bbox 3372 5140 3590 5209; x_wconf 82' lang='grc' dir='ltr'>Καῖσαρ</span> <span class='ocrx_word' id='word_1_794' title='bbox 3625 5138 3749 5191; x_wconf 72' lang='grc' dir='ltr'>οῦδὲ</span> 
     </span>
    </p>
   </div>
   <div class='ocr_carea' id='block_1_115' title="bbox 2170 5230 3746 5299">
    <p class='ocr_par' dir='ltr' id='par_1_115' title="bbox 2170 5230 3746 5299">
     <span class='ocr_line' id='line_1_115' title="bbox 2170 5230 3746 5299; baseline 0.001 -17"><span class='ocrx_word' id='word_1_795' title='bbox 2170 5231 2441 5299; x_wconf 77' lang='grc' dir='ltr'>πρότερον</span> <span class='ocrx_word' id='word_1_796' title='bbox 2469 5233 2590 5294; x_wconf 81' lang='grc' dir='ltr'>ταῖς</span> <span class='ocrx_word' id='word_1_797' title='bbox 2625 5231 2748 5284; x_wconf 85' lang='grc' dir='ltr'>κατ’</span> <span class='ocrx_word' id='word_1_798' title='bbox 2779 5232 2959 5286; x_wconf 77' lang='grc' dir='ltr'>αὐτῶν</span> <span class='ocrx_word' id='word_1_799' title='bbox 2997 5231 3272 5285; x_wconf 81' lang='grc' dir='ltr'>πιστεύων</span> <span class='ocrx_word' id='word_1_800' title='bbox 3318 5231 3619 5295; x_wconf 71' lang='grc' dir='ltr'>διαϐολαῖς,</span> <span class='ocrx_word' id='word_1_801' title='bbox 3667 5230 3746 5284; x_wconf 84' lang='grc' dir='ltr'>ἔτι</span> 
     </span>
    </p>
   </div>
   <div class='ocr_carea' id='block_1_116' title="bbox 2172 5318 3747 5391">
    <p class='ocr_par' dir='ltr' id='par_1_116' title="bbox 2172 5318 3747 5391">
     <span class='ocr_line' id='line_1_116' title="bbox 2172 5318 3747 5391; baseline 0 -20"><span class='ocrx_word' id='word_1_802' title='bbox 2172 5320 2407 5391; x_wconf 80' lang='grc' dir='ltr'>μάλιστα</span> <span class='ocrx_word' id='word_1_803' title='bbox 2433 5320 2810 5388; x_wconf 80' lang='grc' dir='ltr'>ἐξηλλάττετο,</span> <span class='ocrx_word' id='word_1_804' title='bbox 2850 5322 2944 5374; x_wconf 70' lang='grc' dir='ltr'><strong>καὶ</strong></span> <span class='ocrx_word' id='word_1_805' title='bbox 2968 5320 3208 5390; x_wconf 82' lang='grc' dir='ltr'>συνεχῶς</span> <span class='ocrx_word' id='word_1_806' title='bbox 3233 5322 3314 5384; x_wconf 77' lang='grc' dir='ltr'><strong>είς</strong></span> <span class='ocrx_word' id='word_1_807' title='bbox 3343 5321 3436 5374; x_wconf 80' lang='grc' dir='ltr'><strong>τὸν</strong></span> <span class='ocrx_word' id='word_1_808' title='bbox 3498 5318 3747 5391; x_wconf 74' lang='grc' dir='ltr'>Ἡρώδην</span> 
     </span>
    </p>
   </div>
   <div class='ocr_carea' id='block_1_117' title="bbox 2168 5411 3745 5482">
    <p class='ocr_par' dir='ltr' id='par_1_117' title="bbox 2168 5411 3745 5482">
     <span class='ocr_line' id='line_1_117' title="bbox 2168 5411 3745 5482; baseline -0.002 -16"><span class='ocrx_word' id='word_1_809' title='bbox 2168 5411 2502 5474; x_wconf 69' lang='grc' dir='ltr'>ἀπέδλεπεν,</span> <span class='ocrx_word' id='word_1_810' title='bbox 2558 5411 2703 5481; x_wconf 82' lang='grc' dir='ltr'>ὁρῶν</span> <span class='ocrx_word' id='word_1_811' title='bbox 2756 5414 3010 5466; x_wconf 76' lang='grc' dir='ltr'>κάκεῖνον</span> <span class='ocrx_word' id='word_1_812' title='bbox 3066 5413 3604 5482; x_wconf 77' lang='grc' dir='ltr'>ὑποσυγκεχυμένον,</span> <span class='ocrx_word' id='word_1_813' title='bbox 3650 5412 3745 5464; x_wconf 68' lang='grc' dir='ltr'>καὶ</span> 
     </span>
    </p>
   </div>
   <div class='ocr_carea' id='block_1_118' title="bbox 2168 5503 3739 5576">
    <p class='ocr_par' dir='ltr' id='par_1_118' title="bbox 2168 5503 3739 5576">
     <span class='ocr_line' id='line_1_118' title="bbox 2168 5503 3739 5576; baseline 0.003 -19"><span class='ocrx_word' id='word_1_814' title='bbox 2168 5504 2382 5574; x_wconf 83' lang='grc' dir='ltr'>ὴγωνία</span> <span class='ocrx_word' id='word_1_815' title='bbox 2413 5506 2470 5556; x_wconf 70' lang='grc' dir='ltr'><strong>τί</strong></span> <span class='ocrx_word' id='word_1_816' title='bbox 2496 5503 2748 5573; x_wconf 82' lang='grc' dir='ltr'>θέατρον.</span> <span class='ocrx_word' id='word_1_817' title='bbox 2778 5506 3001 5576; x_wconf 78' lang='grc' dir='ltr'>Καῖσαρ</span> <span class='ocrx_word' id='word_1_818' title='bbox 3023 5505 3100 5569; x_wconf 77' lang='grc' dir='ltr'>δὲ,</span> <span class='ocrx_word' id='word_1_819' title='bbox 3124 5507 3248 5568; x_wconf 77' lang='grc' dir='ltr'>τοὺς</span> <span class='ocrx_word' id='word_1_820' title='bbox 3275 5505 3374 5575; x_wconf 75' lang='grc' dir='ltr'>μὶν</span> <span class='ocrx_word' id='word_1_821' title='bbox 3399 5504 3739 5567; x_wconf 71' lang='grc' dir='ltr'>νεανίσκους.</span> 
     </span>
    </p>
   </div>
   <div class='ocr_carea' id='block_1_119' title="bbox 2167 5594 3744 5667">
    <p class='ocr_par' dir='ltr' id='par_1_119' title="bbox 2167 5594 3744 5667">
     <span class='ocr_line' id='line_1_119' title="bbox 2167 5594 3744 5667; baseline -0.001 -19"><span class='ocrx_word' id='word_1_822' title='bbox 2167 5599 2217 5648; x_wconf 84' lang='grc' dir='ltr'><strong>εί</strong></span> <span class='ocrx_word' id='word_1_823' title='bbox 2261 5598 2354 5649; x_wconf 72' lang='grc' dir='ltr'>καὶ</span> <span class='ocrx_word' id='word_1_824' title='bbox 2381 5595 2488 5648; x_wconf 84' lang='grc' dir='ltr'>τῶν</span> <span class='ocrx_word' id='word_1_825' title='bbox 2531 5596 2797 5650; x_wconf 74' lang='grc' dir='ltr'>διαϐολῶν</span> <span class='ocrx_word' id='word_1_826' title='bbox 2849 5597 3040 5667; x_wconf 68' lang='grc' dir='ltr'>πόρρω</span> <span class='ocrx_word' id='word_1_827' title='bbox 3089 5595 3355 5660; x_wconf 82' lang='grc' dir='ltr'>δοκοῦσιν,</span> <span class='ocrx_word' id='word_1_828' title='bbox 3406 5596 3541 5651; x_wconf 66' lang='grc' dir='ltr'><strong>αὖτ’)</strong></span> <span class='ocrx_word' id='word_1_829' title='bbox 3582 5594 3744 5647; x_wconf 82' lang='grc' dir='ltr'>τοῦτο</span> 
     </span>
    </p>
   </div>
   <div class='ocr_carea' id='block_1_120' title="bbox 2166 5685 3740 5759">
    <p class='ocr_par' dir='ltr' id='par_1_120' title="bbox 2166 5685 3740 5759">
     <span class='ocr_line' id='line_1_120' title="bbox 2166 5685 3740 5759; baseline -0.002 -19"><span class='ocrx_word' id='word_1_830' title='bbox 2166 5688 2435 5757; x_wconf 74' lang='grc' dir='ltr'>ἁμαρτεῖν</span> <span class='ocrx_word' id='word_1_831' title='bbox 2457 5686 2584 5757; x_wconf 76' lang='grc' dir='ltr'><strong>ἔφη,</strong></span> <span class='ocrx_word' id='word_1_832' title='bbox 2632 5688 2692 5739; x_wconf 79' lang='grc' dir='ltr'>τὸ</span> <span class='ocrx_word' id='word_1_833' title='bbox 2749 5687 2824 5759; x_wconf 80' lang='grc' dir='ltr'>μὴ</span> <span class='ocrx_word' id='word_1_834' title='bbox 2868 5688 3143 5750; x_wconf 78' lang='grc' dir='ltr'>τοιούτους</span> <span class='ocrx_word' id='word_1_835' title='bbox 3183 5688 3409 5751; x_wconf 79' lang='grc' dir='ltr'>ἑαυτοὺς</span> <span class='ocrx_word' id='word_1_836' title='bbox 3456 5686 3533 5757; x_wconf 81' lang='grc' dir='ltr'>τῷ</span> <span class='ocrx_word' id='word_1_837' title='bbox 3571 5685 3740 5755; x_wconf 72' lang='grc' dir='ltr'>πατρὶ</span> 
     </span>
    </p>
   </div>
   <div class='ocr_carea' id='block_1_121' title="bbox 2168 5779 3738 5850">
    <p class='ocr_par' dir='ltr' id='par_1_121' title="bbox 2168 5779 3738 5850">
     <span class='ocr_line' id='line_1_121' title="bbox 2168 5779 3738 5850; baseline -0.003 -17"><span class='ocrx_word' id='word_1_838' title='bbox 2168 5782 2492 5850; x_wconf 75' lang='grc' dir='ltr'>παρασχεῖν,</span> <span class='ocrx_word' id='word_1_839' title='bbox 2535 5779 2609 5843; x_wconf 80' lang='grc' dir='ltr'>ὡς</span> <span class='ocrx_word' id='word_1_840' title='bbox 2643 5781 2778 5850; x_wconf 71' lang='grc' dir='ltr'>μηδὲ</span> <span class='ocrx_word' id='word_1_841' title='bbox 2808 5782 3058 5848; x_wconf 75' lang='grc' dir='ltr'>γενέσθαι</span> <span class='ocrx_word' id='word_1_842' title='bbox 3088 5784 3173 5835; x_wconf 63' lang='grc' dir='ltr'>τὸν</span> <span class='ocrx_word' id='word_1_843' title='bbox 3208 5782 3503 5844; x_wconf 58' lang='grc' dir='ltr'>ἐπἠαῦτυῖς</span> <span class='ocrx_word' id='word_1_844' title='bbox 3528 5780 3689 5846; x_wconf 55' lang='grc' dir='ltr'>λόγην</span> <span class='ocrx_word' id='word_1_845' title='bbox 3723 5795 3738 5809; x_wconf 90' lang='grc'><strong>·</strong></span> 
     </span>
    </p>
   </div>
  </div>
