4002 6250
311 282 419 340 437

1599 286 2009 349 ANNALIUM
2052 289 2201 366 Lm.
2248 290 2310 345 ιτ.

3480 286 3625 349 423·

326 386 585 456 Ἡρώδην
624 387 680 440 δὲ
715 388 1023 456 παρεκάλει
1072 389 1492 446 διαλλάττεσθαι
1520 400 1637 457 τοῖς
1693 397 1907 460 παισὶν,

2014 398 2133 451 ditu"
2169 398 2472 451 Archelaus
2510 397 2803 453 Alexandri
2858 412 3018 451 socer
3059 397 3108 451 ei
3154 397 3297 452 circa
3338 396 3587 455 Ciliciam

314 480 595 546 ἀφελόντα
622 482 802 533 πᾶσαν
833 483 1099 535 ὑπόνοιαν
1121 500 1133 513 ·
1169 484 1263 536 καὶ
1299 484 1356 536 τὶ
1385 485 1555 538 πιστὰ
1608 486 1719 555 γὰρ
1758 488 1913 555 ἡγεῖ-

316 574 447 624 σΊαι
505 572 678 623 ταῦτα
708 575 851 625 κατα
905 574 1016 625 τῶν
1055 575 1265 627 παίδων
1313 577 1375 629 οὑ
1428 577 1640 628 δίκαιον
1698 577 1905 646 ἔκρινε.

315 662 559 716 Τοιαῦτα
589 664 1000 733 συμϐουλεύων,
1026 655 1211 720 ἔνευσε
1232 670 1347 730 τοῖς
1373 671 1705 734 νεανίσκοις,
1731 688 1906 740 προσ-

2008 491 2280 551 oeeurrit,
2311 488 2550 542 ﬁliorum
2584 490 3089 544 reconciliationem
3126 492 3425 561 gratulans.
3456 493 3590 547 inde

2011 584 2066 634 in
2097 581 2340 635 Judzeam
2374 597 2654 646 reversus,
2680 582 2888 636 indicto
2920 583 3175 644 concilio,
3223 583 3361 635 utin
3391 583 3590 637 itinere

2006 688 2194 728 secum
2242 683 2387 728 esset
2438 675 2948 745 aetum,exposuit,
2985 674 3401 744 orationemque
3449 674 3590 729 filio-

314 757 506 807 πεσεῖν
549 754 631 826 τῷ
675 757 874 824 πατρί.
930 759 1215 812 Κάκείνων
1272 760 1643 831 ὡρμηκότων,
1698 764 1907 835 προλα-

2014 782 2129 821 rum
2177 766 2556 822 admonitione
2609 768 2917 823 conclusit:
2974 768 3176 839 quibus
3214 784 3338 822 cum
3375 767 3591 823 denun-

321 843 435 897 σὼν
460 845 663 910 αὐτοὺς
697 847 726 900 ὁ
776 850 961 918 πατὴρ
1010 850 1346 921 δακρύοντας
1384 852 1686 923 ἠσπάζετο,
1734 856 1909 923 ἀγκα-

2014 857 2223 923 tiasset,
2270 873 2330 912 se
2378 874 2604 928 regnum
2637 858 2946 928 relinquere
2987 859 3226 929 primum
3276 860 3590 929 Antipatro,

319 936 610 1008 λιζόμενος
641 941 896 994 ἕκαστον.
927 943 1064 995 Τότε
1123 946 1220 1012 μὲν
1259 944 1352 998 οὖν
1405 946 1908 1019 εὐχαριστήσαντες

2014 949 2215 1004 deinde
2267 949 2599 1005 Mariammzc
2650 963 2872 1020 quoque
2929 949 3093 1016 filiis,
3154 951 3447 1007 concilium
3509 951 3607 1005 (li--

320 1029 592 1102 Καίσαρι,
629 1035 752 1102 μετ’
797 1034 1044 1105 ἀλλήλων
1097 1037 1369 1107 ἀπῄεσαν,
1395 1040 1491 1092 καὶ
1549 1040 1906 1112 Ἀντίπατρος
2013 1043 2185 1097 misit.

323 1125 445 1193 μετ’
468 1126 677 1189 αὐτῶν,
701 1129 824 1192 ταῖς
847 1129 1170 1199 διαλλαγαῖς
1197 1133 1634 1205 ὑποκρινόμενος
1654 1135 1903 1206 ἥδεσθαι.
1947 1136 2029 1205 Τῇ
2098 1137 2144 1187 δ’
2209 1137 2480 1208 ὑστεραίᾳ
2516 1138 2644 1207 περὶ
2673 1137 2775 1206 τῆς
2808 1137 3089 1208 βασιλείας
3129 1138 3207 1209 τῷ
3248 1138 3462 1209 Ἡρώδῃ
3492 1137 3592 1207 τὴν

320 1219 578 1286 ἐξουσίαν
606 1223 823 1295 ἀφῆκεν
873 1228 902 1278 ὁ
954 1229 1196 1300 Καῖσαρ,
1228 1228 1287 1281 ὃν
1316 1228 1383 1283 ἂν
1410 1230 1626 1302 αἱροῖτο
1669 1230 1782 1283 τῶν
1831 1231 2062 1298 παίδων,
2101 1230 2347 1301 διάδοχον
2410 1231 2736 1303 moth
2776 1233 2871 1286 καὶ
2902 1232 3186 1304 διανέμειν
3246 1233 3420 1286 ἅπασι
3457 1231 3594 1285 tati-

319 1329 444 1382 την,
480 1318 625 1386 μετὰ
674 1319 910 1375 θάνατον
944 1324 1149 1394 μέντοι.
1179 1324 1353 1378 Ζῶντι
1378 1325 1435 1379 δέ
1472 1327 1573 1380 οὐκ
1629 1326 1901 1398 ἐπέτρεπε
1940 1327 2039 1398 τὴν
2104 1327 2394 1396 διανομὴν,
2425 1326 2560 1379 ἀλλὰ
2626 1328 2718 1379 καὶ
2755 1327 2865 1381 τῶν
2925 1327 3131 1381 παίδων
3182 1326 3376 1397 ἢθελεν
3429 1324 3619 1378 αὐτὸν.

318 1413 420 1465 καὶ
439 1413 542 1481 τῆς
570 1415 854 1486 βασιλείας
882 1421 1129 1488 κρατεῖν.
1170 1421 1483 1476 Ἐπανιόντι
1535 1423 1593 1477 δέ
1649 1421 1780 1494 περὶ
1836 1422 2117 1480 Κιλικίαν.
2190 1423 2480 1491 ’Λρχέλαος
2531 1423 2560 1471 δ
2621 1421 2882 1494 πενθερὸς
2944 1421 3300 1490 Ἀλεξάνδρου
3354 1421 3593 1490 συναντᾷ

321 1509 403 1579 τῷ
451 1508 688 1583 Ἡρώδῃ,
721 1511 1084 1581 συνηδόμενος
1114 1514 1209 1569 ἐπὶ
1235 1517 1357 1581 ταῖς
1409 1516 1521 1571 τῶν
1583 1515 1792 1571 παίδων
1844 1515 2183 1582 διαλλαγαῖς.
2226 1515 2513 1568 Ἐντεῦθεν
2550 1513 2820 1587 Ἡρώδης,
2850 1514 2945 1568 ἐπὶ
2969 1513 3069 1585 τὴν
3106 1511 3364 1568 Ἰουδαίαν
3394 1512 3590 1574 ἐλθὼν,

319 1603 417 1656 καὶ
447 1603 776 1673 συναγαγὼν
812 1606 1131 1676 ἐκκλησίαν.
1163 1606 1234 1660 τά
1264 1610 1408 1663 κατὰ
1446 1609 1547 1679 τὴν
1596 1608 1907 1680 ἀποδημίαν
1940 1606 2088 1680 αὑτῷ
2135 1610 2500 1679 πεπραγμένα
2574 1609 2830 1679 διηγεῖτο,
2872 1607 2968 1663 καὶ
3011 1606 3104 1662 ἐπὶ
3173 1606 3427 1679 νουθεσίᾳ
3481 1607 3590 1662 τῶν

321 1695 530 1750 παίδων
546 1699 639 1750 τὸν
665 1696 825 1765 λόγον
854 1698 1214 1771 κατέστρεψε,
1235 1703 1330 1755 καὶ
1363 1702 1478 1768 τοῖς
1515 1703 1653 1768 υίοῖς
1675 1704 1904 1774 προεῖπε
1945 1702 2047 1768 τὴν
2082 1700 2364 1770 βασιλείαν
2427 1701 2906 1775 καταλιμπάνειν,
2974 1699 3177 1773 πρώτῳ
3238 1700 3337 1771 μὲν
3412 1702 3591 1755 Ἀντι-

319 1790 541 1861 πάτρῳ,
577 1787 695 1847 εἶτα
730 1794 822 1849 καὶ
851 1793 964 1856 τοῖς
990 1795 1054 1847 ἐκ
1078 1792 1331 1867 Μαριάμ.
1371 1796 1558 1849 Ταῦτα
1579 1794 1768 1859 είπὼν,
1800 1795 1893 1848 τὸν
1925 1794 2183 1861 σύλλογον
2205 1795 2515 1852 διελύσατο.

395 1888 504 1944 ιϐ’.
531 1889 779 1961 ’Υπῆρχε
802 1890 861 1945 δὲ
883 1893 982 1962 τὴν
1006 1889 1235 1962 γνώμην
1263 1892 1399 1964 πρὸς
1429 1894 1529 1965 μὲν
1560 1877 1687 1959 rei);
1713 1892 1905 1959 ἄλλους

2077 1893 2224 1948 XIX.
2259 1893 2386 1948 Fuit
2433 1892 2678 1948 Herodes
2705 1909 2831 1962 erga
2880 1894 3017 1948 alios
3066 1893 3488 1949 liberalissimus
3536 1902 3617 1948 et:

323 1982 750 2053 φιλοτιμότατός
770 1999 832 2036 τε
864 1984 961 2038 καὶ
998 1983 1521 2056 εὐεργετικώτατος,
1542 1986 1679 2054 πρὸς
1700 1988 1757 2042 δὲ
1780 1989 1907 2052 τοὺς

2014 1984 2569 2049 beneficentissimus,
2617 1984 2855 2039 subditis
2892 2000 3021 2039 vero
3051 1986 3230 2057 gravis
3265 1996 3321 2039 et
3354 1985 3590 2056 iniquis—

315 2077 603 2143 ὑπηκόους
643 2076 888 2148 ἐπαχθής
910 2094 970 2132 τε
1005 2079 1098 2130 καὶ
1133 2077 1499 2143 ἀδικώτατος,
1536 2080 1673 2152 πρὸς
1696 2080 1752 2136 δὲ
1780 2085 1903 2145 τοὺς

2014 2080 2202 2143 simus,
2237 2087 2597 2150 cognatorum
2643 2086 2698 2133 et
2730 2078 3030 2132 amicorum
3077 2080 3299 2148 punitor
3341 2078 3593 2133 inexora-

318 2166 563 2230 οἰκείους
592 2168 687 2221 καὶ
727 2167 915 2238 φίλους
967 2169 1238 2243 κολαστὴς
1289 2173 1688 2244 ἀπαραίτητος.
1758 2173 1821 2228 ’Π
1848 2174 1905 2227 δὲ

318 2259 476 2313 αίτία
505 2260 719 2313 τούτων
746 2259 1018 2330 φιλοδοξία
1045 2264 1141 2318 καὶ
1162 2264 1444 2336 φιλαρχία.
1492 2265 1631 2319 Ὑπὸ
1664 2265 1764 2336 μὲν
1796 2266 1905 2337 γάρ

320 2351 653 2420 φιλοδοξίας,
690 2354 739 2406 εί
776 2355 998 2425 μνήμης
1031 2355 1223 2427 ἔμελλε
1270 2359 1560 2429 τυγχάνειν
1605 2359 1906 2433 εἰσαῦθιςῆ

321 2445 605 2516 εὐφημίας
647 2448 791 2502 κατὰ
817 2450 880 2504 τὸ
931 2452 1168 2518 ἐνεστδς,
1205 2452 1306 2507 οὑκ
1342 2454 1583 2523 ἐφείδετο
1629 2456 1906 2510 δαπανῶν.

318 2536 710 2605 ῐΙολυδάπανος
742 2541 786 2596 δ’
825 2541 924 2607 ὣν,
963 2544 1210 2617 βαρείαις
1247 2547 1569 2619 εἰσπράξεσι
1608 2550 1737 2614 τοὺς
1767 2551 1907 2605 ὑπν-

320 2630 705 2700 τεταγμένους
728 2633 939 2700 ἐπίεζε,
994 2637 1089 2691 καὶ
1119 2636 1359 2709 χαλεπὸς
1394 2634 1463 2712 ἦν
1502 2639 1707 2704 αὐτοῖς.
1772 2641 1909 2696 ’Υπδ

314 2723 378 2776 δὲ
425 2724 747 2797 φιλαρχίας,
778 2728 830 2781 εί
868 2729 1012 2783 κατά
1038 2745 1187 2794 τινος
1222 2729 1497 2786 ὑπόνοιαν
1533 2732 1693 2804 ἔσχεν
1760 2734 1908 2804 ἐφίε-

320 2817 449 2872 σθαι
482 2821 583 2888 τῆς
619 2820 819 2890 ἀρχῆς,
856 2821 890 2891 ἧ
926 2839 978 2876 τι
1025 2822 1157 2893 περὶ
1212 2824 1384 2894 αὐτὴν
1426 2829 1777 2895 παρακινεῖν,
1819 2829 1909 2882 ἴσα

314 2911 615 2980 ’πολεμίοις
642 2910 793 2980 αὑτῷ
819 2914 1213 2986 προσεφέρετο.
1256 2915 1572 2971 Κάντεῦθεν
1623 2921 1909 2987 συγγενεῖς

317 3018 384 3055 τε
415 3003 512 3056 καὶ
536 3004 723 3071 φίλους
776 3007 1164 3078 ἐτιμωρήσατο
1214 3008 1473 3078 ἀφειδῶς,
1533 3010 1692 3082 μόνος
1737 3011 1908 3065 θέλων

316 3093 673 3163 τετιμῆσθαι.
706 3097 1018 3168 Τεκμήριον
1047 3098 1105 3153 δὲ
1131 3098 1227 3153 τοῦ
1271 3100 1536 3155 πάντοθεν
1572 3103 1910 3175 χρηματίζε-

320 3185 453 3238 σθαι
476 3185 653 3240 θέλειν
689 3188 778 3242 διὰ
831 3191 891 3242 τὸ
929 3190 1332 3258 πολυδάπανον,
1368 3195 1476 3258 ὅτι,
1522 3197 1778 3267 ἀκηκοὼς
1831 3197 1915 3263 ὡς,

333 3274 613 3345 ’Υρκανὲς
647 3279 676 3332 ὀ
706 3280 812 3351 πρὸ
868 3279 1034 3334 αὑτοῦ
1067 3256 1418 3351 βασιλεύσας,
1449 3256 1668 3351 άνοίξάς
1699 3256 1788 3341 τὸν
1810 3256 1915 3342 τάξ
1934 3256 1985 3314 c

319 3384 425 3438 φον
459 3369 645 3435 Δαὸὶδ,
682 3372 949 3442 ἀργυρίου
984 3372 1143 3427 λάϐοι
1177 3375 1419 3431 τάλαντα
1474 3379 1773 3448 τρισχίλια,
1812 3399 1906 3434 νυ-

318 3459 453 3522 κτὸς
480 3459 705 3525 ἀνοίξας
724 3463 816 3515 τὸν
841 3463 1012 3531 τάφον
1034 3464 1370 3537 εἰσέρχεται.
1402 3469 1529 3531 τοὺς
1548 3471 1906 3536 πιστοτάτους

317 3551 432 3605 τῶν
461 3551 633 3622 φίλων
654 3553 977 3625 παρειληφὼ
992 3574 1032 3620 ς,
1069 3556 1137 3610 ἶν’
1164 3557 1468 3629 άνέκφορον
1489 3561 1574 3630 εἴη
1604 3562 1664 3614 τὸ
1695 3561 1903 3632 δρώμε·

318 3659 441 3700 νον.
471 3644 584 3698 Καὶ
609 3647 867 3717 χρήματα
899 3647 998 3718 μὲν
1029 3648 1130 3719 οὑχ
1168 3642 1350 3717 εὗρεν,
1408 3650 1651 3721 ἀργύρια
1678 3652 1902 3724 δηλαδὴ,

322 3735 534 3805 κόσμον
571 3736 630 3790 δὲ
671 3737 839 3793 πολὺν
875 3738 1180 3809 κειμηλίων
1236 3740 1480 3811 χρυσῶν,
1539 3740 1604 3794 δν
1663 3743 1905 3797 ἀνείλετο

321 3827 528 3884 πάντα.
564 3831 870 3886 Ἕσπευδεν
897 3833 992 3886 οὑν
1032 3834 1125 3887 καὶ
1186 3833 1454 3905 ἐνδοτέρω
1503 3838 1700 3906 χωρεῖν
1762 3837 1906 3892 κατᾶ

325 3922 425 3983 τὰς
451 3921 652 3990 θήκας,
687 3923 745 3975 ἐν
776 3917 865 3987 αἷς
901 3925 1011 3977 τῶν
1046 3923 1317 3995 βασιλέων
1354 3925 1519 3979 Δαϐὶδ
1580 3928 1674 3980 καὶ
1737 3929 1903 3980 Σαλε-

327 4013 542 4081 μῶντος
585 4014 910 4085 τὰσώματα
957 4016 1374 4087 τεθησαύριστο.
1442 4019 1529 4081 Ὠς
1574 4019 1631 4072 δὲ
1654 4020 1907 4083 ἐϐιάζετο

323 4105 581 4170 εἰσιέναι,
616 4104 711 4159 δύο
745 4107 844 4175 μὲν
865 4106 1015 4178 αὑτῴ
1046 4107 1153 4160 τῶν
1199 4110 1515 4180 δορυφόρων
1564 4110 1902 4181 ἐφ’ἀρησαν,

326 4195 525 4263 φλογὸς
579 4195 791 4250 ἔνδοθεν
827 4198 1244 4268 άπαντησάσης,
1306 4198 1381 4262 ὡς
1441 4199 1619 4269 λόγος,
1677 4202 1858 4266 αὐτοῖς
1887 4218 1901 4232 ο

331 4291 496 4354 αὐτὸς
527 4290 587 4344 δὲ
620 4292 876 4361 περιδεὴς
909 4290 1100 4363 ἐξῄει,
1136 4292 1231 4346 καὶ
1270 4292 1358 4345 διὰ
1410 4293 1509 4364 τὴν
1558 4296 1905 4365 ἐπιχείρησιν

324 4384 511 4453 χεῖρον
543 4381 690 4452 ἔχειν
719 4383 896 4436 ἐδόκει
934 4384 1001 4435 τὰ
1035 4383 1179 4436 κατὰ
1210 4385 1309 4453 τὴν
1347 4385 1528 4438 οἰκίαν
1567 4386 1739 4456 αὐτῷ.
1778 4387 1905 4456 Ἐμ-

329 4475 505 4545 φυλίῳ
536 4475 645 4545 γὰρ
678 4472 843 4545 ἐῴκει
891 4473 1115 4545 πολέμῳ
1162 4477 1231 4527 τά
1285 4476 1427 4530 κατὰ
1465 4476 1565 4547 τὴν
1601 4477 1769 4546 αὐλὴν
1804 4479 1903 4549 τὴν

329 4566 644 4636 βασιλικήν.
699 4566 1060 4636 Ἐστρατήγει
1087 4566 1143 4618 δὲ
1171 4567 1259 4619 ἀεὶ
1290 4567 1432 4621 κατὰ
1455 4567 1565 4619 τῶν
1592 4568 1838 4637 ἀδελφῶν
1878 4572 1905 4622 ὁ

339 4658 720 4729 Ἀντίπατρος,
747 4658 920 4722 δεινὸς
960 4657 1055 4721 ὢν,
1083 4658 1150 4713 δι’
1179 4659 1357 4717 ἄλλων
1386 4662 1487 4729 μὲν
1513 4660 1713 4723 αὑτοὺς
1750 4679 1908 4730 περι-

328 4751 544 4805 ϐάλλων
568 4752 808 4816 αἰτίαις,
845 4753 1008 4817 αὐτὸς
1043 4754 1099 4807 δὲ
1146 4754 1407 4818 πολλάκις
1465 4754 1912 4823 ὑπεραπολιιγοὺο

339 4862 523 4915 μενος,
556 4845 673 4910 ἵνα,
706 4846 880 4899 δοκῶν
901 4844 1089 4906 εὔνους
1119 4845 1702 4912 ἐκείνοις,ἀνύποπτος
1722 4848 1806 4917 εἴη
1836 4847 1913 4917 τῷ

331 4940 503 5007 πατρὶ
537 4939 678 5009 πρὸς
710 4938 809 5000 τὰς
834 4940 1201 5010 ἐγχειρήσεις,
1240 4941 1335 4993 καὶ
1373 4938 1531 5010 μόνος
1572 4940 1670 5008 τῆς
1701 4941 1910 4992 ἐκείνου

331 5034 610 5102 σωτηρίας
645 5034 953 5103 φροντίζειν
985 5035 1137 5106 δοκῇ.
1183 5036 1346 5088 Καὶὸ
1393 5035 1495 5105 μὲν
1527 5034 1595 5087 τὰ
1635 5033 1815 5088 πάντα
1844 5029 1912 5103 ἦν

329 5125 409 5196 τῷ
435 5125 648 5197 πατρί’
677 5128 729 5178 οἱ
765 5126 821 5178 δέ
840 5127 903 5179 ἐκ
928 5126 1031 5196 τῆς
1083 5127 1320 5198 Μαριὰμ
1374 5125 1757 5196 χαλεπώτερον
1823 5125 1913 5177 ἀεὶ

331 5220 651 5288 διετίθεντο,
683 5223 781 5276 καὶ
804 5221 901 5291 τὴν
949 5222 1176 5292 ἀτιμίαν
1229 5222 1330 5275 οὑκ
1389 5220 1584 5291 ἔφερον
1617 5219 1710 5273 ὑπ’
1755 5218 1913 5286 εὐγε-

334 5313 508 5377 νείας,
539 5314 923 5385 παρεωσμένοι
959 5316 1052 5367 καὶ
1089 5314 1245 5379 τάξιν
1281 5315 1622 5384 ἀτιμοτέραν
1669 5310 1909 5382 ἔχοντες.

332 5407 404 5460 AZ
424 5423 483 5458 τε
519 5407 800 5474 γυναῖκες,
845 5408 877 5476 ἡ
911 5407 1009 5475 μὲν
1043 5406 1381 5475 Ἀλεξάνδρῳ
1411 5404 1734 5460 συνοικοῦσα
1771 5403 1912 5458 Γλα-

2007 2171 2158 2227 bilis.
2210 2170 2268 2225 l‘n
2317 2184 2480 2225 causa
2532 2169 2632 2223 fuit
2686 2169 2872 2239 glor'a:
2918 2170 3245 2240 imperiique
3292 2170 3586 2241 cupiditas.

2007 2265 2143 2321 Nam
2190 2263 2376 2335 gloria:
2424 2263 2598 2333 gratia
2647 2263 2689 2317 si
2742 2263 2827 2316 vel
2861 2263 3197 2332 posteritatis
3241 2264 3588 2324 memoriam,

2010 2356 2093 2412 vel
2125 2357 2178 2410 in
2217 2354 2511 2427 prmsentia
2547 2353 2787 2410 nominis
2833 2353 3211 2408 celebritatem
3257 2364 3593 2408 consecutu-
3692 2342 3693 2345 “

2012 2467 2105 2506 rus
2148 2461 2315 2508 esset.
2368 2449 2537 2505 nullis
2589 2448 2853 2519 parcebat
2907 2447 3215 2517 impensis:
3273 2462 3411 2516 quas
3465 2464 3590 2501 enm

2011 2543 2210 2605 multas
2244 2543 2576 2612 requireret,
2625 2542 2883 2611 gravibus
2925 2538 3305 2595 exactionibus
3340 2540 3627 2594 subditos.

2009 2652 2135 2691 cum
2179 2634 2389 2690 smvitia
2413 2633 2713 2689 onerabat.
2757 2631 2977 2702 Imperii
3030 2647 3197 2702 porro
3228 2631 3504 2702 cupiditas
3534 2632 3589 2684 in

2011 2743 2174 2783 causa
2207 2736 2345 2792 erat,
2380 2736 2439 2781 ut
2467 2728 2512 2781 si
2545 2741 2706 2796 quam
2731 2734 2921 2781 contra
2952 2724 3189 2793 aliquem
3219 2724 3589 2792 suspicionem

2010 2820 2165 2891 regni
2216 2818 2455 2874 affectati
2507 2828 2603 2873 aut
2649 2817 2816 2873 studii
2867 2832 3129 2872 novarum
3171 2831 3360 2869 rerum
3390 2830 3594 2871 conce-

2012 2911 2203 2983 pisset,
2247 2926 2374 2965 eum
2424 2925 2525 2981 pro
2576 2909 2735 2964 hoste
2793 2907 3170 2963 ulcisceretur.
3222 2906 3410 2974 itaque
3466 2919 3591 2960 cum

2010 3005 2162 3062 solus
2188 3002 2449 3058 honorari
2484 3002 2672 3066 vellet,
2707 3010 2967 3071 cognatos
2990 3009 3046 3055 et
3066 2998 3270 3053 amicos
3298 2997 3594 3053 inelemen~

2012 3109 2096 3155 ter
2121 3096 2407 3169 suppliciis
2435 3095 2709 3150 alliciebat
2764 3093 2924 3167 247
2949 3094 3080 3163 Ejus
3098 3112 3127 3147 ιι
3168 3092 3345 3146 aritiae.
3367 3108 3435 3146 ex
3460 3106 3590 3162 pro-

2011 3190 2326 3245 fusionibus
2373 3197 2508 3243 ortae
2538 3185 2672 3242 illud
2706 3194 3090 3256 argumentum
3141 3194 3247 3249 cst,
3288 3185 3432 3254 quod
3466 3200 3628 3241 cum.

2015 3281 2258 3336 audisset
2303 3278 2616 3352 Hyrcanum
2650 3278 3001 3334 decessorem
3029 3292 3219 3341 suum,
3266 3288 3458 3346 aperto
3489 3277 3596 3331 Da-

2014 3373 2160 3427 vidis
2190 3380 2552 3426 monumento
2585 3370 2686 3423 tria
2716 3369 2896 3423 millia-
2920 3369 3183 3424 talentum
3215 3368 3429 3438 argenti
3465 3369 3596 3423 abs—

2016 3466 2245 3521 tulisse:
2289 3473 2454 3519 noctu
2508 3462 2788 3518 fidissimis
2839 3463 3143 3517 amicorum
3188 3460 3475 3520 abbibitis.
3523 3477 3595 3515 ne

2018 3574 2108 3613 res
2137 3560 2457 3618 ellerretur,
2509 3557 2654 3610 idem
2705 3563 3125 3608 monumentum
3170 3554 3367 3622 aperit,
3410 3553 3594 3622 ingrc-

2016 3650 2168 3704 ditur
2193 3693 2207 3715 ,
2244 3665 2306 3703 ac
2337 3657 2621 3718 argentum
2652 3647 2898 3717 quidem,
2938 3656 2996 3701 ut
3022 3645 3323 3717 Hyrcanus,
3366 3662 3474 3699 non
3512 3661 3597 3699 re-

2017 3743 2176 3812 perit,
2200 3743 2295 3796 sed
2321 3741 2550 3794 multum
2575 3738 2727 3793 aurei
2768 3749 3016 3804 ornatus,
3044 3754 3156 3808 quo
3179 3739 3325 3793 omni
3353 3738 3592 3797 sublato,

2016 3833 2083 3887 ad
2116 3833 2282 3886 cellas
2319 3831 2635 3896 interiores,
2680 3831 2880 3900 quibus
2935 3830 3156 3884 Davidis
3199 3839 3256 3884 et
3287 3829 3597 3884 Salomonis

2015 3938 2206 3994 regum
2240 3925 2507 3976 cadavera
2541 3921 2761 3975 condita
2791 3932 2969 3985 erant,
3003 3928 3281 3990 properat.
3312 3920 3431 3985 Quo
3462 3921 3594 3975 dum

2017 4026 2310 4089 penetrare
2336 4016 2640 4079 contendit,
2679 4015 2789 4069 duo
2818 4016 2936 4086 ejus
2979 4015 3242 4070 satellites
3286 4015 3592 4085 perierunt,

2018 4112 2267 4173 flamma,
2324 4119 2382 4164 ut
2437 4109 2613 4164 fertur
2642 4150 2656 4170 ,
2702 4117 3068 4179 erumpente:
3112 4108 3229 4179 ipse
3270 4107 3597 4178 perterritus

2018 4204 2295 4263 discessit.
2324 4213 2489 4273 atque
2538 4202 2609 4255 ob
2640 4203 2712 4256 id'
2744 4202 2955 4256 facinus
3005 4219 3091 4255 res
3130 4202 3249 4271 ejus
3279 4201 3598 4255 domestirae

2016 4296 2272 4351 laborare
2303 4294 2651 4349 videbantur.
2690 4295 2824 4349 Nam
2878 4310 2998 4364 qua:
3038 4294 3091 4347 in
3144 4295 3286 4363 regia
3323 4294 3596 4363 gereban-

2016 4397 2129 4453 tur,
2160 4387 2289 4442 belli
2319 4387 2495 4442 civilis
2523 4387 2715 4440 faciem
2747 4402 2856 4455 praa
2901 4400 2960 4440 se
3002 4385 3270 4439 ferebant.
3310 4386 3596 4456 Antipater

2018 4483 2167 4536 enim
2200 4483 2366 4534 homo
2393 4480 2625 4535 callidus
2669 4480 2870 4534 bellum
2906 4478 3215 4533 instruebat
3261 4486 3452 4532 contra
3483 4478 3595 4533 Γιτι-

2018 4583 2162 4629 tres:
2206 4589 2344 4644 quos
2385 4588 2509 4626 cum
2562 4589 2658 4642 per
2701 4572 2838 4625 alios
2890 4571 3299 4634 criminaretur,
3349 4568 3465 4634 ipse
3495 4571 3595 4624 all-

2016 4666 2236 4737 quando
2288 4664 2643 4727 defendebat,
2699 4671 2755 4716 ιιι
2787 4678 2886 4732 per
2919 4662 3318 4717 benevolentia:
3351 4662 3590 4732 speciem

2011 4770 2193 4814 amota
2247 4758 2569 4813 insidiarum
2617 4756 2931 4826 suspieione
2982 4764 3193 4825 patrem
3250 4754 3484 4820 falleret,
3536 4764 3602 4810 et-

2012 4853 2162 4907 solus
2193 4852 2423 4906 salutem
2456 4852 2573 4919 ejus
2600 4864 2794 4903 curare
2827 4849 3127 4903 videretur.
3151 4848 3228 4902 Ac
3262 4848 3314 4901 in
3344 4862 3409 4901 eo
3447 4846 3592 4912 patri

2016 4955 2171 4999 erant
2211 4943 2436 5007 omnia;
2478 4943 2810 4997 lilariammze
2854 4957 2986 4995 vero
3039 4941 3134 4994 lilii
3178 4940 3383 4993 indies
3414 4938 3593 5006 magis

2013 5037 2503 5107 exasperabantnr,
2566 5034 2944 5106 ignominiam,
2998 5042 3059 5087 ut
3109 5031 3390 5102 generosis
3430 5038 3594 5083 erant

2017 5129 2235 5193 animis,
2269 5145 2375 5182 non
2407 5128 2667 5190 ferentes,
2700 5143 2823 5181 cum
2860 5124 3061 5194 repulsi
3094 5139 3158 5178 ac
3182 5122 3335 5192 quasi
3364 5122 3418 5175 in
3441 5120 3593 5175 ordi-

2017 5234 2141 5274 nem
2192 5219 2365 5273 eoacti
2411 5228 2614 5272 essent.
2657 5219 2736 5272 Eo
2786 5216 3160 5271 incitabuntur
3205 5213 3274 5266 ab
3324 5211 3592 5266 uxoribus

2015 5311 2203 5366 etiam.
2237 5309 2370 5363 Nam
2433 5307 2730 5363 Alexandri
2775 5308 2976 5376 conjux
3023 5302 3292 5372 Glaphyra
3335 5302 3593 5357 Salomen

2015 5400 2228 5464 oderat,
2258 5398 2330 5453 ob
2361 5399 2482 5469 ejus
2512 5400 2566 5453 in
2614 5398 2871 5453 maritum
2907 5411 3065 5451 suum
3105 5393 3549 5449 malevolentiam
3576 5412 3590 5460 ;

336 5497 485 5566 φὺρα
516 5498 550 5567 ὴ
602 5498 901 5569 Ἀρχελάου
966 5502 1121 5568 μῖσος
1173 5493 1322 5569 εἶχεν
1354 5499 1432 5561 είς
1486 5498 1587 5568 τὴν
1648 5497 1909 5569 Σαλώμην

2018 5502 2075 5546 ct
2104 5491 2174 5546 ob
2208 5490 2368 5547 filiam
2394 5491 2542 5546 illius
2570 5489 2867 5545 Aristobuli
2894 5501 3141 5549 uxorem,
3164 5501 3329 5556 quam
3356 5488 3595 5556 superbe

337 5588 427 5643 δ.ά
451 5606 511 5643 τε
541 5590 641 5658 τὴν
675 5592 812 5660 πρὸς
868 5590 960 5644 τὸν
1011 5590 1184 5660 ἄνδρα
1235 5590 1498 5654 διάθεσιν,
1539 5590 1635 5642 καὶ
1672 5588 1761 5644 διὰ
1815 5589 1909 5659 τὴν

2022 5584 2310 5647 tractabat,
2363 5590 2421 5638 et
2456 5582 2559 5637 sibi
2596 5581 2860 5650 dignitate
2890 5588 3159 5648 aequatam
3193 5594 3314 5634 esse
3341 5579 3594 5650 indigna-

334 5683 559 5749 ἐκείνης
597 5683 878 5755 θυγατέρα
906 5684 1269 5736 συνοικοῦσαν
1302 5681 1726 5752 ’Δριστοὸούλῳ,
1772 5675 1918 5755 ᾗπερ

342 5774 720 5849 ὑπερηφάνως
751 5777 1183 5850 προσεφέρετοή
1216 5775 1393 5830 Γλα’.··’
1413 5795 1468 5810 ν·
1549 5776 1644 5829 ναὶ
1671 5775 1772 5846 τὴν
1804 5778 1917 5831 ico-

2022 5678 2208 5734 batur.
2233 5678 2747 5744 Pherorasquoque
2771 5672 2939 5728 frater
2967 5672 3019 5725 in
3045 5672 3189 5742 regis
3223 5671 3592 5741 suspicionem

2024 5782 2081 5831 et
2118 5771 2308 5829 odium
2342 5767 2515 5836 venit,
2549 5767 2655 5821 boc
2690 5765 2874 5823 modo.
2900 5766 3036 5822 Cum
3071 5764 3122 5823 ci
3182 5766 3327 5836 regis
3356 5765 3466 5820 ﬁlia
3499 5764 3595 5818 de-
