4002 6250
307 335 405 402 ιιι

1570 351 1770 411 A‘NNA
1785 353 1976 413 LIUM
2018 354 2165 416 LIB.
2208 355 2280 420 ν.

3463 357 3575 422 ιιι

305 462 620 533 προσέχειν,
639 460 716 526 ὡς
744 463 843 535 τῆς
872 462 1159 535 βασιλείας
1180 466 1333 539 αὐτῷ
1369 471 1863 542 περιελευσομένης

1992 490 2122 547 erga
2151 492 2210 532 se
2231 475 2694 533 benevolentiam.
2710 474 2809 532 His
2831 474 3039 531 auditis
3064 474 3307 533 Herodes
3333 477 3390 533 in
3422 491 3577 534 metu

300 554 411 608 κᾶν
447 555 523 626 μὴ
550 555 814 627 βούληται
844 560 872 611 6
898 559 1104 631 πατὴρ,
1159 561 1259 616 καὶ
1313 562 1402 617 διὰ
1447 563 1509 617 τὸ
1553 564 1730 633 γένος,
1782 567 1879 620 καὶ

296 645 386 700 διὰ
412 645 512 716 τὴν
536 646 649 701 τῶν
674 649 962 719 ήγεμδνων
989 653 1212 707 καὶτῶν
1235 654 1409 724 φίλων
1435 655 1696 713 διάθεσιν.
1738 658 1878 713 Τού-

297 753 409 791 των
430 738 675 804 ἀκούσας
706 738 978 813 Ἡρώδης,
1005 745 1307 814 περίφοϐος
1329 741 1421 819 ἦν,
1444 749 1539 801 καὶ
1574 749 1710 820 πρὸς
1742 751 1881 804 πάν-

300 845 403 892 τας
441 830 678 901 ὑποψίας
710 829 824 906 εἶχε
862 835 958 889 καὶ
1010 837 1170 908 μίση,
1204 838 1422 905 πολλοῖς
1459 843 1514 895 δὲ
1557 844 1667 897 τῶν
1707 844 1878 915 φίλων

294 921 390 972 καὶ
419 921 520 993 τὴν
550 925 629 988 εἰς
649 924 719 979 τὰ
752 923 1004 996 βασίλεια
1024 931 1286 1000 πρόσοδον
1319 933 1690 1006 ἀπηγόρευσε.
1742 936 1878 991 Πάν⁸

290 1028 402 1100 των
430 1013 477 1064 δ’
501 1014 675 1080 αἴτιος
701 1017 1002 1090 ἐτύγχανεν
1028 1023 1056 1075 6
1088 1022 1464 1097 Ἀντίπατρος.
1500 1028 1727 1100 Πρῶτον
1775 1028 1871 1099 μὲν

289 1095 386 1154 οὗν
424 1104 584 1168 ὅσους
643 1105 782 1178 ᾤετο
843 1112 1066 1178 πιστοὺς
1123 1112 1486 1190 Ἀλεξάνδρῳ,
1566 1119 1874 1191 βασάνοιςό

299 1193 554 1268 Ἡρώδης
584 1197 874 1271 ἐξήταζεν,
913 1203 969 1259 εί
989 1222 1041 1259 τι
1087 1207 1211 1263 κατ’
1250 1208 1418 1266 αὐτοῦ
1470 1210 1743 1283 τολμηθὲν
1790 1214 1873 1268 εί-

285 1287 533 1377 δείησαν.
576 1293 640 1347 οι
670 1293 729 1346 δὲ
761 1293 1133 1369 ἀπέθνησκον,
1183 1301 1337 1359 οὐδὲν
1395 1303 1613 1377 ἔχοντες
1666 1304 1869 1376 λέγειν.

184 1445 187 1448 ρ
287 1375 383 1445 Εἷς
413 1382 471 1436 δέ
500 1400 587 1448 τις
641 1385 745 1452 τὰς
787 1386 1053 1459 βασάνους
1111 1393 1187 1465 μὴ
1247 1375 1457 1467 φέρων,
1500 1394 1624 1452 εἶπε
1687 1375 1870 1467 λέγειν

287 1471 670 1548 Ἀλέξανδρον,
713 1479 1114 1552 ἐπαινούμενον
1144 1484 1232 1539 διὰ
1258 1485 1320 1540 τὸ
1347 1487 1444 1542 τοῦ
1475 1486 1726 1560 σώματος
1770 1489 1869 1560 μὲ-

284 1563 471 1633 γεθος,
508 1570 603 1622 καὶ
630 1570 693 1624 τδ
713 1571 988 1646 εὐστόχως
1013 1575 1234 1647 βάλλειν
1258 1577 1320 1632 ὲκ
1347 1578 1528 1645 τόξου,
1553 1582 1650 1636 καὶ
1674 1580 1873 1651 τάλλα,

283 1659 393 1727 ὅτι,
432 1662 510 1715 El
527 1679 583 1717 τι
604 1664 765 1734 παρὰ
781 1666 892 1737 τῆς
916 1669 1161 1739 φύσεως
1184 1671 1347 1740 αὐτῷ
1369 1672 1608 1730 δέδοται
1649 1674 1875 1744 καλὸν,

280 1751 322 1822 ἢ
344 1752 417 1819 ἐξ
438 1753 764 1827 ἀσκήσεως
793 1762 1335 1832 προσεγένετο,,εις
1377 1765 1740 1840 δυστύχημα
1762 1785 1868 1824 πε-

279 1845 586 1909 ριίσταται
605 1863 622 1882 υ
659 1849 950 1920 ἄχθεσθαι
975 1852 1087 1923 γὰρ
1117 1853 1220 1908 ἐπὶ
1259 1853 1385 1924 τοῖς
1439 1857 1652 1926 καλοῖς
1681 1858 1872 1915 αὑτοῦ

279 1935 395 1991 τὸν
424 1938 677 2010 πατέρα.
731 1943 1055 2015 Προσετίθει
1112 1945 1168 2001 δὲ
1234 1946 1312 2012 ὡς
1369 1949 1462 2004 καὶ
1519 1948 1872 2022 βουλεύσαιτο

283 2029 386 2092 σίψ
428 2029 830 2108 Ἀριστοϐούλῳ
849 2036 906 2092 ὲν
936 2039 1251 2112 κυνηγεσίῳ
1279 2041 1492 2097 ἀνελεῖν
1517 2043 1608 2098 τὸν
1632 2045 1869 2117 πατέρα,

278 2128 380 2182 καὶ
419 2128 502 2191 εἰς
540 2124 765 2201 Ῥώμην
805 2134 1023 2200 φυγεῖν,
1061 2133 1160 2205 τὴν
1191 2131 1477 2206 βασιλείαν
1537 2138 1869 2207 μετελευσὸ-

291 2236 480 2297 μενος.
518 2219 738 2295 Εὑρέθη
770 2222 828 2277 δὲ
852 2225 949 2278 καὶ
979 2225 1288 2297 γράμματα
1317 2227 1675 2301 Ἀλεξάνδρου
1728 2230 1872 2305 πρὸς

276 2309 371 2367 ὡν
395 2311 697 2384 ὁμαίμονα,
739 2314 815 2387 μὴ
845 2314 1031 2371 δίκαια
1061 2318 1293 2389 λέγοντα
1321 2322 1607 2376 ποιεῖντὸν
1627 2321 1865 2395 πατέρα,

277 2405 641 2475 προτιμῶντα
667 2407 758 2460 τὸν
788 2408 1173 2481 Ἀντίπατρον.
1214 2410 1344 2466 Ἐπὶ
1396 2413 1608 2478 τούτοις
1665 2414 1867 2469 συλλα-

274 2495 392 2550 σῖυν
417 2496 576 2568 ἔδησε
613 2498 704 2554 τὸν
737 2499 1094 2573 Ἀλέξανδρον
1126 2520 1141 2536 ⁸
1173 2503 1404 2559 ἔσπευδε
1444 2505 1501 2560 δὲ
1527 2507 1623 2561 καὶ
1677 2507 1868 2578 μεῖζόν

272 2605 331 2640 τι
353 2586 542 2642 λαϐεῖν
578 2592 880 2663 τεκμήριον
919 2596 1061 2648 κατὰ
1090 2595 1183 2649 τοῦ
1220 2596 1361 2659 υίοῦ.
1396 2598 1484 2651 ἵνα
1533 2599 1610 2670 μὴ
1651 2618 1864 2672 προπε-

275 2682 386 2747 τῶς
414 2682 544 2757 δόξῃ
574 2685 740 2739 αὐτὸν
786 2686 1024 2751 δεδεκώς
1066 2689 1204 2761 (67).
1234 2690 1472 2757 Πολλοὺς
1504 2688 1596 2747 οὖν
1621 2694 1716 2749 καὶ
1752 2695 1865 2751 τῶν

275 2776 336 2827 ἑν
356 2774 505 2829 τέλει
536 2774 846 2847 βασανίζων
871 2779 1171 2850 διέφθειρε,
1205 2781 1374 2853 μηδὲν
1420 2784 1699 2848 εἰπόντας,
1751 2782 1864 2840 οἷον

273 2865 485 2930 ἑκεῖνος
513 2865 671 2939 ᾤετο.
699 2869 786 2932 Ὠς
809 2869 867 2924 δέ
899 2888 982 2934 τις
1010 2872 1118 2928 τῶν
1141 2875 1424 2945 νεωτέρων
1455 2877 1512 2929 ἐν
1540 2878 1662 2940 ταῖς
1688 2877 1863 2949 ἀνάγ-

275 2976 406 3022 καις
435 2960 680 3029 ὲγένετο,
749 2961 1093 3017 ἐπιστέλλειν
1144 2963 1300 3034 ἔλεγε
1364 2967 1455 3020 τὸν
1507 2968 1863 3043 Ἀλέξανδρον

272 3054 391 3116 τοῖς
427 3053 486 3106 ἐν
527 3052 722 3127 Ῥώμῃ
754 3053 957 3125 φίλοις,
986 3056 1249 3121 ἀξιοῦντα
1296 3059 1564 3131 κληθῆναι
1621 3064 1725 3117 ὑπὸ
1764 3065 1861 3120 τοῦ

1982 567 2120 634 fuit,
2154 583 2350 624 omnes
2376 575 2666 638 suspectos
2690 575 2857 638 atque
2896 567 3063 642 249
3100 568 3307 625 invisos
3340 569 3576 635 habuit,

1983 661 2175 717 multis
2217 661 2522 717 amicorum
2559 661 2714 717 aditu
2760 661 2923 731 regiae
2969 661 3301 718 interdixit:
3332 678 3573 733 quarum

1980 768 2167 809 rerum
2179 754 2437 808 'omnium
2463 768 2630 810 causa
2651 763 2772 807 erat
2799 754 3108 825 Antipater.
3131 755 3377 812 Primum
3404 755 3573 826 igitur

1979 857 2119 912 quos
2151 842 2457 897 Alexandro
2497 842 2635 898 ﬁdos
2684 858 2805 898 esse
2857 843 3117 913 putabat,
3166 844 3571 914 quaestionibus

1978 933 2258 990 adhibitos
2279 933 2648 1001 examinabat,
2673 934 2922 1004 nunquid
2952 935 3001 990 ei
3033 934 3295 992 facinoris
3315 936 3575 1009 alicujus,

1977 1042 2088 1095 quo
2135 1027 2251 1096 ipse
2290 1036 2592 1097 peteretur,
2620 1027 2828 1083 conscii
2876 1028 3108 1084 essent?
3145 1027 3228 1083 liii
3280 1043 3408 1084 vero
3442 1045 3568 1085 cum

1975 1115 2122 1185 quod
2149 1116 2399 1173 dicerent
2437 1134 2548 1174 non
2572 1118 2877 1185 haberent,
2904 1120 3242 1176 cruciatibus
3297 1120 3574 1176 immorie-

1974 1204 2199 1261 bantur.
2229 1206 2461 1274 Quidam
2497 1217 2680 1264 tamen
2711 1218 3112 1265 tormentorum
3141 1209 3331 1267 dolore
3356 1210 3568 1277 victus,

1972 1296 2142 1364 dixit,
2175 1298 2580 1364 Alexandrum,
2602 1315 2727 1355 cum
2760 1299 2832 1356 ob
2864 1301 3251 1371 proceritatem
3281 1303 3568 1374 corporis,

1973 1388 2271 1460 sagittandi
2308 1391 2562 1462 peritiam
2589 1433 2605 1459 ,
2643 1402 2980 1466 caeterasque
3029 1396 3188 1452 dotes
3221 1395 3570 1455 laudaretur.

1972 1485 2177 1543 dixisse
2206 1485 2306 1543 :Si
2323 1486 2451 1558 quid
2477 1485 2581 1541 sibi
2611 1485 2862 1558 praeclari
2890 1484 2974 1541 vel
3002 1505 3035 1542 α
3070 1497 3263 1541 natura
3289 1487 3566 1553 tributum,

1971 1578 2056 1634 vel
2078 1578 2252 1634 studio
2277 1585 2648 1649 comparatum
2683 1586 2843 1641 esset,
2868 1578 2924 1632 id
2949 1578 3053 1631 sibi
3085 1576 3388 1631 calamitati
3416 1593 3525 1631 esse
3549 1616 3566 1640 ,

1973 1669 2114 1740 quod
2153 1678 2310 1740 pater
2355 1669 2466 1723 suis
2519 1667 2669 1722 bonis
2722 1667 2941 1723 doleret.
2984 1667 3241 1739 Adjecit,
3279 1682 3405 1724 eum
3439 1683 3565 1724 cum

1975 1759 2291 1816 Aristobulo
2318 1761 2551 1817 consilia
2611 1761 2845 1832 agitasse
2893 1763 2962 1817 de
2996 1771 3152 1833 patre
3186 1762 3241 1816 in
3271 1762 3567 1818 venatione

1973 1853 2301 1920 occidendo,
2329 1861 2388 1910 et
2415 1852 2741 1909 vendicandi
2788 1855 2942 1924 regni
2977 1869 3140 1910 causa
3174 1853 3403 1911 Romam
3434 1871 3566 1911 cou-

1970 1944 2255 2017 fugiendo.
2313 1944 2454 2001 Sunt
2481 1953 2537 2000 et
2563 1945 2761 2001 litterae
2794 1944 3089 2001 Alexandri
3121 1946 3357 2002 iuventa:
3382 1986 3398 2013 ,
3435 1946 3564 2019 qui-

1970 2039 2075 2095 bus
2117 2038 2186 2094 ad
2229 2037 2457 2095 fratrem
2506 2040 2819 2103 scribebat,
2856 2048 3068 2110 patrem
3115 2040 3302 2110 inique
3342 2041 3567 2112 facere,

1971 2131 2064 2202 qui
2098 2131 2445 2202 Antipatrum
2489 2131 2623 2202 ipsis
2656 2131 2980 2188 anteferret.
3039 2132 3123 2188 Ob
3178 2133 3294 2189 haec
3324 2135 3564 2190 Alexan-

1970 2221 2133 2278 drum
2182 2223 2240 2279 in
2290 2223 2507 2280 vincula
2550 2225 2835 2297 coniecit:
2886 2225 2983 2280 sed
3033 2226 3346 2287 evidentius
3393 2242 3562 2299 argu-

1969 2320 2219 2366 mentum
2293 2313 2585 2383 quzesivit,
2648 2329 2716 2370 ne
2789 2313 2962 2369 ﬁlium
3037 2324 3243 2372 temere
3316 2316 3561 2377 vinxisse

1967 2406 2273 2473 videretur,
2307 2422 2372 2462 ac
2399 2407 2604 2463 multos
2634 2406 2875 2479 insignes
2901 2410 3050 2464 viros
3079 2408 3132 2462 in
3165 2408 3561 2479 quastionibus

1967 2502 2207 2568 occidit,
2238 2500 2374 2556 nihil
2404 2502 2508 2557 tale
2531 2503 2815 2564 elocutos.
2844 2502 3005 2572 quale
3035 2501 3413 2574 exspectabat.
3447 2503 3557 2558 Sed

1968 2595 2193 2666 quidam
2260 2594 2624 2660 adolescens,
2688 2594 2927 2650 fidiculis
3001 2594 3315 2662 contentis,
3383 2593 3555 2669 dixit,

1967 2687 2338 2743 Alexandrum
2392 2687 2461 2743 ab
2519 2688 2712 2745 amicis
2761 2687 3024 2743 Romanis
3092 2687 3356 2759 petiisse,
3411 2695 3473 2744 ut
3526 2705 3557 2746 a

1967 2787 2184 2844 Caesare
2255 2799 2581 2855 vocaretur,
2636 2788 2704 2843 ad
2779 2788 3046 2844 iudicium
3105 2786 3421 2843 faciendum
3486 2785 3558 2847 de

1964 2881 2281 2940 Mithridate
2312 2874 2641 2937 Parthorum
2690 2897 2817 2954 rege
2842 2921 2857 2945 ,
2884 2881 2977 2954 qui
3026 2897 3150 2936 cum
3181 2889 3335 2950 patre
3364 2879 3559 2939 amici-

1965 2976 2094 3033 tiam
2145 2983 2338 3033 contra
2374 2976 2652 3031 Romanos
2701 2975 2919 3031 iniisset
2979 2992 2995 3029 :
3043 2974 3300 3030 eumdem
3350 2972 3561 3031 habere

1963 3084 2239 3126 venenum
2281 3068 2549 3124 Ascalone
2582 3076 2973 3140 praeparatum.
3017 3066 3144 3122 Haec
3184 3066 3553 3123 temeritatem

273 3145 580 3219 Καίσαρος,
612 3148 956 3218 μηνύσαντα,
983 3151 1327 3224 Μιθριδάτην
1344 3155 1436 3207 τ’,ν
1470 3155 1694 3225 βασιλέα
1717 3160 1860 3230 Πάρ-

1967 3161 2198 3218 Herodis
2246 3160 2527 3216 consolata
2571 3172 2720 3216 sunt.
2749 3159 2828 3215 Ac
2870 3175 3142 3215 venenum
3185 3159 3371 3215 statim
3401 3174 3553 3231 quae-

272 3237 383 3291 θων
415 3236 496 3308 τῷ
521 3238 690 3319 πατρὶ
722 3239 1053 3308 φιλιωθέντα
1085 3242 1231 3296 κατὰ
1281 3243 1593 3315 Ῥωμαίων,
1629 3244 1774 3303 εἶναι
1799 3249 1857 3302 δὲ

270 3330 423 3400 αὒτῷ
448 3332 542 3386 καὶ
564 3331 859 3402 φάρμακον
894 3337 1408 3406 κατεσκευασμένον
1437 3339 1497 3392 ὲν
1531 3341 1857 3398 Ἀσκάλωνι.

271 3422 463 3478 Ταῦτα
502 3422 754 3496 Ἡρώδης
782 3424 884 3493 τῆς
915 3428 1253 3496 προπετείας
1293 3431 1571 3499 ἐλογίζετο
1596 3436 1860 3507 παραμύ-

266 3510 425 3571 θιονθ
478 3516 540 3569 τὸ
575 3516 761 3585 μέντοι
788 3517 1084 3588 φάρμακον
1122 3520 1285 3585 εὐθὺς
1315 3521 1572 3595 ζητηθὲν,
1619 3529 1717 3598 οὐχ
1769 3529 1860 3581 εὖ..

274 3607 429 3678 ρέθη.
461 3607 564 3661 Διὰ
595 3607 653 3661 δὲ
690 3608 791 3679 τὴν
811 3608 920 3662 τῶν
952 3611 1144 3664 κακῶν
1169 3612 1479 3685 ὑπερϐολὴν
1515 3618 1542 3670 ὁ
1603 3619 1858 3685 Ἀλέξαν-

270 3701 396 3771 δρος
421 3701 742 3770 φιλονείκως
768 3700 1061 3769 διατεθεὶς,
1094 3705 1187 3759 καὶ
1226 3706 1514 3779 βουληθεὶς
1541 3710 1857 3782 ἀμύνασθαι

270 3795 399 3857 τοὺς
425 3792 685 3865 ἐχθροὺς,
721 3793 788 3847 ἵν’
853 3795 1003 3865 αὑτῷ
1054 3800 1489 3865 συναπόλωνται,
1549 3803 1857 3873 γράμματα

271 3885 536 3957 πέπομφε
569 3886 647 3956 τῷ
676 3888 866 3959 πατρὶ,
904 3888 980 3951 ὡς
1013 3889 1168 3944 οὐδὲν
1198 3892 1280 3945 δεῖ
1314 3892 1632 3963 βασανίζειν
1654 3912 1667 3925 ⁸
1699 3897 1856 3965 μελε-

271 3977 639 4048 ηθῆειαιγὰρ
674 3980 775 4046 τὴν
821 3977 1139 4048 ἐπιϐουλὴν,
1178 3982 1273 4034 καὶ
1332 3982 1541 4051 ταύτης
1603 3988 1854 4058 μετέχειν

268 4071 358 4125 τόν
388 4087 451 4124 τι
469 4070 731 4140 Φερώραν
752 4071 994 4135 καὶτοὺς
1021 4073 1383 4139 πιστοτάτους
1434 4077 1585 4150 αὐτῷ
1636 4072 1743 4131 τῶν
1765 4080 1857 4148 φί-

269 4162 397 4216 λων.
424 4160 697 4233 Σαλώμην
742 4163 800 4218 δὲ
826 4164 919 4216 καὶ
971 4163 1192 4236 νύκτωρ
1231 4167 1662 4222 ἐπεισελθοῦσαν
1707 4173 1857 4245 αὐτῷ

273 4254 507 4325 μιγῆναι
536 4255 630 4307 καὶ
681 4254 909 4309 άκοντιν
965 4254 1102 4308 ἀλλὰ
1144 4259 1236 4311 καὶ
1288 4259 1496 4325 πάντας
1542 4262 1623 4326 είς
1656 4265 1857 4318 ταυτὸν

266 4347 444 4419 ἣκειν,
464 4346 536 4401 ἶν’
557 4347 622 4404 ἐκ
650 4346 817 4418 μέσου
843 4348 1008 4403 αὐτοῦ
1034 4353 1324 4420 γεγονότος
1375 4355 1744 4425 ἀπαλλαγεῖεν
1759 4359 1854 4414 τοῦ

1968 3253 2132 3308 situm
2185 3259 2306 3316 est,
2343 3251 2438 3307 sed
2493 3267 2603 3311 non
2658 3251 2963 3308 inventum.
3009 3251 3319 3307 Alexander
3366 3258 3551 3306 autem

1965 3347 2235 3402 malorum
2293 3344 2671 3415 magnitudine
2727 3344 3127 3409 exacerbatus,
3184 3352 3246 3397 ut
3296 3342 3551 3399 inimicos

1965 3438 2346 3499 ulcisceretur,
2390 3444 2447 3489 et
2499 3450 2604 3490 una
2641 3450 2829 3491 secum
2888 3435 2940 3490 in
3002 3435 3229 3491 exitium
3262 3435 3549 3499 traheret,

1965 3529 2032 3583 ad
2073 3538 2283 3599 patrem
2332 3526 2591 3596 scripsit,
2624 3528 2763 3582 nihil
2805 3543 2946 3597 opus
2972 3544 3093 3584 esse
3123 3525 3546 3598 quaestionibus.

1964 3621 2097 3676 Nam
2141 3636 2200 3677 se
2243 3619 2472 3676 insidias
2512 3619 2816 3688 cogitasse,
2853 3634 3156 3691 earumque
3202 3618 3381 3677 socios
3426 3631 3550 3671 esse

1965 3713 2262 3768 Pheroram
2285 3753 2300 3775 ,
2329 3721 2385 3767 et
2420 3712 2647 3768 intimos
2687 3712 2806 3781 eius
2845 3714 3073 3765 amicos.
3125 3708 3382 3763 Saiomen
3414 3721 3550 3759 vero

1964 3804 2132 3859 etiam
2173 3812 2342 3858 noctu
2393 3803 2710 3858 Cubiculum
2765 3801 3106 3870 ingressam,
3143 3813 3330 3853 secum
3373 3794 3549 3850 invito

1966 3913 2081 3951 rem
2110 3896 2370 3951 habuisse
2414 3913 2426 3948 :
2470 3895 2754 3949 enimvero
2788 3908 2982 3948 omnes
3011 3893 3063 3946 in
3092 3906 3160 3946 eo
3193 3890 3544 3950 consentire.

1965 4001 2027 4047 ut
2067 3992 2186 4060 ipso
2237 4007 2268 4046 e
2325 3990 2507 4045 nredio
2555 3988 2795 4054 sublato,
2849 3993 3123 4058 perpetuo
3180 3983 3332 4039 exitii
3394 3992 3546 4039 metu

1963 4084 2290 4139 liberentur.
2333 4082 2609 4137 Caeterum
2650 4079 2948 4135 Archelaus
2980 4076 3365 4146 Cappadocum
3407 4089 3504 4130 rex
3528 4114 3547 4142 ,

1966 4177 2035 4231 iis
2063 4177 2301 4247 cognitis
2321 4215 2336 4240 ,
2369 4174 2438 4230 de
2469 4174 2578 4228 ﬁlia
2611 4182 2668 4228 et
2700 4186 2905 4245 genero
2933 4169 3205 4226 sollicitus
3230 4206 3246 4232 ,
3280 4166 3545 4222 Hieroso-

1962 4270 2107 4341 lyma
2149 4269 2342 4332 venit,
2375 4266 2673 4322 artiﬁciose
2724 4262 3003 4320 molestias
3052 4261 3247 4318 sedare
3291 4269 3545 4316 conatus.

1964 4361 2100 4417 Nam
2131 4359 2538 4416 adolescentem
2572 4357 2901 4423 accusabat,
2937 4366 2995 4411 et
3028 4354 3301 4411 Herodem
3325 4369 3544 4423 aequum

271 4440 357 4493 ἀεὶ
409 4440 798 4512 φθαρήσεσθαι
824 4442 1153 4514 προσδοκᾷν.
1212 4446 1507 4518 Ἀρχέλαος
1555 4450 1614 4506 δὲ
1659 4453 1688 4504 6
1741 4452 1854 4505 τῶν

1967 4450 2194 4505 vocabat
2217 4491 2233 4514 ,
2264 4464 2433 4517 seque
2460 4447 2864 4517 diremptnrum
2892 4460 3013 4500 esse
3042 4443 3357 4516 conjugium
3384 4442 3551 4515 250

268 4530 658 4585 Καππαδοκῶν
704 4530 960 4602 βασιλεὺς
1004 4535 1179 4589 ταῦτα
1228 4537 1440 4607 μαθὼν,
1468 4541 1563 4593 καὶΙ
1608 4542 1861 4612 άγωνιῶν

1968 4543 2349 4615 proﬁtebatur.
2390 4542 2489 4598 illo
2531 4556 2596 4597 ea
2637 4539 2892 4605 dicente,
2921 4537 3168 4594 Herodes
3199 4535 3410 4592 saevitia
3451 4549 3545 4591 re-

268 4620 406 4692 ύπέρ
432 4636 495 4674 τε
527 4619 627 4691 τῆς
650 4620 925 4692 θυγατρὸς
949 4625 1045 4677 καὶ
1065 4625 1160 4678 τοῦ
1183 4626 1474 4698 κηδεστοῦ,
1490 4633 1861 4704 παραγέγονε,

269 4718 357 4766 καῖ
389 4714 611 4781 εὐφυῶς
639 4715 831 4786 μετῄει
857 4715 968 4770 τῶν
989 4717 1310 4772 λυπούντων
1329 4722 1428 4792 τὴν
1454 4723 1855 4796 ἐπανόρθωσιν,

251 4803 361 4875 ,τοῦ
401 4805 506 4876 μὲν
540 4805 830 4862 νεανίσκου
884 4811 1343 4878 καταγινώσκων.
1387 4816 1611 4886 ἐπιεικῆ
1651 4817 1709 4870 δὲ
1766 4819 1857 4873 τὸν

272 4898 530 4969 Ἥρὼδην
560 4899 878 4968 ἀποκαλῶν,
936 4903 1030 4954 τόν
1075 4921 1135 4956 τε
1166 4904 1343 4975 γάμον
1376 4907 1621 4963 διαλύειν
1671 4911 1850 4980 ἔλεγε.

268 4988 507 5044 Τοιαῦτα
534 4990 595 5044 δὲ
645 4991 900 5060 λέγοντος
937 4995 1034 5050 τοῦ
1078 4997 1402 5069 ’Δρχελάου,
1460 5002 1694 5057 ἐνεδίδου
1750 5007 1849 5078 τῆς

265 5084 637 5155 χαλεπότητος
677 5084 949 5159 Ἡρώδης,
992 5090 1084 5143 καὶ
1129 5092 1436 5160 κατήνεκτο
1473 5096 1617 5164 πρὸς
1670 5095 1851 5170 λύπην

269 5177 362 5228 καὶ
392 5177 610 5248 δάκρυα
633 5194 647 5208 ·
686 5179 865 5233 ἐδεῖτό
921 5197 980 5234 τε
1018 5181 1094 5254 μὴ
1122 5182 1275 5237 λύειν
1316 5185 1408 5237 τὸν
1456 5187 1655 5259 γάμον,
1712 5190 1850 5247 ἀλλὰ

179 5280 194 5290 ‘
273 5270 442 5341 χαλᾷν
480 5270 583 5343 τὴν
609 5270 804 5341 ὀργὴν,
843 5274 932 5343 ἐφ’
985 5269 1066 5337 οἷς
1097 5276 1125 5329 6
1156 5277 1446 5340 νεανίσκος
1498 5280 1844 5350 ἡμάρτηκεν.

1964 4638 2133 4693 missa
2160 4677 2176 4704 ,
2210 4636 2264 4691 in
2304 4650 2599 4691 maerorem
2644 4642 2702 4690 et
2730 4633 3002 4705 lacrymas
3031 4631 3215 4702 erupit
3247 4649 3263 4685 :
3301 4638 3543 4699 eumqu‘c

1961 4730 2217 4800 rogavit,
2264 4744 2335 4784 ne
2378 4725 2791 4784 matrimonium
2834 4724 3162 4789 dirimeret,
3208 4722 3306 4778 sed
3343 4723 3546 4777 omissa

1959 4821 2284 4888 iracundia,
2341 4820 2555 4877 delictis
2628 4817 2995 4875 adolescentis
3060 4818 3277 4871 veniam
3365 4813 3542 4869 daret.

1955 4914 2289 4977 Archelaus,
2334 4928 2459 4969 cum
2496 4910 2768 4967 Herodem
2797 4910 2909 4981 jam
2946 4907 3260 4980 mitigatum
3291 4903 3542 4968 videret,

1959 5007 2176 5076 culpam
2203 5006 2260 5059 in
2293 5004 2431 5072 alios
2454 5002 2853 5066 transferebat,
2884 5000 3184 5056 Pberoram
3213 4994 3542 5067 praesertim.

1957 5097 2057 5154 Cui
2093 5095 2306 5167 roganti
2340 5105 2400 5150 ut
2425 5108 2524 5164 pro
2549 5108 2608 5151 se
2648 5091 2793 5163 apud
2830 5090 3101 5147 Herodem
3139 5084 3542 5150 intercederet,

1957 5187 2134 5243 suasit
2187 5195 2248 5241 ut
2287 5186 2401 5255 ipse
2455 5184 2682 5239 fratrem
2729 5180 3052 5238 conveniret
3103 5193 3168 5233 ac
3217 5182 3436 5239 oraret,
3481 5181 3539 5231 et

1957 5278 2174 5348 culpam
2230 5290 2451 5330 omnem
2512 5281 2859 5346 agnosceret.
2912 5270 3003 5326 Sic
3051 5268 3197 5324 enim
3239 5262 3538 5327 iracundia;
3586 5333 3607 5354 ρ

277 5364 574 5435 Ἀρχέλαος
602 5364 685 5428 δὲ,
719 5365 822 5436 ἤδη
859 5367 1204 5439 μαλαχθέντα
1225 5368 1318 5422 τὸν
1357 5369 1606 5440 Ἡρώδην
1641 5371 1845 5445 θεώμεο

1967 5370 2188 5440 'igorem
2219 5365 2436 5423 facilius
2468 5365 2845 5437 mitigaturum
2868 5399 2885 5425 ,
2930 5374 3098 5427 seque
3126 5356 3204 5412 illi
3246 5354 3418 5410 affore
3449 5364 3555 5423 est,

266 5470 372 5520 νος.
403 5459 481 5519 είς
514 5455 711 5520 ἄλλους
737 5457 834 5519 τὰς
874 5459 1052 5521 αἰτίας
1091 5459 1384 5532 μετέφερε,
1412 5463 1508 5513 καὶ
1533 5462 1736 5531 μᾶλλον
1766 5466 1846 5528 είς

1967 5459 2246 5517 tollit-itus.
2283 5459 2445 5513 Paret
2475 5456 2746 5513 Pheroras
2770 5493 2786 5520 ,
2825 5469 2926 5525 per
2962 5449 3287 5505 Archelaqu
3333 5446 3532 5514 llerodi

267 5550 355 5604 τὸν
397 5549 683 5623 Φερώραν.
727 5552 785 5604 Ὀ
817 5551 874 5606 δὲ
919 5551 1056 5624 πρὸς
1104 5552 1400 5628 Ἀρχέλαον
1448 5555 1739 5626 ὲτράπετο,
1777 5558 1844 5610 ἵν’

1948 5554 2364 5621 reconciliatur,
2393 5552 2558 5609 etiam
2588 5547 2898 5607 Alexandro
2926 5544 3162 5602 crimine
3198 5542 3456 5605 liberato,

1474 5717 1674 5781 Var're
1700 5719 2007 5783 lectiones
2038 5724 2099 5781 et
2136 5727 2328 5783 noue.
2422 5744 2424 5748 λ

342 5838 455 5909 (-17)
483 5835 768 5902 Δεδεκὼς.
827 5835 977 5893 Alter
1026 5853 1056 5893 ε
1096 5839 1229 5909 Reg.
1276 5841 1531 5909 δεῖνκώς.

1592 5845 1835 5903 Coibcrt.
1873 5846 2153 5909 δεδοικώς.
