4002 6250
445 334 555 400 H3

1709 329 2038 391 JOANNIS
2078 328 2403 391 ΖΟΝΑῙῙΕ

3598 313 3707 376 ιιι

352 472 355 477 ·
446 458 627 509 ἔσοιτο
653 452 790 524 πρὸς
836 451 1089 523 Ἡρώδην
1119 447 1272 518 αὖτῷ
1300 446 1654 517 διαλλακτὴς.
1724 447 1837 501 Καὶ
1894 446 1954 510 ὃς
1996 443 2385 503 συνεϐούλευεν
2443 437 2616 508 αὐτῷ,
2671 436 2881 504 βέλτιον
2927 434 3000 491 δι’
3038 429 3710 539 ἑαυτοῦ-προσιέναιυτιξ.

444 543 679 615 ἀδελφῷ,
700 522 813 598 καὶ
833 522 1038 596 δεῖσθαι
1069 543 1288 596 πάντων
1313 541 1685 610 ὁμολογοῦντα
1721 540 1898 594 αἴτιον
1962 537 2180 594 ἑαυτόν·
2249 534 2485 601 μαλάξαι
2544 527 2911 634 γὰροίλτωμτδ
2942 525 3179 634 σκληρὸν
3204 524 3307 634 τῆς
3348 522 3539 634 όργῆς.
3574 522 3699 634 .Ka‘.

444 640 605 702 αὐτὸς
635 639 692 692 δὲ
722 640 918 709 παρὼν
942 636 1312 708 συλλήψεσθαι
1353 636 1742 707 ἐπηγγέλλετο.
1767 636 2027 689 Πείθεται
2062 635 2090 687 ὁ
2121 632 2401 702 Φερώρας,
2429 707 2435 713 ⁸
2459 631 2554 683 καὶ
2597 624 2950 696 Ἀλέξανδρος
2996 622 3119 693 -μέν
3161 622 3271 675 τῶν
3305 622 3499 675 αἰτιῶν
3563 622 3711 675 ἀπεο·

442 734 620 796 λύετο,
658 735 950 805 Ἀρχέλαος
979 734 1037 787 δὲ
1074 734 1153 805 τῷ
1193 734 1408 806 Ἡρώδῃ
1441 735 1530 788 τὸν
1564 732 1824 805 Φερώραν
1865 729 2143 801 διήλλαξε.

518 870 656 925 XXI.
699 872 897 925 Verum
941 873 1106 944 longo
1160 881 1403 942 tempore
1457 884 1581 943 post
1622 872 1781 927 liberi
1828 880 1886 926 et.
1932 887 2016 927 res

2200 870 2332 923 KA'.
2365 867 2517 922 Μετὰ
2549 866 2740 939 καιρὸν
2778 863 2834 918 δὲ
2879 861 3046 917 πολὺν
3083 862 3264 932 χεῖρον
3306 859 3432 929 ἔσχε
3467 858 3539 910 τὰ
3567 858 3699 911 κατδ

441 961 757 1017 domestica:
820 962 1052 1019 Herodis
1104 965 1261 1035 longe
1311 966 1466 1035 pejus
1512 965 1846 1019 habuerunt.
1883 963 2019 1019 Nam

445 1054 710 1124 Eurycles
767 1055 1251 1120 Lacedaemonius,
1312 1057 1476 1111 homo
1535 1058 1679 1126 apud
1730 1072 1859 1113 suos
1910 1072 2020 1111 non

441 1148 713 1201 obscurus
737 1188 751 1212 ,
783 1147 877 1202 sed
927 1149 1145 1218 pessimi
1173 1150 1342 1204 animi
1370 1190 1385 1214 ,
1436 1149 1637 1204 Herodi
1699 1142 2022 1206 muneribus

442 1236 678 1302 oblatis,
733 1249 788 1294 et
838 1242 1085 1309 pluribus
1140 1244 1414 1312 acceptis,
1470 1244 1523 1298 in
1580 1249 1721 1316 regis
1772 1246 2019 1299 intimam

443 1328 745 1384 amicitiam
777 1342 862 1386 est
910 1347 1182 1403 receptus.
1221 1335 1612 1392 Diversabatur
1647 1349 1827 1393 autem
1873 1339 2018 1409 apttd

442 1418 791 1489 Antipatrum
830 1440 843 1476 :
886 1423 981 1477 sed
1013 1434 1069 1477 et
1104 1427 1396 1483 Alexandri
1425 1429 1570 1483 mdes
1594 1429 2039 1509 frequentabatt

443 1528 503 1568 se
538 1513 810 1569 Archelao
856 1532 1075 1585 quoque
1127 1528 1314 1574 ttotum
1364 1537 1485 1577 esse
1529 1539 1813 1587 asserens,
1844 1540 2018 1595 eaque

445 1603 515 1657 de
544 1620 706 1660 causa
735 1605 1062 1678 Glaphyram
1093 1610 1274 1666 colere
1305 1612 1615 1668 simulabat.
1663 1615 1803 1670 Huic
1844 1616 1895 1669 in
1932 1616 2014 1671 fa-

444 1696 823 1754 miliaritatem
858 1715 1102 1772 recepto,
1138 1704 1446 1761 Alexander
1472 1722 1600 1762 suas
1645 1709 1936 1779 tragoedias
1964 1718 2023 1765 et

444 1790 637 1846 matris
683 1792 963 1847 interitum
1023 1794 1335 1858 referebat,
1361 1811 1426 1851 ac
1466 1812 1577 1851 non
1620 1797 1847 1853 ferenda
1893 1813 2017 1855 esse

444 1880 535 1935 illa
566 1882 807 1940 dicebat.
841 1885 972 1951 Quae
1001 1900 1126 1939 cum
1155 1887 1408 1943 dolenter
1436 1887 1720 1955 etl‘aretur,
1752 1890 2021 1964 Euryclea

444 1973 629 2027 omnia
672 1976 929 2031 narrabat
972 1977 1262 2047 Antipatro
1307 1980 1422 2035 :ab
1464 1997 1641 2053 coque
1694 1983 2021 2041 muneribus

445 2063 687 2133 acceptis
711 2104 727 2130 ,
759 2075 820 2121 ut
850 2066 1041 2123 eadem
1073 2070 1216 2140 patri
1244 2070 1508 2134 referret.
1546 2073 1627 2128 sic
1657 2088 1839 2143 regem
1868 2089 2018 2129 com-

445 2155 652 2223 movit,
685 2166 746 2210 ut
789 2158 918 2213 odio
964 2161 1294 2230 implacabili
1346 2162 1588 2219 arderet.
1643 2163 1757 2221 Hac
1804 2166 2017 2222 ratione

444 2246 615 2314 partis
640 2248 839 2318 Opibus
864 2246 1134 2307 discessit.
1181 2252 1427 2310 Herodes
1456 2271 1588 2311 vero
1612 2267 1759 2312 tanta
1793 2259 2017 2315 iracun-

442 2335 535 2392 dia
567 2348 758 2394 contra
800 2338 943 2397 ﬁlios
962 2342 1220 2400 eiferbuit
1244 2386 1258 2409 ,
1291 2357 1352 2402 ut
1381 2348 1876 2408 calumniatoribus
1903 2353 2014 2424 jam

443 2428 581 2484 nihil
624 2442 773 2488 esset
804 2449 980 2503 opus,
1020 2438 1116 2492 sed
1164 2438 1278 2506 ipse
1326 2441 1470 2496 dicta
1523 2441 1771 2515 factaque
1820 2462 2014 2502 eorum

439 2523 624 2576 omnia
670 2525 888 2582 curiose
930 2527 1214 2597 indagaret
1272 2543 1437 2602 atque
1477 2536 1817 2593 observaret.
1876 2538 2014 2595 Cum

441 2622 626 2668 autem
678 2614 790 2672 duo
833 2634 901 2673 ex
959 2621 1103 2692 regis
1147 2625 1478 2681 satellitibus
1529 2644 1627 2698 per
1674 2630 2016 2687 iracundiam

439 2706 701 2775 expulsi,
745 2724 872 2765 eum
902 2712 1195 2769 Alexandri
1235 2717 1503 2774 ministris
1547 2721 1864 2791 equitarent
1889 2763 1903 2787 ,
1945 2724 2017 2780 ab

437 2809 616 2866 eoque
664 2815 892 2857 munera
937 2804 1324 2875 accepissent:
1376 2808 1622 2867 Herodes
1650 2814 1835 2868 statim
1878 2815 2011 2871 sini.

442 2888 545 2943 stri
587 2890 794 2962 aliquid
838 2895 1150 2965 suspicatus
1172 2937 1186 2961 ,
1218 2901 1553 2966 quastione:
1595 2903 1665 2959 de
1698 2905 1767 2962 iis
1798 2906 2014 2965 habuit.

415 2980 484 3034 ‘li
537 2998 667 3038 vero
738 2987 1027 3062 principio
1076 2993 1360 3048 cruciatus
1428 2995 1757 3063 tolerantes,
1817 3001 2018 3058 deinde

440 3086 774 3147 narrarunt,
808 3083 1175 3140 Alexandrum
1208 3104 1237 3142 a
1278 3105 1336 3143 sc
1369 3089 1594 3160 petiisse
1635 3103 1695 3148 ut
1742 3093 2015 3152 Herodem

441 3169 498 3224 in
532 3185 726 3229 venatu
754 3180 1088 3236 occiderent.
1122 3184 1260 3239 Sunt
1284 3197 1337 3242 ct
1364 3186 1431 3243 dc
1464 3190 1776 3247 Alexandrii
1807 3196 2014 3251 castelli

444 3263 705 3329 prmfecto
735 3268 1066 3335 quaestiones
1092 3272 1292 3330 habita:
1311 3318 1327 3342 ,
1358 3278 1512 3348 quasi
1545 3282 1889 3349 promisisset
1915 3326 1931 3349 ,
1957 3299 2017 3340 se

442 3353 819 3415 adolescentes
842 3364 1068 3418 castello
1092 3377 1463 3437 recepturum.
1519 3373 1616 3427 lllo
1646 3384 1829 3431 autem
1875 3376 2013 3432 nihil

440 3445 772 3514 conﬁtente,
802 3453 945 3510 ﬁlius
987 3457 1104 3527 ejus
1152 3459 1223 3514 ita
1264 3461 1466 3518 factum
1515 3480 1656 3522 esse-
1684 3466 2011 3534 allirmavit,

446 3548 503 3592 et
552 3539 764 3598 litteras
798 3560 861 3600 ea
891 3547 959 3603 de
993 3563 1050 3603 re
1086 3551 1287 3607 obtulit
1310 3592 1325 3615 .
1371 3571 1492 3626 quae
1519 3556 1813 3613 Alexandri
1849 3575 2015 3616 manu

443 3633 663 3703 scriptae
710 3636 867 3709 251
917 3641 1255 3698 viderentur.
1288 3644 1426 3702 Tum
1462 3664 1593 3704 vero
1637 3648 1883 3706 Herodes
1905 3667 2015 3708 non

436 3728 550 3798 jam
580 3730 866 3790 dubitabat
894 3735 963 3792 de
995 3738 1229 3794 filiorum
1265 3740 1512 3810 insidiis,
1546 3745 1674 3801 licet
1708 3747 2017 3805 Alexandro

440 3820 712 3893 Antipatri
796 3826 922 3882 dolo
993 3830 1045 3884 id
1103 3833 1370 3904 scriptum
1436 3850 1558 3892 esse
1626 3842 2016 3899 concinnatum

441 3914 766 3974 afﬁrmante.
798 3922 1191 3980 Adolescentes
1221 3927 1387 3998 igitur
1418 3938 1531 3984 tum
1559 3932 2015 4003 obscrvabantur,

441 4015 607 4076 atque
655 4009 708 4063 itt
767 4011 1060 4083 ignominia
1109 4028 1165 4072 et
1207 4029 1357 4074 metu
1409 4014 1787 4080 damnatorum
1837 4038 2013 4083 erant.

441 4099 790 4160 Aristobulus
829 4118 1011 4162 autem
1069 4124 1288 4166 socrum
1341 4111 1594 4169 Salomen
1643 4118 1815 4173 vicem
1858 4135 2013 4175 suam

440 4189 661 4250 dolere,
692 4203 747 4249 et
781 4211 905 4250 eum
938 4198 1119 4254 odisse
1156 4202 1251 4272 qui
1294 4203 1420 4257 talia
1450 4205 1698 4260 crederet
1721 4247 1734 4270 ,
1772 4218 1970 4277 putans
1999 4229 2014 4264 :

440 4281 567 4335 Ila'c
586 4327 597 4345 ,
628 4285 841 4353 inquit,
872 4291 963 4344 tibi
993 4309 1195 4363 quoque
1225 4295 1514 4365 periculum
1540 4300 1854 4354 denuntiant
1881 4341 1895 4365 ,
1934 4304 2019 4357 cui

439 4386 556 4437 spes
579 4374 886 4441 nuptiarum
923 4377 1084 4447 Syltri
1115 4385 1325 4439 crimini
1353 4388 1532 4442 datur.
1588 4389 1659 4443 Ea
1697 4391 1859 4445 verba
1890 4407 2017 4446 mu-

440 4459 543 4513 llt‘l'
575 4465 757 4517 s‘atitn
789 4465 855 4519 ad
894 4469 1113 4527 fratrem
1145 4475 1335 4531 defert.
1376 4476 1478 4543 Qui
1510 4488 1804 4550 utrumque
1844 4482 2012 4538 ﬁlium

442 4552 685 4607 vinctum
726 4558 953 4613 seorsitn
997 4565 1296 4627 custodiri,
1326 4583 1390 4621 ac
1436 4568 1748 4639 singulatim
1774 4572 2016 4629 scribere

2124 966 2251 1027 τοὺς
2291 963 2487 1024 παῖδας
2509 962 2604 1015 καὶ
2636 961 2734 1031 τὴν
2772 958 2950 1012 οἰκίαν
2995 954 3238 1026 Ἡρώδῃ.
3276 951 3562 1024 Εὐρυκλῆς
3597 952 3703 1020 γὰρ

2125 1056 2233 1110 ἀπὺ
2262 1055 2689 1124 Λακεδαίμονος,
2721 1051 2822 1104 οὐκ
2846 1050 3058 1120 ἄσημος
3082 1047 3188 1101 τῶν
3211 1049 3349 1107 ἐκεῖ,
3371 1045 3627 1103 κάκιστος
3649 1043 3697 1096 δὲ

2121 1147 2218 1220 τὴν
2271 1147 2593 1218 προαίρεσιν
2620 1144 2927 1214 ἄνθρωπος,
2967 1141 3313 1209 ἐπιδημήσας
3342 1138 3478 1206 πρὸς
3524 1134 3697 1207 ’Πρώ-

2120 1240 2239 1303 δην,
2257 1239 2470 1293 δίδωσιν
2486 1236 2633 1308 αὑτῷ
2646 1238 2816 1307 δῶρα,
2838 1235 2932 1290 καὶ
2946 1233 3115 1288 πλείω
3127 1232 3329 1296 λαϐὼν,
3344 1232 3537 1299 γέγονε
3553 1229 3705 1298 φίλος

2121 1328 2180 1387 ἐν
2198 1335 2313 1395 τοῖς
2340 1331 2577 1400 μάλιστα
2608 1329 2703 1384 τοῦ
2736 1328 3024 1401 βασιλέως.
3048 1323 3158 1381 Ἦν
3188 1326 3242 1380 δὲ
3266 1322 3415 1392 αὐτῷ
3448 1339 3691 1391 καταγω-

2120 1422 2192 1494 γὴ
2217 1424 2272 1474 ἐν
2294 1424 2406 1486 τοῖς
2443 1420 2804 1492 Ἀντιπάτρου
2829 1434 2842 1448 ·
2868 1420 3099 1491 προσῄει
3130 1418 3187 1471 δέ
3216 1418 3308 1471 καὶ
3347 1414 3703 1486 ’Λὶ.εξάνδρῳ,

2120 1500 2361 1583 γνωστὸς
2404 1510 2545 1567 εἶναι
2587 1513 2762 1580 λέγων
2810 1515 2905 1567 καὶ
2953 1512 3259 1582 Ἀρχελάῳ,
3290 1511 3415 1564 ὅθεν
3460 1508 3554 1563 καὶ
3603 1511 3698 1578 τὴν

2118 1607 2409 1679 Γλαφύραν
2436 1609 2601 1679 τιμᾷν
2622 1607 2967 1678 ὑπεκρίνετο,
2999 1605 3187 1676 Τούτῳ
3213 1603 3433 1674 συνήθει
3456 1601 3701 1671 γεγονότι

2132 1697 2486 1769 Ἀλέξανδρος
2537 1698 2605 1751 τὰ
2666 1697 2792 1752 καθ’
2851 1697 3044 1750 ἑαυτὸν
3088 1695 3447 1766 ἐξετρατῴδει
3501 1693 3591 1747 καὶ
3637 1691 3703 1745 τὲ

2122 1792 2264 1848 κατὰ
2315 1791 2416 1863 τὴν
2474 1793 2689 1862 μητέρα
2740 1789 3015 1853 ἐδίδασκε,
3050 1788 3145 1841 καὶ
3196 1787 3350 1855 ἔλεγε
3400 1788 3480 1857 μὴ
3523 1785 3703 1838 δοκεῖν

2121 1883 2344 1938 ἀνεκτά.
2378 1884 2487 1936 Καὶ
2510 1882 2538 1934 ό
2571 1881 2673 1952 μὲν
2702 1879 2883 1949 ἀλγῶν
2908 1879 3185 1941 τοιούτους
3212 1877 3403 1947 λόγους
3436 1873 3709 1944 πεποίητο

2120 1976 2258 2048 πρὸς
2298 1977 2390 2030 τὸν
2431 1974 2718 2045 Εὐρυκλῆν
2752 1990 2766 2004 ·
2812 1975 2841 2027 ό
2885 1973 2941 2027 δέ
2993 1973 3169 2027 πάντα
3218 1972 3295 2040 τῷ
3355 1969 3698 2039 Ἀντιπάτρῳ

2120 2070 2405 2141 ἀνέφερεν.
2455 2068 2819 2139 Ἀντίπατρος
2849 2066 2908 2121 δὲ
2944 2065 3138 2136 δώροις
3188 2064 3352 2118 αὖτδν
3395 2063 3691 2128 ἐδεξιοῦτο,

2121 2152 2216 2216 καὶ
2245 2162 2398 2232 ἠξίου
2424 2161 2558 2233 πρὸς
2593 2162 2686 2214 τὸν
2717 2161 2924 2232 πατέρα
2952 2160 3078 2221 τοὺς
3109 2159 3302 2226 λόγους
3340 2156 3584 2228 φράζειν.
3625 2152 3689 2209 ⁸0

2118 2253 2176 2308 δὲ
2220 2254 2363 2309 οὕτω
2403 2254 2497 2309 τὸν
2544 2254 2773 2325 βασιλέα
2820 2251 3105 2322 διέθηκεν,
3157 2251 3233 2314 ὡς
3277 2250 3702 2318 ἀμετάγνωστον

2119 2346 2351 2416 ποιῆσαι
2372 2346 2434 2400 τὸ
2466 2349 2642 2417 μῖσος.
2680 2347 2793 2400 Καὶ
2811 2347 2840 2400 ό
2864 2345 2965 2416 μὲν
2994 2343 3162 2416 ἀπῄει
3194 2342 3696 2414 χρηματισάμενος.

2129 2426 2380 2514 ’Ἡρώδης
2415 2441 2473 2496 δέ
2519 2440 2776 2495 τοσοῦτον
2809 2439 2946 2509 πρὸς
2977 2438 3104 2501 τοὺς
3145 2434 3713 2505 παῖδαςέξώργιστο,

2117 2534 2193 2597 ὡς
2223 2535 2427 2605 μηκέτι
2470 2534 2679 2587 δεῖσθαι
2722 2531 3012 2594 διαϐολῶν,
3048 2528 3162 2583 ἀλλ’
3193 2528 3356 2591 αὐτὸς
3399 2525 3697 2598 περιεργά-

2119 2627 2309 2692 ζεσθαι
2354 2628 2423 2681 τά
2479 2625 2706 2679 ἐκείνων
2759 2623 2854 2677 καὶ
2903 2623 3245 2694 παρατηρεῖν
3299 2620 3531 2674 ἕκαστα.
3579 2617 3699 2671 Δύω

2118 2720 2251 2791 γοῦν
2283 2721 2391 2774 τῶν
2423 2717 2906 2790 σωματοφυλάκων
2944 2716 3038 2771 τοῦ
3077 2714 3343 2787 βασιλέως
3377 2712 3497 2766 κατ’
3530 2711 3707 2780 ὀργὴν

2119 2810 2286 2866 αὐτού
2320 2809 2689 2877 ἀπεωσμένοι,
2718 2810 2832 2872 τοῖς
2871 2808 3000 2878 περὶ
3044 2805 3399 2875 Ἀλέξανδρον
3427 2804 3702 2855 συνιππά-

2119 2903 2295 2968 ζοντο,
2328 2903 2422 2957 καὶ
2456 2901 2605 2972 δῶρα
2629 2901 2693 2968 ἐξ
2708 2900 2918 2954 ἐκείνου
2942 2899 3273 2968 ἐλάμόανον.
3321 2895 3697 2957 ’Υποπτεύσας

2116 2989 2214 3049 οὖν
2238 2993 2462 3054 τούτους
2496 2990 2764 3062 Ἡρώδης,
2805 2990 2969 3053 εὐθὺς
3021 2988 3365 3052 ἐϐασάνιζεν.
3416 2987 3480 3040 Ol.
3530 2985 3587 3039 δέ
3636 2984 3695 3038 τὺ

2120 3083 2221 3156 μέν
2249 3082 2467 3152 πρῶτον
2489 3081 2896 3154 διεκαρτέρουν,
2925 3077 3023 3134 εἶτ’
3048 3078 3392 3148 ἀπήγγελλον
3410 3077 3486 3141 ὡς
3521 3078 3704 3131 πείθοι

2119 3176 2318 3240 αὐτοὺς
2350 3179 2561 3230 κτεῖναι
2592 3175 2846 3246 θηρῶντα
2877 3175 2970 3227 τὸν
3019 3174 3266 3247 Ἡρώδην
3322 3171 3695 3242 Ἀλέξανδρίις.

2117 3268 2228 3320 Καὶ
2258 3269 2286 3321 ό
2329 3267 2678 3339 φρούραρχος
2706 3267 2763 3322 δέ
2791 3265 2888 3320 τοῦ
2931 3265 3305 3336 Ἀλεξανδρίου
3337 3264 3588 3336 ητάζετο,
3621 3263 3696 3326 ὡς

2119 3360 2591 3429 ἐπαγγειλάμενος
2641 3357 2899 3424 δέξασθαι
2950 3358 3076 3421 τοὺς
3145 3356 3460 3419 νεανίσκους
3513 3357 3572 3408 ἐν
3621 3354 3702 3425 τῷ

2121 3456 2388 3524 φρουρίῳ.
2432 3453 2719 3523 Κάκεῖνος
2746 3452 2842 3522 μὲν
2893 3451 3046 3504 οὐδὲν
3088 3449 3380 3519 ὡμολόγει,
3425 3451 3453 3504 ό
3491 3450 3550 3503 δὲ
3582 3451 3725 3513 υἱὸς.

2042 3545 2086 3604 C
2120 3544 2288 3598 αὐτοῦ
2333 3545 2508 3599 ταῦτα
2548 3545 2806 3614 γενέσθαι
2835 3544 3110 3609 κατέθετο,
3148 3544 3245 3598 καὶ
3284 3546 3525 3616 γράμμα
3570 3544 3701 3598 ἐπέ-

2119 3636 2259 3690 δωκε
2298 3638 2427 3708 περὶ
2459 3636 2687 3701 τούτων,
2714 3636 2790 3701 ώς
2821 3637 3039 3691 εἰκάσαι
3075 3636 3175 3700 τῆς
3210 3637 3303 3690 τοῦ
3350 3637 3706 3707 Ἀλεξάνδρου

2118 3726 2326 3796 χειρός.
2372 3728 2431 3779 '0
2477 3726 2575 3798 μέν
2606 3724 2699 3781 οὖν
2739 3726 2988 3796 Ἡρώδης
3030 3727 3215 3781 οὐκέτι
3250 3729 3593 3798 ἐνδοιάσιμος
3631 3725 3705 3800 ἦν

2120 3821 2252 3890 περὶ
2284 3820 2382 3890 τῆς
2414 3819 2525 3873 τῶν
2558 3819 2765 3873 παίδων
2798 3820 3116 3889 ἐπιϐουλῆς.
3164 3820 3513 3891 Ἀλέξανδρος
3543 3822 3599 3875 δὲ
3632 3822 3704 3876 δι’

2130 3913 2493 3983 Ἀντιπάτρου
2514 3912 2576 3965 τὺ
2602 3911 3004 3982 γραμματίδιον
3024 3915 3471 3985 κακουργηθῆναι
3492 3915 3701 3985 διισχυο

2123 4001 2325 4073 ρίζετο.
2380 4004 2515 4056 Τότε
2554 4003 2654 4072 μὲν
2712 3997 2805 4055 οὖν
2850 4002 3067 4075 φυλακὴ
3112 4005 3223 4057 τῶν
3252 4004 3553 4059 νεανίσκων
3583 4007 3701 4073 ἐγί-

2079 4148 2083 4153 ,
2118 4111 2263 4157 νετο,
2299 4096 2396 4148 ml.
2431 4095 2745 4148 καταδίκων
2785 4092 2930 4165 εῐχον
2982 4094 3199 4160 ἀδοξίαν
3244 4098 3339 4150 καὶ
3363 4098 3504 4159 δέος.
3553 4099 3613 4151 '0
3644 4098 3703 4151 δὲ

2131 4187 2540 4254 Ἀριστόϐουλος
2562 4187 2660 4256 τὴν
2690 4187 2884 4242 ἐαυτοῦ
2915 4188 3188 4259 πενθερὰν
3210 4190 3475 4260 Σαλώμην
3502 4189 3697 4244 συναλ-

2118 4282 2236 4347 γεῖν
2260 4280 2527 4347 οἰόμενος,
2557 4281 2652 4333 καὶ
2684 4286 2864 4351 μισεῖν
2887 4282 2977 4335 τὸν
3002 4283 3071 4335 τὰ
3102 4284 3326 4338 τοιαῦτα
3353 4284 3699 4354 πειθόμενον.

2122 4372 2311 4428 Ταῦτα
2332 4372 2423 4425 καί
2441 4375 2561 4435 σοὶ,
2582 4374 2710 4443 ἔφη,
2729 4374 3011 4428 κίνδυνον
3025 4376 3379 4445 προμηνύει,
3393 4376 3704 4441 διαϐεϐλη-

2114 4466 2269 4534 μένῃ
2298 4465 2427 4520 κατ’
2449 4467 2666 4519 clama
2690 4466 2896 4536 γάμων
2924 4469 3209 4523 Συλαίου.
3240 4469 3482 4532 Τούτους
3514 4471 3703 4537 ἐκείνη

2117 4560 2243 4620 τοὺς
2269 4558 2459 4626 λόγους
2506 4558 2665 4621 εὐθὺς
2702 4560 3003 4629 προσφέρει
3048 4560 3125 4629 τῷ
3154 4561 3386 4632 ἀδελφῷ.
3433 4562 3490 4615 Ὀ
3519 4563 3573 4615 δὲ
3613 4563 3700 4615 δε·

438 4643 632 4715 jubet,
678 4665 798 4718 qua)
851 4662 1039 4709 contra
1092 4668 1300 4727 patrem
1352 4662 1652 4716 meditatus
1711 4673 1877 4718 esset.
1927 4664 2011 4720 llli

2118 4651 2279 4721 θῆναι
2310 4651 2521 4705 κελεύει
2556 4653 2649 4704 καὶ
2678 4651 2848 4721 ἄμφω
2878 4654 3002 4713 τοὺς
3031 4654 3201 4719 υἱοὺς,
3220 4657 3313 4708 καὶ
3333 4655 3427 4708 ἀπ’
3455 4657 3703 4718 ἀλλήλων

439 4735 692 4793 scribunt
744 4758 802 4796 se
837 4742 1064 4801 insidias
1118 4760 1308 4805 contra
1354 4762 1564 4821 patrem
1610 4770 1787 4825 neque
1816 4757 2014 4813 animis

2118 4746 2425 4817 διαστῆναι,
2457 4745 2668 4818 γράψαι
2700 4764 2759 4800 τε
2794 4747 3031 4801 ἕκαστον
3061 4750 3162 4801 ὅσα
3194 4751 3332 4802 κατὰ
3363 4751 3458 4805 τοῦ
3494 4754 3701 4823 πατρὸς

439 4830 674 4898 agitasse
695 4873 710 4897 ,
747 4849 926 4905 neque
955 4852 1301 4908 comparasse
1344 4861 1359 4895 :
1391 4845 1487 4899 sed
1526 4845 1704 4915 fugam
1737 4857 2010 4917 spectasse

2120 4841 2477 4911 ἐμελέτησαν.
2523 4842 2585 4894 Ol
2629 4840 2688 4894 δὲ
2734 4843 3063 4913 γράφουσιν,
3095 4844 3389 4915 ἐπιϐουλὴν
3436 4846 3539 4916 μὲν
3586 4847 3699 4900 οὒτ’

440 4925 770 4987 neceSSario,
811 4929 959 4998 quod
1008 4930 1173 4986 vitam
1247 4934 1537 4990 sollicitam
1587 4946 1645 4992 et
1700 4949 2007 5009 suspectam

2118 4931 2365 5002 ἐννοῆσαι
2395 4932 2535 4986 κατὰ
2566 4931 2660 4985 τοῦ
2692 4935 2919 5004 πατρὸς,
2939 4931 3064 4988 οὔτε
3091 4934 3195 5005 μὴν
3226 4939 3697 5002 συσκευάσασθαι,

436 5012 718 5087 degerent.
758 5018 896 5098 Tum
933 5024 1097 5093 igitur
1119 5025 1489 5082 Alexandrum
1518 5030 1762 5085 vinctum
1786 5016 2012 5096 eduxit,

2118 5025 2355 5098 δρασμὸν
2384 5023 2442 5078 δὲ
2467 5025 2785 5096 μελετῆσαι,
2814 5027 2910 5080 καὶ
2932 5025 3122 5080 τοῦτον
3151 5028 3218 5081 δι’
3249 5028 3520 5098 ἀνάγκην,
3557 5031 3691 5084 ὑπό-

440 5121 709 5176 przrsente
751 5122 808 5168 et
834 5096 1118 5171 ‘audiente
1164 5118 1416 5174 Archelai
1459 5120 1657 5192 legato.
1688 5132 1743 5177 et
1777 5122 1846 5179 de
1888 5124 2015 5196 fuga

2118 5096 2250 5174 πτου
2299 5121 2396 5173 καὶ
2443 5118 2727 5190 περιδεοῦς
2769 5116 2939 5187 οὔσης
2984 5118 3171 5182 αὐτοῖς
3214 5121 3313 5184 τῆς
3355 5096 3524 5191 ζωῆς.
3566 5123 3702 5176 τότε

439 5211 798 5266 percontatus
827 5215 911 5259 est
932 5244 948 5269 ,
977 5220 1086 5275 quo
1115 5215 1171 5260 et
1201 5208 1477 5283 quomodo
1505 5210 1789 5269 discedere
1821 5213 2012 5269 volue-

437 5289 550 5344 rit?
578 5290 674 5346 Ille
706 5311 857 5361 vero,
899 5295 977 5350 Ad
1011 5296 1340 5352 Archelaum
1364 5338 1379 5362 ,
1427 5301 1741 5371 respondit,
1775 5304 1868 5373 qui
1900 5306 2014 5374 pol-

437 5385 622 5443 licitus
656 5396 839 5456 esset,
875 5405 932 5445 se
951 5406 1077 5445 eum
1103 5390 1229 5446 inde
1259 5392 1485 5448 Romam
1516 5393 1842 5463 missurum,
1875 5397 2013 5450 nihil

440 5491 622 5538 autem
675 5485 822 5540 aliud
882 5487 1101 5559 gravius
1161 5489 1216 5542 in
1287 5496 1498 5559 patrem
1556 5491 1844 5560 cogitasse.
1918 5491 2015 5548 llis

439 5573 635 5643 dictis,
672 5595 768 5633 rex
796 5579 935 5636 duos
964 5595 995 5635 e
1047 5580 1164 5637 suis
1202 5580 1429 5636 Romam
1475 5582 1541 5637 ad
1577 5582 1848 5639 Caesarem
1882 5600 2009 5640 cum

440 5669 642 5726 litteris
693 5671 869 5738 misit,
903 5687 967 5727 ac
1010 5672 1174 5744 jussit
1213 5674 1339 5727 navi
1388 5674 1455 5728 ad
1504 5673 1749 5729 Cilisiaut
1789 5677 2013 5742 appulsa

2112 5213 2316 5280 τοίνυν,
2353 5212 2582 5285 ἥκοντος
2611 5210 2980 5282 ἐξἌρχελάου
3011 5213 3373 5282 πρεσϐευτοῦ,
3407 5213 3569 5285 ἐξῆγε
3604 5215 3698 5270 τὸν

2132 5305 2485 5378 Ἀλέξανδρον
2510 5303 2815 5376 δεσμώτην,
2843 5307 2937 5358 καὶ
2963 5306 3092 5376 περὶ
3122 5305 3221 5375 τῆς
3253 5307 3432 5390 φυγῆς
3461 5306 3699 5362 ἐπυνθά-

2121 5416 2244 5453 νετο
2287 5400 2376 5453 ἐπ’
2417 5399 2679 5471 ἀκροάσει
2722 5398 2816 5452 τοῦ
2865 5399 3227 5469 πρεσϐευτοῦ,
3253 5401 3390 5454 ὅπου
3442 5402 3536 5456 καὶ
3585 5402 3703 5466 πῶς

2121 5491 2429 5560 ἐγνώκασιν
2477 5492 2823 5562 άποχωρεῖν’
2871 5495 2899 5547 ό
2943 5491 2997 5544 δέ
3044 5491 3181 5562 πρὸς
3231 5491 3527 5563 Ἀρχέλαον
3571 5494 3703 5563 ἔφη,

2124 5581 2335 5637 ἐκεῖθεν
2365 5585 2445 5646 εἰς
2490 5582 2710 5654 Ῥώμην
2754 5582 3082 5652 συνθέμενον
3113 5582 3461 5653 διαπέμψειν,
3491 5583 3619 5638 ἄλλο
3644 5583 3700 5638 δὲ

2123 5677 2275 5732 οὐδὲν
2291 5677 2493 5732 ἄτοπον
2513 5678 2545 5748 ἦ
2563 5676 2821 5747 δυσχερὲς
2841 5676 3160 5746 λογίσασθαι
3183 5679 3325 5732 κατὰ
3349 5679 3443 5730 τοῦ
3470 5679 3695 5749 πατρό;.

440 5778 567 5818 cum
614 5761 886 5819 Archelao
925 5765 1269 5836 expostulare
1296 5808 1311 5835 ,
1345 5767 1491 5847 quod
1524 5766 1858 5824 insidiarum
1892 5767 2016 5826 ﬁliis

2128 5769 2346 5824 Τούτων
2366 5767 2509 5823 οὓτω
2535 5768 2831 5843 ρηθέντων,
2865 5771 2893 5823 ό
2920 5769 3195 5841 βασιλεὺς.
3224 5768 3529 5842 γράμματα
3558 5767 3692 5841 πρὸς
