4002 6250
370 333 475 400 451

1636 325 1768 385 JOA
1781 322 1908 383 NNI
1922 320 1961 380 S
2000 320 2325 381 ΖΟΝΑΒΑΞ

3523 309 3650 375 ιεε

376 447 834 518 ὶιιιοίιοε,ἶοι1ἰιιαι
866 443 1061 516 patris,
1087 441 1513 498 lamentationes
1535 444 1678 512 apud
1706 449 1958 504 matrem,

2071 438 2136 490 Al
2168 435 2269 507 μὲν
2299 428 2392 487 οὖν
2424 429 2579 486 ἄλλαι
2637 426 3042 501 ἐνεκαρτέρουν
3095 425 3490 499 ὲχεμυθοῦσαι,
3545 431 3645 498 μῖα

374 543 521 616 quod
559 549 716 612 pater
750 538 1063 594 diutissime
1093 537 1328 599 viveret,
1367 536 1552 604 itaque
1585 550 1644 590 se
1669 531 1960 589 suavitatis

377 635 595 707 imperii
627 648 796 690 sensu
831 630 1138 686 cariturum
1164 671 1176 692 ,
1203 631 1246 682 si
1282 628 1506 698 quando
1538 627 1590 682 id
1623 626 1960 696 adipiscere-

375 737 490 790 tur,
526 727 598 783 ob
637 732 924 794 urgentem
959 723 1069 790 jam
1104 730 1473 775 senectutem.
1507 719 1631 774 llaec
1654 730 1820 788 atque
1851 719 1959 772 alia

374 821 724 890 plura,qu:e
773 823 986 884 patrem
1042 828 1264 882 quoque
1321 819 1644 882 tangerent,
1698 811 1960 865 mulieres

379 911 710 969 referebant.
727 908 808 962 Ob
824 923 946 977 qua:
968 922 1088 968 rex,
1111 905 1395 974 Antipatro
1414 905 1524 974 jam
1546 903 1689 973 apud
1715 903 1956 956 animum

378 1021 539 1060 suum
565 1003 956 1060 condemnato,
992 1007 1223 1054 matrem
1246 999 1366 1068 ejus
1397 997 1650 1051 Doridem
1683 996 1956 1064 repudiat,

377 1108 437 1151 et
467 1111 683 1150 omnem
719 1095 768 1150 ei
804 1092 1069 1146 mundum
1106 1091 1307 1160 eripit,
1350 1089 1516 1159 pretii
1554 1088 1853 1143 multorum
1889 1097 1962 1142 ta-

378 1189 607 1242 lentum.
653 1186 711 1240 ln
741 1172 951 1255 oprimis
1005 1193 1183 1236 tamen
1229 1181 1729 1244 Ilerodemcontra
1787 1181 1958 1234 lilium

381 1277 742 1332 inﬂammavit
773 1275 1061 1344 Antipater
1098 1282 1428 1342 procurator
1461 1271 1610 1325 illius
1642 1282 1656 1322 :
1694 1285 1819 1324 cum
1853 1269 1961 1324 alia

382 1372 437 1425 in
462 1368 860 1440 qumstionibus
888 1366 1195 1432 confessus,
1228 1375 1343 1420 tum
1376 1365 1532 1430 illud,
1558 1381 1681 1419 eum
1707 1363 1962 1420 Pherora:

379 1476 653 1516 venenum
694 1458 949 1523 dedisse,
1008 1471 1074 1511 ac
1133 1457 1424 1510 mandasse
1476 1467 1536 1510 ut
1577 1455 1630 1510 id
1669 1455 1813 1526 patri
1865 1471 1963 1525 per

381 1550 688 1606 absentiam
715 1563 870 1603 suam
896 1588 909 1611 ,
943 1547 1242 1617 quominus
1271 1557 1564 1617 suspectus
1587 1559 1769 1611 esset,
1795 1547 1964 1602 οσον-

381 1653 486 1698 rct.
523 1644 820 1697 Pheroram
855 1650 1036 1695 autem
1067 1641 1117 1693 id
1155 1642 1310 1695 uxori
1343 1641 1742 1695 asservandum
1777 1641 1963 1695 dedis-

379 1752 460 1790 se.
513 1735 710 1789 Mulier
767 1735 818 1787 id
864 1733 1174 1794 fatebatur,
1210 1742 1375 1802 atque
1411 1733 1480 1788 ad
1516 1748 1790 1787 venenum
1823 1733 1958 1789 alle-

379 1827 612 1880 rcndum
641 1842 884 1896 egressa,
916 1827 981 1880 de
1012 1835 1156 1880 tecto
1184 1840 1241 1880 se
1273 1825 1610 1896 przecipitem
1649 1825 1824 1892 dedit,
1855 1843 1959 1883 nec
1990 1811 2033 1866 Β

381 1929 563 1974 tamen
614 1921 706 1974 illo
740 1936 869 1974 casu
921 1930 1137 1974 mortua
1190 1930 1293 1974 est.
1321 1919 1607 1989 {Recreata
1646 1919 1854 1990 igitur,
1907 1931 1964 1976 et

379 2014 564 2068 denuo
595 2030 624 2068 a
663 2029 788 2084 rege
824 2013 1180 2083 interrogata,
1211 2013 1419 2083 iuravit
1440 2053 1455 2078 ,
1487 2028 1546 2068 se
1571 2027 1688 2068 rem
1717 2029 1960 2080 omnem,

380 2117 442 2160 ut
475 2115 627 2177 gesta
657 2117 824 2171 esset,
862 2108 1269 2176 exposituram.
1297 2106 1446 2160 Dixit
1476 2115 1663 2160 autem
1689 2145 1704 2170 ,
1733 2123 1790 2161 se
1813 2124 1966 2160 vene-

380 2214 508 2252 num
539 2217 571 2252 ιι
597 2201 790 2252 marito
814 2199 1071 2269 accepisse
1097 2239 1110 2261 ,
1149 2197 1212 2252 ab
1251 2197 1532 2267 Antipatro
1562 2207 1749 2252 contra
1791 2201 1964 2270 ipsum

379 2299 588 2364 patrem
632 2299 1003 2359 purpuratum
1049 2306 1066 2343 :
1101 2291 1192 2344 sed
1212 2306 1331 2343 cum
1359 2299 1653 2360 wgrotante
1685 2291 1921 2346 Plterora
1947 2331 1962 2354 ,

380 2383 491 2449 ipse
528 2395 622 2432 rea:
661 2381 882 2449 fratrem
929 2397 1110 2433 coram
1162 2379 1445 2444 coluisset,
1486 2381 1780 2434 Pheroram
1807 2422 1820 2444 ,
1849 2384 1964 2453 ejus

379 2469 734 2524 lenevolentia
752 2479 1050 2541 perspecta,
1077 2473 1175 2526 sibi
1203 2473 1417 2538 dixisse,
1450 2482 1505 2528 ut
1524 2488 1777 2527 venenum
1803 2473 1966 2542 affer-

381 2579 483 2634 ret,
514 2579 674 2637 atque
699 2570 754 2623 in
787 2581 1068 2640 conspectu
1087 2588 1183 2626 suo
1216 2583 1499 2628 cremarat.
1528 2572 1596 2628 Se
1619 2576 1802 2628 statim
1826 2575 1965 2630 dicto

381 2661 684 2714 audientem
707 2700 722 2725 ,
761 2664 998 2716 maxima
1023 2671 1176 2730 parte
1200 2665 1253 2718 iu
1286 2667 1462 2734 ignem
1485 2665 1724 2734 conjecta
1748 2705 1762 2729 ,
1802 2665 1968 2736 256

381 2767 574 2822 parum
597 2752 695 2806 sibi
713 2768 1028 2818 reservasse,
1051 2771 1151 2824 quo
1174 2763 1430 2822 uteretur,
1447 2758 1493 2809 si
1509 2764 1626 2827 post
1655 2759 1834 2812 mariti
1851 2759 1965 2812 obi-

383 2852 496 2898 tum
523 2861 555 2899 a
577 2861 696 2915 rege
716 2845 857 2899 male
885 2854 1226 2902 tractaretur.
1255 2847 1435 2918 Ipsam
1461 2865 1683 2920 quoque
1708 2849 1964 2923 pyxidem

381 2950 510 2989 eum
559 2950 776 2991 veneno
829 2938 886 2992 in
919 2935 1162 2992 medium
1196 2937 1446 3007 protulit.
1483 2940 1756 2994 Accusata
1789 2947 1877 2994 est
1905 2946 1967 2994 et

383 3027 722 3099 regis'uxor,
747 3029 1026 3101 pontiﬁcis
1051 3029 1185 3096 lilia,
1206 3045 1372 3100 quam
1400 3031 1586 3087 statim
1618 3032 1780 3104 ejecit
1814 3032 1967 3103 ejus-

383 3135 493 3189 que
526 3121 700 3176 (ilium
732 3138 800 3177 ex
832 3131 1168 3178 testamento
1195 3122 1402 3178 delevit
1425 3161 1442 3185 ,
1478 3124 1532 3178 in
1557 3139 1669 3193 quo
1701 3132 1760 3177 ut
1786 3125 1964 3194 regis,

382 3211 503 3280 ejus
534 3213 742 3266 mentio
773 3212 940 3267 ﬁebat
966 3227 982 3266 :
1019 3222 1077 3268 et
1110 3227 1307 3268 socero
1341 3211 1552 3267 Simoni
1582 3210 1778 3267 Boethi
1813 3213 1925 3268 lilio
1948 3253 1964 3279 ,

383 3301 709 3371 pontiﬁcatu
763 3295 1068 3375 abrogato’,
1119 3303 1408 3360 Matthiam
1449 3303 1744 3375 Theophili
1789 3304 1966 3360 lilium

385 3408 768 3451 successorem
795 3396 972 3453 dedit.

2060 527 2116 582 δέ
2136 545 2222 590 τις
2251 526 2378 580 ἄλλο
2399 525 2498 596 μὲν
2521 523 2628 594 ἔφη
2653 522 2827 586 οὐδὲν,
2861 521 2996 574 Θεὸν
3013 521 3059 576 δ’
3083 520 3425 584 ἐπεκαλεῖτο,
3452 521 3610 572 τοιαύ
3626 550 3645 558 -

2059 638 2182 685 ταις
2211 621 2480 688 ἀνάγκαις
2508 619 2606 688 τὴν
2640 616 3010 686 Ἀντιπάτρου
3053 614 3266 685 μητέρα
3294 615 3643 683 περιπεσεῖν,

2059 715 2133 778 ῶς
2167 713 2354 766 κακῶν
2388 712 2592 764 αἰτίαν.
2638 709 2813 763 Τοῦτο
2857 709 2936 770 είς
2979 708 3205 760 πλείονα.
3255 708 3348 760 τὸν
3391 705 3644 776 Ἡρώδην

2061 807 2316 877 ἐκίνησεν
2350 805 2615 876 ἔρευναν⁹
2656 805 2750 856 καὶ
2791 802 2995 867 πάντα,
3028 800 3427 870 στροδροτέραις
3471 799 3637 868 βασάο

2063 919 2172 966 νοις
2202 903 2259 953 ai.
2289 904 2554 968 γυναῖκες
2586 897 3034 969 περιϐληθείσαι,
3063 895 3436 964 πεποιήκασ.ν
3469 896 3646 947 ἔκπυ-

2064 1012 2186 1059 στα,
2219 999 2345 1060 τοὺς
2378 995 2605 1065 κώμους
2651 995 2745 1047 καὶ
2795 992 2895 1055 τάξ
2944 989 3195 1062 κρυπτὰς
3250 989 3524 1054 συνόδους’
3557 990 3645 1041 χώ

2061 1088 2254 1157 λόγους
2293 1089 2659 1158 Ἀντιπάτρου
2697 1087 2832 1158 πρὸς
2871 1089 2963 1149 τας
3016 1086 3282 1152 γυναῖκας
3317 1086 3648 1154 γενομένους

2061 1179 2338 1251 Φερώρου,
2377 1183 2534 1250 μῖσος
2569 1178 2707 1250 πρὸς
2738 1179 2828 1231 τὸν
2880 1177 3117 1245 πατέρα.
3147 1175 3471 1245 ὀλοφύρσεις
3517 1175 3652 1242 πρὸς

2062 1271 2159 1342 τὴν
2187 1272 2400 1343 μητέρα
2431 1273 2516 1326 ὅτι
2545 1273 2912 1341 ὲπιμήκιστον
2943 1271 2974 1338 ἡ
3006 1268 3120 1339 ζωὴ
3157 1267 3539 1338 παρατέταται
3569 1267 3647 1337 τῷ

2064 1366 2255 1434 πατρὶ,
2289 1364 2364 1427 ώς
2396 1363 2523 1436 μηδ’
2554 1363 2840 1416 αἰσθέσθαι
2880 1361 2990 1414 τῶν
3021 1361 3118 1426 τῆς
3152 1359 3428 1428 βασιλείας
3455 1359 3650 1429 ἡδέων,

2065 1456 2248 1508 εἴποτε
2279 1456 2429 1526 αύτῷ
2461 1457 2711 1526 γένηται,
2768 1454 2856 1507 διὰ
2894 1454 3068 1524 γῆρας
3097 1453 3198 1524 ἢδη
3231 1452 3382 1522 αὐτῷ
3435 1452 3654 1505 ἐπικεί-

2069 1565 2229 1618 μενον
2274 1566 2287 1579 ·
2321 1549 2417 1601 καὶ
2478 1548 2612 1602 ἄλλα
2647 1548 2703 1602 δὲ
2755 1547 2946 1612 πλείω,
2986 1548 3080 1599 καὶ
3110 1547 3204 1598 τοῦ
3238 1545 3444 1614 πατρὸς
3486 1547 3658 1600 καθα-

2065 1642 2332 1710 πτόμενα,
2354 1645 2410 1694 αἱ
2444 1645 2706 1710 γυναῖκες
2731 1640 2942 1708 ἔλεγον.
2965 1639 3190 1704 Τούτοις
3213 1640 3313 1711 ἤδη
3348 1641 3656 1706 καταγνοὺς

2079 1734 2438 1803 Ἀντιπάτρου
2463 1736 2491 1786 ό
2519 1733 2794 1804 βασιλεὺς,
2821 1732 3135 1803 ἀφαιρεῖται
3169 1733 3267 1801 μὲν
3296 1731 3392 1804 τὴν
3417 1731 3658 1800 ἐκείνου,

2067 1827 2279 1896 μητέρα
2308 1826 2405 1898 τὴν
2439 1827 2652 1898 Δωρίδα
2681 1825 2771 1878 τὸν
2826 1825 2954 1898 περὶ
3000 1826 3170 1896 αὐτὴν
3211 1826 3390 1880 πάντα
3447 1827 3657 1894 κόσμον

2069 1918 2351 1970 ταλάντων
2403 1918 2533 1970 ὄντα
2592 1915 2840 1980 πολλῶν,
2902 1916 3073 1986 αὐτὴν
3134 1916 3192 1968 δὲ
3229 1916 3652 1985 ἀποπέμπεται.

2066 2011 2321 2064 Μάλιστα
2349 2010 2395 2064 δ’
2431 2010 2703 2081 ἐξώτρυνε
2738 2013 2881 2063 κατᾶ
2933 2027 3026 2062 του
3069 2009 3190 2063 υίοῦ
3239 2011 3333 2062 τὸν
3400 2008 3655 2080 Ἡρώδην

2067 2104 2367 2174 ἐπίτροπος
2410 2104 2622 2156 ἐκείνου
2667 2103 3046 2171 Ἀντίπατρος,
3099 2103 3234 2158 ἄλλα
3282 2120 3341 2156 τε
3377 2103 3658 2156 κατειπὼν

2066 2197 2123 2248 ἐν
2148 2197 2224 2266 τῷ
2258 2195 2673 2266 βασανίζεσθαι,
2707 2199 2801 2251 καὶ
2817 2199 2898 2251 ὅτι
2930 2197 3224 2268 φάρμακον
3255 2196 3373 2266 δοίη
3397 2197 3654 2268 Φερώρᾳ,

2067 2288 2452 2358 ἐντειλάμενος
2472 2290 2658 2344 δοῦναι
2699 2291 2831 2343 αὐτὸ
2864 2290 2943 2360 τῷ
2991 2289 3162 2361 πατρὶ
3206 2290 3360 2359 παρὰ
3383 2289 3482 2361 τὴν
3517 2293 3658 2343 ἁπο-

2066 2381 2272 2451 δημίαν
2338 2382 2530 2448 αὐτοῦ,
2563 2382 2631 2436 ἵν’
2695 2383 2783 2454 εἴη
2841 2385 3153 2446 ἀνύποπτος
3194 2384 3269 2452 μὴ
3305 2383 3521 2453 παρὼν,
3564 2387 3659 2436 καὶ

2065 2474 2226 2527 τοῦτο
2263 2474 2354 2528 τὸν
2393 2476 2655 2546 Φερώραν
2712 2476 3012 2545 φυλάσσειν
3053 2474 3240 2529 δοῦναι
3292 2479 3360 2546 τῇ
3409 2477 3655 2544 γυναικί.

2071 2567 2240 2636 Καὶὴ
2282 2567 2422 2638 γυνὴ
2471 2568 2528 2620 δὲ
2555 2568 2851 2637 ὡμολόγει,
2901 2567 2998 2621 καὶ
3034 2566 3275 2620 ἀπιοῦσα
3313 2567 3544 2636 κομίσαι
3595 2567 3659 2618 τὸ

2069 2659 2388 2729 φάρμακον,
2432 2661 2494 2713 ἐκ
2532 2658 2625 2712 τοῦ
2651 2661 2843 2727 τέγους
2897 2659 3122 2730 ἔρριψεν
3174 2659 3395 2730 ἑαυτὴν,
3454 2659 3516 2711 ού
3549 2659 3659 2732 μὴν

2069 2750 2416 2821 ὶτελεύτησε.
2450 2751 2559 2804 Καὶ
2592 2751 2998 2821 ἁνακτηθείσαν
3027 2752 3190 2805 πάλιν
3211 2751 3400 2822 ἠρώτα
3440 2754 3467 2804 ὁ
3496 2751 3656 2822 βασι-

2069 2841 2197 2905 λεύς
2217 2856 2232 2870 °
2272 2843 2306 2913 η
2336 2843 2392 2894 δὲ
2424 2840 2608 2912 ῶιιοσε
2646 2843 2828 2897 πάντα
2861 2844 3032 2914 ἐρεῖν,
3063 2844 3138 2906 ῶς
3162 2844 3507 2914 ἐπέπρακτο.
3543 2844 3657 2897 Καὶ

2067 2935 2276 2990 λαϐεῖν
2332 2936 2437 3008 ἔφη
2497 2937 2566 2989 τὸ
2620 2935 2938 3006 φάρμακον
3021 2935 3183 3006 παρὰ
3251 2937 3359 2993 τοῦ
3411 2938 3658 3006 ἀνδρὸς,

2069 3027 2523 3097 ἡτοιμασμένον
2553 3027 2648 3082 ἐπ’
2691 3028 2882 3082 αὑτὸν
2921 3028 3030 3083 τὸν
3067 3028 3296 3099 πατέρα
3344 3029 3444 3085 ὑπ’
3485 3032 3663 3086 Ἀντι-

1993 3155 2037 3212 c
2071 3119 2321 3188 πάτρου.
2350 3119 2755 3189 Νοσήσαντος
2785 3119 2855 3176 δὲ
2888 3121 3146 3191 Φερώρα,
3174 3123 3302 3177 ἐπεὶ
3331 3122 3527 3178 ἐλθὼν
3557 3127 3666 3179 σὺ·

2074 3213 2176 3279 τὸς
2215 3213 2546 3283 ἐθεράπευε
2597 3215 2708 3270 τὸν
2758 3216 3050 3286 ἀδελφὸν,
3083 3215 3240 3285 ὀρῶν
3279 3233 3396 3273 σου
3424 3217 3538 3285 τὴν
3565 3220 3665 3272 εὕ-

2075 3325 2252 3363 νοιαν
2287 3307 2544 3376 ἐκεῖνος,
2570 3310 2730 3378 Πρὸς
2757 3309 2886 3380 ἐμὲ,
2921 3311 3049 3380 ἔφη,
3083 3311 3364 3380 κόμισον,
3385 3306 3431 3365 ὦ
3457 3311 3660 3380 γύναι,

2072 3402 2140 3456 τὸ
2194 3401 2535 3473 φάρμακον,
2589 3406 2686 3460 καί
2732 3405 3127 3460 κατάκαυσον
3185 3406 3278 3459 ἐπ’
3340 3408 3476 3476 ὄψει
3524 3406 3662 3475 ἐμῇ.

385 3489 558 3558 Κάγὼ
585 3493 803 3546 αὐτίκα
828 3493 908 3560 ὡς
929 3492 1162 3561 ἐκεῖνος
1177 3493 1530 3550 ἐνετέλλετο
1561 3494 1885 3566 ἔπραττον,
1942 3499 2010 3551 τὸ
2038 3498 2156 3569 μὲν
2185 3499 2483 3554 πλεῖστον
2509 3501 2654 3569 πυρὶ
2679 3501 3061 3568 παραδοῦσα,
3092 3500 3278 3568 ἑαυτῇ
3304 3501 3356 3555 δ’
3421 3505 3667 3556 ὑπολει-

387 3584 622 3654 πομένη
688 3585 924 3657 ὀλίγον,
998 3587 1076 3641 ἵν’
1133 3587 1298 3654 αὐτῷ
1353 3588 1725 3659 χρησαίμην,
1779 3591 1834 3645 ει
1894 3592 2312 3661 μεταστάντος
2365 3593 2637 3662 Φερώρου
2689 3594 2846 3648 κακά
2900 3613 3003 3664 μοι
3033 3597 3193 3662 παρὰ
3244 3595 3360 3649 σοῦ
3401 3593 3664 3662 ἀπαντᾷ.

388 3680 618 3751 Παρῆγε
646 3679 703 3734 δὲ
735 3681 814 3744 είς
834 3681 895 3734 τὸ
920 3681 1088 3752 μέσον
1120 3681 1221 3754 τὴν
1265 3683 1464 3749 πυξίδα
1494 3701 1554 3736 τε
1597 3685 1775 3738 καὶτὸ
1827 3687 2146 3758 φάρμακον.
2219 3689 2600 3759 Κατηγορείτο
2665 3689 2721 3742 δὲ
2790 3691 2886 3742 καὶ
2945 3690 2978 3758 ή
3003 3687 3096 3741 τοῦ
3132 3687 3399 3757 βασιλέως
3426 3688 3590 3758 γυνὴ,
3629 3681 3662 3748 ἡ

386 3772 481 3827 τοῦ
517 3773 824 3846 ἀρχιερέως
854 3773 1122 3847 θυγάτηρ,
1157 3775 1233 3838 ὼς
1264 3775 1539 3848 συνίστωρ
1565 3777 1860 3832 ἁπάντωνο
1893 3780 1961 3850 ἢν
2001 3780 2202 3834 αὐτίκα
2263 3777 2513 3845 ὲξέὸαλε,
2559 3780 2654 3833 καὶ
2694 3780 2786 3830 τὸν
2837 3777 2952 3830 υἱὸν
3007 3778 3176 3848 αὐτῆ,
3209 3779 3483 3848 summa:
3553 3778 3665 3832 τῶν

386 3867 687 3939 διαθηκῶν,
719 3869 802 3933 είς
849 3868 911 3923 τὸ
935 3869 1258 3940 βασιλεῦσαι
1314 3872 1685 3942 μεμνημένων
1731 3875 1966 3929 ἐκείνου.
2009 3876 2124 3930 Καὶ
2189 3873 2283 3928 τδν
2346 3874 2614 3945 πενθερὸν
2645 3873 2870 3943 Σίμωνα
2902 3872 3012 3926 τῶν
3035 3871 3131 3925 τοῦ
3171 3872 3380 3942 Βοητοῦ
3426 3871 3528 3943 τὴν
3568 3875 3668 3944 ἁρ-

387 3960 729 4035 χιερωσύνην
782 3962 1060 4032 ἀφείλετο,
1115 3963 1307 4034 ἕτερον
1361 3964 1416 4017 δὲ
1452 3965 1689 4038 καθιστᾷ
1728 3969 1820 4020 τὸν
1868 3967 1963 4021 τοῦ
2003 3968 2269 4038 Θεοφίλου
2302 3969 2578 4024 Ματθίαν.

461 4048 649 4103 XXIV.
681 4048 897 4104 Interea
924 4049 1187 4119 Bathylus
1213 4050 1489 4122 Antipatri
1519 4054 1760 4109 libertus
1790 4055 1962 4109 Roma

388 4141 563 4205 adt-st,
605 4140 822 4211 patroni
855 4145 1013 4196 matri
1043 4152 1097 4197 et
1129 4145 1388 4200 Pherorm
1413 4161 1684 4200 venenum
1725 4147 1913 4202 ferens
1951 4164 1964 4200 :

388 4231 485 4302 qui
515 4231 569 4286 in
598 4233 884 4288 tormentis
911 4232 1074 4298 dixit,
1109 4235 1163 4290 id
1196 4238 1425 4292 missum
1467 4252 1609 4302 esse,
1654 4246 1713 4292 ut
1745 4239 1789 4293 si
1817 4239 1973 4308 prius

392 4333 602 4392 patrem
633 4338 741 4377 non
774 4324 1072 4394 attigisset.
1103 4330 1188 4381 vel
1215 4327 1318 4382 hoc
1344 4344 1473 4383 eum
1505 4329 1826 4385 conficeret.
1856 4315 1972 4385 Μ’-

392 4415 604 4470 ferebat
626 4416 792 4470 etiam
820 4417 1032 4473 litteras
1056 4420 1226 4474 Roma
1255 4421 1324 4476 ab
1356 4422 1551 4476 amicis
1577 4422 1830 4490 Herodis,
1853 4424 1980 4494 qui-

393 4506 498 4562 bus
519 4507 822 4563 Archelaus
846 4518 902 4562 et
932 4509 1236 4580 Philippus,
1287 4512 1475 4568 Romae
1515 4515 1822 4570 studiorum
1853 4532 1976 4587 gra-

398 4599 471 4654 tia
495 4599 776 4669 degentes,
811 4601 1231 4668 accusabantur,
1265 4605 1421 4674 quasi
1456 4615 1664 4674 patrem
1701 4607 1974 4663 fraterna-

397 4704 516 4744 rum
547 4691 778 4745 caedium
814 4707 968 4746 reum
1007 4704 1253 4764 agerent,
1288 4711 1353 4749 ac
1377 4696 1482 4750 sibi
1515 4697 1651 4767 ipsis
1688 4698 1972 4755 timerent.

395 4783 485 4838 Ea:
507 4784 704 4838 litterae
733 4785 946 4856 magnis
984 4786 1370 4858 largitionibus
1394 4789 1686 4860 Antipatro
1715 4793 1978 4848 constite-

2136 4059 2262 4110 ΚΔ’.
2307 4055 2397 4110 Ἐν
2425 4057 2600 4124 τούτῳ
2642 4055 2700 4110 δὲ
2747 4028 3116 4126 ἀπελεύθερος
3146 4056 3510 4126 Ἀντιπάτρου
3557 4057 3666 4111 Βά-

2067 4147 2228 4213 θυλος
2256 4149 2366 4202 ἀπὸ
2409 4148 2631 4218 Ῥώμης
2664 4148 2849 4219 παρῆν
2873 4148 3167 4216 φάρμακον
3195 4147 3443 4217 κομίζων
3468 4151 3534 4218 τῇ
3566 4148 3662 4202 τοῦ

2068 4241 2442 4314 Ἀντιπάτρου
2501 4243 2672 4312 μητρὶ
2729 4243 2825 4294 καὶ
2881 4241 3156 4313 Φερώραο
3215 4239 3275 4303 ὃς
3307 4240 3663 4311 ἐπαξόμενος,

2073 4334 2228 4402 ἔλεγε
2259 4334 2580 4404 πεμφθῆναι
2599 4335 2754 4396 αὐτὸ,
2788 4334 2855 4388 ἵν’
2884 4336 2934 4388 εί
2959 4335 3035 4405 μὴ
3059 4335 3118 4388 τὸ
3138 4334 3408 4403 πρότερον
3437 4335 3666 4388 Ξιπτοιτο

2076 4425 2171 4478 τοῦ
2207 4426 2434 4496 πατρὸς,
2465 4425 2644 4496 τούτῳ
2680 4424 2816 4494 γοῦν
2848 4425 3285 4496 κατεργασθείη.
3328 4425 3668 4495 Ἐπεφέρετο

2076 4515 2134 4567 δὲ
2169 4517 2266 4568 καὶ⁸
2283 4516 2597 4586 γράμματα
2629 4517 2781 4586 παρὰ
2815 4516 2926 4568 τῶν
2981 4517 3041 4569 ὲν
3093 4515 3282 4586 Ῥώμῃ
3313 4514 3392 4586 τῷ
3446 4515 3668 4586 Ἡρώδῃ

2081 4607 2275 4674 φίλων,
2304 4608 2642 4678 κατηγορίαν
2681 4607 2986 4678 ποιούμενα
3025 4609 3325 4678 Ἀρχελάου
3353 4608 3450 4660 καὶ
3477 4607 3669 4660 Φιλίπ-

2080 4714 2208 4762 που,
2237 4700 2294 4752 ὲν
2333 4698 2523 4770 Ῥώμῃ
2563 4699 2864 4764 διαγόντων
2906 4701 2999 4752 ἐπὶ
3037 4699 3382 4768 μαθήμασιν,
3415 4697 3492 4760 ὡς
3522 4698 3667 4768 τάχα

2079 4791 2171 4844 τὸν
2193 4791 2409 4862 πατέρα
2447 4791 2908 4862 κατηγορούντων
2934 4793 3027 4845 ἐπὶ
3068 4791 3145 4860 τῷ
3191 4797 3338 4860 φόνῳ
3360 4790 3471 4842 τῶν
3505 4792 3666 4843 ἀδελ-

396 4883 548 4930 runt.
591 4875 836 4934 llerodes
888 4892 1018 4933 vero
1064 4880 1143 4935 ira
1175 4882 1470 4948 occultata,
1529 4900 1658 4938 eum
1693 4887 1977 4942 maturare

395 4967 578 5038 jussit,
610 4977 668 5025 et
699 4971 767 5024 de
807 4979 982 5026 matre
1011 4971 1132 5043 ejus
1156 4977 1409 5044 quredam
1441 4988 1799 5047 conquestus,
1847 4996 1976 5035 eum

398 5075 458 5116 se
483 5063 753 5118 arbitrum
784 5077 1132 5138 sumpturum
1159 5069 1320 5135 dixit,
1347 5067 1440 5124 ubi
1473 5071 1728 5127 redisset.
1753 5073 1860 5128 Eas
1881 5073 1976 5127 lit-

401 5163 548 5209 teras
582 5154 638 5209 in
665 5153 854 5211 Cilicia
886 5159 1102 5229 accepit
1132 5176 1147 5212 :
1191 5161 1289 5216 sed
1320 5162 1579 5217 Pherora:
1608 5162 1825 5217 obitum
1869 5163 1979 5217 Ta-

401 5247 544 5301 renti
565 5248 846 5316 cognitum
869 5255 1157 5321 aegerrime
1181 5253 1330 5316 tulit,
1352 5271 1462 5309 non
1480 5272 1547 5309 ex
1571 5255 1977 5320 benevolentia,

400 5337 496 5391 sed
523 5339 670 5408 quod
688 5340 776 5396 ille
800 5342 1071 5399 Herodem
1096 5361 1230 5411 non,
1259 5354 1317 5400 ut
1341 5357 1646 5416 receperat,
1669 5357 1794 5402 ante
1818 5363 1978 5402 suum

401 5429 614 5486 obitum
665 5436 998 5493 sustulisset.
1054 5437 1193 5494 Cum
1231 5439 1287 5494 in
1347 5450 1511 5509 portu
1570 5441 1838 5509 Augusto,
1890 5441 1981 5494 cui

2082 4884 2218 4950 φῶν,
2255 4884 2353 4936 καὶ
2379 4883 2699 4938 δεδοικότων
2746 4885 2840 4937 καὶ
2889 4884 3021 4952 περὶ
3082 4885 3322 4946 ἑαυτοῖς.
3379 4881 3568 4935 Ταῦτα
3610 4883 3668 4935 δὲ

2084 4973 2342 5044 μεγάλων
2376 4973 2588 5043 μισθῶν
2623 4973 2700 5044 τῷ
2747 4973 3097 5043 Ἀντιπάτρῳ
3141 4971 3382 5040 ἐγένετο.
3419 4969 3669 5040 Ἡρώδης

2080 5065 2125 5118 δ’
2148 5064 2595 5134 ἐπικρυψάμενος
2616 5067 2714 5138 τὴν
2749 5066 2947 5136 ὀργὴν,
2979 5065 3199 5117 ἐκέλευε
3232 5062 3308 5132 μὴ
3342 5059 3667 5130 βραδύνειν)

2083 5161 2178 5212 καὶ
2201 5163 2269 5229 τῇ
2298 5161 2470 5231 μητρὶ
2500 5159 2668 5213 αὐτοῦ
2703 5161 2944 5230 μέμψεις
2992 5161 3238 5226 ἐπάγων,
3291 5157 3674 5226 ἐπηγγέλλετο

2083 5251 2457 5322 ἀναθήσεσθαι
2477 5252 2684 5316 ταύτας
2713 5253 2886 5322 αὐτῷ,
2917 5253 3082 5304 ὁπότε
3139 5250 3412 5319 ἀφίκοιτο.
3444 5248 3674 5310 Τούτοις

2083 5347 2194 5410 τοῖς
2231 5346 2526 5416 γράμμασι
2551 5348 2680 5416 περὶ
2709 5344 2970 5400 Κιλικίαν
2999 5345 3275 5412 ἐνέτυχεν.
3309 5343 3400 5394 Ἑν
3423 5341 3672 5409 Τάραντι

2085 5441 2141 5494 δὲ
2167 5441 2264 5494 τοῦ
2294 5440 2552 5512 Φερώρου
2585 5440 2779 5513 μαθὼν
2831 5440 3117 5507 τελευτὴν,
3163 5437 3356 5497 δεινῶς
3412 5437 3672 5505 ἧνεγκεν,

403 5519 459 5574 id
483 5536 682 5576 nomen
717 5524 984 5583 aCaesare
1033 5537 1118 5584 est
1173 5529 1427 5596 inditum,
1475 5532 1796 5601 appulisset,
1840 5533 1968 5586 mala

2084 5534 2146 5586 οὐ
2167 5533 2233 5586 δι’
2256 5532 2494 5598 εὔνοιαν,
2525 5534 2642 5588 ἀλλ’
2668 5536 2749 5589 ὅτι
2782 5533 2860 5604 μὴ
2886 5533 3122 5604 φθάσας,
3147 5532 3224 5594 ὼς
3252 5530 3551 5599 ὑπέσχετο,
3580 5527 3674 5579 τὸν

405 5624 502 5666 sua
537 5612 591 5666 in
617 5627 914 5686 conspectu
941 5620 1155 5687 habuit,
1189 5623 1410 5678 nemine
1433 5623 1650 5678 obviam
1673 5635 1863 5689 eunte,
1888 5639 1968 5679 net

2100 5625 2348 5696 Ἡρώδην
2377 5626 2680 5696 ἀναιρῆσαι
2733 5625 2998 5679 ἀπέθανε.
3034 5622 3352 5692 Καταχθεὶς
3381 5622 3438 5673 δὲ
3465 5621 3547 5682 εἰς
3580 5619 3676 5671 τὸν

406 5703 556 5759 mine
588 5704 928 5774 alloquente.
989 5712 1150 5768 Venit
1187 5722 1372 5769 autem
1409 5715 1807 5789 Hierosolyma,
1839 5717 1968 5773 Varc

2085 5718 2384 5789 λεγόμενον
2425 5717 2702 5775 Σεϐαστὸν
2729 5717 2952 5786 λιμένα,
2987 5717 3074 5770 ἐπ’
3103 5715 3336 5784 ὀνόματι
3387 5711 3486 5765 τοῦ
3531 5712 3676 5764 Καί-

407 5794 578 5869 Syriae
609 5807 865 5870 ρωποι-ο,
902 5801 958 5858 in
983 5807 1220 5865 concilio
1266 5807 1566 5878 assidente,
1611 5825 1774 5881 quem
1801 5810 1968 5866 Hero-

2087 5827 2255 5883 σαρος
2283 5811 2428 5866 οὓτω
2461 5811 2823 5883 καλούμενον,
2863 5811 2925 5867 έν
2978 5808 3283 5882 προύπτοις
3314 5801 3383 5879 ἦν
3431 5804 3534 5876 ἠδη
3561 5805 3676 5868 τοῖς
