4002 6250
351 386 467 450 461

1634 394 2048 456 ANNALIUM
2096 395 2244 454 LIB.
2290 393 2392 454 Vl.

3513 386 3622 451 462

348 474 730 574 ’Apxélaogvbs
773 503 869 558 ἐπὶ
931 503 1153 576 Ῥώμην
1213 505 1429 574 ἐξέπλει
1492 511 1590 564 σὺν
1629 513 1694 583 τῇ
1746 510 1928 582 μητρὶ,

2044 509 2232 565 fratris
2273 507 2398 564 ﬁdei
2433 508 2747 564 commissa.
2783 507 2994 563 Aliae!
3035 511 3192 578 parte
3241 501 3473 576 Antipas
3521 505 3627 560 llo.

345 597 596 668 Φιλίππῳ
624 597 695 670 τῷ
719 599 932 672 ἀδελφῷ
961 601 1255 667 πιστεύσας
1285 603 1354 658 τὰ
1385 603 1692 676 πράγματα
1711 621 1723 635 ·
1747 604 1940 670 συνεξ-

343 689 431 760 ῄει
478 689 536 743 δὲ
588 690 736 760 αὐτῷ
773 696 868 746 καὶ
933 693 1170 766 Σαλώμη
1212 697 1242 766 ή
1291 695 1498 767 ἀδελφὴ
1537 697 1802 766 Ἡρώδου.
1830 699 1940 752 Καὶ

345 779 609 846 ’Δντίπας
637 783 694 836 δὲ
734 785 762 837 ό
809 785 1054 856 Ἡρώδου
1102 788 1220 852 υίὸς
1270 789 1540 862 ἑτέρωθεν
1575 793 1666 845 ἐπὶ
1711 792 1937 863 Ῥώμην

345 870 597 942 ὥρμητο,
617 875 712 926 καὶ
738 874 902 939 αὐτὸς
927 875 1025 946 τῆς
1051 877 1332 949 βασιλείας
1378 880 1830 953 ἀντιληψόμενος,
1863 881 1938 947 ὡς

344 963 408 1015 έν
443 964 744 1036 προτέραις
788 965 1084 1036 διαθήκαις
1137 977 1690 1045 καταγεγραμμένης
1747 976 1935 1048 αὐτῷ’

344 1055 577 1127 ἐπτέρου
602 1057 659 1111 δὲ
691 1057 884 1114 τοῦτον
925 1060 1064 1132 πρὸς
1096 1061 1198 1126 τὰς
1234 1064 1458 1130 ἐλπίδας
1484 1066 1745 1140 Σαλώμη.
1780 1069 1938 1123 Ἐπεὶ

340 1145 398 1199 δὲ
426 1147 508 1210 εἰς
547 1145 769 1220 Ῥώμην
819 1149 1105 1219 ἀφίκοντο,
1128 1145 1226 1206 καὶ
1279 1157 1634 1229 παρέστησαν
1673 1158 1935 1229 Καίσαρι,

340 1239 391 1292 οἱ
424 1239 524 1308 μὲν
553 1239 695 1313 ὑπὲρ
719 1241 1015 1314 Ἀρχελάου
1041 1246 1169 1310 τοὺς
1231 1245 1428 1315 λόγους
1461 1251 1779 1322 πεποίηντο,
1801 1253 1850 1306 oi
1881 1253 1939 1306 δὲ

342 1329 484 1401 ὑπὲρ
506 1329 868 1398 Ἀντίπα,τοῦ
886 1336 1192 1408 Ἀρχελάου
1220 1341 1685 1414 κατηγοροῦντες.
1713 1345 1938 1419 Καῖσαρ

339 1421 397 1475 δε
434 1424 637 1493 μᾶλλον
659 1426 798 1499 ὑπὲρ
819 1427 1116 1502 ’Δρχελάου
1141 1431 1316 1505 ῥοπὴν
1337 1433 1573 1491 δδείκνυ.
1610 1435 1702 1490 Ἐν
1725 1431 1938 1502 τούτοις

339 1514 398 1567 δὲ
434 1516 763 1585 ἀγγέλλεται
796 1522 1042 1594 Καίσαρι
1074 1520 1136 1577 τὸ
1191 1524 1300 1578 τῶν
1331 1526 1609 1582 Ἰουδαίων
1630 1527 1785 1593 ἔθνος
1813 1547 1940 1584 στα-

342 1607 565 1674 σιάσαν,
592 1612 832 1676 καὶτοὺς
888 1617 1007 1668 ἐκεῖ
1037 1613 1354 1687 Ῥωμαίους
1392 1621 1742 1693 πολιορκοῦν.
1785 1623 1944 1678 Κατὰ

338 1699 448 1771 γῖιρ
486 1701 587 1774 τὴν
615 1703 718 1772 τῆς
782 1707 1170 1778 Πεντηκοστῆς
1195 1711 1390 1781 ἑορτὴν
1415 1713 1696 1783 μυριάδων
1726 1714 1938 1771 πολλῶν

2043 603 2196 658 rodis
2257 603 2402 658 filius
2440 603 2634 658 eodem
2683 601 3078 667 contendebat,
3143 615 3376 672 regnum
3413 610 3472 655 et
3507 600 3626 671 ipso

2041 696 2447 761 vindicaturus,
2505 705 2567 751 ut
2632 696 2778 765 quod
2817 695 2922 751 sibi
2957 703 3021 749 et
3063 693 3250 765 priore
3291 701 3626 748 testamento

2040 788 2341 844 deberetur
2373 806 2388 844 :
2415 805 2534 844 cam
2559 804 2710 860 spem
2743 787 2863 858 ejus
2895 787 3114 842 Salome
3151 785 3440 841 incitante.
3479 785 3620 840 Cum

2040 881 2097 936 in
2137 882 2332 938 urbem
2378 881 2682 943 venissent,
2718 882 2844 936 aliis
2895 880 3190 946 Archelao,
3237 878 3362 934 aliis
3406 879 3625 950 Antipar

2039 973 2542 1042 patrocinantibus,
2586 972 2769 1029 Caesar
2821 973 3144 1044 suffragium
3201 987 3306 1043 pro
3348 970 3625 1030 Archelao

2042 1065 2188 1121 tulit.
2245 1065 2386 1121 Dum
2454 1066 2574 1121 hmc
2659 1075 2951 1136 geruntur,
3010 1065 3332 1122 Iudaeorum
3418 1066 3626 1121 seditio

2039 1155 2346 1210 nuntiatur.
2397 1155 2532 1210 Nam
2571 1155 2627 1210 in
2667 1156 2807 1210 festo
2838 1156 3197 1211 Pentecostes
3231 1157 3424 1211 multis
3455 1157 3623 1211 milli-

2039 1246 2146 1302 bus
2201 1247 2446 1319 undique
2486 1249 2858 1320 congregatis.
2919 1250 3150 1304 Romani
3203 1264 3331 1305 cum
3388 1261 3626 1320 praetore

2041 1338 2248 1396 Sabino
2304 1350 2436 1396 sunt
2499 1343 2759 1403 obsessi:
2815 1353 2871 1398 et
2921 1344 3037 1398 acri
3091 1359 3271 1414 pugna
3329 1344 3627 1399 commissa

2039 1435 2316 1490 vicerunt.
2346 1434 2523 1491 Judaei
2570 1450 2703 1490 vero
2758 1435 3088 1506 porticibus,
3125 1451 3249 1506 qua:
3277 1446 3430 1492 extra
3487 1447 3629 1492 tem-

2039 1528 2193 1599 plum
2233 1539 2381 1598 sunt,
2438 1532 2747 1600 occupatis,
2795 1540 2850 1586 et
2891 1530 3018 1586 inde
3052 1531 3177 1587 telis
3203 1547 3272 1586 ex
3332 1533 3626 1603 superiore

2040 1622 2164 1677 loco
2197 1624 2486 1694 conjectis,
2515 1624 2747 1678 multum
2782 1625 3048 1680 Romanis
3067 1634 3404 1681 nocuerunt.
3443 1625 3514 1680 At
3547 1626 3628 1680 illi

2040 1714 2220 1786 ignem
2253 1715 2559 1785 porticibus
2583 1716 2912 1788 injccerunt,
2949 1731 3187 1790 eumque
3218 1718 3447 1772 materia
3472 1719 3627 1774 alue-

339 1793 836 1886 συναθροισθεισῶν
868 1800 1228 1871 πανταχόθεν,
1265 1803 1356 1856 ὑπ’
1378 1805 1561 1859 αὐτῶν
1591 1808 1640 1860 oi
1675 1805 1928 1879 Ῥωμαῖοι

2043 1817 2194 1871 runt,
2215 1823 2334 1877 quae
2347 1806 2620 1862 flammam
2648 1807 2888 1862 excitare
2915 1815 3120 1878 posset.
3167 1808 3246 1862 Ea
3283 1807 3541 1863 celeriter
3569 1807 3624 1859 in

339 1877 940 1974 συγκατεκλὲίσοησαν,
997 1894 1092 1946 καὶ
1139 1895 1305 1960 αὐτὸς
1336 1893 1564 1964 Σαϐῖνος
1603 1873 1928 1974 (στρατηγὸς

2039 1900 2212 1956 altum
2247 1901 2412 1965 elata,
2447 1900 2539 1955 alii
2573 1915 2680 1955 una
2714 1916 2840 1955 cum
2885 1901 3046 1956 tectis
3091 1909 3448 1966 corruerunt,
3483 1901 3626 1956 alios

335 1977 392 2031 δὲ
421 1972 490 2049 ἦν
515 1974 674 2043 οὗτος
706 1979 1020 2056 Ῥωμαίων)
1047 1988 1140 2039 καὶ
1177 1989 1325 2060 μάχη
1363 1985 1432 2062 ἦν
1463 1972 1732 2065 καρτερά,
1761 1972 1856 2049 καῖ
1883 1998 1934 2051 ot

347 2069 608 2142 Ῥωμαῖοι
640 2076 930 2146 ἐκράτουν.
983 2079 1444 2150 Περιοδεύσαντες
1468 2081 1562 2139 οὖν
1583 2089 1632 2142 οῐ
1661 2084 1933 2160 Ἰουδαῖοι,

335 2165 544 2230 ﬁniri;
581 2169 741 2232 στοάς
775 2170 1012 2240 ἀνῆλθον
1039 2173 1139 2236 τὰς
1166 2174 1272 2240 ἔξω
1300 2171 1395 2230 τοῦ
1422 2178 1596 2248 ίεροῦ,
1620 2179 1926 2236 κάντεῦθεν

334 2256 396 2324 ἐξ
453 2258 789 2330 ὑπερδεξίων
830 2262 1145 2334 βάλλοντες,
1217 2268 1430 2338 μεγάλα
1478 2271 1752 2328 ἔϐλαπτον
1805 2275 1940 2340 τοὺς

277 2369 284 2380 ·
347 2350 678 2419 Ῥωμαίους.
710 2355 772 2408 Ol
804 2355 862 2409 δὲ
892 2356 1005 2428 πῦρ
1034 2361 1158 2424 ταῖς
1195 2363 1380 2426 στοαῖς
1413 2365 1614 2433 ὲνιᾶσι,
1639 2369 1734 2422 καὶ
1763 2369 1927 2424 τοῦτο

338 2443 652 2516 ύπέτρεφον
690 2446 871 2515 ὕλαις,
915 2451 1166 2522 ἐγείρειν
1209 2453 1388 2524 φλόγα
1443 2461 1932 2528 πεφυκυίαις’καὶ

334 2539 476 2611 ταχὺ
507 2541 714 2612 ἥπτετο
758 2543 856 2597 τοῦ
882 2543 1086 2616 ὀρόφου
1111 2562 1126 2580 υ
1160 2548 1255 2602 καὶ
1285 2549 1335 2602 οί
1383 2550 1479 2605 ἐπὶ
1527 2551 1640 2606 τῶν
1670 2555 1843 2609 στοῶν
1881 2555 1932 2610 οί

336 2631 440 2701 μὲν
489 2633 570 2706 τῷ
625 2633 814 2722 ὀρόφῳ
864 2641 1380 2714 καταρῤηγνυμένῳ
1429 2647 1930 2718 συγκατεφέροντο,

329 2724 459 2789 τοὺς
485 2725 542 2780 δὲ
574 2729 901 2799 περισταδὸν
941 2730 1166 2788 ἔϐαλλον
1197 2735 1248 2789 οί
1278 2735 1554 2806 πολέμιοι,
1581 2739 1632 2794 οί
1667 2740 1724 2794 δὲ
1761 2741 1844 2806 είς
1868 2743 1930 2795 τὸ

331 2818 444 2888 πῦρ
478 2819 693 2876 ἐνίεσαν
754 2823 1010 2891 ἑαυτοὺς,
1039 2827 1089 2880 οί
1118 2827 1176 2882 δὲ
1203 2829 1319 2894 τοῖς
1370 2830 1586 2884 ἑαυτῶν
1620 2833 1930 2888 ἐκτείνοντο

329 2910 567 2980 ξίφεσιν,
605 2914 785 2986 ἐσώθη
828 2933 889 2970 τε
922 2919 1032 2973 τῶν
1067 2920 1125 2972 ὲν
1166 2923 1291 2985 ταῖς
1342 2923 1528 2987 στοαῖς
1594 2924 1940 2980 ἀνελθόντων

331 3004 443 3057 οὐδ’
464 3005 741 3062 ὁστισοῦν.
790 3009 902 3063 Καὶ
927 3011 980 3063 oi
1039 3009 1310 3084 Ῥωμαῖοι
1343 3013 1616 3086 ἐκράτουν
1643 3014 1741 3069 τοῦ
1779 3015 1938 3088 ἱεροῦ-

336 3093 619 3166 θησαυροῦ
654 3114 670 3129 ·
700 3099 799 3152 καὶ
849 3099 1024 3154 πολλὰ
1081 3101 1181 3173 μὲν
1232 3101 1337 3156 ὑπὸ
1404 3103 1513 3158 τῶν
1577 3105 1930 3176 στρατιωτῶν

2039 1995 2232 2050 hostes
2273 1993 2592 2050 circumfusi
2633 1994 2834 2066 jaculis
2884 1994 3271 2059 confecerunt,
3319 1993 3411 2048 alii
3457 2007 3518 2049 se
3566 1995 3621 2046 in

2035 2089 2216 2160 ignem
2241 2088 2618 2160 coniecerunt,
2646 2087 2739 2142 alii
2765 2087 2820 2142 in
2844 2101 2976 2143 suos
3010 2101 3176 2143 enses
3197 2087 3576 2142 incubucrunt
3601 2103 3617 2142 :

2038 2197 2204 2237 nemo
2240 2180 2483 2251 denique
2523 2195 2591 2235 ex
2635 2179 2703 2234 iis
2729 2179 2824 2250 qui
2880 2180 3129 2250 porticus
3156 2179 3620 2238 conscenderant,

2035 2272 2228 2329 evasit.
2267 2270 2498 2328 Romani
2519 2281 2706 2326 autem
2741 2285 2902 2326 sacro
2937 2269 3203 2324 thesauro
3235 2276 3368 2324 sunt
3405 2267 3570 2338 potiti
3604 2285 3618 2321 :

2035 2373 2093 2420 et
2137 2379 2451 2436 quanquam
2484 2379 2678 2435 magna
2726 2363 2960 2436 pecunia
2990 2364 3209 2435 direpta
3257 2380 3290 2420 a
3325 2363 3620 2427 militibus,

2035 2457 2276 2515 Sabinus
2316 2468 2496 2514 tamen
2525 2473 2653 2514 cccc
2688 2458 2894 2513 talenta
2927 2467 3258 2514 conservata
3286 2457 3342 2512 in
3367 2467 3619 2528 apertum

2034 2552 2290 2623 protulit.
2327 2551 2434 2608 Sed
2468 2551 2563 2623 qui
2619 2568 2687 2608 ex
2724 2550 3103 2622 pugnantibus
3143 2549 3496 2621 superfuere,
3529 2567 3619 2603 ru-

2033 2647 2178 2718 giam
2222 2645 2749 2710 circumdederunt,
2800 2644 2963 2717 262
3007 2659 3128 2700 eam
3174 2659 3234 2699 se
3277 2653 3626 2699 crcmaturos

2033 2751 2157 2794 esse
2192 2737 2409 2803 minati,
2457 2745 2624 2807 atque
2664 2751 2859 2791 omnes
2894 2735 3219 2791 occisuros:
3260 2734 3347 2790 sin
3381 2734 3623 2796 abirent,

2035 2830 2421 2901 impunitatem
2450 2830 2718 2885 Romanis
2738 2839 2794 2885 et
2823 2828 3034 2886 Sabino
3080 2827 3514 2899 pollicebantur,
3556 2843 3625 2882 ac

2032 2923 2195 2979 multi
2253 2923 2389 2993 regii
2447 2921 2718 2978 satellites
2763 2921 2835 2976 ad
2887 2921 3014 2976 illos
3059 2920 3408 2977 defecerunt.
3444 2921 3626 2975 Rufus

2032 3023 2217 3072 autem
2243 3025 2298 3070 et
2329 3014 2555 3080 Gratus,
2602 3013 2697 3085 qui
2724 3013 2834 3069 tria
2869 3013 3045 3068 millia
3073 3028 3142 3068 ex
3181 3013 3422 3068 Herodis
3459 3028 3623 3069 exer-

2032 3110 2147 3166 citu
2183 3110 2434 3165 virorum
2482 3108 2841 3165 robustorum
2893 3107 3195 3173 habebant,
3235 3107 3306 3163 ad
3340 3108 3626 3163 Romanos

328 3187 662 3260 διήρπαστο,
723 3191 956 3258 Σαϐῖνος
997 3192 1054 3247 δὲ
1108 3195 1191 3260 είς
1235 3195 1298 3249 τὸ
1343 3197 1580 3269 φανερὸν
1637 3200 1924 3271 τριακόσια

2032 3220 2091 3262 se
2123 3205 2410 3261 contulere
2437 3217 2451 3262 :
2482 3218 2585 3259 nec
2625 3211 2812 3259 tamen
2863 3201 3210 3258 obsidionem
3239 3201 3413 3258 Judaal
3443 3203 3625 3258 solvi--

331 3281 646 3350 περιέσωσε
705 3283 968 3338 τάλαντα.
1026 3285 1095 3340 Οῖ
1139 3304 1203 3356 γε
1268 3288 1376 3360 μὴν
1444 3290 1924 3363 περιλελειμμένοι

2032 3307 2369 3370 runt,quam
2410 3297 2651 3353 Sabinus
2684 3296 2908 3353 fortiter
2947 3297 3228 3352 toleravit.
3265 3297 3476 3352 Praeter
3503 3297 3626 3350 haec

325 3370 434 3424 τῶν
471 3373 820 3444 μαχομένων,
853 3375 912 3430 τὺ
943 3377 1216 3447 βασίλειον
1245 3381 1621 3452 περισχόντες,
1658 3383 1772 3455 πῦρ
1819 3385 1924 3454 ὲμ-

329 3464 514 3518 ϐαλεῖν
550 3465 701 3536 αύτῷ
729 3468 1018 3538 ⁴ἠπείλουν,
1077 3471 1177 3524 καὶ
1231 3471 1486 3537 ἅπαντας
1520 3477 1766 3530 κτεῖναιο
1799 3479 1847 3532 εί
1876 3475 1924 3531 δ’

326 3559 567 3624 ἀπίοιεν,
614 3559 806 3614 ἄδειαν
851 3563 965 3627 τοῖς
1015 3563 1323 3635 Ῥωμαίοις
1359 3566 1792 3639 ἐπηγγέλλοντο,
1825 3571 1923 3625 καὶ

330 3651 567 3723 Σαϐίνῳ,
593 3653 690 3706 καὶ
718 3653 904 3708 πολλοὶ
928 3653 1040 3708 τῶν
1076 3655 1382 3727 βασιλικῶν
1418 3661 1557 3730 προς
1579 3660 1781 3726 αὐτοὺς
1819 3663 1924 3733 ηὐ-

328 3746 659 3816 τομόλησαν.
693 3745 923 3817 Ῥοῦφος
951 3749 1010 3803 δὲ
1039 3752 1137 3805 καὶ
1160 3751 1391 3822 Γράτος,
1447 3755 1790 3824 τρισχιλίους
1823 3753 1924 3810 τοῦ

341 3837 588 3910 Ἡρώδου
625 3841 1039 3912 στρατεύματος
1063 3842 1286 3917 ἔχοντες
1309 3845 1516 3919 ἄνδρας
1561 3848 1924 3921 ἐρρωμένους

327 3934 438 3996 τιῖς
475 3933 721 4003 σώμασι,
771 3934 1070 4005 Ῥωμαίοις
1115 3939 1532 4009 προστίθενται.
1591 3942 1839 3998 Ἰουδαῖοι
1861 3945 1922 4000 δὲ

325 4026 384 4078 οῦ
424 4025 677 4096 μεθίεντο
705 4028 805 4097 τῆς
843 4029 1189 4099 πολιορκίας,
1213 4033 1310 4086 καὶ
1343 4032 1570 4099 Σαϐῖνος
1623 4036 1923 4108 ἐκαρτέρει

327 4115 809 4188 πολιορκούμενος.
853 4118 980 4172 Ἐπὶ
1001 4119 1214 4185 τούτοις
1239 4128 1334 4176 καὶ
1356 4123 1540 4194 ἕτεροι
1568 4123 1789 4198 θόρυϐοι
1819 4128 1926 4200 τὴν

337 4205 605 4262 Ἰουδαίαν
634 4209 963 4266 κατέλαϐον.
1006 4211 1210 4278 Ἰούδας
1253 4215 1366 4287 γάρ
1399 4216 1644 4280 Ἐζεκίου
1694 4219 1791 4274 τοῦ
1816 4221 1924 4292 ἀρ-

323 4297 583 4370 χιλῃστοῦ
621 4298 758 4364 υίδς,
792 4301 888 4354 τοῦ
924 4301 1022 4373 ὑφ’
1050 4303 1297 4374 Ἡρώδου
1325 4309 1588 4377 μεγάλοις
1617 4309 1920 4382 ληφθέντος

325 4392 533 4458 πόνοις,
583 4395 1000 4465 συστησάμενος
1049 4397 1279 4468 πλῆθος,
1330 4402 1392 4453 τὸ
1436 4403 1568 4473 περὶ
1627 4405 1924 4477 Σέπφωριν

323 4485 424 4554 τῆς
485 4485 784 4550 Γαλιλαίας
836 4488 1115 4560 ἐπέδραμε
1159 4490 1451 4564 βασιλείῳ,
1513 4497 1604 4550 καὶ
1656 4497 1768 4550 τῶν
1802 4501 1924 4554 ἐκεῖ

2024 3393 2120 3450 alii
2145 3408 2368 3464 quoque
2396 3391 2668 3447 tumultus
2691 3391 2804 3447 orti
2834 3400 2984 3446 sunt.
3014 3391 3151 3446 Nam
3170 3390 3345 3447 ludas
3370 3389 3625 3444 Ezechim

2023 3485 2303 3540 latronum
2337 3483 2500 3538 ducis
2521 3483 2685 3551 Illius,
2715 3498 2881 3554 quem
2909 3481 3170 3538 [lterodcs
3199 3497 3346 3553 aegre
3370 3492 3620 3552 ceperat,

2026 3577 2086 3633 in
2137 3576 2378 3633 Galilaaaa
2424 3575 2630 3649 regiam
2675 3574 2836 3646 juxta
2873 3575 3169 3646 Sepliorim
3209 3575 3356 3629 facto
3387 3575 3622 3644 impetu,

2026 3671 2200 3726 armis
2234 3685 2358 3741 quae
2421 3669 2500 3725 ibi
2535 3678 2700 3726 erant
2751 3684 2886 3724 suos
2929 3668 3216 3733 instruxit,
3263 3679 3322 3723 et
3358 3667 3624 3722 omnibus

2025 3756 2130 3820 fuit
2157 3762 2542 3819 formidabilis.
2590 3759 2698 3818 Sed
2729 3768 2786 3818 et
2820 3761 3010 3817 Simon
3062 3760 3298 3816 Herodis
3335 3761 3481 3830 regis
3499 3774 3622 3813 sero

2023 3871 2146 3923 vus,
2169 3866 2432 3912 cancrum
2457 3855 2543 3910 vir
2558 3854 2804 3924 pulcher,
2835 3863 2896 3910 et
2921 3853 3298 3925 magnitudine
3332 3863 3390 3908 et
3412 3851 3618 3906 robore

2023 3949 2275 4021 corporis
2311 3948 2661 4020 praecellens,
2715 3963 2904 4004 rerum
2959 3947 3141 4002 turbis
3169 3945 3464 4016 impulsus,
3497 3943 3621 3999 dia-

2023 4041 2186 4100 dema
2217 4058 2440 4100 sumere
2459 4055 2647 4108 ausus,
2677 4041 3056 4097 multitudinis
3084 4054 3365 4095 concursu
3411 4049 3468 4095 et
3493 4039 3614 4109 ipse

2023 4153 2122 4193 rex
2159 4137 2493 4209 appellatus,
2537 4134 2978 4192 lliericliuntiam
3001 4146 3064 4191 et
3107 4135 3243 4190 alias
3271 4133 3474 4189 multas
3514 4135 3619 4188 do-

2023 4243 2143 4286 mos
2171 4232 2350 4301 regias
2390 4229 2638 4284 incendit
2678 4239 2845 4300 atque
2879 4228 3131 4299 diripuit.
3171 4227 3375 4282 Verum
3411 4225 3619 4282 Gratus

2026 4324 2213 4395 pra‘lio
2274 4323 2609 4388 commisso,
2669 4321 2966 4393 plerosque
3030 4319 3269 4384 cecidit,
3330 4318 3616 4389 ipsiusque

2026 4415 2269 4472 Simonis
2298 4423 2463 4486 caput
2509 4415 2839 4485 amputavit.
2905 4415 3085 4485 Atque
3121 4413 3216 4469 alii
3261 4420 3484 4483 quoque
3517 4411 3612 4466 illo

2027 4518 2280 4579 tempore
2314 4508 2682 4562 seditionibus
2723 4507 2904 4573 motis,
2939 4517 2994 4562 et
3020 4506 3202 4578 regios
3245 4515 3300 4562 et
3337 4507 3612 4561 Rontanos

324 4580 612 4654 κρατήσας
643 4582 849 4644 ὅπλων,
877 4581 1090 4637 ὥπλισε
1119 4585 1250 4650 τοὺς
1288 4589 1419 4658 περὶ
1466 4590 1654 4657 αὐτὸν,
1681 4593 1918 4665 φοϐερός

2032 4601 2384 4656 infestarunt.

320 4684 380 4729 τε
415 4676 624 4732 suam
648 4674 740 4749 ἦν.
781 4678 944 4734 Ἀλλά
977 4682 1071 4735 καὶ
1100 4679 1285 4752 Σίμων
1309 4683 1499 4751 δοῦλος
1565 4687 1674 4760 μὲν
1731 4692 1981 4766 Ἡρώδου
2021 4697 2116 4752 τοῦ
2175 4696 2465 4768 βασιλέως,
2522 4695 2662 4768 ἀνὴρ
2711 4695 3069 4768 δἐύπρεπὴς,
3105 4696 3202 4750 καθ.
3247 4694 3470 4766 μεγέθει
3507 4694 3617 4748 σώ-

325 4787 494 4842 ματος
529 4772 628 4826 καὶ
663 4771 859 4846 Ῥώμῃ
909 4771 1189 4845 προῦχων,
1221 4775 1414 4847 ἀρθεὶς
1444 4781 1510 4852 τῇ
1577 4787 1794 4857 ταραχῇ
1868 4785 1980 4843 τῶν
2023 4789 2390 4859 πραγμάτων.
2447 4789 2720 4858 ἐτόλμησε
2783 4788 3112 4858 περιθέσθαι
3183 4788 3446 4859 διάδημα.
3500 4789 3616 4840 Καὶ

285 4863 558 4933 ’πλήθους
601 4865 903 4929 συστάντος
937 4868 1071 4937 περὶ
1098 4869 1284 4936 αὑτὸν,
1309 4868 1565 4941 βασιλεὺς
1601 4877 1696 4929 καὶ
1741 4877 1914 4941 αὐτὸς.
1945 4879 2306 4953 ἀναρρηθεὶς,
2365 4881 2426 4933 τὸ
2483 4881 2542 4933 ἐν
2591 4879 2919 4951 Ἱεριχοῦντι
2967 4878 3246 4950 βασίλειον
3299 4880 3614 4949 πίμπρησιν

318 4958 412 5010 καὶ
436 4957 636 5024 ἄλλους
664 4959 724 5013 δὲ
752 4957 863 5014 τῶν
919 4959 1218 5032 βασιλικῶν
1267 4964 1456 5031 οἴκων,
1492 4966 1805 5039 διαρπάσας
1836 4970 1906 5024 τὰ
1943 4972 2003 5027 ὲν
2071 4975 2277 5038 αὐτοῖς.
2350 4972 2517 5027 Ἀλλὰ
2551 4972 2728 5044 τούτῳ
2759 4972 2970 5044 Γράτος
3036 4972 3218 5043 μάχην
3265 4969 3614 5039 συνάψαςοτά

316 5069 377 5108 τε
418 5054 557 5110 πολὺ
595 5055 695 5110 τοῦ
745 5060 876 5128 μετ’
923 5059 1094 5115 αὐτοῦ
1157 5061 1400 5134 πλήθους
1460 5063 1761 5139 διέφθειρε,
1791 5067 1886 5122 καὶ
1908 5069 2074 5123 αὑτοῦ
2131 5071 2226 5123 τοῦ
2293 5069 2542 5141 Σίμωνος
2602 5069 2702 5141 τὴν
2735 5068 2984 5138 κεφαλὴν
3021 5069 3308 5137 κρατήσας
3332 5065 3606 5135 ἀπέτεμε.

315 5149 428 5204 Καὶ
472 5148 625 5204 ἃλλοι
653 5150 711 5204 δὲ
745 5153 1076 5208 στασιασταὶ
1125 5157 1273 5211 κατὰ
1318 5157 1414 5212 τὸν
1446 5160 1643 5230 καιρὸν
1702 5163 1916 5215 ἐκεῖνον
1951 5163 2222 5233 ἐγένοντο.
2265 5164 2566 5228 κακοῦντες
2634 5163 2730 5217 καὶ
2775 5163 3086 5233 Ῥωμαίους
3155 5161 3251 5213 καὶ
3294 5162 3421 5222 τοὺς
3453 5158 3614 5229 βασι-³

313 5233 518 5300 λικούς.

387 5335 463 5391 B'.
509 5332 722 5404 Οὔαρος
744 5334 828 5403 δὲ,
861 5337 920 5390 ὲν
958 5335 1130 5410 Συρίᾳ
1172 5337 1361 5410 μαθὼν
1393 5341 1464 5396 τὰ
1493 5343 1636 5397 κατὰ
1667 5343 1758 5398 τον
1811 5345 1917 5399 Σα-

318 5425 488 5514 ϐῖνον,
541 5428 809 5498 ἠπείγετο
843 5432 958 5495 τοῖς
1015 5431 1076 5486 έν
1127 5431 1365 5507 Ἰουδαίᾳ
1418 5435 1912 5510 πολιορκουμένοις

312 5519 636 5587 ἀλέξασθαι.
653 5520 1076 5595 ’Δθροισθείσης
1094 5524 1151 5578 δὲ
1181 5528 1240 5579 ὲν
1258 5528 1588 5598 Πτολεμαΐδι
1609 5530 1710 5600 τῆς
1737 5532 1912 5586 αὐτοῦ

314 5613 609 5684 δυνάμεως
663 5615 872 5684 πάσης,
908 5617 1078 5688 μέρος
1117 5635 1172 5672 τι
1213 5619 1418 5689 ταύτης
1461 5621 1538 5692 τῷ
1572 5622 1676 5694 υἱῷ
1724 5641 1906 5694 παρα-

313 5704 468 5770 δοὺς,
495 5705 804 5770 Γαλιλαίοις
855 5707 1134 5780 ἐξέπεμψε
1173 5711 1436 5782 πολεμεῖν
1458 5730 1472 5746 ο
1504 5713 1566 5776 ὃς
1618 5715 1914 5786 συμϐαλὼν

316 5797 572 5864 ἐκείνοις,
594 5798 924 5869 ἐκράτησεν.
957 5801 1169 5876 Οὔαρος
1197 5805 1277 5873 δὲ,
1309 5806 1387 5878 τῷ
1412 5807 1590 5880 λοιπῷ
1615 5809 1710 5863 τοῦ
1747 5827 1916 5880 στρα-

319 5890 597 5962 τεύματος
629 5891 874 5964 προσιὼν
901 5894 984 5958 εἰς
1024 5893 1400 5967 Ἰεροσόλυμα,
1425 5901 1508 5966 εἰς
1541 5900 1744 5959 δειλίαν
1791 5903 1920 5969 τοὺς

2095 5345 2162 5402 ll.
2197 5347 2372 5404 Varus
2407 5357 2592 5402 autem
2648 5361 2772 5402 cum
2805 5347 2859 5400 in
2909 5344 3064 5415 Syria
3120 5341 3447 5409 audivisset,
3501 5358 3612 5413 quo

2021 5443 2146 5497 loco
2171 5457 2262 5497 res
2311 5440 2507 5496 Sabini
2561 5449 2783 5506 essent,
2828 5454 2988 5509 opem
3028 5437 3274 5493 obsessis
3322 5437 3377 5492 in
3423 5437 3612 5494 Iudaea

2021 5534 2167 5591 ferre
2206 5535 2545 5601 maturabat,
2581 5547 2637 5588 et
2692 5533 2951 5588 omnibus
2997 5531 3310 5602 legionibus
3344 5533 3462 5587 suis
3488 5533 3616 5587 Pto-

2016 5627 2256 5682 lemaide
2291 5628 2522 5690 coactis,
2573 5625 2744 5680 filium
2778 5640 2903 5679 cum
2961 5633 3116 5694 parte
3175 5625 3243 5679 ad
3305 5624 3509 5680 bellum
3558 5625 3613 5678 in

2021 5718 2241 5776 Galilara
2319 5718 2622 5790 gerendum
2692 5717 3005 5787 ablegavit,
3074 5733 3254 5788 eoque
3323 5717 3612 5773 victoriam

2021 5813 2224 5882 adepto
2278 5825 2405 5866 eum
2461 5808 2679 5878 reliquo
2740 5809 2990 5864 exercitu
3049 5807 3431 5879 Hierosolyma
3479 5820 3614 5875 pro-

2025 5905 2225 5968 fectus.
2262 5902 2472 5960 Judmis
2506 5910 2774 5959 terrorem
2807 5901 3062 5971 incussit,
3105 5910 3164 5958 ut
3209 5901 3413 5957 omissa
3455 5897 3609 5954 obuii-
