4002 6250
320 414 432 500 47's

1601 427 2015 494 ANNALIUM
2060 430 2217 492 LIB.
2264 432 2367 494 Vl.

3492 412 3606 497 ut

319 537 481 622 ἀνδρῖ
516 548 682 622 μηδὲν
702 548 875 619 αὐτῆς
897 549 975 613 είς
995 546 1229 602 ἕκαστον
1252 545 1362 601 τῶν
1386 545 1569 602 καλῶν
1595 527 1907 600 ἀποδέοντα

2012 555 2204 616 captus
2272 528 2500 604 Decius
2541 547 2795 613 Mundus,
2861 548 3007 604 inter
3064 522 3278 621 equites
3329 550 3595 622 dignitate

319 643 542 714 Ταύτης
571 641 715 697 ἐάλω
744 642 820 712 τῷ
847 642 1013 713 ἔρωτι
1044 642 1236 707 Δέκιος
1253 641 1517 708 Μοῦνδος,
1547 642 1608 695 ἐν
1627 639 1902 710 ἀξιώματι

318 735 396 790 ὣν
430 735 653 806 μεγάλῳ
680 735 790 790 τῶν
846 735 968 788 τότε
1023 735 1260 799 ἱππέων,
1295 737 1389 789 καὶ
1447 734 1646 804 ἐπείρα
1681 733 1900 806 δώροις.

317 828 509 882 Εἴκοσι
541 828 648 899 γὰρ
690 827 962 898 μυριάδας
996 827 1259 900 δραχμῶν
1303 828 1572 883 Ἀττικῶν
1598 827 1758 896 εὐνῆς
1792 824 1901 878 ἐδί-

312 919 407 974 δου
457 921 609 989 μιᾶς..
645 920 712 973 Ἦ
775 921 831 974 δὲ
885 921 986 976 οὐκ
1053 915 1322 992 ἠνείχετο.
1373 923 1644 986 Κάκεῖνος
1701 919 1904 990 ἐξῆπτο

313 1011 480 1065 πλέον
514 1013 592 1076 είς
623 1011 826 1083 ἔρωτα,
861 1011 1002 1066 ὥστε
1054 1012 1313 1084 βρώσεως
1352 1015 1531 1084 ἀποχῇ
1565 1015 1744 1086 ἑαυτῷ
1768 1029 1912 1084 μνη-·

316 1105 608 1159 στεύεσθαι
639 1105 895 1161 θάνατον.
941 1101 1050 1160 τΗν
1102 1106 1159 1159 δέ
1192 1105 1368 1176 τούτῳ
1415 1105 1763 1177 ἀπελευθέρα
1797 1115 1908 1158 πα-’

312 1197 470 1269 τρῴα
504 1199 618 1269 Ἴδη
645 1198 984 1270 καλουμένη,
1019 1198 1295 1253 παντοίων
1319 1199 1458 1270 ἴδρις
1488 1197 1702 1254 κακῶν.
1744 1197 1916 1269 Δῦτη-

313 1291 494 1354 οὕτως
520 1290 714 1362 ἔχοντα
744 1296 838 1346 τὸν
885 1293 1106 1345 νεανίαν
1137 1294 1344 1363 ὁρῶσα,
1391 1292 1763 1363 ἁναθαρσύνει
1805 1293 1910 1346 λό-’

316 1401 461 1454 ¹γοις,
501 1387 597 1439 καὶ
637 1385 998 1456 ἀναζωπυροῖ
1029 1385 1383 1456 ὑποσχέσεσι,
1425 1386 1587 1439 πέντε
1621 1386 1904 1456 μυριάδων

315 1478 458 1548 αὐτῇ
519 1478 737 1548 δεήσειν
776 1477 1015 1545 λέγουσα
1069 1476 1267 1545 μόνων,
1336 1477 1480 1530 ὥστε
1526 1476 1626 1549 τὴν
1704 1477 1906 1549 πρᾶξιν

315 1571 468 1641 αὐτῷ
504 1571 977 1642 κατεργάσασθαι.
1031 1572 1140 1625 Καὶ
1169 1570 1418 1625 λαϐοῦσα
1449 1571 1512 1624 τὸ
1548 1571 1772 1640 αἰτηθὲν
1801 1574 1906 1643 ἀρε

315 1663 529 1734 γύριον,
585 1665 708 1716 ἐπεὶ
748 1664 846 1734 οὐχ
895 1665 1109 1735 ἀλωτὴν
1149 1663 1297 1736 ἐώρα
1353 1663 1452 1735 τὴν
1486 1665 1761 1718 Παυλῖναν
1788 1667 1904 1729 τοῖς

315 1757 589 1828 χρήμασι,
627 1759 693 1827 τῇ
725 1757 782 1810 δὲ
829 1755 1098 1827 θεραπείᾳ
1138 1756 1240 1826 τῆς
1274 1756 1654 1828 ’1σιδος(οεὸς
1683 1755 1728 1808 δ’
1763 1755 1902 1828 αῦτη

315 1853 434 1913 τοῖς
477 1851 779 1918 Ῥωμαίοις
819 1851 939 1904 τότε
983 1851 1298 1920 νενόμιστο)
1339 1851 1458 1922 ᾔδει
1485 1851 1693 1922 ταύτην
1729 1867 1904 1922 προσ-

316 1943 580 2013 κειμένην
632 1943 980 2014 θερμότατα,
1039 1931 1294 2014 πρόσεισι
1351 1921 1464 1997 τῶν
1515 1943 1616 2014 τῆς
1651 1921 1980 2013 νψευδοῦςΒ

318 2036 539 2106 ἐκείνης
572 2036 698 2090 θεοῦ
733 2037 925 2108 ἱερέων
949 2035 1086 2102 τισὶ,
1129 2038 1224 2094 καὶ
1285 2039 1570 2108 χρήμασιν
1617 2037 1905 2091 ἀναπείθει

316 2128 420 2199 τὴν
450 2129 722 2183 Παυλῖναν
757 2130 1126 2201 ἐξαπατῆσαι,
1176 2125 1266 2194 αἷς
1317 2129 1572 2184 δύναιντο
1603 2135 1903 2202 μηχαναῖς,

318 2220 416 2273 καὶ
433 2220 511 2293 τῷ
533 2221 764 2294 Μούνδῳ
787 2224 1242 2293 συγκατακλῖναι.
1265 2223 1328 2279 Οἱ
1348 2223 1426 2290 δὲ,
1452 2223 1774 2295 θελχθέντες
1792 2226 1908 2288 τοῖς

320 2312 597 2383 χρήμασι,
631 2315 698 2384 τῇ
730 2313 928 2385 πράξει
961 2313 1253 2368 ἐπέϐαλον.
1303 2313 1414 2368 Καὶ
1451 2315 1635 2368 αὐτῶν
1662 2316 1689 2368 ὁ
1717 2317 1907 2386 γεραίο

318 2423 506 2474 τατος,
534 2407 674 2476 πρὸς
703 2408 803 2477 τήν
833 2409 1121 2461 Παυλῖναν
1147 2407 1341 2474 ἐλθὼν,
1380 2409 1474 2461 καὶ
1505 2408 1613 2478 ἰδία
1642 2409 1780 2480 αὐτῇ
1819 2411 1908 2461 ἐν-

321 2498 525 2570 τυχὼν,
560 2500 747 2570 ἔλεγεν
774 2501 932 2571 ήκειν
967 2502 1221 2574 πεμπτὸς
1256 2501 1360 2555 ὑπὸ
1391 2501 1489 2556 τοῦ
1530 2500 1904 2569 Ἀννούὸιδος,

323 2591 644 2656 κελεύοντος
663 2591 758 2646 τοῦ
781 2592 909 2646 θεοῦ
933 2593 1072 2664 πρὸς
1093 2593 1258 2648 αὑτὸν
1275 2593 1458 2664 ήκειν,
1481 2593 1654 2663 αὐτῆς
1673 2593 1906 2662 ἐρῶντα.

323 2686 403 2757 Τῇ
435 2686 492 2740 δὲ
521 2688 549 2740 ὁ
597 2685 757 2754 λόγος
812 2686 992 2751 ἔδοξεν
1040 2686 1450 2752 εὖκταιότατος,
1491 2687 1539 2739 εἰ
1581 2685 1756 2759 ἐρῷτο
1802 2685 1908 2738 ύπδ

325 2779 450 2834 θεοῦ
470 2798 483 2810 ·
539 2779 631 2834 καὶ
655 2779 732 2849 τῷ
768 2779 924 2852 ἀνδρὶ
944 2779 1220 2834 κοινοῦται
1249 2779 1310 2833 τὸ
1339 2778 1625 2850 ἀγγελθὲν,
1657 2781 1918 2844 κάκεῖνος·

327 2870 651 2944 συνεχώρει,
675 2871 771 2943 τὴν
798 2872 1162 2944 σωφροσύνην
1184 2873 1470 2941 γινώσκων
1490 2873 1592 2942 τῆς
1625 2871 1904 2940 γυναικὸςζ

337 2962 615 3032 Ἀπῆλθεν
661 2958 758 3016 οῦν
810 2962 892 3026 είς
919 2962 980 3015 τὸ
1011 2963 1263 3033 τέμενος,
1297 2965 1392 3016 καὶ
1415 2963 1489 3026 ὡς
1515 2961 1684 3016 ῦπνου
1717 2963 1911 3034 καιρὸς

324 3049 415 3127 ἦν,
445 3055 592 3109 ἔνδον
641 3055 700 3108 ἐν
753 3055 830 3126 τῷ
865 3055 978 3126 ναῷ
1033 3059 1100 3128 τῇ
1144 3058 1367 3124 γυναικὶ
1399 3056 1732 3126 καθευδῆσαι
1760 3055 1910 3127 ἡτοί-

329 3165 527 3220 μαστο,
560 3149 656 3203 καὶ
686 3147 758 3202 τά
785 3147 958 3219 λύχνα
1015 3148 1372 3205 κατέσϐεστο.
1413 3148 1474 3203 Ὀ
1503 3148 1632 3218 γοῦν
1661 3147 1909 3212 Μοῦνδος

328 3207 771 3310 ξπροεκέκρυπτο
815 3207 924 3309 γέρ
963 3239 1100 3310 ἐκεῖ)
1139 3238 1434 3311 παννύχιον
1465 3207 1772 3311 ἐνεφορήθη
1805 3207 1906 3292 ab;
1931 3207 1978 3270 C

324 3333 447 3403 τῆς,
477 3333 553 3397 ὡς
581 3333 873 3398 ’Δννουὸις
903 3333 1040 3405 αὐτῇ
1075 3333 1541 3406 προσφερόμενος.
1572 3330 1704 3388 Εἶτα
1733 3336 1762 3387 ὁ
1806 3333 1909 3404 μὲν

326 3427 570 3497 ἀπῆλθεν
603 3441 617 3457 °
654 3429 688 3498 ή
717 3427 796 3492 δὲ,
824 3427 958 3496 πρὸς
995 3427 1086 3480 τὸν
1112 3426 1281 3498 ἄνδρα
1307 3428 1640 3498 φοιτήσασα,
1665 3427 1910 3497 διηγεῖτο

328 3519 478 3590 αὐτῷ
530 3519 633 3590 τὴν
687 3521 1019 3589 ἐπιφάνειαν
1074 3517 1172 3572 τοῦ
1217 3520 1580 3586 ’Δννούσιδο;,
1618 3520 1716 3574 καὶ
1770 3520 1909 3590 πρὸς

325 3612 422 3676 τὰς
455 3613 712 3684 συνήθεις
747 3612 1214 3684 ἐνελαμπρύνετο,
1245 3613 1319 3676 ὡς
1359 3613 1577 3683 ὁμιλίας
1607 3610 1910 3679 ἀξιωθεῖσα

329 3703 473 3758 θεοῦ.
510 3705 682 3776 Τρίτῃ
715 3705 771 3758 δὲ
803 3703 942 3776 μετὰ
967 3704 1067 3774 τὴν
1096 3703 1302 3771 πρᾶξιν
1328 3705 1513 3777 ἡμέρα
1565 3705 1910 3776 συναντήσας

326 3799 364 3850 ὁ,
379 3795 624 3861 Μοῦνδος
645 3799 810 3868 αύτῇο
828 3796 1126 3860 Παυλῖνα,
1145 3797 1299 3866 φησὶ,
1327 3797 1422 3850 καὶ
1454 3799 1560 3862 τὰς
1581 3797 1777 3851 εἴκοσι
1797 3815 1912 3866 μυ-

322 3889 531 3959 ριάδας
551 3891 690 3958 ἔχω,
718 3889 816 3943 καὶ
845 3891 926 3944 σύ
951 3907 1054 3961 μοι
1079 3891 1304 3944 τούτων
1324 3889 1670 3959 διηκονήσω
1698 3890 1907 3958 χωρίς.

332 3983 393 4036 Ἃ
422 3981 492 4035 δὲ
516 3982 672 4050 πρὸς
698 3981 980 4036 Μοῦνδον
1003 3981 1318 4052 ἐξύϐριζες,
1343 3983 1574 4037 τούτων
1600 3982 1786 4037 οὐδέν
1801 3999 1908 4052 μοι

328 4075 737 4145 προσήπτετο,
774 4077 1100 4130 Ἀννουόιν
1115 4076 1306 4146 ὄνομα
1331 4075 1554 4146 θεμένῳ
1582 4073 1764 4139 αὐτῷ.
1809 4076 1906 4130 Ἐκ

327 4172 536 4223 τούτων
561 4172 642 4232 εἰς
673 4168 886 4223 ἔννοιαν
929 4169 1162 4224 ἐλθοῦσα
1183 4169 1276 4222 τοῦ
1299 4171 1653 4240 τολμήματος
1680 4171 1713 4240 ἠ
1743 4170 1907 4242 γυνὴ,

329 4260 770 4330 περιρρήγνυται
810 4259 909 4326 τὴν
943 4259 1157 4330 στολὴν,
1189 4261 1284 4313 καὶ
1311 4261 1389 4331 τῷ
1420 4261 1575 4331 ἀνδρὶ
1619 4261 1808 4332 ἐδήλου
1846 4260 1908 4313 τὸ

328 4352 724 4422 ἐπιϐούλευμα.
777 4353 838 4406 '0
868 4352 925 4404 δὲ
955 4352 1031 4422 τῷ
1086 4353 1322 4422 Τιϐερίῳ
1380 4353 1678 4424 προσῆλθε.
1734 4353 1844 4407 Καὶ
1881 4355 1911 4408 ὁ

329 4446 715 4517 αὐτοκράτωρ,
749 4443 1014 4510 ἐξετάσας
1037 4444 1096 4498 τὸ
1129 4445 1376 4513 γεγονὸς,
1408 4447 1534 4509 τοὺς
1593 4445 1694 4514 μὲν
1744 4447 1910 4517 ἱερεῖς

2010 647 2302 710 praestans,
2342 641 2590 697 mulieris
2623 642 2939 714 pudicitiam
2973 644 3296 698 muneribus
3329 645 3597 698 Sollicita-

2008 732 2124 799 bat,
2160 749 2220 789 cc
2255 733 2423 788 millia
2448 734 2832 790 drachmarum
2849 735 3154 791 Atticarum
3179 753 3278 807 pro
3318 752 3430 791 uno
3459 753 3596 791 con-

2011 824 2202 880 cubitu
2255 825 2542 896 pollicens.
2595 827 2779 898 anue
2831 838 3141 893 recusante,
3186 845 3372 884 amore
3424 829 3599 899 magis

2013 917 2480 985 inﬂammabatur,
2506 919 2644 975 adeo
2673 929 2733 974 ut
2766 921 3100 976 abstinentia
3129 921 3378 976 ciborum
3403 937 3599 976 necem

2012 1010 2116 1070 sibi
2158 1011 2505 1068 consciscere
2547 1013 2882 1068 institueret.
2913 1013 3158 1068 Habebat
3194 1023 3377 1068 autem
3411 1022 3600 1083 pater-

2012 1120 2137 1161 nam
2159 1107 2410 1161 libertam
2435 1107 2658 1161 nomine
2683 1108 2834 1172 Iden,
2859 1107 3039 1163 omnis
3074 1108 3295 1178 generis
3326 1106 3599 1161 malorum

2010 1199 2265 1270 peritam.
2304 1199 2379 1253 Ea
2410 1199 2816 1254 adolescentem
2847 1201 2927 1256 sic
2957 1199 3216 1255 allectum
3250 1201 3436 1256 verbis
3463 1217 3601 1257 con--

2010 1293 2211 1359 firmat,
2243 1301 2299 1347 et
2342 1291 2834 1362 pollicitationibus
2875 1293 3164 1358 refocillat,
3209 1309 3272 1348 ac
3311 1293 3414 1348 sibi
3460 1295 3602 1349 dun-

2013 1399 2160 1446 taxat
2181 1389 2544 1461 quinquagies
2571 1389 2718 1444 mille
2742 1389 3021 1444 drachmis
3042 1405 3181 1459 opus
3215 1406 3338 1445 esse
3370 1389 3502 1445 dicit
3527 1391 3599 1444 ad

2011 1502 2129 1541 rem
2191 1482 2615 1540 conficiendam.
2677 1482 2889 1550 Quibus
2943 1484 3204 1552 acceptis,
3260 1498 3384 1537 cum
3453 1483 3602 1536 illam

2012 1579 2245 1650 pecunia
2281 1594 2391 1632 non
2430 1575 2732 1647 expugnari
2765 1590 2928 1646 posse
2978 1583 3254 1636 cerneret.
3301 1574 3394 1629 sed
3425 1573 3602 1627 cultui

2011 1673 2172 1728 Isidis
2209 1672 2294 1740 (ea
2335 1681 2450 1726 tum
2482 1688 2511 1726 a
2543 1669 2806 1726 Romanis
2849 1685 2948 1740 pro
2985 1669 3110 1724 diva
3142 1668 3448 1736 colebatur)
3481 1681 3604 1722 esse

2013 1763 2410 1819 deditissimam
2439 1781 2453 1819 :
2483 1763 2750 1834 quosdam
2783 1761 2932 1816 falsze
2964 1760 3114 1815 illius
3144 1761 3260 1815 dere
3285 1758 3604 1814 sacerdotes

2011 1858 2290 1922 convenit,
2363 1857 2656 1927 pecuniam
2714 1856 2897 1917 offert,
2952 1864 3013 1910 ut
3063 1854 3348 1909 Paulinam
3400 1850 3606 1922 quibus

2008 1953 2217 2025 possint
2272 1952 2412 2007 dolis
2459 1952 2934 2012 circumventam,
2986 1948 3188 2002 Mundo
3244 1946 3330 2002 sui
3387 1944 3602 2014 copiam

2008 2047 2188 2102 facere
2213 2053 2430 2114 cogant.
2461 2044 2544 2097 Illi
2575 2043 2807 2112 pecunia
2841 2041 3054 2096 deliniti
3079 2080 3093 2102 ,
3154 2041 3370 2096 facinus
3404 2055 3605 2110 aggre-

2009 2141 2496 2196 diunturzeorum
2551 2144 2680 2190 natu
2731 2136 3000 2190 maximus
3034 2133 3320 2188 Paulinam
3371 2131 3621 2187 seorsim.

2009 2228 2290 2293 convenit,
2349 2242 2408 2281 se
2470 2227 2540 2280 ab
2592 2225 2868 2288 Anubide,
2925 2223 3098 2296 ipsius
3159 2237 3349 2277 amore
3410 2229 3600 2292 capto,

2010 2323 2240 2377 missum
2286 2335 2406 2375 esse
2436 2319 2726 2390 profitetur
2749 2327 2808 2371 ut
2840 2333 2962 2372 eam
3013 2324 3346 2372 accerseret.
3389 2315 3605 2372 Mulieri

2010 2431 2074 2472 ea
2107 2414 2277 2470 verba
2298 2413 2640 2484 optatissima
2668 2411 3012 2473 acciderunt,
3038 2410 3081 2465 si
3113 2426 3143 2464 a
3165 2409 3268 2465 deo
3288 2418 3604 2464 amaretur:

2009 2518 2066 2566 et
2118 2509 2377 2564 nuntium
2424 2507 2577 2562 illum
2614 2522 2739 2562 cum
2794 2505 2992 2559 marito
3024 2505 3414 2568 communicat,
3444 2501 3607 2571 263

2011 2601 2106 2672 qui
2156 2616 2361 2672 gnarus
2414 2599 2698 2654 modestiae
2751 2597 3003 2668 conjugis
3060 2613 3181 2652 eam
3240 2595 3394 2650 abire
3449 2594 3606 2649 sinit.

2010 2694 2148 2750 Cum
2211 2694 2262 2747 in
2329 2693 2593 2762 templum
2649 2692 2910 2755 venisset,
2987 2689 3089 2744 sub
3146 2688 3325 2744 somni
3391 2671 3626 2756 tempus~

2014 2786 2230 2842 mulieri
2279 2788 2335 2840 in
2387 2787 2503 2856 ipsa
2556 2785 2672 2840 aede
2712 2785 2890 2839 lectus
2946 2793 3188 2854 paratur,
3221 2784 3462 2836 lucernre
3507 2797 3604 2836 es-

2014 2879 2400 2949 stinguuntur.
2436 2877 2800 2948 Mundusjam
2831 2875 3084 2930 antcaibi
3114 2874 3356 2935 abditus,
3388 2889 3486 2942 per
3519 2883 3604 2927 to-

2014 2981 2122 3026 tam
2167 2978 2412 3036 noctem,
2465 2969 2569 3025 sub
2613 2968 2886 3022 Anubidis
2940 2967 3164 3021 nomine
3222 2965 3452 3020 libidine
3505 2980 3605 3020 sua

2013 3064 2254 3133 expleta,
2287 3062 2544 3119 discedit.
2581 3061 2678 3116 Illa
2722 3073 2968 3123 reversa,
3004 3056 3277 3113 Anubidis
3301 3054 3606 3126 apparitio-

2013 3172 2140 3212 nem
2191 3157 2386 3210 marito
2438 3163 2646 3217 narrat,
2686 3152 2832 3222 apud
2870 3149 3170 3205 familiares
3202 3147 3269 3201 de
3305 3161 3603 3216 congressu

2012 3249 2100 3305 dei
2126 3249 2414 3320 gloriatur.
2445 3245 2549 3301 Sed
2572 3242 2738 3299 tertio
2758 3251 2882 3313 post
2912 3240 2965 3295 id
2992 3239 3204 3294 facinus
3226 3237 3335 3300 die,
3368 3235 3604 3290 Mundus

2011 3343 2062 3398 ei
2091 3341 2311 3396 obviam
2372 3339 2553 3394 factus
2601 3355 2616 3392 :
2672 3334 2930 3400 Paulina,
2997 3331 3199 3401 inquit,
3257 3339 3306 3384 et
3375 3329 3604 3382 ducenta

1965 3445 1973 3452 '
2013 3433 2186 3489 millia
2218 3431 2402 3495 habeo,
2443 3437 2494 3483 et
2521 3439 2579 3483 tu
2611 3427 2737 3482 mihi
2776 3426 2942 3498 gratis
2980 3423 3183 3496 gessisti
3211 3437 3429 3476 morem.
3483 3419 3605 3473 Tua

2011 3543 2134 3582 vero
2161 3542 2286 3594 erga
2330 3523 2586 3578 Mundam
2619 3521 2823 3590 injuria
2852 3535 2934 3572 me
2973 3534 3076 3571 non
3105 3517 3300 3583 attigit,
3337 3514 3427 3584 qui
3452 3511 3604 3565 Anu-

2012 3618 2146 3672 bidis
2169 3631 2359 3670 nomen
2377 3615 2488 3685 ipse
2509 3613 2632 3666 mihi
2656 3611 2886 3678 fecerim.
2914 3607 2955 3660 E
2977 3607 3180 3677 quibus
3200 3604 3384 3659 verbis
3405 3602 3605 3656 mulier

2013 3709 2296 3764 intellecto
2327 3706 2592 3764 facinore.
2619 3703 2869 3758 vestibus
2913 3699 3172 3755 laceratis
3221 3696 3421 3751 marito
3470 3695 3605 3750 insi-

2014 3801 2132 3857 dias
2165 3799 2391 3854 indicat.
2427 3797 2479 3852 ls
2513 3795 2659 3865 apud
2683 3792 2965 3848 Tiberium
2997 3788 3378 3860 conqueritur.
3423 3786 3608 3855 Impe-

2013 3900 2166 3945 rator
2220 3887 2465 3943 facinore
2518 3891 2823 3955 comperto,
2873 3880 3188 3937 sacerdotes
3236 3887 3292 3934 et
3345 3877 3476 3932 lden
3544 3877 3603 3932 in

2013 3997 2207 4040 cruces
2239 3980 2398 4046 tollit,
2445 3978 2618 4034 aedem
2659 3976 2878 4042 diruit;
2933 3972 3098 4028 Isidis
3137 3970 3494 4027 simulacrum
3547 3968 3603 4023 in

2011 4075 2258 4132 Tiberim
2279 4071 2574 4143 demergit,
2599 4068 2860 4124 Mundum
2884 4067 2938 4120 in
2958 4064 3213 4121 exsilium
3232 4063 3362 4134 agit,
3385 4076 3616 4132 poenanr

2014 4168 2322 4241 graviorem
2361 4164 2432 4221 ob
2484 4163 2690 4219 amoris
2739 4161 2850 4215 vim
2915 4158 3208 4215 clementia
3264 4155 3604 4211 moderatus.

2014 4262 2144 4318 Haec
2177 4261 2366 4315 Romae
2395 4265 2516 4313 acta
2549 4263 2696 4312 sunt.
2735 4252 2994 4309 Samaria:
3017 4265 3148 4307 vero
3183 4248 3453 4304 tumultus
3504 4247 3620 4301 hac

2015 4352 2084 4409 de
2112 4365 2277 4407 causa
2307 4347 2538 4404 exstitit.
2577 4344 2812 4412 Quidam
2858 4341 3233 4398 Samaritanus
3261 4337 3614 4394 Gariziniunr

2017 4443 2261 4502 montem
2295 4439 2601 4499 sanctitatis
2640 4437 2902 4508 opinione
2949 4432 3370 4490 celeberrimum
3418 4447 3617 4486 secunr

329 4539 742 4610 ἀνεσταύρωσε,
773 4537 868 4591 καὶ
923 4539 1026 4610 τὴν
1062 4539 1231 4608 Ἴδην,
1264 4539 1358 4591 τόν
1406 4556 1466 4591 τε
1497 4539 1626 4592 ναὸν
1661 4539 1906 4608 καθεῖλε,

2017 4536 2392 4595 conscendere
2433 4533 2595 4606 jussit
2635 4549 2649 4586 :
2683 4545 2810 4585 nam
2860 4529 2936 4585 ibi
2979 4544 3037 4584 se
3072 4526 3154 4582 eis
3205 4541 3359 4582 sacra
3403 4540 3528 4578 vasa
3578 4541 3619 4578 ιι

331 4631 423 4687 καὶ
453 4632 516 4685 τὸ
545 4631 646 4702 τῆς
674 4630 874 4694 Ἴσιδος
921 4629 1146 4702 ἄγαλμα
1173 4633 1252 4693 είς
1288 4631 1379 4683 τὸν
1409 4629 1615 4701 Θύϐριν
1658 4629 1771 4702 (65)
1805 4648 1906 4684 πο-

333 4726 505 4798 ταμὸν
541 4725 925 4792 κατεπόντισε,
951 4724 1041 4778 τὸν
1057 4725 1115 4779 δέ
1144 4723 1387 4779 Μοῦνδον
1416 4728 1562 4797 φυγῇ
1593 4724 1908 4792 ἐδικαίωσε,

335 4817 668 4890 συγγνώμην
689 4817 881 4890 νείμας
899 4815 1068 4888 αὐτῷ,
1089 4819 1230 4872 ὥστε
1268 4818 1342 4889 μὴ
1369 4820 1554 4887 μεῖζον
1575 4817 1910 4889 κολασθῆναι
1941 4805 1944 4808 ’

333 4911 421 4965 διὰ
465 4913 566 4982 τήν
618 4909 740 4980 βίαν
797 4909 891 4964 τοῦ
928 4910 1154 4982 ἔρωτος.
1197 4910 1361 4964 Ἀλλά
1392 4910 1563 4964 ταῦτα
1599 4911 1700 4981 μὲν
1733 4911 1790 4964 ἐν
1842 4913 1909 4982 τῇ

345 5002 535 5075 Ῥώμῃ
569 5003 903 5073 ἐπέπρακτο·
933 5005 990 5057 ἐν
1016 5003 1072 5057 δέ
1093 5003 1381 5076 Σαμαρείᾳ
1407 5001 1725 5074 συμϐέϐηκε
1756 5002 1914 5075 θόρυ-

336 5093 446 5159 6ος.
489 5094 655 5165 ’Δνὴρ
687 5096 796 5166 γάρ
848 5112 933 5159 τις
962 5093 1185 5148 ἐκέλευε
1240 5096 1368 5157 τοὺς
1413 5095 1694 5166 Σαμαρεῖς
1737 5096 1830 5148 ἐπὶ
1853 5094 1946 5177 τὸ.

337 5187 560 5259 Γαρίζιν
591 5188 719 5259 ὅρος
766 5187 916 5258 αὐτῷ
970 5187 1247 5241 συνελθεῖν
1292 5187 1612 5258 (ἁγνότατον
1661 5187 1719 5241 δὲ
1755 5186 1918 5240 τοῦτο

339 5279 523 5342 αὐτοῖς
541 5278 877 5350 ὑπείληπται
898 5279 1006 5332 τῶν
1029 5278 1218 5351 ὀρῶν),
1243 5280 1341 5333 καὶ
1367 5279 1722 5350 ἀφικομένοις
1744 5281 1918 5349 ἐπηγ-

335 5369 559 5440 τέλλετο
588 5370 712 5442 ιερὰ
744 5370 914 5440 σκεύη
945 5372 1269 5442 ἐμφανίσαι,
1295 5371 1770 5441 κατορωρυγμένα
1795 5373 1914 5424 ἐκεῖ

2020 4632 2170 4688 Mose
2220 4629 2459 4694 defossa,
2509 4633 2862 4682 ostensurum
2910 4638 3055 4679 esse.
3091 4621 3196 4688 Qui
3233 4634 3357 4676 cum
3407 4615 3621 4672 armati:

2021 4723 2430 4787 convenissent,
2450 4720 2681 4784 Pilatus,
2709 4715 2956 4773 exercitu
2992 4715 3180 4779 misso,
3213 4712 3352 4767 alios
3381 4709 3616 4774 occidit,

2021 4817 2159 4872 alios
2179 4816 2236 4870 in
2259 4814 2444 4886 fugam
2460 4815 2650 4879 vertit,
2669 4821 2725 4867 et
2747 4809 3087 4880 captivorum
3105 4807 3413 4878 prazeipuos
3438 4802 3617 4855 inter-

2017 4910 2176 4966 fecit.
2224 4907 2554 4965 Samaritani
2600 4921 2734 4962 vero
2775 4904 3054 4960 Vitellium
3102 4901 3272 4973 Syria:
3316 4905 3618 4967 praetorem

2023 5000 2386 5067 conveniunt,
2437 5000 2674 5054 Pilatum
2725 4997 2796 5053 ob
2845 4992 3192 5068 popularium
3247 5004 3472 5048 suorum
3508 5000 3615 5039 ca?-

2025 5093 2152 5150 dem
2221 5101 2564 5151 accusantes.
2603 5093 2678 5158 Is,
2731 5089 2987 5145 Marcello
3037 5084 3251 5142 Iudaeis
3290 5078 3608 5153 praeposito,

2029 5185 2263 5240 Romam
2310 5185 2393 5241 ire
2437 5184 2672 5240 Pilatum
2699 5183 2876 5256 jubet,
2904 5179 2970 5236 ad
3004 5191 3222 5233 causam
3255 5172 3400 5242 apud
3431 5170 3616 5224 Caesa-

2025 5293 2142 5333 rem
2171 5277 2486 5334 dicendam.
2550 5276 2680 5355 Abit
2721 5275 2835 5341 ille,
2870 5287 2996 5329 eum
3039 5267 3370 5325 decennium
3404 5260 3622 5320 Iudaeis-

2018 5371 2352 5442 pmfuisset.
2399 5369 2510 5427 Sed
2541 5378 2839 5439 antequam
2884 5365 3071 5420 Romae
3116 5357 3630 5430 appropinquaret,

1540 5529 1735 5591 Variae
1757 5529 2068 5594 lectiones
2107 5539 2169 5594 et
2211 5539 2406 5594 notas.

409 5655 522 5728 (65)
559 5655 825 5728 Θύϐρινε-
851 5655 943 5711 Sic
1001 5668 1134 5728 mss.
1172 5669 1364 5728 omne_s
1397 5668 1530 5728 cum
1574 5652 1626 5706 θ.
1689 5653 1946 5716 Tiberim,

341 5725 604 5786 efl‘erunt.
635 5726 996 5792 Claudianus,
1019 5725 1122 5780 lib.
1155 5741 1192 5779 Il
1219 5728 1273 5781 in
1306 5725 1666 5794 Eulropittm:

411 5841 478 5896 Ni
503 5858 705 5896 memor
727 5841 936 5911 imperii
965 5838 1167 5907 Stilico,
1202 5856 1508 5909 morumque
1541 5840 1778 5910 priorum

414 5913 583 5976 Turpe
604 5913 886 5982 relegasset
913 5911 1121 5982 defenso
1157 5929 1186 5966 α
1214 5911 1466 5982 Thybride
1504 5925 1717 5981 nomen,

2101 5655 2484 5726 Servatamque
2514 5671 2645 5709 novo
2665 5658 2922 5707 servasset
2960 5648 3176 5704 crimine
3210 5645 3457 5700 Romam.

2024 5775 2276 5849 Pzeanius
2300 5772 2363 5849 _in
2384 5766 3023 5849 lletapbrasiﬁutropii,
3077 5765 3174 5849 lib.
3214 5782 3227 5819 l
3267 5763 3420 5832 Ιιρθς
3475 5757 3604 5824 ταῖς

1931 5845 1940 5851 ’
2019 5846 2121 5899 τοῦ
2155 5842 2478 5916 Θύμϐριδος
2500 5839 2801 5910 ἐμϐολαῖς.
