2001 3125
131 202 189 237 ιτ]

780 206 922 238 ANNAL]
928 207 986 240 ΗΜ
1005 209 1078 241 LIB.
1098 211 1147 242 VI.

1715 205 1783 247 ιη’

132 260 200 297 πρὸς
220 259 374 295 Ἡρωδιάδα
390 259 539 295 συνθήκας,
564 259 624 295 ᾔτει
646 259 713 296 πρὸς
725 260 924 297 Μαχαιροῦντα

980 265 1089 300 ignarus
1100 266 1166 301 quid
1183 267 1290 296 consilii
1302 268 1401 298 mulier
1415 268 1543 304 cepisset.
1560 269 1605 298 Illa
1622 278 1687 298 vero
1705 271 1770 300 inde

133 306 291 341 πεμφθῆναι
314 305 347 332 τὸ
382 307 524 341 φρούριον,
553 307 695 345 (μεθόριον
724 309 754 336 δὲ
783 309 863 336 τοῦτο
889 309 926 344 ἦν

132 352 183 386 τῆς
199 351 298 387 Ἀρέτα
311 352 362 381 καὶ
387 353 438 388 τῆς
458 353 580 388 Ἡρώδου
598 354 696 389 ἀρχῆς)
710 356 758 382 καὶ
771 355 784 382 ὁ
801 355 926 392 Ἡρώδης

133 397 283 436 ἐξέπεμψε,
306 398 345 434 μὴ
371 398 517 432 γινώσκων
536 400 554 429 ὃ
577 400 605 426 τι
622 401 699 427 ἐστιν
718 401 787 437 αὐτῇ
814 401 845 428 τὸ
863 401 927 437 βου-

132 444 290 479 λευόμενον.
313 445 345 472 Ἡ
360 445 389 471 δι
411 445 519 472 ἐκεῖθεν
547 445 615 481 πρὸς
631 447 764 483 ’Δρασίαν
788 448 857 484 πρὸς
879 449 926 476 τὸν

134 491 241 524 πατέρα
252 490 409 526 ἐξώρμησε,
422 492 470 519 καὶ
482 492 531 527 τὴν
545 492 666 527 Ἡρώδου
678 493 800 529 διηγεῖτο
811 494 926 530 γνώμην

134 536 199 573 περὶ
219 537 317 572 αὐτήν.
339 537 478 569 Κάκεῖνος
491 538 556 574 ἔσχε
569 538 650 565 τοῦτο
661 538 711 574 εχθ
716 548 765 575 ρας
778 540 924 574 ὑπόθεσιν,

133 582 182 615 καὶ
199 583 273 618 μάχη
291 583 375 618 μέσον
393 584 496 618 ἀμφοῖν
523 586 729 621 συγκεκρότητο
743 586 788 614 διὰ
802 596 924 624 στρατη-

133 629 202 663 γῶν,
221 630 270 657 καὶ
284 631 309 656 ot
328 630 450 666 Ἡρώδου
472 632 643 666 ἡττήθησαν,
659 634 706 660 καὶ
716 633 790 660 ἅπαν
811 634 927 661 τὺὲκεί-

134 684 181 701 νου
191 675 350 710 στράτευμα
360 676 501 705 πέπτωκε.
516 678 609 705 Ταῦτα
620 678 665 706 διὰ
674 680 787 714 γραφῆς
802 679 926 716 Ἡρώδης

138 721 239 756 μηνύει
256 722 295 757 τῷ
320 722 450 758 Τιβερίῳ.
467 723 498 750 '0
510 724 540 751 δὲ
552 724 654 760 γράφει
671 726 740 761 πρὸς
757 726 925 760 Οὐϊτέλλιον,

136 766 255 802 πόλεμον
281 767 350 803 πρὸς
364 768 479 803 ’Δρέταν
505 771 686 805 ποιήσασθαι.
713 772 792 808 καὶῆ
815 772 926 809 ζωγρη-

134 813 216 839 θέντα
233 813 344 849 δέσμιον
362 815 522 850 ἀναπέμψαι
537 817 579 849 εις
605 816 729 853 Ῥώμην,
744 818 761 851 ἢ
783 819 926 854 ἀνῃρημέ-

134 868 181 885 νου
192 860 296 886 στεῖλαι
310 860 359 896 τὴν
370 862 504 896 κεφαλήν.
518 862 581 889 Τισὶ
593 863 622 889 δὲ
637 863 689 890 ὑπὸ
698 864 767 891 Θεοῦ
778 865 827 900 τὴν
836 864 926 903 Ἠρώ-

134 905 181 931 δου
197 906 329 941 στρατιὰν
355 906 465 934 ἑλέσθαι
494 908 595 941 ἐδόκει,
611 909 689 941 δίκας
712 911 854 943 τιννύντος
880 911 926 938 διὰ

134 952 181 979 τον
210 953 291 987 φόνον
308 953 354 980 τοῦ
386 955 530 991 προφήτου
551 956 599 983 καὶ
616 957 771 985 Βαπτιστοῦ
787 958 923 986 Ἰωάννου.

135 999 229 1030 Ἰἶαῦτα
249 1000 304 1036 γὰρ
321 1002 370 1028 καὶ
392 1002 458 1037 περὶ
472 1002 570 1029 τούτου
590 1003 662 1030 κατὰ
676 1004 751 1037 λέξιν
767 1006 781 1031 ό
793 1005 926 1039 Ἰώσηπος

134 1045 249 1080 ἔγραψε.
269 1047 377 1074 Κτεένει
393 1047 448 1083 γὰρ
461 1047 556 1075 τοῦτον
572 1048 696 1085 Ἡρώδης
712 1050 815 1084 ἀγαθὸν
829 1051 923 1086 ἄνδρα,

135 1091 184 1119 καὶ
197 1091 260 1124 τοὺς
273 1092 420 1125 Ἰουδαίους
435 1094 584 1121 κελεύοντα
600 1095 701 1131 ἀρετὴν
716 1097 924 1129 ὲπασκοῧντας,

136 1137 185 1164 καὶ
197 1138 232 1164 τὰ
246 1138 315 1173 πρὸς
339 1139 471 1175 ἀλλήλους
483 1141 645 1179 δικαιοσύνῃ
662 1143 710 1169 καὶ
726 1143 760 1169 τὰ
777 1144 846 1179 πρὸς
859 1145 926 1171 Θεὸν

135 1184 263 1220 εοσεδείᾳ
281 1185 449 1220 χρωμένους“
457 1186 605 1223 βαπτισμῷ
620 1189 753 1215 συνιέναιο
771 1189 844 1216 οὕτω
870 1191 926 1227 γὰρ

136 1230 186 1257 καὶ
198 1229 247 1265 τὴν
260 1231 388 1266 βάπτισιν
403 1232 477 1267 αὐτῷ
490 1234 634 1267 φανεῖσθαι
649 1233 814 1270 ἀποδεκτὴν.
829 1235 928 1268 Δείσας

136 1277 165 1304 δὲ
182 1276 306 1313 Ἡρώδης
317 1278 348 1304 τὸ
361 1278 406 1305 ἐπὶ
428 1279 555 1306 τοσοῦτον
574 1279 688 1306 πιθανὸν
708 1280 791 1307 αὐτοῦ
806 1281 864 1313 τοῖς
878 1281 928 1308 άν-

136 1323 259 1359 θρώποις
274 1324 311 1360 μὴ
324 1325 374 1351 ἐπὶ
398 1326 494 1352 στάσει
512 1326 591 1361 φέροι
612 1327 667 1352 τινὶ
682 1326 784 1362 (πάντα
807 1327 862 1363 γὰρ
874 1328 928 1354 ἐοί-

136 1378 203 1397 κασι
223 1370 363 1406 συμόουλῇ
378 1372 411 1406 τῇ
420 1371 530 1399 ἐκείνου
541 1372 703 1407 πράξοντες)
718 1372 784 1399 πολὺ
800 1374 927 1408 κρεῖττον

136 1417 258 1450 ἡγεῖται,
274 1417 339 1452 πρίν
352 1426 378 1444 τι
394 1417 527 1453 νεώτερον
541 1418 572 1451 ἐξ
597 1419 680 1446 αὑτοῦ
696 1419 838 1453 γενέσθαι,
862 1428 929 1455 προ-

136 1461 229 1488 λαϐὼν
255 1462 371 1494 ἀνελεῖν,
393 1462 440 1489 τοῦ
458 1463 615 1499 μεταϐολῆς
644 1463 799 1498 γενομένης
824 1463 861 1499 μὴ
888 1464 929 1495 εἰς

138 1507 291 1542 πράγματα
310 1507 441 1543 ἐμπεσὼν
469 1511 622 1544 μετανοεῖν.
652 1510 708 1537 Καὶ
723 1511 736 1536 ό
756 1510 807 1545 μὲν
824 1509 929 1546 ὑποψία

140 1554 188 1580 τοῦ
210 1554 334 1590 Ἡρώδου
348 1554 460 1590 δέσμιος
483 1556 524 1587 είς
556 1555 756 1591 Μαχαιροῦντα
779 1557 927 1592 πεμφθεὶς,

138 1600 224 1636 ταύτῃ
241 1601 394 1627 κτίννυται·
411 1602 469 1632 τοῖς
483 1601 513 1627 δὲ
525 1601 668 1633 Ἰουδαίοις
681 1601 763 1633 δόξαν
779 1601 825 1628 ἐπὶ
842 1610 929 1636 τιμω-

141 1647 186 1682 ρίᾳ
211 1648 242 1681 τῇ
260 1646 367 1673 ἐκείνου
382 1646 428 1676 τὸν
453 1646 564 1682 ὄλεθρον
581 1647 629 1674 τοῦ
653 1647 771 1683 στρατοῦ
786 1647 927 1682 γενέσοαι,

139 1693 185 1719 τοῦ
197 1693 266 1719 Θεοῦ
278 1692 404 1722 κακῶσαι
428 1693 554 1729 Ἡρώδην
571 1693 708 1726 θέλοντος.
731 1694 886 1726 Οὐϊτέλλιος
901 1693 930 1720 δί

141 1739 207 1774 πρὸς
233 1740 348 1775 ’Δρέταν
374 1739 538 1775 πολεμήσων
552 1739 695 1775 ἠπείγετο.
715 1740 883 1776 Ὠρμημὲνῳ
899 1740 928 1767 δὲ

139 1785 182 1812 διὰ
193 1785 244 1820 τῆς
255 1785 392 1812 Ἰουδαίων
407 1785 574 1822 διέρχεσθαι,
593 1786 767 1823 παρῃτοῦντο
781 1787 806 1813 σι
823 1786 928 1822 πρῶτοι

140 1831 231 1858 αὐτῶν
247 1831 296 1867 τὴν
309 1832 356 1859 διὰ
366 1831 421 1867 -τῆς
435 1831 529 1868 χώρας
544 1832 615 1859 ὸδόν’
632 1833 663 1859 ού
677 1833 731 1869 γὰρ
748 1832 865 1869 πάτριον
891 1830 929 1859 εἷ-

141 1887 184 1904 ναι
202 1878 297 1909 αὐτοῖς
312 1879 421 1911 εἰκόνας
435 1878 569 1915 φέρεσθαι
584 1878 629 1906 διὰ
643 1879 693 1914 τῆς
722 1879 814 1915 χώρας
828 1878 929 1911 αὐτῶν,

141 1925 243 1956 mm;
256 1925 280 1951 δ’
304 1926 460 1953 ἐπικεῖσθαι
478 1926 541 1958 ταῖς
569 1926 702 1962 σημαία-ις
730 1926 847 1957 εἰκόνας.
866 1925 931 1952 Πει-

142 1971 216 2002 σθεὶς
228 1968 286 2004 οὖν,
296 1972 343 1999 διὰ
358 1972 405 1999 τοῦ
422 1972 542 2007 μεγάλου
555 1972 646 1999 πεδίου
657 1971 794 2002 διεϐίϐαζε
804 1971 834 1998 τὺ
846 1979 930 2006 στρα-

140 2017 263 2045 τόπεδον.
288 2018 375 2049 Αὐτὸς
401 2018 430 2044 δὲ
456 2019 516 2054 μετ’
539 2018 659 2053 Ἦρώδου
682 2018 721 2050 εις
754 2017 930 2054 Ἰεροσόλυμα

141 2064 230 2100 ἀνῄει,
247 2065 337 2092 θύσων
350 2065 389 2100 τῷ
406 2065 478 2100 Θεῷ.
496 2066 550 2093 Καὶ
565 2067 640 2102 τρεῖς
660 2065 805 2100 ἐπιμείνας
823 2064 930 2100 ἡμέρας

977 312 1005 339 in
1017 313 1146 341 Arabiam
1160 314 1193 341 ad
1208 318 1311 349 patrem
1325 315 1495 350 properavit,
1511 315 1591 351 eique
1602 317 1668 351 quid
1685 317 1771 344 llcro-

977 358 1026 386 des
1054 359 1088 386 de
1113 367 1142 388 se
1166 361 1257 388 animo
1285 361 1494 397 271agitaret,
1522 363 1660 397 exposuit.
1691 363 1769 391 Unde

976 404 1075 433 Arelas
1099 406 1306 435 inimicitiarum
1320 408 1493 438 occasionem
1518 408 1637 443 arripuit
1653 417 1659 436 :
1678 416 1768 443 pugna

977 459 1026 487 per
1050 453 1196 488 utriusque
1228 454 1313 482 duces
1341 454 1499 486 commissa,
1528 454 1676 483 Herodiani
1702 454 1769 481 victi

977 502 1042 525 sunt
1068 502 1096 525 ct
1129 499 1219 527 omnis
1237 500 1298 535 ejus
1325 500 1464 527 exercitus
1488 508 1586 527 caesus.
1612 499 1679 537 Qua:
1706 507 1772 528 cum

977 542 1102 571 Herodes
1116 543 1228 571 Tiberio
1242 552 1290 579 per
1315 545 1423 572 litteras
1450 545 1644 579 signiﬁcasset,
1663 545 1708 573 ille
1725 544 1773 573 Vi—

978 588 1054 616 tellio
1072 589 1180 622 scribit,
1191 594 1221 617 ut
1235 590 1325 618 Aretse
1337 590 1440 618 bellum
1452 590 1563 625 inferat,
1576 596 1603 618 et
1617 596 1665 619 aut
1675 592 1771 619 viven-

977 639 1031 662 tem
1049 635 1077 662 in
1089 636 1217 669 vinculis,
1231 641 1279 663 aut
1290 636 1427 664 interfecti
1442 642 1525 673 caput
1538 638 1652 665 Romam
1669 638 1769 666 mittat.

976 680 1092 714 Quidam
1110 682 1264 716 credidere,
1283 683 1402 711 Ilerodis
1416 683 1568 713 exercitum
1585 684 1624 711 ira
1644 684 1771 711 Numinis

977 728 1127 760 interiisse,
1147 728 1183 755 ob
1197 728 1300 756 caedem
1320 729 1463 764 propheta:
1487 733 1514 756 et
1538 730 1667 764 Baptistae
1688 730 1772 757 Joan-

976 774 1030 802 nis.
1063 776 1100 802 De
1126 782 1182 810 quo
1206 775 1341 811 Iosephus
1368 775 1411 802 his
1436 775 1527 804 verbis
1554 775 1671 802 scribit:
1693 775 1772 801 Hunc

976 820 1100 848 llerodes
1125 821 1264 849 interfecit
1279 821 1368 849 virum
1388 822 1504 853 bonum,
1521 821 1569 857 qui
1592 820 1700 850 Judreos
1714 820 1772 847 vir-

977 870 1063 894 tutem
1077 866 1180 900 colere,
1199 872 1282 902 atque
1300 867 1374 894 inter
1400 875 1460 895 sese
1473 867 1588 903 justitiae
1601 871 1629 895 et
1647 865 1773 902 religioni

972 919 1044 947 .erga
1061 913 1150 940 Deum
1174 912 1241 940 dare
1255 920 1366 948 operam
1382 913 1475 949 jussit,
1501 921 1533 940 ac
1558 913 1598 940 sic
1612 913 1645 939 ad
1670 912 1774 947 baptis-

979 967 1056 987 mum
1081 959 1223 992 accedere,
1244 964 1301 987 tum
1324 959 1436 987 demum
1466 960 1591 987 futurum
1616 963 1772 994 acceptum.

977 1005 1101 1033 Herodes
1116 1009 1209 1033 autem
1221 1006 1338 1039 veritus,
1354 1013 1388 1033 ne
1405 1010 1479 1033 tanta
1490 1006 1550 1040 ejus
1567 1005 1594 1032 in
1605 1005 1703 1040 vulgus
1720 1013 1773 1032 au-

977 1050 1090 1078 ctoritas
1103 1050 1136 1077 ad
1148 1049 1313 1087 seditionem
1327 1054 1474 1085 spectaret,
1489 1050 1562 1085 quod
1584 1050 1652 1077 nihil
1670 1057 1725 1077 non
1738 1057 1771 1077 eo

976 1095 1126 1123 mandante
1144 1094 1281 1123 facturum
1296 1095 1437 1122 videretur
1451 1103 1458 1121 :
1475 1095 1629 1122 consultius
1641 1102 1701 1121 esse
1718 1093 1770 1122 du-

977 1142 1026 1174 xit,
1043 1149 1107 1169 eum
1131 1145 1276 1176 antequam
1300 1148 1344 1168 res
1366 1148 1453 1168 novas
1477 1140 1657 1173 moliretur,e
1677 1139 1772 1166 medio

978 1189 1088 1220 tollere,
1106 1196 1142 1215 ne
1155 1195 1217 1215 sese
1234 1187 1388 1215 mutatione
1405 1187 1474 1214 facta
1489 1186 1608 1222 negotiis
1627 1190 1655 1213 ct
1671 1186 1773 1213 malesa-

977 1233 1024 1262 tiis
1042 1232 1247 1261 conﬁictantem
1264 1232 1401 1260 tarditatis
1425 1240 1481 1260 suae
1501 1231 1657 1267 paeniteret.
1679 1231 1724 1259 Sic
1738 1239 1773 1258 cx

978 1281 1094 1309 Herodis
1110 1280 1267 1316 suspicione
1283 1279 1496 1308 Machaeruntem
1523 1279 1624 1306 missus
1640 1279 1772 1310 Joannes,

978 1327 1124 1355 occiditur.
1139 1326 1225 1355 Judmi
1242 1334 1308 1354 vero
1325 1326 1480 1359 credidere,
1500 1326 1528 1352 in
1545 1324 1678 1352 ultionem
1697 1324 1773 1351 necis

978 1374 1048 1409 ejus,
1062 1373 1215 1401 exercitum
1232 1372 1359 1408 periisse,
1377 1373 1433 1400 Deo
1456 1372 1485 1399 in
1499 1371 1636 1400 Herodem
1649 1368 1775 1397 animad-

978 1423 1112 1447 vertcnte.
1136 1418 1273 1446 Carterum
1291 1418 1417 1446 Vitellius
1438 1418 1541 1445 bellum
1564 1418 1654 1444 Arelas
1679 1416 1772 1442 illatu-

979 1472 1037 1496 rus.
1053 1471 1116 1492 cum
1131 1463 1252 1492 Iudaeam
1274 1464 1444 1498 pertransire
1466 1463 1568 1491 vellet:
1587 1469 1602 1488 a
1616 1461 1773 1491 Judaeorum

979 1510 1151 1546 proceribus,
1164 1517 1198 1537 ne
1210 1517 1260 1545 per
1270 1517 1331 1537 eam
1348 1509 1410 1542 iret,
1427 1508 1501 1544 quod
1513 1508 1540 1537 in
1552 1507 1658 1535 vexillis
1673 1507 1774 1534 multas

979 1557 1094 1585 haberet
1119 1555 1264 1592 imagines,
1282 1563 1351 1591 quas
1371 1563 1421 1590 per
1441 1562 1519 1583 suam
1540 1554 1680 1590 regionem
1706 1552 1774 1579 ferri

942 1615 964 1645 ρ
979 1603 1068 1640 patria
1080 1603 1139 1638 lege
1149 1603 1227 1631 nefas
1236 1607 1320 1636 esset,
1331 1607 1471 1634 exoratus,
1484 1601 1579 1636 copias
1587 1609 1637 1636 per
1648 1607 1774 1635 magnam

981 1649 1123 1685 planitiem
1137 1649 1268 1677 traduxit.
1289 1649 1352 1684 Ipse
1369 1656 1434 1676 cum
1453 1648 1562 1676 Herode
1583 1646 1776 1683 Hierosolyma

980 1695 1115 1727 ascendit,
1131 1700 1162 1722 ut
1174 1695 1344 1722 sacriﬁcaret
1357 1694 1414 1723 Deo
1429 1704 1435 1722 :
1451 1694 1543 1729 ibique
1560 1693 1652 1721 triduo
1666 1696 1774 1724 exacto,

980 1741 1126 1771 Ionatham
1139 1741 1301 1777 pontiﬁcatu
1316 1745 1419 1775 movet,
1434 1745 1463 1768 et
1477 1740 1589 1768 fratrem
1608 1740 1666 1775 ejus
1683 1738 1777 1765 Theo-

981 1786 1089 1822 philum
1108 1786 1136 1813 in
1151 1793 1184 1813 eo
1200 1786 1327 1814 collocat.
1342 1786 1447 1819 Quarto
1468 1793 1534 1813 vero
1549 1785 1594 1812 die
1615 1783 1716 1811 litteris
1742 1782 1776 1809 de

983 1833 1062 1860 obitu
1078 1832 1183 1860 Tiberii
1199 1832 1330 1867 acceptis,
1351 1832 1455 1869 populo
1476 1830 1656 1867 jurejurando
1677 1829 1775 1858 adacto

984 1883 1014 1906 ut
1028 1878 1094 1906 Caio
1108 1877 1223 1911 faveret,
1238 1877 1390 1905 exercitum
1411 1877 1563 1907 revocavit.
1580 1876 1684 1903 Ferunt
1705 1874 1778 1904 Are-

985 1929 1040 1952 tam
1058 1931 1168 1959 quoque
1190 1923 1327 1951 consultis
1348 1923 1472 1959 auguriis
1485 1922 1597 1954 dixisse,
1619 1929 1674 1948 non
1696 1927 1776 1956 posse

984 1971 1136 1999 exercitum
1157 1970 1233 1998 illum
1249 1969 1352 1998 bellum
1369 1977 1465 2006 gerere
1480 1976 1487 1996 :
1506 1969 1584 1996 brevi
1602 1968 1676 1996 enim
1693 1967 1776 1994 mori-

985 2021 1078 2044 turum
1094 2024 1155 2044 esse
1173 2016 1282 2049 ducem,
1299 2017 1343 2045 vel
1360 2016 1408 2052 qui
1425 2015 1607 2056 jussisset.vel
1625 2013 1671 2049 qui
1684 2014 1779 2049 jussus

985 2068 1067 2096 esset,
1089 2063 1133 2090 vel
1149 2070 1213 2090 eum
1233 2067 1329 2090 contra
1346 2070 1428 2098 quem
1443 2062 1518 2097 jussa
1532 2065 1606 2092 esset
1626 2059 1781 2096 expeditio.

141 2110 207 2142 ἐκεῖ,
238 2110 368 2146 Ἰωνάθην
387 2110 436 2146 μὲν
466 2111 515 2147 τῆς
541 2111 752 2148 ἀρχιερωσύνης
791 2111 951 2146 μεθίστησι,
968 2110 1014 2137 τιν
1039 2110 1068 2137 δὲ
1098 2110 1215 2145 ἀδελφὸν
1238 2109 1323 2137 αὑτοῦ
1350 2110 1481 2145 Θεόφιλον
1517 2107 1714 2143 ἐγκαθίστησιν
1737 2106 1777 2139 εἰς

140 2156 235 2191 αὑτήν.
250 2156 288 2192 Τῇ
311 2156 428 2192 τετάρτῃ
443 2156 471 2183 δὲ
485 2157 657 2192 γραμμάτων
678 2157 753 2193 αὺτῷ
775 2157 965 2193 κομισθέντων
998 2157 1063 2191 περὶ
1102 2157 1153 2192 τῆς
1170 2156 1299 2192 Τιϐερίου
1331 2155 1473 2195 τελευτῇς,
1488 2155 1592 2191 ὥρκισε
1622 2153 1653 2181 τὸ
1673 2152 1778 2188 πλῆθος

141 2203 243 2229 εὐνοεῖν
260 2202 299 2238 τῷ
329 2199 414 2237 Γαΐῳ,
441 2204 569 2230 ἀνεκάλει
593 2204 621 2231 δὲ
640 2204 688 2231 καὶ
702 2204 732 2231 τδ
757 2205 928 2240 στράτευμα.
946 2204 1067 2239 Λέγεται
1088 2203 1117 2230 δὲ
1150 2204 1197 2230 καὶ
1229 2204 1277 2230 τὸν
1290 2203 1406 2240 ’Δρέταν
1419 2201 1714 2237 οίωνοσκοπησάμενον
1727 2199 1779 2235 φᾶ-

142 2259 184 2278 vat
210 2251 352 2286 ἀμήχανον
366 2249 436 2278 εἶναι
455 2252 494 2286 τῷ
509 2251 618 2287 στρατῷ
640 2252 806 2287 πολεμῆσαι.
830 2252 1015 2287 Τεθνήξεσθαι
1048 2251 1104 2287 γὰρ
1137 2251 1192 2278 τῶν
1227 2251 1370 2286 ἡγεμόνων
1396 2251 1413 2288 ἢ
1440 2251 1485 2277 τὸν
1511 2249 1680 2277 κελεύσαντα
1701 2249 1782 2275 πολει

144 2301 212 2331 ιιεῖν.
229 2299 246 2334 ἢ
279 2299 326 2326 τδν
341 2299 534 2334 κελευσθέντα,
548 2300 566 2335 ἢ
595 2299 656 2326 καθ’
684 2296 717 2328 ,οὗ
736 2300 766 2328 τὺ
790 2300 929 2336 κέλευσμα
949 2301 1057 2336 γέγονε.

176 2345 212 2373 Ζ¹.
231 2345 288 2373 Καὶ
310 2345 465 2379 Οὐϊτέλλιος
479 2347 529 2383 μὲν
544 2348 584 2379 εἰς
599 2347 769 2383 Ἀντιόχειαν
786 2347 931 2386 ἀνεχώρη-
947 2350 972 2383 D

143 2401 198 2424 σεν,
211 2392 371 2428 ’Δγρίππας
383 2393 412 2420 δὲ
425 2394 439 2420 ὁ
458 2393 668 2429 ’Δριστοόούλου
685 2394 742 2426 υίὸς
754 2395 800 2421 ἐπὶ
820 2394 932 2431 Ῥώμης

142 2439 236 2474 ἔτυχεν
250 2438 355 2470 ὣν,τοῦ
367 2438 495 2474 Τιϐερίου
513 2437 782 2475 Θνήσκοντος.οὗτος
798 2440 863 2476 γὰρ,
880 2440 933 2475 πρὸ

145 2485 244 2520 μικροῦ
259 2486 309 2521 τῆς
331 2484 453 2521 Ἡρώδου
466 2486 514 2513 τοῦ
532 2486 652 2522 μεγάλου
662 2487 708 2514 τοῦ
722 2488 834 2515 πάππου
849 2485 933 2517 αὑτοῦ

142 2531 271 2567 τελευτῆς
286 2532 316 2558 ὲν
331 2533 363 2568 τῇ
382 2531 478 2569 Ῥώμῃ
493 2533 673 2569 τρεφόμενος,
686 2534 806 2569 συνήθης
819 2533 934 2568 ἐγένετο

144 2577 255 2613 Δρούσῳ
269 2577 309 2613 τῷ
323 2577 450 2613 Τιϐερίου
475 2577 538 2616 υῑῴ,
552 2580 601 2606 καὶ
615 2579 748 2615 ’Δνιιωνίςι⁸
762 2582 795 2617 τῇ
811 2580 932 2616 Δρούσου

143 2624 188 2651 τοῦ
199 2625 319 2660 μεγάλου
333 2626 445 2660 γυναικὶ
464 2626 585 2659 γνωστὸς
598 2627 706 2662 γέγονε,
720 2628 869 2664 Βερενίκης
884 2628 934 2664 τῆς

144 2671 225 2697 αὐτοῦ
249 2672 352 2706 μητρὺς
376 2673 535 2709 τιμωμένης
553 2674 619 2709 παρ’
635 2674 732 2709 αὐτῆς.
753 2674 934 2709 Μεγαλοπρε-

144 2716 196 2752 πὴς
215 2717 244 2744 δὲ
261 2716 299 2744 ὣν
326 2718 495 2753 ’Δγρίππας,
517 2720 567 2747 καὶ
595 2720 743 2756 δωρεῖσθαι
770 2719 931 2756 πολυτελὴς,

144 2763 190 2797 τῆς
205 2763 311 2799 μητρὸς
327 2764 411 2791 αὑτοῦ
425 2764 571 2801 θανούσης,
589 2765 624 2792 τὰ
639 2767 689 2802 μὲν
702 2766 758 2793 τῶν
782 2768 933 2802 χρημάτων

144 2808 182 2838 εἷς
198 2808 296 2835 ἑαυτὸν
316 2809 451 2843 ἀνάλωσε,
470 2810 627 2842 πολυτελῶς
651 2811 840 2846 διαιτώμενος,
857 2815 892 2840 τὰ
903 2812 932 2839 δὲ

144 2854 181 2884 tt.-
196 2854 310 2889 δωρεὰς,
326 2856 359 2882 τὰ
386 2856 472 2891 πλείῳ
486 2856 509 2883 δ’
523 2857 563 2889 είς
577 2857 641 2889 τοὺς
662 2857 863 2893 ἀπελευθέρους
884 2858 932 2885 τοῦ
947 2875 949 2880 ν

145 2897 294 2934 Καίσαρος,
311 2900 358 2926 καὶ
371 2901 439 2938 ταχὺ
457 2901 486 2927 ὲν
503 2901 594 2937 ἐνδείᾳ
623 2900 886 2935 ivbet-meamne:
903 2901 933 2928 δὲ

147 2944 191 2971 τοῦ
206 2945 266 2972 υἱοῦ
277 2945 416 2979 Τιθερέου,
430 2947 582 2979 ἀπείρηκεν
600 2948 708 2980 ἐκεῖνος
721 2948 762 2981 είς
772 2946 834 2979 ὄψιν
849 2947 931 2975 αὐτοῦ

1019 2346 1076 2374 Vll.
1102 2346 1141 2374 Ac
1159 2345 1288 2374 Vitellius
1312 2344 1487 2375 Antiochiam
1511 2343 1634 2374 recessit.
1658 2344 1783 2380 Agrippa

983 2400 1050 2421 vero
1077 2392 1231 2420 Aristobuli
1259 2391 1342 2424 illius,
1371 2391 1507 2422 moriente
1531 2391 1654 2423 Tiberio,
1684 2391 1784 2418 Romae

983 2439 1063 2467 vixit.
1081 2439 1133 2468 Ubi
1150 2447 1213 2467 cum
1234 2439 1317 2474 paulo
1333 2442 1398 2467 ante
1418 2438 1524 2469 obitum
1553 2438 1644 2473 magni
1660 2437 1782 2465 llerodis

984 2486 1028 2514 avi
1041 2487 1083 2516 sui
1096 2486 1273 2520 educaretur,
1291 2486 1318 2514 in
1337 2485 1553 2514 familiaritatem
1570 2484 1661 2516 Drusi,
1674 2483 1778 2511 Tiberii

984 2531 1044 2565 ﬁlii,
1070 2531 1153 2569 272
1182 2536 1265 2566 atque
1290 2530 1417 2561 Antoniae
1443 2530 1526 2561 Drusi
1553 2528 1665 2565 majoris
1683 2527 1781 2558 uxoris

983 2578 1110 2606 notitiam
1126 2582 1301 2613 pervenerat,
1316 2577 1351 2605 ob
1367 2576 1501 2606 honorem
1518 2576 1614 2604 matris
1630 2582 1686 2603 sua:
1697 2573 1779 2600 Bere-

983 2625 1071 2657 nices.
1091 2624 1126 2655 Et
1136 2623 1201 2659 quia
1222 2623 1386 2659 magniﬁcus
1406 2628 1490 2658 atque
1504 2620 1782 2650 muniﬁcentissim;

984 2673 1056 2702 erat,
1072 2669 1202 2697 defuncta
1212 2673 1309 2702 matre,
1320 2669 1438 2704 pecunia
1446 2668 1542 2704 partim
1555 2666 1583 2697 in
1598 2665 1781 2699 semetipsum

985 2717 1059 2752 (nam
1088 2720 1248 2751 sumptuose
1272 2715 1393 2751 vivebat)
1418 2714 1518 2750 partim
1548 2713 1577 2742 in
1603 2712 1778 2747 donationes,

985 2762 1080 2798 majori
1091 2766 1183 2793 tamen
1193 2769 1226 2790 ex
1238 2766 1317 2798 parte
1330 2762 1358 2789 in
1367 2761 1483 2789 Caesaris
1496 2759 1612 2788 libertos
1626 2760 1777 2795 iasumpta,

983 2808 1112 2835 celeriter
1135 2807 1169 2835 ad
1189 2813 1337 2843 egestatem
1359 2810 1401 2834 est
1416 2805 1557 2834 redactus.
1586 2805 1694 2833 ivlortuo
1711 2813 1780 2832 vero

984 2854 1041 2881 ﬁlio
1056 2854 1172 2886 Tiberii,
1189 2854 1213 2882 is
1233 2853 1328 2885 edixit,
1345 2861 1380 2881 ne
1405 2853 1484 2888 pueri
1500 2852 1650 2880 familiares
1671 2852 1697 2879 in
1713 2859 1772 2879 con-

984 2905 1108 2936 spectum
1123 2908 1202 2928 suum
1224 2899 1360 2932 venirent,
1373 2906 1407 2927 ne
1423 2906 1472 2934 per
1487 2899 1561 2933 illos,
1582 2903 1711 2926 renovata
1728 2897 1778 2924 de-

982 2946 1075 2976 functi
1108 2946 1253 2980 memoria.
1295 2946 1388 2976 luctus
1427 2953 1495 2976 suus
1533 2945 1777 2980 redintegraretur.
