2001 3125
201 184 256 218 479

838 187 1005 218 JOAN'NIS
1025 189 1189 220 ZONAliiE

1784 183 1835 226 4‘0

200 243 317 277 Agrippa
339 241 421 274 igitur
443 249 506 269 eum
528 249 559 269 ea
577 241 610 269 de
633 249 726 275 causa,
742 246 799 270 tum
817 244 852 271 oh
867 244 990 279 pecunire

1053 247 1137 280 ποιτᾷν
1161 246 1224 278 τοὺς
1247 247 1373 283 συνήθεις
1391 248 1452 279 τοὺς
1465 249 1511 275 τοῦ
1543 250 1653 282 παιδὸς,
1675 250 1717 277 ἶνα
1747 250 1786 286 μὴ
1806 251 1836 278 δι’

200 289 320 322 inopiam
340 287 468 319 afﬂictus,
501 287 527 314 in
556 285 678 315 Judaearn
709 288 790 316 rediit
811 298 817 316 :
841 294 869 317 et
896 297 958 317 eum
978 298 994 317 τι

200 334 296 361 multis
310 333 498 361 creditoribus
513 341 550 362 ars
565 334 685 362 alienum
702 335 901 370 repetentibus,
916 344 995 363 num-

200 380 253 407 mis
266 381 378 407 omnino
394 380 543 408 destitutus
560 385 717 416 urgeretur,
746 382 780 409 de
797 382 924 410 manibus
941 382 993 410 sibi

202 427 251 461 ipsi
279 426 427 454 aderendis
457 422 597 462 cogitavit.
617 427 644 454 ld
670 428 729 463 ejus
752 428 898 455 consilium
925 437 994 456 uxor

201 473 309 508 Cyprus
331 473 538 505 animadvertit,
554 473 679 501 Phasaeli
701 474 767 505 ﬁlia,
790 474 907 502 llerodis
922 475 995 510 regis

201 527 237 547 ex
259 519 344 546 fratre
370 519 480 554 nepotis
505 524 579 553 nata,
608 528 641 547 ex
668 520 856 556 Salampsione
880 521 995 549 Ilcrodis

202 563 269 596 ﬁlia,
292 572 372 599 quam
394 573 427 592 ex
457 565 614 592 Mariamme
637 565 671 592 ab
696 566 765 600 ipso,
783 571 812 594 ut
841 567 996 601 expositum

201 614 253 642 est,
279 609 369 639 occisa
394 616 564 645 susceperat.
589 611 651 639 Haec
676 611 760 646 igitur
775 611 880 647 Cyprus
904 613 996 640 mariti

203 660 301 683 conatu
317 656 445 689 inhibito,
462 657 610 685 llerodiadi
624 658 724 685 llerodi
737 659 881 687 tetrarchae
893 664 994 694 nuptaa,

204 702 330 738 Agrippa:
350 704 449 736 sorori,
471 703 562 731 fratris
579 705 734 732 institutum
752 705 877 737 nuntiat,
899 710 996 740 petens

204 754 236 775 ut
251 750 372 784 adjuvet,
388 750 573 784 maritumque
588 750 622 777 ad
639 758 719 785 opem
740 750 880 778 ferendam
898 751 997 779 exhor-

206 798 289 822 tetur.
307 794 348 821 Illi
364 803 429 832 vero
447 795 472 822 ei
488 795 663 823 Tiberiadem
679 796 857 823 habitandam
876 796 997 824 tradide-

205 845 281 873 runt,
309 841 446 876 assignata
467 841 549 868 etiam
574 843 691 877 pecunia
709 842 781 869 unde
798 842 914 870 viveret.
939 843 997 870 Ali-

205 891 310 920 quanto
339 893 399 921 post
423 887 543 922 Agrippa
565 888 753 915 controversia
776 888 849 915 inter
863 888 954 924 ipsum
969 892 998 916 et

205 932 340 960 llcrodem
356 937 427 965 orta,
444 933 476 960 ad
490 933 615 961 Flaccum
628 933 712 969 Syria:
725 939 872 969 praetorem
885 935 996 970 migrat,

204 988 219 1007 a
240 988 294 1014 quo
316 980 350 1006 oh
373 979 585 1007 familiaritatem
609 980 702 1008 Romae
723 985 892 1008 contractam
908 981 997 1009 amice

204 1029 246 1051 est
271 1029 427 1059 suseeptus.
449 1024 502 1052 Sed
531 1033 580 1059 per
606 1024 699 1053 fratris
722 1026 885 1057 Aristobuli,
908 1034 923 1053 a
943 1034 998 1061 quo

204 1071 364 1102 diSsidebat,
386 1071 538 1098 calumnias
559 1071 648 1099 Flacci
675 1072 827 1100 inimicitiis
849 1074 996 1107 su5ceptis,

205 1117 271 1145 inde
283 1118 396 1152 ejectus,
410 1122 438 1145 et
453 1118 487 1145 ad
502 1123 651 1145 extremam
671 1118 791 1153 inopiam
809 1118 946 1152 redactus,
969 1120 996 1146 in

205 1163 310 1190 Italiam
328 1164 456 1198 navigare
477 1164 583 1196 statuit,
600 1172 632 1191 ac
650 1164 784 1199 Marsyam
802 1164 931 1191 libertum
948 1165 999 1191 ali-

207 1209 297 1237 cunde
313 1215 435 1237 mutuam
453 1217 563 1237 sumere
583 1210 727 1245 pecuniam
741 1209 833 1245 jussit.
849 1209 874 1237 ls
887 1210 997 1238 Petrum

206 1255 353 1282 Berenices
382 1254 510 1289 Aprippte
535 1256 629 1282 matris
654 1255 784 1282 libertum
811 1255 878 1287 adit,
906 1263 921 1282 a
942 1263 997 1291 quo

209 1301 328 1336 Agrippa
347 1301 500 1337 syngrapha
515 1301 576 1328 data
591 1301 625 1329 de
650 1309 684 1327 xx
703 1301 823 1328 millibus
845 1301 995 1329 Atticarum

207 1345 413 1375 drachmarum.
434 1345 477 1372 bis
492 1345 566 1372 mille
583 1350 610 1372 et
631 1354 646 1372 ι)
661 1345 752 1372 minus
770 1346 901 1380 acceptis,
923 1346 998 1373 navi-

208 1395 331 1426 gaturus,
346 1392 380 1419 ab
393 1391 529 1419 Herennio
544 1391 676 1426 Capitone
688 1391 808 1418 Jamncac
818 1397 997 1427 procuratore

208 1437 450 1473 manerejubctur,
461 1438 524 1465 dum
538 1446 585 1466 ccc
599 1438 685 1465 millia
701 1439 818 1473 argenti,
829 1438 997 1473 quteCmsari

207 1483 333 1516 deberet,
347 1484 474 1511 solveret.
489 1484 536 1511 Ille
550 1492 578 1511 se
590 1483 841 1519 obtemperaturum
853 1484 997 1516 simulans,

207 1534 290 1557 noctu
306 1530 403 1557 solvit:
418 1534 447 1558 et
462 1530 653 1558 Alexandriam
667 1530 816 1565 profectus,
832 1530 866 1557 ah
877 1530 999 1558 Alexan-

208 1577 258 1603 dro
273 1576 428 1605 Alaliarclto
439 1584 469 1604 cc
483 1577 567 1603 millia
587 1581 684 1603 mutuo
697 1577 775 1611 petit.
791 1576 843 1609 Qui
856 1576 901 1603 illo
914 1584 996 1611 repu-

208 1621 294 1653 diato,
313 1629 371 1649 eam
395 1622 541 1657 pecuniam
557 1621 647 1657 Cypro
669 1622 728 1657 ejus
751 1622 829 1649 uxori
855 1630 917 1650 cum
941 1629 1005 1657 pro-

209 1672 272 1702 pler
298 1668 468 1704 conjugalem
494 1676 626 1702 amorem,
653 1674 710 1696 tum
731 1668 766 1696 ob
794 1669 874 1704 273
890 1673 1004 1697 caeteras

210 1713 270 1749 ejus
286 1714 403 1741 virtutes
417 1714 502 1742 dedit.
516 1714 573 1748 Qua
585 1719 708 1750 accepta,
722 1716 841 1751 Agrippa
856 1716 883 1743 in
899 1716 1005 1743 Italiam

208 1757 359 1792 profectus,
387 1758 476 1794 Cypro
504 1767 566 1786 cum
598 1760 656 1788 suis
696 1760 793 1788 liberis
823 1761 850 1788 in
881 1761 1005 1789 Judazam

210 1807 367 1836 reversa/:1
385 1804 492 1833 Caesare
517 1806 675 1834 humaniter
690 1808 835 1842 excipitur.
852 1808 905 1836 Sed
926 1809 1007 1844 Capi-

211 1850 283 1877 tonis
310 1849 440 1878 Hercnnii
460 1851 564 1879 litteris
586 1852 675 1880 allatis
703 1857 733 1880 ut
759 1853 851 1889 fugam
877 1855 1018 1890 cepissem.

211 1903 274 1922 cuin
300 1904 347 1923 ccc
377 1896 463 1924 millia
493 1897 556 1924 teris
588 1898 670 1925 alieni
695 1899 729 1926 ab
754 1907 788 1927 co
812 1906 1004 1935 poscerentur,

210 1941 302 1968 Caesar
319 1940 415 1974 iratus,
443 1950 498 1969 non
514 1942 591 1977 prius
606 1943 632 1970 ei
654 1942 759 1970 aditum
781 1944 814 1971 ad
832 1952 861 1972 se
883 1945 1005 1979 permitti

211 1987 303 2022 jussit,
316 1995 398 2021 quam
410 1995 470 2014 eam
482 1988 627 2022 pecuniam
641 1993 822 2016 numerasset.
838 1989 895 2022 Qua
909 1995 1005 2017 mutuo

212 2038 321 2067 sumpta
336 2037 364 2060 et
380 2033 526 2066 dissoluta,
542 2042 638 2062 rursus
656 2033 760 2062 Tiberii
770 2035 859 2062 aulam
876 2035 1006 2070 frequent-

212 2078 292 2106 tavit.
304 2078 358 2106 Sed
376 2087 391 2106 a
408 2079 516 2107 Cmsare
527 2087 556 2107 se
572 2080 606 2107 ad
626 2087 706 2107 suum
726 2085 854 2115 nepotem
868 2081 1004 2114 conferre,

211 2132 331 2160 cumque
360 2126 450 2153 colere
477 2126 580 2161 jussus,
606 2128 693 2162 magis
720 2134 785 2162 erga
813 2127 908 2154 Caium
940 2136 1005 2163 pro—

212 2179 314 2205 pensus
349 2172 412 2205 fuit,
448 2172 576 2200 Antonia:
613 2177 753 2207 nepotem,
782 2173 939 2201 Germanici
977 2179 1006 2202 et

212 2216 331 2248 Claudii,
352 2218 399 2252 qui
422 2222 481 2252 post
493 2218 587 2245 Caium
605 2218 760 2253 imperavit,
777 2219 873 2246 matris
889 2228 895 2246 :
913 2224 941 2247 et
956 2220 1005 2247 ob-

213 2263 350 2290 servantia
375 2271 423 2290 sua
437 2263 495 2290 Caii
514 2272 578 2299 erga
599 2272 627 2291 se
647 2272 768 2292 amorem
785 2265 913 2293 emeruit.
936 2265 1004 2293 Cutn

213 2312 307 2334 autem
323 2308 470 2343 aliquando
487 2310 558 2337 inter
574 2310 764 2344 prodeundum
781 2311 885 2338 Tiberii
901 2312 1004 2340 mentio
1022 2299 1042 2326 ι)

214 2352 369 2385 incidisset,
397 2358 480 2389 atque
502 2354 623 2390 Agrippa
650 2356 706 2383 Deo
731 2357 857 2384 invocato
872 2362 1003 2392 optasset,

214 2405 245 2426 ut
265 2399 393 2428 Tiberius
412 2400 478 2428 Caio
490 2409 571 2436 quam
596 2402 714 2436 primum
731 2402 847 2437 imperio
870 2404 1004 2432 cederet:

214 2446 356 2481 Eutychus
396 2447 522 2479 libertus,
553 2448 587 2476 iis
623 2449 746 2484 Agrippa:
775 2449 866 2476 verbis
894 2449 1005 2482 auditis,

214 2493 349 2521 (lzcsarcm
372 2494 452 2527 adiit,
471 2499 500 2521 ut
527 2494 706 2523 nuntiaturus
732 2495 836 2530 aliquid
866 2496 941 2531 quod
970 2496 1005 2523 ad

215 2539 331 2566 salutem
346 2540 407 2574 ejus
425 2539 587 2575 pertineret.
605 2540 652 2568 llle
665 2549 728 2568 vero
746 2546 777 2568 ut
794 2542 886 2569 lentus
901 2546 961 2569 erat
978 2541 1007 2569 in

217 2584 300 2611 rebus
318 2586 458 2618 omnibus,
475 2593 523 2613 eos
542 2586 624 2613 etiam
642 2586 823 2621 despiciebat.
839 2587 886 2622 qui
905 2586 1007 2621 aliquid

217 2630 290 2664 quod
320 2631 405 2665 ipsius
430 2632 585 2662 interesset,
611 2632 795 2660 nuntiabant:
812 2640 904 2667 neque
924 2632 1009 2670 etiam

218 2678 315 2713 legatis
335 2680 461 2707 celeriter
480 2679 674 2714 respondebat,
692 2688 726 2706 ne
740 2679 781 2706 eis
798 2679 853 2707 cito
869 2679 1009 2714 digressis,

220 2724 265 2750 alii
293 2724 345 2751 sibi
369 2726 508 2760 negotium
532 2725 708 2752 facesserent.
736 2725 828 2757 Neque
852 2724 968 2752 ducibus
983 2729 1011 2752 et

222 2771 447 2804 procuratoribus
472 2780 485 2798 a
502 2779 531 2799 sc
555 2771 645 2798 missis
659 2777 833 2799 successores
848 2771 941 2803 dabat,
957 2770 1009 2797 nisi

1048 291 1139 319 αὐτῶν
1155 293 1195 323 εἰς
1211 292 1364 328 ἀνάμνησιν
1378 294 1485 321 ἐκείνου
1502 295 1560 327 ἰὼν,
1582 297 1621 327 είς
1637 296 1726 332 λύπην
1743 298 1836 332 ἀνερε-

1046 336 1167 372 θίζηται.
1179 338 1229 364 Διά
1245 347 1274 365 τε
1301 340 1366 373 γοῦν
1382 341 1472 371 τοῦτο,
1485 343 1532 367 καὶ
1545 342 1586 368 ὅτι
1604 343 1754 378 χρημάτων
1770 344 1838 379 ἡπό-

1049 391 1144 418 ρησεν,
1157 384 1196 414 εἰς
1211 385 1343 411 Ἰουδαίαν
1365 387 1553 422 κακοπραγῶν
1583 389 1746 423 ἐπανῆλθεν.
1759 390 1838 417 Ἀπο-

1046 428 1122 454 τίσαι
1136 428 1164 454 δὲ
1177 429 1225 454 καὶ
1237 430 1294 461 τοῖς
1309 430 1464 463 δανεισταῖς
1476 433 1526 463 τὰς
1535 432 1646 466 ὀφειλάς
1664 433 1839 469 βιαζόμενος,

1049 473 1158 505 πολλοῖς
1173 472 1246 507 οὖσι,
1259 475 1305 501 καὶ
1322 476 1359 510 μὴ
1371 475 1451 511 ἔχων,
1463 478 1502 508 εἰς
1531 477 1636 505 ἔννοιαν
1662 477 1746 515 ἦλθεν
1759 480 1839 507 αὺτο-

1051 526 1081 553 χε
1087 518 1170 554 ιρίας.
1180 520 1287 555 Συνῆκε
1303 520 1332 547 δὲ
1342 522 1372 547 τὸ
1383 522 1503 557 ἐννόημα
1513 524 1529 558 ἡ
1538 524 1608 559 γυνὴ
1621 524 1705 551 αὐτοῦ
1716 525 1838 560 Κύπρος,

1050 565 1067 600 ἢ
1084 565 1209 601 θυγάτηρ
1223 564 1256 601 ἦν
1273 568 1427 603 Φασαήλου,
1441 569 1488 596 τοῦ
1512 570 1711 604 ἀδελφόπαιδος
1731 573 1779 599 τοῦ
1793 573 1841 608 βα-

1049 610 1146 642 σιλέως
1158 611 1288 646 Ἡρώδου,
1300 614 1332 640 ἑκ
1342 614 1518 649 Σαλαμψιοῦς
1526 616 1601 651 αὐτῷ
1609 617 1783 652 γεννηθεῖσα,
1793 618 1842 652 τῆς

1056 655 1177 692 Ἡρώδου
1209 657 1355 693 θυγατρὸς,
1379 659 1412 694 ἢν
1432 660 1511 694 ἔσχεν
1538 661 1570 688 ἐκ
1596 662 1713 697 Μαριὰμ
1728 664 1779 698 τῆς
1796 664 1842 690 ὑπ’

1051 701 1158 729 ἐκείνου
1184 702 1373 738 ἀνῃρημένης,
1392 703 1430 735 ὡς
1461 703 1628 739 δεδιήγηται.
1648 706 1722 740 Αὕτη
1740 706 1807 740 γοῦν
1826 708 1842 741 ἡ

1052 746 1165 781 Κύπρος
1172 747 1239 783 (66),
1251 748 1414 775 συνοικοῦσα
1422 749 1460 784 τῷ
1469 749 1623 786 Ἀγρίππα,
1635 751 1682 778 καὶ
1690 752 1843 787 αἰσθομένη

1052 791 1083 824 τὸ
1100 791 1250 827 βούλευμα,
1276 794 1393 828 ἀπεῖργε
1424 793 1520 821 τοῦτον
1546 795 1843 832 αὐτοῦ.Διαπέμπεται

1050 838 1079 865 δὲ
1107 839 1175 875 πρὸς
1197 839 1348 874 Ἡρωδιάδα
1372 839 1423 874 τὴν
1449 840 1488 875 τῷ
1505 841 1644 877 τετράρχῃ
1661 843 1841 870 συνοικοῦσιν

1059 884 1177 922 Ἡρώδῃ,
1201 885 1344 921 ’Δγρίππᾳ
1365 887 1554 921 τυγχάνουσαν
1572 887 1703 923 ἀδελφὴν,
1723 889 1844 924 δηλοῦσα

1012 922 1036 952 Β
1050 929 1100 966 τὴν
1130 930 1235 959 ἔννοιαν
1258 931 1305 958 τοῦ
1327 932 1476 966 συγγόνου,
1509 934 1557 960 καὶ
1584 934 1693 969 βοηθεῖν
1713 936 1841 968 ἀξιοῦσα.

1054 977 1101 1003 καὶ
1119 976 1163 1003 τδν
1171 977 1272 1004 οἰκεῖον
1287 977 1373 1013 ἄνδρα
1389 978 1457 1013 πρὸς
1484 980 1646 1014 ἐπικουρίαν
1664 981 1844 1015 παρακαλεῖν.

1054 1024 1086 1050 Οἱ
1102 1023 1131 1050 δὲ
1156 1024 1421 1059 μετεπέμψαντό,τε
1437 1025 1531 1056 αὑτὸν,
1548 1027 1594 1052 καὶ
1608 1028 1769 1062 οἰκητήριον
1794 1028 1845 1063 τὴν

1055 1070 1204 1104 Τιϐεριάδα
1230 1070 1374 1103 δεδώκασι,
1388 1070 1434 1097 καί
1447 1080 1473 1097 τι
1490 1073 1535 1098 καὶ
1552 1072 1684 1107 ἀργύριον
1703 1073 1845 1107 ἀπέταξαν

1054 1116 1128 1151 αὐτῷ
1142 1117 1182 1147 εἰς
1198 1116 1246 1150 τὴν
1264 1116 1382 1144 δίαιταν,
1396 1116 1475 1143 Μετά
1488 1118 1584 1153 καιρὸν
1603 1118 1631 1144 δὲ
1648 1118 1783 1153 διαφορᾶς
1798 1129 1845 1153 γε-

1054 1162 1170 1197 νομένης
1201 1163 1309 1197 Ἡρώδῃ
1326 1172 1355 1189 τε
1372 1163 1419 1189 καὶ
1442 1163 1594 1199 Ἀγρίππᾳ,
1623 1164 1693 1200 πρὸς
1721 1166 1846 1192 Φλάκκον

1054 1208 1153 1244 Συρίας
1166 1208 1317 1244 ἡγούμενον
1332 1210 1346 1235 ὁ
1364 1209 1522 1243 Ἀγρίππας
1547 1210 1723 1245 μεθίσταται,
1749 1212 1847 1246 φιλίως

1054 1256 1087 1281 ὲκ
1108 1254 1219 1289 Ῥώμης
1235 1255 1304 1290 πρὸς
1332 1255 1414 1281 αὐτὸν
1428 1255 1613 1290 διακείμενον,
1629 1257 1709 1283 κάκεῖ
1725 1258 1847 1293 διέτριϐε

1051 1300 1199 1335 δεξαμένου
1226 1301 1273 1327 τοῦ
1296 1300 1431 1328 Φλάκκου.
1453 1302 1499 1328 ’Ὡν
1513 1301 1541 1327 δὲ
1558 1302 1615 1328 ἐκεῖ
1630 1302 1677 1329 καὶ
1691 1303 1705 1328 ὁ
1730 1303 1847 1337 ’Δγρίπι

1053 1356 1105 1374 που
1134 1346 1247 1381 ἀδελφὸς
1276 1346 1493 1382 Ἀριστόϐουλος,
1523 1347 1726 1383 διαφερόμενός,
1750 1357 1780 1375 τε
1809 1348 1848 1383 τῷ

1054 1392 1161 1428 ἀδελφῷ
1175 1392 1313 1424 διαϐολαῖς
1324 1393 1406 1420 αὑτὸν
1421 1393 1489 1428 πρὸς
1501 1393 1625 1420 Φλάκκον
1641 1394 1846 1430 ἐξεπολέμωσε,

1052 1439 1100 1465 καὶ
1115 1438 1257 1470 ἐξωθεῖται
1271 1438 1377 1466 ἐκεῖθεν
1393 1439 1558 1474 Ἀγρίππας.
1577 1439 1606 1466 ’0
1624 1439 1662 1472 δὲ,
1678 1440 1717 1471 εἰς
1730 1440 1848 1475 ἐσχάτην

1053 1486 1185 1520 περιστὰς
1196 1485 1326 1520 ἀπορίαν,
1338 1486 1378 1516 εἰς
1393 1485 1511 1512 Ἰταλίαν
1522 1485 1635 1512 ἐκπλεῖν
1647 1485 1784 1519 ἐϐούλετο,
1799 1487 1849 1513 καὶ

1051 1530 1129 1564 ἠξίου
1147 1529 1283 1565 Μαρσύαν
1298 1529 1382 1557 αὐτοῦ
1406 1529 1590 1565 ἀπελεύθερον
1611 1530 1743 1566 χρήματά
1758 1532 1784 1557 οῖ
1799 1540 1849 1558 πο-

1055 1575 1127 1610 ρίσαι
1142 1576 1223 1602 ποθὲν
1236 1575 1442 1611 δανεισάμενον.
1467 1576 1586 1608 Ἐκεῖνος
1601 1576 1629 1602 δὲ
1643 1576 1739 1612 Πέτρῳ
1760 1577 1849 1612 πρόση

1054 1630 1123 1648 εισιν
1137 1622 1312 1657 ἀπελευθέρῳ
1334 1622 1483 1657 Βερενίκης
1498 1622 1547 1657 τῆς
1561 1622 1715 1657 Ἀγρίππου
1730 1624 1847 1657 μητρὸς,

1054 1667 1101 1694 καὶ
1117 1668 1131 1694 ὁ
1146 1667 1251 1703 Πέτρος
1279 1668 1447 1703 συμϐόλαιον
1474 1667 1551 1702 ἔλεγε
1574 1668 1761 1703 ποιητάμενον
1790 1669 1848 1696 δύω

1056 1712 1196 1747 μυριάδων
1208 1712 1337 1739 ’Λτθίδων
1352 1713 1445 1740 λαϐεῖν
1473 1713 1524 1745 τὰς
1549 1714 1694 1749 μυριάδας,
1710 1723 1849 1741 πεντακο-

1055 1757 1126 1789 σίαις
1143 1758 1190 1784 καὶ¹
1204 1758 1350 1794 δισχιλίαις
1363 1758 1578 1793 ὲλασσουμένας.
1591 1760 1645 1786 Καὶ
1659 1760 1673 1786 ὁ
1689 1760 1848 1795 ’Δγρίπτ-Αις

1056 1805 1191 1838 συνέθετο,
1203 1805 1250 1831 καὶ
1266 1804 1356 1831 λαϐὼν
1372 1805 1402 1831 τὸ
1423 1805 1556 1841 δάνεισμα
1567 1805 1701 1832 ἀποπλεῖν
1719 1805 1847 1840 ἔμελλεν.

1061 1850 1199 1887 Ἐρῤένιος
1214 1850 1243 1877 δὲ
1268 1850 1412 1883 Καπίτων,
1431 1851 1569 1885 Ἰαμνείας
1593 1851 1752 1887 ἐπίτροπος,
1767 1852 1848 1887 τριά-

1055 1905 1140 1923 κοντα
1159 1896 1295 1932 μυριάδας
1309 1896 1443 1932 ἀργυρίου
1472 1897 1651 1933 ὀφειλομένας
1668 1897 1706 1932 τῷ
1721 1897 1848 1933 Καίσαρι

1055 1942 1192 1978 ἔπραττεν
1208 1943 1252 1969 ἐπ’
1269 1943 1364 1976 αὐτοῦ,
1379 1943 1426 1970 καὶ
1438 1943 1481 1969 διὰ
1495 1943 1576 1970 τοῦτο
1598 1944 1690 1978 μένειν
1708 1943 1836 1970 ἐκέλευεν

1054 1990 1212 2025 Ἀγρίππας
1227 1989 1266 2022 δὲ,
1282 1989 1540 2025 προσποιησάμενος
1568 1989 1721 2022 πείθεσθαι,
1749 1991 1847 2023 tamne;

1055 2034 1150 2070 ᾤχετο.
1166 2034 1221 2061 Καὶ
1241 2034 1434 2066 καταπλεύσας
1453 2035 1494 2067 είς
1526 2034 1746 2069 Ἀλεξάνδρειαν,
1762 2035 1846 2061 Ἀλε-

1055 2079 1168 2115 ξάνδρου
1181 2080 1267 2105 δεῖται
1277 2078 1324 2105 τοῦ
1346 2079 1529 2114 ’Λλαϐάρχοιη
1545 2079 1679 2114 μυριάδας
1694 2078 1781 2105 εἴκοσι
1801 2079 1850 2106 δά-

1055 2134 1126 2153 νειον
1143 2126 1217 2161 αὐτῷ
1231 2125 1393 2160 παρασχεῖν.
1403 2126 1432 2151 '0
1449 2125 1472 2152 δ’
1485 2125 1582 2160 ἐκείνῳ
1597 2124 1648 2160 μὲν
1661 2125 1711 2150 οὐκ
1722 2124 1767 2158 ἂν,
1782 2125 1847 2159 ἔφη,

1056 2172 1223 2207 παρασχεῖν,
1252 2170 1359 2205 Κύπρῳ
1375 2170 1403 2196 δὲ
1427 2171 1461 2205 τῇ
1489 2170 1571 2197 αὑτοῦ
1593 2170 1703 2204 γυναικὶ
1731 2171 1849 2205 παρεῖχε

1055 2217 1098 2243 διά
1115 2225 1144 2243 τε
1160 2216 1209 2252 τὴν
1221 2215 1381 2250 φιλανδρίαν
1392 2215 1477 2251 αὐτῆς
1506 2215 1552 2242 καὶ
1561 2214 1610 2249 τὴν
1622 2215 1720 2250 λοιπὴν
1733 2215 1848 2250 ἀρετήν.

1056 2263 1214 2298 Δεξαμένης
1229 2263 1258 2289 δὲ
1277 2262 1307 2289 τδ
1322 2262 1427 2288 δάνειον
1454 2261 1574 2296 ἐκείνης,
1589 2262 1603 2288 ὁ
1622 2260 1672 2296 μὲν
1694 2261 1849 2297 Ἀγρίππας

1057 2310 1097 2341 είς
1118 2308 1232 2335 Ἰταλίαν
1245 2307 1413 2340 ἀπέπλευσε,
1425 2306 1538 2342 Κύπρος
1551 2307 1580 2333 δὲ
1594 2307 1663 2342 μετά
1678 2307 1733 2334 τῶν
1744 2307 1850 2334 τέκνων

1055 2356 1095 2387 εἰς
1117 2354 1246 2382 Ἰουδαίαν
1263 2354 1404 2387 ἀνέζευξε.
1418 2354 1472 2380 Καὶ
1494 2354 1614 2389 Καίσαρι
1628 2354 1747 2389 Τιϐερίῳ
1760 2362 1849 2388 προσ-

1057 2402 1155 2435 ελθὼν,
1182 2401 1384 2436 φιλανθρώπως
1401 2399 1509 2435 ἐδέχθη.
1520 2400 1635 2435 Γραφῆς
1649 2400 1677 2426 δὲ
1691 2399 1740 2427 τοῦ
1762 2400 1850 2427 Καπί-

1058 2457 1143 2480 τωνος
1164 2448 1304 2483 Ἐρρενίου
1329 2446 1511 2482 κομισθείσης
1523 2446 1562 2482 τῷ
1578 2447 1712 2482 Καίσαρι,
1725 2446 1763 2478 ὡς
1779 2447 1850 2473 ἀ-πέ-

1058 2495 1109 2530 δρα
1138 2494 1293 2529 Ἀγρίππας
1320 2493 1473 2527 τριάκοντα
1505 2493 1639 2528 μυριάδας
1662 2493 1850 2528 πραττόμενος

1058 2540 1175 2571 δάνειον,
1190 2538 1314 2574 ὠργίσθη
1328 2546 1334 2553 ·
1348 2539 1397 2565 καὶ
1414 2538 1451 2573 μὴ
1476 2538 1678 2573 συγχωρεῖσθαι
1704 2538 1780 2573 αὐτῷ
1802 2539 1850 2573 τὴν

1060 2586 1130 2621 πρὸς
1144 2584 1226 2611 αὺτὸν
1241 2584 1386 2611 ἐκέλευσεν
1403 2583 1517 2615 εἴσοδον,
1531 2583 1595 2619 ἄχρι
1611 2583 1642 2619 δὴ
1654 2584 1684 2610 ἰδ
1698 2584 1779 2619 χρέος
1799 2593 1850 2610 κα-

1063 2630 1187 2657 ταϐαλεῖ.
1206 2630 1236 2656 Ὁ
1249 2629 1287 2661 δὲ,
1305 2627 1514 2662 δανεισάμενος,
1528 2628 1643 2654 ἀπέδοτο
1657 2627 1687 2653 et
1702 2627 1850 2662 ὀφείλημα,

1064 2678 1112 2704 καὶ
1135 2674 1213 2707 αὖθις
1230 2675 1314 2710 εἰσῄει
1328 2673 1396 2708 πρὸς
1422 2673 1468 2699 τὸν
1490 2673 1628 2708 Τιϐέριον.
1643 2673 1698 2700 Καὶ
1714 2674 1728 2699 ὁ
1742 2674 1850 2707 Καῖσαρ

1064 2722 1192 2749 ἐκέλευεν
1205 2721 1286 2747 αὑτὸν
1303 2719 1341 2754 τῷ
1357 2718 1446 2753 υἱωνῴ
1460 2719 1543 2745 αὐτοῦ
1559 2719 1794 2754 παρατυγχάνειν,
1806 2719 1849 2745 καὶ

1065 2770 1227 2805 θεραπεύειν
1243 2769 1333 2797 αὐτόν.
1353 2766 1510 2802 Ἀγρίππας
1524 2768 1552 2795 δὲ
1566 2768 1633 2803 πρὸς
1653 2768 1733 2795 Γάϊον
1750 2767 1849 2803 μᾶλλον

817 2850 918 2881 Variae
933 2849 1087 2880 lectiones
1104 2853 1134 2880 et
1153 2853 1246 2880 noue.

264 2914 320 2949 (66)
337 2915 417 2950 Αὐτὴ
444 2915 517 2950 γοῦν
550 2916 566 2950 ἡ
593 2917 718 2951 Κύπρις.
746 2917 811 2946 Vide
839 2917 1001 2946 observata

1054 2915 1175 2951 caligero
1186 2915 1220 2943 ad
1235 2914 1395 2949 Eusebium,
1411 2922 1438 2951 p.
1459 2914 1520 2949 162,
1535 2918 1564 2941 ιι·
1580 2912 1648 2941 edit.
