4002 6250
396 301 505 366 487

1663 297 1993 360 JOANNIS
2021 295 2344 358 ZONAR.’E

3539 294 3651 358 483

389 420 598 475 δίκαιον
650 419 696 472 δ’
727 417 912 486 ἔλεγεν
959 411 1120 480 εἶναι,
1183 414 1283 484 τῆς
1334 412 1678 486 εὐδαιμονίας
1727 414 1807 482 τῷ
1876 413 2032 484 ἀνδρὶ
2073 415 2488 484 κοινωνήσασαν
2543 413 2934 482 ἐγκαταλιπεῖν
2979 411 3074 466 ἐπὶ
3117 414 3238 476 ταῖς
3286 412 3656 483 δυσπραγίαις

389 515 576 568 αὐτόν.
623 513 682 565 ’0
714 512 898 582 μέντοι
921 511 1082 572 Γάϊος
1110 508 1200 561 τὸν
1230 508 1328 578 μὲν
1353 509 1566 579 πρῶτον
1600 509 1845 561 ἐνιαυτὸν
1898 507 1994 560 καὶ
2029 507 2120 561 τὸν
2174 506 2261 575 ἐφ’
2333 506 2463 576 ἑξῆς
2516 507 2884 579 μετριώτερον
2920 508 3118 578 ἐχρῆτο
3161 508 3276 571 τοῖς
3333 507 3650 580 πράγμασι’

391 605 601 677 προῖὼν
647 605 702 657 δὲ
735 601 1040 666 ἐξεθείαζεν
1072 600 1288 664 ἑαυτὸν,
1330 601 1423 654 καὶ
1459 598 1651 660 θεοῦν,
1687 596 1990 667 ἐπεχείρει.
2035 595 2147 649 Καὶ
2193 595 2260 666 δὴ
2314 597 2557 660 στάσεως
2629 597 2924 665 γεγονυίας
2984 599 3098 661 τοῖς
3161 599 3220 651 ὲν
3268 597 3655 670 Ἀλεξανδρείᾳ

403 700 678 761 Ἰουδαίοις
708 698 800 750 καὶ
840 695 1087 764 Ἕλλησι,
1127 696 1280 765 τρεῖς
1321 695 1416 763 ἀφ’
1442 693 1707 764 ἑκατέρου
1761 691 1960 762 μέρους
1996 691 2255 760 παρῆσαν
2287 691 2424 761 πρὸς
2456 691 2618 745 Γάϊον
2653 691 3014 759 πρεσϐευταί.

460 793 532 847 Χ.
564 791 703 861 Apio
745 806 878 846 vero
912 789 1414 844 Alexandrinorum
1468 790 1775 860 legatorum
1820 800 1954 842 unus

2064 823 2070 828 -
2136 784 2191 841 l'.
2242 786 2447 840 Ἀπίων
2492 785 2605 857 (70)
2641 787 2697 840 δὲ
2744 788 2855 842 τῶν
2919 788 3319 862 Ἀλεξανδρέων
3366 793 3653 864 πρεσϐἐων

389 902 514 940 cum
545 885 650 938 alia
678 883 882 938 Judaeis
905 883 1128 954 ohjecit,
1162 892 1277 937 tum
1308 883 1462 948 illud,
1493 898 1618 937 cum
1641 895 1834 936 omnes
1861 881 1972 935 Ro-

379 991 566 1030 mamn
603 974 904 1044 provinciae
925 971 1057 1028 Caio
1099 973 1304 1043 templa
1332 980 1387 1028 et
1421 987 1546 1028 aras
1567 971 1864 1034 aediﬁcent,
1892 969 1970 1025 di-

387 1065 653 1133 vinosque
679 1063 917 1118 honores
945 1063 1275 1129 decernant,
1323 1078 1421 1118 eos
1452 1063 1600 1118 solos
1627 1060 1962 1134 ignominio-

389 1173 510 1211 sum
543 1155 768 1220 ducere,
799 1171 925 1210 eum
951 1156 1149 1211 statuis
1172 1155 1469 1222 honorare,
1493 1172 1557 1212 ac
1589 1171 1689 1227 per
1719 1156 1838 1226 ejus
1864 1168 1969 1210 no-

387 1264 514 1302 men
565 1248 800 1319 jurare..
833 1247 1118 1303 Philonem
1159 1263 1291 1303 vero
1359 1247 1603 1303 Judaica:
1676 1244 1968 1318 legationis

387 1343 719 1413 principem,
744 1343 922 1396 virum
952 1341 1245 1406 illustrem,
1273 1350 1330 1396 et
1351 1341 1712 1410 philosophia:
1735 1355 1847 1396 non
1868 1354 1966 1394 ex-

387 1445 626 1504 pertem,
675 1435 969 1504 populares
993 1449 1124 1489 suos
1153 1433 1449 1489 defendere
1495 1441 1772 1503 paratum,
1802 1431 1968 1488 Caius

371 1529 555 1582 --verba
597 1527 781 1583 facere
808 1543 916 1581 non
948 1543 1159 1599 passus.
1195 1543 1226 1582 e
1260 1528 1444 1582 medio
1469 1527 1736 1582 excedere
1761 1526 1964 1596 jussit:

376 1635 451 1674 .ac
484 1619 620 1674 satis
647 1635 758 1689 prae
784 1635 842 1675 se
869 1620 1018 1683 tulit.
1043 1636 1102 1674 se
1126 1619 1337 1675 cladem
1391 1619 1598 1674 ludatis
1649 1619 1960 1674 illaturum.

368 1710 457 1764 .At
488 1710 643 1764 Philo
674 1711 1073 1767 contumeliose
1122 1711 1367 1777 habitus,
1415 1710 1636 1766 Judaeos
1673 1711 1770 1780 qui
1825 1707 1963 1764 foris

375 1800 664 1863 .astabant,
693 1800 865 1856 .bonis
888 1800 1089 1855 animis
1118 1800 1437 1872 cssejussit.
1467 1799 1661 1855 Caium
1678 1798 1825 1855 enim
1850 1814 1962 1855 non

387 1894 542 1963 ipsis,
565 1893 663 1948 sed
697 1894 801 1964 ipsi
824 1895 936 1949 Deo
958 1895 1275 1950 insultasse.
1298 1896 1500 1951 Verum
1525 1894 1831 1964 Imperator
1850 1909 1963 1950 non

377 1985 675 2041 ferendum
709 1995 882 2050 ratus,
919 1987 963 2042 si
997 2003 1026 2042 a
1056 1987 1260 2043 Judmis
1293 2003 1394 2058 pro
1431 1987 1536 2043 deo
1585 2003 1696 2043 non
1747 1989 1962 2044 colere-

378 2085 502 2145 .tur,
531 2079 853 2133 Petronium
877 2080 1096 2134 Vitellio
1136 2096 1513 2136 successorem
1533 2080 1719 2145 mittit,
1751 2089 1808 2136 et
1833 2095 1959 2135 cum

385 2184 585 2238 magna
621 2183 788 2222 manu
823 2171 877 2223 in
909 2169 1152 2224 Judmam
1179 2170 1513 2240 profectum,
1574 2186 1727 2226 suam
1762 2171 1960 2242 imagi-

361 2278 511 2318 nem
546 2263 602 2316 in
628 2262 832 2332 templo
867 2263 962 2316 Dei
993 2262 1266 2318 collocare
1292 2263 1468 2333 jubet.
1502 2262 1662 2328 Quod
1697 2264 1744 2319 si
1773 2265 1962 2320 volen-

383 2367 468 2410 tes
495 2354 802 2409 concedere
827 2355 1026 2418 nolint,
1054 2362 1114 2409 ut
1146 2356 1374 2423 pervim
1401 2363 1456 2410 et
1485 2355 1655 2411 armis
1685 2355 1740 2410 id
1776 2356 1960 2414 faciat.

382 2444 682 2501 Petronius
712 2443 882 2515 Syria:
904 2454 1143 2514 prtctura
1183 2455 1457 2514 suscepta,
1492 2446 1843 2515 imperatoris
1866 2461 1963 2501 ex-

383 2535 542 2605 sequi
565 2537 713 2605 jussa
750 2534 1104 2604 properabat.
1136 2534 1242 2589 Sed
1271 2551 1395 2589 eum
1441 2534 1835 2590 Ptolemaidem
1867 2550 1962 2592 vc-

382 2629 580 2695 nisset,
605 2628 924 2684 Iudaeorum
959 2627 1131 2681 multa
1155 2626 1323 2681 millia
1347 2642 1471 2681 eum
1502 2626 1779 2692 adierunt,
1798 2644 1960 2682 oran-

385 2721 522 2776 tium
556 2736 624 2775 ne
658 2720 726 2774 ad
775 2721 948 2790 patria
991 2719 1241 2774 instituta
1288 2719 1546 2774 violanda
1605 2730 1954 2790 cogerentur,

363 2812 482 2880 ,Sin
517 2813 684 2868 nullis
708 2811 971 2881 precibus
1007 2821 1348 2878 moveretur,
1385 2822 1445 2867 ut
1473 2828 1531 2869 se
1579 2813 1735 2883 prius
1779 2815 1956 2869 inter-

381 2905 566 2969 fectis,
600 2905 676 2960 ita
715 2905 936 2960 demum
999 2915 1235 2960 statuam
1294 2905 1609 2960 collocaret.
1667 2907 1959 2961 Petronius

381 2997 687 3066 respondit,
733 2996 778 3051 si
809 3008 998 3066 suapte
1035 2997 1332 3050 autoritate
1361 2997 1450 3051 illa
1479 3005 1686 3067 ageret,
1709 2996 1833 3065 jure
1873 3012 1959 3052 se-

360 3103 508 3150 .cum
549 3089 634 3158 agi
663 3103 854 3158 posse;
891 3088 984 3142 sed
1022 3088 1150 3157 quia
1182 3087 1659 3160 Caesarjussissct,
1716 3087 1959 3143 decretis

363 3180 532 3237 .illius
559 3181 874 3234 necessario
933 3179 1397 3249 acquiescendum
1448 3195 1592 3235 esse.
1645 3181 1740 3235 llis
1795 3181 1957 3236 dictis

360 3268 730 3329 ,Tiberiadem
754 3269 926 3334 venit,
956 3269 1272 3324 Iudaeorum
1301 3271 1517 3325 animos
1543 3271 1952 3340 exploraturus.

369 3361 486 3416 Sed
526 3361 601 3416 ibi
626 3377 846 3431 quoque
877 3363 1050 3417 multa
1069 3363 1386 3419 Iudaeorum
1417 3364 1589 3418 millia
1620 3363 1669 3419 ei
1694 3380 1956 3420 occurre-

2073 874 2174 944 εἷς,
2201 879 2337 932 ἄλλα
2368 897 2428 932 τε
2465 880 2766 951 κατηγόρει
2792 881 2901 935 τῶν
2945 882 3244 950 Ἰουδαίων,
3285 887 3380 940 καὶ
3400 891 3476 952 ὼς
3516 888 3652 943 πάν-

2069 988 2180 1025 των
2224 971 2334 1025 τῶν
2389 971 2496 1026 ὑπὸ
2562 972 2892 1044 Ῥωμαίους,
2954 975 3175 1047 βωμοὺς
3223 977 3304 1049 τῷ
3356 981 3502 1052 Γαΐῳ
3559 985 3653 1037 καὶ

2070 1064 2235 1129 ναοὺς
2287 1067 2660 1134 άνιστώντων,
2715 1070 2812 1123 καὶ
2844 1069 2921 1134 ὡς
2970 1070 3093 1125 Θεὸν
3151 1072 3464 1141 τιμώντων,
3504 1071 3651 1130 οὗτοι

2071 1160 2226 1228 μόνοι
2277 1159 2468 1226 ἄδοξον
2514 1163 2750 1235 ἥγηνται
2791 1165 3044 1237 ἀνδριᾶσι
3105 1169 3274 1238 τιμᾷν
3310 1168 3497 1234 αὑτὸν,
3559 1171 3652 1224 καὶ

2069 1250 2258 1320 ὅρκιον
2295 1253 2466 1308 αὐτοῦ
2506 1255 2783 1312 ποιεῖσθαι
2811 1257 2874 1311 τὸ
2901 1258 3097 1328 ὄνομα.
3152 1260 3278 1314 Ἐπὶ
3316 1261 3531 1326 τούτοις
3561 1263 3650 1316 Φί-

2064 1341 2217 1411 λων,
2258 1345 2356 1414 τῆς
2383 1346 2492 1400 τῶν
2570 1348 2843 1404 Ἰουδαίων
2910 1351 3212 1421 πρεσϐείας
3268 1355 3667 1425 προεστηκὼςν

2065 1437 2205 1508 άνὴρ
2247 1438 2460 1504 ἔνδοξος
2499 1439 2599 1494 καὶ
2657 1442 2978 1512 φιλοσοφίας
3007 1445 3109 1500 οὐκ
3138 1447 3391 1520 ἄπειρος,
3432 1449 3648 1520 ἕτοιμος

2064 1524 2133 1600 ἦν
2169 1531 2765 1608 ὑπεραπολογήσασθαι
2805 1538 2914 1592 τῶν
2943 1539 3221 1608 ὁμοεθνῶν
3245 1558 3260 1574 ο
3303 1544 3331 1596 6
3380 1542 3438 1596 δὲ
3487 1543 3648 1609 Γάϊος

2063 1621 2165 1675 οὑκ
2187 1623 2467 1694 ἠνέσχετο,
2507 1625 2775 1690 κελεύσας
2804 1629 3055 1684 ἐκποδὼν
3086 1631 3512 1698 ἀπελεύσεσθαι,
3550 1634 3648 1704 δῆ-

2067 1712 2164 1778 λός
2211 1731 2272 1769 τε
2315 1713 2384 1788 ἦν
2424 1718 2692 1773 κακώσων
2739 1721 2960 1785 αὐτούς.
2996 1723 3108 1777 Καὶ
3137 1725 3166 1777 6
3193 1722 3369 1778 Φίλων
3411 1724 3646 1792 ἐξελθὼν

2065 1809 2551 1881 περιυϐρισμένος,
2594 1813 2731 1884 φησὶ
2782 1814 2919 1884 πρὸς
2968 1815 3098 1880 τοὺς
3141 1817 3271 1886 περὶ
3302 1818 3470 1872 αὐτὸν
3513 1820 3646 1874 Ἰου-

2061 1900 2267 1967 δαίους,
2304 1903 2380 1966 ὡς
2417 1906 2526 1976 χρὴ
2555 1901 2802 1977 θαρρεῖν,
2835 1907 2898 1960 οὐ
2938 1907 3048 1979 γὰρ
3075 1909 3157 1972 είς
3185 1910 3386 1974 αὐτοὺς
3424 1913 3453 1965 6
3484 1912 3643 1977 Γάϊος

2063 1995 2488 2067 πεπαρῴνηκεν,
2516 1999 2595 2062 είς
2625 1999 2683 2053 δὲ
2721 2001 2781 2054 τὸ
2811 2000 2966 2056 Θεῖον
3000 2002 3154 2057 αὑτό.
3196 2003 3254 2058 '0
3293 2004 3340 2058 δ’
3371 2006 3645 2077 αὐτοκρά-

2063 2105 2174 2158 τωρ
2226 2087 2400 2142 δεινὺν
2446 2089 2772 2160 ἡγούμενος,
2824 2092 2928 2146 ὑπὸ
2969 2092 3240 2148 Ἰουδαίων
3294 2095 3368 2168 μὴ
3415 2097 3491 2159 ὡς
3527 2097 3646 2171 θεὸς

2065 2179 2427 2250 σεϐασθῆναι,
2457 2182 2767 2254 Πετρώνιον
2795 2184 3077 2256 ἐκπέμπει
3111 2187 3358 2259 διάδοχον
3383 2189 3484 2256 τῆς
3514 2191 3642 2244 0ὺῖ-

2063 2275 2273 2330 τελλίου
2320 2276 2523 2346 ἀρχῆς,
2559 2277 2826 2342 κελεύσας
2871 2282 3018 2351 χειρὶ
3067 2281 3235 2354 πολλῇ
3269 2284 3532 2354 ἐμϐαλεῖν
3567 2287 3645 2350 είς

2063 2367 2161 2438 τὴν
2208 2368 2492 2434 Ἰουδαίαν,
2531 2371 2626 2423 καὶ
2651 2372 2802 2442 ίστᾷν
2827 2373 2994 2426 αὐτοῦ
3019 2373 3314 2446 ἀνδριάντα
3346 2379 3404 2430 ὲν
3433 2376 3510 2448 τῷ
3533 2378 3643 2448 ναῷ

2061 2457 2158 2512 τοῦ
2193 2459 2354 2514 Θεοῦ.
2394 2462 2454 2513 El
2485 2462 2544 2515 δὲ
2597 2462 2674 2533 μὴ
2709 2465 2929 2528 ἑκόντες
2963 2471 3373 2539 παραχωροίεν,
3419 2471 3643 2542 πολέμῳ

2059 2550 2418 2619 κρατήσαντα
2448 2550 2608 2606 τοῦτο
2650 2557 2845 2610 ποιεῖν.
2877 2557 2987 2609 Καὶ
3012 2559 3040 2610 6
3077 2561 3395 2631 Πετρώνιος
3421 2560 3520 2628 τὴν
3545 2563 3644 2631 τῆς

2060 2643 2263 2713 Συρίας
2292 2644 2650 2715 παρειληφὼς
2679 2647 2875 2718 ἀρχὴν,
2910 2650 3176 2719 ἠπείγετο
3210 2651 3318 2723 πλη
3329 2653 3519 2723 ρὼσων
3545 2655 3647 2719 τὰς

2061 2734 2154 2787 τοῦ
2192 2734 2473 2804 Καίσαρος
2523 2738 2766 2801 ἐντολάς.
2809 2741 2922 2795 Kal.
2968 2744 3050 2805 είς
3095 2744 3442 2816 Πτολεμαΐδα
3485 2765 3644 2816 γενο-

2055 2827 2211 2898 ,μένῳ
2249 2827 2558 2900 προσῆλθον
2604 2831 2878 2887 Ἰουδαίων
2916 2835 3112 2890 πολλαὶ⁹
3141 2838 3424 2909 μυριάδες,
3452 2841 3644 2912 δεόμε-

2061 2937 2149 2973 ναι
2174 2920 2248 2990 μὴ
2281 2920 2566 2990 βιάζεσθαι
2596 2925 2737 2992 σφᾶς
2764 2926 2856 2980 ἐπὶ
2888 2928 3200 2997 παραϐάσει
3231 2931 3339 2984 τῶν
3371 2935 3641 3004 πατρὲων.

2047 3013 2124 3067 ,Εί
2153 3013 2198 3066 δ’
2229 3016 2606 3086 ἀπαραίτητος
2633 3013 2706 3084 εἴ,
2737 3018 2929 3088 ἔλεγον
2960 3023 3228 3094 πρότερον
3258 3027 3405 3096 ἡμᾶς
3441 3028 3645 3097 διαχειο

2061 3103 2382 3172 ρισάμενος,
2422 3105 2598 3169 οὕτως
2630 3107 2754 3162 ἵστα
2784 3110 2844 3163 τὸ
2879 3109 3125 3183 ἄγαλμα.
3160 3116 3468 3187 Πετρώνιος
3498 3119 3548 3172 δ’
3574 3122 3643 3173 ά-

2062 3193 2365 3264 πεκρίνατο
2410 3195 2507 3260 ὡς’
2553 3199 2614 3252 Εἰ
2651 3199 2753 3270 μὲν
2786 3202 2881 3270 ἀφ’
2913 3204 3114 3258 ἑαυτοῦ
3160 3207 3314 3261 ταῦτ’
3344 3210 3640 3280 ἔπραττεν,

2049 3285 2269 3352 ,δίκαιος
2307 3283 2375 3358 ἦν
2406 3290 2544 3361 πρός
2581 3309 2652 3362 με
2691 3294 2821 3365 ὑμῖν
2847 3297 2876 3348 6
2909 3296 3068 3368 λόγος
3089 3314 3102 3329 °
3132 3301 3415 3374 Καίσαρος
3455 3305 3511 3360 δὲ
3547 3325 3642 3361 κε-

2061 3384 2373 3448 λεύσαντος,
2408 3385 2560 3438 πᾶσα
2590 3387 2807 3459 ἀνάγκη
2837 3389 2907 3444 τὰ
2938 3391 3134 3461 ἐκείνῳ
3160 3394 3458 3467 δεδογμένα
3497 3403 3643 3472 πλη·-

375 3459 534 3514 .runt,
568 3451 758 3505 itidem
792 3453 1093 3518 orantium,
1129 3470 1198 3508 ne
1231 3453 1336 3509 sibi
1388 3454 1498 3508 vim
1534 3452 1777 3516 afferret,
1816 3470 1953 3510 neve

2060 3475 2206 3547 ροῦν.
2239 3476 2430 3532 Ταῦτα
2477 3477 2670 3546 εἰπὼν,
2831 3451 3128 3556 Τιϐεριάδα
3175 3451 3639 3559 ἀφίὲὲτυμὲῇξ.

360 3541 574 3606 ,υι-ὺεηι
613 3542 911 3598 simulacro
942 3544 1248 3613 pollueret;
1282 3544 1374 3614 qui
1409 3559 1440 3598 a
1465 3545 1723 3599 Petronio
1752 3545 1948 3614 rogati,

367 3649 510 3692 .num
555 3633 760 3688 bellum
792 3635 1002 3704 gesturi
1059 3645 1276 3703 essent,
1339 3651 1398 3692 se
1445 3636 1650 3691 bellum
1695 3645 1951 3709 gesturos

372 3740 498 3781 esse
519 3735 812 3797 negarunt,
845 3727 940 3783 sed
966 3728 1150 3783 statim
1196 3738 1431 3785 mortem
1475 3731 1820 3801 oppetituros
1848 3746 1951 3800 po-

375 3818 508 3882 tius,
540 3834 704 3888 quam
734 3821 1132 3876 commissuros
1167 3831 1229 3876 ut
1260 3822 1438 3892 patria
1485 3823 1739 3878 instituta
1775 3822 1948 3877 viola-

373 3921 521 3977 rent,
553 3912 853 3982 acjugulos
887 3923 1274 3981 porrexerunt.
1307 3912 1401 3969 llis
1429 3903 1677 3984 per'dics
1700 3931 1765 3968 XL
1791 3915 1949 3980 actis,

369 4001 732 4057 Aristobulus
774 4003 1029 4074 Agrippa:
1069 4003 1261 4069 frater,
1295 4015 1352 4060 et
1389 4006 1481 4060 alii
1516 4007 1682 4077 278
1705 4006 1905 4062 delecti
1931 4046 1946 4072 ,

369 4096 696 4154 Petronium
721 4099 926 4166 precati
958 4107 1108 4163 sunt,
1136 4115 1204 4154 ne
1251 4100 1419 4153 rebus
1471 4100 1741 4156 novandis
1778 4115 1954 4170 popu-

355 4187 486 4252 lum
519 4188 584 4242 ad
643 4188 1083 4258 desperationem
1127 4190 1458 4259 impelleret,
1505 4190 1601 4245 sed
1646 4190 1714 4244 ad
1758 4190 1949 4245 Caium

353 4279 670 4346 .scribcret,
709 4281 1176 4350 quemadmodum
1219 4282 1391 4337 Judaei
1423 4281 1591 4338 nullis
1643 4281 1952 4337 rationibus

358 4369 441 4440 ad
472 4377 712 4425 statuam
747 4371 1125 4440 recipiendam
1163 4371 1363 4426 adduci
1401 4379 1645 4440 possent.
1678 4370 1951 4425 Fortassis

355 4460 520 4520 “enim
542 4477 680 4519 eum
705 4462 1012 4532 mitigatum
1046 4463 1136 4529 iri,
1167 4473 1222 4518 et
1249 4463 1575 4519 sententiam
1605 4473 1946 4518 mutaturum

368 4567 519 4609 esse.
555 4553 652 4608 Sin
691 4554 747 4609 in
775 4557 1068 4624 proposito
1115 4562 1519 4624 perseveraret,
1561 4563 1677 4608 tum
1723 4564 1780 4610 et
1831 4555 1950 4626 ipse

367 4661 488 4704 rem
535 4646 950 4717 aggrederetur.
1009 4649 1104 4704 His
1159 4648 1452 4702 Petronius
1505 4648 1823 4715 obsecutus,
1876 4650 1946 4704 ad

359 4735 561 4796 .Caium
587 4753 655 4793 ea
686 4738 754 4793 de
779 4755 836 4794 re
864 4740 1105 4810 scripsit.
1139 4741 1303 4810 Regis
1329 4755 1458 4794 vero
1479 4739 1731 4810 Agrippae
1756 4741 1945 4798 Romae

353 4829 622 4899 ,degentis
649 4847 772 4885 cum
809 4831 941 4888 Caio
977 4833 1322 4888 familiaritas
1352 4832 1524 4902 magis
1558 4848 1622 4887 ac
1655 4834 1828 4904 magis
1851 4850 1950 4888 au-

353 4921 630 4992 gebatur;
661 4925 753 4993 qui
811 4925 1066 4979 convivio
1115 4925 1185 4979 ab
1224 4941 1290 4980 eo
1319 4939 1602 4998 exceptus,
1660 4936 1715 4982 ct
1770 4944 1942 4984 caenae

349 5024 622 5090 _sumptus
657 5031 718 5068 ac
747 5015 1207 5086 magniﬁcentiam
1243 5018 1568 5086 admiratus,
1594 5035 1720 5073 eum
1753 5031 1941 5092 petere

347 5105 526 5178 jussit
567 5108 837 5178 quidquid
876 5110 1062 5164 vellet.
1096 5109 1176 5164 Ibi
1209 5111 1447 5182 Agrippa
1483 5127 1496 5164 :
1535 5109 1703 5178 Nihil,
1738 5111 1937 5182 inquit,

359 5206 564 5264 petam,
595 5214 697 5269 quo
723 5215 843 5268 opes
872 5216 1000 5254 mew
1033 5211 1332 5273 augeantur
1365 5217 1384 5256 :
1413 5205 1504 5255 sed
1565 5203 1639 5268 id,
1700 5206 1838 5278 quod
1890 5213 1939 5257 et

365 5287 456 5340 tibi
489 5291 702 5358 pietatis
725 5292 1044 5362 opinionem,
1070 5302 1119 5346 et
1145 5295 1270 5348 mihi
1295 5293 1523 5364 gloriam
1567 5296 1800 5366 parabit.
1835 5295 1938 5352 Oro

363 5378 546 5450 igitur,
587 5395 642 5436 ιιι
665 5396 862 5440 statua:
891 5387 1271 5440 dedicationem
1303 5389 1356 5442 in
1377 5389 1568 5459 templo
1587 5389 1809 5443 Iudaico
1837 5388 1938 5442 Pe-

365 5473 538 5526 tronio
570 5478 851 5546 mandata,
879 5495 996 5534 mea
1021 5497 1183 5534 causa
1207 5482 1441 5535 omittas.
1471 5480 1528 5534 1d
1543 5479 1729 5546 Caius,
1752 5495 1937 5537 coram

2061 3569 2269 3638 νοήσων
2322 3569 2400 3632 ὡς
2453 3569 2680 3644 γνώμης
2730 3573 2948 3645 ἔχουσιν
3000 3579 3245 3634 Ἰουδαῖοι
3295 3585 3391 3637 καὶ
3441 3585 3641 3640 πολλαὶ⁵

2064 3660 2327 3731 μυριάδες
2355 3663 2636 3733 συνήντων
2666 3666 2838 3735 αὐτῷ,
2874 3668 3238 3740 ἱκετεύουσαι,
3262 3674 3338 3745 μὴ
3361 3678 3444 3741 είς
3466 3679 3640 3747 άνάγ-

2059 3770 2163 3815 κας
2192 3753 2392 3819 αὐτοὺς
2432 3754 2726 3829 καθιστᾷν,
2761 3761 2897 3831 μηδὲ
2933 3765 3170 3832 μιαίνειν
3211 3767 3488 3838 ἀνδριάντι
3537 3773 3638 3842 τὴν

2043 3846 2232 3907 πόλιν.
2273 3848 2387 3904 Καὶ
2413 3849 2442 3901 6
2476 3851 2787 3923 Πετρώνιος
2829 3853 2957 3926 ἔφη,
3001 3857 3346 3930 Πολεμήσετε
3388 3860 3534 3933 ipa;
3573 3867 3637 3920 Οἱ

2055 3936 2100 3990 δ’
2127 3938 2200 3990 Oti
2224 3941 2640 4029 πολεμήσομεν,
2670 3944 2905 4013 ἔφασαν,
2941 3950 3319 4021 τεθνηξόμεθα
3346 3956 3402 4010 δὲ
3435 3961 3636 4029 πρότε-

2060 4043 2174 4096 ρον,
2205 4028 2236 4098 ἢ
2266 4033 2584 4104 παραϐῆναι
2615 4034 2682 4088 τὰ
2719 4037 2948 4108 πάτρια·
2983 4042 3076 4095 καὶ
3111 4049 3374 4116 παρεῖχον
3405 4028 3638 4116 ἑαυτοὺς

2055 4121 2528 4189 ἀποσφάττεσθαι.
2583 4127 2693 4180 Καὶ
2732 4131 2908 4185 ταῦτα
2952 4133 3040 4202 ἐφ’
3071 4137 3284 4207 ἡμέρας
3333 4141 3640 4212 ἐπράττετο

2049 4213 2492 4282 τεσσαράκοντα.
2551 4218 2960 4290 Ἀριστόϐουλος
2988 4225 3046 4278 δὲ
3071 4230 3098 4281 6
3145 4229 3446 4302 Ἀγρίππου
3477 4238 3637 4293 ἀδελ-

2057 4303 2297 4398 φὸςνκαὶ
2338 4308 2488 4362 ἄλλοι
2545 4311 2656 4365 τῶν
2679 4314 2972 4386 ἐκκρίτων,
3028 4321 3239 4378 ἐδέοντο
3292 4330 3632 4398 Πετρωνίου,

2061 4397 2228 4467 μηδὲν
2271 4402 2352 4462 είς
2391 4402 2652 4459 ἀπόνοιαν
2696 4407 2791 4461 τοῦ
2851 4412 3090 4483 πλήθους
3124 4397 3470 4488 παρακινείν,
3497 4425 3635 4479 ἀλλὰ

2055 4486 2291 4556 γράφειν
2337 4492 2474 4562 πρὸς
2522 4494 2688 4548 Γάϊον
2724 4497 2785 4572 τὸ
2815 4499 3115 4570 ἀνήκεστον
3141 4486 3322 4560 αύτῶν
3351 4486 3485 4579 πρὸς
3532 4515 3634 4579 τὴν

2054 4579 2521 4674 τοῢᾷάνδριάιτος
2572 4588 2862 4662 ὑποδοχήν.
2916 4594 3075 4659 Ἴσως
3123 4598 3233 4668 γὰρ
3282 4603 3635 4674 μαλαχθέντα

2039 4672 2242 4767 ,αύτὸη
2295 4676 2606 4748 ἀποστῆναι
2641 4681 2736 4736 τοῦ
2772 4685 3044 4752 δόξαντος.
3082 4690 3145 4744 El
3177 4693 3239 4760 ,δ’
3278 4672 3509 4767 ἐμμένοι
3540 4702 3634 4754 καὶ

2053 4763 2212 4860 αὖθις
2249 4769 2336 4860 ⁸’τῇ
2392 4769 2582 4841 ψήφῳ,
2633 4773 2756 4827 τότε
2804 4779 2898 4831 καὶ
2940 4781 3107 4836 αὑτὸν
3156 4784 3250 4839 τοῦ
3302 4763 3634 4860 πράγματος

1983 4841 2353 4923 Ιλᾶιπτεσθαι.
2412 4861 2721 4932 Πετρώνιος
2776 4867 2834 4922 δὲ
2882 4871 3150 4942 πεισθεὶς,
3214 4841 3632 4955 ingestae-"1‘4:

2051 4947 2198 5044 rat-qi
2230 4951 2361 5044 περὶ
2411 4953 2511 5022 τῆς
2561 4956 2838 5028 πράξεως.
2881 4963 3195 5036 ⁵Ἀγρίππας
3229 4971 3285 5025 δὲ
3319 4977 3345 5026 6
3376 4947 3631 5044 βασιλεὺς

2049 5041 2108 5132 ἐν
2148 5038 2334 5112 Ῥώμῃ
2367 5045 2594 5114 διάγων,
2623 5053 2933 5121 προέκοπτε
2971 5061 3039 5130 τῇ
3072 5061 3208 5132 πρὸς
3250 5038 3412 5120 Γαῖον
3460 5038 3626 5125 οἰκεέ

2049 5131 2183 5188 ὤσει
2205 5151 2219 5166 ·
2249 5135 2590 5208 θαυμασθείς
2620 5161 2681 5196 τε
2715 5147 2774 5200 ἐν
2797 5147 2876 5218 τῷ
2904 5149 3202 5217 δειπνίζειν
3235 5157 3327 5210 τὸν
3354 5159 3630 5232 αὐτοκρά-

2050 5239 2186 5319 τορα
2235 5228 2336 5323 τῆς
2372 5230 2728 5323 πολυτελείας
2782 5241 2944 5310 χάριν
2992 5244 3087 5296 καὶ
3142 5246 3238 5300 τοῦ
3283 5228 3629 5323 μεγαλοπρε-

2051 5317 2208 5412 ποῦς,
2266 5317 2597 5386 αίτήσασθαι
2640 5331 3035 5398 προετρέπετο,
3083 5333 3112 5388 ὃ
3169 5335 3235 5390 ἂν
3283 5317 3434 5412 αὐτῷ
3488 5317 3627 5412 πρὸς

2049 5398 2264 5474 βουλῆς.
2303 5406 2361 5460 '0
2391 5409 2468 5462 δέ·
2500 5414 2838 5484 Αἱτήσοιιαί
2873 5438 2968 5489 σε,
2995 5423 3123 5498 ἔφη,
3144 5428 3264 5482 τῶν
3289 5398 3416 5501 per.
3435 5398 3627 5490 ὄλϐωνἶ

2046 5501 2519 5562 περιποιούντων
2545 5507 2745 5578 οὐδὲν,
2789 5511 2819 5567 ὃ
2851 5513 2902 5568 δ’
2925 5515 3001 5571 ἂν
3025 5522 3128 5575 σοί
3154 5539 3214 5576 τε
3255 5527 3403 5594 πρὸς
3431 5514 3638 5594 δόξεινὶ

1537 5624 1746 5687 Variae
1791 5624 2102 5695 lectiones
2146 5641 2205 5709 et
2237 5647 2427 5706 nota.

429 5741 542 5814 (70)
591 5744 828 5806 Ἀπίων.
851 5749 1008 5808 Colb.
1045 5753 1275 5808 Ἀπίων.
