4002 6250
198 297 302 358 ‘8’)

1470 293 1878 356 ANNALIUM
1919 295 2066 356 LlB.
2109 295 2213 359 Vl.

3363 303 3471 366 490

196 408 534 470 ειίσεεειάς,
580 405 759 473 κάμοί
807 403 958 471 ιιι-ὸς
983 402 1270 458 εὔκλειαν
1300 404 1562 472 γένηται.
1621 405 1792 469 Ἀξιῶ

1899 415 2008 460 tam
2038 407 2226 461 multis
2261 407 2482 463 mentiri
2517 410 2746 479 veritus,
2781 414 3078 480 concessit,
3105 430 3169 471 ac
3195 417 3260 472 ad
3286 417 3476 474 Petro-

196 521 269 560 σε
317 503 449 572 γὰρ,
493 500 608 565 τὴν
635 499 742 552 τοῦ
777 497 1140 566 ἀνδριάντος
1165 497 1475 560 ἀνάθεσιν,
1508 497 1588 566 ἢν
1613 498 1785 564 ποιῇ-

191 598 420 651 σασθαι
437 591 706 656 κελεύεις
731 589 1068 660 Πετρώνιον
1079 590 1165 656 είς
1186 589 1256 643 τὸ
1274 590 1584 644 Ἰουδαίων
1599 590 1783 658 ἱερὸν,

193 688 269 740 δι’
291 686 400 756 ἐμὲ
450 685 867 750 καταλείψειν.
899 683 1060 746 Γάϊος
1090 682 1154 736 δὲ
1184 681 1520 754 αἰσχυνθεὶς,
1549 683 1643 736 ἐπὶ
1689 701 1781 736 το-

197 779 307 833 σῶν
339 777 396 831 δὲ
435 777 758 847 μαρτύρων,
786 774 860 846 μὴ
887 775 1039 840 δόξαι
1069 773 1426 844 ψευδόμενος,
1462 775 1787 846 συνεχώρει,

196 871 291 924 καὶ
344 871 549 938 γράφει
591 867 729 940 πρδς
777 868 870 922 τὸν
925 866 1260 938 Πετρώνιον,
1311 867 1360 918 εί
1405 866 1505 936 μὲν
1555 865 1657 937 ἠδη
1695 870 1789 920 τὸν

197 961 494 1031 ἀνδριάντα
526 959 735 1028 ἔφθασε
772 961 994 1028 στῆσαι,
1026 959 1101 1029 μὴ
1134 956 1429 1012 καθελεῖν*
1455 959 1504 1011 εί
1531 957 1587 1010 δέ
1621 959 1791 1028 μήπω

195 1053 494 1122 πεποίηται
525 1053 624 1123 τὴν
658 1051 939 1112 ἀνάθεσιν,
972 1053 1172 1121 μηκέτι
1207 1049 1506 1119 πειρᾶσθαι
1555 1050 1790 1121 ποιήσα-

198 1147 350 1198 σθαιο
381 1144 464 1196 Οὺ
491 1145 601 1213 γὰρ
625 1144 714 1196 ἔτι
731 1144 1036 1212 βούλομαι
1059 1141 1276 1196 τοῦτον
1296 1140 1541 1208 στῆναι,
1561 1139 1656 1194 διὰ
1681 1141 1792 1194 τὸν

209 1237 561 1307 Ἀγρίππαν,
578 1236 771 1304 ἄνδρα
800 1237 1135 1305 τιμώμενον
1157 1234 1293 1302 παρ’
1327 1235 1458 1303 ἐμοί
1463 1273 1476 1288 .
1495 1235 1655 1296 Γαῖος
1691 1233 1792 1302 μέν

193 1328 294 1383 οὖν
340 1328 520 1382 ταῦτα
571 1328 707 1398 πρὸς
749 1327 1060 1398 Πετρώνιον
1094 1327 1326 1399 γράφει,
1376 1327 1508 1397 πρὶν
1543 1327 1791 1395 ἐντυχεῖν

195 1425 320 1485 ταῖς
359 1407 582 1476 ὲκείνοιῖ
626 1420 966 1485 ἐπιστολαῖς,
1017 1419 1416 1490 ἐμφαινούσαις
1468 1419 1605 1490 πρὸς
1651 1419 1792 1471 ἀπο-

201 1515 436 1568 στασίαν
480 1515 612 1577 τοὺς
667 1513 966 1573 Ἰουδαίους
1003 1512 1093 1566 διὰ
1122 1512 1214 1565 τὸν
1247 1511 1543 1582 ἀνδριάντα
1577 1511 1795 1580 ἐπείγε-

199 1607 353 1660 σθαι.
392 1606 784 1677 Περιαλγήσας
815 1605 875 1658 δὲ
907 1605 995 1658 διὰ
1025 1604 1220 1667 ταῦτα,
1254 1604 1458 1674 γράφει
1511 1599 1670 1667 αὖθις
1715 1602 1794 1674 τῷ

1891 499 2046 551 nium
2076 498 2339 569 scripsit:
2375 500 2431 555 Si
2479 511 2714 557 statuam
2737 505 2849 574 jam
2887 509 3172 574 erexisset,
3203 526 3270 565 ne
3313 513 3474 566 tolle-

1894 598 2013 657 ret;
2042 590 2127 646 sin
2158 591 2406 646 nondum
2437 594 2786 661 collocasset,
2815 612 2961 654 uico
2993 612 3194 656 conatu
3226 603 3480 660 abstine-

1893 693 1999 737 ret.
2031 679 2221 752 Neque
2241 683 2389 738 enim
2409 701 2466 739 se
2491 686 2726 758 amplius
2743 705 2861 744 eam
2886 702 3226 756 erecturum,
3251 707 3478 766 propter

1891 775 2212 845 Agrippam,
2242 776 2421 831 virum
2446 794 2606 847 quem
2635 782 3047 851 magnifuccret.
3083 786 3210 840 Haec
3250 786 3317 840 ad
3369 788 3476 843 Pe-

1893 868 2131 922 tronium
2149 867 2391 938 scripsit,
2421 870 2623 926 litteris
2650 873 2800 928 illius
2827 875 3075 931 nomium
3130 877 3308 943 lectis,
3357 897 3479 949 quae

1893 963 2302 1034 signiﬁcabant,
2330 967 2552 1025 Iudaeos
2577 971 2647 1026 ob
2677 980 2914 1027 statuam
2943 975 3092 1028 illam
3143 975 3210 1030 ad
3251 977 3482 1033 seditio-

1893 1073 2020 1112 nem
2066 1059 2374 1114 concitatos
2425 1075 2569 1116 esse.
2623 1061 2837 1129 Quibus
2891 1065 3160 1125 irritatus.
3218 1068 3481 1124 Petronio

1894 1149 2182 1219 rescripsit
2221 1169 2235 1204 :
2279 1150 2543 1216 Quoniam
2567 1151 2878 1208 Iudaeorum
2920 1173 3141 1225 munera
3171 1161 3299 1214 meis
3329 1179 3483 1216 man-

1893 1240 2032 1295 datis
2072 1244 2358 1313 praetulisti
2394 1261 2411 1298 :
2442 1255 2500 1298 tu
2547 1247 2671 1318 quid
2703 1249 2796 1302 tibi
2847 1250 3108 1318 agendum
3161 1254 3247 1315 sit,
3288 1255 3482 1310 rideto.

1896 1330 2217 1404 Exemplum
2250 1338 2386 1390 enim
2416 1339 2542 1392 inte
2575 1340 2749 1400 edam,
2791 1357 2893 1411 qno
2917 1353 2965 1396 et
2996 1354 3278 1411 prensantes
3306 1355 3356 1400 et
3385 1365 3484 1416 po-

1893 1425 2025 1478 steri
2061 1437 2401 1493 moneantur,
2445 1431 2616 1484 edicta
2641 1432 2979 1502 imperatoris
3011 1451 3115 1488 non
3154 1453 3263 1490 esse
3316 1440 3486 1509 negli-

1893 1516 2086 1586 genda.
2111 1515 2220 1572 Has
2243 1518 2458 1575 litteras
2479 1521 2698 1576 vivente
2719 1522 2851 1578 Caio
2877 1525 3169 1582 Petronius
3194 1543 3301 1582 non
3325 1545 3409 1582 aet
3424 1545 3488 1584 e-

1895 1608 1996 1677 pit,
2024 1607 2264 1663 sedtum
2309 1609 2558 1678 demum,
2604 1628 2729 1667 cum
2785 1615 2933 1670 illius
2987 1617 3197 1672 obitum
3239 1635 3304 1674 ex
3361 1622 3486 1675 aliis

197 1699 502 1768 Πετρωνίῳ
524 1715 537 1728 ·
596 1697 766 1752 Ἐπεί
795 1712 893 1752 σοι
924 1697 998 1751 τὰ
1038 1695 1159 1750 τῶν
1201 1695 1498 1751 Ἰουδαίων
1538 1695 1696 1762 δῶρα
1725 1696 1793 1748 ἐν

1897 1698 2102 1754 litteris
2135 1703 2507 1771 cognmisset.
2547 1703 2681 1760 Caio
2709 1705 2827 1760 viro
2854 1709 3094 1778 pessimo
3127 1726 3226 1780 per
3255 1713 3489 1768 insidias

192 1792 428 1861 μείζονι
459 1793 746 1860 γεγόνασι
787 1795 950 1860 λόγῳ
995 1788 1116 1844 τῶν
1156 1789 1317 1859 ἐμῶν
1364 1787 1652 1850 ἐντολῶν,
1711 1787 1793 1842 σὺ

1903 1790 2219 1858 interiecto,
2254 1810 2489 1864 quarum
2533 1799 2754 1854 modum
2784 1810 2841 1856 et
2864 1813 3148 1858 aut-torem
3205 1806 3259 1859 in
3319 1823 3488 1878 opere

196 1883 320 1938 τῶν
351 1883 490 1952 περὶ
524 1882 789 1937 σεαυτοῦ
816 1883 886 1936 τὸ
915 1881 1202 1950 ποιητέον
1232 1881 1621 1950 συλλόγισαι.
1676 1883 1794 1933 Πα-

189 1980 490 2050 ρὰδειγμα
528 1979 638 2050 γάρ
672 1990 746 2034 σε
777 1979 1108 2048 ποιήσομαι
1137 1977 1263 2046 τοῖς
1297 1995 1361 2033 τε
1393 1978 1511 2032 νῦν
1535 1977 1634 2031 καί
1667 1975 1794 2043 τοῖς

192 2073 408 2126 ἔπειτα
445 2113 460 2136 ,
516 2071 604 2141 μὴ
671 2071 942 2140 ἀκυροῦν
1008 2070 1268 2136 ἐντολὰς
1327 2070 1790 2138 αὐτοκράτορος.

196 2164 425 2233 Ταύτην
457 2165 557 2236 τὴν
586 2164 882 2235 ἐπιστολὴν
926 2163 1028 2217 οὐκ
1077 2163 1218 2234 ἔφθη
1265 2163 1469 2228 ζῶντος
1507 2163 1671 2216 Γαΐου
1708 2161 1794 2214 δε·-

195 2253 467 2323 δεγμένος
519 2255 855 2326 Πετρώνιος,
902 2255 1039 2310 ἀλλᾶ
1093 2256 1361 2326 πρότερον
1401 2257 1470 2309 τὰ
1522 2256 1654 2326 περὶ
1697 2255 1796 2325 τῆς

196 2347 422 2400 ἐκείνου
467 2347 730 2415 τελευτῆς
766 2347 986 2413 ἐδέξατο
1033 2349 1364 2418 γράμματα,
1407 2347 1504 2400 καὶ
1536 2346 1678 2400 οὕτω
1730 2345 1798 2399 τὰ

194 2438 342 2504 πρὸς
380 2441 546 2493 αὐτὸν
594 2439 690 2493 τοῦ
723 2441 908 2495 Γαΐου.
965 2442 1024 2494 Ὀ
1070 2441 1168 2510 μὲν
1210 2436 1304 2494 οὖν
1338 2440 1496 2503 Γαῖος
1530 2440 1796 2500 κάκιστος

195 2529 470 2598 γεγονὼς,
505 2530 676 2586 ὤλετο
730 2532 790 2598 ἐξ
831 2532 1132 2601 ἐπιϐουλῆς
1175 2531 1570 2606 ἀνῃρημένος*
1609 2530 1703 2582 τὸν
1741 2528 1799 2583 δὲ

1903 1883 1971 1937 de
2002 1883 2431 1953 imperatoribus
2457 1902 2820 1958 exponemus,
2862 1892 3128 1947 Claudius
3167 1910 3281 1964 pra:
3336 1907 3483 1951 metu

1902 1974 2235 2040 occultatus,
2259 1991 2289 2029 a
2325 1977 2598 2032 militibus
2628 1995 2659 2033 e
2684 1979 2917 2038 latebris
2960 1993 3240 2039 extractus
3274 1995 3381 2050 est,
3429 1997 3488 2042 et

1902 2064 2204 2134 imperator
2244 2067 2517 2124 salutatus
2547 2084 2561 2120 :
2598 2085 2761 2139 quam
2796 2071 2864 2127 ad
2897 2089 3012 2128 rem
3067 2074 3308 2148 Agrippa
3349 2094 3489 2147 quo-

1895 2170 2008 2224 que
2030 2171 2139 2210 non
2167 2171 2338 2222 parvo
2385 2158 2704 2229 adjumento
2755 2162 2880 2217 fuit.
2933 2163 2984 2218 ls
3020 2181 3216 2222 recens
3270 2169 3486 2222 ﬁrmato

1895 2246 2154 2317 imperio,
2180 2248 2348 2303 etiam
2377 2249 2634 2320 Agrippa:
2676 2268 2903 2324 regnum
2931 2257 3300 2322 confirmavit,
3326 2260 3488 2330 eique

1893 2339 2210 2396 collaudato
2249 2357 2472 2398 omnem
2497 2359 2617 2397 eam
2648 2345 2940 2416 ditionem,
2978 2365 3142 2418 quam
3178 2366 3272 2405 rex
3315 2350 3490 2406 llero-

1893 2432 1993 2488 des
2017 2449 2155 2489 avus
2198 2435 2319 2506 ejus
2374 2445 2646 2498 tenuerat.
2696 2438 2944 2508 adjecit:
2983 2442 3348 2512 ejusdemque
3401 2459 3490 2498 ro-

1894 2535 2046 2596 gatu,
2070 2524 2227 2582 fratri
2253 2525 2458 2583 Herodi
2481 2528 2764 2585 Chalcidis
2786 2546 3014 2602 regnum
3040 2537 3341 2590 concessit.

193 2621 408 2692 τρόπον
436 2622 538 2692 τῆς
589 2622 710 2676 κατ’
731 2623 940 2676 ἐκείνου
969 2621 1286 2690 ἐπιϐουλῆς,
1318 2621 1416 2674 καὶ
1480 2621 1632 2692 παρὰ
1699 2619 1862 2672 τίνων
1900 2617 2189 2689 ἀνῄρηται,
2240 2619 2331 2672 ὅτε
2373 2619 2443 2672 τὰ
2491 2624 2618 2693 περὶ
2653 2623 2764 2675 τῶν
2802 2625 3226 2697 αὐτοκρατόρων
3270 2629 3298 2682 ὁ
3328 2628 3487 2697 λόγος

190 2708 452 2776 διέξεισι,
496 2709 842 2782 διηγήσεται.
889 2710 1030 2781 Ἤδη
1062 2709 1122 2762 δὲ
1187 2708 1510 2778 φθαρέντος,
1550 2707 1818 2771 Κλαύδιος
1855 2706 2238 2776 κρυπτόμενος
2306 2706 2398 2760 διὰ
2426 2709 2595 2778 φόϐου
2652 2712 2757 2764 ὑπὸ
2787 2711 2896 2765 τῶν
2939 2719 3291 2784 στρατιωτῶν
3364 2718 3490 2784 ἐξά-

193 2818 384 2871 γεται,
417 2803 513 2856 καὶ
551 2803 913 2874 αὐτοκράτωρ
947 2803 1414 2874 ἀνακηρύττεται,
1447 2800 1620 2857 πολλὰ
1691 2802 1829 2870 πρὸς
1868 2800 1968 2872 τὴν
2031 2801 2342 2872 ἀνάρρησιν
2376 2803 2544 2857 αὐτοῦ
2572 2805 2788 2860 καὶτοῦ
2832 2808 3114 2880 Ἀγρίππα
3148 2809 3490 2864 σπουδάσαν-

191 2911 316 2958 τος.
356 2897 517 2968 Ἀρτι
551 2895 610 2950 δὲ
651 2895 1052 2969 βεϐαιωθείσης
1099 2897 1200 2968 τῆς
1247 2894 1558 2967 αὐταρχίας
1611 2892 1784 2964 αὐτῷ,
1827 2894 1928 2964 τήν
1950 2909 2012 2946 τε
2077 2894 2258 2964 ἀρχὴν
2293 2894 2544 2966 ἐκύρωσε
2613 2897 2692 2968 τῷ
2736 2899 3043 2973 Ἀγρίππᾳ,
3077 2904 3168 2956 καὶ
3201 2901 3270 2955 δι’
3306 2905 3488 2970 ἐγκω-

196 2991 353 3062 μίων
411 2993 657 3045 ἐποιεῖτο
709 2991 890 3056 αὑτὸν,
943 2991 1264 3063 προσθήκην
1313 3008 1371 3045 τε
1428 2988 1580 3060 αὐτῷ
1630 2989 1788 3042 ἔθετο
1826 2988 2032 3052 πᾶσαν,
2066 2982 2136 3060 ἧς
2207 2983 2378 3060 ἦρξεν
2410 2989 2722 3061 ὁβασιλεὺς
2755 2995 2850 3048 καὶ
2881 2995 3110 3059 πάππος
3175 2996 3341 3050 αὑτοῦ
3393 2995 3484 3050 Ἥ·-

193 3077 384 3150 ρώδης
409 3095 424 3111 ο
456 3081 484 3132 ὁ
520 3080 579 3133 δέ
611 3079 708 3133 καὶ
737 3078 816 3150 τῷ
847 3078 1063 3149 ἀδελφῷ
1102 3078 1320 3150 Ἡρώδῃ
1356 3078 1458 3149 τὴν
1506 3075 1784 3148 βασιλείαν
1824 3076 2096 3142 Χαλκίδος
2163 3077 2317 3148 παρὰ
2352 3077 2626 3134 Κλαυδίου
2673 3082 2940 3153 ᾐτήσατο,
2981 3084 3078 3138 καὶ
3115 3084 3274 3155 ἐδόθη
3340 3084 3487 3139 ἐκεί.

192 3191 278 3244 up
309 3171 467 3240 παρὰ
491 3172 586 3225 τοῦ
614 3171 917 3244 Καίσαρος.

267 3264 381 3323 IA'.
414 3267 569 3320 Κατὰ
612 3265 801 3320 τοῦτον
845 3265 940 3320 τὸν
980 3265 1176 3339 χρόνον
1213 3266 1606 3332 στασιάζουσιν
1657 3268 1794 3340 πρὸς
1819 3270 1866 3333 C

197 3357 333 3420 τοὺς
377 3355 751 3425 Ἀλεξανδρεῖς
786 3356 834 3409 oi
871 3356 993 3409 ἐκεῖ
1045 3357 1310 3410 Ἰουδαῖοι.
1354 3359 1452 3413 Ὃν
1480 3359 1587 3430 γὰρ
1630 3360 1791 3430 εἰρη-

199 3465 293 3504 ται
339 3448 547 3518 τρόπον
587 3447 775 3511 κακῶς
804 3447 973 3502 Γαΐου
1009 3447 1352 3512 διατεθέντος
1381 3449 1520 3520 πρὸς
1568 3449 1791 3514 αὐτοὺς,

200 3539 514 3593 ἐκακοῦντο
568 3539 974 3610 μοναρχοῦντος
1019 3538 1235 3592 ἐκείνου
1288 3541 1442 3612 παρὰ
1491 3540 1600 3594 τῶν
1635 3541 1693 3594 ἐν
1727 3545 1792 3612 τῇ

203 3633 371 3686 πόλει
410 3632 706 3701 Ἑλλήνων.
753 3632 916 3686 Γαΐου
967 3631 1024 3685 δὲ
1068 3631 1522 3702 τελευτήσαντος,
1568 3631 1800 3703 ἀνεθάρ-

204 3741 410 3791 σησαν,
444 3724 537 3775 καὶ
561 3719 702 3794 ἦσαν
743 3725 801 3778 ἐν
839 3723 1052 3787 ὅπλοις,
1084 3722 1354 3786 Κλαύδιος
1387 3723 1446 3777 δὲ
1483 3722 1562 3794 τῷ
1596 3725 1800 3795 ίππαρ.

199 3818 396 3886 χοῦντι
443 3815 586 3868 κατὰ
638 3815 738 3885 τὴν
780 3816 1066 3880 Ατγυπτον
1102 3813 1405 3880 ἐπέστειλε,
1439 3816 1794 3868 καταστεῖλαι

195 3907 301 3976 τὴν
339 3906 555 3958 στάσιν.
592 3904 848 3974 Ἐπεμψε
881 3905 937 3957 δέ
965 3904 1062 3958 καὶ
1092 3903 1374 3974 διάταγμα
1409 3906 1473 3958 ἐκ
1505 3904 1788 3976 παρακλή-

203 4015 352 4061 σεως
389 4000 501 4050 τοῖν
541 3995 814 4067 βασιλέοιν
869 3995 1180 4068 Ἀγρίππου
1216 4012 1275 4048 τε
1308 3997 1402 4048 καὶ
1440 3995 1681 4068 Ἡρώδου
1716 3999 1795 4060 ei;

197 4091 414 4161 Συρίαν
457 4091 556 4143 καὶ
610 4091 692 4153 είς
733 4090 1174 4161 Ἀλεξάνδρειαν,
1206 4092 1302 4144 καὶ
1348 4093 1428 4156 είς
1471 4091 1570 4162 τὴν
1621 4093 1792 4164 ἄλλην

194 4181 541 4251 οἰκουμένην
591 4182 693 4252 ὅση
742 4181 1040 4252 Ῥωμαίοις
1080 4183 1345 4252 ὑπήκοος,
1397 4183 1630 4253 φράζον,
1669 4185 1790 4237 ὅτι·

200 4273 337 4328 Τῶν
396 4274 696 4329 Ἰουδαίων
743 4275 1042 4330 ἀνέκαθεν
1108 4275 1252 4342 ἴσης
1301 4279 1613 4345 πολιτείας
1667 4279 1792 4346 τοῖς

210 4365 693 4435 Ἀλεξανδρεῦσι
736 4369 832 4420 καί
859 4367 985 4432 τοῖς
1007 4365 1129 4420 τῶν
1150 4367 1383 4421 λοιπῶν
1417 4371 1656 4424 πόλεων
1682 4386 1791 4424 πο-

194 4459 408 4521 λίταις
433 4455 828 4520 ἀξιωθέντων,
857 4458 890 4510 ὁ
923 4457 1109 4522 Γαῖος
1137 4455 1209 4520 ἐξ
1246 4457 1562 4523 ἀπονοίας,
1590 4455 1680 4511 ὅτι
1703 4461 1788 4528 μὴ

198 4551 352 4602 θεὸν
393 4548 868 4617 προσαγορεύειν
920 4547 1110 4602 αὑτὸν
1169 4548 1236 4602 τὸ
1279 4549 1576 4602 Ἰουδαίων
1612 4550 1790 4616 ἔθνος

1974 3263 2063 3319 Χῐ.
2107 3261 2224 3318 Hoc
2262 3271 2512 3332 tempore
2548 3270 2670 3316 orta
2701 3270 2790 3316 est
2815 3259 2961 3317 inter
2990 3259 3401 3318 Alexandrinos
3429 3272 3486 3318 et

1903 3356 2144 3420 Judzeos,
2203 3353 2279 3408 ibi
2325 3353 2621 3423 degentes,
2677 3352 2900 3410 seditio.
2955 3353 3094 3409 Nam
3137 3370 3262 3410 cum
3293 3354 3484 3417 Caius,

1903 3445 2068 3515 279
2101 3445 2178 3498 ita
2212 3453 2274 3499 ut
2311 3442 2523 3498 dictum
2563 3451 2686 3510 est,
2727 3457 2857 3511 erga
2907 3459 3006 3500 eos
3042 3443 3270 3499 allectus
3308 3455 3478 3509 esset,

1903 3540 2000 3594 illo
2039 3538 2344 3606 imperante
2393 3553 2423 3591 a
2450 3535 2658 3592 Grmcis
2695 3535 3062 3591 vexabantur.
3096 3537 3176 3591 Eo
3213 3552 3345 3592 vero
3387 3537 3485 3592 de-

1902 3633 2126 3694 functo,
2172 3645 2298 3684 cum
2346 3629 2582 3699 receptis
2629 3630 2830 3684 animis
2881 3645 3034 3682 arma
3080 3629 3481 3698 sumpsissent,

1900 3723 2167 3780 Claudius
2211 3723 2475 3794 magistro
2527 3722 2776 3791 equitum
2830 3720 3091 3791 Egyptio
3129 3720 3372 3789 scripsit,
3423 3729 3484 3774 ut

1901 3814 2228 3868 seditionem
2247 3811 2658 3881 comprimeret.
2684 3810 3052 3878 Edictumque
3074 3819 3266 3877 rogatu
3289 3809 3414 3878 Agri
3423 3827 3483 3878 p-

1900 3919 1982 3976 pa;
2031 3915 2088 3960 et
2111 3904 2348 3960 Herodis
2376 3919 2565 3974 regum
2618 3903 2671 3957 in
2705 3901 2943 3973 Syriam,
2978 3901 3393 3967 Alexandriam,
3427 3913 3484 3956 et

1899 3999 2036 4054 alias
2068 3997 2223 4053 orbis
2253 4007 2439 4068 partes
2471 4011 2593 4066 quae
2637 3995 2902 4049 Romanis
2936 4002 3167 4064 parent,
3205 3993 3374 4058 misit,
3427 3994 3482 4048 in

1899 4091 2041 4145 hanc
2065 4091 2395 4144 sententiam
2431 4106 2444 4142 :
2489 4086 2623 4142 Cum
2649 4086 2776 4141 olim
2799 4085 3171 4141 Judwieodem
3191 4086 3340 4157 jure,
3379 4104 3482 4158 quo

1898 4180 2269 4246 Alexandrini,
2323 4189 2372 4233 et
2405 4179 2636 4234 aliarum
2693 4178 2902 4232 urbium
2940 4179 3105 4243 ciues,
3153 4177 3478 4248 fruerentur,

1897 4273 2060 4330 Caius
2105 4289 2199 4344 per
2228 4289 2496 4326 summam
2531 4271 2900 4329 temeritatem,
2933 4269 3072 4340 quod
3095 4268 3323 4324 Iudaica
3353 4286 3481 4340 gens

1894 4384 2014 4420 eum
2055 4382 2152 4436 pro
2191 4364 2287 4418 deo
2328 4363 2497 4418 colere
2533 4364 2896 4429 detractasset,
2925 4379 3010 4416 eos
3047 4363 3320 4431 depressit.
3363 4362 3479 4433 Ego

1892 4477 2050 4524 vero,
2098 4474 2163 4512 ne
2207 4475 2267 4510 ea
2313 4455 2375 4510 ob
2427 4455 2574 4511 illius
2613 4456 2914 4510 vecordiam
2965 4455 3226 4509 ueteribus
3263 4455 3480 4525 juribus

1891 4555 2172 4626 spatietur,
2203 4555 2295 4608 sed
2316 4554 2544 4624 pristina
2571 4555 2642 4606 eis
2674 4551 2972 4622 priuilegia,
3005 4550 3311 4606 Iudaeorum
3345 4551 3482 4604 ritus

197 4641 528 4711 ἠνέσχετο,
551 4642 774 4708 αὐτοὺς
796 4641 1220 4694 ἐταπείνωσεν.
1256 4640 1404 4710 Ἐγὼ
1433 4640 1502 4694 δὲ
1527 4641 1792 4711 μηδενὸς

1897 4618 2327 4707 observantibus,
2413 4618 2787 4697 conserventur
2823 4683 2838 4706 ,
2863 4618 2879 4622 ⁷
2901 4644 3162 4696 constituo
3193 4682 3209 4707 ,
3278 4641 3480 4714 Regum

195 4734 304 4788 διὰ
354 4732 471 4798 τὴν
523 4733 763 4786 ἐκείνου
819 4732 1306 4800 παραφροσύνην
1352 4730 1470 4785 τῶν
1521 4731 1798 4786 παλαιῶν

193 4826 459 4882 δικαίων
495 4826 560 4877 τὸ
589 4824 770 4889 ἔθνος
805 4824 1094 4878 ἐκπεσεῖν
1116 4822 1542 4891 διατάσσομαι,
1566 4839 1796 4892 συντη-

187 4916 440 4983 ρεῖσθαι
473 4914 541 4968 δὲ
583 4916 763 4984 σφίσι
813 4917 886 4968 τὰ
914 4914 1206 4983 πρότερον
1237 4913 1443 4967 δίκαια
1470 4913 1597 4981 τοῖς
1646 4915 1795 4969 Ἰου-

192 5006 397 5060 δαίων
435 5008 713 5078 νομίμοις
741 5005 1091 5076 ἐμμένουσι,
1127 5004 1316 5060 ταῦτά
1361 5023 1436 5074 με
1470 5005 1794 5075 αἰτησαμέ-

190 5117 330 5154 νων
372 5098 492 5154 τῶν
525 5099 844 5163 ,ϐασιλέων
888 5099 1186 5169 Ἀγρίππα
1226 5098 1326 5152 καί
1366 5095 1642 5165 Ἡρώδου,
1672 5096 1793 5151 τῶν

189 5189 516 5262 φιλτάτων
543 5206 665 5260 μοι.
720 5188 1031 5258 Ἐξὲπεμψε
1079 5189 1139 5243 δέ
1189 5189 1283 5241 καὶ
1322 5188 1640 5256 Ἀγρίππαν
1691 5189 1788 5240 ἐπὶ.

186 5284 303 5351 τὴν
359 5280 639 5351 βασιλείαν
685 5280 877 5344 αὑτοῦ,
933 5279 1328 5349 λαμπροτέραν
1385 5277 1786 5348 γεγενημένην.

185 5377 475 5438 Κάκεῖνος
513 5373 686 5427 ἐλθὼν
716 5375 797 5436 εις
830 5372 1202 5442 Ἱεροσόλυμα,
1232 5371 1578 5444 χαριστήρια
1606 5370 1786 5435 ἔθυσε,

185 5468 298 5522 καὶ
336 5467 438 5537 τὴν
465 5467 682 5537 χρυσῆν
722 5463 924 5520 ἅλυσιν
953 5463 1052 5534 τὴν
1078 5463 1185 5516 ὑπὸ
1211 5463 1374 5516 Γαΐου
1411 5462 1658 5516 δοθεῖσαν
1688 5463 1787 5516 αὖ·

183 5559 301 5628 τῷ,
340 5559 480 5629 ὑπὲρ
530 5558 592 5610 τὸ
633 5556 1040 5625 γαζοφυλάκιον
1072 5553 1394 5627 ἀπῃώρησε,
1437 5555 1638 5624 δεῖγμα
1687 5555 1787 5625 τῆς

183 5651 296 5704 τοῦ
345 5649 481 5705 Θεοῦ
515 5649 858 5712 δυναστείας,
891 5648 986 5701 καὶ
1027 5646 1127 5715 τῆς
1157 5647 1267 5699 τῶν
1304 5647 1654 5717 πραγμάτων
1691 5665 1786 5717 με·

182 5741 441 5814 ταὸολῆς
468 5783 482 5806 ,
523 5741 622 5794 καὶ
657 5742 738 5794 ὃτι
785 5741 878 5792 καὶ
907 5739 975 5792 τὰ
1022 5739 1240 5808 μεγάλα
1289 5739 1476 5793 πίπτει
1509 5739 1662 5807 ποτε,
1694 5743 1788 5798 καὶ

526 5836 795 5895 Ρλτιιοι.
842 5837 954 5895 Gn.
1004 5833 1312 5896 CXXXIV

1893 4735 2146 4806 Agrippa:
2174 4743 2224 4789 et
2256 4734 2479 4788 Herodis
2513 4736 2957 4789 amicissimorum
2996 4752 3228 4790 meorum
3263 4745 3480 4805 rogatu.

1891 4828 2187 4898 Agrippam
2247 4841 2469 4898 quoque
2513 4826 2568 4879 in
2617 4843 2850 4897 regnum
2910 4843 3072 4883 suum
3131 4828 3480 4898 splendidius

1887 4920 2094 4976 factum
2133 4919 2362 4974 dimisit.
2396 4918 2499 4986 Qui
2545 4919 2924 4991 Hierosolyma
2968 4920 3282 4991 profectus,
3310 4920 3479 4975 victi-

1890 5028 2008 5068 mas
2039 5027 2139 5082 pro
2167 5011 2469 5082 gratiarum
2516 5011 2734 5067 actione
2781 5011 3088 5066 immolavit
3119 5028 3134 5067 :
3163 5021 3220 5067 et
3248 5021 3477 5066 auream

1891 5113 2142 5159 catenam
2179 5118 2208 5157 ο
2239 5101 2374 5158 Caio
2411 5101 2519 5158 sibi
2568 5103 2785 5169 datam,
2818 5119 2984 5174 supra
3023 5102 3476 5174 gazophylacium

1895 5195 2208 5266 suspendit,
2256 5193 2459 5249 divina:
2503 5196 2769 5264 potentia:
2795 5197 3077 5265 specimen
3109 5203 3167 5249 et
3191 5193 3476 5250 vicissitu-

1892 5286 2039 5340 dinis
2068 5300 2276 5351 rerum,
2325 5300 2519 5356 magna
2567 5284 2970 5348 labefactantis,
3005 5293 3064 5338 et
3092 5282 3320 5338 humilia
3357 5283 3475 5337 eri-

1893 5376 2096 5443 gentis.
2147 5373 2431 5430 Sacriﬁcio
2487 5373 2780 5445 magniﬁce
2835 5381 3100 5443 peracto,
3165 5371 3476 5443 Theophilo

1895 5468 2065 5522 Annae
2117 5465 2488 5522 sacerdotium
2537 5465 2854 5536 abrogavit,
2894 5477 2951 5520 et
2981 5462 3176 5518 Boetbi
3220 5463 3334 5519 ﬁlio
3385 5465 3477 5521 Si-

1896 5558 2044 5613 moni
2075 5567 2442 5628 cognomento
2467 5557 2761 5613 Canthera:
2781 5556 3047 5613 honorem
3072 5554 3226 5610 illum
3255 5557 3472 5614 tribuit.

1895 5649 1943 5703 ls
1973 5648 2162 5704 Simon
2190 5649 2330 5703 duos
2355 5647 2558 5701 fratres
2592 5645 2821 5711 habuit,
2851 5655 2905 5700 et
2937 5655 3145 5716 patrem
3164 5646 3431 5702 Boetbum
3458 5665 3473 5704 :

1901 5745 2052 5799 cuius
2079 5741 2190 5797 ﬁlia
2224 5741 2422 5797 llcrodi
2461 5740 2598 5810 regi,
2635 5749 2689 5794 ut
2719 5754 2886 5808 supra
2915 5739 3124 5796 dictum
3151 5749 3258 5807 est,
3302 5749 3474 5810 nupta

3078 5833 3150 5894 16
