4002 6250
435 287 542 349 5οἸ

1691 286 2014 348 JOANNIS
2053 281 2376 345 ZONARE

3587 275 3700 339 504

431 400 647 470 ctisqne
679 398 845 452 armis
883 397 1232 468 quiescerent
1263 413 1278 450 :
1314 396 1515 466 quibus
1544 396 1828 468 dispersis,
1859 395 2010 465 regio

2122 396 2212 449 καὶ
2238 396 2339 460 τὰς
2371 395 2616 465 κεφαλὰς
2644 393 2825 465 σποδῷ
2855 391 3302 456 καταπάσαντες,
3345 395 3698 464 παρεκάλουν

431 488 745 544 latrociniis
788 487 1042 541 infestam
1071 495 1175 541 est.
1227 485 1559 540 Samaritani.
1599 501 1763 554 porro
1791 485 2009 540 ludzeus

433 579 578 650 apud
603 579 939 646 Quadratum
969 578 1140 649 Syriae
1172 586 1462 648 praetorem
1491 579 1558 634 de
1586 577 1827 633 incensis
1857 579 2011 648 pagis

432 678 804 724 accusarunt:
843 683 980 736 quos
1016 667 1186 722 Judrei
1225 675 1440 733 contra,
1479 677 1539 722 ut
1579 668 1866 722 seditionis
1904 683 2008 722 au-

433 770 617 815 ctores
652 758 924 814 criminati
960 768 1109 817 sunt.
1139 774 1203 814 ac
1232 758 1538 814 Cumanum
1571 759 1625 813 in
1657 759 1870 829 primis,
1913 759 2007 828 qui

346 863 348 866 ·
433 850 819 920 largitionibus
863 849 1146 915 delinitus,
1199 867 1388 906 necem
1439 851 1853 906 interfectorum
1899 867 2008 906 non

432 941 791 996 vindicasset.
827 941 1138 1008 Qua-iratus
1169 944 1334 1013 287
1376 943 1584 1015 judicio
1615 944 1804 1008 dilato,
1850 957 1909 998 se
1954 943 2007 998 in

429 1033 675 1088 Iudaeam
706 1043 1025 1098 venturum,
1055 1044 1110 1088 et
1158 1035 1377 1104 cognita
1420 1035 1652 1090 veritate
1692 1035 2012 1105 pronuntia-

435 1137 619 1180 turum
662 1140 782 1181 essc
825 1126 984 1180 dixit.
1029 1126 1332 1181 Samariam
1385 1127 1692 1197 profectus,
1725 1127 1890 1182 rebus
1921 1127 2008 1180 in-

432 1218 676 1288 quisitis,
749 1217 1122 1272 Samaritanus
1199 1219 1482 1273 turbarum
1556 1225 1811 1274 auctores
1887 1233 2011 1274 esse

433 1311 705 1382 comperit
737 1329 750 1364 :
785 1311 1023 1372 Judreos.
1076 1327 1216 1381 quos
1255 1310 1532 1367 Cumanus
1575 1313 1629 1367 in
1661 1313 1897 1369 vinculis
1933 1323 2012 1369 tc-

437 1403 621 1470 nebat,
660 1413 721 1458 ut
750 1420 921 1460 novas
951 1421 1040 1460 res
1080 1405 1322 1468 molitos.
1360 1406 1414 1460 in
1447 1422 1642 1463 cruces
1674 1408 1787 1479 egit
1816 1426 1830 1464 :
1874 1407 2013 1464 Ana-

437 1499 586 1551 niam
636 1496 993 1566 pontiﬁcem,
1040 1507 1097 1551 et
1150 1498 1401 1553 Ananum
1465 1500 1659 1555 ducem
1711 1501 2010 1569 exercitus,

439 1583 654 1637 vinctos
683 1583 910 1638 Romam
959 1585 1128 1646 misit,
1170 1585 1234 1639 ad
1282 1594 1533 1641 actorum
1569 1603 1796 1644 suorum
1841 1591 2011 1644 ratio-

437 1688 563 1728 nem
593 1674 823 1730 Claudio
873 1675 1234 1732 reddendam.
1287 1677 1756 1735 Samaritanorum
1790 1698 2011 1754 quoque

437 1774 494 1818 et
538 1765 853 1821 Ju'lzeorum
903 1768 1202 1838 principes,
1255 1769 1561 1825 Cumanum
1611 1751 2016 1842 praesidem—et
2046 1751 2088 1807 Β

436 1857 683 1913 Celerem
729 1859 1012 1915 tribunum
1057 1862 1124 1917 ad
1173 1863 1562 1933 imperatorem
1603 1866 1684 1922 ire
1727 1869 1912 1939 jussit,
1960 1878 2021 1926 ut

439 1949 515 2004 ibi
547 1953 954 2008 controversias
1001 1970 1130 2011 suas
1177 1955 1570 2027 disceptarent.
1598 1959 1862 2017 Claudius
1891 1977 2015 2018 cum

438 2057 538 2110 pro
573 2043 834 2098 tribunali
861 2045 1082 2111 sedens,
1123 2046 1502 2105 Samaritanus
1549 2052 1820 2107 malorum
1851 2055 2020 2109 exsti-

440 2135 571 2190 tisse
601 2145 854 2192 auctores
881 2138 1250 2208 cognovisset,
1270 2155 1367 2196 eos
1387 2142 1482 2210 qui
1504 2152 1789 2207 venerant,
1815 2145 2019 2212 occidi,

436 2225 741 2282 Cumanum
770 2229 1045 2296 exsulare,
1069 2229 1315 2286 Celerem
1343 2233 1620 2288 tribunum
1642 2234 2017 2306 Hierosolyma

438 2317 650 2380 reduci,
691 2327 748 2373 et
795 2321 851 2373 in
895 2330 1193 2388 conspectu
1225 2324 1473 2379 omnium
1513 2340 1612 2395 per
1659 2326 1852 2382 urbem
1904 2337 2018 2383 tra-

438 2418 586 2464 ctum
623 2411 697 2465 ita
723 2410 944 2466 demum
973 2413 1153 2468 occidi
1197 2415 1401 2486 jussit:
1456 2425 1513 2472 et
1539 2417 1706 2474 Felici
1755 2435 2020 2490 procura-

439 2501 644 2555 tionem
669 2502 870 2558 Judaaa:
908 2504 1210 2572 mandavit.
1243 2507 1516 2578 Agrippae,
1550 2509 1812 2565 Chalcide
1849 2527 2015 2582 quam

437 2607 614 2649 annos
653 2610 708 2649 IV
757 2603 1030 2662 tenuerat,
1078 2609 1290 2666 erepta,
1352 2599 1586 2670 Philippi
1636 2603 2013 2667 tetrarchiam,

438 2683 746 2740 Batanazam
781 2695 838 2741 et
864 2685 1310 2743 Trachonitidcm
1348 2704 1473 2745 cum
1506 2691 1714 2756 Abella,
1743 2709 1864 2762 quae
1908 2692 2017 2766 Ly-

443 2776 606 2832 sanize
656 2776 951 2833 tetrarchia
1011 2777 1223 2844 fuerat,
1278 2779 1522 2836 donavit.
1600 2782 1835 2854 Agrippa
1886 2800 2016 2842 vero

443 2869 735 2924 Drusillam
759 2885 1004 2926 sororem
1045 2871 1217 2926 Azizo.
1257 2873 1578 2929 Emesarum
1614 2876 1747 2947 regi,
1775 2879 2018 2934 circum-

439 2959 704 3016 cisionem
736 2976 846 3016 non
879 2962 1178 3027 recusanti,
1226 2963 1280 3018 in
1314 2965 1727 3020 matrimonium
1762 2968 2012 3032 collocat,

2117 489 2244 552 τοὺς
2272 489 2595 558 ἀφεστῶτας
2642 490 2974 560 μεταθέσθαι
3005 491 3099 542 τὸν
3155 489 3442 558 λογισμὸν,
3500 493 3596 544 καὶ
3624 496 3695 548 τὰ

2116 581 2259 634 ὅπλα
2289 581 2552 652 ῥίψαντας
2583 583 2851 650 ⁴ἠρεμεῖν·
2913 581 3009 634 καὶ
3060 580 3308 633 ἔπεισαν.
3373 580 3438 632 Οἱ
3470 580 3570 649 μὲν
3600 581 3697 635 οὖν

2115 672 2463 742 διελύθησαν,
2491 674 2524 744 ἠ
2549 671 2704 744 χώρα
2726 673 2768 726 δ’
2802 671 2862 738 ἐξ
2891 671 3107 725 ἐκείνου
3135 668 3449 740 λῃστηρίων
3478 670 3698 738 πεπλή-

2119 781 2282 837 ρωτο.
2333 766 2616 835 Σαμαρεῖς
2671 763 2729 816 δὲ
2781 763 2920 834 πρὸς
2951 761 3306 828 Κουαδρᾶτον
3336 763 3438 830 τῆς
3490 761 3694 830 Συρίας

2117 855 2522 928 ἡγεμονεύοντα
2577 855 2921 925 κατηγόρουν
2955 852 3065 907 τῶν
3124 850 3420 915 Ἰουδαίων,
3484 849 3561 914 ώς
3591 852 3694 920 ἐμ-

2117 949 2448 1017 πρησάντων
2506 945 2702 1016 κώμας
2753 945 2955 1000 αὐτῶν.
3017 943 3267 997 Ἰουδαῖοι
3314 942 3373 995 δὲ
3406 943 3694 1012 Σαμαρεῖς

2117 1042 2369 1113 ᾐτιῶντο,
2404 1039 2480 1104 ώς
2527 1039 2740 1101 αίτίους
2794 1038 2892 1107 τῆς
2925 1035 3192 1097 στάσεως,
3223 1034 3322 1087 καὶ
3375 1033 3484 1105 πρὸ
3509 1032 3694 1086 αὐτῶν

2119 1133 2431 1205 Κούμανον,
2467 1131 2662 1200 δώροις
2687 1128 3111 1200 διεφθαρμένον,
3143 1126 3240 1180 καὶ
3267 1126 3394 1188 τοὺς
3416 1127 3699 1196 ἀνῃρημέ-

2117 1243 2243 1288 νους
2282 1224 2358 1297 μὴ
2387 1224 2776 1293 ὲκδικήσαντα.
2811 1217 3162 1288 Κουαδρᾶτος
3189 1216 3247 1269 δὲ
3270 1216 3575 1287 ὑπερέθετο
3597 1217 3697 1284 τὴν

2117 1320 2322 1388 κρίσιν,
2349 1316 2540 1380 εἰπὼν,
2593 1316 2746 1386 ἥξειν
2797 1314 2878 1374 εἰς
2910 1312 3008 1382 τὴν
3064 1309 3354 1375 Ἰουδαίαν,
3407 1309 3571 1362 κάκεῖ
3599 1307 3696 1379 τὴν

2118 1410 2378 1482 ἀλήθειαν
2410 1408 2594 1477 γνοὺς,
2629 1401 3043 1474 ἀποφήνασθαι.
3076 1395 3252 1454 Ἧκεν
3280 1395 3373 1455 οὖν
3401 1400 3482 1462 είς
3511 1401 3698 1469 Σαμά-

2120 1519 2297 1575 ρειαν,
2350 1499 2446 1554 καὶ
2491 1498 2754 1566 ἐξετάσας
2779 1495 2849 1548 τά
2902 1493 3296 1563 πεπραγμένα,
3350 1493 3560 1553 αἰτίους
3594 1491 3693 1560 τῆς

2119 1595 2364 1666 ταραχῆς
2397 1591 2595 1658 διέγνω
2629 1589 2755 1651 τοὺς
2784 1587 3063 1658 Σαμαρεῖς
3089 1601 3104 1618 ο
3170 1584 3458 1648 Ἰουδαίους
3513 1584 3571 1638 δὲ
3601 1581 3696 1646 οὓς

2119 1683 2436 1754 δεδεμένους
2461 1677 2608 1752 εἶχεν
2631 1681 2659 1734 ὁ
2685 1677 3000 1743 Κούμανος,
3024 1675 3440 1744 ἀνεσταύρωσεν
3459 1675 3534 1739 ώς
3558 1692 3693 1728 νεω-

2121 1778 2464 1849 τερίσαντας.
2492 1774 2632 1836 Τοὺς
2656 1772 2714 1826 δὲ
2747 1771 2878 1841 περὶ
2909 1767 3166 1822 Ἀνανίαν
3193 1767 3284 1820 τὸν
3311 1769 3577 1838 ἀρχιερέα
3600 1767 3695 1822 καὶ

2120 1870 2211 1923 τὸν
2239 1865 2546 1938 στρατηγὸν
2573 1865 2806 1916 ’Ἀνανον
2834 1861 3028 1931 δήσας,
3057 1859 3138 1921 είς
3186 1859 3412 1927 Ῥώμην
3435 1860 3694 1911 ἀπέστειο

2119 1962 2200 2028 λε,
2231 1961 2389 2029 λόγον
2422 1957 2554 2029 περὶ
2595 1956 2701 2010 τῶν
2733 1956 3140 2026 πεπραγμένων
3172 1953 3430 2022 Κλαυδίῳ
3469 1951 3697 2021 ὑφέξον-

2119 2068 2236 2114 τας.
2264 2047 2494 2104 Κελιύει
2552 2046 2610 2100 δὲ
2643 2045 2740 2098 καὶ
2786 2046 2903 2108 τοῖς
2935 2045 3244 2116 Σαμαρέων
3294 2043 3393 2096 καὶ
3421 2039 3697 2094 Ἰουδαίων

2122 2143 2384 2210 πρώτοις,
2404 2140 2501 2192 καὶ
2524 2139 2633 2190 Κου
2645 2139 2798 2207 μάνῳ
2822 2135 2898 2206 τῷ
2927 2135 3180 2206 ἡγεμόνι,
3200 2135 3296 2188 καὶ
3322 2133 3399 2202 τῷ
3426 2132 3698 2204 χιλιάρχῳ

2119 2232 2345 2302 Κέλερι,
2383 2226 2677 2297 ἀφικέσθαι
2713 2227 2808 2280 καὶ
2856 2225 3054 2287 αὐτοὺς
3094 2225 3229 2295 πρὸς
3288 2223 3381 2277 τὸν
3424 2223 3699 2295 αὐτοκρά-

2119 2342 2274 2394 τορα,
2306 2318 2743 2393 κριθησομένους
2772 2317 2902 2387 περὶ
2927 2317 3036 2370 τῶν
3065 2317 3203 2383 πρὸς
3237 2315 3505 2385 ἀλλήλους
3524 2314 3696 2386 ζητή.

2121 2431 2281 2468 σεων.
2305 2410 2684 2466 Ἀπελθόντων
2707 2409 2786 2475 δὲ,
2812 2406 3075 2477 δικαστὴς
3094 2406 3373 2470 καθίσαςό
3401 2403 3696 2470 Κλαύδιος,

2117 2508 2214 2560 καὶ
2244 2507 2406 2574 γνοὺς
2435 2503 2559 2566 τοὺς
2589 2502 2870 2572 Σαμαρεῖς
2891 2499 3004 2553 τῶν
3027 2499 3213 2553 κακῶν
3246 2499 3548 2570 ἀρχηγοὺς,
3566 2497 3699 2563 τοὺς

2117 2600 2428 2662 ἀναϐάντας
2460 2597 2595 2667 πρὸς
2632 2597 2797 2651 αὐτὸν
2828 2594 3194 2666 ἀναιρεθῆναι
3223 2593 3552 2662 προσέταξε.
3586 2594 3700 2646 Φυ-

2118 2693 2221 2763 γὴν
2253 2691 2310 2744 δὲ
2333 2690 2428 2744 τοῦ
2452 2688 2748 2759 Κουμάνου
2776 2688 3221 2755 κατε-ξηφίσατοο
3254 2687 3346 2738 τὸν
3370 2685 3558 2755 μέντοι
3583 2685 3700 2739 Κέ-

2117 2786 2252 2856 λερα
2274 2784 2364 2836 τὸν
2395 2783 2678 2853 χιλίαρχον
2713 2782 2792 2844 είς
2832 2779 3186 2849 Ἰεροσόλυμα
3217 2777 3537 2849 ἀπαχθῆναι
3565 2776 3698 2831 ἐκέ-

2117 2880 2297 2941 λευσε,
2323 2878 2416 2930 καὶ
2444 2877 2676 2946 συρέντα
2696 2875 2916 2927 πάντων
2936 2873 3187 2943 ὁρώντων
3210 2872 3303 2925 διὰ
3327 2871 3428 2939 τῆς
3457 2869 3698 2934 πόλεως,

2117 2970 2288 3032 οὕτως
2316 2967 2694 3038 ἀναιρεθῆναι.
2733 2965 2949 3034 Πέμπει
2973 2963 3030 3017 δὲ
3057 2965 3084 3017 ὁ
3106 2965 3324 3031 Καῖσαρ
3352 2961 3566 3031 Φήλικα
3587 2961 3700 3013 τῶν

439 3052 651 3121 nuptiis
677 3053 796 3123 ejus
845 3053 916 3108 ab
966 3053 1241 3110 Antiocho
1297 3054 1580 3124 Epiphane
1631 3057 1772 3112 ritus
1801 3057 2014 3114 Judaici

2122 3063 2395 3118 Ἰουδαίων
2443 3057 2915 3128 ἐπιτροπεύσοντα
2941 3072 2954 3086 ·
3014 3054 3300 3126 Ἀγρίππᾳ
3329 3053 3388 3107 δὲ
3441 3051 3698 3123 διειριῖται

439 3141 571 3196 odio
604 3143 930 3212 repudiatis.
960 3145 1318 3200 Mariammen
1361 3144 1633 3201 Archelao
1666 3145 1867 3203 Helcize
1902 3147 2017 3204 filio

441 3236 757 3304 despondit,
783 3251 813 3288 a
844 3246 999 3306 patre
1039 3237 1278 3307 Agrippa
1307 3239 1437 3293 olim
1483 3243 1829 3310 promissam.
1869 3245 2020 3302 Felix

440 3325 642 3381 Iudaeae
665 3337 992 3394 procurator
1011 3328 1260 3384 Drusilla:
1290 3332 1580 3387 excellenti
1610 3335 2020 3404 pulchritudine

443 3425 659 3486 captus,
709 3416 926 3471 mulieri
976 3420 1272 3488 persuadet
1315 3430 1375 3475 ut
1418 3424 1616 3478 marito
1663 3427 1862 3483 relicto
1910 3429 2018 3485 sibi

437 3509 653 3578 inuhat:
683 3523 805 3577 quae
837 3507 1008 3563 fdium
1039 3525 1101 3563 ex
1136 3525 1203 3565 eo
1231 3523 1550 3583 susceptum
1588 3517 1880 3589 Agrippam
1913 3536 2018 3575 no-

447 3598 694 3652 minavit.
752 3599 949 3654 Fertur
991 3612 1195 3667 autem,
1249 3603 1357 3659 Titi
1405 3609 1744 3677 temporibus
1788 3625 1914 3665 cum
1954 3627 2022 3668 eo

439 3689 794 3748 adolescente
850 3690 906 3745 in
959 3691 1196 3748 Vesuvio
1242 3705 1425 3750 monte
1482 3698 1736 3766 ignifero,
1788 3715 1853 3756 ac
1907 3711 2022 3757 tum

446 3782 617 3852 magis
644 3781 1002 3848 inflammato,
1046 3785 1299 3854 periisse.
1337 3787 1602 3844 Berenice
1633 3791 1802 3846 altera
1834 3794 2024 3864 Agrip-

447 3893 526 3946 pae
547 3893 727 3942 soror,
761 3878 974 3936 Herode
1004 3888 1200 3948 patruo
1223 3888 1280 3934 et
1311 3881 1510 3936 marito
1555 3882 1837 3948 defuncto,
1869 3883 2025 3941 Pole-

445 3972 620 4038 moni,
647 3987 773 4026 cum
802 3973 1162 4028 circumcisus
1180 3983 1344 4037 esset,
1370 3977 1577 4043 nupsit,
1606 3977 1672 4030 ad
1700 3978 2021 4032 abolendam

443 4066 710 4131 incestus,
748 4083 875 4122 cum
908 4066 1080 4124 fratre
1125 4069 1508 4128 calumniam;
1558 4071 1654 4125 sed
1699 4073 2023 4126 diuturnum

444 4158 757 4228 conjugium
794 4174 902 4213 non
934 4159 1059 4223 fuit,
1092 4159 1386 4219 Polemone
1419 4176 1449 4214 a
1484 4161 1745 4217 Berenice
1777 4163 2022 4221 deserto.

444 4249 706 4304 Claudius
731 4249 913 4305 Caesar
943 4261 1195 4311 mortuus
1231 4261 1316 4306 est
1351 4267 1497 4306 anno
1535 4253 1752 4323 imperii
1807 4254 2024 4311 decimo

445 4339 632 4403 tertio,
659 4356 847 4396 mense
875 4350 1089 4406 octavo,
1123 4342 1212 4396 die
1230 4341 1514 4408 vicesimo,
1540 4358 1772 4408 veneno,
1799 4352 1860 4398 ut
1889 4343 2026 4399 fere-

2119 3156 2219 3228 τὴν
2250 3154 2520 3207 Φιλίππου
2568 3148 2919 3220 τετραρχίαν,
2955 3148 3048 3200 καὶ
3100 3144 3434 3209 Βαταναίαν,
3473 3144 3568 3198 καὶ
3599 3143 3702 3214 τὴν

2121 3248 2459 3319 Τραχωνῖτιν
2489 3245 2586 3297 σὺν
2635 3241 2864 3312 Ἀϐέλλᾳ
2889 3259 2903 3272 ο
2969 3233 3131 3293 αὗται
3157 3239 3213 3292 δὲ
3248 3237 3517 3292 Λυσανίου
3559 3231 3700 3307 ἦσαν

2119 3335 2467 3410 τετραρχίαι.
2522 3334 2633 3399 Τὴν
2658 3333 2714 3386 δὲ
2743 3331 2990 3385 Χαλκίδα
3026 3331 3348 3399 ἀφαιρεῖται
3387 3326 3570 3389 αὑτὸν,
3603 3325 3700 3394 Ξτη

2120 3430 2368 3498 τέσσαρα
2395 3425 2601 3495 ταύτης
2631 3424 2896 3495 ἄρξαντα.
2935 3424 2993 3476 ’0
3017 3423 3060 3475 δ’
3089 3421 3404 3493 ’Λγρίππας
3445 3418 3701 3472 ἐκδίδωσι

2124 3519 2261 3590 πρὸς
2289 3517 2468 3586 γάμον
2493 3514 2692 3585 Ἀζίζῳ
2741 3513 2820 3583 τῷ
2867 3511 3117 3582 Ἐμεσῶν
3155 3509 3387 3581 βασιλεῖ,
3428 3523 3702 3578 περιτμη-

2124 3615 2282 3683 θῆναι
2315 3611 2630 3680 θελήσαντι,
2656 3607 2990 3678 Δρουσίλλαν
3020 3606 3120 3674 τὴν
3144 3601 3406 3673 ἀδελφὴν,
3433 3601 3530 3654 τοῦ
3550 3600 3698 3652 Ἐπι·

2123 3703 2329 3775 φανοῢς
2365 3701 2648 3770 Ἀντιόχου
2703 3696 3202 3771 παραιτησαμένου
3258 3696 3351 3748 τὸν
3385 3693 3586 3764 γάμον,
3617 3691 3700 3743 ὅτι

2128 3794 2519 3868 μὴἸουδαῖσαι
2549 3791 2827 3844 ἐϐούλετο.
2862 3790 2973 3842 Καὶ
3023 3787 3261 3857 Μαριὰμ
3315 3780 3702 3852 κατηγγύησεν

2123 3888 2378 3960 ἀρχελάῳ
2412 3885 2491 3957 τῷ
2549 3883 2766 3938 Ἑλκίου
2803 3881 2980 3947 παιδὶ,
3030 3878 3122 3931 ὑπ’
3154 3875 3443 3946 Ἀγρίππα
3469 3871 3567 3926 τοῦ
3597 3888 3702 3926 πα-

2121 3979 2253 4048 τρὸς
2308 3974 2503 4046 πρώην
2551 3973 2993 4045 μνηστευθεῖσαν
3035 3969 3208 4040 αὐτῷ.
3261 3967 3428 4036 Φήλιξ
3491 3965 3551 4019 δι
3603 3965 3704 4033 τῆς

2125 4068 2388 4132 Ἰουδαίας
2448 4065 2854 4137 ἐπιτροπεύων,
2904 4064 3000 4116 καὶ
3052 4062 3153 4134 τὴν
3208 4058 3542 4131 Δρουσίλλαν
3577 4056 3704 4111 ἰδὼν

2124 4161 2355 4224 κάλλους
2376 4157 2645 4228 περιττῶς
2692 4156 2944 4228 ἔχουσαν,
2979 4155 3122 4208 ὲάλω
3152 4153 3230 4224 τῷ
3269 4153 3474 4223 ταύτης
3509 4150 3702 4221 ἔρωτι,

2124 4252 2413 4322 καὶξπείθει
2437 4246 2845 4303 καταλιποῦσαν
2861 4247 2955 4300 τὸν
2969 4246 3161 4316 ἄνδρα,
3185 4243 3337 4314 αὐτῷ
3355 4241 3701 4312 γαμηθῆναι.

2125 4343 2374 4400 Τεκοῦςα
2395 4343 2440 4396 δ’
2471 4343 2532 4406 ἐξ
2576 4340 2744 4396 αὺτοῦ
2790 4339 2977 4405 παῖδα,
3008 4339 3323 4409 Ἀγρίππαν
3369 4334 3533 4388 αὐτὸν
3565 4333 3703 4385 ὠνό-

443 4429 630 4497 hatur,
659 4433 728 4486 ab
770 4447 941 4485 uxore
988 4433 1293 4502 Agrippina
1332 4433 1602 4498 sublatus,
1646 4450 1768 4504 quae
1811 4445 2018 4505 patrem

2130 4453 2292 4507 μασε.
2343 4433 2579 4500 Λέγεται
2621 4431 2678 4482 δὲ
2705 4432 2848 4483 κατά
2880 4430 3006 4490 toi);
3050 4428 3216 4482 Τίτου
3251 4427 3476 4497 χρόνους
3504 4425 3538 4494 ἡ
3562 4423 3704 4494 γυνὴ

443 4520 640 4574 habuit
692 4520 1100 4581 Germanicum.
1151 4522 1381 4577 Cresaris
1430 4524 1704 4578 fratrem:
1759 4526 2016 4579 maritum

444 4607 744 4662 Domitium
791 4607 1191 4675 IEnobarbum,
1240 4610 1418 4664 virum
1461 4612 1648 4667 Romae
1702 4613 2017 4670 illustrem:

430 4715 556 4772 quo
586 4700 863 4765 defuncto,
889 4716 1010 4755 eam
1046 4702 1269 4756 viduam
1295 4704 1556 4760 Claudius
1588 4705 1765 4772 duxit,
1797 4723 1921 4762 cum
1958 4710 2023 4762 fi-

443 4793 580 4848 lium
613 4795 844 4849 haberet
883 4795 1177 4850 Domitium
1221 4799 1360 4868 patri
1407 4799 1810 4869 cognominem.
1857 4801 2024 4874 288

444 4886 578 4939 Nam
611 4886 952 4940 Messalinam
984 4903 1208 4942 uxorem
1244 4905 1308 4944 ex
1339 4889 1606 4960 zelotypia
1637 4891 1952 4956 sustulerat,
1992 4875 2023 4947 e

443 4995 552 5048 qua
575 4979 783 5034 liberos
814 4979 1052 5034 habebat
1081 4981 1456 5035 Britannicum
1503 4992 1557 5037 et
1587 4983 1871 5039 Octavium
1902 5002 1916 5038 :
1966 4995 2024 5039 et

427 5055 608 5128 tiliam
645 5071 925 5127 Octaviam
977 5083 1106 5128 natu
1161 5075 1453 5129 maximam
1486 5083 1613 5131 ante
1656 5077 1758 5131 hos
1806 5093 1872 5130 ex
1912 5077 2021 5133 alia

433 5155 675 5236 conjuge
713 5176 1043 5236 susceptam,
1083 5183 1246 5236 quam
1293 5168 1496 5224 Neroni
1531 5169 1604 5238 (id
1638 5170 1785 5224 enim
1822 5185 2021 5225 nomen

441 5256 758 5326 Agrippina:
814 5256 924 5312 lilio
973 5259 1211 5314 Domitio
1274 5259 1454 5315 Caesar
1513 5270 1670 5331 pater
1729 5259 2023 5331 adoptivus

443 5349 594 5416 fecit)
626 5350 940 5419 despondit.
976 5351 1074 5408 Cui
1109 5364 1168 5425 ut
1204 5363 1379 5409 mater
1415 5355 1709 5423 imperium
1766 5354 2024 5423 acquire-

445 5452 552 5501 rct,
582 5439 867 5496 Claudium
913 5459 1128 5498 veneno
1177 5444 1422 5499 sustulit.
1466 5444 1572 5499 Sed
1624 5445 1740 5499 haec
1770 5459 1869 5499 suo
1898 5445 2022 5501 loco

445 5539 500 5585 et
542 5539 786 5600 tempore
833 5533 1166 5590 referentur.
1210 5536 1368 5592 Nunc
1421 5537 1727 5592 institutam
1777 5536 2021 5592 hiswriac

446 5623 646 5678 seriem
686 5639 1104 5693 prosequamur.

2128 4529 2227 4581 σὺν
2252 4525 2328 4596 τῷ
2362 4525 2516 4578 παιδὶ
2546 4522 2733 4592 νεανίᾳ
2755 4520 3114 4590 γεγενημένῳ
3164 4518 3535 4588 ἀφανισθῆναι
3561 4517 3705 4569 κατά

2127 4621 2188 4673 τὸ
2212 4615 2600 4684 Βέσϐιονόρος,
2635 4613 2916 4684 πυρφόρον
2937 4611 3020 4673 δν,
3073 4614 3168 4664 καὶ
3201 4612 3323 4664 τότε
3364 4609 3570 4677 μᾶλλον
3607 4609 3704 4661 ἐκ·

2129 4711 2402 4782 πυρωθέν.
2446 4711 2710 4780 Βερενίκη
2736 4707 2793 4760 δὲ
2818 4705 2981 4776 ἑτέρα
3009 4704 3212 4776 ἀδελφὴ
3247 4705 3340 4757 τοῦ
3368 4701 3704 4771 Ἀγρίππου,

2133 4799 2458 4856 συνοικοῦσα
2499 4797 2715 4868 Ἡρώδῃ
2750 4794 2828 4866 τῷ
2865 4795 3016 4864 θείῳ,
3045 4795 3304 4855 θανόντος
3333 4792 3571 4854 ἐκείνου,
3595 4791 3706 4843 Πο-

2133 4895 2335 4962 λέμωνι
2389 4888 2763 4959 συνηρμόσθη,
2824 4886 3235 4958 περιτμηθῆναι
3295 4885 3587 4953 θελήσαντι
3618 4883 3707 4936 διὰ

2133 4988 2232 5056 τὴν
2260 4987 2470 5055 φήμην,
2493 4986 2592 5053 τὴν
2617 4983 2885 5050 λέγουσαν
2909 4981 3079 5050 αὐτὴν
3101 4979 3178 5050 τῷ
3208 4976 3425 5048 ἀδελφῷ
3457 4976 3704 5030 συνιέναι

2135 5077 2259 5131 κατ’
2291 5077 2494 5148 ἔρωτα,
2531 5074 2599 5126 ἵν’
2627 5072 2772 5126 οὕτω
2796 5071 2894 5142 τὴν
2919 5070 3178 5138 διαϐολὴν
3222 5068 3482 5139 ἀποφήνῃ
3506 5067 3703 5137 ψευδῆ.

2132 5169 2205 5221 Ού
2227 5167 2333 5238 μὴν
2355 5165 2572 5236 ἔμεινεν
2598 5167 2625 5218 ό
2649 5166 2826 5233 γάμος
2849 5163 2941 5215 ἐπὶ
2977 5162 3134 5224 πολὺ,
3152 5161 3250 5229 τῆς
3275 5159 3574 5231 Βερενίκης
3606 5176 3707 5212 κα-

2126 5258 2461 5328 ταλιπούσης
2484 5257 2575 5310 τὸν
2594 5256 2916 5326 Πολέμωνα.
2940 5253 3182 5323 Τελευτᾷ
3206 5252 3262 5306 δὲ
3290 5251 3552 5312 Κλαύδιος
3576 5251 3708 5302 Καῖ-

2129 5368 2256 5421 σαρ,
2289 5349 2620 5420 βασιλεύσας
2665 5347 2759 5418 ἐτη
2787 5345 3171 5417 τρισκαίδεκα,
3203 5345 3298 5398 καὶ
3329 5343 3502 5414 μῆνας
3536 5343 3702 5407 ὀκτὼ,

2125 5445 2211 5512 ἐφ’
2237 5445 2474 5514 ἡμέραις
2499 5443 2693 5495 εἴκοσι.
2719 5441 2894 5508 Λόγος
2923 5439 2978 5492 δὲ
3006 5435 3095 5509 ἧν,
3122 5437 3197 5500 ώς
3229 5437 3337 5491 ὑπὸ
3380 5440 3479 5508 τῆς
3515 5453 3705 5505 γυναιο

2127 5536 2221 5598 κὸς
2254 5534 2621 5605 Ἀγριππίνης
2654 5533 2970 5604 φαρμάκοις
3007 5531 3267 5602 ἀνῄρητο,
3320 5526 3388 5602 ἧς
3421 5529 3606 5598 πατὴρ
3635 5524 3702 5598 ἦν

2129 5628 2492 5698 Γερμανικὸς,
2515 5629 2542 5681 ὁ
2563 5627 2841 5698 Καίσαρος
2875 5623 3126 5694 ἀδελφδς,
3165 5623 3306 5694 ἀνὴρ
3351 5621 3406 5677 δὲ
3440 5622 3701 5690 Δομέτιος
