4002 6250
380 369 493 431 εοι.
1634 362 1976 447 ιοΑΝΝιε

2079 358 2353 419 )NARIE.
3538 340 3645 409 503

381 460 527 538 fame
558 483 868 553 perierunt.
904 480 1098 538 Porcio
1135 478 1358 557 Festo‘a
1387 476 1602 533 Nerone
1637 476 1803 531 Felici
1832 490 1959 530 snc~

2079 470 2561 542 Ἱεροσολυμιτῶν,
2595 470 2691 524 καῖ
2718 461 3405 534 ἐκακολόγουνάλλήλους,
3439 460 3538 513 καὶ
3570 459 3648 511 λεδ

382 552 602 630 cessere
624 575 774 641 dato,
804 575 976 630 .lmhei
1000 574 1374 630 Cazsaricnses
1402 571 1638 646 Felicem
1681 568 1825 638 apud
1857 569 1966 623 im-

2079 563 2189 626 θοις
2219 562 2468 624 ἔϐαλλον,
2506 563 2600 617 καὶ
2630 567 2658 616 ό
2697 562 3015 631 ἐπιπλήξων
3057 552 3151 613 καὶ
3178 559 3279 629 τὴν
3311 556 3504 609 στάσιν
3541 556 3653 606 κωὲ

382 648 694 736 peratorem
748 674 1080 723 accusarunt
1111 681 1124 715 :
1166 681 1231 722 ac
1265 665 1508 722 dedisset
1536 663 1624 737 ille
1678 662 1818 716 forte
1850 675 1965 731 pm.-

2079 653 2253 707 λύσων
2303 654 2403 707 οὐκ
2453 650 2543 725 ἦν.
2588 655 2677 717 Ἐς
2718 654 2973 707 τοσοῦτον
3001 653 3051 704 oi
3091 650 3371 720 ἀρχιερεῖς
3403 646 3654 717 ἡνατδεύι

383 773 483 811 nas
510 759 863 828 injuriarum,
908 758 1012 813 nisi
1076 758 1251 813 frater
1280 759 1400 827 ejus
1426 756 1625 835 Pallas,
1659 754 1752 823 qui
1784 753 1963 823 gratia

2079 759 2255 810 παντο,
2291 744 2363 806 ὡς
2396 747 2490 799 καὶ
2540 746 2782 815 πέμπειν
2837 745 2930 797 ἐπὶ
2974 745 3073 806 τὰς
3129 743 3368 804 ἅλωνας,
3429 737 3526 792 καὶ
3560 737 3655 809 βίᾳ

384 848 616 902 multum
647 851 883 913 valebat,
919 850 1155 905 Neronis
1206 850 1340 903 iram
1378 830 1707 920 mitigasset.
1763 844 1872 921 Sed
1907 853 1964 899 ct

2079 835 2372 904 λαμϐάνειν
2409 837 2510 900 τὰς
2557 839 2670 898 τοῖς
2703 838 2942 904 ἱερεῦσιν
2998 833 3359 903 ὀφειλομένας
3392 830 3652 895 δεκάτας,

383 934 755 995 Czrsarienses
786 939 905 1011 Syri
941 940 1154 1010 Beryllo
1186 939 1426 998 Neronis
1462 937 1755 1007 paedagogo
1798 951 1965 1004 prcu-

2079 927 2191 980 SOzv
2226 928 2277 980 οἰ
2320 927 2517 997 ἄποροι
2562 929 2673 980 τῶν
2703 929 2893 996 ἱερέων
2924 927 3018 979 ὑπ’
3044 926 3250 985 ἐνδείας
3281 922 3652 991 ἀπέθνησκον.

383 1026 473 1078 nia
496 1028 810 1092 conciliato,
859 1030 1075 1085 litteras
1120 1032 1504 1100 impetrarunt,
1533 1020 1735 1097 quibus
1759 1026 1965 1082 Judmis

2079 1018 2308 1088 Πορκίου
2331 1019 2386 1072 δὲ
2419 1022 2629 1089 Φήστου
2651 1021 2756 1072 ὑπὸ
2784 1021 3034 1088 Νέρωνος
3066 1019 3356 1079 σταλέντος
3400 1017 3652 1085 διαδόχου

383 1118 593 1185 ωηιισιο
621 1119 709 1189 jus
742 1119 1105 1176 Caesariensis
1151 1119 1393 1176 civitatis
1417 1119 1780 1173 adimebatur.
1807 1114 1963 1172 Unde

2079 1110 2145 1173 τῷ
2166 1111 2381 1189 Φήλικι,
2417 1114 2467 1166 οἱ
2501 1114 2806 1184 Καισαρεῖς
2865 1112 3113 1167 Ἰουδαῖοι
3146 1110 3537 1179 κατηγόρησαν
3560 1104 3653 1158 τοῦ

387 1196 524 1259 mala
554 1224 674 1277 qum
723 1221 941 1279 gentem
996 1223 1118 1280 post
1156 1217 1578 1281 oppresserunt,
1628 1215 1812 1260 ortum
1868 1203 1967 1257 lia-

2079 1201 2301 1272 ιιήὴκος
2334 1206 2488 1274 παρὰ
2520 1204 2735 1276 Νέρωνι
2755 1220 2769 1235 °
2804 1207 2898 1258 καὶ
2930 1204 3068 1275 τάχα
3095 1204 3162 1258 ἂν
3188 1204 3335 1257 ἔτισε
3360 1200 3514 1263 δίκας
3546 1198 3657 1251 τῶν

387 1294 580 1351 buere.
620 1296 702 1353 Ob
733 1314 827 1354 eas
849 1302 995 1355 enim
1027 1301 1241 1356 litteras
1271 1300 1444 1355 Judaei
1475 1298 1807 1355 seditionem
1832 1284 1966 1349 con;

2079 1295 2150 1356 εἰς
2184 1295 2381 1359 αὐτοὺς
2416 1297 2798 1369 ἀδικημάτων,
2833 1301 2883 1352 εί
2913 1299 2989 1369 μὴ
3014 1298 3231 1360 Πάλλας
3258 1298 3287 1349 ό
3308 1293 3540 1361 ἁδελφὸς
3562 1294 3659 1344 αἰ-

386 1393 468 1437 tra
505 1386 673 1457 Syros
694 1391 867 1460 magis
901 1401 1179 1455 nrserunt,
1218 1391 1394 1445 donec
1425 1390 1625 1444 bellum
1660 1386 1888 1441 exarsit.

2079 1386 2162 1440 τοῦ
2201 1387 2346 1455 μέγα
2372 1388 2676 1461 δυνάμενος
2701 1391 2855 1461 παρά
2885 1391 3124 1461 Νέρωνι,
3155 1388 3255 1460 τὴν
3283 1384 3448 1440 αὑτοῦ
3486 1382 3657 1455 ὁρτὴν

384 1485 768 1556 παρῃτήσατο.
803 1487 970 1541 Καὶοὶ
990 1490 1048 1541 ἐν
1082 1489 1393 1559 Καισαρείᾳ
1417 1489 1473 1541 δὲ
1532 1486 1696 1556 Σύροι
1768 1479 2045 1552 Βήρυλλον
2082 1481 2176 1553 τὸν
2211 1482 2464 1553 Νέρωνος
2517 1486 2873 1556 παιδαγωγὸν
2914 1486 3306 1553 δεξιωσάμενοι
3354 1481 3655 1550 χρήμασιν,

385 1571 678 1648 ἐπιστολήν
712 1580 1033 1649 κομίζονται
1070 1585 1348 1654 Καίσαρος
1392 1581 1460 1635 δι’
1485 1568 1658 1632 αὐτοῦ’
1712 1579 1811 1646 τὴν
1860 1574 2122 1627 Ἰουδαίαν
2191 1575 2558 1631 ἰσοπολιτείαν
2621 1581 2734 1642 τοῖς
2792 1581 2849 1631 ἐν
2878 1578 3189 1647 Καισαρείᾳ
3222 1574 3415 1640 Σύροτς
3447 1571 3659 1634 ἄκυρον

385 1650 816 1737 άποεραίνουσαν,
849 1675 905 1741 ἐξ
939 1670 1005 1747 ἧς
1033 1675 1102 1728 τὰ
1142 1650 1280 1744 μετά
1304 1677 1479 1729 ταῦτα
1509 1673 1655 1726 κακά
1704 1669 1781 1739 τῷ
1820 1665 1964 1720 ἔθνει
2003 1663 2275 1733 ἐφύησαν.
2334 1669 2434 1722 Διὰ
2485 1669 2693 1740 ταύτην
2760 1671 2872 1742 γὰρ
2937 1671 3038 1741 τὴν
3088 1666 3383 1736 ἐπιστολὴν
3408 1660 3659 1716 Ἰουδαῖοι

389 1762 524 1829 πρὸς
549 1767 674 1828 τοὺς
704 1766 910 1835 Σύρους
960 1768 1162 1838 μᾶλλον
1207 1770 1454 1829 στάσεως
1502 1769 1732 1838 εἴχοντο,
1769 1763 1965 1831 μέχρις
2005 1756 2071 1809 ἂν
2100 1759 2317 1832 ἀνήφθη
2344 1764 2372 1816 6
2406 1762 2666 1834 πόλεμος.
2732 1793 2742 1799 -

461 1857 622 1912 XVII.
656 1859 853 1914 Festus
880 1871 1066 1917 autem
1094 1848 1340 1917 Jurdzeam
1380 1858 1686 1915 latrociniis
1715 1856 1968 1911 afﬂictam

2084 1900 2089 1905 .
2150 1849 2251 1907 lZ'.
2273 1854 2481 1924 Φῆστος
2510 1853 2570 1908 δὲ
2604 1855 2688 1919 είς
2715 1853 2817 1926 τὴν
2864 1852 3129 1908 Ἰουδαίαν
3158 1849 3351 1914 ἐλθὼν,
3384 1847 3659 1915 κακουμέ-

390 1948 614 2016 reperit.
645 1947 777 2001 Nam
803 1948 997 2003 Sicarii
1021 1951 1167 2005 aucti
1194 1966 1450 2015 nnmcro,
1474 1948 1972 2015 ensiculosjcnrvos

392 2046 690 2110 gestantes,
728 2040 783 2093 in
810 2039 1205 2097 festivitatibus
1261 2042 1469 2112 populo
1511 2042 1774 2103 immisti,
1811 2037 1971 2093 facile

391 2145 531 2198 quos
568 2129 791 2184 libitum
818 2140 941 2185 erat
992 2131 1366 2201 perimebant,
1402 2145 1689 2203 pagosque
1739 2137 1793 2183 et
1833 2128 1975 2182 diri-

392 2223 616 2297 piebant
649 2230 705 2278 et
758 2223 1151 2279 incendebant.
1198 2224 1368 2280 Porro
1423 2239 1550 2278 cum
1594 2222 1971 2293 praestigiator

389 2314 613 2383 quidam
637 2315 870 2370 salutem
910 2316 977 2370 iis
1008 2316 1392 2384 polliceretur,
1417 2317 1511 2386 qui
1556 2332 1615 2372 se
1677 2330 1853 2386 usque
1903 2313 1973 2369 ad

390 2402 672 2459 desertum
705 2404 957 2459 comitari
986 2405 1191 2459 vellent
1225 2416 1236 2450 :
1268 2406 1464 2460 Festus
1485 2414 1541 2460 et
1568 2405 1770 2476 ipsum,
1796 2412 1854 2460 et
1878 2419 1975 2460 eos

390 2509 530 2565 quos
559 2496 876 2561 seduxerat,
926 2498 1104 2567 copiis
1136 2498 1404 2553 immissis
1444 2499 1747 2555 interfecit.
1772 2499 1970 2570 Agrip-

390 2602 514 2656 pam
546 2603 678 2642 vero
713 2604 896 2660 regem
919 2606 986 2645 ex
1019 2607 1218 2663 magno
1245 2592 1529 2647 domicilio
1553 2593 1702 2663 quod
1742 2595 1797 2648 in
1824 2593 1974 2665 regia

389 2679 710 2746 aedificarat,
747 2683 1016 2752 quidquid
1059 2684 1114 2738 in
1150 2687 1355 2754 templo
1390 2696 1654 2755 ageretur
1697 2695 1971 2756 spectare,

390 2771 540 2845 cives
564 2789 706 2842 aegre
752 2773 1012 2840 ferentes,
1076 2792 1297 2830 murum
1338 2785 1687 2840 struxerunt,
1719 2793 1830 2848 quo
1865 2793 1974 2834 non

392 2873 607 2918 tantum
640 2866 801 2936 regite
820 2879 1180 2937 conspectus.
1206 2870 1302 2924 sed
1330 2880 1387 2926 et
1417 2871 1780 2926 occidentalis
1804 2871 1979 2941 porti-

390 2972 510 3020 cus.
544 2958 637 3013 ubi
684 2959 914 3015 Romani
949 2971 1174 3031 propter
1200 2962 1464 3031 templum
1494 2963 1547 3017 in
1577 2963 1976 3021 festivitatibus

391 3050 676 3115 custodias
735 3052 1065 3118 habebant,
1143 3053 1625 3125 intercipiebatur.
1696 3056 1756 3111 ld
1831 3073 1975 3127 aegre

2075 1962 2186 2011 vnv-
2206 1945 2413 2017 ταύτην
2439 1941 2601 2017 εὗρεν
2627 1949 2734 2002 ὑπὸ
2760 1949 2999 2022 λῃστῶν.
3035 1945 3148 2000 Καὶ
3189 1944 3239 1998 οἱ
3273 1944 3520 2014 Σικάριοι
3549 1941 3659 2011 γὰρ

2075 2038 2407 2110 καλούμενοι
2438 2041 2669 2113 (λῃσταὶ
2689 2042 2748 2095 δὲ
2781 2040 2876 2094 καὶ
2901 2035 3049 2095 οὗτοι
3073 2034 3255 2110 ἦσαν)
3298 2036 3421 2089 τότε
3456 2034 3659 2104 μᾶλλον

2073 2133 2152 2196 εἰς
2177 2131 2384 2202 πλῆθος
2416 2133 3094 2205 συνέστησαν,’χρώμενοι
3131 2131 3386 2202 ξιφιδίοις
3411 2131 3659 2200 ἐπικαμ-

2075 2227 2225 2288 πέσι,
2260 2228 2353 2281 καὶ
2396 2227 2601 2297 ὁμοίως
2638 2232 2763 2293 ταῖς
2813 2228 2921 2281 ὑπὸ
2966 2226 3257 2296 Ῥωμαίων
3291 2223 3661 2292 καλουμέναις

2076 2318 2282 2386 σίκαις,
2315 2318 2409 2387 ἀφ’
2441 2314 2516 2373 ὧν
2536 2320 2634 2375 καὶ
2656 2320 2909 2392 Σικάριοι
2942 2318 3351 2389 ὠνομάσθησαν
3372 2332 3386 2345 ’
3437 2313 3489 2368 οἳ
3520 2313 3662 2369 κατά

2074 2414 2172 2475 τὰς
2196 2412 2389 2483 ἑορτὰς
2419 2412 2497 2482 τῷ
2531 2411 2727 2483 πλήθει
2753 2410 3214 2482 ἀναμιγνύμενοι,
3245 2407 3339 2471 οὓς
3374 2406 3663 2460 ἐϐούλοντο

2077 2501 2276 2575 ῥαδίως
2309 2502 2682 2571 ἀπέσφαττον,
2702 2501 2800 2555 καὶ
2820 2501 2922 2564 τάς
2951 2497 3150 2570 κώμας
3184 2496 3241 2550 δέ
3268 2493 3575 2566 διήρπαζόν
3599 2506 3661 2543 τι

2076 2596 2171 2651 καὶ
2203 2595 2652 2664 ἐνεπίμπρασαν.
2692 2594 2910 2664 Πέμπει
2945 2592 3002 2646 δέ
3046 2592 3259 2662 Φῆστος
3300 2589 3534 2658 δύναμιν
3570 2586 3663 2640 ἐπὶ

2075 2683 2201 2744 τοὺς
2225 2682 2613 2751 ἀπατηθέντας
2637 2682 2744 2736 ὑπό
2759 2699 2906 2744 τινος
2927 2681 3147 2752 γόητος,
3176 2678 3455 2750 σωτηρίαν
3486 2679 3664 2745 ἐπαγ-

2075 2774 2402 2844 γελλομένου
2433 2778 2548 2839 τοῖς
2591 2774 2823 2829 ἕπεσθαι
2852 2774 3070 2829 θέλουσι
3100 2772 3262 2845 μέχρι
3289 2772 3388 2842 τῆς
3418 2770 3664 2840 ἐρημίας

2075 2866 2250 2936 αὐτῷ,
2283 2866 2538 2921 κάκεῖνόν
2563 2883 2622 2921 τε
2645 2867 2738 2921 τὸν
2759 2864 3061 2923 ἀπατεῶνα
3089 2865 3187 2917 καὶ
3209 2864 3339 2926 τοὺς
3363 2861 3665 2931 ἀκολουθή·

2078 2974 2279 3021 σαντας
2309 2959 2360 3012 οἱ
2391 2956 2738 3028 πεμφθέντες
2768 2957 3107 3027 διέφθειραν.
3153 2955 3213 3010 ’0
3251 2954 3442 3024 μέντοι
3499 2956 3662 3022 βασι-

2075 3051 2203 3114 λεὺς
2226 3050 2543 3123 Ἀγρίππας
2568 3049 2780 3121 οἴκημά
2800 3067 2853 3104 τι
2881 3049 3027 3120 μέγα
3053 3049 3438 3118 δομησάμενος
3465 3047 3527 3099 ὲν
3548 3047 3663 3107 τοῖς

391 3142 655 3219 agrippa,
702 3142 901 3199 Festus
932 3146 1136 3215 aegrius
1162 3146 1310 3208 tulit,
1359 3162 1425 3201 ac
1474 3162 1695 3202 murum
1748 3146 1972 3203 diruere

2081 3143 2376 3213 βασιλείοις
2427 3143 2640 3197 ἐκεῖθεν
2700 3142 2896 3196 ἐθεᾶτο
2941 3142 3011 3196 τά
3040 3144 3098 3196 ἐν
3122 3139 3201 3210 τῷ
3231 3139 3366 3210 ἱερῷ
3397 3136 3659 3208 ἐνεργούς

394 3207 588 3288 voluit.
645 3234 750 3291 Sed
818 3245 1012 3307 rogatu
1068 3239 1273 3293 civium
1322 3240 1488 3309 290
1533 3239 1806 3310 permisit,
1840 3248 1898 3294 ut
1941 3256 1971 3296 κ

2081 3207 2242 3305 μενα.
2298 3234 2445 3306 Πρὸς
2498 3235 2662 3289 τοῦτο
2714 3234 2761 3291 δ’
2795 3207 3251 3304 ἐχαλέπαινοννοὶ
3282 3207 3380 3302 τής
3428 3231 3659 3291 πόλεωςο

392 3325 675 3394 principes
699 3328 844 3382 viros
866 3345 975 3383 una
1005 3344 1129 3385 cum
1161 3330 1391 3406 lsmaelc
1417 3332 1678 3401 pontifice
1702 3342 1760 3387 et
1786 3331 1977 3389 Helcia

395 3417 641 3473 thesauri
667 3421 898 3475 custode
922 3422 990 3476 ad
1020 3422 1297 3478 Neronem
1330 3424 1399 3480 de
1439 3440 1504 3480 ea
1530 3442 1588 3480 re
1617 3424 1973 3495 ablegarent:

393 3509 488 3578 qni
520 3511 572 3564 in
613 3513 844 3581 gratiam
872 3515 1109 3584 Puppea:
1151 3517 1338 3570 uxoris
1366 3532 1470 3586 pro
1500 3517 1706 3573 Judwis
1734 3518 1979 3572 interce-

394 3602 596 3666 dentis,
625 3603 920 3659 aediﬁcium
970 3605 1024 3660 id
1073 3622 1295 3661 manere.
1320 3608 1508 3678 jussit.
1533 3608 1773 3678 Poppaea
1809 3623 1977 3678 porro

394 3694 612 3750 caeteris
631 3695 893 3761 dimissis,
928 3698 1213 3753 lsmaelem
1243 3710 1300 3755 et
1330 3699 1572 3754 llelciam
1598 3699 1823 3755 obsides
1846 3700 1980 3754 reti-

394 3785 539 3840 nuit.
587 3786 709 3852 Quo
757 3789 997 3860 Agrippa
1052 3806 1147 3845 rex
1181 3791 1397 3857 audito,
1431 3792 1671 3862 Joscpho
1708 3792 1979 3849 Dccabizo

398 3876 641 3933 Simonis
677 3879 779 3934 viri
816 3883 1093 3950 pontificis
1129 3882 1242 3938 filio
1278 3924 1292 3947 ,
1320 3883 1528 3939 deinde
1579 3884 1774 3939 eodem
1800 3886 1979 3955 ejecto

394 3970 588 4027 Anauo
611 3974 786 4027 Λιιαηὶ
831 3975 944 4030 filio
984 3975 1363 4044 pontificatum
1409 3976 1645 4032 confert.
1703 3976 1752 4031 is
1790 3977 1981 4047 jnnior

398 4064 627 4119 Ananus
691 4067 1016 4134 pontificatu
1053 4079 1335 4137 suscepto,
1385 4069 1550 4123 homo
1596 4067 1883 4124 conﬁdens
1922 4077 1981 4123 et

400 4158 734 4211 temerarius
761 4196 777 4221 ,
833 4157 996 4213 Festo
1025 4168 1248 4214 mortuo
1274 4201 1289 4225 ,
1357 4161 1592 4230 ejusque
1661 4176 1981 4217 successore

394 4247 600 4303 Albino
623 4250 868 4305 nondum
902 4251 958 4306 in
981 4251 1229 4307 Judmam
1255 4252 1528 4323 profecm.
1561 4253 1773 4308 indicto
1797 4254 1981 4308 conci-

396 4339 495 4400 lio.
551 4349 612 4394 nt
663 4341 891 4411 Josephi
950 4342 1137 4398 verbis
1168 4355 1315 4409 utar,
1345 4342 1612 4399 Jacobum
1667 4343 1836 4409 Jesu,
1885 4344 1979 4414 qui

395 4431 651 4487 Christus
683 4434 907 4500 dicitur,
941 4437 1191 4500 fratrem,
1221 4447 1278 4492 et
1297 4436 1436 4491 alios
1467 4437 1738 4506 quosdam
1767 4438 1821 4490 in
1868 4451 1983 4492 me-

2079 3329 2272 3397 Τοίχον
2304 3327 2398 3381 οὖν
2426 3328 2754 3400 ἐγείρουσιν,
2802 3327 2862 3392 ὃς
2890 3328 2955 3382 οὐ
2988 3327 3092 3396 τῆς
3149 3323 3440 3397 βασιλικῆς
3483 3323 3663 3386 οἰκίας

2082 3416 2254 3486 μόνης
2301 3416 2403 3485 τήν
2450 3417 2655 3488 ἄποψιν
2689 3418 3054 3487 ὑπετέμνετο,
3103 3416 3241 3471 ἀλλά
3269 3419 3361 3469 καὶ
3392 3414 3494 3482 τῆς
3527 3414 3665 3485 πρὸς

2077 3508 2233 3561 δύσιν
2262 3511 2445 3579 στοᾶς,
2504 3508 2633 3563 ἔνθα
2677 3511 2776 3575 τὰς
2817 3511 3066 3580 φυλακάς
3121 3511 3173 3564 οἱ
3241 3509 3509 3583 Ῥωμαῖοι
3540 3510 3666 3571 ταῖς

2078 3602 2295 3671 ἑορταῖς
2319 3600 2606 3655 ἐποιοῦντο
2633 3602 2722 3657 διὰ
2751 3603 2813 3657 τὺ
2842 3605 3011 3674 ἱερόν.
3055 3604 3182 3656 Ἐπὶ
3206 3602 3417 3665 τούτοις
3447 3600 3666 3671 ἠγανά-

2079 3709 2283 3763 κτησεν
2326 3693 2659 3763 Ἀγρίππας,
2686 3694 2784 3747 καὶ
2802 3696 2964 3746 πλέον
2988 3695 3017 3747 6
3038 3693 3267 3762 Φῆστοτ,
3290 3693 3384 3746 καὶ
3411 3691 3665 3745 καθελεῖν

2081 3784 2173 3837 τὸν
2220 3785 2399 3853 τοῖχον
2450 3783 2724 3837 ἐϐούλετο.
2779 3785 2929 3837 Οἱδέ
2963 3785 3357 3855 παρεκάλεσαν
3377 3781 3665 3854 ἐνδοθῆναι

2081 3876 2288 3939 αὐτοῖς,
2309 3875 2573 3947 δεηθῆναι
2604 3876 2700 3931 τοῦ
2730 3877 3029 3946 Καίσαρος.
3064 3879 3171 3931 Καὶ
3207 3877 3667 3959 συγχωρήσριντος

2079 3969 2313 4037 Φήστου,
2356 3968 2636 4038 πέμπουσι
2669 3969 2806 4024 δέκα
2862 3973 2925 4022 ἐκ
2958 3970 3068 4023 τῶν
3122 3969 3356 4042 πρώτων
3393 3969 3532 4039 πρὸς
3561 3968 3669 4022 Νέ-

2085 4074 2254 4128 ρωνα,
2303 4060 2399 4112 καὶ
2451 4060 2684 4132 Ἰσμαὴλ
2718 4062 2810 4115 τὸν
2857 4063 3143 4134 ἀρχιερέα,
3178 4064 3273 4116 καὶ
3320 4062 3542 4116 Ἑλκίαν
3574 4061 3668 4116 τὸν

2080 4150 2460 4219 γαζοφύλακα.
2494 4153 2608 4206 Καὶ
2628 4153 2656 4204 6
2680 4152 2873 4224 Νέρων
2901 4157 2967 4224 τῇ
2992 4154 3216 4223 γυναικὶ
3235 4154 3499 4224 Ποππαίᾳ
3523 4152 3667 4223 ὑπὲρ

2083 4242 2360 4295 Ἰουδαίων
2394 4243 2625 4317 ἀξιούσῃ
2682 4244 3067 4316 χαριζόμενος,
3118 4246 3408 4298 ἐκέλευσεν
3440 4247 3538 4316 ὲᾷν
3564 4246 3667 4317 τὴν

2080 4339 2396 4409 οἰκοδομήν.
2429 4340 2540 4393 Καὶ
2574 4341 2607 4410 ἡ
2641 4341 2904 4395 Ποππαία
2932 4342 3061 4404 τοὺς
3094 4341 3194 4411 μὲν
3221 4340 3418 4405 ἄλλους
3450 4340 3668 4411 ἀφῆκεν

2084 4433 2431 4496 ἐπανελθεῖν,
2460 4436 2553 4487 τὸν
2579 4432 2635 4486 δέ
2667 4431 2898 4503 Ἰσμαὴλ
2914 4433 3008 4486 καὶ
3037 4432 3131 4485 τὸν
3176 4430 3394 4485 Ἑλκίαν
3429 4432 3667 4502 κατέσχε

396 4525 549 4578 dium
574 4526 895 4594 productos.
922 4528 1249 4583 vioiatarum
1274 4530 1456 4598 legum
1494 4544 1620 4584 reos
1641 4529 1792 4593 facit,
1816 4539 1872 4585 et
1898 4530 1976 4583 la-

2084 4531 2214 4599 πιιρ⁶
2242 4529 2410 4597 ἑαυτῇ
2438 4525 2842 4597 ὁμηρεύοντας.
2879 4525 2988 4579 Καὶ
3017 4528 3045 4579 ό
3071 4524 3326 4594 βασιλεὺς
3348 4524 3699 4595 Ἀγρίππας

396 4617 671 4685 pidandos
698 4628 874 4674 curat.
905 4618 964 4675 Id
990 4619 1194 4674 factum
1227 4621 1625 4676 modestissimi
1657 4624 1891 4693 quique,
1919 4632 1976 4677 et

2079 4625 2253 4681 ταῦτα
2283 4620 2609 4688 πυθόμενος,
2645 4619 2830 4672 δίδωσι
2865 4619 2965 4687 τὴν
2987 4618 3411 4689 ἀρχιερωσύνην
3456 4617 3665 4686 Ἰωσὴφ

395 4707 577 4777 legum
623 4708 1098 4763 observantissimi
1127 4711 1279 4765 cives
1327 4726 1471 4780 {egre
1503 4712 1780 4777 tulerunt,
1813 4728 1973 4767 eum-

396 4814 506 4868 que
531 4809 587 4855 et
609 4800 754 4869 apud
776 4800 1036 4856 Albinum
1060 4810 1118 4857 et
1138 4802 1281 4872 apud
1310 4803 1603 4873 Agrippam
1633 4802 1975 4861 detulerunt.

396 4892 767 4956 Quamobrem
815 4909 912 4948 rex
940 4893 991 4948 ei
1023 4894 1398 4963 pontiﬁcatum
1419 4935 1435 4961 ,
1489 4906 1604 4950 tres
1638 4912 1857 4953 menses
1908 4913 1977 4953 eo

395 4984 610 5045 functo,
634 4993 923 5054 ereptum,
967 4985 1198 5042 Mnaseae
1231 4986 1346 5042 filio
1370 4987 1500 5042 Jesu
1531 4988 1781 5044 tradidit.
1819 4991 1976 5045 Albi-

398 5092 504 5133 nus
540 5093 670 5132 vero
694 5092 820 5131 cum
846 5076 1222 5147 Hierosolyma
1252 5081 1518 5145 venisset,
1558 5097 1788 5151 operam
1825 5085 1980 5138 dedit

398 5176 462 5223 ut
484 5169 766 5237 provincia
805 5177 997 5237 pacata
1039 5180 1211 5233 esset.
1252 5171 1443 5225 multis
1484 5170 1701 5226 sicariis
1745 5173 1980 5228 interfe-

378 5260 526 5347 'ctis.
557 5260 799 5330 Agrippa
833 5261 962 5316 .lesu
992 5262 1239 5330 pontifici
1287 5262 1520 5317 Mnaseae
1553 5263 1664 5318 ﬁlio
1690 5278 1979 5319 successo-

400 5368 516 5406 rem
552 5355 645 5407 dat
667 5355 855 5409 Jesnm
895 5355 1214 5411 Gamalielis
1247 5356 1439 5411 filium.
1475 5356 1633 5410 Unde
1677 5357 1823 5411 inter
1844 5372 1992 5425 pon-,

402 5445 598 5511 tiﬁces,
633 5463 869 5516 quorum
892 5456 1127 5518 uterque
1149 5448 1551 5503 audacissimos
1579 5448 1684 5502 sibi
1727 5449 1982 5505 homines

401 5536 618 5601 ascivit,
639 5547 762 5594 orta
791 5540 1013 5604 seditio,
1043 5555 1072 5594 a
1095 5540 1366 5595 conviciis
1389 5554 1563 5607 usque
1592 5539 1660 5593 ad
1684 5539 1979 5609 lapidatio-

405 5644 532 5685 nem
560 5639 645 5685 est
669 5647 972 5701 progressa.
1004 5634 1087 5687 Ab
1113 5647 1179 5686 eo
1207 5642 1453 5700 tempore
1484 5630 1983 5700 Hierosolymitana

410 5723 547 5779 urbs
572 5725 807 5794 pessime
831 5724 1060 5787 habere,
1102 5733 1270 5794 atque
1300 5722 1483 5776 omnia
1536 5725 1588 5776 in
1628 5718 1786 5790 pejus
1819 5737 1983 5776 ruere

411 5825 722 5887 ceperunt.
754 5816 989 5872 Albinus
1059 5831 1190 5870 vero
1242 5830 1369 5869 cum
1409 5813 1696 5870 didicis'Set
1727 5813 1982 5870 Gessium

2077 4718 2157 4789 τῷ
2180 4714 2501 4785 καλουμένῳ
2523 4712 2825 4780 Δεκαϐίζῳ,
2855 4712 2957 4780 υίῷ
3004 4710 3099 4763 τοῦ
3129 4710 3667 4782 ἀρχιερατεύσαντος

2079 4810 2358 4879 Σίμωνοςο
2395 4803 2517 4857 εἶτα
2547 4803 2624 4872 τῷ
2665 4802 2896 4873 Ἀνάνῳ,
2923 4802 3024 4871 υἱῷ
3051 4801 3149 4855 τοῦ
3179 4803 3317 4854 Ἀνα
3351 4802 3583 4870 ταύτην,
3607 4795 3668 4866 ἐξ

2090 4900 2293 4969 Ἰωσὴφ
2355 4896 2693 4965 ἀφελόμενος
2742 4894 3224 4965 προσεκλήρωσεν.
3293 4884 3463 4957 Οὗτος
3519 4889 3668 4947 οὖνὸ

2079 4991 2199 5054 νέος
2224 4991 2393 5050 Ἀνας
2435 4987 2536 5058 τήν
2592 4987 3009 5056 ἀρχιερωσύνην
3042 4984 3427 5055 παρειληφὼς,
3458 4985 3668 5056 τολμηρ-

2078 5085 2203 5146 τίας
2234 5078 2305 5153 ἦν
2361 5080 2458 5136 καὶ
2508 5079 2738 5152 θρασύς.
2774 5078 2989 5147 Φήστου
3040 5076 3223 5129 τοίνυν
3258 5076 3538 5138 θανόντος,
3571 5075 3669 5128 καὶ

2093 5175 2345 5244 Ἀλϐίνου
2373 5173 2540 5244 μήπω
2572 5170 2970 5232 καταλαϐόντος
2997 5167 3094 5240 τὴν
3135 5167 3423 5229 Ἰουδαίαν,
3454 5166 3513 5229 ὃς
3546 5164 3669 5219 ἀντὶ

2081 5270 2294 5340 Φήστου
2342 5266 2495 5335 παρά
2544 5263 2799 5334 Νέρωνος
2842 5262 3046 5333 ἐστάλη
3083 5261 3184 5329 τῆς
3249 5260 3514 5322 ἰουδαίας
3546 5258 3670 5312 ἐπί-

2084 5376 2309 5431 τρόπος,
2332 5358 2567 5421 καθίσας
2596 5355 2900 5423 συνέδριον,
2935 5353 3002 5407 ἵν’
3027 5354 3215 5417 αὐτοῖς
3241 5355 3353 5416 τοῖς
3393 5352 3667 5421 Ἰωσήπου

2082 5451 2640 5524 χρήσωμαιρήμασι,
2677 5446 2919 5517 παράγει
2947 5443 3041 5497 τὸν
3087 5442 3317 5510 ἀδελφὸν
3359 5441 3541 5513 Ἰησοῦ
3572 5439 3669 5494 τοῦ

2083 5540 2382 5611 λεγομένου
2415 5537 2677 5610 Χριστοῦ,
2709 5535 2968 5599 Ἰάκωϐος
2993 5535 3170 5604 ὄνομα
3195 5532 3365 5602 αὐτῷ,
3391 5532 3485 5586 καί
3512 5540 3667 5596 τινας

2085 5637 2326 5706 ἐτέρους,
2377 5634 2453 5697 ὼς
2514 5631 3029 5702 παρανομησάντων
3082 5628 3409 5699 κατηγορῶν
3460 5627 3664 5690 αὐτῶν,

2086 5722 2187 5775 καὶ
2238 5720 2523 5791 παρέδωκε
2554 5720 3046 5791 λευσθησομένους.
3103 5720 3262 5772 ’Ὅσοι
3289 5718 3347 5771 δὲ
3377 5717 3488 5770 τῶν
3522 5716 3667 5772 κατὰ

2087 5814 2186 5888 τήν
2214 5814 2370 5868 πόλιν
2406 5812 2626 5868 ἐδόκουν
2668 5813 3097 5878 ἐπιεικέστατοι,
3139 5810 3235 5866 καὶ
3273 5811 3402 5883 περὶ
3422 5809 3554 5876 τοὺς
3582 5826 3668 5864 νο-
