4002 6250
275 410 384 474 509

1547 405 1958 467 ANNALIUM
1991 405 2142 467 LIB.
2189 404 2289 466 VL

3433 403 3545 480 510‘

277 540 412 592 μους
434 520 706 592 ἀκριϐεῖς,
741 519 954 591 βαρέως
984 521 1226 590 ἤνεγκαν
1245 520 1344 574 ἐπὶ
1369 519 1566 590 τούτῳ,
1603 522 1696 574 καὶ
1727 539 1860 575 κατ-

1970 521 2186 575 Florum
2215 520 2320 575 sibi
2357 534 2732 576 successorem
2755 519 2968 585 datum,
2999 523 3288 592 productis
3314 525 3538 596 vinctis,

274 619 430 667 εἶπον
451 613 620 666 αὑτοῦ
655 614 754 666 καὶ
784 613 922 683 πρὸς
955 612 1202 665 ’Δλῦῖνον
1234 614 1326 666 καὶ
1360 616 1499 684 πρὸς
1521 613 1858 684 ’Δγρίππαν.

277 707 373 758 Διὸ
401 708 503 776 τὴν
529 705 948 774 ἀρχιερωσύνην
971 706 1310 772 ἀφελόμενος
1343 707 1372 758 ὁ
1398 706 1654 773 βασιλεὺς
1677 707 1738 770 ἐξ
1766 707 1862 758 αύ-

276 797 398 862 τοῦ,
435 798 611 866 μῆνας
638 796 908 868 ἄρξαντος
935 799 1106 862 τρεῖς,
1141 796 1352 865 Ἰησοῦν
1387 796 1479 850 τὸν
1510 795 1605 849 τοῦ
1635 797 1861 850 Μνατέα

275 890 637 957 κατέστησεν.
694 888 940 950 ’Λλὸῐνος
999 889 1043 942 δ’
1095 886 1273 940 ἐλθὼν
1330 889 1414 951 εἰς
1477 889 1856 958 Ἰεροσόλυμα,

279 979 520 1048 σπουδὴν
555 980 874 1049 εἰσήνεγκεν
908 978 1214 1047 εἰρηνεύειν
1239 978 1340 1048 τὴν
1363 977 1571 1048 χώραν,
1611 979 1706 1030 καὶ
1734 977 1864 1029 πο).-

276 1072 407 1136 λοίις
446 1069 558 1122 τῶν
582 1071 858 1139 Σικαρίων
883 1069 1212 1139 διέφθειρεν.
1248 1069 1568 1138 Ἀγρίππας
1587 1068 1644 1120 δὲ
1677 1067 1860 1120 δίδωσι

273 1164 382 1233 τὴν
405 1163 822 1235 ἀρχιερωσύνην
853 1164 1030 1228 Ἰησοῦ
1061 1163 1137 1232 τῷ
1159 1164 1256 1216 τοῦ
1293 1163 1598 1232 Γαμαλιὴλ,
1652 1161 1862 1224 παύσας

274 1257 372 1308 τὸν
406 1255 502 1308 τοῦ
529 1254 757 1309 Μνασέα
786 1253 1018 1323 Ἰησοῦν.
1047 1253 1243 1315 Στάσις
1275 1254 1368 1307 οῦν
1396 1271 1506 1306 των
1554 1254 1861 1324 ἀρχιερέων

273 1346 521 1414 ἐγένετο,
545 1347 1133 1417 προσεταιρισαμένων
1162 1346 1292 1408 τοὺς
1336 1345 1732 1416 θρασυτάτους,
1766 1344 1861 1397 καὶ¹

275 1434 447 1502 μέχρι
476 1434 642 1487 λίθων
673 1435 706 1504 ἡ
740 1436 931 1497 στάσις
962 1433 1023 1499 ἐξ
1051 1435 1265 1504 ῦὸρεων
1288 1435 1398 1486 τῶν
1428 1434 1566 1504 πρὸς
1594 1434 1862 1504 ἀλλήλους

272 1523 696 1596 προύχώρησεν.
729 1525 895 1580 Ὅθεν
923 1524 984 1590 ἐξ
1012 1526 1228 1578 ἐκείνου
1261 1525 1352 1578 τοῦ
1390 1527 1584 1596 χρόνου
1624 1526 1859 1594 μάλιστα

274 1616 465 1675 κακῶς
485 1616 631 1686 ἔχειν
654 1617 751 1688 τὴν
769 1619 876 1671 τῶν
909 1618 1180 1688 Ἰεροσολύ
1189 1636 1306 1687 μων
1334 1618 1494 1672 πόλιν
1518 1619 1857 1687 συμϐέϐηκε,

273 1709 372 1761 καὶ
407 1710 584 1762 πάντα
620 1710 710 1762 ἐπὶ
764 1709 826 1762 τὸ
885 1713 1074 1780 χεῖρον
1121 1711 1486 1780 προέκοπτον.
1527 1710 1773 1773 Ἀλϐῖνος
1801 1713 1858 1764 δὲ

272 1802 467 1856 Γέσιον
491 1803 711 1874 Φλῶρον
738 1803 928 1873 μαθὼν
963 1805 1319 1872 ἀφικνεῖσθαί
1348 1807 1398 1858 οἱ
1427 1805 1695 1873 διάδοχον,
1728 1823 1859 1874 προ-

275 1893 505 1962 αγαγὼν
531 1871 658 1958 τοῦς
704 1871 1015 1964 δεσμώτας,
1051 1895 1167 1949 ὅσοι
1219 1892 1362 1968 ἦσαν
1399 1896 1550 1966 αὐτῷ
1583 1871 1864 1968 προδήλιι›ς
1897 1871 1938 1926 Β

275 1985 464 2038 θανεῖν
509 1985 675 2052 ἄξιοι,
727 1985 954 2048 τούτους
1005 1987 1104 2056 μὲν
1127 1986 1490 2057 ἀναιρεθῆναι
1516 1985 1820 2058 προσέταξε
1846 2005 1862 2020 ο

273 2079 406 2140 τοὺς
427 2077 472 2131 δ’
506 2079 569 2130 ἐκ
597 2078 812 2149 μικρῶν
845 2079 1038 2132 αἰτιῶν
1086 2079 1282 2150 καθειρ
1296 2079 1548 2147 γμένους,
1603 2081 1864 2150 χρήματα

274 2171 574 2240 λαμϐάνων
633 2171 860 2226 ἀπέλυε.
907 2173 1031 2226 Καὶ
1069 2171 1248 2236 οὕτως
1307 2175 1340 2241 ἡ
1379 2175 1479 2242 μὲν
1533 2175 1725 2247 εἱρκτὴ
1750 2176 1861 2230 τῶν

278 2261 579 2330 δεσμωτῶν
613 2261 881 2332 ὲκενώθη,
915 2265 947 2334 ἠ
994 2262 1148 2333 χώρα
1180 2263 1236 2316 δὲ
1270 2264 1488 2334 λῃστῶν
1539 2265 1860 2337 ἐπληρώθη.

288 2354 350 2406 '0
383 2354 426 2406 δ’
465 2353 780 2425 ’Λγρίππας
809 2355 902 2406 τον
929 2353 1026 2408 τοῦ
1060 2353 1349 2426 Γαμαλιὴλ
1396 2355 1610 2425 Ἰησοῦν
1639 2360 1738 2428 τῆς
1764 2360 1860 2428 ἀρο

277 2443 623 2513 χιερωσύνης
647 2444 896 2497 ἐκϐαλὼν
941 2445 1162 2516 Ματθίᾳ
1189 2445 1264 2516 τῷ
1294 2446 1542 2518 Θεοφίλῳ
1575 2451 1861 2519 προσένει-

281 2552 408 2603 μεν,
437 2530 603 2604 ὲφόὗ
627 2537 656 2588 ό
688 2537 828 2606 πρὸς
863 2537 1173 2607 Ῥωμαίους
1200 2538 1407 2609 ήρξατο
1424 2539 1685 2610 πόλεμος.
1720 2543 1862 2612 Ἤρ-

279 2625 411 2688 ξατο
443 2628 542 2695 μὲν
575 2623 670 2680 οῦν
699 2631 732 2698 ὴ
765 2628 1158 2698 ἀρχιερωσύνη
1191 2628 1252 2693 ἐξ
1289 2630 1506 2700 ’Δαρών
1527 2647 1540 2660 ·
1603 2632 1854 2703 τελευτή·

279 2734 476 2780 σαντος
503 2719 561 2772 δὲ
591 2720 802 2773 ἐκείνου
824 2723 874 2774 οἱ
906 2721 1099 2783 παῖδες
1128 2720 1297 2774 αὐτοῦ
1329 2723 1505 2792 αὐτὴν
1537 2722 1861 2790 διεδέξαντο,

275 2813 375 2864 καὶ
425 2810 487 2876 ἐξ
537 2812 766 2866 δκείνων
812 2817 928 2876 τοῖς
981 2815 1078 2867 ἀπ’
1108 2814 1291 2868 αὐτῶν
1320 2813 1658 2885 διέμεινενὴ
1703 2816 1862 2885 τιμή.

1961 629 2056 668 eos
2079 617 2171 683 qui
2199 614 2485 670 manifeste
2524 628 2713 669 necem
2762 624 3099 681 meruerant,
3127 617 3301 672 occidi
3325 620 3490 690 jussit
3523 638 3540 688 ;

1961 706 2056 775 qui
2086 721 2216 759 vero
2244 705 2315 759 ob
2367 721 2534 776 parva
2583 705 2816 760 crimina
2851 706 2906 759 in
2935 716 3214 762 carcerem
3259 712 3533 777 compacti

1961 797 2200 860 fuerant,
2232 811 2330 852 eos
2349 807 2570 868 accepta
2596 798 2825 858 pecunia
2850 799 3081 854 dimisit.
3099 800 3174 853 Ita
3201 815 3392 855 carcer
3417 820 3533 858 ina-

1961 891 2132 944 leticis
2157 889 2334 945 factus
2361 900 2444 944 est
2498 905 2726 955 vacuus,
2771 892 2920 961 regio
2957 892 3264 947 latronibus
3295 893 3523 948 referta.

1961 982 2220 1050 Agrippa.
2261 982 2390 1037 Jesu
2411 981 2731 1037 Gamalielis
2774 980 2888 1034 filio
2928 983 3130 1052 ejecto,
3157 983 3538 1050 pontificatum

1960 1074 2200 1128 Matthiae
2232 1074 2537 1144 Theophilo
2563 1074 2878 1143 assignavit,
2911 1073 3011 1127 sub
3047 1087 3157 1141 quo
3187 1073 3390 1127 bellum
3421 1076 3532 1128 Ro-

1961 1180 2182 1218 manum
2207 1165 2394 1234 empit.
2425 1166 2494 1218 At
2518 1163 2869 1234 pontiﬁcatus
2900 1163 3054 1217 initia
3079 1172 3206 1218 sunt
3228 1164 3296 1218 ab
3321 1166 3538 1220 Aarone

1961 1256 2227 1326 profecta,
2253 1256 2340 1309 cui
2365 1255 2625 1309 defuncto
2655 1254 2748 1308 filii
2781 1269 3082 1323 eorumque
3139 1255 3344 1324 posteri
3385 1256 3440 1308 in
3472 1271 3540 1310 eo

1962 1349 2172 1404 honore
2193 1356 2603 1403 successerunt.
2641 1347 2798 1402 Unde
2831 1359 3112 1416 receptum
3148 1347 3292 1417 apud
3317 1349 3540 1404 Iudaeos

1962 1441 2087 1505 fuit,
2120 1455 2190 1494 ne
2215 1440 2304 1494 cui
2341 1440 2424 1492 vel
2466 1439 2581 1506 regi
2623 1438 2978 1508 pontificatus
3011 1440 3290 1508 expetenti
3328 1439 3542 1493 tribue-

1963 1540 2136 1594 retur,
2189 1531 2295 1585 nisi
2337 1530 2406 1585 iis
2457 1530 2551 1599 qui
2595 1539 2782 1584 essent
2813 1545 2881 1585 ex
2927 1531 3193 1599 sanguine
3241 1529 3536 1584 Aaronio:

1962 1625 2065 1679 etsi
2101 1639 2165 1678 ea
2220 1624 2569 1678 consuetudo
2620 1639 2729 1678 non
2779 1633 3050 1693 perpetuo
3095 1622 3384 1676 observata
3433 1631 3539 1676 est.

1964 1714 2258 1769 Pontifices
2304 1713 2374 1768 ab
2398 1713 2616 1769 Aarone
2661 1729 2835 1783 usque
2869 1714 2935 1768 ad
2972 1714 3257 1778 Phineem,
3306 1713 3361 1766 in
3396 1712 3542 1766 bello

1963 1823 1994 1861 a
2045 1807 2324 1861 seditiosis
2363 1806 2726 1870 declaratum,
2755 1806 2914 1875 291
2974 1821 3033 1859 ιιι
3082 1813 3136 1860 et
3190 1821 3330 1858 Lxxx
3364 1803 3540 1858 fuere.

1967 1899 2162 1954 Gesius
2218 1908 2402 1952 autem
2455 1899 2650 1952 Florus
2698 1898 2882 1951 Albini
2935 1912 3256 1959 successor,
3325 1895 3544 1951 Judwos

1967 1990 2222 2059 plurimis
2251 1991 2527 2059 oppressit
2557 1987 2748 2049 malis;
2790 2003 2917 2042 nam
2951 1995 3163 2041 tantum
3188 1987 3542 2055 improbitate

1965 2082 2251 2145 excelluit,
2283 2091 2344 2135 ut
2383 2091 2610 2151 propter
2637 2081 2906 2149 insignem
2941 2079 3066 2148 ejus
3095 2079 3539 2140 maleficentiam,

1967 2173 2148 2226 Albini
2192 2173 2553 2227 beneficentia
2606 2172 2937 2226 celebretur.
2986 2169 3120 2224 Nam
3174 2170 3263 2224 hic
3318 2170 3540 2238 quilem

1971 2264 2235 2319 malitiam
2263 2279 2418 2318 suam
2445 2264 2727 2318 occultare
2757 2261 2994 2327 studuit,
3027 2277 3089 2317 ac
3121 2261 3354 2316 sollicite
3379 2263 3540 2325 cavit,

1969 2373 2038 2412 ne
2076 2372 2189 2411 suta
2230 2357 2444 2426 injuriae
2489 2355 3064 2426 deprehenderentur.
3117 2353 3313 2408 Florus
3357 2363 3542 2406 autem

1970 2449 2151 2519 palam
2185 2458 2349 2518 atque
2381 2447 2736 2517 impudenter
2781 2446 3130 2517 iniquitatem
3159 2445 3214 2500 in
3251 2446 3542 2515 populum,

1967 2550 2023 2595 et
2052 2539 2207 2610 quasi
2247 2556 2344 2608 per
2367 2541 2798 2594 ostentationem
2831 2539 3100 2594 exercuit.
3129 2537 3236 2593 Sed
3276 2551 3542 2608 quorsum

1969 2633 2166 2687 attinet
2194 2633 2314 2701 ejus
2343 2633 2552 2686 scelera
2601 2630 2919 2701 singulatim
2963 2645 3276 2692 recensere.
3304 2645 3426 2684 cum
3455 2642 3546 2683 res

1967 2723 2159 2792 paucis
2181 2723 2430 2791 expediri
2456 2733 2658 2792 queat:
2684 2723 2778 2792 qui
2809 2722 3029 2778 Juda-os
3056 2722 3258 2776 bellum
3281 2719 3546 2775 Romanis

1963 2809 2171 2865 inferre
2213 2810 2481 2879 coegerit,
2537 2811 2758 2865 Florum
2792 2811 3005 2865 fuisse?
3058 2811 3115 2865 ld
3164 2825 3295 2866 vero
3338 2809 3546 2864 bellum

279 2903 449 2956 Ὅθεν
470 2903 701 2972 πάτριον
728 2901 796 2977 ἦν
817 2904 1119 2968 Ἰουδαίοις,
1154 2905 1362 2976 μηδένα
1393 2905 1494 2973 τὴν
1518 2907 1861 2977 ἀρχιερωσύ-

1970 2905 2131 2973 ccepit
2184 2905 2432 2959 secundo
2467 2919 2612 2958 anno
2653 2905 3062 2974 procurationis
3097 2904 3267 2967 Flori,
3317 2916 3544 2957 monar-

277 3012 379 3064 νην
416 2995 738 3064 λαμϐάνειν,
788 2997 892 3050 κᾶν
930 2997 1187 3067 βασιλεὺς
1221 2993 1288 3068 ἦν
1335 2997 1510 3066 αὐτῆς
1538 2997 1850 3068 ἐφιέμενος,

1970 3001 2095 3078 ;hiae
2124 3001 2358 3056 Neronis
2389 3000 2743 3055 duodecimo.

276 3091 328 3142 sl
359 3089 434 3158 μὴ
458 3089 581 3151 τοὺς
604 3089 663 3155 ἐξ
695 3091 926 3160 αἵματος
954 3088 1168 3158 Ἀαρών
1189 3106 1201 3119 ·
1229 3091 1278 3143 εί
1302 3090 1398 3142 καὶ
1425 3089 1486 3143 οὐ
1519 3089 1684 3162 μέχρι
1747 3091 1953 3154 παντὸς
2007 3092 2068 3145 τὸ
2116 3091 2238 3156 ἔθος
2272 3091 2432 3145 τοῦτο
2503 3091 2794 3162 τετήρητο.
2843 3089 3132 3157 Ἐγένοντο
3185 3087 3279 3143 οὖν
3338 3089 3545 3151 πάντες

277 3182 388 3235 ἀπὸ
419 3181 632 3250 Ἀαρὼν
659 3182 820 3251 μέχρι
846 3183 1029 3244 Φινεὲς
1059 3181 1153 3235 τοῦ
1183 3182 1326 3234 κατά
1351 3181 1446 3235 τὸν
1476 3182 1716 3252 πόλεμον
1779 3183 1884 3235 ὑπὸ
1919 3183 2032 3236 τῶν
2099 3184 2513 3238 στασιασάντων
2567 3181 3001 3253 ἀναδειχθέντος.
3060 3181 3394 3252 ὀγδοήκοντα
3445 3191 3545 3242 καὶ

276 3277 448 3344 τρεῖς.
498 3275 687 3337 Γέσιος
740 3274 797 3328 δὲ
854 3275 1091 3346 Φλῶρος,
1138 3277 1217 3337 είς
1270 3275 1534 3329 Ἰουδαίαν
1585 3275 1832 3328 ’Δλϐίνου
1891 3277 2134 3346 διάδοχος
2179 3278 2534 3348 ἀφικόμενος,
2581 3277 2794 3330 πολλῶν
2873 3276 3174 3346 ἐνέπλησεν
3250 3276 3548 3332 Ἰουδαίους

279 3365 490 3417 κακῶν.
526 3363 790 3416 Τοσοῦτον
818 3362 873 3415 δὲ
901 3364 1094 3430 γέγονε
1138 3364 1418 3425 κάκιστος,
1449 3361 1590 3415 ὥστε
1627 3362 1716 3416 διὰ
1745 3364 2198 3435 τὴνύπερόολὴν
2225 3366 2324 3435 τῆς
2387 3365 2556 3419 αὐτοῦ
2622 3365 2822 3428 κακίας
2857 3363 3202 3418 ἐπαινεῖσθαι
3229 3364 3322 3416 τὸν
3365 3363 3546 3416 Ἀλϐῖ-

278 3474 370 3510 νον
395 3457 469 3515 ώς
500 3454 819 3524 εὐεργέτην.
856 3456 916 3507 '0
950 3455 1048 3524 μὲν
1071 3457 1179 3525 γὰρ
1208 3454 1307 3523 τὴν
1331 3454 1597 3524 πονηρίαν
1661 3455 1998 3525 ἐπέκρυπτε,
2061 3458 2156 3509 καὶ
2187 3457 2410 3524 ἀδικῶν,
2482 3457 2558 3530 μὴ
2598 3457 2848 3526 γίνεσθαι
2912 3457 3239 3528 κατάφωρος
3283 3455 3548 3508 ἔσπευδε·

277 3550 498 3620 Φλῶρος
533 3550 590 3602 δὲ
630 3547 1116 3616 ἀπαρακαλύπτως
1160 3549 1255 3600 καὶ
1284 3547 1516 3609 ἀναιδῶς
1557 3548 1658 3610 τὰς
1691 3547 1772 3610 είς
1839 3547 1899 3599 τὸ
1973 3547 2125 3611 ἔθνος
2181 3551 2529 3622 παρανομίας
2583 3551 2796 3612 ὲποίει,
2839 3549 3028 3619 ὥσπερ
3078 3549 3544 3616 ἐπιδεικνύμενος.

281 3646 394 3697 Καὶ
443 3642 496 3696 τί
533 3641 616 3694 δεῖ
643 3638 751 3691 τῶν
785 3640 994 3692 ἐκείνου
1040 3639 1227 3693 κακῶν
1296 3637 1630 3709 ἀπαριθμῶν
1678 3636 1740 3690 τὸ
1810 3636 1933 3691 καθ’
1973 3637 2241 3706 ἓκαστον;
2293 3642 2563 3695 Τοσοῦτον
2611 3643 2656 3693 δ’
2701 3639 2872 3693 εἰπὼν
2913 3639 3140 3710 δηλώσω
3188 3640 3250 3692 τὸ
3303 3641 3432 3699 πᾶν,
3464 3637 3560 3693 ὅτι-

279 3723 310 3774 δ
357 3733 486 3793 τοὺς
546 3727 834 3789 Ἰουδαίους
888 3729 979 3781 τὸν
1038 3730 1174 3800 πρὸς
1248 3729 1558 3798 Ῥωμαίους
1617 3727 1856 3796 ἄρασθαι
1920 3730 2158 3800 πόλεμον
2213 3731 2547 3800 βιασάμενος
2597 3732 2815 3801 Φλῶρος
2865 3726 2956 3800 ἦν.
3048 3730 3250 3783 Ἐλαόε
3331 3730 3391 3782 δὲ
3449 3726 3561 3797 τὴν.

282 3825 461 3896 ἀρχὴν
521 3826 548 3878 ὁ
603 3824 839 3894 πόλεμος
879 3823 1117 3895 δευτέρῳ
1169 3823 1269 3893 μὲν
1324 3822 1434 3874 ἔτει
1489 3822 1592 3890 τῆς
1636 3821 1858 3892 Φλώρου
1936 3825 2258 3895 ἐπιτροπῆς,
2313 3825 2604 3894 δωδεκάτῳ
2677 3826 2735 3879 δὲ
2782 3825 2882 3894 τῆς
2929 3823 3234 3894 μοναρχίας
3278 3820 3376 3876 τοῦ
3435 3821 3548 3874 Νέ-

288 3932 479 3984 ρωνος.

355 4009 460 4066 lH'.
506 4007 788 4062 Ἐντεῦθεν
817 4007 910 4062 οῦν
941 4007 975 4077 ἡ
996 4004 1105 4058 τῶν
1134 4003 1404 4058 Ἰουδαίων
1437 4003 1750 4058 ἀποστασία
1781 4005 1860 4068 εἰς

2041 4004 2224 4059 XVIII.
2292 4003 2431 4058 Hinc
2491 4002 2662 4074 igitur
2717 4000 3035 4056 Iudaeorum
3072 3998 3312 4053 defectio
3367 3997 3558 4067 palam

288 4105 566 4177 προῦπτον
598 4100 900 4175 ἀνερράγη,
931 4099 1026 4152 καὶ
1059 4100 1088 4151 ὁ
1127 4098 1363 4166 πόλεμος
1401 4096 1623 4167 ἤρξατο.
1665 4098 1866 4167 Amm.

1973 4098 2197 4166 erupit'.
2246 4096 2566 4164 bellumque
2625 4094 2841 4163 coepit:
2881 4093 3041 4162 cujus
3087 4089 3334 4161 singulos
3376 4090 3556 4144 veluti-

290 4199 488 4251 σασθαι
515 4196 572 4249 δὲ
605 4194 795 4247 τούτου
830 4192 1064 4254 ἕκαστα,
1095 4190 1342 4252 πλείονος
1373 4191 1438 4242 ἂν
1470 4190 1680 4256 γένοιτο
1721 4207 1866 4259 πρα-

1974 4199 2129 4244 actus
2153 4189 2381 4251 referre,
2416 4187 2642 4257 majoris
2674 4200 2856 4255 operae
2883 4184 3073 4248 fuerit,
3099 4199 3262 4252 quam
3298 4182 3554 4238 instituta

293 4289 566 4359 γματείας
611 4287 644 4358 ἢ
698 4285 842 4338 κατά
876 4284 976 4354 τὴν
1009 4282 1290 4351 παροῦσαν
1335 4283 1673 4351 ἐγχείρησιν.
1711 4282 1870 4334 ’Λλλά

290 4384 359 4436 τὰ
396 4382 496 4452 μὲν
526 4379 665 4433 ἀλλα
699 4376 858 4432 ἐᾶσαί
897 4393 988 4445 μοι
1024 4376 1297 4444 κέκριται,
1342 4374 1476 4444 μόνα
1511 4375 1554 4428 δ’
1588 4377 1872 4443 ἐπιτεμεῖν

293 4475 358 4527 τὰ
407 4473 540 4544 περὶ
593 4473 693 4540 τῆς
737 4468 994 4530 ἁλώσεως
1047 4467 1155 4519 τῶν
1219 4464 1610 4535 Ἰεροσολύμων
1668 4465 1869 4519 αὐτῶν.

295 4562 703 4624 Οὐεσπασιανὸς
758 4561 868 4629 γὰρ
921 4560 1070 4630 παρά
1126 4558 1402 4629 Νέρωνος,
1455 4556 1719 4624 μαθόντος
1773 4557 1872 4626 τὴν

305 4658 580 4713 Ἰουδαίων
629 4655 992 4716 ἀποστασίαν,
1037 4652 1134 4721 τὴν
1177 4651 1270 4702 τοῦ
1313 4649 1550 4719 πολέμου
1606 4649 1876 4716 διοίκησιν

298 4750 632 4812 πιστευθεὶς,
666 4749 724 4800 οὐ
764 4746 1002 4812 πρώτοις
1033 4745 1141 4805 τοῖς
1177 4741 1581 4812 Ἰεροσολύμοις
1614 4741 1878 4811 προσέϐα-

296 4843 402 4909 λεν,
439 4841 580 4896 ἀλλά
625 4841 722 4903 τὰς
753 4839 857 4891 ὑπὸ
897 4837 996 4908 τὴν
1036 4835 1371 4906 μητρὸπολιν
1403 4833 1638 4886 ἔσπευσε
1681 4832 1880 4902 πρότε-

301 4953 388 5003 ρον
413 4935 560 4988 ἑλεῖν
595 4932 799 4993 πόλεις,
839 4933 928 4982 καὶ
975 4929 1147 4988 οὕτως
1176 4927 1346 4998 αὐτὴν
1382 4925 1756 4996 χειρώσασθαι
1781 4922 1878 4993 τὴν

1975 4282 2218 4336 brevitas
2252 4281 2478 4348 patitur.
2507 4278 2688 4344 Quare
2716 4276 2931 4332 caeteris
2959 4275 3205 4342 omissis,
3236 4261 3550 4343 [lierosttly-

1976 4385 2191 4424 morum
2224 4368 2491 4423 duntaxat
2516 4368 2792 4422 excidium
2829 4365 3162 4434 compendio
3196 4363 3406 4420 referre
3447 4366 3550 4420 de-

1977 4461 2307 4518 crevi.Nam
2345 4461 2564 4532 cognita
2610 4459 2926 4515 Judaeorum
2975 4457 3310 4521 defectione,
3343 4458 3553 4527 Vespa—

1975 4555 2182 4616 sianus,
2213 4553 2298 4609 cui
2326 4553 2466 4607 Nero
2486 4553 2613 4606 belli
2644 4551 3181 4606 administrationem
3219 4549 3552 4614 crediderat,

1972 4662 2084 4700 non
2150 4645 2526 4715 Hierosolyma
2577 4642 2776 4696 invasit
2826 4643 3104 4710 primum,
3170 4640 3266 4694 sed
3321 4639 3563 4696 urbibus

1974 4734 2266 4804 metropoli
2305 4732 2570 4803 subjectis
2609 4732 2765 4802 prius
2796 4729 3145 4800 expugnatis.
3185 4739 3300 4784 tum
3329 4729 3554 4785 demunt

1976 4828 2149 4896 ipsam
2203 4840 2424 4895 quoque
2473 4824 2698 4878 domare
2752 4822 3012 4876 instituit.
3049 4821 3328 4891 Occupata
3390 4821 3559 4891 igitur

1976 4919 2340 4980 Ptolemaide,
2371 4932 2494 4972 cum
2543 4917 2657 4969 filio
2713 4915 2860 4973 Tito.
2897 4915 3086 4984 quiab
3137 4930 3205 4969 eo
3252 4930 3316 4968 ex
3349 4913 3560 4968 Achaia

300 5023 661 5095 μητρόπολιν.
709 5018 1051 5074 Καταλαδὼν
1091 5016 1182 5070 οὖν
1228 5017 1326 5084 τὴν
1381 5013 1747 5081 Πτολεμαΐδα.
1780 5011 1866 5063 γα]

1979 5009 2201 5072 missus,
2240 5007 2332 5061 ubi
2370 5006 2648 5062 a'Neroue
2697 5005 2826 5059 belli
2858 5005 2967 5058 dux
3001 5005 3319 5074 designatus
3351 5003 3558 5066 fuerat,

299 5115 522 5177 équs‘t;
555 5115 614 5166 ὲν
645 5112 784 5179 αὐτῇ
812 5109 890 5178 τῷ
919 5108 1018 5177 υἱῷ
1049 5108 1194 5176 Τίτῳ
1234 5103 1292 5168 ἐξ
1328 5101 1737 5171 Ἀλεξανδρείας
1766 5100 1872 5167 ἀφ-

301 5211 564 5279 ικομέκῳ,
593 5209 684 5260 καὶ
715 5206 774 5258 τι
805 5201 1300 5255 πεντεκαιδέκατον
1344 5197 1534 5266 τάγμα
1569 5194 1875 5265 κομίζοντι,

301 5301 549 5354 σταλέντι
586 5296 720 5366 παρ’
749 5293 916 5348 αὑτοῦ
950 5293 1008 5358 ἐξ
1042 5291 1288 5361 Ἀχαΐας,
1318 5288 1452 5340 ὅπου
1508 5285 1601 5338 τοῦ
1636 5285 1874 5352 πολέμου

303 5392 608 5464 στρατηγὸς
641 5385 1057 5458 κεχειροτόνητο
1097 5381 1247 5452 παρά
1283 5380 1534 5448 Νέρωνος
1577 5377 1657 5447 (ὲν
1686 5375 1880 5445 Ἀχαία

300 5490 407 5560 γὰρ
470 5489 771 5558 ἐτύγχανεν
829 5482 904 5534 ὢν
963 5481 1195 5540 ἐκεῖνος,
1239 5478 1328 5530 ὅτε
1377 5475 1411 5544 ἡ
1451 5473 1558 5526 τῶν
1603 5471 1874 5523 Ἰουδαίων

300 5580 614 5636 ἀποστασία
661 5571 1008 5644 κατηγγέλθη
1057 5568 1230 5640 αὐτῷ)
1275 5565 1415 5619 κατά
1461 5565 1558 5631 τῆς
1586 5561 1875 5623 Γαλιλαίας

305 5674 574 5745 πρότερον
631 5668 882 5738 ὥρμησε,
932 5666 1026 5718 καὶ
1069 5664 1138 5733 τῇ
1178 5659 1332 5713 πόλει
1385 5657 1492 5710 τῶν
1531 5655 1877 5708 Ἰωταπάτων

307 5768 500 5838 πρώτῃ
530 5758 877 5832 προσϐαλὼν,
908 5755 1003 5809 καὶ
1026 5754 1116 5808 ἐπὶ
1148 5749 1557 5818 τεσσαράκοντα
1586 5746 1877 5816 πολιορκή-

313 5876 408 5922 σας
440 5859 678 5929 ἡμέρας,
713 5853 904 5921 πορθεῖ
937 5851 1034 5921 μὲν
1070 5847 1258 5919 αὐτὴν,
1297 5844 1439 5914 αἱρεῖ
1480 5842 1534 5896 δὲ
1566 5841 1654 5894 τὸν
1691 5839 1878 5908 Ἰώση-

1982 5102 2255 5170 legionem
2310 5099 2577 5154 decimam
2631 5098 2882 5167 quintam
2932 5096 3266 5151 Alexandria
3303 5094 3542 5149 adduxe-

1986 5204 2091 5256 rat,
2138 5209 2196 5248 se
2229 5193 2531 5264 conjunxit.
2569 5192 2773 5247 Neroni
2811 5192 2955 5244 enim
2986 5192 3041 5244 in
3070 5189 3274 5244 Achaia
3308 5187 3559 5255 degenti,

1989 5286 2308 5340 Judmorum
2341 5285 2577 5340 defectio
2595 5285 2845 5338 nuntiata
2874 5281 2998 5336 fuit.
3022 5281 3099 5336 Ac
3133 5279 3409 5334 Galilaeam
3438 5279 3559 5348 pri.

1987 5393 2136 5431 mum
2185 5392 2495 5448 aggressus,
2543 5376 2812 5446 Jolapatis
2855 5373 3048 5428 diebus
3079 5388 3144 5426 χι
3205 5373 3561 5441 expugnatis,

1978 5471 2280 5540 Josephum
2333 5469 2568 5524 Galilzea:
2615 5469 2832 5532 ducem,
2865 5467 2982 5535 ejus
3005 5464 3162 5518 urbis
3206 5463 3560 5522 defensorem

1981 5561 2146 5631 cepit.
2185 5560 2316 5614 Inde
2345 5560 2450 5614 alia
2475 5559 2696 5613 castella
2723 5566 2890 5626 atque
2913 5555 3195 5624 oppidula,
3236 5556 3436 5624 partim
3459 5555 3556 5610 de-

1982 5653 2213 5714 ditione.
2247 5651 2450 5721 partim
2484 5649 2770 5704 obsidione
2804 5649 3067 5703 Romanis
3100 5663 3295 5718 parere
3347 5648 3553 5718 coegit.

1983 5747 2054 5800 lis
2085 5745 2196 5815 jam
2224 5741 2488 5798 confectis
2513 5781 2528 5805 ,
2566 5740 2632 5794 ad
2682 5740 2854 5809 ipsam
2901 5739 3252 5810 metropolim
3286 5737 3559 5794 obsidens

1983 5837 2107 5892 dam
2165 5852 2223 5892 se
2279 5834 2618 5905 aceingehat,
2674 5832 3046 5891 seditionibus
3091 5844 3148 5889 et
3213 5830 3562 5890 fartionibus
