4002 6250
441 365 542 432 511

1701 362 2028 427 JO.—\NNIS
2077 362 2398 425 ZONAR‘E

3601 359 3707 425 512

439 483 580 540 adeo
613 481 892 546 alllirtam,
919 490 982 536 ut
1021 479 1170 536 civili
1227 478 1374 533 bello
1426 489 1484 535 et
1514 480 1725 535 mutuis
1774 481 2018 537 caedibus

2127 498 2226 534 πον
2259 477 2673 550 στρατηγοῦντα
2701 475 2799 548 τῆς
2827 473 3141 538 Γαλιλαίας,
3167 473 3382 545 καὶτῆς
3406 475 3708 546 εἰρημένης

440 578 587 631 inter
617 591 740 631 sese
764 581 1096 645 grassantes,
1136 573 1387 627 homines
1422 572 1668 627 bellicosi
1703 572 2017 628 interirent.

445 666 644 721 Verum
689 667 741 720 id
781 668 901 736 ejus
925 665 1222 720 consilium
1263 665 1498 720 nuntius
1532 666 1600 720 de
1646 666 1888 733 Nerone,
1925 668 2055 738 qui‘

442 759 648 813 amisso
705 756 936 822 imperio
990 757 1130 812 ciant
1202 758 1375 811 Roma
1429 756 1804 826 profugisset,
1859 769 2022 828 atque

445 864 562 916 ipse
615 847 718 900 sibi
757 862 953 902 manus
987 848 1286 910 attulisset,
1328 848 1614 916 repressit.
1652 847 1862 901 Deinde
1897 863 2022 902 eum

445 939 670 993 Galbam
715 937 950 1007 imperio
995 939 1228 1007 potitum
1270 953 1390 993 esse
1423 939 1773 1008 cognovisset
1799 937 2022 1002 ,Titum

451 1031 601 1084 misit
653 1030 720 1083 ad
749 1046 874 1083 eum
916 1031 1288 1095 salutandum,
1315 1039 1373 1086 et
1407 1031 1844 1100 percontandum
1891 1031 2024 1101 quid

448 1123 518 1177 dc
547 1121 734 1176 Judaea
770 1122 886 1175 ﬁeri
918 1122 1126 1177 vellet?
1161 1122 1323 1192 292
1367 1122 1474 1177 Sed
1527 1123 1685 1178 Titus
1720 1123 1776 1177 in
1827 1123 2026 1178 itinere

447 1215 632 1270 Galba:
657 1229 876 1283 quoque
892 1216 1038 1268 caede
1050 1214 1290 1284 cognita,
1306 1214 1371 1268 ad
1395 1223 1604 1282 patrem
1627 1203 1712 1268 est
1741 1229 2023 1271 reversus:

453 1323 633 1376 neque
668 1307 1170 1376 Hierosolymorum
1223 1306 1571 1361 obsidionem
1607 1315 1911 1370 tentarunt.
1955 1306 2027 1361 ob

449 1401 720 1454 incertum
780 1393 1011 1452 Romani
1069 1397 1283 1466 imperii
1340 1407 1585 1462 statum,
1638 1398 1734 1452 sed
1765 1398 2030 1453 Casarea:

448 1491 802 1558 quieverunt.
844 1489 1015 1546 Galba
1036 1490 1281 1553 sublato,
1308 1489 1452 1545 Otho
1487 1490 1662 1546 lactus
1711 1491 2026 1562 imperator,

450 1593 640 1636 contra
677 1582 984 1646 Vitellium,
1009 1598 1174 1651 quem
1202 1583 1541 1638 Germanica:
1562 1585 1809 1653 legiones
1851 1584 2027 1653 impe-

451 1681 690 1728 ratorem
719 1675 1046 1740 salutarant,
1082 1675 1268 1745 capias
1321 1676 1470 1730 misit
1503 1693 1516 1728 :
1551 1675 1758 1744 quibus
1796 1691 2028 1746 supera-

453 1763 544 1825 tis,
599 1762 705 1818 sibi
757 1764 860 1832 ipsi
917 1779 1119 1818 manus
1177 1765 1388 1820 attulit.
1441 1765 1694 1820 Vitellius
1751 1765 2028 1838 adjunctis

449 1855 615 1910 etiam
680 1856 954 1921 Othoniis,
1028 1857 1256 1911 Romam
1316 1872 1440 1911 cum
1496 1857 1808 1929 legionibus
1862 1858 2022 1912 abiit.

455 1945 822 2015 Vespasianus
853 1962 1007 2007 vero.
1046 1947 1092 2002 si
1144 1963 1252 2018 qua
1305 1947 1532 2003 Judaica
1577 1948 1838 2019 oppidula
1884 1964 2026 2003 non-

451 2041 581 2096 dum
607 2052 917 2112 expugnata
961 2054 1314 2112 supererant,
1345 2059 1409 2099 ea
1432 2061 1648 2115 quoque
1671 2046 1925 2111 vastavit,
1971 2054 2030 2101 ut

453 2141 564 2188 tota
602 2131 980 2204 Hierosolyma
1021 2135 1286 2189 Romanis
1318 2136 1682 2206 expugnanda
1709 2146 1982 2192 restarent
2011 2154 2027 2192 :

451 2237 574 2290 quae
603 2222 850 2290 quidem,
914 2231 974 2275 ut
1001 2222 1268 2287 diximus,
1326 2222 1563 2292 pessime
1617 2237 1675 2278 se
1727 2222 2027 2278 habebant.

451 2314 609 2368 Foris
637 2315 786 2368 enim
827 2314 1016 2368 Simon
1058 2330 1182 2368 cum
1229 2329 1324 2369 sua
1375 2314 1614 2369 factione
1661 2314 1866 2370 Judaei:
1918 2315 2026 2368 [οι--

454 2407 770 2463 midabilior
797 2417 918 2463 erat
956 2425 1119 2477 quam
1149 2408 1406 2463 Romani.
1440 2409 1589 2464 Intus
1619 2424 1755 2464 vero
1779 2408 1816 2462 ii
1849 2407 1943 2478 qui
1969 2423 2029 2464 se

455 2501 672 2556 Zelotas
729 2516 760 2554 a
806 2501 992 2556 studio
1041 2502 1322 2570 religionis
1364 2503 1664 2574 jactabant,
1718 2517 2027 2572 eorumque

452 2593 564 2646 dux
621 2593 886 2659 Joannes,
943 2604 999 2648 et
1067 2594 1332 2648 Romanis
1381 2604 1437 2649 ct
1497 2593 1718 2648 Simone
1753 2593 2030 2664 graviores

449 2694 611 2740 erant
645 2700 657 2735 :
690 2695 854 2755 atque
885 2687 1132 2742 urbanos
1163 2703 1232 2742 eo
1277 2687 1625 2741 necessitatis
1660 2685 1915 2756 adegere,
1970 2694 2031 2741 ut

452 2778 691 2848 populus
720 2777 1000 2834 Simonem
1033 2794 1158 2834 eum
1195 2795 1290 2833 sua
1333 2778 1491 2832 turba
1519 2779 1570 2831 in
1615 2777 1801 2831 urbem
1838 2791 2030 2832 accer-

450 2880 618 2936 seret,
647 2886 744 2940 spe
778 2872 868 2926 ille
896 2871 1118 2940 quidem
1150 2869 1518 2940 reprimendae
1567 2869 1886 2924 Zelotarum
1945 2878 2028 2939 ty-

452 2964 706 3018 rannidis
743 2965 874 3019 :sed
905 2979 1014 3018 non
1049 2962 1466 3027 animadvertit,
1491 2979 1548 3016 se
1579 2963 1888 3033 graviorem
1915 2961 2031 3016 suis

454 3059 774 3114 cervis-ibus
811 3067 1103 3129 tyrannum
1132 3057 1482 3127 imposuisse.
1509 3057 1647 3110 Dum
1682 3056 1796 3110 haec
1836 3052 2032 3108 Hiero-

2123 569 2552 642 ὑπερμαχοῦντα
2615 569 2848 632 πόλεως.
2914 566 3158 621 Ἐκεῖθεν
3215 566 3275 619 δέ
3324 566 3449 620 καθ’
3501 566 3710 636 ἐτέρων

2124 664 2322 734 ἐχώρει
2359 659 2636 733 φρουρίων
2665 662 2760 715 καὶ
2789 659 3166 729 πολισμάτων,
3202 657 3300 712 καὶ
3337 657 3404 712 τὰ
3447 659 3547 727 μὲν
3574 661 3705 728 ὁμου

2123 755 2301 827 λογίᾳ,
2358 755 2429 809 τά
2471 755 2529 806 is
2575 752 2867 822 πολιορκίᾳ
2910 751 3016 804 ὑπὸ
3062 749 3373 820 Ῥωμαίους
3413 750 3707 819 πεποίητο.

2125 848 2236 901 Kal
2286 846 2461 900 ταῦτα
2510 846 2612 917 ἠδη
2667 843 3173 914 κατεργασάμενος,
3223 841 3554 911 ἡτοιμάζετο
3613 839 3712 894 καὶ

2127 940 2264 1010 αὐτῇ
2299 936 2600 1010 προσμίξαι
2640 938 2706 1006 τῇ
2760 933 3116 1004 μητροπόλει,
3151 931 3478 1002 διακειμένη
3517 929 3712 991 κακῶς

2126 1036 2192 1086 ἐκ
2225 1031 2319 1085 τοῦ
2346 1032 2484 1102 πρὸς
2511 1029 2777 1100 ἀλλήλους
2809 1024 3123 1090 στασιάζειν
3158 1028 3284 1088 τοὺς
3321 1026 3381 1076 ἐν
3414 1023 3578 1091 αὐτῇ,
3613 1021 3712 1072 καὶ

2128 1127 2207 1188 εἰς
2273 1123 2575 1196 ἐμφυλίους
2636 1119 3029 1188 ἐκκυλισθῆναι
3092 1117 3275 1188 μάχας
3322 1116 3420 1169 καὶ
3457 1113 3713 1184 ἀλλήλων

2129 1217 2370 1286 σφαγὰς,
2410 1212 2704 1268 κάντεῦθεν
2731 1211 2792 1264 τὸ
2829 1209 3073 1282 μάχιμον
3095 1207 3535 1279 διαφθείρεσθαι.
3578 1206 3714 1258 Ἑπ-

2128 1311 2255 1380 έσχε
2305 1309 2364 1363 δὲ
2414 1307 2495 1378 τῷ
2539 1303 2944 1375 Οὐεσπασιανῷ
2994 1303 3094 1372 τὴν
3122 1301 3302 1371 όρμὴν
3344 1297 3640 1366 ἀγγελθεὶς
3682 1298 3715 1347 ό

2127 1399 2324 1468 Νέρων
2352 1397 2452 1468 τῆς
2472 1396 2782 1467 αὐταρχίας
2805 1392 3204 1456 ἐκπεπτωκὼς,
3234 1391 3328 1445 καὶ
3349 1391 3451 1460 τῆς
3488 1389 3715 1456 Ῥώμης

2127 1491 2405 1560 λαθραίως
2439 1488 2660 1558 ἐκδράς,
2691 1487 2786 1540 καὶ
2821 1485 3019 1539 ἐαυτδν
3060 1482 3290 1538 ἀνελών.
3324 1478 3455 1536 Εῐτα
3495 1481 3718 1536 Γάλϐαν

2134 1581 2322 1653 μαθὼν
2371 1581 2668 1651 γενόμενον
2705 1578 3107 1648 αὐτοκράτορα,
3134 1577 3177 1628 Τ
3185 1577 3293 1629 ίτον
3329 1576 3544 1643 πέμπει
3574 1573 3720 1644 πρὸς

2130 1673 2315 1738 αὐτὸν,
2353 1671 2730 1740 προσεροῡντά
2754 1688 2813 1723 τε
2849 1671 2946 1723 καὶ
2983 1670 3011 1722 ὃ
3045 1683 3101 1720 τι
3139 1667 3267 1737 περὶ
3297 1663 3576 1719 Ἰουδαίων
3619 1679 3720 1714 κε-

2130 1764 2274 1817 λεύει
2308 1764 2664 1832 πευσόμενον.
2695 1763 2818 1815 Ἕτι
2844 1761 2902 1816 δὲ
2935 1759 3060 1815 καθ’
3087 1759 3209 1812 ὁδὸν
3231 1758 3384 1820 ὄντος
3412 1757 3598 1822 Τίτου,
3619 1755 3722 1808 καὶ

2061 1823 2098 1876 Β
2131 1860 2159 1912 ὁ
2196 1856 2406 1918 Γάλϐας
2432 1823 2693 1926 ἀνῄρητο.
2731 1854 2909 1924 Ὅπερ
2965 1853 3206 1913 ἀκούσας
3264 1852 3293 1903 ὁ
3347 1849 3530 1912 Τίτος,
3577 1847 3722 1916 πρὸς

2133 1949 2226 2004 τὸν
2259 1949 2478 2018 πατέρα
2524 1948 2866 2010 παλινοστεί,
2899 1947 2994 1999 καὶ
3027 1945 3116 1998 διὰ
3158 1942 3220 1997 τδ
3261 1942 3392 2013 περὶ
3433 1941 3536 2010 τῆς
3574 1940 3719 1992 Ῥω-

2137 2042 2312 2114 μαίων
2350 2040 2523 2110 ἀρχῆς
2540 2039 2840 2110 ἀμφίϐολον
2872 2039 2973 2091 οὐκ
3003 2036 3324 2108 ἐπεχείρουν
3353 2038 3418 2106 τῇ
3447 2032 3589 2087 κατά
3608 2031 3720 2098 τῆς

2143 2132 2500 2206 Ἰερουσαλὴμ
2529 2130 2834 2203 προσϐολῇ,
2871 2128 2988 2182 ἀλλ’
3011 2130 3254 2200 ἠρέμουν
3282 2127 3340 2180 ἐν
3375 2124 3718 2196 Καισαρείᾳ.

2131 2228 2339 2282 Γάλϐου
2375 2227 2432 2279 δὲ
2460 2224 2837 2296 ἀνῃρημένου,
2867 2222 3048 2276 Ὄθων
3073 2223 3174 2290 τὴν
3201 2220 3377 2290 ἀρχὴν
3409 2217 3718 2285 διεδέξατο.

2133 2321 2216 2373 Τά
2247 2320 2304 2373 δέ
2331 2319 2389 2372 ἐν
2424 2316 2709 2388 Γερμανίᾳ
2734 2315 3078 2384 τυγχάνοντα
3113 2313 3372 2384 τάγματα
3403 2309 3724 2365 Οὐῖτέλλιον

2129 2411 2511 2482 ἀνηγόρευσαν
2551 2406 2954 2478 αὐτοκράτορα.
2989 2403 3216 2468 Στείλας
3243 2399 3339 2456 οὖν
3375 2403 3555 2456 Ὄθων
3584 2401 3724 2453 ἐπο-

2131 2503 2189 2556 λέ
2201 2520 2290 2572 μει
2322 2501 2638 2572 Οὐϊτελλίῳ.
2680 2499 2847 2571 Ἠττη
2856 2499 3034 2568 μένων
3055 2497 3114 2550 δὲ
3132 2497 3240 2550 τῶν
3262 2493 3724 2562 ἀπεσταλμένων,

2134 2598 2314 2652 Ὄθων
2341 2595 2538 2649 ἐαυτὸν
2570 2592 2922 2664 διεχρήσατο.
2957 2592 3066 2644 Καὶ
3099 2587 3412 2648 Οὐϊτέλλιος
3451 2589 3534 2648 είς
3579 2585 3724 2638 Ῥὠο

2135 2706 2242 2760 μην
2287 2686 2453 2759 ἀπῄει
2496 2690 2594 2742 σὺν
2635 2688 2750 2748 τοῖς
2797 2682 3239 2755 στρατεύμασιν·
3285 2679 3385 2750 ἤδη
3418 2682 3527 2747 γὰρ
3561 2675 3723 2746 αὐτῷ

2132 2781 2228 2836 xal
2283 2782 2335 2834 οί
2377 2780 2470 2834 τοῦ
2510 2779 2751 2842 Ὄθωνος
2790 2776 3249 2849 προσεχώρησαν.
3295 2770 3727 2835 Οὐεσπασιανὸς

2133 2874 2212 2941 δέ,
2249 2875 2304 2928 εἴ
2329 2890 2454 2927 τινα
2483 2868 2626 2943 ἦσαν
2669 2870 2964 2943 περίλοιπα
2993 2869 3102 2923 τῶν
3139 2866 3419 2922 Ἰουδαίων
3465 2864 3729 2934 πολίχνια

2136 2966 2304 3036 μήπω
2331 2964 2633 3027 ἑαλωκότα,
2660 2961 2876 3023 στείλας
2904 2960 3131 3031 ἐπόρθει
3171 2959 3264 3012 καὶ
3287 2958 3485 3023 ταῦτα,
3517 2956 3594 3019 ώς
3625 2957 3730 3025 μό-

2131 3076 2231 3130 νην
2251 3059 2359 3130 ἥδη
2389 3058 2489 3127 τὴν
2518 3056 2629 3110 τῶν
2671 3055 3068 3126 Ἱεροσολύμων
3108 3054 3266 3107 πόλιν
3325 3049 3530 3104 σκοπὸν
3577 3049 3726 3102 Ῥω·
3777 3096 3780 3098 ν

451 3145 676 3216 solymis
717 3155 1005 3215 geruntur,
1047 3145 1296 3200 Vitellius
1327 3145 1556 3199 Romam
1603 3144 1884 3214 profectus
1920 3143 2024 3198 im-

2135 3149 2315 3221 μαίοις
2365 3147 2894 3221 περιλιμπάνεσθαι.
2941 3147 3148 3200 Ἐνόσει
3182 3145 3239 3200 δὲ
3277 3143 3491 3208 δεινῶς,
3525 3142 3602 3204 ὡς
3638 3140 3728 3194 ει-

450 3248 675 3308 perator
727 3237 1038 3306 appellatur
1082 3251 1292 3307 :quem
1339 3253 1466 3292 cum
1498 3237 1892 3306 Vespasianus,
1956 3251 2024 3292 eo

2136 3259 2321 3314 ρηται,
2370 3241 2442 3295 τὰ
2484 3241 2583 3310 τῆς
2616 3240 2846 3304 πόλεως.
2889 3239 3131 3305 Ἐξωθεν
3181 3237 3282 3308 μὲν
3315 3237 3423 3306 γὰρ
3469 3237 3498 3288 ό
3530 3233 3726 3302 Σίμων

449 3331 651 3385 nuntio
686 3331 913 3385 minime
945 3331 1273 3396 delectatus,
1309 3329 1595 3385 dominum
1622 3330 1828 3385 habere
1861 3346 2024 3386 recu-

2134 3334 2230 3388 καὶ
2257 3333 2306 3386 oi
2335 3332 2465 3403 περὶ
2493 3332 2659 3388 αὐτὸν
2702 3335 2816 3396 τοῖς
2846 3331 3126 3392 Ἰουδαίοις
3165 3329 3457 3400 Ῥωμαίων
3484 3327 3729 3398 ἐτύγχα-

449 3431 616 3484 saret,
637 3438 666 3476 a
702 3423 818 3477 suis
851 3422 1089 3478 ducibus
1127 3431 1182 3478 et
1209 3423 1445 3478 militum
1479 3436 1754 3478 consensu
1787 3421 2024 3491 impera-

2133 3443 2226 3479 νον
2273 3426 2675 3500 φοϐερώτεροι·
2707 3426 2857 3480 ἔνδον
2900 3426 2944 3480 δ’
2974 3424 3025 3476 οἱ
3071 3423 3316 3494 ζηλωταὶ
3360 3419 3724 3489 καλούμενοι,

448 3523 537 3571 tor
563 3518 852 3573 salutatur.

2134 3520 2231 3572 καὶ
2258 3520 2285 3572 ὁ
2307 3517 2513 3572 τούτων
2540 3519 2786 3590 ἐξάρχων
2823 3517 3098 3585 Ἰωάννης,
3129 3516 3225 3569 καὶ
3261 3516 3551 3584 Ῥωμαίων
3573 3505 3725 3583 ἦσαν

446 3612 543 3665 καὶ
585 3609 681 3664 τοῦ
713 3610 957 3681 Σίμωνος
993 3609 1388 3682 χαλεπώτεροι.
1433 3611 1780 3680 Σφοδρότατα
1809 3610 1867 3664 δὲ
1901 3607 2243 3682 βιαζομένων
2306 3613 2434 3676 τοὺς
2486 3614 2548 3665 ἐν
2612 3615 2680 3683 τῇ
2713 3611 2866 3664 πόλει
2893 3610 3003 3664 τῶν
3024 3608 3304 3680 ζηλωτῶν,
3357 3607 3724 3678 ἠναγκάσθη-

447 3725 548 3762 σαν
579 3709 628 3760 οἱ
663 3705 758 3760 τοῦ
789 3706 962 3778 δήμου
996 3707 1088 3760 τὸν
1121 3706 1344 3777 Σίμωνα
1379 3706 1520 3778 μετά
1555 3707 1653 3761 τοῦ
1703 3707 1833 3778 περὶ
1900 3707 2069 3761 αὑτὸν
2107 3707 2348 3779 πλήθους
2394 3709 2475 3771 εἰς
2524 3707 2624 3778 τὴν
2658 3706 2816 3761 πόλιν
2860 3705 3308 3777 παρακαλοῦντες
3373 3707 3723 3774 είσαγαγεῖν,

443 3803 520 3864 ὡς
547 3802 687 3870 τάχα
729 3797 830 3866 τῆς
862 3798 971 3851 τῶν
1017 3797 1278 3867 ζηλωτῶν
1310 3797 1626 3870 τυραννίδος
1674 3799 1877 3863 αὐτοὺς
1960 3799 2377 3864 ἀπαλλάξοντα·
2453 3800 2646 3856 ἔλαθον
2700 3800 2757 3853 δὲ
2822 3800 3046 3870 χείρονα
3076 3799 3202 3853 καθ’
3234 3799 3447 3852 ἐαυτῶν
3473 3799 3724 3864 εἰσδεξάο

449 3910 601 3962 μενοι
630 3892 915 3964 τύραννον.
952 3891 1172 3946 Τούτων
1200 3893 1308 3946 δ’ἐν
1348 3893 1750 3964 Ἰεροσολύμοις
1811 3894 2232 3963 πραττομένων,
2289 3895 2601 3959 Οὐϊτέλλιος
2659 3895 2759 3966 τὴν
2833 3895 3054 3966 Ῥώμην
3087 3893 3413 3953 κατέλαϐεν,
3445 3893 3726 3964 αὐτοκρά-

443 4005 557 4055 τωρ
595 3985 949 4056 ἀναρῤηθείς.
984 3983 1382 4054 Οὐεσπασιανῷ
1412 3986 1646 4055 μαθόντι
1690 3985 1866 4040 ταῦτα
1929 3985 2031 4038 οὐκ
2075 3984 2300 4055 ἡρεσκε,
2338 3988 2433 4039 καὶ
2491 3985 2726 4057 ἀπηξίου
2760 3985 3033 4057 δεσπότην
3075 3988 3225 4058 ἔχειν
3257 3986 3350 4041 τὸν
3380 3985 3717 4045 Οὐῖτέλλιον.

445 4082 509 4132 υἱ
550 4078 594 4131 δ’
623 4078 891 4148 ἡγεμόνες
919 4077 1026 4130 τῶν
1063 4077 1160 4130 σὺν
1199 4077 1346 4147 αὐτῷ
1387 4079 1710 4147 ταγμάτων,
1777 4076 1917 4129 ἀλλά
1991 4074 2097 4146 μὴν
2137 4077 2230 4130 καὶ
2257 4077 2327 4149 {oi
2375 4079 2708 4150 στρατιῶται
2761 4078 3129 4144 συνελθόντες,
3184 4079 3578 4152 ἀναγορεύουσι
3623 4080 3721 4133 τὸν

447 4171 854 4225 Οεεσπασιανὸν
881 4170 1280 4240 αὐτοκράτορα.

515 4263 659 4316 XIX.
686 4262 1002 4324 Soluturus,
1034 4263 1144 4318 lilio
1170 4261 1294 4315 Tito
1319 4261 1832 4334 Hierosolymorum
1864 4258 2015 4314 obsi-

2195 4257 2276 4314 ῙΕΥ
2289 4300 2304 4316 .
2351 4259 2410 4314 Ὀ
2436 4259 2514 4324 δὲ,
2545 4259 2754 4331 μέλλων
2784 4259 2888 4331 ἤδη
2917 4259 3168 4326 ἐκπλεῖν,
3206 4260 3285 4332 τῷ
3311 4259 3414 4332 υἱῷ
3438 4261 3585 4331 Τίτῳ
3614 4261 3718 4333 τὴν

445 4353 667 4405 dionem
721 4351 994 4406 mandat:
1032 4353 1126 4421 qui
1177 4352 1482 4405 contractis
1517 4351 1572 4405 in
1624 4366 1794 4405 unum
1845 4350 2018 4418 copiis

2127 4353 2235 4406 τῶν
2281 4352 2676 4424 Ἰεροσολύμων
2709 4354 3028 4423 πολιορκίαν
3059 4354 3306 4410 ἀνέθετο.
3341 4357 3439 4418 Ὀς
3475 4356 3575 4419 τὰς
3621 4357 3716 4410 δυ-

447 4445 828 4514 Hierosolyma
893 4444 1199 4506 contendit,
1259 4453 1315 4497 et
1355 4428 1471 4495 xxx.
1505 4443 1574 4497 ab
1628 4443 1763 4496 urbe
1824 4443 2018 4497 stadiis

2128 4445 2321 4512 νάμεις
2347 4444 2701 4516 συναγαγὼν,
2729 4445 2896 4517 ἀπῄει
2931 4446 3069 4517 πρὸς
3100 4446 3170 4500 τὰ
3203 4446 3584 4517 Ἰεροσόλυμα,
3615 4449 3716 4502 καὶ

446 4544 895 4598 castrametatus,
947 4552 1009 4590 oc
1070 4535 1351 4604 equitibus
1387 4534 1682 4604 assumptis
1727 4534 1796 4589 ad
1831 4537 2019 4587 urbem

2129 4539 2235 4608 πρὸ
2284 4539 2582 4611 τριάκοντα
2629 4538 2859 4592 σταδίων
2906 4539 3442 4606 ἐστρατοπεδευκώς,
3493 4541 3714 4594 ἐκεῖθεν

445 4628 834 4697 speculandam
873 4637 930 4681 et
954 4627 1168 4680 animos
1200 4627 1438 4680 hostium
1470 4626 1861 4696 periclitandos
1884 4627 2018 4682 abit.

447 4719 645 4772 Statim
677 4733 811 4772 vero
845 4718 1047 4772 inﬁniti
1099 4734 1166 4773 ex
1203 4719 1339 4772 urbe
1391 4726 1765 4788 procurrunt:
1804 4735 1867 4774 ac
1898 4721 2019 4790 plu-

445 4811 571 4865 rimi
601 4827 667 4868 ex
697 4809 807 4865 Titi
837 4813 1140 4882 equitibus,
1182 4810 1451 4866 furiosum
1488 4812 1804 4868 Iudaeorum
1843 4813 2021 4884 impe-

445 4914 561 4959 tum
591 4915 900 4963 centenas.
931 4906 1323 4962 substiterunt.
1355 4906 1477 4976 Ipse
1499 4922 1633 4961 vero
1656 4924 1781 4961 cum
1807 4908 2018 4978 paucis,

443 4999 669 5054 avulsus
727 5014 755 5053 a
805 5000 1042 5062 caneris,
1093 4999 1340 5069 undique
1379 5000 1448 5054 ab
1481 5001 1735 5055 hostibus
1785 5002 2022 5056 circum-

443 5099 656 5153 ventus,
688 5091 1070 5145 animadverso
1100 5091 1345 5160 periculo
1387 5091 1665 5146 convertit
1696 5106 1932 5160 equum,
1963 5100 2022 5145 et

441 5183 558 5238 suis
593 5183 750 5253 sequi
788 5183 958 5253 jussis
988 5183 1040 5236 in
1068 5181 1286 5237 Iudaeos
1323 5182 1489 5237 irruit
1524 5201 1538 5237 :
1571 5199 1634 5238 ac
1666 5183 1850 5238 obviis
1887 5185 2018 5254 qui-

441 5275 655 5345 busque
693 5277 880 5347 gladio
956 5276 1314 5346 prepulsatis,
1371 5279 1556 5332 salvus
1603 5277 1656 5330 in
1697 5285 1873 5331 ca<tra
1933 5293 2022 5331 rc-

445 5368 733 5432 vcrtitur,
796 5368 1018 5423 duobus
1091 5368 1361 5422 duntaxat
1437 5369 1701 5422 comitum
1792 5384 2018 5422 suorum

441 5458 620 5514 caesis.
699 5460 970 5515 Postridie
1046 5475 1354 5515 conscenso
1413 5460 1535 5514 loco
1604 5461 1697 5531 qui
1767 5462 2018 5530 specula-

446 5555 535 5600 tor
583 5547 824 5611 dicitur,
882 5566 953 5604 vn
1019 5551 1215 5605 stadiis
1255 5551 1323 5604 ab
1376 5551 1511 5605 urbe
1551 5550 1760 5605 distans
1792 5593 1807 5614 ,
1872 5551 2019 5608 unde

442 5639 684 5694 eturbs
751 5649 808 5693 et
881 5642 1146 5710 templum
1218 5649 1550 5710 spectatur,
1634 5651 1810 5697 castra
1895 5659 2018 5698 mu-

445 5730 554 5784 niri
615 5731 792 5800 jubet.
860 5731 1065 5786 Urbani
1135 5747 1266 5786 vero
1347 5733 1582 5788 subinde
1651 5735 1805 5804 prius
1876 5734 2020 5789 inter

450 5825 614 5898 293
648 5841 708 5884 se
744 5825 1006 5882 dimicare
1033 5827 1212 5895 soliti,
1243 5829 1315 5884 ob
1342 5813 1616 5901 ingentem
1647 5830 1862 5888 externi
1883 5829 2017 5887 belli

2125 4630 2443 4695 ἑξακοσίους
2483 4629 2592 4683 τῶν
2627 4629 2934 4683 ἐπιλέκτων
2977 4630 3193 4684 ἱππέων
3221 4629 3580 4700 παραλαϐὼν,
3621 4630 3713 4702 ᾔει

2083 4777 2090 4788 ι,
2122 4723 2224 4791 τὴν
2268 4723 2421 4776 πόλιν
2465 4722 2970 4793 κατασκεψόμενος,
3000 4724 3095 4776 καὶ⁵
3123 4721 3192 4776 τὰ
3224 4724 3550 4794 φρονήματα
3599 4723 3715 4778 τῶν

2124 4817 2300 4878 ἐντός.
2355 4816 2709 4870 Ἐπεκθέουσι
2761 4816 2818 4870 δὲ
2859 4817 2960 4886 τῆς
3003 4816 3212 4880 πόλεως
3240 4817 3481 4887 ἄπειροι,
3515 4816 3612 4871 καὶ
3658 4818 3712 4870 οἱ

2126 4907 2226 4977 μὲν
2269 4906 2512 4961 πλεῖστοι
2550 4907 2658 4960 τῶν
2703 4909 2843 4977 μετά
2881 4908 3067 4970 Τίτου,
3106 4907 3350 4979 μανιώδη
3389 4909 3488 4977 τὴν
3527 4909 3713 4980 ὁρμὴν

2123 4999 2234 5052 τῶν
2281 4998 2556 5053 Ἰουδαίων
2593 4999 2852 5067 ὁρῶντες,
2879 5000 3231 5069 ἀνεκόπησαν
3259 4999 3353 5053 τοῦ
3385 4999 3574 5069 πρό-σω
3599 5017 3713 5070 χωη

2127 5094 2262 5162 ρείν.
2312 5090 2370 5144 '0
2404 5091 2562 5154 Τῖτος
2591 5090 2670 5156 δὲ,
2705 5092 2825 5159 μετ’
2849 5091 3050 5160 όλίγων
3084 5092 3193 5144 τῶν
3239 5092 3705 5163 ἄλλωνοάποτμη-

2125 5184 2258 5248 θεὶς,
2320 5186 2401 5248 είς
2465 5184 2668 5255 μέσους
2727 5185 2856 5248 τοὺς
2906 5184 3204 5252 πολεμίους
3244 5185 3706 5257 ὲμπεριείληπτο.

2126 5277 2233 5327 Καὶ
2268 5277 2430 5343 γνοὺς
2471 5277 2529 5329 ἐν
2581 5275 2816 5346 κινδύνῳ
2871 5277 2940 5329 τὰ
2983 5275 3104 5329 κατ’
3143 5277 3327 5338 αὐτὸν,
3381 5278 3710 5348 ἐπιστρέφει

2121 5366 2215 5418 τὸν
2238 5365 2429 5430 ἵππον,
2459 5370 2699 5431 καὶτοῖς
2740 5368 2869 5439 περὶ
2914 5367 3078 5420 αὐτὸν
3120 5368 3400 5438 ἐμϐοήσας
3448 5367 3708 5434 ἕπεσθαι,

2123 5463 2384 5533 ἐμϐάλλει
2413 5467 2525 5529 τοῖς
2548 5463 2849 5528 Ἰουδαίοις,
2891 5466 2984 5518 καὶ
3007 5464 3085 5532 τῷ
3117 5462 3260 5534 ξίφει
3285 5465 3410 5526 τοὺς
3449 5462 3708 5526 ἐπιόντας

2121 5556 2468 5609 ἀναστέλλων
2535 5558 2630 5609 ἐπὶ
2686 5555 2747 5609 τὸ
2797 5557 3181 5623 στρατόπεδον,
3232 5553 3581 5619 διασώζεται,
3611 5555 3706 5609 δύο

2123 5651 2401 5702 πεσόντων
2431 5651 2496 5703 ἐκ
2524 5651 2632 5702 τῶν
2658 5650 2943 5718 ἑπομένων
2981 5649 3150 5720 αὐτῷ.
3186 5647 3323 5703 Μεθ’
3347 5648 3570 5719 ἡμέραν
3606 5647 3706 5701 οὖν

2122 5739 2218 5792 ἐπὶ
2249 5739 2340 5794 τὸν
2371 5741 2582 5794 Σκοπὸν
2613 5740 2781 5793 ἐλθὼν
2814 5740 2999 5809 (τόπος
3020 5738 3064 5794 δ’
3089 5740 3238 5793 ἐστὶν
3257 5736 3400 5791 οὕτω
3427 5736 3703 5807 καλούμε-

2123 5848 2232 5899 νος,
2277 5832 2470 5904 διέχων
2520 5833 2620 5905 τῆς
2657 5833 2866 5898 πόλεως
2911 5833 3156 5896 σταδίους
3196 5828 3358 5895 έπτά,
3392 5828 3518 5884 ὅθεν
3555 5829 3591 5901 ἦ
3639 5845 3700 5883 τε
