4002 6250
257 225 371 290 513

255 340 428 403 πόλις
452 341 547 393 καὶ
585 341 614 394 ὁ
651 344 776 405 vah;
821 349 1244 426 καταξαίνεται)
1306 360 1702 430 περιϐαλέσθαι
1755 386 1849 422 κε·-
1878 385 1917 438 Α

253 431 404 484 λεύει
442 437 832 503 στρατόπεδον.
873 443 993 494 Τιῖιν
1021 445 1151 508 δ’ξέν
1174 452 1238 521 τῇ
1273 452 1428 506 πόλει
1454 458 1844 531 συρρηγνυμέ-

253 542 364 576 νων
416 526 672 598 ἀλλήλοις
730 532 840 598 Etsi,
888 537 1010 589 τότε
1063 541 1230 604 πολὺς
1270 545 1518 601 ἐπελθὼν
1565 551 1593 604 ὁ
1643 553 1845 616 ἔξωθεν

249 619 515 689 πόλεμος,
563 624 664 693 τὴν
708 624 827 696 ἔριν
870 630 1202 689 ἀνέπαυσεν.
1248 637 1553 711 Ἐμάχοντο
1596 643 1690 698 οὖν
1730 651 1844 712 τοῖς

250 709 612 780 βαλλομένοις
669 721 1035 788 στρατόπεδον
1079 727 1129 778 οἱ
1182 729 1446 797 Ἰουδαῖοι,
1482 735 1582 804 τῆς
1631 739 1840 805 πόλεως

248 802 631 874 ἐκτρέχοντες,
664 811 757 860 καὶ
788 811 1025 866 ἐκάκουν
1062 818 1190 882 τοὺς
1223 821 1522 890 ἐναντίους,
1556 829 1760 896 μᾶλλον
1791 834 1838 885 δ’

246 891 552 949 ἐκακοῦντο
606 899 785 971 αὐτοί.
836 905 1210 976 Λωφήσαντος
1244 912 1300 966 δὲ
1344 916 1482 985 πρὸς
1518 918 1694 991 βραχὺ
1740 924 1834 977 τοῦ

245 987 484 1058 θύραθεν
515 989 780 1061 πολέμου,
817 995 980 1049 πάλιν
1021 1003 1133 1063 τοῖς
1185 1003 1334 1057 ἔνδον
1384 1008 1414 1076 ἡ
1466 987 1658 1070 στάσις
1684 1015 1835 1084 ἡγεί-

245 1096 389 1148 ρετο.
426 1082 536 1134 Καὶ
565 1083 704 1155 δόλῳ
742 1085 803 1139 τὸ
833 1089 980 1156 ἱερὸν
1015 1093 1043 1144 ὀ
1074 1092 1330 1164 Ἰωάννης
1367 1100 1464 1153 σὺν
1501 1106 1610 1166 τοῖς

238 1175 362 1236 ταῖς
404 1175 721 1246 κατασχὼν,
755 1182 972 1234 πολλῶν
1025 1185 1451 1257 ἀναιρεθέντων.
1501 1197 1830 1271 κατεοάρῤει

236 1265 333 1318 τοῦ
377 1268 645 1337 Σίμωνος.
689 1270 747 1325 '0
778 1271 835 1324 δέ
881 1270 1040 1338 Τῖτος
1070 1277 1396 1348 ὲξομαλίσαι
1432 1288 1736 1353 προσέταξε
1768 1292 1828 1344 τὸ

234 1358 348 1411 ἀπὸ
370 1361 463 1411 τοῦ
489 1361 702 1416 Σκοποῦ
740 1364 905 1435 μέχρι
932 1367 1026 1420 τοῦ
1055 1370 1270 1440 τείχους
1300 1373 1578 1448 διάστημα
1599 1397 1613 1410 ο
1647 1382 1744 1433 καὶ
1765 1383 1826 1434 τὸ

236 1450 339 1517 μὲν
373 1451 605 1518 ἐγίνετο,
654 1455 933 1520 Ἰουδαίοις
987 1459 1044 1512 δὲ
1095 1464 1236 1516 κατὰ
1293 1464 1582 1538 Ῥωμαίων
1630 1473 1822 1544 ἐνέδρα

230 1551 319 1602 τις
352 1543 732 1614 μεμηχάνητο.
780 1549 844 1600 Oi
882 1551 990 1624 γὰρ
1024 1552 1419 1629 τολμηρότεροι
1445 1561 1554 1612 τῶν
1590 1543 1820 1617 στασια-

232 1631 401 1699 στῶν,
437 1637 799 1706 προελθόντες
821 1641 922 1709 τῆς
941 1642 1171 1709 πόλεως,
1199 1646 1273 1706 ὼς
1295 1648 1694 1723 ἐκϐεϐλημένοι
1726 1655 1820 1728 δῆ-

226 1725 322 1777 θεν
357 1728 462 1781 ὑπὸ
485 1729 594 1782 τῶν
621 1732 690 1786 τὰ
722 1734 975 1804 είρηνικὰ
1006 1739 1371 1808 φρονούντων,
1398 1746 1525 1815 περὶ
1553 1746 1612 1799 τὸ
1638 1725 1813 1821 τεῖχος
1842 1734 1890 1796 Β

220 1812 368 1888 ἦσαν
396 1821 736 1892 εἱλούμενοι·
766 1827 916 1882 ἄλλοι
946 1829 1024 1894 δὲ,
1051 1832 1279 1896 στάντες
1307 1836 1411 1890 ,ἐπί⁵
1448 1837 1541 1890 τοῦ
1572 1841 1810 1911 τείχους,

219 1903 294 1971 di,-
329 1911 394 1963 ἐκ
434 1911 529 1964 τοῦ
577 1913 751 1984 δῆμου
791 1919 1174 1989 τυγχάνοντες,
1219 1926 1445 1996 εἰρήνην
1485 1903 1691 1994 ἐϐόων,
1718 1903 1811 1985 καί

216 1998 403 2066 δεξιὰν
431 2005 680 2074 ᾐτοῦντο,
726 2009 1018 2076 καλοῦντες
1061 2015 1190 2077 τοὺς
1230 2017 1555 2088 Ῥωμαίους,
1598 2021 1672 2084 ὡς
1710 2024 1811 2087 τὰς

213 2273 271 2328 δὲ
325 2278 393 2332 δι’
441 2279 675 2352 ὑποψίας
722 2278 790 2356 ἦν
833 2290 931 2358 τῆς
983 2290 1325 2362 ἐπικλήσεως
1359 2273 1800 2369 τδπαράλογονυ.

215 2369 335 2438 Πρὸ
377 2373 510 2441 μιᾶς
535 2374 646 2445 γὰρ
677 2377 890 2448 ἡμέρας
919 2380 1008 2434 διὰ
1034 2381 1128 2435 τοῦ
1161 2385 1425 2455 Ἰωσήπου
1468 2392 1563 2440 ἐπὶ
1599 2392 1804 2460 συμϐά-

215 2478 332 2529 σεις
367 2465 567 2528 αὐτοὺς
596 2471 1064 2541 προκαλούμενος,
1091 2476 1244 2530 οὐδὲν
1278 2478 1611 2549 φρονοῦντας
1645 2482 1800 2555 εὔρι-

210 2571 315 2610 σκε
354 2557 596 2629 μέτριον.
637 2561 841 2616 Μένειν
874 2561 967 2617 οὖν
997 2567 1139 2621 κατὰ
1159 2565 1345 2641 χώραν
1375 2573 1500 2637 τοὺς
1533 2579 1800 2646 στρατιώ-

204 2667 309 2713 τες
359 2650 600 2706 ἐκέλευε.
631 2653 962 2711 Φθασάντων
1004 2659 1061 2712 δέ
1107 2677 1270 2715 τινων
1318 2665 1455 2734 πρὸς
1489 2668 1588 2732 τὰς
1621 2671 1797 2738 πύλας

200 2742 460 2814 δραμεῖν,
507 2745 568 2800 τὸ
609 2745 710 2818 μὲν
739 2750 957 2820 πρῶτον
1003 2755 1053 2806 οἱ
1100 2755 1467 2826 ἐκϐεϐλῆσθαι
1510 2762 1795 2831 δοκοῦντες

200 2837 529 2906 ὑπέρευγον
549 2855 565 2872 ο
599 2839 676 2904 ὡς
708 2841 764 2894 δὲ
803 2843 1010 2914 μεταξῦ
1039 2847 1148 2902 τῶν
1173 2849 1276 2920 τῆς
1301 2851 1512 2918 πόλεως
1540 2856 1792 2924 ἐγένοντο

199 2927 456 2999 πύργων,
491 2927 727 2998 ἐξέθεον,
761 2933 858 2987 καὶ
903 2937 1173 2992 ἐκύκλουν
1210 2941 1434 3006 αὐτούς.
1472 2947 1582 3000 Καὶ
1610 2937 1669 3002 ὀί
1697 2952 1789 3005 ἐπὶ

194 3020 299 3072 τοῦ
337 3023 552 3092 τείχους
592 3023 723 3096 βέλη
770 3025 894 3079 κατ’
935 3028 1119 3083 αὐτῶν
1151 3031 1405 3104 ἠφίεσαν,
1458 3037 1553 3090 καὶ
1604 3041 1786 3105 λίθους

195 3113 514 3181 ἠκόντιζον,
552 3117 647 3170 καὶ
676 3121 889 3172 ἀνεῖλον
926 3124 1174 3194 συχνοὺς,
1210 3129 1306 3181 καὶ
1355 3128 1579 3195 πλείους
1617 3135 1784 3188 κατέ-

194 3221 444 3272 τρωσαν.
477 3211 586 3262 Καὶ
608 3212 654 3264 οἱ
694 3213 794 3282 μὲν
830 3215 1075 3270 Ἰουδαῖοι
1101 3218 1372 3290 ἐσκίρτων
1401 3223 1528 3287 τοὺς
1559 3224 1781 3297 θυρεοὺς

194 3295 567 3366 ἀνασείοντες,
596 3303 708 3366 τοῖς
759 3303 811 3354 δέ
863 3307 1228 3376 στρατιώταις
1269 3313 1298 3364 ὁ
1350 3311 1507 3377 Τῖτος
1543 3317 1778 3388 ἠπείλει,

192 3391 295 3441 καὶ
321 3393 370 3443 ol
398 3391 700 3465 ταξίαρχοι.
739 3397 878 3468 Ἤδη
902 3399 958 3452 δὲ
986 3399 1078 3453 τοῦ
1106 3403 1210 3473 προ
1233 3402 1342 3456 τῶν
1374 3407 1572 3478 τειχῶν
1601 3411 1778 3482 χώρο)

189 3481 571 3550 ἐξισωθέντος,
608 3487 725 3540 ἐκεῖ
755 3488 1070 3557 μεταθεῖναι
1103 3491 1426 3565 βουλόμενος
1451 3498 1512 3552 τὸ
1552 3481 1779 3574 στρατό-

190 3572 379 3638 πεδον,
421 3572 483 3626 τὸ
525 3577 944 3648 καρτερώτατον
974 3581 1072 3652 τῆς
1099 3584 1383 3654 δυνάμεως
1418 3572 1779 3663 ἀντιπαρεξέ-

188 3680 340 3716 τεινε
374 3665 453 3734 τῷ
486 3667 681 3736 τείχει,
720 3673 811 3723 καὶ
851 3670 995 3726 οὕτω
1040 3681 1452 3750 πεπραγμένων
1501 3683 1776 3752 Ἰουδαίοις

184 3757 300 3810 τῶν
330 3759 638 3830 ἐκδρομῶν,
669 3765 1242 3834 ἐστρατοπεδεύσαντο
1262 3771 1313 3825 oi
1342 3773 1606 3845 Ῥωμαῖοι
1633 3779 1770 3836 ἐκεῖ,

183 3851 349 3920 Τρισὶ
389 3851 447 3905 δὲ
474 3853 718 3925 τείχεσιν
749 3859 783 3929 ἠ
826 3859 986 3924 πόλις
1018 3865 1413 3938 περιεϐέϐλητο
1441 3884 1457 3900 ·
1491 3871 1626 3925 ὅπου
1657 3873 1702 3927 δ’
1735 3878 1768 3947 ή

181 3943 351 4011 φύσις
417 3944 514 3998 τοῦ
571 3947 738 4002 τόπου
794 3953 1001 4023 ταύτην
1059 3955 1302 4026 ὠχύρου,
1368 3961 1450 4014 ἐνὶ
1495 3943 1771 4038 περιϐόλῴ

177 4035 445 4098 διέζωστο
466 4052 480 4068 ·
509 4037 652 4094 οὕτω
685 4039 731 4094 δ’
756 4043 992 4114 ἐχούσης
1021 4046 1122 4118 τῆς
1152 4049 1384 4117 πόλεως,
1418 4055 1628 4128 ἄπορος
1653 4035 1770 4114 ἐδόξ

178 4143 269 4179 κει
301 4127 375 4197 τῷ
406 4129 552 4202 Τίτῳ
577 4132 612 4202 ἡ
643 4135 942 4208 προσϐολή.
976 4138 1126 4204 Τέως
1155 4141 1200 4195 δ’
1227 4139 1323 4196 οὖν
1352 4144 1498 4211 ἔδοξε
1533 4127 1674 4205 κατὰ
1708 4153 1767 4206 τὸ

175 4219 431 4273 Ἰωάννου
477 4221 573 4275 τοῦ
604 4226 908 4296 ἀρχιερέως
938 4233 1228 4302 μνημεῖον-
1247 4237 1634 4305 προσϐάλλειν,
1669 4243 1764 4296 καὶ

171 4313 292 4374 τοῖς
320 4314 572 4382 τάγμασι
602 4315 765 4389 δῃοῦν
791 4320 860 4372 τὰ
891 4320 995 4388 πρὸ
1027 4323 1124 4394 τῆς
1152 4325 1359 4392 πόλεως
1388 4331 1758 4402 ἐγκελεύεται,

1540 251 1745 316 ΛΝΝΛ
1761 257 1956 320 LIUM
1996 263 2144 325 LIB.
2192 266 2288 331 Vi.

3429 303 3535 370 5H

1951 468 2155 524 vallum
2195 475 2453 530 muniunt
2486 480 2789 544 dimicant:
2821 505 2877 546 et
2906 495 3037 552 dum
3071 499 3262 558 hostes
3295 468 3537 566 cladibus

1947 555 2229 627 alliciunt,
2277 566 2534 635 pluribus
2571 574 2672 644 ipsi
2715 579 3056 642 aﬂieiuutur.
3107 591 3350 650 Externo
3396 599 3538 658 bello

1946 651 2228 722 paulisper
2262 658 2608 729 quiescente,
2663 672 2864 729 seditio
2920 694 3113 736 rursus
3149 689 3443 746 exoritur:
3481 703 3535 748 ct

1940 738 2186 798 Joannes
2216 763 2341 802 cum
2379 752 2587 812 Zelotis
2632 766 2836 833 lt'mpit)
2875 772 3068 828 multis
3101 776 3259 832 czcsis
3300 796 3400 850 per
3443 784 3527 841 do-

1942 832 2054 888 lum
2089 851 2384 910 occupato,
2411 845 2623 906 Simoni
2660 869 2720 908 se
2752 871 3034 929 opponere
3059 883 3229 925 ausus
3262 885 3369 928 est.
3392 875 3530 932 Dum

1937 938 2119 982 autem
2159 932 2546 1007 intervallum,
2583 948 2729 1014 quod
2765 966 2794 1004 a
2824 957 3173 1021 speculatore
3218 963 3285 1018 ad
3322 969 3527 1023 mamia

1935 1022 2200 1088 pertinet.
2252 1026 2357 1084 Titi
2418 1031 2577 1102 jussu
2634 1053 2987 1110 exaequatur,
3037 1049 3214 1107 Judaei
3265 1022 3528 1115 Rotnmis

1935 1108 2168 1168 insidias
2197 1127 2446 1177 struunt.
2473 1124 2608 1180 Nam
2654 1133 2982 1192 audaciores
3015 1155 3044 1193 e
3081 1142 3362 1202 seditiosis
3383 1189 3397 1212 ,
3431 1165 3518 1204 ur-

1932 1199 2056 1256 bem
2103 1211 2350 1278 egressi,
2390 1218 2554 1284 quasi
2594 1235 2624 1274 a
2655 1225 2808 1293 pacis
2843 1230 3108 1288 studiosis
3133 1236 3294 1306 ejecti
3334 1253 3522 1298 essent

1928 1297 2160 1361 scilicet.
2189 1301 2346 1371 juxta
2371 1310 2576 1365 moenia
2605 1317 3006 1376 versabantur:
3035 1325 3129 1379 alii
3157 1329 3211 1380 in
3241 1332 3518 1388 moenibus

1913 1937 2054 1992 nihil
2101 1943 2374 2000 moderati
2430 1956 2680 2022 responsi
2731 1937 3043 2031 acceperat.
3105 1937 3306 2024 blilites
3337 1937 3506 2042 igitur

1910 2044 2012 2084 suo
2051 2032 2173 2090 loco
2206 2054 2427 2098 manere
2448 2045 2635 2114 jussit.
2668 2048 2773 2105 Sed
2799 2069 2924 2108 eum
2952 2057 3177 2126 quidam
3217 2063 3284 2116 ad
3312 2076 3503 2133 portas

1894 2489 2241 2564 jaculantes,
2279 2501 2606 2560 occiderunt
2632 2509 2872 2578 multos,
2907 2515 3095 2584 plures
3125 2524 3490 2580 convulnera-

1899 2595 2050 2640 runt.
2087 2585 2206 2653 Quo
2251 2606 2512 2650 successu
2545 2597 2719 2654 Juda—zi
2771 2606 3164 2674 exsultabant,
3227 2624 3284 2669 et
3329 2626 3488 2672 scuta

1896 2681 2333 2752 consentiebant:
2395 2687 2552 2746 Titus
2587 2708 2717 2749 vero
2761 2705 2818 2750 et
2870 2705 3230 2762 centuriones
3277 2710 3487 2766 milites

1895 2772 2258 2841 castigabant.
2303 2774 2386 2833 Eo
2418 2784 2598 2851 spatio
2628 2787 2775 2855 quod
2809 2801 2936 2846 ante
2962 2797 3166 2851 mantia
3197 2808 3286 2854 est
3325 2815 3485 2857 com-

1890 2860 2117 2928 planato
2143 2905 2158 2930 ,
2201 2868 2489 2937 copiarum
2524 2876 2694 2930 robur
2723 2879 2790 2934 ad
2826 2897 3020 2940 muros
3047 2890 3336 2948 extendit:
3378 2893 3485 2948 ob-

1891 2956 2231 3026 structisque
2265 2962 2596 3028 ,Judacorum
2651 2975 3117 3044 excursionibus,
3168 2990 3346 3038 castra
3398 2985 3478 3040 ibi

1891 3047 2094 3112 posuit.
2122 3049 2261 3107 Urbs
2294 3056 2494 3124 triplici
2526 3076 2687 3116 muro
2714 3064 3052 3123 circumdata
3078 3070 3204 3136 fuit,
3226 3073 3320 3129 ubi
3345 3091 3478 3130 vero

1889 3138 1999 3192 situ
2061 3141 2182 3210 ipso
2237 3149 2632 3218 muniebatur,
2686 3155 2928 3228 simplici
2979 3161 3288 3222 duntaxat:
3323 3169 3476 3238 quod

1888 3245 2013 3286 cum
2033 3234 2103 3288 ita
2119 3247 2286 3304 esset,
2308 3248 2640 3313 oppugnatio
2665 3248 2984 3308 dillicillima
3009 3254 3136 3311 Tito
3155 3234 3471 3318 videbatur.

1886 3320 1994 3378 Sed
2018 3336 2198 3383 tamen
2219 3330 2396 3386 visum
2423 3345 2529 3401 est,
2553 3340 2710 3408 juxta
2727 3341 2956 3400 Joannis
2981 3351 3253 3415 pontificis
3273 3367 3474 3408 monu-

1883 3426 2130 3472 mentum
2184 3435 2306 3475 cam
2357 3424 2610 3482 adoriri:
2645 3431 2810 3501 idque
2854 3435 3170 3505 legionibus
3225 3440 3466 3498 indicari

1878 3505 2058 3576 jubet,
2095 3518 2156 3563 ut
2185 3515 2471 3570 materiam
2497 3520 2566 3572 ad
2595 3524 2923 3580 excitandos
2950 3543 3176 3598 aggeres
3205 3547 3466 3603 compor-

1883 3605 2084 3652 tarent.
2119 3599 2238 3667 Quo
2272 3603 2440 3675 facto,
2473 3618 2531 3663 et
2563 3613 2856 3682 aggeribus
2881 3622 3186 3676 exstructis
3208 3662 3224 3684 ,
3258 3599 3466 3680 arietes

1878 3689 2126 3756 expediri
2157 3692 2346 3762 jussit.
2381 3696 2641 3764 Quicum
2686 3707 2890 3761 moenia
2925 3709 3191 3766 trifariam
3229 3729 3462 3783 percus-

1875 3778 2116 3844 sissem,
2142 3790 2200 3836 et
2231 3784 2536 3845 inusitatus
2568 3791 2754 3864 fragor
2782 3797 2976 3852 urbem
3015 3800 3458 3860 circumsonuis-

1875 3880 1960 3924 set
1989 3887 2004 3925 :
2039 3874 2280 3931 clamore
2312 3879 2382 3933 ab
2415 3882 2662 3941 obsessis
2689 3887 2933 3954 sublato,
2967 3893 3222 3948 seditiosi
3253 3899 3455 3964 territi,

1872 3975 1932 4015 se
1957 3963 2146 4020 hostes
2175 3972 2459 4026 communi
2495 3989 2598 4043 ope
2635 3980 3056 4049 propulsaturos
3084 3999 3205 4039 esse
3233 3988 3460 4059 pepige-

1871 4064 2020 4110 runt.
2043 4057 2232 4116 Murus
2267 4071 2448 4120 tamen
2477 4065 2682 4124 ictibus
2719 4074 2954 4129 arietum
2987 4091 3098 4130 non
3126 4079 3327 4145 cessit,
3352 4095 3453 4136 an-

1867 4146 1995 4215 gulo
2012 4148 2277 4208 duntaxat
2293 4155 2458 4229 294
2475 4161 2642 4217 turris
2661 4163 3046 4234 uniusemoto,
3063 4183 3222 4225 muro
3238 4171 3454 4226 incolu-

1865 4239 1960 4294 mi.
1983 4241 2152 4298 Judaei
2173 4261 2306 4301 vero
2325 4263 2449 4304 cum
2466 4252 2747 4310 Romanos
2760 4257 3031 4324 incastris
3041 4260 3340 4332 dissipatos
3356 4264 3455 4320 ob-

1863 4344 2220 4402 servassent,
2256 4354 2562 4398 excurrunt
2589 4357 2784 4401 omnes
2807 4385 2824 4410 ,
2850 4358 2912 4411 et
2946 4352 3126 4420 ignem
3176 4356 3452 4413 machinis

171 4410 484 4478 cupqmpsiv
508 4424 568 4460 τε
600 4408 698 4480 τὴν
726 4409 882 4482 ὕλην,
912 4412 976 4466 ἶν’
1004 4415 1276 4488 ἐγείροιεν
1301 4420 1552 4491 χώματα.
1577 4425 1683 4478 Καὶ
1709 4427 1758 4479 οἱ

1888 4425 2163 4496 njiciunt:
2209 4430 2305 4486 ubi
2337 4443 2494 4489 atrox
2533 4451 2716 4506 pugna
2755 4451 2946 4496 exorta
2963 4408 3081 4510 est,
3115 4445 3204 4500 bis
3233 4462 3327 4504 eas
3358 4450 3448 4504 iu-

174 4495 274 4566 μέν
320 4501 400 4562 είς
439 4497 604 4570 ἔργον
633 4495 771 4572 ἦγον
811 4503 870 4556 τὸ
899 4505 1213 4576 κέλευσμα·
1245 4511 1353 4564 τῶν
1393 4513 1452 4567 δὲ
1482 4516 1756 4586 χωμάτων

168 4591 594 4662 ιγηγερμὲνων,
629 4595 935 4664 προσάγειν
964 4598 1091 4663 τοὺς
1120 4605 1310 4672 κριοὺς
1339 4605 1367 4656 ό
1397 4605 1554 4669 Τίτος
1591 4625 1757 4678 προσ-

165 4683 385 4747 έταττε,
451 4683 548 4736 καὶ
595 4684 820 4740 τύπτειν
880 4688 940 4740 τὸ
991 4691 1191 4760 τεῖχος.
1234 4693 1373 4764 Ἤδη
1428 4695 1538 4748 τῶν
1583 4699 1755 4767 κριῶν

169 4776 468 4848 ἡργμένων
503 4779 776 4851 τριχόθεν,
815 4782 1058 4849 ἐξαισίου
1089 4802 1150 4838 τε
1194 4787 1404 4842 κτύπου
1455 4792 1555 4863 τὴν
1593 4795 1751 4850 πόλιν

165 4868 637 4938 περιηχήσαντος,
673 4875 888 4944 κραυγὴ
925 4879 1074 4942 παρὰ
1109 4877 1218 4930 τῶν
1257 4880 1408 4934 ἔνδον
1443 4884 1607 4955 ἤρθη,
1657 4891 1750 4942 κοιὶ

161 4958 210 5008 οἱ
261 4960 618 5024 στασιασταὶ,
659 4961 964 5029 δείσαντες,
1004 4967 1349 5039 ὡμονόησαν,
1403 4977 1590 5042 κοινὴν
1649 4980 1750 5048 τὴν

159 5051 383 5123 ἄμυναν
425 5052 561 5121 προς
601 5054 728 5117 τοὺς
761 5055 1058 5126 πολεμίους
1092 5061 1368 5116 ποιεῖσθαι
1406 5067 1746 5138 συνθέμενοι.

159 5142 287 5196 Των
318 5159 384 5211 γε
417 5146 530 5214 μὴν
553 5147 725 5216 κριῶν
758 5151 1094 5217 τυπτόντων,
1129 5154 1230 5225 οὐχ
1257 5155 1508 5212 ὑπεδίδου
1537 5161 1598 5212 τὺ
1637 5166 1746 5214 τεῖ-

158 5251 254 5304 χος
278 5237 683 5310 πληττόμενον.
702 5240 882 5296 Γωνία
911 5245 967 5298 δέ
1002 5263 1084 5310 τις
1117 5249 1279 5319 μόνον
1310 5251 1429 5315 ἐνὸς
1465 5253 1575 5306 τῶν
1607 5254 1739 5324 πύρ-

156 5343 275 5394 γων
307 5330 748 5402 “mutuare,
777 5335 840 5388 τὸ
863 5336 923 5389 δὲ
961 5341 1138 5410 τεῖχος
1167 5341 1428 5409 ἀκέραιον
1474 5340 1563 5416 ἦν.
1610 5347 1744 5402 Ἰου-

154 5419 299 5474 δαῖοι
335 5419 418 5486 δὲ,
455 5423 583 5487 τοὺς
614 5423 928 5496 Ῥωμαίους
949 5429 1383 5505 ἐσκεδασμένους
1416 5443 1745 5513 παρατηρή-

155 5527 352 5576 σαντες
386 5512 530 5567 κατὰ
563 5513 626 5567 τὸ
655 5519 1044 5588 στρατόπεδον,
1073 5524 1326 5580 ἐκθέουσι
1367 5527 1594 5596 πάντες,
1627 5512 1741 5604 πῦρ

154 5603 276 5663 ταῖς
309 5605 588 5672 μηχαναῖς
622 5604 998 5674 ἐπιφέροντες.
1039 5614 1199 5683 Δεινὴ
1239 5615 1296 5668 δὲ
1329 5616 1460 5687 περὶ
1495 5620 1596 5684 τὰς
1623 5603 1740 5674 ἐλε-

155 5693 345 5757 πόλεις
401 5695 557 5766 μάχη
597 5697 884 5766 συνέπεσε,
916 5701 1025 5756 τῶν
1053 5704 1156 5773 μὲν
1197 5705 1584 5782 ὑποπιμπρᾷν,
1626 5714 1736 5772 τῶν

1864 4520 2102 4578 cendere
2121 4562 2136 4588 ,
2168 4524 2277 4580 illis
2307 4525 2621 4584 incendium
2650 4532 2910 4590 cohibere
2947 4540 3302 4597 conantibus.
3332 4543 3444 4599 Sed

1859 4609 2032 4666 Judzei
2067 4630 2136 4669 ex
2167 4615 2558 4686 desperatione
2602 4626 2924 4693 superiores
2960 4629 3209 4699 fuerunt,
3235 4643 3294 4688 et
3325 4651 3442 4690 ma-

1860 4705 2040 4762 china:
2065 4711 2176 4779 jam
2206 4711 2476 4768 ardebant
2505 4732 2519 4768 :
2557 4731 2622 4772 ac
2651 4719 2758 4773 nisi
2799 4719 2960 4776 Titus
2991 4737 3116 4778 cum
3152 4727 3443 4796 equitibus

1857 4798 2112 4853 subsidio
2143 4802 2407 4867 uenisset,
2456 4806 2906 4880 conﬂagrassent.
2961 4814 3118 4870 Nunc
3154 4833 3283 4872 vero
3312 4835 3415 4888 pro

1854 4891 2256 4959 pugnatoribus
2283 4895 2602 4952 Judaaorutu
2635 4902 2856 4958 circiter
2885 4919 2961 4958 xu
2995 4907 3154 4961 caesis
3180 4948 3196 4975 ,
3232 4909 3436 4978 reliqui

1855 4980 1910 5033 in
1948 4981 2140 5036 urbem
2190 4995 2322 5040 sunt
2371 4992 2687 5059 compulsi:
2717 5003 2776 5049 et
2809 5011 2952 5051 unus
3002 4998 3226 5054 Judaeus
3277 5001 3438 5057 τίνας

1851 5080 2068 5142 captus,
2096 5084 2227 5132 ante
2263 5081 2468 5134 mmnia
2499 5084 2550 5135 in
2579 5097 2800 5141 crucem
2831 5100 2991 5145 actus
3020 5099 3132 5156 est,
3161 5101 3219 5145 ut
3247 5108 3315 5146 eo
3341 5107 3431 5148 as-

1849 5172 2012 5233 pectu
2049 5169 2290 5236 perculsi
2317 5173 2502 5226 caateri
2532 5190 2590 5230 se
2619 5176 2911 5236 dederent.
2953 5182 3061 5238 Sed
3099 5199 3223 5238 cum
3262 5183 3424 5239 Titus

1847 5254 2056 5326 ligneas
2087 5267 2269 5314 turres
2300 5260 2547 5332 singulas
2572 5281 2604 5319 ι
2627 5268 2876 5324 cubitum
2905 5271 2960 5324 in
2988 5271 3281 5343 aggeribus
3306 5273 3428 5326 col-

1845 5345 2102 5412 locassct,
2130 5350 2303 5407 Judaei
2331 5354 2574 5410 arietum.
2595 5359 2860 5428 impetum
2891 5379 2998 5418 non
3025 5363 3262 5430 amplius
3285 5379 3422 5434 pro-

1846 5439 2171 5508 bibuerunt,
2206 5461 2330 5500 cum
2363 5464 2429 5502 ex
2453 5449 2564 5505 illis
2587 5450 2912 5519 ferirentur,
2949 5469 3016 5508 ac
3041 5454 3184 5510 male
3215 5465 3422 5512 tracta-

1844 5541 2058 5586 rentur.
2099 5534 2217 5589 Jatu
2265 5553 2396 5592 vero
2434 5556 2596 5596 muro
2630 5543 2846 5597 etiame
2872 5543 3075 5600 Nicone
3114 5546 3216 5616 (sic
3265 5551 3417 5606 enim

1842 5624 1944 5692 ipsi
1973 5623 2147 5680 Judzei
2183 5627 2558 5686 Romanorum
2587 5634 2878 5690 maximam
2906 5637 3178 5695 vocabant
3207 5645 3421 5698 maelii-

1843 5727 2012 5787 nam)
2076 5716 2451 5789 labefactata,
2516 5725 2770 5795 plerique
2835 5728 3138 5788 debil‘tatis
3215 5736 3420 5794 aliitnis
