4002 6250
476 254 584 330 51:;

1762 230 2095 312 'IOANNIS
2126 241 2455 304 20mm:

3645 204 3754 295 διε

477 387 829 438 recesserunt
862 372 875 433 Ξ
936 354 1243 446 eodemque
1273 390 1301 428 a
1335 369 1598 428 Romanis
1644 373 1913 436 occupato
1938 404 1954 428 ,
1992 363 2048 417 in

2187 360 2211 413 ὲ
2264 355 2500 411 κωλύειν
2550 351 2909 424 βιαζομένων.
2957 351 3205 405 Ἰουδαῖοι
3246 349 3301 403 δὲ
3347 344 3643 417 ὑπερεῖχον
3688 349 3746 415 ἐξ

478 477 711 530 alterum
748 487 964 527 murum
1000 468 1388 537 confugerunt.
1437 462 1593 519 Muro
1625 460 1803 530 primo
1835 473 1902 510 xv
1936 455 2057 509 die-

482 566 589 620 bus
624 573 810 634 capto,
839 561 1118 616 secundus
1140 558 1305 612 etiam
1338 553 1575 609 adducta
1608 549 1858 604 machina
1886 561 2059 623 oppu-

483 658 639 728 gnari
691 666 906 727 emptus
940 673 954 708 :
992 667 1056 707 ac
1094 649 1230 705 turri
1288 648 1527 718 quadam
1573 640 1920 704 labefactata,
1971 636 2061 691 alii

485 749 767 819 fugerunt.

2166 450 2452 512 ἀπονοίας,
2481 448 2575 500 xui.
2610 447 2670 498 τὸ
2702 447 2810 515 πῦρ
2840 447 2948 498 τῶν
2967 445 3268 497 ἐλεπόλεων
3297 442 3522 513 ἥπτετο.
3563 440 3675 493 Καὶ
3702 441 3750 493 εί

2173 543 2248 612 μὴ
2283 543 2312 593 6
2343 542 2500 602 Τῖτος
2532 540 2629 593 σὺν
2662 542 2773 601 τοῖς
2804 539 3062 591 ἱππεῦσιν
3096 535 3459 607 ἐπεϐοῇθησε,
3488 535 3585 587 καὶ
3618 551 3753 586 κατ·-

2171 635 2485 704 εφλὲγησαν
2515 634 2600 688 ἄν.
2637 632 2751 686 Νῦν
2772 633 2826 685 δὲ
2861 631 2968 684 τῶν
3000 631 3302 701 προμάχων
3327 628 3437 682 τῶν
3484 626 3753 680 Ἰουδαίαν

2173 728 2454 781 πεσόντων
2477 728 2549 791 ὡς
2582 727 2813 785 δώδεκα,
2850 727 2900 778 oi
2926 724 3106 779 λοιποὶ
3139 723 3442 787 ἐνέκλιναν,
3482 724 3576 774 καὶ
3619 738 3714 772 συν
3742 753 3755 762 -

482 814 768 910 ηλόιθησαν
821 840 901 901 είς
953 836 1053 906 τὴν
1103 827 1621 902 πόλιν.Ζωγρηθεές
1678 825 1735 879 δὲ
1806 821 1915 876 τῶν
1964 820 2237 874 Ἰουδαίων
2288 816 2389 885 εἷς,
2457 819 2565 890 πρὸ
2612 820 2705 872 τοῦ
2753 822 2968 889 τείχους
3017 814 3434 885 ἀνεσταυρώθη,
3503 814 3555 866 εί
3623 814 3756 884 πρὸς

484 938 586 1006 τὴν
610 935 734 1005 δψιν
764 936 812 987 oi
843 932 1026 985 λοιποὶ
1055 928 1503 996 καταπλαγέντες
1546 922 1768 975 ἐνδοῖεν.
1840 919 2095 986 Πύργους
2134 918 2191 971 δὲ
2261 917 2602 987 πεντήκοντα
2631 917 2854 985 πήχεων
2895 914 3127 967 ἕκαστον
3157 914 3219 965 ἐκ
3263 910 3437 975 ξύλων
3467 907 3561 960 τοῦ
3595 908 3755 960 Τίτον

485 1028 1031 1087 κατασκευάσαντος,
1062 1023 1293 1082 καὶτοῖς
1326 1019 1578 1089 χώμασιν
1644 1013 1845 1074 αὐτοὺς
1914 1010 2333 1080 ἐπιστήσαντος,
2409 1009 2598 1061 οὐκέτι
2650 1007 2888 1059 ἐκώλυον
2957 1005 3204 1058 Ἰουδαῖοι
3243 1003 3344 1066 τὰς
3375 1001 3613 1071 ἐμϐολὰς
3656 999 3757 1051 τῶν

486 1124 680 1193 κριῶν.
716 1125 779 1175 ἐκ
806 1120 915 1172 τῶν
950 1118 1175 1187 πύργων
1216 1114 1537 1184 βαλλόμενοι
1606 1107 1703 1162 καὶ
1748 1106 2102 1175 κακούμενοι.
2148 1103 2286 1170 Ἤδη
2326 1105 2382 1157 δὲ
2429 1103 2506 1173 τῷ
2541 1102 2752 1155 Νίκωνι
2803 1101 2897 1155 τοῦ
2955 1101 3167 1170 τείχους
3218 1097 3511 1159 ἐνδιδόντος
3582 1097 3758 1165 (αὐτοὶ

491 1188 600 1286 γαρ
644 1214 887 1267 Ἰουδαῖοι
921 1210 1020 1279 τὴν
1062 1207 1326 1279 μεγίστην
1352 1202 1601 1256 ἑλέπολιν
1631 1201 1740 1252 τῶν
1803 1197 2100 1266 Ῥωμαίων
2139 1196 2312 1257 οὕτως
2354 1195 2670 1264 ἐκάλεσαν),
2704 1193 3134 1265 μαλακισθέντες
3193 1189 3504 1260 ἀνεχώρουν
3550 1192 3597 1240 οἱ
3632 1188 3757 1239 πολ-

492 1311 597 1367 λοί.
643 1310 754 1364 Καὶ
797 1307 902 1361 τῶν
945 1304 1233 1374 Ῥωμαίων
1281 1299 1588 1353 ἐπιόάντων
1629 1295 1820 1359 αὑτοῦ,
1871 1299 2073 1357 πάντες
2109 1300 2218 1368 είςΔ
2251 1296 2313 1349 τὸ
2377 1295 2633 1365 δεύτερον
2675 1288 3044 1357 ἀναφεύγουσι
3090 1285 3291 1353 τεῖχος.
3338 1282 3446 1335 Καὶ
3487 1278 3663 1332 οὕτως
3711 1291 3757 1343 οἱ

504 1399 770 1467 Ῥωμαῖοι
800 1394 893 1448 τοῦ
925 1366 1141 1462 πρώτου
1166 1389 1378 1459 τείχους
1413 1390 1469 1440 ἐν
1502 1384 1899 1439 πεντεκαίδεκα
1972 1366 2218 1456 ἡμέραις
2261 1382 2598 1451 ἐκράτησαν.
2660 1375 2945 1430 Ἐντεῦθεν
3021 1372 3208 1434 αὐτοῖς
3257 1367 3399 1421 κατὰ
3472 1367 3568 1419 τοῦ
3644 1366 3760 1418 δεν-

487 1496 651 1563 τέρου
721 1489 935 1558 τείχους
1000 1488 1247 1551 ἐγένοντο
1314 1482 1655 1555 προσϐολαὶ,
1730 1482 1826 1534 καὶ
1897 1478 2239 1548 προσάγεται
2292 1480 2326 1548 ή
2416 1473 2702 1537 ἑλέπολιςο
2797 1468 3163 1539 σαλευομένου
3249 1465 3306 1520 δὲ
3355 1462 3449 1516 τοῦ
3527 1462 3761 1537 πύργου,

491 1580 614 1634 καθ’
672 1573 732 1632 οὗ
786 1578 885 1641 τὰς
951 1575 1190 1644 ἐμϐολὰς
1244 1574 1502 1635 ἐποιεῖτο,
1543 1572 1593 1623 οἱ
1649 1569 1749 1640 μὲν
1784 1568 1935 1621 ἄλλοι
1970 1567 2302 1636 πεφεύγασι.
3305 1633 3313 1640 .

563 1673 685 1728 XX.
722 1670 921 1727 Castor
958 1683 1092 1722 vero
1123 1666 1345 1736 quidam
1372 1702 1386 1727 ,
1428 1664 1593 1717 homo
1632 1663 1922 1730 impostor,
1955 1673 2082 1712 cum

2261 1660 2347 1712 K'.
2382 1657 2620 1724 Κάστωρ
2651 1652 2705 1707 δέ
2746 1670 2829 1708 τις
2866 1649 3006 1719 ἀνὴρ
3040 1649 3192 1718 γόης.
3230 1646 3348 1717 μεθ’
3380 1646 3586 1715 ἐτέρων
3630 1645 3759 1698 δέκα

489 1765 614 1820 aliis
649 1780 679 1817 ιι
710 1761 1038 1831 suppliciter
1077 1756 1321 1812 extentis
1353 1753 1609 1810 manibus
1646 1751 1833 1805 Titum
1869 1758 2070 1802 vocat:

2187 1750 2481 1821 προτείνων
2516 1747 2615 1811 τὰς
2644 1748 2834 1815 χεῖρας
2883 1742 2956 1807 ὡς
2988 1741 3270 1807 ίκετεύων,
3301 1740 3485 1793 ἐκάλει
3535 1740 3627 1792 τὸν
3672 1739 3760 1793 Ti-

492 1857 581 1912 cni
628 1856 719 1910 ille
753 1853 859 1907 fide
912 1851 1201 1913 adhibita,
1261 1846 1533 1901 machina:
1577 1845 1750 1898 ictum
1807 1842 2072 1896 inhibuit.

491 1946 687 2003 Castor
720 1962 776 1999 se
803 1945 1203 1998 descensurum
1240 1938 1519 2010 professus
1547 1945 1650 1999 est,
1680 1934 1748 1988 ad
1785 1933 2075 2004 petendam

490 2040 798 2094 dexteram.
853 2034 938 2089 llli
986 2048 1120 2089 vero
1166 2048 1198 2085 x
1236 2031 1435 2100 partim
1484 2027 1787 2098 supplicem
1833 2040 1957 2079 cum
2010 2039 2077 2077 eo

493 2143 707 2202 gestum
741 2128 1108 2191 simulabant,
1154 2123 1355 2193 partim
1388 2135 1448 2175 se
1481 2133 1764 2187 nunquam
1814 2114 2078 2169 Romanis

495 2222 798 2275 servituros
829 2218 1206 2272 clamitabant.
1235 2216 1415 2278 Quare
1442 2212 1570 2265 dum
1608 2223 1824 2279 tempus
1855 2209 2076 2272 teritur,

494 2311 691 2366 Castor
721 2309 1005 2363 Simonem
1040 2313 1249 2369 monet,
1285 2313 1344 2357 ut
1372 2303 1505 2372 quid
1534 2300 1679 2355 facto
1705 2300 1779 2353 sit
1807 2314 1945 2368 opus
1976 2297 2076 2351 de-

496 2403 729 2464 liberet,
762 2401 891 2454 dum
937 2399 1054 2468 ipse
1093 2397 1467 2451 Romanorum
1500 2395 1763 2463 impetum
1806 2391 2081 2444 inhiberet

506 2505 674 2564 atque
708 2492 982 2547 eluderet.
1012 2490 1146 2543 Dolo
1172 2490 1391 2542 tandem
1416 2483 1824 2549 animadverso,
1848 2481 2080 2537 Romani

501 2583 787 2646 concitati,
829 2583 1148 2652 majoreque
1178 2579 1231 2634 vi
1283 2577 1552 2632 machinis
1586 2576 1840 2646 impulsis
1862 2615 1875 2635 ,
1912 2573 2082 2627 etiam

500 2675 801 2732 secundum
823 2688 1039 2727 murum
1059 2671 1255 2741 quinto
1277 2678 1401 2739 post
1418 2669 1655 2737 primum
1677 2666 1767 2721 die
1790 2662 2101 2735 ceperunt.‘

502 2767 663 2824 Titus
690 2768 995 2836 ingressus,
1028 2763 1225 2827 vetuit,
1265 2776 1333 2815 ne
1366 2758 1755 2830 comprehensi
1796 2757 2081 2812 cavdercn.

501 2865 615 2916 tnr.
649 2870 785 2910 neve
811 2854 957 2908 aedes
979 2852 1389 2914 inccderentur,
1414 2863 1594 2918 neque
1623 2847 1792 2902 etiam
1829 2862 2080 2918 magnam

500 2959 716 3019 partem
771 2946 914 2999 muri
967 2944 1117 2998 dirui
1164 2941 1361 2996 voluit.
1410 2940 1645 2995 Malebat
1684 2941 1832 2994 enitn
1882 2937 2079 2993 urbem

2177 1850 2289 1895 τον.
2322 1840 2383 1893 '0
2408 1840 2486 1905 δὲ,
2514 1837 2831 1899 πιστεύσας,
2858 1833 3047 1902 ἐπέχει
3072 1831 3167 1903 τὴν
3199 1830 3435 1902 ἐμϐολὴν
3461 1830 3555 1883 τοῦ
3582 1831 3758 1902 κριοῦ,

2182 1934 2278 1985 xui.
2309 1933 2336 1982 6
2369 1932 2608 2000 Κάστωρ
2639 1929 2944 1997 καταεῆναι
2975 1924 3258 1996 βούλεσθαι
3287 1924 3381 1977 ἐπὶ
3410 1923 3557 1994 δεξιᾷ
3584 1925 3758 1991 ἔλεγε,

2181 2020 2413 2076 καὶτῶν
2458 2021 2555 2073 σὺν
2600 2017 2751 2087 αὐτῷ
2784 2018 2915 2070 δέκα
2948 2018 2996 2068 oi
3031 2013 3129 2085 μὲν
3166 2013 3262 2083 τὴν
3304 2014 3517 2066 ἱκεσίαν
3558 2030 3760 2065 συνυπ-

2180 2115 2483 2184 εκρίνοντο,
2525 2112 2575 2165 οἱ
2614 2112 2661 2165 δ’
2700 2112 2800 2164 οὐκ
2832 2111 2896 2163 ἄν
2936 2126 3066 2161 ποτε
3110 2107 3422 2160 δουλεύσειν
3467 2106 3760 2171 Ῥωμαίοις

2180 2210 2370 2263 ἐϐόων.
2409 2205 2755 2277 Τριὸομένης
2787 2201 2832 2256 δ’
2861 2205 2919 2256 ἐν
2948 2201 3159 2262 τούτοις
3209 2200 3306 2269 τῆς
3355 2197 3525 2268 ὥρας,
3575 2200 3604 2251 6
3649 2199 3760 2251 Κά-

2184 2319 2331 2373 στωρ
2369 2301 2558 2372 ἐδήλου
2589 2297 2668 2369 τῷ
2698 2298 2928 2366 Σίμωνι,
2967 2296 3096 2365 περὶ
3133 2292 3240 2347 τῶν
3268 2292 3601 2360 ἐπειγόντων
3638 2290 3762 2361 βου⁴

2182 2394 2463 2458 λεύεσθαι,
2507 2393 2581 2457 ὡς
2606 2391 2970 2463 ἐμπαίζοντος
3014 2389 3307 2459 Ῥωμαίοις
3349 2386 3543 2453 αὐτοῦ,
3572 2390 3668 2441 καὶ
3702 2389 3761 2439 τδ

2185 2486 2335 2556 σφῶν
2367 2485 2656 2555 ἐπέχοντος
2693 2485 2943 2553 ὅρμημα.
2981 2480 3151 2544 Τέλος
3186 2480 3242 2532 δέ
3282 2478 3548 2548 γνωσθείς
3576 2480 3763 2550 ἀπάτῃ

2181 2579 2273 2631 τὸν
2299 2578 2492 2649 καιρὸν
2526 2578 2839 2648 παρέλκων,
2869 2576 3157 2647 παρώξυνε
3178 2577 3304 2638 τοὺς
3336 2574 3642 2645 Ῥωμαίους
3667 2574 3765 2635 τὰς

2185 2669 2425 2740 ἐμϐολὰς
2474 2670 2568 2723 τοῦ
2617 2667 2776 2739 κριοῦ
2824 2670 3094 2722 ποιεῖσθαι
3140 2666 3541 2735 δυνατωτέρας.
3586 2664 3766 2717 Ἐἀλω

2185 2763 2366 2816 τοίνυν
2404 2763 2497 2815 καὶ
2529 2761 2591 2815 τὸ
2620 2762 2877 2831 δεύτερον
2911 2762 3094 2833 τεῖχος
3149 2759 3334 2830 ἡμέρᾳ
3363 2759 3590 2829 πέμπτῃ
3630 2757 3768 2826 μετὰ

2185 2857 2247 2911 τὸ
2279 2858 2518 2927 πρῶτον.
2549 2858 2846 2929 Παρελθὼν
2867 2856 2913 2910 δ’
2947 2859 3096 2921 ἐντος
3137 2856 3167 2911 6
3204 2856 3401 2919 Τῖτος,
3429 2856 3669 2910 κτείνειν
3707 2871 3767 2908 τε

2184 2948 2310 3010 τοὺς
2337 2946 2936 3017 καταλαμϐανομένους
2964 2944 3233 3009 ἐκώλυσε,
3265 2944 3358 2998 καὶ
3397 2943 3532 3015 μηδὲ
3560 2944 3659 3005 τὰς
3687 2943 3769 2994 oio

504 3039 635 3101 sibi,
671 3039 935 3107 templum
970 3035 1093 3089 urbi
1122 3048 1479 3089 conservare.
1508 3030 1772 3087 Seditiosi
1802 3045 1933 3085 vero
1974 3030 2081 3085 Ro-

2187 3038 2312 3102 κίας
2341 3038 2706 3109 ὑποπιμπρᾷν
2745 3040 2860 3101 τοῖς
2882 3036 3245 3107 στρατιώταις
3277 3033 3590 3090 ἐκέλευσεν.
3620 3031 3770 3086 Ἀλλ’

507 3144 704 3187 manus
732 3130 926 3183 urbem
962 3127 1242 3196 ingressos
1268 3124 1484 3189 adorti,
1520 3123 1613 3177 alii
1645 3122 1700 3176 in
1731 3121 2036 3192 angiportis
2061 3162 2076 3186 ,

502 3222 597 3275 alii
642 3234 707 3273 ex
745 3220 979 3283 :edibus,
1010 3218 1102 3270 alii
1132 3232 1204 3271 ex
1250 3214 1528 3270 manibus
1555 3213 1827 3268 feriebant
1852 3228 1871 3267 :
1900 3212 2085 3281 itaque

506 3310 833 3380 praesidiarii
857 3325 888 3362 e
919 3308 1166 3362 turribus
1193 3305 1514 3360 desilientes
1537 3347 1551 3370 ,
1584 3305 1639 3359 in
1685 3315 1865 3360 castra
1899 3321 2084 3359 rever-

502 3405 785 3457 tebantur.
828 3400 1002 3456 Judaei
1032 3415 1164 3454 vero
1186 3412 1319 3453 cum
1357 3414 1427 3452 ex
1463 3397 1660 3452 notitia
1692 3398 2082 3469 angiportuum

510 3494 671 3563 z95
704 3493 903 3547 multos
927 3491 1334 3549 vulnerassent,
1359 3498 1416 3542 et
1439 3488 1716 3542 Romanos
1740 3497 1863 3558 post
1883 3502 2085 3542 secun-

503 3584 544 3638 d
591 3598 641 3636 ιιι
684 3595 905 3651 quoque
957 3593 1179 3633 murum
1211 3586 1432 3647 captum
1467 3576 1690 3631 fortiter
1733 3578 2082 3646 repulisseut,

502 3675 853 3730 sustuli-runt
897 3668 1150 3735 animos,
1185 3670 1428 3722 acl‘ame
1471 3668 1582 3737 jam
1614 3682 1713 3736 per
1746 3668 1939 3721 urbem
1967 3681 2086 3721 ser-

510 3778 696 3836 pente,
726 3765 1026 3818 multorum
1060 3761 1330 3815 bonorum
1355 3759 1600 3813 virorum
1631 3773 1699 3814 ex
1731 3774 1964 3813 annona:
1993 3774 2087 3828 pe-

509 3859 673 3912 iniria
721 3856 950 3910 interitu
996 3853 1245 3907 seditiosi
1293 3850 1754 3913 delectabantur,
1795 3865 1893 3905 eos
1944 3852 2088 3906 solos

507 3952 691 4006 salvus
712 3963 834 4004 esse
855 3947 1162 4017 cupientes,
1187 3944 1282 4014 qui
1306 3957 1495 4013 pacem
1522 3952 1929 4008 aversarentur,
1954 3942 2089 3997 alio-

513 4055 746 4110 rumque
781 4037 1085 4108 perniciem
1108 4050 1262 4090 suam
1287 4036 1522 4090 salutem
1557 4034 2084 4104 interpretabantur.

511 4133 779 4188 Romanis
814 4145 947 4184 vero
984 4128 1294 4183 secundum
1334 4142 1556 4182 murum
1586 4127 1772 4182 denuo
1813 4140 2087 4197 occupare

512 4222 886 4285 studentibus,
922 4220 1166 4275 triduum
1200 4221 1566 4274 restiterunt:
1601 4229 1800 4289 quarto
1847 4219 1939 4273 die
1981 4218 2111 4272 im;

512 4326 701 4387 petum
733 4329 928 4369 eorum
962 4329 1075 4368 non
1120 4314 1366 4368 ferentes
1390 4352 1406 4378 ,
1439 4312 1495 4366 in
1530 4313 1849 4367 interiorem
1886 4309 2089 4365 transi-

2185 3131 2306 3186 οὐδὲ
2331 3129 2426 3184 τοῦ
2461 3131 2675 3200 τείχους
2708 3130 2842 3182 πολὺ
2878 3127 3047 3199 μέρος
3079 3127 3476 3199 καθαιρεθῆναι
3506 3127 3767 3196 ἠθέλησε·

2188 3225 2319 3295 περὶ
2376 3222 2626 3285 πλείονος
2672 3221 2782 3289 γὰρ
2823 3221 3060 3273 ἐποιεῖτο
3107 3219 3207 3289 τὴν
3258 3218 3358 3288 μὲν
3404 3220 3558 3271 πόλιν
3588 3218 3770 3290 ἐαυτῷ

2188 3314 2519 3386 περισῶσαι,
2560 3315 2626 3383 τῇ
2660 3311 2897 3366 πόλειδέ
2932 3311 3022 3364 τὸν
3059 3311 3205 3363 ναόν.
3252 3310 3617 3364 Ἐπιτίθενται
3659 3312 3772 3363 τοί-

2186 3424 2283 3460 νυν
2335 3408 2385 3460 οί
2440 3405 2767 3459 στασιασταὶ
2820 3405 2934 3465 τοῖς
2987 3401 3309 3455 ἐπελθοῦσιν
3354 3404 3437 3465 είς
3478 3401 3578 3473 τὴν
3613 3404 3770 3455 πόλιν

2200 3498 2520 3565 Ῥωμαίοις,
2565 3495 2661 3550 καὶ
2711 3497 2761 3550 oi
2797 3496 2895 3565 μὲν
2926 3493 3068 3547 κατά
3111 3496 3238 3558 τοὺς
3268 3494 3599 3559 στενωποὺς,
3645 3494 3694 3547 oi
3726 3495 3773 3547 δ’

2189 3594 2253 3644 ἐκ
2285 3590 2395 3643 τῶν
2427 3588 2639 3654 οἰκιῶν,
2673 3589 2722 3640 oi
2745 3587 2789 3640 δ’
2818 3589 2882 3639 ἐκ
2916 3585 3009 3638 τοῦ
3040 3585 3256 3655 τείχους
3286 3585 3483 3664 αὐτοὺς
3521 3584 3767 3640 ἔόαλλον.

2191 3683 2299 3735 Καὶ
2325 3682 2374 3734 oi
2404 3682 2596 3733 τούτου
2626 3681 2854 3750 φρουροὶ
2895 3678 3179 3747 Ῥωμαῖοι,
3220 3676 3619 3746 καθαλλόμενοι
3661 3678 3773 3730 τῶν

2190 3773 2435 3844 πύργων,
2467 3771 2776 3842 ἀνεχώρουν
2806 3760 2886 3832 είς
2914 3769 2976 3821 τὸ
3006 3768 3396 3840 στρατόπεδον.
3439 3769 3685 3821 Ἰουδαῖοι
3714 3767 3774 3821 δὲ

2190 3863 2313 3918 κατ’
2342 3853 2637 3933 ἐμπειρίαν
2675 3860 2782 3914 τῶν
2830 3856 3126 3914 στενωπῶν
3160 3860 3496 3929 ἐτίτρωσκόν
3537 3877 3597 3912 τε
3632 3859 3770 3912 πολ-

2189 3954 2335 4018 λοὺς,
2368 3955 2467 4006 καὶ
2494 3952 2937 4022 προσπίπτοντες
2963 3949 3222 4016 ἐξώθουν.
3259 3949 3522 4019 Ῥωμαῖοι
3556 3950 3658 4020 μὲν
3678 3946 3774 4004 οὖν

2190 4047 2588 4117 κρατήσαντες,
2616 4042 2709 4096 καὶ
2737 4042 2830 4096 τοῦ
2869 4043 3124 4114 δευτέρου
3157 4042 3394 4112 τείχους,
3446 4040 3606 4105 αὖθις
3641 4040 3779 4107 ἐξώ-

2191 4136 2421 4207 σθησαν,
2451 4134 2659 4205 ἐπῆρτο
2690 4134 2747 4187 δὲ
2776 4137 2891 4197 τοῖς
2925 4136 3278 4196 στασιασταῖς
3312 4136 3381 4187 τὰ
3413 4135 3770 4205 φρονήματα.

2195 4229 2333 4297 Ἤδη
2385 4228 2442 4281 δὲ
2489 4228 2584 4280 καὶ
2626 4229 2653 4280 6
2699 4226 2855 4296 λιμὸς
2889 4226 3149 4296 ὑφέρπων
3178 4225 3280 4295 τὴν
3330 4227 3507 4289 πόλιν,
3537 4225 3772 4290 πολλοὺς

2190 4316 2299 4368 τῶν
2322 4316 2542 4384 ἀγαθῶν
2562 4316 2774 4387 ἀνδρῶν
2797 4315 2972 4386 ἐνδείᾳ
2994 4316 3101 4369 τῶν
3124 4315 3443 4386 ἐπιτηδείων
3467 4316 3771 4387 διέφθειρε.

510 4415 695 4462 erunt.
720 4406 880 4459 Titus
913 4407 1115 4461 iterum
1150 4405 1358 4475 potitus
1389 4403 1691 4468 mamibus,
1723 4411 1988 4471 quantum
2016 4402 2082 4455 ad

2195 4407 2368 4461 Τοῦτο
2398 4409 2455 4461 δὲ
2501 4410 2614 4470 τοῖς
2659 4410 3013 4463 στασιασταῖς
3056 4408 3395 4475 καταθύμιον
3438 4404 3524 4479 ἦν,
3573 4410 3776 4478 μόνους

516 4498 952 4567 septentrionem
978 4506 1189 4567 spectat
1206 4496 1384 4550 diruit
1402 4512 1418 4554 :
1441 4495 1667 4564 reliquis
1685 4495 1933 4564 partibus
1955 4508 2088 4564 pne-

512 4589 656 4643 sidio
680 4589 957 4657 imposito,
982 4589 1050 4641 ad
1074 4588 1299 4643 tertium
1320 4586 1748 4657 uppuguandum
1770 4600 1829 4640 se
1850 4586 2083 4655 paravit,

514 4687 573 4734 et
607 4679 852 4748 legiones
897 4678 1150 4732 bifariam
1185 4676 1543 4747 dispertitus,
1590 4690 1819 4746 aggeres
1842 4676 2086 4731 excitare

512 4773 705 4840 cepit.
731 4770 807 4824 Ex
840 4771 909 4825 iis
935 4772 1028 4839 qui
1059 4770 1209 4824 intus
1236 4777 1431 4832 erant,
1456 4767 1702 4823 seditiosi
1732 4767 2088 4837 pertinaciter

515 4861 882 4919 resistebant:
917 4862 1155 4931 populus
1192 4875 1325 4915 vero
1357 4858 1721 4929 transfugium
1751 4857 2038 4927 spectabat
2065 4893 2080 4921 ,

513 4969 581 5008 ac
622 4953 781 5007 multi
822 4969 956 5008 sane
1001 4956 1141 5009 clam
1189 4953 1645 5025 transfugiebant.
1681 4951 1840 5018 Quod
1899 4951 1993 5021 qui
2032 4951 2086 5004 in

513 5046 703 5100 animo
754 5046 961 5101 habere
1025 5047 1388 5108 videbantur,
1442 5054 1536 5100 aut
1585 5047 1834 5099 umbram
1868 5055 2081 5099 tantum

517 5139 849 5210 suspicionis
866 5140 1206 5209 praebebant,
1227 5139 1616 5209 iugulabantur
1634 5136 1841 5202 statim,
1865 5153 2081 5192 eorum-

517 5244 629 5298 que
679 5231 819 5284 bona
856 5229 1297 5300 diripiebantur;
1339 5228 1641 5297 locupletes
1702 5241 1833 5280 vero
1860 5266 1875 5291 ,
1921 5237 2088 5281 etiam

517 5323 657 5377 falso
686 5322 971 5392 transfugii
1016 5322 1248 5377 crimine
1286 5318 1554 5382 conficto,
1586 5318 1769 5372 statim
1795 5317 2090 5371 caedeban-

521 5422 644 5477 tur,
670 5423 846 5468 utres
873 5412 1388 5469 eorum‘familiaris
1415 5410 1609 5479 praedae
1643 5419 1809 5464 esset.
1840 5409 1973 5463 Eam
1997 5422 2088 5463 se-

523 5504 851 5559 ditiosorum
880 5504 1266 5560 crudelitatem
1303 5504 1478 5557 fames
1518 5503 1772 5571 augebat.
1827 5501 1963 5555 Nam
2016 5501 2091 5554 ob

524 5592 859 5649 (Iibariorum
894 5594 1183 5663 penuriam
1239 5578 1294 5647 in
1326 5592 1472 5648 aedes
1514 5592 1848 5656 insiliebant,
1888 5606 2092 5661 easque

525 5685 967 5755 pervestigabant
993 5702 1007 5744 :
1037 5700 1285 5755 quarum,
1306 5683 1643 5745 habitatores
1671 5696 1729 5737 se
1761 5683 1965 5737 habere
1989 5696 2089 5736 ne-

2194 4498 2411 4564 ἀξιοῦσι
2432 4498 2527 4552 τοῦ
2563 4499 2856 4563 σώζεσθαι,
2892 4499 3018 4561 τοὺς
3064 4500 3163 4569 μὲν
3203 4499 3425 4569 είρήνην
3474 4499 3551 4569 μὴ
3592 4500 3779 4554 Θέλον-

2191 4609 2312 4655 τας,
2347 4594 2446 4661 τὴν
2486 4592 2542 4646 δὲ
2569 4591 2677 4644 τῶν
2704 4590 2879 4645 ἄλλων
2910 4589 3119 4662 φθορὰν
3156 4591 3428 4660 οἰομένοις
3463 4593 3779 4662 κουφισμὸν

2195 4686 2430 4739 ἑαυτῶν.
2468 4686 2730 4754 Ῥωμαῖοι
2763 4686 2819 4739 δὲ
2847 4682 3003 4748 αὖθις
3040 4684 3426 4755 ἀπεπειρῶντο
3472 4687 3781 4753 κατασχεῖν

2193 4772 2254 4825 τδ
2303 4776 2484 4843 τεῖχος
2533 4773 2593 4825 τὸ
2640 4772 2895 4845 δεύτερον
2922 4787 2937 4804 °
2990 4773 3041 4824 οί
3091 4772 3149 4824 δὲ
3181 4770 3497 4835 διεκώλυον,
3542 4776 3636 4825 καὶ
3680 4775 3783 4826 ἐπὶ

2194 4859 2347 4929 τρισὶ
2394 4861 2492 4929 μὲν
2540 4860 2780 4930 ἡμέραις
2829 4861 3129 4931 ἀντέσχον
3174 4864 3242 4931 τῇ
3294 4861 3351 4913 δὲ
3395 4863 3632 4935 τετάρτῃ
3693 4864 3778 4933 μὴ

2194 4953 2509 5021 ἐνεγκόντες
2528 4952 2627 5020 τὴν
2657 4952 2986 5023 προσϐολὴν,
3021 4955 3102 5015 είς
3125 4953 3186 5005 τὸ
3216 4954 3498 5023 ἐνδότερον
3528 4954 3782 5025 μετεχώ-

2197 5060 2394 5114 ρησαν.
2427 5044 2537 5096 Καὶ
2569 5043 2736 5096 πάλιν
2791 5045 2821 5095 6
2864 5043 3043 5107 Τῖτος’
3077 5043 3172 5097 τοῦ
3201 5044 3414 5113 τείχους
3462 5048 3779 5114 κρατήσας,

2195 5136 2395 5189 αὐτίκα
2423 5133 2618 5186 τούτου
2655 5134 2935 5204 καθῄρησε
2969 5137 3030 5187 τὸ
3058 5135 3429 5205 προσάρκτιον
3450 5151 3464 5165 ·
3491 5135 3571 5203 τῷ
3602 5134 3781 5206 λοιπῷ

2194 5228 2241 5281 δ’
2288 5226 2706 5295 ἐγκαταστήσας
2764 5228 3035 5296 φρουρὰν,
3091 5226 3170 5296 τῷ
3219 5226 3388 5295 τρίτῳ
3439 5226 3781 5296 προσϐαλεῖν

2195 5318 2551 5390 ἡτοιμάζετο.
2591 5319 2702 5372 Καὶ
2731 5318 2855 5387 διχῆ
2887 5320 2955 5371 τὰ
2992 5319 3251 5387 τάγματα
3284 5318 3498 5383 διελὼν,
3533 5320 3781 5388 ἐγείρειν

2195 5409 2396 5479 ᾕρχετο
2438 5404 2690 5477 χώματα.
2745 5406 2867 5459 Τῶν
2917 5405 2964 5458 δ’
3013 5407 3165 5470 ἐντὸς
3205 5409 3254 5460 οἱ
3307 5408 3409 5478 μὲν
3450 5408 3784 5462 στασιασταὶ

2196 5498 2338 5571 ἦσαν
2366 5499 2623 5566 ἄτεγκτοι
2646 5499 2741 5551 καὶ
2762 5499 3033 5552 ἁνίνδοτοι
3050 5513 3065 5527 ·
3092 5501 3123 5551 6
3157 5499 3215 5552 δὲ
3242 5500 3415 5569 δῆμος
3449 5500 3587 5568 πρὸς
3620 5502 3783 5552 αὐτο-

2202 5591 2396 5659 μολίαν
2444 5589 2721 5658 κεκίνητο,
2753 5593 2848 5643 καὶ
2893 5590 3079 5642 πολλοὶ
3127 5586 3482 5653 λανθάνοντες
3532 5592 3781 5662 ηύςομό·

2200 5681 2346 5737 λονν.
2396 5677 2505 5743 Οὓς
2559 5679 2617 5737 δὲ
2659 5679 2819 5733 τοῦτο
2869 5680 3225 5751 βουλομένους
3272 5682 3327 5733 οἱ
3384 5682 3782 5745 στασιάζοντες
