4002 6250
366 286 472 346 ὃιῖ

1636 297 1839 356 Α’ΝΝΛ
1853 299 2044 359 LIUM
2082 299 2231 360 LIB.
2273 299 2377 359 Π.

3529 307 3634 373 518

364 399 560 463 ἔγνων,
608 397 640 469 ἧ
688 397 781 449 καῖ⁶
818 397 989 468 μόνην
1026 396 1182 470 ἔσχον
1228 413 1482 465 υπονοεας
1521 408 1701 470 σκιὰν,
1749 408 1953 470 εὐθέως

2058 421 2272 480 gantes,
2303 414 2348 467 si
2373 413 2508 484 quid
2537 414 2912 484 reperiebant,
2945 406 3374 486 cicrticiabant;
3401 422 3445 476 si
3473 425 3634 484 nihil.

311 534 316 538 .
364 493 760 560 dnéstpattov'
796 493 912 555 τοῖς
949 491 992 544 δ’
1028 494 1281 563 εὐπόροις
1341 497 1434 549 καὶ
1485 499 1658 568 ψευδῆ
1703 500 1802 567 τὴν
1848 501 1952 569 τῆς

363 581 699 652 αὐτομολίας
735 583 1075 653 κατηγορίαν
1099 586 1530 656 προσάπτοντες,
1558 592 1686 654 τοὺς
1716 593 1818 661 μὲν
1850 595 1952 645 αὑ-

362 678 495 730 τίκα
521 676 850 744 διέφθειρον,
901 676 999 740 τὰς
1027 677 1081 730 δὲ
1121 679 1346 732 ἐκείνων
1383 682 1944 756 οὐσίας’διήρπαζσν.

372 765 436 821 Ὀ
464 767 620 837 λιμὸς
659 767 704 819 δ’
737 767 1005 835 ἀκμάζων
1035 768 1135 840 τὴν
1176 771 1284 823 τῶν
1312 774 1660 827 στασιαστῶν
1692 775 1953 846 ὡμότητα

361 858 588 930 ηὔξανε.
625 859 706 910 Δι’
734 858 940 912 ἔνδειαν
989 861 1098 929 γὰρ
1138 861 1248 914 τῶν
1301 864 1520 933 τροφῶν
1558 867 1950 936 εἰσπηδῶντες,

361 954 461 1016 τας
487 951 666 1012 οίκίας
699 951 968 1018 ἠρεύνων,
1002 959 1094 1006 καί
1120 953 1247 1016 τοὺς
1269 954 1555 1018 οἰκοῦντας
1582 957 1954 1026 ἀρνουμένους

363 1042 534 1113 ἔχειν,
568 1044 616 1094 εί
638 1045 752 1114 ’μὲν
800 1043 1081 1114 ε’ύρισκον,
1120 1045 1344 1115 ᾔκιζονο
1372 1049 1421 1099 εί
1449 1048 1504 1100 δὲ
1529 1050 1630 1102 οὐκ
1673 1049 1952 1121 εὕρισκον,

361 1137 440 1200 ὡς
498 1136 820 1206 κρύψαντας
877 1139 1310 1208 ἐπιμελέστερον
1356 1141 1580 1211 ἧταζον.
1637 1143 1954 1199 Ἐποιοῦντο

365 1233 554 1301 μέντοι
600 1231 696 1284 τοῦ
761 1232 907 1300 ἔχειν
959 1231 1188 1302 τροφὰς,
1245 1233 1276 1303 ἢ
1321 1235 1419 1303 μὴ,
1461 1234 1530 1286 τὰ
1565 1233 1796 1306 σώματα
1842 1239 1953 1290 τῶν

362 1325 567 1377 ἀθλίων
602 1325 924 1394 τεκμήριον.
965 1319 1062 1387 Οἷς
1114 1325 1212 1394 μὲν
1253 1326 1362 1396 γάρ
1395 1326 1479 1380 ἔτι
1530 1329 1703 1400 μετῆν
1744 1330 1951 1400 ἰσχύος,

361 1417 511 1486 ἔχειν
548 1417 789 1480 ἐδόκουν,
816 1411 900 1479 οἷς
927 1417 972 1468 δ’
1001 1417 1232 1488 ἑξετάκη
1269 1418 1338 1471 τά
1372 1419 1625 1490 σώματα,
1661 1424 1950 1492 παρωδεύ-

363 1529 509 1566 οντο.
555 1513 618 1564 Εἰ
676 1513 736 1565 δέ
780 1529 865 1575 τις
913 1513 1186 1585 εὐπόρησε
1222 1515 1414 1584 πυρῶν
1444 1515 1476 1585 ἢ
1512 1515 1732 1586 κριθῆς,
1775 1536 1951 1572 κατα-

361 1606 588 1668 κλείσας
618 1605 716 1675 τὴν
739 1606 919 1659 οἰκίαν
950 1607 1106 1676 ᾗσθιε
1129 1623 1143 1638 ·
1175 1609 1321 1671 τινὲς
1349 1609 1395 1660 δ’
1429 1609 1534 1661 ὑπὸ
1567 1609 1689 1679 βίας
1718 1610 1820 1681 τῆς
1855 1612 1950 1665 τοῦ

360 1699 548 1769 λιμοῦ,
605 1699 701 1752 καὶ
749 1699 1088 1768 ἀνέργαστον
1141 1701 1236 1754 τὸν
1289 1703 1436 1756 σῖτον
1482 1704 1807 1773 προσίεντο’
1855 1706 1951 1758 καὶ

2060 505 2427 572 torquebant,
2509 508 2666 575 quasi
2727 511 3044 563 accuratius
3103 513 3524 580 occultassent;
3579 535 3645 574 ac

2057 604 2246 650 utrum
2267 597 2454 650 miseri
2473 599 2788 654 alimoniam
2812 600 3102 664 haberent,
3123 619 3319 670 necne,
3349 621 3379 659 e
3397 610 3647 677 corpori-

2058 687 2164 741 bus
2207 703 2402 742 corum
2449 691 2840 759 conjecturam
2886 695 3203 762 capiebant.
3254 697 3388 751 Nam
3438 701 3645 769 quibus

2056 779 2240 835 adhuc
2277 781 2487 850 aliquid
2525 783 2727 836 virium
2765 796 3094 853 supererat,
3130 788 3334 843 habere
3368 793 3646 860 putaban-

2060 881 2190 926 tur:
2228 888 2464 940 quorum
2497 890 2629 929 vero
2660 891 2895 945 corpora
2931 879 3353 944 contabuerant,
3393 887 3645 955 prmteri-

2058 967 2282 1019 bantur.
2321 965 2375 1020 Si
2413 967 2504 1022 cui
2538 983 2668 1021 vero
2713 969 2963 1024 triticum
2996 983 3090 1026 aut.
3122 973 3394 1029 hordeum
3443 994 3647 1048 suppe-

2059 1057 2229 1122 tebat,
2259 1057 2304 1110 is
2329 1073 2394 1111 eo
2420 1059 2623 1113 clausis
2649 1060 2860 1114 aedibus
2887 1064 3214 1118 vescebatur
3260 1068 3442 1136 Aliqui
3475 1071 3644 1124 etiam

2055 1152 2126 1202 ob
2173 1150 2334 1203 famis
2383 1150 2730 1214 violentiam,
2769 1154 2905 1206 rudc
2947 1156 3190 1210 triticum
3233 1161 3641 1217 comedebant:

2057 1241 2323 1309 cibosque
2347 1257 2410 1295 ex
2441 1256 2536 1295 ore
2563 1243 2852 1297 infantium
2881 1255 3107 1308 matres,
3139 1249 3298 1302 liberi
3328 1239 3637 1321 parentum,

2058 1347 2262 1386 uxores
2287 1333 2615 1387 maritorum
2651 1335 2939 1404 rapiebant
2970 1355 2983 1396 :
3029 1349 3083 1392 ct
3115 1356 3239 1393 cum
3267 1348 3340 1395 ila
3377 1343 3640 1412 ederent,

2057 1432 2236 1477 tamen
2268 1424 2566 1478 seditiosos
2602 1425 2777 1480 latere
2813 1444 2922 1481 nun
2961 1439 3237 1498 poterant.
3275 1431 3460 1487 Sicubi
3495 1438 3644 1490 enim

2054 1515 2296 1569 clausam
2326 1517 2552 1570 domum
2585 1527 2678 1570 aut
2715 1518 2926 1574 fumum
2951 1521 3297 1575 exsilientem
3329 1526 3648 1594 consnexis-

2053 1615 2197 1669 sent,
2229 1609 2282 1661 id
2307 1620 2693 1678 argumentum
2717 1613 3221 1680 putabautedentis
3252 1617 3504 1671 familiae:
3531 1632 3648 1686 per-

2054 1697 2357 1769 fractisque
2385 1701 2604 1758 foribus
2645 1703 2803 1759 cibos
2828 1721 2894 1758 ex
2929 1707 3063 1775 ipsis
3095 1707 3354 1762 faucibus
3389 1712 3647 1764 extrahe-

359 1791 693 1863 ἀφήρπαζον
731 1791 790 1854 ἐξ
819 1791 987 1844 αὐτοῦ
1023 1791 1116 1844 τοῦ
1147 1793 1420 1863 στόματος
1453 1793 1552 1857 τὰς
1577 1795 1790 1865 τροφὰς
1840 1814 1950 1866 μη-

2057 1792 2225 1855 Ιοοιιι,
2263 1792 2413 1846 nulla
2459 1793 2627 1848 ullius
2677 1797 2856 1849 :etatis
2886 1799 3269 1853 misericordia
3318 1800 3522 1856 affecti.
3584 1801 3642 1854 Si

357 1890 522 1956 τέρες
578 1885 818 1954 βρεφῶν,
855 1885 1048 1947 παῖδες
1085 1885 1366 1958 πατέρων,
1409 1889 1674 1955 γυναῖκες
1717 1888 1954 1958 ἀνδρῶν.

361 1980 476 2032 Καὶ
526 1979 668 2030 οὕτω
701 1977 747 2031 δ’
782 1977 1082 2042 ἐσθίοντες,
1127 1978 1278 2046 ὅμως
1307 1981 1434 2042 τοὺς
1481 1982 1817 2044 στασιαστὰς
1851 1983 1953 2034 οὐκ

360 2071 680 2124 ἐλάνθανον.
723 2070 894 2122 Ὅπου
927 2069 981 2122 δὲ
1019 2071 1416 2140 κεκλεισμένην
1446 2072 1624 2125 οἰκίαν
1655 2073 1950 2138 κατίδοιεν,

2054 1883 2151 1953 qui
2179 1897 2313 1938 vero
2339 1885 2528 1940 cibum
2555 1889 2666 1958 jam
2691 1889 3087 1959 deglutierant,
3116 1908 3212 1946 eos
3235 1895 3453 1948 acerbis
3479 1895 3645 1949 diris-

2052 1991 2161 2046 que
2193 1979 2485 2048 supplicils
2521 1989 2582 2035 ut
2621 1980 2787 2051 296
2834 1982 3068 2052 injurios
3117 1987 3597 2054 persequebantur
3627 2027 3643 2051 ,

2052 2067 2243 2123 orabis
2289 2069 2678 2138 pudendorum
2739 2082 2952 2126 meatus
2982 2073 3307 2128 obturantes
3335 2117 3348 2141 ,
3387 2087 3440 2131 et
3483 2078 3643 2132 sedes

359 2164 394 2234 ἢ
449 2163 658 2218 καπνὸν
696 2162 1148 2230 ἀποθρώσκοντα,
1191 2165 1421 2232 σημεῖον
1472 2162 1628 2216 ταῦτ’
1667 2163 1953 2218 ἐποιοῦντο

2057 2159 2220 2229 virgis
2247 2161 2428 2216 acutis
2453 2163 2816 2232 perforautes.
2856 2165 3042 2234 anue
3078 2167 3390 2234 perferebat
3418 2169 3642 2238 aliquis,

358 2255 456 2309 τοῦ
484 2255 613 2318 τοὺς
637 2254 786 2318 ὲντὸς
815 2253 1041 2320 ἐσθίειν,
1075 2255 1167 2307 καὶ
1201 2256 1497 2325 ῥήσσοντες
1535 2257 1636 2319 τὰς
1661 2255 1852 2327 θύρας,
1889 2259 1951 2312 ὲκ

359 2347 468 2403 τῶν
499 2347 798 2418 φαρύγγων
823 2346 1004 2400 αὐτῶν
1026 2347 1291 2418 ἀνέφερον
1318 2346 1418 2410 τὰς
1439 2347 1648 2418 τροφάς
1669 2362 1683 2379 ⁸
1715 2349 1836 2401 οὐδέ
1865 2365 1951 2414 τῖς

367 2435 438 2511 ἦν
467 2437 650 2504 οἶκτος
685 2420 726 2511 ἤ,
754 2441 949 2504 πολιᾶς
998 2439 1030 2512 ἢ
1087 2441 1362 2511 νεότητος.
1405 2441 1530 2503 Τοῖς
1572 2441 1654 2505 δὲ,
1705 2440 1949 2508 φθάσασι

362 2532 819 2605 προὸεΰρωκέναι
873 2533 933 2586 τὸ
994 2533 1338 2603 ἐσθιόμενον,
1391 2532 1576 2596 δεινὰς
1630 2533 1834 2603 ὲπῆγον
1873 2535 1952 2597 ὼς

362 2625 615 2682 ἀδικοῦσι
639 2627 735 2681 καὶ
757 2629 992 2696 ἀπηνεῖς
1015 2626 1310 2698 τιμωρίας,
1329 2625 1544 2698 ὀρόϐοις
1574 2626 1703 2690 τοὺς
1734 2627 1964 2680 αἰδοίων

362 2719 568 2790 πόρους
594 2711 1022 2790 ἐμφράττοντες,
1054 2721 1151 2772 καὶ
1180 2719 1280 2781 τὰς
1305 2718 1470 2787 ἕδρας
1495 2718 1713 2789 ῥάϐδοις
1743 2718 1949 2782 ὀξείαις

362 2811 531 2881 ὠμῶς
596 2813 1011 2882 ἀναπείροντες.
1078 2808 1158 2864 Τά
1225 2812 1431 2880 φρικτά
1489 2811 1546 2863 δὲ
1608 2811 1702 2863 καὶ
1753 2811 1947 2873 ἀκοαῖς

2059 2268 2182 2322 qua:
2218 2253 2412 2307 auditu
2455 2270 2677 2324 quoque
2712 2256 3005 2321 ;horrenda
3054 2256 3305 2321 fuerint,
3358 2268 3418 2313 ut
3450 2274 3507 2314 se
3558 2260 3642 2314 vel

2058 2358 2230 2397 unum
2261 2344 2466 2400 habere
2491 2361 2684 2415 panem
2719 2349 3096 2414 confiteretur,
3134 2357 3228 2402 aut
3257 2365 3424 2403 unum
3455 2351 3646 2405 farina:

2058 2438 2326 2508 pugillum
2352 2439 2707 2508 pradonibus
2733 2442 2910 2494 daret.
2934 2442 3011 2494 Ac
3039 2458 3162 2512 quae
3189 2452 3300 2496 tum
3326 2444 3466 2496 facta
3492 2455 3644 2507 sunt,

2056 2529 2376 2600 singulatim
2398 2535 2819 2586 commemorari
2848 2533 3163 2598 difﬁculter,
3194 2551 3258 2589 ac
3286 2536 3471 2605 potius
3496 2537 3646 2590 nullo

2057 2622 2224 2677 modo
2265 2632 2512 2693 queant:
2555 2624 2649 2678 sed
2696 2625 2828 2678 illud
2877 2627 3209 2696 compendio
3257 2629 3366 2682 diri
3424 2637 3645 2697 potest,

2058 2729 2243 2784 neque
2285 2716 2449 2770 aliam
2486 2717 2685 2771 urbem
2725 2717 2854 2771 talia
2886 2733 3206 2789 perpessam
3245 2734 3367 2774 esse
3391 2761 3405 2785 ,
3461 2736 3644 2790 neque

2059 2818 2282 2877 gentem
2311 2806 2477 2860 ullam
2503 2808 2572 2862 ab
2597 2809 2745 2862 omni
2770 2826 2887 2863 ωτι)
2908 2811 3322 2868 sceleratiorem
3343 2813 3644 2869 exstitisse.

363 2904 568 2976 ἔπασχέ
597 2921 682 2967 τις
711 2904 789 2966 εἰς
816 2904 934 2968 ἑνὸς
960 2904 1130 2973 ἀρτου
1154 2902 1564 2972 ἐξομολόγησιν,
1593 2901 1624 2972 ἦ
1651 2901 1738 2954 ἵνα
1765 2901 1944 2972 δράκα
1986 2898 2116 2969 μίαν
2181 2898 2426 2966 ἀλφίτων
2457 2900 2572 2959 τοῖς
2636 2898 2864 2970 λῃσταῖς
2901 2902 3310 2972 καταπρόηται.
3344 2903 3482 2955 Καθ’
3511 2904 3642 2956 ἕκα-

365 3018 492 3058 στον
526 3001 624 3069 μὲν
662 2997 757 3051 οῦν
798 2995 1075 3062 ἐπεξιέναι
1105 2994 1179 3046 τὰ
1221 2995 1345 3047 τότε
1389 2994 1661 3063 γενόμενα
1713 2991 1977 3063 δυσχερὲς
2018 2989 2052 3061 ἢ
2118 2991 2216 3042 καὶ
2245 2987 2508 3042 ἀδύνατον
2532 3005 2547 3021 ο
2607 2990 2898 3043 συνελόντα
2941 2991 2989 3045 δ’
3064 2995 3261 3061 εἰπεῖν,
3311 2996 3449 3064 μήτε
3485 2997 3644 3050 πόλιν

366 3097 536 3168 ἄλλην
567 3092 794 3146 τοιαῦτα
820 3091 1039 3155 παθεῖν,
1078 3091 1216 3160 μήτε
1256 3088 1416 3157 γένος
1442 3087 1631 3158 ἕτερον
1696 3088 1756 3155 ἐξ
1815 3087 2018 3150 αίῶνος
2057 3083 2311 3153 γενέσθαι
2341 3083 2542 3147 κακίας
2565 3083 2959 3156 γονιμώτερον.
2986 3085 3222 3139 Τοιαῦτα
3256 3087 3354 3156 μὲν
3383 3082 3475 3140 οὖν
3506 3089 3644 3141 ἔπα-

367 3203 497 3257 σχον
542 3183 814 3237 Ἰουδαῖοι.

437 3278 567 3330 KA'.
604 3273 750 3342 Τίτῳ
782 3271 840 3324 δὲ
871 3270 940 3324 τὰ
977 3271 1215 3342 χώματα
1246 3267 1583 3340 προύκοπτε,
1609 3268 1792 3323 καίτοι
1847 3286 1952 3322 κα-

2128 3265 2277 3322 XXI.
2317 3268 2455 3322 Dum
2498 3267 2574 3322 ita
2608 3283 2732 3322 cum
2772 3266 2980 3323 Iudaeis
3017 3269 3200 3339 agitur
3225 3310 3240 3333 ,
3274 3269 3381 3325 Titi
3415 3289 3645 3343 aggeres

366 3368 654 3438 κουμένων
685 3365 796 3419 ἀπὸ
833 3363 930 3416 τοῦ
966 3363 1185 3432 τείχους
1226 3362 1334 3414 τῶν
1372 3361 1745 3431 στρατιωτῶν.
1779 3361 1842 3414 Οἱ
1895 3360 1954 3412 δὲ

365 3462 505 3532 πρὸς
539 3459 808 3526 συλλογὴν
839 3456 1076 3520 ἐξιόντες
1117 3454 1330 3524 τροφῆς
1361 3454 1737 3524 ἔνηδρεύοντο.
1768 3449 1954 3506 *Ησαν

365 3554 420 3607 δὲ
447 3552 508 3605 οὐ
552 3552 788 3622 δημόται
842 3550 1023 3618 μόνον,
1055 3545 1192 3600 ἀλλά
1225 3547 1324 3600 καὶ
1361 3544 1469 3600 τῶν
1500 3545 1756 3615 μαχίμων
1783 3543 1952 3608 τινὲς,

365 3649 553 3701 οὐκέτι
581 3648 700 3707 ταῖς
730 3643 1010 3713 ἁρπαγαῖς
1039 3640 1395 3710 ἀρκούμενοι,
1443 3639 1540 3692 καὶ
1572 3637 1955 3706 συλλαμϐανό-

369 3756 524 3811 μενοι
582 3737 688 3790 ὐπὸ
746 3735 855 3787 τῶν
923 3733 1240 3802 Ῥωμαίων,
1299 3733 1440 3800 μετά
1479 3731 1664 3783 πᾶσαν
1717 3729 1955 3798 βάσανον

369 3831 477 3902 πρὸ
499 3829 593 3882 τοῦ
627 3829 838 3897 τείχους
867 3822 1324 3894 ἀνεσταυροῦντο.
1345 3821 1492 3891 Τίτῳ
1520 3823 1708 3890 μέντοι
1735 3820 1954 3889 οἰκτρὸν

364 3925 429 3976 τὺ
463 3921 637 3982 πάθος
687 3921 888 3982 ἐδόκει,
921 3916 1302 3970 πεντακοσίων
1356 3914 1596 3982 ἑκάστης
1649 3912 1865 3982 ἡμέρας
1917 3911 1951 3982 ἢ

368 4019 465 4072 καὶ
506 4015 778 4069 πλειόνων
813 4010 1217 4081 ἁλισκομένων.
1251 4005 1392 4061 Οὕτε
1421 4007 1480 4060 δὲ
1504 4005 1799 4075 φυλάττειν
1855 4005 1955 4056 αὐ-

367 4113 516 4173 τοὺς,
557 4106 672 4162 οὔτ’
709 4106 933 4173 ἀφιέναι
965 4102 1182 4172 ἔκρινεν
1213 4099 1479 4168 ἀσφαλες,
1535 4100 1630 4151 καὶ
1659 4096 1777 4167 ἅμα
1813 4099 1954 4166 πρὸς

368 4200 470 4273 τὴν
507 4200 633 4269 δψιν
687 4195 931 4250 ἐνδοῦναι
967 4194 1095 4254 τοὺς
1158 4191 1380 4252 λοιποὺς
1431 4188 1678 4257 ἤλπιζεν.
1717 4189 1780 4240 Οἱ
1819 4203 1954 4239 στα-

371 4298 594 4346 σιασταὶ
623 4290 678 4342 δὲ
709 4289 833 4350 τοὺς
874 4285 986 4338 τῶν
1020 4283 1338 4353 αὐτομόλων
1370 4281 1605 4342 οἰκείους
1631 4280 1726 4330 ἐπὶ
1749 4279 1810 4331 τὸ
1841 4281 1956 4331 τεῖ-

368 4397 463 4455 χος
516 4383 790 4440 ἕλκοντες,
831 4378 924 4430 καὶ
987 4375 1098 4428 τῶν
1136 4373 1392 4444 δημοτῶν
1447 4371 1572 4432 τοὺς
1621 4371 1726 4422 ent
1769 4370 1956 4422 πίστιν

368 4472 761 4544 ὡρμημένους,
789 4464 878 4520 οἷα
906 4468 1209 4535 πάσχουσιν
1243 4465 1292 4516 οἱ
1341 4461 1639 4531 Ῥωμαίοις
1679 4459 1958 4528 προσφεύο

369 4581 586 4636 γοντες,
628 4561 1002 4622 ἐπεδείκνυον,
1035 4555 1505 4624 καταψευδόμενοι
1531 4553 1627 4604 καὶ
1656 4551 1770 4605 τῶν
1803 4552 1958 4602 πολε-

2057 3361 2551 3430 promovebantur,
2588 3359 2844 3430 quamvis
2891 3361 3099 3415 milites
3125 3363 3194 3416 de
3227 3364 3402 3419 inuris
3431 3365 3645 3436 aﬂiige-

2057 3462 2272 3507 rentur.
2306 3452 2408 3518 Qui
2443 3468 2575 3507 vero
2605 3453 2671 3506 ad
2703 3453 3152 3522 conquirendum
3178 3455 3364 3509 cibum
3389 3459 3637 3528 egredie-

2057 3544 2280 3606 bantur,
2301 3561 2410 3598 non
2431 3544 2632 3613 plebeii
2653 3544 2946 3610 duntaxat,
2971 3546 3067 3600 sed
3086 3547 3252 3601 etiam
3274 3564 3339 3601 ex
3365 3550 3641 3605 bellicosis

2020 3672 2030 3682 .
2064 3635 2315 3703 aliquot,
2352 3635 2561 3703 rapinis
2593 3635 2739 3688 haud
2771 3637 3021 3690 contenti
3049 3676 3064 3702 ,
3102 3637 3317 3692 insidiis
3352 3640 3570 3710 excepti
3610 3657 3643 3695 α

2057 3726 2321 3780 Romanis
2346 3735 2470 3794 post
2500 3730 2686 3779 omnia
2713 3727 3060 3782 cruciatuum
3092 3743 3290 3798 genera
3314 3734 3412 3798 pro
3441 3733 3640 3785 magni-

2057 3816 2164 3870 bus
2206 3817 2266 3868 in
2296 3830 2492 3869 cruces
2531 3817 2889 3870 tollebantur.
2924 3816 3000 3870 Ea
3046 3819 3331 3872 calamitas
3364 3820 3469 3873 etsi
3512 3819 3639 3875 Tito

2059 3907 2373 3962 miseranda
2408 3907 2738 3971 ,viclebatur,
2775 3923 2901 3962 cum
2933 3909 2988 3962 in
3019 3908 3138 3962 dies
3190 3910 3487 3980 quingeni,
3544 3922 3641 3965 aut

2058 3999 2248 4070 plures
2277 3999 2446 4054 etiam
2479 4010 2835 4070 caperentur,
2865 4009 3048 4055 tamen
3085 4017 3188 4056 nec
3217 4003 3485 4057 custodiri
3518 4019 3639 4066 eos.

2057 4107 2164 4147 nee
2201 4092 2407 4147 dimitti
2445 4102 2625 4148 tutum
2663 4095 2936 4164 putabat:
2969 4095 3132 4150 simul
3176 4096 3342 4150 etiam
3369 4107 3597 4152 caeteros
3624 4079 3663 4170 ,ἰ

2060 4184 2129 4239 iis
2158 4187 2470 4255 conspectis
2505 4187 2722 4241 facilius
2749 4187 3090 4242 deditionem
3127 4187 3374 4242 facturos
3398 4229 3412 4252 ,
3446 4189 3644 4258 Opina-

2058 4275 2246 4332 batur.
2299 4275 2507 4332 Verum
2549 4277 2802 4332 seditiosi
2856 4279 3268 4349 transfugarum
3310 4281 3658 4339 necessariis.

2060 4371 2116 4424 in
2157 4365 2347 4425 muros
2381 4371 2706 4439 pertractis,
2738 4377 2800 4424 ut
2837 4381 3215 4425 tractarentur
3245 4371 3281 4423 ii
3309 4374 3400 4440 qui
3437 4372 3502 4425 ad
3537 4361 3664 4426 R9?

2059 4474 2253 4514 manos
2285 4458 2678 4529 confugerent,
2711 4459 3120 4514 ostendebant:
3155 4468 3262 4513 tam
3289 4461 3357 4514 de
3390 4461 3645 4516 hostibus

2060 4567 2224 4621 quam
2250 4550 2319 4604 de
2343 4551 2459 4605 suis
2486 4551 2842 4609 mentientes.
2868 4551 3177 4622 Aggeribus
3207 4552 3500 4617 absolutis,
3530 4569 3642 4606 ma-

374 4658 514 4728 μίων
544 4653 771 4708 καὶτῶν
801 4652 1040 4705 οἰκείων.
1078 4649 1217 4715 Ἤδη
1241 4646 1301 4698 δὲ
1332 4647 1439 4698 τῶν
1462 4645 1736 4714 χωμάτων
1767 4659 1953 4694 συντε-

2061 4641 2240 4696 china:
2275 4642 2752 4711 producebantur.
2800 4643 2972 4697 Judaei
3012 4660 3145 4698 vero
3181 4659 3249 4696 eo
3281 4643 3458 4712 Spatio
3495 4645 3644 4714 quod

371 4750 700 4811 λεσθένιων,
734 4746 793 4798 αἱ
839 4743 1116 4802 ἑλεπόλεις
1169 4739 1540 4809 προσήγοντο·
1580 4732 1952 4804 ὑπορύξαντες

370 4842 418 4896 δ’
452 4839 668 4893 ἔνδοθεν
708 4836 958 4889 Ἰουδαῖοι
1002 4834 1062 4886 τὸ
1101 4833 1245 4885 κατὰ
1297 4831 1397 4902 τὴν
1443 4830 1740 4882 Ἀντωνίαν
1788 4828 1954 4898 μέχρι

371 4935 482 4987 τῶν
511 4931 788 5004 χωμάτων
816 4928 1118 4995 διάστημα,
1151 4924 1248 4976 καὶ
1274 4923 1402 4986 τοὺς
1431 4922 1741 4991 ὑπονόμους
1773 4917 1953 4984 ξύλοις

373 5023 868 5093 ὑποστηρίξαντες,
903 5021 1154 5088 μετέωρα
1189 5015 1258 5068 τά
1287 5015 1520 5085 χώματα
1557 5017 1950 5083 πεποιήκασιν.

374 5117 511 5173 Εἶτα
537 5117 674 5186 ὕλης
702 5115 763 5166 τὸ
792 5114 1012 5183 δρυγμα
1042 5110 1369 5180 πλήσαντες,
1398 5108 1511 5178 πῦρ
1541 5109 1609 5179 τῇ
1646 5107 1746 5176 ῦλῃ
1767 5105 1958 5159 ἐνέϐα-

372 5212 488 5270 λον,
521 5210 620 5263 καὶ
654 5206 765 5258 τῶν
811 5204 1291 5274 ύποστηριςόντων
1338 5199 1515 5264 ξύλων
1551 5199 1885 5264 καυθέντων,
1922 5199 1954 5267 ἡ

372 5301 581 5374 διώρυξ
611 5299 814 5369 ἀθρόον
843 5298 1097 5361 ἐνέδωκε,
1123 5296 1217 5346 καὶ
1241 5292 1573 5362 κατεσείσθη
1607 5293 1677 5346 τά
1700 5292 1954 5361 χώματα,

373 5399 474 5450 καὶ
511 5395 625 5455 τοῖς
675 5389 972 5459 Ῥωμαίοις
1025 5387 1290 5456 ἔκπληξις
1322 5386 1416 5438 καὶ
1444 5384 1651 5454 ἀθυμία
1696 5385 1828 5454 πρὸς
1859 5385 1960 5454 τὴν

375 5487 630 5540 ἐπίνοιαν
679 5471 913 5550 γίνεται.
947 5481 1104 5534 Κατά
1159 5480 1218 5532 δὲ
1257 5477 1325 5530 τά
1357 5478 1520 5530 λοιπά
1541 5479 1641 5540 τὰς
1679 5475 1960 5538 ἑλεπόλεις

376 5579 432 5632 οἱ
470 5578 738 5646 Ῥωμαῖοι
772 5572 1164 5642 προσάγοντες,
1195 5571 1424 5624 διέσειον
1459 5571 1518 5622 τὸ
1549 5572 1747 5639 τεῖχος.
1793 5569 1958 5622 Ἀλλά

375 5688 526 5735 τινες
553 5667 881 5740 παραόόλως
917 5667 1288 5737 ὁρμήσαντες,
1319 5665 1447 5718 κατ’
1471 5663 1653 5716 αὐτῶν
1686 5661 1795 5734 πῦρ
1829 5664 1955 5732 ἐνῆ-

378 5781 510 5830 καν,
534 5762 635 5818 καὶ
664 5760 844 5815 πάντα
875 5758 1257 5830 κατέπρησαν.
1287 5757 1716 5828 Διεφθαρμένων
1745 5757 1801 5810 δὲ
1847 5756 1954 5810 τῶν

2059 4734 2206 4786 inter
2230 4731 2525 4786 Antoniam
2560 4735 2632 4802 et}
2662 4748 2888 4803 aggeres
2919 4733 3211 4802 interjacet
3233 4774 3245 4797 ,
3283 4733 3522 4788 suﬂ'osso
3545 4773 3559 4798 ,
3589 4743 3643 4788 et

2058 4823 2312 4877 cavernis
2337 4823 2502 4893 lignis
2533 4821 2777 4876 suﬂ'ultis
2805 4839 2819 4876 :
2853 4836 3078 4892 aggeres
3111 4820 3355 4891 pensiles
3387 4817 3646 4872 reddide-

2059 4923 2226 4981 runt,
2258 4916 2350 4984 qui
2377 4955 2392 4981 ,
2423 4915 2568 4968 fossa
2598 4913 2828 4968 materia
2861 4913 3124 4982 impleta,
3157 4921 3214 4968 et
3266 4911 3470 4981 injecto
3518 4913 3642 4978 igne

2057 5006 2250 5061 fulcris
2280 5007 2585 5060 combustis
2639 5005 2825 5058 subito
2857 5005 3120 5067 cedente,
3155 5009 3504 5057 corruerunt.
3535 4999 3645 5051 lto-

2059 5100 2205 5152 Inaui
2231 5112 2293 5150 ea
2319 5098 2540 5151 solertia
2576 5096 2944 5166 obstupefacti
2972 5104 3029 5150 et
3051 5093 3410 5157 consternati,
3441 5091 3646 5144 machi-

2058 5193 2148 5245 nis
2184 5191 2314 5244 alibi
2365 5190 2642 5255 adductis,
2683 5205 2873 5244 muros
2906 5187 3332 5242 labefactarunt.
3359 5182 3466 5238 Sed
3515 5183 3640 5252 qui-

2058 5285 2183 5338 dam
2220 5283 2487 5351 praecipiti
2533 5283 2764 5336 audacia
2797 5297 2892 5336 eas
2921 5294 3114 5334 omnes
3149 5284 3490 5331 cremarunt.
3527 5278 3639 5344 Ag-

2057 5383 2285 5452 geribus
2329 5376 2618 5446 collapsis,
2673 5373 2903 5429 Romani
2946 5372 3130 5425 tristes
3185 5367 3433 5422 fuerunt.
3483 5366 3646 5422 Titus

2069 5491 2198 5530 vero
2228 5488 2352 5527 cum
2384 5471 2622 5527 dulcibus
2644 5465 2992 5526 deliberavit,
3022 5476 3260 5532 quorum
3293 5460 3384 5514 alii
3415 5475 3646 5531 aggeres

2066 5569 2206 5622 alios
2228 5565 2574 5624 excitandos,
2601 5561 2692 5616 alii
2721 5561 2840 5614 sine
2867 5558 2954 5612 bis
2973 5554 3349 5620 assidendum,
3381 5562 3438 5610 et
3465 5554 3646 5610 Judae—
3669 5550 3675 5556 ’

2064 5675 2224 5717 orum
2257 5658 2583 5728 eruptiones
2615 5663 2673 5707 et
2706 5656 3051 5707 commeatus
3079 5648 3504 5717 importationcs
3538 5647 3642 5700 ob-

2069 5753 2370 5812 servandas
2399 5747 2721 5805 censebaut.
2782 5745 2860 5801 Ita
2893 5743 3041 5797 enim
3070 5743 3261 5799 urbem
3295 5741 3437 5796 fame
3465 5755 3640 5809 expu-
