2001 3125
178 142 231 175 519

821 138 982 169 IOANNIS
999 135 1160 169 ZONARi-E

1755 140 1809 171 ΩΟ

177 202 290 232 gnatum
304 196 349 224 iri.
362 195 449 224 Erant
460 195 543 224 etiam
556 193 603 229 qui
619 192 779 224 suaderent,
793 198 820 221 ut
835 193 966 220 omnibus

1022 192 1165 228 χωμάτων,
1185 192 1316 227 Ῥωμαῖοι
1341 191 1392 227 μὲν
1416 192 1551 228 ὴθύμσνν,
1577 192 1659 226 Τίτος
1682 194 1711 222 δὲ
1737 200 1809 231 μετά

178 245 266 279 copiis
280 243 420 273 adductis,
434 242 534 269 mamia
550 245 686 268 tentaret:
703 240 811 268 Judieos
826 240 900 266 enim
915 241 966 266 im-

180 296 275 325 petum
297 297 392 316 earum
414 295 468 314 non
492 288 606 314 laturos.
630 286 708 314 Titus
731 294 815 316 vero.
833 287 879 321 qui
899 286 966 313 nihil

180 334 280 360 horum
305 333 445 368 probaret,
459 339 539 358 muro
564 331 660 357 urbem
688 331 862 358 circumdare
885 331 966 365 297

181 380 288 409 statuit,
304 383 331 405 ut
342 378 464 406 obsessis
474 385 584 405 omnem
594 377 699 404 exitum
712 377 880 407 obstrueret.
891 385 969 403 eum~

179 432 234 460 que
247 424 369 451 laborem
385 424 457 451 inter
469 424 572 450 milites
584 422 741 450 distribuit:
755 422 801 457 qui
814 423 968 449 contentio-

181 478 216 496 ne
231 469 347 503 quadam
360 488 366 497 .
383 468 534 502 divinoque
551 468 653 501 impetu
669 467 799 493 concitati
812 486 818 498 ,
840 466 968 493 celeriter

181 522 251 549 opus
264 514 453 540 absolverunt.
466 513 506 540 lta
522 513 615 539 clausa
632 512 744 539 civitate
760 513 863 546 primas
879 512 970 538 noctis

184 560 319 588 excubias
337 559 417 586 Titus
430 559 487 594 ipse
502 559 607 589 obibat,
627 566 658 585 ac
672 558 808 585 lustrabat
822 566 829 584 :
849 558 970 591 reliquas

183 606 245 634 aliis
259 605 416 638 mandabat,
429 605 564 631 tnilitibus
578 605 678 630 sortito
690 604 901 630 dormientibus.
919 604 969 631 Ju-

183 653 249 679 dieis
263 659 330 679 vero
344 652 419 678 exitu
436 652 587 677 intercluso
600 670 606 679 .
629 658 692 684 spes
703 650 786 677 etiam
805 650 903 677 salutis
917 657 968 677 una

181 703 225 724 est
238 697 398 729 interclusa,
411 697 482 724 fame
496 701 566 724 totas
578 696 676 723 domos
694 704 778 731 atque
793 696 911 723 familias
923 696 970 723 de-

183 748 322 778 pascente.
342 744 381 770 Ac
397 743 471 770 :edes
489 742 600 777 quidem
616 743 762 769 mulierum
778 748 806 770 et
822 751 969 778 puerorum

181 790 289 817 viribus
315 789 507 821 defectorum,
533 789 695 824 angiportus
720 790 832 817 senibus
853 791 971 817 mortuis

182 836 276 863 referti
305 840 394 863 erant.
420 836 500 863 Pueri
532 843 561 863 et
584 836 776 863 adolescentes
805 836 969 868 tumefacti,

1017 239 1072 264 τῶν
1099 238 1243 272 ἡγεμόνων
1262 238 1431 264 ἐϐουλεύετω
1452 239 1498 264 καὶ
1515 239 1539 264 οἱ
1565 239 1613 273 μὲν
1632 238 1709 272 αὖθις
1725 241 1810 276 ἕτερα

1018 284 1135 318 ἐγείρειν
1149 284 1285 310 ἐκέλευον·
1300 284 1325 309 oi
1341 284 1368 309 δὲ
1381 284 1518 318 χωμάτνιέν
1535 285 1600 310 ἄνευ
1619 286 1809 318 προσκαθέζε-

1020 331 1093 362 σθαι,
1111 331 1159 356 καὶ
1185 330 1332 364 φυλάττειν
1358 331 1407 360 τὰς
1437 330 1545 362 ἐξόδους
1571 330 1672 362 αὐτῶν,
1695 333 1811 365 καὶτὰς

1018 376 1072 402 τῶν
1088 376 1249 410 ἐπιτηδείων
1265 376 1431 409 εἰσαγωγὰς.
1447 375 1494 401 καὶ
1517 375 1604 407 οὕτως
1618 375 1711 409 ἔλεγον
1734 378 1810 412 λιμῷ

1017 423 1067 455 τὴν
1093 421 1170 447 πόλιν
1193 421 1304 447 ἔσεσθαι
1333 421 1451 456 ἁλωτήν,
1473 422 1537 452 Τοῖς
1553 422 1581 447 δὲ
1606 423 1698 449 πᾶσαν
1720 423 1810 450 ἐδόκει

1020 467 1171 500 προσάγειν
1186 466 1235 500 τὴν
1248 466 1376 500 δύναμιν,
1395 467 1442 492 καὶ
1463 467 1669 502 ἀποπειρᾶσθαι
1687 468 1734 494 τοῦ
1751 468 1811 494 τεί-

1019 519 1098 545 χους·
1123 510 1191 545 μηδι
1207 510 1261 545 γὰρ
1287 510 1373 536 οἴσειν
1394 510 1539 542 Ἰουδλίους
1566 512 1616 546 τὴν
1637 512 1742 545 ἔφοδον.
1764 513 1811 548 Τῷ

1019 565 1050 590 γε
1077 556 1131 591 μὴν
1155 556 1228 591 Τίτῳ
1255 556 1361 582 τούτων
1387 557 1463 583 οὐδὲν
1490 557 1608 592 ἧρεσκεν
1624 566 1631 572 ·
1663 559 1750 584 ἐδόκει
1778 558 1808 584 δὲ

1021 602 1159 638 περιϐόλῳ
1186 604 1236 637 τὴν
1265 603 1342 628 πόλιν
1377 604 1528 635 κυκλῶσαι,
1568 604 1689 631 ἴνόὖτω
1718 606 1810 632 πᾶσαν

1021 647 1151 684 ἐμφράξῃ
1175 649 1232 679 τοῖς
1263 648 1338 674 ἔνδον
1365 648 1504 680 διέξοδον,
1532 650 1579 675 καὶ
1610 650 1640 675 τὺ
1666 649 1745 685 ἔργον
1775 652 1809 686 τῇ

1022 694 1136 727 στρατιᾷ
1168 693 1348 727 κατεμέριςε.
1379 693 1441 724 Τοῖς
1472 693 1499 719 δέ
1529 702 1570 725 τις
1591 694 1646 728 ἔρις
1677 695 1812 728 ἐμπίπτει

1021 740 1068 766 ἐπὶ
1098 742 1146 774 τὴν
1177 741 1310 774 ἐργασίαν
1341 741 1386 767 καὶ
1410 742 1482 776 ὁρμή
1510 750 1552 773 τις
1576 742 1724 777 δαιμόνιος,
1740 743 1810 778 ταχύ

1020 794 1049 812 τε
1083 787 1114 812 τὸ
1151 786 1231 821 ἔργον
1265 787 1463 822 ὲξῳχοδόμητο.
1501 789 1680 823 Περικλείσοις
1716 790 1744 817 δὲ
1770 790 1811 825 τῷ

1020 832 1107 866 τείχει
1146 833 1194 867 τὴν
1216 832 1303 865 πόλιν,
1333 834 1382 868 τὴν
1400 834 1449 868 μὲν
1483 834 1596 870 πρώτην
1623 836 1747 871 φυλακὴν
1759 836 1811 871 τῆς

182 882 393 910 simulacrorum
423 882 509 909 instar
531 882 559 909 in
575 881 644 909 foris
659 883 835 910 circuibant:
853 887 881 909 et
900 890 970 917 quo-

1023 878 1117 908 νυκτὸς
1150 878 1265 913 περιϊὼν
1291 879 1371 910 αὐτὸς
1389 881 1595 912 ἐπεσκέπτετο,
1623 882 1672 913 τὰς
1699 882 1727 908 δὲ
1757 882 1813 909 λοι-

170 936 290 963 ‘cunquc
301 928 363 956 loco
378 928 451 956 vires
472 929 640 960 defecerant,
668 929 878 956 oceumhebant.
901 929 974 956 Mor~

184 979 245 1002 tuos
259 975 367 1008 cognati
384 975 504 1010 sepelire
519 982 574 1002 non
593 979 736 1010 poterant,
760 980 789 1002 et
801 975 879 1002 multi
900 975 972 1002 inter

182 1021 370 1056 sepeliendum
393 1021 612 1049 emoriebantur.
639 1021 771 1049 Seditiosi
797 1029 863 1049 vero
885 1022 970 1049 etiam

182 1067 262 1094 fatuis
278 1067 403 1094 cladibus
420 1068 550 1095 saeviores
564 1089 570 1100 ,
590 1068 717 1102 sepulcra
734 1067 904 1095 effodiebam
917 1089 924 1100 ,
943 1073 971 1095 et

181 1113 254 1141 aedes
272 1114 437 1148 spoliabant.
462 1114 500 1141 Ac
518 1114 656 1148 principio
679 1122 712 1141 ex
727 1114 826 1141 a'rario
846 1120 971 1142 mortuos

182 1159 292 1193 sepeliri
321 1159 474 1193 jubebant.
508 1159 544 1186 ob
568 1159 698 1186 [αξιοι-ειη
740 1160 969 1188 intolerabilem:

182 1205 282 1232 deinde
298 1206 325 1232 in
338 1205 422 1232 valles
437 1213 470 1232 ex
486 1206 573 1232 muris
587 1205 809 1240 pr.ecipitabant.
821 1206 895 1239 Quas
907 1214 970 1233 cum

182 1251 315 1278 circuiret
329 1251 409 1279 Titus
421 1271 427 1283 ,
453 1257 481 1279 et
501 1251 685 1279 cadaveribus
709 1252 821 1286 plenas,
837 1260 852 1279 e
869 1253 972 1287 quibus

183 1296 409 1330 putrescentibus
429 1297 540 1331 copiosa
563 1296 693 1324 manabat
714 1297 822 1327 sanies.
844 1298 969 1330 videret,

183 1343 317 1377 ingemuit
333 1353 340 1369 :
354 1343 524 1377 sublatisque
542 1343 670 1370 manibus
686 1343 770 1371 Deum
789 1348 906 1372 testatus
916 1350 969 1377 est,

181 1386 209 1414 id
224 1395 273 1414 sua
283 1387 422 1415 voluntate
438 1395 491 1414 non
507 1387 577 1415 fieri.
589 1389 683 1415 Denuo
697 1396 812 1424 aggeres
827 1390 949 1417 instituit
962 1399 970 1417 :

183 1432 236 1458 etsi
262 1431 376 1458 materia
390 1439 461 1467 agre
478 1440 510 1459 se
525 1433 623 1459 stadiis
638 1434 883 1468 comportabatur,
899 1435 971 1461 mul-

184 1478 219 1504 tis
240 1477 350 1505 interim
365 1486 381 1505 e
397 1478 500 1513 populo
525 1478 784 1513 transfugientibus,
803 1480 849 1514 qui
869 1481 969 1515 partim

184 1523 218 1550 de
233 1523 318 1550 inuris
334 1530 364 1550 se
379 1523 554 1559 dejiciebant.
571 1524 672 1558 partim
687 1530 752 1551 saxa
771 1525 858 1552 veluti
871 1525 906 1552 ad
920 1533 969 1560 pu-
984 1541 1006 1569 ο

183 1577 262 1603 gnam
286 1571 372 1601 parati
390 1570 518 1596 manibus
543 1574 681 1604 gestantes
704 1570 890 1598 Romanorum
907 1571 969 1598 ﬁdei

183 1622 212 1641 se
239 1614 463 1646 committebant,
485 1619 514 1642 et
535 1619 626 1642 tamen
652 1615 692 1642 sic
720 1615 804 1643 etiam
826 1617 923 1652 majori
937 1624 970 1644 ex

183 1665 262 1692 parte
279 1658 441 1685 interibant.
458 1659 526 1686 Nam
538 1658 658 1687 famelici
672 1660 798 1688 ciborum
811 1662 918 1696 copiam
930 1662 972 1688 in-

184 1703 349 1730 satiabi.iter
367 1703 525 1739 ingerentes
540 1705 747 1740 rumpebantur.
765 1706 872 1734 Accidit
887 1708 970 1735 etiam

183 1749 270 1780 aliud,
287 1749 360 1784 quod
375 1750 491 1777 exitium
509 1750 658 1785 transfugis
673 1752 816 1780 aﬂ‘erebat.
835 1753 904 1780 Nam
924 1761 971 1781 eo-

183 1802 245 1821 rum
264 1795 375 1829 quidam
391 1796 424 1824 ad
438 1796 579 1825 Romanos
593 1797 772 1833 confugituri,
785 1807 882 1827 aurum
897 1800 971 1835 quod

182 1839 339 1873 habebant,
355 1840 544 1876 deglutiebant
555 1863 564 1875 ,
579 1850 614 1870 ne
626 1843 699 1878 capti
715 1851 749 1871 eo
762 1845 948 1879 spoliarentur
962 1866 970 1879 ,

184 1884 266 1919 idque
281 1885 309 1912 in
322 1885 421 1914 castris
443 1894 505 1914 cum
520 1888 704 1916 excrementis
721 1888 839 1924 ejectum
861 1890 971 1926 collige-

183 1929 259 1956 bant.
275 1929 335 1963 Quo
350 1930 376 1957 in
396 1939 451 1958 uno
467 1931 649 1966 deprehenso.
664 1933 791 1968 famaque
819 1934 847 1962 in
872 1936 971 1963 castris

183 1983 279 2011 sparsa
291 1996 299 2008 .
318 1977 476 2013 transfugas
491 1986 559 2006 auro
570 1979 667 2014 plenos
681 1980 785 2013 venire,
806 1981 970 2009 miserorum

182 2023 295 2047 ventres
308 2020 527 2049 dissecabantur.
539 2022 598 2055 Qua
615 2023 649 2050 de
661 2032 744 2052 causa
760 2025 883 2060 plurimi,
902 2034 971 2054 una-

183 2072 237 2098 que
252 2069 334 2093 nocte
356 2067 409 2093 tria
430 2067 516 2094 millia
531 2072 559 2095 et
579 2069 699 2104 amplius
720 2071 871 2105 perierunt.
891 2071 970 2105 Quod

183 2117 218 2136 ne
232 2109 309 2137 fleret
321 2130 329 2142 ,
345 2111 398 2138 etsi
417 2110 497 2139 Titus
514 2113 695 2141 interdicebat
710 2135 717 2146 ,
734 2120 824 2143 tamen
845 2117 905 2152 ejus
920 2117 972 2144 mi-

183 2162 226 2181 nae
241 2163 338 2190 parum
351 2162 400 2184 aut
411 2157 480 2184 nihil
495 2159 604 2186 miseris
619 2161 829 2190 commodarum
843 2170 850 2190 :
867 2168 971 2191 etcum

1023 924 1077 955 πᾶς
1091 924 1195 959 ἑτέροις
1210 925 1355 960 ὲπέτρεψε’
1374 925 1569 960 διεκληροῦντο
1583 927 1611 953 δὲ
1627 928 1672 953 τὴν
1687 927 1772 954 ὕπνον
1786 930 1810 956 oi

1024 971 1155 1004 φύλακες.
1177 971 1315 1003 Ἰουδαίοις
1329 972 1357 998 δὲ
1374 973 1444 1007 μετά
1457 972 1511 999 τῶν
1525 973 1623 1004 ἐξόδων
1643 974 1811 1010 ἀπεκλείσθη

1023 1018 1100 1042 πᾶσα
1117 1017 1254 1052 σωτηρίας
1271 1018 1361 1050 ιλπές,
1372 1019 1443 1045 καὶὸ
1457 1017 1535 1053 λιμὸς
1557 1019 1617 1045 κατ’
1643 1019 1733 1052 οἴκους
1764 1021 1811 1047 καὶ

1023 1063 1120 1096 γενεάς
1135 1063 1180 1089 τὴν
1194 1063 1280 1098 δῆμον
1292 1064 1431 1095 ἐϐόσκετο,
1447 1066 1494 1090 καὶ
1509 1065 1542 1090 τὰ
1561 1065 1611 1095 μὲν
1620 1065 1688 1101 τέγη
1717 1075 1812 1099 γυναι-

1023 1108 1078 1134 κῶν
1094 1108 1142 1135 καὶ
1161 1108 1270 1143 βρεφῶν
1286 1109 1474 1144 ὲκλελυμένων
1500 1110 1675 1145 πεπλήρωτο,
1698 1111 1722 1137 οί
1752 1119 1812 1137 στε-

1023 1154 1109 1181 νωποὶ
1124 1154 1152 1180 δὲ
1165 1155 1301 1190 γερόντων
1317 1156 1433 1190 νεκρῶν·
1455 1156 1553 1186 παῖδες
1577 1156 1605 1182 δὲ
1629 1157 1676 1184 καὶ
1706 1158 1813 1183 νεανίαι

1022 1200 1186 1234 διῳδηκότες
1199 1200 1235 1231 ὼς
1252 1200 1350 1227 εἴδωλα
1362 1202 1433 1227 κατὰ
1447 1202 1495 1232 τὰς
1526 1202 1627 1236 ἀγορὰς
1652 1201 1811 1237 περιῄεσαν,

1023 1247 1069 1272 καὶ
1086 1246 1255 1273 κατέπιπτον
1268 1246 1322 1281 ὅπη
1347 1246 1465 1278 ἕκαστος
1485 1248 1620 1280 ἁτονήσας
1647 1247 1726 1282 ἔτυχε
1739 1255 1746 1262 ⁸
1763 1247 1813 1274 θά-

1023 1299 1101 1317 πτειν
1113 1291 1140 1318 δὲ
1153 1292 1216 1323 τοὺς
1235 1293 1423 1327 προσήκοντας
1437 1293 1462 1319 οι
1479 1293 1519 1320 ἐτι
1529 1293 1629 1325 ζῶντες
1644 1294 1694 1320 οὐκ
1706 1294 1811 1329 ἴσχυον·

1023 1338 1117 1364 πολλοὶ
1131 1338 1159 1365 δὲ
1175 1338 1223 1365 καὶ
1237 1338 1353 1365 θάπτειν
1370 1340 1542 1374 ὁρμήσαντες
1556 1340 1614 1371 τοῖς
1631 1339 1814 1375 θαπτομένοις

1023 1384 1244 1419 ἐπαπέθνησκον.
1259 1385 1291 1411 Ol
1305 1385 1334 1411 δὲ
1351 1386 1512 1411 στασιασταὶ
1529 1385 1577 1411 καὶ
1590 1385 1646 1411 τῶν
1656 1386 1688 1412 lx
1703 1385 1750 1412 τοῦ
1763 1386 1813 1412 ,λιιι

1024 1431 1074 1464 μοὶ
1089 1431 1182 1457 κακῶν
1198 1430 1319 1464 ἐγίνοντο
1331 1430 1531 1466 χαλεπώτεροι,
1557 1431 1811 1467 τυμϐωρυχοῦντες,

1024 1477 1072 1504 καὶ
1086 1477 1137 1508 τὰς
1152 1476 1243 1507 οἰκίας
1260 1476 1405 1507 συλῶντες.
1419 1477 1476 1503 Καὶ
1485 1477 1515 1503 τὸ
1534 1476 1583 1511 μὲν
1595 1477 1705 1512 πρῶτον
1719 1478 1751 1503 ὲκ
1765 1476 1813 1504 τοῦ

1022 1522 1151 1558 δημοσίου
1168 1522 1307 1558 θησαυροῦ
1323 1523 1435 1549 θάπτειν
1453 1523 1578 1550 ἐκέλευον
1600 1524 1663 1555 τοὺς
1685 1524 1811 1559 νεκροὺς,

1022 1569 1071 1604 τὴν
1084 1568 1216 1595 δυσωδίαν
1232 1569 1269 1604 μὴ
1284 1569 1427 1604 φέροντες·
1443 1567 1492 1596 εἶτ’
1503 1570 1649 1605 ἐρρίπτουν
1662 1569 1759 1602 αὐτοὺς
1777 1571 1810 1596 ix

1021 1613 1076 1640 τῶν
1090 1614 1190 1649 τειχῶν
1205 1614 1243 1646 είς
1265 1615 1313 1645 τὰς
1329 1616 1486 1651 φάραγγας.
1515 1615 1632 1652 Περιιὼν
1647 1615 1670 1642 δ’
1686 1617 1701 1643 ό
1721 1616 1812 1648 Τίτος,

1022 1660 1069 1686 καὶ
1084 1659 1254 1695 θεασάμενος
1269 1661 1374 1696 νεκρῶν
1395 1662 1615 1697 πεπληρωμένας
1639 1661 1736 1694 αὐτὰς,
1763 1662 1814 1688 καὶ

1023 1704 1108 1739 βαθὺν
1127 1706 1214 1741 ίχῶρα
1235 1706 1381 1740 μυδώντων
1402 1708 1536 1742 σωμάτων
1564 1707 1706 1743 ὲκρέοντα,
1736 1707 1816 1735 terri-

1022 1751 1097 1784 ναξε,
1114 1752 1162 1778 καὶ
1189 1753 1240 1784 τὰς
1264 1753 1359 1787 χεῖρας
1384 1753 1539 1783 ἀνατείνας,
1568 1753 1742 1788 ἐμαρτύρετο
1763 1753 1812 1779 τὸν

1022 1797 1100 1828 Θεὸν,
1114 1798 1151 1829 ὡς
1165 1799 1215 1825 οὐκ
1230 1798 1273 1833 εἴη
1294 1799 1323 1824 τὸ
1340 1798 1420 1833 ἔργον
1432 1798 1507 1834 αὐτῷ
1525 1799 1595 1834 πρὸς
1617 1799 1728 1834 βουλῆς.
1756 1800 1814 1826 Καὶ

1022 1843 1103 1869 πάλιν
1113 1843 1215 1878 ἥπτετο
1231 1845 1377 1879 χωμάτιον,
1410 1845 1537 1880 χαλεπῶς
1563 1845 1637 1879 αὑτῷ
1665 1846 1716 1880 τῆς
1744 1845 1812 1881 ὕλης

1023 1890 1219 1925 ποριζομένηςο
1230 1890 1283 1925 πρὸ
1292 1891 1346 1925 γὰρ
1356 1891 1471 1917 σταδίων
1480 1891 1629 1925 κεκόμιστο
1637 1891 1811 1926 ἐνενήκοντα.

1022 1936 1118 1962 Πολλοὶ
1135 1936 1157 1962 δ’
1170 1936 1342 1971 ηὐτομόλουν
1357 1936 1404 1962 τοῦ
1420 1937 1517 1971 δήμου,
1530 1937 1555 1963 oi
1573 1936 1623 1971 μὲν
1636 1938 1668 1963 "ut
1680 1937 1734 1975 τῶν
1753 1945 1812 1963 τει-

1022 1983 1078 2017 χῶν
1090 1982 1287 2017 κρημνίζοντες
1305 1983 1427 2014 ἑαυτοὺς,
1443 1983 1467 2008 οί
1486 1983 1514 2009 δὲ
1531 1982 1673 2017 προϊόντες
1695 1981 1733 2013 ὥς
1765 1983 1814 2009 ἐπὶ

1023 2028 1114 2063 μάχην
1134 2029 1202 2062 μετὰ
1215 2028 1371 2063 χερμάδων.
1403 2028 1472 2064 πρὸς
1491 2028 1646 2063 Ῥωμαίους
1675 2027 1813 2062 κατέφευ-

1021 2082 1079 2108 γον·
1095 2075 1142 2100 καὶ
1157 2073 1231 2100 οὓτω
1255 2074 1278 2100 δ’
1303 2074 1327 2100 οἱ
1341 2074 1452 2105 πλείους
1470 2074 1638 2100 ἀπώλλυντο.
1655 2073 1814 2107 Λιμώττον-

1021 2128 1067 2151 τες
1080 2120 1134 2154 γὰρ
1146 2120 1192 2145 καὶ
1204 2119 1320 2154 ἀφθονίᾳ
1337 2119 1446 2154 τροφῶν
1471 2120 1665 2153 ἐντυγχάνοντι
1671 2128 1691 2150 ;,
1721 2119 1813 2153 ἀπλή-

1023 2174 1094 2197 στως
1107 2174 1137 2192 τε
1152 2165 1359 2200 κορεννύμενοι,
1377 2166 1582 2201 διερρήγνυντο.
1611 2164 1714 2200 Συνέϐη
1741 2165 1768 2191 δέ
1783 2172 1813 2191 τι

183 2201 211 2227 in
227 2201 322 2234 paucis
350 2202 456 2229 nummi
486 2204 691 2239 reperirentur.
724 2212 838 2235 cat-tros
872 2208 970 2243 praeda-

1024 2211 1070 2237 καὶ
1080 2210 1174 2246 ἕτερον
1185 2211 1249 2242 τοὺς
1260 2211 1428 2246 αὐτομόλους
1442 2211 1566 2246 φθεῖρον.
1582 2211 1661 2243 Τινὲς
1688 2211 1743 2246 γὰρ
1764 2211 1812 2237 αὖ·

183 2250 248 2278 spes
263 2244 406 2277 perdebat.
426 2246 530 2274 Ferunt
549 2253 640 2275 autem
661 2257 831 2284 pauperum,
858 2252 905 2286 qui
922 2260 970 2287 per

1022 2257 1075 2283 τῶν
1090 2244 1254 2291 κεκτημένοι
1268 2244 1398 2292 χρυσοῦς,
1417 2259 1445 2284 ἐν
1471 2244 1514 2292 τῷγ
1529 2257 1636 2292 μέλλειν
1661 2244 1731 2292 πρὸς
1745 2257 1814 2283 Ῥω-

182 2295 278 2324 portas
291 2289 410 2320 civitatis
422 2292 486 2320 elati
500 2299 527 2320 et
539 2294 653 2330 projecti
667 2295 751 2332 298
763 2297 829 2329 sint.
842 2305 874 2325 nc
887 2297 970 2326 fuisse

1023 2301 1120 2334 μαίους
1136 2289 1309 2336 αὐτομολεέν,
1334 2302 1480 2328 κατέπινον
1494 2289 1550 2335 ᾇφο
1567 2321 1575 2334 ,
1589 2302 1633 2328 ῐνα
1649 2289 1689 2336 μή
1700 2300 1811 2332 ἁλόντες

183 2335 269 2363 millia
280 2345 286 2351 ·
307 2337 422 2365 aliorum
437 2346 584 2366 numerum
599 2341 834 2376 inexplicabilem,
848 2343 970 2371 frumen-

1023 2335 1211 2382 ἀφαιρεθῶσιν
1223 2347 1334 2379 αὐτούς.
1349 2348 1430 2383 [Ιαρὰ
1445 2348 1473 2374 δὲ
1486 2349 1542 2379 τοῖς
1563 2335 1711 2383 Ῥωμαίοις
1732 2346 1811 2380 γενό-

184 2381 260 2416 tique
273 2382 443 2412 medimnum
456 2385 560 2412 talento
571 2387 689 2415 venisse.

1024 2381 1113 2425 μενοι,
1127 2393 1184 2423 τοῐς
1198 2392 1247 2426 τῆς
1262 2393 1381 2427 γαστρὸς
1395 2381 1543 2424 σκυόάλοις
1559 2381 1627 2424 τοὺς
1636 2391 1754 2428 χρυσοῦς
1768 2399 1811 2418 συ-

189 2427 354 2463 νεξέκρινον,
369 2431 416 2457 καὶ
433 2431 592 2467 ἐκλέγοντες
621 2434 722 2466 αὐτοὺς
741 2435 904 2471 ἐλάμϐανον.
930 2437 1057 2473 Φωρᾶται
1086 2438 1183 2465 τοίνυν
1207 2438 1262 2465 τῶν
1288 2439 1447 2474 αὐτομόλων
1457 2448 1499 2470 τις
1521 2439 1600 2466 τοῦτο
1626 2439 1731 2465 ποιῶν·
1763 2438 1811 2464 καὶ

183 2477 278 2511 φήμης
292 2478 434 2512 γεγονυίας
451 2481 490 2511 εἰς
508 2481 538 2506 τὸ
556 2482 750 2517 στρατόπεδον,
761 2483 798 2514 tia;
817 2485 914 2518 μεστοὶ
929 2486 1042 2519 χρυσίου
1064 2486 1213 2521 προσίασιν
1234 2486 1258 2512 oi
1275 2485 1432 2521 αὐτόμολοι,
1451 2487 1629 2520 άνετέμνοντο
1642 2485 1691 2516 τὰς
1708 2485 1811 2519 7n“-

186 2534 236 2560 ρας
253 2526 278 2552 οί
289 2525 386 2558 ἄθλιοι,
402 2525 439 2557 ὼς
470 2527 595 2554 ἐντεῦθεν
611 2529 714 2564 πολλὴν
725 2530 852 2563 γενέσθαι
866 2531 920 2558 τῶν
935 2532 1071 2559 Ἰουδαίων
1084 2532 1188 2568 φθοράν
1200 2539 1207 2547 ·
1223 2533 1272 2568 μιᾷ
1286 2532 1341 2568 γὰρ
1358 2533 1437 2560 νυκτὶ
1460 2532 1531 2567 ὑπὲρ
1554 2532 1725 2568 τρισχιλίους
1740 2534 1810 2560 ἁνα-

185 2572 331 2608 σχισθῆναι
358 2573 470 2609 συνέὃη.
498 2574 530 2600 Ὂ
559 2575 640 2609 γνοὺς
661 2577 676 2602 ὀ
704 2577 795 2610 Τῖτος,
825 2578 960 2612 ἠπείλησε
972 2579 1011 2614 τῷ
1024 2580 1229 2615 στρατεύματι·
1255 2579 1325 2606 ἀλλὰ
1342 2579 1442 2615 μικρὸν
1455 2579 1472 2614 ἢ
1487 2579 1565 2606 οὐδὲν
1579 2580 1636 2611 τοῖς
1647 2579 1810 2615 αὐτομόλοις

184 2620 325 2654 ἐπήμυνεν
341 2620 359 2655 ἡ
375 2618 421 2645 τοῦ
439 2620 521 2646 ἰ’ίτου
539 2621 621 2656 ὀργή.
655 2621 700 2648 Ἐν
729 2623 833 2657 ὀλίγοις
859 2624 881 2650 δ’
898 2625 1043 2660 εὑρίσκετο
1056 2626 1090 2652 τὰ
1104 2625 1237 2660 ἀργύρια,
1249 2626 1312 2656 τοὺς
1322 2625 1350 2651 δὲ
1368 2624 1479 2655 λοιποὺς
1495 2623 1605 2656 ἐλπίδες
1622 2624 1703 2659 μόναι
1714 2625 1810 2654 ἀπώλ-

184 2668 258 2694 λυον.
277 2670 396 2701 Λέγεται
413 2666 443 2693 δὲ
454 2667 517 2699 τοὺς
538 2668 570 2693 ἐκ
590 2667 641 2702 τῆς
665 2668 769 2700 πόλεως
791 2670 835 2697 διὰ
849 2671 906 2698 τῶν
922 2672 1014 2699 πυλῶν
1039 2673 1267 2708 ὲκκομιτθέντας,
1283 2672 1332 2698 καὶ
1344 2671 1475 2706 ῥιφέντες
1488 2671 1604 2706 νεκροὺς
1614 2670 1670 2698 τῶν
1682 2671 1810 2707 ἀπόρων.

183 2714 311 2750 γενέσθαι
326 2713 462 2748 μυριάδας
477 2715 623 2750 ἐξήκοντα,
638 2714 692 2742 τῶν
706 2716 729 2744 δ’
739 2718 829 2745 ἄλλων
847 2719 1026 2755 άνεξεύρετον
1045 2719 1117 2748 εἶναι
1132 2720 1179 2747 τὸν
1191 2720 1320 2755 ἀριθμὸν,
1334 2720 1380 2747 τοῦ
1400 2720 1452 2755 μέν
1473 2728 1517 2746 τοι
1539 2720 1616 2747 σίτου
1635 2719 1666 2746 τὸ
1678 2718 1813 2754 μέδιμνον

185 2759 325 2794 πραθῆναι
337 2759 482 2786 ταλάντου.

219 2808 303 2838 XXII.
319 2811 393 2839 Urbe
407 2814 512 2841 autem,
532 2813 561 2834 ut
575 2816 660 2844 supra
675 2809 805 2844 diximus,
826 2819 840 2838 a
860 2811 964 2840 Roma-

185 2855 228 2883 nis
245 2863 326 2883 muro
341 2854 521 2889 circumdata,
535 2862 596 2881 cum
606 2863 660 2882 non
673 2855 791 2890 amplius
804 2855 902 2886 herbas
913 2858 968 2885 col-

1055 2812 1118 2839 KB’.
1136 2814 1389 2850 Περιτειχισθείση;
1409 2815 1438 2842 δὲ
1458 2815 1508 2851 τῆς
1534 2815 1639 2847 πόλεως
1667 2815 1811 2851 παρὲτῶν
1830 2825 1834 2828 ·

1029 2858 1185 2893 Ῥωμαίων,
1198 2860 1233 2892 ὡς
1245 2861 1300 2888 ἅνω
1314 2869 1359 2889 μοι
1371 2862 1492 2894 εἵοηται,
1506 2862 1568 2889 οὐδὲ
1579 2861 1739 2889 πολυλογεῖν
1754 2860 1811 2891 οἶόν
