4002 6250
437 356 546 415 523

1741 350 2067 414 JOANNIS
2094 348 2415 414 ΖΟΝΑΗιὶ

3611 351 3715 418 εει

436 460 808 521 incenderunt
831 481 843 518 :
866 461 1082 518 ﬂamma
1107 476 1238 518 vero
1258 460 1327 529 ad
1356 459 1578 518 cubitos
1606 477 1675 518 xv
1705 476 2008 534 progressa,

2127 481 2250 529 νους
2275 463 2461 535 εὑρὼν
2486 464 2612 528 τοὶς
2643 463 2914 533 φύλακας,
2952 463 3088 519 ἀλλά
3116 462 3339 534 γνόντες
3373 465 3473 537 τὴν
3525 467 3711 522 ἐπίθε·

437 555 613 611 Judaei
648 562 853 611 tectum
878 562 1256 610 resecuerunt.
1290 552 1549 610 Seditiosi
1587 555 1682 625 qui
1718 555 1772 610 in
1809 556 2017 627 templo

437 658 620 713 erant,
645 656 704 702 et
736 654 926 717 aperte
942 646 1145 702 milites
1165 647 1220 701 in
1247 662 1443 718 aggere
1465 658 1753 705 versantes
1778 658 1908 705 sunt
1928 665 2026 720 ag-

422 741 633 812 gressi,
668 754 726 800 et
754 740 896 797 dolis
919 755 1015 795 eos
1047 741 1456 811 propulsarunt.
1489 741 1595 797 Sed
1626 741 1771 799 fame
1807 742 2022 798 inﬁnita

426 833 736 889 multitudo
763 832 965 903 periit:
1001 832 1330 902 superstites
1377 849 1459 890 eae
1507 833 1695 890 clades
1726 848 2022 905 oppresse-

437 935 587 992 runt,
612 940 735 996 quae
755 935 809 981 et
831 925 982 983 dictu
1001 933 1128 979 sunt
1150 924 1457 991 horrendae,
1487 935 1546 981 et
1567 924 1755 980 auditu
1780 925 2021 981 incredi-

421 1018 593 1083 fbiles,
615 1032 847 1088 quarum
865 1032 1031 1072 unam
1054 1017 1377 1073 recensebo.
1393 1017 1589 1073 Mulier
1600 1018 1848 1088 qmdam
1870 1026 2023 1075 trans

387 1109 394 1173 ξ
433 1109 728 1166 Jordanem
751 1109 1025 1170 habitans.
1047 1117 1104 1165 et
1127 1124 1330 1180 genere
1352 1117 1409 1164 et
1430 1108 1630 1179 opibus
1661 1109 1805 1165 haud
1819 1109 2020 1166 obscu-

387 1206 393 1225 ‘
436 1217 521 1267 ra,
551 1200 963 1272 Hierosolymis,
997 1215 1107 1271 quo
1133 1198 1477 1271 confugerat,
1501 1199 1846 1256 obsidionem
1880 1201 2019 1256 tole-

430 1294 610 1351 rabat.
636 1292 712 1347 Ea
729 1292 833 1348 sibi
861 1292 1014 1347 cibos
1034 1300 1255 1362 paratos
1279 1307 1422 1361 saepe
1444 1291 1514 1347 ab
1535 1291 1768 1348 urbanis
1783 1292 2017 1349 latroni-

436 1386 541 1441 Il'JS
559 1386 720 1455 cripi,
746 1385 934 1456 iniquo
956 1385 1142 1441 animo
1162 1383 1366 1444 ferens.
1392 1384 1584 1455 iraque
1605 1395 1662 1441 et
1684 1384 1827 1441 fame
1846 1385 2018 1455 perci-

437 1488 514 1543 ta,
542 1493 772 1548 puerum
808 1478 1106 1537 lactentem
1139 1484 1433 1533 mactatum
1455 1488 1620 1548 atque
1648 1493 1855 1544 assum,
1889 1473 2019 1561 [fire

318 1570 331 1575 ’
429 1569 538 1623 tim
578 1569 809 1634 voravit,
836 1568 1035 1639 partim
1059 1568 1112 1627 in
1141 1566 1291 1622 aliud
1319 1576 1535 1637 tempus
1561 1568 1884 1627 asservavit.
1917 1568 2019 1625 Se-

440 1660 626 1716 ditiosi
661 1674 792 1715 vero
833 1659 1082 1715 nidorem
1122 1659 1360 1721 odorati.
1397 1659 1584 1714 statim
1617 1658 1821 1715 adsunt
1857 1678 1871 1714 :
1908 1659 2015 1716 nisi

428 1752 533 1807 det
561 1751 707 1822 quod
746 1751 975 1822 pararit.
1032 1758 1266 1806 mortem
1316 1750 1667 1806 minitantur.
1717 1750 1812 1804 illa
1857 1750 2015 1820 pueri

2132 572 2217 609 σιν
2245 556 2666 617 συνεπλέκοντο,
2700 557 2797 611 καὶ
2822 556 2960 628 πρὸς
2984 557 3084 628 τὴν
3115 557 3247 628 βοὴν
3297 562 3393 611 καὶ
3444 561 3496 613 οἱ
3555 561 3707 615 ἄλλοι

2130 649 2423 721 συνῄεσαν.
2467 648 2558 715 Ἐξ
2591 649 2820 717 ἐννάτης
2851 648 2909 702 δὲ
2938 649 3037 719 τῆς
3062 650 3255 714 νυκτὸς
3282 648 3433 721 ὥρας
3458 653 3539 713 είς
3569 653 3711 723 πέμ-

2128 758 2271 812 πτην
2301 741 2402 811 τῆς
2434 740 2650 813 ἡμέρας
2677 739 2774 795 τοῦ
2804 740 3044 811 πολέμου
3086 739 3483 812 συνισταμένου
3519 743 3708 815 ἀγχώ-

2131 834 2299 904 μαλος
2328 828 2455 905 ἦνή
2487 834 2659 905 μάχη,
2708 832 2900 905 μηδένι
2949 834 3049 906 τῆς
3103 835 3261 904 νίκης
3320 833 3708 905 ἐπιϐρισάσης,

2126 927 2224 981 καὶ
2249 926 2426 991 οὕτως
2456 927 2580 981 τότε
2618 926 2943 997 διελύθησαν
2969 928 3019 981 oi
3050 928 3372 998 μαχόμενοι.
3405 927 3480 981 Τὸ
3510 927 3567 981 δέ
3595 927 3708 982 λοι-

2127 1017 2231 1071 πὸν
2255 1018 2355 1088 τῆς
2384 1016 2495 1071 τῶν
2531 1016 2822 1087 Ῥωμαίων
2841 1017 3127 1087 δυνάμεως
3158 1016 3393 1087 ἡμέραις
3416 1001 3557 1072 ἑπτά
3579 1020 3706 1084 τοὺς

2125 1107 2227 1177 τῆς
2269 1108 2565 1172 Ἀντωνίας
2617 1107 2903 1179 θεμελίους
2959 1108 3507 1180 καταστρεψάμενον,
3568 1109 3708 1164 πλα-

2124 1202 2277 1255 τείαν
2305 1200 2441 1271 πρὸς
2462 1200 2526 1253 τδ
2561 1200 2707 1271 ἱερὸν
2740 1200 3081 1272 ηὐτρέπισαν
3140 1200 3350 1256 ἄνοδον.
3412 1203 3521 1256 Καὶ
3570 1203 3708 1272 πλη-

2126 1291 2396 1347 σιάσαντα
2417 1289 2497 1362 τῷ
2526 1290 2732 1364 πρώτῳ
2760 1291 3037 1363 περιϐόλῳ
3076 1292 3146 1346 τά
3182 1293 3468 1363 τάγματα,
3516 1296 3707 1364 χωμά-

2122 1398 2237 1435 των
2259 1383 2573 1452 κατήρχετο
2599 1399 2613 1414 ·
2649 1382 2746 1436 καὶ
2783 1382 2957 1438 ταῦτα
2988 1384 3088 1454 μὲν
3112 1385 3367 1455 ἠγείρετο
3388 1387 3485 1440 σὺν
3519 1388 3707 1458 μόχθῳ

2123 1473 2327 1545 πολλῷ.
2353 1475 2417 1528 0i
2462 1474 2714 1528 Ἰουδαῖοι
2745 1476 2804 1529 δὲ
2830 1478 2930 1546 τῆς
2961 1474 3178 1547 βορείου
3225 1479 3320 1531 καὶ
3366 1479 3509 1533 κατά
3553 1478 3705 1533 δύσιν

2125 1566 2291 1627 στοᾶς
2321 1565 2381 1618 τὸ
2411 1565 2633 1636 συνεχὲς
2657 1566 2795 1637 πρὸς
2821 1566 2922 1637 τὴν
2965 1566 3258 1621 ’Δντωνίαν
3292 1570 3703 1640 ἐμπρήσαντες,

2121 1656 2444 1729 ἀπέρρηξαν
2478 1659 2603 1712 ὅσον
2639 1660 2838 1730 πήχεις
2866 1658 3063 1725 εἴκοσι,
3096 1662 3218 1723 ταῖς
3269 1661 3479 1714 ἑαυτῶν
3512 1663 3711 1734 χερσὶν.

2121 1747 2424 1819 ἀρξάμενοι
2455 1750 2633 1803 καίειν
2662 1751 2732 1805 τά
2789 1751 2945 1819 ἆγια.
3020 1751 3447 1823 ’Υποπιμπρᾶσι
3502 1753 3561 1805 δέ
3611 1757 3705 1807 καὶ

435 1846 702 1916 reliquias
723 1843 939 1916 retegit,
970 1843 1174 1914 quibus
1193 1843 1439 1899 latrones
1472 1842 1626 1909 visis,
1650 1841 2008 1914 obstupefacti

2134 1840 2397 1912 Ῥωμαῖοι
2430 1842 2529 1915 τὴν
2555 1842 2786 1912 πλησίον
2826 1846 3008 1908 στοὰν,
3040 1846 3139 1898 καὶ
3190 1845 3356 1915 μέχρι
3410 1846 3703 1899 πεντεκαὶ-

434 1937 869 2001 exhorruerunt,
925 1948 991 1990 ac
1045 1942 1346 1990 trementes
1399 1942 1771 1998 recesserunt,
1820 1933 1910 1986 vix
1943 1946 2011 1988 eo

425 2028 562 2082 cibo
589 2025 752 2081 matri
800 2039 1090 2081 concesso.
1122 2021 1430 2094 Aggeribus
1451 2023 1563 2093 jam
1596 2020 1875 2092 perfectis,
1910 2020 2012 2076 ad-

434 2121 719 2175 ducuntur
752 2119 954 2176 arietes
982 2131 996 2170 :
1035 2117 1130 2172 sed
1151 2131 1216 2172 ea
1248 2124 1365 2171 erat
1388 2115 1534 2169 muri
1556 2113 1810 2177 ﬁrmitas,
1835 2122 1896 2168 ut
1923 2113 2014 2167 ni-

438 2213 516 2267 hil
546 2212 674 2267 inde
716 2211 1037 2287 laderetur.
1068 2208 1175 2263 Alii
1206 2206 1564 2262 fundamenta
1612 2199 2008 2271 suﬂ'odicbant,

426 2304 534 2360 sed
561 2319 630 2358 ne
660 2304 740 2358 sic
769 2301 999 2372 quidem
1018 2309 1109 2355 est
1135 2299 1403 2370 dejectus.
1439 2296 1604 2368 300
1633 2294 1865 2352 Carteris
1906 2296 1977 2367 igi
1996 2325 2009 2333 -

428 2404 528 2449 tur
577 2391 909 2463 desperatis,
958 2389 1135 2447 scalas
1167 2388 1474 2460 porticibus
1526 2387 1916 2442 admoverunt.
1952 2386 2053 2442 ld'

424 2483 612 2541 διιθωί
651 2499 763 2539 non
785 2489 1225 2545 anteverterunt,
1258 2479 1354 2537 sed
1383 2494 1510 2534 cum
1540 2479 1611 2534 iis
1630 2481 1724 2550 qui
1750 2480 2015 2537 ascende-

434 2585 563 2632 rant
595 2577 933 2632 dimicarunt
973 2592 988 2628 :
1022 2587 1204 2645 neque
1231 2588 1399 2644 parva
1433 2571 1614 2628 caedes
1657 2581 1742 2626 est
1768 2572 1940 2627 edita.

2113 1932 2249 1987 δεκα
2282 1936 2511 2006 πήχεων.
2532 1934 2910 2005 προκόψαντος
2948 1938 3041 1990 τοῦ
3068 1936 3263 2007 πυρὸς,
3287 1936 3702 1991 ἀποκόπτουσιν

2087 2011 2165 2078 ὀί
2212 2025 2465 2079 Ἰουδαῖοι
2494 2026 2597 2098 τὴν
2634 2026 2869 2097 ὀροφήν.
2891 2028 2955 2082 Oi
2985 2027 3030 2081 δ’
3054 2027 3158 2081 ἀνά
3188 2028 3249 2081 τὸ
3283 2029 3704 2099 ἱερὸνστρασια-

2114 2118 2240 2171 σταὶ
2265 2118 2362 2170 καὶ
2394 2119 2650 2189 φανερῶς
2680 2122 2793 2183 τοῖς
2824 2119 3050 2172 ἐπὶτῶν
3080 2119 3358 2191 χωμάτων
3387 2120 3705 2173 ἐπετίθεντο

2117 2207 2504 2279 στρατιώταις,
2537 2210 2632 2263 καὶ
2659 2210 2798 2280 μετὰ
2819 2211 2986 2265 δόλων
3015 2211 3310 2281 ἠμύνοντο.
3352 2211 3490 2265 Ὑπὸ
3513 2212 3569 2265 δὲ
3597 2213 3694 2266 τοῦ

2115 2299 2281 2369 λιμοῦ
2324 2300 2557 2373 ἄπειρόν
2578 2319 2632 2355 τι
2666 2301 2871 2372 πλῆθος
2900 2298 3042 2373 ἦσαν
3073 2304 3123 2356 οἱ
3156 2302 3504 2373 θνήσκοντες.
3543 2303 3701 2373 Πάθη

2114 2392 2174 2448 δὲ
2207 2396 2322 2458 τοῖς
2357 2393 2643 2465 περιοῦσιν
2678 2395 2758 2449 ἐτι
2792 2396 3098 2460 συνέϐαινε,
3130 2398 3225 2449 καὶ
3256 2396 3463 2466 φρικτά
3502 2397 3700 2467 διηγή-

2115 2485 2336 2552 σασθαι,
2365 2488 2460 2540 καὶ
2486 2486 2760 2543 δύσπιστα
2783 2490 2899 2552 τοῖς
2928 2488 3245 2558 ἀκούουσιν⁹
3275 2482 3351 2544 ὧν
3412 2489 3472 2542 ἐν
3517 2488 3703 2560 διηγή-

2114 2595 2303 2665 σομαι.
2342 2579 2483 2650 Γυνή
2513 2596 2598 2643 τις
2630 2581 2772 2654 ὑπὲρ
2825 2581 2915 2635 τὸν
2963 2582 3236 2653 Ἰορδάνην
3264 2580 3353 2636 διὰ
3394 2582 3550 2650 γένος
3605 2590 3703 2642 καὶ

439 2667 671 2723 πλοῦτον
730 2667 832 2720 οὐκ
893 2664 1129 2738 ἄσημος,
1168 2665 1248 2728 εἰς
1292 2661 1362 2716 τά
1436 2661 1793 2733 Ἰεροσόλυμα
1867 2661 2270 2734 καταφυγοῦσα
2343 2669 2833 2741 συνεπολιορκεῖτο.
2900 2673 3121 2745 Ταύτης
3208 2674 3470 2737 πολλάκις
3526 2674 3699 2744 ἑαυτῇ

433 2761 641 2836 τροφὰς
673 2759 1065 2834 ποριζομένης,
1104 2761 1157 2812 ot
1210 2754 1565 2829 λῃστεύοντες
1613 2757 1670 2809 ἐν
1711 2758 1778 2828 τῇ
1839 2756 1995 2811 πόλει
2033 2760 2238 2825 ταύτας
2304 2762 2628 2834 διήρπαζον.
2677 2765 2742 2818 Ἦ
2776 2766 2862 2833 δέ,
2893 2768 3030 2838 πρὸς
3058 2767 3231 2823 ταῦτα
3290 2768 3705 2839 ἀγανακτοῦσα,

435 2854 596 2931 θυμῷ
622 2872 681 2910 τε
703 2855 799 2909 καὶ
854 2852 997 2925 λιμῷ
1068 2845 1690 2923 στρατηγουμένηιδῆν
1732 2851 1873 2923 αὐτῇ
1933 2853 2237 2925 ὑπομάζιον
2303 2858 2491 2914 τέκνον
2522 2859 2882 2916 καταθύσασα
2960 2863 3054 2916 καὶ
3104 2863 3416 2935 ὀπτήσασα,
3481 2863 3543 2917 τὸ
3598 2865 3700 2934 μὲν

429 2948 628 3024 ἱεραγε,
650 2951 713 3005 τὸ
736 2950 794 3006 δὲ
830 2948 1017 3003 λοιπὸν
1049 2947 1127 3010 εἰς
1155 2945 1420 3016 δευτέραν
1446 2946 1639 3016 ἐτήρει
1704 2947 1915 3018 τροφήν
1939 2963 1957 2980 ο
1992 2948 2044 3002 oi
2082 2949 2141 3003 δέ
2171 2955 2498 3008 στασιασταὶ
2547 2953 2647 3024 τῆς
2698 2955 2926 3026 κνίσσης
2981 2957 3427 3029 προσϐαλλούσης
3484 2960 3693 3022 αὐτοῖς,

432 3045 691 3115 παρῆσαν
718 3041 903 3105 εὐθὺς,
935 3042 1031 3093 καὶ
1058 3039 1111 3093 εἰ
1138 3038 1215 3111 μὴ
1248 3037 1370 3109 δοίη
1439 3037 1501 3093 τὸ
1548 3039 2027 3110 παρασκευασθὲν,
2068 3042 2406 3114 ἀποσφάξειν
2444 3048 2703 3118 ἠπείλουν
2774 3050 2968 3119 αὐτήν.
3051 3049 3110 3103 Ἡ
3160 3050 3219 3104 δὲ
3268 3051 3339 3104 τὰ
3374 3051 3471 3104 τοῦ
3509 3051 3707 3115 παιδὸς-

431 3135 740 3205 άνεκάλυψε
773 3134 1007 3203 λεῖψανα
1033 3149 1046 3163 ·
1093 3132 1337 3186 κάκεῖ-.οι
1369 3130 1668 3201 ἐξέστησάν
1691 3149 1749 3185 τε
1783 3132 1919 3203 πρὸς
1948 3135 2049 3205 τὴν
2086 3135 2215 3190 θέαν
2249 3139 2343 3192 καὶ
2404 3140 2654 3212 ἐφριξαν,
2686 3145 2781 3197 καὶ
2809 3144 3110 3214 τρέμοντες
3158 3145 3554 3217 ὑπεχώρησαν,
3597 3150 3699 3217 μό-

429 3235 516 3297 λις
538 3231 744 3304 ταύτης
797 3231 936 3293 τέως
971 3228 1070 3300 τῆς
1120 3227 1332 3298 τροφῆς
1390 3229 1900 3301 παραχωρήσαντες
1936 3233 2003 3302 τῇ
2047 3234 2237 3303 μητρί.
2313 3236 2453 3307 ’Ἤδη
2480 3237 2538 3291 δέ
2602 3238 2710 3293 τῶν
2731 3241 2999 3311 χωμάτων
3026 3240 3429 3316 τετελεσμένων
3489 3248 3699 3316 προσή-

430 3345 590 3399 γοντο
618 3328 667 3380 ol
707 3323 872 3396 κριοί·
904 3322 1069 3393 ήνυον
1107 3321 1151 3374 δ’
1185 3319 1340 3374 οὐδὲν
1427 3318 1517 3373 διὰ
1547 3320 1647 3391 τὴν
1712 3322 1808 3375 τοῦ
1858 3322 2077 3395 τείχους
2117 3329 2476 3399 στερρότητα.
2503 3330 2723 3403 Ἐτεροι
2756 3331 2813 3385 δὲ
2848 3333 2976 3396 τοὺς
3006 3312 3296 3403 θεμελίους
3348 3312 3695 3407 ὑπώρυῠττοί,

430 3424 525 3479 καὶ
546 3423 654 3477 οὐδ’
683 3421 858 3482 οὕτως
881 3419 941 3471 τὸ
963 3420 1142 3486 τεῖχος
1180 3414 1593 3472 κατασέσειστο.
1644 3414 2004 3486 ’Δπογνόντες
2035 3417 2129 3472 οὖν
2198 3420 2307 3474 τῶν
2346 3421 2547 3487 ἄλλων,
2612 3425 2896 3495 κλίμακας
2958 3427 3298 3497 προσέφερεν
3328 3431 3447 3492 ταῖς
3480 3433 3687 3495 στοαῖς,

430 3523 496 3574 υἱ
521 3518 578 3573 δὲ
627 3515 876 3570 Ἰουδαῖοι
905 3511 1152 3568 κωλῦσαι
1189 3508 1291 3581 μὲν
1326 3508 1427 3562 οὐκ
1463 3507 1733 3578 ἔφθασαν,
1790 3513 1903 3574 τοῖς
1959 3510 2004 3565 δ’
2044 3511 2278 3570 ἀναϐᾶσι
2343 3518 2719 3587 συμπεσόντες
2793 3520 3085 3591 ἐμάχοντο,
3131 3522 3226 3576 καὶ
3270 3518 3338 3593 ἦν
3367 3525 3469 3579 οὐκ
3508 3525 3692 3597 ὀλίγος

429 3610 610 3666 αὐτῶν
634 3608 815 3671 φόνος.

506 3629 610 3665 των
634 3626 815 3679 φονος.

500 3697 691 3754 ΧΧΙΙΙ.
731 3695 912 3759 Titus,
956 3693 1049 3763 qui
1094 3692 1282 3764 templi
1317 3691 1686 3747 reverentiam
1739 3691 2006 3747 milit‘bus

2183 3689 2310 3744 ΚΡ.
2351 3688 2411 3742 '0
2439 3689 2497 3742 δέ
2546 3705 2609 3755 γε
2658 3690 2815 3752 Τῖτος
2848 3688 2920 3755 ώς
2959 3691 3109 3763 ἐώρα
3152 3692 3252 3763 τὴν
3286 3694 3378 3748 ἐπὶ
3427 3695 3505 3766 τῷ
3556 3699 3697 3771 ίερῷ

428 3809 547 3849 esse
576 3806 729 3846 noxa:
752 3796 1030 3854 cerneret,
1060 3786 1235 3857 portis
1261 3786 1425 3858 jussit
1450 3783 1736 3839 admoveri
1771 3787 1952 3853 igne
1981 3799 1997 3838 :

431 3884 577 3939 unde
641 3891 868 3952 argento
926 3877 1248 3948 liquefacto,
1322 3891 1435 3947 quo
1491 3875 1762 3930 devinctae
1817 3883 1998 3939 erant,

425 3974 648 4028 ﬂamma
674 3972 821 4042 ligna
850 3968 1138 4039 corripuit,
1168 3978 1332 4037 atque
1357 3965 1483 4021 inde
1509 3965 1575 4020 ad
1606 3967 1847 4036 porticus
1871 3979 2002 4019 eva-

427 4068 519 4123 sit.
544 4065 715 4121 Judaei
745 4061 1104 4119 circumcirca
1129 4060 1254 4131 igne
1287 4068 1607 4128 conspecto,
1631 4067 1683 4112 et
1722 4056 1923 4111 animis
1946 4063 2004 4109 et

424 4156 759 4229 corporibus
782 4152 1124 4209 defecerunt.
1162 4151 1236 4204 Ac
1256 4150 1350 4205 illo
1374 4150 1483 4212 dic,
1515 4159 1813 4217 secutaque
1842 4156 2003 4202 nocte

430 4248 575 4319 ignis
602 4253 884 4317 grassatus
906 4250 1011 4305 est,
1035 4242 1131 4296 sed
1163 4241 1217 4294 in
1250 4239 1501 4310 partibus
1530 4256 1543 4291 :
1574 4254 1677 4293 nec
1703 4238 1852 4292 enim
1877 4253 2001 4291 om-

432 4354 532 4394 nes
564 4336 811 4408 porticus
852 4332 1015 4388 simul
1050 4332 1345 4387 incendere
1383 4332 1697 4386 valuerunt.
1732 4328 2005 4384 Postridie

434 4429 593 4495 Titus
616 4437 766 4498 parte
795 4425 1078 4496 copiarum
1110 4423 1449 4495 restinguere
1478 4422 1795 4478 incendium
1828 4424 2002 4493 jussa,

436 4524 693 4589 viamque
728 4517 795 4573 ad
828 4527 1018 4588 portas
1047 4531 1242 4586 parare
1265 4556 1279 4581 ,
1312 4524 1371 4569 ut
1413 4515 1658 4585 legiones
1690 4513 2005 4583 expeditius

382 4668 393 4675 ,
432 4611 817 4672 ascenderem.
863 4624 915 4662 vi
966 4608 1258 4679 praecipuis
1305 4606 1543 4663 ducibus
1584 4604 1882 4670 advertitis,
1935 4605 2005 4660 de

432 4703 637 4773 templo
672 4699 1024 4757 deliberavit.
1056 4700 1138 4755 Ibi
1174 4699 1267 4754 alii
1308 4709 1669 4761 censuerunt,
1720 4698 1850 4752 belli
1875 4698 2004 4768 jure

430 4797 721 4857 utendum,
747 4809 851 4849 nec
879 4793 976 4848 ulli
1009 4794 1087 4849 rei
1120 4792 1617 4863 parcendum-Alii
1644 4799 2002 4854 monuerunt,

428 4888 476 4945 si
520 4886 696 4945 Judaei
743 4902 811 4942 eo
864 4900 1167 4941 conscenso
1218 4885 1515 4948 bellarent,
1564 4883 2000 4938 comburendum

428 4999 547 5040 esse
586 4999 602 5037 :
644 4995 824 5051 neque
862 4980 976 5053 jam
1029 4978 1315 5048 templum,
1344 4977 1437 5031 sed
1472 4975 1759 5032 castellum
1790 4975 2002 5030 baben-

428 5070 561 5132 dum
608 5095 619 5130 :
654 5078 737 5128 s'n
770 5072 978 5137 minus,
1009 5070 1450 5127 conservandum
1480 5083 1622 5123 esse.
1657 5067 1815 5123 Titus
1847 5083 2001 5133 vero,

427 5171 534 5224 etsi
565 5167 738 5223 Juda-i
771 5181 838 5220 eo
864 5176 1131 5236 occupato
1160 5172 1555 5233 repugnarent,
1587 5172 1773 5216 tamen
1797 5176 1856 5215 se
1880 5162 2003 5217 loco

426 5259 671 5311 virorum
702 5272 790 5311 res
817 5255 1152 5308 inanimatas
1188 5252 1436 5306 ulturum
1468 5265 1589 5305 esse
1624 5250 1863 5321 negavit,
1908 5260 2001 5305 aut

433 5357 641 5401 tantum
676 5362 819 5416 opus
840 5357 1237 5407 crcmaturum,
1282 5342 1441 5412 cujus
1470 5343 1703 5397 vastatio
1736 5342 2002 5397 Romanis

430 5440 652 5502 damno,
691 5439 1048 5493 conservatio
1099 5444 1423 5490 ornamento
1471 5434 1659 5490 futura
1719 5443 1886 5489 esset.
1925 5436 2005 5489 Ac

346 5576 365 5589 .
429 5527 586 5583 Titus
613 5530 667 5583 in
699 5531 882 5583 animo
914 5529 1131 5593 habuit,
1170 5526 1434 5598 postridie
1468 5541 1595 5583 cum
1629 5525 1887 5581 omnibus
1910 5540 2003 5580 co-

426 5621 532 5691 piis
564 5621 923 5690 impresslonc
950 5622 1091 5677 facta
1117 5620 1380 5689 templum
1402 5634 1699 5690 occupare.
1724 5617 1831 5674 Sed
1856 5618 2004 5673 Deus

421 5714 532 5784 jam
564 5713 695 5767 olim
718 5728 835 5777 6]“:
857 5713 1131 5767 excidium
1156 5713 1498 5769 decreverat.
1532 5715 1665 5770 Nam
1694 5730 1820 5770 cum
1844 5713 2003 5769 Titus

425 5821 491 5860 cx
546 5805 784 5861 Antonia
838 5805 1068 5859 vidisset
1121 5806 1310 5874 templi
1373 5807 1666 5864 exterioris
1717 5806 2001 5877 custodes,

2113 3780 2282 3848 φειδὼ
2308 3780 2446 3852 πρὸς
2477 3779 2684 3852 βλάϐης
2714 3782 3010 3852 γινομένην
3043 3785 3154 3847 τοῖς
3183 3786 3573 3856 στρατιώταις,
3596 3789 3699 3855 τὰς¹

2110 3873 2286 3936 πύλας
2320 3872 2593 3941 ύφάπτειν
2627 3873 2954 3941 προσέταξε.
2984 3875 3397 3947 Προσαχθέντος
3421 3877 3466 3931 δ’
3500 3880 3694 3946 αὑταῖς

2109 3967 2205 4020 τοῦ
2268 3964 2462 4036 πυρδς,
2531 3964 2841 4035 τηκόμενος
2898 3966 2926 4018 ὁ
2985 3965 3225 4036 ἄργυρος
3272 3960 3317 4037 ᾧ
3364 3969 3692 4036 ἐνεδέδεντο,

2110 4059 2421 4131 παρεχώρει
2464 4061 2531 4129 τῇ
2576 4058 2737 4125 φλογὶ
2778 4057 2888 4110 τῶν
2920 4056 3096 4124 ξύλων
3144 4061 3513 4133 ἐφάπτεσθαι,
3558 4066 3692 4119 κάν-

2110 4152 2303 4206 τεῦθεν
2334 4150 2750 4220 ἐπελαμϐάνετο
2783 4152 2891 4203 τῶν
2926 4153 3121 4206 στοῶν.
3150 4154 3276 4218 Τοῖς
3304 4155 3359 4208 δὲ
3410 4157 3690 4221 Ἰουδαίοις

2110 4245 2279 4314 ὁρῶσι
2317 4242 2378 4294 τὸ
2402 4241 2512 4315 πῦρ
2534 4244 2591 4295 ὲν
2627 4241 2836 4312 κῖκλῳ,
2877 4245 3015 4313 μετά
3048 4245 3155 4299 τῶν
3194 4247 3464 4315 σωμάτων
3496 4250 3706 4320 παρείτ

2113 4337 2287 4407 θησαν
2348 4336 2404 4386 αἱ
2463 4334 2653 4403 ψυχαί.
2698 4335 2943 4400 Ἐκεξνην
2970 4334 3072 4405 μὲν
3100 4336 3192 4389 οῦν
3224 4341 3323 4408 τὴν
3353 4341 3571 4411 ἡμέραν
3601 4344 3693 4394 καὶ

2112 4431 2211 4498 τὴν
2251 4426 2513 4481 ἐπιοῦσαν
2543 4427 2714 4481 νύκτα
2743 4428 2803 4480 τὸ
2854 4428 2965 4499 πῦρ
2995 4430 3313 4498 ἐπεκράτει,
3350 4431 3501 4501 παρὰ
3526 4433 3691 4502 μέρος

2112 4519 2192 4581 δέ,
2221 4520 2320 4590 οὐχ
2373 4518 2512 4585 ὁμοῦ
2543 4521 2806 4573 πάντοθεν
2840 4520 3070 4588 ἴσχυσαν
3110 4520 3322 4589 ὑφάψαι
3355 4524 3456 4585 τὰς
3506 4525 3689 4585 στοάς.

2113 4615 2192 4685 Τῇ
2235 4614 2279 4667 δ’
2312 4612 2564 4685 ἐπιούσῃ,
2612 4613 2768 4683 μέρει
2796 4615 2894 4683 τῆς
2922 4613 3208 4681 δυνάμεως
3252 4614 3280 4666 ὁ
3335 4614 3497 4678 Τῖτος
3534 4616 3692 4667 σϐεν-

2111 4703 2257 4755 νύειν
2291 4704 2351 4754 τὸ
2397 4702 2505 4773 πῦρ
2559 4701 2848 4768 κελεύσας,
2890 4702 2986 4754 καὶ
3026 4703 3180 4773 παρὰ
3228 4702 3327 4764 τὰς
3363 4702 3538 4767 πύλας
3577 4704 3688 4758 ὁδο-

2112 4799 2306 4861 ποιεῖν,
2354 4797 2434 4860 είς
2485 4795 2903 4867 εὐμαρεστέραν
2959 4795 3072 4849 τῶν
3132 4796 3434 4867 ταγμάτων
3472 4797 3687 4863 ἄνοδον,

2111 4888 2271 4951 αὐτὸς
2299 4886 2360 4951 ἐξ
2388 4889 2513 4950 τοὺς
2543 4887 3013 4955 κορυφαιοτάτους
3040 4888 3149 4939 τῶν
3189 4889 3482 4957 ἡγεμόνιον
3514 4906 3686 4960 προσ-

2112 4981 2504 5048 καλεσάμενος,
2542 4977 2675 5046 περὶ
2709 4978 2803 5029 τοῦ
2835 4978 2964 5031 ναοῦ
3018 4978 3361 5033 ἐϐουλεύετο.
3408 4978 3537 5041 Τοῖς
3589 4979 3688 5048 μὲν

2113 5072 2206 5128 οῦν
2253 5071 2451 5134 ἐδόκει,
2492 5072 2570 5140 τῷ
2603 5067 2700 5122 τοῦ
2750 5069 2994 5136 ⁸ιωλέμου
3037 5069 3339 5138 κεχρῆσθαι
3383 5068 3557 5139 νόμῳ,
3592 5068 3687 5123 καὶ

2117 5166 2190 5235 μή
2235 5181 2379 5228 τινος
2413 5162 2697 5232 φείδεσθαι
2774 5161 2917 5222 τινὲς
2949 5160 3005 5214 δὲ
3030 5161 3325 5232 παρῄνουν,
3356 5162 3403 5212 εἰ
3440 5161 3540 5229 μὲν
3586 5178 3687 5213 πο·

2110 5257 2327 5327 λεμοῖεν
2376 5254 2665 5318 ἐπιϐάντες
2718 5252 2886 5308 αὐτοῦ
2956 5252 3223 5316 Ἰουδαῖοι,
3273 5252 3683 5320 καταφλέγειν

2113 5349 2370 5420 φρούριιν
2404 5349 2514 5421 γὰρ
2572 5346 3113 5417 καταφλεγήσεσθαι,
3154 5346 3249 5398 καὶ
3281 5345 3465 5398 οὐκέτι
3514 5344 3645 5397 ναόν
3672 5361 3685 5375 ⁸

2112 5443 2161 5494 εί
2201 5442 2260 5494 δὲ
2317 5441 2393 5511 μὴ
2445 5440 2626 5500 τοῦτο,
2657 5438 2874 5502 σώζειν.
2921 5437 2978 5491 '0
3019 5437 3075 5491 δὲ
3109 5437 3265 5499 Τῖτος
3294 5436 3405 5488 οὐδ’
3446 5436 3513 5491 ἂν
3567 5439 3689 5491 ἐπι-

2112 5533 2307 5596 ϐάντες
2335 5531 2421 5586 ἐπ’
2456 5531 2620 5585 αὐτοῦ
2651 5529 2969 5599 πολεμῶσιν
3019 5528 3261 5581 Ἰουδαῖοι
3301 5526 3527 5596 ἔφησεν,
3568 5530 3688 5582 ἀντὶ

2108 5625 2219 5678 τῶν
2272 5623 2484 5695 ἀνδρῶν
2535 5624 2647 5687 τοῖς
2680 5620 2910 5690 ἀψύχοις
2945 5622 3174 5687 ἐπάγειν
3218 5619 3317 5687 τὴν
3350 5619 3589 5688 ἄμυναν,
3626 5621 3687 5671 οὐ

2108 5714 2166 5768 δὲ
2204 5715 2569 5784 καταφλέξειν
2615 5713 2938 5781 τηλικοῦτον
2994 5712 3176 5783 ἔργον·
3230 5709 3530 5781 Ῥωμαίοις
3581 5714 3687 5781 γὰρ

2109 5806 2331 5862 ἔσεσθαι
2386 5806 2526 5875 πρὸς
2574 5804 2780 5876 βλάϐην
2820 5802 3050 5875 φθαρὲν,
3086 5803 3275 5875 ὥσπερ
3329 5807 3425 5857 καὶ
3481 5805 3688 5860 κόσμον
