4002 6250
329 1263 339 1302 ι

371 431 482 497 52'!

1681 411 2004 475 JOANNIS
2045 407 2369 470 ZON’ARAi
3529 401 3629 463 598

376 549 845 609 conscendi-rimi,
883 543 997 598 duo
1029 538 1273 610 insignes
1305 536 1358 592 iu
1405 536 1586 607 ignem
1620 533 1955 597 iusilieruut,
1984 582 1987 588 ε

2101 547 2210 592 ινες
2246 529 2340 581 ἐπὶ
2380 525 2473 580 τὸν
2513 527 2693 596 τοῖχον
2718 522 3202 594 ἀναχωρήσαντες,
3230 518 3358 571 ὄντα
3389 517 3451 570 τὸ
3478 516 3631 588 sum;

380 656 436 700 ct
493 661 596 699 una
635 657 758 697 eum
803 637 1004 706 templo
1053 631 1483 702 conﬂagrarunt.
1521 628 1662 683 Tum
1715 625 1949 682 Romani

382 738 584 793 vicinis
627 732 878 788 aedificiis
922 729 1133 782 frustra
1187 723 1334 794 parci
1381 721 1778 783 existimantes,
1836 718 1954 787 ipso

382 829 588 900 templo
612 824 860 884 ardente,
893 817 1153 873 omnibus
1179 815 1342 886 302
1374 813 1553 884 ignem
1597 809 1909 880 iujecerunt
1938 824 1952 860 :

381 920 477 992 qui
500 897 678 973 etiam
729 907 1122 983 gampbylacia
1168 900 1611 973 comprehendit.
1664 900 1717 952 in
1756 897 1958 967 quibus

385 988 602 1068 infinita
649 1004 899 1076 pecuniae
930 996 1230 1054 multitudo
1270 995 1511 1064 reposita
1567 991 1690 1054 fuit,
1733 988 1959 1044 infinitae

383 1102 641 1176 pretioso:
665 1107 865 1162 vestes,
895 1103 950 1149 et
981 1093 1088 1148 alia
1115 1097 1464 1146 ornamenta.
1489 1086 1566 1140 lbi
1599 1085 1744 1140 enim
1778 1082 1962 1138 omnis

329 1177 338 1278 ξ
382 1196 701 1253 Judteorum
732 1186 1013 1278 epulentia
1045 1185 1099 1240 in
1130 1199 1298 1238 unum
1325 1179 1494 1236 \‘Cillti
1519 1177 1802 1234 cumulum
1827 1189 1962 1229 eon-

295 1319 298 1326 -
329 1269 339 1302 !
385 1299 537 1362 gesta
563 1269 999 1352 erat,:tauquam
1047 1279 1102 1334 in
1141 1286 1320 1332 tutum
1364 1273 1644 1328 aerarium.
1681 1269 1758 1324 lbi
1793 1278 1961 1322 etiam

332 1395 341 1404 -
388 1359 607 1436 infinita
659 1373 956 1431 multiludo
1013 1369 1189 1440 plebis
1221 1367 1410 1437 periit,
1465 1359 1964 1436 pseudoprophetae

391 1472 620 1528 seducta
656 1463 1042 1526 concionibus,
1076 1459 1170 1530 qui
1207 1455 1552 1528 prasdii-arat,
1570 1454 1763 1525 jubere
1790 1451 1964 1505 Deum

391 1581 490 1630 eos
523 1566 580 1630 in
613 1559 879 1629 templum
912 1551 1236 1615 ascendere,
1270 1549 1425 1618 signa
1473 1544 1666 1601 salutis
1712 1549 1967 1608 acceptu-

395 1674 508 1714 ros.
557 1651 1012 1710 Suboruabantur
1040 1653 1224 1699 autem
1278 1639 1434 1695 multi
1477 1638 1612 1692 tales
1636 1652 1666 1690 a
1695 1631 1966 1706 tyrannis,

398 1766 456 1806 ut
483 1745 720 1819 pepulus
748 1740 934 1795 minus
961 1734 1366 1804 transfugeret:
1397 1745 1497 1801 per
1517 1741 1656 1798 quos
1679 1724 1968 1792 deceptus,

2056 621 2406 691 ὀκτάπηχυν,
2466 619 2683 689 ἔμενον.
2729 616 2850 669 Δύω
2903 632 2968 684 γε
3032 615 3143 683 μὴν
3198 613 3306 665 τῶν
3343 613 3634 681 ἐπισήμων

2061 713 2317 784 ῥίψαντες
2351 710 2578 770 ἑαυτοὺς
2616 710 2694 772 είς
2737 707 2799 760 τδ
2833 707 2966 777 πῦρ,
3004 703 3526 773 συγκατεφλέγησαν
3558 705 3636 772 τῷ

2058 803 2192 875 ναῷ.
2234 803 2498 871 Ῥωμαῖοι
2540 801 2598 854 δὲ
2657 799 2896 871 ματαίαν
2925 799 3023 869 τὴν
3055 798 3150 850 ἐπὶ
3181 800 3294 858 τοῖς
3329 798 3487 868 πέριξ
3539 797 3637 850 τοῦ

2059 897 2190 952 ναοῦ
2223 893 2392 964 φειδὼ
2425 893 2736 964 κρίναντες,
2780 891 2883 962 ήδη
2933 888 3101 944 αὐτοῦ
3135 887 3498 958 φλεγομένου,
3533 892 3641 942 πᾶ-

2063 1008 2148 1044 σιν
2193 991 2402 1058 ἐπῆγον
2451 987 2513 1041 τὸ
2571 986 2683 1053 πῦρ
2708 1001 2722 1015 ·
2764 984 2825 1038 τὸ
2873 983 2930 1036 δὲ
2964 983 3196 1037 καὶτῶν
3225 981 3641 1051 γαζοφυλακίων

2061 1082 2516 1152 ἐπιλαμϐάνεται,
2552 1080 2611 1131 ἐν
2645 1075 2726 1142 οἷς
2756 1077 2987 1146 ἄπειρον
3017 1074 3118 1144 μὲν
3148 1075 3209 1128 τὸ
3252 1073 3456 1143 πλῆθος
3483 1074 3647 1144 τεθη-

2065 1175 2328 1246 σαύριστο
2353 1171 2679 1244 χρημάτων,
2709 1170 2929 1239 ἄπειροι
2955 1167 2998 1220 δ’
3037 1166 3267 1236 ἐσθῆτες
3307 1165 3646 1229 πολυτελεῖς,

2065 1269 2160 1322 καὶ
2187 1267 2323 1321 ἄλλα
2351 1264 2633 1334 κειμήλια.
2674 1262 2860 1328 Ἅπας
2888 1260 2998 1330 γὰρ
3033 1260 3060 1314 ὁ
3103 1259 3379 1314 Ἰουδαίων
3416 1257 3649 1318 πλοῦτος

2067 1358 2407 1430 πανταχόθεν
2438 1358 2556 1410 ἐκεῖ
2589 1353 2952 1421 σεσώρευται,
2981 1351 3090 1404 τῶν
3118 1351 3478 1420 κεκτημένων
3515 1349 3651 1402 ἀπο-

2065 1451 2366 1522 τιθεμένων
2399 1448 2576 1504 ταῦτα
2605 1449 2676 1511 ὡς
2711 1446 2795 1499 ἐπ’
2831 1443 3116 1513 ἀσφαλοῦς
3146 1443 3424 1512 ταμιείου.
3455 1443 3654 1494 Ἀπει-

2072 1564 2163 1616 ρον
2199 1545 2255 1598 δέ
2295 1560 2346 1596 τι
2396 1540 2602 1608 πλῆθος
2650 1537 2921 1609 διεφθάρη
2973 1536 3294 1607 δημοτικὸν,
3346 1531 3428 1598 οἷς
3476 1535 3653 1597 αἴτιος

2070 1637 2347 1699 ἀπωλείας
2375 1632 2598 1704 ἐγένετό
2626 1649 2709 1694 τις
2743 1630 3218 1700 ψευδοπροφήτης,
3249 1629 3494 1700 κηρύξας
3540 1629 3654 1689 τοῖς

2071 1733 2130 1784 ἐν
2160 1733 2227 1800 τῇ
2265 1730 2438 1792 πόλει,
2475 1725 2551 1790 ὡς
2594 1727 2624 1777 ὁ
2656 1724 2790 1788 Θεὸς
2842 1723 2940 1777 ἐπὶ
2961 1725 3024 1776 τὸ
3074 1722 3219 1792 ἱερὸν
3253 1720 3525 1790 ἀναϐῆναι
3562 1737 3656 1771 κει

394 1813 747 1899 eviileittibus
788 1829 1059 1904 portentis
1102 1835 1363 1896 tanquam
1400 1819 1674 1876 attonitus
1710 1832 1820 1871 non
1852 1830 1968 1870 mo-

2091 1825 2246 1888 ιεύει,
2281 1821 2603 1890 δεξομένους
2647 1817 2715 1871 τὰ
2765 1819 2970 1887 σημεῖα
3000 1816 3098 1884 τῆς
3132 1814 3428 1885 σωτηρίας.
3460 1813 3658 1866 Πολλοὶ

395 1935 650 1995 vebatur,
707 1886 944 1998 quorum
1002 1918 1178 1973 multa
1225 1914 1571 1971 acciderunt.
1613 1911 1750 1965 Nam
1805 1921 1970 1976 supra

2091 1917 2132 1970 ἱὲ
2178 1913 2412 1969 τοιοῦτοι
2459 1911 2615 1980 παρὰ
2668 1909 2774 1962 τῶν
2809 1909 3094 1978 τυράννων
3127 1906 3304 1960 ταῦτα
3334 1905 3519 1974 λέγειν
3556 1922 3660 1958 κι-

395 2028 593 2084 urbem
624 2030 835 2077 astrum
888 2014 1044 2071 stetit
1089 2009 1271 2082 gladio
1331 2006 1512 2064 simile
1542 2048 1556 2070 ,
1605 2011 1820 2057 cometa
1875 2013 1973 2070 per

397 2134 606 2176 annum
646 2110 927 2184 apparuit,
970 2114 1026 2162 et
1078 2101 1376 2172 aliquando
1437 2097 1532 2152 lux
1585 2103 1714 2149 ante
1769 2089 1975 2145 bellum

396 2225 566 2270 noctu
601 2181 752 2263 aram
792 2216 898 2259 lani
941 2201 1087 2255 clara
1148 2211 1246 2266 per
1310 2189 1596 2245 dimidiam
1648 2186 1840 2239 horam
1869 2181 1976 2235 cir-

401 2297 710 2358 cumfulsit,
755 2303 813 2347 ul
847 2291 965 2345 dies
1013 2300 1138 2342 esse
1177 2283 1484 2338 videretur.
1522 2278 1630 2332 Bos
1680 2275 1745 2330 ad
1799 2271 1976 2328 sacri-

403 2397 589 2451 ficium
626 2387 886 2447 adducta,
937 2393 1137 2452 agnum
1194 2373 1426 2446 peperit.
1477 2370 1637 2426 Porta
1690 2364 1978 2422 orientalis

403 2503 570 2550 aerea,
607 2484 791 2550 itaque
848 2475 1095 2536 robusta,
1130 2477 1248 2526 uta
1289 2466 1425 2521 viris
1473 2463 1663 2534 viginti
1711 2462 1796 2514 vix
1827 2459 1981 2514 clau-

404 2583 630 2635 deretur
681 2582 848 2642 atque
879 2565 1210 2636 aperiretur,
1244 2576 1366 2616 cum
1416 2571 1601 2614 vectes
1633 2564 1688 2610 et
1731 2553 1982 2624 pessulos

398 2665 871 2743 profundissimos
920 2659 1173 2718 babcrct,
1204 2665 1370 2710 noctu
1421 2654 1565 2705 ultro
1610 2649 1826 2718 patuit:
1859 2659 1981 2716 quae

395 2739 763 2820 securitatem
807 2749 999 2821 templi
1046 2747 1321 2804 sublatam
1373 2759 1496 2800 esse
1549 2739 1885 2804 declarabat,
1925 2744 1984 2791 et

404 2853 626 2912 facilem
660 2848 715 2904 in
743 2845 797 2902 id
833 2842 1079 2898 hostium
1112 2841 1445 2909 ingressum.
1480 2833 1602 2888 Alio
1629 2845 1878 2900 tempore
1903 2827 1986 2882 vi-

403 2961 531 3005 sum
571 2951 658 2999 est
702 2947 831 2994 ante
879 2946 1139 2990 occasum
1189 2929 1324 2985 solis
1378 2937 1658 2998 spectrum
1711 2920 1984 2981 mirabile.

407 3053 611 3097 currus
642 3035 698 3090 in
749 3028 972 3088 sublimi
1019 3039 1239 3082 omnem
1276 3023 1554 3092 regionem
1606 3026 1984 3090 peragrantes,

409 3128 792 3200 etpbalangos
841 3129 1062 3176 armate
1085 3117 1199 3172 huc
1235 3123 1403 3183 atque
1452 3109 1584 3165 illuc
1641 3109 1696 3162 in
1746 3105 1989 3200 nubibus

405 3193 796 3277 sal-tantesaln
826 3211 968 3266 festo
999 3209 1360 3264 Pcntecostes
1399 3201 1722 3256 sacerdotes
1751 3193 1991 3250 interius

413 3310 646 3382 ingressi
705 3304 994 3374 templum,
1037 3309 1251 3355 motum
1292 3305 1351 3354 ct
1385 3294 1628 3352 sonitum
1668 3299 1990 3347 senserunt.

414 3401 626 3494 Deinde
679 3409 874 3494 voce‘n
914 3391 1284 3494 audiverunt,
1341 3386 1666 3494 dicentem:
1710 3381 1991 3494 Mig‘remus

417 3497 557 3559 hinc.
587 3475 968 3558 Quadric'unio
998 3491 1126 3538 ante
1156 3479 1363 3537 bellum
1395 3477 1450 3532 in
1481 3475 1994 3532 Tabernaculorum

417 3591 560 3646 festo
589 3585 749 3641 Jesus
776 3580 1002 3653 quidam
1039 3577 1208 3632 homo
1239 3571 1503 3636 rusticus,
1537 3569 1604 3624 ad
1637 3567 1994 3623 festivitatem

419 3678 725 3754 profectus,
753 3668 1083 3730 exclamavit
1107 3686 1124 3726 :
1162 3665 1268 3722 Vox
1293 3665 1356 3719 ab
1384 3665 1607 3727 oriente,
1639 3677 1738 3716 vox
1763 3660 1827 3714 ab
1857 3659 2000 3712 occi-

419 3781 599 3843 dente,
624 3789 724 3830 vox
766 3789 798 3826 a
833 3778 1064 3840 quatuor
1091 3764 1280 3827 uentis,
1311 3777 1410 3816 vos:
1449 3775 1608 3830 super
1631 3755 1998 3826 Hierosolyma

420 3879 471 3924 et
503 3864 777 3937 templum,
810 3875 909 3916 vos:
935 3873 1096 3928 super
1124 3871 1339 3926 sponsos
1362 3861 1412 3906 et
1445 3867 1687 3922 sponsas,
1714 3865 1814 3903 v01:
1841 3862 2000 3918 super

419 3973 627 4014 onmem
679 3951 951 4026 populum.
987 3947 1114 4004 llzec
1142 3945 1470 4011 vociferans,
1516 3950 1676 3998 noctu
1723 3950 1887 4010 atque
1915 3940 2002 3992 in-

426 4050 607 4106 terdiu
658 4045 930 4103 circuibat
983 4042 1176 4097 urbem
1211 4057 1227 4096 :
1283 4047 1341 4094 et
1385 4050 1702 4108 quanquam
1731 4036 1801 4088 ob
1835 4047 2000 4088 voces

423 4143 554 4200 mali
585 4139 788 4197 ominis
814 4136 1225 4197 verberaretur,
1254 4141 1436 4186 tamen
1461 4128 1711 4184 eamdem
1735 4138 2002 4197 perpetuo

425 4232 760 4288 cantilenam
793 4227 1048 4284 canebat.
1080 4222 1365 4278 Adductus
1413 4218 1480 4273 ad
1527 4218 1836 4272 Romanum
1873 4231 2001 4284 pro-

421 4325 622 4380 vincia:
651 4321 961 4393 praesidem,
989 4327 1043 4374 et
1072 4316 1256 4385 ﬂagris
1288 4328 1486 4374 caesus.
1519 4326 1699 4380 neque
1729 4308 2004 4378 supplica-

424 4417 527 4481 zvit,
553 4429 733 4484 neque
763 4408 1123 4481 lacrymavit:
1160 4406 1255 4461 sed
1287 4419 1418 4460 voce
1449 4402 1754 4470 lugubriter
1784 4396 2002 4462 inﬂexa,

414 4507 494 4562 :ad
532 4505 774 4574 singulas
806 4501 1026 4571 plagas:
1057 4496 1174 4563 Vw,
1205 4497 1312 4563 Vae,
1351 4494 1728 4564 Hierosolymis
1752 4533 1766 4558 ,
1803 4491 2005 4546 clama-

2079 2009 2276 2074 θίεντο,
2319 2007 2387 2060 ἵν’
2436 1999 2603 2077 ἦττον
2651 2001 3006 2071 αὐτομολοῖεν
3033 2019 3048 2033 ο
3109 2002 3180 2054 δι’
3211 1995 3286 2056 ὧν
3338 2001 3368 2054 ό
3421 2000 3661 2062 δείλαιος

2077 2102 2232 2172 δχλος
2281 2095 2892 2168 παραϐουκολούμενος,
2936 2096 3051 2159 τοῖς
3109 2095 3369 2163 ἐναργέσι
3406 2094 3662 2163 σημείοις

2078 2193 2152 2256 ὼς
2203 2191 2568 2262 ἐμϐρόντητοι
2608 2190 2711 2242 οὐκ
2759 2189 3069 2241 ἐπίστευον.
3124 2186 3301 2241 Πολλὰ
3349 2187 3408 2239 δὲ
3455 2188 3664 2254 σημεῖα

2080 2281 2371 2352 γεγόνασιν
2397 2295 2411 2310 ο
2454 2280 2586 2349 ἔστη
2620 2277 2720 2347 μὲν
2762 2277 2904 2347 ὑπὲρ
2935 2277 3034 2347 τὴν
3071 2277 3224 2330 πόλιν
3254 2275 3476 2345 ἄστρον,
3527 2277 3666 2346 ῥομ-

2083 2376 2221 2445 φαίᾳ
2274 2373 2682 2443 παραπλήσιον,
2733 2373 2828 2424 καὶ
2857 2371 3106 2440 κομήτης
3149 2372 3341 2436 φανεὶς
3371 2364 3664 2438 παρετάθη

2086 2467 2172 2522 ἐπ’
2194 2465 2460 2520 ἐνιαυτόν.
2521 2463 2630 2515 Καὶ
2663 2461 2780 2531 φῶς
2833 2462 2939 2531 πρὸ
2979 2459 3072 2514 τοῦ
3109 2460 3353 2528 πολέμου
3391 2459 3524 2513 ποτέ
3574 2458 3669 2511 τὸν

2083 2561 2212 2614 ναὸν
2245 2559 2338 2612 καὶ
2375 2557 2466 2611 τὸν
2498 2555 2681 2626 βωμὸν
2716 2552 3118 2624 περιέλαμψεν,
3135 2552 3211 2616 ὡς
3237 2553 3417 2606 δοκεῖν
3449 2551 3671 2622 ἡμέραν

2085 2650 2230 2708 εἶναι
2285 2648 2572 2720 λαμπρὰν,
2629 2648 2978 2716 παραμεῖναν
3037 2647 3132 2700 ἐπὶ
3191 2646 3451 2716 ήμίσειαν
3489 2643 3666 2714 ὥραν.

2087 2747 2198 2802 Καὶ
2227 2743 2355 2816 βοῦς
2384 2745 2466 2806 εἰς
2497 2741 2695 2795 θυσίαν
2725 2740 3051 2810 ἀναχθεῖσα,
3086 2739 3272 2792 ἔτεκεν
3299 2739 3463 2809 ἄρνα.
3510 2737 3581 2791 Ἦ
3612 2738 3670 2791 εδ

2087 2835 2382 2906 ἀνατολικὴ
2403 2833 2547 2906 πύλη
2577 2832 2672 2887 τοῦ
2694 2832 2980 2902 ἐνδοτέρου
3007 2833 3166 2895 ναοῦ,
3194 2831 3377 2902 χαλκῆ
3405 2831 3546 2886 οὖσα
3577 2833 3674 2886 καὶ

2092 2927 2347 2998 στιϐαρὰ,
2381 2925 2456 2988 ὡς
2483 2923 2640 2995 μόλις
2688 2922 2794 2975 ὐπὸ
2827 2921 3038 2992 ἀνδρῶν
3061 2922 3272 2975 εἴκοσιν
3313 2920 3673 2996 ᾁνοίγνυσθαί

2089 3032 2152 3070 τε
2177 3017 2275 3070 καὶ
2295 3013 2596 3078 κλείεσθαι,
2617 3013 2714 3067 καὶ
2738 3011 2970 3083 μοχλοὺς
2993 3013 3089 3066 καὶ
3113 3012 3440 3081 καταπῆγας
3466 3010 3674 3082 ἔχουσα

2093 3108 2454 3181 βαθυτάτους,
2491 3105 2650 3178 ὤφθη
2691 3104 2911 3173 νύκτωρ
2957 3104 3284 3175 αὐτομάτως
3321 3106 3674 3176 ἠνεῳγμένη,

2106 3203 2327 3274 Ἐδήλου
2372 3201 2452 3267 δέ,
2498 3199 2768 3270 λυομένην
2791 3197 2891 3269 τὴν
2930 3196 3026 3252 τοῦ
3057 3197 3187 3252 ναοῦ
3217 3199 3551 3268 ἀσφάλειαν,
3584 3199 3676 3251 καὶ

2093 3297 2208 3359 τοῖς
2261 3291 2547 3363 πολεμίοις
2599 3289 2871 3361 ἐσομένην
2895 3287 2998 3356 τὴν
3031 3288 3238 3343 εἴσοδον
3286 3288 3550 3359 εὐμαρῆ-
3584 3290 3681 3340 καὶ

2094 3388 2292 3459 φάσμα
2325 3403 2379 3439 τι
2424 3383 2707 3454 δαιμόνιον
2756 3380 2947 3436 ἄλλοτε
2993 3377 3152 3452 ὤφθη
3204 3380 3314 3450 πρὸ
3372 3379 3530 3451 ήλίου
3591 3381 3680 3432 δυ-

2097 3487 2274 3556 σμῶν,
2306 3483 2535 3554 ἅρματα
2584 3481 2728 3536 κατὰ
2777 3482 2960 3534 πᾶσαν
2985 3477 3084 3550 τὴν
3112 3474 3302 3546 χώραν
3333 3472 3546 3526 διιόντα
3584 3489 3681 3541 με-

2103 3577 2308 3647 τέωρα,
2325 3575 2421 3628 καὶ
2443 3574 2723 3643 φάλαγγες
2751 3569 2968 3624 ἔνοπλοι
2995 3569 3310 3639 διᾴττουσαι
3336 3563 3446 3617 τῶν
3477 3579 3581 3630 νεφ
3605 3565 3682 3614 iw.

2097 3667 2256 3721 Κατά
2290 3667 2348 3720 δὲ
2375 3667 2474 3736 τὴν
2504 3665 2603 3734 τῆς
2639 3665 3028 3735 Πεντηκοστῆς
3070 3661 3267 3732 ἑορτὴν
3301 3661 3383 3722 εἰς
3430 3657 3496 3711 τὸ
3532 3656 3682 3710 ἔνδον

2101 3760 2248 3830 ἱερὸν
2279 3760 2330 3812 oi.
2363 3759 2527 3829 ίερεῖς
2560 3757 2950 3828 παρελθόντες,
2981 3757 3255 3825 κινήσεως
3293 3751 3550 3823 ᾔσθοντο,
3587 3749 3681 3802 καὶ

2099 3851 2312 3908 κτύπου
2345 3866 2359 3881 ·
2409 3843 2531 3904 εἶτα
2570 3848 2756 3918 φωνῆς
2793 3847 3035 3917 ἤκουσαν
3062 3845 3354 3913 λεγούσης,
3385 3842 3686 3896 Memmii-

2099 3960 2299 4013 νωμσν
2341 3941 2647 3996 ἐντεῦθεν.
2683 3939 2800 4011 Πρὸ
2851 3939 2909 3993 δέ
2956 3937 3250 4009 τεσσάρων
3284 3933 3556 3989 ἐνιαυτῶν
3593 3933 3688 3986 τοῦ

2104 4035 2367 4105 πολέμου,
2397 4034 2456 4087 ἐν
2495 4035 2561 4105 τῇ
2594 4032 2694 4104 τῆς
2738 4030 3128 4102 Σκηνοπηγίας
3153 4030 3317 4101 ἑορτῇ
3360 4027 3570 4096 Ἰησοῦς
3605 4041 3687 4086 τις

2104 4128 2366 4199 ἀγροῖκος
2396 4125 2539 4196 ἀνὴρ
2570 4123 2744 4177 ἐλθὼν
2775 4124 2857 4186 είς
2885 4123 2985 4193 τὴν
3011 4123 3230 4191 ἐορτὴν,
3273 4119 3404 4190 βοᾷν
3436 4118 3684 4189 ἤρξατο·

2104 4221 2278 4287 Φωνὴ
2315 4219 2433 4274 ἀπὸ
2481 4215 2811 4285 ἀνατολῆς,
2849 4215 3020 4284 φωνὴ
3060 4213 3180 4269 ἀπὸ
3223 4212 3482 4276 δύσεως,
3515 4208 3689 4278 φωνὴ

2091 4312 2222 4368 ,ἀπὸ
2266 4309 2387 4365 τῶν
2429 4308 2746 4376 τεσσάρων
2781 4305 3042 4376 ἀνέμων,
3069 4307 3240 4374 φωνὴ
3291 4301 3392 4357 ἐπὶ
3425 4300 3692 4369 Ἰερευό-

2106 4404 2270 4470 λυμα
2318 4398 2416 4452 καί
2467 4397 2577 4452 τὸν
2635 4396 2810 4456 ναὸν.
2863 4394 3034 4464 φωνὴ
3087 4391 3189 4446 ἐπὶ
3236 4390 3538 4459 νυμφίους
3595 4388 3690 4439 καί

2105 4496 2366 4564 νύμφας,
2397 4493 2567 4561 φωνὴ
2599 4489 2698 4544 ἐπὶ
2724 4489 2924 4543 πάντα
2955 4490 3062 4542 τὸν
3090 4487 3267 4541 λαόν.
3302 4486 3413 4540 Καὶ
3467 4483 3695 4554 περιῄει

424 4598 528 4662 vit,
570 4597 744 4651 donec
774 4593 1005 4647 Albinus
1030 4590 1100 4660 (is
1118 4588 1277 4644 enim
1311 4597 1424 4641 tum
1459 4585 1660 4641 Judaea:
1679 4592 1987 4655 procuratm

2108 4587 2207 4658 τὴν
2242 4587 2421 4648 πόλιν,
2452 4584 2624 4637 ταῦτα
2661 4582 2952 4652 κεκραγὼς
2996 4579 3117 4650 μεθ’
3153 4579 3369 4650 ἡμέραν
3447 4577 3545 4629 καὶ
3607 4574 3699 4626 vu-

427 4687 572 4754 erat)
605 4685 884 4740 hominem
917 4682 1176 4742 absolvit,
1216 4679 1459 4736 insanire
1491 4689 1664 4734 ratus.
1713 4675 1874 4747 303
1916 4674 2012 4731 Ille

427 4795 564 4838 vero
589 4779 659 4834 ab
683 4793 750 4834 eo
779 4786 1024 4844 tempore
1070 4788 1242 4843 usque
1260 4772 1332 4827 ad
1363 4771 1598 4826 bellum:
1627 4767 1737 4834 Vw,
1765 4769 1874 4835 γω,
1893 4768 2016 4824 Hie-

430 4871 732 4943 rosolymis,
765 4867 1170 4922 lamentabatur
1203 4881 1217 4918 :
1251 4864 1347 4920 sed
1380 4864 1434 4918 in
1456 4862 1849 4918 festivitatibus
1880 4876 2020 4932 prat-

431 4968 595 5038 cipue
620 4964 777 5018 triste
800 4961 936 5016 illud
961 4959 1249 5031 augurium
1278 4956 1674 5029 proclamabat,
1703 4956 1866 5025 idque
1888 4953 2021 5009 fecit

433 5073 610 5112 annos
655 5063 866 5126 septem
888 5092 902 5114 .
936 5070 993 5107 et
1032 5052 1276 5122 quinque
1309 5064 1526 5105 menses
1559 5065 1573 5102 :
1617 5047 1792 5102 donec
1823 5047 1878 5101 in
1918 5046 2017 5101 ob-

432 5148 648 5205 sidione
682 5147 738 5202 in
771 5143 1046 5200 moenibus
1076 5141 1460 5205 obambulans,
1507 5155 1700 5195 rursus
1745 5157 1760 5196 :
1806 5138 1913 5201 Vw,
1941 5153 2018 5193 ua:

433 5240 553 5295 urbi
585 5246 635 5294 et
663 5235 860 5307 templo
889 5245 936 5289 et
966 5233 1178 5306 papula,
1212 5242 1474 5302 contenta
1495 5246 1630 5286 voce
1651 5230 1928 5286 clamavit.
1952 5229 2019 5282 Et

436 5341 500 5387 ut
526 5339 805 5402 postremo
834 5329 1057 5400 adjecit,
1104 5326 1190 5382 Va:
1221 5327 1380 5380 etiam
1409 5326 1558 5389 mihi,
1587 5323 1765 5393 lapide
1787 5338 1855 5377 ex
1887 5319 2019 5374 bali‘

435 5434 521 5479 sta
563 5440 798 5479 excusso
829 5425 973 5478 ictus
999 5419 1284 5476 occubuit.

2111 4697 2266 4750 κτωρ
2291 4697 2304 4710 ·
2347 4678 2646 4746 παιόμενος
2683 4675 2740 4729 δὲ
2765 4676 2854 4727 διὰ
2896 4675 2955 4726 τὸ
2981 4671 3327 4740 κακόφημον,
3357 4668 3388 4722 ό
3432 4667 3490 4721 δέ
3541 4667 3697 4720 οὐδὲν

2112 4773 2300 4843 ἕτερον
2361 4771 2394 4842 ἢ
2447 4772 2546 4832 τὰς
2592 4769 2764 4831 αὐτας
2803 4767 2935 4820 ἐϐόα
2961 4767 3168 4833 φωνάς.
3211 4759 3494 4830 Ἀναχθεὶς
3515 4758 3572 4811 δέ
3604 4759 3701 4810 καὶ

2114 4869 2254 4936 πρὸς
2278 4863 2371 4916 τὸν
2401 4861 2501 4931 τῆς
2527 4862 2715 4931 χώρας
2749 4857 3189 4927 ἐπιτροπεύοντα
3224 4853 3352 4906 τότε
3395 4851 3698 4920 Ῥωμαῖον,

2117 4959 2213 5009 καὶ
2250 4951 2613 5019 καταξανθεὶς
2649 4949 2927 5019 μάστιξιν,
2965 4946 3084 4999 οὐθ’
3115 4945 3378 5005 ἱκέτευεν,
3414 4939 3527 4994 οὔτ’
3571 4940 3700 4991 tas.

2119 5062 2348 5119 κρυσεν,
2389 5044 2526 5098 ἀλλὰ
2567 5043 2666 5111 τὴν
2713 5040 2898 5109 φωνὴν
2954 5036 3354 5108 ὀλοφυρτικῶς,
3416 5033 3701 5102 παρακλί-

2121 5155 2250 5202 νων,
2283 5136 2420 5207 πρὸς
2459 5135 2698 5204 ἑκάστην
2727 5133 2961 5202 πληγὴν,
2993 5129 3084 5190 Αἳ,
3115 5128 3197 5192 αἳ,
3237 5125 3702 5194 Ἰεροσολύμοις,

2121 5230 2289 5285 ἐϐόα·
2349 5229 2512 5298 μέχρι
2559 5227 2865 5294 καταγνοὺς
2925 5222 3128 5294 μανίαν
3179 5219 3347 5274 αὐτοῦ
3383 5219 3411 5271 ὁ
3453 5216 3704 5276 ’Δλδῖνος

2122 5316 2300 5391 (οὗτος
2339 5321 2449 5391 γὰρ
2498 5318 2835 5387 ἐπετρόπευε
2893 5315 3039 5383 τότε)
3092 5311 3363 5367 ἀπέλυσεν
3409 5308 3598 5362 αὐτόν.
3643 5307 3704 5358 '0

2121 5413 2166 5466 δ’
2200 5413 2390 5466 ἔκτοτε
2451 5410 2615 5480 μέχρι
2651 5408 2747 5461 τοῦ
2785 5407 3051 5475 πολέμου,
3079 5402 3166 5467 A2,
3208 5400 3294 5467 αῖ,
3362 5399 3706 5467 Ἰεροσολύ-

438 5535 598 5589 μοις,
639 5518 770 5571 ἐὸόα
805 5520 900 5572 καὶ
939 5517 1182 5589 ἐθρήνει.
1232 5517 1320 5569 Ἐν
1348 5515 1405 5568 δὲ
1466 5515 1587 5577 ταῖς
1636 5515 1854 5584 ἑορταῖς
1921 5511 2161 5582 μάλιστα
2207 5509 2308 5578 τὴν
2354 5506 2690 5579 σκυθρωπὴν
2733 5503 3028 5574 ἐκεκράγει
3096 5500 3356 5572 κλῃδόνα,
3392 5497 3488 5551 καὶ
3553 5495 3704 5548 τοῦτ’

438 5611 620 5669 ἐποίει
667 5613 763 5667 ἐπὶ
799 5613 894 5682 ἐτη
944 5613 1087 5667 ἑπτὰ
1135 5612 1232 5666 καὶ
1274 5611 1451 5679 μῆνας
1496 5613 1684 5673 πέντε,
1727 5609 1921 5678 μέχρις
1952 5602 2012 5662 οὐ
2053 5611 2197 5662 κατὰ
2237 5610 2336 5678 τὴν
2400 5605 2721 5674 πολιορκίαν
2765 5601 2992 5672 περιιὼν
3036 5600 3131 5652 ἐπὶ
3203 5598 3300 5650 τοῦ
3342 5594 3571 5664 τείχους,
3607 5590 3703 5663 Αἳ,

439 5703 503 5758 αἳ
523 5701 709 5757 πάλιν
737 5701 811 5771 τῇ
843 5704 1038 5769 πόλει,
1063 5704 1164 5758 καί
1185 5701 1266 5768 τῷ
1298 5700 1444 5766 ναῷ,
1475 5701 1572 5756 καὶ
1605 5697 1686 5764 τῷ
1743 5697 1895 5764 λαῷ,
1952 5698 2290 5769 διαπρυσίως
2346 5697 2499 5751 ἐϐόα.
2572 5695 2659 5758 Ὠς
2730 5693 2788 5748 δὲ
2842 5693 3156 5744 τελευταῖον
3197 5689 3561 5758 προσέθηκεν,
3600 5684 3699 5747 Αἰ,

437 5799 502 5855 αῖ
548 5799 746 5868 κάμοί,
779 5798 928 5860 λίθος
958 5802 1022 5852 ἐκ
1058 5801 1152 5852 τοῦ
1211 5798 1543 5868 πετροϐόλου
1593 5796 1800 5865 πλήξας
1849 5795 2014 5848 αὐτὸν
2055 5795 2288 5851 ἔκτεινε.

517 5894 681 5949 XXV.
725 5895 983 5960 Romani,
1018 5909 1144 5949 eum
1170 5893 1452 5948 seditiosis
1471 5893 1524 5948 in
1549 5892 1740 5947 urbem
1760 5891 2011 5952 compul—

2193 5887 2322 5943 κε’.
2371 5889 2636 5948 Ῥωμαῖοι
2683 5885 2739 5940 δὲ
2791 5887 2898 5938 τῶν
2946 5883 3045 5938 μὲν
3082 5879 3424 5934 στασιαστῶν
3457 5892 3734 5952 καταπεχ
