4002 6250
375 338 480 401 529

1670 343 2074 404 ANNMJUM
2121 344 2266 407 LlB.
2299 346 2399 406 VI.

3522 349 3631 410 530

374 451 653 518 φευγότων
705 451 782 513 είς
841 451 938 521 τὴν
992 451 1169 517 πόλιν,
1226 452 1520 522 καιομένου
1568 450 1623 505 δὲ
1670 452 1765 506 τοῦ
1809 452 1938 506 ναοῦ

2045 451 2136 516 sis,
2172 455 2456 524 templum,
2495 464 2550 510 et
2582 471 2701 526 quae
2736 453 2940 510 circum
2974 455 3234 525 templum
3259 467 3437 522 erant,
3471 457 3623 511 arde-

375 541 470 594 καὶ
503 541 611 594 τῶν
663 541 826 611 πέριξ
867 543 1148 608 ἁπάντων,
1205 545 1535 614 κομίσαντες
1571 547 1672 609 τὰς
1705 546 1948 613 σημαίας

370 633 454 696 είς
487 633 547 685 τὸ
576 634 743 702 ἱερὸν,
789 636 928 705 μετὰ
981 636 1260 704 μεγίστων
1310 636 1602 707 εὐφημιῶν
1648 639 1738 691 τὸν
1789 640 1948 691 Τῖτον

372 728 661 796 ἀπέφηναν
710 728 1119 799 αὐτοκράτορα.
1173 729 1330 783 Οὕτω
1391 730 1449 784 δὲ
1499 733 1622 794 ταῖς
1669 731 1947 800 ἁρπαγαῖς

369 820 419 870 οί
462 818 796 889 στρατιῶται
850 821 1052 884 πάντες
1102 822 1568 893 ἐχρηματίσαντο,
1626 822 1769 877 ὥστε
1804 823 1948 877 κατὰ

369 910 472 975 τὴν
505 908 708 978 Συρίαν
739 910 875 980 πρὸς
906 911 1079 982 ήμισυ
1101 912 1205 983 τῆς
1237 915 1410 968 πάλαι
1439 915 1607 986 τιμῆς
1637 915 1731 968 τὸν
1779 917 1943 968 σταθ-

371 1004 474 1070 μὸν
528 1004 626 1056 τοῦ
686 1006 912 1074 χρυσίου
971 1007 1407 1077 πιπράσκεσθαι.
1464 1010 1527 1061 Oi
1575 1007 1630 1060 δὲ
1673 1006 1777 1061 άνά
1853 1008 1945 1061 τὸν

369 1099 550 1166 τοῖχον
603 1099 701 1150 τοῦ
757 1099 915 1166 ναοῦ,
965 1099 1043 1162 ώς
1095 1101 1352 1173 είρηται,
1396 1102 1715 1164 ἀνελθόντες
1756 1104 1942 1172 ἱερεῖς,

370 1190 466 1240 ἐπὶ
503 1188 667 1242 πέντε
713 1192 954 1262 ἡμέραις
995 1195 1588 1265 προσκαρτερήσαντες
1632 1195 1726 1248 καὶ
1767 1194 1947 1265 λιμώ-

370 1279 582 1346 ξαντες,
641 1283 978 1355 κατέδησαν,
1027 1285 1366 1350 ἱκετεύοντες
1398 1287 1590 1356 τυχεῖν
1643 1287 1938 1356 σωτηρίας.

378 1374 440 1424 'U
471 1373 529 1426 δὲ
557 1375 715 1439 Τῖτος
769 1377 862 1430 καὶ
911 1379 1002 1431 τὸν
1053 1378 1153 1448 τῆς
1202 1377 1534 1450 συγγνώμης
1588 1379 1780 1450 καιρὸν
1834 1399 1941 1433 πα-

370 1465 580 1537 ρελθεῖν
600 1465 768 1537 ἔφησε
794 1469 888 1521 καὶ
914 1469 1009 1522 τοῦ
1034 1470 1163 1523 ναοῦ
1189 1471 1472 1541 οίχομένου
1503 1471 1746 1535 καὶτοὺς
1774 1472 1942 1543 ἱερεῖς

370 1559 771 1613 συναπολέσθαι
814 1560 966 1632 αὐτῷ
1015 1562 1123 1615 δεῖν
1169 1563 1361 1627 εἰπὼν,
1427 1564 1756 1634 κολασθῆναι
1813 1568 1942 1627 τοὺς

365 1650 567 1719 ἆιδρας
628 1652 935 1708 ἐκέλευσεν.
1010 1655 1074 1708 Oi
1148 1654 1205 1708 δέ
1263 1658 1391 1725 περὶ
1454 1658 1582 1721 τοὺς
1643 1658 1940 1728 τυράννους

366 1743 648 1813 διαδράναι
691 1745 765 1814 μὴ
820 1745 1129 1816 ἰσχύοντες,
1172 1743 1610 1819 προσκαλοῦνται
1646 1747 1738 1802 τὸν
1783 1750 1941 1802 Τῖτον

365 1838 446 1897 si;
481 1835 692 1903 λόγους.
733 1838 844 1892 Καὶ
905 1838 962 1902 ὃς
1007 1835 1137 1911 ἦκε,
1187 1841 1284 1893 καὶ
1325 1839 1426 1911 τὴν
1463 1840 1724 1894 ἀπόνοιαν
1757 1842 1940 1904 αὐτοῖς

365 1927 692 1995 ἐξωνείδιζε,
720 1928 817 1982 καὶ
857 1930 1046 2000 ῥίψασι
1090 1930 1160 1985 τά
1215 1931 1356 1983 ὅπλα
1403 1931 1499 1984 καὶ
1547 1932 1849 2002 παραδοῦσι
1873 1931 1941 1986 τὰ

367 2027 596 2092 σώματα
626 2025 947 2096 χαρίζεσθαι
982 2027 1083 2095 τὴν
1127 2028 1272 2096 ζωὴν
1310 2027 1701 2098 ἐπηγγέλλετο.
1746 2029 1855 2082 Kal.
1891 2030 1940 2081 οἱ

363 2118 564 2186 λῃσταὶ
588 2117 770 2184 δεξιὰν
819 2119 917 2182 μὲν
953 2120 1026 2190 μὴ
1059 2118 1326 2174 δύνασθαι
1358 2119 1491 2190 παρ’
1543 2119 1708 2173 αὐτοῦ
1754 2119 1941 2174 λαϐεῖν

363 2207 616 2278 ἔφησαν,
678 2209 1036 2281 ὀμομωκότες
1096 2211 1371 2283 μηδέποτε
1423 2211 1583 2266 τοῦτο
1641 2211 1891 2282 ποιήσειν
1923 2226 1938 2242 ⁸

363 2302 547 2366 ἔξοδον
593 2302 651 2356 δέ
705 2303 956 2374 ᾐτοῦντο,
1020 2303 1162 2374 μετὰ
1223 2304 1504 2373 γυναικῶν
1558 2304 1654 2358 καὶ
1707 2308 1938 2371 τέκνων,

363 2393 716 2464 καταλείψειν
769 2395 871 2464 τὴν
929 2393 1085 2448 πόλιν
1142 2395 1316 2466 αὐτῷ.
1363 2395 1747 2464 Ἤγανάκτησε
1804 2397 1940 2464 πρὸς

361 2485 535 2538 ταῦτα.
567 2487 596 2538 ό
627 2486 811 2553 Τῖτος,
861 2486 954 2540 καὶ
987 2489 1124 2556 μήτε
1170 2487 1487 2558 αὐτομολεῖν
1511 2487 1591 2542 ἐτι
1634 2490 1755 2542 τινα
1788 2489 1941 2559 σφῶν

363 2570 626 2624 ἐκέλευσε
679 2573 816 2644 μήτε
865 2572 1050 2639 δεξιᾶς
1083 2573 1327 2637 ἐλπίζειν
1384 2576 1568 2645 τυχεῖν
1623 2575 1933 2644 (φείσεσθαι

364 2664 472 2734 γὰρ
494 2663 759 2734 οὐδενὸς),
787 2664 1056 2735 μάχεσθαι
1103 2667 1162 2720 δὲ
1209 2666 1302 2719 καὶ⁸
1348 2666 1542 2730 σώζειν
1584 2667 1659 2732 ὡς
1691 2667 1940 2722 δύναιντο

363 2758 616 2821 ἑαυτούς.
663 2761 788 2823 Τοῖς
815 2760 871 2814 δέ
903 2759 1270 2830 στρατιώταις
1296 2761 1585 2834 ἐμπιπρᾷν
1629 2763 1730 2835 τὴν
1782 2763 1938 2818 πόλιν

364 2853 459 2904 καὶ
505 2851 831 2922 διαρπάζειν
885 2853 1217 2908 ἐκέλευσεν⁸
1249 2854 1300 2908 οῖ
1345 2855 1404 2908 δὲ
1449 2859 1510 2909 τὺ
1560 2855 1670 2925 πῦρ
1720 2856 1946 2911 ἐνίεσαν

365 2942 668 3013 πανταχοῦ.
729 2944 792 2998 Ol
847 2945 1173 3000 στασιασταὶ
1226 2945 1283 2999 δέ
1339 2948 1432 3000 ἐπὶ
1499 2947 1598 3018 τήν
1652 2947 1938 3018 βασιλικὴν

360 3035 544 3088 οἰκίαν
572 3035 937 3106 ὁρμήσαντες,
967 3039 1047 3099 είς
1077 3041 1145 3107 ἢν
1189 3036 1256 3090 δι’
1287 3037 1594 3109 ὀχυρότητα
1627 3037 1812 3092 πολλοὶ
1840 3039 1940 3105 τὰς

2051 555 2174 600 rent
2202 548 2407 611 omnia,
2454 547 2624 618 signis
2661 548 2715 603 in
2751 549 3012 618 templum
3061 549 3248 615 illatis,
3281 549 3464 605 Titum
3495 563 3629 605 cum

2050 636 2402 693 faustissimis
2429 640 2917 694 acclamationibus
2950 641 3332 709 imperatorem
3368 641 3626 712 designa-

2051 739 2198 784 rnnt.
2255 731 2454 786 Milites
2495 740 2705 785 tantum
2746 747 2810 786 ex
2864 733 3068 802 rapinis
3103 734 3351 801 pecunia:
3406 748 3602 787 coaccr

2049 829 2273 884 varuut,
2321 831 2381 875 ut
2428 823 2482 875 in
2515 821 2667 892 Syria
2707 821 2924 892 pondus
2953 823 3072 880 auri
3130 823 3362 882 dimidio
3393 823 3626 878 minoris

2048 927 2210 981 quam
2247 913 2375 968 olim
2402 913 2754 970 venderetur.
2789 914 3135 981 Sacerdotes,
3168 917 3286 986 qui,
3316 926 3376 971 ut
3413 916 3635 984 dictum

2047 1016 2152 1072 est,
2209 1021 2425 1060 murum
2470 1007 2659 1076 templi
2703 1007 3160 1073 conscenderant,
3203 1023 3328 1062 cum
3377 1008 3625 1078 quinque

2046 1096 2166 1152 dies
2209 1097 2282 1152 ibi
2332 1099 2662 1168 exegissent,
2709 1099 2852 1154 fame
2905 1099 3138 1154 confecti
3179 1099 3621 1155 descenderunt:

2047 1197 2217 1258 utque
2267 1189 2371 1245 sibi
2403 1200 2744 1258 parceretur,
2781 1191 3174 1260 suppliearunt.
3212 1190 3425 1256 Quibus
3465 1191 3622 1244 Titus

2044 1280 2329 1349 respondit
2352 1297 2365 1334 :
2410 1281 2595 1336 Venia;
2622 1288 2868 1350 tempore
2893 1281 3004 1350 jam
3027 1282 3328 1351 praeterito,
3363 1282 3623 1336 sacerdo-

2047 1371 2195 1426 tibus
2236 1387 2363 1427 cum
2415 1374 2621 1442 templo
2668 1375 3010 1442 pereundum
3066 1388 3210 1439 esse,
3261 1385 3312 1427 et
3369 1374 3624 1428 homines

2042 1462 2330 1532 suppliciis
2375 1463 2514 1518 allici
2562 1462 2744 1533 jussit.
2794 1461 3034 1533 Tyranni
3067 1464 3160 1532 qui
3203 1463 3446 1533 ell‘ugere
3513 1479 3625 1518 non

2043 1567 2319 1629 poterant,
2369 1558 2553 1613 Titum
2583 1557 2649 1612 ad
2679 1557 3012 1626 colloquium
3059 1566 3331 1613 evocant:
3373 1560 3466 1628 qui
3495 1575 3622 1614 cum

2042 1652 2319 1717 venisset,
2359 1652 2550 1722 eisque
2623 1650 2938 1707 vecordiam
3010 1649 3338 1720 objecisset,
3385 1652 3494 1704 vita
3563 1666 3626 1704 se

2039 1744 2169 1800 illos
2195 1745 2529 1799 donaturum
2562 1743 2839 1813 promisit,
2879 1742 2925 1798 si
2970 1742 3202 1812 abiectis
3233 1742 3403 1796 armis
3430 1757 3490 1796 se
3523 1741 3624 1796 de-

2043 1836 2256 1891 derent.
2300 1836 2568 1891 Latrones
2605 1849 2736 1890 vero
2773 1849 2833 1890 se
2882 1833 3130 1890 dextram
3163 1835 3231 1891 ab
3264 1849 3333 1890 eo
3373 1835 3626 1904 accipere

2042 1943 2202 1999 posse
2230 1936 2519 1999 negarunt,
2560 1927 2776 1996 iurasse
2810 1927 2957 1982 enim
3000 1940 3062 1981 se
3125 1926 3177 1981 id
3210 1942 3492 1996 nunquam
3539 1926 3623 1981 la-

2042 2032 2268 2076 cturos:
2306 2019 2400 2074 sed
2433 2017 2772 2089 petiverunt,
2802 2028 2860 2074 ut
2897 2034 3023 2074 cum
3055 2018 3320 2074 uxoribus
3348 2030 3405 2074 et
3431 2020 3628 2075 liberis

2043 2113 2182 2169 urbe
2233 2113 2502 2169 excedere
2550 2115 2762 2169 liceret.
2805 2112 3176 2180 Quamobrem
3231 2115 3388 2169 Titus
3426 2105 3623 2175 iratus.

2041 2207 2233 2267 edixit.
2269 2221 2338 2262 ne
2382 2206 2510 2277 quis
2555 2222 2748 2262 eorum
2803 2207 3040 2278 amplius
3093 2207 3482 2279 transfugeret,
3525 2221 3625 2264 aut

2042 2314 2197 2369 spem
2235 2298 2440 2354 dextra:
2483 2298 2732 2364 haberet,
2760 2314 2820 2355 se
2859 2299 3005 2354 enim
3049 2315 3338 2369 parsurum
3372 2317 3492 2356 esse
3519 2317 3620 2357 ue-

2042 2391 2179 2446 mini
2209 2409 2224 2445 :
2261 2401 2573 2462 pugnarent
2603 2391 2794 2464 igitur,
2835 2406 2903 2448 ac
2927 2393 3092 2448 saluti
3142 2408 3256 2449 sua:
3285 2410 3383 2464 pro
3410 2393 3623 2449 viribus

2041 2483 2419 2539 consulerent.
2469 2484 2670 2541 Milites
2703 2485 2898 2542 urbem
2951 2485 3247 2543 iaeendere
3275 2504 3340 2543 ac
3377 2489 3628 2559 diripere

2035 2577 2244 2650 jussit:
2277 2577 2370 2649 qui
2394 2593 2520 2634 cum
2549 2579 2803 2636 incendia
2834 2580 3041 2652 ubique
3073 2593 3416 2653 spargerent,
3449 2583 3622 2639 latro-

2041 2685 2142 2725 nes
2164 2670 2232 2726 ad
2256 2671 2460 2741 regiam
2491 2671 2882 2739 decurrerunt,
2919 2673 2974 2728 in
2996 2689 3160 2744 quam
3191 2675 3264 2729 ob
3297 2675 3401 2729 loci
3436 2676 3621 2731 muni-

2044 2763 2248 2818 tionem
2279 2762 2437 2818 multi
2473 2778 2603 2819 suas
2649 2778 2783 2835 opes
2833 2765 3219 2823 contulerant:
3259 2781 3323 2822 ac
3357 2767 3627 2824 Romanis

2041 2850 2172 2908 inde
2203 2852 2401 2923 pulsis,
2429 2862 2487 2909 et
2515 2862 2663 2911 coetu
2705 2854 2884 2924 plebis
2917 2857 2992 2911 ibi
3035 2865 3375 2929 congregatae
3411 2857 3494 2913 sd-
3525 2874 3620 2914 νιιι

2041 2945 2212 3001 millia
2237 2957 2292 3000 et
2324 2961 2450 3002 cccc
2477 2946 2626 3001 omni
2688 2947 2999 3014 interfecto,
3057 2950 3342 3019 pecuniam
3368 2949 3619 3020 diripue-

2041 3045 2194 3091 runt.
2244 3036 2517 3093 Postridie
2588 3037 2824 3094 Romani
2874 3038 3186 3095 latronibus
3233 3056 3304 3096 ex
3357 3039 3620 3095 inferiore

366 3125 591 3196 κτήσεις
628 3125 913 3192 ἀπέθεντο,
948 3127 1076 3190 τούς
1130 3144 1191 3182 τε
1255 3127 1560 3198 Ῥωμαίους
1615 3131 1714 3184 ἀπ’
1767 3131 1938 3202 αὐτῆς

2042 3127 2182 3182 urbe
2225 3127 2547 3200 proﬂigatis,
2578 3143 2754 3200 usque
2786 3127 2853 3184 ad
2883 3129 3088 3186 Siloam
3135 3133 3320 3186 omnia
3353 3129 3618 3187 incende-

364 3216 666 3284 τρέπονται
691 3232 705 3246 ⁸
736 3219 831 3271 καὶ
860 3219 920 3272 τὸ
943 3219 1410 3291 συνηθροισμένον
1433 3222 1621 3276 αὐτόθι
1643 3221 1737 3277 τοῦ
1759 3224 1938 3295 δήμου

368 3308 481 3359 xiv
515 3308 904 3377 φονεύσαντες,
945 3312 1026 3374 είς
1053 3309 1498 3382 ὀκτακισχιλίους
1539 3313 1637 3367 καὶ
1676 3331 1944 3386 τετρακο-

367 3402 518 3464 σίους
561 3401 1022 3474 ἀριθμουμένους,
1061 3403 1128 3458 τά
1167 3407 1428 3476 χρήματα
1477 3405 1810 3477 διήρπασαν.
1856 3407 1935 3478 Τῇ

361 3494 406 3547 δ’
454 3494 581 3566 ἑξῆς
634 3494 918 3565 Ῥωμαῖοι,
941 3497 1279 3568 τρεψάμενοι
1315 3499 1443 3558 τοὺς
1483 3495 1685 3569 λῃστὰς
1739 3497 1803 3551 ἐκ
1839 3498 1939 3569 τῆς

363 3587 515 3640 κάτω
547 3587 777 3652 πόλεως,
817 3589 886 3642 τὰ
912 3589 1078 3659 μέχρι
1107 3587 1202 3642 τοῦ
1239 3587 1464 3659 Σιλωὰμ
1497 3590 1676 3643 πάντα
1705 3590 1939 3661 ἐνέπρη-

367 3693 489 3730 σαν.
517 3678 834 3747 Καιομένην
855 3677 912 3730 δὲ
937 3681 1035 3748 τὴν
1063 3678 1219 3732 πόλιν
1247 3678 1482 3748 ὁρῶντες
1512 3679 1564 3732 oi
1590 3677 1936 3749 στασιασταὶ,

368 3771 572 3840 ἱλαροῖς
596 3771 711 3834 τοῖς
736 3769 1050 3841 προσώποις
1082 3770 1312 3842 εὔθυμοι
1343 3772 1447 3842 τὴν
1476 3773 1738 3843 τελευτὴν
1769 3790 1940 3844 προσ-

361 3859 614 3930 δὶχεσθαι
651 3858 861 3929 ἔλεγον.
907 3857 1049 3914 Οὔτε
1075 3859 1134 3913 δὲ
1167 3858 1509 3931 παραδοῦναι
1538 3861 1768 3923 ἑαυτοὺς
1800 3862 1937 3915 ὑπέ-

369 3970 553 4024 μενον,
611 3951 736 4007 οὐτε
796 3953 1059 4024 πολεμεῖν
1119 3953 1412 4024 Ῥωμαίοις
1467 3948 1572 4008 οἷοί
1637 3969 1698 4007 τε
1753 3949 1939 4026 ἦσαν·

367 4047 716 4117 σκιδνάμενοι
757 4045 816 4100 δὲ
847 4045 991 4099 κατὰ
1023 4045 1092 4099 τά
1135 4044 1448 4117 ἔμπροσθεν
1485 4045 1585 4116 τῆς
1623 4044 1852 4113 πόλεως,
1888 4045 1944 4100 ετ

364 4155 520 4203 τινας
542 4137 864 4208 αὐτομολεῖν
896 4137 1185 4202 ἐθέλοντας
1217 4137 1502 4210 εὕρισκον,
1536 4137 1888 4209 ἀπέσφαττον
1919 4153 1937 4168 ο

363 4232 455 4285 καὶ
478 4230 656 4294 οὐδεὶς
693 4233 750 4285 ἐν
781 4233 848 4302 τῇ
879 4229 1035 4284 πόλει
1074 4231 1241 4295 τόπος
1271 4229 1612 4301 γεγύμνωτο,
1641 4231 1760 4285 ἀλλ’
1792 4231 1940 4296 ἅπας

363 4323 395 4392 ἥ
425 4322 587 4393 λιμοῦ
621 4321 819 4393 νεκρὸν
847 4317 1019 4393 εῖχεν,
1052 4323 1085 4393 ἢ
1139 4323 1407 4386 στάσεως.
1443 4323 1693 4378 Ἔθαλπε
1721 4323 1778 4376 δὲ
1809 4323 1938 4387 τούς

361 4434 418 4468 τε
474 4415 776 4488 τυράννους
823 4416 921 4470 καὶ
957 4414 1018 4469 τὸ
1068 4415 1166 4470 σὺν
1195 4415 1380 4479 αὐτοῖς
1427 4415 1724 4487 λῃστρικὸν
1780 4415 1938 4480 ἐλπίς

2039 3227 2190 3272 runt.
2226 3217 2482 3275 Seditiosi
2515 3233 2642 3275 cum
2675 3218 2872 3276 ardere
2902 3221 3100 3276 urbem
3128 3221 3404 3289 viderent,
3452 3220 3618 3278 hilari

2040 3309 2196 3365 vultu
2229 3325 2289 3366 se
2323 3309 2535 3366 alacres
2573 3311 2828 3368 obituros
2875 3311 3158 3376 dixerunt,
3191 3329 3316 3368 cum
3348 3328 3405 3368 se
3436 3328 3619 3383 neque

2040 3402 2303 3457 Romanis
2352 3401 2556 3458 dedere
2594 3403 2820 3470 vellent,
2865 3419 3050 3474 neque
3093 3419 3403 3476 repugnare
3451 3404 3622 3476 305

2040 3501 2306 3561 possent:
2344 3492 2440 3547 scd
2471 3503 2600 3550 ante
2641 3494 2836 3550 urbem
2885 3496 3146 3566 dispersi,
3199 3512 3340 3567 quos
3371 3498 3615 3552 transiu-

2040 3599 2170 3653 gere
2197 3585 2446 3640 volentes
2481 3584 2990 3656 deprehendebant,
3022 3590 3349 3660 jugulabant
3369 3606 3390 3644 :
3429 3605 3611 3658 neque

2043 3677 2188 3732 ullus
2221 3676 2378 3732 urbis
2403 3687 2523 3732 erat
2555 3679 2728 3742 locus,
2764 3680 2859 3749 qui
2895 3696 3004 3733 non
3039 3680 3185 3736 fame
3213 3691 3312 3736 aut
3339 3681 3613 3736 seditione

2041 3777 2357 3837 peremptos
2409 3768 2655 3824 haberet.
2731 3769 3018 3841 Tyrannos
3071 3787 3177 3826 una
3231 3787 3358 3841 spes
3404 3773 3622 3842 reliqua

2041 3860 2527 3916 subterraneorum
2577 3870 2852 3916 meatuum
2897 3862 3164 3919 fovebat:
3200 3880 3310 3934 quo
3344 3863 3390 3919 si
3423 3865 3618 3919 conlu-

2039 3952 2266 4023 gissent.
2301 3969 2360 4008 se
2391 3969 2500 4008 non
2536 3954 2853 4024 indagatum
2881 3955 2949 4010 iri
2975 3957 3143 4011 stulta
3173 3957 3432 4026 opinione
3458 3966 3619 4027 puta—

2043 4047 2194 4101 bant.
2226 4044 2361 4101 Nam
2396 4061 2520 4100 cum
2551 4045 2784 4100 Romani
2815 4056 2995 4101 castra
3025 4057 3330 4111 moverent,
3361 4048 3620 4118 progredi-

2039 4148 2204 4208 atque
2238 4139 2496 4208 auiugcre
2522 4139 2663 4203 ausi,
2695 4154 2873 4209 neque
2907 4139 3078 4194 Deum
3120 4156 3302 4210 neque
3336 4140 3618 4195 Romanos

2040 4230 2212 4286 latere
2243 4238 2519 4300 poterant,
2553 4239 2609 4287 et
2643 4231 2787 4287 inter
2808 4247 2868 4286 se
2892 4232 2962 4287 de
2993 4232 3202 4302 rapinis
3233 4232 3434 4287 bellum
3463 4247 3619 4303 gere-

2041 4322 2194 4378 bant.
2225 4323 2409 4379 (ἔωθεν
2437 4337 2572 4378 vero
2618 4338 2742 4378 cum
2794 4324 2927 4378 urbs
2968 4324 3223 4394 superior
3253 4324 3306 4378 in
3347 4322 3618 4393 precipiti

2041 4415 2146 4470 sita
2199 4415 2343 4480 loco,
2393 4415 2512 4472 sine
2555 4414 2844 4486 aggeribus
2890 4415 3010 4486 capi
3047 4431 3156 4471 non
3190 4424 3395 4486 posset,
3441 4415 3620 4486 copiis

362 4485 568 4578 ἐσχάτη
594 4507 703 4561 τῶν
737 4508 1048 4579 ὑπονόμων,
1101 4509 1183 4572 είς
1222 4507 1318 4571 οὓς
1359 4509 1408 4561 εί
1441 4485 1835 4578 καταφύγοιεν,
1871 4511 1933 4562 οὐ

2042 4523 2177 4578 opus
2203 4507 2508 4563 distribuit.

365 4605 714 4676 προσεδόκων
743 4605 1234 4677 ἐρευνηθήσεσθαι.
1269 4604 1709 4671 Ἀναζευξάντων
1773 4605 1831 4658 δέ
1889 4605 1997 4659 τῶν
2046 4604 2358 4676 Ῥωμαίων,
2393 4604 2661 4676 ἐθάρρουν
2703 4605 2985 4676 προελθεῖν
3045 4621 3106 4657 τε
3145 4605 3240 4659 καὶ⁸
3280 4601 3606 4674 ἀποδράναι.

359 4698 420 4748 τὸ
473 4697 530 4750 δὲ
562 4691 630 4768 ἢν
661 4697 770 4768 ἄρα
801 4697 1010 4769 ὄνειρος
1039 4714 1056 4732 ο
1109 4696 1232 4752 οὔτε
1285 4698 1399 4770 γὰρ
1455 4699 1546 4753 τὴν
1599 4697 1759 4762 Θεὸν,
1809 4697 1933 4751 οὐτε
1985 4698 2296 4768 Ῥωμαίους
2357 4699 2543 4769 λήσειν
2610 4699 2860 4768 ἔμελλον.
2895 4693 3008 4753 Ἦν
3049 4699 3106 4752 δέ
3139 4697 3411 4769 καὶπρὸς
3452 4697 3619 4767 ὀλλή-

362 4791 490 4857 λους
523 4793 582 4846 ἐν
629 4794 753 4856 ταῖς
794 4792 1068 4863 ἁρπαγαῖς
1101 4792 1338 4864 πόλεμος
1377 4791 1584 4856 αὐτοῖς.
1634 4793 1880 4863 ιΚαῖσαρ
1919 4792 2002 4856 δέ,
2044 4793 2120 4855 ὡς
2162 4795 2450 4865 ἀμήχανον
2495 4791 2564 4865 ἦν
2615 4793 2718 4863 τὴν
2757 4792 2871 4848 ἄνω
2915 4792 3071 4846 πόλιν
3129 4793 3272 4846 ἑλεῖν
3319 4794 3615 4863 χωμάτωνο

367 4887 487 4952 ἅτε,
531 4886 702 4942 οὖσαν
731 4889 1128 4960 περίκρημνον,
1161 4887 1410 4956 διανέμει
1447 4889 1564 4951 τοῖς
1581 4887 1765 4959 ἔργοις
1796 4887 1895 4959 τὴν
1930 4888 2181 4960 δύναμιν.
3659 4901 3662 4904 ’

437 4982 582 5048 κει-ν.
613 4981 772 5034 Κατὰ
801 4979 1006 5044 ταύτας
1037 4974 1132 5034 οῦν
1158 4981 1260 5044 τὰς
1302 4981 1520 5051 ἡμέρας
1552 4981 1602 5034 οί
1633 4981 1741 5033 τῶν
1771 4979 1936 5032 Ἰδουο

368 5076 545 5144 μαίων
601 5077 874 5148 ἡγεμόνες
934 5077 1254 5148 πέμψαντες
1307 5079 1510 5150 ἄνδρας
1573 5079 1736 5132 πέντε
1798 5079 1935 5149 πρδς

365 5168 546 5235 Τῖτον,
580 5169 828 5223 ίκέτευον
848 5169 1031 5226 δοῦναι
1063 5171 1249 5234 αὐτοῖς
1273 5169 1474 5235 δεξιάν.
1517 5169 1578 5224 '0
1601 5169 1657 5224 δὲ
1692 5171 1788 5224 καὶ
1811 5170 1936 5234 τοὺς

363 5263 660 5330 τυράννους
716 5262 972 5316 ἐνδώσειν
1017 5263 1249 5326 ἐλπίσας
1299 5261 1771 5316 ἀποσπασθέντων
1829 5262 1938 5317 τῶν

375 5355 714 5428 Ἰδουμαίων,
742 5357 1031 5410 κατανεύει
1091 5356 1192 5428 τὴν
1242 5355 1519 5426 σωτηρίαν
1571 5355 1775 5419 αὐτοῖς.
1829 5356 1939 5409 Καὶ

363 5449 392 5501 ό
418 5448 624 5520 Σίμων,
656 5450 817 5517 γνοὺς
849 5450 948 5522 τὴν
985 5447 1213 5518 γνώμην
1252 5448 1453 5510 αὐτῶν,
1477 5449 1604 5513 τοὺς
1646 5447 1744 5519 μὲν
1775 5447 1937 5501 πέντε

365 5539 495 5603 τούς
541 5539 866 5610 ἐντυχόντας
907 5539 983 5610 τῷ
1012 5540 1161 5610 Τίτῳ
1191 5539 1390 5594 αὐτίκα
1436 5539 1671 5609 ἀναιρεῖ,
1721 5537 1846 5601 τοὺς
1890 5535 1936 5591 δ’

370 5629 648 5702 ἡγεμόνας
684 5629 968 5686 συλλαϐὼν
1004 5633 1287 5704 εἵργνυσιν
1313 5647 1328 5664 ⁶
1365 5630 1702 5701 Ἰδουμαίους
1743 5629 1800 5684 δὲ
1837 5629 1939 5682 οὐκ

369 5721 719 5788 ἀφυλάκτους
751 5715 889 5791 εἶχε,
917 5723 1012 5775 καὶ
1057 5723 1119 5775 τὸ
1157 5725 1332 5794 τεῖχος
1372 5725 1640 5793 φρουραῖς
1676 5721 1938 5792 ἐπιμελε-

374 5816 592 5884 στέραις
632 5813 983 5882 διεέἀμὸανε,
1018 5814 1102 5869 διὰ
1134 5817 1260 5879 τοὺς
1300 5813 1747 5881 αὐτομολοῦντας.
1802 5813 1938 5868 Ηολ-

2109 4981 2296 5038 XXVI.
2339 4981 2409 5037 Iis
2435 4981 2630 5038 diebus
2664 4982 3027 5038 ldumaeorum
3079 4981 3355 5053 principes
3396 4997 3429 5037 ν
3461 4982 3614 5051 lega-

2039 5071 2111 5126 tis
2157 5071 2226 5126 ad
2263 5071 2448 5125 Titum
2490 5071 2693 5136 missis,
2745 5071 3025 5141 supplices
3075 5087 3265 5142 pacem
3297 5071 3611 5142 petierunt:

2038 5163 2132 5233 qui
2158 5159 2322 5218 etiam
2356 5171 2637 5234 tyrannos,
2683 5162 2938 5218 ldumaais
2979 5163 3206 5228 avulsis,
3248 5162 3612 5231 pertinaciam

2040 5257 2354 5327 abjecturos
2398 5270 2646 5324 sperans,
2699 5254 3154 5310 incolumitatem
3187 5253 3298 5308 illis
3331 5255 3614 5324 promisit.

2015 5350 2109 5405 ‘At
2141 5349 2330 5405 Simon
2358 5363 2550 5404 eorum
2585 5348 2814 5403 consilio
2843 5347 3080 5417 cognito,
3133 5361 3168 5399 ν
3194 5344 3399 5416 legatos
3427 5347 3615 5404 statim

2040 5443 2261 5507 occidit,
2301 5441 2470 5496 duces
2499 5440 2553 5494 in
2573 5453 2848 5494 carcerem
2873 5437 3194 5508 compingit,
3222 5439 3491 5497 ldummos
3517 5442 3616 5499 ob-

2041 5527 2475 5607 servari‘jubet,
2513 5536 2570 5581 et
2609 5526 2811 5580 mantia
2867 5526 3124 5596 prasidiis
3172 5531 3617 5587 aceuratioribus

2042 5626 2240 5688 munit,
2275 5631 2502 5691 propter
2527 5616 2856 5686 transfugas.
2899 5617 3288 5689 Sed-quamvis
3323 5625 3479 5678 multi
3517 5639 3614 5679 oe-

2037 5712 2380 5774 ciderentur,
2426 5709 2610 5779 plures
2663 5716 2823 5760 erant
2863 5707 2956 5778 qui
2984 5708 3338 5782 dill'ugcrent,
3383 5725 3550 5781 atque
3582 5729 3614 5769 α

2038 5803 2307 5863 Romanis
2330 5803 2400 5859 ob
2439 5799 2997 5857 caediuiu‘satietatcm
3037 5812 3093 5859 et
3116 5803 3253 5860 lucri
3304 5816 3454 5863 sncm
3491 5814 3614 5858 sus.
