4002 6250
425 293 525 358 531

1721 296 2048 371 ,ΙΟΑΝΝΙΞ
2089 294 2410 356 ΖοΝΑῐιιΕ

3569 301 3670 362 53‘:

406 414 762 476 rtpercntur.
805 407 942 462 Nam
1001 406 1130 460 slis
1179 405 1406 476 plrbeiis
1461 404 1724 465 retentis,
1773 413 1985 458 caetero:

2103 402 2213 456 λῶν
2247 405 2302 458 δὲ
2347 406 2742 477 φονευομένων,
2764 406 2978 472 πλείους
3011 403 3152 480 ἦσαν
3179 407 3228 461 οἱ
3260 407 3666 477 διαφεύγοντες.

423 516 546 554 ι;ιιιιι
604 501 868 560 uxoribus
915 510 972 556 et
1023 501 1214 558 liberis
1265 501 1492 556 minimo
1545 497 1883 562 vendebant,
1925 495 1997 550 ob

426 595 825 664 mancipiorum
864 596 1292 661 multitudinem,
1323 606 1378 652 et
1405 606 1717 666 empturum
1747 593 1998 664 paucita-

425 698 553 743 tem.
603 689 805 752 Eorum
859 690 950 758 qui
999 689 1202 744 veniliti
1252 698 1399 752 sunt,
1447 688 1744 744 multitudo
1783 687 1994 741 inlinita

421 783 543 846 fuit,
595 798 627 838 ο
671 783 900 853 plebeiis
957 784 1097 837 ultra
1151 799 1216 836 xi.
1260 783 1425 838 millia
1465 792 1594 838 sunt
1660 785 1989 840 conservati.

421 870 651 938 Quidam
680 871 938 926 sacerdos
961 872 1185 928 nomine
1212 873 1361 934 Jesu,
1403 883 1556 943 pacta
1592 873 1990 939 incolumitate,

419 965 531 1015 duo
560 963 888 1018 candelabra
919 965 1164 1031 tradidit,
1198 982 1464 1032 mensam,
1497 976 1738 1022 crateres
1759 976 1813 1020 et
1840 967 1994 1036 phia-

421 1058 520 1116 las,
563 1073 629 1110 cx
663 1058 839 1112 solido
876 1074 1010 1112 auro
1047 1061 1254 1126 omnia,
1292 1077 1533 1115 necnon
1573 1062 1764 1126 aulaea,
1809 1062 1995 1129 ponti-

419 1151 569 1205 licias
597 1163 796 1218 vestes,
827 1161 882 1208 et
912 1153 1081 1210 multa
1112 1155 1218 1210 alia
1246 1170 1392 1210 vasa.
1446 1154 1598 1210 Sacri
1628 1156 1869 1211 thesauri
1900 1173 1994 1220 cu-

412 1254 528 1298 810$
556 1243 790 1301 Phinees
823 1239 1272 1317 comprehensus.
1300 1249 1512 1308 tunicas
1541 1260 1596 1306 et
1617 1251 1834 1322 cingula
1856 1268 1994 1321 pou-

396 1336 604 1402 .tLlicia,
643 1355 707 1394 ac
745 1341 932 1410 plures
976 1343 1112 1398 alias
1149 1359 1240 1399 res
1272 1347 1543 1415 pretiosas
1573 1346 1990 1402 demonstravit.

410 1431 718 1501 Aggeribus
761 1435 873 1504 jam
924 1434 1233 1504 confectis,
1295 1439 1530 1494 Romani
1593 1438 1878 1495 machinas
1920 1438 1989 1494 ad

413 1539 600 1581 muros
660 1527 1032 1585 adduxerunt.
1092 1531 1161 1586 At
1189 1531 1436 1587 seditiosi
1485 1531 1684 1601 partim
1722 1531 1774 1586 in
1806 1545 1987 1588 arcem

414 1620 767 1688 recedebant,
816 1623 1017 1692 partim
1067 1624 1121 1679 in
1180 1626 1559 1681 subterraneis
1605 1624 1880 1688 meatibus
1930 1639 1988 1679 se

2114 498 2390 569 Ἐδὲχοντο
2421 500 2477 554 δὲ
2512 501 2562 554 οἱ
2598 501 2862 572 Ῥωμαῖοι
2895 503 3106 566 πάντας
3137 505 3287 574 κόρῳ
3311 503 3405 556 τοῦ
3450 505 3677 560 κτείνειν

2103 593 2198 645 καὶ
2249 591 2474 662 κέρδους
2520 593 2723 648 ἐλπίδι.
2772 594 2912 658 Τοὺς
2942 593 3050 665 γὰρ
3096 595 3424 666 δημοτικοὺς
3482 597 3679 664 ἐῶντες

2103 685 2318 754 μόνους,
2366 685 2492 749 τοὺς
2537 687 2733 766 ἄλλους
2763 686 3010 741 ἐπώλουν
3043 689 3138 742 σὺν
3188 688 3405 756 γυναιξὶ
3453 691 3548 745 καὶ
3592 693 3676 745 τέ-

2101 795 2271 843 κνοις,
2309 777 2604 849 ἐλαχίστης
2661 779 2831 850 τιμῆς
2881 779 3136 842 ἕκαστον,
3191 779 3283 834 διὰ
3337 780 3542 853 πλῆθος
3569 782 3674 836 τῶν

2099 866 2487 938 πωλουμένων,
2537 869 2632 924 καὶ
2681 869 2971 942 ὀλιγότητα
3001 870 3111 928 τῶν
3155 870 3507 941 ὠνουμένων.
3555 873 3674 926 Τῶν

2101 960 2201 1028 μὲν
2253 960 2756 1032 ἀπεμποληθέντων
2815 963 3044 1034 ἄπειρόν
3093 981 3146 1018 τι
3199 962 3407 1036 πλῆθος
3460 960 3569 1036 ἦν’
3625 970 3674 1022 ot

2098 1049 2388 1120 δημοτικοὶ
2448 1051 2504 1104 δὲ
2553 1052 2893 1124 διεσώθησαν
2952 1054 3090 1125 ὑπὲρ
3149 1058 3670 1130 τετρακισμυρίους.

2099 1143 2221 1195 Τῶν
2256 1144 2449 1214 ἱερέων
2474 1144 2531 1198 δέ
2561 1164 2642 1210 τις
2669 1146 2838 1218 ὄνομα
2869 1146 3102 1220 Ἰησοῦς,
3133 1147 3316 1202 λαϐὼν
3344 1151 3474 1222 περὶ
3499 1169 3673 1224 σωτη-

2099 1233 2223 1304 ρίας
2253 1237 2414 1307 ὅρκον
2447 1236 2586 1292 ὥστε
2643 1257 2765 1293 τινα
2814 1239 3156 1310 παραδοῦναι
3196 1241 3305 1298 τῶν
3347 1244 3671 1316 κειμηλίων.

2096 1327 2292 1394 ἔξεισι,
2338 1331 2431 1382 καὶ
2478 1331 2820 1402 παραδίδωσι
2874 1332 3100 1403 λυχνίας
3150 1333 3268 1394 δύο,
3303 1317 3586 1405 τράπεζάν
3616 1357 3672 1392 τε

2096 1424 2190 1476 καὶ
2221 1424 2524 1494 κρατῆρας,
2551 1425 2648 1479 καὶ
2685 1423 2908 1492 φιάλας,
2941 1426 3124 1480 πάντα
3155 1425 3450 1499 ὁλόχρυσα,
3486 1432 3579 1484 καὶ
3608 1435 3675 1485 τά

2095 1517 2592 1584 καταπετάσματα,
2642 1517 2736 1570 καὶ
2779 1519 2850 1570 τὰ
2880 1515 2990 1570 τῶν
3027 1518 3330 1590 ἀρχιερέων
3371 1521 3670 1590 ἐνδύματα.

2093 1609 2189 1659 καὶ
2231 1609 2404 1662 πολλὰ
2436 1610 2544 1664 τῶν
2580 1612 2796 1665 σκευῶν
2821 1612 3006 1684 ἔτερα.
3053 1614 3112 1667 Ὀ
3139 1615 3195 1667 δέ
3245 1631 3309 1683 γε
3356 1615 3673 1683 γαζοφύλαξ

411 1710 686 1767 :ibdebant
717 1755 730 1778 ,
785 1715 941 1770 multi
989 1717 1428 1788 propugnabant.
1486 1718 1592 1774 Sed
1645 1718 1786 1775 muri
1833 1726 1985 1787 parte

2091 1700 2188 1752 τοῦ
2229 1702 2380 1774 ἱεροῦ
2417 1702 2606 1764 Φινεὲς
2639 1704 2992 1773 συλληφθεὶς,
3032 1705 3160 1769 τούς
3190 1723 3249 1759 τε
3281 1707 3539 1776 χιτῶνας,
3578 1707 3674 1759 καὶ

409 1805 667 1873 abrupta,
713 1807 882 1868 etiam
928 1810 1174 1880 tyrannis
1231 1820 1408 1866 metus
1455 1809 1702 1876 incessit,
1739 1819 1798 1870 ut
1850 1809 1989 1879 luga:

408 1897 639 1953 consilia
694 1900 988 1971 agitarent.
1036 1902 1173 1958 Cum
1220 1903 1366 1958 enim
1415 1919 1513 1962 eos
1560 1920 1795 1974 quorum
1843 1903 1986 1960 lideli

407 2005 576 2058 opera
604 1993 818 2061 pridem
858 1995 939 2050 usi
970 1995 1212 2060 fuerant,
1249 1997 1658 2054 non'haberent
1691 1998 1837 2067 (nam
1873 1997 1988 2053 dis-

410 2084 553 2151 persi
588 2092 768 2156 crant)
800 2097 856 2142 et
885 2088 1148 2144 hostesin
1176 2090 1490 2159 propinquo
1518 2105 1640 2146 esse
1669 2092 1987 2148 nuntiaren-

411 2185 499 2228 lllt‘
523 2193 539 2226 :
574 2174 627 2230 in
663 2176 856 2232 faciem
886 2180 1148 2248 prolapsi,
1199 2181 1514 2236 vecordiam
1552 2197 1707 2238 suam
1739 2181 1990 2251 deplora—

409 2275 558 2328 runt,
611 2276 773 2338 atque
822 2270 968 2326 ultro
1007 2287 1038 2326 ο
1071 2272 1317 2330 turribus
1368 2273 1792 2335 descenderunt,
1825 2274 1986 2344 305

392 2375 438 2414 ,ο
471 2359 672 2428 quibus
712 2361 760 2414 ri
797 2377 1102 2430 nun-,uam,
1151 2364 1248 2426 sed
1302 2364 1415 2420 sola
1467 2364 1609 2420 fame
1647 2365 1846 2434 depelli
1887 2382 1982 2434 po-

397 2452 680 2507 tuissent;
722 2465 778 2508 et
809 2455 860 2508 in
893 2455 1085 2512 vallem
1118 2455 1320 2510 Siloam
1352 2455 1743 2525 confugerunt,
1785 2455 1986 2511 deinde

407 2555 624 2602 meatus
672 2547 982 2602 subierunt.
1017 2548 1248 2603 Romani
1280 2549 1557 2603 mmnibus
1590 2549 1727 2606 citra
1763 2549 1986 2618 sangui-

407 2651 533 2692 nem
561 2637 741 2706 potiti,
791 2638 1169 2707 dcprehensm
1201 2639 1575 2703 trucidabant,
1621 2648 1786 2708 atque
1840 2639 1986 2694 ardes

391 2728 814 2788 incendebant:
855 2727 950 2782 sed
992 2737 1123 2788 ante
1164 2744 1450 2797 vesperam
1503 2728 1810 2788 desierunt.
1875 2729 1984 2785 P0P

404 2818 600 2878 stridie
627 2819 784 2878 Titus
803 2821 992 2876 urbem
1017 2821 1314 2890 ingressus,
1337 2832 1393 2880 et
1418 2821 1755 2880 munitiones
1778 2836 1844 2878 ac
1867 2830 1985 2876 tur-

405 2928 496 2972 res
534 2911 882 2972 admiratus:
925 2915 1054 2975 lico,
1100 2915 1296 2984 inquit.
1327 2915 1552 2984 juvaute
1584 2915 1779 2970 bellum
1818 2916 1982 2986 gessi-

404 3021 556 3068 mus;
583 3004 724 3065 Deus
755 3005 878 3074 fuit,
909 3007 998 3074 qui
1029 3005 1240 3066 Ιιιιίεεοδ
1271 3008 1644 3066 munitionibus
1674 3007 1789 3064 istis
1814 3022 1981 3075 expu-

2093 1796 2193 1857 τὰς
2231 1793 2406 1859 ζώνας
2446 1793 2555 1846 τῶν
2578 1795 2888 1866 ἀρχιερέων
2921 1797 3195 1862 ὑπέδειξε,
3230 1798 3324 1852 καὶ
3353 1798 3462 1852 τῶν
3495 1799 3674 1853 ἄλλων

2093 1885 2397 1956 κειμηλίων
2423 1883 2612 1940 πολλά.
2649 1887 3166 1960 Συντετελεσμένων
3191 1889 3247 1946 δὲ
3286 1890 3388 1961 ἤδη
3426 1890 3536 1944 τῶν
3566 1909 3676 1961 χω-

2097 1980 2307 2048 μάτιον,
2341 1981 2620 2051 προσῆγον
2657 1980 2708 2032 οί
2755 1978 3018 2050 Ῥωμαῖοι
3051 1981 3130 2050 τῷ
3164 1982 3333 2052 τείχει
3367 1983 3465 2060 τᾲς
3495 2001 3674 2054 μηχα-

2093 2072 2210 2134 νάς.
2253 2071 2377 2124 Τῶν
2417 2072 2474 2125 δὲ
2505 2072 2851 2126 στασιαστῶν
2877 2073 2928 2125 οι
2972 2073 3074 2143 μὲν
3112 2073 3426 2146 ἀνεχώρουν
3461 2077 3540 2140 εἰς
3571 2078 3675 2147 τὴν

2093 2163 2291 2232 ἄκραν.
2344 2163 2395 2218 οί
2437 2163 2482 2216 δ’
2514 2165 2912 2232 ἐγκατεδύοντο
2978 2167 3091 2229 τοίς
3125 2167 3442 2238 ὑπονόμοις,
3483 2168 3675 2224 πολλοὶ

2092 2254 2148 2306 δὲ
2177 2254 2272 2307 καὶ
2304 2254 2598 2324 ἠμύνοντο,
2639 2255 2726 2318 Ὠς
2755 2257 2814 2310 δὲ
2845 2257 3194 2331 περιερῤἀγη
3230 2259 3402 2329 μέρος
3435 2260 3529 2314 τοῦ
3559 2263 3678 2316 τεί-

2091 2363 2241 2417 χους,
2270 2347 2388 2410 δέος
2431 2349 2522 2399 καὶ
2557 2351 2670 2410 τοῖς
2702 2349 2992 2420 τυράννοις
3018 2349 3307 2421 ἐμπίπτει,
3349 2353 3444 2406 καὶ
3473 2354 3681 2424 μετέω-

2095 2455 2178 2508 ροι
2211 2438 2348 2510 πρὸς
2373 2439 2553 2509 φυγὴν
2583 2435 2744 2510 ἦσαν.
2781 2441 2941 2494 Ἐπεὶ
2979 2441 3038 2495 δὲ
3087 2443 3216 2506 τοὺς
3249 2442 3351 2513 μὲν
3381 2444 3552 2506 πάλαι
3581 2461 3680 2498 πι-

2094 2531 2252 2594 στοὺς
2281 2531 2382 2584 οὐκ
2415 2528 2561 2601 εἶχον
2593 2532 3026 2606 (ἐσκεδάσθησαν
3043 2533 3202 2606 γὰρ),
3246 2537 3296 2588 οἱ
3327 2535 3386 2588 δὲ
3421 2535 3676 2606 πολέμιοι

2089 2620 2319 2690 πλησίον
2356 2618 2496 2674 εἶναι
2529 2621 2878 2692 ἠγγέλλοντο,
2908 2623 3004 2677 ἐπὶ
3038 2623 3213 2693 στόμα
3237 2624 3500 2684 πεσόντες
3531 2623 3676 2695 ἀνῴ-

2093 2713 2280 2786 μωξαν
2316 2713 2413 2785 τὴν
2445 2714 2658 2770 ἑαυτῶν
2691 2715 3142 2786 φρενοϐλάϐειαν,
3165 2717 3274 2770 κάκ
3302 2717 3413 2770 τῶν
3443 2714 3672 2785 πύργων

2088 2808 2309 2872 ἑκόντες
2331 2807 2662 2879 κατέϐησαν,
2690 2809 2783 2878 ἀφ’
2813 2802 2888 2862 ὧν
2921 2807 3014 2880 βίᾳ
3043 2807 3146 2878 μὲν
3169 2807 3428 2862 οὐδέποτε
3464 2807 3671 2861 ἁλῶναι

2089 2901 2372 2974 ἠδύναντο,
2408 2900 2552 2972 λιμῷ
2577 2902 2636 2955 δὲ
2685 2901 2857 2971 μόνῳ,
2916 2899 3015 2954 καὶ
3059 2901 3141 2964 είς
3173 2899 3272 2971 τὴν
3306 2899 3536 2970 Σιλωὰμ
3567 2897 3672 2968 φά-

2094 3013 2276 3069 ραγγα
2328 2994 2808 3064 καταφεύγουσιν,
2866 2989 2987 3048 εἶτα
3052 2994 3358 3049 κατέδυσαν
3415 2995 3495 3058 εἰς
3543 2994 3670 3055 τοὺς

405 3099 546 3152 (erit.
587 3097 724 3156 Cum
778 3109 961 3153 autem
1022 3099 1210 3156 urbem
1247 3099 1379 3154 alibi
1409 3099 1638 3160 deleret,
1674 3109 1731 3154 et
1781 3098 1982 3156 moenia

2089 3089 2415 3158 ὑπονόμους.
2472 3085 2729 3156 Ῥωμαῖοι
2767 3086 2824 3140 δὲ
2883 3087 2994 3140 τῶν
3047 3086 3244 3158 τειχῶν
3289 3087 3668 3158 κρατήσαντες

401 3200 717 3252 everteret:
776 3207 871 3250 eas
921 3201 1103 3249 turres
1147 3193 1382 3249 fortunae
1428 3207 1539 3248 suze
1584 3192 1982 3250 monimentum

407 3286 655 3354 reliquit,
684 3294 792 3354 qua
824 3286 1095 3354 adjutrice
1127 3285 1195 3339 iis
1229 3287 1435 3355 potitus
1461 3293 1628 3347 esset,
1663 3300 1784 3354 qua:
1813 3300 1984 3354 expu-

391 3376 561 3443 gnari
593 3391 704 3430 non
741 3386 984 3445 possert.
1019 3377 1214 3432 Totius
1261 3379 1392 3433 belli
1444 3389 1689 3448 tempore
1729 3378 1980 3432 virorum

403 3476 563 3535 capta
596 3477 726 3522 sunt
750 3467 816 3520 ad
859 3468 1156 3538 nonaginta
1183 3476 1393 3537 septem
1444 3468 1634 3530 millia,
1687 3468 1855 3522 totius
1883 3467 1985 3522 ob-

402 3557 636 3616 sidionis
659 3566 906 3628 tempore
938 3559 1200 3616 undecies
1224 3570 1452 3614 centena
1493 3561 1774 3614 hominum
1810 3559 1982 3614 millia

405 3651 734 3720 perierunt:
773 3668 1006 3720 quorum
1032 3655 1203 3723 major
1231 3667 1355 3721 pars
1381 3651 1626 3721 ejusdem
1657 3649 1855 3720 gentis,
1883 3652 1981 3705 sed

402 3759 510 3798 non
561 3744 808 3814 ejusdem
848 3745 1084 3799 nationis
1126 3743 1249 3798 fuit.
1295 3745 1429 3800 Nam
1461 3759 1491 3798 e
1558 3752 1669 3798 tota
1699 3741 1982 3812 provincia

401 3835 467 3890 ad
514 3835 716 3892 festum
766 3837 1099 3906 Azymorum
1147 3850 1494 3906 congressos,
1545 3835 1752 3892 bellum
1800 3835 1982 3890 subito

401 3935 772 3997 oppresserat,
805 3939 862 3983 ct
892 3927 1023 3983 viris
1049 3928 1264 3997 plenam
1292 3927 1484 3982 urbem
1511 3927 1977 3984 circumvallarat.

387 4018 635 4074 Romani
669 4033 794 4073 cum
825 4034 892 4073 ex
925 4019 1232 4074 manifestis
1257 4019 1394 4075 alios
1436 4019 1812 4082 sustulissent,
1843 4020 1981 4074 alios

401 4109 718 4178 cepissent,
776 4111 831 4166 in
886 4112 1138 4166 cavernis
1185 4111 1572 4168 delitescentes
1627 4111 1977 4182 indegabant,

383 4215 776 4273 perruptoque
807 4205 926 4258 solo
969 4204 1163 4260 obvios
1195 4219 1444 4274 quosque
1472 4206 1839 4262 trucidarunt.
1872 4205 1977 4263 Sed

404 4307 458 4350 ct
489 4297 562 4351 ibi
605 4299 934 4353 cadaverum
983 4299 1126 4354 ultra
1171 4298 1284 4354 duo
1326 4300 1496 4354 millia
1543 4310 1673 4356 sunt
1722 4309 1978 4369 reperta:

401 4403 468 4442 ac
497 4388 868 4445 subeuntibus
903 4399 1046 4444 teter
1091 4393 1336 4448 occurrit
1380 4392 1560 4455 lentor,
1608 4401 1667 4447 ut
1709 4391 1866 4448 multi
1894 4407 1981 4446 re-

403 4479 684 4540 cederent,
739 4481 832 4533 sed
868 4480 958 4534 alii
993 4497 1102 4551 prre
1132 4484 1358 4538 avaritia
1405 4485 1704 4548 intrabant,
1737 4494 1982 4540 mortuo.
2015 4461 2056 4514 υ

405 4586 526 4623 rum
558 4570 809 4628 cumulos
839 4571 1138 4629 calcantes.
1167 4574 1302 4630 Nam
1337 4576 1389 4629 in
1423 4576 1489 4630 iis
1514 4578 1768 4631 cavernis
1807 4581 1976 4632 multa

403 4674 723 4718 ornamenta
766 4665 1230 4733 reperiebantur:
1272 4668 1425 4722 multi
1463 4669 1630 4723 etiam
1662 4669 1977 4726 educeban-

383 4765 495 4811 .tur
523 4764 580 4816 et
609 4755 1049 4820 dimittebantur,
1095 4774 1234 4828 quos
1258 4761 1470 4829 tyranni
1504 4760 1752 4829 captivos
1787 4770 1977 4816 tenue-

400 4859 542 4905 rant.
575 4850 654 4904 Ex
685 4849 750 4903 iis
781 4851 968 4917 patrizc
994 4851 1264 4920 pestibus,
1293 4852 1530 4907 Joannes
1551 4870 1675 4907 cum
1713 4854 1994 4909 fratribus.

402 4944 456 4998 in
507 4942 761 4998 cavernis
797 4943 1070 5007 esuriens,
1123 4960 1311 5014 pacem
1356 4962 1384 5000 a
1439 4946 1700 5001 Romanis
1747 4948 1974 5017 supplex

381 5035 580 5104 petiit.
627 5037 816 5091 Simon
871 5047 1060 5106 postea
1111 5039 1547 5108 comprehensus
1573 5047 1677 5103 est,
1719 5039 1843 5094 Tito
1873 5040 1978 5095 Ce-

397 5143 571 5184 sareae
609 5128 843 5198 Philippi
873 5129 1129 5200 degontc.
1158 5131 1290 5185 Nam
1323 5146 1447 5186 cum
1477 5130 1849 5200 Hierosolyma
1881 5131 1978 5186 ob-

399 5221 741 5288 siderentur,
789 5233 958 5291 atque
1000 5224 1193 5280 urbem
1245 5223 1479 5286 Romani
1527 5223 1869 5287 intrassent,
1920 5225 1976 5278 in

396 5316 688 5380 superiore
713 5315 848 5384 ejus,
861 5324 1016 5384 parte
1041 5314 1248 5385 degens
1275 5315 1486 5376 Simon,
1514 5317 1815 5385 assumptis
1839 5316 1979 5370 ami-

380 5418 592 5458 corum
621 5404 851 5472 intimis,
886 5421 1102 5475 unaque
1126 5405 1374 5471 lapicidis
1396 5415 1452 5462 et
1479 5405 1828 5462 ferramentis
1861 5405 1978 5462 idos

397 5494 542 5555 nuis,
589 5497 644 5551 in
677 5498 970 5566 quamdam
1003 5513 1294 5554 cavernam
1323 5514 1381 5554 se
1421 5497 1657 5562 demisit,
1696 5506 1754 5560 et
1787 5509 1976 5558 vetere

399 5584 544 5640 fossa
582 5588 977 5655 perambulala,
1014 5599 1216 5646 terram
1269 5590 1573 5653 cxcavavit,
1612 5599 1670 5643 ut
1703 5589 1976 5652 cuniculis

399 5677 558 5743 longe
593 5677 863 5744 promotis
896 5689 1011 5733 tuto
1040 5679 1162 5733 loco
1190 5692 1560 5748 emergerent.
1611 5678 1715 5734 Sed
1751 5680 1974 5748 paulum

397 5767 704 5836 progressis
728 5768 1035 5836 metallicis,
1059 5778 1370 5826 commeatu
1392 5769 1709 5839 destitutus,
1741 5770 1974 5827 candida

2087 3183 2388 3254 ἀναιμωτὶ,
2423 3180 2552 3244 τοὺς
2596 3181 3190 3252 καταλαμϐανομένους
3243 3183 3524 3250 ἐφόνευον,
3569 3178 3667 3232 καὶ

2083 3275 2185 3338 τὰς
2233 3273 2412 3338 οἰκίας
2458 3274 2720 3344 ὕφῆττον.
2747 3274 3095 3329 Ἐπαύσαντο
3123 3275 3181 3328 δὲ
3211 3274 3348 3346 πρὸς
3377 3274 3620 3343 ἑσπέραν
3645 3287 3664 3304 ο

2084 3372 2151 3440 τῇ
2189 3369 2232 3422 δ’
2267 3368 2499 3440 ἐπιούσῃ
2531 3367 2820 3438 παρελθὼν
2864 3369 2894 3420 ό
2927 3368 3084 3430 Τῖτος
3110 3367 3262 3433 εἵσω,
3296 3367 3396 3438 τῆς
3430 3383 3492 3418 τε
3535 3365 3656 3435 ὀχυ-

2089 3461 2311 3532 ρότητος
2339 3463 2439 3528 τὴν
2486 3459 2642 3512 πόλιν
2681 3461 2776 3513 καὶ
2812 3461 2923 3512 τῶν
2965 3459 3192 3528 πύργων
3223 3458 3528 3529 ἐθαύμασε,
3566 3456 3662 3510 καὶ

2085 3553 2214 3608 Σὺν
2246 3552 2368 3620 Θεῷ
2417 3551 2909 3622 ἐπολεμήσαμεν,
2963 3553 3092 3624 ἔφη,
3140 3551 3240 3606 καὶ
3295 3551 3441 3616 Θεὸς
3503 3547 3585 3622 ἦν
3630 3551 3667 3604 ό

2084 3645 2274 3700 τῶνδε
2309 3643 2428 3698 τῶν
2473 3645 2785 3714 ἐρυμάτων
2849 3644 3180 3710 Ἰουδαίους
3219 3643 3512 3699 καθελὼν.
3553 3642 3664 3713 Τὴν

2084 3738 2251 3810 ἄλλην
2268 3755 2327 3791 τε
2353 3739 2509 3791 πόλιν
2531 3736 2830 3806 ἀφανίζων,
2855 3737 2948 3791 καὶ
2973 3737 3042 3790 τὰ
3061 3736 3216 3807 τείχη
3235 3736 3660 3803 κατασκάπτων,

2084 3835 2308 3895 τούτους
2350 3832 2475 3895 τεὺς
2507 3830 2754 3900 πύργους
2784 3829 3048 3883 κατέλιπε
3083 3832 3349 3900 μνημεῖον
3382 3824 3522 3884 εἶναι
3563 3828 3664 3898 τῆς

2086 3925 2251 3982 αὑτοῦ
2293 3926 2487 3995 τύχης,
2634 3922 3050 3995 συστρατιώτιδι
3096 3923 3462 3996 χρησάμενος,
3498 3922 3665 3991 ἐκρά-

2083 4036 2218 4090 τησε
2244 4017 2353 4073 τῶν
2385 4017 2595 4079 ἁλῶναι
2632 4018 2707 4086 μὴ
2753 4018 3094 4088 δυναμένων.
3127 4016 3250 4070 Τῶν
3284 4017 3385 4087 μὲν
3417 4011 3513 4071 οὖν
3543 4018 3664 4086 αίχο

2088 4109 2355 4180 μαλώτων
2389 4110 2629 4172 πάντων,
2661 4109 2711 4163 οἳ
2761 4109 2808 4163 δ’
2864 4110 2990 4164 ὅλου
3023 4109 3117 4163 τοῦ
3149 4109 3390 4178 πολέμου
3422 4108 3664 4178 ἐλήφθης

2086 4221 2206 4270 σαν,
2251 4203 2280 4255 ὁ
2321 4202 2554 4272 ἀριθμὸς
2588 4203 2669 4265 εἰς
2700 4202 2858 4254 ἐννέα
2909 4200 3176 4271 μυριάδας
3216 4202 3310 4254 καὶ
3343 4201 3664 4268 ἑπτακισχι-

2083 4295 2233 4356 λίους
2288 4294 2531 4365 συνήχθη
2564 4311 2577 4326 ο
2619 4293 2728 4348 τῶν
2773 4291 2832 4346 δὲ
2864 4292 3259 4362 ἀπολλυμένων
3289 4293 3430 4346 κατὰ
3481 4293 3664 4345 πᾶσαν

2084 4385 2182 4456 τὴν
2215 4384 2560 4454 πολιορκίαν,
2607 4384 2868 4456 μυριάδες
2903 4383 3101 4436 ἑκατὸν
3135 4382 3410 4438 καὶ,δέκα.
3443 4381 3664 4436 Τούτων

2087 4478 2150 4530 τὸ
2187 4478 2352 4530 πλέον
2391 4476 2665 4545 ὁμόφυλον
2711 4476 2832 4548 μὲν,
2873 4473 2992 4528 ἀλλ’
3035 4475 3135 4526 οὐκ
3173 4473 3469 4545 ἐπιχώριον
3499 4490 3514 4504 ·
3558 4472 3664 4526 ἀπὸ

2086 4571 2198 4644 γάρ
2232 4572 2327 4641 τῆς
2357 4571 2543 4643 χώρας
2593 4569 2722 4641 ὅλης
2767 4571 2862 4622 ἐπὶ
2899 4569 3000 4640 τὴν
3028 4567 3139 4621 τῶν
3185 4567 3438 4634 Ἀζύμων
3467 4567 3662 4636 ἑορτὴν

2086 4666 2527 4737 συνεληλυθότες,
2554 4664 2819 4736 ἐξαπίνης
2845 4663 2924 4734 τῷ
2957 4661 3186 4732 πολέμῳ
3206 4659 3662 4732 περιεσχέθησαν,

2084 4759 2177 4813 καὶ
2202 4758 2406 4828 μεστὴν
2428 4761 2455 4811 ὁ
2480 4758 2717 4826 πόλεμος
2745 4757 2843 4828 τὴν
2872 4757 3029 4810 πόλιν
3055 4755 3266 4824 ἀνδρῶν
3291 4751 3660 4812 ἐκυκλώσατο.

2095 4851 2248 4905 Ἐπεὶ
2299 4850 2357 4903 δὲ
2404 4850 2511 4904 τῶν
2539 4848 2789 4920 φανερῶν
2833 4848 2928 4911 οὓς
2958 4848 3059 4917 μὲν
3092 4847 3322 4912 ἀνεῖλον,
3363 4843 3459 4912 οὓς
3488 4844 3534 4898 δ’
3565 4847 3663 4916 ῂχ-

2085 4944 2401 5015 μαλὼτισαν
2453 4942 2744 5010 Ῥωμαῖοι,
2785 4944 2916 5004 τοὺς
2949 4943 3009 4996 ὲν
3049 4944 3162 5005 τοῖς
3197 4939 3492 5008 ὑπονόμοις
3527 4940 3661 5009 ἀνη-

2083 5035 2310 5108 ρεύνων,
2340 5034 2437 5088 καὶ
2476 5033 2919 5106 ἀναῤῥηγνύντες
2940 5031 2998 5084 τὸ
3017 5031 3233 5099 ἔδαφος,
3267 5030 3416 5092 ὅσοις
3441 5028 3662 5100 δνετύγ·

2082 5145 2270 5202 χανον,
2309 5127 2573 5182 ἔκτεινον.
2616 5127 2936 5196 Εὑρέῦησαν
2965 5123 3022 5177 δὲ
3056 5126 3219 5177 κάκεῖ
3246 5123 3456 5194 νεκροὶ,
3492 5121 3663 5191 δισχι-

2080 5225 2209 5278 λίων
2257 5222 2520 5276 ἐπέκεινα
2549 5237 2563 5251 ·
2601 5219 2750 5288 δεινὴ
2781 5218 2838 5279 δὲ
2874 5217 3091 5288 ὑπήντα
3133 5217 3247 5280 τοῖς
3292 5211 3662 5268 ὲπικύπτουσι

2079 5314 2190 5368 τῶν
2214 5313 2483 5384 σωμάτων
2519 5309 2682 5381 ὀδμὴ,
2711 5309 2788 5371 ὡς
2818 5307 3046 5370 πολλοὺς
3073 5305 3276 5368 εὐθέως
3306 5305 3620 5376 ἀναχωρεῖν
3640 5317 3657 5334 ο

2081 5405 2233 5458 ἄλλοι
2260 5404 2306 5456 δ’
2347 5403 2452 5455 ὑπὸ
2483 5399 2803 5466 πλεονεξίας
2836 5399 3164 5462 εἰσεδύοντο,
3197 5395 3454 5468 σωρείαις
3487 5397 3663 5465 ὲμπαα

2078 5494 2300 5556 τοῦντες
2325 5493 2557 5564 νεκρῶν.
2585 5492 2852 5562 Εὖρισκον
2883 5489 2988 5561 γὰρ
3016 5488 3189 5542 πολλὰ
3212 5487 3318 5542 τῶν
3352 5486 3660 5558 κειμηλίων

2081 5590 2137 5640 ἐν
2159 5589 2278 5649 ταῖς
2310 5585 2588 5657 διώρυξιν.
2621 5577 2923 5654 ’Ἃνηγοντο
2961 5584 3020 5636 δὲ
3054 5582 3148 5637 καὶ
3195 5580 3379 5636 πολλοὶ
3412 5580 3521 5634 ὑπὸ
3552 5579 3659 5632 τῶν

2080 5681 2363 5749 τυράννων
2421 5677 2777 5746 κατεχόμενοι
2837 5675 3136 5745 δεσμῶται,
3189 5675 3283 5727 καὶ
3331 5671 3655 5727 ἀπελύοντο.

2084 5773 2305 5828 Τούτων
2339 5772 2396 5826 δε
2428 5770 2536 5826 τῶν
2576 5770 2899 5841 ἀλαστόρων
2924 5772 2951 5824 ὁ
2999 5770 3098 5842 μὲν
3147 5769 3402 5838 Ἰωάννης
3450 5767 3511 5824 ὲν
3545 5765 3659 5828 τοῖς
