4002 6250
312 301 422 363 533

1611 310 2020 372 ΛΝΝᾹΜΗΜ
2060 313 2208 374 LIB.
2249 316 2349 378 VI.

3449 321 3562 382 53b

315 411 602 483 ὕπονόμοις
672 412 812 483 μετὰ
864 413 973 467 τῶν
1028 415 1276 484 ἀδελφῶν
1327 404 1632 486 λιμώττων,
1699 419 1878 484 δεξιᾶν

2005 423 2209 480 ndutus
2243 426 2452 490 tunica,
2485 435 2540 481 ct
2569 426 2856 498 chlamyde
2895 443 3173 500 purpurea
3223 430 3564 486 inlibulatus.

315 503 464 573 παρὰ
496 502 786 574 Ῥωμαίων
813 505 996 560 λαϐεῖν
1027 509 1259 564 ἱκέτευε.
1293 511 1477 580 Σίμων
1501 513 1559 565 δὲ
1587 512 1886 581 μετέπειτα

315 596 640 666 συνελήφθη,
697 596 790 652 τοῦ
825 599 986 654 Τίτου
1035 601 1321 670 διάγοντος
1372 606 1452 667 εἰς
1489 603 1584 674 τὴν
1611 603 1883 658 Φιλίππου

314 689 618 759 λεγομένην
650 691 1014 763 Καισάρειαν.
1047 693 1530 791 Πολιορκοὲμένων
1568 697 1676 766 γάρ
1705 699 1886 768 ,Ἱερο-

313 781 587 852 σολύμων,
627 785 720 837 ἐπὶ
759 785 862 855 τῆς
894 785 1007 840 ἄνω
1048 787 1255 850 πόλεως
1293 781 1390 852 ὣῖι,
1441 789 1550 841 τῶν
1598 787 1886 859 Ῥωμαίων

312 873 464 937 ἐντὸς
494 875 804 945 γενομένων
828 877 928 948 τῆς
957 877 1183 946 πόλεως,
1215 882 1243 933 ὁ
1264 881 1446 950 Σίμων
1476 882 1602 946 τοὺς
1624 884 1885 937 πιστοτά-

317 981 436 1029 τους
481 967 819 1037 παραλαεὼν
855 969 968 1024 τῶν
1001 970 1190 1040 φίλων,
1237 973 1332 1025 καὶ
1370 973 1468 1026 σὺν
1505 976 1690 1036 αὐτοῖς
1743 975 1888 1028 λιθοσ

318 1057 534 1127 τόμους,
590 1059 686 1112 καὶ⁵
741 1060 835 1114 τὸν
898 1063 1038 1134 πρὸς
1089 1063 1188 1132 τὴν
1249 1065 1515 1135 ἐργασίαν
1582 1067 1887 1135 ἐπιτήδειον

316 1146 522 1212 τούτοις
547 1149 786 1220 σίδηρον,
816 1153 897 1216 είς
923 1172 1046 1208 τινα
1072 1156 1183 1208 τῶν
1211 1156 1499 1224 ὑπονόμων
1531 1158 1628 1210 σὺν
1657 1159 1886 1222 ἐκείνοις

311 1235 568 1306 καθίησιν
598 1238 815 1304 ἑαυτὸν,
873 1242 969 1295 καὶ
1020 1241 1083 1297 τὸ
1118 1244 1348 1299 παλαιὸν
1376 1245 1602 1318 ὄρυγμα
1636 1248 1886 1316 διελθὼν,

311 1327 409 1394 τὴν
431 1329 536 1400 γῆν
562 1331 918 1402 ύπενόμευεν,
957 1335 1046 1389 ἵνα
1073 1337 1413 1410 πορρωτέρω
1444 1339 1800 1408 προελθόντες
1827 1343 1887 1396 ἐν

311 1418 583 1492 ἀσφαλείᾳ
632 1425 970 1494 ποιήσωνται
1003 1427 1104 1498 τὴν
1139 1429 1418 1485 ἀνάδυσιν.
1459 1429 1671 1499 Ὀλίγον
1703 1433 1890 1501 μέντοι

311 1511 419 1562 τῶν
445 1513 882 1580 μεταλλευόντων
911 1522 1410 1590 προχωρησάντων,
1437 1525 1470 1594 ἡ
1492 1525 1665 1596 τροφὴ
1690 1525 1890 1588 αὐτοὺς

223 1654 230 1661 ,
311 1600 644 1658 ἐπιλέλοιπε.
675 1606 808 1659 Τότε
838 1607 902 1678 δὴ
949 1610 1179 1675 λευκοὺς
1225 1609 1471 1666 ἐνδύεται
1511 1615 1889 1684 χιτωνίσκους,

1989 529 2056 567 eo
2104 516 2158 568 in
2204 515 2328 571 loco
2373 532 2404 572 c
2452 527 2598 574 terra
2646 522 2895 586 emersit,
2946 522 3038 577 ubi
3068 523 3330 594 templum
3356 523 3568 578 dudum

1989 605 2192 661 luerat.
2243 607 2414 675 Quem
2465 610 2560 680 qui
2605 611 2884 675 viderunt,
2919 615 3158 685 primum
3185 624 3412 684 stupore
3442 630 3567 668 cor-

1989 699 2129 768 repti
2159 709 2308 765 sunt,
2341 701 2542 758 deinde
2582 705 2810 775 propius
2874 715 3251 774 accesserunt,
3281 708 3446 779 306
3475 708 3564 763 in-

1989 799 2331 862 terrogantes
2355 795 2479 864 quis
2521 799 2711 851 esset?
2751 798 2937 852 Simon
2984 813 3107 854 cum
3143 797 3340 854 ducem
3379 799 3562 854 vocari

1984 883 2259 952 jussisset,
2293 886 2584 942 Terentius
2615 888 2790 944 Rufus
2827 888 2996 952 (hunc
3021 891 3168 946 enim
3219 889 3375 944 Titus
3403 905 3590 944 exer-.

1989 975 2122 1030 citui
2156 977 2496 1048 praefecerat)
2527 983 2850 1048 accersitus,
2883 981 3188 1046 Simonem,
3225 982 3415 1036 audito
3444 982 3564 1052 ejus

1990 1082 2265 1130 sermone,
2292 1069 2345 1123 in
2371 1069 2590 1124 vincula
2614 1073 2946 1141 conjectum,
2971 1072 3078 1127 Titi
3095 1073 3250 1142 jussu
3278 1072 3345 1126 ad
3371 1071 3565 1125 trium-

1989 1158 2160 1230 phum
2195 1163 2537 1216 asservavit:
2581 1163 2634 1217 in
2678 1179 2811 1233 quo,
2842 1165 3040 1235 laqueo
3070 1174 3296 1220 enectus
3335 1172 3440 1228 est,
3468 1178 3566 1234 per

1989 1252 2045 1308 id
2084 1251 2261 1306 forum
2291 1260 2520 1317 tractus,
2546 1255 2638 1308 ubi
2662 1256 2731 1312 de
2757 1257 3018 1314 maleﬁcis
3045 1257 3376 1330 supplicium
3399 1256 3568 1311 sumi-

1991 1352 2100 1398 tur.
2139 1343 2238 1400 llic
2272 1345 2372 1400 fuit
2407 1346 2586 1401 exitus
2613 1346 2857 1403 Simonis
2899 1349 3100 1405 ϐίοι-αι.
3146 1350 3384 1404 Joannes
3408 1362 3564 1401 vero.

1991 1436 2163 1492 altera
2189 1437 2500 1492 Judaeorum
2528 1438 2690 1502 furia,
2719 1440 2785 1494 ad
2819 1450 3145 1511 perpetuum
3176 1454 3455 1497 carcerem
3481 1448 3567 1491 est

1989 1529 2304 1586 damnatus.
2365 1530 2716 1601 Captivorum
2752 1533 3048 1588 multitudo
3077 1530 3275 1602 partim
3312 1530 3378 1584 ad
3406 1528 3567 1598 Egy-

1991 1622 2108 1693 ptia
2133 1622 2350 1677 metalla
2375 1623 2540 1679 missa
2564 1633 2670 1688 est,
2693 1623 2890 1693 partim
2915 1623 2969 1678 in
2993 1621 3323 1693 spectaculis
3345 1618 3563 1672 urbium

311 1696 409 1747 xui.
442 1697 688 1766 χλαμύδα
710 1703 1002 1772 πορφυρᾶν
1028 1704 1567 1774 ἐμπερονησάμενος,
1603 1705 1762 1759 ἀνέδυ
1788 1709 1888 1776 τῆς

1996 1712 2306 1776 interfecta,
2361 1729 2456 1770 seu
2503 1730 2628 1770 cum
2675 1714 2829 1777 feris,
2883 1729 2981 1770 seu
3039 1713 3183 1768 inter
3221 1726 3342 1768 sese
3398 1708 3566 1762 dimi-

312 1787 414 1856 γῆς
452 1790 574 1843 κατ’
613 1793 818 1845 ἐκεῖνον
849 1771 938 1846 τὸν
971 1771 1318 1865 τόπονξένῷ
1347 1797 1584 1868 πρόσθεν
1629 1797 1691 1850 τὸ
1741 1771 1889 1869 ίερδν

1996 1805 2188 1861 cando.
2239 1806 2478 1861 Simonis
2504 1823 2570 1862 ex
2602 1817 2743 1862 terra
2793 1807 3031 1862 emersio
3077 1806 3132 1860 in
3167 1817 3329 1860 causa
3359 1800 3484 1867 fuit,
3511 1808 3571 1851 ut

311 1874 400 1950 ἦν.
436 1881 658 1950 Πρῶτον
692 1884 792 1952 μὲν
820 1881 915 1940 οὖν
942 1886 1149 1958 θάμϐος
1179 1890 1292 1952 τοῖς
1329 1887 1496 1944 ἰδοῦσι
1529 1891 1890 1960 προσέπεσεν,

1996 1905 2318 1952 οτιιιοτοι-ιιιιι
2378 1900 2546 1953 etiam
2601 1898 2992 1953 seditiosorum
3049 1911 3244 1968 magna
3294 1893 3452 1950 turba
3511 1891 3566 1944 in

313 1971 434 2029 εἶτα
472 1978 519 2031 δ’
575 1980 858 2052 ἐγγυτέρω
919 1986 1260 2053 προσιόντες,
1297 1986 1446 2048 ὅστις
1502 1984 1590 2057 εἴη
1639 1983 1892 2057 ἠρώτων.

1996 1987 2263 2044 meatibus
2309 1989 2693 2045 inveniretur:
2754 1990 2901 2044 unde
2945 1987 3112 2044 etiam
3145 1985 3338 2056 templi
3372 1982 3571 2038 funda-

315 2067 502 2138 Σίμων
527 2071 582 2123 δὲ
604 2061 801 2126 ’καλεῖν
830 2075 920 2128 τὸν
946 2077 1184 2146 ἄρχοντα
1209 2077 1358 2146 σφῶν
1390 2077 1753 2148 προσέταττε,
1796 2079 1893 2133 καὶ

1996 2087 2176 2134 menta
2208 2089 2338 2134 sunt
2367 2079 2621 2136 suﬂ‘ossa.

310 2154 416 2231 ἧκε
473 2165 692 2236 κληθεὶς
757 2170 1041 2241 Τερέντιος
1112 2171 1382 2242 Ῥοῦφος,
1439 2172 1499 2235 ὃς
1549 2171 1734 2244 ἄρχων
1787 2174 1887 2245 τῆς
1962 2176 2226 2245 στρατιᾶς
2281 2176 2710 2230 κατελέλειπτοο
2888 2176 3160 2248 γνωρίσας
3218 2174 3366 2237 ὅστις
3414 2165 3482 2242 ἦν
3540 2172 3569 2222 ὁ

313 2261 519 2329 Σίμωνι
548 2266 879 2337 συνελήφθη,
915 2269 1006 2322 καὶ
1036 2270 1208 2334 δεθεὶς
1235 2269 1585 2340 ἐφυλάττετο.
1612 2270 1703 2342 Τι’ξι
1767 2271 1824 2324 δέ
1871 2287 1936 2340 γε
1971 2272 2120 2344 Τίτῳ
2163 2275 2198 2342 ἡ
2237 2273 2499 2343 σύλληψις
2528 2273 2692 2327 αὐτοῦ
2729 2271 2996 2342 ἐδηλώθη,
3033 2273 3129 2326 καὶ
3161 2271 3189 2323 ὁ
3229 2268 3328 2340 μὲν
3366 2267 3446 2331 είς
3478 2264 3570 2318 τὶν

315 2355 584 2427 θρίαμϐον
629 2361 895 2432 ἐτηρεῖτο,
960 2363 1083 2417 καθ’
1136 2364 1196 2417 ὃν
1253 2364 1348 2418 καὶ
1397 2365 1645 2436 ἀνῃρέθη
1672 2365 1901 2436 ἀγχόνῃ,
1945 2366 2132 2438 συρεὶς
2187 2368 2244 2420 ἐν
2275 2370 2342 2438 τῇ
2401 2367 2537 2422 κατὰ
2564 2368 2661 2438 τὴν
2703 2367 2924 2437 Ῥώμην
2953 2366 3146 2435 ἀγορᾷ,
3173 2364 3304 2416 ὅπου
3336 2359 3572 2413 κτείνειν

327 2452 624 2522 Ῥωμαίοις
655 2455 892 2510 εἴθισται
925 2458 1054 2520 τοὺς
1079 2458 1171 2510 ἐπὶ
1207 2458 1519 2529 κακουργίᾳ
1583 2457 2048 2528 θανατουμένους.
2114 2460 2286 2514 Τοῦτο
2357 2461 2458 2530 μὲν
2513 2457 2608 2515 οὖν
2661 2460 2858 2529 γέγονε
2913 2459 3068 2520 τέλος
3119 2455 3198 2527 τῷ
3259 2453 3351 2509 τοῦ
3387 2452 3570 2524 Γιώρα

316 2547 543 2615 Σίμωνι.
569 2548 826 2621 Ἰωάννης
854 2551 933 2613 δὲ,
967 2552 1000 2622 ἡ
1026 2550 1189 2622 λοιπὴ
1221 2551 1330 2607 τῶν
1358 2550 1630 2606 Ἰουδαίων
1657 2551 1894 2621 ἐριννὺς,
1932 2551 2108 2620 δεσμά
2180 2553 2483 2625 κατεκρίθη
2549 2553 2796 2624 διηνεκῆ.
2856 2552 2930 2606 Τὸ
2975 2552 3032 2605 δέ
3065 2551 3173 2604 τῶν
3204 2549 3538 2620 αἰχμαλώτῳ

319 2640 523 2708 πλῆθος
564 2643 625 2696 τδ
657 2644 756 2713 μὲν
794 2645 876 2708 είς
941 2645 1010 2697 τά
1047 2643 1168 2698 κατ’
1233 2645 1510 2712 Αιγυπτον
1553 2643 1692 2714 ἔργα
1741 2643 1967 2714 ἐστάλη,
2007 2643 2069 2696 τὸ
2125 2645 2180 2699 δέ
2230 2647 2288 2700 ἐν
2337 2647 2458 2710 ταῖς
2508 2646 2650 2700 κατὰ
2677 2645 2858 2710 πόλεις
2904 2644 3257 2715 τελουμέναις
3313 2640 3572 2713 θεωρίαις

313 2735 620 2806 ἐφθείρετο,
681 2737 1146 2809 ἢθηριομαχίαις
1178 2739 1546 2807 ἐκδιδόμενον,
1623 2737 1657 2807 ἢ
1717 2738 2302 2809 ἀλληλοκτονούμενον.
2381 2740 2444 2793 Ἠ
2499 2739 2557 2792 δέ
2610 2737 2708 2794 τοῦ
2763 2741 3009 2809 Σίμωνος
3055 2737 3224 2807 γῆθεν
3290 2734 3568 2801 ἀνάδυσις,

315 2827 449 2880 πολὺ
472 2830 567 2880 καὶ
587 2828 696 2880 τῶν
725 2828 898 2884 ἄλλων
925 2829 1267 2884 στασιαστῶν
1294 2829 1502 2900 πλῆθος
1531 2828 1886 2901 εὑρίσκεσθαι
1924 2830 2068 2886 κατά
2131 2831 2258 2894 τοὺς
2288 2829 2597 2901 ὑπονόμους
2643 2829 2924 2901 ἐποίησεν,
2957 2829 3032 2894 ὡς
3065 2827 3339 2892 ἐντεῦθεν,
3378 2829 3476 2882 καὶ
3501 2830 3573 2880 τά

315 2919 408 2973 τοῦ
440 2921 572 2974 ναοῦ
601 2923 971 2993 άνορυχθῆναι
1003 2922 1252 2994 θεμέλια.

386 3017 516 3070 KZ'.
553 3017 627 3069 Οὐ
663 3017 822 3084 μόνον
845 3017 901 3072 δέ
929 3019 1044 3082 τοῖς
1084 3020 1143 3071 ἐν
1186 3017 1582 3090 Ἰεροσολύμοις
1611 3016 1891 3080 Ἰουδαίοις

2071 3015 2286 3073 XXVII.
2353 3016 2543 3088 Neque
2591 3032 2721 3074 vero
2770 3015 3252 3088 Iiierosolymilani
3305 3015 3573 3070 duntaxat

317 3110 590 3178 ἐπήνεκτο
617 3109 903 3204 κίνδυνος,-
935 3111 1072 3166 ἀλλὰ
1123 3113 1219 3164 καὶ
1268 3114 1384 3173 τοῖς
1438 3112 1496 3162 ἐν
1549 3112 1670 3174 ταῖς
1699 3109 1888 3172 ἄλλαις

1996 3108 2169 3166 Judaei
2219 3109 2540 3181 discrimim
2573 3110 2886 3174 subierunt.
2927 3109 3024 3167 sed
3072 3109 3303 3165 aliarum
3349 3123 3571 3178 quoque

317 3198 526 3250 πόλεσι.
581 3199 768 3252 Πάντα
817 3190 1296 3270 δὲ’διηγήσασθαι
1343 3201 1650 3270 δύσεργονο
1709 3201 1780 3254 τὰ
1834 3201 1892 3254 δὲ

1999 3200 2220 3256 urbium
2250 3201 2478 3258 incola}:
2519 3217 2642 3272 qua
2673 3202 2894 3259 diliicile
2932 3201 3100 3258 fuerit
3133 3214 3421 3256 recensere
3449 3215 3571 3254 om-

317 3290 404 3343 ἐπ’
476 3291 813 3360 ’Λντιοχείας
855 3294 971 3355 τοῖς
1032 3292 1250 3362 ἐκείνην
1315 3293 1557 3346 οἰκοῦσιν
1616 3293 1893 3356 Ἰουδαίοις

320 3382 729 3452 συμϐεϐηκότα,
766 3384 1075 3452 διηγητέον.
1113 3385 1256 3438 Πολὺ
1290 3384 1392 3454 μὲν
1425 3385 1534 3455 γὰρ
1567 3385 1672 3439 ἀνὰ
1711 3387 1892 3439 πᾶσαν

321 3471 417 3541 τὴν
464 3473 796 3544 οἰκουμένην
835 3474 896 3527 τὸ
951 3475 1224 3528 Ἰουδαίων
1279 3475 1433 3538 ἔθνος
1489 3477 1891 3547 κατέσπαρται,

320 3563 583 3624 πολλάκις
637 3565 1096 3634 αἰχμαλωτισθέν,
1148 3566 1224 3630 ὼς
1283 3567 1382 3637 ήδη
1436 3567 1738 3638 ἱστόρηται,
1799 3568 1893 3620 καὶ

322 3651 620 3706 σκεδασθὲν
659 3653 937 3723 πανταχοῦ
974 3673 986 3685 ·
1040 3656 1292 3709 πλεῖστον
1335 3656 1390 3709 δέ
1429 3661 1494 3726 τῇ
1529 3659 1699 3726 Συρία
1725 3659 1893 3726 ἐγκα-

319 3741 662 3808 ταμέμικται
711 3743 854 3795 κατὰ
896 3745 995 3814 τὴν
1050 3747 1374 3812 γειτνίασιν,
1429 3746 1628 3816 μᾶλλον
1679 3747 1734 3801 δὲ
1783 3747 1894 3801 τῶν

319 3833 496 3885 ἄλλων
518 3833 722 3904 ταύτης
747 3834 955 3888 πόλεων
975 3837 1278 3904 Ἀντιόχεια
1297 3838 1581 3902 κατοίκους
1605 3838 1894 3903 Ἰουδαίους

319 3924 606 3999 ἐκέκτητο,
637 3926 725 3978 διά
755 3942 812 3979 τε
865 3926 925 3978 τὸ
967 3924 1068 3994 τῆς
1119 3927 1329 3990 πόλεως
1379 3927 1630 3996 μέγεθος,
1671 3930 1770 3982 καὶ
1809 3930 1894 3983 ὅτι

322 4017 452 4070 ἁδεᾶ
484 4017 584 4088 τὴν
629 4017 952 4089 κατοίκησιν
1005 4021 1063 4072 ἐν
1122 4021 1262 4091 αὐτῇ
1317 4021 1598 4092 παρέσχον
1630 4023 1812 4087 αὐτοῖς
1842 4025 1892 4076 οἱ

322 4110 441 4176 μετ’
493 4109 770 4180 Ἀντίοχον
833 4110 1093 4180 βασιλεῖς.
1159 4113 1218 4165 '0
1276 4111 1377 4182 μὲν
1439 4112 1549 4184 γάρ
1588 4113 1895 4184 Ἐπιφανὴς

333 4201 608 4270 Ἀντίοχος
654 4203 726 4257 τά
766 4219 828 4254 τε
869 4204 1222 4274 Ἱεροσόλυμα
1249 4204 1608 4276 ἐξεπόρθησε,
1661 4205 1756 4260 καὶ
1802 4206 1894 4259 τὸν

320 4294 448 4348 ναὸν
481 4295 766 4364 ἐσύλησεν.
795 4297 860 4350 Οἱ
888 4296 944 4350 δὲ
970 4298 1090 4367 μετ’
1113 4299 1277 4352 αὐτὸν
1305 4298 1547 4368 βασιλεῖς
1571 4298 1751 4364 ἐξίσου
1779 4301 1893 4364 τοῖς

323 4385 552 4453 Ἕλλησι
589 4387 838 4458 μετέχειν
883 4387 983 4457 τῆς
1022 4388 1231 4452 πόλεως
1259 4389 1444 4452 αὐτοῖς
1486 4389 1894 4460 συνεχώρησαν.

324 4479 414 4531 Aab
448 4480 544 4533 καὶ
576 4482 656 4543 είς
685 4481 890 4550 πλῆθος
922 4481 1226 4544 ἐπέδωκαν,
1263 4482 1399 4537 πολὺ
1446 4483 1651 4554 πλῆθος
1704 4483 1894 4556 Ἐλλή-

325 4589 432 4623 νων
460 4573 863 4643 προσαγόμενοι
895 4576 962 4644 τῇ
996 4573 1288 4646 θρησκείᾳ.
1338 4573 1479 4628 Καθ’
1517 4574 1576 4627 ὃν
1611 4575 1666 4629 δέ
1701 4578 1897 4648 καιρὸν

324 4669 352 4719 ό
391 4666 499 4720 τῶν
549 4666 938 4737 Ἰεροσολύμων
976 4667 1209 4736 πόλεμος
1236 4665 1532 4740 ἐξερράγη,
1567 4666 1660 4722 καὶ
1686 4668 1767 4732 είς
1797 4669 1898 4741 τὴν

324 4761 525 4829 Συρίαν
580 4761 952 4814 κατέπλευσεν
1011 4761 1442 4826 Οὐεσπασιανὸς,
1502 4760 1564 4814 τὸ
1629 4762 1685 4814 δὲ
1740 4764 1899 4834 μῖσος

328 4852 468 4905 κατὰ
497 4851 592 4904 τοῦ
621 4850 814 4916 ἔθνους
845 4850 996 4921 παρὰ
1035 4853 1202 4906 πᾶσιν
1244 4852 1482 4923 ἤκμαζε,
1527 4853 1651 4908 τότε
1694 4853 1758 4920 δή
1811 4872 1896 4919 τις

336 4941 589 5008 Ἰουδαῖος
621 4945 915 5015 ’Δντίοχος,
967 4945 1082 5010 υίὸς
1130 4945 1238 5000 τῶν
1288 4946 1372 4999 ἐπ’
1402 4945 1732 5015 ’Λντιοχείας
1759 4949 1898 5003 Ἰου-

324 5035 490 5091 δαίων
517 5036 612 5092 τοῦ
647 5038 888 5108 πρώτου,
951 5039 1031 5101 είς
1081 5037 1172 5090 τδν
1219 5037 1392 5108 δῆμον
1441 5037 1548 5090 τῶν
1579 5039 1898 5110 ’Δντιοχέων

326 5128 637 5198 παρελθὼν,
677 5129 979 5200 κατηγόρει
1027 5127 1128 5198 μὲν
1175 5129 1270 5182 τοῦ
1313 5129 1541 5199 πατρὸς,
1599 5131 1900 5201 κατηγόρει

326 5219 382 5273 δὲ
411 5223 507 5273 καὶ
552 5219 662 5273 τῶν
699 5219 908 5273 λοιπῶν
953 5219 1248 5284 Ἰουδαίων,
1285 5219 1372 5274 ὄτι
1407 5221 1766 5290 καταπρῆσαι
1795 5223 1896 5292 τὴν

330 5312 488 5365 πόλιν
516 5311 740 5365 ἃπασαν
783 5311 1201 5374 ἐϐουλεύσαντο,
1235 5308 1330 5364 καὶ
1372 5311 1662 5380 παρεδίδου
1716 5311 1902 5376 ξένους

339 5402 629 5467 Ἰουδαίους
657 5403 808 5464 τινας
836 5393 910 5468 ὦς
946 5403 1043 5458 τοῦ
1083 5403 1451 5474 βουλεύματος
1485 5404 1804 5467 κοινωνούς,
1825 5405 1900 5456 Te

295 5565 302 5570 ι
326 5493 382 5548 δέ
407 5493 516 5550 τῶν
544 5496 865 5568 Ἀντιοχέων
888 5495 1182 5568 δημοτικὸν
1204 5496 1331 5559 τοὺς
1364 5495 1462 5566 μὲν
1493 5496 1906 5567 παραδοθέντας-

326 5585 523 5642 αὐτίκα
563 5587 936 5654 κατέκαυσαν,
984 5590 1126 5644 κατὰ
1163 5589 1222 5644 δὲ
1273 5589 1383 5643 τῶν
1418 5588 1717 5658 αὐθιγενῶν
1765 5590 1902 5643 Ἰουρ-

328 5679 489 5734 δαίων
524 5679 781 5753 ὥρμηντο
807 5681 1087 5745 κάκείνους
1109 5683 1572 5754 τιμωρησόμενοι.
1616 5682 1674 5736 '0
1701 5681 1757 5736 δὲ
1787 5682 1899 5736 τῶν

329 5763 619 5834 ὁμοφύλων
681 5775 985 5839 κατήνορος
1061 5774 1366 5842 ’Λντίο·(ος,
1442 5775 1747 5839 ἀποστῆναι
1801 5775 1900 5840 τῆς

1996 3293 2110 3356 nia,
2162 3310 2333 3349 unum
2382 3303 2562 3350 tamen
2605 3296 2992 3365 exponendum
3031 3303 3116 3350 est
3139 3293 3416 3365 quomodo
3444 3309 3568 3347 cum

1996 3383 2355 3441 Antiochcnis
2381 3386 2589 3442 Judazis
2619 3397 2802 3443 actum
2833 3386 3020 3443 fuerit.
3050 3386 3186 3441 Nam
3215 3386 3445 3440 multum
3471 3384 3573 3440 Ju-

1995 3474 2166 3530 ἀελίοιο
2197 3477 2375 3545 gentis
2409 3491 2508 3545 per
2551 3484 2725 3531 totum
2772 3477 2964 3532 urbem
3007 3485 3280 3532 terrarum
3314 3483 3399 3529 est
3453 3473 3569 3528 dis-

1997 3580 2217 3635 persum
2244 3582 2263 3619 :
2303 3581 2448 3634 saepe
2498 3577 2656 3638 capta
2691 3576 2799 3631 est,
2849 3579 2904 3622 et
2950 3567 3154 3637 ubique
3192 3564 3480 3634 dissipata,
3513 3573 3574 3617 ut

1991 3657 2104 3726 jam
2129 3657 2486 3726 exposuimus
2514 3675 2529 3713 :
2572 3660 2806 3713 maxima
2841 3667 3026 3716 tamen
3055 3675 3182 3729 pars
3211 3659 3384 3730 Syria:
3441 3673 3570 3726 pro-

1995 3759 2119 3819 pter
2147 3750 2484 3805 vicinitatem
2513 3759 2600 3806 est
2623 3751 2895 3806 immista:
2935 3760 2991 3806 et
3014 3751 3308 3806 Antiochia
3337 3765 3463 3820 cum
3501 3751 3572 3803 Oli

1997 3841 2150 3895 urbis
2172 3841 2616 3911 amplitudinem,
2647 3851 2760 3896 tum
2795 3853 3021 3912 propter
3042 3843 3275 3897 liberam
3307 3842 3384 3896 ibi
3411 3841 3566 3896 hab}.-

1998 3933 2148 3987 tandi
2181 3934 2515 3993 facultatem.
2548 3934 2616 3989 ab
2645 3934 2900 3989 Antiochi
2927 3931 3342 3989 successoribus
3395 3932 3569 4002 impe-

2000 4032 2216 4087 tratam,
2259 4026 2442 4094 plures
2465 4024 2686 4080 Judaaos
2716 4024 3018 4094 inquilinos
3041 4022 3251 4085 habuit,
3274 4038 3434 4090 quam
3451 4021 3572 4074 aliut

1997 4116 2270 4172 civitates.
2323 4117 2458 4172 Nam
2491 4116 2798 4172 Antiochus
2830 4115 3146 4186 Epiphanes
3197 4113 3571 4183 Hierosolyma

1998 4210 2253 4275 vastavit,
2304 4219 2360 4263 et
2413 4211 2675 4279 templum
2724 4208 2997 4278 spoliavit.
3029 4206 3132 4273 Qui
3166 4215 3350 4260 autem
3395 4206 3568 4260 secuti

1998 4311 2124 4354 sunt
2149 4315 2323 4371 rcges,
2347 4303 2430 4355 eis
2458 4308 2872 4365 concesserunt,
2902 4307 2960 4354 ut
2987 4316 3053 4354 ex
3082 4313 3242 4369 aaquo
3266 4313 3390 4352 cum
3420 4296 3571 4352 Grae-

1998 4393 2079 4448 cis
2107 4393 2400 4462 participes
2431 4393 2581 4448 urbis
2605 4401 2813 4448 essent.
2847 4392 3034 4462 ltaque
3064 4391 3117 4444 in
3151 4404 3398 4461 magnam
3433 4389 3573 4442 mul-

1929 4507 1970 4561 ο
2003 4486 2294 4540 titudinem
2324 4493 2710 4551 excreverunt,
2759 4485 2948 4540 multis
2993 4483 3226 4539 subinde
3271 4480 3472 4538 ϐιηθεὶς
3504 4481 3569 4534 ad

2000 4592 2156 4631 suam
2189 4577 2505 4648 religionem
2539 4576 2839 4647 perductis.
2868 4575 3139 4632 Czeterum
3187 4589 3298 4643 quo
3327 4582 3575 4642 tempore

1999 4671 2205 4724 bellum
2257 4670 2813 4742 Hierosolymitanum
2866 4661 3071 4739 erupit,
3103 4678 3158 4722 et
3210 4664 3576 4734 Vespasianus

2001 4762 2056 4838 in
2087 4762 2240 4833 Syria
2275 4764 2508 4833 appulit,
2547 4762 2804 4818 omnibus
2832 4760 3145 4817 Iudaeorum
3179 4759 3307 4814 oalio
3346 4758 3578 4826 ﬂagran-

2003 4836 2188 4930 tibus:
2234 4865 2364 4910 tunc
2395 4855 2619 4911 Judmus
2652 4854 2874 4924 quidam
2900 4853 3229 4914 Antiochus.
3259 4853 3574 4909 Iudaeorum

2001 4946 2511 5002 Anthiochenorum
2540 4947 2803 5018 principis
2839 4946 3006 5008 illius,
3040 4947 3094 5002 in
3121 4943 3442 5001 concionem
3466 4945 3577 4994 An-

2001 5038 2383 5094 tiochenorum
2414 5055 2756 5110 progressus.
2796 5046 2852 5093 et
2890 5047 3104 5110 patrem
3134 5047 3192 5092 et
3221 5044 3448 5092 caeteros
3472 5034 3575 5087 Ju—

2002 5132 2150 5187 dazos
2179 5133 2478 5195 accusavit,
2513 5149 2609 5187 eos
2650 5133 2708 5189 ie
2740 5133 3082 5190 incendenda
3126 5140 3236 5185 Iota
3267 5129 3402 5184 urbe
3429 5125 3571 5182 deli-

2002 5226 2266 5281 berasse:
2305 5234 2362 5279 et
2403 5226 2725 5295 peregrinos
2751 5225 3016 5290 quosdam
3059 5223 3297 5282 Iudaeos,
3343 5228 3406 5274 ut
3453 5219 3578 5290 ejus

2005 5315 2221 5372 consilii
2254 5315 2528 5380 conscios,
2567 5316 2811 5372 tradidit.
2846 5315 3007 5372 Plebs
3035 5312 3371 5369 Antiochena
3400 5309 3576 5366 tradi-

2005 5415 2090 5459 tos
2113 5404 2331 5458 Judaios
2355 5404 2528 5476 307'
2549 5407 2733 5460 stalim
2765 5405 2992 5468 exussit,
3021 5401 3086 5457 ad
3119 5401 3404 5472 indigenas
3430 5414 3575 5470 quo-

2004 5512 2112 5565 que
2160 5497 2378 5552 Judzeos
2427 5497 2734 5566 puniendos
2775 5495 3070 5552 concitata.
3121 5493 3227 5548 Sed
3271 5493 3576 5549 Antiochus

2002 5588 2346 5659 pupularium
2382 5604 2608 5644 suorum
2660 5598 2967 5650 accusator,
3002 5602 3060 5642 se
3086 5586 3318 5657 patriam
3352 5586 3576 5656 religio-

2003 5696 2141 5734 ncm-
2169 5680 2453 5748 reliquisse
2490 5679 2784 5750 professus.
2819 5695 2971 5734 more
2997 5679 3185 5736 Crreco
3227 5679 3530 5745 immolavit
3555 5688 3576 5728 ε

2003 5783 2055 5827 et
2096 5772 2360 5839 populum
2401 5772 2654 5827 hortatus
2701 5782 2805 5836 ρει,
2850 5781 2911 5828 ut
2961 5783 3188 5830 caeteros
3231 5771 3392 5828 etiam
3431 5769 3580 5826 idem
