4002 6250
453 327 588 391 ’,535

1773 328 2096 390 IOANNIS
2137 325 2458 387 ZONAR/E

3612 321 3710 382 53G

480 448 659 502 facere
689 445 929 532 cogeret.
979 447 1114 502 Nam
1149 446 1223 502 ita
1254 444 1602 501 insidiatores
1644 444 2045 516 deprehensum

2156 443 2387 511 πατρίου
2416 441 2593 510 λέγων
2646 441 2966 514 θρησκείας,
3027 437 3216 492 ἔθυσεν
3275 436 3351 501 ὡς
3404 435 3566 506 νόμοι
3610 439 3712 501 τοῖς

479 541 572 600 iri,
619 539 662 594 si
713 540 1036 610 religionem
1071 554 1222 594 suam
1268 540 1480 611 ejerare
1525 538 1752 593 nollent.
1801 538 1934 610 Ejus
1965 539 2046 592 rei

479 647 603 687 cum
632 633 956 689 Antiocheni
1005 633 1306 702 periculum
1354 633 1632 700 fecissent,
1679 632 1837 702 pauci
1867 647 2049 687 cesse-

480 737 648 782 runt:
691 727 786 797 qui
820 726 1068 782 Graecum
1115 727 1281 781 ritum
1329 726 1711 796 repudiarunt,
1771 725 2045 780 interfecti

478 830 626 873 sant.
676 819 823 874 Idem
859 819 1160 874 Antiochus
1210 819 1479 874 militibus
1512 818 1677 872 etiam
1719 833 1748 871 a
1797 817 2046 872 Romano

477 912 710 980 przeside
745 912 1006 982 acceptis,
1037 927 1238 967 saevum
1287 927 1344 966 se
1378 910 1736 982 popularibus
1762 910 1877 964 suis
1907 925 2047 979 prte-

475 1001 616 1066 buit,
671 1001 844 1056 otium
891 1001 1000 1056 diei
1055 1002 1273 1072 septimi
1317 1017 1412 1057 eos
1447 1016 1608 1072 agere
1664 1016 1772 1054 non
1827 1014 2045 1069 passus,

473 1106 650 1160 eoque
686 1091 1032 1146 necessitatis
1059 1091 1290 1161 redegit,
1323 1099 1383 1145 ut
1413 1089 1632 1145 Sabhati
1667 1088 1901 1159 ignavia,
1935 1102 2044 1140 non

473 1183 782 1239 Antiochia:
828 1184 1116 1249 duntaxat,
1165 1185 1260 1240 sed
1298 1185 1352 1238 in
1383 1184 1507 1240 aliis
1559 1199 1777 1254 quoque
1814 1182 2047 1237 urbibus

447 1271 542 1330 'ad
578 1286 794 1346 tempus
831 1277 1210 1348 abrogaretur.
1237 1277 1426 1348 Neque
1452 1293 1582 1332 vero
1614 1276 1730 1332 haec
1757 1276 2041 1330 duntaxat.

472 1369 838 1425 Autiochenis
867 1368 1069 1425 Judaeis
1105 1369 1450 1434 acciderunt,
1477 1369 1570 1424 sed
1600 1378 1657 1424 et
1689 1369 1792 1423 alia
1822 1367 2046 1423 calami-

476 1472 559 1516 tas
604 1461 852 1517 nccessit.
885 1461 1101 1517 Accidit
1152 1471 1211 1516 ut
1256 1463 1583 1532 quadratum
1641 1460 1794 1515 urbis
1841 1459 2042 1522 forum,

477 1552 846 1622 prretoriaque
876 1561 932 1607 et
961 1552 1166 1607 tablina
1198 1559 1598 1615 cremarentur,
1625 1551 1781 1622 cujus
1801 1548 2045 1605 incendii

476 1643 619 1697 idem
655 1642 962 1698 Antiochus
1008 1643 1229 1698 Iudaeos
1270 1641 1702 1708 criminabatur;
1744 1650 1800 1696 et
1848 1641 2045 1696 Antio-

473 1733 810 1804 chenosjam
841 1741 966 1788 ante
1001 1735 1140 1788 male
1173 1737 1536 1802 suspicantes,
1571 1742 1763 1788 contra
1787 1748 1882 1789 eos
1913 1747 2046 1788 con-

473 1823 683 1888 citavit,
713 1831 772 1877 ut
801 1823 1136 1877 furiosorum
1170 1825 1343 1878 instar
1371 1837 1562 1878 omnes
1591 1831 1780 1879 contra
1812 1837 2042 1879 accusa-

473 1926 558 1970 tos
599 1924 846 1976 ruerent.
885 1923 942 1970 et
981 1931 1125 1986 aegre
1158 1932 1186 1970 a
1228 1915 1555 1986 quibusdam
1591 1915 2042 1986 reprimerentur,

472 2007 835 2063 suadentibus
896 2016 956 2062 ut
998 2022 1219 2063 causam
1267 2023 1388 2062 eam
1449 2007 1574 2063 Tito
1631 2008 2046 2078 disceptandam

473 2109 838 2158 reservarem.
891 2100 1104 2156 Interea
1158 2101 1380 2171 quidem
1433 2116 1492 2154 re
1544 2100 1834 2170 diligenter
1863 2101 2045 2170 inqui-

469 2191 596 2256 sita,
641 2199 860 2260 gentem
915 2189 1200 2246 Iudaicam
1255 2190 1531 2246 insontem
1581 2201 1947 2260 repererunt:
1990 2199 2047 2245 et

469 2283 592 2353 ejus
621 2282 884 2339 facinoris
934 2291 1192 2338 auctores
1221 2297 1344 2338 esse
1380 2283 1636 2338 homines
1663 2283 1944 2352 improbos
1973 2282 2045 2336 ob

469 2377 594 2432 teris
621 2373 782 2430 alieni
812 2374 1220 2436 necessitatem,
1258 2383 1426 2440 ratos,
1459 2375 1504 2428 si
1535 2374 1718 2429 curias
1738 2384 1794 2429 et
1827 2373 2046 2444 publica

472 2468 679 2523 tablina
708 2467 1106 2530 incendissent,
1141 2468 1256 2523 fore
1287 2468 1560 2522 neminem
1595 2482 1624 2521 a
1661 2481 1771 2537 quo
1803 2467 2047 2538 appella-

472 2568 686 2614 rentur.
740 2558 951 2615 Interea
979 2557 1162 2613 Titum
1196 2558 1541 2614 Antiochiam
1582 2557 2042 2628 proficiscentem,

471 2652 710 2722 populus
743 2650 1126 2707 Antiochenus
1160 2651 1376 2706 obviam
1426 2665 1703 2722 egressus,
1744 2650 1884 2706 latis
1906 2652 2046 2706 omi-

472 2743 634 2799 nibus
662 2741 886 2814 excipit,
917 2742 1095 2798 mistis
1129 2742 1391 2812 precibus
1419 2743 1485 2796 de
1529 2741 1733 2798 Judaei:
1763 2741 1898 2797 urbe
1930 2741 2045 2811 pcl-

471 2835 671 2892 lcndls.
720 2835 771 2891 Is
814 2850 948 2890 vero
977 2844 1090 2890 tum
1133 2850 1197 2890 ea
1245 2833 1414 2889 verba
1445 2833 1658 2904 placide
1691 2832 2045 2889 dissimulans

471 2930 800 2996 praeteribat.
831 2927 1039 2985 Deinde
1052 2916 1259 2985 rursus
1278 2929 1642 2985 Antiochenis
1668 2928 1811 2984 idem
1840 2928 2046 2983 acriter

469 3022 878 3094 flagitantibus:
920 3023 1009 3088 At,
1047 3022 1247 3093 inquit,
1279 3023 1460 3092 patria
1492 3038 1694 3087 eorum,
1740 3037 1842 3092 quo
1871 3037 2045 3076 rever-

2153 535 2402 604 ’Ἐλλησι,
2435 532 2666 604 παρῄνει
2712 533 2768 588 δὲ
2799 533 2892 586 καὶ
2930 534 3056 595 τοὺς
3095 531 3290 594 ἄλλους
3323 534 3496 584 ποιεῖν
3521 531 3714 599 ὁμοίως

2152 625 2436 696 βιάζεσθαι
2468 640 2484 656 ⁸
2523 623 2742 678 ἔσεσθαι
2781 625 2890 693 γὰρ
2943 623 3210 694 φανεροὺς
3244 624 3369 685 τοὺς
3403 622 3716 675 ἐπιϐουλεύ-

2151 735 2372 782 σαντας,
2404 717 2484 788 τῷ
2510 718 2586 788 μὴ
2608 718 2706 787 τῷ
2731 715 2999 788 σφετέραν
3021 714 3316 786 θρησκείαν
3350 715 3713 785 ἀπόμνυσθαι.

2147 810 2464 880 Χρωμένων
2514 810 2570 863 δὲ
2600 812 2663 882 τῇ
2691 809 2857 880 πείρα
2883 809 2991 864 τῶν
3021 809 3365 877 Ἀντιοχέων,
3402 806 3570 874 δ’λίγοι
3623 808 3716 876 μὲν

2150 901 2440 970 ὑπέκυψαν
2470 916 2484 932 ⁸
2511 903 2559 954 οἰ
2597 901 2653 954 δὲ
2690 901 2764 973 μὴ
2799 901 3074 970 ἐλληνίσαι
3099 899 3467 970 ἀνασχόμενοι
3497 898 3710 966 διεφθά-

2153 1009 2346 1061 ρησαν.
2389 992 2446 1045 Ὀ
2480 992 2525 1044 δ’
2577 992 2869 1064 εἰρημένος
2920 991 3196 1062 Ἀντίοχος
3239 991 3335 1044 καὶ
3383 989 3717 1062 στρατιώτας

2149 1085 2301 1153 παρὰ
2330 1082 2426 1136 τοῦ
2489 1083 2772 1154 Ῥωμαίων
2816 1085 3085 1155 ἡγεμόνος
3131 1083 3336 1148 λαϐὼν,
3393 1083 3626 1154 χαλεπὸς
3654 1079 3719 1154 ἦν

2145 1179 2260 1238 τοῖς
2290 1175 2609 1244 ὁμοφύλοις,
2646 1177 2834 1246 ἀργεῖν
2861 1177 2958 1247 τὴν
2984 1176 3220 1247 ἑϐδόμην
3254 1177 3354 1229 οὐκ
3385 1175 3716 1245 ἐπιτρέπων·

2131 1269 2290 1323 ὀὕτω
2319 1288 2376 1323 τε
2407 1271 2506 1342 τὴν
2555 1271 2803 1341 ἀνάγκην
2855 1271 3007 1324 ἔθετο
3056 1271 3303 1341 ἰσχυρὰν,
3343 1271 3418 1334 ὡς
3449 1273 3526 1340 μὴ
3563 1270 3719 1340 μόνον

2147 1362 2237 1415 ἐπ’
2262 1349 2600 1432 Ἀντιοχείας
2626 1362 2724 1434 τὴν
2750 1363 2848 1416 τοῦ
2875 1363 3156 1416 Σαϐϐάτου
3190 1363 3390 1434 ἀργίαν
3422 1361 3720 1414 καταλελύ-

2151 1453 2296 1515 σθαι,
2326 1452 2462 1508 ἀλλά
2495 1456 2599 1507 κάν
2623 1456 2745 1517 ταῖς
2772 1453 2960 1519 ἄλλαις
3003 1453 3224 1508 πόλεσιν
3263 1455 3355 1507 ἐπί
3387 1472 3508 1507 τινα
3531 1454 3721 1524 χρόνον

2147 1543 2306 1597 τοῦτο
2347 1546 2741 1616 ἐπικρατῆσαι.
2773 1549 2846 1601 Οὐ
2877 1547 3053 1602 ταῦτα
3105 1548 3161 1602 δὲ
3203 1548 3342 1618 μόνα
3373 1551 3485 1610 τοῖς
3517 1551 3575 1601 ὲν
3603 1549 3723 1599 Ἀν-

2145 1636 2354 1710 τιοχεία
2415 1637 2764 1708 συμϐέϐηκεν
2799 1638 3100 1705 Ἰουδαίοις,
3151 1639 3288 1693 ἀλλά
3335 1640 3432 1693 καὶ
3484 1639 3721 1709 δευτέρα

2149 1729 2507 1799 προσεγένετο
2567 1729 2841 1800 συμφορά.
2899 1731 3108 1800 Συνέϐη
3143 1731 3241 1801 μὲν
3276 1730 3385 1801 γὰρ
3433 1747 3724 1800 καταπρη-

2150 1822 2342 1892 σθῆναι
2375 1822 2474 1890 τὴν
2505 1822 2602 1892 τῆς
2634 1821 2843 1886 πόλεως
2871 1823 3215 1892 τετράγωνον
3262 1821 3489 1894 ἀγορὰν,
3526 1820 3725 1891 ἀρχεῖά

2145 1929 2208 1966 τε
2257 1915 2350 1966 καὶ
2409 1912 2843 1986 χαρτοφυλάκια.
2890 1911 2951 1965 '0
2995 1911 3040 1965 δ’
3097 1913 3391 1984 είρημένος
3444 1912 3724 1982 Ἀντίοχος

2146 2007 2260 2067 τοῖς
2284 2005 2565 2067 Ἰουδαίοις
2615 2004 2900 2074 προσῆπτε
2935 2003 3027 2057 τὸν
3075 2004 3430 2074 ἐμπρησμὺν,
3467 2003 3564 2055 καὶ
3597 2003 3726 2066 τοὺς

2159 2097 2455 2164 Ἀντιοχεῖς
2486 2094 2766 2156 ὑπόπτους
2809 2094 3034 2164 ἔχοντας
3093 2094 3195 2166 ἢδη
3245 2095 3465 2157 αὐτοὺς,
3501 2093 3726 2162 ἠρέθισε

2148 2187 2270 2238 κατ’
2304 2185 2502 2248 αὐτῶν,
2537 2187 2630 2238 καὶ
2656 2184 2847 2255 ὥσπερ
2887 2186 3178 2255 ἐμμανεῖς,
3218 2185 3355 2256 πρὸς
3382 2185 3510 2248 τοὺς
3543 2183 3727 2238 διαϐε-

2147 2277 2454 2347 ϐλημένους
2483 2277 2721 2340 ἅπαντες
2757 2277 3036 2349 ὥρμηντο.
3071 2277 3242 2339 Μόλις
3279 2276 3326 2330 δ’
3351 2277 3553 2340 αὐτοὺς
3622 2293 3726 2331 κα-

2145 2371 2340 2441 τέσχον
2361 2369 2527 2434 τινὲς,
2577 2369 3104 2440 συμϐουλεύσαντες,
3134 2369 3280 2440 Τίτῳ
3317 2368 3417 2440 τὴν
3465 2369 3727 2423 ὑπόθεσιν

2147 2460 2451 2515 ἀναθεῖναι.
2488 2461 2579 2514 Ἐν
2625 2461 2702 2532 τῷ
2756 2461 2907 2532 μέσῳ
2962 2461 3018 2514 δέ
3074 2477 3218 2524 τινες
3253 2461 3568 2532 ποιούμενοι
3604 2462 3728 2514 ἑπι-

2150 2551 2289 2622 μελῆ
2347 2552 2442 2605 τοῦ
2506 2551 2837 2623 πράγματος
2887 2553 3139 2626 ζήτησιν,
3188 2545 3353 2624 εὗρον
3389 2554 3450 2607 τὸ
3479 2555 3578 2623 μὲν
3617 2555 3729 2608 τῶν

2158 2644 2429 2698 Ἰουδαίων
2453 2645 2612 2712 γένος
2638 2644 2904 2711 ἀναίτιον,
2933 2647 3203 2718 πονηροὺς
3224 2645 3272 2699 δ’
3293 2644 3631 2718 ,ἀνθρώπους
3665 2648 3727 2700 τὺ

2147 2736 2311 2808 ἔργον
2337 2737 2718 2807 τολμήσαντας
2742 2737 2830 2792 διά
2875 2739 3054 2810 χρεῶν
3093 2739 3367 2808 ἀνάγκας,
3415 2739 3725 2809 οἰηθέντας,

2147 2830 2196 2884 εἰ
2224 2827 2322 2900 τὴν
2347 2829 2556 2900 ἀγοράν
2587 2829 2682 2883 καὶ
2711 2829 2782 2883 τὰ
2809 2831 3050 2901 δημόσια
3100 2835 3459 2904 γραμματεῖα
3503 2832 3728 2904 ιμπρήο

2148 2937 2324 2987 σειαν,
2351 2921 2494 2987 ἕξειν
2522 2922 2849 2994 ἀπαλλαγὴν
2879 2924 2978 2993 τῆς
3006 2925 3370 2994 εἰσπράξεως.
3401 2911 3492 2979 Ἐν
3512 2923 3726 2988 τούτοις

2147 3013 2206 3068 δι
2231 3014 2326 3068 καὶ
2355 3014 2386 3066 ό
2413 3015 2572 3079 Τῖτος
2601 3016 2886 3084 ἀφικνεῖτο
2914 3019 2995 3080 εἰς
3031 3018 3391 3089 Ἀντιόχειαν,
3424 3021 3520 3071 καὶ
3550 3019 3579 3071 ὁ
3615 3020 3725 3073 τῶν

468 3117 680 3171 tendum
711 3115 819 3172 illis
847 3124 1002 3183 esset,
1052 3131 1230 3170 eversa
1283 3124 1380 3181 est,
1423 3130 1588 3187 neque
1620 3114 1761 3169 ullus
1799 3115 1940 3169 locus
1966 3124 2044 3170 est

2159 3105 2479 3176 Ἀντιοχέων
2502 3105 2672 3176 δῆμος
2725 3108 3050 3179 προῦπήντα
3085 3109 3258 3189 αιύτῷ,
3312 3111 3406 3165 καὶ
3435 3113 3674 3182 εύφήμει
3706 3126 3721 3143 ο

469 3227 569 3280 quo
624 3208 969 3279 recipiantur.
1029 3207 1142 3263 Hac
1192 3206 1561 3278 postulatione
1621 3205 1917 3272 frustrati,
1969 3207 2040 3262 ad

2150 3199 2268 3258 ταῖς
2319 3196 2365 3250 δ’
2422 3197 2724 3268 εὐφημίαις
2784 3201 3003 3270 συνεῖρε
3062 3203 3158 3255 καὶ
3206 3201 3414 3272 δέησιν,
3472 3203 3722 3256 ἐκϐαλεῖν

469 3298 627 3352 aliam
659 3307 1082 3361 convertuntur,
1118 3307 1368 3368 petentes
1397 3305 1457 3350 ut
1488 3311 1645 3352 aerea:
1672 3296 1892 3362 tabulae,
1920 3297 2042 3367 qui-

471 3392 575 3444 bus
600 3390 727 3458 jura
759 3389 989 3446 Iudaica
1023 3389 1287 3459 Inscripta
1317 3397 1498 3452 erant,
1549 3388 1896 3443 tollerentur.
1931 3388 2039 3443 Sed

471 3498 539 3536 ne
571 3482 626 3536 id
661 3482 884 3553 quidem
913 3482 1071 3538 Titus
1101 3483 1394 3547 concessit,
1427 3481 1646 3538 Iudaeos
1669 3480 2040 3536 Antiochcnos

469 3571 654 3626 omnia
686 3587 808 3642 qua
841 3571 996 3641 prius
1044 3570 1373 3637 habuerant,
1429 3579 1616 3625 tenere
1655 3584 1870 3640 passus.
1908 3566 2041 3623 Inde

469 3663 854 3720 Alexandriam
877 3663 1248 3734 profecturus,
1273 3677 1397 3719 cum
1418 3662 1794 3733 Hierosolyma
1818 3670 2043 3732 praeter-

469 3757 598 3820 irct,
638 3756 932 3811 miseratus
987 3763 1071 3810 est
1098 3754 1253 3810 urbis
1295 3754 1599 3820 excidium,
1629 3763 1685 3807 et
1714 3751 2044 3808 defectionis

468 3858 724 3905 auctores
755 3848 921 3920 308
945 3847 1268 3914 detestatus,
1305 3854 1364 3902 ut
1389 3845 1588 3901 excidii
1637 3861 1855 3917 quoque
1894 3844 2048 3900 urbis

469 3941 708 4010 antiquae
755 3953 811 3996 et
846 3939 1026 3995 felicis
1065 3949 1340 4004 auctores,
1392 3939 1446 3993 in
1480 3939 1638 4010 cujus
1672 3939 1850 3993 ruinis
1878 3938 2041 3993 etiam

468 4041 655 4103 partes
682 4030 920 4103 ingentis
948 4031 1244 4100 opulentiae
1277 4029 1700 4101 reperiebantur
1729 4047 1742 4083 :
1782 4030 2045 4084 Romanis

469 4123 642 4178 multa
688 4121 1106 4190 eﬂ'odientibus,
1143 4122 1377 4194 captivis
1409 4122 1566 4193 plura
1617 4119 2047 4177 demonstranti-

469 4217 597 4282 bus,
631 4231 756 4287 quae
789 4230 1134 4287 possessores
1159 4216 1231 4272 ob
1265 4215 1509 4271 incertos
1532 4214 1661 4270 belli
1693 4229 1854 4271 casus
1884 4222 2047 4268 terrae

472 4310 817 4364 mandaram.

2150 3289 2409 3356 ἀξιοῦσαν
2455 3289 2586 3352 τοὺς
2631 3290 2922 3355 Ἰουδαίους
2957 3292 3057 3360 τῆς
3112 3294 3341 3358 πόλεως.
3403 3293 3461 3349 '0
3507 3295 3565 3349 δὲ
3603 3298 3722 3349 τζτε

2148 3383 2259 3434 τῶν
2280 3381 2591 3452 λεγομένων
2617 3383 2798 3454 ἡσυχῆ
2832 3384 3178 3453 κατακούων,
3207 3388 3430 3459 παρῄει.
3457 3389 3725 3459 ’Υστερον

2146 3475 2192 3527 δ’
2225 3473 2381 3538 αὖθις
2428 3474 2632 3546 σφόδρα
2680 3476 2929 3546 λιπαρῶς
2988 3479 3328 3549 ἐγκειμένων
3372 3482 3482 3534 τῶν
3513 3484 3722 3535 Ἀντιο-

2147 3568 2329 3638 χέων,
2392 3565 2713 3637 ἐξελαθῆναι
2777 3569 2906 3630 τοὺς
2973 3569 3265 3633 Ἰουδαίους
3316 3573 3414 3640 τῆς
3477 3572 3724 3636 πόλεως,

2157 3659 2320 3712 Ἀλλ’
2345 3659 2382 3727 ἢ
2411 3675 2479 3728 γε
2496 3659 2710 3728 πατρίς
2743 3661 2962 3727 αὐτῶν,
2991 3661 3119 3732 ἔφη,
3159 3664 3247 3728 εἰς
3281 3662 3359 3731 ῆν
3386 3663 3722 3732 ἀναχωρεῖν

2148 3751 2370 3816 αὐτοὺς
2412 3751 2624 3824 ἐχρῆν,
2655 3752 2970 3820 ἀνῄρηται,
3008 3755 3104 3808 καὶ
3138 3754 3357 3819 δέξαιτ’
3385 3753 3461 3808 ἂν
3505 3757 3727 3821 αὐτοὺς

2151 3845 2351 3911 οὐδεὶς
2385 3847 2471 3900 ἔτι
2512 3846 2716 3911 τόπος.
2761 3847 3154 3917 Ἀποτυχόντες
3183 3846 3274 3900 οὖν
3315 3848 3416 3915 τῆς
3456 3849 3728 3917 αἰτήσεως

2143 3935 2372 4006 ταύτης,
2407 3937 2498 3989 ἐπὶ
2553 3936 2816 4006 δευτέραν
2871 3938 3193 4008 ἐτράποντο,
3249 3941 3343 3994 καὶ
3381 3939 3482 4002 τὰς
3519 3941 3726 4011 χαλκᾶς

2146 4028 2334 4100 ἠξίουν
2391 4027 2608 4091 δέλτους
2662 4029 3040 4102 ἀναιρεθῆναι,
3103 4026 3193 4095 αῖς
3255 4031 3325 4086 τὰ
3386 4032 3572 4086 δίκαια
3622 4032 3727 4084 τῶν

2161 4122 2432 4176 Ἰουδαίων
2479 4123 2811 4195 ἐγέγραπτο.
2847 4123 2990 4176 Ἀλλ’
3028 4123 3150 4178 οὐδὲ
3186 4124 3324 4195 πρὸς
3363 4123 3524 4178 τοῦτο
3570 4124 3725 4185 Τῖτος

2149 4215 2432 4268 ἐπένευσε.
2485 4215 2670 4269 Πάντα
2699 4216 2757 4268 δὲ
2789 4217 2902 4278 τοῖς
2933 4216 3021 4269 ἐπ’
3070 4217 3410 4287 Ἀντιοχείας
3451 4215 3729 4277 Ἰουδαίοις

2151 4308 2357 4372 εῖασεν,
2388 4307 2465 4371 ὡς
2499 4308 2762 4380 πρότερον
2786 4305 2929 4379 εἰχον
2959 4309 3114 4364 αὐτά.
3147 4309 3317 4372 Αὐτὸς
3355 4309 3400 4364 δ’
3430 4311 3510 4372 εἰς
3539 4308 3731 4376 Ἀλεξ-

470 4405 723 4476 άνδρειαν
757 4407 954 4469 ἀπιὼν,
1002 4408 1095 4461 καὶ
1128 4407 1269 4459 κατά
1304 4407 1402 4479 τὴν
1449 4407 1677 4476 πορείαν
1729 4404 1798 4458 τὰ
1879 4403 2231 4474 Ἰεροσόλυμα
2295 4403 2658 4470 θεασάμενος,
2719 4403 2953 4475 ᾤκτειρε
2979 4404 3071 4458 τὸν
3096 4406 3198 4476 τῆς
3243 4405 3450 4467 πόλεως
3487 4405 3727 4476 ὄλεθρον,

473 4499 833 4569 ἐπαρώμενος
857 4503 966 4562 τοῖς
991 4501 1187 4564 αῖτίοις
1216 4502 1315 4570 τῆς
1341 4500 1719 4563 ἀποστάσεως,
1753 4498 1827 4562 ὠς
1891 4498 2083 4560 αἰτίοις
2123 4499 2222 4564 τῆς
2249 4497 2349 4568 τῆς
2382 4497 2592 4561 πόλεως
2621 4496 2980 4570 ἐρημώσεως,
3009 4496 3218 4560 πόλεως
3241 4497 3476 4565 ἀρχαίας
3514 4512 3572 4548 τε
3637 4494 3731 4548 καὶ

472 4595 810 4664 εὐδαίμονος.
869 4593 1199 4664 Εὕρίτκοντο
1251 4592 1297 4644 δ’
1332 4593 1412 4644 ἔτι
1457 4594 1560 4646 κάν
1610 4594 1722 4652 τοῖς
1779 4590 2042 4661 ἐρειπίοις
2081 4591 2287 4658 αὐτοῖς,
2334 4589 2473 4659 μέρη
2518 4587 2612 4642 τοῦ
2678 4589 2982 4660 βαθυτάτου
3017 4589 3248 4643 πλούτου
3295 4588 3487 4656 αὐτῆς.
3556 4589 3730 4641 Πολλὰ

475 4688 574 4753 μὲν
605 4683 711 4755 γάρ
749 4683 794 4735 οἰ
859 4681 1120 4751 Ῥωμαῖοι
1175 4682 1536 4745 ἀνέσκαπτον,
1591 4683 1657 4735 τὰ
1697 4682 1867 4734 πλείω
1908 4681 1964 4734 δὲ
2030 4684 2078 4735 οἰ
2121 4681 2463 4750 αἰχμάλωτοι
2499 4679 2871 4746 ὑπεδείκνυον,
2915 4680 3061 4753 άπερ
3105 4683 3155 4736 oi
3220 4681 3545 4753 κεκτημένοι
3593 4683 3730 4755 πρὶς

470 4778 572 4841 τὰς
621 4774 852 4846 ἀδήλους
911 4771 1007 4828 τοῦ
1055 4772 1295 4845 πολέμου
1349 4776 1520 4846 ῥοπὰς
1569 4775 1710 4830 κατὰ
1759 4776 1866 4845 γῆς
1912 4773 2296 4847 ἐθησαυρίζον.

540 4871 777 4929 XXVIII.
819 4869 980 4927 Titus
1023 4887 1090 4926 ex
1129 4869 1364 4943 Ευριο
1398 4879 1454 4926 et
1480 4870 1810 4927 Alexandria
1841 4872 1897 4926 in
1930 4869 2042 4925 Ita-

2218 4871 2352 4924 κη’.
2379 4870 2538 4933 Τῖτος
2579 4868 2627 4923 δ’
2662 4870 2749 4924 ἐπ’
2787 4870 3068 4940 Δίγυπτον
3108 4869 3420 4941 πορευθεὶς,
3451 4871 3551 4924 καὶ
3591 4888 3726 4925 κατ-

468 4969 598 5023 liam
650 4963 1044 5034 navigaturus,
1087 4964 1427 5038 captivorum
1481 4962 1650 5018 duces
1689 4962 1952 5018 Joannem
1985 4971 2043 5017 et

470 5061 747 5114 Simonem
777 5096 792 5117 ,
824 5064 987 5126 atque
1029 5055 1166 5110 alios
1205 5055 1581 5126 septingentos
1608 5054 1757 5110 viros
1801 5053 2044 5126 proceri-

471 5162 580 5206 tate
628 5160 685 5206 et
727 5147 995 5219 elegantia
1025 5162 1321 5217 corporum
1356 5157 1676 5218 prastantes
1700 5189 1714 5213 ,
1768 5150 1953 5204 statim
1986 5149 2042 5204 In

467 5245 674 5300 Italiam
708 5243 834 5298 duci
863 5241 1062 5313 jussit,
1110 5240 1200 5296 οὐκ
1219 5241 1541 5311 explendam
1579 5241 1841 5313 triumphi
1888 5259 2042 5312 pom—

469 5352 613 5411 pam.
655 5335 779 5391 Tito
806 5335 1030 5390 Romam
1064 5349 1304 5402 reverso,
1341 5333 1543 5390 Lucius
1589 5335 1788 5391 Bassus
1842 5346 2046 5406 praetor
2079 5405 2092 5410 ,

471 5428 526 5482 in
584 5427 825 5483 Iuda-am
890 5428 1132 5490 missus,
1191 5427 1415 5482 castello
1472 5423 1710 5481 Herodio
1763 5425 2044 5483 deditione

471 5526 650 5588 rapto,
686 5535 874 5572 omnes
902 5522 1022 5589 ejus
1045 5518 1340 5588 provinciae
1369 5518 1555 5586 copias
1587 5526 1778 5572 contra
1826 5519 2046 5576 Machae-

473 5617 691 5662 runtem
746 5608 1027 5662 castellum
1073 5607 1502 5664 munitissimum
1541 5618 1713 5678 parat.
1758 5609 1852 5664 Est
1896 5611 2044 5666 enim

474 5702 527 5753 in
580 5709 802 5768 petroso
859 5701 1070 5754 tumulo
1121 5701 1326 5766 situm,
1370 5701 1644 5757 moenibus
1705 5703 1994 5774 obseptum
2027 5747 2042 5770 ,

476 5799 660 5860 itaque
713 5808 742 5846 ει
805 5803 994 5849 natura
1037 5802 1330 5864 paratum,
1368 5803 1424 5850 ut
1453 5810 1551 5851 nec
1595 5810 1849 5854 accessus
1905 5795 1958 5853 in
1993 5797 2046 5856 id

2152 4965 2396 5034 αντήσας
2430 4964 2513 5026 είς
2555 4963 2995 5036 Ἀλεξάνδρειαν,
3033 4963 3292 5018 κάκεῖθεν
3317 4962 3473 5016 πλεῖν
3511 4963 3605 5015 ἐπὶ
3631 4963 3729 5033 τὴν

2151 5056 2386 5112 Ἰταλίαν
2435 5056 2669 5129 μέλλων,
2713 5056 2822 5111 τῶν
2863 5055 3229 5128 αἰχμαλώτων
3270 5055 3400 5118 τοὺς
3451 5056 3730 5127 ἡγεμόνας

2165 5151 2421 5221 Ἰωάννην
2470 5148 2568 5204 καὶ
2606 5149 2852 5220 Σίμωνα,
2885 5149 2978 5202 καὶ
3013 5148 3207 5212 ἄλλους
3248 5148 3447 5218 ἄνδρας
3495 5150 3731 5202 ἑπτακοο

2157 5241 2308 5304 σίους
2342 5239 2563 5310 μεγέθει
2598 5256 2660 5294 τε
2697 5240 2794 5295 καὶ
2823 5239 3014 5295 κάλλει
3047 5240 3300 5310 σώματος
3321 5239 3730 5310 διαπρέποντας

2155 5335 2232 5396 εἰς
2273 5334 2373 5393 τὴν
2423 5331 2656 5386 Ἰταλίαν
2701 5332 2903 5386 αὐτίκα
2949 5330 3097 5401 μάλα
3139 5331 3428 5386 ἐκέλευσεν
3476 5331 3728 5400 ἄγεσθαι,

2152 5426 2221 5478 ῖν⁹
2259 5426 2314 5477 ἐν
2345 5426 2420 5494 τῷ
2447 5425 2701 5496 θριάμϐῳ
2727 5424 3062 5495 πληρώσωσι
3093 5424 3192 5496 τὴν
3223 5428 3472 5496 πομπήν.
3501 5426 3729 5480 Μετάδὲ

2154 5515 2255 5586 τὴν
2283 5519 2361 5579 εἰς
2403 5515 2623 5588 Ῥώμην
2660 5515 2755 5568 τοῦ
2787 5515 2950 5568 Τίτου
2977 5515 3158 5584 ἄφιξιν
3191 5515 3466 5586 πεμφθεὶς
3491 5533 3726 5586 στρατη-

2155 5609 2249 5678 γὸς
2306 5612 2385 5669 είς
2447 5608 2704 5663 Ἰουδαίαν
2761 5609 2989 5672 Λούκιος
3037 5608 3268 5672 Βάσσος,
3310 5607 3374 5662 τὸ
3423 5609 3524 5677 μὲν
3567 5610 3626 5663 ὲν
3654 5608 3728 5677 τῷ

2168 5701 2414 5772 Ἡρωδίῳ
2473 5701 2736 5772 φρούριον
2805 5701 2944 5771 μετά
3010 5701 3118 5754 τῶν
3185 5699 3531 5771 κατεχόντων
3597 5701 3728 5755 αὐτὸ

2161 5797 2564 5858 προστῇ-’ἀνέτω
2598 5789 2730 5850 Είτα
2766 5795 2876 5849 πᾶν
2925 5796 3046 5851 ὅσον
3077 5789 3143 5849 ἦν
3182 5795 3299 5847 ἐκεῖ
3331 5794 3726 5852 στρατιωτικὸν
