4002 6250
341 289 444 356 537

1635 277 2040 374 ANNALIUM
2081 317 2233 382 ιλιι.
2272 321 2376 385 Vl.

3480 335 3587 399 538

343 410 688 478 συναγαγὼν,
733 412 824 467 ἐπὶ
854 416 1245 486 Μαχαιροῦντα
1285 421 1594 492 στρατεύει.
1627 419 1734 480 Ἦν
1761 427 1816 480 δὲ
1847 427 1908 480 τὸ

2017 439 2198 498 pateat
2221 473 2237 499 ,
2271 435 2559 504 profundis
2589 439 2822 496 vallibus
2849 449 3104 514 tanquam
3141 445 3299 503 fossis
3322 449 3588 507 cinctum.

341 503 598 573 φρούριον
633 503 792 558 τοῦτο
829 505 950 560 λίαν
981 508 1307 576 δυσάλωτον,
1348 513 1630 584 πετρώδης
1649 515 1726 570 ὢν
1750 516 1909 584 ὄχθος

344 597 748 666 τετειχισμένος
768 614 783 629 ο
811 598 959 654 οὕτω
981 600 1025 654 δ’
1052 601 1154 655 ὑπὸ
1180 603 1280 674 τῆς
1311 604 1530 673 φύσεως
1569 611 1909 663 κατεσκεύα-

340 703 455 751 στο,
487 687 562 752 ὡς
591 689 728 761 μηδὲ
759 693 1017 762 προσιτὸς
1059 690 1198 748 εἶναι
1226 711 1238 726 ·
1277 697 1521 782 φάραγξι
1554 700 1662 770 γὰρ
1709 701 1910 756 πάντο-

341 778 432 831 θεν
467 779 715 848 βαθείαις
747 783 1137 856 ὲτετάφρευτο.
1177 778 1739 863 Οὖτωδδόχυρότητος
1765 792 1906 864 ἔχον,

337 875 436 926 sui.
473 874 748 942 βασίλειον
769 873 918 948 εῖχεν
949 880 1102 944 ἐντὸς
1128 882 1347 949 μεγέθει
1379 901 1438 937 τε
1467 884 1559 939 καὶ
1586 885 1774 940 κάλλει
1803 889 1909 941 τῶν

337 965 608 1036 οίκήσεων
644 967 980 1040 θαυμαστὸν,
1028 972 1226 1036 πολλάς
1259 974 1316 1028 δὲ
1347 975 1442 1029 καί
1487 977 1788 1046 δεξαμένας
1830 981 1910 1042 είς

337 1057 609 1128 ὑποδοχὴν
638 1057 831 1124 ὕδατος
864 1063 924 1115 ἐν
958 1066 1070 1127 τοῖς
1103 1066 1564 1136 ἐπιτηδειοτάτοις
1585 1069 1697 1122 τῶν
1726 1071 1910 1125 τόπων

337 1151 621 1217 ἐκέκτητο.
656 1154 800 1222 Πρὸς
850 1155 905 1207 δὲ
958 1159 1071 1220 τοῖς
1113 1158 1293 1220 ἄλλοις
1347 1159 1407 1212 ὲν
1461 1162 1574 1226 τοῖς
1616 1164 1912 1233 βασιλείοις

339 1244 436 1296 καὶ
466 1246 708 1314 πήγανον
730 1242 822 1318 ἦν,
845 1247 994 1315 ἄξιον
1022 1251 1109 1304 διὰ
1139 1251 1366 1322 μέγεθος
1396 1255 1711 1326 θαύματος·
1737 1260 1910 1330 συκῆς

335 1336 444 1404 γᾰρ
477 1335 598 1388 οὐδὲ
630 1337 760 1406 μιᾶς
795 1336 964 1408 ὕψους
990 1341 1083 1394 καὶ
1117 1342 1328 1412 πάχους
1359 1344 1640 1402 ἐλείπετο·
1681 1348 1840 1418 λόγος
1864 1350 1910 1404 δ’

336 1422 406 1496 ἧι
466 1429 575 1481 ἀπὸ
612 1430 722 1482 τῶν
769 1429 1010 1502 Ἡρώδου
1052 1436 1262 1504 χρόνων
1292 1437 1426 1491 αὐτὸ
1467 1439 1778 1512 διαρκέσαι,
1815 1444 1912 1498 καὶ

337 1518 432 1569 ἐπὶ
457 1519 701 1572 πλεῖστον
735 1521 865 1584 ῐσως
903 1521 1118 1591 ἔμεινεν
1149 1525 1236 1590 ἂν,
1266 1529 1314 1582 εί
1342 1529 1418 1598 μὴ
1453 1530 1558 1584 ὑπὸ
1586 1531 1695 1584 τῶν
1725 1550 1910 1605 παρα·-

336 1609 612 1663 λαὸόντων
646 1612 739 1664 τὸν
767 1613 934 1666 τόπον
967 1615 1240 1672 Ἰουδαίων
1263 1621 1588 1678 ἐκκέκοπτο.
1627 1626 1717 1678 Ἐν
1754 1626 1811 1680 δὲ
1841 1630 1906 1697 τῇ

336 1700 478 1754 κιετὰ
512 1702 604 1772 τὴν
639 1701 840 1774 ἄρκτον
874 1706 969 1786 τοῦ
1010 1711 1273 1779 φρουρίου
1303 1714 1546 1784 φάραγγι
1580 1716 1909 1786 ὀνομάζεταί

334 1813 415 1856 τις
446 1794 608 1858 τόπος
637 1795 811 1868 Βαὰρ,
841 1785 934 1850 καὶ
965 1799 1089 1867 φύει
1119 1801 1276 1873 ῥίζαν
1308 1805 1618 1877 ὁμωνύμως
1643 1811 1912 1882 καλουμέ-

339 1903 437 1954 νην
467 1885 637 1957 αύτῷ.
670 1887 819 1958 Αὕτη
858 1891 1015 1960 φλογὶ
1054 1892 1156 1962 μὲν
1202 1895 1345 1949 ἔοικε
1375 1898 1483 1968 ¹’τὴν
1511 1901 1703 1970 χροιάν
1723 1918 1738 1933 °
1780 1906 1910 1976 περὶ

337 1977 393 2029 δὲ
417 1978 514 2041 τὰς
551 1979 793 2050 ἑσπέρας
829 1981 987 2046 σέλας
1024 1985 1406 2056 ἀπαστράπτει
1441 2002 1456 2018 '
1485 1993 1602 2054 τοῖς
1633 1990 1690 2044 δὲ
1725 1991 1909 2062 βουλο-

341 2071 522 2140 μένοις
566 2071 752 2126 λαόεἰν
801 2073 971 2144 αὐτὴν
1021 2075 1120 2129 οὐκ
1173 2077 1322 2132 ἐστιν
1380 2080 1729 2153 εὐχείρωτος,
1793 2085 1910 2140 ἀλλ’

340 2162 666 2231 ὑποφεύγει,
702 2166 801 2218 καὶ
839 2167 900 2218 ού
952 2169 1220 2240 πρότερον
1264 2171 1506 2239 ἴσταται,
1545 2175 1676 2247 πρὶν
1727 2177 1795 2232 ἄν
1826 2196 1910 2243 τις

338 2250 500 2324 οὖρον
529 2258 787 2323 γυναικὸς
815 2259 847 2330 ἢ
874 2259 934 2313 τὸ
977 2254 1118 2331 αἷμα
1153 2262 1215 2316 τὸ
1255 2262 1503 2336 ἔμμηνον
1534 2271 1780 2343 καταχέῃ
1809 2273 1909 2327 αὺ-

337 2350 462 2417 τῆς,
503 2351 597 2402 καὶ
635 2349 756 2402 τότε
786 2350 844 2405 δὲ
871 2354 986 2416 τοῖς
1013 2353 1316 2424 ἁψαμένοις
1349 2358 1582 2422 θάνατός
1619 2363 1737 2416 ἐστι
1777 2381 1912 2436 προ-

339 2439 537 2510 φανὴς,
578 2441 628 2494 εί
659 2443 734 2513 μὴ
761 2441 901 2515 τύχη
943 2461 1028 2509 τις
1069 2447 1241 2519 αὐτὴν
1270 2451 1492 2523 ἐκείνην
1524 2454 1909 2527 ἀπενεγκάμε·

338 2547 429 2593 νος
451 2532 550 2602 τὴν
577 2533 734 2604 ῥίζαν
764 2537 1164 2608 ἀπηρτημένην
1197 2542 1260 2594 ἐκ
1287 2543 1388 2614 τῆς
1426 2545 1631 2615 χειρός.
1669 2547 1912 2602 Ἀλίσκεο

338 2640 428 2678 ται
460 2623 519 2678 δι
557 2630 652 2680 καὶ
700 2627 822 2682 καθ’
865 2629 1056 2700 ἕτερον
1095 2631 1297 2702 τρόπον
1341 2635 1658 2700 ἀκινδύνως.
1710 2640 1914 2713 Κύκλῳ

339 2717 452 2789 γὰρ
478 2718 648 2789 αὐτὴν
679 2719 1156 2792 περιορύσσουσιν,
1193 2725 1268 2787 ὡς
1297 2722 1437 2782 εἶναι
1474 2731 1540 2800 τῇ
1565 2733 1638 2802 γῇ
1667 2733 1911 2801 κρυπτό-

343 2828 506 2883 μενον
535 2811 636 2881 τῆς
666 2811 822 2884 ῥίζης
852 2813 1212 2884 βραχύτατον,
1245 2815 1344 2871 εῐτ’
1370 2819 1430 2886 ἐξ
1460 2821 1627 2892 αὐτῆς
1651 2823 1913 2878 ἀποδοῦσι

341 2901 502 2961 κύνα,
538 2901 797 2957 κάκείνου
827 2903 906 2974 τῷ
933 2903 1158 2975 δήσαντι
1191 2908 1612 2965 συνακολουθεῖν
1637 2913 1915 2984 ὁρμήσαν-

338 3009 453 3057 τοις,
493 2994 528 3062 ὴ
570 2993 670 3064 μὶν
701 2995 1012 3051 ἀνασπᾶται
1050 2999 1284 3069 ῥᾳδίως·
1336 3001 1563 3073 Θνήσκει
1599 3004 1646 3056 δ’
1671 3005 1834 3068 εὐθὺς
1885 3009 1914 3061 ὁ

2010 523 2199 594 Neque
2227 543 2358 584 vero
2387 531 2691 588 munitione
2722 535 3017 603 duntaxat,
3050 540 3145 594 sed
3176 555 3232 595 et
3255 543 3326 598 ob
3355 547 3554 616 regiam
3574 589 3589 614 ,

2010 616 2390 685 magnitudine
2448 631 2505 676 et
2559 623 2828 694 elegantia
2879 630 3222 686 conclavium
3277 633 3589 707 insignem,

2010 707 2393 764 admirandum
2421 711 2544 776 fuit,
2596 725 2654 770 et
2695 718 2892 774 multas
2925 721 3191 778 cisternas
3215 725 3427 782 idoneis
3457 730 3592 785 locis

2011 798 2078 853 ad
2133 800 2370 868 pluviam
2417 819 2613 874 aquam
2665 809 3040 879 excipiendam
3081 814 3292 871 habuit.
3344 820 3401 873 In
3444 822 3589 891 regia

2011 905 2232 962 quoque
2290 903 2409 948 ruta
2446 896 2550 951 fuit
2605 900 2759 955 mirae
2812 905 3243 974 magnitudinis,
3301 911 3448 965 nulla
3482 915 3586 966 licu

2009 981 2098 1035 vel
2155 982 2445 1038 altitudine
2491 987 2578 1042 vel
2633 991 2999 1048 crassitudine
3056 995 3309 1064 inferior,
3363 1016 3483 1070 quae
3522 1003 3591 1057 ab

2011 1072 2244 1129 llerodis
2277 1077 2507 1134 durasse
2553 1083 2890 1152 temporibus
2926 1085 3208 1142 ferebatur
3245 1106 3259 1144 :
3300 1099 3357 1145 et
3389 1091 3592 1164 longis-

2011 1165 2151 1222 simo
2185 1168 2368 1224 forsan
2398 1179 2644 1241 tempore
2675 1176 2996 1242 mansisset,
3030 1179 3137 1234 nisi
3162 1197 3192 1235 a
3223 1181 3427 1239 Judmis
3449 1226 3462 1250 ,
3497 1186 3593 1256 qui

2011 1258 2192 1314 locum
2224 1261 2376 1315 illum
2407 1275 2773 1332 occuparant,
2801 1268 2981 1323 excisa
3010 1269 3226 1328 fuisset.
3291 1273 3350 1327 In
3382 1276 3592 1331 casti-lli

2010 1351 2152 1406 valle
2197 1355 2616 1422 septentrionali
2663 1356 2800 1411 Baar
2851 1359 3008 1415 locus
3041 1371 3122 1416 est
3149 1403 3163 1426 ,
3201 1365 3295 1432 qui
3352 1367 3592 1422 radicem

2011 1442 2183 1514 gignit
2230 1445 2474 1515 ejusdem
2526 1449 2804 1515 nominis,
2836 1450 3023 1507 colore
3073 1452 3329 1510 ﬂammeo
3376 1458 3592 1527 vesperi

2007 1535 2170 1606 jubar
2193 1537 2465 1606 quoddam
2514 1540 2913 1610 ejaculantem,
2962 1545 3060 1600 sed
3117 1555 3279 1616 captu
3333 1549 3592 1607 difﬁcilli-

2013 1641 2178 1681 mam.
2233 1627 2452 1699 Refugit
2483 1631 2629 1685 enim
2655 1671 2671 1696 ,
2705 1648 2885 1704 neque
2916 1635 3068 1701 prius
3101 1638 3394 1703 consistit,
3429 1657 3594 1711 quam

2013 1719 2229 1774 urinam
2263 1722 2515 1778 mulieris
2542 1764 2557 1790 ,
2589 1730 2684 1778 aut
2730 1727 3050 1798 sanguinem
3111 1739 3454 1786 menstruum
3509 1733 3592 1787 εἰς

2013 1813 2223 1867 fuderis
2265 1830 2372 1869 :ac
2401 1823 2514 1870 tum
2564 1832 2685 1872 eam
2731 1821 3133 1891 attingentibus
3185 1823 3406 1880 indubia
3451 1842 3596 1880 mors
3671 1839 3676 1844 '

2011 1905 2280 1970 imminet,
2312 1907 2415 1964 nisi
2447 1909 2570 1979 quis
2604 1925 2723 1964 eam
2765 1912 3005 1968 radicem
3051 1913 3122 1969 de
3153 1931 3319 1970 manu
3360 1933 3596 1988 suspen-

2012 2015 2126 2055 sam
2168 2000 2476 2057 abstulerit.
2532 2001 2764 2072 Capitur
2810 2003 2976 2058 etiam
3025 2005 3131 2060 alia
3190 2008 3401 2063 ratione
3457 2011 3595 2065 citra

2011 2091 2336 2161 periculum.
2366 2092 2499 2146 Nam
2560 2093 2801 2164 undique
2846 2110 2966 2150 eam
3023 2098 3490 2166 circumfodiunt,
3535 2110 3596 2156 ut

2011 2182 2132 2252 ejus
2155 2197 2319 2251 quam
2359 2184 2648 2239 minimum
2681 2193 2825 2240 terra
2869 2196 3084 2257 tegatur
3122 2207 3135 2242 :
3167 2189 3369 2245 deinde
3399 2207 3592 2245 canem

2011 2274 2062 2329 ei
2122 2274 2382 2344 alligant,
2439 2277 2533 2345 qui
2591 2292 2716 2331 cum
2769 2277 3056 2333 dominum
3125 2296 3286 2334 suum
3344 2282 3596 2345 comitari

2013 2366 2167 2434 cupit
2191 2407 2203 2425 .
2238 2367 2325 2420 illa
2353 2367 2608 2423 facillime
2647 2369 2834 2424 evulsa
2866 2412 2880 2436 ,
2912 2371 3096 2427 statim
3137 2375 3369 2428 moritur
3402 2391 3416 2428 :
3447 2375 3594 2430 acci-

2011 2459 2293 2530 pientibus
2325 2475 2452 2515 vero
2483 2476 2604 2515 eam
2630 2469 2790 2530 post,
2819 2462 2958 2517 nihil
2991 2473 3076 2519 est
3099 2465 3346 2534 periculi.
3377 2466 3598 2536 Expeti-

2015 2559 2104 2605 tur
2131 2561 2315 2605 autem
2346 2551 2419 2604 ob
2449 2567 2616 2606 unam
2656 2553 2942 2610 virtutem.
2998 2554 3131 2610 Nam
3166 2572 3288 2626 quae
3326 2557 3598 2613 daemonia

2011 2650 2298 2701 vocantur,
2327 2651 2382 2695 et
2408 2642 2672 2710 quosdam
2711 2643 2960 2709 intrant,
2995 2646 3041 2701 si
3095 2647 3258 2702 modo
3280 2647 3600 2720 aegrotanti-

2013 2731 2120 2786 bus
2183 2731 2562 2799 admoveatur,
2621 2733 2783 2792 facile
2852 2736 3098 2806 expellit.
3179 2737 3235 2792 ld
3309 2739 3598 2794 castellum

2013 2821 2214 2877 Bassus
2239 2822 2492 2893 subigere
2541 2823 2709 2896 309
2760 2825 3022 2895 cupiens,
3052 2827 3245 2882 vallem
3271 2827 3596 2884 orientalem

2014 2923 2231 2985 aggesta
2287 2922 2430 2969 terra
2463 2915 2686 2984 explere
2733 2916 2992 2971 instituit.
3057 2917 3229 2973 Judaei
3282 2917 3535 2984 obsessi,
3566 2935 3598 2974 a

2016 3005 2319 3076 peregrinis
2342 3007 2574 3074 separati
2603 3049 2619 3072 ,
2651 3007 2776 3064 illos
2807 3007 2862 3066 in
2905 3007 3040 3063 urbe
3074 3009 3333 3065 inferiore
3375 3025 3598 3066 manere

341 3084 510 3138 κύων.
558 3085 722 3153 φόϐος
753 3085 799 3140 δ’
837 3087 1012 3151 οὐδεὶς
1043 3091 1161 3150 τοῖς
1209 3091 1350 3160 μετὰ
1388 3092 1562 3147 ταῦτα
1591 3094 1906 3166 λαμϐάνου-

2017 3105 2353 3166 coegerunt:
2396 3097 2649 3166 superius
2690 3098 2968 3153 castellum
3005 3097 3107 3168 ipsi
3154 3109 3492 3166 tenuerunt,
3529 3116 3596 3156 ac

343 3189 447 3226 σιν.
479 3173 637 3226 Ἐστι
656 3173 715 3227 δὲ
742 3173 828 3228 διά
854 3175 986 3246 μίαν
1012 3178 1167 3248 ίσχὺν
1191 3181 1675 3250 περισπούδαστος.
1702 3186 1783 3240 Τὰ
1806 3187 1916 3259 γὰρ

341 3263 657 3334 καλούμενα
691 3265 946 3336 δαιμόνια
983 3268 1076 3321 καί
1098 3286 1241 3323 τισιν
1269 3272 1612 3343 εἰσδυόμενα,
1644 3277 1783 3349 αὐτὴ
1814 3295 1917 3332 τα-

343 3357 486 3426 χέως
511 3355 815 3422 ἐξελαύνει,
848 3359 955 3413 κᾶν
983 3359 1146 3430 μόνον
1177 3363 1288 3426 τοῖς
1312 3363 1528 3420 νοσοῦσι
1557 3370 1914 3442 προσενεχθῇ.

341 3447 518 3502 Τοῦτο
545 3448 609 3502 τὸ
647 3451 909 3519 φρούριον
945 3452 974 3504 ό
1002 3451 1210 3518 Βάσσος
1233 3459 1696 3528 παραστήσασθαι
1724 3461 1915 3526 θέλων,

341 3541 441 3611 τὴν
481 3541 619 3611 πρὸς
659 3541 923 3606 ἀνατολὰς
955 3545 1118 3599 αὐτοῦ
1153 3547 1416 3618 φάραγγα
1460 3552 1636 3620 χῶσαι
1681 3554 1915 3608 ἀπεπειο

345 3636 498 3706 ρᾶτο.
525 3633 589 3687 Οἱ
612 3632 660 3688 δ’
682 3633 1144 3707 ὲναπειλημμένοι
1167 3637 1275 3692 τῶν
1313 3640 1605 3708 Ἰουδαίων,
1634 3644 1784 3700 ἔνδον
1809 3647 1918 3700 ἀπὸ

341 3726 452 3780 τῶν
479 3726 647 3791 ξένων
671 3727 1069 3799 διακριθέντες,
1101 3731 1345 3796 ἐκείνους
1377 3733 1477 3802 μὲν
1510 3736 1832 3805 ἠνάγκασαν
1859 3741 1918 3794 ὲν

341 3822 405 3888 τῇ
431 3820 584 3873 κάτω
612 3817 762 3872 πόλει
789 3820 1153 3891 παραμένειν,
1177 3822 1240 3876 τὸ
1265 3823 1310 3876 δ’
1337 3823 1450 3878 ἄνω
1480 3827 1742 3898 φρούριον
1770 3825 1917 3902 εἶχον

343 3910 520 3966 αὐτοί.
571 3909 888 3965 Ἐποιοῦντο
913 3912 1098 3982 μέντοι
1123 3913 1224 3978 τὰς
1251 3914 1466 3981 ἐξόδους
1494 3919 1794 3991 προθύμως
1815 3922 1920 3978 ἀνὰ

345 4004 526 4056 πᾶσαν
580 4003 818 4074 ἡμέραν,
863 4003 960 4057 καὶ
1005 4005 1121 4070 τοῖς
1169 4005 1394 4077 τυχοῦσι
1449 4011 1916 4082 συμπλεκόμενοι,

343 4095 532 4148 πολλοὶ
568 4096 668 4164 μὲν
690 4095 976 4165 ἔθνησκον,
1007 4097 1239 4163 πολλοὺς
1263 4099 1321 4153 δὲ
1349 4101 1457 4154 τῶν
1496 4101 1785 4174 Ῥωμαίων
1821 4107 1916 4160 ἀνο

343 4188 536 4259 ⁴ᾕρουν,
567 4185 866 4251 πονοῦντας
914 4188 1009 4242 ἐπὶ
1047 4190 1162 4252 τοῖς
1208 4189 1480 4261 χώμασιν.
1538 4193 1633 4246 Ἐκ
1667 4194 1724 4248 δέ
1770 4212 1917 4260 τινος

348 4277 640 4349 συντυχίας
689 4279 722 4346 ἡ
771 4279 868 4331 τοῦ
914 4281 1179 4350 φρουρίου
1220 4282 1519 4353 παράδοσις
1559 4286 1774 4354 γέγονε,
1822 4288 1918 4342 καὶ

343 4375 453 4425 τῶν
482 4371 758 4442 χωμάτων
789 4371 980 4443 χωρίς.
1009 4372 1247 4438 Νεανίας
1272 4392 1356 4440 τις
1378 4371 1446 4446 ἦν
1472 4379 1530 4429 ὲν
1561 4380 1677 4442 τοῖς
1710 4378 1921 4451 πολιορ-

2020 3186 2192 3242 nihilo
2230 3187 2408 3242 secius
2449 3189 2798 3258 quotidianas
2844 3190 3162 3260 eruptiones
3214 3189 3464 3246 feci-runt
3489 3233 3504 3257 ,
3541 3203 3601 3248 et

2021 3294 2145 3334 cum
2175 3279 2357 3334 obviis
2399 3282 2675 3350 congressi
2713 3289 2863 3337 sunt.
2916 3283 3027 3338 Nec
3061 3283 3304 3354 ipsorum
3336 3284 3600 3339 duntaxat

2020 3371 2178 3425 mulli
2211 3370 2515 3441 perierunt,
2547 3371 2642 3426 sed
2681 3383 2736 3428 et
2764 3373 3040 3429 Romanos
3071 3375 3274 3430 multos
3303 3374 3357 3429 in
3389 3377 3601 3446 aggeri-

2020 3465 2126 3523 bus
2185 3467 2498 3522 laborantes
2551 3467 2893 3524 occiderunt.
2948 3469 3090 3525 Casu
3139 3479 3318 3525 tamen
3359 3471 3596 3538 quodam

2019 3559 2223 3633 factum
2255 3571 2342 3615 est
2362 3601 2377 3626 ,
2403 3568 2465 3614 ut
2493 3562 2778 3616 castellum
2813 3563 2931 3616 sine
2967 3563 3256 3633 aggeribus
3283 3562 3598 3618 dederetur.

2018 3631 2168 3704 later
2221 3649 2476 3705 obsessos
2524 3649 2847 3706 adolescens
2893 3631 3021 3707 fuit,
3045 3631 3375 3716 Eleazarus,
3413 3655 3599 3708 animo

2020 3737 2345 3804 conﬁdens,
2389 3749 2447 3795 et
2497 3754 2663 3793 manu
2708 3749 3006 3806 strenuus,
3053 3741 3146 3810 qui
3201 3742 3462 3811 populum
3531 3743 3597 3796 ad

2019 3829 2340 3896 eruptiones
2379 3835 2436 3882 et
2480 3843 2732 3899 aggerem
2782 3829 3182 3899 prohibendum
3225 3831 3434 3884 hortari
3462 3830 3598 3884 soli-

2022 3927 2141 3982 tus,
2173 3919 2228 3973 in
2259 3919 2460 3989 prmliis
2489 3920 2892 3976 illustrissimus
2917 3930 3204 3986 evaserat,
3231 3920 3598 3989 Romanisque

2020 4009 2224 4065 multas
2273 4009 2458 4065 clades
2519 4012 2798 4066 intulerat.
2867 4011 3176 4082 Aliquando
3229 4021 3410 4067 autem
3471 4027 3596 4067 cum

2021 4101 2208 4170 przelio
2230 4101 2502 4172 dirempto
2533 4111 2684 4159 extra
2716 4113 2904 4175 portas
2931 4119 3056 4160 cum
3091 4105 3158 4160 iis
3198 4105 3290 4175 qui
3337 4106 3391 4160 in
3426 4123 3589 4161 muro

2021 4202 2182 4246 erant
2251 4193 2700 4265 colloqueretur,
2766 4196 2944 4252 Rufus
3022 4197 3243 4267 quidam
3322 4197 3600 4253 Romanus

2021 4283 2183 4339 miles
2208 4325 2222 4350 ,
2255 4301 2454 4356 genere
2482 4285 2770 4358 Egyptius
2789 4329 2804 4354 ,
2832 4289 3016 4344 subito
3047 4290 3316 4351 accurrit,
3349 4301 3404 4344 et
3443 4291 3599 4345 Elea-

2022 4389 2210 4430 zarum
2260 4391 2385 4430 cum
2447 4377 2581 4447 ipsis
2636 4379 2805 4435 armis
2863 4380 3189 4444 sublatum,
3231 4381 3483 4435 celeriter
3543 4381 3600 4437 in

344 4465 662 4536 κουμένοις,
694 4464 870 4536 τόλμῃ
913 4466 1140 4534 θρασὺς,
1185 4469 1450 4522 καὶκατὰ
1491 4472 1652 4542 χεῖρα
1678 4471 1915 4544 δραστή-

2024 4477 2204 4524 castra
2272 4469 2646 4526 Romanorum
2710 4471 2985 4527 transfert.
3043 4472 3214 4538 Quem
3295 4488 3419 4526 cum
3489 4473 3600 4536 dux

351 4574 487 4628 ριος,
535 4557 803 4627 Ἐλεάζαρ
837 4556 1195 4627 καλούμενος,
1236 4558 1294 4622 ὃς
1319 4558 1522 4625 ἐξιέναι
1561 4563 1656 4615 καὶ
1693 4562 1924 4618 κωλύειν

346 4649 446 4722 τὴν
476 4649 648 4721 χῶσιν
690 4648 1029 4719 παρακαλῶν
1055 4649 1183 4713 τοὺς
1211 4650 1461 4715 πολλοὺς,
1488 4652 1546 4705 ἐν
1571 4657 1693 4718 ταῖς
1721 4654 1927 4727 μάχαις

347 4737 781 4806 ἐπιφανέστατος
811 4735 1024 4806 γέγονε,
1059 4737 1230 4790 πολλὰ
1249 4739 1378 4802 τοὺς
1419 4738 1725 4810 Ῥωμαίους
1754 4742 1926 4798 διατι-

351 4827 485 4892 θείς.
528 4826 638 4881 Καί
663 4844 795 4880 ποτε
829 4827 930 4896 τῆς
963 4829 1147 4898 μάχης
1170 4827 1569 4900 διακριθείσης,
1602 4832 1763 4896 αὐτὸς
1799 4833 1924 4903 μεί-

351 4938 445 4984 νας
475 4920 582 4987 tam
627 4920 736 4974 τῶν
783 4918 993 4984 πυλῶν,
1023 4921 1137 4983 τοῖς
1181 4921 1274 4974 ἐπὶ
1307 4921 1401 4974 τοῦ
1439 4922 1655 4993 τείχους
1698 4922 1921 4994 ὡμίλει.

361 5012 589 5082 Ῥοῦφος
612 5013 671 5066 δέ
699 5029 781 5075 τις
805 5011 900 5065 τοῦ
931 5010 1241 5083 Ῥωμαῖκοῦ
1267 5015 1655 5086 στρατοπέδου,
1681 5016 1741 5069 τὸ
1766 5015 1925 5084 γένος

349 5107 670 5176 Αἰγύπτιος,
701 5104 961 5174 ἐξαίφνης
1003 5105 1343 5176 ἐπιδραμὼν,
1381 5107 1478 5160 σὺν
1509 5107 1698 5171 ὅπλοις
1740 5107 1926 5169 αὐτοῖς

351 5201 444 5255 τδν
462 5198 730 5268 Ἐλεάζαρ
759 5197 1052 5266 ἀράμενος,
1089 5195 1285 5267 φθάνει
1317 5197 1573 5266 μεταθεὶς
1596 5199 1676 5262 είς
1705 5198 1768 5252 τὸ
1800 5198 1934 5252 Ῥω-

355 5292 534 5362 μαίων
570 5287 958 5364 στρατόπεδον.
988 5286 1097 5343 Τοῦ
1129 5288 1188 5342 δὲ
1226 5289 1533 5361 στρατηγοῦ
1564 5289 1926 5361 γυμνωθῆναι

351 5383 711 5446 κελεύσαντος
736 5379 920 5445 αὐτὸν,
950 5382 1045 5434 καὶ
1077 5380 1456 5450 μαστίζεσθαι,
1481 5379 1790 5452 βλεπόντων
1813 5380 1922 5434 τῶν

353 5473 419 5532 tu
457 5468 560 5540 τῆς
614 5465 844 5534 πόλεως,
890 5465 1088 5537 ἀθρόον
1134 5467 1168 5538 ἡ
1219 5466 1373 5530 πόλις
1423 5464 1714 5539 ἀνῴμωξε.
1755 5466 1926 5521 Τοῦτο

353 5563 498 5620 κατὰ
517 5563 630 5616 τῶν
655 5559 935 5634 πολεμίων
969 5557 999 5610 ὁ
1029 5559 1238 5622 Βάσσος
1269 5560 1638 5633 στρατήγημα
1664 5560 1926 5631 ἐποιήσα-

350 5677 432 5725 το,
460 5657 556 5711 καὶ
581 5654 818 5726 σταυρὸν
856 5651 1158 5724 προσέταξε
1197 5651 1677 5720 καταπήγνυσθαι,
1710 5651 1786 5713 ὡς
1828 5652 1925 5706 aiio

352 5751 478 5810 τίκα
502 5747 800 5825 κρεμάσων
827 5745 919 5803 τὸν
960 5744 1304 5819 Ἐλεάζαρον.
1335 5744 1398 5800 Ol
1423 5744 1468 5800 δ’
1494 5744 1602 5802 ἀπὸ
1628 5743 1718 5799 τοῦ
1753 5762 1918 5835 φρομ

2023 4559 2256 4625 nudari,
2285 4569 2343 4616 et
2383 4562 2435 4615 in
2461 4573 2755 4633 conspectu
2783 4563 2987 4617 civium
3029 4561 3222 4633 ﬂagris
3241 4564 3374 4617 caedi
3403 4564 3599 4634 jussis-

2026 4660 2130 4714 set,
2160 4653 2413 4708 universa
2440 4654 2635 4709 civitas
2667 4654 2952 4724 ingemuit.
2995 4654 3070 4708 Ea
3103 4669 3162 4708 re
3184 4655 3383 4709 Bassus
3403 4671 3602 4724 oppor-

2025 4750 2160 4798 tune
2221 4755 2412 4800 contra
2462 4746 2650 4802 hostes
2701 4762 2872 4812 usus,
2917 4761 3136 4802 crucem
3190 4746 3351 4819 defigi
3398 4749 3600 4819 jussit,

2025 4834 2183 4904 quasi
2231 4835 2550 4892 Eleazarum
2591 4840 2774 4893 statim
2799 4838 2856 4892 in
2886 4853 3008 4893 eam
3041 4841 3206 4894 vellet
3235 4840 3450 4894 tollere.
3475 4839 3596 4905 Quo

2026 4932 2343 4995 conspecto,
2365 4927 2401 4981 ii
2418 4943 2512 4997 qui
2538 4926 2594 4982 in
2622 4929 2848 4985 castello
2872 4939 3036 4985 erant
3053 4971 3068 4992 ,
3096 4933 3268 5001 magis
3283 4932 3598 4996 doluerunt,

2027 5015 2280 5071 maximis
2321 5017 2576 5089 suspiriis
2629 5018 2816 5074 editis.
2877 5019 3175 5075 Eleazarus
3230 5035 3450 5090 quoque
3503 5034 3602 5075 eos

2026 5109 2265 5178 rogavit,
2295 5123 2366 5163 ne
2411 5121 2470 5163 se
2501 5108 2574 5164 ita
2617 5111 2760 5164 mori
2805 5109 3091 5176 sinerent,
3124 5119 3180 5167 et
3203 5125 3316 5164 sua:
3355 5110 3599 5178 ipsorum

2025 5199 2218 5254 salutis
2246 5214 2516 5256 memores
2538 5239 2553 5265 ,
2585 5201 2956 5257 Romanorum
3001 5201 3214 5256 viribus
3264 5209 3322 5256 et
3361 5200 3600 5258 fortuna:

2023 5286 2303 5344 cederent.
2353 5289 2437 5344 llli
2474 5297 2531 5344 et
2577 5290 2818 5347 Eleazari
2860 5291 3048 5346 verbis
3070 5290 3262 5351 fracti,
3305 5298 3363 5345 et
3401 5292 3603 5346 multo-

2025 5396 2147 5436 rum
2178 5395 2278 5452 pro
2315 5396 2383 5437 eo
2423 5381 2837 5454 deprecantium
2871 5382 3127 5453 precibus
3161 5381 3300 5452 (erat
3339 5382 3490 5438 enim
3527 5399 3598 5440 ex

2026 5487 2223 5543 magna
2264 5481 2322 5528 et
2363 5473 2629 5544 populosa
2665 5472 2894 5540 familia)
2923 5470 3182 5539 adducti,
3215 5472 3282 5527 ad
3312 5471 3602 5534 commise-

2024 5563 2298 5618 rationem
2345 5563 2688 5620 deﬂexeruut
2735 5582 2750 5620 :
2804 5562 3106 5634 missisque
3143 5564 3337 5636 legatis
3389 5567 3601 5624 castelli

2024 5653 2359 5711 deditionem
2389 5656 2794 5726 promiserunt,
2822 5655 2868 5710 si
2891 5663 3117 5726 accepto
3143 5655 3408 5714 Eleazaro
3429 5658 3598 5714 salvis

2020 5746 2303 5804 dLscedcre
2325 5746 2533 5825 liceret.
2565 5746 2735 5821 Quam
2777 5747 3144 5807 conditionem
3173 5749 3266 5807 ubi
3301 5750 3408 5806 dux
3440 5765 3596 5806 accc-
