4002 6250
419 283 524 350 543

1711 282 2032 349 JOANNIS
2082 285 2401 348 ΖΟΝΑΒᾸΞ

3563 277 3668 339 54

415 399 564 455 cium
607 396 910 470 eﬂ'ugeret.
944 406 1000 452 et
1026 399 1238 471 Catyllo
1285 399 1602 470 iniquorum
1645 402 1988 456 emolumen-

2107 398 2317 460 ιότατος
2363 396 2670 466 ἄνθρωποῖ,
2705 399 2802 466 τὴν
2833 397 3028 467 τέχνην
3066 396 3328 465 ὑφάντης.
3375 398 3528 462 τινὰς
3562 398 3676 448 τῶν

419 499 598 544 torum
639 505 798 546 ansas
840 491 1108 561 praeberet
1155 509 1171 545 ι
1222 491 1522 548 ditissimos
1579 493 1726 548 enim
1774 493 1993 549 Iudaeos

417 596 612 635 eorum
680 581 982 636 facinorum
1051 582 1157 636 sibi
1211 593 1464 639 auctores
1527 585 1802 640 exstitisse
1855 585 1994 639 falso

419 674 723 728 asserebat.
775 673 921 739 Quas
976 675 1283 729 calumnias
1333 691 1533 745 praeses
1573 676 1829 731 alacriter
1876 690 1993 730 am-

421 769 648 835 plexus,
683 777 880 836 praeter
908 783 1029 822 eam
1061 769 1440 824 credulitatem
1484 770 1713 825 sicarios
1746 771 1995 825 eamdem

423 861 750 913 calumniam
783 860 1049 916 edocebat
1087 880 1101 918 :
1133 863 1225 930 qui
1257 862 1325 916 ab
1362 863 1453 918 illo
1494 863 1821 926 subornati,
1857 863 1997 917 nm]-

425 961 509 1004 tos
557 961 908 1006 accusarunt.
959 954 1036 1008 Ac
1105 955 1418 1010 Judworum
1477 956 1819 1011 calamitates
1881 967 1995 1010 tum

423 1041 572 1095 hunc
619 1042 779 1096 tinem
831 1043 1177 1109 habuerunt,
1225 1044 1613 1117 Hierosolymis
1657 1065 1687 1102 a
1739 1047 1998 1102 Romanis

420 1143 732 1189 extremum
763 1137 988 1190 eversis.
1036 1138 1192 1201 Post,
1234 1137 1338 1192 sub
1368 1139 1513 1193 xElio
1559 1138 1800 1194 Adriano
1828 1139 1998 1208 impe~

419 1232 600 1280 ratore
631 1241 824 1282 rursus
854 1244 950 1297 per
976 1229 1304 1284 seditionem
1335 1246 1483 1285 arma
1511 1240 1700 1286 contra
1723 1231 1998 1285 Romanos

423 1327 730 1386 ceperunt:
782 1321 876 1374 sed
912 1329 1025 1376 tum
1067 1338 1284 1393 quoque
1311 1325 1440 1379 victi
1468 1365 1482 1389 ,
1516 1324 1798 1393 attritique
1829 1333 1959 1378 sunt
1982 1362 1997 1387 ,

420 1406 613 1469 multis
647 1409 892 1465 millibus
922 1411 1556 1484 interfectis,lperpaucis
1573 1415 1996 1484 superstitibus:

423 1496 478 1550 id
519 1500 664 1567 quod
705 1517 806 1555 suo
839 1503 961 1558 loco
999 1504 1291 1560 referetur.
1329 1506 1447 1561 Jam
1474 1521 1597 1560 cum
1623 1507 1998 1561 Romanorum

426 1589 758 1645 mentionem
812 1593 1006 1649 fecerit
1052 1596 1280 1651 historia
1309 1637 1323 1661 ,
1354 1597 1545 1667 eisque
1589 1598 1886 1667 porentiam
1919 1599 2001 1653 in-

2095 490 2318 559 ἀπόρων
2369 487 2627 540 άνέπεισε
2682 489 2972 559 προσέχειν
3015 487 3186 558 αὐτῷ,
3224 489 3314 540 καὶ
3355 490 3676 557 προήγαγεν

2095 583 2171 642 εἰς
2195 581 2293 650 τὴν
2318 579 2543 650 ἔρημον,
2569 583 2771 650 σημεῖα
2792 579 2986 644 δείξειν
3017 579 3110 633 καὶ
3147 579 3352 648 τέρατα
3382 579 3675 646 ὑπισχνού-

2099 689 2278 742 μενος.
2320 674 2381 726 Ol
2410 673 2466 725 δὲ
2495 671 2604 725 τῶν
2639 672 2732 724 ἐπὶ
2775 673 3032 742 Κυρήνης
3059 672 3330 724 Ἰουδαίων
3367 671 3677 739 πρωτεύον-

2094 779 2206 826 τες,
2231 763 2497 831 Κατύλλῳ
2517 762 2594 832 τῷ
2623 763 2720 833 τῆς
2743 764 3000 833 Κυρήνης
3019 764 3246 833 ἡγεμόνι
3275 762 3446 816 ταῦτα
3479 764 3678 832 me):

2097 855 2299 909 λουσιν.
2347 853 2406 908 Ὀ
2438 855 2494 908 δὲ
2534 854 2870 926 στρατιώτας
2903 854 3253 920 ἀποστείλας,
3287 857 3509 925 συνέσχε
3547 857 3674 919 τοὺς

2101 944 2242 1015 μετὰ
2286 946 2557 998 Ἰωνάθου.
2585 945 2760 1006 Αὐτὸς
2784 945 2838 998 δὲ
2865 946 2895 997 ό
2934 943 3189 1010 Ἰωνάθης
3215 945 3336 997 τότε
3365 945 3465 1014 μὲν
3487 946 3678 1013 διέφυ-

2099 1052 2228 1104 γεν·
2263 1037 2541 1107 ἐπιμελῶς
2579 1037 2636 1090 δὲ
2665 1036 2922 1107 ζητηθεὶς
2951 1035 3087 1106 ήλω,
3125 1036 3220 1090 καὶ
3249 1037 3506 1106 ἀναχθεὶς
3540 1037 3677 1106 πρὸς

2098 1131 2192 1184 τὸν
2234 1133 2496 1202 ἡγεμόνα,
2546 1132 2727 1201 ἐαυτῷ
2779 1132 2878 1202 μέν
2905 1131 3222 1201 ἐμηχανᾶτο
3259 1130 3364 1199 τῆς
3404 1132 3678 1200 τιμωρίας

2099 1223 2353 1288 ἐξάλυξεν
2377 1241 2391 1254 ·
2439 1225 2516 1292 τῷ
2554 1223 2818 1294 Κατύλλῳ
2852 1223 2908 1276 δὲ
2943 1222 3200 1294 ἀφορμὰς
3238 1223 3438 1276 ἀδίκων
3473 1223 3680 1290 κερδῶν

2100 1316 2548 1386 περιεποιήσατο.
2583 1317 2723 1378 Τοὺς
2760 1314 2869 1383 γάρ
2911 1314 3354 1378 πλουσιωτάτους
3399 1313 3509 1366 τῶν
3548 1315 3680 1366 Ἰου-

2099 1406 2266 1460 δαίων
2314 1407 2492 1475 ἔλεγε,
2538 1407 3017 1476 καταψευδόμενος
3071 1407 3276 1471 αὐτῶν,
3322 1406 3679 1469 διδασκάλους

2100 1499 2250 1570 αὐτῷ
2291 1499 2397 1552 τῶν
2431 1500 2724 1569 δρωμένων
2753 1498 3034 1566 γενέσθαι.
3074 1499 3186 1552 Καὶ
3215 1501 3242 1552 ὁ
3275 1496 3502 1568 ἡγεμὼν
3543 1515 3677 1568 προ-

2104 1591 2293 1660 θύμως
2321 1591 2537 1662 ἐδέχετο
2566 1592 2664 1654 τὰς
2696 1590 2949 1653 διαϐολάς
2970 1607 2983 1621 ·
3021 1591 3158 1662 πρὸς
3189 1590 3246 1642 δὲ
3285 1591 3362 1660 τῷ
3397 1591 3680 1644 πιστεύειν

427 1679 626 1735 vietam
677 1683 971 1741 tribuerit:
1001 1688 1227 1741 omnino
1268 1690 1642 1744 necessarium
1688 1699 1773 1743 est
1811 1689 1998 1744 dicere

2107 1682 2325 1752 ῥᾳδίως,
2358 1684 2452 1735 καὶ
2481 1683 2581 1753 τὴν
2618 1682 2783 1751 ψευδῆ
2835 1682 3171 1752 κατηγορίαν
3217 1682 3345 1745 τοὺς
3398 1685 3681 1752 σικαρίους

425 1785 491 1826 ac
528 1771 763 1840 docere,
803 1788 901 1831 aut
949 1779 1248 1835 admonere
1293 1782 1565 1847 lectores,
1607 1783 1699 1851 qui
1743 1782 1852 1837 sint
1889 1782 2001 1836 Ro-

2107 1750 2368 1838 ἐδίδασκε,
2403 1774 2495 1827 καὶ
2529 1750 2740 1827 πολλῶν
2764 1750 3057 1839 κατεῖπον,
3077 1773 3170 1827 ὑπ’
3201 1773 3413 1828 ἐκείνου
3450 1750 3686 1827 ὑπόϐαλε

425 1865 611 1931 mani,
654 1883 775 1938 quae
835 1871 1014 1940 gentis
1067 1872 1249 1943 origo,
1293 1872 1438 1928 unde
1499 1889 1702 1929 nomen
1763 1873 1998 1936 habeat,

425 1957 627 2026 quibus
654 1976 835 2015 rerum
874 1963 1216 2031 publicarum
1245 1964 1434 2020 formis
1467 1982 1560 2021 usa
1581 2005 1595 2030 ,
1635 1965 1835 2034 quibus
1859 1965 2003 2020 casi-

429 2044 532 2100 bus
579 2049 780 2118 jactata
831 2052 938 2117 sit,
991 2053 1194 2123 quibus
1249 2054 1560 2110 rationibus
1607 2055 1675 2110 ad
1735 2070 2004 2109 summam

424 2136 745 2196 felicitatem
792 2145 1140 2211 ascenderit,
1189 2155 1247 2201 ut
1282 2148 1381 2202 toti
1427 2147 1541 2202 fere
1574 2157 1846 2203 terrarum
1885 2147 2004 2203 orbi

429 2227 746 2297 imperarit,
789 2247 1056 2304 suamque
1088 2245 1440 2305 .potestatem
1501 2237 1570 2290 ad
1617 2251 1808 2292 omnes
1868 2253 2006 2306 prne

427 2325 780 2392 propagarit:
822 2335 879 2380 et
932 2336 991 2380 ut
1032 2329 1303 2398 principio
1355 2315 1575 2400 regibbs
1621 2329 1908 2401 paruerit,
1945 2345 2008 2385 ac

430 2418 555 2476 post
575 2409 643 2463 ad
673 2413 999 2480 optimatum
1050 2426 1407 2485 potestatem,
1436 2420 1553 2475 sive
1586 2421 1915 2475 dictaturam
1950 2428 2006 2475 et

429 2501 774 2558 consulatum
811 2505 1072 2562 reciderit
1106 2525 1122 2565 :
1158 2509 1358 2565 deinde
1389 2526 1580 2567 rursus
1626 2510 1694 2566 ad
1722 2511 2008 2566 democra-

433 2593 562 2647 tiam
610 2595 903 2663 devoluta,
956 2615 1082 2654 mox
1122 2601 1189 2656 ad
1233 2603 1605 2658 monarchiam
1651 2604 1724 2658 sit
1767 2619 2006 2658 reversa.

437 2684 513 2742 De
547 2688 633 2744 bis
680 2689 847 2760 igitur
869 2693 1035 2748 etiam
1068 2693 1365 2751 dicendum
1391 2705 1508 2763 est,
1538 2696 1851 2766 prolixitate
1883 2713 2012 2751 nar-

2103 1863 2344 1933 λόμενοι.
2393 1864 2655 1918 Ἐνταῦθα
2701 1864 2800 1934 μὲν
2837 1861 2931 1917 οὖν
2981 1867 3102 1918 τότε
3151 1866 3219 1918 τὰ
3263 1865 3372 1918 τῶν
3414 1866 3682 1919 Ἰουδαίων

2106 1958 2434 2029 ἐτελεύτησε
2473 1958 2642 2029 πάθη,
2695 1959 2800 2012 ὑπὸ
2842 1958 3134 2027 Ῥωμαίων
3180 1961 3279 2029 τῆς
3323 1955 3684 2030 Ἰερουσαλὴμ

2104 2052 2205 2123 τὴν
2238 2052 2560 2106 τελευταίαν
2606 2053 2942 2123 ὑποστάσης,
2979 2052 3203 2106 ἅλωσιν.
3237 2051 3345 2106 Kal.
3409 2051 3571 2116 αὖθις
3624 2054 3683 2107 δὲ

2105 2143 2285 2197 Αἰλίου
2321 2143 2430 2196 τῶν
2478 2143 2766 2213 Ῥωμαίων
2811 2143 3144 2214 κρατοῦντος
3189 2144 3471 2215 Ἀδριανοῦ
3517 2146 3678 2199 ἐστα-

2111 2235 2307 2288 σίασαν
2351 2235 2618 2300 Ἰουδαῖοι,
2661 2235 2756 2288 καὶ
2794 2236 2935 2290 κατὰ
2979 2235 3270 2303 Ῥωμαίων
3306 2233 3681 2304 ώπλίσθησαν.

2119 2327 2280 2379 Ἀλλὰ
2305 2328 2400 2379 καὶ
2423 2329 2544 2380 τότε
2569 2327 2884 2398 ήττήθησάν
2913 2343 2994 2392 τε,
3027 2327 3122 2380 καὶ
3145 2325 3526 2398 ἐξετρίσησαν,
3557 2327 3686 2382 πολ·

2107 2419 2217 2472 λῶν
2261 2419 2576 2490 φθαρεισῶν
2629 2421 2940 2490 μυριάδων,
2976 2420 3051 2483 ὡς
3097 2421 3218 2475 λίαν
3262 2419 3683 2491 περιλειφθῆναι

2113 2511 2357 2582 βραχεῖς,
2387 2512 2520 2581 περὶ
2547 2505 2622 2566 ὧν
2657 2513 2716 2565 ἐν
2754 2514 2866 2577 τοῖς
2908 2511 3060 2576 ίδίοις
3095 2514 3285 2576 τόποις
3323 2513 3688 2584 ίστορηθήσε-

2106 2621 2222 2658 ται.
2260 2602 2546 2673 Ῥωμαίων
2567 2603 2624 2657 δὲ
2653 2602 2989 2674 μνησθείσης
3013 2603 3111 2674 τῆς
3143 2603 3410 2672 ἱστορίας,
3442 2605 3538 2658 καὶ
3563 2605 3688 2658 τού-

2107 2714 2224 2762 τοις
2261 2697 2460 2766 κράτος
2489 2697 2834 2768 άναθεμένης
2865 2698 3158 2766 ἀήττητον,
3199 2695 3503 2766 αναγκαῖον
3545 2697 3686 2750 πάν-

431 2779 696 2848 rationis,
755 2795 1022 2854 quantum
1076 2787 1194 2843 fleri
1255 2797 1470 2858 potest,
1518 2790 1574 2843 in
1622 2789 2005 2859 compendium

2113 2805 2221 2853 τως
2252 2789 2432 2842 εἰπεῖν
2464 2790 2560 2841 καὶ
2579 2787 2842 2858 διδάξαιῆ
2876 2787 3189 2858 ἀναμνῆσαι
3215 2788 3344 2852 τοὺς
3365 2786 3691 2865 ἐντευξομέ-

433 2883 753 2942 contracta,
803 2877 1081 2950 vitataque
1134 2880 1430 2936 verborum
1495 2880 1846 2936 multitudine
1894 2895 1911 2937 :
1951 2889 2005 2933 ut

2109 2899 2236 2946 νους
2254 2882 2431 2951 τούτῳ
2451 2879 2518 2950 δὴ
2540 2878 2616 2950 τῷ
2641 2879 3056 2950 συγγράμματι,
3073 2877 3219 2941 τίνες
3239 2893 3298 2931 τε
3323 2877 3374 2931 οι
3401 2877 3686 2948 Ῥωμαῖοι,

432 2959 665 3018 historia
721 2972 777 3019 et
839 2965 999 3024 facile
1071 2969 1337 3041 intelligi,
1379 2984 1437 3025 et
1497 2969 1765 3026 memoria
1835 2968 2005 3023 teneri

2110 2976 2204 3029 καὶ
2224 2973 2348 3028 ὅθεν
2374 2971 2580 3027 τούτων
2615 2972 2764 3036 εθνος
2793 2971 3086 3042 συνέστητο
3120 2969 3180 3035 ἐξ
3206 2971 3405 3052 ἀρχῆς,
3436 2972 3535 3024 καὶ
3587 2970 3688 3023 πό-

433 3065 618 3125 quc“-
2112 3067 2207 3122 θεν
2240 3067 2343 3137 τὴν
2372 3065 2564 3137 κλῆσιν
2593 3065 2744 3136 ἔσχε,
2784 3063 2880 3119 καὶ
2908 3063 3019 3118 τίσι
3051 3062 3354 3128 πολιτείαις
3390 3063 3690 3136 ἐχρήσατο,

433 3149 528 3203 καὶ
556 3151 700 3217 οἵαις
726 3153 918 3226 τύχαις
953 3157 1236 3232 ἐνέκυρσε,
1267 3160 1364 3216 καὶ
1395 3161 1543 3225 ὅπως
1573 3161 1885 3234 προῦκοψεν
1926 3165 2008 3226 είς
2045 3162 2397 3233 εὐδαιμονίας
2458 3161 2762 3232 ἀκρότητα,
2794 3159 2871 3224 ὼς
2931 3157 3134 3230 μικροῦ
3164 3156 3452 3228 κυριεῦσαι
3482 3158 3583 3228 τῆς
3608 3159 3689 3211 ol-

433 3243 711 3314 κουμένης
739 3247 977 3320 ἀπάσης,
1011 3254 1104 3305 καὶ
1130 3253 1189 3306 τδ
1217 3256 1416 3325 κράτος
1457 3254 1598 3309 κατὰ
1657 3257 1878 3311 πάντων
1947 3257 2134 3328 σχεδὸν
2189 3257 2589 3326 ἀναδήσασθαι.
2659 3257 2752 3307 καὶ
2798 3253 2944 3317 ὅπως
2994 3251 3312 3322 βασιλευθέν
3361 3251 3420 3317 ἐξ
3491 3253 3684 3324 ἀρχῆς,

432 3335 514 3398 εἰς
566 3337 993 3412 ἀριστοκρατίαν
1033 3346 1153 3416 ἦτοι
1221 3346 1572 3418 δικτατορίας
1634 3350 1730 3404 καὶ
1773 3348 2040 3410 ὑπατείας
2085 3349 2376 3418 μετέπεσε,
2448 3347 2544 3400 καὶ
2615 3349 2695 3409 εἰς
2745 3345 3118 3415 δημοκρατίαν
3163 3344 3322 3406 αὖθις
3364 3347 3685 3417 μετήνεκτο.

435 3423 554 3481 εἶτα
595 3433 676 3494 είς
718 3438 1020 3507 μοναρχίαν
1056 3439 1445 3510 ἐπανελήλυθε.
1537 3443 1759 3511 Ῥητέον
1837 3461 1927 3512 μοι
2001 3441 2182 3494 τοίνυν
2242 3443 2338 3495 καὶ
2397 3441 2528 3512 περὶ
2606 3440 2836 3505 τούτων,
2889 3440 2984 3492 καὶ
3037 3439 3346 3508 διηγητὲον.
3407 3440 3484 3502 ὡς
3546 3441 3688 3501 ἐνδν,

435 3525 779 3597 ἑπιτέμνοντι
829 3532 892 3584 τὸ
951 3532 1154 3597 πλάτος
1207 3535 1302 3604 τῆς
1361 3537 1685 3606 διηγήσεως,
1726 3541 1820 3591 καὶ
1873 3541 1975 3608 τὴν
2016 3536 2399 3608 μακρηγομίαν
2461 3535 2828 3600 συστέλλοντι,
2862 3535 2928 3587 ἵν’
2996 3531 3104 3586 εἶεν
3153 3534 3462 3588 εὐσύνοπτοι
3493 3535 3562 3590 τὰ
3589 3537 3686 3605 τῆς

437 3617 701 3690 ἱστορίας,
741 3623 836 3677 καὶ
872 3623 971 3690 τὴν
1001 3626 1112 3679 τῶν
1147 3626 1411 3682 ἐπιόντων
1447 3628 1621 3684 ταῦτα
1672 3631 1894 3703 μνήμην
1932 3631 2009 3702 μὴ
2045 3630 2417 3701 διαφεύγοιενο

1407 3991 1570 4064 313
1644 3970 2006 4062 LIBER
2074 3968 2712 4061 SEPTIMUS.

509 4157 550 4212 1.
590 4157 792 4215 ᾸΕηοεε
835 4168 960 4229 post
1002 4159 1299 4234 Troianum
1331 4163 1535 4219 bellum
1566 4165 1637 4220 ad
1663 4165 2005 4238 Aborigenes

2179 4163 2259 4220 A'.
2313 4165 2532 4231 Αἰνείας
2588 4165 2727 4238 μετὰ
2779 4166 2872 4220 τὸν
2929 4165 3180 4235 Τρωῖκὸν
3255 4164 3492 4234 πόλεμον
3550 4165 3688 4237 πρὸς

437 4251 610 4314 venit,
644 4253 738 4322 qui
771 4267 894 4308 eam
925 4253 1231 4324 regionem.
1275 4255 1333 4310 in
1377 4272 1486 4326 qua
1529 4258 1700 4312 Roma
1750 4259 1854 4314 sita
1899 4267 2005 4327 est,

439 4345 569 4398 olim
603 4355 919 4411 tenuerunt,
962 4346 1157 4402 Latino
1195 4349 1371 4403 Fauni
1421 4349 1534 4404 filio
1585 4359 1852 4421 regnante
1892 4368 1905 4404 :
1951 4359 2010 4406 et

441 4436 704 4492 Laurenti
731 4439 884 4506 juxta
919 4437 1149 4493 ﬂuvium
1189 4438 1502 4495 Numicium
1533 4443 1765 4511 appulit,
1807 4441 1901 4498 ubi
1943 4458 2012 4498 ex

440 4529 666 4583 oraculo
692 4529 928 4598 quodam
985 4530 1275 4586 considere
1323 4532 1517 4587 voluit.
1550 4533 1709 4600 Quod
1738 4535 1860 4604 ejus
1889 4533 2011 4602 ,loci

440 4633 534 4672 rex
572 4616 799 4672 Latinus
847 4618 1253 4688 prohibiturus,
1282 4623 1577 4678 commisso
1609 4623 1799 4693 praelio
1837 4623 2016 4679 vinci-

440 4719 552 4765 tur.
591 4709 797 4764 Deinde
828 4724 928 4780 per
950 4712 1186 4778 somnia,
1219 4729 1341 4782 qua:
1370 4725 1600 4785 uterque
1622 4716 1898 4780 viderant,
1930 4731 2016 4772 τοι

441 4801 720 4857 conciliati
743 4811 872 4858 sunt
899 4819 914 4856 :
938 4819 1002 4858 ae
1020 4803 1248 4859 Latinus
1275 4821 1541 4862 concesso
1561 4808 1845 4864 habitandi
1865 4810 2010 4876 loco,

443 4897 608 4951 filiam
654 4895 935 4951 Laviniam
977 4896 1166 4953 IEnea:
1209 4899 1265 4953 in
1299 4902 1712 4956 matrimonium
1758 4903 2013 4973 collocat,

442 4995 510 5048 de
548 4993 710 5063 cujus
734 4994 958 5050 nomine
985 4994 1179 5050 urbem
1211 5011 1242 5050 a
1271 5011 1330 5052 se
1359 4997 1636 5052 conditam
1672 4997 1876 5053 Encas
1913 4999 2018 5053 La-

441 5088 651 5140 vinium
697 5086 946 5142 nominat
996 5104 1012 5142 :
1066 5088 1218 5157 regio
1259 5087 1496 5154 Latium,
1553 5090 1790 5160 pepulus
1833 5090 2015 5145 Latini

444 5181 722 5248 appellati.
748 5181 936 5235 Rutuli
963 5195 1098 5250 gens
1127 5179 1375 5244 finitima,
1406 5183 1542 5236 urbe
1565 5184 1741 5237 Ardea
1771 5183 2014 5250 oriundi,

442 5287 571 5326 ante
599 5274 795 5328 infensi
822 5273 1182 5338 Latinis,tnm
1208 5289 1429 5344 quoque
1461 5276 1662 5330 bellum
1691 5277 2018 5340 intulerunt,

445 5363 742 5427 adiuvante
783 5364 973 5419 Turno
1019 5367 1140 5420 viro
1168 5367 1390 5432 illustri,
1425 5377 1660 5438 cognato
1690 5367 1892 5433 Latini,
1929 5371 2018 5425 cui

445 5453 518 5506 ob
540 5451 776 5508 Laviniae
795 5454 1016 5524 nuptias
1041 5455 1214 5510 iratus
1243 5464 1384 5520 erat,
1409 5457 1514 5512 sibi
1539 5457 1695 5527 prius
1709 5459 2013 5528 desponsae.

2122 4259 2504 4332 ’Λδορρίγινας
2535 4261 2752 4330 ἀφῖκτο,
2778 4259 2829 4312 οἳ
2880 4257 3075 4330 πρώην
3145 4257 3242 4328 τὴν
3275 4257 3462 4330 χώραν
3487 4257 3688 4329 ᾤκουν,

2110 4349 2234 4405 καθ’
2260 4351 2328 4421 ἢν
2371 4351 2406 4423 ἡ
2441 4350 2630 4424 Ῥώμη
2678 4351 3028 4415 πεπόλισται,
3085 4351 3315 4404 Λατίνου
3354 4349 3449 4403 τοῦ
3479 4350 3688 4405 Φαύνου

2111 4442 2234 4497 τότε
2257 4443 2358 4515 τὴν
2389 4442 2596 4497 τούτων
2624 4443 2800 4514 ἀρχὴν
2825 4442 3066 4514 ἔχοντας’
3100 4443 3194 4496 καὶ
3233 4442 3506 4513 προσέσχε
3540 4443 3687 4496 Λαυ-

2115 4537 2293 4608 ρέντῳ
2331 4537 2474 4590 κατὰ
2509 4535 2601 4590 τὸν
2649 4535 2953 4606 Νουμίκιον
2995 4535 3261 4604 ποταμὸν,
3295 4534 3426 4589 ἔνθα
3457 4536 3600 4590 κατά
3638 4553 3690 4589 τι

2113 4625 2179 4698 δὴ
2203 4625 2528 4697 θεοπρόπιον
2554 4625 2774 4695 λέγεται
2797 4624 3327 4694 παρασκευάζεσθαι
3353 4627 3691 4698 ποιήσασθαι

2113 4719 2214 4790 τὴν
2250 4719 2592 4791 κατοίκησιν.
2633 4719 2693 4773 ’0
2733 4718 2791 4774 δὲ
2846 4717 2947 4790 τῆς
2997 4716 3184 4789 χώρας
3223 4718 3408 4790 ἄρχων
3460 4720 3692 4782 Λατῖνος

2114 4812 2348 4882 ἀπεῖργε
2393 4809 2471 4882 τῷ
2495 4811 2682 4882 Αἰνείᾳ
2703 4810 2803 4880 τὴν
2842 4811 2900 4863 ἐν
2929 4814 2996 4881 τῇ
3032 4811 3188 4882 χώρα
3225 4811 3566 4882 καθίδρυσιν,
3599 4811 3692 4865 καὶ

2119 4902 2414 4974 συμϐαλὼν
2463 4904 2718 4974 ἡττᾶται.
2775 4897 2908 4958 Εῐτα
2962 4903 3033 4957 δι’
3065 4904 3362 4973 ὀνειράτων
3413 4904 3692 4972 φανέντων

2115 4996 2320 5066 ἀμφοῖν
2352 4994 2833 5062 καταλλάττονται,
2864 4996 2960 5050 καὶ
2982 4995 3085 5067 τῆς
3113 4996 3494 5066 κατοικήσεως
3543 4995 3692 5067 αὐτῷ

2117 5089 2443 5159 παραχωρεῖ
2468 5103 2483 5120 ο
2508 5087 2605 5141 καὶ
2634 5087 2735 5158 τὴν
2766 5087 3048 5158 θυγατέρα
3084 5087 3377 5140 Λαουϊνίαν
3399 5088 3482 5152 είς
3513 5088 3691 5158 γάμον

2117 5181 2418 5236 ἐκδίδωσιν.
2481 5180 2654 5234 Ἔνθα
2708 5180 2866 5234 πόλιν
2931 5183 2960 5233 ὁ
3028 5180 3246 5245 Αἰνείας
3303 5179 3688 5251 οἰκοδομήσας,

2117 5273 2375 5342 ὠνόμασε
2435 5272 2720 5326 Λαουΐνιον
2745 5289 2758 5302 ·
2789 5272 2886 5343 ἦτε
2939 5270 3094 5343 χώρα
3148 5271 3349 5325 Λάτιον
3387 5271 3688 5342 ἐπεκλήθη,

2118 5365 2213 5419 καὶ
2240 5365 2290 5416 οί
2327 5364 2606 5432 ἄνθρωποι
2632 5363 2684 5416 oi
2718 5363 2834 5414 ἐκεί
2871 5363 3097 5416 Λατῖνοι
3136 5361 3689 5432 προσηγορεύθησαν.

2129 5456 2435 5512 Ῥουτοῦλοι
2464 5457 2523 5509 δὲ
2558 5454 2890 5528 δμοροῦντες
2932 5455 3000 5524 τῇ
3042 5452 3199 5524 χώρᾳ
3230 5456 3294 5507 ἐκ
3330 5454 3539 5516 πόλεως
3575 5455 3694 5525 Ἀρ-

451 5546 634 5615 Pugna
666 5547 802 5602 inita
834 5521 890 5602 et
914 5548 1142 5604 Latinus
1169 5557 1227 5603 et
1255 5550 1475 5604 Turnus
1513 5521 1738 5609 cadunt.
1759 5521 1930 5607 Enea
1960 5562 2005 5609 el

2119 5549 2246 5613 δέας
2293 5521 2798 5621 ὁρμώμενοίξκαὶ
2851 5521 3093 5616 πρόσθεν
3132 5521 3428 5616 δυσμενῶς
3480 5521 3696 5616 ἔχοντες

443 5637 734 5693 victoriam
767 5649 822 5694 et
847 5640 1025 5696 soceri
1053 5656 1281 5712 regnum
1305 5641 1528 5712 adepto.
1559 5643 1862 5713 Aliquanto
1892 5654 2005 5714 post

2124 5642 2263 5712 πρδς
2313 5641 2600 5705 Λατίνους,
2631 5638 2728 5693 καὶ
2771 5638 2894 5692 τότε
2939 5635 3176 5707 πόλεμον
3218 5636 3448 5708 ἤραντο,
3480 5638 3694 5707 ἐπαρή-

447 5732 661 5795 Ηυιυιὶ,
713 5732 901 5791 ascitis
931 5734 1342 5801 Tyrrhenorum
1392 5735 1632 5806 auxiliis,
1669 5735 1896 5794 lineam
1930 5739 2005 5795 vi-

2125 5752 2314 5805 γοντος
2375 5735 2559 5800 αὐτοῖς
2585 5735 2681 5790 καὶ
2709 5732 2975 5805 Τούρνου,
3003 5728 3192 5801 suam;
3239 5732 3562 5802 ἐπιφανοῦς,
3594 5746 3696 5796 καχ
