4002 6250
348 343 454 405 545

1571 345 1975 409 ANNALlUM
2017 348 2164 410 LIB.
2210 349 2342 412 VII.

3498 364 3604 428 546

341 457 423 526 τῷ
466 455 682 526 Λατένιει
715 455 1111 526 προσήκοντος,
1157 457 1215 522 ὃς
1245 457 1312 512 δι’
1351 459 1519 530 ὀργῆς
1558 461 1649 515 τὸν
1696 463 1912 515 Λατῖνοι

2029 475 2222 518 ceruut
2257 479 2272 516 :
2304 463 2400 533 qui
2431 479 2554 520 cum
2581 481 2757 537 neque
2791 466 2978 525 vivens
3005 486 3182 541 neque
3223 483 3478 531 mortuus
3514 496 3604 533 us-

344 553 614 623 πεποίητο
657 553 747 605 διὰ
783 553 876 605 τὸν
905 555 1198 618 Λαουϊνίας
1233 557 1412 626 γάμον
1440 572 1453 586 ⁸
1499 558 1694 627 ἐκείνῳ
1738 559 1847 627 γὰρ
1886 561 1921 628 ἡ

342 645 483 714 κόρη
515 643 967 714 προωμολόγητο.
999 647 1198 715 Μὰχης
1225 643 1318 700 οὖν
1348 650 1674 718 γενομένης,
1695 651 1926 704 πίπτου-

344 753 432 810 σιν
463 736 491 788 ὅ
524 751 582 786 τε
607 735 845 805 Τοῦρνος
876 736 968 787 καὶ
1003 739 1031 788 6
1055 737 1318 801 Λατῖνοςο
1362 739 1461 809 τὴν
1485 739 1542 792 δὲ
1573 741 1732 809 νίκην
1768 742 1797 794 6
1827 742 1925 796 Αί-

342 831 494 893 νεξας
550 831 869 899 κεκόμιστο,
924 833 1018 884 καὶ
1054 832 1155 903 τὴν
1186 832 1282 886 τοῦ
1312 835 1578 904 πενθεροῦ
1616 835 1921 906 βασιλείαν.

343 921 502 976 Μετὰ
551 921 609 973 δέ
657 938 778 973 τινα
827 923 1020 990 χρόνον
1069 925 1391 995 συμμαχίας
1429 927 1495 979 ὲκ
1527 927 1824 999 Τυρσηνῶν
1873 931 1923 984 oi

357 1013 669 1068 Ῥουτὸῦλοι
704 1016 982 1084 τυχόντες,
1020 1015 1259 1084 ἐπῆλθον
1302 1015 1381 1087 τῷ
1428 1018 1638 1090 Αἰνείᾳ,
1689 1021 1785 1078 καὶ
1831 1019 1924 1074 τδν

344 1108 583 1176 πόλεμον
627 1109 1010 1178 νενικήκασιν.
1056 1107 1296 1177 Ἀφανὴς
1328 1109 1384 1162 δὲ
1434 1111 1462 1163 6
1512 1111 1731 1175 Αἰνείας
1768 1114 1921 1180 γενό-

350 1219 508 1270 μενος
542 1200 689 1272 (οὔτε
719 1202 830 1270 γὰρ
867 1200 978 1264 ζῶν
1013 1199 1170 1271 ὤφθη
1203 1201 1304 1265 ἔτι,
1342 1201 1466 1256 οὔτε
1510 1203 1618 1273 μὴν
1666 1203 1919 1273 τεθνεὼς)

344 1296 420 1358 ὡς
475 1295 609 1357 Θεὸς
656 1295 811 1363 παρὰ
849 1293 1105 1357 Λατίνοις
1142 1294 1429 1364 τετίμητο.
1493 1295 1776 1350 Ἐντεῦθεν
1825 1297 1920 1351 καὶ

343 1391 458 1452 τοῖς
496 1386 789 1458 Ῥωμαίοις
824 1385 921 1441 τοῦ
951 1388 1217 1458 σφετέρου
1261 1389 1454 1456 γένους
1485 1390 1805 1460 ἀρχηγέτης
1836 1409 1923 1442 νε-

343 1481 624 1550 νόμισται,
657 1481 752 1535 καὶ
787 1481 1063 1534 Αίνειάδαι
1097 1479 1384 1533 καλεῖσθαι
1416 1481 1667 1552 αὑχοῦσι.
1706 1482 1819 1552 Τὴν
1863 1481 1920 1535 δὲ

345 1572 459 1627 τῶν
491 1569 742 1627 Λατίνων
769 1573 944 1642 ἀρχὴν
971 1573 1000 1624 6
1026 1572 1236 1625 ἐκείνου
1273 1573 1388 1635 υίὸς
1434 1573 1722 1636 Ἀσκάνιος
1754 1573 1922 1626 διεδέ-

342 1667 496 1734 ξατο,
525 1666 584 1729 ὃς
612 1665 824 1720 οίκοθεν
858 1666 1142 1720 συνείπετο
1168 1668 1246 1737 τῷ
1273 1668 1460 1738 πατρί·
1486 1668 1699 1722 οὐδέπω
1731 1669 1918 1740 γάρὲκ

338 1757 444 1823 τῆς
471 1757 761 1816 Λαουϊνίας
793 1757 959 1811 παῖδα
991 1759 1265 1827 ἐγείνατο,
1304 1759 1502 1829 ἔγκυον
1531 1760 1577 1814 δ’
1610 1762 1781 1833 αὐτὴν
1815 1779 1918 1816 κα-

340 1849 640 1904 τελέλοιπε.
706 1848 811 1902 Τὸν
869 1848 926 1902 δὲ
995 1849 1281 1904 Ἀσκάνιον
1341 1851 1800 1916 κατακλείσαντες
1861 1852 1912 1904 oi

340 1941 617 2010 πολέμιοι,
647 1940 1006 2011 ἐπολιόρκουν
1029 1957 1042 1971 ·
1075 1943 1272 2006 νυκτὸς
1297 1943 1344 1997 δ’
1375 1945 1424 1997 oi
1471 1945 1693 1998 Λατῖνοι
1732 1947 1916 2008 αὐτοῖς

339 2032 685 2102 ἐπιθέμενοι,
725 2034 826 2105 τήν
849 2051 908 2087 τε
937 2034 1257 2106 πολιορκίαν
1283 2036 1482 2092 ἔλυσαν
1511 2039 1604 2092 καὶ
1629 2037 1720 2090 τὸν
1753 2039 1916 2092 πόλε-

343 2142 465 2194 μον.
498 2125 710 2194 Χρόνου
735 2125 793 2180 δὲ
817 2126 1197 2199 διεληλυθότος
1243 2129 1642 2198 πληθυνθέντες
1672 2133 1721 2184 οῖ
1750 2133 1916 2185 Λατῖ-

338 2233 444 2279 νοι,
493 2217 592 2288 τὴν
628 2217 728 2288 μὲν
759 2219 916 2274 πόλιν
944 2219 1006 2273 τὺ
1052 2221 1342 2274 Λαουΐνιον
1375 2221 1424 2274 οί
1461 2222 1711 2285 πλείονες
1758 2225 1916 2277 ἐκλε-

336 2309 614 2374 λοίπασιν,
643 2311 838 2381 ἑτέραν
870 2310 917 2364 δ’
949 2311 1010 2364 ἐν
1034 2312 1282 2382 ἀμείνονι
1322 2311 1479 2384 χώρᾳ
1528 2315 1916 2386 ἀντῳκοδόμη-

338 2419 464 2463 σαν,
496 2401 563 2471 ἣν
600 2402 805 2457 Ι’Λλὸαν
851 2405 915 2457 έκ
961 2403 1062 2474 τῆς
1114 2404 1464 2476 λευκότητος,
1503 2407 1600 2460 καὶ
1652 2408 1764 2461 ἀπὸ
1815 2409 1910 2462 τοῦ

341 2493 552 2565 μήκους
599 2495 822 2565 Λόγγαν
871 2496 1261 2566 ἐπωνόμασαν,
1295 2498 1506 2551 εἴποιεν
1548 2499 1617 2554 ἂν
1652 2501 1915 2572 ’Έλληνες

338 2588 538 2655 λευκὴν
573 2588 668 2640 καὶ
723 2587 966 2659 μακράν.
1018 2589 1311 2642 ’Δσκανίου
1354 2589 1412 2644 δὲ
1464 2591 1908 2664 τελευτήσαντος,

335 2680 385 2732 el
417 2681 637 2733 Λατῖνοι
669 2679 761 2733 τὸν
795 2680 862 2734 εκ
893 2680 994 2752 τῆς
1020 2680 1317 2744 Λαουϊνίας
1348 2680 1425 2752 τῷ
1445 2683 1638 2755 Αἰνείᾳ
1665 2684 1781 2738 υἱὸν
1829 2687 1911 2750 είς

334 2771 438 2840 τὴν
471 2769 754 2842 βασιλείαν
803 2771 1252 2844 προετιμήσαντο
1304 2771 1399 2825 τοῦ
1442 2772 1731 2827 ’Δσκανίου
1784 2792 1912 2828 παι·

333 2861 446 2926 δὸς,
479 2861 572 2915 διὰ
593 2862 688 2916 τὸν
716 2862 946 2917 πάππον
974 2862 1068 2916 τὸν
1097 2863 1324 2916 Λατῖνον
1349 2861 1543 2917 τοῦτον
1576 2864 1911 2936 προκρίναν-

333 2969 451 3017 τες.
503 2952 745 3008 Σιλούῖον
803 2953 1163 3025 κεκλημένον.
1221 2954 1317 3007 Ἐκ
1350 2954 1596 3008 Σιλουΐου
1617 2955 1676 3009 δὲ
1709 2955 1906 3028 ὶτέχθη

333 3043 574 3112 Αἰνείας,
603 3045 664 3112 ἐξ
697 3044 912 3099 Αἰνείου
945 3045 1002 3099 δὲ
1032 3046 1265 3110 Λατῖνος
1291 3046 1529 3114 ἐγένετο,
1573 3047 1803 3101 Λατῖνον
1843 3046 1903 3102 δὲ

2027 571 2189 625 quam
2225 555 2535 622 videretur,
2579 574 2610 613 a
2645 559 2854 614 Latinis
2886 577 2988 630 pro
3021 562 3126 617 deo
3154 564 3340 621 cultus
3362 578 3465 622 est.
3501 569 3600 624 llic

2026 647 2284 702 Romana:
2323 665 2542 719 quoque
2581 653 2758 721 gentis
2788 663 2978 708 auctor
3010 657 3358 724 perhibetur,
3387 660 3596 716 Ainea-

2025 737 2157 790 dum
2217 740 2637 808 appellationem
2713 743 3071 801 honoriﬁcam
3149 749 3256 804 sibi
3321 751 3597 809 ducentis.

2027 825 2208 882 (lineae
2259 831 2313 883 in
2353 847 2520 900 regno
2546 831 2868 888 Latinorum
2917 834 3187 892 Ascanius
3233 839 3400 906 ﬁlius,
3437 841 3598 914 Trnja

2025 927 2237 986 patrem
2272 931 2522 981 secutus,
2559 925 2843 978 successit.
2894 926 3138 983 Necdum
3167 931 3313 984 enim
3340 932 3511 986 ﬁlium
3545 937 3593 988 ei

2026 1008 2250 1070 Lavinia
2274 1022 2884 1083 pepererat,pr:egnans
2910 1017 3120 1072 relicta.
3144 1019 3277 1073 Cum
3303 1023 3594 1077 Ascanium

2025 1100 2212 1155 hostes
2254 1103 2592 1168 obsiderent,
2631 1104 2811 1159 Latini
2843 1123 2940 1162 eos
2969 1119 3134 1164 noctu
3172 1111 3374 1179 adorti,
3411 1124 3462 1168 et
3497 1115 3594 1166 oh-

2024 1192 2293 1248 sidionem
2335 1203 2389 1248 et
2442 1195 2645 1249 bellum
2700 1199 3110 1266 propulsarent.
3161 1201 3336 1257 Annis
3387 1203 3597 1274 al.qunt

2022 1285 2244 1352 elapsis,
2275 1284 2589 1340 abundante
2622 1285 2828 1341 Lavinii
2853 1290 3228 1357 multitudine,
3253 1294 3500 1366 plerique
3529 1314 3594 1351 ιιι)

2023 1376 2447 1436 relicto.Albam
2475 1380 2689 1450 longam
2723 1381 2776 1434 in
2800 1382 2922 1436 loco
2952 1385 3180 1439 meliore
3200 1387 3592 1444 condiderunt.

2023 1472 2260 1526 Ascanio
2307 1472 2589 1539 defuncto,
2628 1473 2807 1527 Latini
2842 1474 3086 1546 Sylvium
3116 1477 3302 1534 Enen:
3329 1496 3395 1534 ex
3431 1483 3594 1536 Lari-

2024 1563 2107 1616 nia
2141 1563 2334 1624 ﬁlium.
2371 1564 2423 1617 in
2454 1579 2643 1636 regno,
2683 1566 2902 1622 Ascanii
2958 1567 3070 1622 ﬁlio
3128 1581 3352 1640 propter
3379 1576 3461 1626 avi
3494 1576 3596 1628 La-

2022 1653 2121 1708 tini
2151 1657 2493 1722 memoriam,
2522 1659 2906 1724 praitulerunt.
2933 1657 3150 1730 Sylvius
3168 1661 3398 1717 IEneam
3423 1679 3591 1728 creat,

2022 1747 2066 1802 is
2095 1746 2293 1802 deinde
2326 1746 2601 1814 Latinum,
2637 1748 2832 1804 Latino
2857 1753 3125 1806 successit
3149 1754 3344 1826 Padys.
3372 1756 3584 1812 Tiberi-

1953 1817 1990 1870 Β
2022 1854 2148 1904 nus,
2177 1840 2271 1909 qui
2309 1847 2433 1909 post
2472 1840 2747 1908 regnavit,
2771 1842 2824 1894 in
2852 1840 3020 1897 ﬂuvio
3046 1843 3242 1900 Albula
3269 1849 3595 1904 submersus

2015 1940 2100 1986 est
2132 1950 2145 1986 :
2179 1931 2274 2002 qui
2305 1931 2504 1986 ﬂuvius
2542 1931 2766 1987 Romam
2793 1933 3092 2003 perﬁuens,
3124 1947 3181 1992 et
3212 1940 3336 1993 urbi
3369 1941 3434 1995 ad
3475 1944 3594 2010 plu-

2019 2023 2186 2079 rimos
2218 2041 2350 2079 usus
2388 2034 2735 2095 opportunus
2782 2037 2951 2095 atque
2998 2029 3350 2095 utilissimus,
3399 2034 3466 2086 ab
3501 2035 3592 2087 illo

2015 2114 2235 2168 Tiberis
2262 2130 2462 2168 nomen
2495 2116 2729 2184 accepit.
2784 2116 2849 2172 Et
2885 2117 3131 2173 Tiberini
3161 2123 3398 2189 posteris
3437 2136 3591 2178 ortus

2014 2218 2098 2262 est
2127 2206 2398 2272 Amulius,
2445 2209 2611 2262 homo
2646 2210 2940 2278 superbus,
2973 2227 3143 2280 seque
3179 2229 3278 2283 pro
3309 2213 3414 2268 deo
3457 2233 3590 2269 ven-

2014 2297 2190 2352 ditare
2219 2313 2386 2352 ausus
2421 2315 2434 2351 :
2479 2297 2571 2368 qui
2600 2314 2723 2353 cum
2767 2285 3037 2357 machinis
3065 2302 3229 2374 314
3256 2304 3588 2375 quibusdam

2015 2389 2260 2446 tonitrua
2291 2391 2610 2458 tonitribus,
2642 2393 2856 2462 fulgura
2891 2393 3202 2466 fulguribus
3234 2398 3486 2460 Ieferret,
3522 2416 3588 2456 ac

2011 2480 2244 2537 fulmina
2286 2475 2630 2553 iacularetur
2657 2523 2674 2549 ,
2730 2485 2913 2541 subita
2954 2489 3314 2546 inundatione
3346 2494 3582 2563 paludis.

2010 2573 2078 2629 ad
2112 2589 2276 2643 quam
2313 2574 2618 2638 habitabat,
2654 2578 2837 2646 periit,
2884 2594 2990 2634 una
3020 2595 3144 2636 cum
3177 2584 3324 2653 regia
3365 2584 3586 2640 demer-

2011 2681 2129 2722 sus.
2163 2665 2474 2724 Luentinus
2503 2667 2649 2723 ﬁlius
2673 2670 2793 2739 ejus
2820 2670 2874 2724 in
2901 2671 3045 2727 bello
3077 2688 3251 2738 caesus
3279 2685 3381 2732 est.
3406 2677 3586 2747 Atque

2012 2759 2127 2814 haec
2155 2759 2225 2814 de
2268 2759 2502 2816 Lavinio
2545 2771 2602 2818 et
2644 2763 2897 2819 Albanis.
2940 2766 3171 2824 Romani
3219 2785 3350 2824 vero
3398 2782 3582 2828 ortum

2009 2853 2289 2908 duxerunt
2328 2870 2358 2908 a
2405 2854 2695 2912 Numitore
2743 2867 2801 2912 et
2835 2860 3053 2915 Amulio
3084 2861 3340 2924 Lgueutini
3365 2865 3583 2935 nepoti-

2010 2942 2136 3010 bus,
2191 2941 2379 3000 Enea:
2437 2946 2692 3014 posteris.
2740 2949 2824 3004 Ad
2876 2966 3160 3019 quoscqu
3194 2953 3378 3008 Albini
3429 2955 3580 3024 regni

2009 3036 2289 3092 successio
2315 3038 2640 3107 pertineret,
2672 3056 2899 3111 regnum
2923 3053 2980 3098 et
3011 3046 3299 3113 pecuniam
3331 3046 3582 3102 dividere

331 3136 601 3203 διεδέξατο
651 3136 856 3202 Πάστις
906 3137 1044 3210 (76).
1098 3136 1380 3208 Τιϐερῖνος
1437 3137 1484 3190 δ’
1513 3136 1686 3210 ἄρξας
1743 3137 1904 3209 μετέ-

2013 3129 2324 3184 voluerunt.
2376 3129 2630 3187 Amulius
2681 3132 2848 3203 igitur
2896 3150 3063 3205 regno
3101 3139 3334 3192 seorsim
3370 3142 3575 3208 posito.

331 3246 516 3296 πειτα,
547 3231 609 3285 ιν
637 3228 869 3301 ποταμῷ
916 3230 1242 3300 καλουμένῳ
1281 3228 1550 3299 ’Δλὸούλῳ
1590 3228 1794 3294 πεσὼν,
1825 3231 1908 3285 δι-

331 3322 547 3393 εφθάρη
569 3335 583 3350 ·
611 3320 670 3386 δς
694 3322 759 3391 δὴ
792 3321 1035 3392 ποταμὸς
1076 3323 1296 3392 Τίϐερις
1329 3323 1386 3388 ἐξ
1420 3322 1634 3375 ἐκείνου
1670 3338 1908 3390 μετωνο-

333 3415 538 3487 μάσθη,
593 3417 732 3486 ῥέων
779 3416 866 3470 διὰ
916 3415 1012 3484 τῆς
1069 3415 1309 3487 Ῥώμης,
1371 3419 1466 3469 καὶ
1523 3416 1599 3469 ὢν
1644 3419 1710 3486 τῇ
1749 3415 1907 3472 πόλει

328 3505 826 3576 πολυαρκέστατος,
857 3506 951 3558 καὶ
992 3506 1290 3574 Ῥωμαίοις
1319 3507 1376 3569 ἐς
1405 3507 1473 3558 τὰ
1507 3504 1746 3574 μάλιστα
1772 3525 1908 3578 χρη-

327 3596 659 3667 σιμώτατος.
707 3598 972 3666 Ἔκγονος
1019 3597 1075 3650 δὲ
1129 3597 1223 3650 τοῦ
1262 3598 1550 3667 Τιόερίνου
1597 3599 1902 3669 Ἀμούλιος,

327 3686 387 3750 ὃς
427 3687 849 3758 ὑπερφρονήσας
899 3691 993 3740 καὶ
1040 3687 1196 3741 θεοῦν
1229 3688 1423 3741 ἑαυτὸν
1467 3687 1773 3759 τολμήσας,
1826 3688 1905 3753 ὡς

331 3777 562 3849 βροντάς
593 3795 655 3831 τε
701 3781 823 3842 ταῖς
857 3779 1110 3850 βρονταῖς
1142 3783 1204 3833 ἐκ
1238 3779 1494 3850 μηχανῆς
1546 3781 1900 3849 ἀντεπάγειν,

2011 3231 2076 3274 ac
2125 3219 2361 3287 pecunia
2408 3219 2622 3285 itidem,
2679 3222 2924 3291 optione,
2975 3224 3584 3290 fratri,alteriusutrius

2009 3306 2172 3372 data,
2224 3306 2505 3375 Numitor,
2560 3320 2620 3367 ut
2665 3320 2796 3368 natu
2849 3311 3044 3381 major,
3110 3328 3340 3383 regnum
3394 3316 3578 3385 elegit.

2007 3397 2261 3456 Amulius
2313 3415 2446 3454 vero
2512 3403 2748 3470 pecunia
2805 3413 3076 3473 accepta,
3139 3407 3578 3474 comparatisque

2007 3491 2185 3560 copiis
2218 3530 2234 3556 ,
2282 3492 2448 3547 etiam
2494 3508 2726 3562 regnum
2781 3493 2886 3548 sibi
2920 3496 3234 3552 vindicavit.
3275 3496 3579 3552 Numitoris

2007 3583 2155 3648 ﬁliae,
2181 3586 2394 3640 veritus
2428 3602 2498 3640 ne
2533 3603 2601 3641 ex
2633 3602 2697 3641 ea
2727 3589 2841 3642 nati
2890 3587 2984 3643 ﬁlii
3016 3601 3206 3645 contra
3237 3605 3296 3645 se
3326 3590 3578 3660 insurgo-

2007 3686 2151 3742 rent,
2200 3692 2326 3731 cum
2362 3693 2482 3732 eam
2520 3679 2792 3734 Vestalem
2825 3681 3066 3750 legisset,
3109 3690 3372 3751 perpetua
3410 3684 3575 3752 virgi—

2004 3768 2177 3824 nitate
2221 3784 2373 3839 spem
2409 3779 2598 3839 partus
2631 3770 2845 3826 adimit.
2887 3771 2993 3827 Sed
3030 3783 3151 3842 post
3189 3788 3496 3843 compressa
3543 3791 3574 3828 a

327 3869 426 3924 καὶ
474 3871 910 3941 ἀνταστράπτειν
954 3873 1073 3934 ταῖς
1101 3873 1432 3941 ἀστραπαῖς,
1464 3871 1790 3944 ὲνσκήπτειν
1841 3889 1902 3926 τε

2013 3860 2194 3926 Marte,
2227 3871 2288 3916 ut
2326 3861 2666 3927 fabulantur,
2706 3862 2774 3918 ab
2802 3863 3026 3918 homine
3061 3863 3249 3933 utique
3279 3865 3481 3934 aliquo.
3518 3873 3576 3919 et

327 3963 652 4035 κεραυνοὺς,
698 3963 986 4034 διεφθάρη,
1024 3964 1122 4033 τῆς
1175 3964 1372 4035 λίμνης
1401 3966 1530 4035 παρ’
1625 3967 1695 4018 τὰ
1729 3964 1900 4020 αὐτοῦ

2013 3955 2059 4009 in
2087 3954 2392 4009 custodiam
2435 3954 2582 4023 data,
2614 3970 2686 4013 ne
2719 3954 2913 4012 fmtum
2945 3957 3086 4011 clam
3118 3956 3331 4021 ederet,
3365 3958 3572 4025 gemel-

328 4053 579 4124 βασίλεια
619 4054 801 4124 ἵδρυτο
849 4055 1212 4126 ἑπιρρυείσης
1268 4054 1556 4123 αίφνίδιον,
1605 4057 1701 4108 καὶ
1734 4073 1902 4109 κατα-

2013 4048 2086 4102 los
2135 4061 2361 4116 magnos
2401 4057 2458 4102 et
2499 4049 2780 4118 elegantes
2833 4049 3067 4120 peperit.
3122 4049 3238 4114 Qua
3283 4064 3345 4102 re
3401 4049 3572 4117 magis

326 4146 658 4214 ποντισάσης
694 4147 950 4198 κάκεῖνον
973 4145 1067 4198 καὶ
1100 4144 1166 4198 τὰ
1198 4144 1466 4215 βασίλεια.
1498 4147 1816 4209 Λουεντῖνος
1841 4146 1898 4200 δὲ

2013 4138 2226 4194 territus
2255 4139 2526 4204 Amulius,
2556 4139 2792 4196 infantes
2817 4141 3018 4210 exponi
3048 4141 3212 4211 jussit
3246 4158 3259 4194 :
3292 4154 3432 4209 quos
3461 4139 3568 4195 mi-

323 4238 353 4289 6
395 4237 512 4297 υἱὸς
545 4235 711 4290 αὑτοῦ
757 4237 817 4287 ὲν
864 4235 1086 4305 πολέμῳ
1131 4237 1390 4290 ἀπέθανε.
1448 4239 1557 4290 Καὶ
1587 4237 1763 4292 ταῦτα
1798 4239 1898 4308 μὲν

2013 4232 2173 4286 sister
2206 4232 2359 4287 alveo
2386 4232 2693 4302 impositos,
2729 4234 2783 4288 in
2814 4234 3058 4290 Tiberim
3087 4233 3314 4288 fluvium
3345 4233 3556 4302 abjicit.

333 4329 465 4400 περὶ
501 4329 790 4380 Λαουϊνίου
819 4329 914 4380 καὶ
958 4327 1250 4382 Ἀλϐανῶν.
1274 4328 1353 4380 Τὰ
1384 4329 1438 4381 δὲ
1466 4332 1574 4382 τῶν
1611 4330 1898 4399 Ῥωμαίων

2013 4325 2268 4380 "sicterum
2326 4325 2484 4379 alveo
2535 4325 2588 4379 in
2636 4326 2818 4382 locum
2874 4328 3093 4382 mollem
3139 4326 3342 4389 delato,
3382 4325 3569 4394 lupam

322 4419 500 4489 ἀρχὴν
549 4419 818 4488 ἐσχήκασι
865 4417 956 4469 τὸν
1004 4416 1290 4487 Νομίτορὰ
1324 4433 1384 4469 τε
1436 4417 1653 4470 καὶτὸν
1695 4418 1896 4487 Ἀμού-

1980 4416 2187 4476 ferunt
2245 4417 2548 4474 infantibus
2598 4433 2866 4476 mammas
2919 4418 3241 4488 praebuisse,
3289 4426 3345 4474 et
3376 4416 3568 4474 Picum

322 4513 458 4576 λιον,
491 4511 541 4564 οἳ
576 4510 899 4564 Λουεντίνου
937 4509 1038 4579 μὲν
1067 4510 1317 4578 ἐγένοντο
1347 4509 1554 4574 υἱωνοὶ,
1581 4509 1676 4563 τοῦ
1725 4512 1768 4563 δ’
1796 4511 1893 4564 Δί-

2013 4511 2258 4564 martium
2290 4513 2575 4565 custodem
2607 4511 2925 4575 accessisse,
2957 4513 3049 4580 qui
3085 4513 3166 4566 eis
3203 4511 3357 4566 bolos
3384 4511 3440 4568 in
3471 4527 3571 4568 ora

290 4604 470 4657 'vsiou
544 4603 823 4670 ἀπόγονοι.
880 4603 990 4672 Τῆς
1048 4601 1178 4669 γοῦν
1255 4605 1314 4656 ὲν
1367 4603 1544 4674 ’Λλϐῃ
1620 4603 1898 4672 βασιλείας

2013 4600 2308 4669 digesserit.
2369 4600 2607 4655 Infantes
2659 4601 2766 4657 illic
2809 4602 2964 4666 sitos,
3022 4602 3314 4658 Faustulus
3365 4603 3570 4658 Amulii

325 4698 465 4749 κατὰ
491 4695 747 4765 διαδοχὴν
782 4693 1182 4763 περιελθούσης
1213 4694 1418 4758 αὐτοῖς,
1450 4695 1740 4763 νείμασθαι
1766 4694 1899 4748 ταὺ-

2013 4693 2264 4749 subulcus
2313 4694 2450 4748 clam
2495 4695 2762 4758 sublatos,
2795 4695 2948 4749 uxori
2978 4693 3288 4751 Laurentia:
3324 4695 3572 4751 educau-

323 4803 421 4855 την
458 4785 737 4855 ⁴ἠθέλησαν
775 4786 870 4837 καὶ
903 4786 970 4837 τὰ
996 4786 1279 4855 χρήματα.
1323 4787 1428 4838 ’1ὀῦ
1470 4786 1758 4856 ’Λμουλίου
1791 4787 1896 4840 τοί-

1998 4783 2099 4838 dos
2160 4784 2313 4841 dedit
2361 4801 2376 4838 :

2434 4785 2778 4854 alterumque
2815 4785 3133 4844 Romulum.
3182 4787 3414 4839 alterum
3465 4787 3571 4837 ιιι,-

325 4894 416 4928 νυν
468 4876 576 4946 ἰδίᾳ
622 4876 723 4944 μὲν
768 4875 838 4927 τὰ
887 4876 1150 4945 χρήματα
1203 4875 1408 4940 θέντος,
1473 4877 1580 4946 ἰδίᾳ
1615 4877 1672 4928 δέ
1707 4892 1769 4944 γε
1802 4879 1900 4948 τὴν

2013 4892 2146 4930 num
2189 4877 2506 4946 appellavit.
2549 4877 2783 4943 Quidam
2824 4891 3081 4932 asserunt
3137 4878 3323 4948 (idque
3361 4878 3567 4946 proha-

326 4969 622 5038 βασιλείαν,
664 4965 760 5020 καὶ
794 4965 854 5030 ἐξ
893 4969 1096 5036 ἀμφοῖν
1127 4968 1217 5021 τὸν
1251 4968 1478 5036 ἀδελφὺν
1507 4972 1900 5038 προτρεψαμέ-

2003 4970 2190 5031 bilius,
2236 4980 2403 5038 atque
2459 4970 2598 5023 adeo
2651 4972 2838 5025 verius
2868 4974 2971 5040 est)
3006 4987 3112 5024 non
3142 4973 3326 5041 lupam
3372 4983 3564 5021 emunt

325 5078 437 5125 νου,
471 5060 497 5112 δ
525 5057 663 5130 πρὸς
689 5058 884 5128 βουλῆς
908 5057 1057 5128 αὐτῷ
1091 5059 1468 5125 ἐπιλέξασθαι,
1491 5061 1589 5130 τὴν
1621 5061 1899 5130 βασιλείαν

2013 5062 2269 5115 iutricem
2302 5062 2495 5123 fuisse,
2558 5063 2650 5116 sed
2692 5062 3036 5116 Laurentiam
3081 5065 3299 5130 vulgato
3334 5072 3566 5126 corpore

324 5152 497 5205 εΐΑετο
541 5153 570 5204 6
613 5150 900 5221 Νομίτωρ,
935 5151 1030 5204 ἆτε
1084 5151 1179 5203 καὶ
1225 5151 1596 5222 πρεσϐύτερος
1647 5153 1892 5219 ἁδελφός.

2000 5155 2180 5222 lupam
2209 5165 2476 5217 vocatam,
2513 5155 2690 5209 locum
2730 5156 2926 5209 fabulae
2964 5154 3198 5208 dedisse.

326 5245 523 5302 Λαϐὼν
556 5243 612 5297 δὲ
645 5244 715 5296 τὰ
738 5245 1006 5314 χρήματα
1031 5243 1061 5294 6
1105 5242 1414 5312 ⁹Λμούλιος,
1446 5247 1538 5297 καὶ
1565 5244 1796 5313 δύναμιν
1826 5248 1891 5296 ἐκ
1929 5245 2135 5298 τούτων
2174 5247 2664 5316 περιϐαλλόμενος,
2710 5249 2802 5298 καὶ
2833 5249 2929 5314 τὴν
2960 5242 3236 5313 βκτιλείαν
3290 5240 3559 5306 ἁξείλετο.

324 5343 605 5414 Θυγατρὸς
642 5350 698 5404 δὲ
724 5350 800 5419 τῷ
834 5350 1101 5420 Νομίτορι
1135 5347 1324 5418 οὔσης,
1356 5345 1541 5410 δεδιὼς
1591 5347 1666 5417 μὴ
1705 5348 1894 5408 παῖδες
1934 5348 1994 5410 ἐξ
2041 5349 2209 5416 αὐτῆς
2255 5349 2520 5412 γένοιντο,
2591 5349 2684 5400 καὶ
2729 5343 3183 5409 κατεξανασταῖεν
3233 5339 3415 5399 αὑτοῦ,
3485 5339 3560 5387 ἱέ-

328 5453 477 5506 ρειαν
550 5440 648 5512 τῆς
711 5443 940 5505 Ἑστίας
985 5443 1203 5512 ἐκείνην
1255 5440 1562 5504 ἀπέδειξεν,
1613 5439 1824 5509 ἄγαμον
1876 5439 1966 5493 διὰ
1997 5440 2176 5503 τοῦτο,
2222 5442 2316 5493 καὶ
2355 5441 2622 5509 παρθένον
2669 5440 2756 5492 διὰ
2800 5439 2920 5505 βίου
2968 5435 3268 5500 μέλλουσαν
3317 5434 3558 5486 ἑσεεθαι.

336 5531 398 5585 Ἦ
431 5533 489 5586 δὲ
519 5533 722 5588 κύουσα
773 5535 1030 5605 ἐφωράθη
1091 5537 1386 5605 μετέπειτα
1430 5531 1534 5584 ὑπὸ
1569 5533 1782 5598 Ἀρεος,
1851 5531 1925 5593 ὡς
1967 5532 2283 5601 μυθεύεται,
2315 5531 2405 5583 ὑπ’
2468 5528 2769 5599 ἀνθρώπων
2801 5527 2855 5578 δὲ
2885 5528 3096 5586 πάντως
3139 5525 3303 5587 τινός.
3354 5524 3560 5599 Bipqu

1510 5667 1716 5728 νηπίω
1755 5668 2060 5730 lectiones
2109 5677 2165 5732 et
2206 5676 2390 5729 notae.

397 5801 510 5867 (76)
544 5800 746 5867 Πάδις.
781 5800 954 5857 Codd.
982 5800 1150 5870 Begg.
1185 5807 1240 5854 et
1262 5795 1418 5854 Colb.
1460 5795 1681 5859 Πάστις.
