4002 6250
436 374 538 436 ω
1740 360 2063 423 JOANNIS
2104 357 2422 420 zonam
2525 426 2527 428 ,
3590 357 3697 420 553

435 479 530 536 οὖν
562 483 652 538 διὰ
682 481 864 547 τοῦτο,
909 479 995 534 ἵνα
1045 476 1122 548 μὴ
1150 474 1288 547 λάθῃ
1318 471 1574 537 τεκοῦσα,
1607 469 1704 524 καὶ
1750 471 1904 523 Ετεκε
1949 465 2209 538 διδύμους
2276 466 2497 531 παῖδας,
2559 465 2831 537 μεγάλους
2880 483 2940 519 τε
3003 465 3096 520 καὶ
3130 465 3351 531 καλούς.
3389 466 3610 521 Μᾶλλον
3655 468 3715 521 δὲ

439 578 702 648 φοϐηθεὶς
732 580 760 630 ὁ
798 572 1109 644 ⁹Ἀμούλιος,
1151 568 1406 621 ἐκέλευσε
1459 565 1528 618 τὰ
1561 564 1736 634 βρέφη
1803 561 2050 633 ῥιφῆναι.
2093 560 2203 615 Καὶ
2235 560 2264 612 ὀ
2308 557 2482 611 ταῦτα
2533 556 2716 612 λαϐὼν
2749 559 2935 632 σκάφῃ
2981 559 3295 630 ἐνθέμενος,
3357 559 3620 632 ἐμϐάλλει
3654 563 3714 614 ἐν

436 670 516 740 τῷ
552 667 785 739 ποταμῷ
819 666 895 734 τῷ
927 661 1188 730 Τιϐέριδι.
1218 657 1555 728 Παρασύραν
1614 657 1672 708 δὲ
1701 657 1801 726 τὴν
1873 654 2090 722 σκάφην
2125 653 2185 705 τὸ
2226 653 2430 723 ῥεῦμα,
2482 649 2562 714 είς
2618 669 2740 705 τινα
2791 652 2969 721 XC.va
3023 654 3330 722 κατήνεγκε
3399 652 3709 721 μαλθακόν,

442 763 616 814 Ἐνοα
650 756 930 826 κειμένοις
967 759 1081 816 τοῖς
1130 752 1379 823 βρέφεσι,
1432 749 1696 802 λύκαιναν
1747 747 2023 816 ἱστοροῦσι
2064 746 2399 815 προσιοῦσαν
2426 747 2596 819 θηλὴν
2664 746 2930 816 παρέχειν
2967 747 3175 811 αὐτοῖς,
3209 748 3304 797 καὶ
3335 746 3486 814 δρνιν
3549 745 3712 813 δρυο-

439 852 720 920 κολάπτην
767 852 1024 919 παρεῖναι
1063 845 1237 898 ταῦτα
1292 840 1610 912 ψωμίζοντα
1662 840 1758 891 καὶ
1811 836 2172 907 φυλάττοντα.
2254 837 2404 890 Ἐκεῖ
2452 837 2510 890 δὲ
2537 837 2770 905 κείμενα
2813 837 2884 891 τὰ
2957 835 3132 907 βρέφη
3201 834 3384 889 λαθὼν
3457 833 3713 904 ἀφείλετό

437 963 520 1006 τις
579 941 868 1013 Ἀμουλίου
906 937 1232 1008 συοφορϐὸς,
1265 933 1606 996 Φαυστοῦλος
1658 933 2014 1002 καλούμενος,
2055 931 2150 984 καὶ
2220 930 2376 1001 παρα
2433 929 2532 998 τῆς
2561 928 2772 982 ἐκείνου
2815 930 3132 999 ἐτράφησαν
3160 928 3442 996 γυναικὸς,
3529 928 3706 996 ὄνομα

439 1036 735 1106 Λαρεντία’
769 1034 918 1088 καὶὸ
957 1032 1055 1102 μὲν
1093 1029 1395 1100 Ῥωμύλος,
1430 1028 1529 1082 ὁδ’
1559 1029 1743 1098 ἔτερος
1796 1026 2007 1095 Ῥῶμο;
2076 1022 2411 1094 ἐκλήθησαν.
2464 1023 2623 1086 Τινὲς
2671 1022 2728 1075 δὲ
2779 1022 2854 1092 μὴ
2908 1021 3172 1075 λύκαιναν
3219 1020 3358 1074 εἶναί
3407 1039 3540 1090 φασι
3613 1025 3714 1088 τὴν

437 1128 546 1181 τῶν
599 1127 810 1180 παίδων
857 1125 1084 1195 τροφὸν,
1114 1122 1140 1175 ὃ
1177 1123 1272 1175 καὶ
1301 1119 1702 1190 πιθανώτερον,
1752 1119 1786 1191 ἢ
1844 1116 2214 1188 ἀληθέστερον
2284 1115 2542 1186 μάλιστα,
2606 1114 2782 1186 ἀρχὴν
2825 1115 2883 1169 δὲ
2923 1115 3020 1170 τὸν
3065 1115 3226 1183 λόγον
3301 1114 3446 1168 οὑτω
3507 1117 3713 1171 infatu-

437 1221 660 1284 Δούπας
691 1217 918 1273 καλοῦσι
958 1215 1224 1286 Ῥωμαῖοι
1267 1217 1364 1276 τάς
1393 1232 1452 1267 τε
1481 1212 1764 1276 λυκαίνας,
1795 1212 1889 1266 καὶ
1954 1211 2054 1272 τὰς
2094 1209 2318 1279 ἑταίρας
2343 1225 2358 1239 ο
2431 1209 2806 1280 πορνευομένη
2853 1209 2900 1261 δ’
2931 1209 2964 1278 ή
2993 1208 3267 1278 Λαρεντία
3295 1207 3328 1278 ἢ
3362 1211 3487 1272 τοὺς
3517 1211 3717 1271 παῖδας

439 1318 728 1391 ἐθρέψατο,
767 1316 860 1368 καὶ
890 1313 1064 1366 λούπα
1103 1313 1192 1364 διὰ
1216 1310 1372 1364 τοῦτο
1403 1309 1735 1380 καλουμένη,
1759 1308 1942 1379 χώραν
1966 1305 2044 1375 τῷ
2081 1304 2237 1374 μύθῳ
2269 1304 2600 1374 παρέσχετο.

509 1389 577 1466 ll.
645 1409 782 1465 Cum
847 1408 1082 1478 primum
1144 1406 1383 1460 adolevit
1447 1414 1623 1469 aetas,
1679 1405 1842 1458 ambo
1897 1417 2018 1456 ant-

2189 1396 2266 1452 B’.
2291 1397 2659 1466 Δύξανὸμενοι
2692 1395 2748 1448 δὲ
2774 1394 3078 1464 θυμοειδεῖς
3111 1389 3275 1464 ἦσαν,
3299 1394 3394 1448 καὶ
3414 1396 3713 1465 ,ἀνδρώδεις

443 1503 584 1558 mosi
637 1511 693 1556 et
746 1500 914 1554 fortes
965 1506 1308 1552 evaserunt:
1339 1498 1432 1552 sed
1475 1497 1743 1551 Romulus
1799 1493 2018 1565 ingenio

2128 1491 2449 1559 ἀμφότεροι.
2508 1488 2570 1542 ’0
2616 1488 2673 1542 δὲ
2714 1487 2992 1556 Ῥωμύλος
3033 1486 3210 1538 ἐδόκει
3265 1487 3478 1541 συνέσει
3524 1489 3713 1556 διαφο-

442 1604 706 1666 praestare
775 1591 958 1655 visus,
1023 1601 1078 1644 et
1135 1589 1201 1643 ad
1269 1589 1650 1659 imperandum
1723 1603 1882 1658 quam
1947 1585 2015 1640 ad

442 1683 935 1754 obtemperantium
968 1680 1149 1750 aptior
1191 1681 1408 1735 habitus
1457 1690 1559 1735 est.
1593 1680 1793 1734 Exorta
1854 1677 2020 1747 igitur

442 1780 588 1833 inter
643 1775 947 1831 Numitoris
996 1783 1051 1827 et
1100 1773 1304 1827 Amulii
1349 1781 1598 1842 pastores
1647 1772 1782 1835 rixa,
1816 1771 2018 1825 fratres

442 1871 566 1924 illas
597 1867 834 1931 caedunt,
880 1876 936 1920 et
981 1881 1231 1936 magnam
1257 1867 1489 1919 armenti
1524 1874 1732 1934 partem
1762 1864 2013 1934 abigunt.

439 1961 712 2017 Postridie
753 1958 1056 2013 Numitoris
1106 1967 1351 2028 pastores
1385 1958 1615 2011 Remum
1658 1970 1782 2012 eum
1826 1956 2016 2027 paucis

443 2053 567 2106 aliis
593 2050 964 2105 ambulantem
995 2064 1060 2102 ex
1090 2049 1306 2103 insidiis
1337 2049 1537 2112 adorti,
1569 2048 1634 2101 ad
1668 2048 2015 2102 Numitorem

441 2141 825 2212 pertrahunt:
864 2141 956 2209 qui
997 2139 1278 2192 Amulium
1328 2140 1552 2192 fratrem
1603 2149 1859 2207 precatus
1908 2147 2016 2202 est,

445 2245 503 2289 ut
533 2233 637 2288 sibi
682 2235 772 2303 jus
810 2246 972 2287 suum
1013 2233 1368 2292 tnbueretur,
1425 2231 1587 2300 315
1623 2231 1691 2284 ab
1727 2230 1875 2284 illius
1922 2229 2020 2284 do-

442 2326 686 2382 mesticis
712 2327 910 2395 insigni
939 2326 1140 2380 affecto
1166 2323 1385 2393 injuria.
1415 2325 1462 2377 ls
1485 2322 1755 2376 Numitori
1785 2322 2018 2376 Remum

443 2419 512 2472 ad
546 2418 880 2487 supplicium
925 2417 1098 2471 dedit.
1153 2415 1254 2480 Qui
1301 2415 1524 2468 domum
1557 2428 1859 2482 regressus,
1891 2425 2017 2468 eum

442 2511 850 2565 adolescentem
900 2508 1279 2580 magnitudine
1324 2518 1381 2562 et
1413 2507 1610 2560 robore
1658 2515 2014 2576 prtestantem

445 2602 685 2665 videret,
743 2602 975 2671 ejusque
1029 2601 1334 2664 ﬁdentiam,
1388 2609 1445 2654 et
1492 2598 1716 2652 minime
1755 2597 2016 2652 servilem

444 2691 685 2746 indolem
719 2691 1032 2755 miraretur,
1082 2690 1193 2744 leni
1225 2703 1380 2752 voce,
1427 2689 1521 2758 qui
1565 2695 1622 2743 et
1665 2688 1813 2745 unde
1853 2695 2018 2744 natus

2131 1578 2392 1650 ρώτερος,
2420 1581 2517 1633 καὶ
2547 1579 2876 1650 ἡγεμονικὸς
2914 1577 3120 1647 μᾶλλον
3151 1577 3251 1648 τὴν
3282 1580 3472 1648 φύσιν,
3499 1580 3531 1650 ἦ
3589 1599 3710 1634 πςι-

2129 1673 2414 1742 θαρχικόί.
2451 1673 2759 1742 Γενομένης
2809 1671 2865 1723 δέ
2904 1687 3036 1723 ποτε
3074 1672 3210 1740 πρὸς
3247 1672 3374 1734 τοὺς
3404 1673 3714 1742 Νομίτορος

2130 1763 2424 1833 βιυκόλους
2451 1765 2561 1826 τοῖς
2589 1765 2684 1816 τού
2726 1761 3014 1832 Ἀμουλίου
3046 1763 3338 1832 διαφορᾶς,
3369 1766 3712 1832 συγκόπτου-

2130 1877 2218 1912 σιν
2267 1860 2469 1923 αὐτοὺς
2526 1861 2576 1912 οἱ
2628 1859 2952 1928 ὁμαίμονες,
3006 1858 3230 1928 καὶτῆς
3269 1857 3474 1927 ἀγέλης
3510 1861 3711 1928 συχνὴν

2127 1951 2528 2022 ἀποτέμνονται
2571 1955 2788 2022 μοῖραν.
2839 1951 3001 2021 Μόνῳ
3043 1951 3100 2004 δὲ
3145 1950 3224 2019 τῷ
3271 1949 3464 2021 Ῥώμῳ
3501 1951 3620 2020 μεθ’
3651 1953 3712 2022 ἡ·

2131 2049 2309 2116 μέρας
2337 2047 2434 2100 σὺν
2473 2047 2678 2116 ὀλίγοις
2709 2047 2893 2111 ἄλλοις
2927 2047 3218 2118 βαδίζοντι,
3254 2049 3301 2101 οἱ
3337 2047 3430 2100 τοῦ
3474 2048 3712 2117 Νομίτοο

2131 2154 2224 2207 ρος
2282 2137 2532 2208 βουκόλοι
2598 2140 2952 2210 λοχήσαντες,
3011 2140 3309 2194 συνέλαϐον
3363 2141 3556 2206 αὑτὸν,
3617 2142 3711 2195 καὶ

2127 2226 2420 2295 ἀπήγαγον
2466 2226 2601 2297 πρὸς
2647 2228 2970 2298 Νομίτοραο
3008 2232 3104 2283 καὶ
3148 2229 3207 2292 ὃς
3239 2231 3378 2302 πρὸς
3424 2231 3710 2299 Ἀμούλιον

2127 2315 2321 2382 ἐλθὼν,
2358 2317 2529 2370 ἐδεῖτο
2546 2322 2730 2388 τυχεῖν
2757 2319 2942 2389 δίκης,
2975 2321 3205 2392 ἁδελφὸς
3238 2321 3317 2375 ὢν
3342 2326 3435 2376 καὶ
3467 2325 3574 2376 ὑπὸ
3604 2325 3711 2377 τῶν

2128 2408 2347 2461 οἰκείων
2398 2409 2566 2462 αὑτοῦ
2618 2410 2977 2482 ὑϐρισμένος.
3023 2413 3082 2466 Ὀ
3134 2413 3192 2468 δὲ
3243 2415 3589 2485 παραδίδωσι
3632 2417 3712 2487 τῷ

2126 2500 2392 2580 Νομίτορι
2421 2503 2510 2554 τὶν
2555 2500 2790 2574 Ῥῶμον,
2837 2506 2911 2566 ὡς
2949 2505 3196 2576 βούλοιτο
3243 2508 3575 2578 χρήσασθαι.
3616 2511 3712 2574 '0;

2128 2590 2271 2645 οἴκοι
2320 2591 2516 2657 ἐλθὼν,
2570 2597 2781 2650 καὶτὸν
2812 2599 3106 2653 νεανίσκον
3156 2600 3298 2671 ὁρῶν
3332 2600 3710 2674 ὑπερφέροντα

2130 2685 2354 2757 μεγέθει
2402 2687 2499 2741 καὶ
2536 2686 2723 2759 ῥώμῃ,
2779 2690 2872 2742 καὶ
2918 2691 2980 2743 τὺ
3029 2693 3333 2763 θαρραλέον
3389 2696 3580 2761 αὑτοῦ,
3619 2699 3714 2750 καὶ

447 2792 614 2849 esset,
648 2793 820 2853 rogat.
855 2783 952 2838 Ille
993 2783 1281 2838 intcrritus
1316 2781 1634 2851 respondet,
1676 2796 1735 2837 se
1767 2782 2020 2852 geminos

2129 2775 2436 2830 ἀδούλωτον
2487 2778 2586 2847 τῆς
2622 2777 2802 2848 ψυχῆς
2861 2779 3182 2850 θαυμάζων,
3224 2784 3511 2854 ἀνέκρινεν
3562 2787 3712 2848 ὅστις

444 2872 642 2927 fratres
690 2887 814 2928 esse
873 2890 886 2926 ἓ
942 2881 1154 2927 natales
1214 2887 1345 2928 SUOS
1411 2887 1644 2928 arcanos
1695 2887 1858 2937 esse,
1917 2887 2024 2927 Ill]-

447 2963 793 3018 tricationem
849 2972 907 3018 et
955 2962 1274 3016 alimoniam
1341 2962 1624 3018 mirabiles
1681 2964 2020 3028 memorari,

447 3053 684 3106 ferarum
763 3059 820 3106 et
881 3052 1163 3106 volucrqu
1235 3051 1594 3117 ministerio,
1659 3065 1786 3106 cum
1869 3053 2026 3122 juxta

446 3157 704 3212 magnum
762 3142 966 3197 llumen
1029 3145 1084 3196 in
1146 3145 1302 3197 alveo
1344 3144 1634 3212 jacerent,
1697 3143 1793 3211 qui
1843 3141 2028 3196 adhuc

447 3240 708 3293 exstaret.
743 3233 903 3285 aereis
935 3231 1157 3286 laminis
1195 3231 1504 3295 devinctus,
1529 3231 1786 3286 obscuris
1815 3231 2024 3287 l-itterls

449 3322 662 3376 incisis.
727 3320 999 3374 Numitori
1049 3335 1116 3374 ex
1161 3320 1318 3374 Remi
1351 3320 1536 3375 verbis
1569 3330 1625 3375 et
1653 3323 1808 3375 vultu
1845 3321 2029 3392 tetigit

447 3413 694 3468 animum
726 3412 992 3465 memoria
1041 3412 1276 3465 liliorum
1311 3412 1456 3474 ﬁliae,
1499 3414 1592 3482 qui
1627 3415 1864 3482 expositi
1893 3413 2031 3469 fuis-

449 3512 595 3558 sent.
637 3502 709 3558 At
748 3501 1048 3558 Faustulus
1092 3501 1251 3556 Remi
1284 3501 1604 3571 captivitate
1643 3505 1885 3574 cognita,
1915 3505 2030 3560 Ro-

452 3595 668 3649 mulum
686 3597 756 3651 ad
805 3609 966 3663 apem
1012 3595 1170 3650 fratri
1203 3595 1486 3650 ferendam
1516 3597 1784 3652 hortatur
1821 3617 1835 3653 :
1875 3613 2032 3667 aper-

448 3697 614 3758 teque
644 3687 828 3749 docet,
853 3697 914 3741 ut
943 3689 1058 3742 nati
1078 3697 1284 3743 essent.
1306 3685 1441 3742 Nam
1473 3688 1632 3760 prius
1660 3703 1759 3760 per
1775 3690 2032 3761 ambages

447 3781 502 3836 id
546 3780 907 3852 signiﬁcaret,
937 3795 1004 3837 ne
1049 3781 1364 3836 humilibus
1405 3793 1594 3836 essent
1629 3783 1875 3837 animis:
1915 3784 2032 3853 ipse

447 3888 574 3928 cum
613 3874 772 3928 alveo
802 3874 870 3928 ad
911 3873 1256 3928 Numitorem
1306 3874 1536 3929 territus
1571 3885 1852 3944 preperat.
1893 3873 2032 3929 Cum

446 3979 633 4022 autem
673 3966 1000 4022 custodibus
1047 3967 1247 4021 azdi’um
1296 3965 1502 4022 Amuli-‘1
1540 3976 1832 4037 suspectus
1864 3977 2032 4032 esset,

445 4074 510 4115 ac
546 4060 603 4115 in
639 4060 1098 4130 responsionibus
1150 4059 1462 4124 vacil’laret,
1514 4067 1570 4114 et
1615 4060 1832 4114 alveum
1878 4068 2030 4113 veste

447 4161 634 4223 tegere
695 4161 989 4223 satageret,
1044 4151 1218 4207 latere
1274 4152 1398 4206 illos
1443 4165 1554 4206 non
1605 4151 1834 4222 potuit:
1887 4150 2020 4221 quin

443 4260 573 4299 cum
613 4245 802 4298 lurtivi
857 4243 1067 4314 aliquid
1107 4243 1252 4298 ferre
1285 4244 1524 4314 opinati,
1552 4244 1770 4299 alveum
1812 4243 1867 4296 in
1905 4259 2021 4298 me-

446 4337 598 4391 dium
655 4335 986 4406 proferrent.
1037 4337 1178 4391 Tum
1222 4346 1416 4391 autem
1461 4337 1540 4391 ibi
1569 4335 1794 4406 quidam
1828 4349 2021 4390 eorum

446 4428 660 4492 aderat,
689 4427 781 4497 qui
819 4443 1021 4497 pueros
1050 4439 1418 4498 exposuerant
1449 4447 1462 4483 :
1499 4429 1596 4498 qui
1629 4428 1786 4483 alveo
1812 4429 2018 4498 agnito,

449 4515 516 4570 ad
546 4516 824 4571 Amulium
854 4519 1118 4583 accurrit,
1151 4529 1207 4571 et
1237 4532 1353 4572 rem
1387 4518 1630 4572 nuntiat.
1663 4518 1962 4575 Faustulus
1990 4535 2023 4574 a

446 4625 575 4682 rege
603 4610 995 4681 interrogatus,
1017 4627 1220 4683 pueros
1244 4612 1550 4670 incolumes
1571 4629 1696 4670 esse
1715 4615 2019 4685 respondit,

447 4704 542 4757 sed
572 4704 764 4772 procul
801 4703 871 4758 ab
901 4704 1040 4760 Alba
1075 4707 1316 4776 pecudes
1350 4722 1598 4778 pascere.
1627 4707 1856 4762 Alveum
1885 4723 2021 4764 vero

445 4809 506 4848 se
529 4793 730 4849 aﬂ'erre
761 4795 870 4849 llize
893 4811 1194 4864 puerorum
1225 4798 1409 4862 matri,
1431 4813 1556 4852 eum
1583 4798 1771 4853 videre
1798 4799 2021 4854 deside.

445 4886 610 4940 ranti.
667 4885 762 4940 His
796 4888 1048 4943 turbatus
1081 4889 1354 4954 Amulius,
1405 4889 1694 4959 quemdam
1725 4889 1793 4944 ad
1828 4891 2020 4944 Numi-

445 4985 624 5031 torem
677 4977 866 5042 mittit,
921 4987 1333 5046 percontatum,
1394 4993 1464 5032 an
1516 4979 1848 5050 superstites
1899 4993 2022 5033 esse

443 5084 648 5138 pueros
685 5069 1030 5124 audivisset?
1071 5070 1122 5124 Is
1165 5085 1319 5135 vero,
1367 5085 1530 5139 quem
1559 5071 1804 5134 miserat,
1833 5069 2024 5125 Numi-

444 5162 582 5215 toris
630 5162 844 5217 amicus
887 5173 1008 5216 erat
1042 5181 1055 5216 :
1096 5162 1190 5231 qui
1237 5177 1364 5216 cum
1401 5177 1588 5217 senem
1620 5161 1676 5215 in
1716 5160 1872 5215 Remi
1905 5177 2024 5215 am-

444 5258 605 5326 plexu
641 5259 961 5323 invenisset,
1001 5259 1082 5312 eis
1106 5258 1319 5314 animos
1351 5257 1584 5322 addidit,
1613 5266 1670 5311 et
1695 5270 1810 5310 rem
1838 5264 2021 5309 matu-

444 5365 569 5402 rare
595 5351 762 5417 jussit
791 5370 804 5405 :
842 5362 1008 5420 atque
1038 5350 1156 5418 ipse
1187 5349 1355 5403 etiam
1388 5349 1709 5419 adjumento
1735 5347 1862 5401 fuit.
1902 5346 2022 5401 Jam

2124 2864 2232 2935 εἴη,
2284 2865 2380 2919 καὶ
2428 2867 2552 2921 ὅθεν
2584 2870 2817 2936 γένοιτο,
2851 2875 3014 2942 φωνῇ.
3044 2875 3247 2946 πραείᾳ
3283 2889 3296 2903 ·
3344 2876 3376 2927 6
3402 2877 3458 2930 ὁὶ
3495 2877 3712 2948 θαρρῶν

2125 2954 2334 3022 ἔλεγεν,
2379 2957 2456 3020 ὡς
2495 2958 2722 3028 Δίδυμοί
2755 2961 2926 3030 ἐσμεν
2964 2964 3216 3034 ἀδελφοίδ
3271 2969 3426 3034 γοναὶ
3463 2969 3522 3022 δὲ
3556 2970 3712 3040 ἡμῶν

2124 3045 2431 3118 ἀπόρρητοι
2486 3049 2762 3118 λέγονται,
2830 3055 2925 3108 καὶ
2980 3057 3184 3127 τροφαὶ
3240 3061 3338 3113 καὶ
3388 3061 3712 3132 τιθηνήσεις

2127 3136 2600 3212 θαυμασιώτεραι,
2623 3143 2833 3215 θηρίοις
2863 3149 2958 3200 καὶ.
2986 3150 3194 3213 οἰωνοῖς
3219 3151 3537 3222 τραφέντων
3564 3156 3712 3225 παρὰ

2126 3231 2220 3283 τὸν
2251 3231 2428 3301 μέγαν
2473 3238 2742 3306 ποταμὸν,
2775 3239 2834 3292 ὲν
2862 3241 3044 3313 σκάφῃ
3081 3244 3188 3296 τινὶ
3236 3247 3531 3314 κειμένων,
3563 3248 3597 3318 ἣ
3633 3249 3714 3301 ἔτι

2131 3321 2388 3389 σώζεται,
2424 3327 2649 3396 χαλκοῖς
2693 3329 3022 3402 ύποξώμασι
3061 3336 3412 3405 γραμμάτων
3452 3338 3711 3410 ἀμυδρῶν

2128 3414 2653 3487 έγκεχαραγμίνων.
2691 3421 2750 3476 ’0
2795 3423 2896 3492 μὲν
2946 3422 3042 3479 οὖν
3091 3426 3350 3497 Νομίτωρ
3381 3431 3494 3492 τοῖς
3523 3447 3586 3485 τε
3615 3431 3707 3485 λόο

2129 3522 2248 3572 γοις
2279 3507 2376 3560 τοῦ
2419 3508 2657 3582 Ῥώμου,
2686 3513 2781 3567 καί
2804 3518 2870 3587 τῇ
2898 3515 3018 3584 ὄψει
3058 3518 3196 3588 πρὸς
3238 3519 3451 3575 έννοιαν
3484 3523 3586 3593 τῆς
3610 3525 3706 3577 ὲκ-

2132 3594 2337 3661 θέσεως
2381 3599 2491 3654 τῶν
2533 3602 2632 3673 τῆς
2674 3603 2945 3675 θυγατρὸς
2997 3609 3226 3678 ἐνήγετο
3285 3613 3517 3668 παίδων.
3561 3615 3619 3668 ’0
3657 3615 3711 3669 δὲ

2131 3686 2474 3752 Φαυστοῦλο;
2519 3690 2619 3762 τὴν
2666 3691 2762 3745 τοῦ
2803 3693 3018 3765 Ῥώμου
3055 3696 3246 3766 μαθὼν
3302 3698 3593 3770 σύλληψιν,
3620 3703 3709 3755 τὸν

2135 3780 2235 3850 μὲν
2275 3779 2559 3849 Ῥωμύλον
2588 3782 2806 3856 βοηθεῖν
2862 3788 3194 3857 παρεκάλει,
3226 3791 3362 3844 τότε
3397 3794 3590 3863 σαφῶς
3637 3795 3713 3848 δι-

2131 3869 2303 3935 δάξας
2359 3873 2526 3926 αὑτὸν
2582 3875 2713 3946 περὶ
2765 3876 2864 3945 τῆς
2914 3879 3207 3947 γενέσεως.
3259 3883 3536 3953 Πρότερον
3607 3887 3712 3956 γὰρ

2135 3963 2484 4035 ὑπῃνίττετο,
2518 3964 2648 4020 ὥστ’
2674 3967 2874 4030 αὐτοὺς
2916 3970 2993 4041 μὴ
3019 3975 3430 4043 μικροφρονεῖν.
3459 3975 3633 4039 Αὐτὸς
3657 3977 3713 4030 δὲ

2099 4056 2234 4128 τὴν
2288 4057 2507 4128 σκάφην
2558 4059 2800 4129 κομίζων
2848 4062 3049 4133 ἐχώρει
3105 4065 3245 4134 πρὸς
3287 4066 3380 4120 τὸν
3409 4065 3713 4139 Νομίτορα,

2132 4149 2376 4220 σπουδῆς
2406 4152 2500 4204 καὶ
2533 4152 2684 4216 δέους
2718 4157 2938 4224 μεστός.
2974 4157 3100 4221 Τοῖς
3131 4158 3189 4210 δὲ
3230 4161 3358 4230 περὶ
3389 4161 3490 4223 τὰς
3536 4161 3712 4224 πύλας

2126 4239 2224 4294 τοῦ
2266 4240 2552 4310 Ἀμουλίου
2589 4246 2852 4315 φρουροῖς
2901 4246 3274 4318 ὑφορώμενος,
3307 4249 3402 4300 καὶ
3447 4248 3713 4320 ταραττόο

2130 4351 2289 4405 μενος
2316 4334 2451 4406 περὶ
2476 4334 2577 4398 τὰς
2607 4337 2958 4406 ἀποκρίσεις,
3005 4340 3105 4391 οὑκ
3145 4338 3306 4391 ἔλαθε
3348 4339 3447 4410 τὴν
3495 4340 3713 4410 σκάφην

2124 4427 2202 4497 τῷ
2247 4425 2504 4498 χλανιδίῳ
2557 4428 3005 4497 περικαλύπτων.
3052 4430 3452 4494 ’Υπολασόντες
3489 4430 3549 4484 δὲ
3588 4433 3712 4484 κλο-

2127 4517 2363 4587 πιμαῖόν
2421 4535 2473 4570 τι
2531 4517 2723 4588 φέρειν
2760 4518 2942 4586 αὑτὸν,
2997 4521 3079 4582 είς
3134 4519 3300 4589 μέσον
3353 4521 3451 4592 τὴν
3493 4522 3710 4592 σκάφην

2127 4610 2464 4678 προήγαγον.
2503 4608 2704 4676 Ἔτυχε
2746 4607 2804 4660 δέ
2838 4624 2921 4670 τις
2967 4607 3159 4678 παρὼν
3197 4609 3314 4660 ἐκεῖ
3342 4608 3453 4660 τῶν
3488 4609 3557 4662 τὰ
3587 4625 3711 4662 παι·

2124 4701 2286 4771 δάρια
2311 4699 2646 4770 ὲκθεμένων,
2680 4699 2738 4764 ὃς
2765 4699 2866 4772 τὴν
2898 4701 3116 4770 σκάφην
3145 4700 3444 4771 γνωρίσας,
3488 4699 3708 4768 δραμὼν

2127 4794 2326 4865 φράζει
2353 4794 2430 4863 τῷ
2473 4794 2770 4865 Ἀμουλίῳ.
2827 4794 2938 4848 Καὶ
2966 4794 2994 4845 ὁ
3039 4795 3380 4859 Φαυστοῦλος
3426 4795 3710 4866 ἀνακρινό-

2129 4901 2290 4954 μενος
2340 4887 2493 4956 παρὰ
2526 4887 2621 4939 τοῦ
2649 4885 2940 4956 βασιλέως,
2971 4885 3244 4950 σώζεσθαι
3293 4886 3396 4957 μὲν
3428 4889 3556 4952 τοὺς
3588 4890 3710 4940 παῖ-

2124 4977 2222 5042 δας
2250 4977 2532 5043 κατέθετο,
2562 4978 2753 5050 πόρρω
2783 4978 2842 5031 δὲ
2865 4979 2965 5049 τῆς
2994 4979 3204 5049 ’Δλὸης
3242 4979 3511 5049 νέμοντας
3544 4978 3704 5032 εἶναι’

2125 5071 2224 5141 τὴν
2261 5071 2318 5124 δὲ
2354 5071 2573 5142 σκάφην
2613 5073 2751 5143 πρὸς
2801 5072 2901 5140 τὴν
2963 5072 3128 5125 Ἰλίαν
3181 5073 3432 5142 κομίζειν
3464 5073 3563 5142 τὴν
3599 5073 3703 5124 τῶν

2127 5164 2334 5217 παίδων
2389 5163 2622 5234 μητέρα,
2667 5162 2943 5216 ποθοῦσαν
2995 5163 3147 5219 ἰδεῖν.
3187 5164 3609 5234 Τεταραγμένος
3649 5164 3703 5216 δὲ

2124 5255 2336 5320 τούτοις
2379 5257 2667 5327 Ἀμούλιος
2707 5257 2880 5328 ἄνδρα
2933 5257 3069 5327 πρὸς
3126 5258 3219 5311 τὸν
3273 5258 3555 5330 Νομίτορα
3607 5261 3701 5312 πέ-

2129 5363 2335 5414 πομφε,
2377 5347 2783 5415 πυνθανόμενος
2817 5349 2870 5400 εί
2890 5363 2944 5398 τι
2987 5347 3150 5416 μάθοι
3180 5350 3309 5421 περὶ
3343 5351 3455 5402 τῶν
3500 5351 3701 5403 παίδων

448 5439 716 5494 Romulus
744 5457 966 5511 quoque
1015 5441 1205 5495 aderat
1252 5441 1308 5493 in
1349 5439 1622 5509 proximo,
1662 5453 1788 5492 cum
1829 5453 2022 5507 magna

2128 5438 2200 5499 ὼς
2238 5437 2562 5507 περιόντων·
2587 5434 2654 5506 ἦν
2683 5438 2738 5490 δὲ
2778 5437 2887 5491 τῶν
2921 5439 3092 5506 φίλων
3126 5443 3152 5493 ὁ
3185 5441 3460 5510 πεμφθεὶς
3490 5443 3568 5512 τῷ
3604 5443 3703 5495 Νο-

445 5528 740 5595 agrestium
778 5545 944 5583 manu
988 5549 1003 5585 :
1056 5530 1124 5583 ad
1170 5545 1334 5599 quem
1388 5529 1592 5583 civium
1641 5543 1860 5597 quoque
1907 5543 2020 5581 non

447 5621 630 5689 pauci,
683 5621 809 5675 odio
865 5623 1066 5675 Amulli
1122 5637 1182 5676 se
1245 5621 1615 5674 contulerant.
1675 5618 1788 5672 Hoc
1833 5633 2021 5671 rerum

448 5721 590 5766 statu
647 5713 920 5776 Amulius,
973 5713 1114 5767 nihil
1173 5713 1431 5768 salutaris
1481 5711 1701 5768 consilii
1770 5711 2023 5780 operisve

449 5805 692 5872 molitus,
734 5807 1027 5860 occiditur.

2135 5527 2343 5597 μίτορι.
2385 5528 2664 5583 Ἀπελθὼν
2694 5529 2812 5593 οὑν,
2850 5530 2946 5582 καὶ
2974 5531 3032 5582 ὲν
3062 5531 3424 5600 περιπλοκαῖς
3450 5531 3545 5585 τοῦ
3577 5532 3703 5585 Ῥώ-

2135 5636 2238 5688 μου
2282 5619 2535 5688 εὑρηκὼς
2583 5620 2674 5673 τὸν
2712 5620 3016 5692 Νομίτορα,
3053 5623 3437 5694 παρεθάρρυνέ
3482 5641 3566 5690 τε,
3615 5625 3702 5677 καὶ

2136 5711 2212 5779 μὴ
2251 5711 2468 5781 μέλλειν
2503 5712 2686 5774 αὐτοῖς
2715 5713 3095 5777 συνεϐούλευε,
3137 5717 3232 5767 καὶ
3270 5717 3433 5779 αὑτὸς
3467 5717 3524 5770 δὲ
3581 5736 3700 5770 συι-

2134 5804 2426 5872 έπραττεν.
2466 5804 2627 5855 ’Δοτι
2654 5803 2711 5856 δὲ
2734 5804 2828 5855 καὶ
2855 5805 2882 5854 ὀ
2925 5803 3200 5874 Ῥωμύλος
3229 5810 3394 5875 ἐγγὺς
3425 5805 3517 5876 ἦν,
3549 5813 3698 5878 χεῖρα
