4002 6250
469 356 570 423 δίιι

1758 360 2000 422 JOANN
2015 362 2086 422 IS
2121 361 2444 424 ZONAIUE

3600 377 3707 440 εει

468 484 576 528 tur.
604 471 711 527 Sed
739 474 865 544 quia
889 489 1146 530 convena:
1169 475 1240 531 ob
1263 474 1490 547 stirpem
1517 474 1736 546 inopem
1754 486 1920 548 atque
1937 477 2022 533 ob‘

2145 479 2378 545 ἕκαστος
2407 481 2472 535 ἐκ
2503 479 2692 549 γένους
2721 479 2876 546 ὄντες
2927 481 3208 554 γνωρίμου
3230 500 3245 516 ·
3281 484 3313 554 ἢ
3342 485 3451 540 ἀπὸ
3480 488 3580 557 τῆς
3619 504 3711 544 πα·

466 581 681 620 scuram
705 583 734 619 a
753 568 950 622 vicinis
966 569 1183 639 populis
1201 571 1918 638 spernebantur,consilium
1935 574 2038 632 init

467 669 625 725 raptu
659 659 882 726 parandi
918 663 1178 730 eonjuges
1211 663 1328 717 suis
1366 663 1582 718 civibus
1615 685 1626 719 :
1660 674 1719 719 et
1757 681 1872 720 rem
1895 666 2037 722 divi-

463 762 615 810 nam,
648 748 1015 817 ludorumque
1046 752 1424 809 celebritatem
1472 754 1691 818 indicit,
1733 757 1890 826 quasi
1940 773 2034 813 ara

465 838 592 890 novi
627 837 714 892 dei
751 839 972 895 inventa
1017 853 1186 899 esset.
1234 843 1352 910 Quo
1385 861 1510 899 cum
1559 845 1715 900 multi
1748 849 2035 902 convenis-

465 938 603 991 sent,
648 929 764 998 ipse
809 946 932 986 cum
978 935 1340 1003 cptimatibus
1390 939 1734 1006 pnnsidens,
1787 955 2030 1010 purpura

463 1020 814 1088 conspicuus,
870 1039 992 1078 eam
1055 1029 1261 1097 populo
1294 1039 1560 1084 tesseram
1605 1030 1779 1098 dedit,
1807 1042 1869 1087 ut
1905 1047 2030 1086 cum

462 1126 759 1180 purpuram
817 1117 1183 1185 explicasset,
1238 1135 1301 1174 ac
1354 1137 1549 1176 rursus
1602 1123 2029 1192 complicassct,

461 1214 575 1253 rem
608 1204 1058 1273 aggrederentur.
1088 1208 1208 1274 Quo
1247 1208 1416 1274 facto,
1443 1211 1657 1266 strictis
1692 1212 1943 1274 ensibus.
1974 1223 2032 1269 et

459 1305 584 1344 cum
633 1295 970 1351 clamoribus
1025 1298 1234 1367 impetu
1283 1299 1451 1364 facto,
1508 1298 1839 1357 Sabinorum
1889 1304 2030 1360 tilias

459 1380 713 1451 virgines,
755 1386 932 1441 nullas
962 1396 1146 1441 autem
1179 1404 1377 1443 uxores
1409 1391 1717 1459 rapiebant.
1739 1393 1819 1447 0b
1857 1393 1911 1447 id
1946 1393 2029 1449 fa-

455 1471 614 1550 eipus
649 1475 860 1542 Sabini,
889 1480 1156 1548 pepulosa
1192 1496 1347 1549 gens.
1385 1491 1441 1536 et
1487 1483 1766 1552 bellicosa,
1796 1501 2028 1556 quaeque

457 1568 526 1618 ob
543 1566 850 1621 animorum
883 1570 1318 1640 magnitudinem
1345 1612 1359 1637 ,
1394 1581 1453 1626 ut
1481 1573 2023 1631 Lacedaemoniorum

456 1654 681 1710 colonos
726 1673 824 1726 par
867 1670 972 1725 est,
1021 1677 1186 1731 pagos
1220 1662 1339 1717 sine
1387 1663 1562 1720 muris
1601 1665 1899 1729 incolebat,
1927 1683 2026 1736 per

451 1744 661 1814 legatos
695 1765 726 1802 a
770 1749 1003 1805 Romulo
1046 1753 1343 1821 petierunt,
1373 1766 1433 1809 ut
1464 1756 1727 1811 violentia
1768 1759 2020 1825 rescissa,

2138 571 2374 640 τρωνίας
2397 585 2412 600 ’
2445 569 2590 626 οὕτω
2619 569 2665 625 δ’
2693 570 2924 628 ἐκάλουν
2951 571 3051 644 τὴν
3080 576 3445 643 προστασίαν,
3487 579 3715 651 πάτρω-

2137 679 2236 726 νας
2263 661 2373 735 γὰρ
2403 664 2530 729 τοὺς
2557 663 2954 736 κηδεμονικοὺς
2979 665 3074 719 καὶ
3109 665 3474 738 βοηθητικοὺς
3503 688 3708 742 προσηο

2137 754 2383 824 γόρευον.
2418 755 2672 810 Μάλιστα
2702 755 2750 809 δ’
2777 756 2843 812 ἄν
2873 773 2956 820 τις
2985 758 3460 829 καταστοχάσαιτο
3489 765 3590 832 τῆς
3619 764 3710 817 τοῦ

2149 846 2431 918 Ῥωμύλου
2477 847 2744 916 διανοίας,
2775 850 2825 902 εί
2852 849 3016 904 οίοιτο
3050 848 3137 902 διὰ
3167 850 3267 920 τῆς
3300 850 3551 922 κλήσεως
3582 855 3692 908 ταύ-

2134 955 2234 1008 της
2273 939 2581 1010 ἐμφαίνειν,
2617 941 2816 1012 χρῆναι
2868 941 2994 1005 τοὺς
3046 940 3299 1011 πρώτους
3339 941 3432 997 καὶ
3464 944 3708 1000 δυνατω-

2133 1025 2330 1093 τάτους
2379 1030 2479 1099 τῆς
2530 1030 2738 1094 πόλεως
2789 1033 3033 1102 πατρικῇ
3096 1031 3399 1105 κηδεμονίᾳ
3449 1036 3707 1102 κήδεσθαι

2132 1121 2240 1175 τῶν
2287 1123 2718 1194 ταπεινοτέρων,
2754 1121 2871 1192 ἅμα
2905 1122 2962 1176 δὲ
3009 1123 3104 1176 καὶ
3157 1123 3249 1178 τὸν
3281 1125 3455 1196 δῆμον
3491 1129 3706 1197 ἐνάγειν

2131 1213 2220 1267 διὰ
2271 1215 2371 1285 τῆς
2425 1215 2534 1268 τῶν
2597 1213 2910 1285 πατρικίων
2967 1218 3342 1286 προσηγορίας
3385 1220 3464 1283 είς
3518 1221 3579 1274 τὸ
3633 1222 3706 1294 μὴ

2132 1306 2395 1377 ἄχθεσθαι
2449 1310 2572 1371 ταῖς
2617 1307 2728 1360 τῶν
2759 1308 3092 1378 κρειττόνων
3144 1313 3355 1380 τιμαῖς,
3391 1311 3508 1366 ἀλλ’
3537 1314 3706 1367 εύνοῖ-

2129 1401 2242 1463 κῶς
2285 1400 2614 1466 διακεῖσθαι,
2673 1401 2995 1470 νομίζοντας
3049 1404 3293 1472 πατέρας
3347 1405 3566 1470 αὐτοὺς,
3613 1412 3704 1461 καὶ

2131 1494 2662 1564 προσαγορεύοντας.
2701 1493 2920 1547 Πολλῶν
2973 1494 3028 1548 δὲ
3076 1497 3144 1566 τῇ
3181 1494 3334 1549 πόλει
3372 1497 3700 1552 ἐνοικισθέν-

2127 1602 2258 1651 των,
2289 1578 2366 1638 ὧν
2404 1585 2575 1654 ὀλίγοι
2620 1586 2838 1655 γυναιῇ
2890 1587 3336 1656 συνεζεύγνυντο,
3369 1590 3593 1658 φροντὶς
3623 1592 3701 1664 τῷ

2139 1676 2400 1748 Ῥωμύλῳ
2448 1680 2695 1748 ἐγένετο,
2732 1681 2821 1733 ἵνα
2871 1682 3117 1735 κάκεῖνοι
3168 1684 3438 1750 γυναῖκας
3490 1685 3702 1749 ἑαυτοῖς

2131 1771 2497 1823 συνοικίσωσι.
2556 1771 2861 1840 Σύγκλυδες
2895 1773 2952 1826 δέ
3007 1772 3104 1827 καὶ
3141 1771 3200 1837 ἐξ
3245 1776 3473 1845 ἀπόρων
3527 1775 3696 1841 ὄντες,

449 1837 730 1894 voluntate
773 1853 830 1895 et
873 1842 992 1911 lege
1030 1844 1272 1899 amicitia
1311 1846 1458 1900 inter
1493 1847 1663 1916 ipsos,
1707 1857 1762 1902 et
1787 1848 2022 1906 aﬂinitas

2124 1863 2219 1915 καὶ
2254 1863 2499 1931 ἀφανῶν,
2559 1837 2956 1935 ὑπερεωρῶντο
2993 1863 3128 1935 πρὸς
3177 1837 3543 1936 κῆδος-παρὰ

449 1931 894 1987 contraheretur.
929 1936 1161 1990 Romulo
1190 1953 1320 1992 vero
1349 1939 1559 2008 puellas
1587 1955 1698 1994 non
1726 1941 2017 2008 reddente,

447 2019 543 2073 sed
598 2023 933 2089 postulante,
977 2035 1036 2081 ut
1083 2026 1274 2082 Sabini
1341 2029 1598 2100 conjugia
1644 2031 1948 2100 probarent
2001 2051 2014 2086 :

445 2112 568 2166 aliis
601 2115 966 2171 consultando
993 2128 1210 2189 tempus
1244 2120 1610 2187 trahentibus,
1643 2123 1824 2177 Acron
1858 2125 2020 2179 Ceni-

445 2203 699 2257 nensium
756 2221 892 2269 rex.
932 2208 1016 2262 vir
1075 2209 1377 2266 iracundus
1420 2221 1478 2266 et
1540 2213 2013 2284 bellicosissimus,

444 2293 599 2360 prior
634 2297 802 2350 armis
827 2299 1060 2368 arreptis
1101 2316 1328 2372 magnas
1354 2303 1540 2372 copias
1567 2314 1759 2361 contra
1799 2307 2014 2362 Romu-

443 2389 558 2437 lum
593 2385 765 2441 ducit.
807 2389 942 2442 Cum
979 2391 1141 2446 ambo
1166 2392 1224 2447 in
1274 2395 1587 2466 propinquo
1606 2409 1817 2464 essent,
1859 2410 2013 2456 utor-

443 2499 553 2554 que
575 2486 810 2542 alterum
877 2490 944 2544 ad
997 2507 1234 2563 pugnam
1269 2505 1558 2565 provocat,
1597 2499 2014 2569 quiescentibus

441 2578 795 2635 exercitibus.
863 2581 922 2636 in
970 2597 1038 2638 eo
1076 2583 1342 2656 singulari
1393 2591 1697 2646 certamine
1742 2593 2012 2652 Romulus

440 2666 714 2723 Aeronem
774 2670 1070 2728 obtruncat
1126 2689 1142 2729 :
1191 2676 1598 2748 commissaque
1656 2682 1865 2751 praelia,
1891 2685 2012 2756 ejus

439 2762 746 2814 eXcrcitum
807 2761 1012 2831 fundit,
1064 2764 1344 2836 fugatque,
1399 2768 1594 2824 urbem
1621 2772 2009 2844 capit:neque

2121 1955 2483 2024 γειτνιώντων
2512 1956 2703 2010 ἐθνῶν.
2732 1955 2993 2010 Βούλεται
3025 1957 3204 2011 τοίνυν
3233 1957 3292 2022 ἐξ
3320 1958 3580 2031 ἁρπαγῆς
3611 1960 3675 2014 λα

2120 2051 2234 2104 δεῖν
2287 2052 2555 2120 γυναῖκας
2604 2052 2732 2114 τοὺς
2787 2051 3013 2116 πολίτας
3051 2051 3242 2116 αὐτοῦ,
3281 2057 3374 2107 καὶ
3428 2056 3696 2124 κηρύσσει

2120 2141 2312 2195 θυσίαν
2344 2143 2440 2196 καὶ
2470 2141 2658 2210 ἀγῶνα
2685 2140 2780 2196 καὶ
2807 2141 2936 2194 θέαν
2965 2141 3184 2212 μέλλειν
3212 2142 3483 2198 ἐπιτελεῖν
3516 2162 3693 2216 πανη-

2117 2233 2369 2306 γυρικὴν,
2407 2233 2480 2297 ώς
2537 2233 2726 2304 βωμοῦ
2776 2233 3085 2305 εὑρημένου
3140 2234 3264 2289 θεοῦ
3319 2235 3529 2292 καινοῦ.
3583 2238 3694 2292 Καὶ

2116 2327 2306 2381 πολλοὶ
2360 2326 2641 2395 συνῆλθον,
2693 2325 2854 2389 αὐτὸς
2893 2325 2951 2378 δέ
2997 2326 3351 2398 προύκάθητο
3403 2330 3544 2399 μετᾶ
3582 2331 3694 2383 τῶν

2114 2419 2378 2490 ἀρίστων,
2429 2418 2713 2488 ἁλουργίδι
2760 2420 3200 2490 κεκοσμημένος.
3232 2421 3446 2476 Δέδωκε
3494 2421 3551 2475 δὲ
3611 2421 3691 2492 τῷ

2111 2512 2268 2584 δήμῳ
2301 2513 2402 2582 τῆς
2433 2512 2833 2583 ἐπιχειρήσεως
2865 2511 3160 2583 σύμϐολον,
3208 2512 3309 2584 τὴν
3349 2514 3450 2583 τῆς
3494 2515 3692 2586 ἁλουρ-

2113 2604 2258 2673 γίδος
2306 2602 2616 2670 διὰπτυξιν,
2665 2603 2759 2657 καὶ
2804 2601 2964 2666 αὖθις
3002 2602 3210 2674 ταύτης
3252 2603 3570 2674 περιϐολήν.
3613 2597 3690 2663 Οὔ

2112 2699 2408 2766 γενομένου
2460 2696 2806 2767 σπασάμενοι
2837 2695 2907 2750 τὰ
2956 2696 3106 2767 ξίφη,
3155 2695 3294 2768 μετὰ
3318 2697 3446 2768 βοῆς
3487 2697 3686 2770 ὥρμη-

2111 2805 2230 2856 σαν,
2285 2788 2383 2843 καὶ
2443 2789 2693 2860 ¹ἥρπαζον
2747 2789 2848 2852 τὰς
2904 2789 3214 2861 θυγατέρας
3268 2789 3378 2844 τῶν
3433 2790 3683 2846 Σαϐίνων

439 2859 621 2905 tamen
663 2851 812 2908 cives
849 2854 955 2908 alia
993 2855 1147 2910 clade
1186 2857 1374 2923 allicit,
1407 2874 1572 2930 quam
1621 2862 1772 2931 quod
1804 2863 2008 2923 dirutis

2123 2851 2440 2952 παρθένους,
2467 2851 2535 2934 Eo
2571 2851 2760 2951 μέντοι
2783 2851 3054 2948 γυναῖκάς
3083 2851 3269 2935 τινων.
3302 2879 3683 2955 Τολμηθείσης

436 2940 670 3006 aedibus,
710 2957 770 2998 se
820 2943 1050 3000 Romam
1089 2947 1246 3017 sequi
1282 2948 1473 3018 jussit,
1505 2951 1657 3006 cives
1686 2951 1925 3017 futuros.
1949 2963 2008 3010 et

2123 2971 2164 3025 ίέ
2191 2940 2292 3042 τῆς
2325 2940 2606 3042 ἁρπαγῆς,
2651 2972 2700 3024 oi
2734 2940 2977 3036 Σαὸῖνοι,
3008 2940 3193 3026 πολλοὶ
3250 2972 3346 3027 καὶ
3391 2940 3682 3046 πολεμικοί

433 3045 594 3101 aequo
619 3032 743 3103 jure
771 3048 987 3091 usuros.
1013 3035 1225 3092 Deinde
1258 3038 1426 3094 etiam
1452 3040 1550 3096 alii
1582 3040 1774 3098 Sabini
1804 3043 2006 3100 Roma-

2123 3032 2286 3132 ίντες,
2303 3032 2401 3119 καὶι
2650 3032 2991 3135 ἀτειχίστους
3021 3063 3320 3130 οἰκοῦντες,
3339 3063 3426 3118 διὰ
3449 3065 3510 3118 τὸ
3529 3032 3680 3136 μέγα

434 3139 539 3178 nos
571 3124 730 3180 bellis
756 3129 1019 3197 aggressi,
1039 3137 1096 3182 et
1127 3131 1394 3200 superati,
1428 3131 1650 3188 demum
1677 3133 1836 3189 Tatio
1856 3136 1998 3192 duce

2123 3124 2358 3228 ξρονείν,
2426 3124 2528 3220 ὡς.
2565 3124 3011 3227 Λακεδαῖμονίων
3072 3124 3317 3223 ἄποικοι,
3375 3124 3679 3228 πρεσδείάν

432 3222 643 3281 creato,
671 3215 858 3271 Roma:
887 3216 1096 3273 bellum
1131 3218 1441 3276 intulerunt
1469 3241 1484 3277 :
1509 3232 1566 3278 et
1607 3223 1940 3295 Capitolium
1973 3244 2003 3282 a

2123 3215 2242 3320 τρδς
2272 3215 2367 3302 τὸν
2406 3215 2689 3320 Ῥωμύλον
2721 3215 3072 3320 πεποίηνται,
3119 3245 3279 3300 λῦσαι
3301 3215 3382 3299 ’τὸ
3413 3215 3510 3320 τῆς
3555 3247 3678 3320 βίας

433 3306 692 3377 Tarpeia,
719 3312 840 3382 ejus
870 3313 967 3382 qui
994 3314 1109 3370 arci
1155 3327 1390 3386 praeerat
1426 3319 1559 3387 ﬁlia,
1603 3322 1886 3393 proditum
1915 3341 2010 3381 ce-

2123 3306 2270 3410 Ξργον
2301 3306 2611 3411 ζητοῦντες,
2654 3339 2837 3394 πειθοῖ
2871 3306 2928 3408 δέ
2968 3306 3068 3393 καί
3088 3341 3240 3410 νόμῳ
3273 3306 3538 3411 πράττέιν

433 3407 654 3469 Ρθῒυηίο
701 3401 832 3468 Qua?
886 3419 1010 3460 cum
1059 3422 1260 3478 aquam
1310 3411 1545 3479 Ρθιίῑιιιιι
1588 3423 1742 3470 εκιηι
1798 3419 2004 3475 ωαξηίῦ
2106 3401 2512 3502 γένεσι-φἰλίαν
2555 3401 2648 3486 καὶ
2675 3406 3008 3502 οἰκειότητα.
3039 3401 3233 3484 rosei
3269 3401 3548 3502 Ἱίωμύλου
3580 3401 3678 3497 τάξ

431 3489 640 3554 ivisset,
679 3493 748 3546 ad
782 3492 1007 3549 Tatium
1047 3499 1334 3566 perducta,
1365 3504 1691 3571 persuaderi
1716 3507 1823 3563 sibi
1851 3511 2002 3576 sivit,

519 3592 693 3605 -..._-.-.
725 3583 913 3605 μμ-.
945 3600 957 3605 -
1693 3595 1745 3605 ..

2123 3489 2207 3580 λέν
2233 3489 2403 3596 κόρας
2440 3526 2517 3597 μὴ
2548 3489 3209 3597 πφῖεμένουίάξιοῦντος
3233 3523 3290 3577 δέ
3335 3489 3434 3596 την
3482 3489 3675 3605 κοινω;

432 3588 493 3630 ut
517 3592 696 3635 arcem
723 3583 919 3651 prodat
945 3600 959 3638 :
981 3584 1326 3659 Sabinosque
1349 3606 1547 3648 aureas
1568 3595 1832 3665 armillas,
1865 3616 2005 3670 quas

2123 3620 2222 3672 μίαν
2265 3583 2520 3689 δέχεσθαί
2550 3583 2674 3681 τοὺς
2708 3583 2990 3685 έαὸίνους,
3018 3618 3068 3670 oi
3108 3583 3206 3688 μὲν
3233 3583 3674 3687 ἀλλοίβουλευό-

428 3669 566 3723 lzevo
598 3670 826 3726 brachio
874 3675 1172 3739 habebant,
1215 3690 1396 3750 pacta,
1435 3699 1540 3737 una
1573 3694 1730 3754 porta
1779 3669 2001 3760 accipit.

2123 3669 2860 3778 geminius“:11......
2884 3669 3010 3760 έδιί
3041 3669 3298 3776 βαέςιλεέις
3329 3669 3438 3760 τσο
3469 3707 3674 3777 Καινη-

429 3760 619 3816 Tatius
648 3763 947 3835 ingressus,
993 3783 1125 3823 suos
1147 3769 1314 3854 318
1347 3773 1616 3845 quidquid
1645 3779 1780 3832 laeva
1809 3791 1999 3849 gesta-

2123 3801 2284 3866 ιιτῶν,
2335 3760 2628 3872 θυμοειδὴς
2683 3760 2824 3872 ἀνῖηρ
2867 3797 2964 3853 καὶ
3022 3760 3488 3870 πολεμικώτατος,
3541 3760 3674 3870 προ-

427 3863 570 3920 rent,
611 3855 859 3926 Tarpeia:
908 3859 1039 3914 dare
1082 3861 1269 3931 jussit,
1310 3880 1376 3920 ac
1424 3866 1543 3937 ipse
1571 3869 1785 3938 primus
1819 3873 2003 3926 armil-

2123 3855 2526 3964 :Eavéem,.xai
2560 3855 2701 3962 μετά
2751 3855 2954 3961 πολλῆς
3003 3855 3203 3963 ἐχώρέι
3239 3855 3526 3962 δυνάμεως
3582 3855 3674 3946 ἐπὶ

426 3948 532 4002 lam
563 3958 619 4003 et
658 3961 875 4004 scutum
914 3953 966 4007 in
993 3970 1113 4009 eam
1147 3959 1430 4029 eonjecit:
1469 3962 1617 4032 quod
1648 3978 1775 4018 cum
1807 3980 2000 4021 omnes

2123 3948 2188 4038 τδν
2228 3948 2527 4055 Ῥωμύλον.
2560 3948 2743 4053 ,Ὁμοῦ
2773 3983 2831 4038 δὲ
2869 3948 3180 4052 γέγονὲτος,
3207 3948 3467 4053 ἀλλήλους
3503 3948 3672 4055 προε-

425 4040 693 4105 facerent,
747 4047 866 4096 auri
901 4057 1294 4118 scutorumque
1337 4053 1694 4110 multitudine
1737 4071 2002 4128 oppressa

2123 4040 2364 4130 ιαλοῦντο
2419 4040 2709 4145 μάχεσθαι,
2759 4040 3151 4145 ἀτρεμούντων
3165 4040 3289 4125 ’τῶν
3325 4040 3673 4142 στρατεύμά-

424 4133 684 4201 exspirat.
723 4134 821 4188 llic
849 4136 1012 4204 igitur
1046 4139 1226 4207 reipsa
1258 4141 1594 4211 declaravit,
1633 4147 1781 4216 quod
1814 4148 1999 4204 Caesar

2123 4187 2231 4224 των.
2258 4168 2370 4238 Τῆς
2396 4133 2532 4236 γοῦν
2557 4133 3127 4236 μονομαχίαςάμφοίν
3156 4133 3478 4234 γενομένης,
3510 4133 3674 4217 κατα-

423 4232 480 4275 ct
501 4225 810 4294 Antigonus
840 4238 955 4295 post
989 4245 1246 4286 sermone
1273 4245 1634 4304 usurparunt.
1674 4237 1810 4293 Nam
1853 4241 1996 4294 alter

2123 4261 2282 4314 ςάλλει
2486 4260 2514 4312 ὁ
2553 4225 2833 4328 eam;
2860 4225 3584 4326 ev'-i.p.;va,'.pt;;.m
3614 4256 3671 4309 δι

423 4329 482 4368 se
526 4317 896 4386 proditionem
952 4336 1160 4386 satiare,
1205 4326 1521 4394 proditores
1549 4330 1796 4400 .odisse:
1836 4333 1998 4398 alter,

2123 4353 2194 4406 ιαὶ
2235 4353 2294 4406 τὸ
2333 4317 2550 4405 ἐκείνου
2587 4317 2928 4421 στράτευμα,
2967 4317 3148 4420 μάχης
3176 4317 3666 4419 συγκροτηθείσηςο

421 4406 513 4473 qui
562 4407 823 4475 prodant,
857 4411 1092 4484 benignc
1139 4417 1458 4486 admittere,
1492 4423 1588 4493 qui
1618 4422 1995 4494 prodiderint,

420 4510 480 4550 se
507 4500 747 4554 aversari
781 4501 930 4556 dixit.

2105 4444 2204 4499 καὶ
2241 4445 2343 4516 τὴν
2388 4445 2544 4498 πόλιν
2593 4445 2764 4516 αἱρεῖ,
2796 4442 2856 4497 οὐ
2896 4444 3084 4512 μέντοι
3118 4443 3178 4494 ἐν
3206 4444 3362 4512 γαὺτῇ
3409 4440 3583 4494 κακόν
3615 4455 3668 4490 τι

2103 4535 2332 4602 διέθετο,
2365 4533 2482 4589 ἀλλ’
2512 4533 2545 4604 ἢ
2581 4534 2742 4604 μόνον
2787 4532 3043 4586 ἐκέλευσε
3076 4531 3172 4595 τὰς
3207 4530 3385 4594 οίκίας
3414 4529 3669 4582 καθελόν-

2101 4646 2221 4694 τας,
2279 4627 2600 4683 ἀκολουθεῖν
2656 4627 2737 4690 ei;
2805 4624 3030 4695 Ῥώμην
3081 4624 3254 4692 αὐτῷ,
3310 4624 3387 4688 ὡς
3442 4623 3664 4685 πολίτας

2107 4722 2428 4792 ἐσομένους,
2463 4721 2558 4774 καὶ
2576 4720 2687 4774 τῶν
2709 4719 2840 4772 ῖσων
2888 4717 3381 4788 ἀξιωθησομένους.
3416 4712 3551 4769 Εῐτα
3577 4716 3667 4768 καὶ

417 4801 568 4857 ἄλλοι
600 4804 709 4858 τῶν
735 4807 977 4864 Σαϐίνων
1013 4815 1123 4876 τοῖς
1165 4813 1460 4886 Ῥωμαίοις
1494 4818 1857 4890 ἐμαχέσαντο,
1894 4823 1991 4875 καὶ
2029 4817 2369 4892 ἡττήθησαν.
2447 4814 2573 4867 Ἐπὶ
2602 4813 2815 4875 τούτοις
2857 4813 2906 4865 οἱ
2931 4811 3109 4864 λοιποὶ
3135 4810 3244 4863 τῶν
3273 4809 3539 4874 Σαϐίνων,
3573 4808 3663 4861 τδν

415 4899 612 4956 Τάτιον
656 4906 961 4975 στρατηγὸν
1010 4908 1418 4979 ἀποδείξαντες,
1470 4915 1564 4967 ἐπὶ
1603 4916 1700 4984 τὴν
1765 4916 1988 4988 Ῥώμην
2026 4916 2421 4986 ἐστράτευσαν,
2459 4912 2555 4963 καὶ
2622 4909 2684 4962 τὸ
2731 4908 3079 4962 Καπιτώλιον
3147 4901 3294 4959 εἷλον
3336 4902 3664 4998 προδεδομέ-

413 5009 503 5046 νοι
551 4998 656 5050 ὑπὸ
711 4999 998 5070 Ταρπηῖας
1041 5003 1140 5072 τῆς
1176 5004 1447 5077 θυγατρὸς
1483 5009 1578 5063 τοῦ
1611 5014 1980 5085 φρουράρχου.
2036 5011 2253 5080 Ἐκείνη
2306 5011 2417 5077 γὰρ
2483 5007 2570 5077 ἐφ’
2605 5006 2748 5077 ὕδωρ
2785 5005 3146 5066 κατελθοῦσα,
3198 5002 3531 5072 συνελήφθη,
3570 5009 3661 5053 καὶ

417 5087 559 5160 ἤχθη
610 5093 746 5161 πρὸς
800 5093 1038 5159 Τάτιον,
1078 5098 1171 5150 καὶ
1225 5099 1525 5171 ἀνεπείσθη
1581 5105 1878 5176 προδοῦναι
1925 5107 1986 5159 τὸ
2025 5104 2231 5176 ἔρυμα,
2295 5103 2406 5156 τῶν
2468 5101 2688 5172 χρυσῶν
2720 5100 3188 5171 βραχιονιστήρων
3230 5099 3545 5168 ἐρασθεῖσα,
3569 5099 3662 5161 οὓς

412 5182 470 5232 ἐν
516 5185 636 5246 ταῖς
670 5187 990 5256 ἀριστεραῖς
1037 5187 1270 5259 ἐφόρουν
1297 5192 1487 5262 χερσὶν
1515 5197 1564 5248 ei
1593 5196 1835 5260 Σαϐῖνοι,
1884 5197 1981 5249 καὶ
2021 5198 2216 5265 μισθὸν
2269 5197 2410 5266 ὺπέρ
2469 5196 2569 5263 τῆς
2614 5194 2905 5264 προδοσίαις
2949 5192 3150 5254 αὐτοὺς
3213 5191 3398 5246 λαϐεῖν
3426 5194 3663 5262 ἀπαιῖή··

412 5295 576 5332 σασα.
603 5281 941 5352 Συνθεμένου
971 5285 1028 5337 δέ
1061 5285 1158 5337 τοῦ
1195 5282 1420 5345 Τατίου.
1461 5289 1684 5359 νύκτωρ
1751 5289 1880 5361 μίαν
1946 5289 2126 5361 πύλην
2191 5291 2474 5357 ἀνοίξασα,
2515 5288 2642 5351 τοὺς
2710 5288 2971 5349 Σαϐίνους
3007 5285 3243 5350 ἐδέξατο.
3295 5287 3569 5339 Είσελθῶν
3605 5287 3660 5339 δέ

409 5373 439 5424 ὁ
473 5373 664 5430 Τάτιος⁹
693 5380 946 5434 ἐκέλευσε
975 5385 1102 5445 τοὺς
1134 5382 1226 5436 ὑπ’
1263 5383 1427 5436 αὐτὸν
1467 5385 1570 5437 ὃσα
1637 5387 1697 5438 ἐν
1735 5388 1858 5449 ταῖς
1896 5386 2220 5456 ἀριστεραῖς
2295 5390 2487 5457 χερσὶν
2537 5389 2735 5460 ἐφερον
2787 5388 2989 5441 διδόναι
3059 5388 3196 5459 αὑτῇ
3226 5403 3242 5419 ·
3289 5384 3385 5438 καλ.
3445 5383 3659 5452 πρῶῖις

410 5463 573 5527 αὐτὸς
603 5470 694 5520 τὸν
723 5471 1153 5544 βραχιονιστῆρα
1185 5477 1252 5545 τῇ
1279 5476 1541 5546 Ταρπηΐα
1609 5477 1901 5548 ἐπέρριψε,
1965 5479 2056 5531 καὶ
2095 5480 2189 5532 τὸν
2227 5477 2441 5537 θυρεόν.
2496 5480 2721 5534 Πάντων
2752 5480 2809 5532 δὲ
2858 5480 3064 5551 ὁμοίως
3095 5477 3416 5539 ποιούντων,
3469 5477 3661 5545 βαλλο-

413 5562 552 5628 μένη
584 5561 749 5632 τε.τῷ
779 5567 989 5637 χρυσῷ,
1021 5570 1120 5621 καὶ
1150 5572 1570 5641 καταχωσθεῖσα
1599 5575 1714 5636 τοῖς
1741 5574 1980 5645 θυρεοῖς,
2018 5576 2126 5630 ὑπὸ
2167 5576 2408 5649 πλήθους
2479 5575 2576 5628 καὶ
2643 5577 2845 5647 βάρους
2879 5577 3175 5631 ἀπέθανεν.
3209 5575 3397 5645 Ἔργῳ
3446 5573 3539 5627 οῦν
3569 5565 3658 5624 οὗ·

407 5671 500 5717 τος
527 5656 806 5726 ἐποίησεν,
837 5660 866 5712 ὃ
894 5662 1077 5730 λόγοις
1111 5663 1339 5734 ὕστερον
1367 5661 1522 5719 εἷπον
1583 5665 1611 5718 ὁ
1657 5669 1876 5739 Καῖσαρ
1919 5671 2014 5722 καὶ
2052 5672 2080 5723 ὁ
2132 5672 2460 5740 Ἀντίγονος·
2514 5674 2543 5725 ὁ
2592 5673 2690 5740 μὲν
2734 5674 2844 5741 γάρ
2898 5672 3212 5739 προδοσίαν,
3255 5671 3383 5740 ἔφη,
3462 5672 3658 5739 φιλεῖν,

406 5751 675 5821 προδότην
722 5755 781 5807 δὲ
855 5760 1055 5824 μισεῖν·
1117 5761 1145 5813 ὁ
1195 5760 1251 5812 δὲ
1311 5760 1642 5831 Ἀντίγονος,
1697 5765 2051 5836 προδιδόντας
2094 5768 2194 5839 μὲν
2253 5770 2542 5831 ἀσπασίως
2593 5765 2714 5821 εἶπε
2767 5769 3126 5839 προσίεσθαι,
3183 5768 3549 5836 προδεδωκόσι
3601 5766 3660 5824 δὲ

408 5845 860 5904 ἀπεγθαίνεσθαι.

2028 4486 2071 4542 D
