4002 6250
471 371 579 435 555

1725 371 2051 435 JOANNIS
2093 373 2236 437 ZON
2248 374 2417 434 AR/E

3639 370 3742 439 556

470 493 713 552 rnortuo,
761 483 1088 555 Albanoque
1132 498 1303 557 regno
1355 483 1423 540 ad
1468 483 1650 557 ipsum
1708 485 2050 556 pertinente,

2160 487 2464 560 εὐτυχίαις,
2515 484 2613 541 καὶ
2644 482 2934 558 βαρυτέρῳ
2968 483 3287 556 φρονήματι
3308 479 3619 557 χρώμενος,
3653 482 3741 547 ἐξ·

472 577 876 649 rempublicam
910 576 978 632 ad
1020 576 1404 634 conciliandos
1432 578 1624 649 populi
1647 579 1864 636 animos
1885 577 2056 633 liber-

471 682 583 727 tate
614 670 864 738 donavit,
887 679 944 725 et
973 670 1277 740 quotannis
1302 670 1613 742 principem
1659 670 1884 728 Sabinis
1911 669 2059 726 desi-

466 767 692 837 gnavit:
729 764 964 819 Romani
1011 779 1275 836 proceres
1321 765 1389 820 ad
1460 765 1822 837 cupiditatem
1875 778 2056 835 popu-

465 859 598 913 laris
633 857 932 927 liberaeque
991 857 1318 928 reipublicae
1385 867 1516 914 sunt
1566 857 1805 914 incitati.
1861 855 2056 928 Neque

465 952 613 1008 enim
668 951 1029 1021 patriciorum
1105 952 1219 1007 ulla
1287 959 1406 1007 erat
1459 951 1515 1006 in
1575 950 1742 1006 rebus
1797 949 2057 1022 gerendis

465 1045 806 1109 auctoritas,
861 1044 959 1099 sed
1000 1059 1206 1099 nomen
1253 1044 1520 1100 duntaxat
1549 1052 1606 1099 et
1651 1043 1906 1099 habitum
1939 1045 2054 1116 regi

464 1135 959 1193 accommodabant
994 1156 1007 1192 :
1037 1152 1164 1192 cum
1217 1137 1639 1194 consuetudinis
1665 1137 1851 1206 potius
1888 1151 2052 1208 ergo,

464 1248 630 1303 quam
656 1233 946 1288 sententiae
989 1232 1241 1289 dicendae
1279 1246 1447 1288 causa
1480 1233 1536 1288 in
1581 1232 1794 1288 curiam
1845 1232 2054 1298 vocati,

464 1322 766 1379 Romulum
812 1323 1206 1378 decernentem
1249 1323 1402 1378 taciti
1447 1322 1752 1378 audirent:
1790 1322 1947 1377 nulla
1995 1336 2054 1377 re

465 1415 785 1486 superiores
808 1416 1046 1480 caeteris,
1080 1415 1187 1470 nisi
1221 1416 1367 1485 quod
1395 1430 1517 1486 quae
1558 1416 1651 1471 ille
1689 1416 2051 1484 decrevisset,

463 1508 634 1580 primi
685 1507 1010 1564 audiebant.
1044 1507 1123 1563 Ea
1169 1524 1228 1564 re
1281 1525 1408 1564 cum
1454 1508 1778 1581 dignitatem
1829 1516 2054 1565 senatus

466 1600 806 1656 imminuere
852 1597 1165 1666 videretur,
1205 1614 1270 1654 ac
1299 1600 1466 1670 paulo
1497 1609 1622 1670 post
1654 1598 1710 1654 in
1741 1599 1906 1654 terris
1929 1613 2054 1655 esse

466 1694 748 1760 desiisset,
782 1702 968 1763 patres
1006 1692 1324 1762 susiiicione
1360 1691 1507 1746 haud
1549 1700 1873 1747 caruerunt.
1915 1690 2053 1746 Nam

466 1802 592 1842 cum
619 1787 686 1842 ad
719 1786 912 1856 Capra:
941 1785 1200 1856 paludem
1230 1785 1557 1841 concionem
1589 1785 1843 1850 haberet,
1871 1784 2052 1840 fertur

2162 582 2348 636 ίστατο
2407 580 2505 636 τοῦ
2557 582 2885 653 δημοτικοῦ,
2937 580 3033 632 καὶ
3090 577 3464 650 παρήλλαττε,
3503 576 3602 630 καὶ
3656 578 3740 642 είς

2159 672 2372 744 ἐπαχθῆ
2408 672 2734 746 μοναρχίαν,
2758 672 2855 726 καὶ
2878 670 3163 724 λυποῦσαν
3187 669 3297 725 ἀπὸ
3322 668 3419 723 τοῦ
3461 669 3743 739 σχήματος

2158 768 2353 823 ἐαυτὸν
2397 765 2791 840 ἐσχημάτιζεν.
2853 759 3135 837 ’Ἅλουργῆ
3188 763 3290 834 μὲν
3349 761 3460 834 γὰρ
3495 759 3740 815 ἐνεδύετο

2157 861 2387 934 χιτῶνα,
2413 860 2511 914 καὶ
2540 858 2804 930 τήϐεννον
2825 856 3142 928 ἠμπίσχετο
3176 853 3622 925 περιπόρφυρον,
3651 852 3746 906 καὶ

2157 954 2396 1017 πεδίλοις
2421 950 2691 1024 ἐκέχρητο
2724 949 3002 1024 ἐρυθροῖς,
3035 950 3131 1003 καὶ
3163 951 3224 1004 ἐν
3263 948 3442 1020 θρόνῳ
3469 947 3744 1018 ἀνακλίτψ

2157 1047 2470 1120 καθήμενος
2529 1043 2926 1117 ἐχρημάτιζεν.
2981 1039 3166 1097 Ἦσαν
3193 1042 3252 1096 δὲ
3309 1042 3438 1112 περὶ
3465 1041 3630 1094 αὐτὸν
3656 1041 3746 1095 ἀεὶ

2159 1144 2255 1198 καὶ
2291 1142 2402 1196 τῶν
2437 1141 2577 1197 νέων
2610 1139 2820 1211 συχνοὶ,
2841 1137 2936 1204 οὓς
2968 1139 3216 1208 Κέλερας
3247 1136 3688 1208 προσηγόρευεν,
3719 1135 3748 1188 ὃ

2157 1235 2303 1290 κατὰ
2338 1235 2439 1306 τὴν
2464 1233 2575 1287 τῶν
2643 1231 2935 1304 Ῥωμαίων
2983 1229 3269 1284 διάλεκτον
3295 1227 3447 1299 δηλοῖ
3474 1229 3603 1290 τοὺς
3656 1245 3749 1280 τα-

2156 1331 2276 1401 χεῖς
2301 1345 2315 1359 ο
2355 1327 2452 1382 καὶ
2481 1325 2723 1400 πρόσθεν
2754 1325 3007 1391 ἐϐάδιζον
3042 1323 3226 1394 ἕτεροι
3287 1321 3620 1393 βακτηρίαις
3657 1323 3748 1374 τὸν

2156 1421 2316 1492 ϐχλον
2339 1419 2716 1491 ἀνείργοντες,
2749 1415 3128 1486 ὑπεζωσμένοι
3169 1412 3425 1484 ἱμάντας,
3450 1411 3592 1464 ὥστε
3626 1427 3750 1462 συνο

2154 1511 2267 1566 δεῖν
2289 1511 2383 1574 οὓς
2416 1509 2816 1564 κελευσθῶσιν.
2857 1506 3016 1560 Ἐπεί
3040 1505 3097 1559 δὲ
3127 1505 3441 1576 Νομίτορος
3473 1503 3570 1556 τοῦ
3597 1503 3750 1556 πάπ-

2156 1621 2261 1658 που
2295 1603 2464 1660 αύτοῦ
2501 1604 2561 1657 ἐν
2589 1601 2768 1674 Ἀλϐῃ
2794 1600 3222 1670 τελευτήσαντος
3254 1595 3525 1667 Ῥωμύλῳ
3577 1611 3750 1664 προσ-

2155 1697 2406 1770 ηκούσης
2453 1695 2554 1766 τῆς
2593 1693 2900 1766 βασιλείας,
2937 1690 3102 1755 αὐτὸς
3139 1694 3220 1754 εἰς
3253 1692 3419 1762 μέσον
3446 1687 3613 1759 ἔθηκε
3649 1687 3750 1757 τὴν

2158 1789 2442 1845 πολιτείαν
2461 1786 2836 1860 δημαγωγῶν,
2857 1787 2954 1839 καὶ⁵
2979 1783 3098 1838 κατ’
3119 1782 3370 1837 ἐνιαυτὸν
3392 1779 3752 1836 ἀπεδείκνυεν

465 1881 767 1938 obscurato
797 1881 914 1936 sole
947 1895 1055 1935 nox
1085 1881 1387 1946 exstitisse,
1430 1895 1554 1935 cum
1587 1879 1882 1935 horrendis
1910 1879 2052 1935 toni-

2160 1881 2400 1954 ἄρχοντα
2428 1853 2546 1942 τοῖς
2570 1853 2846 1942 Σαϐίνοις,
2875 1874 3102 1948 ἠρέθισε
3133 1873 3259 1935 τοὺς
3291 1873 3350 1924 ἐν
3381 1865 3747 1939 Ῥώμῃδυνα-

466 1973 646 2028 tribus
663 1980 719 2028 et
744 1971 1025 2042 procellis.
1043 1971 1260 2026 interea
1285 1970 1504 2024 turbam
1539 1969 1856 2041 dill‘ugisse,
1887 1969 2054 2040 320

463 2079 730 2137 proceres
749 2079 885 2120 vero
906 2077 1031 2120 sese
1060 2062 1420 2135 conglobasse
1443 2079 1459 2130 ;
1491 2070 1818 2132 tempestate
1837 2062 2049 2129 sedata,

465 2161 783 2232 populoque
806 2173 1004 2214 rursus
1031 2165 1390 2229 congregato,
1432 2157 1728 2225 qumsitum
1775 2169 1898 2210 esse
1939 2154 2054 2208 Ro-

465 2253 716 2309 mulum:
745 2251 842 2308 sed
887 2257 1146 2320 potentes
1179 2249 1248 2304 de
1280 2264 1349 2305 eo
1377 2248 1549 2320 quaeri
1583 2247 1845 2313 vetuisse,
1885 2257 2052 2318 atque

466 2356 664 2398 omnes
695 2341 948 2396 hortatos
967 2353 1110 2404 esse,
1137 2346 1201 2393 ut
1220 2353 1349 2393 eum
1377 2337 1445 2392 ad
1474 2338 1608 2393 deos
1639 2345 1856 2408 raptum
1885 2352 2054 2392 vene-

467 2444 728 2493 rarentur
765 2444 824 2490 et
857 2433 1129 2498 colerent,
1156 2431 1322 2487 deum
1341 2446 1440 2502 pro
1460 2430 1608 2486 bono
1630 2445 1758 2501 rege
1775 2429 2048 2485 futurum.

467 2530 547 2584 Ac
570 2526 768 2598 vulgus
783 2525 872 2580 his
899 2523 1090 2580 verbis
1119 2522 1420 2594 acquievit,
1450 2535 1545 2592 Spe
1563 2521 1705 2576 bona
1734 2520 2050 2592 praeditum.

468 2621 705 2689 Quidam
737 2630 922 2676 autem
954 2626 1244 2690 suspectos
1267 2615 1513 2671 habuere
1536 2623 1747 2686 patres,
1779 2624 1835 2669 et
1863 2613 2050 2684 exagi-

474 2726 689 2780 tavere,
745 2723 808 2768 ut
859 2709 956 2783 qui
1000 2710 1166 2782 vulgo
1204 2710 1368 2764 inane
1412 2715 1786 2763 commentum
1818 2719 2052 2776 persua-

473 2811 694 2872 dei-ent,
743 2821 870 2862 cum
917 2805 1024 2875 ipsi
1073 2803 1373 2859 Romulum
1429 2799 1875 2870 discerpsissent.
1911 2795 2058 2852 Acii‘

472 2902 756 2976 negotium
803 2897 1160 2954 facessissent
1209 2895 1567 2966 potentibus,
1626 2893 1734 2948 nisi
1780 2892 2054 2947 Proculus

469 2999 651 3055 Julius
680 3008 872 3066 eques,
905 3001 962 3048 et
1001 3005 1206 3063 genere
1243 2999 1300 3045 et
1340 2989 1591 3043 moribus
1628 2983 2050 3057 probatissimis,

471 3105 535 3146 ac
582 3087 822 3145 Romulo
856 3084 1019 3151 ﬁdus,
1052 3099 1153 3155 pro
1182 3081 1452 3137 concione
1490 3079 1851 3151 jurejurando
1904 3077 2052 3131 alIir-

471 3189 696 3245 utasset,
721 3177 1019 3235 Romulum
1045 3174 1155 3232 sibi
1182 3174 1560 3246 augustiorem
1587 3172 1774 3236 solito,
1799 3172 1856 3226 in
1882 3170 2055 3226 armis
2085 3215 2128 3275 α

468 3273 782 3346 splendidis
825 3280 992 3340 atque
1053 3266 1400 3339 fulgentibus
1455 3265 1833 3336 apparuisse:
1886 3279 2058 3337 seque

472 3367 632 3422 illum
672 3369 1064 3436 percontatum
1111 3373 1268 3425 esse,
1313 3355 1668 3426 Quamobrem
1719 3363 1964 3410 senatum
2002 3357 2060 3410 in

469 3457 683 3513 atrocia
735 3454 986 3520 crimina,
1037 3453 1305 3507 civitatem
1354 3450 1411 3505 in
1457 3449 1656 3503 luctum
1709 3449 2061 3519 conjecisset?

471 3565 603 3606 eum
631 3561 766 3604 vero
802 3543 1160 3616 respondisse
1189 3561 1206 3600 :
1245 3542 1356 3598 Diis
1400 3544 1476 3598 ita
1508 3545 1675 3597 visum
1696 3582 1712 3608 ,
1767 3551 1825 3596 ut
1849 3551 2061 3598 tantum

476 3643 726 3713 temporis
760 3641 900 3694 inter
921 3635 1174 3693 mortales
1200 3644 1360 3703 esset,
1389 3647 1548 3708 atque
1574 3633 1630 3688 in
1672 3635 1883 3698 calum,
1919 3637 2062 3688 unde

476 3740 719 3802 venisset,
752 3740 1122 3790 reverteretur.
1158 3731 1360 3798 Abiret,
1392 3746 1455 3784 ac
1489 3731 1757 3784 nuntiaret
1780 3728 2058 3795 Romanis,

471 3833 518 3884 si
556 3828 870 3882 modestiam
892 3833 940 3879 et
963 3840 1077 3878 rem
1106 3822 1393 3878 militarent
1428 3821 1681 3885 colerent,
1706 3821 1776 3874 ad
1791 3836 2060 3874 summum

474 3927 723 3978 humano:
753 3921 1000 3992 potentia:
1039 3917 1312 3990 fastigium
1352 3931 1658 3970 ascensuros
1690 3931 1708 3969 :
1741 3931 1796 3968 se
1829 3931 1950 3969 vero
1986 3914 2061 3970 eis

475 4015 759 4088 propitium
791 4015 902 4084 [ore
921 4012 1227 4078 Quirinum.
1266 4009 1394 4065 Haec
1419 4007 1650 4074 dicenti,
1690 4018 1805 4064 tum
1846 4008 1917 4064 ob
1943 4011 2062 4080 jus-

471 4104 803 4178 jurandum,
857 4115 973 4158 tum
1017 4101 1090 4156 ob
1119 4100 1508 4156 auctoritatem
1543 4099 1683 4165 viri,
1730 4109 1877 4154 tanta
1921 4098 2060 4156 ﬁdes

479 4201 604 4265 iuit,
639 4206 699 4252 ut
729 4211 892 4252 nemo
911 4195 1280 4266 refragaretur
1303 4235 1317 4249 .
1354 4199 1617 4265 omnique
1658 4195 1978 4265 suspicione
2005 4203 2062 4250 et

480 4289 756 4346 calumnia
794 4295 1013 4350 amota,
1055 4286 1288 4353 Quirino
1333 4295 1460 4341 vota
1501 4286 1778 4353 facerent,
1832 4288 2060 4342 numine

479 4383 601 4452 ejus
633 4381 913 4435 invocato.
962 4379 1078 4433 Hoc
1121 4389 1306 4433 autem
1351 4387 1778 4449 cognomentum
1823 4377 2061 4433 Romulo

477 4474 687 4530 factum
717 4472 974 4536 traditur,
1008 4472 1091 4526 vel
1129 4471 1200 4527 ob
1229 4475 1412 4536 cives,
1447 4471 1542 4541 qui
1575 4471 1820 4538 Quirites
1864 4471 2054 4540 appel-

2157 1978 2287 2036 τοὺς
2318 1972 2682 2027 ἀϐασίλευτον
2733 1970 2919 2038 ζητεῖν
2983 1965 3079 2021 καὶ
3111 1966 3410 2034 αὐτόνομον
3444 1957 3752 2014 πολιτείαν.

2159 2067 2298 2120 Οὐδὲ
2333 2065 2440 2137 γάρ
2472 2066 2521 2118 οῖ
2553 2062 2885 2132 καλούμενοι
2912 2059 3196 2131 πατρίκιοι
3247 2053 3595 2127 πραγμάτων
3621 2067 3756 2121 μετι

2158 2163 2324 2230 εἶχον,
2386 2157 2500 2211 ἀλλ’
2531 2157 2701 2226 ὄνομα
2729 2155 2824 2209 καὶ
2857 2155 3044 2225 σχῆμα
3077 2149 3146 2225 ἧν
3176 2152 3382 2216 αὐτοῖς,
3414 2149 3572 2211 ἔθους
3587 2147 3753 2200 ἕνεκα

2161 2253 2430 2325 μᾶλλονῆ
2473 2251 2702 2322 γνώμης
2756 2247 3179 2322 ἀθροιζομένοις
3229 2247 3310 2307 είς
3353 2244 3415 2296 τὸ
3458 2240 3755 2313 βουλευτη-

2163 2361 2313 2416 ριονο
2350 2339 2473 2397 εἶτα
2526 2339 2811 2412 Ῥωμύλου
2874 2338 3214 2410 πράττοντος
3247 2333 3532 2406 ἠκροῶντο
3595 2333 3753 2399 σιγῇ,

2159 2442 2258 2495 καὶ
2297 2438 2360 2492 τὸ
2403 2437 2510 2508 πρὸ
2535 2437 2646 2490 τῶν
2671 2433 2849 2489 ἄλλων
2875 2432 2937 2486 τὸ
2971 2429 3299 2500 δεδογμένον
3330 2425 3526 2496 ἐκείνῳ
3552 2425 3754 2495 μαθεῖν

2160 2533 2326 2586 πλέον
2373 2531 2592 2602 ἔχοντες
2648 2529 2758 2582 τῶν
2816 2525 3043 2591 λοιπῶν,
3093 2521 3522 2594 ἀπηλλάττοντο.
3588 2517 3755 2569 Ὅθεν

2160 2626 2339 2680 ἐδόκει
2369 2624 2469 2696 τὴν
2487 2619 2782 2694 γερουσίαν
2810 2614 3255 2688 προπηλακίζειν
3274 2629 3288 2642 ³
3318 2611 3398 2666 διὸ
3427 2609 3568 2680 αὓτη
3619 2605 3756 2660 ὓπο-

2163 2736 2293 2783 πτος
2311 2717 2481 2783 ἔδοξε,
2514 2714 2632 2787 μετ’
2657 2713 2838 2782 ὀλίγον
2860 2709 3102 2780 ἀφανοῦς
3119 2704 3415 2779 γενομένου
3443 2699 3752 2771 Ῥωμύλου.

2160 2813 2397 2882 Λέγεται
2429 2809 2561 2880 γάρ,
2604 2806 2903 2878 ἐκκλησίαν
2935 2803 3161 2872 ἄγοντος
3193 2789 3362 2854 αὑτοῦ
3397 2797 3531 2869 περὶ
3556 2794 3619 2849 τὸ
3649 2812 3755 2847 κα-

2161 2904 2426 2975 λούμενον
2486 2899 2650 2970 Λίγὸς
2700 2898 2843 2964 ἕλος,
2893 2894 2989 2949 τοῦ
3023 2892 3123 2961 μὲν
3151 2891 3306 2964 ἡλίου
3330 2892 3391 2943 τὸ
3431 2888 3546 2958 φῶς
3577 2886 3760 2938 ἐπιλι-

2163 2999 2307 3061 πεῖν,
2333 2997 2506 3048 νύκτα
2540 2993 2595 3046 δὲ
2623 2990 2938 3060 κατασχεῖν,
2974 2986 3201 3058 βροντάς
3223 3002 3282 3038 τε
3315 2981 3498 3046 δεινάς
3531 2979 3755 3050 συμϐη-

2161 3106 2274 3152 ναι,
2309 3088 2406 3142 καὶ
2458 3086 2625 3149 πνοὰς
2662 3083 2884 3154 ἀνέμων
2940 3079 3112 3150 ζάλην
3184 3077 3518 3138 ἐλαυνούσας
3543 3093 3556 3105 ·
3597 3077 3653 3126 ἐν
3685 3073 3746 3126 δὲ

2161 3181 2342 3253 τούτῳ
2361 3179 2454 3233 τὸν
2483 3179 2585 3251 μὲν
2620 3176 2778 3248 ϐχλον
2812 3174 3061 3246 φεύγειν,
3112 3173 3240 3236 τοὺς
3273 3171 3330 3226 δὲ
3351 3169 3616 3232 δυνατοὺς
3660 3185 3757 3220 ctu-

2165 3274 2476 3346 στραφῆναι
2510 3269 2630 3344 μετ’
2681 3269 2965 3340 ἀλλήλων
2999 3268 3100 3339 τῆς
3134 3265 3180 3320 δ’
3210 3267 3268 3319 ἐν
3307 3264 3384 3335 τῷ
3427 3264 3553 3335 ἀέρι
3583 3279 3756 3331 ταρι-

2163 3367 2263 3439 χῆς
2291 3365 2650 3436 λωφησάσης,
2685 3363 2779 3416 καῖ⁹
2801 3356 2960 3424 αὖθις
2993 3359 3206 3414 πολλῶν
3235 3358 3371 3430 ὁμοῦ
3411 3357 3756 3427 γενομένων,

2163 3458 2451 3530 ζητεῖσθαι
2498 3457 2592 3510 τὸν
2639 3455 2894 3527 βασιλέα,
2947 3452 3081 3515 τοὺς
3111 3452 3168 3504 δέ
3196 3449 3456 3512 δυνατοὺς
3505 3447 3610 3499 οὐκ
3656 3446 3758 3514 ἐᾷν

2163 3551 2445 3618 ἐξετάζειν
2504 3547 2635 3619 ’περὶ⁸
2683 3545 2874 3612 αὐτοῦ,
2935 3546 3106 3616 τιμᾷν
3150 3544 3208 3596 δὲ
3267 3539 3758 3610 παρακελεύεσθαι

2166 3645 2322 3710 πᾶσι,
2352 3641 2446 3696 καὶ
2473 3641 2728 3696 σέϐεσθαι
2775 3637 3058 3711 Ῥωμύλον
3085 3635 3164 3701 ὡς
3189 3636 3448 3706 άνηρπαγ
3459 3632 3623 3703 μένον
3675 3634 3759 3695 είς

2165 3737 2348 3804 θεοὺς,
2371 3737 2469 3791 καὶ
2497 3735 2620 3789 θεὸν
2640 3734 2904 3803 ἐσόμενον
2943 3731 3131 3802 σφίσιν
3166 3729 3289 3784 ἀντὶ
3318 3725 3562 3800 χρηστοῦ
3596 3725 3759 3796 βασι-

2163 3831 2326 3894 λέως.
2365 3830 2430 3884 Οί
2487 3827 2585 3899 μὲν
2635 3822 2730 3882 οὖν
2779 3825 2970 3878 πολλοὶ
3003 3823 3366 3893 πεπεισμένοι
3417 3821 3531 3881 τοῖς
3569 3819 3757 3886 λόγοις

2165 3922 2596 3994 ἀπηλλάττοντο,
2626 3919 2809 3972 ἐλπίσι
2836 3918 3106 3989 χρησταῖς
3147 3912 3539 3986 αἰωρούμενοι.
3578 3911 3755 3963 Ἔνιοι

2163 4013 2220 4067 δέ
2243 4010 2606 4073 ἐν’ύπονοίαις
2631 4009 2757 4072 τοὺς
2784 4007 3112 4078 πατρικίους
3146 4005 3468 4074 πεποίηντο,
3497 4001 3597 4056 καὶ
3622 4001 3754 4052 ἐτα-

2169 4107 2426 4177 ράττοντο
2458 4102 2533 4167 ὡς
2561 4101 2652 4155 τὸν
2705 4101 2878 4172 δῆμον
2908 4100 3177 4173 ἀϐέλτερα
3209 4097 3520 4160 πείθοντας,
3550 4094 3753 4156 αὐτοὺς

2164 4197 2259 4252 τοῦ
2296 4196 2564 4268 βασιλέως
2601 4195 2898 4264 γεγονότας
2923 4193 3274 4264 αὐτόχειρ-ας.
3303 4188 3416 4246 Καὶ
3442 4187 3754 4258 πράγματα

2167 4291 2233 4344 ἂν
2259 4289 2535 4358 παρέσχον
2561 4290 2674 4351 τοῖς
2702 4286 2973 4350 δυνατοῖς,
2991 4286 3041 4338 εί
3058 4285 3133 4358 μή
3152 4301 3235 4348 τις
3254 4282 3362 4336 τῶν
3381 4281 3598 4335 ἱππέων
3621 4277 3755 4333 Ἰού-ι

2164 4384 2277 4448 λιος
2309 4382 2578 4454 Πρόκλος,
2603 4381 2753 4450 γένει
2786 4398 2846 4435 τε
2877 4380 3280 4450 δοκιμώτατος,
3326 4375 3423 4430 καὶ
3455 4373 3578 4446 ήθει
3613 4389 3754 4443 χρη-

2166 4477 2313 4540 στὸς,
2343 4475 2440 4528 καὶ
2477 4473 2748 4544 Ῥωμύλῳ
2781 4473 2996 4536 πιστὸς,
3027 4473 3110 4535 είς
3135 4468 3345 4540 ἀγοράν
3372 4467 3570 4534 ἐλθὼν,
3598 4467 3740 4535 ἐνόρο

478 4566 762 4630 labantur,
797 4564 881 4618 vel
906 4563 976 4618 ab
1009 4565 1185 4630 hasta,
1219 4579 1384 4634 quam
1417 4575 1634 4619 veteres
1663 4563 1865 4634 quiritn
1903 4564 2057 4620 voci-

2169 4586 2281 4632 κως
2344 4563 2521 4633 εἶπεν,
2558 4566 2634 4632 ὡς
2666 4565 2862 4638 ὀφθείη
2935 4565 3218 4636 Ῥωμύλος
3249 4564 3400 4635 αὐτῷ
3432 4563 3604 4624 καλὸς
3658 4560 3749 4613 καί

481 4666 693 4712 taruut.
755 4657 1020 4723 Quirinus
1071 4656 1238 4726 igitur
1277 4661 1414 4711 deus
1461 4659 1769 4728 appellatus
1823 4667 1931 4723 est,
1994 4665 2056 4711 ut

2169 4663 2368 4732 μέγας,
2398 4663 2473 4724 ὡς
2502 4660 2700 4715 οὕποτε
2724 4660 2986 4734 πρόσθεν,
3020 4661 3115 4715 καὶ
3139 4661 3324 4724 ὅπλοις
3353 4660 3635 4730 λαμπροῖς
3660 4675 3722 4710 κε

477 4750 781 4807 bellicosus
834 4759 891 4804 et
937 4749 1206 4804 hastatus.
1263 4749 1460 4804 Fertur
1503 4765 1676 4805 annos
1710 4750 1913 4806 vixisse
1974 4766 2057 4805 uv

2165 4757 2542 4827 κοσμημένος,
2588 4757 2686 4809 καὶ
2734 4755 3021 4823 φλέγουσι,
3055 4756 3152 4809 καὶ
3206 4755 3283 4818 ὡς
3315 4751 3481 4816 αύτός
3519 4753 3622 4823 μὲν
3650 4749 3720 4803 πύ

477 4856 535 4899 et
568 4859 715 4897 anno
771 4842 924 4911 regni
980 4857 1180 4896 xxxvm
1211 4858 1242 4896 e
1283 4853 1582 4913 conspectu
1635 4843 1921 4898 hominum
1964 4859 2057 4899 su-

2165 4852 2333 4915 θοιτο,
2375 4853 2435 4902 Τί
2459 4849 2535 4917 δὴ
2566 4847 2794 4914 παθὼν,
2825 4844 2872 4904 ὦ
2897 4847 3190 4915 βασιλεῦ,
3223 4846 3384 4918 ἡμᾶς
3404 4847 3523 4916 μὲν
3555 4845 3628 4899 ἐν
3657 4847 3739 4898 aio

477 4935 662 4992 blatus
698 4951 841 4992 esse.

2165 4943 2324 5008 τίαις
2347 4945 2688 5009 πεποίηκας
2721 4940 3037 5008 πονηραῖς,
3067 4940 3278 4999 πᾶσαν
3311 4940 3380 4992 δὲ
3419 4938 3537 5008 τὴν
3566 4938 3751 4990 πόλιν

475 5033 548 5086 ἐν
582 5031 788 5086 πένθει
833 5027 1280 5100 προλέλοιπαςς
1325 5029 1562 5094 Ἐκεῖνος
1635 5030 1692 5086 δὲ
1729 5033 1867 5103 προς
1941 5032 2118 5086 ταῦτα
2179 5034 2459 5105 ἀμείψατο
2482 5051 2496 5064 ο
2559 5033 2729 5100 Θεοῖς
2771 5034 3010 5101 ἔδοξεν,
3050 5029 3099 5092 ὧ
3142 5036 3402 5104 Πρόκλε,
3453 5031 3751 5088 τοσοῦτον

476 5131 701 5200 χρόνον
735 5128 895 5200 ἡμᾶς
927 5131 1213 5199 γενέσθαι
1239 5130 1368 5198 μετ’
1402 5129 1753 5199 ἀνθρώπων,
1793 5126 1972 5197 αὖθις
2009 5131 2062 5184 δ’
2097 5132 2364 5201 οὐρανὸν
2423 5131 2635 5200 οἰκεῖν,
2693 5132 2930 5188 ἐκεῖθεν
2970 5131 3171 5198 ὄντας.
3210 5129 3397 5186 Ἀλλὰ
3426 5129 3620 5199 χαῖρε,
3651 5124 3750 5180 καὶ

476 5222 657 5292 φράζε
693 5222 1028 5293 Ῥωμαίοις,
1064 5221 1151 5276 ὅτι
1183 5223 1596 5292 σωφροσύνην
1637 5224 1737 5278 καὶ
1790 5225 2048 5294 ἀνδρίαν
2086 5226 2444 5293 ἀσκοῦντες,
2509 5225 2610 5280 ἐπὶ
2661 5225 2956 5280 πλεῖστον
3022 5223 3333 5290 δυνάμεως
3370 5222 3751 5290 ἀνθρωπίνης

477 5319 818 5386 ἀφίξονται.
867 5317 1018 5387 Ἐγὼ
1063 5315 1131 5369 δὲ
1171 5315 1314 5387 ὑμῖν
1339 5317 1604 5387 εὐμενὴς
1643 5318 1859 5388 ἔσομαι
1927 5320 2205 5388 Κυρῖνος.
2276 5320 2464 5374 Ταῦτα
2515 5320 2604 5375 διά
2668 5337 2729 5373 τε
2763 5320 2854 5374 τὸν
2882 5320 3045 5391 ὅρκον
3071 5319 3168 5374 τοῦ
3213 5317 3468 5386 λέγοντος
3528 5317 3625 5371 καὶ
3661 5316 3750 5367 τὸν

478 5412 706 5481 τρόπον,
740 5409 911 5463 πιστὰ
945 5409 1246 5480 Ῥωμαίοις
1299 5411 1476 5465 ἐδόκει
1525 5412 1806 5480 τοσοῦτον,
1873 5413 1948 5476 ὡς
1991 5416 2067 5485 μή
2105 5431 2232 5469 τινα
2292 5415 2573 5470 ἀντειπεῖν
2597 5429 2611 5445 ⁸
2677 5416 2859 5486 πάσης
2889 5414 2949 5468 δέ
2971 5414 3280 5485 ἀφεμένους
3307 5413 3548 5482 ὑποψίας
3570 5430 3631 5467 τε
3658 5411 3750 5465 καὶ

479 5507 1050 5578 διαϐολῆς,ιεύχεσθαι
1083 5508 1330 5580 Κυρίνῳ,
1363 5511 1457 5563 καὶ
1486 5509 1819 5566 θεοκλυτεῖν.
1841 5511 2062 5584 Ταύτην
2096 5512 2154 5566 δέ
2215 5511 2316 5585 τὴν
2353 5512 2678 5584 ἐπωνυμίαν
2702 5515 2837 5583 φασὶ
2856 5511 2936 5583 τῷ
2976 5511 3238 5584 Ῥωμύλῳ
3270 5510 3554 5580 γενέσθαι,
3613 5509 3749 5580 ηὸτι

488 5599 616 5662 τοὺς
647 5598 872 5663 πολίτας
908 5598 1157 5670 Κυρίτας
1179 5601 1485 5671 ὠνόμαζον,
1513 5603 1546 5674 ἢ
1577 5604 1661 5656 ὅτι
1705 5604 1804 5673 τὴν
1831 5603 2036 5675 αἰχμὴν
2062 5604 2096 5674 ἢ
2133 5604 2195 5658 τὸ
2223 5605 2354 5677 δόρυ
2387 5607 2624 5677 Κυρῖνον
2649 5603 2878 5659 ἐκάλουν
2902 5603 2953 5656 οἱ
2989 5601 3212 5657 παλαιοί
3233 5617 3248 5632 ο
3279 5601 3358 5665 ὼς
3383 5596 3490 5655 οὖν
3557 5599 3750 5670 ἀρήϊόν

477 5711 600 5747 τινα
634 5694 726 5747 τὸν
792 5693 1073 5763 Ῥωμύλον
1119 5695 1152 5764 ἢ
1193 5697 1472 5768 αἰχμητὴν
1529 5696 1652 5750 θεὸν
1683 5697 2059 5769 ὀνομασθῆναι
2099 5701 2360 5769 Κυρῖνον.
2412 5701 2652 5766 Λέγεται
2703 5699 2761 5751 δὲ
2813 5699 3057 5768 τέσσαρα
3095 5695 3196 5767 μὲν
3261 5696 3357 5767 ἐτη
3397 5697 3493 5749 καὶ
3555 5695 3752 5766 πεντή-

481 5803 649 5842 κοντα
707 5784 920 5855 βιῶναι,
970 5787 1156 5855 ὃγδοον
1198 5790 1241 5842 δ’
1270 5791 1363 5844 ἐπὶ
1412 5793 1729 5866 τριακοστῷ
1754 5792 2058 5864 βασιλεύων
2096 5795 2346 5851 ἐνιαυτὸν
2377 5795 2438 5862 ἐξ
2472 5793 2781 5866 ἀνθρώπων
2811 5791 3210 5864 ἀφανισθῆναι.
3279 5823 3284 5828 -
3343 5817 3360 5852 χ
3445 5807 3458 5832 '-
3541 5801 3648 5848 με’,
3719 5798 3722 5800 ·
