4002 6250
339 381 437 447 581

1572 377 1994 441 ANNALIUM-
2024 375 2163 436 LIB.
2205 377 2340 465 vn.

3498 340 3611 430 se?

414 493 511 561 ς’.
544 490 650 545 Τοῦ
680 491 737 545 δὲ
771 491 934 561 Νομᾶ
954 490 1402 560 τελευτήσαντος,
1426 486 1522 543 καὶ
1577 488 1782 560 μηδένα
1816 503 1915 540 κα-

2091 484 2182 539 Vl.
2218 483 2397 539 Numa
2429 482 2547 538 sine
2585 494 2907 538 successore
2941 477 3225 542 defuncto,
3271 475 3465 531 Tullus
3490 475 3599 531 Ho-

340 583 666 644 ταλιπόντος
693 581 960 653 διάδοχον,
979 577 1277 643 ὐστίλλιος
1295 577 1526 642 Τοῦλλος
1544 578 1716 651 ᾑρέθη
1768 576 1919 650 παρὰ

340 672 438 727 τοῦ
457 673 638 744 δήμου
668 673 764 725 καὶ
792 670 1136 742 τῆςβουλῆς·
1176 670 1235 734 ὃς
1267 669 1336 724 τὰ
1379 670 1610 723 πλεῖστα
1658 671 1765 744 τῶν
1824 667 1917 722 τοῦ

340 735 805 836 Nonium“;
831 735 1002 835 ἡοῶν,
1034 735 1125 815 τεν
1169 761 1450 833 Ῥωμύλον
1490 735 1754 833 emam;
1824 759 1920 814 και

343 858 480 925 πρὸς
515 859 695 927 μάχας
734 857 901 921 αὐτός
937 875 996 910 τε
1016 854 1205 928 ὥρμα,
1237 858 1332 911 καὶ
1373 856 1464 910 τὸν
1515 857 1687 926 δῆμον
1736 853 1922 928 ὴρέθι-

341 950 458 1014 ζεν.
502 948 797 1020 Ἀρπαγῆς
828 948 958 1016 γοῦν
982 949 1281 1019 γενομένης
1307 947 1457 1021 παρὰ
1519 947 1809 1018 Ῥωμαίων
1857 946 1916 1014 ἐξ

339 1039 647 1103 ’Λλϐανῶν,
683 1038 954 1109 ὥρμησαν
996 1039 1134 1107 πρὸς
1171 1039 1354 1109 μάχην
1409 1037 1818 1110 ἐκάτεροι.Πρδ
1863 1038 1920 1091 δὲ

338 1132 437 1186 τοῦ
467 1129 765 1199 συμϐαλεῖν
799 1129 1243 1201 κατηλλάγησαν,
1275 1132 1368 1184 καὶ
1394 1131 1451 1193 ὲς
1484 1130 1615 1201 μίαν
1635 1130 1791 1184 πόλιν
1821 1129 1923 1201 ἅμ·

342 1223 667 1294 φοῖνὲδόκει
712 1222 1036 1294 συνοικῆσαι
1086 1226 1199 1286 τοῖς
1253 1225 1485 1293 γένεσιν.
1547 1224 1813 1278 Ἐκάστου
1863 1223 1921 1278 δὲ

340 1319 441 1386 τῆς
465 1318 672 1379 οἰκείας
710 1316 995 1388 ἐχομένου,
1021 1318 1113 1371 καὶ
1149 1318 1213 1371 τὸ
1250 1318 1438 1391 ἓτερον
1472 1319 1553 1382 εἰς
1578 1316 1783 1389 ταύτην
1811 1318 1921 1383 ἀξι-

342 1405 534 1471 οῦντος
571 1407 1035 1477 μεταναστεῦσαι,
1061 1409 1381 1480 ἀπέστησαν
1413 1408 1509 1463 τοῦ
1537 1409 1763 1464 σκοποῦ.
1789 1406 1920 1464 Εἶτα

343 1499 476 1567 περὶ
506 1499 603 1566 τῆς
638 1499 942 1569 ἡγεμονίας
975 1500 1362 1571 διηνέχθησαν’
1394 1502 1471 1565 ὡς
1530 1502 1586 1557 δὲ
1636 1502 1812 1568 οὐδεὶς
1845 1503 1922 1577 τῷ

342 1590 519 1662 ἑτέρῳ
571 1590 886 1664 παρεχώρει
948 1594 1145 1664 αὐτῆς,
1203 1596 1577 1663 ἀγωνίσασθαι
1639 1597 1923 1652 συνέθεντο

343 1681 600 1751 περὶτῆς
629 1682 826 1755 ἀρχῆς.
890 1683 1027 1739 Οῦτε
1050 1686 1106 1739 δὲ
1161 1689 1276 1750 τοῖς
1328 1690 1715 1758 στρατοπέδοις
1771 1691 1920 1756 ὅλοις

342 1773 521 1826 ἐδόκει
561 1777 926 1847 μαχέσασθαι,
963 1779 1089 1834 οὔτε
1147 1782 1254 1852 μὴν
1319 1785 1626 1856 μονομαχίᾳ
1666 1785 1924 1857 κριθήσε·

345 1867 495 1922 σθαι.
527 1863 709 1923 Ἦσαν
738 1871 796 1924 δέ
835 1873 966 1944 παρ’
1000 1874 1204 1944 ἀμφοῖν
1262 1878 1513 1948 τρίδυμοι
1560 1879 1802 1950 ἀδελφοὶ,
1859 1883 1924 1934 ὲκ

347 1963 605 2032 μητέρων
631 1965 917 2033 γεγονότες
946 1968 1207 2039 δδύμων,
1239 1972 1479 2043 ίσήλικές
1523 1992 1581 2027 τε
1614 1975 1707 2028 καὶ
1735 1978 1924 2030 ἰσοπαι

342 2052 458 2118 λεῖς
488 2054 585 2126 τὴν
618 2057 795 2128 ἰσχύν.
844 2060 1169 2115 Ἐκαλοῦντο
1198 2062 1253 2116 δὲ
1285 2068 1332 2118 οἱ
1365 2067 1465 2134 μὲν
1490 2067 1597 2120 τῶν
1633 2067 1925 2139 Ῥωμαίων

342 2144 792 2219 Πουπλιοράτιοι,
818 2152 866 2204 οἱ
885 2153 938 2205 δὲ
962 2154 1068 2209 τῶν
1113 2155 1391 2210 Ἀλϐανῶν
1425 2162 1753 2229 Κουριᾶται.
1782 2161 1923 2215 Τούο

345 2257 478 2304 τους
505 2243 585 2305 εἰς
619 2242 799 2314 μάχην
836 2245 1222 2317 προεϐάλοντο,
1253 2251 1383 2321 παρ’
1419 2250 1572 2305 οὐδὲν
1621 2253 1722 2324 τὴν
1790 2230 1928 2323 πρὸς

345 2335 612 2407 ἀλλήλους
640 2338 821 2392 αὐτῶν
853 2340 1176 2409 συγγένειαν
1227 2341 1467 2412 θέμενοι.
1502 2345 1565 2398 Οί
1616 2322 1929 2399 δὲήόπλισάηο

349 2444 525 2497 μενοι,
560 2429 653 2482 καὶ
681 2432 738 2483 ὲν
763 2429 840 2501 τῷ
873 2434 1187 2505 μεταιχμίῳ
1208 2434 1317 2487 τῶν
1363 2437 1742 2505 στρατοπέῖων
1777 2440 1929 2492 ἀντι-

348 2520 826 2592 παραταξάμενοι,
858 2523 1015 2588 θεούς
1040 2542 1097 2578 τε
1121 2528 1408 2598 ὁμογνίους
1431 2512 1812 2596 ἀνεκαλοῦντο,
1834 2531 1929 2584 καὶ

346 2615 593 2684 συνεχῶς
628 2616 929 2672 ἀνέϐλεπον
960 2621 1098 2691 πρὸς
1131 2622 1222 2674 τὸν
1251 2622 1426 2692 ἥλιον.
1462 2623 1840 2693 Συμϐαλόντες
1871 2622 1929 2677 δὲ

349 2707 484 2760 ποτὲ
523 2709 621 2779 μὲν
657 2710 864 2780 ἁθρόοι,
912 2713 1044 2766 ποτὲ
1082 2713 1137 2766 δὲ
1170 2715 1266 2767 καὶ
1310 2715 1433 2768 καθ’
1487 2714 1582 2769 ἕνα
1638 2717 1927 2788 ἐμάχοντο.

349 2800 518 2864 Τέλος
550 2800 606 2855 δὲ
641 2802 749 2855 τῶν
805 2804 905 2872 μὲν
961 2805 1072 2860 τῶν
1120 2807 1407 2879 Ῥωμαίων
1463 2809 1572 2863 δύω
1630 2813 1927 2877 πεσόντων,

350 2892 463 2946 τῶν
502 2893 559 2947 δὲ
592 2894 865 2949 Ἀλϐανῶν
901 2897 1158 2953 ἁπάντων
1187 2899 1528 2970 τρωθέντων,
1566 2903 1593 2955 ὁ
1633 2903 1881 2974 Ὁράτιος
1903 2907 1931 2958 ό

353 2985 706 3056 κατάλοιπος,
736 2989 948 3053 ὀπτοῖς
978 2974 1158 3062 τρισὶν
1183 2990 1319 3063 ἅμα,
1357 2995 1406 3047 εί
1443 2993 1535 3046 καὶ
1561 2995 1805 3066 ἄτρωτος
1836 2990 1929 3066 ἦν,

352 3080 456 3131 οὐκ
484 3078 716 3147 ἠδύνατο
742 3082 1157 3149 ἀντιτάξασθαι,
1188 3086 1484 3149 ἐνέκλινεν,
1511 3087 1584 3153 ὡς
1621 3088 1687 3143 ἂν
1711 3068 1933 3145 διῶκον·

2023 577 2207 634 stilius
2256 593 2285 630 a
2334 587 2529 630 senatu
2577 573 2891 646 populoque
2936 571 3186 627 Romano
3226 586 3320 625 rex
3365 562 3611 632 electus,‘

2024 669 2295 726 institutis
2316 669 2504 723 Numa:
2538 667 2815 737 plerisque
2859 664 3077 725 dcrisis,
3100 662 3407 717 Romulum‘
3429 659 3603 729 magis

2022 772 2107 819 cst
2134 762 2444 826 aemulatus,
2471 758 2537 815 ad
2566 759 2708 814 bella
2739 766 2794 812 et
2826 757 2943 827 ipse
2970 769 3304 827 propensus,
3333 761 3389 807 et
3413 751 3599 822 populi

2024 855 2353 911 concitator.
2381 852 2518 909 Cum
2551 851 2719 922 igitur
2766 849 2906 904 forte
2940 847 3238 910 evenisset,
3277 851 3337 899 ut
3366 844 3603 899 Romani

2023 963 2089 1005 ex
2115 945 2330 1002 Albano
2372 960 2504 1015 agro
2548 943 2763 1015 praedas
2810 940 3074 1012 egissent.
3106 947 3341 1008 uterque
3370 936 3612 1008 populus‘

2023 1041 2093 1096 ad
2128 1040 2335 1095 bellum
2377 1036 2669 1109 spectavit.
2706 1034 2814 1090 Sed
2855 1042 2981 1088 ante
3010 1046 3368 1102 congressum
3404 1034 3613 1083 recon-‘

2025 1131 2196 1187 ciiiati
2266 1131 2616 1202 pepigerunt,
2680 1137 2740 1182 ut
2803 1138 2967 1180 unam
3026 1122 3221 1179 urbem
3278 1121 3607 1177 incolerent.

2024 1223 2275 1294 Utroque
2318 1232 2502 1277 autem
2546 1234 2701 1275 suam
2745 1217 3099 1284 defendente,
3157 1223 3213 1270 et
3263 1223 3322 1268 ut
3375 1214 3429 1267 in
3483 1226 3604 1266 eam

2025 1316 2359 1386 migraretur
2391 1312 2729 1383 postulante,
2774 1310 2829 1364 id
2882 1307 3176 1364 consilium
3214 1305 3603 1376 repudiarunt.

2024 1407 2158 1463 Post
2201 1406 2370 1461 etiam
2409 1403 2478 1459 de
2515 1401 2828 1474 principatu
2871 1408 2992 1453 orta
3043 1395 3444 1457 controversia,
3481 1408 3607 1449 cum

2025 1511 2225 1556 neuter
2252 1498 2408 1554 alteri
2460 1496 2703 1560 cederet,
2741 1494 3002 1550 convenit
3044 1500 3103 1547 ut
3149 1491 3294 1545 inter
3337 1503 3395 1544 se
3446 1487 3609 1541 dimi-

2028 1600 2241 1659 carent,
2273 1606 2382 1647 non
2408 1590 2538 1645 totis
2558 1588 2754 1660 cOpiis,
2780 1602 2964 1658 neque
2990 1581 3254 1655 singulari
3282 1580 3610 1636 certamine;

2027 1686 2135 1744 Sed
2166 1692 2328 1741 erant
2362 1683 2507 1754 apud
2537 1691 2802 1751 utrosque
2831 1676 3121 1749 tergemini
3160 1674 3381 1736 fratres,
3412 1668 3613 1741 gemcb

2027 1782 2098 1836 lis
2124 1780 2231 1836 orti
2275 1778 2568 1842 matribus,
2606 1790 2709 1829 nec
2747 1783 2909 1828 aetate
2939 1786 3042 1826 nec
3072 1768 3286 1823 viribus
3317 1765 3570 1834 dispares
3597 1780 3611 1814 :

2032 1888 2270 1944 quorum
2300 1871 2555 1934 Romani,
2591 1869 2652 1923 P.
2692 1865 2925 1929 Horatii,
2955 1861 3151 1918 Albani
3196 1858 3429 1914 Curiatii
3454 1860 3606 1911 voca:

2033 1967 2276 2022 bantur:
2308 1979 2405 2019 eos
2433 1961 2500 2016 ad
2534 1974 2771 2031 pugnam
2804 1955 3108 2017 destinant,
3159 1968 3271 2007 non
3301 1951 3490 2004 habita
3525 1963 3608 2001 ra-

2034 2063 2186 2117 tione
2216 2054 2583 2128 cognationis.
2614 2051 2717 2118 Qui
2748 2049 2968 2113 armati,
2991 2055 3048 2103 et
3078 2048 3132 2100 in
3168 2044 3350 2099 medio
3377 2043 3615 2097 deorum

2034 2154 2379 2210 exercituum
2433 2143 2711 2209 instructi,
2757 2143 2890 2198 deos
2928 2140 3137 2211 patrios
3169 2140 3524 2200 invocarunt,
3562 2142 3617 2187 et

2035 2246 2269 2305 subinde
2294 2244 2465 2299 solem
2498 2239 2683 2296 intuiti
2714 2246 2861 2293 sunt.
2891 2236 3040 2291 Inter
3071 2248 3128 2287 se
3153 2227 3456 2301 congressi,
3482 2226 3617 2280 alias

2035 2339 2292 2402 conferti,
2357 2336 2493 2391 alias
2561 2328 2885 2402 singulatim
2949 2325 3301 2381 dimicarunt.
3370 2317 3616 2373 Tandem

2035 2430 2255 2487 duobus
2294 2427 2561 2483 Romanis
2617 2419 2934 2494 prostratis,
2985 2428 3042 2473 et
3090 2413 3319 2471 Albanis
3362 2411 3617 2465 omnibus

2035 2520 2362 2584 vulneratis,
2391 2515 2651 2572 Horatius
2689 2518 2991 2584 superstes,
3017 2505 3180 2578 325.
3204 2517 3330 2559 eum
3366 2499 3618 2571 quamvis

2037 2617 2251 2687 integer
2285 2612 2466 2669 tribus
2490 2625 2591 2680 par
2613 2623 2734 2663 esse
2770 2620 2879 2660 non
2910 2611 3116 2673 possm,
3153 2594 3616 2668 capessit‘fugam,

2020 2702 2097 2766 ἰιι
2133 2685 2518 2780 persequendo
2542 2688 2989 2773 segregarentur.
3021 2694 3144 2760 Quo
3177 2692 3341 2755 facto,
3373 2685 3621 2756 singulul

2022 2808 2350 2873 aggressus,
2418 2796 2677 2851 omnibus
2744 2789 3069 2851 interfectis,
3125 2783 3324 2855 insigni
3386 2778 3619 2834 victoria

2019 2870 2268 2967 'poiitur.
2304 2889 2409 2946 Sed
2443 2889 2573 2959 quia
2609 2899 2859 2941 sororem
2891 2896 3111 2953 quoque
3143 2876 3521 2933 interfecerat,
3547 2870 3620 2923 (rb

2039 2987 2154 3042 visa
2190 2984 2243 3038 iu
2279 2981 2531 3037 humeris
2563 2979 2757 3048 ipsius,
2805 2973 3269 3031 consobr'norum
3317 2964 3491 3035 Spolia
3536 2960 3619 3014 la-

2040 3084 2405 3140 mentantem,
2449 3072 2615 3128 caedis
2662 3078 2820 3124 actus
2869 3074 2956 3122 est
3000 3078 3130 3118 reus
3161 3079 3173 3114 :
3209 3059 3305 3116 sed
3348 3070 3620 3126 provoca"-

356 3188 450 3233 τες
483 3171 547 3224 αὖ
560 3171 651 3225 τὸν
680 3174 1041 3244 σκεδασθῶσι,
1064 3177 1297 3249 κάπειδὴ
1326 3180 1460 3252 πρὸς
1489 3181 1587 3252 τὴν
1616 3180 1799 3250 δίωξιν
1827 3182 1931 3236 διε-

2044 3174 2196 3228 tione
2247 3169 2315 3224 ad
2363 3167 2629 3239 populum
2673 3163 2837 3227 facta,
2891 3157 3198 3214 absolutus.
3255 3150 3452 3208 Albani
3502 3157 3616 3203 tum

358 3262 671 3334 σπάρησαν,
705 3264 920 3340 ἑκάστῳ
969 3269 1347 3336 ἐπιτιθέμενος
1393 3272 1641 3339 ἅπαντας
1709 3276 1930 3350 διεχρήο

357 3369 510 3418 cato,
549 3354 844 3410 κάντεῦθεν
867 3357 1150 3430 τετίμητο.
1182 3357 1310 3414 Ὀτι
1336 3360 1393 3414 δὲ
1418 3362 1511 3414 καὶ
1542 3362 1640 3434 τὴν
1696 3364 1933 3436 ἀδελφὴν

358 3447 851 3513 προσαπέκτεινεν,
903 3449 1315 3523 ὀλοφυρομένην
1353 3453 1475 3507 ἐπεὶ
1528 3455 1596 3509 τὰ
1648 3457 1757 3509 τῶν
1811 3458 1934 3512 ὀνε-

356 3535 498 3604 ψιῶν
564 3539 737 3594 σκύλα
792 3539 937 3616 ἐώρα
995 3545 1233 3614 φέροντα
1281 3546 1372 3600 τὶν
1445 3545 1725 3617 Ὁράτιον,
1772 3550 1934 3619 φόνου

358 3626 575 3700 ἐκρίθη·
610 3631 688 3694 εἰς
714 3630 770 3684 δὲ
804 3633 895 3684 τὸν
926 3632 1099 3704 δῆμον
1129 3635 1393 3707 ἔκκλητον
1426 3640 1676 3709 αἰτήσας,
1708 3640 1931 3712 ἀφείθη.

358 3720 423 3771 Οἱ
467 3721 523 3773 δὲ
576 3722 825 3777 Ἀλϐανοὶ
878 3726 1001 3779 τότε
1058 3730 1159 3799 μὲν
1215 3729 1449 3800 ὑπήκοοι
1500 3731 1609 3783 τῶν
1649 3732 1935 3803 Ῥωμαίων

360 3812 629 3880 ἐγένοντο·
663 3815 891 3888 ὕστερον
920 3819 976 3873 δὲ
1005 3821 1101 3883 τὰς
1120 3823 1398 3892 συνθήκας
1429 3823 1816 3896 ἁθετὴσαντες,
1846 3828 1947 3880 καὶ

359 3905 435 3969 ὡς
471 3908 701 3977 ὑπήκοοι
734 3911 869 3981 πρὸς
899 3915 1221 3985 συμμαχίαν
1254 3915 1567 3988 κληθέντες,
1602 3918 1936 3987 μεταθέσθαι

362 3997 419 4050 δὲ
443 3998 580 4069 πρὸς
611 4003 737 4065 τοὺς
764 4003 1057 4074 πολεμίους
1086 4009 1142 4059 ἐν
1169 4006 1246 4078 τῷ
1273 4008 1452 4078 καιρῷ
1478 4008 1578 4078 τῆς
1604 4010 1785 4081 μάχης
1818 4011 1940 4064 ἐπι-

362 4091 741 4162 χειρήσαντες,
770 4096 864 4150 καὶ
890 4097 1278 4153 συνεπιθέσθαι
1320 4099 1635 4171 Ῥωμαίοις,
1667 4102 1938 4170 γνωσθένο

362 4195 452 4242 τες
483 4181 884 4253 ἐκολάσθησαν,
915 4189 1006 4241 καὶ
1037 4190 1223 4244 πολλοὶ
1254 4190 1355 4259 μὲν
1380 4191 1748 4262 ἐκτάνθησαν,
1779 4180 1936 4248 καὶὸ

363 4270 545 4321 αὐτῶν
576 4271 942 4346 ἐξηγούμενος
974 4278 1229 4342 Μέττιος⁶
1258 4282 1307 4333 οἱ
1331 4279 1479 4334 ἄλλοι
1502 4278 1559 4334 δὲ
1584 4284 1934 4351 μετανάσταο

2038 3268 2415 3322 Romanorum
2445 3258 2737 3327 imperium
2789 3252 3097 3308 subierunt.
3134 3248 3264 3303 Post
3295 3245 3471 3315 pactis
3498 3241 3620 3294 vio-

2036 3359 2185 3424 latis,
2235 3371 2359 3412 eum
2394 3364 2456 3408 ut
2499 3349 2708 3408 subditi
2740 3347 2807 3402 ad
2840 3345 2973 3401 belli
3019 3342 3338 3398 societatem
3380 3333 3616 3398 evocati,

2038 3467 2236 3526 pugnae
2281 3458 2529 3518 tempore
2582 3459 2640 3499 se
2685 3441 2752 3496 ad
2798 3441 2989 3494 hostes
3014 3436 3291 3495 conferre,
3322 3445 3387 3485 ac
3417 3429 3472 3482 in
3507 3427 3621 3481 Ro.

2041 3521 2240 3601 inanes
2270 3541 2538 3611 impetum
2572 3536 2754 3591 facere
2791 3531 3037 3586 voluisse
3099 3521 3366 3593 comperti
3412 3526 3620 3579 essent.

2042 3637 2202 3694 multi
2250 3608 2417 3691 occisi
2469 3637 2618 3695 sunt,
2663 3637 2720 3680 ct
2777 3624 2889 3679 dux
2919 3635 3112 3677 eorum
3161 3616 3400 3671 Metius:
3438 3608 3622 3665 caeteri

2043 3732 2274 3787 Romam
2313 3727 2549 3795 migrare
2580 3720 2741 3791 jussi,
2775 3717 2911 3771 Alba
2941 3713 3147 3775 diruta,
3194 3722 3317 3779 quae
3348 3704 3414 3760 ad
3447 3716 3622 3757 annos

2044 3840 2077 3878 ι)
2120 3821 2498 3876 Romanorum
2543 3814 2720 3867 fuerat
2753 3804 3097 3875 metrOpolis.
3144 3801 3339 3855 Tullus
3387 3795 3622 3850 bellator

2047 3914 2313 3985 Optimus,
2371 3909 2464 3963 sed
2521 3902 2767 3960 numinis
2817 3900 2992 3955 cultor
3035 3893 3338 3965 negligens,
3386 3902 3514 3943 cum
3565 3887 3621 3939 in

2048 3977 2361 4077 pestilentia
2399 4001 2513 4069 ipse
2543 4008 2763 4066 quoque
2790 3994 3131 4061 :cgrotasset,
3170 3983 3236 4039 ad
3268 3977 3624 4052 superstitio-

2047 4113 2173 4155 nem
2223 4093 2464 4149 deﬂexit.
2517 4089 2730 4145 Dicitur
2774 4083 3005 4138 fulmine
3050 4077 3419 4146 conﬂagrasse
3464 4090 3477 4126 :
3528 4078 3626 4124 aut

2047 4191 2180 4248 Anci
2209 4186 2395 4242 Marcii
2443 4180 2682 4246 insidiis,
2716 4176 2932 4247 nepotis
2954 4173 3166 4236 Numae,
3200 4176 3258 4223 ut
3284 4168 3623 4228 dictu-mest,

2046 4285 2298 4359 periisse.
2330 4277 2599 4350 Regnavit
2627 4289 2803 4329 annos
2832 4287 2871 4326 ιι
2898 4277 2953 4325 et
2975 4284 3102 4323 xxx.
3488 4278 3499 4287 ε

363 4374 449 4416 σ.ν
483 4362 708 4420 ἔπαθον.
738 4370 847 4422 Καὶ
878 4372 912 4442 ἡ
950 4372 1106 4434 πόλις
1144 4373 1325 4426 αὐτῶν
1378 4374 1551 4428 ’Ἄλϐα
1592 4379 1940 4451 κατεσκάφη,
1976 4350 2316 4438 πεντακόσιά
2393 4390 2496 4425 που
2567 4371 2660 4439 ἔτη
2705 4364 3002 4436 Ῥωμαίοις
3043 4358 3364 4427 νομισθεῖσα
3419 4350 3626 4424 μητρό-

365 4458 543 4521 W174:-
574 4462 722 4530 Πρὸς
758 4465 855 4534 μὲν
887 4465 978 4520 οὖν
1008 4469 1134 4533 τοὺς
1165 4470 1459 4542 πολεμίους
1484 4473 1511 4525 ό
1564 4473 1795 4538 Τοῦλλος
1830 4477 2122 4548 κράτιστος
2186 4472 2354 4535 εδοξε,
2384 4469 2477 4524 τοῦ
2546 4465 2704 4521 Θείου
2732 4463 2790 4516 δὲ
2817 4457 3148 4530 παρημέλει.
3201 4453 3381 4508 Νόσου
3433 4451 3479 4505 δ’
3541 4452 3628 4503 ὲν·

368 4553 657 4626 σκτ,ψάσης
691 4558 1013 4628 λοιμώδους,
1047 4562 1140 4615 καὶ
1181 4564 1345 4627 αὐτὸς
1401 4565 1661 4634 νοσήσας,
1717 4569 1796 4632 εἰς
1844 4567 2275 4634 δεισιδαιμονίαν
2316 4562 2633 4616 ἀπέκλινεν.

2717 4552 3049 4625 Ἐσκχηκέναι
3118 4549 3304 4619 μέντοι
3353 4544 3448 4598 τοῦ
3511 4543 3628 4615 βίου

364 4647 586 4712 λέγεται
651 4651 826 4717 τέλος,
888 4655 1287 4726 καταφλεχθεὶς
1331 4658 1438 4710 ὑπὸ
1513 4660 1821 4729 κεραυνῶν,
1858 4660 1892 4729 ἦ
1945 4657 2360 4719 ἐπιϐουλευθεὶς
2404 4653 2511 4707 ὑπὸ
2566 4647 2821 4720 Μαρκίου
2868 4647 3101 4714 Ἄγκου,
3161 4640 3221 4704 ὃς
3270 4637 3631 4709 θυγατριδοῦς

370 4746 690 4818 ἐτύγχανεν,
726 4748 802 4812 ὡς
830 4749 1069 4821 εἴρηται,
1103 4753 1197 4806 τοῦ
1238 4755 1420 4825 Νομᾶ.
1482 4754 1837 4810 Ἐϐασίλευσε
1888 4755 1946 4810 δὲ
1999 4754 2291 4826 Ῥωμαέων
2320 4751 2415 4821 ἔτη
2441 4750 2553 4803 δύω
2581 4747 2674 4800 ἐπὶ
2695 4745 3014 4816 τριάκοντα.

441 4841 515 4893 Ζ’.
557 4840 711 4893 Ἐπεὶ
760 4841 817 4894 δὲ
873 4843 1171 4909 Ὀστίλλιος
1232 4846 1555 4919 ἐτελεύτησε
1593 4846 1727 4919 (80).
1783 4846 1931 4901 διεδέη

2118 4825 2240 4903 ΥΠ.
2287 4844 2503 4898 Mortuo
2548 4839 2730 4904 Tullo,
2778 4847 3007 4905 regnum
3055 4847 3085 4887 a
3125 4829 3390 4886 Romanis
3429 4825 3631 4881 Marcio

376 4932 502 4999 ξατο
537 4936 636 5005 τὴν
669 4935 947 5005 βασιλείαν
981 4940 1009 4992 ό
1035 4940 1307 5011 Μάρκιος,
1376 4939 1507 5011 παρ’
1565 4940 1798 4994 ἑκόντων
1837 4938 1947 4992 τῶν

387 5024 678 5096 Ῥωμαίων
699 5030 903 5099 ταύτην
943 5029 1143 5087 λαϐὼν.
1178 5028 1288 5086 Ἦν
1323 5032 1380 5087 δὲ
1407 5035 1503 5105 τὴν
1537 5037 1697 5105 χεῖρα
1722 5035 1821 5089 οὐκ
1848 5035 1946 5107 ἄρ·

374 5137 507 5184 τιος·
530 5122 628 5191 τὴν
651 5123 758 5192 γὰρ
789 5124 1038 5196 ἀγκύλην
1062 5127 1378 5197 πεπήρωτο,
1416 5125 1539 5180 ὅθεν
1586 5127 1681 5180 καὶ
1743 5129 1950 5196 ’Ἄγκος

326 5298 331 5303 ι
376 5212 665 5281 ἐπώνυμον
727 5215 984 5288 ἔσχηκεν.
1032 5218 1328 5288 Ἐπιεικὴς.
1364 5218 1421 5271 δὲ
1480 5216 1578 5284 ὢν,
1629 5218 1950 5291 ἠναγκάσθη

381 5306 802 5375 μεταϐαλέσθαι,
828 5308 926 5362 καὶ
961 5310 1096 5380 πρὸς
1124 5310 1412 5381 στρατείας
1436 5309 1728 5380 ἐτράπετο.
1758 5311 1820 5363 Oi
1843 5311 1954 5383 γέρ

379 5397 556 5452 λοιποὶ
586 5401 805 5454 Λατῖνοι
829 5403 918 5456 διά
937 5420 997 5455 τε
1028 5404 1121 5456 τὸν
1159 5404 1258 5473 τῆς
1309 5399 1515 5472 Ἀλϐης
1566 5402 1810 5473 ὄλεθρον,
1859 5405 1953 5457 καὶ

381 5493 509 5563 περὶ
534 5493 743 5548 ἑαυτῶν
776 5494 1099 5560 δεδοικότες,
1139 5497 1213 5565 μή
1243 5512 1298 5549 τι
1346 5493 1598 5550 πάθωσιν
1631 5494 1840 5564 ὅμοιον,
1885 5494 1955 5548 δι’

1268 5580 1289 5609 \

2055 4952 2139 4995 est
2176 4938 2418 4994 delatum
2452 4949 2467 4987 :
2509 4932 2604 5004 qui
2626 4930 2697 4985 ob
2726 4929 2919 4985 vitium
2957 4941 3174 4990 manus,
3205 4922 3351 4993 quod
3379 4919 3629 4974 cubitum

2056 5030 2279 5086 ﬂectere
2314 5042 2421 5082 non
2459 5031 2696 5095 poterat,
2729 5020 2867 5076 Anci
2917 5022 3343 5088 cognomentum
3393 5008 3627 5062 habuit:

2054 5132 2109 5177 et
2157 5137 2281 5177 cum
2334 5119 2443 5174 leui
2497 5126 2645 5172 esset
2692 5112 2937 5186 ingenio,
2998 5106 3311 5164 necessario
3359 5101 3427 5156 ad
3483 5099 3629 5154 bella

2054 5216 2292 5288 gerenda
2338 5230 2396 5270 se
2439 5212 2696 5268 contulit.
2746 5208 2883 5263 Nam
2921 5201 3118 5273 reliqui
3172 5196 3351 5253 Latini
3391 5206 3504 5248 tum
3559 5193 3630 5246 ob

2061 5285 2207 5365 Albre
2237 5306 2529 5370 excidium,
2578 5315 2691 5358 tum
2724 5298 2920 5356 similis
2950 5292 3120 5351 cladis
3153 5296 3324 5344 metu.
3354 5285 3478 5338 irati
3507 5285 3628 5354 qui-

2057 5403 2182 5458 dem
2227 5401 2387 5456 Tullo
2440 5397 2740 5468 superstite
2768 5389 3030 5448 Romanis
3058 5389 3256 5439 erant:
3303 5379 3397 5435 sed
3448 5379 3628 5432 virum

2058 5503 2347 5551 strenuum
2388 5498 2721 5550 metuentes,
2767 5487 2877 5540 iras
2917 5477 3315 5550 reprimebant.
3371 5474 3630 5530 Marcium

1568 5654 1771 5717 Variae
1790 5651 2101 5716 lectiones
2145 5659 2207 5713 et
2240 5658 2430 5712 notre.

450 5782 564 5854 (80)
607 5784 770 5839 Ἐπεὶ
805 5784 857 5838 δ’
891 5783 1194 5849 Ὁστίλιος
1226 5783 1606 5853 ἐτελεύτησε.
1654 5783 1732 5838 Ita
1789 5782 1931 5838 etiam

2036 5779 2140 5835 lter
2205 5796 2235 5835 e
2268 5777 2428 5833 cudi.
2475 5776 2629 5842 Reg.,
2685 5775 2742 5824 et
2806 5768 2944 5824 alter
2970 5764 3197 5838 p_ro..his
3230 5763 3415 5818 verbis
3466 5759 3630 5813 habet

376 5853 655 5938 διεδέξατο
683 5854 739 5908 δὲ
776 5857 949 5928 αὐτὴν
981 5860 1008 5911 ὸ
1041 5855 1312 5926 Μάρκιος.
