4002 6250
426 314 535 379 563

1741 315 2068 379 JO.\NNIS
2108 317 2432 379 ΖΟΝΛῘΜΞ

3590 317 3694 381 564

425 445 558 484 vero
606 427 678 484 ob
729 427 882 499 pacis
917 428 1186 490 studium,
1238 425 1458 498 injuriis
1489 435 1864 498 opportunum
1893 442 2006 482 esse

2119 425 2293 495 ὀργῆς
2323 425 2424 494 μὲν
2446 421 2592 496 εἶχον
2638 422 2972 494 Ῥωμαίους
3003 423 3111 487 ἓως
3139 423 3196 478 δὲ
3233 424 3430 496 περιῆν
3464 425 3494 478 ὁ
3531 427 3698 486 Τοῦλι-

423 521 550 582 rati.
586 521 803 592 przrdas
843 538 909 576 ex
962 523 1113 591 agris
1159 529 1410 590 egerunt.
1459 519 1554 574 llle
1602 535 1737 574 vero
1782 535 2009 590 gnarus,

423 615 576 686 pacis
625 631 845 670 causam
885 630 1006 668 csse
1045 614 1276 678 bellum,
1313 612 1523 668 invadit
1565 628 1684 677 eos,
1733 627 1763 667 a
1805 613 2012 684 quibus

423 708 812 766 imatlebatnr.
877 717 1048 776 atque
1108 707 1417 772 ulciscitur,
1484 707 1653 762 urbes
1709 715 2008 778 expugnat,

420 820 655 875 quarum
715 820 879 859 unam
927 804 1176 860 evertit:
1221 813 1278 860 ct
1311 805 1569 876 captivis,
1617 819 1757 874 quos
1806 802 2012 860 multos

420 909 667 969 ceperat,
721 914 822 969 pro
875 900 1168 970 mancipiis
1214 901 1412 962 utitur,
1476 899 1680 954 multos
1733 899 1900 954 etiam
1955 898 2008 952 in

420 989 702 1044 civitatem
753 991 1056 1045 Romanam
1090 991 1280 1046 mittit.
1334 989 1590 1056 Romani,
1628 1005 1756 1046 cum
1790 976 2010 1044 finitimi

419 1079 724 1149 petentiam
766 1095 986 1144 eorum,
1037 1090 1094 1134 et
1140 1079 1408 1135 ditionem
1459 1095 1712 1136 crescere
1754 1095 1896 1150 aegre
1930 1078 2012 1135 fe—

421 1182 627 1232 rentes.
665 1172 856 1228 hostes
888 1188 946 1228 se
970 1173 1204 1245 professi
1228 1181 1434 1237 essent,
1465 1171 1702 1228 Fidenas
1719 1171 2012 1230 obsidione

421 1273 730 1332 ceperunt;
763 1265 1001 1323 Sabinos
1045 1266 1378 1333 afﬂixerunt,
1415 1267 1698 1338 dispersos
1723 1265 2008 1338 aggressi;

419 1367 476 1410 et
504 1360 702 1414 castris
755 1378 950 1416 eorum
991 1362 1191 1432 captis,
1234 1363 1374 1417 alios
1419 1372 1632 1418 terrore
1689 1360 1892 1433 injecto
1923 1360 2008 1417 vel

423 1447 628 1504 invitos
666 1467 856 1521 pacem
886 1469 1107 1508 servare
1137 1461 1458 1524 coegerunt.
1498 1449 1595 1508 His
1624 1451 1791 1507 rebus
1816 1449 2008 1522 gestis,

2114 518 2231 582 λος,
2289 518 2528 582 δεδιότες
2576 519 2788 572 ἐκεῖνον
2837 518 2913 582 ὡς
2952 518 3222 588 μάχιμον,
3264 520 3694 578 συνεστέλλοντο.

2112 611 2218 666 Τὸν
2245 612 2304 665 δὲ
2335 613 2586 684 Μάρκιον
2613 611 2932 666 εὐεπίθετον
2963 612 3308 682 ἡγησάμενοι
3348 614 3435 667 διὰ
3457 614 3519 668 rb
3546 615 3698 685 είρη⁶

2113 704 2267 758 ναῖον
2298 704 2392 774 τῆς
2427 705 2679 776 γνώμης,
2709 708 2775 776 τῇ
2811 722 2869 758 τε
2900 705 3054 776 χώρᾳ
3088 705 3351 775 ἐπῆλθον,
3400 709 3497 761 καὶ
3528 708 3698 778 αὐτὴν

2113 797 2432 870 ἐληίσαντο.
2477 799 2670 862 Συνεὶς
2719 797 2766 852 δ’
2796 798 3007 859 ἐκεῖνος
3039 797 3264 867 εἰρήνης
3297 791 3439 851 εἶναι
3477 799 3568 851 τὸν
3598 799 3697 854 πό·

2112 890 2280 963 λεμον
2316 891 2512 959 αἴτιον,
2544 890 2852 946 ἐπιτίθεται
2879 893 2992 954 τοῖς
3013 889 3385 961 ἐπιθεμένοις,
3412 890 3508 944 καὶ
3537 891 3698 964 ἀντη-

2117 985 2352 1056 μύνατο,
2409 986 2504 1040 καὶ
2550 985 2734 1050 πόλεις
2780 982 2928 1038 εἷλεν
2984 983 3187 1046 αὐτῶν,
3240 976 3318 1038 ὧν
3360 984 3490 1054 μίαν
3542 986 3700 1040 κατέ.

2115 1076 2314 1147 σκαψε,
2353 1075 2448 1131 καὶ
2482 1076 2706 1140 πολλοῖς
2759 1075 2871 1130 τῶν
2919 1075 3165 1131 ἁλόντων
3191 1075 3269 1139 ὡς
3325 1074 3698 1146 αἰχμαλώτοις

2113 1169 2412 1242 ἐχρήσατο,
2439 1169 2534 1224 καὶ
2559 1171 2618 1234 ἐς
2648 1169 2748 1241 τὴν
2792 1167 3017 1240 Ῥώμην
3070 1168 3127 1222 δὲ
3187 1169 3419 1238 συχνοὺς
3480 1169 3700 1239 ἐτέρους

2117 1261 2445 1334 μετῴκισεν.
2478 1262 2878 1334 Δύξανομένων
2902 1262 2959 1316 δὲ
2987 1263 3099 1316 τῶν
3146 1263 3454 1334 Ῥωμαίων,
3486 1263 3580 1316 καὶ
3602 1262 3700 1331 τῆς

2112 1354 2297 1428 χώρας
2313 1354 2469 1424 σφίσι
2497 1354 2960 1426 προστιθεμένης,
2983 1357 3033 1410 οἱ
3057 1355 3428 1427 πλησιόχωροι
3446 1354 3698 1427 ἤχθοντο.

2119 1449 2216 1504 καὶ
2235 1450 2466 1514 ἑαυτοὺς
2503 1447 2801 1522 Ῥωμαίοις
2845 1449 3291 1520 ἐξεπολέμωσαν*
3343 1449 3470 1503 ὅθεν
3519 1448 3698 1502 αὐτῶν

421 1539 663 1599 Marcius
717 1555 950 1600 mortem
995 1546 1158 1612 obiit,
1195 1562 1341 1601 anno
1391 1546 1546 1618 regni
1594 1561 1720 1600 xxiv
1757 1544 2006 1614 exemplo

2117 1549 2425 1620 Φιδηνάτας
2457 1550 2560 1623 μὲν
2589 1549 2882 1620 πολιορκίᾳ
2927 1545 3264 1618 ἐκράτησαν,
3327 1540 3594 1602 Σαϐίνους
3651 1539 3695 1594 δ’

418 1635 508 1688 avi
538 1637 833 1707 religiosus
859 1639 1090 1694 deorum
1119 1640 1318 1696 cultor.

2119 1641 2437 1708 ἐκάκωσαν,
2474 1643 2661 1707 αὐτοῖς
2705 1659 2768 1696 τε
2799 1639 3210 1712 προσπεσόντες
3253 1635 3694 1705 ἐσκεδασμένοις,

417 1729 518 1784 καὶ
585 1733 646 1784 τὸ
706 1735 857 1802 σφῶν
917 1736 1132 1799 ἑλόντες
1173 1735 1822 1807 στρατόπεδονοέτέρους
1854 1733 1899 1788 δ’
1941 1734 2382 1806 ἐκφοϐήσαντες,
2424 1737 2733 1811 εἰρηνεύειν
2781 1735 2878 1792 καὶ
2953 1733 3192 1798 ἄκοντας
3248 1731 3694 1804 παρεσκεύασανο

419 1823 515 1877 καὶ
540 1824 635 1878 ἐπὶ
661 1824 870 1890 τούτοις
901 1827 1142 1900 Μαρκίῳ
1173 1828 1400 1882 ἐπέλιπε
1430 1827 1492 1881 τὸ
1541 1827 1835 1898 βιώσιμον,
1882 1826 2092 1880 εἴκοσιν
2123 1829 2407 1896 ἐνιαυτοὺς
2471 1831 2568 1886 καὶ
2622 1831 2898 1902 τέσσαρας
2922 1827 3180 1899 ἄρξαντι,
3211 1825 3310 1878 καὶ
3373 1822 3582 1895 πολλὴν
3604 1820 3696 1876 τοῦ

418 1918 578 1972 Θείου
607 1919 748 1972 κατὰ
774 1919 865 1972 τὸν
890 1920 1114 1973 πάππον
1139 1921 1332 1990 Νομᾶν
1355 1920 1669 1992 ποιουμένῳ
1728 1921 1828 1991 τὴν
1877 1917 2206 1989 ἐπιμέλειαν
2228 1923 2366 1997 (81).

487 2016 624 2072 νιιι.
663 2017 725 2072 L.
759 2016 1099 2088 Tarquinius
1145 2018 1422 2074 Demarati
1472 2017 1748 2074 Corinthii
1779 2015 2006 2080 exsulis.

2191 2021 2275 2075 H'.
2303 2021 2536 2088 Λούκιος
2563 2022 2622 2077 δὲ
2658 2019 2967 2093 Ταρκύνιος
2994 2019 3095 2092 τὴν
3134 2017 3312 2091 ἀρχὴν
3357 2016 3696 2090 ᾠκειώσατο,

417 2109 512 2180 qui
547 2109 881 2180 Tarquinios
923 2110 1088 2180 325
1135 2109 1461 2182 Tyrrhenia:
1491 2109 1686 2164 urbem
1721 2107 2010 2179 migrarat,

415 2219 484 2260 ex
519 2204 778 2274 indigena
823 2204 1058 2259 muliere
1107 2203 1272 2266 filius,
1322 2203 1604 2258 Lueamon
1634 2210 1886 2267 vocatus,
1919 2216 2012 2256 re-

416 2310 585 2364 gnum
611 2294 716 2351 sibi
763 2295 1087 2350 vindicavit.
1111 2293 1164 2349 ls
1185 2309 1312 2348 eum
1345 2294 1588 2364 amplum
1614 2291 2012 2363 patrimonium

416 2383 778 2452 suscepisset,
817 2399 922 2438 nec
959 2392 1144 2438 tamen
1203 2392 1264 2438 ut
1293 2382 1504 2438 advena
1533 2399 1564 2438 a
1592 2381 2010 2454 Tarquiniensi-

417 2478 522 2531 bus
553 2476 620 2530 ad
655 2491 904 2531 summos
954 2477 1197 2532 honores
1242 2476 1598 2538 eveheretur,
1636 2476 1868 2531 Romam
1900 2475 2011 2532 mi-

416 2577 540 2638 grat
566 2585 579 2620 :
611 2577 938 2638 mutatoque
963 2568 1212 2634 nomine,
1236 2568 1307 2624 ab
1328 2569 1464 2623 urbe
1493 2569 1548 2624 in
1571 2583 1678 2638 qua
1708 2567 2005 2633 habitarat,

415 2659 483 2716 L.
513 2659 852 2729 Tarquinius
893 2660 1226 2731 appellatur.
1265 2660 1466 2716 Fertur
1506 2669 1713 2724 autem,
1765 2675 1890 2716 cum
1923 2675 2011 2716 se-

416 2751 544 2808 dem
598 2761 864 2818 mutaret,
915 2752 1103 2824 aquila
1149 2752 1456 2818 devolasse,
1513 2763 1786 2825 raptoque
1835 2751 2006 2824 pileo,

416 2858 581 2914 quem
608 2844 788 2914 capite
810 2845 1059 2917 gerebat,
1082 2845 1405 2902 subvolasse
1431 2860 1497 2901 ac
1524 2861 1724 2917 magno
1749 2846 2009 2915 clangore

416 2934 602 3002 edito,
651 2942 908 2992 eumdem
945 2937 1109 3008 capiti
1142 2945 1266 3008 apte
1301 2938 1638 3010 reposuisse.
1673 2938 1831 2996 Unde
1869 2938 2008 2994 nihil

417 3028 630 3087 humile
659 3029 847 3084 animo
877 3031 1222 3100 conceperit.
1269 3040 1326 3085 et
1367 3030 1626 3086 alacriter
1653 3030 1843 3086 Romae
1877 3045 2011 3085 con-

417 3121 646 3186 sederit,
683 3121 774 3176 nbi
811 3137 920 3176 non
954 3123 1131 3177 multo
1164 3132 1290 3193 post
1324 3123 1378 3176 in
1406 3121 1603 3193 primis
1632 3131 1718 3176 est
1745 3137 2009 3177 numera-

419 3218 528 3264 tus.
564 3209 698 3264 Nam
741 3226 866 3264 enm
901 3211 1105 3281 opibus
1145 3210 1294 3266 haud
1350 3226 1515 3281 parce
1548 3221 1822 3276 uteretur,
1871 3227 2007 3282 pru-

419 3301 608 3356 dentia
635 3309 694 3356 et
723 3302 1038 3358 urbanitate
1079 3301 1492 3373 potentioribus
1531 3302 1634 3358 sibi
1673 3303 2004 3366 conciliatis,

420 3411 452 3449 a
493 3394 698 3450 Marcio
732 3395 786 3449 in
827 3395 1089 3464 patricios
1116 3403 1174 3452 ct
1205 3403 1458 3451 senatum
1489 3395 1668 3450 lectus
1689 3404 1794 3459 est,
1817 3403 1870 3450 et
1894 3395 2006 3450 dux

419 3487 702 3544 exercitus
743 3488 1085 3557 designatus,
1130 3487 1340 3545 credita
1383 3489 1550 3544 etiam
1596 3487 1900 3543 liberorum
1947 3498 2006 3546 et

419 3580 574 3651 regni
627 3581 816 3636 tutela.
865 3581 1002 3637 Nam
1034 3596 1095 3638 se
1122 3582 1330 3638 bonum
1363 3582 1544 3637 virum
1576 3582 1874 3653 praebebat.
1904 3599 2005 3654 pe-

418 3675 641 3733 cuniam
668 3676 964 3747 egentibus
994 3676 1368 3748 impertiebat,
1411 3676 1736 3749 rogantibus
1765 3677 2006 3748 libenter

417 3769 634 3826 ferebat
678 3766 866 3838 Opem,
915 3770 1122 3826 malum
1164 3771 1403 3826 faciebat
1445 3770 1736 3826 dicebatve
1772 3767 2002 3833 nemini,

417 3874 644 3934 accepta
695 3864 966 3921 beneficia
1009 3865 1390 3935 exaggerabat.
1441 3864 1696 3919 Oliensas
1728 3865 1812 3919 vel
1838 3865 2006 3921 dissi-

418 3957 686 4026 mulabat,
734 3960 818 4014 vel
865 3968 1178 4015 extenuans
1222 3958 1488 4013 oblivioni
1526 3958 1867 4014 mandabat:
1908 3975 2005 4016 eos

418 4049 680 4120 aquibus
725 4051 889 4106 laesus
935 4059 1104 4117 esset,
1152 4049 1293 4106 adeo
1343 4066 1453 4105 non
1503 4050 1898 4116 ulciscebatur,
1944 4062 2005 4108 ut

417 4144 585 4198 etiam
613 4141 904 4199 beneﬁciis
934 4142 1339 4199 demereretur.
1372 4143 1469 4198 His
1503 4145 1752 4200 moribus
1786 4155 1843 4200 et
1866 4145 2006 4201 Mar-

419 4237 566 4290 cium
614 4233 818 4307 ipsum,
851 4243 905 4290 et
934 4235 1118 4308 regios
1143 4235 1352 4291 amicos
1382 4235 1488 4292 sibi
1519 4236 1788 4301 devinxit,
1808 4237 2004 4292 existi-

422 4328 721 4384 mationem
753 4327 854 4382 viri
882 4327 1015 4382 boni
1049 4337 1107 4383 et
1140 4328 1407 4398 sapientis
1436 4340 1792 4396 consecutus,
1836 4346 2001 4400 quam

421 4435 532 4476 non
563 4429 832 4490 perpetuo
865 4422 1234 4475 conservavit.
1271 4421 1456 4475 Marcii
1487 4436 1725 4490 namque
1755 4421 2003 4477 defuncti

421 4515 641 4570 duobus
684 4514 813 4569 filiis
845 4514 1094 4583 iniquum
1139 4530 1197 4570 se
1247 4515 1502 4584 praebuit,
1557 4526 1751 4586 erepto
1806 4533 2000 4588 regno,

420 4606 569 4677 quod
607 4621 732 4662 cum
767 4605 875 4660 illis
900 4615 1126 4662 senatus
1148 4607 1494 4677 populusque
1521 4608 1810 4664 delaturus
1837 4619 2002 4677 esset,

2113 2112 2175 2178 ὃς
2207 2114 2544 2187 Δημαράτου
2575 2114 2674 2184 μὲν
2697 2111 2765 2186 ἦν
2794 2115 2926 2179 παῖς
2957 2111 3278 2184 Κορινθίου,
3324 2109 3595 2179 φυγόντος
3643 2109 3697 2164 δὲ

2115 2199 2211 2255 καὶ
2244 2201 2325 2266 είς
2354 2202 2512 2256 πόλιν
2542 2203 2855 2275 Τυρσηνίδα
2885 2202 3225 2273 Ταρκυινίαν
3269 2201 3699 2272 ἐγκατοικήσαν-

2112 2306 2206 2356 τος
2245 2291 2308 2358 ἐξ
2329 2292 2656 2362 αὐθιγενοῦς
2687 2292 2948 2360 γυναικὸς
2970 2293 3166 2364 ἐκείνῳ
3205 2290 3426 2362 ἐτέχθη,
3452 2289 3696 2344 Λουκού-

2117 2403 2236 2457 μων
2274 2385 2623 2457 ὀνομασθείς.
2658 2385 2836 2441 Πολλά
2909 2386 3094 2458 μέντοι
3153 2382 3426 2456 πατρόθεν
3449 2382 3698 2450 διαδεξά-

2115 2496 2301 2550 μενος,
2333 2479 2417 2534 ὅτι
2451 2479 2527 2551 μὴ
2553 2479 2664 2534 τῶν
2699 2479 2986 2551 πρωτείων
3017 2478 3172 2552 παρὰ
3223 2478 3334 2531 τῶν
3391 2475 3697 2548 Ταρκυινη-

2114 2569 2248 2624 σίων
2279 2570 2356 2636 ώς
2387 2569 2596 2642 ἔπηλυς
2623 2570 2958 2642 κατηξίωτο,
2992 2569 3132 2642 πρὸς
3153 2569 3256 2642 τὴν
3323 2567 3550 2640 Ῥώμην
3596 2585 3696 2640 με-

2111 2661 2462 2730 ταναστεύει,
2511 2663 2610 2718 καὶ
2630 2661 2730 2734 τὴν
2769 2662 2968 2733 κλῆσιν
3024 2659 3542 2732 συμμεταθέμενος,
3602 2660 3697 2716 καὶ

2116 2754 2522 2827 μετωνομάσθη
2554 2754 2791 2818 Λούκιος
2840 2753 3148 2826 Ταρκύνιος
3226 2755 3291 2805 ἐκ
3328 2751 3431 2820 τῆς
3488 2750 3696 2816 πόλεως

2113 2849 2175 2903 ἐν
2271 2845 2546 2922 παρῴκει.
2581 2847 2819 2916 Λέγεται
2849 2848 2906 2902 δέ
2937 2845 3393 2918 μετοικιζομένου
3425 2843 3587 2907 ἀετὸς
3604 2860 3698 2896 κα-

2110 2941 2323 3004 ταπτὰς
2347 2941 2596 3014 ἁρπάσαι
2625 2941 2718 2994 τόν
2771 2940 2950 3003 πῖλον,
2999 2939 3060 2992 ὃν
3115 2934 3263 3009 εἶχεν
3325 2937 3419 2991 ἐπὶ
3476 2935 3576 3007 τῆς
3601 2952 3695 2988 κει

2112 3033 2315 3104 φαλῆς,
2349 3035 2446 3088 καὶ
2488 3033 2886 3106 μετεωρισθεὶς
2946 3033 3041 3088 καὶ
3097 3030 3342 3101 κλάγξας
3399 3029 3494 3084 ἐπὶ
3538 3025 3694 3094 πολὺ,

2113 3126 2276 3192 αὖθις
2307 3127 2473 3182 αὐτὸν
2505 3126 2824 3198 ἐφαρμόσαι
2855 3127 2925 3198 τῇ
2972 3123 3142 3180 αὐτοῦ
3201 3123 3439 3194 κεφαλῇ,
3479 3123 3557 3186 ὡς
3611 3121 3696 3174 ἐν·

2113 3219 2305 3273 τεύθεν
2339 3219 2508 3290 μηδὲν
2557 3217 2780 3272 ἐλπίσαι
2848 3217 3068 3289 μικρὸν,
3121 3215 3219 3270 καὶ
3275 3213 3580 3286 προθύμως
3628 3213 3692 3281 τῇ

2123 3311 2313 3384 Ῥώμῃ
2351 3311 2767 3382 ἐγκατοικῆσαι,
2797 3310 2920 3364 ὅθεν
2944 3311 3058 3374 τοῖς
3106 3308 3350 3380 πρώτοις
3426 3307 3489 3361 οὐ
3555 3305 3694 3378 μετὰ

2111 3405 2250 3459 πολὺ
2285 3403 2683 3476 συνηρίθμητο.
2728 3403 2819 3474 Τῷ
2874 3403 2931 3458 δὲ
2988 3403 3098 3472 γὰρ
3135 3400 3355 3473 πλούτῳ
3407 3398 3690 3472 χρώμενος

2111 3494 2521 3566 ἀφειδέστερον,
2557 3495 2776 3549 συνέσει
2809 3513 2868 3549 τε
2895 3496 2990 3549 καὶ
3021 3491 3364 3564 εὐτραπελία
3419 3493 3548 3556 τοὺς
3597 3491 3692 3546 δυο

2110 3588 2308 3650 νατοὺς
2342 3587 2739 3657 οἰκειούμενος,
2778 3591 2835 3652 ἐς
2901 3587 3031 3651 τοὺς
3074 3585 3410 3656 εὐπατρίδας
3457 3585 3555 3639 καὶ
3595 3584 3692 3655 τὴν

2111 3681 2310 3753 βουλὴν
2347 3680 2652 3752 κατελέχθη
2695 3680 2848 3752 παρὰ
2904 3679 3180 3750 Μαρκίου,
3237 3679 3334 3732 καὶ
3391 3676 3693 3748 στρατηγὸς

2111 3774 2436 3846 ἀπεδείχθη,
2471 3777 2564 3828 καὶ
2585 3775 2685 3846 τὴν
2708 3775 2815 3828 τῶν
2835 3773 3045 3827 παίδων
3068 3772 3280 3826 ἐκείνου
3313 3772 3690 3842 ἐπιτροπείαν,

2111 3869 2339 3940 καὶτῆς
2375 3867 2659 3940 βασιλείας
2684 3868 3040 3921 πεπίστευτο.
3087 3864 3362 3918 Ἐδείκνυε
3399 3865 3510 3935 γάρ
3567 3865 3692 3920 ἐαυο

2109 3962 2202 4016 τδν
2235 3961 2444 4030 ἀγαθὸν
2485 3961 2676 4030 ἄνδρα.
2701 3961 3006 4030 χρημάτων
3028 3978 3086 4013 τε
3110 3965 3223 4024 τοῖς
3277 3960 3560 4029 δεομένοις
3596 3975 3690 4028 με-

2108 4055 2374 4117 ταδιδοὺς,
2410 4054 2505 4108 καὶ
2537 4055 2728 4106 ἑαυτὸν
2754 4053 2974 4121 ἕτοιμον
3007 4053 3267 4124 παρέχων
3295 4051 3349 4105 εἴ
3395 4069 3477 4110 τις
3521 4050 3693 4103 δέοιτο

2109 4145 2276 4200 αὐτοῦ
2307 4147 2387 4209 είς
2418 4145 2696 4216 βοήθειαν·
2731 4145 2933 4214 φαῦλον
2963 4143 3020 4198 δέ
3048 4144 3161 4216 (82)
3180 4163 3232 4198 τι
3259 4132 3370 4198 οὐτ⁴
3396 4143 3690 4215 ἔπραττεν,

2111 4240 2225 4294 οὐτ’
2256 4240 2443 4311 ἔλεγεν
2460 4239 2658 4294 οὐδενί.
2685 4238 2796 4292 Καὶ
2821 4240 2937 4293 εῐτι
2975 4237 3114 4308 πρός
3143 4254 3307 4291 τινων
3338 4234 3398 4289 εὖ
3425 4235 3688 4304 ἔπασχεν,

2110 4336 2273 4407 ἐξῇρε
2307 4337 2368 4388 τὸ
2394 4336 2699 4404 γινόμενονο
2728 4337 2777 4388 εἰ
2809 4335 2863 4387 δέ
2896 4352 2948 4388 τι
2978 4335 3074 4388 καὶ
3104 4332 3516 4404 ἐπαχθέστερον
3545 4328 3692 4398 αὐτῷ

2111 4429 2346 4498 γένοιτο,
2377 4427 2410 4499 ἢ
2443 4426 2554 4480 οὐδ’
2590 4424 2867 4495 ἐλογίζετο
2896 4425 2956 4479 τὸ
2985 4424 3266 4493 λυποῦν,ἢ
3295 4424 3392 4478 καὶ
3423 4421 3693 4491 φαυλίσας

2111 4519 2528 4590 παρελογίζετο·
2573 4520 2633 4572 οὐ
2669 4519 2835 4588 μόνον
2859 4536 2919 4570 τε
2943 4519 3043 4572 οὐκ
3071 4517 3319 4587 ἠμύνατο
3379 4515 3474 4568 τὸν
3537 4513 3692 4566 λελυ-

2113 4613 2356 4684 πηκότα,
2391 4613 2529 4666 ἀλλὰ
2557 4611 2653 4665 καὶ
2684 4612 3002 4682 εὐηργέτει.
3029 4611 3255 4674 Τούτοις
3293 4609 3458 4663 αὐτόν
3489 4625 3549 4662 τε
3600 4606 3692 4660 τὸν

423 4701 516 4756 ille
560 4702 912 4758 senatoribus
967 4701 1362 4773 potentissimis
1413 4702 1516 4757 sibi
1575 4702 1887 4772 adjunctis,
1948 4710 2006 4758 et

2113 4706 2384 4775 Μάρκιον,
2414 4705 2510 4758 καὶ
2539 4704 2666 4768 τοὺς
2696 4703 2826 4774 περὶ
2852 4703 3016 4755 αὐτὸν
3036 4701 3392 4774 ἐχειρώσατο,
3419 4696 3695 4764 καὶδόξαν

420 4794 868 4852 adolescentibus
921 4796 1115 4867 procul
1162 4797 1230 4852 ad
1300 4796 1650 4852 venationem
1714 4795 2002 4867 ablegatis,

421 4889 562 4944 nihil
605 4903 714 4943 non
748 4895 806 4943 et
859 4889 996 4946 dixit
1025 4898 1082 4944 et
1119 4888 1272 4949 fecit.
1321 4888 1498 4944 donec
1547 4903 1776 4960 regnum
1828 4889 2005 4959 impe-

422 4988 658 5034 trasset:
703 4978 754 5033 id
784 4995 842 5034 se
869 4982 1076 5050 pueris,
1103 4980 1192 5035 ubi
1224 4980 1619 5046 adolevissent,
1651 4981 2002 5036 redditurum

417 5071 713 5141 professus.
752 5071 955 5127 Rerum
987 5083 1170 5128 autem
1220 5072 1428 5143 potitus
1461 5074 1744 5129 Romanos
1776 5074 1848 5130 ita
1894 5085 2004 5129 tra-

421 5164 609 5230 ctavit,
644 5174 705 5219 ut
735 5165 915 5236 regios
944 5165 1327 5220 adolescentes
1355 5182 1638 5237 nunquam
1674 5166 1773 5236 ipsi
1807 5169 2006 5236 pracla—

423 5258 530 5310 turi
561 5269 770 5322 essent,
801 5273 1039 5328 quorum
1087 5259 1304 5315 animos
1361 5269 1420 5316 et
1489 5275 1720 5330 corpora
1753 5268 2006 5313 assuetu-

422 5347 550 5404 dine
604 5350 832 5421 ignaviaa
880 5367 982 5421 per
1030 5351 1388 5424 benignitatis
1438 5353 1677 5423 speciem
1733 5352 2002 5422 corrupit.

2113 4797 2306 4868 ἀνδρὸς
2333 4798 2604 4868 ἐκτήσατο
2627 4795 2793 4866 σοφοῦ
2815 4813 2872 4848 τε
2896 4797 2992 4848 καὶ
3013 4794 3240 4864 ἀγαθοῦ·
3273 4795 3388 4849 ἀλλ’
3419 4793 3480 4848 οὐ
3525 4808 3693 4863 προσ-

2115 4888 2296 4958 έμεινε
2326 4887 2487 4959 μέχρι
2511 4887 2702 4950 τέλους
2743 4885 2891 4958 αὐτῷ
2931 4889 2964 4956 ὴ
2995 4885 3281 4956 ὑπόληψις.
3306 4887 3415 4939 Τοῦ
3439 4884 3690 4956 Μαρκίου

2111 4979 2222 5048 γὰρ
2250 4981 2697 5051 τελευτήσαντος,
2737 4980 2924 5042 κακῶς
2943 4980 3207 5050 περὶτοὺς
3235 4979 3446 5032 ἐκείνου
3473 4975 3686 5045 διετέθη

2109 5075 2221 5129 δύω
2238 5075 2397 5138 υἱεῖς,
2416 5073 2508 5126 καὶ
2529 5073 2628 5146 τὴν
2643 5071 2924 5143 βασιλείαν
2941 5073 3354 5143 ἐσφετερίσατο.
3374 5070 3489 5140 Τῆς
3509 5089 3568 5123 τε
3584 5070 3692 5140 γὰρ

2113 5165 2310 5238 βουλῆς
2335 5164 2429 5219 καὶ
2459 5165 2553 5218 τοῦ
2579 5164 2754 5234 δήμου
2780 5165 2904 5227 τοὺς
2930 5162 3024 5232 τοῦ
3058 5164 3309 5236 Μαρκίου
3347 5164 3545 5227 παῖδας
3571 5180 3686 5234 χει-

2117 5261 2355 5328 ροτονεῖν
2391 5255 2723 5329 μελλόντων,
2759 5257 2970 5321 ἐκεῖνος
2997 5257 3108 5311 τῶν
3137 5255 3442 5326 βουλευτῶν
3475 5273 3536 5338 σεε
3565 5255 3691 5316 τοὺς

2111 5351 2525 5416 δυνατωτάτους
2590 5348 2853 5421 μετῆλθε,
2883 5351 2982 5405 καὶ
3013 5350 3143 5416 τοὺς
3193 5350 3466 5424 ὀρφανοὺς
3503 5347 3692 5421 πόρρω

1623 5510 1832 5571 Varia:
1863 5507 2180 5572 Ιρριὶοηιε
2227 5517 2288 5572 et
2316 5517 2509 5573 noue.

493 5648 608 5718 (8i)
642 5648 749 5702 Kal
779 5652 1026 5718 πολλὴν
1055 5654 1164 5709 τοῦ
1223 5656 1386 5708 θείου
1424 5654 1574 5707 κατὰ
1608 5652 1714 5707 τὸν
1754 5652 2008 5706 πάππον

421 5720 672 5789 Νοῦμαν
699 5723 1041 5790 ποιουμένῳ
1070 5725 1184 5789 τὴν
1215 5723 1582 5790 ἐπιμέλειαν.
1637 5725 1844 5779 Desunt
1894 5725 2006 5777 hanc

425 5791 591 5848 verba
622 5791 677 5846 in
706 5789 883 5846 codd.
902 5793 1034 5865 Reg.
1061 5804 1114 5850 et
1137 5795 1292 5851 Colb.

2118 5728 2157 5778 ν
2190 5656 2574 5781 $89.)!!rcﬁ101-
2601 5659 2690 5714 δέ.
2729 5658 2808 5714 Ex
2858 5658 3049 5714 Dionis
3079 5659 3176 5715 lib.
3222 5673 3262 5726 ι,
3293 5657 3348 5714 in
3400 5655 3686 5730 Excerptis

2163 5746 2190 5781 ει
2215 5745 2439 5781 (88181118.

2163 5745 2439 5782 ίιιιξςιειηιε.
