2001 3125
218 127 271 159 567

214 228 364 262 τριάκοντα
379 229 427 255 καὶ
441 230 512 256 ὀκτὼ
528 228 691 264 βασιλ.εύσὶις
706 231 849 263 ἐνιαυτούς
863 232 931 267 (85).

878 131 1005 162 ΊΟΑΝΝ

1058 131 1217 163 ΖΟΝΑΒᾸΞ
1797 133 1846 164 ῐθθ

215 183 257 209 ἑνὶ
273 183 440 223 προσέχοντα
452 184 496 210 τὸν
517 184 668 219 Ταρκύνιον
703 185 717 211 ὁ
744 186 839 221 ἕτερος
873 188 1085 223 κατειργάσατο.

1128 188 1158 217 ’0
1196 189 1246 225 μὲν
1261 187 1307 216 οὖν
1326 188 1480 224 Ταρκύνιος
1506 187 1628 215 τοιοῦτον
1667 188 1731 224 ἔσχε
1760 189 1846 223 τέλος,

249 276 296 303 ΙΧ.
314 276 438 312 Regnum
466 281 556 304 autem
583 278 771 306 Romanorum
797 279 905 307 Tullius
919 288 1002 315 opera

1092 279 1130 307 8'.
1164 280 1220 315 Τὴν
1244 280 1271 306 δὲ
1293 279 1342 314 τῆς
1374 278 1483 314 Ῥώμης
1513 279 1653 313 βασιλείαν
1680 279 1694 305 ό
1719 279 1848 311 Τούλλιος

214 323 389 359 Tanaquilis,
409 324 554 358 Tarquinii
578 326 689 357 uxoris,
709 331 752 353 est
774 326 902 362 adeptus.
924 326 1002 355 llunc

214 369 317 397 Ocrisia
339 370 482 404 qumdam,
506 370 594 397 Servii
614 371 696 398 Tullii
713 371 802 399 Latini
819 373 931 408 conjux,
946 373 1004 400 bcl‘

214 416 241 443 lo
257 422 345 450 capta,
360 421 388 442 et
407 416 558 451 Tarquinio
575 417 674 444 tradita
686 440 693 450 ,
713 419 769 445 sive
794 419 876 446 domo
894 424 1003 445 uterum

214 463 321 494 ferens,
352 463 410 490 sive
439 467 503 497 post
533 464 722 498 captivitatem
757 465 898 499 gravidata
934 465 1004 492 facta

215 508 224 544 (
241 514 390 543 utrumque
405 509 478 536 enim
498 509 588 537 fertur
602 513 610 545 )
624 511 741 546 peperit.
762 511 793 538 Ei
810 519 896 546 puero
919 511 1007 538 inter-

214 555 261 582 diu
284 554 310 581 in
334 555 402 582 sella
420 555 569 584 dormienti
592 564 717 592 magnam
732 565 746 584 e
762 558 851 592 capite
865 558 1003 584 ﬂammam

213 601 359 629 emicuisse
381 602 511 630 tradunt:
529 610 582 637 qua
598 602 656 630 visa
675 610 690 628 a
707 603 873 637 Tarquinio,
890 603 1005 638 diligen-

213 652 255 675 ter
271 647 307 675 sit
321 648 470 681 educatus,
483 654 511 676 et
526 657 574 684 per
589 654 697 676 aetatem
720 649 746 676 iu
764 649 894 684 patricios
910 654 937 676 et
954 649 1004 676 Se-

212 699 308 721 natum
336 695 434 722 lectus.
471 694 613 730 Tarquinii
641 696 854 730 percussoribus
881 703 1005 730 compre-

212 740 320 774 hensis,
339 748 409 768 uxor
424 741 485 775 ejus
515 746 542 768 et
558 742 689 773 Servius.
708 742 857 776 compertis
874 742 981 770 insidiis
997 762 1005 773 ,

212 791 330 814 mortem
353 787 425 822 regis
439 787 577 822 principio
595 788 687 816 celant
703 798 709 815 :
728 788 925 823 sublatumque
943 793 1005 815 tan~

211 841 295 868 quam
313 833 405 862 adhuc
421 834 558 861 viventem
569 855 577 865 .
595 842 624 862 se
640 842 736 862 eui-are
752 835 905 862 simulant:
922 839 949 861 et
964 834 1006 861 in-

213 879 294 906 terim
326 881 527 916 paciscuutur,
554 885 584 907 ut
608 881 716 908 Tullius
740 889 825 915 regno
849 881 931 911 filiis.
958 880 1005 907 ubi

213 925 399 957 adoleverint,
414 925 503 953 cedat.
524 925 592 953 Cum
605 930 696 953 autem
713 926 818 953 clamor
831 925 1006 960 impetusque

213 972 399 999 multitudinis
415 973 460 999 vix
480 972 611 1000 sustineri
628 977 740 1007 posset,
757 972 894 1007 Tanaquil
908 979 942 998 ex
959 979 1006 999 su-

213 1018 323 1052 periure
346 1022 424 1053 parte
448 1019 565 1050 aadium,
591 1018 723 1054 Populum
748 1018 814 1045 bona
839 1019 929 1045 um'mo
949 1025 1005 1044 esse

212 1065 304 1098 jubet.
321 1067 447 1092 maritum
464 1066 533 1091 enim
548 1073 626 1091 suum
643 1065 739 1096 vivere,
753 1064 904 1099 propediem
918 1064 1005 1099 ipsum

214 1119 257 1140 eos
274 1112 386 1138 visuros.
402 1111 433 1138 Ut
448 1116 537 1138 autem
551 1119 597 1146 per
608 1112 690 1137 otium
709 1111 799 1137 curari
815 1111 907 1145 possit,
922 1118 1005 1145 neque

215 1162 304 1185 tamen
321 1167 410 1184 rerum
421 1158 628 1187 administratio.
639 1166 668 1184 eo
684 1162 839 1192 cegrotrmte.
860 1157 999 1192 langueat,

214 1205 322 1231 interim
350 1203 435 1231 Tullio
463 1205 553 1231 munia
583 1206 649 1240 regis
674 1204 824 1231 mandasse.
850 1203 916 1236 Qua:
941 1211 1004 1230 cum

214 1250 342 1282 dixisset,
354 1251 475 1278 Tullium
487 1250 522 1277 ob
534 1250 646 1277 virtutis
659 1250 819 1286 opinionem
834 1250 906 1276 haud
924 1249 1004 1276 inviti

214 1295 398 1326 admiserunt.
418 1296 442 1323 ls
458 1300 585 1330 suscepta
608 1295 768 1330 reipublicm
789 1296 1003 1330 procuratione,

214 1340 346 1377 pleraque
355 1349 384 1368 se
391 1336 574 1376 deTarquini'i
587 1341 677 1368 facere
690 1341 826 1368 sententia
837 1341 983 1368 simulabat
996 1350 1002 1368 :

216 1393 336 1420 cumque
350 1386 402 1413 sibi
418 1387 550 1422 populqu
567 1387 594 1413 in
611 1386 741 1414 omnibus
757 1387 831 1414 dicto
845 1387 1004 1414 audientem

213 1438 274 1458 esse
292 1437 430 1463 cerneret.
450 1440 629 1467 percussores
652 1432 814 1468 Tarquinii,
835 1441 916 1467 quem
935 1432 1005 1459 forte

214 1477 306 1504 adhuc
320 1478 411 1505 vivere
425 1478 503 1510 dixit,
519 1483 632 1513 propter
646 1479 761 1506 insidias
777 1479 861 1506 factas
873 1479 906 1505 ad
921 1478 1005 1505 Sena-

214 1528 272 1551 tum
295 1524 444 1555 adductos,
471 1530 499 1552 et
516 1527 615 1561 capitis
639 1526 782 1553 damnatos
808 1525 920 1553 occidit.
936 1525 1003 1553 Cum

213 1577 281 1596 vero
298 1570 391 1597 Marcii
410 1570 458 1597 lilii
472 1575 545 1598 metu
557 1571 590 1598 ad
608 1571 723 1598 Volscos
734 1571 932 1606 confugissent,
947 1575 1004 1598 tum

1056 327 1204 359 διεδέξατο,
1225 326 1357 361 συνεργίᾳ
1383 325 1434 360 τῆς
1450 326 1498 352 τοῦ
1523 326 1679 361 Ταρκυνίου
1704 327 1846 359 γυναικὸς,

1057 372 1266 403 Τανακυίλιδος.
1288 372 1390 398 Τοῦτον
1405 372 1432 398 δὲ
1452 372 1520 407 γυνή
1543 381 1586 403 τις
1605 371 1733 406 Ὀκρισία
1748 373 1847 399 καλου-

1058 410 1137 454 μένη,
1152 419 1279 454 Σερουΐου
1294 418 1421 444 Τουλλίου
1451 418 1508 454 (84)
1520 418 1619 454 ἀνδρὸς
1638 420 1753 445 Λατῖνου
1767 420 1850 453 εὐνή-

1057 474 1134 500 τειρα
1149 467 1178 492 ὲν
1199 465 1238 500 τῷ
1252 465 1363 500 πολέμῳ
1381 463 1493 496 ἁλοῦσα,
1518 465 1564 491 καὶ
1587 469 1626 498 τῷ
1641 465 1789 499 Ταρκυνίῳ
1804 465 1848 497 ὲΞ‹

1057 510 1207 546 αιρεθεῖσα,
1233 510 1364 543 τέτοκεν,
1398 511 1413 544 ἦ
1442 510 1575 546 ἐγκύμων
1595 510 1704 537 οἴκοθεν
1727 509 1805 542 οὖσα,
1831 511 1849 545 ἢ

1058 557 1227 584 συλλαϐοῦσα
1256 556 1327 592 μετὰ
1356 556 1405 591 τὴν
1432 556 1554 583 ἅλωσιν·
1575 556 1685 590 λέγεται
1716 556 1772 592 γὰρ
1803 557 1850 582 καὶ

1057 603 1215 642 ἀμφότερα.
1237 599 1324 634 οὗτος
1341 604 1369 634 ὲς
1394 603 1491 634 παῖδας
1509 603 1560 638 ἠδη
1577 602 1663 629 τελῶν
1679 604 1726 629 ἐπὶ
1752 603 1849 637 δίφρου

1059 649 1120 683 μεθ’
1144 649 1253 684 ἡμέραν
1270 648 1432 682 κατέδαρθε.
1453 648 1501 675 καὶ
1524 648 1580 683 πῦρ
1604 648 1660 675 άπὸ
1686 648 1737 682 τῆς
1765 648 1850 674 αὑτοῦ

1058 695 1180 731 κεφαλῆς
1208 696 1277 722 πολὺ
1307 695 1396 722 ἐδόκει
1424 694 1595 727 ἐξάλλεσθαι.
1624 695 1715 730 Ὅπερ
1744 694 1806 720 ἰδὼν
1837 695 1851 721 ό

1057 741 1221 778 Ταρκύνιος,
1246 741 1288 768 διὰ
1310 742 1430 776 σπουδῆς
1458 739 1510 776 ἦγε
1537 741 1583 767 τὸν
1615 741 1708 772 παῖδα,
1734 741 1782 767 καὶ
1810 741 1851 772 εις

1058 787 1167 822 ἡλικίαν
1184 787 1335 822 ἀφιγμένον
1353 788 1410 817 τοῖς
1440 787 1619 823 εὐπατρίδαις
1638 788 1685 814 καὶ
1704 788 1738 822 τῇ
1754 795 1850 822 γερου-

1059 834 1105 869 σίᾳ
1117 833 1259 867 συνέταξε.
1275 833 1488 868 Συλληφθέντων
1500 834 1547 860 οὖν
1565 833 1620 860 τῶν
1633 834 1680 860 τοῦ
1696 833 1850 869 Ταρκυνίου

1058 879 1171 913 φονέων,
1188 879 1313 915 μαθοῦσα
1328 880 1344 915 ή
1360 880 1466 906 ἐκείνου
1479 879 1549 915 γυνὴ
1568 880 1615 906 καὶ
1627 880 1642 906 ό
1659 880 1790 911 Τούλλιος
1800 879 1850 915 τὴν

1059 926 1238 960 παρασκευὴν
1262 926 1311 960 τῆς
1338 925 1483 961 ἐπιϐουλῆς
1502 946 1510 958 ,
1541 926 1572 952 οὐ
1599 926 1717 962 φανερὸν
1752 927 1851 953 αυτίκα

1057 972 1103 998 τὸν
1118 972 1166 999 τοῦ
1183 971 1338 1007 Ταρκυνίου
1353 973 1470 999 θάνατον
1492 972 1595 1004 ἔθεντο,
1613 973 1672 999 ἀλλ’
1692 973 1850 1007 ἀνελόμενοι

1056 1019 1138 1045 αὺτδν
1148 1018 1187 1050 ὡς
1199 1018 1238 1044 ἔτι
1250 1018 1404 1053 ἐμπνέοντα
1415 1018 1583 1054 ἐθεράπευον
1594 1019 1688 1053 δῆθεν,
1701 1019 1752 1045 κάν
1763 1019 1851 1054 τούτῳ

1057 1064 1165 1095 πίστεις
1189 1064 1316 1099 ἀλλήλοις
1342 1064 1447 1096 ἔδοσαν,
1476 1064 1547 1091 ὥστε
1575 1064 1621 1091 τὸν
1654 1064 1782 1091 Τούλλιον
1802 1065 1850 1096 τὴν

1057 1109 1143 1146 ἀρχὴν
1158 1109 1301 1145 εἰληφότα,
1318 1111 1372 1142 τοῖς
1395 1111 1489 1136 παισὶν
1503 1111 1587 1145 αὐτῆς
1610 1111 1789 1146 ὰνδρωθεῑσιν
1806 1113 1851 1137 ἑκ-

1058 1157 1155 1191 στῆναι
1170 1157 1282 1191 ταύτης.
1298 1157 1376 1183 Ἐπεὶ
1391 1157 1420 1184 δὲ
1435 1157 1465 1183 τὸ
1487 1157 1590 1192 πλῆθος
1612 1157 1776 1192 συνδραμὼν
1791 1157 1850 1183 €00-

1058 1202 1147 1238 ρὺϐει,
1172 1203 1339 1239 προκύψασα
1353 1205 1386 1231 ὲκ
1402 1204 1457 1231 τῶν
1472 1203 1605 1239 ὑπερῴων
1625 1205 1641 1239 ἡ
1668 1203 1846 1235 Τανακυίλις.

1056 1249 1105 1283 Μὴ
1124 1249 1277 1283 φοϐεῖσθε,
1295 1249 1360 1284 ἔφη,
1382 1251 1399 1277 ὀ
1418 1250 1475 1285 γὰρ
1496 1250 1574 1284 ἁνήρ
1590 1259 1650 1284 μου
1671 1250 1721 1276 καί
1740 1249 1784 1283 ζῇ,
1801 1250 1850 1276 καί

1056 1296 1128 1331 ὑμῖν
1146 1296 1209 1331 μετ’
1236 1297 1342 1331 ὀλίγον
1368 1298 1543 1332 ὀφθήσεται.
1569 1298 1635 1325 Ἵνα
1659 1297 1694 1323 δὲ
1713 1298 1805 1330 αὐτός
1819 1305 1849 1324 τε

1057 1343 1218 1377 σχολάζων
1235 1343 1383 1378 ύγιασθῇ,
1400 1344 1450 1370 καὶ
1474 1343 1516 1377 μή
1538 1352 1565 1370 τι
1591 1344 1654 1377 τοῖς
1677 1345 1849 1378 πράγμασιν

1056 1388 1091 1414 ἐκ
1106 1388 1162 1422 τῆς
1175 1389 1269 1416 αὑτοῦ
1284 1389 1445 1422 ἀσθενείας
1467 1389 1516 1423 ειη
1537 1389 1692 1424 ἐμπόδιον,
1715 1391 1850 1422 Τουλλίφ

1057 1435 1133 1463 κατά
1157 1445 1190 1471 τε
1213 1436 1247 1463 τό
1270 1439 1369 1471 παρὸν
1399 1437 1458 1471 τὴν
1486 1436 1546 1464 τῶν
1567 1437 1678 1464 κοινῶν
1700 1436 1850 1471 ἐπιτρέπει

1056 1481 1219 1515 διοίκησιν.
1239 1480 1324 1509 Εἶπεν
1338 1483 1431 1518 ἐκείνη
1444 1483 1541 1510 ταῦτα.
1558 1484 1589 1510 Οἱ
1605 1482 1635 1509 δὲ
1653 1482 1700 1509 τὸν
1723 1483 1851 1509 Τοὺλλιον

1056 1527 1108 1554 οὐκ
1132 1528 1270 1560 ἀκουσίως
1294 1528 1430 1560 ἐδέξαντο,
1459 1528 1562 1562 ἀγαθὸς
1583 1528 1637 1563 γὰρ
1657 1528 1727 1561 ἀνὴρ
1751 1528 1849 1554 ἐδόκει.

1055 1574 1254 1610 Ἐγχειρισθεὶς
1279 1572 1325 1601 οὖν
1336 1575 1438 1606 ἐκεῖνος
1447 1575 1497 1610 τὴν
1506 1575 1560 1601 τῶν
1572 1575 1671 1601 κοινῶν
1682 1575 1848 1609 οἰκονομίαν,

214 1615 325 1643 demum
344 1616 486 1650 Tarquinii
514 1622 630 1644 mortem
648 1618 738 1652 palam
757 1618 839 1651 fecit,
857 1623 1005 1653 aperteque

1060 1622 1094 1648 τὰ
1108 1621 1193 1647 πλείω
1209 1621 1270 1647 κατ’
1286 1620 1396 1651 ἐντολὰς
1412 1620 1493 1655 δῆθεν
1513 1619 1608 1655 διῴκει
1621 1620 1669 1647 τοῦ
1685 1621 1848 1656 Ταρκυνίου.

214 1669 330 1695 regnum
347 1663 452 1688 tenuit:
470 1671 501 1690 ac
513 1663 632 1698 primum
646 1672 702 1699 pra:
719 1672 750 1691 se
766 1665 838 1696 tulit,
857 1673 886 1692 se
904 1668 1006 1693 tutorio

214 1709 327 1736 nomine
346 1708 463 1736 ﬁliorum
491 1709 651 1744 Tarquinii,
686 1711 870 1746 principatum
887 1711 1007 1738 admini-

215 1755 497 1783 straturum.Deinde
519 1756 553 1783 ad
571 1756 661 1791 plebis
683 1757 791 1784 animos
815 1758 1007 1786 conciliandos

215 1809 383 1834 conversus,
406 1803 479 1837 quod
498 1811 531 1830 ea
546 1803 655 1831 facilius
679 1811 760 1838 quam
786 1809 879 1839 patres
895 1813 1008 1832 cessura

216 1852 300 1878 esset,
310 1849 454 1883 pecuniam
464 1849 617 1881 distribuit,
628 1857 707 1885 agros
720 1849 836 1885 singulis
847 1850 1005 1885 assignavit,

215 1896 244 1920 et
268 1901 363 1921 servos
384 1894 620 1922 manumittendos
641 1899 669 1921 et
688 1895 715 1921 in
731 1895 821 1922 tribus
846 1895 1007 1923 referendos

216 1939 335 1967 curavit.
346 1940 412 1973 Qua:
426 1947 487 1967 cum
501 1944 628 1975 potentes
638 1948 711 1975 aegre
725 1940 840 1973 ferrent,
853 1941 1008 1973 constituit,

215 1992 247 2016 ut
265 1986 357 2014 liberti
374 1989 497 2021 patronis
510 1987 635 2023 quaedam
650 1987 738 2015 oliieia
756 1988 876 2015 vicissim
893 1992 1008 2023 prazsta-

216 2038 288 2063 rcnt.
304 2034 429 2064 Patriciis
443 2039 533 2062 autem
552 2034 577 2062 ei
598 2035 826 2062 succenseutibns
837 2055 844 2067 ,
864 2039 893 2062 et
909 2039 1008 2069 praztor

217 2080 270 2109 alia
288 2080 356 2107 illud
372 2088 483 2115 quoque
500 2080 673 2113 dicentibus,
691 2088 753 2107 eum
768 2080 877 2108 nemine
893 2085 1007 2107 auctore

216 2127 300 2160 potiri
324 2135 436 2154 rerum:
466 2134 514 2163 pro
539 2128 674 2155 concione
695 2128 779 2165 328
797 2127 881 2154 multa
906 2127 1008 2161 populo

216 2176 295 2204 grato
311 2171 420 2199 locutus
443 2172 553 2204 etiecit,
579 2179 610 2200 ut
627 2173 720 2200 statim
743 2173 881 2207 integrum
897 2173 949 2200 sibi
966 2181 1009 2200 re-

216 2225 299 2253 gnum
312 2218 345 2244 ab
359 2226 392 2245 co
404 2219 611 2246 decerneretur.
625 2219 677 2246 Pro
690 2227 745 2254 quo
756 2219 907 2254 utgratiam
919 2219 1008 2246 rel'er-

217 2266 278 2294 ret,
298 2270 359 2292 cum
375 2263 428 2290 alia
444 2264 517 2298 plebi
535 2264 659 2295 donavit.
675 2268 731 2291 tum
749 2264 897 2291 nonnullos
910 2272 1007 2291 eorum

1064 1667 1109 1698 Ὠς
1129 1666 1150 1692 δ’
1174 1667 1204 1693 ὲν
1228 1667 1312 1693 πᾶσιν
1336 1666 1409 1702 ἐώρα
1434 1666 1654 1701 πειθαρχοῦντας
1677 1666 1764 1701 αὐτῷ,
1788 1666 1849 1697 τοὺς

1058 1713 1221 1749 αὐτόχειρας
1237 1712 1285 1739 τοῦ
1299 1713 1451 1748 Ταρκυνίου
1467 1713 1535 1748 προς
1547 1712 1597 1747 τὴν
1615 1713 1762 1748 γερουσίαν
1781 1721 1850 1748 παρ-

1059 1760 1159 1793 ήγαγε,
1184 1759 1228 1786 διὰ
1241 1759 1290 1794 τὴν
1306 1759 1452 1794 ἐπιϐουλὴν
1464 1759 1548 1794 τάχα·
1562 1759 1603 1785 ἔτι
1614 1760 1668 1795 γὰρ
1683 1759 1733 1794 ζῇν
1749 1760 1850 1786 ἐκεῖνον

1060 1806 1264 1840 προσεποιεῖτο,
1289 1806 1337 1832 καὶ
1355 1806 1380 1831 oi
1406 1806 1456 1840 μὲν
1477 1805 1735 1840 καταψηφισθέντες
1750 1805 1851 1832 ἀπέθα-

1059 1860 1114 1878 νον.
1135 1852 1165 1878 Οί
1181 1851 1209 1877 δὲ
1225 1852 1273 1877 τοῦ
1291 1852 1418 1887 Μαρκίου
1434 1851 1489 1878 υίοὶ
1506 1852 1682 1887 φοϐηθέντες,
1700 1853 1740 1883 είς
1755 1852 1850 1879 Οὐολό-

1060 1903 1142 1927 σκους
1153 1897 1209 1932 (8ὕ)
1231 1897 1395 1932 κατέφυγον,
1409 1898 1534 1929 κάκεῖνος
1549 1898 1609 1924 τότε
1624 1898 1672 1924 τόν
1689 1906 1717 1924 τε
1734 1898 1850 1924 θάνατον

1059 1942 1107 1968 τοῦ
1120 1942 1274 1978 Ταρκυνίου
1289 1943 1414 1977 ἐξέφηνε,
1437 1943 1484 1970 καὶ
1506 1944 1631 1979 φανερῶς
1646 1944 1697 1979 τῆς
1711 1943 1849 1978 βασιλείας

1060 1986 1211 2022 ἐπείληπτο
1228 1996 1235 2002 ·
1259 1988 1306 2013 καὶ
1331 1988 1441 2023 πρῶτον
1470 1988 1520 2022 μὲν
1539 1989 1602 2019 τοὺς
1627 1988 1674 2015 τοῦ
1696 1988 1847 2023 Ταρκυνίου

1060 2033 1159 2063 παῖδας
1176 2033 1374 2068 προύϐάλλετο,
1389 2034 1428 2063 ὡς
1452 2034 1533 2066 αὐτὸς
1555 2035 1605 2069 τὴν
1624 2034 1774 2069 ἡγεμονίαν
1791 2035 1849 2060 ἑπι-

1059 2078 1200 2112 τροπεύων
1210 2086 1217 2093 ·
1229 2075 1289 2104 είτα
1299 2079 1367 2113 πρὸς
1386 2078 1538 2113 θεραπείαν
1549 2079 1596 2105 τοῦ
1607 2079 1695 2113 δήμου
1704 2079 1848 2114 ἐτράπετο,

1059 2125 1097 2155 ὡς
1108 2124 1196 2159 ῥᾷστα
1214 2123 1315 2159 μᾶλλον
1328 2125 1375 2150 τὸν
1390 2125 1485 2160 ὅμιλον
1497 2125 1514 2160 ἢ
1529 2125 1593 2156 τοὺς
1607 2125 1775 2160 εὐπατρίδας
1786 2125 1850 2151 ὑπο-

1060 2169 1253 2204 ποιησόμενος,
1273 2171 1404 2206 χρήματά
1420 2180 1449 2197 τε
1479 2171 1572 2203 αὐτοῖς
1597 2171 1695 2202 ἐδίδου,
1726 2173 1774 2197 καὶ
1799 2171 1850 2205 γῆν

1060 2215 1167 2250 ἑκάστῳ
1188 2216 1364 2252 προσένειμε,
1377 2217 1424 2243 καὶ
1438 2217 1502 2248 τοὺς
1520 2217 1629 2248 δούλους
1645 2217 1850 2252 ἑλευθεροῦσθαι

1059 2261 1107 2287 καὶ
1135 2261 1332 2295 φυλετεύεσθαι
1362 2263 1419 2298 (86)
1442 2263 1661 2298 παρεσκεύασεν.
1679 2263 1850 2298 Ἀχθομὲνων

217 2308 246 2336 in
264 2313 390 2335 senatum
404 2307 486 2343 legit:
501 2309 548 2344 qui
565 2316 629 2336 cum
644 2309 708 2336 olim
722 2309 849 2344 plurimis
863 2309 947 2337 rebus
959 2309 1005 2337 de-

1060 2306 1083 2332 6’
1099 2307 1146 2333 ἐπὶ
1159 2307 1266 2339 τούτοις
1279 2308 1334 2335 τῶν
1350 2309 1482 2341 δυνατῶν,
1497 2309 1576 2341 ἔταξε
1592 2317 1651 2335 τινα
1666 2309 1728 2340 τοὺς
1745 2308 1850 2334 ἐλευθε-

218 2355 319 2382 tcriore
343 2354 500 2382 conditione
525 2360 636 2388 essent,
669 2363 752 2390 quam
775 2355 902 2390 patricii,
941 2363 1007 2390 pro-

216 2409 311 2436 gressu
333 2402 466 2435 temporis
481 2401 660 2437 (interregno
675 2406 704 2429 et
719 2402 881 2430 sacerdotiis
892 2403 1009 2437 quibuso

217 2447 280 2474 dam
297 2447 440 2481 exceptis)
454 2455 503 2482 par
514 2455 576 2474 cum
591 2447 697 2482 illisjus
708 2448 900 2480 obtinuerunt,
915 2455 1006 2483 neque

214 2497 316 2528 praeter
330 2494 438 2521 calceos
449 2494 600 2530 quidquam
621 2493 655 2520 ab
675 2493 730 2521 illis
743 2493 883 2521 diversum
899 2493 1006 2520 habue-

215 2544 292 2567 runt.
309 2539 377 2566 Nam
397 2538 506 2573 patricii
530 2538 637 2570 calceos
657 2538 779 2565 urbanos
801 2542 963 2574 gestarum,
979 2543 1008 2565 et

215 2584 398 2619 corrigiarum
411 2584 577 2619 impletione
589 2588 618 2611 et
633 2584 720 2612 forma
734 2584 834 2613 litterw
845 2584 1007 2617 adornatos,

1060 2352 1197 2388 ρωθέντας
1208 2355 1265 2385 τοῖς
1277 2354 1479 2389 ὲλευθερώσασι
1492 2355 1562 2389 σφᾶς
1575 2354 1789 2387 ἀνθυπουργεῖν.
1808 2353 1849 2384 Ὦς

1057 2398 1086 2425 δὲ
1100 2399 1227 2433 χαλεπῶς
1245 2397 1319 2434 εἶχον
1332 2401 1356 2426 οἱ
1369 2401 1533 2435 εὐπατρίδαι
1546 2400 1633 2434 αὐτῷ,
1649 2400 1697 2426 καὶ
1712 2398 1850 2433 διεθρόουν

1058 2445 1127 2473 ἄλλα
1142 2455 1182 2476 τε.
1195 2446 1243 2473 καὶ
1260 2447 1302 2473 ὅτι
1318 2447 1431 2481 μηδενὸς
1448 2447 1532 2473 αὑτὸν
1554 2445 1682 2481 ἑλομένου
1703 2446 1754 2479 τὴν
1765 2446 1850 2480 ἀρχὴν

1058 2491 1126 2527 ἔχει,
1139 2492 1303 2527 συναγαγὼν
1320 2492 1365 2519 τὸν
1380 2492 1466 2527 δῆμον
1480 2492 1672 2527 ἐδημηγόρησε
1683 2500 1689 2505 ·
1704 2491 1753 2517 καὶ
1769 2490 1850 2517 πολλὰ

1062 2539 1194 2574 ἐπαγωγὰ
1206 2538 1358 2574 διαλεχθεὶς
1374 2539 1460 2573 αὐτῷ,
1475 2538 1547 2564 οὕτω
1560 2538 1677 2571 διέθετο,
1693 2538 1732 2569 ὡς
1752 2537 1850 2564 αὐτίκα

1063 2585 1154 2612 πᾶσαν
1174 2584 1249 2620 αὐτῷ
1266 2585 1315 2621 τὴν
1340 2584 1480 2620 βασιλείαν
1506 2583 1740 2619 ἐπιψηφίσασθαι.
1773 2583 1801 2609 '0
1823 2582 1850 2608 δὲ

815 2654 915 2685 Varia}
930 2653 1083 2685 lectiones
1102 2657 1134 2685 et
1148 2657 1244 2686 notm.

232 2727 309 2768 _(85)
330 2727 722 2768 Ἐςνιριυινορς.-Αιξςιυῐιιίίοις¹
734 2727 880 2768 et_§olb_._:
899 2728 938 2768 ςλὺ
956 2728 1006 2762 μὲν

215 2761 273 2798 τῆς
289 2762 429 2798 βασιλείας
446 2764 469 2789 οἱ
488 2763 534 2789 τοῦ
560 2761 814 2798 Μαρκίουήπαῐδες
843 2761 1004 2797 ἐδράξαντο,

215 2797 275 2825 ἀλλ’
286 2797 440 2828 όΤοὺλλιος
456 2798 563 2832 ταύτην
580 2797 644 2833 ἔσχε
655 2800 688 2833 τῇ
708 2798 852 2834 συνεργίᾳ,
867 2803 922 2825 etc.

250 2832 307 2865 (84)
330 2833 489 2865 Ἐπουρίου
516 2835 675 2861 Τουλλίου.
701 2833 748 2860 Sic
766 2841 831 2861 mss.
846 2832 1003 2865 Legendum

250 2834 307 2865 (84)
330 2834 489 2866 Ἐπουρίου
516 2835 675 2861 Τουλλίου.
701 2834 748 2860 Sic
766 2841 831 2861 mss.
846 2834 900 2869 Leg

214 2868 285 2900 forte
296 2868 443 2903 Σπουρίου,
460 2869 502 2896 vel
517 2869 609 2903 potius
630 2869 755 2906 Σερϐἰου.

1095 2728 1151 2762 (85)
1170 2728 1375 2760 Οὐολόσκους.
1391 2727 1459 2755 Cod.
1471 2727 1548 2755 Colb.
1563 2727 1744 2758 Οὑελέοκους.

1096 2764 1152 2798 (86)
1187 2764 1420 2791 Φυλετεύεσθαι.
1454 2763 1501 2791 Sic
1523 2768 1623 2798 praeter
1653 2763 1848 2792 Viennensem.

1059 2798 1177 2861 llieﬁii'ct
1194 2798 1368 2828 Colberteus.
1395 2799 1474 2829 Alius
1500 2798 1688 2834 φυλάττεσθαι
1704 2804 1849 2834 perperam

1070 2842 1093 2860 la
1116 2842 1142 2861 lll
1159 2855 1166 2861 .
