2001 3125
245 128 296 161 571

897 132 1061 165 JOANNiS
1077 134 1237 166 ZONARZE

1820 138 1874 170 5‘12

235 188 346 225 _aﬂ‘ecit.
362 188 493 223 Quicum
511 189 619 226 trepido
632 190 731 218 nuntio
755 190 891 220 excitatus
910 193 1030 221 sermoni

1094 204 1147 226 mu;
1160 195 1309 230 πηποίητο,
1327 195 1375 223 καὶ
1392 194 1457 227 τοὺς
1479 194 1639 231 Ῥωμαίους
1663 195 1733 231 πρὸς
1745 195 1778 223 τὸ
1791 196 1875 232 δημο-

244 235 444 265 intervenissct
456 256 464 268 ,
479 239 563 271 atque
580 236 684 272 aliquid
711 236 846 269 dixisset,
867 237 1035 273 Tarquinius

243 288 336 308 senem
358 281 479 308 medium
500 281 608 317 arripit,
633 283 791 319 elatumque
805 292 820 312 e
834 285 927 317 curia,
945 285 973 312 in
991 286 1035 313 in-

245 327 373 354 feriorem
389 332 494 362 partem
511 336 560 363 per
571 329 672 363 gradus
682 330 787 365 dejicit.
803 330 853 358 Ille
865 331 899 357 ad
916 331 1035 366 Tarqui-

244 373 283 399 nii
297 373 440 400 audaciam
452 394 459 405 ,
478 381 567 409 eoque
581 376 667 411 magis
684 376 757 411 quod
773 377 808 404 ab
838 377 970 405 omnibus
987 377 1035 405 de.

244 421 359 447 stitutus
377 425 461 453 esset,
478 425 693 454 consternatus,
719 422 788 450 nihil
810 423 929 458 amplius
943 431 1032 458 neque

243 465 331 498 dixit,
350 473 438 501 neque
454 466 530 495 fecit.
547 467 714 503 Tarquinius
727 477 794 497 vero
808 470 899 496 statim
917 477 1031 506 regnum

243 520 258 538 ιι
270 512 396 547 patribus
408 514 526 549 accepit,
536 519 565 542 et
576 522 626 550 per
636 515 770 549 quosdam
787 516 907 543 Tullium
919 516 1031 544 domum

243 565 273 585 se
296 559 477 594 recipientem
498 561 619 589 sustulit.
640 561 676 589 At
699 562 759 597 ejus
779 561 834 589 ﬁlia
857 562 986 590 maritum
1005 563 1031 589 in

243 605 321 632 curia
336 605 497 633 deosculata
506 627 513 639 ,
526 615 618 642 regem
631 609 778 636 salutavit:
791 612 874 643 atque
887 609 915 635 in
931 609 1032 644 regiam

243 649 356 683 abiens,
372 658 421 686 per
438 652 525 686 patris
537 660 639 687 carpus
651 658 814 688 carpentum
831 654 920 689 egisse
933 653 1031 681 fertur.

245 696 291 723 Sic
305 696 412 725 Tullius
428 699 629 733 rempublicam
647 700 867 734 administravit,
888 701 929 728 sic
949 701 1033 728 vitam

245 742 334 776 ﬁniit,
354 751 416 771 cum
432 752 519 772 annos
535 753 596 773 xuv
612 751 764 782 regnasset.

244 790 294 824 τῆς
327 792 457 825 γυναικὸς
480 793 612 825 Τουλλίας
627 802 636 810 ο

1088 242 1220 275 κρατικδν
1240 242 1321 276 ὲνῆγε
1337 241 1385 268 καὶ
1410 241 1440 268 τὸ
1466 241 1622 277 ἐλεύθερον.
1653 242 1715 268 Ἔτι
1730 243 1759 269 δὲ
1778 243 1876 277 μᾶλλον

1087 289 1134 314 ἐπὶ
1150 288 1256 321 τούτοις
1268 289 1403 324 ἧσχαλλον
1419 289 1445 315 oi
1458 288 1619 324 Ταρκύνιοι.
1633 288 1704 315 Ἀλλ’
1720 290 1734 316 ό
1748 289 1800 323 μὲν
1813 289 1864 315 νεώ

1086 343 1176 370 τερος,
1190 335 1244 361 κᾶν
1256 335 1445 370 ἐχαλέπαινεν.
1463 334 1557 369 ἔφερε,
1592 334 1632 370 τῷ
1656 334 1686 361 δὲ
1706 335 1797 369 χρόνῳ
1810 343 1877 369 προ-

1086 380 1180 415 ήκοντι
1191 380 1286 407 οὐκέτι
1300 380 1348 407 τοῦ
1370 380 1500 407 Τουλλίου
1514 380 1603 407 ἐδόκει
1626 380 1785 415 ἀνέχεσθαι.
1799 380 1877 407 Ἐπεὶ

1086 426 1114 452 δὲ
1133 426 1171 461 μὴ
1187 426 1405 454 συνευδοκοῦσιν
1421 426 1534 462 εὕρισκε
1559 426 1609 461 τὴν
1627 428 1756 461 γυναῖκα,
1771 427 1819 455 καὶ
1833 427 1878 455 τὸν

1086 473 1236 507 ὁμαίμονα,
1260 473 1341 504 αὐτὸς
1360 474 1409 508 μὲν
1433 473 1481 508 τὴν
1502 475 1634 507 γυναῖκα,
1657 475 1701 499 τὸν
1723 474 1745 500 δ’
1763 474 1876 507 ἀδελφὺν

1086 519 1130 545 διὰ
1154 520 1202 553 τῆς
1231 520 1361 553 γυναικὸς
1389 520 1494 546 ἐκείνου
1523 520 1682 555 φαρμάκοις
1706 520 1808 552 ἀνεῖλε,
1832 522 1878 546 καὶ

1087 565 1235 599 συναῳθεὶς
1252 567 1284 600 τῇ
1299 566 1418 600 συνεύνῳ
1432 565 1481 592 τοῦ
1497 566 1623 600 ἀδελφοῦ,
1638 565 1676 598 τῷ
1692 566 1815 600 Του).λίῳ
1832 566 1880 591 σὺν

1088 612 1156 646 αὐτῇ
1186 611 1361 638 έπεῦούλευε.
1390 613 1444 639 Καὶ
1461 613 1575 644 πολλοὺς
1595 613 1649 638 τῶν
1667 621 1696 638 τε
1726 612 1879 646 βουλευτῶν

1087 658 1136 684 καὶ
1148 658 1202 683 τῶν
1214 659 1388 693 εὐπατριδῶν
1400 659 1490 689 αἰτίας
1510 659 1623 693 ἔχοντας
1642 659 1714 685 κατὰ
1733 658 1781 684 τοῦ
1796 658 1881 684 Τουλ-

1087 704 1144 730 λίου
1161 696 1260 735 πείσας
1277 704 1446 739 συνάρασθαί
1467 705 1503 737 οί,
1526 705 1691 736 ἐξαπιναίως
1716 704 1776 738 μετ’
1790 704 1881 730 αὐτῶν

1087 750 1127 781 είς
1140 749 1170 775 τὸ
1187 750 1328 784 συνέδριον
1349 751 1552 785 παραγέγονεν,
1575 752 1712 785 ἑπομένης
1738 749 1815 785 αὐτῷ
1837 752 1881 776 καὶ

663 795 711 821 καὶ
731 794 818 820 πολλὰ
841 793 890 829 μὲν
914 792 987 826 εἷπε,
1021 795 1071 829 τῆς
1091 795 1137 821 τοῦ
1161 796 1265 830 πατρὸς
1293 796 1373 827 ἀξίας
1396 796 1460 826 τοὺς
1486 796 1624 831 παρόντας
1649 796 1880 831 ἀναμιμνήσκων.

245 835 331 862 πολλὰ
361 836 384 862 δ’
409 837 558 873 ὰπέσκωψε
584 839 653 874 πρὸς
675 840 721 866 τὸν
740 840 880 868 Τούλλιον.
907 840 985 867 Ἐπεὶ
1009 842 1031 867 δ’
1052 843 1157 873 ἐκεῖνος
1178 842 1264 868 ταῦτα
1298 842 1391 877 μαθὼν
1425 842 1526 877 ἐπέστη
1544 843 1659 879 σπουδῇ.
1674 842 1721 869 καί
1736 852 1763 869 τι
1781 842 1815 877 δὴ
1833 842 1880 869 καὶ

244 882 406 916 ἐφθέγξατο,
421 885 596 919 συνήρπασεν
612 886 705 920 αὐτὸν,
720 887 767 914 καὶ
779 886 879 922 ἐξάρας
911 884 966 914 ὦσε
995 889 1064 915 κατὰ
1084 890 1138 915 τῶν
1161 889 1212 923 πρδ
1229 889 1275 915 τοῦ
1304 889 1496 924 βουλευτηρίου
1521 890 1688 923 ἁναΰαομόν.
1719 891 1775 917 Καὶ
1791 891 1807 917 ὀ
1836 891 1883 924 μὲν

243 930 393 964 ταραχθεὶς
406 931 477 967 πρὸς
491 932 540 968 τὴν
561 932 609 960 τοῦ
625 933 780 970 Ταρκυνίου
800 935 915 969 τόλμαν,
933 936 981 963 καὶ
1008 937 1049 963 ὅτι
1069 937 1129 964 οὐδέ
1151 946 1193 968 τις
1220 937 1295 971 αὐτῷ
1327 938 1525 972 ὲπεκούρησεν,
1546 937 1603 963 οὔτ’
1626 936 1703 965 εἶπεν
1725 938 1766 964 ἑτι
1808 939 1886 965 οὐδὲν

243 974 301 1002 εὖτ’
317 977 442 1013 ἐποίησε.
460 979 615 1014 Ταρκύνιος
636 980 665 1008 δὲ
684 982 735 1016 τήν
753 990 783 1009 τε
815 981 957 1017 βασιλείαν
983 984 1064 1015 εὐθὺς
1085 985 1160 1019 παρὰ
1188 986 1237 1019 τῆς
1264 985 1363 1019 βουλῆς
1384 985 1477 1011 ἔλαϐε.
1495 985 1549 1011 Καὶ
1574 985 1686 1019 πέμψας
1707 985 1796 1017 τινὰς,
1839 984 1884 1010 τὸν

244 1020 373 1048 Τούλλιον
389 1022 570 1059 κομιζόμενον
589 1025 681 1052 οἶκαδε
695 1026 869 1062 διεχρήσατο.
892 1027 924 1054 Ἢ
960 1027 989 1054 δὲ
1026 1028 1150 1062 Θυγάτηρ
1187 1029 1296 1055 ἐκείνου
1319 1030 1365 1056 τὸν
1390 1030 1475 1064 ἄνδρα
1492 1031 1520 1055 έν
1535 1029 1574 1063 τῷ
1590 1029 1777 1064 βουλευτηρίῳ
1804 1038 1886 1056 κατα-

245 1068 382 1103 φιλήσασα
395 1089 403 1101 ,
437 1070 485 1097 καὶ
528 1071 642 1106 βασιλέα
680 1073 929 1109 προσαγορεύσασα
941 1094 949 1106 ,
987 1075 1034 1101 καὶ
1051 1075 1172 1102 ἀπιοῦσα
1188 1076 1256 1110 πρὸς
1270 1077 1305 1102 τὰ
1335 1076 1470 1110 βασίλεια,
1485 1076 1514 1102 τὸ
1528 1076 1620 1110 ὕχημα
1635 1076 1707 1102 κατὰ
1724 1076 1771 1102 τοῦ
1783 1076 1884 1111 νεκροῦ

245 1112 294 1140 τοῦ
319 1114 422 1150 πατρὸς
432 1115 470 1147 ὡς
483 1112 559 1151 εἶχεν
571 1116 718 1153 ἐπήλασεν.
736 1118 816 1146 Οὕτω
831 1119 881 1154 μιν
893 1119 965 1147 οὖνὸ
980 1119 1109 1150 Τούλλιος
1128 1119 1205 1156 ἦρξε,
1239 1122 1287 1147 καὶ
1303 1121 1391 1152 οὕτως
1421 1121 1551 1153 ἀπέθανε,
1569 1121 1732 1156 βασιλεύσας
1745 1122 1886 1157 τέσσαρας

245 1160 390 1192 ἐνιαυτοὺς
407 1161 455 1188 ἐπὶ
474 1163 693 1197 τεσσαράκοντα.

282 1204 317 1232 Χ.
332 1205 501 1240 Tarquinius
514 1216 601 1243 regno
617 1215 758 1244 suscepto,
775 1210 885 1238 Romuli
901 1219 978 1239 more
992 1219 1039 1240 ar-

1130 1211 1159 1237 I’.
1180 1208 1211 1238 '0
1225 1209 1378 1244 Ταρκύνιος
1401 1209 1430 1237 δὲ
1456 1210 1505 1244 τὴν
1526 1210 1668 1245 βασιλείαν
1691 1211 1886 1246 παρειληφὼς.

246 1252 329 1280 matis
343 1260 445 1288 carpus
460 1253 675 1291 eireumsepsit:
696 1256 798 1292 quibus
809 1263 838 1285 et
853 1262 938 1286 noctu
952 1262 981 1286 et
996 1258 1039 1285 in-

250 1299 343 1327 terdiu
356 1319 365 1333 ,
388 1300 463 1329 domi
481 1306 510 1329 et
531 1301 601 1331 foris
622 1311 689 1332 usus
716 1309 769 1332 est.
795 1305 863 1332 Nam
883 1305 958 1340 quod
981 1306 1040 1340 ipse

249 1355 315 1382 erga
327 1355 457 1376 socerum
466 1368 474 1382 ,
491 1357 561 1377 uxor
580 1357 647 1385 erga
659 1354 766 1385 patrem
782 1351 820 1379 ita
834 1359 864 1379 se
878 1351 1039 1387 gessissent,

249 1394 345 1421 timuit
359 1402 395 1422 ne
411 1402 427 1422 a
441 1396 535 1431 seipso
552 1396 688 1425 adversus
706 1405 737 1426 se
757 1398 914 1434 exemplum
930 1404 1042 1433 capere-

250 1445 306 1467 tur.
320 1440 380 1468 Jam
395 1442 460 1477 quia
474 1446 550 1471 metu
563 1450 678 1479 regnum
690 1444 836 1472 tutandum
846 1448 924 1476 erat,
940 1449 1040 1479 poten-

253 1486 376 1514 tissimos
394 1492 540 1516 senatores
555 1493 584 1516 et
599 1489 674 1518 cives
690 1490 909 1525 comprehensos
929 1489 1041 1518 occide-

250 1531 320 1559 bat:
341 1533 412 1561 alios
442 1535 557 1569 palam,
582 1535 684 1570 quibus
704 1536 809 1571 aliquid
840 1536 950 1564 crimini
975 1536 1042 1564 dare

248 1583 376 1614 poterat,
392 1580 462 1608 alios
481 1581 552 1608 clam
567 1589 574 1608 :
590 1582 742 1610 nonnullos
759 1582 787 1609 in
801 1582 929 1610 exsilium
947 1583 1040 1610 mitte-

250 1625 307 1652 bat.
316 1625 411 1660 Neque
421 1633 487 1653 vero
500 1626 582 1653 Tullii
594 1626 735 1654 studiosos
742 1627 886 1661 duntaxat,
900 1627 948 1655 sed
956 1628 1039 1656 etiam

251 1671 409 1706 tyrannidis
423 1679 480 1699 sum
494 1672 639 1707 adjutores
653 1672 786 1707 perdidit.
800 1673 840 1700 ita
852 1673 965 1709 optimis
978 1674 1041 1709 qui-

250 1716 360 1751 basque
388 1717 520 1745 senatorii
547 1722 576 1745 et
598 1718 738 1753 equestris
764 1719 872 1747 ordinis
901 1720 1039 1753 sublatis,

251 1769 315 1789 eum
328 1769 358 1789 se
369 1762 444 1790 omni
458 1763 560 1798 populo
573 1762 695 1791 invisum
712 1771 774 1792 esse
793 1764 929 1797 crederet,
945 1765 1041 1793 statuit

251 1809 346 1836 nullos
364 1809 392 1836 in
408 1813 501 1844 patres
522 1809 634 1844 legere:
649 1810 698 1837 sed
712 1815 841 1838 senatum
854 1811 967 1846 penitus
989 1812 1042 1840 tol-

251 1854 308 1882 lere
322 1862 477 1890 aggressus.
492 1863 584 1891 neque
600 1857 687 1885 ullum
704 1862 862 1885 senatorem
876 1858 1042 1886 substituit:

1093 1257 1262 1294 δορυφόρους
1275 1257 1347 1284 κατὰ
1365 1257 1504 1293 Ῥωμύλον
1520 1258 1610 1293 ἑαυτῷ
1640 1258 1824 1294 περιέστησε,
1841 1259 1887 1286 καὶ

1094 1305 1204 1338 νύκτωρ
1232 1303 1282 1331 καὶ⁹
1315 1302 1376 1339 μεθ’
1408 1303 1515 1339 ἡμέραν
1538 1303 1630 1336 αὐτοῖς
1665 1305 1714 1331 καὶ
1747 1304 1886 1340 οἰκουρῶν

1094 1350 1143 1377 καὶ
1158 1348 1305 1386 ἀγοράζων
1324 1348 1469 1384 ἐκέχρητο.
1493 1348 1541 1381 Ἐξ
1556 1345 1594 1376 ὧν
1615 1349 1670 1384 γὰρ
1687 1350 1769 1381 αὐτὸς
1785 1351 1829 1381 εἰς
1843 1349 1887 1376 τὸν

1095 1395 1241 1431 κηδεστὴν,
1263 1394 1344 1431 καὶὴ
1365 1395 1434 1429 γυνὴ
1454 1394 1523 1430 πρὸς
1542 1395 1588 1422 τὸν
1610 1395 1719 1430 πατέρα
1739 1395 1887 1430 ἐποίησαν,

1094 1442 1216 1473 καὶτοὺς
1235 1441 1347 1473 λοιποὺς
1360 1440 1506 1468 ἐδεδίεσαν.
1523 1440 1600 1467 Ἐπεὶ
1616 1441 1645 1467 δὲ
1656 1441 1695 1473 ὡς
1706 1441 1888 1476 τυραννήαων

1096 1488 1334 1525 παρεσκευάσατο,
1355 1487 1418 1519 τοὺς
1433 1487 1639 1519 δυνατωτάτους
1657 1487 1712 1514 τῶν
1732 1487 1887 1522 βουλευτῶν

1095 1534 1144 1561 καὶ
1167 1533 1222 1561 τῶν
1244 1533 1332 1561 ἄλλων
1355 1532 1550 1567 συλλαμδάνων
1581 1531 1738 1563 ὲκτίννυεν,
1767 1528 1813 1562 οἷς
1840 1531 1888 1566 μὲν

1096 1579 1187 1607 αἰτίαν
1201 1578 1275 1615 εἶχεν
1299 1579 1459 1613 ἐπενεγκεῖν
1471 1597 1480 1611 ,
1499 1577 1624 1613 φανερῶς
1642 1576 1773 1612 ἀναιρῶν,
1795 1577 1846 1608 οὒς
1862 1576 1889 1602 δὲ

1095 1626 1195 1662 λάθρα,
1212 1626 1300 1658 ἐνίους
1322 1625 1351 1653 δέ
1375 1634 1408 1659 γε
1422 1625 1471 1652 καὶ
1485 1623 1670 1660 ὑπερώριζεν,
1693 1623 1732 1650 Οὐ
1753 1623 1813 1659 γὰρ
1828 1622 1888 1654 τοὺς

1096 1673 1135 1709 τῷ
1148 1672 1270 1708 Τουλλίῳ
1292 1672 1509 1708 προσκειμένους
1533 1671 1642 1706 μόνους,
1664 1670 1733 1697 ἀλλὰ
1754 1670 1806 1696 καὶ
1828 1669 1889 1699 τοὺς

1097 1719 1165 1754 πρὸς
1177 1718 1227 1754 τὴν
1248 1717 1400 1754 μοναρχίαν
1414 1716 1619 1753 συναραμένους
1637 1715 1712 1751 αὐτῷ
1721 1714 1890 1751 προσαπώλ-

1097 1765 1156 1792 λυε.
1174 1765 1230 1791 Καὶ
1248 1763 1320 1791 οὕτω
1341 1764 1373 1790 τὸ
1394 1763 1540 1798 κράτιστον
1563 1762 1613 1796 τῆς
1638 1761 1746 1797 βουλῆς,
1769 1762 1822 1788 καὶ
1843 1761 1891 1796 τῆς

1097 1812 1215 1844 ἱππάδος
1245 1811 1379 1842 ἀνάλωσε,
1411 1809 1551 1845 μισεῖσθαί
1579 1817 1608 1835 τε
1632 1808 1686 1835 ὑπὸ
1707 1808 1814 1840 παντὸς
1842 1806 1888 1833 τοῦ

1097 1860 1184 1895 δήμου
1208 1858 1345 1886 ἐπίστευε.
1365 1856 1412 1883 Διδ
1427 1856 1488 1884 οὐδὲ
1502 1856 1678 1888 ἀντικαθίστη
1700 1856 1730 1881 τδ
1753 1854 1890 1890 παράπαν

252 1907 343 1935 neque
357 1908 420 1928 cum
436 1901 472 1929 iis
486 1901 535 1936 qui
551 1902 712 1936 restabant,
731 1903 883 1938 quidquam
900 1904 975 1939 quod
988 1904 1040 1931 ali-

1096 1906 1157 1934 ἀντὶ
1169 1905 1225 1932 τῶν
1240 1904 1438 1939 ἀπολλυμένων
1452 1902 1538 1935 τινὰς,
1565 1902 1633 1929 ἀλλὰ
1655 1902 1704 1928 καὶ
1723 1901 1774 1935 τὴν
1790 1909 1890 1935 γερου-

252 1948 333 1982 enjus
362 1948 496 1975 momenti
528 1952 624 1982 esset,
650 1950 877 1977 communicavit.
909 1950 1042 1983 Quamvis

251 1993 326 2020 enim
343 2000 392 2021 eos
409 1998 594 2027 convocaret,
611 2002 666 2022 non
682 2000 773 2023 tamen
791 1995 855 2023 ideo
869 1996 998 2028 faciebat,
1013 2000 1044 2023 ut

252 2038 370 2073 alicujus
393 2039 433 2066 rei
450 2041 577 2074 gerenda:
592 2040 732 2075 adjutores
748 2048 841 2069 essent
854 2049 861 2069 :
877 2042 925 2069 sed
940 2047 971 2069 ut
985 2042 1043 2070 visa

251 2092 348 2112 eorum
366 2085 515 2120 paucitate,
526 2086 560 2113 ab
568 2087 698 2114 omnibus
707 2092 973 2115 contemnerentur:
985 2089 1045 2123 ple-

251 2138 337 2165 raque
361 2139 428 2159 vero
449 2140 499 2167 per
514 2140 544 2160 sc
572 2137 620 2160 aut
642 2132 714 2161 ﬁlios
729 2134 955 2162 administrabat.
982 2134 1045 2162 Fuit

253 2176 329 2203 aditu
355 2177 495 2211 aﬁ'atuque
515 2178 654 2212 difﬁcilis,
676 2180 807 2214 superbia
828 2185 855 2207 et
880 2180 1045 2208 crudelitate

252 2229 285 2248 ex
305 2229 383 2256 {equo
399 2230 463 2259 erga
483 2231 581 2251 omnes
597 2224 678 2260 330
697 2233 784 2253 usus:
802 2233 834 2253 ac
856 2233 934 2253 more
952 2230 1046 2261 tyran-

253 2268 318 2295 nico
331 2273 385 2295 tam
400 2270 469 2304 ipse,
485 2278 567 2305 quam
583 2271 664 2298 liberi
679 2272 738 2307 ejus
753 2280 815 2299 cum
831 2272 961 2299 omnibus
978 2279 1045 2307 ege-

254 2318 329 2341 rtInL
349 2314 534 2347 Quamobrem
548 2317 715 2345 satellitibus
729 2318 813 2345 etiam
834 2317 957 2350 difﬁsus.
977 2325 1044 2345 con-

253 2360 402 2396 ciliataque
427 2362 478 2389 Sibi
503 2362 665 2391 Latinorum
691 2364 827 2396 custodia,
849 2369 877 2392 et
897 2364 924 2391 in
945 2363 1046 2392 Roma-

254 2415 354 2437 norum
383 2409 496 2437 ordines
512 2409 613 2438 inserta
629 2430 636 2443 ,
659 2410 687 2437 id
702 2410 857 2445 spectavit,
885 2415 916 2438 ut
931 2410 1046 2438 Latinos

254 2455 387 2485 Romanis
414 2459 556 2490 :equatos,
582 2464 633 2484 suo
658 2456 712 2484 sibi
737 2456 875 2484 beneﬁcio
895 2457 1046 2485 obstrictos

254 2501 384 2534 haberet,
402 2506 430 2529 et
445 2502 584 2530 Romanos
596 2503 735 2539 adjunetis
753 2505 857 2531 exteris
874 2504 967 2532 minus
990 2504 1046 2532 for-

254 2549 382 2576 midaret.
400 2550 537 2582 Gabinos,
553 2551 638 2577 armis
654 2549 805 2578 infeliciter
825 2551 955 2584 adortus,
981 2552 1045 2578 dolo

255 2597 407 2630 superavit.
424 2596 491 2623 Nam
513 2596 626 2623 Sextum
641 2596 727 2624 ﬁlium
754 2597 924 2632 transfugere
945 2582 1047 2625 Gabios
1062 2582 1086 2611 D

251 2642 353 2676 jussit:
370 2643 451 2678 cujus
464 2642 528 2669 facti
543 2643 687 2677 utjustam
701 2643 806 2670 habere
831 2651 942 2670 causam
968 2644 1046 2671 vide—

255 2692 348 2719 retur,
367 2693 472 2723 patrem
499 2692 594 2723 aperte
618 2692 649 2715 ut
669 2693 816 2723 tyrannum
831 2693 858 2716 et
872 2689 1045 2724 foedifragam

256 2737 299 2760 est
313 2734 474 2765 insectatus,
490 2739 574 2769 atque
585 2742 601 2761 a
612 2738 691 2769 patre
706 2734 830 2761 vicissim
843 2734 935 2769 ﬂagris
947 2743 1046 2763 caesus.

256 2779 362 2807 Deinde
376 2787 438 2807 eum
450 2788 483 2808 ex
497 2781 652 2815 composito
665 2781 699 2808 ad
710 2780 833 2808 Gabinos
846 2788 907 2808 cum
921 2782 1047 2816 pecuniis

257 2829 285 2853 et
306 2826 390 2853 sociis
410 2826 616 2861 transfugisset,
636 2827 673 2854 illi
691 2831 721 2855 ut
735 2827 760 2854 ei
777 2830 935 2854 commento
950 2827 1046 2854 crede-

260 2876 333 2906 rent,
347 2877 375 2901 ct
386 2871 529 2907 Tarquinii
545 2872 720 2906 crudelitate,
733 2878 761 2901 et
776 2873 869 2901 multis
880 2872 956 2900 Sexti
970 2873 1045 2901 veris

1098 1952 1159 1979 οἰαν
1172 1950 1324 1979 καταλῦσαι
1344 1949 1484 1981 παντελῶς
1498 1948 1689 1983 ἐπιχειρήσας,
1701 1946 1764 1973 οὔτε
1778 1947 1889 1973 ἀντεισ-

1096 1999 1164 2033 ἦγεν
1191 1998 1220 2029 ἐς
1246 1997 1332 2031 αὐτὴν
1347 1995 1454 2028 οὐδένα,
1472 1994 1535 2022 οὔτε
1559 1995 1615 2026 τοῖς
1640 1992 1716 2021 οὖσιν
1742 1994 1890 2021 έπεκοίνου

1096 2054 1123 2072 τι
1137 2044 1218 2079 λόγου
1230 2043 1316 2076 ἀξιον.
1337 2042 1484 2069 Συνεκάλει
1510 2042 1559 2076 μὲν
1588 2040 1642 2075 γὰρ
1666 2040 1775 2073 αὐτοὺς,
1789 2041 1823 2067 οὺ
1839 2040 1891 2075 μὴν

1096 2092 1167 2119 ὥστε
1190 2100 1217 2118 τι
1237 2090 1292 2117 τῶν
1306 2089 1465 2123 ἀναγκαίων
1483 2086 1656 2119 συνδιοικεῖν,
1678 2086 1736 2113 ἀλλ’
1753 2086 1801 2113 ἵνα
1824 2086 1891 2121 δήλη

1097 2137 1188 2165 αὐτῶν
1201 2138 1218 2171 ἡ
1238 2135 1377 2171 βραχύτης
1396 2134 1500 2169 γίνοιτο
1517 2133 1614 2164 ἅπασι,
1632 2132 1782 2159 κάντεῦθεν
1808 2141 1893 2159 κατα-

1097 2184 1248 2220 φρονοῐντο.
1263 2183 1304 2209 Τὰ
1317 2182 1346 2208 δὲ
1367 2181 1480 2208 πλεῖστα
1503 2181 1564 2207 καθ’
1591 2179 1698 2212 ἑαυτὸν,
1714 2179 1731 2214 ἢ
1748 2179 1799 2205 καί¹
1822 2178 1891 2214 μετὰ

1097 2231 1152 2257 τῶν
1164 2229 1246 2256 υἱέων
1264 2228 1393 2263 ἔπραττε.
1413 2226 1600 2261 Δυσπρόσιτός
1623 2234 1653 2252 τε
1670 2226 1716 2251 καὶ
1729 2225 1891 2260 δυσπροσή-

1097 2284 1179 2311 γορος
1197 2272 1231 2310 ἦν
1253 2273 1300 2300 καὶ
1319 2274 1354 2308 τῇ
1379 2271 1516 2308 ὑπεροψίᾳ
1531 2272 1579 2298 καὶ
1593 2272 1626 2306 τῇ
1645 2271 1768 2306 ὠμότητι
1788 2271 1892 2305 ὁμοίως

1097 2321 1197 2357 ἱχρῆτο
1218 2320 1287 2355 πρὸς
1303 2320 1438 2352 ἅπαντας,
1451 2319 1499 2345 καὶ
1511 2317 1743 2354 τυραννικώτερον
1759 2318 1846 2349 αὐτός
1862 2326 1891 2343 τε

1098 2368 1147 2394 καὶ
1160 2367 1185 2394 oi
1200 2366 1296 2395 παῖδες
1313 2365 1397 2392 αὑτοῦ
1415 2364 1616 2400 προσεφέροντο
1626 2363 1723 2390 ἅπασι.
1740 2363 1790 2390 Διὰ
1804 2363 1894 2389 ταῦτα

1097 2413 1127 2440 δὲ
1153 2412 1202 2439 καὶ
1232 2411 1294 2443 τοὺς
1322 2410 1489 2446 δορυφόρους
1503 2409 1641 2440 ὑπόπτους
1665 2409 1745 2444 ἔχων,
1776 2409 1813 2435 ἐκ
1838 2407 1893 2436 τῶν

1098 2458 1221 2486 Λατίνων
1240 2457 1476 2493 προσηταιρίσατο
1498 2455 1688 2491 δορυφορικὸν,
1716 2456 1764 2482 καὶ
1788 2456 1821 2487 ις
1844 2455 1892 2485 τὰς

1098 2505 1152 2532 τῶν
1172 2504 1320 2538 Ῥωμαίων
1335 2503 1425 2535 τάξεις
1440 2501 1571 2533 Λατίνους
1584 2501 1719 2537 ὲνέμιξεν,
1735 2501 1781 2528 ἵνα
1798 2502 1824 2528 oi
1843 2502 1893 2536 μὲν

1099 2552 1208 2579 Λατῖνοι
1226 2551 1378 2585 ἰσομοιρίας
1409 2551 1465 2581 τοῖς
1501 2549 1648 2583 Ῥωμαίοις
1675 2548 1825 2582 τυχόντες,
1847 2548 1894 2574 εὖ·

1098 2606 1175 2625 νοιαν
1198 2596 1272 2632 αὐτῷ
1296 2596 1422 2623 ἐντεῦθεν
1449 2595 1599 2630 ὀφείλωσι,
1627 2595 1674 2621 καὶ
1701 2595 1726 2621 οἱ
1757 2594 1893 2629 Ῥωμαῖοι

1098 2641 1179 2680 ἦττον
1200 2643 1353 2677 ὲκφοσώσιν
1371 2641 1464 2673 αὐτὸν,
1494 2640 1592 2676 μηκέτι
1621 2640 1693 2667 κατὰ
1716 2641 1786 2674 σφᾶς
1803 2640 1892 2671 ὄντες,

1098 2689 1167 2716 ἀλλὰ
1183 2690 1238 2721 τοῖς
1268 2688 1395 2718 Λατίνοις
1424 2685 1672 2717 συνοπλιτεύοντες.
1699 2684 1841 2716 Γαουῒνοις
1864 2684 1892 2711 δὲ

1101 2736 1192 2770 μάχην
1210 2734 1324 2769 συνῆψε,
1342 2734 1389 2760 καὶ
1404 2732 1498 2764 κακῶς
1513 2731 1563 2767 μὲν
1577 2731 1744 2766 ἠγωνίσατο,
1769 2730 1844 2765 δόλῳ
1865 2729 1893 2756 δὲ

1099 2781 1198 2812 αὐτοὺς
1215 2778 1391 2815 ἐχειρώσατο.
1408 2778 1600 2813 Αὕτομολῆσαι
1620 2778 1676 2813 γὰρ
1692 2777 1783 2808 αὐτοῖς
1800 2777 1892 2810 Σέξτῳ

1102 2827 1220 2854 ὑπέοετο
1241 2826 1279 2861 τῷ
1308 2825 1381 2860 υίῷ·
1410 2825 1454 2852 ἵνα
1478 2824 1501 2851 δ’
1527 2824 1707 2860 εὐπρόσωπος
1737 2823 1812 2858 αὐτῷ
1844 2823 1893 2857 τῆς

1100 2872 1266 2908 αὐτομολίας
1280 2872 1417 2907 πρόφασις
1433 2871 1559 2907 γένηται,
1577 2871 1681 2902 ἐκεῖνος
1699 2870 1747 2906 μὶν
1761 2868 1894 2905 φανερῶς
