4002 6250
249 267 273 279 ’
289 302 405 367 573

1532 301 1945 368 ANNALIUM
1983 303 2130 365 LIB.
2165 301 2308 367 VII.

3445 305 3550 370 574

277 415 624 486 τὸν-πατέρα
654 414 730 478 ὡς
762 411 1031 484 τύραννον
1053 412 1149 468 καὶ
1178 412 1564 484 παράσπονδον
1594 414 1868 485 ἐλοιδόρη-

1979 413 2028 470 in
2073 419 2292 484 patrem
2336 409 2647 469 maledictis
2684 409 3104 469 adducebantur
3137 429 3154 470 :
3191 427 3223 468 a
3253 429 3365 486 quo
3421 432 3549 471 cum

283 527 406 565 σεν.
457 508 517 562 Ὅ
546 506 604 560 δέ
633 506 726 560 τὸν
758 506 876 558 υίὸν
897 506 1250 576 ἐμαστίγωσέ
1279 525 1339 560 τε
1372 509 1466 564 καὶ
1497 508 1867 580 ἀντημύνατο,

281 599 409 654 εἶτα
433 598 577 652 κατὰ
625 598 906 668 συνθήκας
958 600 1096 666 προς
1143 599 1437 664 Γαουΐνους
1468 600 1875 671 ἐψευδαυτομό-

281 693 446 761 λησε,
478 690 739 760 χρήματά
777 706 838 743 τε
874 692 968 743 καὶ
1006 690 1260 762 ἑταίρους
1303 692 1680 766 παρειληφώς.
1719 692 1783 746 Οί
1815 691 1874 745 δέ

284 779 694 843 πιστεύσαντες
721 782 788 850 τῇ
827 782 1004 851 σκηνῇ
1045 780 1136 834 διά
1174 797 1233 834 τε
1261 782 1360 853 τήν
1412 781 1511 836 τοῦ
1562 782 1874 854 Ταρκυνίου

281 871 574 943 ὠμότητα,
599 871 702 926 καὶ
735 872 818 926 ὅτι
853 872 975 927 τότε
1009 873 1180 928 πολλὰ
1206 874 1303 928 καὶ
1327 875 1501 946 ἀληθῆ
1529 875 1623 929 τὸν
1663 879 1878 948 πατέρα

284 963 649 1035 ἐκακηγόρει,
673 963 970 1018 κάντεῦθεν
991 965 1483 1038 ἐκπεπολεμῶσθαι
1500 967 1650 1040 αὐτῷ
1670 968 1876 1035 ἐδόκει,

284 1055 547 1122 ἐδέξαντό
583 1073 645 1110 τε
670 1056 836 1110 αὐτὸν
869 1058 1306 1128 ἀσμενέστατας,
1340 1059 1436 1114 καί
1464 1078 1615 1125 τινας
1649 1061 1879 1115 ἐπελεύ-

287 1166 410 1214 σεις
441 1149 588 1204 κατὰ
617 1149 719 1220 τῆς
769 1149 1089 1219 Ῥωμαῖκῆς
1125 1150 1310 1221 χώρας
1341 1153 1439 1205 σὺν
1482 1152 1634 1224 αὐτῷ
1681 1154 1875 1224 ἐποιή·

287 1259 478 1305 σαντο,
513 1245 609 1297 καὶ
642 1243 704 1295 ού
753 1242 988 1314 μετρίως
1016 1243 1152 1314 αὐτῇ
1181 1244 1541 1314 ἐλυμήναντο.
1570 1245 1670 1300 Διὰ
1697 1245 1875 1300 ταῦτα

285 1333 424 1402 γοῦν
451 1335 547 1388 καὶ
578 1334 662 1388 ὃτι
695 1336 788 1387 καὶ
828 1336 1090 1404 χρήματα
1121 1335 1228 1405 ἰδία
1257 1337 1319 1388 τέ
1350 1351 1462 1388 τισι
1495 1337 1749 1406 παρεῖχε,
1782 1335 1878 1388 καὶ

285 1429 350 1490 ἐς
381 1426 447 1479 τὸ
477 1425 658 1480 κοινὸν
705 1427 969 1495 ἀνήλισκε
1012 1425 1277 1495 δαψιλῶς,
1321 1426 1493 1498 ᾑρέθη
1531 1429 1663 1498 παρ’
1698 1427 1877 1480 αὐτῶν

287 1520 622 1592 στρατηγὸς,
654 1519 750 1572 καὶ
775 1518 874 1590 τὴν
907 1518 1016 1571 τῶν
1056 1518 1352 1572 πολιτικῶν
1379 1519 1438 1570 ἐν
1481 1519 1666 1583 αὐτοῖς
1698 1535 1882 1589 πραγ-

289 1611 486 1682 μάτων
552 1612 842 1682 ἐπετράπη
899 1613 1188 1684 διοίκησιν.
1243 1615 1370 1669 Ἐπὶ
1429 1615 1644 1678 τούτοις
1703 1615 1880 1687 λάθρα

287 1703 518 1774 πέμψας
553 1703 696 1765 τινὰ,
726 1703 794 1756 τὰ
829 1703 1116 1774 συμϐάντα
1165 1723 1223 1759 τε
1275 1708 1539 1779 ἐγνώρισε
1569 1707 1646 1778 τῷ
1686 1707 1878 1779 πατρὶ,

290 1795 393 1849 καὶ
427 1795 565 1867 πρὸς
593 1794 656 1848 τὸ
681 1793 879 1865 μέλλον
906 1795 1134 1866 γνώμην
1168 1799 1370 1868 ᾔτησεν
1405 1800 1465 1863 ἐξ
1501 1799 1690 1853 αὐτοῦ.
1732 1800 1792 1853 '0
1821 1799 1879 1852 δὲ

286 1883 419 1940 εἷπε
447 1887 548 1958 μὲν
572 1885 650 1958 τῷ
673 1886 982 1956 πεμφθέντι
1007 1889 1178 1950 οὐδὲν,
1211 1891 1296 1943 ἵνα
1334 1893 1406 1962 μὴ
1437 1891 1566 1955 ἴσως
1596 1892 1880 1960 γνωσθεὶς,

285 1979 440 2034 ἐκών
472 1997 526 2034 τι
553 1980 588 2052 ή
640 1980 792 2036 ἄκων
833 1981 1068 2048 ἐξείποι.
1099 1985 1191 2047 Εἰς
1232 1984 1288 2037 δὲ
1336 1985 1514 2054 κῆπον
1565 1983 1882 2053 εἰσαγαγὼν

288 2072 481 2137 αὑτὸν,
513 2074 572 2126 ἐν
604 2065 649 2141 ᾧ
681 2074 936 2143 μήκωνες
961 2069 1126 2144 ἦσαν,
1157 2075 1257 2137 τὰς
1294 2075 1509 2139 κωδύας
1540 2076 1681 2146 (87')
1703 2075 1884 2130 αὐτῶν

288 2166 396 2230 τὰς
428 2165 810 2237 ὑπερεχούσας
866 2167 1048 2238 ῥάϐδῳ
1108 2168 1438 2234 κατέκλασε,
1502 2170 1598 2224 καὶ
1645 2171 1726 2232 si;
1777 2169 1883 2238 γῆν

290 2258 697 2330 κατεστόρησε,
726 2260 821 2313 καὶ
843 2258 988 2313 οὕτω
1009 2261 1101 2313 τὸν
1127 2261 1528 2332 ἀγγελιαφόρον
1557 2261 1878 2334 ἀπέπεμψε.

291 2351 408 2406 Καὶ
437 2353 468 2405 ὁ
498 2352 600 2422 μὲν
633 2351 699 2406 τὸ
725 2353 974 2424 πραχθὲν
1007 2353 1084 2425 τῷ
1110 2355 1289 2426 Σέξτῳ
1318 2355 1677 2426 ἀπήγγειλεν,
1715 2357 1881 2408 ἀσυν-

291 2443 436 2506 έτως
459 2442 603 2514 ἔχων
631 2444 730 2514 τῆς
759 2445 1032 2516 πράξεως.
1079 2445 1138 2501 Ὁ
1173 2446 1230 2500 δέ
1259 2447 1352 2500 τὸν
1381 2448 1507 2502 νοῦν
1539 2447 1746 2517 συνῆκε
1785 2447 1885 2517 τῆς

292 2536 641 2601 ὑποθέσεως.
671 2539 768 2592 καὶ
809 2539 934 2602 τοὺς
981 2539 1442 2611 ἀξιολογωτέρους
1465 2540 1574 2594 τῶν
1610 2541 1886 2594 Γαουῖνων

289 2629 426 2692 τοὺς
479 2629 582 2700 μὲν
613 2629 790 2702 λάθρα
824 2631 1138 2702 φαρμάκοις
1165 2632 1459 2702 διέφθειρε,
1509 2633 1637 2696 τοὺς
1691 2632 1749 2684 δέ
1794 2632 1886 2688 διά

290 2736 464 2774 τινων
492 2718 653 2790 δῆθεν
683 2719 920 2792 λῃστῶν,
962 2723 1153 2786 ἄλλους
1185 2722 1244 2777 δὲ
1277 2723 1342 2778 ἐκ
1396 2723 1764 2795 δικαστηρίων
1818 2725 1885 2778 ἀ-

1908 1759 1955 1821 Β

1971 522 2098 563 eum
2153 506 2340 562 hostili
2385 505 2518 563 odio
2559 505 2830 562 dissidere
2883 505 3219 571 crederent,
3269 507 3548 564 hominem

1973 598 2366 670 benignissime
2411 605 2809 670 susceperunt.
2845 607 2903 655 et
2947 599 3159 670 aliquot
3205 614 3331 655 cum
3382 615 3451 655 co
3494 601 3548 654 in

1975 693 2285 750 Romanum
2318 707 2507 763 agrum
2534 693 2948 763 impressiones
2991 708 3185 764 magna
3215 692 3370 748 clade
3398 693 3548 748 illata

1975 787 2250 844 fecerunt.
2288 785 2385 842 His
2419 787 2587 858 igitur
2619 785 2690 841 de
2724 787 2906 841 causis
2928 825 2944 849 ,
2978 794 3035 841 et
3073 785 3218 856 quod
3263 785 3551 856 pecuniam

1977 879 2264 952 aliquibus
2293 879 2552 951 privatim
2589 879 2794 944 dabat,
2826 888 2882 933 et
2915 877 2969 932 in
2995 877 3275 948 publicum
3314 875 3554 930 liberali-

1975 985 2064 1035 ter
2089 975 2448 1040 conferebat,
2478 974 2594 1033 dux
2619 974 2688 1029 ab
2715 973 2796 1030 eis
2821 982 3043 1029 creatus
3071 981 3180 1038 est,
3215 971 3551 1026 urbanarum

1975 1069 2142 1127 etiam
2172 1084 2361 1126 rerum
2395 1068 2878 1124 administratione
2908 1067 3225 1124 commissa.
3255 1065 3508 1120 Posthaec
3535 1104 3550 1128 ,

1975 1180 2079 1236 per
2097 1163 2392 1234 quemdam
2423 1163 2565 1233 patri
2589 1171 2793 1218 statum
2820 1175 3004 1216 rerum
3059 1174 3283 1214 suarum
3311 1157 3548 1220 nuntiat,

1979 1256 2114 1327 quid
2157 1271 2218 1311 se
2251 1255 2436 1310 facere
2497 1254 2664 1318 velit,
2709 1253 3046 1311 sciscitatur.
3093 1252 3189 1306 llle
3233 1265 3366 1306 vero
3415 1247 3552 1302 nihil

1979 1347 2280 1418 respondet
2313 1345 2511 1402 nuntio
2534 1387 2550 1411 ,
2586 1362 2656 1402 ne
2679 1344 2936 1415 cognitus
2963 1343 3049 1398 vel
3080 1343 3270 1397 volens
3301 1341 3386 1395 vel
3412 1340 3556 1395 invi-

1981 1447 2072 1494 tus
2091 1453 2354 1493 arcanum
2379 1436 2578 1506 prodat
2604 1453 2619 1491 :
2651 1435 2748 1491 sed
2773 1434 2828 1489 in
2854 1435 3073 1489 hortum
3098 1433 3300 1489 aedium
3326 1431 3554 1496 transit,

1979 1535 2247 1596 sequente
2278 1525 2406 1590 illo,
2438 1533 2494 1581 et
2519 1540 2732 1580 summa
2764 1538 3098 1595 papaverum
3133 1522 3313 1592 capita
3357 1520 3555 1576 baculo

1984 1618 2220 1684 decutit,
2247 1618 2436 1686 itaque
2461 1618 2722 1673 nuntium
2759 1617 2966 1671 dimitit
2999 1633 3015 1670 :
3045 1615 3140 1686 qui
3170 1630 3231 1669 re
3261 1628 3368 1668 non
3394 1611 3558 1666 intel-

1983 1711 2146 1775 lecta,
2187 1711 2319 1781 quid
2349 1719 2536 1766 actum
2585 1719 2754 1768 esset.
2795 1709 2962 1764 Sexto
2991 1707 3292 1764 renuntiat.
3338 1706 3389 1760 ls
3423 1718 3558 1759 vero

1987 1802 2376 1858 animadverso
2405 1803 2578 1873 patris
2608 1801 2844 1858 consilio
2865 1840 2880 1865 ,
2913 1800 3254 1857 Gabinorum
3287 1799 3558 1869 primores

1980 1897 2180 1968 partim
2215 1896 2353 1951 clam
2386 1911 2604 1952 veneno
2640 1894 2902 1959 sustulit,
2947 1893 3150 1962 partim
3182 1907 3282 1963 per
3325 1889 3560 1946 sicarios

1981 1991 2260 2047 interfecit
2307 2009 2323 2045 :
2363 1990 2503 2046 alios
2542 1991 2596 2045 in
2635 1988 2845 2061 judicio
2884 1988 3184 2043 calumniis
3217 1997 3515 2055 oppressos
3539 2020 3556 2043 .

1980 2083 2140 2154 quasi
2185 2083 2381 2138 urbem
2421 2083 2564 2152 patri
2615 2097 2718 2138 suo
2765 2081 3002 2151 prodere
3047 2079 3292 2137 vellent.
3330 2075 3559 2131 amovit.

1981 2175 2174 2232 Simile
2222 2174 2490 2245 quiddam
2538 2172 2856 2228 Herodotus
2895 2171 2962 2226 de
2998 2169 3303 2227 Periandro
3343 2165 3560 2238 Cypseli

1981 2267 2128 2334 ﬁlio,
2161 2265 2418 2323 Corinthi
2455 2277 2689 2337 tyranno
2710 2303 2725 2330 ,
2749 2263 2987 2319 scribit:
3029 2261 3122 2332 qui
3158 2275 3284 2316 cum
3318 2274 3347 2314 a
3381 2258 3562 2313 Thra-

1989 2360 2174 2416 sibulo
2219 2357 2391 2415 Mileti
2441 2369 2678 2430 tyranno
2708 2354 3002 2412 consilium
3043 2351 3299 2408 ﬁrmandi
3341 2347 3562 2419 imperii

1983 2453 2268 2524 petiisset,
2310 2449 2722 2523 Thrasybulum
2753 2446 2954 2503 nuntio
2982 2459 3118 2501 voce
3149 2442 3290 2499 nihil
3323 2455 3559 2512 respon-

1983 2547 2170 2604 disse:
2205 2545 2301 2602 sed
2327 2560 2394 2601 eo
2422 2545 2476 2600 in
2513 2552 2752 2613 segetem
2777 2541 3018 2598 deducto
3037 2579 3054 2604 ,
3087 2536 3288 2594 culmis
3314 2534 3567 2590 eminen-

1985 2635 2223 2694 tioribus
2264 2635 2493 2692 resectis
2541 2641 2598 2688 et
2636 2630 2899 2702 abiectis,
2939 2628 3220 2684 hominem
3261 2623 3563 2695 dimisisse.

1981 2728 2089 2797 Qui
2116 2742 2373 2785 reversus
2392 2766 2408 2792 ,
2445 2726 2626 2796 deque
2657 2724 2808 2780 illius
2832 2719 3072 2779 consitio
3101 2727 3360 2791 rogatus,
3409 2713 3566 2769 dixe-

300 2811 585 2876 πέκτεινε,
615 2814 985 2885 συκοφαντίας
1014 2815 1136 2870 κατ’
1176 2813 1357 2868 αὐτῶν
1382 2814 1521 2887 πρὸς
1546 2814 1638 2869 τὸν
1673 2815 1879 2888 πατέρα

1985 2823 2101 2890 rit,
2134 2838 2195 2878 se
2222 2821 2292 2877 ad
2323 2823 2604 2877 hominem
2653 2826 2851 2875 emotae
2883 2814 3090 2871 mentis
3127 2827 3250 2868 esse
3291 2809 3520 2865 missum
3543 2844 3563 2874 ,

292 2902 595 2972 προδοσίας
649 2905 1041 2975 πλαττόμενος.
1097 2907 1324 2975 Ὅμοιον
1351 2904 1410 2959 δέ
1465 2922 1518 2958 τι
1567 2905 1744 2976 τούτῳ
1789 2905 1879 2959 καὶ

1986 2925 2169 2982 neque
2189 2909 2337 2966 enim
2366 2908 2434 2963 ad
2462 2907 2798 2976 interrogata
2822 2903 3124 2974 quidquam
3140 2900 3298 2972 331
3333 2911 3564 2968 respon-

290 2996 328 3049 6
364 2995 656 3066 Ἡρόδοτος
692 2998 802 3070 (88)
855 2999 1082 3070 ἱστορεῖ.
1133 2999 1466 3072 Περίανδρον
1513 3003 1623 3070 γὰρ
1655 3001 1747 3054 τὸν
1779 3000 1879 3053 Κυ-

1989 3002 2158 3069 disse,
2175 3015 2240 3057 ac
2258 2999 2392 3072 quid
2415 3000 2505 3054 ille
2532 2997 2772 3062 iecisset,
2791 2994 3033 3050 uarrarit
3057 3011 3073 3050 :
3106 3002 3162 3049 at
3176 2990 3564 3053 Periandrum,

291 3084 465 3153 ψέλου
544 3085 807 3156 τύραννον
866 3087 1131 3158 Κορίνθου
1191 3089 1482 3160 γενόμενον
1551 3089 1686 3158 φησὶ
1749 3088 1879 3160 πρὸς

1991 3095 2267 3153 intellecta
2302 3091 2632 3165 Thrasybuli
2657 3090 2892 3153 ratione,
2920 3101 3114 3143 omnes
3144 3081 3566 3139 Corinthiorum

293 3175 682 3247 Θρασύϐουλον
729 3179 824 3232 τὸν
867 3179 1109 3251 Μιλήτου
1157 3181 1421 3250 τύραννον
1469 3181 1879 3252 διαπέμψασθαι

1991 3188 2272 3261 principes
2315 3184 2632 3242 sustulisse.
2683 3181 2766 3239 Ad
2801 3178 3059 3237 eumdem
3103 3175 3328 3233 modum
3363 3172 3566 3230 Sextus

297 3268 730 3336 πυνθανόμενον,
780 3269 929 3335 ὅπως
975 3271 1125 3341 αὐτῷ
1158 3273 1224 3326 τὰ
1270 3273 1374 3342 τῆς
1395 3271 1588 3349 ’ἀρχῆς
1623 3273 1879 3342 ἀσφαλῶς

1989 3282 2156 3336 etiam
2201 3293 2330 3334 cum
2371 3276 2604 3334 Gabinis
2643 3274 2802 3346 egit:
2842 3281 2900 3328 et
2939 3269 3262 3326 melioribus
3322 3262 3521 3321 occisis
3546 3300 3563 3325 ,

295 3357 437 3425 ἕξει.
467 3359 574 3438 Τδν
594 3361 650 3414 δὲ
670 3361 1050 3434 Θρασύϐουλον
1065 3366 1144 3436 τῷ
1167 3366 1563 3434 ἀπαγγείλαντι
1583 3365 1754 3420 ταῦτα
1779 3383 1879 3436 μγ,-

1988 3389 2182 3430 corum
2219 3371 2482 3441 pecunias
2513 3367 2676 3439 vulgo
2717 3364 3030 3422 distribuit.
3079 3359 3290 3417 Deinde
3317 3357 3425 3412 illis
3469 3355 3568 3410 de-

294 3453 391 3507 δέν
411 3453 835 3526 ἀποκρίνασθαι·
850 3457 1210 3526 ἀπαγαγόντα
1231 3459 1276 3513 δ’
1295 3462 1375 3522 εἰς
1397 3459 1566 3530 λήϊον,
1585 3461 1693 3514 τῶν
1715 3463 1879 3515 ἀστα-

1988 3455 2151 3529 lctis,
2197 3461 2428 3532 reliquis
2474 3459 2754 3529 deceptis.
2800 3465 2858 3512 et
2921 3453 3107 3510 omnia
3167 3449 3564 3514 credentibus,

297 3544 453 3616 χύων
465 3546 592 3611 τοὺς
612 3547 978 3620 ὑπερέχοντας
1000 3551 1288 3620 ἐκτέμνειν
1311 3567 1368 3603 τε
1396 3553 1490 3605 καὶ
1521 3553 1760 3622 ῥιπτεῖν,
1789 3553 1879 3604 καὶ

1991 3571 2118 3612 cum
2170 3553 2434 3610 Romanis
2483 3547 2716 3620 captivis
2756 3555 2814 3602 et
2855 3544 3183 3614 transfugis,
3224 3555 3364 3611 quos
3398 3555 3462 3594 ea
3496 3538 3569 3595 de

297 3637 481 3703 οὕτως
534 3641 859 3712 ἀποπέμψαι
904 3643 995 3696 τὸν
1020 3642 1374 3714 ἐσταλμένον.
1415 3645 1520 3697 Τὸν
1561 3645 1619 3698 δὲ
1657 3644 1879 3699 ἐπανελ-

1994 3661 2158 3703 causa
2190 3645 2397 3699 multos
2423 3647 2698 3711 coegerat,
2731 3639 2925 3693 urbem
2958 3634 3276 3704 occupavit.
3309 3630 3569 3702 patrique

299 3731 492 3798 Θόντα,
531 3734 627 3787 καὶ
668 3735 766 3805 τήν
791 3733 886 3788 τοῦ
915 3735 1295 3806 Θρασυϐούλου
1333 3736 1644 3805 συμϐουλὴν
1670 3735 1879 3806 ἐρωτώ-

1995 3736 2246 3796 tradidit.
2273 3734 2380 3791 Sed
2407 3734 2474 3801 is,
2498 3749 2564 3789 ea
2592 3730 2704 3787 [ilio
2731 3742 3013 3794 concessa,
3045 3740 3170 3782 cum
3207 3724 3332 3779 aliis
3351 3721 3570 3793 populis

303 3843 498 3897 μενον,
525 3829 720 3892 είπεῖν,
748 3830 830 3892 είς
860 3828 1196 3900 παραπλῆγα
1216 3829 1553 3900 πεμφθῆναι,
1575 3831 1879 3899 καὶδιηγεῖ·

1994 3827 2199 3884 bellum
2225 3824 2415 3896 gessit.

301 3918 434 3972 σθαι
457 3921 558 3973 ὅσα
581 3923 786 3986 ἐκεῖνος
806 3922 1051 3994 ἐποίησε,
1078 3925 1152 3994 μή
1177 3941 1229 3976 τι
1251 3923 1386 3992 πρὸς
1402 3923 1430 3976 ὃ
1447 3924 1708 3993 ἠρωτήθη
1724 3921 2097 3992 φθεγξάμενος
2121 3934 2138 3950 ο
2161 3920 2252 3972 τὸν
2274 3917 2331 3972 δέ
2361 3934 2426 3986 γε
2450 3915 2781 3986 Περίανδρον
2807 3911 3118 3968 συνεικέναι
3156 3906 3248 3960 τὸν
3293 3903 3388 3958 τοῦ
3417 3901 3567 3994 Θρα-

307 4013 575 4068 συϐούλου
615 4015 898 4087 λογισμὸν,
930 4018 1024 4070 καὶ
1056 4018 1182 4080 τοὺς
1209 4018 1574 4088 ὑπερέχοντας
1627 4017 1735 4072 τῶν
1788 4015 2095 4085 Κορινθίων
2129 4013 2376 4074 ἅπαντας
2406 4008 2692 4064 ἀπολέσαι.
2721 4008 2830 4062 Καὶ
2858 4007 2886 4058 ὁ
2920 4004 3114 4068 Σέξτος
3137 3997 3234 4054 οὖν
3261 3995 3404 4050 οὕτω
3443 3993 3572 4054 τοὺς

304 4108 598 4174 Γαουτνους
631 4109 890 4182 μετῆλθε,
935 4114 1030 4166 καὶ
1070 4113 1195 4174 τοὺς
1243 4087 1342 4182 μὲν
1373 4087 1656 4182 κρείττους
1688 4111 1967 4177 ἀπώλλυε,
1996 4109 2075 4181 τῷ
2109 4107 2304 4178 πλήθει
2346 4105 2403 4158 δέ
2429 4104 2502 4157 τὰ
2527 4103 2678 4173 σφῶν
2715 4102 2932 4170 διένεμε
2965 4099 3246 4171 χρήματα.
3281 4089 3394 4146 Καὶ
3431 4087 3572 4159 μετᾶ

305 4199 470 4252 τοῦτο
517 4201 627 4254 τῶν
691 4201 791 4272 μὲν
835 4203 1245 4273 διαφθαρέντων
1296 4204 1419 4275 ήδη,
1448 4203 1558 4257 τῶν
1580 4204 1638 4258 δέ
1675 4204 1884 4258 λοιπῶν
1911 4201 2308 4274 ἠπατημένων,
2341 4200 2436 4253 καὶ
2471 4197 2652 4254 πάντα
2688 4195 3055 4248 πιστευόντων
3079 4189 3250 4261 αὐτῷ,
3289 4187 3430 4259 μετὰ
3460 4182 3571 4234 τῶν

305 4291 678 4364 αἰχμαλώτων
713 4295 1024 4365 Ῥωμαίων,
1054 4298 1149 4351 καὶ
1174 4297 1284 4350 τῶν
1313 4299 1649 4368 αὐτομόλων,
1681 4298 1773 4364 οὒς
1804 4299 2034 4361 πολλοὺς
2058 4297 2149 4351 διὰ
2174 4295 2334 4351 τοῦτο
2368 4295 2714 4367 συνήθροισε,
2739 4292 2973 4362 κατέσχε
3003 4291 3104 4360 τὴν
3142 4288 3318 4352 πόλιν,
3357 4284 3452 4338 καὶ
3491 4279 3572 4352 τῷ

308 4387 483 4458 πατρὶ
514 4387 888 4456 παραδέδωκε.
924 4390 1036 4442 Kal.
1064 4390 1123 4454 ὃς
1149 4389 1368 4460 ἐκείνης
1395 4391 1475 4462 τῷ
1497 4393 1598 4464 υίῷ
1625 4390 2045 4462 παρεχώρησεν,
2084 4389 2248 4454 αὐτὸς
2274 4390 2332 4444 δέ
2355 4388 2489 4460 πρὸς
2516 4387 2652 4444 ἄλλα
2685 4383 3028 4454 ἐπολέμησεν
3061 4381 3215 4450 ἐθνη.

384 4477 490 4534 ιιν.
518 4478 660 4541 Τοὺς
709 4478 766 4531 δὲ
817 4479 917 4546 τῆς
948 4478 1213 4550 Σιϐύλλης
1263 4481 1548 4552 χρησμοὺς
1597 4482 1879 4553 Ῥωμαίοις

2065 4480 2163 4536 XI.
2199 4478 2471 4535 Caeterum
2524 4477 2747 4532 oracula
2777 4473 3044 4545 Sibyllina
3095 4471 3182 4526 vel
3233 4469 3440 4524 invitus
3467 4481 3572 4537 po-

310 4570 410 4634 καὶ
435 4570 1083 4641 ἃκωνπροσεποιήσατο.
1117 4571 1258 4643 Γυνὴ
1298 4573 1408 4644 γάρ
1438 4591 1522 4637 τις
1576 4573 1879 4643 θεόμαντιςη

1999 4573 2130 4643 pulo
2182 4572 2432 4627 Romano
2467 4569 2831 4640 comparavit.
2884 4565 3078 4620 Hulicr
3127 4563 3274 4618 enim
3322 4560 3572 4632 quaedam

307 4663 380 4734 ἢν
399 4661 668 4718 manu
693 4659 1000 4731 ὠνόμαζον,
1025 4663 1083 4724 ἐς
1108 4662 1209 4732 τήν
1248 4661 1472 4734 Ῥώμην
1504 4662 1758 4734 ἐλήλυθε,
1810 4661 1879 4732 βι-

1998 4663 2241 4728 fatidica,
2274 4678 2436 4733 quam
2467 4661 2727 4734 Sibyllam
2752 4658 3096 4722 nominabat,
3129 4657 3354 4712 Romam
3391 4669 3451 4710 ιιι
3477 4660 3576 4708 aut

309 4755 442 4822 σλία
473 4755 602 4824 τρία
632 4754 664 4825 ἢ
697 4753 856 4810 ἐννέα
886 4753 1151 4823 φέρουσα,
1178 4754 1471 4810 καὶταῦτα
1500 4754 1768 4826 πρίασθαι
1816 4754 1879 4827 τᾷ

1999 4771 2056 4812 1x
2107 4755 2284 4811 libros
2327 4754 2546 4818 allatos,
2575 4752 2881 4824 Tarquinio
2909 4759 3063 4807 certo
3121 4749 3302 4820 pretio
3328 4746 3573 4812 venales,

309 4847 610 4920 Ταρκυνίῳ
649 4846 844 4911 ἐδίδου,
877 4846 976 4900 καὶ
1007 4844 1108 4917 τήν
1136 4847 1302 4918 τιμὴν
1340 4847 1451 4901 τῶν
1507 4846 1730 4919 βιϐλίων
1761 4845 1879 4918 ὡρί-

1998 4847 2308 4920 proposuit.
2334 4847 2431 4903 Illo
2459 4861 2594 4902 vero
2641 4844 3118 4917 eam-negligente,
3168 4841 3256 4898 vel
3285 4855 3452 4896 unum
3483 4835 3577 4899 vel,

311 4955 468 4994 σατο.
518 4937 759 4992 ’Έκείνου
791 4936 849 4990 δέ
883 4937 958 5007 μὴ
991 4937 1431 5008 προσεσχηκότος
1461 4939 1623 5010 αὐτῇ,
1651 4938 1712 4992 τὸ
1760 4936 1818 4990 ἓν
1861 4937 1879 4988 i

2001 4955 2112 5000 tres
2165 4943 2339 4998 libros
2384 4941 2614 4997 exussit.
2675 4941 2746 4996 Ut
2798 4939 2999 4995 iterum
3035 4953 3065 4992 a
3122 4953 3254 5006 rege
3314 4934 3578 5003 despecta

310 5031 380 5086 τὰ
407 5030 538 5102 τρία
560 5028 669 5082 τῶν
700 5027 923 5097 βιϐλίων
973 5029 1339 5083 κατέκαυσεν.
1392 5029 1482 5091 Ὦς
1510 5028 1556 5082 δ’
1588 5027 1746 5090 αὖθις
1793 5043 1879 5080 κα-

1998 5044 2104 5098 est,
2147 5049 2216 5088 ex
2250 5034 2480 5103 reliquis
2515 5033 2744 5087 totidem
2775 5031 3040 5088 abolevit.
3093 5030 3232 5084 Cum
3259 5037 3444 5083 autem
3476 5037 3582 5079 eos

307 5116 620 5187 τωλιγώρει
668 5115 839 5184 αὐτῆς
887 5117 916 5169 ό
971 5116 1297 5188 Ταρκύνιος,
1321 5117 1468 5170 κακὰ
1526 5116 1638 5170 τῶν
1690 5115 1879 5170 λοιπῶη

1998 5126 2166 5180 etiam
2196 5126 2290 5195 qui
2333 5124 2616 5180 restabant
2639 5137 2952 5180 crematum
2975 5130 3144 5186 esset,
3176 5132 3412 5190 augures
3435 5132 3566 5171 olim

311 5212 516 5281 ὁμοίως
562 5211 860 5284 διέφθειρε.
900 5209 1220 5281 Μελλούσης
1247 5208 1429 5262 δὲκαὶ
1477 5207 1548 5262 τὰ
1601 5208 1684 5262 ἔτι
1736 5207 1879 5262 λοιπέ

2001 5217 2242 5286 reliquos
2293 5231 2478 5272 emere
2532 5223 2883 5286 coegerunt:
2949 5215 3120 5283 idque
3167 5210 3323 5272 tanti,
3378 5207 3571 5277 quanti

311 5303 700 5373 καταφλέξειν,
721 5305 1042 5374 ἠνάγκασαν
1071 5305 1235 5358 αὐτὸν
1262 5303 1312 5356 οἱ
1333 5300 1636 5367 οίωνισταὶ,
1665 5301 1735 5355 τὰ
1761 5300 1879 5368 γοῢι

2002 5307 2292 5362 universos
2314 5322 2507 5376 parare
2535 5306 2825 5376 potuisset.
2884 5306 2992 5360 Eos
3023 5303 3198 5358 libros
3222 5299 3442 5355 duobus
3487 5313 3576 5354 sc-

313 5399 604 5470 σωζόμενα
651 5399 940 5470 πρίασθαι.
998 5398 1111 5453 Καὶ
1161 5397 1416 5468 ὠνήσατο
1443 5395 1637 5459 ταῦτα,
1667 5395 1793 5449 ὅσου
1831 5396 1879 5448 τέ

2004 5395 2294 5450 natorihus
2343 5396 2706 5452 asservandos
2771 5393 2996 5450 tradidit
3042 5409 3057 5448 :
3113 5392 3320 5462 quique
3365 5391 3572 5462 scripta

1485 5559 1682 5623 Varia)
1710 5557 2018 5622 lectiones
2064 5564 2126 5620 et
2170 5568 2361 5624 notae.

391 5691 532 5763 (ετ)
556 5690 824 5763 Κωδιᾷας.
845 5688 987 5763 Vide
1009 5688 1239 5763 Henric.
1288 5688 1566 5748 Valesium
1597 5674 1876 5755 ad'Harpo

1981 5684 2210 5754 tionem,
2249 5703 2369 5759 pag.
2409 5684 2653 5751 50l,ubi
2679 5683 2748 5739 de
2775 5681 2878 5736 hac
2906 5693 3064 5736 voce.

392 5761 517 5833 (88)
553 5761 880 5830 Ἡρόδοτος.
908 5762 1028 5818 Lib.
1065 5777 1106 5829 1,
1138 5776 1193 5832 p.
1217 5762 1271 5817 9.
