4002 6250
521 287 630 352 575

1805 279 2127 342 JOANNIS
2161 276 2485 337 ΖΟΝΑΒίῈ

3671 272 3780 337 576

519 397 610 450 illa
643 409 756 450 non
795 394 931 450 satis
971 400 1424 463 assequerentur,
1474 389 1615 445 duos
1655 389 1807 444 viros
1832 407 1862 444 e
1894 389 2095 445 Graecia

2207 385 2386 440 πάντα
2417 383 2721 453 κτήσασθαι
2751 381 2965 452 ἔμελλε,
3003 382 3098 436 καὶ
3154 381 3266 436 δύω
3313 372 3639 453 βουλευταῖς
3699 387 3784 438 άν-

521 487 778 542 mercede
801 486 1237 547 accersiverunt,
1265 484 1358 553 qui
1390 499 1487 538 eos
1519 482 1791 552 legerent,
1817 491 1979 550 atque
2011 482 2097 533 in-

521 587 980 649 terpretarentur.
1015 577 1258 632 Finitimi
1312 585 1494 632 autem
1528 575 1894 646 cognoscendi
1932 573 2098 638 avidi,

521 672 654 740 quid
695 671 760 725 iis
808 670 962 725 libris
1008 671 1414 734 contineretur,
1460 668 1634 722 altero
1679 666 1968 721 custodum
2028 665 2097 718 Μ.

520 761 736 830 Aquilio
771 762 1156 831 largitionibus
1208 769 1495 830 corrupto,
1535 759 1786 830 quaedam
1839 757 2101 813 transcri-

519 860 767 920 pserunt.
791 849 911 916 Qun
938 849 1184 904 facinore
1215 848 1456 920 euguito,
1508 848 1722 908 Marcus
1751 848 1911 902 culeo
1949 845 2103 900 insu-

524 952 636 1006 tus,
677 951 840 1011 atque
875 943 1198 996 submersus
1227 949 1334 996 est.
1364 940 1422 994 Id
1471 940 1727 1010 supplicii
1757 954 1930 1010 genus
1977 944 2101 1007 post

522 1031 579 1086 in
612 1033 904 1101 parricidis
944 1033 1295 1088 observatum
1331 1051 1346 1086 :
1386 1041 1446 1087 ut
1497 1047 1676 1100 neque
1702 1041 1870 1095 terra,
1920 1045 2100 1098 neque

521 1139 685 1192 aqua,
717 1140 895 1194 neque
934 1126 1014 1179 sol
1049 1141 1240 1180 eorum
1273 1133 1451 1180 morte
1502 1125 1904 1193 inquinaretur.
1941 1123 2103 1177 Tem—

520 1215 670 1283 plum
699 1216 754 1270 in
782 1226 966 1270 monte
998 1215 1234 1284 Tarpeio
1285 1231 1352 1270 ex
1404 1217 1574 1284 patris
1606 1222 1734 1268 voto
1783 1211 2096 1268 aedificavit.

517 1306 656 1360 Cum
691 1322 824 1362 vero
862 1315 1010 1361 terra
1035 1307 1102 1360 ad
1149 1306 1508 1361 fundamenta
1529 1305 1782 1377 jacienda
1825 1303 2102 1360 effodere-

520 1407 633 1462 tur,
659 1399 763 1452 viri
799 1414 993 1453 recens
1040 1399 1240 1453 mortui
1275 1401 1452 1468 capite
1497 1399 1758 1458 invento.
1791 1397 1935 1463 quod
1975 1411 2103 1452 san-

517 1491 638 1558 guis
678 1491 920 1544 nondum
944 1491 1289 1554 destituerat,
1336 1489 1573 1544 Romani
1614 1489 1962 1561 Tyrrhenum
2007 1503 2102 1542 va-

531 1591 644 1636 tem
681 1584 986 1650 percontati
1039 1593 1189 1647 sunt,
1225 1583 1355 1652 quid
1388 1583 1787 1652 portenderet?
1814 1581 1884 1636 At
1911 1582 2004 1636 ille
2036 1581 2090 1635 id

519 1674 736 1742 signum
760 1674 814 1728 in
835 1674 1196 1746 Tyrrheniam
1227 1675 1611 1739 translaturus,
1637 1683 1849 1729 certum
1872 1676 1928 1728 in
1951 1683 2096 1728 terra

2202 478 2367 550 δράσι
2401 476 2702 544 φυλάσσειν
2731 476 3069 547 παρέδωκεν.
3113 477 3203 536 Ὦς
3223 477 3268 528 δ’
3295 477 3354 528 οὐ
3383 478 3526 530 πάνυ
3556 477 3668 530 τῶν
3696 494 3782 546 γε-

2201 569 2539 640 γραμμένων
2576 567 2852 631 συνίεσαν,
2885 571 2964 630 εἰς
3013 568 3114 637 τὴν
3158 566 3390 621 Ἑλλάδα
3449 570 3782 636 στείλαντες,

2201 661 2310 713 δύω
2346 660 2546 730 ἄνδρας
2571 661 2782 712 ἐκεῖθεν
2821 658 3016 728 μισθοῦ
3053 660 3283 729 ήγαγον,
3313 659 3442 719 τοὺς
3475 662 3787 727 ἀναγνωσο-

2205 753 2398 820 μένους
2425 750 2598 804 ταῦτα
2657 751 2752 804 καὶ
2801 749 3261 820 ἑρμηνεύσοντας.
3315 752 3377 804 Οί
3425 751 3481 802 δὲ
3519 753 3786 822 περίοικοι

2205 846 2394 917 μαθεῖν
2425 845 2804 914 ἐθελήσαντες,
2838 845 2866 896 ὃ
2897 861 2948 895 τι
2979 843 3112 896 ποτέ
3141 843 3202 896 τὸ
3246 843 3334 895 διὰ
3397 843 3505 896 τῶν
3568 843 3786 912 βιϐλίων

2202 938 2288 1008 εἴη
2317 937 2666 1009 δηλούμενον,
2697 937 2789 989 τὸν
2819 937 2905 989 Et:
2917 954 3009 1007 ρον
3039 937 3150 988 τῶν
3201 936 3595 1004 φυλασσόντων
3650 939 3785 994 αὐτᾶ

2202 1033 2430 1102 Μάρκον
2463 1032 2732 1085 Ἀκίλλιον
2761 1033 3042 1101 χρήμασιν
3065 1031 3487 1094 ἀναπείσαντες,
3520 1033 3783 1101 μετεγρὰ-

2201 1124 2374 1194 ψαντό
2431 1140 2574 1177 τινα.
2629 1123 2968 1184 Γνωσθέντος
3022 1122 3079 1175 δὲ
3148 1123 3242 1174 τοῦ
3303 1122 3489 1191 ἔργου,
3559 1125 3588 1172 ὁ
3631 1125 3784 1192 Μάρ-

2201 1230 2295 1276 κος
2321 1214 2431 1266 δύω
2460 1213 2687 1283 βύρσαις
2720 1213 3114 1284 συρῤαφείσαις
3160 1213 3480 1284 ἐμϐληθεὶς,
3515 1231 3785 1267 κατεπον-

2200 1303 2369 1374 τώθη,
2398 1305 2426 1356 δ
2452 1303 2512 1369 ἐξ
2540 1303 2750 1357 ἐκείνου
2783 1304 3079 1373 μετέπειτα
3122 1305 3264 1357 κατὰ
3323 1307 3430 1356 τῶν
3484 1308 3785 1374 πατροκτό-

2201 1412 2308 1448 νων
2337 1396 2688 1467 ἐπεκράτησε
2722 1394 2992 1463 γίνεσθαι,
3032 1395 3122 1448 ἵνα
3155 1397 3292 1466 μήτε
3329 1399 3362 1464 ἡ
3385 1396 3480 1464 γῆ,
3529 1399 3670 1466 μήτε
3729 1400 3787 1450 τὸ

2202 1488 2369 1557 ὕδωρ,
2403 1489 2539 1558 μήτε
2567 1489 2770 1557 ὀῆλιος
2812 1487 3010 1558 μιανθῇ
3066 1487 3233 1541 αὐτοῦ
3277 1489 3636 1558 θνήσκοντος.
3686 1491 3786 1542 Τὸν

2200 1579 2258 1633 δὲ
2291 1577 2426 1631 νεὼν
2456 1579 2547 1632 τὸν
2575 1580 2632 1632 ἐν
2653 1578 2734 1650 τῷ
2761 1580 3021 1649 Ταρπεῒῳ
3049 1580 3166 1650 ὅρει
3201 1583 3344 1633 κατὰ
3398 1583 3498 1651 τὴν
3537 1581 3633 1634 τοῦ
3685 1601 3788 1634 παι

2201 1671 2329 1742 τρὸς
2359 1671 2523 1741 εὐχὴν
2557 1671 2848 1742 ᾠκοδόμει.
2880 1671 2996 1740 Τῆς
3021 1671 3079 1724 δὲ
3129 1676 3234 1744 γῆς
3257 1674 3339 1734 είς
3365 1672 3465 1744 τὴν
3493 1675 3605 1726 τῶν
3628 1675 3790 1743 θεμε·

520 1766 758 1835 spatium
791 1732 1100 1838 designavit
1129 1786 1142 1821 :
1171 1767 1227 1822 in
1261 1782 1440 1837 eoque
1486 1768 1672 1822 Romae
1703 1767 1809 1822 situ
1857 1775 1916 1822 et
1960 1765 2095 1820 Tar-

2204 1732 2334 1814 λίων
2376 1732 2685 1832 κατασολὴν
2723 1732 3242 1833 ἀναρρηγνυμένης,
3265 1732 3457 1834 ἀνδρδς
3501 1732 3791 1834 νεοθνῆτος

519 1859 645 1928 peio
673 1868 860 1916 monte
901 1862 1138 1926 incluso,
1178 1862 1390 1932 legatos
1417 1863 1650 1933 rogavit,
1704 1865 1786 1916 An
1822 1877 1885 1916 ea
1934 1861 2102 1916 Roma

2203 1852 2418 1923 κεφαλὴ
2452 1852 2695 1920 ἀνεφάνη
2743 1851 2968 1921 ἐναιμος
3004 1853 3108 1907 ἑτι.
3166 1855 3462 1926 Ἐπεμψαν
3513 1857 3607 1909 οὖν
3652 1860 3792 1910 Ῥωο

517 1958 650 2004 esset
673 1952 698 2003 ?
726 1969 797 2006 an
817 1953 862 2005 is
888 1968 1039 2006 mons
1067 1961 1198 2007 esset
1222 1953 1248 2007 ?
1269 1969 1340 2008 an
1364 1960 1522 2019 caput
1545 1953 1616 2007 ibi
1635 1955 1904 2008 inuentum
1931 1952 2095 2022 esset]!

2207 1947 2356 2014 μαϊοι
2422 1941 2560 2014 πρὸς
2587 1941 2760 2013 ἄνδρα
2813 1941 3098 2012 Τυρσηνὸν
3155 1946 3588 2013 τερατοσκόπον,
3653 1947 3795 2016 ἐρωο

519 2050 580 2096 ιιι
612 2043 718 2097 illis
750 2043 882 2099 nihil
918 2045 1358 2116 suspicantibus,
1396 2057 1454 2102 et
1487 2046 1562 2101 ita
1601 2061 1726 2102 esse
1777 2045 2102 2102 afﬁrmanti-

520 2137 643 2198 bus,
671 2137 820 2192 illius
853 2140 1092 2208 portenti
1123 2141 1209 2196 vis
1239 2141 1294 2196 in
1323 2156 1451 2196 eum
1503 2141 1709 2206 locum,
1756 2141 1812 2195 in
1843 2155 1954 2210 quo
2000 2138 2101 2194 de-

517 2225 748 2295 scriptio
777 2227 920 2281 facta
945 2238 1109 2293 esset,
1143 2231 1561 2287 transferretur.
1608 2231 1717 2287 Sed
1746 2231 1907 2302 332
1937 2231 2101 2302 legati

518 2317 590 2370 ab
607 2317 753 2372 illius
778 2320 890 2374 lilio
909 2319 1159 2376 fraudem
1186 2324 1342 2393 prius
1361 2323 1566 2388 edocti,
1589 2339 1713 2380 cum
1733 2333 2060 2394 rogarentur
2085 2341 2098 2378 :

520 2403 647 2460 Non
683 2409 786 2470 hic,
841 2411 1123 2479 inquiunt,
1167 2412 1336 2470 Roma
1387 2415 1603 2481 colitur,
1633 2418 1727 2470 sed
1753 2416 1808 2469 in
1837 2414 2051 2470 Palatio
2081 2432 2100 2469 :

517 2506 569 2552 et
601 2515 748 2552 mons
777 2499 956 2556 Roma:
981 2513 1079 2570 est,
1111 2513 1160 2558 et
1205 2515 1364 2576 caput
1395 2509 1452 2562 in
1479 2516 1656 2562 monte
1705 2509 1799 2563 illo
1833 2510 2103 2563 inventum

519 2597 616 2644 est.
647 2589 797 2647 Vatis
827 2594 1127 2652 calliditate
1156 2597 1258 2652 hac
1292 2601 1507 2655 ratione
1531 2601 1711 2666 elusa,
1744 2617 1966 2658 omnem
2003 2618 2101 2658 ve-

517 2679 734 2738 ritatem
789 2684 1123 2754 didicerunt,
1172 2699 1233 2744 et
1269 2691 1486 2748 civibus
1531 2693 1650 2749 suis
1692 2696 2102 2763 renuntiarunt,

526 2791 624 2832 eos
652 2777 770 2833 fore
806 2781 1242 2848 potentissimos,
1296 2793 1355 2837 et
1400 2785 1655 2854 plurimis
1709 2787 2100 2856 imperaturos.

2201 2036 2404 2100 τῶντες
2428 2035 2488 2088 τὸ
2515 2033 2605 2089 διὰ
2638 2033 2732 2087 τοῦ
2773 2033 3054 2102 Ιφανέντος
3106 2035 3456 2104 δηλούμενον.
3501 2038 3561 2090 '0
3620 2038 3676 2090 δέ
3735 2039 3796 2092 τὸ

2207 2131 2436 2202 σημεῖον
2465 2130 2545 2192 είς
2576 2129 2676 2200 τὴν
2702 2126 3014 2199 Τυρσηνίδα
3043 2131 3359 2200 μεταθεῖναι
3383 2147 3602 2200 μηχανή
3614 2132 3722 2201 σάρ
3734 2148 3794 2183 ε-

2203 2239 2316 2286 νος,
2366 2221 2695 2291 διάγραμμα
2739 2221 2833 2273 ἐπὶ
2887 2221 2989 2291 τῆς
3045 2222 3149 2290 γῆς
3186 2223 3508 2292 ἐποιήσατο,
3563 2224 3657 2275 καὶ
3712 2225 3795 2286 εἰς

2205 2313 2336 2366 αὐτὸ
2364 2313 2464 2380 τήν
2495 2330 2555 2366 τε
2578 2313 2677 2382 τῆς
2717 2312 2940 2384 Ῥώμης
2971 2313 3122 2366 θέσιν
3146 2315 3409 2378 ἐντείνας,
3439 2316 3618 2367 καὶτὸ
3648 2317 3796 2381 Ταρ-

2204 2407 2357 2460 πεῖον
2412 2405 2560 2476 δρος,
2618 2405 2812 2476 ἔμελλε
2874 2408 2998 2468 τοὺς
3045 2407 3306 2476 πρέσεεις
3349 2409 3666 2478 ἀνερέσθαι,
3727 2409 3798 2463 Ἢ

2217 2498 2415 2568 Ῥώμη
2449 2499 2601 2566 αὕτη
2638 2499 2774 2552 ἐστι
2795 2515 2815 2562 ;
2850 2501 2914 2551 τὸ
2934 2498 3068 2567 ὄρος
3094 2497 3272 2553 τοῦτό
3290 2500 3460 2564 ἐστι;
3489 2501 3529 2565 ἢ
3554 2502 3796 2569 κεφαλὴ

2202 2588 2726 2657 ἐνταῦθαεύρέθη;
2758 2589 2828 2644 ἶν’
2855 2590 3079 2643 ἐκείνων
3125 2589 3292 2659 μηδὲν
3323 2591 3795 2660 ὑποτοπησάντων

2207 2682 2304 2736 καὶ
2339 2683 2750 2752 συμφησάντων
2775 2683 2806 2751 ἡ
2837 2682 3067 2753 δύναμις
3087 2681 3184 2735 τοῦ
3214 2683 3448 2754 σημείου
3481 2687 3564 2748 είς
3587 2685 3652 2737 τὸ
3682 2704 3794 2756 χωρ

2209 2773 2342 2844 ρίον,
2399 2777 2458 2828 ἐν
2509 2767 2554 2842 ᾧ
2599 2774 2989 2847 διεγέγραπτο,
3049 2775 3372 2846 μετασταίη.
3431 2778 3541 2829 Καὶ
3600 2779 3630 2827 ὁ
3697 2777 3795 2846 μὲν

517 2867 690 2938 Igitur
718 2871 834 2928 haec
865 2887 1084 2941 quoque
1113 2889 1202 2928 res
1239 2874 1500 2930 ﬁduciam
1532 2878 1756 2933 illorum
1817 2881 1993 2942 auxit,
2048 2890 2095 2935 el

2204 2866 2378 2921 ταῦτα
2407 2868 2736 2937 ἐτεχνήσατο
2761 2882 2776 2897 ·
2807 2866 2936 2920 οἱδέ
3003 2868 3269 2935 πρέσϐεις
3309 2871 3462 2939 παρά
3516 2868 3613 2921 τοῦ
3645 2871 3794 2932 υἱέος

517 2975 679 3017 mons
730 2978 798 3018 ex
830 2978 899 3020 eo
945 2966 1277 3039 Capitolium
1309 2978 1394 3024 est
1432 2970 1757 3040 appellatus.
1787 2970 1924 3038 Quia
1973 2987 2095 3027 vero

2206 2961 2418 3014 ἐκείνου
2474 2961 2744 3028 μαθόντες
2790 2962 2852 3014 τὸ
2881 2964 3187 3034 τέχνασμα,
3233 2965 3582 3034 ἐρωτώμενοι
3615 2982 3631 2998 ·
3671 2970 3795 3020 Οὐκ

517 3053 853 3125 Tarquinius
877 3059 944 3114 ad
979 3063 1168 3131 templi
1191 3062 1686 3118 “aedificationem
1711 3064 1948 3134 pecunia
1975 3080 2095 3136 age-

2204 3055 2464 3109 ἐνταῦθα
2510 3053 2755 3108 οἰκεῖται
2801 3055 2839 3121 ἠ
2879 3054 3090 3126 Ῥώμη,
3127 3057 3262 3111 ἀλλ’
3287 3058 3358 3110 ἐν
3386 3056 3467 3123 τῷ
3494 3062 3794 3123 Παλατίῳ,

517 3143 639 3211 bat,
692 3147 1028 3207 Ardeatibus
1061 3153 1212 3208 illato
1238 3153 1402 3220 bello,
1443 3169 1624 3224 neque
1672 3154 1963 3224 pecuniam
1997 3171 2098 3210 ac-

515 3236 766 3305 quisivit,
797 3249 855 3294 et
879 3257 1052 3312 regno
1073 3245 1302 3301 excidit.
1329 3244 1462 3312 Quae
1493 3246 1778 3301 calamitas
1805 3262 1873 3302 ex
1911 3247 2099 3317 prodi-

517 3325 624 3394 giis
655 3337 742 3382 est
797 3333 1238 3404 praesignificata.
1266 3335 1402 3391 Nam
1443 3347 1504 3392 et
1538 3337 1792 3392 vultures
1821 3350 1891 3391 ex
1926 3337 2097 3394 hortis

515 3417 638 3486 ejus
664 3420 845 3488 pullos
865 3424 1175 3494 aquilarum
1204 3429 1539 3498 expulerunt
1567 3447 1580 3482 :
1605 3438 1662 3484 et
1691 3429 1884 3502 anguis
1903 3431 2097 3503 ingens

514 3519 548 3560 e
577 3510 844 3575 conclavi,
909 3513 964 3568 in
994 3531 1106 3586 quo
1155 3532 1282 3573 cum
1339 3520 1534 3578 amicis
1565 3523 1990 3591 convivabatur,
2038 3532 2097 3580 et

514 3598 696 3669 ipsum
724 3612 780 3658 et
808 3608 1068 3663 convivas
1099 3609 1330 3681 fugavit.
1360 3613 1433 3668 lis
1455 3614 1524 3670 de
1573 3615 1759 3671 causis
1810 3616 1998 3672 Titum
2036 3625 2096 3672 et

513 3690 784 3744 Aruntem
819 3691 981 3760 filios,
1013 3696 1255 3768 Delphos
1275 3701 1448 3757 misit.
1483 3702 1697 3770 Quibus
1731 3721 1858 3765 cum
1900 3707 2096 3776 Apollo

513 3782 909 3852 respondisset,
956 3795 1070 3843 tum
1099 3805 1226 3846 eum
1256 3791 1548 3864 imperium
1579 3798 1938 3865 amissurum,
1964 3815 2091 3855 cum

508 3873 664 3926 cunis
708 3876 948 3933 linznana
1016 3897 1153 3937 voce
1200 3885 1548 3956 loqueretur,
1621 3906 1719 3961 spe
1781 3893 1928 3947 bona
1987 3893 2094 3948 sibi

511 3961 795 4022 blanditus
847 3979 952 4038 est,
992 3989 1276 4044 nunquam
1329 3979 1384 4033 id
1433 3983 1718 4037 oraculum
1763 3995 2093 4039 eventurum

511 4061 685 4112 ratus.
705 4054 838 4113 Erat
861 4070 1042 4117 autem
1069 4063 1132 4119 L.
1153 4064 1366 4127 Junius.
1392 4070 1597 4125 sororis
1621 4070 1903 4141 Tarquinii
1927 4072 2091 4137 filius,

513 4149 675 4218 cujus
723 4160 932 4218 patrem
985 4161 1042 4208 et
1067 4158 1292 4213 fratrem
1338 4169 1606 4232 tyrannus
1663 4165 1987 4220 sustulerat.
2043 4165 2095 4222 ls

513 4239 641 4296 vitae
657 4258 768 4298 sua:
796 4243 1019 4314 timens,
1047 4249 1332 4307 stultitiam
1362 4253 1663 4322 simulavit,
1685 4257 1846 4327 cujus
1865 4257 2092 4312 numine

514 4334 689 4388 tutior
726 4346 875 4393 esset
907 4358 922 4394 :
960 4343 1109 4398 unde
1132 4344 1288 4401 Bruti
1313 4363 1518 4404 nomen
1538 4360 1622 4405 est
1650 4349 1907 4421 adeptus,
1943 4354 2088 4422 quod

2206 3146 2305 3200 καὶ
2335 3146 2400 3200 τὸ
2435 3146 2572 3214 ὅρος
2601 3146 2671 3199 ἐν
2703 3145 2779 3213 τῇ
2817 3147 3120 3216 Ῥωμαίων
3152 3149 3304 3214 ἐστὶ,
3335 3151 3431 3203 καὶ
3467 3151 3506 3217 ἠ
3552 3153 3793 3220 κεφαλὴ

2203 3240 2275 3295 ἐν
2304 3238 2383 3306 τῷ
2408 3239 2530 3308 ὄρει
2559 3241 2773 3308 ἐκείνῳ
2801 3240 3035 3309 εὑρέθη.
3068 3240 3226 3295 Οὕτω
3249 3243 3304 3294 δὲ
3329 3242 3407 3313 τῷ
3460 3248 3794 3315 τερατοσκόο

2205 3353 2293 3407 πῳ
2325 3335 2780 3406 διυρουσθέντος
2828 3335 2924 3390 τοῦ
2955 3341 3378 3408 μηχανήματος,
3435 3342 3621 3393 πᾶσαν
3652 3343 3795 3394 ἐκεῖ.

2204 3445 2286 3482 νοι
2311 3429 2414 3498 τὴν
2437 3429 2698 3499 ἀλήθειαν
2722 3427 2948 3498 ἔμαθον,
2976 3430 3069 3483 καὶ
3094 3431 3206 3492 τοῖς
3237 3429 3488 3494 πολίταις
3527 3433 3795 3502 ἀνήγγει-

2203 3521 2324 3585 λαν,
2365 3523 2448 3574 ὅτι
2483 3522 2771 3592 κράτιστοι
2804 3522 3041 3585 ἔσονται,
3075 3523 3170 3576 καὶ
3195 3522 3467 3577 πλείστων
3504 3525 3792 3595 ἄρξουσιν.

2216 3613 2404 3675 Ἐλπὶς
2435 3612 2532 3666 οῦν
2563 3615 2671 3667 κάκ
2708 3613 2901 3666 τούτου
2932 3613 3120 3676 αὐτοῖς
3148 3615 3534 3684 προσεγένετο,
3559 3618 3794 3671 κάντεῦ-

2203 3704 2296 3760 θεν
2324 3705 2386 3759 τὸ
2408 3706 2535 3774 ὅρος
2564 3705 2972 3776 μετωνομάσθη
3006 3706 3140 3775 παρ’
3185 3706 3365 3759 αὐτῶν
3415 3707 3786 3762 Καπιτιτιλιον.

2202 3796 2430 3850 Καπίτα
2454 3795 2563 3867 γάρ
2592 3799 2658 3866 τῇ
2706 3794 2998 3866 Ῥωμαίων
3033 3795 3302 3866 διαλέκτῳ
3354 3797 3386 3866 ἡ
3428 3797 3646 3869 κεφαλὴ
3670 3799 3792 3851 ὀνο-

2204 3888 2458 3958 μάζεται.
2500 3887 2728 3958 Δεηθεὶς
2759 3888 2816 3941 δέ
2852 3887 3150 3958 χρημάτων
3211 3888 3291 3950 είς
3339 3888 3438 3958 τὴν
3491 3889 3791 3959 οἰκοδομὴν

2200 3979 2330 4034 ναοῦ
2369 3981 2397 4032 ὁ
2437 3979 2764 4050 Ταρκύνιος,
2823 3979 3144 4048 Ἀρδεάταις
3201 3981 3472 4049 ἐπήνεγκε
3523 3982 3790 4049 πόλεμον,

2199 4072 2324 4125 ὅθεν
2346 4071 2472 4124 οὔτε
2497 4071 2601 4142 χρή
2612 4088 2760 4137 ματα
2781 4071 3217 4141 προσεκτήσατο,
3250 4071 3344 4123 καὶ
3371 4071 3472 4139 τῆς
3505 4071 3790 4142 βασιλείας

2197 4164 2451 4230 ἐξέπεσε.
2482 4161 2748 4228 Γεγόνασι
2786 4161 2832 4214 δ’
2867 4162 3018 4232 αὐτῷ
3053 4165 3148 4216 καὶ
3181 4163 3383 4233 σημεῖά
3441 4181 3564 4218 τινα
3613 4165 3786 4234 δηλωο

2197 4256 2324 4309 τικά
2363 4254 2462 4325 τῆς
2485 4252 2839 4316 ἐκπτώσεως.
2879 4254 2984 4308 Ἐκ
3010 4271 3068 4306 τε
3104 4255 3213 4324 γάρ
3241 4253 3336 4307 τοῦ
3381 4255 3564 4322 κήπου
3616 4257 3788 4309 αὑτοῦ

2197 4349 2373 4417 γῦπες
2400 4347 2654 4409 νεοσσοὺς
2681 4346 2954 4416 ἐξήλασαν
2999 4347 3196 4399 ἀετῶνο
3225 4345 3319 4399 καὶ
3369 4346 3430 4411 ἐξ
3488 4348 3789 4417 ἀνδρῶνος,

511 4422 726 4480 fatuum
777 4428 1073 4500 significat.
1123 4436 1205 4492 Ob
1231 4453 1353 4492 eam
1389 4441 1636 4496 stultitia:
1683 4442 2092 4500 simulationem

2200 4443 2257 4495 ἐν
2287 4441 2332 4512 ᾧ
2375 4441 2718 4494 συνειστιᾶτο
2744 4440 2941 4508 φίλοις,
2975 4439 3097 4506 ὄφις
3147 4443 3326 4508 μέγας
3358 4441 3651 4507 ἐπιφανεὶς
3684 4443 3782 4494 αύο

514 4531 544 4570 a
598 4515 917 4589 Tarquiniis
976 4524 1217 4596 Delphos
1257 4528 1481 4597 ductus,
1535 4534 1844 4590 ludibrium
1898 4537 2090 4592 verius

512 4621 681 4678 quam
739 4625 974 4674 comes:
1013 4618 1116 4672 etsi
1165 4619 1532 4689 proﬁtebatur
1582 4639 1641 4679 se
1689 4625 1795 4680 deo
1834 4627 2089 4682 baculum

511 4700 660 4758 dono
687 4704 951 4774 laturum,
988 4707 1044 4764 in
1076 4726 1187 4780 quo
1237 4727 1365 4768 cum
1408 4715 1550 4770 nihil
1600 4727 1891 4786 appareret
1931 4717 2086 4785 boni,

509 4808 576 4850 ea
601 4811 823 4868 quoque
854 4798 922 4855 de
970 4816 1138 4858 causa
1169 4804 1478 4864 ridebatur.
1525 4809 1729 4865 Verum
1762 4825 1828 4865 ea
1879 4826 1941 4866 re
1991 4827 2091 4881 per

508 4891 772 4962 ambages
799 4892 1031 4965 clligiem
1077 4900 1369 4967 quamdam
1407 4900 1611 4972 ingenii
1639 4901 1726 4957 sui
1786 4918 2092 4972 represen-

510 4981 686 5039 tabat.
716 4983 852 5039 Nam
883 5001 952 5042 eo
1000 4999 1294 5056 excavata,
1329 4993 1469 5048 clam
1507 5009 1704 5048 aurum
1758 4995 2084 5052 infuderat:

512 5083 571 5129 ut
598 5076 937 5145 ostenderet,
961 5079 1239 5150 ingenium
1266 5099 1488 5154 quoque
1521 5100 1684 5140 suum
1723 5086 2000 5158 integrum
2031 5097 2090 5143 et

510 5166 840 5225 honorabile
885 5172 989 5227 sub
1043 5173 1409 5244 ignominioso
1459 5179 1707 5234 stultitiae
1775 5182 2088 5238 velamento

507 5259 852 5316 delitescere.
884 5261 1342 5322 Adolescentibus
1377 5283 1544 5339 porro
1575 5271 2081 5342 interrogantibus,

506 5353 634 5420 quis
659 5357 798 5424 patri
829 5361 1189 5415 successurus
1214 5368 1356 5416 esset
1383 5360 1406 5414 ?
1439 5362 1744 5432 Respondit
1775 5365 1934 5427 deus,
1959 5381 2086 5420 eum

508 5445 602 5512 qui
640 5456 869 5502 matrem
911 5451 1066 5517 prius
1103 5453 1472 5520 oscularetur,
1523 5471 1706 5510 rerum
1752 5457 2084 5526 potiturum.

507 5536 628 5601 Quo
659 5539 864 5594 Brutus
903 5542 1208 5606 intellecto,
1239 5555 1465 5613 terram,
1499 5549 1654 5617 quasi
1701 5549 1928 5604 fortuito
1959 5565 2088 5619 pro-

507 5625 719 5697 lapsus,
751 5630 1101 5688 deosculatus
1131 5645 1235 5690 est.
1269 5653 1432 5707 quam
1463 5655 1813 5696 communem
1840 5641 2088 5696 omnium

511 5733 746 5780 matrem
776 5737 900 5778 esse
931 5734 1078 5779 recte
1099 5727 1389 5796 judicavit.
1433 5731 1584 5787 Idem
1611 5733 1816 5790 Brutus
1849 5733 2086 5806 Tarqui-

2199 4534 2290 4588 τόν
2319 4551 2379 4586 τε
2405 4534 2499 4588 καὶ
2528 4532 2655 4594 τοὺς
2685 4533 2975 4594 συσσίτους
3003 4532 3249 4596 ἐξέϐαλε.
3284 4533 3384 4586 Διά
3405 4551 3485 4586 τοι
3516 4535 3692 4586 ταῦτα
3732 4536 3786 4596 ἐς

2201 4625 2437 4694 Δελφοὺς
2468 4624 2627 4678 Τῖτόν
2653 4641 2712 4677 τε
2731 4626 2826 4677 καὶ
2862 4623 3161 4695 ’Δρῤοῦντα
3200 4625 3330 4688 τοὺς
3361 4623 3511 4687 υἱοὺς
3544 4626 3784 4694 ἔπεμψε.

2200 4719 2308 4771 Τοῦ
2343 4719 2400 4771 δέ
2433 4718 2765 4780 ’Λπόλλωνος
2790 4718 3096 4788 χρήσαντος
3146 4717 3269 4771 τότε
3295 4718 3396 4788 τῆς
3447 4718 3633 4787 ἀρχῆς
3689 4721 3782 4771 ἐκ·

2197 4809 2680 4872 πεσεῖσθαιαύτὺν,
2705 4810 2792 4863 ὅτε
2813 4809 2960 4881 κύων
2977 4809 3296 4880 ἀνθρωπίνῃ
3320 4812 3470 4878 φωνῇ
3493 4814 3783 4880 χρήσαιτο,

2195 4903 2430 4970 ἀγαθαῖς
2461 4902 2676 4956 ἐλπίσιν
2701 4902 2944 4973 ᾐώρητο,
2979 4901 3052 4972 μὴ
3083 4900 3290 4972 οἰηθείς
3324 4918 3454 4954 ποτε
3517 4903 3781 4969 γενέσθαι

2192 4997 2254 5050 τὸ
2271 4990 2692 5066 μάντευμαῙΗν
2705 4996 2761 5049 δὲ
2782 4997 3010 5060 Λούκιος
3027 4996 3249 5059 Ἰούνιος
3268 4995 3504 5065 ἀδελφῆς
3520 4997 3616 5047 τοῦ
3638 4997 3786 5067 Ταρ-

2193 5086 2380 5140 κυνίου
2405 5087 2540 5149 υἱὸς,
2574 5081 2634 5140 οὗ
2663 5087 2755 5140 τὸν
2785 5087 3000 5158 πατέρα
3024 5089 3119 5141 καὶ
3146 5087 3240 5140 τὸν
3267 5085 3497 5155 ἀδελφὺν
3519 5087 3754 5155 ὀΤαρκύ

2193 5198 2305 5244 νιος
2333 5181 2596 5234 ἔκτεινεν.
2630 5173 2799 5243 Οὗτος
2825 5176 2938 5245 οῦν,
2975 5181 3070 5233 καὶ
3095 5180 3224 5250 περὶ
3258 5177 3436 5248 ἐαυτῷ
3493 5179 3775 5246 δεδοικὼς,

2194 5273 2406 5344 μωρίαν
2463 5274 2924 5343 προσεποιήσατο,
2980 5272 3188 5343 ταύτην
3231 5270 3430 5326 ἐαυτοῦ
3459 5275 3762 5342 προστησάσ

2195 5383 2352 5435 μενος
2386 5365 2652 5435 σώτειραν
2677 5405 2691 5421 .
2725 5365 2816 5419 Διὸ
2860 5366 2955 5419 καὶ
2988 5365 3229 5435 Βροῦτος
3278 5365 3558 5436 ἐπεκλήθη
3581 5381 3598 5397 ο
3644 5368 3771 5428 τοὺς

2192 5458 2301 5529 γὰρ
2336 5458 2552 5529 εὐήθεις
2579 5457 2722 5511 οὓτω
2743 5461 2856 5521 τοῖς
2881 5459 3131 5522 Λατίνοις
3177 5457 3298 5522 ἔθος
3345 5459 3554 5513 καλεῖν.
3600 5462 3776 5514 Πλατ-

2191 5551 2415 5618 τόμενος
2446 5545 2540 5604 οὖν
2572 5552 2664 5604 τὸν
2716 5551 3082 5620 μωραίνοντα,
3133 5552 3246 5614 τοῖς
3299 5552 3394 5605 τοῦ
3451 5553 3766 5620 Ταρκυνίου

2190 5643 2382 5696 παισὶν
2415 5644 2498 5705 είς
2526 5643 2767 5711 Δελφοὺς
2783 5643 3003 5698 ἀπιοῦσι
3031 5644 3468 5714 συμπαρελήφθη
3495 5645 3573 5707 ὡς
3605 5645 3770 5715 ἄθυρε

2189 5753 2283 5805 μα.
2328 5733 2387 5789 '0
2416 5735 2472 5789 δὲ
2499 5737 2593 5789 καὶ
2638 5737 2897 5810 ἀνάθημα
2921 5738 3108 5814 φέρειν
3143 5735 3297 5803 ἔλεγε
3331 5735 3406 5804 τῷ
3437 5737 3558 5806 Θεῷ
3581 5753 3599 5770 ο
3636 5739 3698 5791 τὸ
3723 5737 3770 5790 δ’
