  <div class='ocr_page' id='page_1' title='image "/cluster/home/n/w/nwhite01/storage/ocr_20150623/134/mdp.39015032023197/297.png"; bbox 0 0 4002 6250; ppageno 0'>
   <div class='ocr_carea' id='block_1_1' title="bbox 491 331 599 394">
    <p class='ocr_par' dir='ltr' id='par_1_1' title="bbox 491 331 599 394">
     <span class='ocr_line' id='line_1_1' title="bbox 491 331 599 394; baseline -0.009 -1"><span class='ocrx_word' id='word_1_1' title='bbox 491 331 599 394; x_wconf 75' lang='lat'><strong>570</strong></span> 
     </span>
    </p>
   </div>
   <div class='ocr_carea' id='block_1_2' title="bbox 1783 323 2477 387">
    <p class='ocr_par' dir='ltr' id='par_1_2' title="bbox 1783 323 2477 387">
     <span class='ocr_line' id='line_1_2' title="bbox 1783 323 2477 387; baseline 0 -2"><span class='ocrx_word' id='word_1_2' title='bbox 1783 325 2111 386; x_wconf 83' lang='lat' dir='ltr'><strong>JOANNIS</strong></span> <span class='ocrx_word' id='word_1_3' title='bbox 2153 323 2477 387; x_wconf 74' lang='lat' dir='ltr'><strong>ZONAIUE</strong></span> 
     </span>
    </p>
   </div>
   <div class='ocr_carea' id='block_1_3' title="bbox 3651 321 3764 388">
    <p class='ocr_par' dir='ltr' id='par_1_3' title="bbox 3651 321 3764 388">
     <span class='ocr_line' id='line_1_3' title="bbox 3651 321 3764 388; baseline 0.009 -1"><span class='ocrx_word' id='word_1_4' title='bbox 3651 321 3764 388; x_wconf 80' lang='lat'><strong>580</strong></span> 
     </span>
    </p>
   </div>
   <div class='ocr_carea' id='block_1_4' title="bbox 488 427 2062 506">
    <p class='ocr_par' dir='ltr' id='par_1_4' title="bbox 488 431 2062 506">
     <span class='ocr_line' id='line_1_4' title="bbox 488 431 2062 506; baseline -0.008 -7"><span class='ocrx_word' id='word_1_5' title='bbox 488 441 667 506; x_wconf 82' lang='lat' dir='ltr'><strong>missi,</strong></span> <span class='ocrx_word' id='word_1_6' title='bbox 714 447 830 492; x_wconf 92' lang='lat' dir='ltr'><strong>tum</strong></span> <span class='ocrx_word' id='word_1_7' title='bbox 867 449 927 489; x_wconf 91' lang='lat' dir='ltr'><strong>re</strong></span> <span class='ocrx_word' id='word_1_8' title='bbox 980 432 1184 488; x_wconf 86' lang='lat' dir='ltr'><strong>infecta</strong></span> <span class='ocrx_word' id='word_1_9' title='bbox 1233 431 1632 488; x_wconf 87' lang='lat' dir='ltr'><strong>discesserunt.</strong></span> <span class='ocrx_word' id='word_1_10' title='bbox 1661 431 1791 488; x_wconf 91' lang='lat' dir='ltr'><strong>Post</strong></span> <span class='ocrx_word' id='word_1_11' title='bbox 1858 433 2062 488; x_wconf 76' lang='lat' dir='ltr'><strong>reversi</strong></span> 
     </span>
    </p>
   </div>
   <div class='ocr_carea' id='block_1_5' title="bbox 2165 427 3764 506">
    <p class='ocr_par' dir='ltr' id='par_1_5' title="bbox 2169 427 3764 506">
     <span class='ocr_line' id='line_1_5' title="bbox 2169 427 3764 506; baseline 0.001 -18"><span class='ocrx_word' id='word_1_12' title='bbox 2169 436 2475 506; x_wconf 83' lang='grc' dir='ltr'>Ταρκυνιου</span> <span class='ocrx_word' id='word_1_13' title='bbox 2508 433 2770 502; x_wconf 78' lang='grc' dir='ltr'>πρέσϐεις</span> <span class='ocrx_word' id='word_1_14' title='bbox 2799 434 2879 496; x_wconf 84' lang='grc' dir='ltr'><strong>είς</strong></span> <span class='ocrx_word' id='word_1_15' title='bbox 2916 429 3140 504; x_wconf 80' lang='grc' dir='ltr'><strong>Ῥώμην</strong></span> <span class='ocrx_word' id='word_1_16' title='bbox 3173 427 3331 504; x_wconf 78' lang='grc' dir='ltr'>ἧκον,</span> <span class='ocrx_word' id='word_1_17' title='bbox 3362 433 3496 505; x_wconf 74' lang='grc' dir='ltr'>περὶ</span> <span class='ocrx_word' id='word_1_18' title='bbox 3525 434 3764 490; x_wconf 79' lang='grc' dir='ltr'><strong>καθόδου</strong></span> 
     </span>
    </p>
   </div>
   <div class='ocr_carea' id='block_1_6' title="bbox 490 522 2066 594">
    <p class='ocr_par' dir='ltr' id='par_1_6' title="bbox 490 522 2066 594">
     <span class='ocr_line' id='line_1_6' title="bbox 490 522 2066 594; baseline -0.008 -4"><span class='ocrx_word' id='word_1_19' title='bbox 490 533 820 594; x_wconf 89' lang='lat' dir='ltr'><strong>retulerunt,</strong></span> <span class='ocrx_word' id='word_1_20' title='bbox 855 526 900 580; x_wconf 85' lang='lat' dir='ltr'><strong>si</strong></span> <span class='ocrx_word' id='word_1_21' title='bbox 933 525 1074 579; x_wconf 86' lang='lat' dir='ltr'><strong>bona</strong></span> <span class='ocrx_word' id='word_1_22' title='bbox 1108 537 1208 578; x_wconf 89' lang='lat' dir='ltr'><strong>sua</strong></span> <span class='ocrx_word' id='word_1_23' title='bbox 1239 522 1366 594; x_wconf 85' lang='lat' dir='ltr'><strong>ipsi,</strong></span> <span class='ocrx_word' id='word_1_24' title='bbox 1396 522 1592 578; x_wconf 82' lang='lat' dir='ltr'><strong>amicis</strong></span> <span class='ocrx_word' id='word_1_25' title='bbox 1622 531 1677 578; x_wconf 89' lang='lat' dir='ltr'><strong>et</strong></span> <span class='ocrx_word' id='word_1_26' title='bbox 1734 524 2066 578; x_wconf 80' lang='lat' dir='ltr'><strong>necessariis</strong></span> 
     </span>
    </p>
   </div>
   <div class='ocr_carea' id='block_1_7' title="bbox 487 615 2064 685">
    <p class='ocr_par' dir='ltr' id='par_1_7' title="bbox 487 615 2064 685">
     <span class='ocr_line' id='line_1_7' title="bbox 487 615 2064 685; baseline -0.01 -2"><span class='ocrx_word' id='word_1_27' title='bbox 487 627 869 683; x_wconf 88' lang='lat' dir='ltr'><strong>redderentur,</strong></span> <span class='ocrx_word' id='word_1_28' title='bbox 905 617 1051 673; x_wconf 90' lang='lat' dir='ltr'><strong>unde</strong></span> <span class='ocrx_word' id='word_1_29' title='bbox 1089 616 1351 672; x_wconf 76' lang='lat' dir='ltr'><strong>exsilium</strong></span> <span class='ocrx_word' id='word_1_30' title='bbox 1383 615 1706 675; x_wconf 90' lang='lat' dir='ltr'><strong>tolerarent.</strong></span> <span class='ocrx_word' id='word_1_31' title='bbox 1735 629 1864 670; x_wconf 88' lang='lat' dir='ltr'><strong>eum</strong></span> <span class='ocrx_word' id='word_1_32' title='bbox 1893 629 2064 685; x_wconf 78' lang='lat' dir='ltr'><strong>regno</strong></span> 
     </span>
    </p>
   </div>
   <div class='ocr_carea' id='block_1_8' title="bbox 485 707 2067 792">
    <p class='ocr_par' dir='ltr' id='par_1_8' title="bbox 485 707 2067 792">
     <span class='ocr_line' id='line_1_8' title="bbox 485 707 2067 792; baseline -0.005 -21"><span class='ocrx_word' id='word_1_33' title='bbox 485 718 650 792; x_wconf 61' lang='lat'><strong>334</strong></span> <span class='ocrx_word' id='word_1_34' title='bbox 689 726 1000 777; x_wconf 82' lang='lat' dir='ltr'><strong>cessurum,</strong></span> <span class='ocrx_word' id='word_1_35' title='bbox 1037 720 1095 766; x_wconf 90' lang='lat' dir='ltr'><strong>et</strong></span> <span class='ocrx_word' id='word_1_36' title='bbox 1117 709 1322 765; x_wconf 89' lang='lat' dir='ltr'><strong>bellum</strong></span> <span class='ocrx_word' id='word_1_37' title='bbox 1349 707 1731 779; x_wconf 74' lang='lat' dir='ltr'><strong>depositurum</strong></span> <span class='ocrx_word' id='word_1_38' title='bbox 1776 722 1917 763; x_wconf 86' lang='lat' dir='ltr'><strong>esse.</strong></span> <span class='ocrx_word' id='word_1_39' title='bbox 1948 707 2067 773; x_wconf 85' lang='lat' dir='ltr'><strong>Qua</strong></span> 
     </span>
    </p>
   </div>
   <div class='ocr_carea' id='block_1_9' title="bbox 489 798 2067 883">
    <p class='ocr_par' dir='ltr' id='par_1_9' title="bbox 489 798 2067 883">
     <span class='ocr_line' id='line_1_9' title="bbox 489 798 2067 883; baseline -0.008 -18"><span class='ocrx_word' id='word_1_40' title='bbox 489 811 756 883; x_wconf 89' lang='lat' dir='ltr'><strong>petitione</strong></span> <span class='ocrx_word' id='word_1_41' title='bbox 803 819 928 859; x_wconf 89' lang='lat' dir='ltr'><strong>cum</strong></span> <span class='ocrx_word' id='word_1_42' title='bbox 977 801 1132 857; x_wconf 90' lang='lat' dir='ltr'><strong>multi</strong></span> <span class='ocrx_word' id='word_1_43' title='bbox 1159 799 1537 867; x_wconf 84' lang='lat' dir='ltr'><strong>ﬂecterentur,</strong></span> <span class='ocrx_word' id='word_1_44' title='bbox 1567 807 1733 869; x_wconf 88' lang='lat' dir='ltr'><strong>atque</strong></span> <span class='ocrx_word' id='word_1_45' title='bbox 1763 798 1880 868; x_wconf 89' lang='lat' dir='ltr'><strong>ipse</strong></span> <span class='ocrx_word' id='word_1_46' title='bbox 1930 799 2067 852; x_wconf 86' lang='lat' dir='ltr'><strong>adeo</strong></span> 
     </span>
    </p>
   </div>
   <div class='ocr_carea' id='block_1_10' title="bbox 485 891 2066 965">
    <p class='ocr_par' dir='ltr' id='par_1_10' title="bbox 485 891 2066 965">
     <span class='ocr_line' id='line_1_10' title="bbox 485 891 2066 965; baseline -0.009 -7"><span class='ocrx_word' id='word_1_47' title='bbox 485 901 816 964; x_wconf 89' lang='lat' dir='ltr'><strong>Collatinus,</strong></span> <span class='ocrx_word' id='word_1_48' title='bbox 854 896 1010 952; x_wconf 86' lang='lat' dir='ltr'><strong>Bruti</strong></span> <span class='ocrx_word' id='word_1_49' title='bbox 1040 894 1249 965; x_wconf 85' lang='lat' dir='ltr'><strong>collega</strong></span> <span class='ocrx_word' id='word_1_50' title='bbox 1287 893 1529 948; x_wconf 89' lang='lat' dir='ltr'><strong>:Brntus</strong></span> <span class='ocrx_word' id='word_1_51' title='bbox 1565 906 1596 947; x_wconf 89' lang='lat' dir='ltr'><strong>e</strong></span> <span class='ocrx_word' id='word_1_52' title='bbox 1626 891 1779 946; x_wconf 88' lang='lat' dir='ltr'><strong>curia</strong></span> <span class='ocrx_word' id='word_1_53' title='bbox 1810 891 1865 945; x_wconf 87' lang='lat' dir='ltr'><strong>in</strong></span> <span class='ocrx_word' id='word_1_54' title='bbox 1885 891 2066 945; x_wconf 88' lang='lat' dir='ltr'><strong>forum</strong></span> 
     </span>
    </p>
   </div>
   <div class='ocr_carea' id='block_1_11' title="bbox 486 983 2067 1060">
    <p class='ocr_par' dir='ltr' id='par_1_11' title="bbox 486 983 2067 1060">
     <span class='ocr_line' id='line_1_11' title="bbox 486 983 2067 1060; baseline -0.009 -8"><span class='ocrx_word' id='word_1_55' title='bbox 486 993 751 1060; x_wconf 79' lang='lat' dir='ltr'><strong>excurrit,</strong></span> <span class='ocrx_word' id='word_1_56' title='bbox 777 991 1110 1046; x_wconf 82' lang='lat' dir='ltr'><strong>Collatinum</strong></span> <span class='ocrx_word' id='word_1_57' title='bbox 1131 987 1472 1058; x_wconf 84' lang='lat' dir='ltr'><strong>proditorem</strong></span> <span class='ocrx_word' id='word_1_58' title='bbox 1504 985 1762 1056; x_wconf 81' lang='lat' dir='ltr'><strong>appellat,</strong></span> <span class='ocrx_word' id='word_1_59' title='bbox 1811 984 1905 1054; x_wconf 89' lang='lat' dir='ltr'><strong>qui</strong></span> <span class='ocrx_word' id='word_1_60' title='bbox 1936 983 2067 1039; x_wconf 90' lang='lat' dir='ltr'><strong>belli</strong></span> 
     </span>
    </p>
   </div>
   <div class='ocr_carea' id='block_1_12' title="bbox 485 1076 2069 1158">
    <p class='ocr_par' dir='ltr' id='par_1_12' title="bbox 485 1076 2069 1158">
     <span class='ocr_line' id='line_1_12' title="bbox 485 1076 2069 1158; baseline -0.009 -13"><span class='ocrx_word' id='word_1_61' title='bbox 485 1099 542 1145; x_wconf 89' lang='lat' dir='ltr'><strong>et</strong></span> <span class='ocrx_word' id='word_1_62' title='bbox 601 1083 908 1158; x_wconf 83' lang='lat' dir='ltr'><strong>tyrannidis</strong></span> <span class='ocrx_word' id='word_1_63' title='bbox 960 1082 1326 1136; x_wconf 84' lang='lat' dir='ltr'><strong>instrumenta</strong></span> <span class='ocrx_word' id='word_1_64' title='bbox 1375 1078 1694 1148; x_wconf 79' lang='lat' dir='ltr'><strong>largiretur.</strong></span> <span class='ocrx_word' id='word_1_65' title='bbox 1741 1076 1930 1146; x_wconf 72' lang='lat' dir='ltr'><strong>Legati</strong></span> <span class='ocrx_word' id='word_1_66' title='bbox 1969 1091 2069 1147; x_wconf 87' lang='lat' dir='ltr'><strong>per</strong></span> 
     </span>
    </p>
   </div>
   <div class='ocr_carea' id='block_1_13' title="bbox 484 1169 2065 1252">
    <p class='ocr_par' dir='ltr' id='par_1_13' title="bbox 484 1169 2065 1252">
     <span class='ocr_line' id='line_1_13' title="bbox 484 1169 2065 1252; baseline -0.009 -14"><span class='ocrx_word' id='word_1_67' title='bbox 484 1181 727 1252; x_wconf 85' lang='lat' dir='ltr'><strong>speciem</strong></span> <span class='ocrx_word' id='word_1_68' title='bbox 793 1174 1108 1247; x_wconf 67' lang='lat' dir='ltr'><strong>repetendae</strong></span> <span class='ocrx_word' id='word_1_69' title='bbox 1158 1172 1406 1243; x_wconf 75' lang='lat' dir='ltr'><strong>pecunia:</strong></span> <span class='ocrx_word' id='word_1_70' title='bbox 1472 1171 1660 1226; x_wconf 72' lang='lat' dir='ltr'><strong>Romae</strong></span> <span class='ocrx_word' id='word_1_71' title='bbox 1716 1169 2065 1236; x_wconf 85' lang='lat' dir='ltr'><strong>commorati,</strong></span> 
     </span>
    </p>
   </div>
   <div class='ocr_carea' id='block_1_14' title="bbox 484 1265 2069 1340">
    <p class='ocr_par' dir='ltr' id='par_1_14' title="bbox 484 1265 2069 1340">
     <span class='ocr_line' id='line_1_14' title="bbox 484 1265 2069 1340; baseline -0.009 -9"><span class='ocrx_word' id='word_1_72' title='bbox 484 1273 705 1330; x_wconf 84' lang='lat' dir='ltr'><strong>nobiles</strong></span> <span class='ocrx_word' id='word_1_73' title='bbox 759 1271 972 1340; x_wconf 82' lang='lat' dir='ltr'><strong>aliquot</strong></span> <span class='ocrx_word' id='word_1_74' title='bbox 1035 1265 1414 1322; x_wconf 81' lang='lat' dir='ltr'><strong>adolescentes</strong></span> <span class='ocrx_word' id='word_1_75' title='bbox 1472 1277 1849 1334; x_wconf 87' lang='lat' dir='ltr'><strong>corrumpere,</strong></span> <span class='ocrx_word' id='word_1_76' title='bbox 1903 1270 2069 1332; x_wconf 90' lang='lat' dir='ltr'><strong>atque</strong></span> 
     </span>
    </p>
   </div>
   <div class='ocr_carea' id='block_1_15' title="bbox 483 1355 2068 1426">
    <p class='ocr_par' dir='ltr' id='par_1_15' title="bbox 483 1355 2068 1426">
     <span class='ocr_line' id='line_1_15' title="bbox 483 1355 2068 1426; baseline -0.008 -6"><span class='ocrx_word' id='word_1_77' title='bbox 483 1368 631 1420; x_wconf 90' lang='lat' dir='ltr'><strong>inter</strong></span> <span class='ocrx_word' id='word_1_78' title='bbox 656 1363 815 1425; x_wconf 89' lang='lat' dir='ltr'><strong>alios,</strong></span> <span class='ocrx_word' id='word_1_79' title='bbox 849 1361 1016 1415; x_wconf 90' lang='lat' dir='ltr'><strong>etiam</strong></span> <span class='ocrx_word' id='word_1_80' title='bbox 1046 1355 1199 1411; x_wconf 87' lang='lat' dir='ltr'><strong>Bruti</strong></span> <span class='ocrx_word' id='word_1_81' title='bbox 1231 1356 1375 1411; x_wconf 86' lang='lat' dir='ltr'><strong>ﬁlios</strong></span> <span class='ocrx_word' id='word_1_82' title='bbox 1411 1355 1554 1411; x_wconf 92' lang='lat' dir='ltr'><strong>duos</strong></span> <span class='ocrx_word' id='word_1_83' title='bbox 1579 1357 1647 1410; x_wconf 90' lang='lat' dir='ltr'><strong>ad</strong></span> <span class='ocrx_word' id='word_1_84' title='bbox 1694 1355 2068 1426; x_wconf 87' lang='lat' dir='ltr'><strong>proditionem</strong></span> 
     </span>
    </p>
   </div>
   <div class='ocr_carea' id='block_1_16' title="bbox 485 1447 2069 1526">
    <p class='ocr_par' dir='ltr' id='par_1_16' title="bbox 485 1447 2069 1526">
     <span class='ocr_line' id='line_1_16' title="bbox 485 1447 2069 1526; baseline -0.006 -14"><span class='ocrx_word' id='word_1_85' title='bbox 485 1456 773 1526; x_wconf 87' lang='lat' dir='ltr'><strong>impellere</strong></span> <span class='ocrx_word' id='word_1_86' title='bbox 818 1452 1176 1509; x_wconf 88' lang='lat' dir='ltr'><strong>studuerunt.</strong></span> <span class='ocrx_word' id='word_1_87' title='bbox 1214 1455 1260 1503; x_wconf 83' lang='lat' dir='ltr'><strong>A</strong></span> <span class='ocrx_word' id='word_1_88' title='bbox 1291 1447 1497 1518; x_wconf 87' lang='lat' dir='ltr'><strong>quibus</strong></span> <span class='ocrx_word' id='word_1_89' title='bbox 1552 1447 1788 1518; x_wconf 77' lang='lat' dir='ltr'><strong>benigne</strong></span> <span class='ocrx_word' id='word_1_90' title='bbox 1841 1455 2069 1518; x_wconf 83' lang='lat' dir='ltr'><strong>accepta</strong></span> 
     </span>
    </p>
   </div>
   <div class='ocr_carea' id='block_1_17' title="bbox 485 1541 2068 1614">
    <p class='ocr_par' dir='ltr' id='par_1_17' title="bbox 485 1541 2068 1614">
     <span class='ocr_line' id='line_1_17' title="bbox 485 1541 2068 1614; baseline -0.006 -9"><span class='ocrx_word' id='word_1_91' title='bbox 485 1549 761 1614; x_wconf 87' lang='lat' dir='ltr'><strong>oratione,</strong></span> <span class='ocrx_word' id='word_1_92' title='bbox 784 1547 964 1601; x_wconf 88' lang='lat' dir='ltr'><strong>visum</strong></span> <span class='ocrx_word' id='word_1_93' title='bbox 990 1552 1075 1599; x_wconf 88' lang='lat' dir='ltr'><strong>est</strong></span> <span class='ocrx_word' id='word_1_94' title='bbox 1103 1550 1263 1613; x_wconf 90' lang='lat' dir='ltr'><strong>pacta</strong></span> <span class='ocrx_word' id='word_1_95' title='bbox 1291 1541 1656 1613; x_wconf 78' lang='lat' dir='ltr'><strong>jurejurando</strong></span> <span class='ocrx_word' id='word_1_96' title='bbox 1677 1541 1895 1596; x_wconf 89' lang='lat' dir='ltr'><strong>sancire</strong></span> <span class='ocrx_word' id='word_1_97' title='bbox 1924 1559 1938 1595; x_wconf 91' lang='lat'><strong>:</strong></span> <span class='ocrx_word' id='word_1_98' title='bbox 1971 1555 2068 1595; x_wconf 89' lang='lat' dir='ltr'><strong>ea-</strong></span> 
     </span>
    </p>
   </div>
   <div class='ocr_carea' id='block_1_18' title="bbox 484 1633 2070 1713">
    <p class='ocr_par' dir='ltr' id='par_1_18' title="bbox 484 1633 2070 1713">
     <span class='ocr_line' id='line_1_18' title="bbox 484 1633 2070 1713; baseline -0.006 -17"><span class='ocrx_word' id='word_1_99' title='bbox 484 1658 594 1713; x_wconf 86' lang='lat' dir='ltr'><strong>que</strong></span> <span class='ocrx_word' id='word_1_100' title='bbox 637 1641 706 1697; x_wconf 92' lang='lat' dir='ltr'><strong>de</strong></span> <span class='ocrx_word' id='word_1_101' title='bbox 761 1653 927 1694; x_wconf 88' lang='lat' dir='ltr'><strong>causa</strong></span> <span class='ocrx_word' id='word_1_102' title='bbox 957 1637 1014 1692; x_wconf 92' lang='lat' dir='ltr'><strong>in</strong></span> <span class='ocrx_word' id='word_1_103' title='bbox 1043 1637 1190 1693; x_wconf 84' lang='lat' dir='ltr'><strong>aedes</strong></span> <span class='ocrx_word' id='word_1_104' title='bbox 1235 1649 1377 1706; x_wconf 89' lang='lat' dir='ltr'><strong>pene</strong></span> <span class='ocrx_word' id='word_1_105' title='bbox 1411 1634 1660 1690; x_wconf 89' lang='lat' dir='ltr'><strong>desertas</strong></span> <span class='ocrx_word' id='word_1_106' title='bbox 1691 1643 1750 1690; x_wconf 90' lang='lat' dir='ltr'><strong>et</strong></span> <span class='ocrx_word' id='word_1_107' title='bbox 1802 1633 2070 1689; x_wconf 87' lang='lat' dir='ltr'><strong>obscuras</strong></span> 
     </span>
    </p>
   </div>
   <div class='ocr_carea' id='block_1_19' title="bbox 486 1727 2069 1804">
    <p class='ocr_par' dir='ltr' id='par_1_19' title="bbox 486 1727 2069 1804">
     <span class='ocr_line' id='line_1_19' title="bbox 486 1727 2069 1804; baseline -0.006 -14"><span class='ocrx_word' id='word_1_108' title='bbox 486 1736 742 1804; x_wconf 79' lang='lat' dir='ltr'><strong>ingressi,</strong></span> <span class='ocrx_word' id='word_1_109' title='bbox 774 1749 886 1788; x_wconf 88' lang='lat' dir='ltr'><strong>non</strong></span> <span class='ocrx_word' id='word_1_110' title='bbox 935 1730 1447 1786; x_wconf 80' lang='lat' dir='ltr'><strong>animadverterunt</strong></span> <span class='ocrx_word' id='word_1_111' title='bbox 1499 1728 1576 1784; x_wconf 92' lang='lat' dir='ltr'><strong>ibi</strong></span> <span class='ocrx_word' id='word_1_112' title='bbox 1601 1743 1722 1784; x_wconf 87' lang='lat' dir='ltr'><strong>esse</strong></span> <span class='ocrx_word' id='word_1_113' title='bbox 1752 1727 2069 1784; x_wconf 83' lang='lat' dir='ltr'><strong>Vindicium</strong></span> 
     </span>
    </p>
   </div>
   <div class='ocr_carea' id='block_1_20' title="bbox 484 1820 2067 1896">
    <p class='ocr_par' dir='ltr' id='par_1_20' title="bbox 484 1820 2067 1896">
     <span class='ocr_line' id='line_1_20' title="bbox 484 1820 2067 1896; baseline -0.006 -13"><span class='ocrx_word' id='word_1_114' title='bbox 484 1843 730 1893; x_wconf 85' lang='lat' dir='ltr'><strong>servum,</strong></span> <span class='ocrx_word' id='word_1_115' title='bbox 786 1825 882 1896; x_wconf 91' lang='lat' dir='ltr'><strong>qui</strong></span> <span class='ocrx_word' id='word_1_116' title='bbox 912 1840 1027 1879; x_wconf 90' lang='lat' dir='ltr'><strong>non</strong></span> <span class='ocrx_word' id='word_1_117' title='bbox 1061 1822 1130 1878; x_wconf 85' lang='lat' dir='ltr'><strong>de</strong></span> <span class='ocrx_word' id='word_1_118' title='bbox 1161 1821 1454 1889; x_wconf 87' lang='lat' dir='ltr'><strong>industria,</strong></span> <span class='ocrx_word' id='word_1_119' title='bbox 1512 1820 1610 1877; x_wconf 89' lang='lat' dir='ltr'><strong>sed</strong></span> <span class='ocrx_word' id='word_1_120' title='bbox 1669 1824 1810 1875; x_wconf 86' lang='lat' dir='ltr'><strong>forte</strong></span> <span class='ocrx_word' id='word_1_121' title='bbox 1844 1821 2067 1875; x_wconf 77' lang='lat' dir='ltr'><strong>fortuna</strong></span> 
     </span>
    </p>
   </div>
   <div class='ocr_carea' id='block_1_21' title="bbox 487 1911 2067 1984">
    <p class='ocr_par' dir='ltr' id='par_1_21' title="bbox 487 1911 2067 1984">
     <span class='ocr_line' id='line_1_21' title="bbox 487 1911 2067 1984; baseline -0.004 -13"><span class='ocrx_word' id='word_1_122' title='bbox 487 1919 562 1973; x_wconf 89' lang='lat' dir='ltr'><strong>ibi</strong></span> <span class='ocrx_word' id='word_1_123' title='bbox 589 1917 943 1982; x_wconf 87' lang='lat' dir='ltr'><strong>delitescens,</strong></span> <span class='ocrx_word' id='word_1_124' title='bbox 973 1923 1252 1984; x_wconf 86' lang='lat' dir='ltr'><strong>spectator</strong></span> <span class='ocrx_word' id='word_1_125' title='bbox 1289 1921 1566 1978; x_wconf 89' lang='lat' dir='ltr'><strong>actorum,</strong></span> <span class='ocrx_word' id='word_1_126' title='bbox 1596 1919 1654 1966; x_wconf 89' lang='lat' dir='ltr'><strong>et</strong></span> <span class='ocrx_word' id='word_1_127' title='bbox 1685 1911 1907 1966; x_wconf 86' lang='lat' dir='ltr'><strong>auditor</strong></span> <span class='ocrx_word' id='word_1_128' title='bbox 1946 1925 2067 1966; x_wconf 90' lang='lat' dir='ltr'><strong>ser-</strong></span> 
     </span>
    </p>
   </div>
   <div class='ocr_carea' id='block_1_22' title="bbox 482 2003 2068 2076">
    <p class='ocr_par' dir='ltr' id='par_1_22' title="bbox 482 2003 2068 2076">
     <span class='ocr_line' id='line_1_22' title="bbox 482 2003 2068 2076; baseline -0.003 -12"><span class='ocrx_word' id='word_1_129' title='bbox 482 2021 709 2064; x_wconf 88' lang='lat' dir='ltr'><strong>monum</strong></span> <span class='ocrx_word' id='word_1_130' title='bbox 747 2008 853 2063; x_wconf 90' lang='lat' dir='ltr'><strong>fuit</strong></span> <span class='ocrx_word' id='word_1_131' title='bbox 889 2024 904 2062; x_wconf 86' lang='lat'><strong>:</strong></span> <span class='ocrx_word' id='word_1_132' title='bbox 942 2023 1066 2076; x_wconf 76' lang='lat' dir='ltr'><strong>qua:</strong></span> <span class='ocrx_word' id='word_1_133' title='bbox 1094 2005 1280 2060; x_wconf 88' lang='lat' dir='ltr'><strong>omnia</strong></span> <span class='ocrx_word' id='word_1_134' title='bbox 1318 2003 1388 2060; x_wconf 88' lang='lat' dir='ltr'><strong>ad</strong></span> <span class='ocrx_word' id='word_1_135' title='bbox 1423 2003 1630 2060; x_wconf 62' lang='lat' dir='ltr'><strong>caedem</strong></span> <span class='ocrx_word' id='word_1_136' title='bbox 1681 2003 1974 2060; x_wconf 89' lang='lat' dir='ltr'><strong>consulum</strong></span> <span class='ocrx_word' id='word_1_137' title='bbox 2006 2012 2068 2059; x_wconf 89' lang='lat' dir='ltr'><strong>et</strong></span> 
     </span>
    </p>
   </div>
   <div class='ocr_carea' id='block_1_23' title="bbox 484 2095 2066 2173">
    <p class='ocr_par' dir='ltr' id='par_1_23' title="bbox 484 2095 2066 2173">
     <span class='ocr_line' id='line_1_23' title="bbox 484 2095 2066 2173; baseline -0.004 -17"><span class='ocrx_word' id='word_1_138' title='bbox 484 2102 855 2173; x_wconf 89' lang='lat' dir='ltr'><strong>proditionem</strong></span> <span class='ocrx_word' id='word_1_139' title='bbox 912 2099 1072 2155; x_wconf 86' lang='lat' dir='ltr'><strong>urbis</strong></span> <span class='ocrx_word' id='word_1_140' title='bbox 1131 2098 1477 2170; x_wconf 86' lang='lat' dir='ltr'><strong>spectabant,</strong></span> <span class='ocrx_word' id='word_1_141' title='bbox 1522 2096 1726 2153; x_wconf 87' lang='lat' dir='ltr'><strong>additis</strong></span> <span class='ocrx_word' id='word_1_142' title='bbox 1767 2097 1934 2152; x_wconf 87' lang='lat' dir='ltr'><strong>etiam</strong></span> <span class='ocrx_word' id='word_1_143' title='bbox 1995 2095 2066 2150; x_wconf 90' lang='lat' dir='ltr'><strong>ad</strong></span> 
     </span>
    </p>
   </div>
   <div class='ocr_carea' id='block_1_24' title="bbox 483 2189 2065 2264">
    <p class='ocr_par' dir='ltr' id='par_1_24' title="bbox 483 2189 2065 2264">
     <span class='ocr_line' id='line_1_24' title="bbox 483 2189 2065 2264; baseline -0.003 -15"><span class='ocrx_word' id='word_1_144' title='bbox 483 2193 847 2264; x_wconf 84' lang='lat' dir='ltr'><strong>Tarquinium</strong></span> <span class='ocrx_word' id='word_1_145' title='bbox 905 2191 1130 2246; x_wconf 86' lang='lat' dir='ltr'><strong>litteris.</strong></span> <span class='ocrx_word' id='word_1_146' title='bbox 1181 2189 1500 2260; x_wconf 74' lang='lat' dir='ltr'><strong>Coniuratis</strong></span> <span class='ocrx_word' id='word_1_147' title='bbox 1545 2190 1830 2260; x_wconf 74' lang='lat' dir='ltr'><strong>digressis,</strong></span> <span class='ocrx_word' id='word_1_148' title='bbox 1872 2203 2065 2245; x_wconf 84' lang='lat' dir='ltr'><strong>servus</strong></span> 
     </span>
    </p>
   </div>
   <div class='ocr_carea' id='block_1_25' title="bbox 482 2281 2067 2352">
    <p class='ocr_par' dir='ltr' id='par_1_25' title="bbox 482 2281 2067 2352">
     <span class='ocr_line' id='line_1_25' title="bbox 482 2281 2067 2352; baseline -0.003 -12"><span class='ocrx_word' id='word_1_149' title='bbox 482 2287 667 2341; x_wconf 86' lang='lat' dir='ltr'><strong>omnia</strong></span> <span class='ocrx_word' id='word_1_150' title='bbox 695 2284 896 2340; x_wconf 82' lang='lat' dir='ltr'><strong>defert.</strong></span> <span class='ocrx_word' id='word_1_151' title='bbox 930 2283 1014 2338; x_wconf 89' lang='lat' dir='ltr'><strong>llli</strong></span> <span class='ocrx_word' id='word_1_152' title='bbox 1041 2281 1356 2352; x_wconf 89' lang='lat' dir='ltr'><strong>capiuntur,</strong></span> <span class='ocrx_word' id='word_1_153' title='bbox 1383 2281 1582 2336; x_wconf 74' lang='lat' dir='ltr'><strong>littera:</strong></span> <span class='ocrx_word' id='word_1_154' title='bbox 1607 2281 1939 2336; x_wconf 72' lang='lat' dir='ltr'><strong>afferuntur.</strong></span> <span class='ocrx_word' id='word_1_155' title='bbox 1969 2282 2067 2337; x_wconf 91' lang='lat' dir='ltr'><strong>De-</strong></span> 
     </span>
    </p>
   </div>
   <div class='ocr_carea' id='block_1_26' title="bbox 471 2361 2064 2437">
    <p class='ocr_par' dir='ltr' id='par_1_26' title="bbox 471 2361 2064 2437">
     <span class='ocr_line' id='line_1_26' title="bbox 471 2361 2064 2437; baseline -0.002 -6"><span class='ocrx_word' id='word_1_156' title='bbox 471 2361 766 2431; x_wconf 18' lang='lat' dir='ltr'><strong>‘ducuntur</strong></span> <span class='ocrx_word' id='word_1_157' title='bbox 792 2375 848 2430; x_wconf 90' lang='lat' dir='ltr'><strong>in</strong></span> <span class='ocrx_word' id='word_1_158' title='bbox 892 2373 1076 2428; x_wconf 87' lang='lat' dir='ltr'><strong>forum</strong></span> <span class='ocrx_word' id='word_1_159' title='bbox 1112 2388 1127 2426; x_wconf 92' lang='lat'><strong>:</strong></span> <span class='ocrx_word' id='word_1_160' title='bbox 1159 2380 1378 2428; x_wconf 86' lang='lat' dir='ltr'><strong>astante</strong></span> <span class='ocrx_word' id='word_1_161' title='bbox 1431 2371 1712 2437; x_wconf 83' lang='lat' dir='ltr'><strong>Vindicio,</strong></span> <span class='ocrx_word' id='word_1_162' title='bbox 1744 2372 1944 2428; x_wconf 73' lang='lat' dir='ltr'><strong>littera:</strong></span> <span class='ocrx_word' id='word_1_163' title='bbox 1975 2388 2064 2428; x_wconf 88' lang='lat' dir='ltr'><strong>re-</strong></span> 
     </span>
    </p>
   </div>
   <div class='ocr_carea' id='block_1_27' title="bbox 485 2463 2065 2532">
    <p class='ocr_par' dir='ltr' id='par_1_27' title="bbox 485 2463 2065 2532">
     <span class='ocr_line' id='line_1_27' title="bbox 485 2463 2065 2532; baseline -0.003 -7"><span class='ocrx_word' id='word_1_164' title='bbox 485 2469 748 2525; x_wconf 87' lang='lat' dir='ltr'><strong>citantur.</strong></span> <span class='ocrx_word' id='word_1_165' title='bbox 796 2466 936 2522; x_wconf 85' lang='lat' dir='ltr'><strong>Aliis</strong></span> <span class='ocrx_word' id='word_1_166' title='bbox 957 2474 1214 2520; x_wconf 70' lang='lat' dir='ltr'><strong>mmstum</strong></span> <span class='ocrx_word' id='word_1_167' title='bbox 1237 2463 1518 2520; x_wconf 87' lang='lat' dir='ltr'><strong>silentium</strong></span> <span class='ocrx_word' id='word_1_168' title='bbox 1552 2465 1894 2532; x_wconf 86' lang='lat' dir='ltr'><strong>tenentibus,</strong></span> <span class='ocrx_word' id='word_1_169' title='bbox 1921 2466 2065 2521; x_wconf 89' lang='lat' dir='ltr'><strong>Bru-</strong></span> 
     </span>
    </p>
   </div>
   <div class='ocr_carea' id='block_1_28' title="bbox 486 2555 2065 2627">
    <p class='ocr_par' dir='ltr' id='par_1_28' title="bbox 486 2555 2065 2627">
     <span class='ocr_line' id='line_1_28' title="bbox 486 2555 2065 2627; baseline -0.003 -11"><span class='ocrx_word' id='word_1_170' title='bbox 486 2570 576 2616; x_wconf 89' lang='lat' dir='ltr'><strong>tus</strong></span> <span class='ocrx_word' id='word_1_171' title='bbox 617 2558 942 2615; x_wconf 89' lang='lat' dir='ltr'><strong>nominatim</strong></span> <span class='ocrx_word' id='word_1_172' title='bbox 998 2567 1292 2627; x_wconf 88' lang='lat' dir='ltr'><strong>utrumque</strong></span> <span class='ocrx_word' id='word_1_173' title='bbox 1342 2555 1515 2610; x_wconf 87' lang='lat' dir='ltr'><strong>lilium</strong></span> <span class='ocrx_word' id='word_1_174' title='bbox 1561 2556 1830 2612; x_wconf 88' lang='lat' dir='ltr'><strong>allocutus</strong></span> <span class='ocrx_word' id='word_1_175' title='bbox 1868 2575 1883 2612; x_wconf 87' lang='lat'><strong>:</strong></span> <span class='ocrx_word' id='word_1_176' title='bbox 1943 2555 2065 2612; x_wconf 83' lang='lat' dir='ltr'><strong>Non</strong></span> 
     </span>
    </p>
   </div>
   <div class='ocr_carea' id='block_1_29' title="bbox 487 2647 2066 2723">
    <p class='ocr_par' dir='ltr' id='par_1_29' title="bbox 487 2647 2066 2723">
     <span class='ocr_line' id='line_1_29' title="bbox 487 2647 2066 2723; baseline -0.001 -17"><span class='ocrx_word' id='word_1_177' title='bbox 487 2650 766 2723; x_wconf 79' lang='lat' dir='ltr'><strong>depellitis,</strong></span> <span class='ocrx_word' id='word_1_178' title='bbox 787 2648 985 2719; x_wconf 85' lang='lat' dir='ltr'><strong>inquit,</strong></span> <span class='ocrx_word' id='word_1_179' title='bbox 1003 2650 1201 2702; x_wconf 78' lang='lat' dir='ltr'><strong>crimen</strong></span> <span class='ocrx_word' id='word_1_180' title='bbox 1221 2647 1372 2703; x_wconf 85' lang='lat' dir='ltr'><strong>?lllis</strong></span> <span class='ocrx_word' id='word_1_181' title='bbox 1393 2647 1724 2715; x_wconf 87' lang='lat' dir='ltr'><strong>tacentibus,</strong></span> <span class='ocrx_word' id='word_1_182' title='bbox 1749 2648 1816 2702; x_wconf 84' lang='lat' dir='ltr'><strong>ad</strong></span> <span class='ocrx_word' id='word_1_183' title='bbox 1841 2649 2066 2706; x_wconf 83' lang='lat' dir='ltr'><strong>lictores</strong></span> 
     </span>
    </p>
   </div>
   <div class='ocr_carea' id='block_1_30' title="bbox 486 2740 2066 2808">
    <p class='ocr_par' dir='ltr' id='par_1_30' title="bbox 486 2740 2066 2808">
     <span class='ocr_line' id='line_1_30' title="bbox 486 2740 2066 2808; baseline -0.003 -9"><span class='ocrx_word' id='word_1_184' title='bbox 486 2756 830 2799; x_wconf 84' lang='lat' dir='ltr'><strong>conversus:</strong></span> <span class='ocrx_word' id='word_1_185' title='bbox 858 2741 1014 2808; x_wconf 83' lang='lat' dir='ltr'><strong>Quod</strong></span> <span class='ocrx_word' id='word_1_186' title='bbox 1050 2747 1238 2804; x_wconf 79' lang='lat' dir='ltr'><strong>restat,</strong></span> <span class='ocrx_word' id='word_1_187' title='bbox 1269 2741 1370 2803; x_wconf 89' lang='lat' dir='ltr'><strong>ait,</strong></span> <span class='ocrx_word' id='word_1_188' title='bbox 1400 2741 1558 2793; x_wconf 80' lang='lat' dir='ltr'><strong>vestri</strong></span> <span class='ocrx_word' id='word_1_189' title='bbox 1615 2743 1848 2794; x_wconf 76' lang='lat' dir='ltr'><strong>ntuueris</strong></span> <span class='ocrx_word' id='word_1_190' title='bbox 1876 2747 1974 2796; x_wconf 82' lang='lat' dir='ltr'><strong>est.</strong></span> <span class='ocrx_word' id='word_1_191' title='bbox 2023 2740 2066 2795; x_wconf 93' lang='lat' dir='ltr'><strong>li</strong></span> 
     </span>
    </p>
   </div>
   <div class='ocr_carea' id='block_1_31' title="bbox 485 2832 2063 2903">
    <p class='ocr_par' dir='ltr' id='par_1_31' title="bbox 485 2832 2063 2903">
     <span class='ocr_line' id='line_1_31' title="bbox 485 2832 2063 2903; baseline -0.003 -11"><span class='ocrx_word' id='word_1_192' title='bbox 485 2836 864 2893; x_wconf 88' lang='lat' dir='ltr'><strong>adolescentes</strong></span> <span class='ocrx_word' id='word_1_193' title='bbox 890 2842 1140 2903; x_wconf 89' lang='lat' dir='ltr'><strong>arreptos</strong></span> <span class='ocrx_word' id='word_1_194' title='bbox 1183 2832 1368 2903; x_wconf 73' lang='lat' dir='ltr'><strong>ﬂagris</strong></span> <span class='ocrx_word' id='word_1_195' title='bbox 1413 2832 1737 2889; x_wconf 88' lang='lat' dir='ltr'><strong>ceciderunt</strong></span> <span class='ocrx_word' id='word_1_196' title='bbox 1772 2848 1788 2890; x_wconf 84' lang='lat'><strong>:</strong></span> <span class='ocrx_word' id='word_1_197' title='bbox 1825 2847 2063 2903; x_wconf 87' lang='lat' dir='ltr'><strong>quorum</strong></span> 
     </span>
    </p>
   </div>
   <div class='ocr_carea' id='block_1_32' title="bbox 488 2922 2065 2993">
    <p class='ocr_par' dir='ltr' id='par_1_32' title="bbox 488 2922 2065 2993">
     <span class='ocr_line' id='line_1_32' title="bbox 488 2922 2065 2993; baseline -0.002 -13"><span class='ocrx_word' id='word_1_198' title='bbox 488 2924 867 2982; x_wconf 84' lang='lat' dir='ltr'><strong>misericordia</strong></span> <span class='ocrx_word' id='word_1_199' title='bbox 913 2937 1041 2978; x_wconf 88' lang='lat' dir='ltr'><strong>cum</strong></span> <span class='ocrx_word' id='word_1_200' title='bbox 1085 2922 1180 2976; x_wconf 89' lang='lat' dir='ltr'><strong>alii</strong></span> <span class='ocrx_word' id='word_1_201' title='bbox 1225 2931 1606 2989; x_wconf 79' lang='lat' dir='ltr'><strong>moverentur,</strong></span> <span class='ocrx_word' id='word_1_202' title='bbox 1667 2932 1824 2992; x_wconf 89' lang='lat' dir='ltr'><strong>pater</strong></span> <span class='ocrx_word' id='word_1_203' title='bbox 1882 2936 2065 2993; x_wconf 84' lang='lat' dir='ltr'><strong>neque</strong></span> 
     </span>
    </p>
   </div>
   <div class='ocr_carea' id='block_1_33' title="bbox 485 3013 2068 3085">
    <p class='ocr_par' dir='ltr' id='par_1_33' title="bbox 485 3013 2068 3085">
     <span class='ocr_line' id='line_1_33' title="bbox 485 3013 2068 3085; baseline -0.002 -12"><span class='ocrx_word' id='word_1_204' title='bbox 485 3018 675 3074; x_wconf 80' lang='lat' dir='ltr'><strong>oculos</strong></span> <span class='ocrx_word' id='word_1_205' title='bbox 701 3017 811 3072; x_wconf 91' lang='lat' dir='ltr'><strong>alio</strong></span> <span class='ocrx_word' id='word_1_206' title='bbox 838 3015 1059 3082; x_wconf 79' lang='lat' dir='ltr'><strong>avertit,</strong></span> <span class='ocrx_word' id='word_1_207' title='bbox 1103 3029 1286 3085; x_wconf 87' lang='lat' dir='ltr'><strong>neque</strong></span> <span class='ocrx_word' id='word_1_208' title='bbox 1312 3015 1487 3071; x_wconf 88' lang='lat' dir='ltr'><strong>ullum</strong></span> <span class='ocrx_word' id='word_1_209' title='bbox 1538 3013 1941 3070; x_wconf 67' lang='lat' dir='ltr'><strong>misericordiae</strong></span> <span class='ocrx_word' id='word_1_210' title='bbox 1990 3014 2068 3070; x_wconf 82' lang='lat' dir='ltr'><strong>si-</strong></span> 
     </span>
    </p>
   </div>
   <div class='ocr_carea' id='block_1_34' title="bbox 485 3107 2062 3183">
    <p class='ocr_par' dir='ltr' id='par_1_34' title="bbox 485 3107 2062 3183">
     <span class='ocr_line' id='line_1_34' title="bbox 485 3107 2062 3183; baseline -0.001 -17"><span class='ocrx_word' id='word_1_211' title='bbox 485 3126 652 3183; x_wconf 76' lang='lat' dir='ltr'><strong>gnum</strong></span> <span class='ocrx_word' id='word_1_212' title='bbox 681 3110 856 3179; x_wconf 84' lang='lat' dir='ltr'><strong>dedit,</strong></span> <span class='ocrx_word' id='word_1_213' title='bbox 893 3110 1074 3181; x_wconf 84' lang='lat' dir='ltr'><strong>quoad</strong></span> <span class='ocrx_word' id='word_1_214' title='bbox 1111 3109 1291 3164; x_wconf 89' lang='lat' dir='ltr'><strong>securi</strong></span> <span class='ocrx_word' id='word_1_215' title='bbox 1341 3107 1592 3179; x_wconf 85' lang='lat' dir='ltr'><strong>percussi</strong></span> <span class='ocrx_word' id='word_1_216' title='bbox 1631 3118 1784 3164; x_wconf 89' lang='lat' dir='ltr'><strong>sunt.</strong></span> <span class='ocrx_word' id='word_1_217' title='bbox 1831 3107 1948 3164; x_wconf 82' lang='lat' dir='ltr'><strong>Hoc</strong></span> <span class='ocrx_word' id='word_1_218' title='bbox 1977 3108 2062 3164; x_wconf 87' lang='lat' dir='ltr'><strong>fa—</strong></span> 
     </span>
    </p>
   </div>
   <div class='ocr_carea' id='block_1_35' title="bbox 485 3199 2065 3272">
    <p class='ocr_par' dir='ltr' id='par_1_35' title="bbox 485 3199 2065 3272">
     <span class='ocr_line' id='line_1_35' title="bbox 485 3199 2065 3272; baseline -0.003 -12"><span class='ocrx_word' id='word_1_219' title='bbox 485 3213 638 3260; x_wconf 83' lang='lat' dir='ltr'><strong>ctum</strong></span> <span class='ocrx_word' id='word_1_220' title='bbox 662 3215 858 3272; x_wconf 74' lang='lat' dir='ltr'><strong>neque</strong></span> <span class='ocrx_word' id='word_1_221' title='bbox 883 3199 1110 3256; x_wconf 80' lang='lat' dir='ltr'><strong>laudare</strong></span> <span class='ocrx_word' id='word_1_222' title='bbox 1163 3213 1346 3269; x_wconf 79' lang='lat' dir='ltr'><strong>neque</strong></span> <span class='ocrx_word' id='word_1_223' title='bbox 1387 3199 1701 3269; x_wconf 80' lang='lat' dir='ltr'><strong>vituperare</strong></span> <span class='ocrx_word' id='word_1_224' title='bbox 1745 3208 2065 3269; x_wconf 86' lang='lat' dir='ltr'><strong>promptum</strong></span> 
     </span>
    </p>
   </div>
   <div class='ocr_carea' id='block_1_36' title="bbox 483 3289 2067 3361">
    <p class='ocr_par' dir='ltr' id='par_1_36' title="bbox 483 3289 2067 3361">
     <span class='ocr_line' id='line_1_36' title="bbox 483 3289 2067 3361; baseline -0.001 -11"><span class='ocrx_word' id='word_1_225' title='bbox 483 3305 590 3351; x_wconf 87' lang='lat' dir='ltr'><strong>est.</strong></span> <span class='ocrx_word' id='word_1_226' title='bbox 622 3294 735 3348; x_wconf 77' lang='lat' dir='ltr'><strong>Aut</strong></span> <span class='ocrx_word' id='word_1_227' title='bbox 759 3292 908 3349; x_wconf 89' lang='lat' dir='ltr'><strong>enim</strong></span> <span class='ocrx_word' id='word_1_228' title='bbox 936 3291 1160 3347; x_wconf 80' lang='lat' dir='ltr'><strong>virtutis</strong></span> <span class='ocrx_word' id='word_1_229' title='bbox 1196 3289 1434 3346; x_wconf 76' lang='lat' dir='ltr'><strong>altitudo</strong></span> <span class='ocrx_word' id='word_1_230' title='bbox 1458 3290 1912 3361; x_wconf 74' lang='lat' dir='ltr'><strong>perturbationes</strong></span> <span class='ocrx_word' id='word_1_231' title='bbox 1945 3307 2067 3349; x_wconf 80' lang='lat' dir='ltr'><strong>om-</strong></span> 
     </span>
    </p>
   </div>
   <div class='ocr_carea' id='block_1_37' title="bbox 487 3383 2066 3456">
    <p class='ocr_par' dir='ltr' id='par_1_37' title="bbox 487 3383 2066 3456">
     <span class='ocr_line' id='line_1_37' title="bbox 487 3383 2066 3456; baseline 0.001 -14"><span class='ocrx_word' id='word_1_232' title='bbox 487 3401 584 3442; x_wconf 89' lang='lat' dir='ltr'><strong>nes</strong></span> <span class='ocrx_word' id='word_1_233' title='bbox 615 3387 674 3442; x_wconf 91' lang='lat' dir='ltr'><strong>in</strong></span> <span class='ocrx_word' id='word_1_234' title='bbox 699 3386 819 3456; x_wconf 82' lang='lat' dir='ltr'><strong>ejus</strong></span> <span class='ocrx_word' id='word_1_235' title='bbox 863 3383 1047 3439; x_wconf 88' lang='lat' dir='ltr'><strong>animo</strong></span> <span class='ocrx_word' id='word_1_236' title='bbox 1095 3383 1394 3454; x_wconf 82' lang='lat' dir='ltr'><strong>Oppressit,</strong></span> <span class='ocrx_word' id='word_1_237' title='bbox 1457 3391 1554 3439; x_wconf 91' lang='lat' dir='ltr'><strong>aut</strong></span> <span class='ocrx_word' id='word_1_238' title='bbox 1593 3383 1925 3442; x_wconf 82' lang='lat' dir='ltr'><strong>calamitatis</strong></span> <span class='ocrx_word' id='word_1_239' title='bbox 1946 3402 2066 3443; x_wconf 83' lang='lat' dir='ltr'><strong>ma-</strong></span> 
     </span>
    </p>
   </div>
   <div class='ocr_carea' id='block_1_38' title="bbox 483 3477 2064 3553">
    <p class='ocr_par' dir='ltr' id='par_1_38' title="bbox 483 3477 2064 3553">
     <span class='ocr_line' id='line_1_38' title="bbox 483 3477 2064 3553; baseline 0 -18"><span class='ocrx_word' id='word_1_240' title='bbox 483 3479 717 3553; x_wconf 79' lang='lat' dir='ltr'><strong>gnitudo</strong></span> <span class='ocrx_word' id='word_1_241' title='bbox 745 3479 798 3535; x_wconf 88' lang='lat' dir='ltr'><strong>ei</strong></span> <span class='ocrx_word' id='word_1_242' title='bbox 858 3486 1142 3548; x_wconf 90' lang='lat' dir='ltr'><strong>stuporem</strong></span> <span class='ocrx_word' id='word_1_243' title='bbox 1175 3477 1383 3533; x_wconf 91' lang='lat' dir='ltr'><strong>attulit.</strong></span> <span class='ocrx_word' id='word_1_244' title='bbox 1438 3477 1712 3534; x_wconf 85' lang='lat' dir='ltr'><strong>Neutrum</strong></span> <span class='ocrx_word' id='word_1_245' title='bbox 1760 3494 1893 3535; x_wconf 85' lang='lat' dir='ltr'><strong>vero</strong></span> <span class='ocrx_word' id='word_1_246' title='bbox 1943 3480 2064 3537; x_wconf 53' lang='lat' dir='ltr'><strong>exi.</strong></span> 
     </span>
    </p>
   </div>
   <div class='ocr_carea' id='block_1_39' title="bbox 482 3569 2064 3645">
    <p class='ocr_par' dir='ltr' id='par_1_39' title="bbox 482 3569 2064 3645">
     <span class='ocr_line' id='line_1_39' title="bbox 482 3569 2064 3645; baseline 0.003 -17"><span class='ocrx_word' id='word_1_247' title='bbox 482 3587 654 3645; x_wconf 80' lang='lat' dir='ltr'><strong>guum</strong></span> <span class='ocrx_word' id='word_1_248' title='bbox 686 3580 790 3639; x_wconf 89' lang='lat' dir='ltr'><strong>est,</strong></span> <span class='ocrx_word' id='word_1_249' title='bbox 821 3581 917 3627; x_wconf 86' lang='lat' dir='ltr'><strong>aut</strong></span> <span class='ocrx_word' id='word_1_250' title='bbox 945 3571 1248 3626; x_wconf 84' lang='lat' dir='ltr'><strong>humanum</strong></span> <span class='ocrx_word' id='word_1_251' title='bbox 1277 3585 1292 3625; x_wconf 88' lang='lat'><strong>:</strong></span> <span class='ocrx_word' id='word_1_252' title='bbox 1325 3569 1423 3627; x_wconf 89' lang='lat' dir='ltr'><strong>sed</strong></span> <span class='ocrx_word' id='word_1_253' title='bbox 1456 3582 1554 3627; x_wconf 88' lang='lat' dir='ltr'><strong>aut</strong></span> <span class='ocrx_word' id='word_1_254' title='bbox 1601 3571 1932 3642; x_wconf 87' lang='lat' dir='ltr'><strong>divinitatis,</strong></span> <span class='ocrx_word' id='word_1_255' title='bbox 1964 3584 2064 3632; x_wconf 90' lang='lat' dir='ltr'><strong>aut</strong></span> 
     </span>
    </p>
   </div>
   <div class='ocr_carea' id='block_1_40' title="bbox 484 3663 2063 3740">
    <p class='ocr_par' dir='ltr' id='par_1_40' title="bbox 484 3663 2063 3740">
     <span class='ocr_line' id='line_1_40' title="bbox 484 3663 2063 3740; baseline 0.001 -18"><span class='ocrx_word' id='word_1_256' title='bbox 484 3664 740 3722; x_wconf 69' lang='lat' dir='ltr'><strong>belluinae</strong></span> <span class='ocrx_word' id='word_1_257' title='bbox 772 3663 1151 3722; x_wconf 80' lang='lat' dir='ltr'><strong>immanitatis.</strong></span> <span class='ocrx_word' id='word_1_258' title='bbox 1192 3663 1290 3722; x_wconf 82' lang='lat' dir='ltr'><strong>His</strong></span> <span class='ocrx_word' id='word_1_259' title='bbox 1329 3663 1661 3736; x_wconf 80' lang='lat' dir='ltr'><strong>interfectis,</strong></span> <span class='ocrx_word' id='word_1_260' title='bbox 1692 3683 1726 3723; x_wconf 89' lang='lat' dir='ltr'><strong>a</strong></span> <span class='ocrx_word' id='word_1_261' title='bbox 1753 3667 1928 3724; x_wconf 88' lang='lat' dir='ltr'><strong>Bruto</strong></span> <span class='ocrx_word' id='word_1_262' title='bbox 1962 3683 2063 3740; x_wconf 81' lang='lat' dir='ltr'><strong>po-</strong></span> 
     </span>
    </p>
   </div>
   <div class='ocr_carea' id='block_1_41' title="bbox 483 3759 2060 3832">
    <p class='ocr_par' dir='ltr' id='par_1_41' title="bbox 483 3759 2060 3832">
     <span class='ocr_line' id='line_1_41' title="bbox 483 3759 2060 3832; baseline 0.002 -17"><span class='ocrx_word' id='word_1_263' title='bbox 483 3759 748 3815; x_wconf 89' lang='lat' dir='ltr'><strong>stulatum</strong></span> <span class='ocrx_word' id='word_1_264' title='bbox 774 3767 880 3827; x_wconf 89' lang='lat' dir='ltr'><strong>est,</strong></span> <span class='ocrx_word' id='word_1_265' title='bbox 913 3767 976 3814; x_wconf 89' lang='lat' dir='ltr'><strong>ut</strong></span> <span class='ocrx_word' id='word_1_266' title='bbox 1021 3760 1088 3815; x_wconf 92' lang='lat' dir='ltr'><strong>de</strong></span> <span class='ocrx_word' id='word_1_267' title='bbox 1127 3759 1346 3816; x_wconf 68' lang='lat' dir='ltr'><strong>caeteris</strong></span> <span class='ocrx_word' id='word_1_268' title='bbox 1382 3774 1604 3832; x_wconf 90' lang='lat' dir='ltr'><strong>quoque</strong></span> <span class='ocrx_word' id='word_1_269' title='bbox 1648 3762 2060 3831; x_wconf 89' lang='lat' dir='ltr'><strong>pronuntiaret.</strong></span> 
     </span>
    </p>
   </div>
   <div class='ocr_carea' id='block_1_42' title="bbox 481 3839 2060 3928">
    <p class='ocr_par' dir='ltr' id='par_1_42' title="bbox 481 3839 2060 3928">
     <span class='ocr_line' id='line_1_42' title="bbox 481 3839 2060 3928; baseline 0 -18"><span class='ocrx_word' id='word_1_270' title='bbox 481 3853 564 3915; x_wconf 77' lang='lat' dir='ltr'><strong>Ad</strong></span> <span class='ocrx_word' id='word_1_271' title='bbox 589 3869 711 3928; x_wconf 66' lang='lat' dir='ltr'><strong>qua:</strong></span> <span class='ocrx_word' id='word_1_272' title='bbox 741 3852 832 3909; x_wconf 90' lang='lat' dir='ltr'><strong>ille</strong></span> <span class='ocrx_word' id='word_1_273' title='bbox 859 3871 874 3912; x_wconf 88' lang='lat'><strong>:</strong></span> <span class='ocrx_word' id='word_1_274' title='bbox 898 3852 1116 3920; x_wconf 78' lang='lat' dir='ltr'><strong>Liberis,</strong></span> <span class='ocrx_word' id='word_1_275' title='bbox 1141 3853 1340 3925; x_wconf 89' lang='lat' dir='ltr'><strong>inquit,</strong></span> <span class='ocrx_word' id='word_1_276' title='bbox 1369 3855 1496 3909; x_wconf 71' lang='lat' dir='ltr'><strong>meis</strong></span> <span class='ocrx_word' id='word_1_277' title='bbox 1522 3855 1740 3911; x_wconf 77' lang='lat' dir='ltr'><strong>idoneus</strong></span> <span class='ocrx_word' id='word_1_278' title='bbox 1773 3839 2060 3927; x_wconf 63' lang='lat' dir='ltr'><strong>infindere;</strong></span> 
     </span>
    </p>
   </div>
   <div class='ocr_carea' id='block_1_43' title="bbox 481 3947 2062 4023">
    <p class='ocr_par' dir='ltr' id='par_1_43' title="bbox 481 3947 2062 4023">
     <span class='ocr_line' id='line_1_43' title="bbox 481 3947 2062 4023; baseline -0.001 -15"><span class='ocrx_word' id='word_1_279' title='bbox 481 3951 546 4008; x_wconf 84' lang='lat' dir='ltr'><strong>de</strong></span> <span class='ocrx_word' id='word_1_280' title='bbox 579 3950 780 4006; x_wconf 73' lang='lat' dir='ltr'><strong>ca&#39;teris</strong></span> <span class='ocrx_word' id='word_1_281' title='bbox 808 3964 927 4004; x_wconf 83' lang='lat' dir='ltr'><strong>vero</strong></span> <span class='ocrx_word' id='word_1_282' title='bbox 957 3948 1152 4004; x_wconf 76' lang='lat' dir='ltr'><strong>civibus</strong></span> <span class='ocrx_word' id='word_1_283' title='bbox 1173 3947 1294 4017; x_wconf 85' lang='lat' dir='ltr'><strong>jam</strong></span> <span class='ocrx_word' id='word_1_284' title='bbox 1341 3948 1514 4004; x_wconf 73' lang='lat' dir='ltr'><strong>liberis</strong></span> <span class='ocrx_word' id='word_1_285' title='bbox 1550 3951 1804 4022; x_wconf 69' lang='lat' dir='ltr'><strong>suﬁragia</strong></span> <span class='ocrx_word' id='word_1_286' title='bbox 1842 3951 2062 4023; x_wconf 79' lang='lat' dir='ltr'><strong>ferenda</strong></span> 
     </span>
    </p>
   </div>
   <div class='ocr_carea' id='block_1_44' title="bbox 480 4037 2060 4113">
    <p class='ocr_par' dir='ltr' id='par_1_44' title="bbox 480 4037 2060 4113">
     <span class='ocr_line' id='line_1_44' title="bbox 480 4037 2060 4113; baseline 0.004 -22"><span class='ocrx_word' id='word_1_287' title='bbox 480 4042 746 4112; x_wconf 78' lang='lat' dir='ltr'><strong>permitto.</strong></span> <span class='ocrx_word' id='word_1_288' title='bbox 783 4039 1086 4095; x_wconf 89' lang='lat' dir='ltr'><strong>Sententiis</strong></span> <span class='ocrx_word' id='word_1_289' title='bbox 1133 4037 1283 4104; x_wconf 90' lang='lat' dir='ltr'><strong>latis,</strong></span> <span class='ocrx_word' id='word_1_290' title='bbox 1314 4051 1511 4096; x_wconf 88' lang='lat' dir='ltr'><strong>omnes</strong></span> <span class='ocrx_word' id='word_1_291' title='bbox 1540 4040 1724 4096; x_wconf 87' lang='lat' dir='ltr'><strong>securi</strong></span> <span class='ocrx_word' id='word_1_292' title='bbox 1766 4051 1896 4097; x_wconf 91' lang='lat' dir='ltr'><strong>sunt</strong></span> <span class='ocrx_word' id='word_1_293' title='bbox 1925 4057 2060 4113; x_wconf 91' lang='lat' dir='ltr'><strong>per-</strong></span> 
     </span>
    </p>
   </div>
   <div class='ocr_carea' id='block_1_45' title="bbox 481 4130 2056 4204">
    <p class='ocr_par' dir='ltr' id='par_1_45' title="bbox 481 4130 2056 4204">
     <span class='ocr_line' id='line_1_45' title="bbox 481 4130 2056 4204; baseline 0.001 -16"><span class='ocrx_word' id='word_1_294' title='bbox 481 4133 649 4202; x_wconf 88' lang='lat' dir='ltr'><strong>cussi,</strong></span> <span class='ocrx_word' id='word_1_295' title='bbox 679 4141 844 4204; x_wconf 87' lang='lat' dir='ltr'><strong>atque</strong></span> <span class='ocrx_word' id='word_1_296' title='bbox 893 4130 1040 4186; x_wconf 89' lang='lat' dir='ltr'><strong>inter</strong></span> <span class='ocrx_word' id='word_1_297' title='bbox 1075 4131 1215 4186; x_wconf 89' lang='lat' dir='ltr'><strong>alios</strong></span> <span class='ocrx_word' id='word_1_298' title='bbox 1265 4131 1485 4204; x_wconf 80' lang='lat' dir='ltr'><strong>cognati</strong></span> <span class='ocrx_word' id='word_1_299' title='bbox 1511 4131 1726 4203; x_wconf 89' lang='lat' dir='ltr'><strong>aliquot</strong></span> <span class='ocrx_word' id='word_1_300' title='bbox 1752 4131 2056 4191; x_wconf 86' lang='lat' dir='ltr'><strong>Collatini:</strong></span> 
     </span>
    </p>
   </div>
   <div class='ocr_carea' id='block_1_46' title="bbox 479 4225 2058 4296">
    <p class='ocr_par' dir='ltr' id='par_1_46' title="bbox 479 4225 2058 4296">
     <span class='ocr_line' id='line_1_46' title="bbox 479 4225 2058 4296; baseline 0.004 -16"><span class='ocrx_word' id='word_1_301' title='bbox 479 4226 551 4280; x_wconf 87' lang='lat' dir='ltr'><strong>ob</strong></span> <span class='ocrx_word' id='word_1_302' title='bbox 585 4241 724 4295; x_wconf 86' lang='lat' dir='ltr'><strong>quos</strong></span> <span class='ocrx_word' id='word_1_303' title='bbox 752 4241 878 4280; x_wconf 91' lang='lat' dir='ltr'><strong>cum</strong></span> <span class='ocrx_word' id='word_1_304' title='bbox 925 4225 1284 4292; x_wconf 87' lang='lat' dir='ltr'><strong>irasceretur,</strong></span> <span class='ocrx_word' id='word_1_305' title='bbox 1314 4225 1501 4296; x_wconf 86' lang='lat' dir='ltr'><strong>populi</strong></span> <span class='ocrx_word' id='word_1_306' title='bbox 1530 4243 1561 4281; x_wconf 91' lang='lat' dir='ltr'><strong>a</strong></span> <span class='ocrx_word' id='word_1_307' title='bbox 1595 4226 1764 4282; x_wconf 88' lang='lat' dir='ltr'><strong>Bruto</strong></span> <span class='ocrx_word' id='word_1_308' title='bbox 1797 4229 2058 4286; x_wconf 90' lang='lat' dir='ltr'><strong>concitati</strong></span> 
     </span>
    </p>
   </div>
   <div class='ocr_carea' id='block_1_47' title="bbox 479 4315 2058 4388">
    <p class='ocr_par' dir='ltr' id='par_1_47' title="bbox 479 4315 2058 4388">
     <span class='ocr_line' id='line_1_47' title="bbox 479 4315 2058 4388; baseline 0.001 -16"><span class='ocrx_word' id='word_1_309' title='bbox 479 4317 738 4372; x_wconf 87' lang='lat' dir='ltr'><strong>manibus</strong></span> <span class='ocrx_word' id='word_1_310' title='bbox 771 4333 910 4387; x_wconf 87' lang='lat' dir='ltr'><strong>pene</strong></span> <span class='ocrx_word' id='word_1_311' title='bbox 939 4316 1255 4388; x_wconf 90' lang='lat' dir='ltr'><strong>discerptus</strong></span> <span class='ocrx_word' id='word_1_312' title='bbox 1292 4325 1460 4372; x_wconf 89' lang='lat' dir='ltr'><strong>esset.</strong></span> <span class='ocrx_word' id='word_1_313' title='bbox 1490 4315 1839 4388; x_wconf 80' lang='lat' dir='ltr'><strong>Magistratus</strong></span> <span class='ocrx_word' id='word_1_314' title='bbox 1875 4327 2058 4373; x_wconf 87' lang='lat' dir='ltr'><strong>tamen</strong></span> 
     </span>
    </p>
   </div>
   <div class='ocr_carea' id='block_1_48' title="bbox 477 4409 2056 4479">
    <p class='ocr_par' dir='ltr' id='par_1_48' title="bbox 477 4409 2056 4479">
     <span class='ocr_line' id='line_1_48' title="bbox 477 4409 2056 4479; baseline 0.003 -15"><span class='ocrx_word' id='word_1_315' title='bbox 477 4411 528 4464; x_wconf 89' lang='lat' dir='ltr'><strong>ci</strong></span> <span class='ocrx_word' id='word_1_316' title='bbox 557 4418 640 4463; x_wconf 90' lang='lat' dir='ltr'><strong>est</strong></span> <span class='ocrx_word' id='word_1_317' title='bbox 670 4409 991 4479; x_wconf 80' lang='lat' dir='ltr'><strong>abrogalus,</strong></span> <span class='ocrx_word' id='word_1_318' title='bbox 1025 4409 1082 4463; x_wconf 83' lang='grc' dir='ltr'>Ρ.</span> <span class='ocrx_word' id='word_1_319' title='bbox 1121 4409 1336 4465; x_wconf 88' lang='lat' dir='ltr'><strong>Valerio</strong></span> <span class='ocrx_word' id='word_1_320' title='bbox 1364 4425 1687 4467; x_wconf 84' lang='lat' dir='ltr'><strong>successore</strong></span> <span class='ocrx_word' id='word_1_321' title='bbox 1728 4410 1858 4466; x_wconf 89' lang='lat' dir='ltr'><strong>dato</strong></span> <span class='ocrx_word' id='word_1_322' title='bbox 1895 4430 1914 4468; x_wconf 91' lang='lat'><strong>:-</strong></span> <span class='ocrx_word' id='word_1_323' title='bbox 1963 4414 2056 4468; x_wconf 89' lang='lat' dir='ltr'><strong>cui</strong></span> 
     </span>
    </p>
   </div>
   <div class='ocr_carea' id='block_1_49' title="bbox 2167 521 3764 596">
    <p class='ocr_par' dir='ltr' id='par_1_49' title="bbox 2167 521 3764 596">
     <span class='ocr_line' id='line_1_49' title="bbox 2167 521 3764 596; baseline 0.001 -17"><span class='ocrx_word' id='word_1_324' title='bbox 2167 525 2546 596; x_wconf 78' lang='grc' dir='ltr'>διαλεγόμενοι</span> <span class='ocrx_word' id='word_1_325' title='bbox 2570 541 2586 557; x_wconf 77' lang='grc' dir='ltr'><strong><em>ο</em></strong></span> <span class='ocrx_word' id='word_1_326' title='bbox 2619 523 2692 586; x_wconf 79' lang='grc' dir='ltr'><strong>ὡς</strong></span> <span class='ocrx_word' id='word_1_327' title='bbox 2725 523 2770 576; x_wconf 81' lang='grc' dir='ltr'>δ’</span> <span class='ocrx_word' id='word_1_328' title='bbox 2806 522 2960 576; x_wconf 78' lang='grc' dir='ltr'>οὐδὲν</span> <span class='ocrx_word' id='word_1_329' title='bbox 2989 524 3175 593; x_wconf 74' lang='grc' dir='ltr'>ἥνυον,</span> <span class='ocrx_word' id='word_1_330' title='bbox 3203 525 3379 594; x_wconf 73' lang='grc' dir='ltr'>ἕτεροι</span> <span class='ocrx_word' id='word_1_331' title='bbox 3423 521 3582 590; x_wconf 74' lang='grc' dir='ltr'>αὖθις</span> <span class='ocrx_word' id='word_1_332' title='bbox 3634 528 3764 580; x_wconf 78' lang='grc' dir='ltr'>ἐπέ·</span> 
     </span>
    </p>
   </div>
   <div class='ocr_carea' id='block_1_50' title="bbox 2169 614 3765 688">
    <p class='ocr_par' dir='ltr' id='par_1_50' title="bbox 2169 614 3765 688">
     <span class='ocr_line' id='line_1_50' title="bbox 2169 614 3765 688; baseline 0.001 -17"><span class='ocrx_word' id='word_1_333' title='bbox 2169 636 2401 688; x_wconf 84' lang='grc' dir='ltr'>στησαν,</span> <span class='ocrx_word' id='word_1_334' title='bbox 2433 617 2766 687; x_wconf 76' lang='grc' dir='ltr'>ἀφίστασθαι</span> <span class='ocrx_word' id='word_1_335' title='bbox 2795 615 2897 685; x_wconf 80' lang='grc' dir='ltr'>τῆς</span> <span class='ocrx_word' id='word_1_336' title='bbox 2929 614 3243 685; x_wconf 79' lang='grc' dir='ltr'><strong>βασιλείας,</strong></span> <span class='ocrx_word' id='word_1_337' title='bbox 3295 619 3390 671; x_wconf 75' lang='grc' dir='ltr'><strong>καὶ</strong></span> <span class='ocrx_word' id='word_1_338' title='bbox 3442 620 3644 672; x_wconf 79' lang='grc' dir='ltr'>παύειν</span> <span class='ocrx_word' id='word_1_339' title='bbox 3669 622 3765 673; x_wconf 76' lang='grc' dir='ltr'>τὸν</span> 
     </span>
    </p>
   </div>
   <div class='ocr_carea' id='block_1_51' title="bbox 2169 707 3765 780">
    <p class='ocr_par' dir='ltr' id='par_1_51' title="bbox 2169 707 3765 780">
     <span class='ocr_line' id='line_1_51' title="bbox 2169 707 3765 780; baseline 0 -17"><span class='ocrx_word' id='word_1_340' title='bbox 2169 710 2408 780; x_wconf 73' lang='grc' dir='ltr'>πόλεμον</span> <span class='ocrx_word' id='word_1_341' title='bbox 2439 709 2690 778; x_wconf 74' lang='grc' dir='ltr'>λέγοντες</span> <span class='ocrx_word' id='word_1_342' title='bbox 2748 707 2842 761; x_wconf 81' lang='grc' dir='ltr'>τὸν</span> <span class='ocrx_word' id='word_1_343' title='bbox 2894 707 3222 778; x_wconf 85' lang='grc' dir='ltr'>Ταρκύνιον,</span> <span class='ocrx_word' id='word_1_344' title='bbox 3279 710 3327 761; x_wconf 84' lang='grc' dir='ltr'><strong>εί</strong></span> <span class='ocrx_word' id='word_1_345' title='bbox 3375 709 3444 762; x_wconf 79' lang='grc' dir='ltr'>τὰ</span> <span class='ocrx_word' id='word_1_346' title='bbox 3495 710 3765 780; x_wconf 79' lang='grc' dir='ltr'>χρήματα</span> 
     </span>
    </p>
   </div>
   <div class='ocr_carea' id='block_1_52' title="bbox 2167 801 3765 873">
    <p class='ocr_par' dir='ltr' id='par_1_52' title="bbox 2167 801 3765 873">
     <span class='ocr_line' id='line_1_52' title="bbox 2167 801 3765 873; baseline 0.001 -17"><span class='ocrx_word' id='word_1_347' title='bbox 2167 802 2372 856; x_wconf 75' lang='grc' dir='ltr'><strong>δοθεῖεν</strong></span> <span class='ocrx_word' id='word_1_348' title='bbox 2402 802 2574 873; x_wconf 83' lang='grc' dir='ltr'>αὐτῷ,</span> <span class='ocrx_word' id='word_1_349' title='bbox 2607 802 2702 856; x_wconf 63' lang='grc' dir='ltr'>καὶ</span> <span class='ocrx_word' id='word_1_350' title='bbox 2728 804 2841 866; x_wconf 87' lang='grc' dir='ltr'>τοῖς</span> <span class='ocrx_word' id='word_1_351' title='bbox 2873 801 3072 870; x_wconf 78' lang='grc' dir='ltr'>φίλοις,</span> <span class='ocrx_word' id='word_1_352' title='bbox 3105 804 3199 855; x_wconf 80' lang='grc' dir='ltr'>καὶ</span> <span class='ocrx_word' id='word_1_353' title='bbox 3229 804 3342 865; x_wconf 85' lang='grc' dir='ltr'>τοῖς</span> <span class='ocrx_word' id='word_1_354' title='bbox 3375 803 3626 869; x_wconf 85' lang='grc' dir='ltr'>οἰκείοις,</span> <span class='ocrx_word' id='word_1_355' title='bbox 3665 805 3765 873; x_wconf 72' lang='grc' dir='ltr'><strong>ἀφ’</strong></span> 
     </span>
    </p>
   </div>
   <div class='ocr_carea' id='block_1_53' title="bbox 2167 887 3765 962">
    <p class='ocr_par' dir='ltr' id='par_1_53' title="bbox 2167 887 3765 962">
     <span class='ocr_line' id='line_1_53' title="bbox 2167 887 3765 962; baseline -0.001 -14"><span class='ocrx_word' id='word_1_356' title='bbox 2167 887 2246 948; x_wconf 78' lang='grc' dir='ltr'>ὧν</span> <span class='ocrx_word' id='word_1_357' title='bbox 2273 893 2661 948; x_wconf 78' lang='grc' dir='ltr'>διαδιώσονται</span> <span class='ocrx_word' id='word_1_358' title='bbox 2707 892 3028 962; x_wconf 82' lang='grc' dir='ltr'>φεύγοντες.</span> <span class='ocrx_word' id='word_1_359' title='bbox 3079 893 3506 962; x_wconf 78' lang='grc' dir='ltr'>Ἐπικλωμένων</span> <span class='ocrx_word' id='word_1_360' title='bbox 3541 895 3599 946; x_wconf 84' lang='grc' dir='ltr'>δὲ</span> <span class='ocrx_word' id='word_1_361' title='bbox 3631 897 3765 946; x_wconf 77' lang='grc' dir='ltr'>πολ-</span> 
     </span>
    </p>
   </div>
   <div class='ocr_carea' id='block_1_54' title="bbox 2168 984 3763 1057">
    <p class='ocr_par' dir='ltr' id='par_1_54' title="bbox 2168 984 3763 1057">
     <span class='ocr_line' id='line_1_54' title="bbox 2168 984 3763 1057; baseline 0 -17"><span class='ocrx_word' id='word_1_362' title='bbox 2168 987 2301 1053; x_wconf 86' lang='grc' dir='ltr'>λῶν,</span> <span class='ocrx_word' id='word_1_363' title='bbox 2327 987 2423 1042; x_wconf 79' lang='grc' dir='ltr'>καὶ</span> <span class='ocrx_word' id='word_1_364' title='bbox 2460 986 2628 1040; x_wconf 79' lang='grc' dir='ltr'>αὑτοῦ</span> <span class='ocrx_word' id='word_1_365' title='bbox 2669 987 3002 1041; x_wconf 82' lang='grc' dir='ltr'><strong>Κολλατίνου</strong></span> <span class='ocrx_word' id='word_1_366' title='bbox 3031 984 3128 1039; x_wconf 79' lang='grc' dir='ltr'><strong>τοῦ</strong></span> <span class='ocrx_word' id='word_1_367' title='bbox 3178 985 3258 1056; x_wconf 78' lang='grc' dir='ltr'>τῷ</span> <span class='ocrx_word' id='word_1_368' title='bbox 3286 986 3512 1057; x_wconf 80' lang='grc' dir='ltr'>Βρούτῳ</span> <span class='ocrx_word' id='word_1_369' title='bbox 3551 990 3763 1057; x_wconf 76' lang='grc' dir='ltr'>συναρ-</span> 
     </span>
    </p>
   </div>
   <div class='ocr_carea' id='block_1_55' title="bbox 2170 1078 3762 1152">
    <p class='ocr_par' dir='ltr' id='par_1_55' title="bbox 2170 1078 3762 1152">
     <span class='ocr_line' id='line_1_55' title="bbox 2170 1078 3762 1152; baseline 0.001 -21"><span class='ocrx_word' id='word_1_370' title='bbox 2170 1095 2380 1150; x_wconf 86' lang='grc' dir='ltr'>χοντος,</span> <span class='ocrx_word' id='word_1_371' title='bbox 2412 1081 2495 1144; x_wconf 84' lang='grc' dir='ltr'><strong>είς</strong></span> <span class='ocrx_word' id='word_1_372' title='bbox 2523 1080 2734 1149; x_wconf 77' lang='grc' dir='ltr'>ἀγορὰν</span> <span class='ocrx_word' id='word_1_373' title='bbox 2758 1080 2786 1134; x_wconf 80' lang='grc' dir='ltr'><strong>ὁ</strong></span> <span class='ocrx_word' id='word_1_374' title='bbox 2816 1078 3056 1152; x_wconf 82' lang='grc' dir='ltr'>Βροῦτος</span> <span class='ocrx_word' id='word_1_375' title='bbox 3107 1079 3172 1132; x_wconf 81' lang='grc' dir='ltr'>ὲκ</span> <span class='ocrx_word' id='word_1_376' title='bbox 3210 1079 3307 1133; x_wconf 80' lang='grc' dir='ltr'>τοῦ</span> <span class='ocrx_word' id='word_1_377' title='bbox 3367 1078 3762 1151; x_wconf 73' lang='grc' dir='ltr'><strong>βουλευτηρίου</strong></span> 
     </span>
    </p>
   </div>
   <div class='ocr_carea' id='block_1_56' title="bbox 2169 1168 3764 1245">
    <p class='ocr_par' dir='ltr' id='par_1_56' title="bbox 2169 1168 3764 1245">
     <span class='ocr_line' id='line_1_56' title="bbox 2169 1168 3764 1245; baseline 0.002 -21"><span class='ocrx_word' id='word_1_378' title='bbox 2169 1168 2462 1243; x_wconf 65' lang='grc' dir='ltr'>ἐξέδραμε,</span> <span class='ocrx_word' id='word_1_379' title='bbox 2498 1171 2770 1245; x_wconf 74' lang='grc' dir='ltr'>προδότην</span> <span class='ocrx_word' id='word_1_380' title='bbox 2801 1173 2896 1229; x_wconf 80' lang='grc' dir='ltr'>τὸν</span> <span class='ocrx_word' id='word_1_381' title='bbox 2933 1174 3264 1230; x_wconf 71' lang='grc' dir='ltr'>Κολλατῖνον</span> <span class='ocrx_word' id='word_1_382' title='bbox 3293 1175 3610 1241; x_wconf 75' lang='grc' dir='ltr'>ἀποκαλῶν,</span> <span class='ocrx_word' id='word_1_383' title='bbox 3667 1191 3764 1227; x_wconf 80' lang='grc' dir='ltr'>πο-</span> 
     </span>
    </p>
   </div>
   <div class='ocr_carea' id='block_1_57' title="bbox 2170 1264 3764 1340">
    <p class='ocr_par' dir='ltr' id='par_1_57' title="bbox 2170 1264 3764 1340">
     <span class='ocr_line' id='line_1_57' title="bbox 2170 1264 3764 1340; baseline 0.003 -24"><span class='ocrx_word' id='word_1_384' title='bbox 2170 1264 2338 1336; x_wconf 81' lang='grc' dir='ltr'>λέμου</span> <span class='ocrx_word' id='word_1_385' title='bbox 2416 1265 2512 1320; x_wconf 77' lang='grc' dir='ltr'>καὶ</span> <span class='ocrx_word' id='word_1_386' title='bbox 2577 1266 2893 1338; x_wconf 83' lang='grc' dir='ltr'>τυραννίδος</span> <span class='ocrx_word' id='word_1_387' title='bbox 2941 1267 3196 1340; x_wconf 78' lang='grc' dir='ltr'>ἀφορμάς</span> <span class='ocrx_word' id='word_1_388' title='bbox 3257 1269 3641 1339; x_wconf 72' lang='grc' dir='ltr'>χαριζόμενον.</span> <span class='ocrx_word' id='word_1_389' title='bbox 3695 1269 3764 1322; x_wconf 80' lang='grc' dir='ltr'><strong>οι</strong></span> 
     </span>
    </p>
   </div>
   <div class='ocr_carea' id='block_1_58' title="bbox 2172 1355 3759 1428">
    <p class='ocr_par' dir='ltr' id='par_1_58' title="bbox 2172 1355 3759 1428">
     <span class='ocr_line' id='line_1_58' title="bbox 2172 1355 3759 1428; baseline 0.003 -22"><span class='ocrx_word' id='word_1_390' title='bbox 2172 1355 2433 1426; x_wconf 76' lang='grc' dir='ltr'>πρέσϐεις</span> <span class='ocrx_word' id='word_1_391' title='bbox 2460 1355 2518 1410; x_wconf 72' lang='grc' dir='ltr'>δὲ</span> <span class='ocrx_word' id='word_1_392' title='bbox 2570 1355 2665 1409; x_wconf 65' lang='grc' dir='ltr'><strong>ἐπὶ</strong></span> <span class='ocrx_word' id='word_1_393' title='bbox 2721 1359 2790 1428; x_wconf 78' lang='grc' dir='ltr'>τῇ</span> <span class='ocrx_word' id='word_1_394' title='bbox 2839 1355 2950 1410; x_wconf 89' lang='grc' dir='ltr'><strong>τῶν</strong></span> <span class='ocrx_word' id='word_1_395' title='bbox 2994 1356 3302 1428; x_wconf 81' lang='grc' dir='ltr'>χρημάτων</span> <span class='ocrx_word' id='word_1_396' title='bbox 3357 1357 3638 1428; x_wconf 78' lang='grc' dir='ltr'>προφάσει</span> <span class='ocrx_word' id='word_1_397' title='bbox 3691 1359 3759 1427; x_wconf 80' lang='grc' dir='ltr'><strong>τῇ</strong></span> 
     </span>
    </p>
   </div>
   <div class='ocr_carea' id='block_1_59' title="bbox 2182 1445 3760 1520">
    <p class='ocr_par' dir='ltr' id='par_1_59' title="bbox 2182 1445 3760 1520">
     <span class='ocr_line' id='line_1_59' title="bbox 2182 1445 3760 1520; baseline 0.003 -21"><span class='ocrx_word' id='word_1_398' title='bbox 2182 1445 2372 1520; x_wconf 79' lang='grc' dir='ltr'>Ῥώμῃ</span> <span class='ocrx_word' id='word_1_399' title='bbox 2407 1447 2866 1520; x_wconf 76' lang='grc' dir='ltr'>ἐνδιατρίϐοντες,</span> <span class='ocrx_word' id='word_1_400' title='bbox 2895 1449 3126 1519; x_wconf 83' lang='grc' dir='ltr'>ῐσχυσαν</span> <span class='ocrx_word' id='word_1_401' title='bbox 3157 1448 3472 1519; x_wconf 80' lang='grc' dir='ltr'>διαφθεῖραι</span> <span class='ocrx_word' id='word_1_402' title='bbox 3499 1448 3610 1502; x_wconf 85' lang='grc' dir='ltr'><strong>τῶν</strong></span> <span class='ocrx_word' id='word_1_403' title='bbox 3639 1451 3760 1503; x_wconf 58' lang='grc' dir='ltr'>επι-</span> 
     </span>
    </p>
   </div>
   <div class='ocr_carea' id='block_1_60' title="bbox 2175 1532 3759 1613">
    <p class='ocr_par' dir='ltr' id='par_1_60' title="bbox 2175 1532 3759 1613">
     <span class='ocr_line' id='line_1_60' title="bbox 2175 1532 3759 1613; baseline 0 -19"><span class='ocrx_word' id='word_1_404' title='bbox 2175 1541 2372 1613; x_wconf 84' lang='grc' dir='ltr'>σήμων</span> <span class='ocrx_word' id='word_1_405' title='bbox 2408 1541 2579 1606; x_wconf 82' lang='grc' dir='ltr'>τινὰς,</span> <span class='ocrx_word' id='word_1_406' title='bbox 2610 1540 2732 1611; x_wconf 84' lang='grc' dir='ltr'>μεθ’</span> <span class='ocrx_word' id='word_1_407' title='bbox 2775 1532 2852 1596; x_wconf 74' lang='grc' dir='ltr'>ὧν</span> <span class='ocrx_word' id='word_1_408' title='bbox 2883 1543 2980 1596; x_wconf 74' lang='grc' dir='ltr'>καὶ</span> <span class='ocrx_word' id='word_1_409' title='bbox 3010 1540 3121 1596; x_wconf 90' lang='grc' dir='ltr'><strong>δύω</strong></span> <span class='ocrx_word' id='word_1_410' title='bbox 3153 1539 3248 1594; x_wconf 80' lang='grc' dir='ltr'>τοῦ</span> <span class='ocrx_word' id='word_1_411' title='bbox 3287 1540 3526 1611; x_wconf 81' lang='grc' dir='ltr'>Βρούτου</span> <span class='ocrx_word' id='word_1_412' title='bbox 3560 1541 3759 1604; x_wconf 85' lang='grc' dir='ltr'>παῖδας</span> 
     </span>
    </p>
   </div>
   <div class='ocr_carea' id='block_1_61' title="bbox 2171 1631 3762 1705">
    <p class='ocr_par' dir='ltr' id='par_1_61' title="bbox 2171 1631 3762 1705">
     <span class='ocr_line' id='line_1_61' title="bbox 2171 1631 3762 1705; baseline 0 -19"><span class='ocrx_word' id='word_1_413' title='bbox 2171 1633 2402 1688; x_wconf 76' lang='grc' dir='ltr'>ἔπεισαν</span> <span class='ocrx_word' id='word_1_414' title='bbox 2429 1635 2488 1686; x_wconf 75' lang='grc' dir='ltr'>ὲν</span> <span class='ocrx_word' id='word_1_415' title='bbox 2516 1636 2584 1704; x_wconf 77' lang='grc' dir='ltr'><strong>τῇ</strong></span> <span class='ocrx_word' id='word_1_416' title='bbox 2629 1633 2893 1705; x_wconf 83' lang='grc' dir='ltr'>προδοσίᾳ</span> <span class='ocrx_word' id='word_1_417' title='bbox 2923 1633 3200 1703; x_wconf 83' lang='grc' dir='ltr'>γενέσθαι.</span> <span class='ocrx_word' id='word_1_418' title='bbox 3255 1634 3345 1698; x_wconf 81' lang='grc' dir='ltr'>Ὠς</span> <span class='ocrx_word' id='word_1_419' title='bbox 3374 1631 3470 1689; x_wconf 77' lang='grc' dir='ltr'>οὖν</span> <span class='ocrx_word' id='word_1_420' title='bbox 3506 1635 3762 1689; x_wconf 78' lang='grc' dir='ltr'>συνέπεεο</span> 
     </span>
    </p>
   </div>
   <div class='ocr_carea' id='block_1_62' title="bbox 2178 1725 3760 1798">
    <p class='ocr_par' dir='ltr' id='par_1_62' title="bbox 2178 1725 3760 1798">
     <span class='ocr_line' id='line_1_62' title="bbox 2178 1725 3760 1798; baseline 0.001 -19"><span class='ocrx_word' id='word_1_421' title='bbox 2178 1742 2278 1780; x_wconf 90' lang='grc' dir='ltr'><strong>σαν</strong></span> <span class='ocrx_word' id='word_1_422' title='bbox 2307 1726 2375 1780; x_wconf 82' lang='grc' dir='ltr'>τὰ</span> <span class='ocrx_word' id='word_1_423' title='bbox 2407 1725 2692 1796; x_wconf 79' lang='grc' dir='ltr'>μειράκια,</span> <span class='ocrx_word' id='word_1_424' title='bbox 2718 1725 2863 1791; x_wconf 81' lang='grc' dir='ltr'>εδοξε</span> <span class='ocrx_word' id='word_1_425' title='bbox 2908 1727 3006 1780; x_wconf 73' lang='grc' dir='ltr'>καὶ</span> <span class='ocrx_word' id='word_1_426' title='bbox 3058 1728 3224 1797; x_wconf 85' lang='grc' dir='ltr'>ὅρκον</span> <span class='ocrx_word' id='word_1_427' title='bbox 3272 1727 3557 1798; x_wconf 83' lang='grc' dir='ltr'>προθεῖναι</span> <span class='ocrx_word' id='word_1_428' title='bbox 3662 1728 3760 1782; x_wconf 71' lang='grc' dir='ltr'>καὶ</span> 
     </span>
    </p>
   </div>
   <div class='ocr_carea' id='block_1_63' title="bbox 2098 1803 3760 1891">
    <p class='ocr_par' dir='ltr' id='par_1_63' title="bbox 2098 1803 3760 1891">
     <span class='ocr_line' id='line_1_63' title="bbox 2098 1803 3760 1891; baseline -0.001 -18"><span class='ocrx_word' id='word_1_429' title='bbox 2098 1803 2144 1864; x_wconf 78' lang='grc' dir='ltr'><strong>Β</strong></span> <span class='ocrx_word' id='word_1_430' title='bbox 2171 1819 2266 1873; x_wconf 76' lang='grc' dir='ltr'><strong>ἐπὶ</strong></span> <span class='ocrx_word' id='word_1_431' title='bbox 2297 1820 2508 1883; x_wconf 82' lang='grc' dir='ltr'>τούτοις</span> <span class='ocrx_word' id='word_1_432' title='bbox 2536 1822 2616 1883; x_wconf 90' lang='grc' dir='ltr'><strong>είς</strong></span> <span class='ocrx_word' id='word_1_433' title='bbox 2645 1820 2824 1874; x_wconf 87' lang='grc' dir='ltr'>οἰκίαν</span> <span class='ocrx_word' id='word_1_434' title='bbox 2858 1815 3252 1890; x_wconf 49' lang='grc' dir='ltr'>συνῆλθονῧῌν</span> <span class='ocrx_word' id='word_1_435' title='bbox 3269 1819 3324 1873; x_wconf 81' lang='grc' dir='ltr'>δὲ</span> <span class='ocrx_word' id='word_1_436' title='bbox 3353 1820 3382 1872; x_wconf 84' lang='grc' dir='ltr'>ὀ</span> <span class='ocrx_word' id='word_1_437' title='bbox 3406 1814 3560 1883; x_wconf 74' lang='grc' dir='ltr'>οἷκος</span> <span class='ocrx_word' id='word_1_438' title='bbox 3585 1821 3760 1891; x_wconf 80' lang='grc' dir='ltr'>ὑπέρ-</span> 
     </span>
    </p>
   </div>
   <div class='ocr_carea' id='block_1_64' title="bbox 2168 1908 3760 1984">
    <p class='ocr_par' dir='ltr' id='par_1_64' title="bbox 2168 1908 3760 1984">
     <span class='ocr_line' id='line_1_64' title="bbox 2168 1908 3760 1984; baseline 0 -20"><span class='ocrx_word' id='word_1_439' title='bbox 2168 1928 2309 1984; x_wconf 86' lang='grc' dir='ltr'>ημος</span> <span class='ocrx_word' id='word_1_440' title='bbox 2341 1912 2437 1964; x_wconf 78' lang='grc' dir='ltr'>καὶ</span> <span class='ocrx_word' id='word_1_441' title='bbox 2495 1908 2790 1979; x_wconf 83' lang='grc' dir='ltr'>σκοτώδης.</span> <span class='ocrx_word' id='word_1_442' title='bbox 2829 1909 3061 1964; x_wconf 74' lang='grc' dir='ltr'>Ἔλαϐεν</span> <span class='ocrx_word' id='word_1_443' title='bbox 3091 1909 3192 1964; x_wconf 73' lang='grc' dir='ltr'>οὖν</span> <span class='ocrx_word' id='word_1_444' title='bbox 3235 1911 3388 1965; x_wconf 75' lang='grc' dir='ltr'>ἔνδον</span> <span class='ocrx_word' id='word_1_445' title='bbox 3433 1910 3510 1964; x_wconf 83' lang='grc' dir='ltr'><strong>ὢν</strong></span> <span class='ocrx_word' id='word_1_446' title='bbox 3539 1911 3643 1964; x_wconf 77' lang='grc' dir='ltr'>οὐκ</span> <span class='ocrx_word' id='word_1_447' title='bbox 3692 1914 3760 1964; x_wconf 76' lang='grc' dir='ltr'>ὲκ</span> 
     </span>
    </p>
   </div>
   <div class='ocr_carea' id='block_1_65' title="bbox 2168 1999 3762 2072">
    <p class='ocr_par' dir='ltr' id='par_1_65' title="bbox 2168 1999 3762 2072">
     <span class='ocr_line' id='line_1_65' title="bbox 2168 1999 3762 2072; baseline 0 -18"><span class='ocrx_word' id='word_1_448' title='bbox 2168 2002 2453 2072; x_wconf 81' lang='grc' dir='ltr'>προνοίας,</span> <span class='ocrx_word' id='word_1_449' title='bbox 2517 1999 2656 2054; x_wconf 82' lang='grc' dir='ltr'><strong>ἁλλὰ</strong></span> <span class='ocrx_word' id='word_1_450' title='bbox 2706 2001 2972 2071; x_wconf 84' lang='grc' dir='ltr'>τυχαίως,</span> <span class='ocrx_word' id='word_1_451' title='bbox 3045 2002 3266 2070; x_wconf 79' lang='grc' dir='ltr'>οἰκέτης</span> <span class='ocrx_word' id='word_1_452' title='bbox 3325 2000 3500 2071; x_wconf 72' lang='grc' dir='ltr'>ὄνομα</span> <span class='ocrx_word' id='word_1_453' title='bbox 3548 2002 3762 2055; x_wconf 86' lang='grc' dir='ltr'>Οὐινδί-</span> 
     </span>
    </p>
   </div>
   <div class='ocr_carea' id='block_1_66' title="bbox 2167 2092 3758 2164">
    <p class='ocr_par' dir='ltr' id='par_1_66' title="bbox 2167 2092 3758 2164">
     <span class='ocr_line' id='line_1_66' title="bbox 2167 2092 3758 2164; baseline -0.003 -16"><span class='ocrx_word' id='word_1_454' title='bbox 2167 2110 2288 2158; x_wconf 87' lang='grc' dir='ltr'>κιος</span> <span class='ocrx_word' id='word_1_455' title='bbox 2326 2092 2463 2164; x_wconf 78' lang='grc'>(92),</span> <span class='ocrx_word' id='word_1_456' title='bbox 2498 2092 2594 2148; x_wconf 78' lang='grc' dir='ltr'>καὶ</span> <span class='ocrx_word' id='word_1_457' title='bbox 2619 2092 3034 2164; x_wconf 74' lang='grc' dir='ltr'>κατακρυφοεὶς</span> <span class='ocrx_word' id='word_1_458' title='bbox 3092 2094 3236 2160; x_wconf 73' lang='grc' dir='ltr'>ἐκεῖ,</span> <span class='ocrx_word' id='word_1_459' title='bbox 3296 2093 3495 2164; x_wconf 81' lang='grc' dir='ltr'>θεατής</span> <span class='ocrx_word' id='word_1_460' title='bbox 3542 2110 3603 2146; x_wconf 90' lang='grc' dir='ltr'><strong>τε</strong></span> <span class='ocrx_word' id='word_1_461' title='bbox 3646 2093 3758 2145; x_wconf 84' lang='grc' dir='ltr'><strong>τῶν</strong></span> 
     </span>
    </p>
   </div>
   <div class='ocr_carea' id='block_1_67' title="bbox 2165 2181 3756 2259">
    <p class='ocr_par' dir='ltr' id='par_1_67' title="bbox 2165 2181 3756 2259">
     <span class='ocr_line' id='line_1_67' title="bbox 2165 2181 3756 2259; baseline -0.001 -21"><span class='ocrx_word' id='word_1_462' title='bbox 2165 2187 2462 2259; x_wconf 82' lang='grc' dir='ltr'>δρωμένων</span> <span class='ocrx_word' id='word_1_463' title='bbox 2486 2181 2576 2258; x_wconf 78' lang='grc' dir='ltr'>ἦν,</span> <span class='ocrx_word' id='word_1_464' title='bbox 2607 2185 2706 2239; x_wconf 76' lang='grc' dir='ltr'>καὶ</span> <span class='ocrx_word' id='word_1_465' title='bbox 2741 2184 2854 2240; x_wconf 86' lang='grc' dir='ltr'><strong>τῶν</strong></span> <span class='ocrx_word' id='word_1_466' title='bbox 2908 2183 3351 2256; x_wconf 73' lang='grc' dir='ltr'>βεϐουλευμένων</span> <span class='ocrx_word' id='word_1_467' title='bbox 3384 2186 3654 2256; x_wconf 80' lang='grc' dir='ltr'>ἐπήκοος·</span> <span class='ocrx_word' id='word_1_468' title='bbox 3691 2184 3756 2236; x_wconf 73' lang='grc' dir='ltr'><strong>ἃ·</strong></span> 
     </span>
    </p>
   </div>
   <div class='ocr_carea' id='block_1_68' title="bbox 2167 2275 3755 2352">
    <p class='ocr_par' dir='ltr' id='par_1_68' title="bbox 2167 2275 3755 2352">
     <span class='ocr_line' id='line_1_68' title="bbox 2167 2275 3755 2352; baseline -0.003 -20"><span class='ocrx_word' id='word_1_469' title='bbox 2167 2295 2276 2351; x_wconf 90' lang='grc' dir='ltr'><strong>περ</strong></span> <span class='ocrx_word' id='word_1_470' title='bbox 2300 2275 2442 2352; x_wconf 73' lang='grc' dir='ltr'>ἦσαν</span> <span class='ocrx_word' id='word_1_471' title='bbox 2468 2318 2483 2342; x_wconf 88' lang='grc'><strong>,</strong></span> <span class='ocrx_word' id='word_1_472' title='bbox 2537 2279 2667 2342; x_wconf 84' lang='grc' dir='ltr'>τοὺς</span> <span class='ocrx_word' id='word_1_473' title='bbox 2717 2276 2960 2341; x_wconf 79' lang='grc' dir='ltr'>ὑπάτους</span> <span class='ocrx_word' id='word_1_474' title='bbox 3013 2276 3250 2343; x_wconf 82' lang='grc' dir='ltr'>ἀνελεῖν,</span> <span class='ocrx_word' id='word_1_475' title='bbox 3300 2277 3398 2332; x_wconf 74' lang='grc' dir='ltr'>καὶ</span> <span class='ocrx_word' id='word_1_476' title='bbox 3439 2279 3540 2348; x_wconf 82' lang='grc' dir='ltr'>τὴν</span> <span class='ocrx_word' id='word_1_477' title='bbox 3593 2275 3755 2328; x_wconf 81' lang='grc' dir='ltr'>πόλιν</span> 
     </span>
    </p>
   </div>
   <div class='ocr_carea' id='block_1_69' title="bbox 2168 2366 3761 2442">
    <p class='ocr_par' dir='ltr' id='par_1_69' title="bbox 2168 2366 3761 2442">
     <span class='ocr_line' id='line_1_69' title="bbox 2168 2366 3761 2442; baseline -0.003 -18"><span class='ocrx_word' id='word_1_478' title='bbox 2168 2369 2483 2442; x_wconf 81' lang='grc' dir='ltr'>προδοῦναι,</span> <span class='ocrx_word' id='word_1_479' title='bbox 2510 2370 2607 2423; x_wconf 65' lang='grc' dir='ltr'><strong>καὶΙ</strong></span> <span class='ocrx_word' id='word_1_480' title='bbox 2637 2368 2814 2423; x_wconf 82' lang='grc' dir='ltr'>ταῦτα</span> <span class='ocrx_word' id='word_1_481' title='bbox 2841 2369 2920 2440; x_wconf 81' lang='grc' dir='ltr'>τῷ</span> <span class='ocrx_word' id='word_1_482' title='bbox 2944 2369 3238 2441; x_wconf 78' lang='grc' dir='ltr'>Ταρκυνίῳ</span> <span class='ocrx_word' id='word_1_483' title='bbox 3287 2366 3378 2423; x_wconf 78' lang='grc' dir='ltr'>διὰ</span> <span class='ocrx_word' id='word_1_484' title='bbox 3442 2367 3552 2422; x_wconf 89' lang='grc' dir='ltr'><strong>τῶν</strong></span> <span class='ocrx_word' id='word_1_485' title='bbox 3622 2367 3761 2438; x_wconf 80' lang='grc' dir='ltr'>πρέ-</span> 
     </span>
    </p>
   </div>
   <div class='ocr_carea' id='block_1_70' title="bbox 2168 2461 3758 2534">
    <p class='ocr_par' dir='ltr' id='par_1_70' title="bbox 2168 2461 3758 2534">
     <span class='ocr_line' id='line_1_70' title="bbox 2168 2461 3758 2534; baseline -0.003 -16"><span class='ocrx_word' id='word_1_486' title='bbox 2168 2465 2347 2518; x_wconf 76' lang='grc' dir='ltr'>σϐεων</span> <span class='ocrx_word' id='word_1_487' title='bbox 2375 2464 2808 2530; x_wconf 77' lang='grc' dir='ltr'>έπεστάλκασιν.</span> <span class='ocrx_word' id='word_1_488' title='bbox 2849 2461 3221 2518; x_wconf 80' lang='grc' dir='ltr'>’Δπελθὸντων</span> <span class='ocrx_word' id='word_1_489' title='bbox 3246 2463 3304 2518; x_wconf 74' lang='grc' dir='ltr'>δὲ</span> <span class='ocrx_word' id='word_1_490' title='bbox 3330 2461 3426 2518; x_wconf 80' lang='grc' dir='ltr'>τοῦ</span> <span class='ocrx_word' id='word_1_491' title='bbox 3453 2462 3758 2534; x_wconf 80' lang='grc' dir='ltr'>οίκήματος</span> 
     </span>
    </p>
   </div>
   <div class='ocr_carea' id='block_1_71' title="bbox 2167 2553 3757 2627">
    <p class='ocr_par' dir='ltr' id='par_1_71' title="bbox 2167 2553 3757 2627">
     <span class='ocr_line' id='line_1_71' title="bbox 2167 2553 3757 2627; baseline -0.001 -19"><span class='ocrx_word' id='word_1_492' title='bbox 2167 2555 2278 2610; x_wconf 82' lang='grc' dir='ltr'><strong>τῶν</strong></span> <span class='ocrx_word' id='word_1_493' title='bbox 2307 2557 2660 2627; x_wconf 84' lang='grc' dir='ltr'>συνωμοτῶν,</span> <span class='ocrx_word' id='word_1_494' title='bbox 2717 2553 2954 2622; x_wconf 72' lang='grc' dir='ltr'>ἐξελθὼν</span> <span class='ocrx_word' id='word_1_495' title='bbox 2981 2555 3012 2608; x_wconf 79' lang='grc' dir='ltr'><strong>ὁ</strong></span> <span class='ocrx_word' id='word_1_496' title='bbox 3037 2555 3259 2626; x_wconf 86' lang='grc' dir='ltr'>οίκέτης</span> <span class='ocrx_word' id='word_1_497' title='bbox 3313 2555 3532 2609; x_wconf 71' lang='grc' dir='ltr'>ἅπαντα</span> <span class='ocrx_word' id='word_1_498' title='bbox 3589 2570 3757 2607; x_wconf 85' lang='grc' dir='ltr'>κατε-</span> 
     </span>
    </p>
   </div>
   <div class='ocr_carea' id='block_1_72' title="bbox 2171 2645 3756 2720">
    <p class='ocr_par' dir='ltr' id='par_1_72' title="bbox 2171 2645 3756 2720">
     <span class='ocr_line' id='line_1_72' title="bbox 2171 2645 3756 2720; baseline -0.001 -19"><span class='ocrx_word' id='word_1_499' title='bbox 2171 2649 2404 2720; x_wconf 82' lang='grc' dir='ltr'>μήνυσε,</span> <span class='ocrx_word' id='word_1_500' title='bbox 2431 2647 2528 2704; x_wconf 75' lang='grc' dir='ltr'>καὶ</span> <span class='ocrx_word' id='word_1_501' title='bbox 2558 2649 2614 2702; x_wconf 85' lang='grc' dir='ltr'><strong>οῖ</strong></span> <span class='ocrx_word' id='word_1_502' title='bbox 2632 2664 2695 2703; x_wconf 84' lang='grc' dir='ltr'><strong>τε</strong></span> <span class='ocrx_word' id='word_1_503' title='bbox 2723 2647 2825 2720; x_wconf 77' lang='grc' dir='ltr'>τὴν</span> <span class='ocrx_word' id='word_1_504' title='bbox 2840 2647 3137 2719; x_wconf 83' lang='grc' dir='ltr'>προδοσίαν</span> <span class='ocrx_word' id='word_1_505' title='bbox 3165 2645 3570 2719; x_wconf 74' lang='grc' dir='ltr'>μελετήσαντες</span> <span class='ocrx_word' id='word_1_506' title='bbox 3597 2661 3756 2699; x_wconf 82' lang='grc' dir='ltr'>συνε-</span> 
     </span>
    </p>
   </div>
   <div class='ocr_carea' id='block_1_73' title="bbox 2166 2740 3755 2814">
    <p class='ocr_par' dir='ltr' id='par_1_73' title="bbox 2166 2740 3755 2814">
     <span class='ocr_line' id='line_1_73' title="bbox 2166 2740 3755 2814; baseline -0.001 -20"><span class='ocrx_word' id='word_1_507' title='bbox 2166 2743 2479 2814; x_wconf 70' lang='grc' dir='ltr'>λήφθησαν,</span> <span class='ocrx_word' id='word_1_508' title='bbox 2510 2742 2608 2797; x_wconf 78' lang='grc' dir='ltr'>καὶ</span> <span class='ocrx_word' id='word_1_509' title='bbox 2639 2743 2709 2798; x_wconf 83' lang='grc' dir='ltr'>τὰ</span> <span class='ocrx_word' id='word_1_510' title='bbox 2753 2741 3064 2814; x_wconf 83' lang='grc' dir='ltr'>γράμματα</span> <span class='ocrx_word' id='word_1_511' title='bbox 3109 2740 3510 2812; x_wconf 74' lang='grc' dir='ltr'>εκομίσθησαν,</span> <span class='ocrx_word' id='word_1_512' title='bbox 3543 2741 3642 2794; x_wconf 73' lang='grc' dir='ltr'>καὶ</span> <span class='ocrx_word' id='word_1_513' title='bbox 3672 2740 3755 2802; x_wconf 83' lang='grc' dir='ltr'><strong>είς</strong></span> 
     </span>
    </p>
   </div>
   <div class='ocr_carea' id='block_1_74' title="bbox 2166 2833 3756 2909">
    <p class='ocr_par' dir='ltr' id='par_1_74' title="bbox 2166 2833 3756 2909">
     <span class='ocr_line' id='line_1_74' title="bbox 2166 2833 3756 2909; baseline -0.004 -18"><span class='ocrx_word' id='word_1_514' title='bbox 2166 2838 2269 2909; x_wconf 75' lang='grc' dir='ltr'>τὴν</span> <span class='ocrx_word' id='word_1_515' title='bbox 2294 2837 2505 2908; x_wconf 77' lang='grc' dir='ltr'>ἀγορὰν</span> <span class='ocrx_word' id='word_1_516' title='bbox 2527 2835 2920 2908; x_wconf 78' lang='grc' dir='ltr'>προαχθέντων</span> <span class='ocrx_word' id='word_1_517' title='bbox 2951 2833 3156 2901; x_wconf 86' lang='grc' dir='ltr'>αὐτῶν,</span> <span class='ocrx_word' id='word_1_518' title='bbox 3196 2835 3294 2887; x_wconf 77' lang='grc' dir='ltr'>καὶ</span> <span class='ocrx_word' id='word_1_519' title='bbox 3341 2833 3435 2887; x_wconf 84' lang='grc' dir='ltr'>τὸν</span> <span class='ocrx_word' id='word_1_520' title='bbox 3493 2834 3756 2887; x_wconf 73' lang='grc' dir='ltr'>Οὐινδικα</span> 
     </span>
    </p>
   </div>
   <div class='ocr_carea' id='block_1_75' title="bbox 2169 2925 3756 3002">
    <p class='ocr_par' dir='ltr' id='par_1_75' title="bbox 2169 2925 3756 3002">
     <span class='ocr_line' id='line_1_75' title="bbox 2169 2925 3756 3002; baseline -0.004 -19"><span class='ocrx_word' id='word_1_521' title='bbox 2169 2930 2613 2999; x_wconf 80' lang='grc' dir='ltr'>παρεστήσαντο,</span> <span class='ocrx_word' id='word_1_522' title='bbox 2643 2929 2714 2984; x_wconf 81' lang='grc' dir='ltr'>τά</span> <span class='ocrx_word' id='word_1_523' title='bbox 2741 2944 2803 2982; x_wconf 89' lang='grc' dir='ltr'><strong>τε</strong></span> <span class='ocrx_word' id='word_1_524' title='bbox 2832 2928 3143 3002; x_wconf 79' lang='grc' dir='ltr'>γράμματα</span> <span class='ocrx_word' id='word_1_525' title='bbox 3161 2925 3609 2997; x_wconf 80' lang='grc' dir='ltr'>ἀνεγνώσθησαν.</span> <span class='ocrx_word' id='word_1_526' title='bbox 3644 2925 3756 2979; x_wconf 79' lang='grc' dir='ltr'><strong>Καὶ</strong></span> 
     </span>
    </p>
   </div>
   <div class='ocr_carea' id='block_1_76' title="bbox 2167 3018 3754 3096">
    <p class='ocr_par' dir='ltr' id='par_1_76' title="bbox 2167 3018 3754 3096">
     <span class='ocr_line' id='line_1_76' title="bbox 2167 3018 3754 3096; baseline -0.003 -19"><span class='ocrx_word' id='word_1_527' title='bbox 2167 3024 2218 3077; x_wconf 88' lang='grc' dir='ltr'><strong>οί</strong></span> <span class='ocrx_word' id='word_1_528' title='bbox 2258 3022 2359 3094; x_wconf 79' lang='grc' dir='ltr'>μὲν</span> <span class='ocrx_word' id='word_1_529' title='bbox 2385 3022 2536 3078; x_wconf 73' lang='grc' dir='ltr'>ἄλλοι</span> <span class='ocrx_word' id='word_1_530' title='bbox 2563 3021 2623 3075; x_wconf 72' lang='grc' dir='ltr'>ιν</span> <span class='ocrx_word' id='word_1_531' title='bbox 2677 3021 2958 3096; x_wconf 69' lang='grc' dir='ltr'>κατηφείᾳ</span> <span class='ocrx_word' id='word_1_532' title='bbox 2994 3018 3162 3094; x_wconf 75' lang='grc' dir='ltr'>ἦσαν,</span> <span class='ocrx_word' id='word_1_533' title='bbox 3223 3021 3322 3074; x_wconf 73' lang='grc' dir='ltr'>καὶ</span> <span class='ocrx_word' id='word_1_534' title='bbox 3394 3021 3599 3091; x_wconf 75' lang='grc' dir='ltr'>σιωπῇ·</span> <span class='ocrx_word' id='word_1_535' title='bbox 3633 3021 3662 3072; x_wconf 84' lang='grc' dir='ltr'>ὁ</span> <span class='ocrx_word' id='word_1_536' title='bbox 3695 3018 3754 3072; x_wconf 76' lang='grc' dir='ltr'>δὲ</span> 
     </span>
    </p>
   </div>
   <div class='ocr_carea' id='block_1_77' title="bbox 2169 3110 3752 3187">
    <p class='ocr_par' dir='ltr' id='par_1_77' title="bbox 2169 3110 3752 3187">
     <span class='ocr_line' id='line_1_77' title="bbox 2169 3110 3752 3187; baseline -0.003 -20"><span class='ocrx_word' id='word_1_537' title='bbox 2169 3114 2407 3187; x_wconf 79' lang='grc' dir='ltr'>Βροῦτος</span> <span class='ocrx_word' id='word_1_538' title='bbox 2437 3114 2701 3186; x_wconf 72' lang='grc' dir='ltr'>ὀνομαστὶ</span> <span class='ocrx_word' id='word_1_539' title='bbox 2729 3113 2840 3168; x_wconf 88' lang='grc' dir='ltr'><strong>τῶν</strong></span> <span class='ocrx_word' id='word_1_540' title='bbox 2871 3115 3034 3170; x_wconf 82' lang='grc' dir='ltr'>υίέων</span> <span class='ocrx_word' id='word_1_541' title='bbox 3088 3113 3351 3184; x_wconf 74' lang='grc' dir='ltr'>ἑκάτερον</span> <span class='ocrx_word' id='word_1_542' title='bbox 3409 3110 3752 3182; x_wconf 76' lang='grc' dir='ltr'>προσειπὼν,</span> 
     </span>
    </p>
   </div>
   <div class='ocr_carea' id='block_1_78' title="bbox 2173 3202 3752 3277">
    <p class='ocr_par' dir='ltr' id='par_1_78' title="bbox 2173 3202 3752 3277">
     <span class='ocr_line' id='line_1_78' title="bbox 2173 3202 3752 3277; baseline -0.003 -17"><span class='ocrx_word' id='word_1_543' title='bbox 2173 3207 2296 3260; x_wconf 76' lang='grc' dir='ltr'><strong>οὐκ</strong></span> <span class='ocrx_word' id='word_1_544' title='bbox 2346 3204 2768 3276; x_wconf 72' lang='grc' dir='ltr'>ἀπολογεῖσθε,</span> <span class='ocrx_word' id='word_1_545' title='bbox 2807 3205 2936 3277; x_wconf 78' lang='grc' dir='ltr'>εφη,</span> <span class='ocrx_word' id='word_1_546' title='bbox 2985 3204 3136 3274; x_wconf 80' lang='grc' dir='ltr'>πρὸς</span> <span class='ocrx_word' id='word_1_547' title='bbox 3174 3202 3292 3273; x_wconf 82' lang='grc' dir='ltr'><strong>τὴν</strong></span> <span class='ocrx_word' id='word_1_548' title='bbox 3339 3203 3752 3274; x_wconf 64' lang='grc' dir='ltr'>κατηγορίαν-ς</span> 
     </span>
    </p>
   </div>
   <div class='ocr_carea' id='block_1_79' title="bbox 2167 3297 3749 3372">
    <p class='ocr_par' dir='ltr' id='par_1_79' title="bbox 2167 3297 3749 3372">
     <span class='ocr_line' id='line_1_79' title="bbox 2167 3297 3749 3372; baseline -0.003 -19"><span class='ocrx_word' id='word_1_549' title='bbox 2167 3299 2358 3354; x_wconf 78' lang='grc' dir='ltr'>τῶνῶ</span> <span class='ocrx_word' id='word_1_550' title='bbox 2393 3299 2750 3366; x_wconf 79' lang='grc' dir='ltr'>σιωπώντων,</span> <span class='ocrx_word' id='word_1_551' title='bbox 2780 3299 3043 3372; x_wconf 71' lang='grc' dir='ltr'>στραφεὶς</span> <span class='ocrx_word' id='word_1_552' title='bbox 3079 3298 3217 3370; x_wconf 81' lang='grc' dir='ltr'>πρὸς</span> <span class='ocrx_word' id='word_1_553' title='bbox 3269 3298 3396 3362; x_wconf 81' lang='grc' dir='ltr'>τοὺς</span> <span class='ocrx_word' id='word_1_554' title='bbox 3441 3297 3749 3366; x_wconf 80' lang='grc' dir='ltr'>ὑπηρέτας,</span> 
     </span>
    </p>
   </div>
   <div class='ocr_carea' id='block_1_80' title="bbox 2181 3387 3755 3463">
    <p class='ocr_par' dir='ltr' id='par_1_80' title="bbox 2181 3387 3755 3463">
     <span class='ocr_line' id='line_1_80' title="bbox 2181 3387 3755 3463; baseline -0.001 -17"><span class='ocrx_word' id='word_1_555' title='bbox 2181 3392 2517 3462; x_wconf 71' lang='grc' dir='ltr'>’Υμὲτερον,</span> <span class='ocrx_word' id='word_1_556' title='bbox 2545 3389 2725 3459; x_wconf 80' lang='grc' dir='ltr'>εἶπεν,</span> <span class='ocrx_word' id='word_1_557' title='bbox 2757 3392 2878 3463; x_wconf 68' lang='grc' dir='ltr'>ἤδη</span> <span class='ocrx_word' id='word_1_558' title='bbox 2896 3394 2964 3447; x_wconf 83' lang='grc' dir='ltr'>τὸ</span> <span class='ocrx_word' id='word_1_559' title='bbox 2977 3393 3194 3448; x_wconf 67' lang='grc' dir='ltr'>λοιπὸν</span> <span class='ocrx_word' id='word_1_560' title='bbox 3216 3390 3416 3461; x_wconf 70' lang='grc' dir='ltr'>ἕρτσντ</span> <span class='ocrx_word' id='word_1_561' title='bbox 3445 3390 3512 3444; x_wconf 83' lang='grc' dir='ltr'><strong>οι</strong></span> <span class='ocrx_word' id='word_1_562' title='bbox 3534 3389 3600 3444; x_wconf 68' lang='grc' dir='ltr'>δὲ</span> <span class='ocrx_word' id='word_1_563' title='bbox 3625 3387 3755 3444; x_wconf 83' lang='grc' dir='ltr'>συλ-</span> 
     </span>
    </p>
   </div>
   <div class='ocr_carea' id='block_1_81' title="bbox 2165 3482 3754 3557">
    <p class='ocr_par' dir='ltr' id='par_1_81' title="bbox 2165 3482 3754 3557">
     <span class='ocr_line' id='line_1_81' title="bbox 2165 3482 3754 3557; baseline -0.003 -18"><span class='ocrx_word' id='word_1_564' title='bbox 2165 3485 2424 3549; x_wconf 77' lang='grc' dir='ltr'>λαϐόντες</span> <span class='ocrx_word' id='word_1_565' title='bbox 2456 3487 2584 3550; x_wconf 77' lang='grc' dir='ltr'>τοὺς</span> <span class='ocrx_word' id='word_1_566' title='bbox 2614 3486 2958 3551; x_wconf 84' lang='grc' dir='ltr'>νεανίσκους,</span> <span class='ocrx_word' id='word_1_567' title='bbox 3011 3484 3232 3557; x_wconf 70' lang='grc' dir='ltr'>ῥάϐδοις</span> <span class='ocrx_word' id='word_1_568' title='bbox 3253 3482 3578 3548; x_wconf 63' lang='grc' dir='ltr'>κατέξαεων</span> <span class='ocrx_word' id='word_1_569' title='bbox 3600 3495 3620 3512; x_wconf 73' lang='grc'><strong><em>⁵</em></strong></span> <span class='ocrx_word' id='word_1_570' title='bbox 3653 3483 3754 3536; x_wconf 70' lang='grc' dir='ltr'>καὶ</span> 
     </span>
    </p>
   </div>
   <div class='ocr_carea' id='block_1_82' title="bbox 2164 3574 3752 3650">
    <p class='ocr_par' dir='ltr' id='par_1_82' title="bbox 2164 3574 3752 3650">
     <span class='ocr_line' id='line_1_82' title="bbox 2164 3574 3752 3650; baseline -0.004 -17"><span class='ocrx_word' id='word_1_571' title='bbox 2164 3577 2275 3633; x_wconf 87' lang='grc' dir='ltr'><strong>τῶν</strong></span> <span class='ocrx_word' id='word_1_572' title='bbox 2317 3578 2493 3633; x_wconf 77' lang='grc' dir='ltr'>ἄλλων</span> <span class='ocrx_word' id='word_1_573' title='bbox 2521 3578 2917 3650; x_wconf 70' lang='grc' dir='ltr'>ἐπικλωμένων</span> <span class='ocrx_word' id='word_1_574' title='bbox 2947 3580 3061 3642; x_wconf 88' lang='grc' dir='ltr'>τοῖς</span> <span class='ocrx_word' id='word_1_575' title='bbox 3111 3576 3417 3648; x_wconf 82' lang='grc' dir='ltr'>πάσχουσιν</span> <span class='ocrx_word' id='word_1_576' title='bbox 3446 3615 3463 3641; x_wconf 97' lang='grc'><strong>,</strong></span> <span class='ocrx_word' id='word_1_577' title='bbox 3499 3577 3529 3629; x_wconf 84' lang='grc' dir='ltr'><strong>δ</strong></span> <span class='ocrx_word' id='word_1_578' title='bbox 3561 3574 3752 3646; x_wconf 78' lang='grc' dir='ltr'>πατὴρ</span> 
     </span>
    </p>
   </div>
   <div class='ocr_carea' id='block_1_83' title="bbox 2164 3666 3748 3743">
    <p class='ocr_par' dir='ltr' id='par_1_83' title="bbox 2164 3666 3748 3743">
     <span class='ocr_line' id='line_1_83' title="bbox 2164 3666 3748 3743; baseline -0.005 -17"><span class='ocrx_word' id='word_1_579' title='bbox 2164 3670 2278 3728; x_wconf 74' lang='grc' dir='ltr'>οὔτ’</span> <span class='ocrx_word' id='word_1_580' title='bbox 2309 3671 2578 3743; x_wconf 80' lang='grc' dir='ltr'>ἀλλαχόσε</span> <span class='ocrx_word' id='word_1_581' title='bbox 2609 3672 2709 3735; x_wconf 75' lang='grc' dir='ltr'><strong>τὰς</strong></span> <span class='ocrx_word' id='word_1_582' title='bbox 2737 3670 2891 3741; x_wconf 72' lang='grc' dir='ltr'>ὄψεις</span> <span class='ocrx_word' id='word_1_583' title='bbox 2923 3671 3238 3742; x_wconf 78' lang='grc' dir='ltr'>ἀπήγαγεν,</span> <span class='ocrx_word' id='word_1_584' title='bbox 3264 3667 3390 3724; x_wconf 81' lang='grc' dir='ltr'>οὕτε</span> <span class='ocrx_word' id='word_1_585' title='bbox 3425 3668 3535 3739; x_wconf 75' lang='grc' dir='ltr'>μὴν</span> <span class='ocrx_word' id='word_1_586' title='bbox 3559 3666 3748 3720; x_wconf 79' lang='grc' dir='ltr'>οἴκτου</span> 
     </span>
    </p>
   </div>
   <div class='ocr_carea' id='block_1_84' title="bbox 2121 3759 3750 3836">
    <p class='ocr_par' dir='ltr' id='par_1_84' title="bbox 2121 3759 3750 3836">
     <span class='ocr_line' id='line_1_84' title="bbox 2121 3759 3750 3836; baseline -0.005 -17"><span class='ocrx_word' id='word_1_587' title='bbox 2121 3760 2127 3768; x_wconf 80' lang='grc'><em>’</em></span> <span class='ocrx_word' id='word_1_588' title='bbox 2163 3782 2217 3819; x_wconf 90' lang='grc' dir='ltr'><strong>τι</strong></span> <span class='ocrx_word' id='word_1_589' title='bbox 2240 3764 2561 3831; x_wconf 77' lang='grc' dir='ltr'>ἐνεδείξατο,</span> <span class='ocrx_word' id='word_1_590' title='bbox 2597 3765 2765 3836; x_wconf 85' lang='grc' dir='ltr'>μέχρι</span> <span class='ocrx_word' id='word_1_591' title='bbox 2795 3764 3017 3818; x_wconf 75' lang='grc' dir='ltr'>πελέκει</span> <span class='ocrx_word' id='word_1_592' title='bbox 3055 3763 3155 3828; x_wconf 79' lang='grc' dir='ltr'>τὰς</span> <span class='ocrx_word' id='word_1_593' title='bbox 3190 3762 3431 3831; x_wconf 76' lang='grc' dir='ltr'>κεφαλὰς</span> <span class='ocrx_word' id='word_1_594' title='bbox 3463 3759 3576 3814; x_wconf 81' lang='grc' dir='ltr'><strong>τῶν</strong></span> <span class='ocrx_word' id='word_1_595' title='bbox 3620 3759 3750 3813; x_wconf 84' lang='grc' dir='ltr'>παί-</span> 
     </span>
    </p>
   </div>
   <div class='ocr_carea' id='block_1_85' title="bbox 2162 3855 3750 3929">
    <p class='ocr_par' dir='ltr' id='par_1_85' title="bbox 2162 3855 3750 3929">
     <span class='ocr_line' id='line_1_85' title="bbox 2162 3855 3750 3929; baseline -0.004 -14"><span class='ocrx_word' id='word_1_596' title='bbox 2162 3861 2270 3915; x_wconf 88' lang='grc' dir='ltr'><strong>δων</strong></span> <span class='ocrx_word' id='word_1_597' title='bbox 2289 3857 2600 3929; x_wconf 73' lang='grc' dir='ltr'>ἀπέκοψαν.</span> <span class='ocrx_word' id='word_1_598' title='bbox 2652 3859 2824 3912; x_wconf 84' lang='grc' dir='ltr'>Τοῦτο</span> <span class='ocrx_word' id='word_1_599' title='bbox 2849 3857 2908 3912; x_wconf 85' lang='grc' dir='ltr'>δὲ</span> <span class='ocrx_word' id='word_1_600' title='bbox 2937 3855 3051 3911; x_wconf 74' lang='grc' dir='ltr'>οὔτ’</span> <span class='ocrx_word' id='word_1_601' title='bbox 3089 3859 3358 3922; x_wconf 70' lang='grc' dir='ltr'>ἐπαινεῖν,</span> <span class='ocrx_word' id='word_1_602' title='bbox 3390 3855 3516 3910; x_wconf 81' lang='grc' dir='ltr'>οὕτε</span> <span class='ocrx_word' id='word_1_603' title='bbox 3552 3855 3750 3924; x_wconf 80' lang='grc' dir='ltr'>ψέγειν</span> 
     </span>
    </p>
   </div>
   <div class='ocr_carea' id='block_1_86' title="bbox 2163 3949 3748 4025">
    <p class='ocr_par' dir='ltr' id='par_1_86' title="bbox 2163 3949 3748 4025">
     <span class='ocr_line' id='line_1_86' title="bbox 2163 3949 3748 4025; baseline -0.003 -18"><span class='ocrx_word' id='word_1_604' title='bbox 2163 3954 2281 4008; x_wconf 77' lang='grc' dir='ltr'>ἐστὶ</span> <span class='ocrx_word' id='word_1_605' title='bbox 2301 3953 2507 4025; x_wconf 75' lang='grc' dir='ltr'>ῥᾴδιον.</span> <span class='ocrx_word' id='word_1_606' title='bbox 2552 3952 2617 4006; x_wconf 87' lang='grc' dir='ltr'><strong>Ἦ</strong></span> <span class='ocrx_word' id='word_1_607' title='bbox 2659 3951 2768 4024; x_wconf 83' lang='grc' dir='ltr'><strong>γὰρ</strong></span> <span class='ocrx_word' id='word_1_608' title='bbox 2799 3953 3005 4024; x_wconf 82' lang='grc' dir='ltr'>ἀρετῆς</span> <span class='ocrx_word' id='word_1_609' title='bbox 3033 3949 3166 4020; x_wconf 75' lang='grc' dir='ltr'>ὕψος</span> <span class='ocrx_word' id='word_1_610' title='bbox 3190 3951 3270 4014; x_wconf 87' lang='grc' dir='ltr'><strong>είς</strong></span> <span class='ocrx_word' id='word_1_611' title='bbox 3295 3949 3571 4004; x_wconf 78' lang='grc' dir='ltr'>ἀπάθειαν</span> <span class='ocrx_word' id='word_1_612' title='bbox 3622 3949 3748 4014; x_wconf 68' lang='grc' dir='ltr'><strong>ἑξέ-</strong></span> 
     </span>
    </p>
   </div>
   <div class='ocr_carea' id='block_1_87' title="bbox 2165 4044 3750 4122">
    <p class='ocr_par' dir='ltr' id='par_1_87' title="bbox 2165 4044 3750 4122">
     <span class='ocr_line' id='line_1_87' title="bbox 2165 4044 3750 4122; baseline -0.006 -16"><span class='ocrx_word' id='word_1_613' title='bbox 2165 4067 2365 4119; x_wconf 83' lang='grc' dir='ltr'>στησεν</span> <span class='ocrx_word' id='word_1_614' title='bbox 2389 4049 2555 4104; x_wconf 82' lang='grc' dir='ltr'>αὐτοῦ</span> <span class='ocrx_word' id='word_1_615' title='bbox 2579 4051 2676 4122; x_wconf 76' lang='grc' dir='ltr'>τὴν</span> <span class='ocrx_word' id='word_1_616' title='bbox 2695 4049 2895 4120; x_wconf 79' lang='grc' dir='ltr'>ψυχὴν,</span> <span class='ocrx_word' id='word_1_617' title='bbox 2923 4049 2958 4120; x_wconf 77' lang='grc' dir='ltr'>ἢ</span> <span class='ocrx_word' id='word_1_618' title='bbox 2992 4047 3202 4112; x_wconf 83' lang='grc' dir='ltr'>πάθους</span> <span class='ocrx_word' id='word_1_619' title='bbox 3221 4045 3449 4117; x_wconf 85' lang='grc' dir='ltr'>μέγεθος</span> <span class='ocrx_word' id='word_1_620' title='bbox 3468 4047 3553 4108; x_wconf 84' lang='grc' dir='ltr'><strong>είς</strong></span> <span class='ocrx_word' id='word_1_621' title='bbox 3584 4044 3750 4099; x_wconf 77' lang='grc' dir='ltr'>ἀναλ-</span> 
     </span>
    </p>
   </div>
   <div class='ocr_carea' id='block_1_88' title="bbox 2161 4139 3748 4217">
    <p class='ocr_par' dir='ltr' id='par_1_88' title="bbox 2161 4139 3748 4217">
     <span class='ocr_line' id='line_1_88' title="bbox 2161 4139 3748 4217; baseline -0.003 -20"><span class='ocrx_word' id='word_1_622' title='bbox 2161 4143 2385 4217; x_wconf 88' lang='grc' dir='ltr'>γησίαν.</span> <span class='ocrx_word' id='word_1_623' title='bbox 2449 4143 2749 4214; x_wconf 81' lang='grc' dir='ltr'>Οὑδέτερον</span> <span class='ocrx_word' id='word_1_624' title='bbox 2785 4141 2842 4196; x_wconf 82' lang='grc' dir='ltr'>δὲ</span> <span class='ocrx_word' id='word_1_625' title='bbox 2873 4141 3071 4212; x_wconf 73' lang='grc' dir='ltr'>μικρδν</span> <span class='ocrx_word' id='word_1_626' title='bbox 3103 4139 3213 4194; x_wconf 84' lang='grc' dir='ltr'>οὐδ’</span> <span class='ocrx_word' id='word_1_627' title='bbox 3237 4141 3606 4211; x_wconf 80' lang='grc' dir='ltr'>ἀνθρώπινον,</span> <span class='ocrx_word' id='word_1_628' title='bbox 3627 4139 3748 4198; x_wconf 73' lang='grc' dir='ltr'>ἀλλ’</span> 
     </span>
    </p>
   </div>
   <div class='ocr_carea' id='block_1_89' title="bbox 2161 4231 3748 4308">
    <p class='ocr_par' dir='ltr' id='par_1_89' title="bbox 2161 4231 3748 4308">
     <span class='ocr_line' id='line_1_89' title="bbox 2161 4231 3748 4308; baseline -0.003 -18"><span class='ocrx_word' id='word_1_629' title='bbox 2161 4237 2196 4308; x_wconf 79' lang='grc' dir='ltr'>ἢ</span> <span class='ocrx_word' id='word_1_630' title='bbox 2229 4237 2395 4301; x_wconf 87' lang='grc' dir='ltr'>θεῖον,</span> <span class='ocrx_word' id='word_1_631' title='bbox 2428 4235 2461 4304; x_wconf 84' lang='grc' dir='ltr'><strong>ἥ</strong></span> <span class='ocrx_word' id='word_1_632' title='bbox 2498 4233 2784 4305; x_wconf 87' lang='grc' dir='ltr'>θηριῶδες.</span> <span class='ocrx_word' id='word_1_633' title='bbox 2814 4231 2974 4287; x_wconf 74' lang='grc' dir='ltr'>Οὕτω</span> <span class='ocrx_word' id='word_1_634' title='bbox 3005 4233 3060 4286; x_wconf 86' lang='grc' dir='ltr'>δὲ</span> <span class='ocrx_word' id='word_1_635' title='bbox 3083 4231 3294 4287; x_wconf 89' lang='grc' dir='ltr'>τούτων</span> <span class='ocrx_word' id='word_1_636' title='bbox 3324 4231 3627 4297; x_wconf 86' lang='grc' dir='ltr'>θανόντων,</span> <span class='ocrx_word' id='word_1_637' title='bbox 3651 4234 3748 4286; x_wconf 73' lang='grc' dir='ltr'>καὶ</span> 
     </span>
    </p>
   </div>
   <div class='ocr_carea' id='block_1_90' title="bbox 2161 4323 3748 4400">
    <p class='ocr_par' dir='ltr' id='par_1_90' title="bbox 2161 4323 3748 4400">
     <span class='ocr_line' id='line_1_90' title="bbox 2161 4323 3748 4400; baseline -0.004 -18"><span class='ocrx_word' id='word_1_638' title='bbox 2161 4328 2293 4400; x_wconf 79' lang='grc' dir='ltr'><strong>περί</strong></span> <span class='ocrx_word' id='word_1_639' title='bbox 2320 4327 2429 4380; x_wconf 87' lang='grc' dir='ltr'><strong>τῶν</strong></span> <span class='ocrx_word' id='word_1_640' title='bbox 2463 4326 2637 4379; x_wconf 85' lang='grc' dir='ltr'>ἄλλων</span> <span class='ocrx_word' id='word_1_641' title='bbox 2679 4324 3008 4394; x_wconf 84' lang='grc' dir='ltr'>συνωμοτῶν</span> <span class='ocrx_word' id='word_1_642' title='bbox 3030 4324 3212 4395; x_wconf 77' lang='grc' dir='ltr'>ψῆφον</span> <span class='ocrx_word' id='word_1_643' title='bbox 3245 4325 3493 4393; x_wconf 71' lang='grc' dir='ltr'>ἐνεγκεῖν</span> <span class='ocrx_word' id='word_1_644' title='bbox 3516 4326 3545 4376; x_wconf 85' lang='grc' dir='ltr'><strong>ὁ</strong></span> <span class='ocrx_word' id='word_1_645' title='bbox 3577 4323 3748 4394; x_wconf 78' lang='grc' dir='ltr'>Βροῦ-</span> 
     </span>
    </p>
   </div>
   <div class='ocr_carea' id='block_1_91' title="bbox 2159 4413 3750 4493">
    <p class='ocr_par' dir='ltr' id='par_1_91' title="bbox 2159 4413 3750 4493">
     <span class='ocr_line' id='line_1_91' title="bbox 2159 4413 3750 4493; baseline -0.003 -19"><span class='ocrx_word' id='word_1_646' title='bbox 2159 4439 2248 4485; x_wconf 85' lang='grc' dir='ltr'><strong>τος</strong></span> <span class='ocrx_word' id='word_1_647' title='bbox 2271 4419 2540 4493; x_wconf 53' lang='lat' dir='ltr'><strong>summa.</strong></span> <span class='ocrx_word' id='word_1_648' title='bbox 2576 4418 2636 4473; x_wconf 84' lang='lat'><strong>&#39;0</strong></span> <span class='ocrx_word' id='word_1_649' title='bbox 2655 4417 2733 4484; x_wconf 77' lang='grc' dir='ltr'>δὲ,</span> <span class='ocrx_word' id='word_1_650' title='bbox 2757 4417 2889 4484; x_wconf 80' lang='grc' dir='ltr'>Τοῖς·</span> <span class='ocrx_word' id='word_1_651' title='bbox 2928 4417 3047 4488; x_wconf 79' lang='grc' dir='ltr'><strong>μὲν</strong></span> <span class='ocrx_word' id='word_1_652' title='bbox 3084 4417 3302 4484; x_wconf 81' lang='grc' dir='ltr'>υίέσιν,</span> <span class='ocrx_word' id='word_1_653' title='bbox 3333 4413 3518 4482; x_wconf 74' lang='grc' dir='ltr'>εἷπεν,</span> <span class='ocrx_word' id='word_1_654' title='bbox 3562 4418 3750 4483; x_wconf 82' lang='grc' dir='ltr'>αὐτὸς</span> 
     </span>
    </p>
   </div>
   <div class='ocr_carea' id='block_1_92' title="bbox 477 4498 2062 4583">
    <p class='ocr_par' dir='ltr' id='par_1_92' title="bbox 477 4501 2050 4572">
     <span class='ocr_line' id='line_1_92' title="bbox 477 4501 2050 4572; baseline 0.003 -15"><span class='ocrx_word' id='word_1_655' title='bbox 477 4518 509 4557; x_wconf 92' lang='lat' dir='ltr'><strong>a</strong></span> <span class='ocrx_word' id='word_1_656' title='bbox 557 4503 712 4557; x_wconf 88' lang='lat' dir='ltr'><strong>cultu</strong></span> <span class='ocrx_word' id='word_1_657' title='bbox 757 4510 813 4555; x_wconf 89' lang='lat' dir='ltr'><strong>et</strong></span> <span class='ocrx_word' id='word_1_658' title='bbox 863 4501 1212 4556; x_wconf 88' lang='lat' dir='ltr'><strong>observantia</strong></span> <span class='ocrx_word' id='word_1_659' title='bbox 1284 4501 1511 4572; x_wconf 91' lang='lat' dir='ltr'><strong>populi,</strong></span> <span class='ocrx_word' id='word_1_660' title='bbox 1579 4501 1875 4559; x_wconf 67' lang='lat' dir='ltr'><strong>Publicolae</strong></span> <span class='ocrx_word' id='word_1_661' title='bbox 1963 4520 2050 4561; x_wconf 52' lang='lat' dir='ltr'><strong>co-</strong></span> 
     </span>
    </p>
   </div>
   <div class='ocr_carea' id='block_1_93' title="bbox 2165 4498 3749 4583">
    <p class='ocr_par' dir='ltr' id='par_1_93' title="bbox 2165 4505 3749 4583">
     <span class='ocr_line' id='line_1_93' title="bbox 2165 4505 3749 4583; baseline -0.004 -14"><span class='ocrx_word' id='word_1_662' title='bbox 2165 4513 2448 4583; x_wconf 75' lang='grc' dir='ltr'>ἀποχρῶν</span> <span class='ocrx_word' id='word_1_663' title='bbox 2474 4515 2590 4583; x_wconf 84' lang='grc' dir='ltr'>είμι</span> <span class='ocrx_word' id='word_1_664' title='bbox 2608 4511 2906 4581; x_wconf 80' lang='grc' dir='ltr'>δικαστής</span> <span class='ocrx_word' id='word_1_665' title='bbox 2924 4527 2939 4558; x_wconf 81' lang='lat'><strong>&#39;.</strong></span> <span class='ocrx_word' id='word_1_666' title='bbox 2981 4511 3116 4581; x_wconf 71' lang='grc' dir='ltr'>περὶ</span> <span class='ocrx_word' id='word_1_667' title='bbox 3144 4511 3213 4564; x_wconf 80' lang='grc' dir='ltr'>δὲ</span> <span class='ocrx_word' id='word_1_668' title='bbox 3231 4509 3350 4564; x_wconf 82' lang='grc' dir='ltr'>τῶν</span> <span class='ocrx_word' id='word_1_669' title='bbox 3376 4509 3604 4576; x_wconf 69' lang='grc' dir='ltr'><strong>ἄλλων,</strong></span> <span class='ocrx_word' id='word_1_670' title='bbox 3623 4505 3749 4575; x_wconf 80' lang='grc' dir='ltr'>τοῖς</span> 
     </span>
    </p>
   </div>
   <div class='ocr_carea' id='block_1_94' title="bbox 478 4590 2058 4667">
    <p class='ocr_par' dir='ltr' id='par_1_94' title="bbox 478 4590 2058 4667">
     <span class='ocr_line' id='line_1_94' title="bbox 478 4590 2058 4667; baseline 0.004 -21"><span class='ocrx_word' id='word_1_671' title='bbox 478 4600 836 4664; x_wconf 78' lang='lat' dir='ltr'><strong>guomentum</strong></span> <span class='ocrx_word' id='word_1_672' title='bbox 943 4590 1070 4646; x_wconf 88' lang='lat' dir='ltr'><strong>fuit.</strong></span> <span class='ocrx_word' id='word_1_673' title='bbox 1159 4592 1494 4662; x_wconf 87' lang='lat' dir='ltr'><strong>Tarquinius</strong></span> <span class='ocrx_word' id='word_1_674' title='bbox 1580 4597 1864 4664; x_wconf 83' lang='lat' dir='ltr'><strong>desperata</strong></span> <span class='ocrx_word' id='word_1_675' title='bbox 1955 4612 2058 4667; x_wconf 90' lang='lat' dir='ltr'><strong>per</strong></span> 
     </span>
    </p>
   </div>
   <div class='ocr_carea' id='block_1_95' title="bbox 477 4683 2052 4760">
    <p class='ocr_par' dir='ltr' id='par_1_95' title="bbox 477 4683 2052 4760">
     <span class='ocr_line' id='line_1_95' title="bbox 477 4683 2052 4760; baseline 0.003 -20"><span class='ocrx_word' id='word_1_676' title='bbox 477 4683 639 4755; x_wconf 83' lang='lat'><strong>335</strong></span> <span class='ocrx_word' id='word_1_677' title='bbox 669 4683 1036 4754; x_wconf 85' lang='lat' dir='ltr'><strong>proditionem</strong></span> <span class='ocrx_word' id='word_1_678' title='bbox 1071 4686 1218 4755; x_wconf 78' lang='lat' dir='ltr'><strong>regni</strong></span> <span class='ocrx_word' id='word_1_679' title='bbox 1244 4686 1678 4755; x_wconf 85' lang='lat' dir='ltr'><strong>recuperatione,</strong></span> <span class='ocrx_word' id='word_1_680' title='bbox 1709 4687 1777 4742; x_wconf 87' lang='lat' dir='ltr'><strong>ad</strong></span> <span class='ocrx_word' id='word_1_681' title='bbox 1816 4687 2052 4760; x_wconf 79' lang='lat' dir='ltr'><strong>Tyrrhe-</strong></span> 
     </span>
    </p>
   </div>
   <div class='ocr_carea' id='block_1_96' title="bbox 476 4775 2056 4850">
    <p class='ocr_par' dir='ltr' id='par_1_96' title="bbox 476 4775 2056 4850">
     <span class='ocr_line' id='line_1_96' title="bbox 476 4775 2056 4850; baseline 0.004 -19"><span class='ocrx_word' id='word_1_682' title='bbox 476 4791 579 4831; x_wconf 82' lang='lat' dir='ltr'><strong>nos</strong></span> <span class='ocrx_word' id='word_1_683' title='bbox 607 4793 665 4832; x_wconf 89' lang='lat' dir='ltr'><strong>se</strong></span> <span class='ocrx_word' id='word_1_684' title='bbox 693 4775 946 4832; x_wconf 85' lang='lat' dir='ltr'><strong>contulit.</strong></span> <span class='ocrx_word' id='word_1_685' title='bbox 978 4778 1024 4831; x_wconf 80' lang='grc' dir='ltr'><strong>Α</strong></span> <span class='ocrx_word' id='word_1_686' title='bbox 1057 4777 1257 4846; x_wconf 87' lang='lat' dir='ltr'><strong>quibus</strong></span> <span class='ocrx_word' id='word_1_687' title='bbox 1287 4793 1413 4832; x_wconf 87' lang='lat' dir='ltr'><strong>cum</strong></span> <span class='ocrx_word' id='word_1_688' title='bbox 1443 4779 1654 4850; x_wconf 83' lang='lat' dir='ltr'><strong>magnis</strong></span> <span class='ocrx_word' id='word_1_689' title='bbox 1692 4781 1867 4850; x_wconf 88' lang='lat' dir='ltr'><strong>copiis</strong></span> <span class='ocrx_word' id='word_1_690' title='bbox 1893 4783 2056 4838; x_wconf 81' lang='lat' dir='ltr'><strong>redu-</strong></span> 
     </span>
    </p>
   </div>
   <div class='ocr_carea' id='block_1_97' title="bbox 477 4868 2051 4933">
    <p class='ocr_par' dir='ltr' id='par_1_97' title="bbox 477 4868 2051 4933">
     <span class='ocr_line' id='line_1_97' title="bbox 477 4868 2051 4933; baseline 0.006 -12"><span class='ocrx_word' id='word_1_691' title='bbox 477 4877 716 4933; x_wconf 87' lang='lat' dir='ltr'><strong>ceretur,</strong></span> <span class='ocrx_word' id='word_1_692' title='bbox 774 4868 1030 4924; x_wconf 88' lang='lat' dir='ltr'><strong>consules</strong></span> <span class='ocrx_word' id='word_1_693' title='bbox 1072 4869 1125 4922; x_wconf 91' lang='lat' dir='ltr'><strong>in</strong></span> <span class='ocrx_word' id='word_1_694' title='bbox 1179 4869 1354 4924; x_wconf 90' lang='lat' dir='ltr'><strong>aciem</strong></span> <span class='ocrx_word' id='word_1_695' title='bbox 1407 4869 1685 4927; x_wconf 82' lang='lat' dir='ltr'><strong>Romanos</strong></span> <span class='ocrx_word' id='word_1_696' title='bbox 1718 4873 2051 4931; x_wconf 77' lang='lat' dir='ltr'><strong>eduxerunt.</strong></span> 
     </span>
    </p>
   </div>
   <div class='ocr_carea' id='block_1_98' title="bbox 474 4960 2056 5033">
    <p class='ocr_par' dir='ltr' id='par_1_98' title="bbox 474 4960 2056 5033">
     <span class='ocr_line' id='line_1_98' title="bbox 474 4960 2056 5033; baseline 0.006 -20"><span class='ocrx_word' id='word_1_697' title='bbox 474 4960 554 5014; x_wconf 81' lang='lat' dir='ltr'><strong>Ac</strong></span> <span class='ocrx_word' id='word_1_698' title='bbox 591 4975 786 5032; x_wconf 70' lang='lat' dir='ltr'><strong>pugnae</strong></span> <span class='ocrx_word' id='word_1_699' title='bbox 810 4960 1082 5032; x_wconf 91' lang='lat' dir='ltr'><strong>principio</strong></span> <span class='ocrx_word' id='word_1_700' title='bbox 1105 4961 1289 5016; x_wconf 82' lang='lat' dir='ltr'><strong>Aruns</strong></span> <span class='ocrx_word' id='word_1_701' title='bbox 1317 4961 1600 5033; x_wconf 90' lang='lat' dir='ltr'><strong>Tarquinii</strong></span> <span class='ocrx_word' id='word_1_702' title='bbox 1627 4965 1794 5030; x_wconf 84' lang='lat' dir='ltr'><strong>ﬁlius,</strong></span> <span class='ocrx_word' id='word_1_703' title='bbox 1832 4976 1889 5021; x_wconf 91' lang='lat' dir='ltr'><strong>et</strong></span> <span class='ocrx_word' id='word_1_704' title='bbox 1917 4967 2056 5022; x_wconf 86' lang='lat' dir='ltr'><strong>Bru-</strong></span> 
     </span>
    </p>
   </div>
   <div class='ocr_carea' id='block_1_99' title="bbox 477 5052 2052 5118">
    <p class='ocr_par' dir='ltr' id='par_1_99' title="bbox 477 5052 2052 5118">
     <span class='ocr_line' id='line_1_99' title="bbox 477 5052 2052 5118; baseline 0.005 -12"><span class='ocrx_word' id='word_1_705' title='bbox 477 5060 566 5106; x_wconf 83' lang='lat' dir='ltr'><strong>tus</strong></span> <span class='ocrx_word' id='word_1_706' title='bbox 601 5052 794 5107; x_wconf 90' lang='lat' dir='ltr'><strong>consul</strong></span> <span class='ocrx_word' id='word_1_707' title='bbox 827 5052 1128 5118; x_wconf 76' lang='lat' dir='ltr'><strong>liomanus,</strong></span> <span class='ocrx_word' id='word_1_708' title='bbox 1179 5054 1316 5108; x_wconf 89' lang='lat' dir='ltr'><strong>adeo</strong></span> <span class='ocrx_word' id='word_1_709' title='bbox 1342 5053 1558 5111; x_wconf 85' lang='lat' dir='ltr'><strong>infestis</strong></span> <span class='ocrx_word' id='word_1_710' title='bbox 1590 5059 1792 5113; x_wconf 88' lang='lat' dir='ltr'><strong>animis</strong></span> <span class='ocrx_word' id='word_1_711' title='bbox 1823 5061 1967 5114; x_wconf 85' lang='lat' dir='ltr'><strong>inter</strong></span> <span class='ocrx_word' id='word_1_712' title='bbox 1992 5076 2052 5115; x_wconf 86' lang='lat' dir='ltr'><strong>se</strong></span> 
     </span>
    </p>
   </div>
   <div class='ocr_carea' id='block_1_100' title="bbox 476 5145 2048 5222">
    <p class='ocr_par' dir='ltr' id='par_1_100' title="bbox 476 5145 2048 5222">
     <span class='ocr_line' id='line_1_100' title="bbox 476 5145 2048 5222; baseline 0.008 -26"><span class='ocrx_word' id='word_1_713' title='bbox 476 5153 901 5208; x_wconf 80' lang='lat' dir='ltr'><strong>concurrerunt,</strong></span> <span class='ocrx_word' id='word_1_714' title='bbox 933 5153 994 5198; x_wconf 92' lang='lat' dir='ltr'><strong>ut</strong></span> <span class='ocrx_word' id='word_1_715' title='bbox 1027 5155 1245 5210; x_wconf 89' lang='lat' dir='ltr'><strong>neuter,</strong></span> <span class='ocrx_word' id='word_1_716' title='bbox 1295 5145 1425 5200; x_wconf 87' lang='lat' dir='ltr'><strong>dum</strong></span> <span class='ocrx_word' id='word_1_717' title='bbox 1459 5148 1673 5205; x_wconf 84' lang='lat' dir='ltr'><strong>hostem</strong></span> <span class='ocrx_word' id='word_1_718' title='bbox 1711 5151 2048 5222; x_wconf 81' lang='lat' dir='ltr'><strong>vulneraret,</strong></span> 
     </span>
    </p>
   </div>
   <div class='ocr_carea' id='block_1_101' title="bbox 475 5235 2050 5312">
    <p class='ocr_par' dir='ltr' id='par_1_101' title="bbox 475 5235 2050 5312">
     <span class='ocr_line' id='line_1_101' title="bbox 475 5235 2050 5312; baseline 0.006 -22"><span class='ocrx_word' id='word_1_719' title='bbox 475 5235 561 5290; x_wconf 85' lang='lat' dir='ltr'><strong>sui</strong></span> <span class='ocrx_word' id='word_1_720' title='bbox 597 5237 921 5307; x_wconf 77' lang='lat' dir='ltr'><strong>protegendi</strong></span> <span class='ocrx_word' id='word_1_721' title='bbox 954 5239 1202 5306; x_wconf 87' lang='lat' dir='ltr'><strong>corporis</strong></span> <span class='ocrx_word' id='word_1_722' title='bbox 1241 5252 1472 5305; x_wconf 87' lang='lat' dir='ltr'><strong>memor,</strong></span> <span class='ocrx_word' id='word_1_723' title='bbox 1504 5251 1736 5312; x_wconf 86' lang='lat' dir='ltr'><strong>uterque</strong></span> <span class='ocrx_word' id='word_1_724' title='bbox 1774 5242 1887 5298; x_wconf 89' lang='lat' dir='ltr'><strong>ictu</strong></span> <span class='ocrx_word' id='word_1_725' title='bbox 1915 5261 2050 5300; x_wconf 87' lang='lat' dir='ltr'><strong>con-</strong></span> 
     </span>
    </p>
   </div>
   <div class='ocr_carea' id='block_1_102' title="bbox 477 5325 2052 5401">
    <p class='ocr_par' dir='ltr' id='par_1_102' title="bbox 477 5325 2052 5401">
     <span class='ocr_line' id='line_1_102' title="bbox 477 5325 2052 5401; baseline 0.011 -25"><span class='ocrx_word' id='word_1_726' title='bbox 477 5325 649 5379; x_wconf 55' lang='grc' dir='ltr'>τίοι-10</span> <span class='ocrx_word' id='word_1_727' title='bbox 688 5325 1129 5397; x_wconf 81' lang='lat' dir='ltr'><strong>transfigeretur.</strong></span> <span class='ocrx_word' id='word_1_728' title='bbox 1186 5328 1314 5383; x_wconf 84' lang='lat' dir='ltr'><strong>Acri</strong></span> <span class='ocrx_word' id='word_1_729' title='bbox 1367 5341 1489 5385; x_wconf 87' lang='lat' dir='ltr'><strong>orto</strong></span> <span class='ocrx_word' id='word_1_730' title='bbox 1519 5334 1730 5401; x_wconf 74' lang='lat' dir='ltr'><strong>proelio,</strong></span> <span class='ocrx_word' id='word_1_731' title='bbox 1779 5349 1835 5390; x_wconf 88' lang='lat' dir='ltr'><strong>et</strong></span> <span class='ocrx_word' id='word_1_732' title='bbox 1862 5337 2052 5393; x_wconf 88' lang='lat' dir='ltr'><strong>multis</strong></span> 
     </span>
    </p>
   </div>
   <div class='ocr_carea' id='block_1_103' title="bbox 478 5415 2062 5510">
    <p class='ocr_par' dir='ltr' id='par_1_103' title="bbox 478 5415 2048 5487">
     <span class='ocr_line' id='line_1_103' title="bbox 478 5415 2048 5487; baseline 0.008 -21"><span class='ocrx_word' id='word_1_733' title='bbox 478 5415 739 5487; x_wconf 79' lang='lat' dir='ltr'><strong>utrinque</strong></span> <span class='ocrx_word' id='word_1_734' title='bbox 774 5417 950 5484; x_wconf 54' lang='lat' dir='ltr'><strong>casis,</strong></span> <span class='ocrx_word' id='word_1_735' title='bbox 989 5417 1198 5473; x_wconf 76' lang='lat' dir='ltr'><strong>incerta</strong></span> <span class='ocrx_word' id='word_1_736' title='bbox 1247 5418 1481 5475; x_wconf 87' lang='lat' dir='ltr'><strong>victoria</strong></span> <span class='ocrx_word' id='word_1_737' title='bbox 1507 5421 1632 5477; x_wconf 90' lang='lat' dir='ltr'><strong>fuit.</strong></span> <span class='ocrx_word' id='word_1_738' title='bbox 1671 5421 1788 5477; x_wconf 87' lang='lat' dir='ltr'><strong>Sub</strong></span> <span class='ocrx_word' id='word_1_739' title='bbox 1827 5436 2048 5481; x_wconf 87' lang='lat' dir='ltr'><strong>noctem</strong></span> 
     </span>
    </p>
   </div>
   <div class='ocr_carea' id='block_1_104' title="bbox 2165 5415 3201 5510">
    <p class='ocr_par' dir='ltr' id='par_1_104' title="bbox 2165 5415 3201 5510">
     <span class='ocr_line' id='line_1_104' title="bbox 2165 5415 3201 5510; baseline 0.021 -20"><span class='ocrx_word' id='word_1_740' title='bbox 2165 5415 2608 5510; x_wconf 66' lang='grc' dir='ltr'>ἱξελληνιζομένη</span> <span class='ocrx_word' id='word_1_741' title='bbox 2713 5415 3010 5510; x_wconf 47' lang='grc' dir='ltr'>Δημοκήδῆ</span> <span class='ocrx_word' id='word_1_742' title='bbox 3069 5481 3084 5506; x_wconf 76' lang='grc' dir='ltr'><strong>ν</strong></span> <span class='ocrx_word' id='word_1_743' title='bbox 3117 5415 3129 5418; x_wconf 20' lang='lat' dir='ltr'><strong><em>ﬁ</em></strong></span> <span class='ocrx_word' id='word_1_744' title='bbox 3167 5438 3201 5510; x_wconf 72' lang='grc' dir='ltr'><strong>ἢ</strong></span> 
     </span>
    </p>
   </div>
   <div class='ocr_carea' id='block_1_105' title="bbox 2159 4597 3744 4673">
    <p class='ocr_par' dir='ltr' id='par_1_105' title="bbox 2159 4597 3744 4673">
     <span class='ocr_line' id='line_1_105' title="bbox 2159 4597 3744 4673; baseline -0.002 -14"><span class='ocrx_word' id='word_1_745' title='bbox 2159 4608 2437 4670; x_wconf 75' lang='grc' dir='ltr'>πολίταις</span> <span class='ocrx_word' id='word_1_746' title='bbox 2456 4597 2794 4673; x_wconf 59' lang='grc' dir='ltr'>ἐλευθέροις</span> <span class='ocrx_word' id='word_1_747' title='bbox 2821 4599 2963 4659; x_wconf 85' lang='grc' dir='ltr'>οὖσι</span> <span class='ocrx_word' id='word_1_748' title='bbox 2991 4603 3103 4672; x_wconf 81' lang='grc' dir='ltr'>τῆς</span> <span class='ocrx_word' id='word_1_749' title='bbox 3139 4603 3351 4673; x_wconf 72' lang='grc' dir='ltr'>ψήφου</span> <span class='ocrx_word' id='word_1_750' title='bbox 3384 4601 3744 4671; x_wconf 65' lang='grc' dir='ltr'>παραφῳῶ.</span> 
     </span>
    </p>
   </div>
   <div class='ocr_carea' id='block_1_106' title="bbox 2158 4691 3746 4768">
    <p class='ocr_par' dir='ltr' id='par_1_106' title="bbox 2158 4691 3746 4768">
     <span class='ocr_line' id='line_1_106' title="bbox 2158 4691 3746 4768; baseline -0.001 -16"><span class='ocrx_word' id='word_1_751' title='bbox 2158 4699 2356 4768; x_wconf 68' lang='grc' dir='ltr'>Ψήψου</span> <span class='ocrx_word' id='word_1_752' title='bbox 2379 4696 2556 4751; x_wconf 85' lang='grc' dir='ltr'>τοίνυν</span> <span class='ocrx_word' id='word_1_753' title='bbox 2572 4695 2842 4768; x_wconf 85' lang='grc' dir='ltr'>δοθείσης,</span> <span class='ocrx_word' id='word_1_754' title='bbox 2871 4697 3070 4759; x_wconf 85' lang='grc' dir='ltr'>πάντες</span> <span class='ocrx_word' id='word_1_755' title='bbox 3094 4691 3746 4767; x_wconf 80' lang='grc' dir='ltr'>ὲπελεκίσθησαν.Ἦσαν</span> 
     </span>
    </p>
   </div>
   <div class='ocr_carea' id='block_1_107' title="bbox 2157 4787 3744 4859">
    <p class='ocr_par' dir='ltr' id='par_1_107' title="bbox 2157 4787 3744 4859">
     <span class='ocr_line' id='line_1_107' title="bbox 2157 4787 3744 4859; baseline -0.001 -16"><span class='ocrx_word' id='word_1_756' title='bbox 2157 4790 2213 4843; x_wconf 84' lang='grc' dir='ltr'>δὲ</span> <span class='ocrx_word' id='word_1_757' title='bbox 2263 4789 2472 4842; x_wconf 88' lang='grc' dir='ltr'>τούτων</span> <span class='ocrx_word' id='word_1_758' title='bbox 2499 4787 2643 4850; x_wconf 87' lang='grc' dir='ltr'>τινὲς</span> <span class='ocrx_word' id='word_1_759' title='bbox 2671 4787 2748 4858; x_wconf 85' lang='grc' dir='ltr'>τῷ</span> <span class='ocrx_word' id='word_1_760' title='bbox 2777 4787 3094 4858; x_wconf 80' lang='grc' dir='ltr'>Κολλατίνῳ</span> <span class='ocrx_word' id='word_1_761' title='bbox 3127 4789 3520 4859; x_wconf 83' lang='grc' dir='ltr'>προσήκοντες,</span> <span class='ocrx_word' id='word_1_762' title='bbox 3547 4787 3618 4841; x_wconf 81' lang='grc' dir='ltr'>δι’</span> <span class='ocrx_word' id='word_1_763' title='bbox 3647 4787 3744 4852; x_wconf 81' lang='grc' dir='ltr'>οὓς</span> 
     </span>
    </p>
   </div>
   <div class='ocr_carea' id='block_1_108' title="bbox 2163 4879 3745 4951">
    <p class='ocr_par' dir='ltr' id='par_1_108' title="bbox 2163 4879 3745 4951">
     <span class='ocr_line' id='line_1_108' title="bbox 2163 4879 3745 4951; baseline 0.001 -18"><span class='ocrx_word' id='word_1_764' title='bbox 2163 4880 2257 4933; x_wconf 81' lang='grc' dir='ltr'>καὶ</span> <span class='ocrx_word' id='word_1_765' title='bbox 2280 4879 2569 4950; x_wconf 75' lang='grc' dir='ltr'>ὠργίζετο.</span> <span class='ocrx_word' id='word_1_766' title='bbox 2605 4879 2771 4933; x_wconf 87' lang='grc' dir='ltr'>Ὅθεν</span> <span class='ocrx_word' id='word_1_767' title='bbox 2803 4881 2832 4932; x_wconf 82' lang='grc' dir='ltr'><strong><em>ὸ</em></strong></span> <span class='ocrx_word' id='word_1_768' title='bbox 2856 4879 3096 4951; x_wconf 82' lang='grc' dir='ltr'>Βροῦτος</span> <span class='ocrx_word' id='word_1_769' title='bbox 3117 4879 3263 4934; x_wconf 82' lang='grc' dir='ltr'>οὓτω</span> <span class='ocrx_word' id='word_1_770' title='bbox 3288 4880 3410 4934; x_wconf 81' lang='grc' dir='ltr'>κατ’</span> <span class='ocrx_word' id='word_1_771' title='bbox 3439 4879 3610 4934; x_wconf 79' lang='grc' dir='ltr'>αὑτοῦ</span> <span class='ocrx_word' id='word_1_772' title='bbox 3650 4881 3745 4934; x_wconf 74' lang='grc' dir='ltr'><strong>τὸν</strong></span> 
     </span>
    </p>
   </div>
   <div class='ocr_carea' id='block_1_109' title="bbox 2159 4974 3743 5049">
    <p class='ocr_par' dir='ltr' id='par_1_109' title="bbox 2159 4974 3743 5049">
     <span class='ocr_line' id='line_1_109' title="bbox 2159 4974 3743 5049; baseline 0.001 -21"><span class='ocrx_word' id='word_1_773' title='bbox 2159 4976 2332 5046; x_wconf 82' lang='grc' dir='ltr'>δῆμον</span> <span class='ocrx_word' id='word_1_774' title='bbox 2364 4974 2700 5046; x_wconf 82' lang='grc' dir='ltr'>παρώξυνεν,</span> <span class='ocrx_word' id='word_1_775' title='bbox 2759 4975 2837 5038; x_wconf 86' lang='grc' dir='ltr'><strong>ώς</strong></span> <span class='ocrx_word' id='word_1_776' title='bbox 2895 4974 3097 5046; x_wconf 82' lang='grc' dir='ltr'>μικροῦ</span> <span class='ocrx_word' id='word_1_777' title='bbox 3142 4976 3256 5030; x_wconf 83' lang='grc' dir='ltr'>δεῖν</span> <span class='ocrx_word' id='word_1_778' title='bbox 3287 4975 3381 5030; x_wconf 75' lang='grc' dir='ltr'><strong>καὶ</strong></span> <span class='ocrx_word' id='word_1_779' title='bbox 3418 4975 3743 5049; x_wconf 73' lang='grc' dir='ltr'>αὐτοχειρίᾳ</span> 
     </span>
    </p>
   </div>
   <div class='ocr_carea' id='block_1_110' title="bbox 2160 5067 3741 5144">
    <p class='ocr_par' dir='ltr' id='par_1_110' title="bbox 2160 5067 3741 5144">
     <span class='ocr_line' id='line_1_110' title="bbox 2160 5067 3741 5144; baseline 0.001 -24"><span class='ocrx_word' id='word_1_780' title='bbox 2160 5068 2321 5120; x_wconf 80' lang='grc' dir='ltr'>αὑτὸν</span> <span class='ocrx_word' id='word_1_781' title='bbox 2343 5068 2554 5122; x_wconf 82' lang='grc' dir='ltr'>ἀνελεῖν</span> <span class='ocrx_word' id='word_1_782' title='bbox 2573 5084 2589 5100; x_wconf 73' lang='grc' dir='ltr'><strong>ο</strong></span> <span class='ocrx_word' id='word_1_783' title='bbox 2617 5067 2756 5122; x_wconf 81' lang='grc' dir='ltr'>ἀλλὰ</span> <span class='ocrx_word' id='word_1_784' title='bbox 2775 5067 2938 5122; x_wconf 74' lang='grc' dir='ltr'>τοῦτο</span> <span class='ocrx_word' id='word_1_785' title='bbox 2976 5069 3077 5139; x_wconf 82' lang='grc' dir='ltr'>μὲν</span> <span class='ocrx_word' id='word_1_786' title='bbox 3101 5069 3202 5122; x_wconf 84' lang='grc' dir='ltr'>οὐκ</span> <span class='ocrx_word' id='word_1_787' title='bbox 3236 5069 3520 5140; x_wconf 76' lang='grc' dir='ltr'>ἐποίησαν,</span> <span class='ocrx_word' id='word_1_788' title='bbox 3548 5069 3653 5144; x_wconf 73' lang='grc' dir='ltr'>τὴν</span> <span class='ocrx_word' id='word_1_789' title='bbox 3691 5069 3741 5122; x_wconf 80' lang='grc' dir='ltr'>δ’</span> 
     </span>
    </p>
   </div>
   <div class='ocr_carea' id='block_1_111' title="bbox 2160 5161 3740 5232">
    <p class='ocr_par' dir='ltr' id='par_1_111' title="bbox 2160 5161 3740 5232">
     <span class='ocr_line' id='line_1_111' title="bbox 2160 5161 3740 5232; baseline 0.001 -18"><span class='ocrx_word' id='word_1_790' title='bbox 2160 5161 2336 5232; x_wconf 79' lang='grc' dir='ltr'>ἀρχὴν</span> <span class='ocrx_word' id='word_1_791' title='bbox 2363 5161 2683 5232; x_wconf 78' lang='grc' dir='ltr'>ἠνάγκασαν</span> <span class='ocrx_word' id='word_1_792' title='bbox 2709 5163 2873 5217; x_wconf 84' lang='grc' dir='ltr'>αὐτὸν</span> <span class='ocrx_word' id='word_1_793' title='bbox 2930 5163 3208 5218; x_wconf 84' lang='grc' dir='ltr'>ἀπειπεῖν.</span> <span class='ocrx_word' id='word_1_794' title='bbox 3241 5163 3461 5215; x_wconf 76' lang='grc' dir='ltr'>ΕτΑοντο</span> <span class='ocrx_word' id='word_1_795' title='bbox 3510 5162 3570 5214; x_wconf 76' lang='grc' dir='ltr'>δὲ</span> <span class='ocrx_word' id='word_1_796' title='bbox 3622 5162 3740 5216; x_wconf 78' lang='grc' dir='ltr'>ἀντ’</span> 
     </span>
    </p>
   </div>
   <div class='ocr_carea' id='block_1_112' title="bbox 2159 5253 3740 5327">
    <p class='ocr_par' dir='ltr' id='par_1_112' title="bbox 2159 5253 3740 5327">
     <span class='ocr_line' id='line_1_112' title="bbox 2159 5253 3740 5327; baseline 0.001 -20"><span class='ocrx_word' id='word_1_797' title='bbox 2159 5253 2371 5307; x_wconf 82' lang='grc' dir='ltr'>ἐκείνου</span> <span class='ocrx_word' id='word_1_798' title='bbox 2417 5257 2762 5327; x_wconf 82' lang='grc' dir='ltr'>συνάρχοντα</span> <span class='ocrx_word' id='word_1_799' title='bbox 2839 5256 3074 5308; x_wconf 83' lang='grc' dir='ltr'>Πόπλιον</span> <span class='ocrx_word' id='word_1_800' title='bbox 3127 5255 3442 5324; x_wconf 84' lang='grc' dir='ltr'>Οὐαλέριον,</span> <span class='ocrx_word' id='word_1_801' title='bbox 3501 5253 3562 5318; x_wconf 82' lang='grc' dir='ltr'>ὃς</span> <span class='ocrx_word' id='word_1_802' title='bbox 3627 5256 3740 5308; x_wconf 87' lang='grc' dir='ltr'><strong>Πο-</strong></span> 
     </span>
    </p>
   </div>
   <div class='ocr_carea' id='block_1_113' title="bbox 2156 5346 3740 5419">
    <p class='ocr_par' dir='ltr' id='par_1_113' title="bbox 2156 5346 3740 5419">
     <span class='ocr_line' id='line_1_113' title="bbox 2156 5346 3740 5419; baseline 0.003 -20"><span class='ocrx_word' id='word_1_803' title='bbox 2156 5346 2417 5410; x_wconf 79' lang='grc' dir='ltr'>πλικόλας</span> <span class='ocrx_word' id='word_1_804' title='bbox 2493 5347 2930 5419; x_wconf 65' lang='grc' dir='ltr'>προσωνομάσθη</span> <span class='ocrx_word' id='word_1_805' title='bbox 2958 5389 2975 5414; x_wconf 90' lang='grc'><strong>,</strong></span> <span class='ocrx_word' id='word_1_806' title='bbox 3063 5349 3215 5418; x_wconf 84' lang='grc' dir='ltr'>δηλοῖ</span> <span class='ocrx_word' id='word_1_807' title='bbox 3298 5347 3344 5402; x_wconf 84' lang='grc' dir='ltr'>δ’</span> <span class='ocrx_word' id='word_1_808' title='bbox 3422 5348 3457 5418; x_wconf 74' lang='grc' dir='ltr'><strong>ἠ</strong></span> <span class='ocrx_word' id='word_1_809' title='bbox 3541 5347 3740 5419; x_wconf 79' lang='grc' dir='ltr'>κλῆσις</span> 
     </span>
    </p>
   </div>
   <div class='ocr_carea' id='block_1_114' title="bbox 3318 5439 3742 5512">
    <p class='ocr_par' dir='ltr' id='par_1_114' title="bbox 3318 5439 3742 5512">
     <span class='ocr_line' id='line_1_114' title="bbox 3318 5439 3742 5512; baseline 0.014 -21"><span class='ocrx_word' id='word_1_810' title='bbox 3318 5441 3392 5512; x_wconf 85' lang='grc' dir='ltr'>Δη</span> <span class='ocrx_word' id='word_1_811' title='bbox 3401 5439 3689 5510; x_wconf 83' lang='grc' dir='ltr'>μοτικώτα</span> <span class='ocrx_word' id='word_1_812' title='bbox 3711 5469 3742 5484; x_wconf 73' lang='grc' dir='ltr'><strong>ο</strong></span> 
     </span>
    </p>
   </div>
   <div class='ocr_carea' id='block_1_115' title="bbox 1664 5613 2546 5688">
    <p class='ocr_par' dir='ltr' id='par_1_115' title="bbox 1664 5613 2546 5688">
     <span class='ocr_line' id='line_1_115' title="bbox 1664 5613 2546 5688; baseline 0.015 -14"><span class='ocrx_word' id='word_1_813' title='bbox 1664 5613 1866 5678; x_wconf 67' lang='lat' dir='ltr'><strong>Varia:</strong></span> <span class='ocrx_word' id='word_1_814' title='bbox 1910 5620 2216 5685; x_wconf 82' lang='lat' dir='ltr'><strong>lectiones</strong></span> <span class='ocrx_word' id='word_1_815' title='bbox 2261 5630 2322 5686; x_wconf 91' lang='lat' dir='ltr'><strong>et</strong></span> <span class='ocrx_word' id='word_1_816' title='bbox 2358 5631 2546 5688; x_wconf 79' lang='lat' dir='ltr'><strong>notae.</strong></span> 
     </span>
    </p>
   </div>
   <div class='ocr_carea' id='block_1_116' title="bbox 545 5772 2062 5867">
    <p class='ocr_par' dir='ltr' id='par_1_116' title="bbox 545 5772 2058 5860">
     <span class='ocr_line' id='line_1_116' title="bbox 545 5772 2058 5860; baseline 0.016 -34"><span class='ocrx_word' id='word_1_817' title='bbox 545 5772 658 5844; x_wconf 70' lang='lat'><strong>(92)</strong></span> <span class='ocrx_word' id='word_1_818' title='bbox 689 5775 1041 5846; x_wconf 54' lang='grc' dir='ltr'>Οὐινδίκιος.</span> <span class='ocrx_word' id='word_1_819' title='bbox 1065 5781 1145 5840; x_wconf 89' lang='lat' dir='ltr'><strong>lta</strong></span> <span class='ocrx_word' id='word_1_820' title='bbox 1173 5800 1317 5845; x_wconf 82' lang='lat' dir='ltr'><strong>unus</strong></span> <span class='ocrx_word' id='word_1_821' title='bbox 1341 5801 1372 5844; x_wconf 87' lang='lat' dir='ltr'><strong>e</strong></span> <span class='ocrx_word' id='word_1_822' title='bbox 1398 5788 1530 5860; x_wconf 80' lang='lat' dir='ltr'><strong>Reg.</strong></span> <span class='ocrx_word' id='word_1_823' title='bbox 1566 5789 1635 5846; x_wconf 80' lang='lat' dir='ltr'><strong>At</strong></span> <span class='ocrx_word' id='word_1_824' title='bbox 1664 5791 1801 5850; x_wconf 87' lang='lat' dir='ltr'><strong>alter</strong></span> <span class='ocrx_word' id='word_1_825' title='bbox 1831 5805 1886 5852; x_wconf 89' lang='lat' dir='ltr'><strong>ct</strong></span> <span class='ocrx_word' id='word_1_826' title='bbox 1921 5795 2058 5853; x_wconf 88' lang='lat' dir='ltr'><strong>Colb</strong></span> 
     </span>
    </p>
   </div>
   <div class='ocr_carea' id='block_1_117' title="bbox 2165 5772 2775 5867">
    <p class='ocr_par' dir='ltr' id='par_1_117' title="bbox 2165 5795 2775 5867">
     <span class='ocr_line' id='line_1_117' title="bbox 2165 5795 2775 5867; baseline 0.01 -19"><span class='ocrx_word' id='word_1_827' title='bbox 2165 5795 2426 5861; x_wconf 85' lang='grc' dir='ltr'>ουνδίκιος</span> <span class='ocrx_word' id='word_1_828' title='bbox 2461 5797 2775 5867; x_wconf 65' lang='lat' dir='ltr'><strong>praeferunt.</strong></span> 
     </span>
    </p>
   </div>
  </div>
