2001 3125
205 163 263 199 583

848 161 1012 192 JOANNIS
1026 161 1191 192 ΖΟΝΑΚΑΞ

1783 163 1835 195 εει

199 230 250 250 σαν
276 221 302 248 οἱ
323 218 477 255 Ταρκύνιοι
500 217 550 254 τὴν
575 216 718 253 βασιλείαν
741 216 907 250 ἀναλαϐεῖν,
931 219 990 250 τοῖς
1008 217 1143 254 ἀμοροῦσι
1182 218 1330 255 Ῥωμαίοις
1347 217 1439 245 ἔθνεσι
1454 217 1696 253 συμμαχούμενοι·
1732 219 1837 254 πάντας

198 262 226 294 δὲ
242 268 272 293 ἐν
286 268 347 298 ταῖς
361 267 461 302 μάχαις
476 264 674 299 διεφθάρησαν,
695 264 765 300 πλὴν
780 263 829 291 τοῦ
848 264 987 299 γέροντος,
1007 263 1037 296 ὃς
1054 264 1102 291 καὶ
1133 265 1290 301 Σούπιρθος
1320 265 1455 297 insulto,
1468 262 1541 290 εἴποι
1552 264 1585 291 ἄν
1599 273 1641 296 τις
1652 265 1754 301 Ἕλλην
1766 266 1837 301 ἀνὴρ

203 313 409 348 ’Υπερήφανος.
427 313 560 342 Κάκεῖνος
581 311 610 337 δὲ
627 310 778 346 μετέπειτα
793 311 833 342 εἰς
850 310 951 346 Κύμην
965 311 1016 346 τὴν
1035 312 1066 338 ιν
1081 310 1178 347 ὸπικίᾳ
1195 312 1350 348 γενόμενος,
1364 310 1551 344 ἰτελεύτησεν.

235 359 304 386 XIII.
325 357 540 392 Tarquiniorum
564 364 609 384 res
631 364 665 384 eo
690 356 812 391 denique
837 357 988 384 redierunt.

1082 357 1131 386 Il".
1148 359 1228 386 Οῦτω
1244 359 1296 395 μὲν
1309 358 1356 387 οὖν
1373 362 1430 393 τοῖς
1451 361 1616 396 Ταρκυνίοις
1630 361 1664 388 τὰ
1684 362 1837 398 πράγματα

200 406 255 432 Illis
268 410 359 432 autem
377 404 473 439 pulsis,
489 404 606 430 Romani
618 404 757 435 consules,
774 408 805 430 ut
818 403 922 430 dictum
937 408 990 435 est,

199 455 363 478 creaverunt
377 459 384 480 ;
397 458 430 477 ex
446 457 563 484 quorum
580 457 697 476 numero
711 450 740 477 P.
754 449 882 477 Valerius
910 456 993 485 quar-

199 503 258 525 tum
281 497 334 524 fuit
355 496 461 527 consul,
485 500 670 531 cognomento
692 495 842 524 Publicola.
861 495 913 529 Qui
928 503 991 523 cum

198 544 258 571 sine
274 544 379 577 collega
394 543 584 577 magistratum
606 547 726 577 gereret,
748 543 866 570 Romani
880 542 991 572 oﬂcnsi,

197 596 262 616 eum
275 596 328 616 non
347 589 423 616 Bruti
438 589 600 617 consulatus
615 589 763 621 lizcredem,
778 588 827 616 sed
840 588 992 624 tyrannidis

197 633 342 668 Tarquinii
363 641 554 661 successorem
579 634 730 665 exstitisse,
757 634 804 668 qui
823 640 888 660 cum
903 634 992 660 omni—

198 680 250 707 bus
265 681 388 707 fascibus
404 685 431 707 et
446 680 602 711 securibus,
617 688 651 707 ex
661 679 769 707 aedibus
785 680 867 706 tantis
881 684 990 714 tamque

196 726 352 762 splendidis
390 726 534 761 prodiret,
570 726 709 753 dixerunt.
742 726 850 753 Etenim
878 725 990 753 domum

197 771 432 806 sumptuosiorcm
458 771 600 804 habebat,
624 771 684 798 foro
711 771 905 806 propinquam.
931 771 992 804 Quo

197 817 340 845 Publicola
356 817 478 851 cognito,
508 816 635 851 plurimis
667 817 813 851 opificibus
838 817 990 849 accersitis,

195 862 268 890 mdes
298 866 382 889 noctu
409 861 546 889 destruxit
567 867 650 897 atque
671 862 791 889 evertit:
822 865 851 888 ut
874 862 992 889 Romani

197 916 277 935 mane
304 909 331 936 id
348 908 486 941 videntes,
514 909 596 936 simul
622 913 650 935 et
670 908 886 943 magnitudinem
906 908 991 935 animi

196 955 256 989 ejus
273 956 453 987 mirarentur,
471 959 500 982 et
523 959 625 982 tantam
644 958 754 988 tamque
769 954 928 988 pratclaram
944 956 992 982 do—

196 1009 271 1028 mum
297 1009 423 1029 evorsam
451 1010 511 1029 csse
538 1002 674 1029 dolerent.
703 1002 822 1028 Securos
845 1009 956 1036 quoque
975 1009 991 1029 α

195 1048 316 1075 fascibus
340 1048 478 1075 removit:
499 1052 527 1075 ct
543 1048 631 1075 fasces
655 1048 729 1082 ipsos
745 1055 807 1074 eum
833 1049 862 1076 in
879 1048 991 1075 eoncio-
1008 1045 1028 1072 Β

195 1102 259 1121 ttulit
278 1094 415 1128 prodibat,
431 1095 533 1129 populo
548 1094 688 1122 submisit.
706 1094 834 1121 Pecunire
854 1094 918 1121 item
936 1099 991 1121 tra-

195 1140 348 1167 ctationem
373 1140 436 1167 aliis
462 1140 615 1173 mandavit,
638 1149 671 1168 uc
695 1141 840 1167 consulum
862 1149 910 1174 per
929 1148 990 1168 eam

195 1185 321 1220 potentia
336 1191 496 1221 augeretur,
510 1191 566 1213 tum
581 1186 701 1220 primum
719 1186 903 1220 quaestoribus
918 1186 992 1214 desi-

195 1231 297 1266 gnatis.
316 1231 337 1258 Ii
352 1232 492 1267 principio
505 1240 652 1260 causarum
668 1232 827 1267 capitalium
840 1233 991 1268 cognitioni

198 1277 344 1312 pratfuere,
361 1278 396 1306 ab
413 1278 596 1313 inquisitione
620 1278 748 1306 veritatis
763 1279 928 1313 quaesitores
941 1287 991 1314 ap-

196 1322 310 1358 pellati:
332 1328 397 1358 post
419 1324 503 1351 etiam
523 1324 622 1352 aerario
640 1329 705 1352 sunt
722 1325 855 1360 praafccti.
881 1326 992 1360 judiciis

195 1368 315 1396 aliorum
341 1377 414 1397 cura:
440 1370 607 1398 commissis.
642 1371 779 1406 Collegam
800 1372 852 1399 sibi
883 1372 989 1404 ascivit,

195 1414 330 1443 Lucretiae
345 1420 450 1451 patrem
467 1416 638 1444 Lucretium.
654 1417 714 1450 Quo
727 1418 803 1445 brevi
819 1423 938 1450 mortuo,
954 1418 990 1446 M.

197 1461 330 1490 IIoratius
344 1463 373 1490 in
389 1463 463 1490 illius
477 1463 557 1498 331
580 1463 672 1490 locum
693 1464 836 1496 suffectus,
851 1464 990 1499 reliquum

194 1508 328 1543 temporis
344 1509 441 1536 consul
456 1509 520 1536 fuit.
535 1509 677 1537 Publicola
708 1517 805 1537 rursus
826 1511 923 1538 consul
944 1511 988 1538 fa-

197 1558 270 1586 ctus,
285 1555 416 1589 collegam
434 1555 531 1582 habuit
556 1555 588 1582 T.
612 1555 784 1583 Lucretium.
804 1556 909 1584 Deinde
926 1564 990 1584 cum

195 1598 290 1626 Sabini
314 1600 343 1626 in
367 1608 463 1635 agrum
486 1600 640 1627 Romanum
665 1601 811 1628 duxissent
826 1602 988 1634 exercitum,

195 1645 294 1673 consul
314 1645 475 1680 designatus
491 1651 533 1673 est
557 1646 592 1673 Μ.
615 1647 751 1679 Valerius,
767 1647 915 1676 Publicolae
931 1648 989 1676 fra-

195 1695 249 1722 ter.
265 1694 293 1718 et
310 1691 491 1719 Postlmmius
506 1691 656 1719 Tubertus.
676 1692 729 1719 Sed
745 1700 808 1720 cum
824 1701 870 1720 res
883 1694 989 1723 bellica:

195 1736 312 1764 consilio
327 1743 356 1765 et
379 1739 526 1773 praesentia
541 1739 691 1766 Publicola
714 1739 987 1774 administrarentur,

193 1781 302 1810 Marcus
326 1783 436 1811 duobus
461 1784 562 1818 praeliis
587 1784 685 1817 victor,
715 1785 744 1812 in
772 1787 926 1821 posteriore
939 1795 987 1815 xm

195 1827 319 1856 millibus
335 1829 457 1857 hostium
470 1830 559 1863 caesis,
574 1831 681 1858 nullum
706 1831 796 1859 civem
820 1833 923 1860 amisit.
938 1833 988 1861 Se-

193 1879 296 1909 quente
306 1882 389 1906 anno,
407 1874 500 1903 denuo
511 1876 625 1903 consule
639 1876 793 1910 Publicola,
809 1885 922 1906 consors
936 1879 987 1906 Sa-

193 1920 323 1948 binorum
341 1927 371 1949 et
386 1921 550 1950 Latinorum
564 1923 700 1951 adversus
714 1924 828 1951 Romam
848 1925 988 1960 expeditio

192 1969 412 2003 exspectabatur.
430 1970 497 1998 Erat
508 1977 601 1999 autem
615 1972 643 1999 in
656 1972 767 2000 Sabinis
783 1972 890 2009 Appius
904 1974 986 2001 Clan-

193 2015 268 2048 dius,
288 2015 331 2043 vir
345 2020 374 2044 et
391 2016 491 2052 opibus
514 2020 542 2044 ct
568 2017 669 2045 robore
693 2019 819 2053 corporis
841 2024 986 2054 prastans,

193 2060 242 2088 sed
252 2061 383 2096 opinione
395 2062 508 2090 virtutis
518 2067 546 2091 et
558 2063 718 2098 eloquentia
731 2065 758 2091 in
770 2065 869 2099 primis
881 2065 985 2093 clarus.

192 2104 266 2138 Quas
279 2106 315 2134 ob
331 2115 376 2134 res
397 2107 500 2136 invidia
517 2110 692 2144 popularium
716 2116 853 2145 suscepta,
870 2119 933 2138 cum
949 2112 985 2139 ob

192 2151 348 2180 dissuasum
365 2153 469 2180 bellum
482 2154 592 2182 insidiis
607 2159 794 2190 appeteretur,
811 2164 908 2192 magna
918 2157 986 2185 arni-

193 2204 289 2224 corum
303 2203 331 2226 et
347 2199 490 2227 clientium
504 2201 651 2228 comitatus
667 2209 750 2229 manu
765 2202 880 2229 Romam
895 2208 985 2231 trans-

194 2242 274 2277 fugit.
290 2243 397 2275 Quibus
408 2252 423 2271 a
434 2245 574 2273 Publicola
587 2246 706 2280 benigne
719 2249 866 2283 susceptis,
880 2249 986 2284 Appius

194 2288 266 2315 inter
282 2294 375 2322 patres
389 2290 490 2323 lectus,
509 2291 582 2319 haud
599 2292 635 2320 ita
656 2293 744 2320 multo
758 2298 820 2328 post
835 2295 982 2328 prudentia

193 2336 322 2368 gerenda:
342 2336 501 2371 reipublicae
518 2338 552 2365 ad
572 2339 690 2373 primam
709 2340 873 2375 dignitatem
888 2349 986 2376 perve-

1044 404 1245 441 ὲπεράνοησαν.
1264 406 1392 433 Ἐκείνων
1404 407 1426 433 δ’
1439 407 1612 440 ὲξωσθέντων
1621 410 1670 444 τῆς
1683 408 1837 443 βασιλείας,

1044 451 1154 485 ὕπατοι,
1171 452 1209 484 ὡς
1223 454 1341 488 εἴρηται,
1359 455 1434 490 παρὰ
1449 455 1503 482 τῶν
1526 455 1672 490 Ῥωμαίων
1683 456 1836 492 ᾑρέθησαν,

1043 494 1081 525 ὧν
1098 495 1138 530 εἷς
1155 496 1188 535 ἧν
1204 500 1251 526 καὶ
1268 500 1385 532 Πόπλιος
1405 500 1563 535 Οὐαλέριος,
1577 501 1605 533 ll;
1621 503 1750 536 τετράκις
1767 503 1839 530 ὑπά-

1042 553 1151 577 τευοεν,
1165 546 1179 572 ὁ
1196 547 1243 572 καὶ
1261 546 1431 578 Ποπλικόλας
1446 548 1615 584 ἐπικληθείς.
1628 546 1713 580 οὗτος
1729 548 1776 575 οὖν
1788 550 1838 584 μό-

1043 599 1088 622 νος
1106 592 1210 626 ἄρχων.
1230 593 1278 618 καὶ
1295 593 1333 628 μὴ
1349 595 1521 629 συνάρχοντα
1533 594 1664 630 εἰληφὼς,
1686 596 1838 630 Ῥωμαόις

1044 639 1243 672 προσέκρουσε,
1262 639 1371 672 λέγουσι
1390 640 1427 674 μὴ
1443 640 1491 674 τῆς
1506 640 1552 666 τοῦ
1570 641 1690 676 Βρούτου
1706 641 1839 676 κληρονό-

1046 691 1094 717 μον
1112 683 1243 716 ὑπατείας
1257 682 1338 717 εἶναι,
1354 686 1405 720 τῆς
1424 685 1452 711 δὲ
1474 686 1521 712 τοῦ
1536 687 1689 722 Ταρκυνίου
1705 688 1836 723 τυραννί-

1043 727 1087 757 δος
1104 727 1235 763 διάδοχον,
1252 729 1305 755 ὑπὸ
1320 730 1429 765 ῥάϐδοις
1441 730 1509 765 όμοῦ
1528 732 1631 764 πάσαις
1648 734 1693 758 καί
1709 733 1838 760 πελέκεσι
1891 730 1894 732 ⁷

1044 773 1174 807 προϊόντα
1187 773 1216 805 ἐξ
1230 774 1318 805 οἰκίας
1334 775 1470 810 τοσαύτης
1487 775 1517 801 τὸ
1537 776 1654 810 μέγεθος
1669 777 1715 803 καὶ
1728 777 1759 802 τὸ
1772 776 1838 803 κάλ-

1044 818 1099 849 λος.
1116 819 1170 845 Καὶ
1187 819 1242 854 γὰρ
1260 820 1494 857 πολυτελεστέραν
1517 820 1590 857 εἶχεν
1609 822 1710 855 οἰκίαν,
1730 824 1838 850 ἐπικει-

1046 865 1130 900 μένην
1158 867 1191 901 τῇ
1219 867 1318 902 ἀγορᾷ.
1348 867 1443 894 Ταῦτα
1477 869 1491 894 ὁ
1523 869 1693 901 Ποπλικόλας
1729 869 1835 904 μαθὼν,

1043 912 1170 947 τεχνίτας
1199 912 1343 944 πλείστους
1375 914 1550 948 συναγαγὼν,
1577 916 1674 946 νυκτὸς
1698 916 1836 943 κατέϐαλε

1043 957 1094 992 τὴν
1125 958 1226 990 οὶκίαν,
1245 959 1294 985 καὶ
1324 959 1429 994 ταύτην
1455 961 1647 995 κατέσκαψεν
1672 960 1744 987 ὥστε
1775 960 1835 996 μεθ’

1044 1005 1150 1039 ἡμέραν
1165 1006 1228 1036 τοὺς
1243 1006 1395 1040 Ῥωμαίους
1412 1006 1560 1041 βλέποντας
1572 1007 1602 1033 τὸ
1617 1008 1774 1042 γενόμενον,
1786 1007 1836 1042 τὴν

1045 1051 1094 1085 μὲν
1105 1051 1152 1077 τοῦ
1165 1051 1261 1086 ἀνδρὸς
1275 1053 1518 1088 μεγαλοφροσύνην
1534 1054 1693 1088 θαυμάζειν,
1703 1054 1835 1089 ἄχῦεσθλιι

1043 1097 1065 1124 δ’
1081 1097 1151 1132 ὑπὲρ
1169 1098 1219 1131 τῆς
1236 1099 1335 1131 οἰκίας,
1351 1099 1395 1125 διὰ
1411 1100 1442 1126 τὸ
1460 1100 1577 1134 μέγεοος
1600 1101 1647 1127 καὶ
1669 1100 1700 1127 τὸ
1716 1100 1832 1132 κάλλος·

1043 1143 1098 1169 Καὶ
1118 1144 1182 1175 τοὺς
1198 1144 1323 1176 πελέκεις
1337 1146 1365 1171 δὲ
1386 1145 1441 1171 τῶν
1459 1146 1566 1180 ῥάϐδων
1583 1146 1727 1178 ἀπέλυσεν,
1748 1147 1835 1176 αὑτάς

1043 1199 1072 1216 τε
1092 1190 1142 1222 τὰς
1160 1191 1275 1225 ῥάῦδους
1290 1193 1330 1223 είς
1345 1192 1494 1227 ἐκκλησίαν
1508 1193 1614 1228 παριὼν
1629 1193 1720 1228 ἀφῆκε
1734 1194 1775 1230 τῷ
1790 1195 1837 1230 δή-

1044 1246 1088 1272 μῳ
1100 1245 1108 1252 ⁸
1127 1238 1174 1264 καὶ
1184 1239 1234 1274 τὴν
1246 1238 1300 1264 τῶν
1310 1239 1460 1274 χρημάτων
1473 1239 1606 1274 διοίκησιν
1620 1240 1712 1272 ἄλλοις
1724 1241 1836 1268 ἀπένει-

1044 1291 1105 1318 μεν,
1124 1283 1167 1310 ἵνα
1185 1284 1222 1319 μὴ
1239 1284 1342 1311 τούτων
1359 1285 1505 1320 ἐγκρατεῖς
1517 1286 1594 1317 ὄντες
1613 1287 1637 1313 at
1653 1286 1838 1320 ὑπατεύοντες

1045 1330 1116 1364 μέγα
1133 1329 1279 1363 δύνωνται,
1300 1331 1344 1358 ὅτε
1365 1331 1475 1366 πρῶτον
1491 1333 1515 1358 οἰ
1530 1332 1629 1367 ταμίαι
1649 1333 1774 1368 γίνεσθαι
1785 1333 1838 1371 ἧρ-

1044 1374 1134 1407 ξαντο,
1152 1376 1328 1412 κοιαίστορας
1346 1377 1371 1404 δ’
1394 1378 1509 1404 ὰκάλουν
1526 1378 1638 1410 αὐτούς.
1664 1378 1697 1405 UI
1725 1379 1837 1414 πρῶτον

1045 1420 1095 1455 μὲν
1116 1421 1166 1452 τὰς
1191 1421 1359 1458 θανασίμους
1386 1423 1464 1456 δίκας
1486 1424 1621 1457 ἐδίκαζον,
1635 1425 1698 1452 ὅθεν
1716 1426 1766 1452 καὶ
1786 1426 1837 1462 τὴν

1043 1469 1232 1503 προσηγορίαν
1253 1470 1355 1505 ταύτην
1366 1470 1411 1497 διὰ
1429 1471 1480 1502 τὰς
1502 1472 1664 1506 ἀνακρίσεις
1686 1472 1835 1508 ἐσχήκασι,

1043 1515 1090 1540 καὶ
1112 1514 1157 1540 διὰ
1181 1515 1232 1550 τὴν
1251 1515 1302 1551 τῆς
1319 1517 1451 1551 ἀληθείας
1472 1518 1524 1552 τῆς
1542 1519 1574 1545 tu
1592 1518 1646 1545 τῶν
1661 1519 1836 1555 άνακρίσιων

1042 1560 1170 1596 ζήτησιν.
1188 1562 1323 1598 Ὕστερον
1340 1563 1368 1590 δὲ
1385 1564 1433 1590 καὶ
1447 1564 1497 1599 τὴν
1507 1565 1562 1591 τῶν
1574 1565 1671 1592 κοινῶν
1681 1566 1837 1601 χρημάτων

1041 1606 1178 1642 διοίκησιν
1205 1608 1314 1644 ἔλαχον,
1345 1611 1392 1636 καὶ
1418 1610 1517 1645 ταμίαι
1547 1612 1834 1648 προσωνομάσθησαν.

1041 1652 1120 1680 Μετὰ
1131 1653 1219 1681 ταῦτα
1230 1654 1361 1690 δέτέροις
1380 1656 1430 1690 μὲν
1444 1657 1587 1691 ἐπετράπη
1601 1658 1634 1684 τὰ
1648 1658 1816 1694 δικαστήρια
1825 1666 1836 1676 ο

1042 1699 1142 1726 ἐκεῖνοι
1162 1700 1190 1726 δὲ
1209 1701 1264 1728 τῶν
1276 1701 1428 1736 χρημάτων
1441 1699 1513 1737 ἦσαν
1525 1702 1671 1738 διοικηταί.
1693 1703 1835 1736 ’Δπέδειει

1041 1744 1070 1771 δὲ
1087 1745 1179 1779 ἑαυτῷ
1195 1746 1367 1780 συνάρχοντα
1389 1746 1434 1772 τὸν
1458 1746 1507 1781 τῆς
1531 1747 1699 1781 Λουκριτίας
1724 1749 1834 1784 πατέρα

1040 1789 1212 1824 Λουκρίτιον.
1230 1790 1304 1825 Ταχὺ
1318 1791 1347 1817 δὲ
1357 1791 1453 1817 τούτιυ
1469 1792 1606 1824 θανόντος,
1620 1793 1706 1828 ᾑρέθη
1718 1794 1835 1830 Μάρκος

1046 1835 1173 1869 Ὁράτιος
1191 1836 1337 1871 συνάρχειν
1354 1837 1429 1872 αὐτῷ
1451 1837 1497 1863 τὸν
1510 1838 1658 1871 ὑπόλοιπον
1676 1839 1774 1874 καιρὸν
1782 1840 1832 1867 τοῧ

1039 1878 1177 1906 ἐνιαυτοῦ.
1197 1880 1323 1915 Δίρεθεὶς
1341 1881 1370 1907 δὲ
1381 1882 1428 1908 καὶ
1442 1881 1521 1914 αὖθις
1542 1883 1647 1915 ὕπατος
1668 1885 1682 1910 ό
1694 1884 1834 1912 Ποπλικόι

1038 1924 1098 1957 λας,
1112 1924 1176 1959 ἔσχε
1194 1927 1419 1954 συνυπατεύοντα
1430 1928 1509 1955 Τῖτον
1524 1929 1695 1964 Λουκρίτιον.
1711 1931 1792 1959 κατὰ
1803 1930 1833 1958 ἃ

1038 1970 1126 1998 ταῦτα
1138 1972 1261 1999 Σασίνων
1274 1973 1451 2007 ἐμϐαλόντων
1472 1976 1513 2006 εἰς
1533 1975 1582 2010 τὴν
1605 1976 1706 2012 χώραν,
1727 1977 1833 2010 ὕπατος

1038 2016 1181 2052 ἀνεδείχθη
1203 2017 1316 2053 Μάρκος
1337 2019 1497 2054 Οὐαλέριος,
1515 2021 1630 2056 ἀδελφὸς
1662 2022 1830 2056 Ποπλικόλα,

1038 2063 1085 2090 καὶ
1110 2064 1279 2099 Ποστούμιος
1314 2066 1466 2102 Τούσιρτος
1480 2068 1547 2104 (93).
1573 2070 1777 2105 Πραττομένων
1801 2071 1830 2098 δὲ

1038 2110 1092 2136 τῶν
1109 2111 1237 2146 πολέμων
1254 2112 1350 2149 γνώμῃ
1370 2115 1416 2141 καὶ
1436 2115 1575 2151 παρουσίᾳ
1597 2116 1645 2143 τοῦ
1659 2117 1828 2151 Ποπλικόλα,

1037 2156 1099 2183 δυσὶ
1121 2158 1222 2192 μάχαις
1238 2158 1252 2184 ὁ
1266 2159 1379 2193 Μάρκος
1398 2161 1536 2196 ἐνίκησεν,
1557 2159 1596 2188 ὧν
1615 2162 1644 2188 ἰν
1658 2165 1691 2198 τῇ
1715 2163 1832 2200 δευτέρᾳ

1039 2201 1142 2237 μηδένα
1157 2203 1302 2238 Ῥωμαίων
1316 2206 1473 2239 ἀποϐαλὼν,
1484 2207 1652 2242 τρισχιλίους
1661 2209 1708 2235 ἐπὶ
1721 2209 1830 2245 μυρίοις

1037 2247 1092 2274 τῶν
1107 2249 1244 2284 πολεμίων
1256 2251 1357 2278 ἀνεῖλε.
1370 2252 1415 2286 Τῷ
1430 2252 1453 2279 δ’
1463 2252 1527 2287 ἑξῆς
1546 2253 1600 2280 Etsi
1615 2253 1697 2281 πάλιν
1707 2256 1830 2282 ὑπάτευε

1038 2295 1219 2328 Ποπλικόλας,
1235 2298 1283 2323 καὶ
1299 2298 1484 2331 προσεδοκᾶτο
1498 2299 1620 2327 Σαϐίνων
1636 2309 1666 2327 τε
1682 2301 1731 2327 καὶ
1747 2302 1830 2329 Λατί-

1038 2350 1090 2368 νων
1114 2343 1323 2377 ὁμονοησάντων
1351 2345 1422 2371 κατὰ
1444 2346 1493 2380 τῆς
1521 2345 1631 2381 Ῥώμης
1651 2349 1827 2382 προσέλασις.

194 2381 244 2411 nit.
269 2390 301 2409 ac
323 2388 431 2417 gentem
454 2384 596 2412 Claudiam
619 2386 743 2420 reliquit,
774 2395 836 2422 qua:
861 2392 984 2423 tempore

1041 2385 1094 2413 Ἠν
1113 2388 1135 2413 δ’
1150 2389 1178 2415 ἐν
1200 2390 1325 2421 Σαῦίνοις
1353 2391 1424 2425 ἀνὴρ
1441 2391 1560 2423 Ἄππιος
1589 2381 1734 2426 Κλαύδιος,
1751 2394 1780 2420 ἰν
1798 2403 1828 2420 τε

193 2426 353 2461 longissimo
375 2428 481 2462 ﬂoruit,
505 2438 641 2458 summam
666 2432 763 2467 adepta
776 2434 982 2461 auctoritatem.

194 2472 289 2500 Sabini
305 2482 369 2501 vero
387 2483 446 2502 eam
463 2484 573 2511 quoque
598 2477 662 2504 belli
686 2486 796 2505 causam
819 2480 903 2511 nacti,
920 2488 982 2507 cum

192 2527 291 2554 magno
307 2521 430 2548 exercitu
448 2522 563 2549 Romam
587 2523 749 2551 invaserunt
771 2533 778 2551 :
799 2533 870 2560 quos
887 2525 983 2552 Publi-

191 2565 262 2597 cola,
278 2567 374 2600 optimi
395 2567 475 2595 ducis
488 2568 586 2596 ofﬁciis
599 2569 721 2603 functus,
745 2579 813 2606 pene
828 2579 925 2599 omnes
942 2572 982 2599 in-

192 2611 310 2644 terfecit,
325 2613 481 2649 populoque
492 2615 588 2650 spoliis
601 2616 722 2644 hostium
735 2624 762 2646 ct
777 2618 896 2652 captivis
907 2618 983 2645 Iocu-

193 2655 305 2689 plctato,
332 2659 501 2695 triumphum
518 2661 617 2694 duxit;
639 2663 795 2698 traditaque
821 2663 981 2698 reipublicae

193 2700 432 2734 administratione
453 2707 599 2734 consulum
632 2708 859 2742 successoribus,
887 2709 979 2735 statim

1037 2434 1160 2468 χρήματι
1186 2435 1233 2461 καὶ
1257 2436 1384 2470 σώματος
1406 2436 1487 2474 ῥώμῃ
1502 2439 1663 2472 πρωτεύων,
1678 2440 1709 2467 ὲν
1725 2441 1829 2476 ἀρετῆς

1035 2480 1064 2505 δὲ
1082 2480 1200 2514 μάλιστα
1214 2481 1278 2515 δόξῃ
1297 2483 1442 2517 ἐπιφανὴς,
1455 2485 1502 2510 καὶ
1516 2485 1595 2518 λόγου
1612 2485 1760 2521 δεινότητι.
1774 2489 1828 2514 Καὶ

1035 2525 1081 2552 διὰ
1095 2526 1180 2552 ταῦτα
1196 2527 1378 2563 φθονούμενος
1390 2530 1587 2558 ἐπεϐουλεύετο
1599 2533 1676 2567 παρά
1690 2533 1746 2560 τῶν
1760 2534 1828 2568 ὁμο-

1036 2571 1135 2606 γενῶν,
1154 2573 1195 2599 ὅτι
1225 2574 1401 2602 συνεϐούλευε
1429 2578 1601 2604 καταπαύειν
1624 2580 1670 2606 τὸν
1693 2581 1824 2615 πόλεμον.

1037 2616 1082 2642 Διὸ
1098 2617 1180 2649 αὐτός
1195 2626 1224 2644 τε
1241 2619 1273 2653 τῇ
1298 2619 1393 2655 Ῥώμῃ
1414 2622 1623 2656 προσεληλύθει,
1641 2624 1687 2650 καὶ
1709 2624 1829 2656 πολλοὺς,

1035 2663 1088 2689 τῶν
1105 2664 1191 2697 φίλων
1203 2673 1233 2690 τε
1247 2666 1293 2691 καὶ
1308 2666 1415 2693 οἰκείων
1431 2668 1596 2695 συνέπεσθαί
1610 2671 1635 2696 οί
1652 2671 1824 2699 συνέπεισεν.

1034 2709 1088 2740 Οὓς
1106 2710 1278 2742 Ποπλικόλας
1297 2712 1468 2748 φιλοφρόνως
1483 2714 1604 2748 ἐδέξατο,
1627 2718 1660 2752 τῇ
1677 2717 1762 2754 βουλῇ
1779 2719 1823 2746 τὸν

787 2785 887 2817 Variae
902 2784 1059 2818 lectiones
1075 2790 1105 2818 et
1121 2791 1219 2820 notia.

228 2851 486 2900 ζ(ἢπερ-θύμος
506 2855 675 2890 Τούϐερτος.
695 2856 734 2885 Ita
746 2856 802 2885 duo
817 2856 898 2885 codd.
910 2857 977 2893 Reg.

1041 2857 1112 2887 Solb.
1130 2859 1236 2895 Livius,
1266 2861 1314 2890 lib.
1335 2871 1366 2897 ιι,
1382 2863 1417 2891 Μ.
1448 2865 1556 2895 Valerio
1593 2868 1623 2896 P.
1647 2869 1817 2900 Postumium

191 2885 326 2925 adjungit.
342 2887 385 2916 ΣΥ.
