4002 6250
315 296 416 360 585

1573 288 1919 351 ANNALIU
1933 289 1980 347 .‘d
2025 287 2090 349 Ll
2105 289 2150 348 B
2217 289 2287 348 Vl
2301 289 2346 346 l.

3480 295 3587 360 586

313 406 578 462 Κλαύδιον
619 382 1142 475 προσγραψάμενος.
1184 402 1350 455 Ὀοεν
1401 401 1693 472 ἐμφρόνως
1742 401 1893 452 πολι-

2007 396 2157 460 obiit,
2191 396 2429 466 publicis
2478 395 2793 466 sumptibus
2828 397 3027 463 elatus,
3085 414 3270 454 annuo
3303 408 3586 456 matrona-

311 503 600 570 τευόμενος
633 498 939 570 ἀνέδραμεν
969 498 1048 561 είς
1076 497 1136 550 τὸ
1165 495 1383 566 πρῶτον
1416 495 1658 565 ἀξίωμα,
1688 495 1783 547 καὶ
1805 491 1894 560 γέ-

313 613 396 657 νος
432 593 576 665 μέγα
602 592 664 644 τὸ
693 590 979 644 Κλαυδίων
1007 587 1298 644 κατέλιπεν
1327 588 1422 641 ἐπὶ
1445 588 1699 640 πλεῖστον
1722 585 1896 652 ἀνθῆ-

313 706 432 748 σαν,
488 687 585 739 καὶ
628 681 1018 756 προεληλυθὼς
1070 683 1150 744 είς
1185 681 1346 752 δόξης
1389 682 1692 754 ἀκρότητα.
1736 682 1800 736 Οί
1839 681 1895 734 δὲ

311 781 547 845 Σαϐῖνοι,
577 780 674 832 καὶ
706 779 866 835 τοῦτο
893 775 988 829 τοῦ
1017 776 1260 846 πολέμου
1294 777 1654 846 ποιησάμενοι
1685 774 1896 846 πρόφα-

311 888 416 932 σιν,
445 868 661 942 στρατῷ
686 867 908 938 μεγάλῳ
931 867 1074 921 κατά
1096 868 1196 936 τῆς
1225 865 1447 937 Ῥώμης
1469 866 1752 936 ἐπήλασαν
1771 879 1784 894 ·
1811 859 1893 929 οἷς

309 965 438 1028 τοὺς
477 962 788 1032 Ῥωμαίους
845 963 875 1014 ὁ
926 959 1269 1024 Ποπλικόλας
1324 957 1748 1028 ἀντεπαγαγὼν,
1798 959 1898 1013 καὶ

313 1057 708 1129 στρατηγήσας
740 1054 814 1117 ὡς
853 1055 1078 1125 ἄριστα,
1122 1051 1324 1123 μικροῦ
1359 1052 1571 1116 πάντας
1614 1051 1892 1118 ἀπώλεσε,

310 1154 404 1206 καὶ
434 1150 526 1202 τὸν
551 1148 724 1219 δῆμον
752 1149 817 1200 ἐκ
839 1146 949 1200 τῶν
986 1145 1247 1217 λαφύρων
1270 1146 1365 1198 καὶ
1391 1145 1502 1198 τῶν
1530 1144 1897 1216 αἰχμαλώτων

306 1243 614 1312 ὠφέλησεν.
660 1239 914 1307 Ἀγαγὼν
957 1239 1002 1292 δ’
1051 1240 1143 1294 ἐπὶ
1193 1241 1260 1309 τῇ
1296 1239 1420 1309 νίκῃ
1473 1238 1763 1310 θρίαμϐον,
1800 1239 1896 1292 καὶ

308 1336 422 1395 ’τοῖς
457 1332 574 1402 μετ”
609 1331 775 1384 αὑτὸν
805 1329 1037 1392 ὑπάτοις
1072 1329 1350 1401 παραδοξδς
1387 1329 1488 1400 τὴν
1518 1330 1695 1395 πόλιν,
1735 1327 1896 1393 εὐθὺς

309 1422 659 1493 ἐτελεύτησε,
689 1421 930 1492 δημοσίᾳ
962 1422 1178 1488 ταφεὶς,
1212 1421 1310 1474 καὶ
1337 1420 1629 1493 θρηνηθεὶς
1656 1421 1742 1490 ἐφ’
1777 1421 1897 1474 ὅλον

307 1516 580 1568 ἐνιαυτόν.
637 1515 700 1566 Οί
750 1515 935 1583 μέντοι
989 1513 1209 1567 Σαϐῖνοι
1243 1513 1311 1566 δι’
1342 1513 1512 1582 ὀργὴν
1560 1507 1636 1566 ὧν
1669 1511 1894 1575 ἔπαθον,

308 1608 433 1662 οὐδὲ
487 1608 581 1660 τὸν
641 1607 888 1676 χειμῶνα
939 1606 1252 1677 ἠρέμησαν,
1305 1605 1442 1660 ἀλλὰ
1480 1604 1582 1677 τὴν
1619 1605 1895 1672 Ῥωμαῒδα

311 1703 499 1772 χώραν
544 1701 917 1769 κατέδραμον,
955 1701 1050 1754 καὶ
1094 1699 1188 1752 τὸν
1221 1699 1562 1770 Ποστούμιον
1606 1701 1896 1756 ἐκάκωσαν

310 1796 372 1847 τὸ
395 1794 648 1864 δεύτερον
673 1791 1018 1849 ὑπατεύοντα
1044 1809 1058 1825 σ
1090 1793 1186 1848 καὶ
1216 1788 1364 1847 εἷλον
1395 1793 1462 1847 ἂν
1486 1794 1650 1848 αὐτὸν
1681 1811 1896 1848 πανσυ-

308 1889 382 1952 δὶ,
411 1891 460 1942 εί
495 1888 572 1959 μὴ
597 1889 870 1960 Μενήνιος
912 1887 1226 1958 Ἀγρίππας
1252 1889 1279 1940 ὁ
1309 1889 1597 1959 συνάρχων
1625 1889 1774 1959 αύτῷ
1798 1891 1898 1943 ἐπ-

311 1977 607 2047 εκούρησε.
653 1977 1065 2048 ΙΙροσπεσόντες
1107 1977 1163 2032 δὲ
1205 1979 1409 2042 αὐτοῖς,
1454 1978 1686 2042 πολλοὺς
1711 1978 1895 2048 ἔφθειο

315 2087 438 2138 ραν,
471 2068 613 2122 ὥστε
646 2069 775 2132 τοὺς
805 2069 1031 2133 λοιποὺς
1051 2070 1426 2142 ἀναχωρῆσαι.
1455 2073 1613 2126 Μετὰ
1638 2071 1695 2126 δὲ
1725 2070 1900 2126 ταῦτα

315 2161 592 2231 Σπούριος
639 2179 698 2215 τε
746 2162 990 2224 Κάσσιος
1038 2163 1135 2218 καὶ
1197 2163 1523 2236 Ὀπιτώριος
1580 2165 1901 2236 Οὑεργίνιος

314 2253 686 2316 ὑπατεύοντες
711 2256 826 2317 τοῖς
851 2254 1102 2319 Σαϐίνοις
1129 2256 1472 2311 ἐσπείσαντο.
1501 2258 1813 2328 Καμερῖνον
1842 2259 1901 2313 δὲ

315 2345 376 2399 τὸ
411 2344 548 2399 ἄστυ
579 2346 819 2410 ἑλόντες,
842 2347 970 2410 τοὺς
1004 2348 1102 2417 μὲν
1133 2348 1357 2411 πλείους
1387 2352 1742 2418 ἀπέκτειναν,
1773 2354 1902 2418 τοὺς

307 2439 370 2492 δὲ
407 2437 630 2502 λοιποὺς
673 2439 1065 2509 ζωγρήσαντες
1114 2440 1398 2507 ἀπέδοντο,
1453 2444 1548 2496 καὶ
1595 2446 1694 2514 τὴν
1744 2444 1903 2498 πόλιν

315 2529 694 2598 κατέσκαψαν.
723 2531 1063 2600 Ποστούμιος
1085 2530 1143 2584 δὲ
1174 2531 1434 2602 Κομίνιος
1457 2534 1551 2587 καὶ
1578 2535 1736 2600 Τῖτος
1757 2537 1904 2610 Λάρ-

314 2638 434 2683 κιος
478 2621 701 2686 δούλους
733 2620 886 2685 τινὰς
919 2621 1014 2674 ἐπὶ
1044 2623 1351 2693 καταλήψει
1403 2623 1500 2677 τοῦ
1545 2627 1900 2682 Καπιτωλίου

313 2712 664 2782 συνωμοσίαν
714 2712 978 2782 Θεμένους
1036 2714 1417 2780 συλλαϐόντες,
1463 2715 1748 2789 ἐφθειραν.
1805 2720 1904 2772 Σε-

313 2802 497 2872 ρούῖός
531 2819 592 2854 τε
623 2803 946 2865 Σουλπίκιος
990 2804 1086 2858 καὶ
1138 2804 1367 2874 Μάρκος
1407 2803 1664 2868 Τούλλιος
1705 2805 1902 2872 ἑτέραν

313 2891 472 2956 αὖθις
525 2895 877 2964 συνωμοσίαν
933 2893 1174 2961 δούλων,
1230 2896 1325 2954 καὶ¹
1377 2895 1558 2951 ἄλλων
1612 2896 1678 2968 δή
1735 2914 1902 2951 τινων

315 2986 633 3040 συστάντων
683 2987 870 3050 αὐτοῖς
921 2985 1358 3056 προκατέλαϐον,
1391 2985 1754 3054 ἀγγελθεῖσαν
1803 2986 1901 3040 αὐ-

313 3083 426 3145 τοῖς
465 3081 602 3152 πρὸς
630 3097 793 3133 τινων
820 3079 928 3132 τῶν
966 3079 1066 3148 τῆς
1091 3077 1386 3148 ἐπιϐουλῆς
1419 3080 1776 3150 μετεχόντων,
1806 3079 1900 3142 οὓς

315 3175 410 3228 καὶ
449 3174 746 3244 συσχόντες
778 3172 1108 3242 περισταδὸν
1136 3170 1472 3242 κατέκοψαν,
1499 3175 1612 3238 τοῖς
1642 3172 1698 3226 δὲ
1728 3191 1901 3245 μηνυ-

312 3267 432 3328 ταῖς
464 3263 601 3318 ἄλλα
638 3281 696 3318 τε
736 3264 831 3318 καὶ
861 3263 1112 3318 πολιτεία
1147 3264 1328 3335 ἐδόθη.
1365 3261 1535 3329 Αὖθις
1564 3265 1620 3318 δὲ
1660 3265 1902 3335 πολέμου

316 3359 470 3429 παρὰ
496 3357 744 3417 Λατίνων
774 3358 919 3412 κατά
951 3356 1174 3428 Ῥώμης
1214 3359 1604 3430 κεκινημένου,
1647 3359 1748 3414 οὐκ
1777 3358 1904 3430 ἢθε-

312 3449 406 3506 λον
429 3451 479 3504 oi
513 3451 701 3504 πολλοὶ
743 3448 812 3503 τὰ
846 3449 987 3503 ὅπλα
1022 3451 1234 3514 λαϐεῖν,
1261 3451 1551 3522 ἀποκοπὴν
1579 3452 1687 3506 τῶν
1723 3452 1904 3523 χρεῶν

311 3544 599 3609 ἀξιοῦντες
630 3546 889 3613 γενέσθαι
919 3547 1018 3600 καὶ
1045 3545 1136 3600 διὰ
1167 3545 1328 3600 τοῦτο
1355 3547 1554 3615 καινήν
1579 3563 1702 3599 τινα
1728 3545 1908 3616 ἀρχὴν

312 3637 403 3690 ἐπ’
439 3637 784 3707 ἀμφοτέροις
811 3637 997 3700 αὐτοῖς
1031 3637 1160 3690 τότε
1197 3635 1416 3706 πρῶτον
1458 3637 1510 3688 oi
1532 3635 1753 3689 δυνατοὶ
1776 3652 1908 3690 κατ-

315 3735 638 3804 εστήσαντο’
676 3731 952 3802 δικτάτωρ
981 3733 1010 3784 ὁ
1032 3733 1236 3801 ταύτης
1266 3732 1573 3802 ἠξιωμένος
1595 3730 1904 3801 ὡνόμαστο·

315 3825 554 3895 ⁴ὴδύνατο
594 3825 654 3878 δὲ
700 3826 760 3890 ἐξ
795 3827 911 3881 ίσου
950 3825 1134 3878 πάντα
1173 3825 1286 3888 τοῖς
1316 3823 1621 3894 βασιλεῦσι.
1661 3822 1774 3894 Τὴν
1808 3821 1908 3892 μὲν

318 3917 429 3988 γάρ
460 3917 557 3970 τοῦ
593 3917 860 3987 βασιλέως
893 3917 1216 3987 ἐπωνυμίαν
1256 3914 1347 3970 διὰ
1385 3919 1512 3979 τοὺς
1544 3916 1906 3986 Ταρκυνίους,

313 4009 594 4078 ἐμίσησαν
631 4025 644 4038 ·
668 4007 769 4078 τὴν
793 4007 842 4061 δ’
867 4007 932 4059 ἐκ
955 4006 1058 4076 τῆς
1088 4006 1391 4078 μοναρχίας
1417 4005 1688 4075 ὠφέλειαν
1725 4005 1908 4060 Θέλονα

317 4115 431 4161 τες,
459 4099 538 4162 ὡς
569 4097 707 4152 πολὺ
734 4099 1029 4169 ίσχυούσης
1055 4099 1115 4161 ἐς
1143 4099 1244 4162 τάς
1269 4098 1376 4152 τῶν
1398 4099 1657 4168 πολέμων
1684 4099 1910 4153 καὶτῶν

1928 1767 1969 1820 Β

1929 3141 1971 3199 C

2001 505 2125 544 rum
2158 490 2332 543 luctu.
2359 488 2630 544 Caeterum
2661 488 2850 545 Sabini
2881 506 2947 546 ex
2985 490 3178 546 dolore
3207 501 3448 561 accepta:
3472 493 3587 548 cla-

1999 583 2105 648 dis,
2143 598 2211 638 ne
2247 582 2484 636 hiberno
2517 582 2742 652 quidem
2790 592 3039 653 tempore
3073 585 3429 653 quieverunt,
3487 586 3587 642 sed

2001 675 2317 734 incursione
2349 676 2402 731 in
2427 677 2736 731 Romanum
2765 692 2959 748 agrum
2986 677 3148 744 laeta,
3175 677 3583 743 Postbuntium,

1997 768 2200 826 iterum
2233 769 2542 835 consuiem,
2589 769 2940 836 atllixerunt;
2976 786 3216 841 eumque
3249 787 3376 826 cum
3420 786 3584 828 exer-

1996 864 2107 918 eitu
2155 864 2457 932 cepissent,
2503 864 2608 918 nisi
2657 864 2946 920 Menenius
2985 864 3225 935 Agrippa
3271 866 3480 936 collega
3528 870 3581 922 ei

1996 955 2206 1011 auxilio
2246 957 2513 1012 venisset.
2559 956 2699 1012 Tum
2730 972 2865 1012 vero
2911 967 3145 1026 uterque
3184 957 3401 1024 consul,
3438 957 3584 1012 facto

1996 1045 2050 1098 in
2085 1045 2273 1102 hostes
2303 1045 2533 1115 impetu,
2572 1046 2776 1102 multos
2799 1045 3025 1112 occidit,
3059 1047 3304 1117 reliquos
3329 1047 3590 1119 proﬂiga-

1995 1139 2096 1192 vit.
2133 1136 2263 1192 Post
2293 1137 2412 1192 haec
2454 1137 2690 1208 Spurius
2729 1137 2954 1195 Cassius
2982 1148 3038 1195 et
3080 1139 3273 1209 Opitor
3308 1141 3588 1211 Virginius

1997 1231 2276 1298 consules,
2311 1246 2502 1300 pacem
2528 1246 2656 1287 cum
2710 1231 2933 1289 Sabinis
2968 1233 3262 1290 fecerunt:
3304 1243 3361 1290 et
3385 1233 3587 1290 Came-

1998 1325 2125 1380 rino
2149 1336 2334 1396 capto,
2365 1325 2662 1396 plerosque
2704 1327 3064 1382 occiderunt:
3109 1328 3332 1397 reliqui,
3381 1327 3589 1397 Oppido

1997 1433 2216 1484 everso,
2262 1418 2594 1474 munierunt.
2662 1417 3020 1474 Posthumius
3069 1419 3355 1475 Cominius
3407 1429 3466 1475 et
3519 1419 3588 1474 T.

1998 1510 2230 1580 Largius
2259 1511 2473 1582 aliquot
2499 1526 2715 1577 servos,
2749 1511 2842 1582 qui
2869 1511 2939 1566 de
2967 1512 3292 1581 occupando
3313 1510 3590 1580 Capitolio

1997 1605 2379 1674 coniurarant,
2433 1604 2764 1660 occiderunt
2800 1624 2814 1660 :
2857 1605 3326 1676 quemadmodum
3364 1605 3593 1660 Servius

1997 1697 2164 1769 338
2191 1697 2469 1767 Sulpicius
2511 1708 2568 1753 et
2617 1699 2687 1754 M.
2737 1699 2951 1754 Tullius
2982 1709 3127 1769 post,
3176 1699 3342 1754 aliam
3368 1713 3592 1769 quoque

2001 1791 2443 1862 conjurationem
2500 1807 2787 1847 servorum
2822 1803 3237 1862 oppresserunt,
3287 1807 3318 1846 a
3351 1792 3593 1847 consciis

2001 1883 2335 1954 quibusdam
2362 1885 2684 1948 indicatam,
2707 1894 2763 1940 et
2789 1887 3108 1955 conjuratos
3128 1900 3336 1940 corona
3357 1884 3595 1939 circum-

2002 1978 2164 2033 datos
2197 1978 2566 2034 trucidarunt.
2591 1979 2872 2034 Iudicibus
2903 1994 3029 2033 eum
3053 1978 3158 2032 alia
3187 1977 3438 2047 praemia,
3475 1989 3591 2031 tum

2001 2069 2198 2123 civitas
2227 2068 2375 2122 data.
2429 2071 2474 2121 Λ
2521 2068 2734 2124 Latinis
2779 2070 2978 2123 iterum
3032 2068 3179 2123 bello
3213 2078 3386 2133 moto,
3435 2068 3593 2137 plebs

2003 2175 2152 2216 arma
2181 2175 2386 2230 capere
2425 2161 2630 2226 noluit,
2680 2177 2854 2216 novas
2889 2161 3108 2216 tabulas
3136 2161 3408 2232 ﬂagitans.
3441 2161 3588 2226 Qua-

2005 2263 2236 2325 propter
2283 2254 2679 2324 locupletiorcs
2741 2268 2946 2307 novum
3009 2254 3368 2324 magistratus
3419 2267 3594 2324 genus

2003 2355 2286 2410 crearunt,
2317 2347 2438 2418 pari
2470 2347 2525 2401 in
2553 2361 2746 2402 omnes
2775 2346 3126 2411 auctoritate,
3158 2345 3408 2416 potentia
3438 2347 3590 2416 regia

2001 2437 2323 2510 praeditum,
2373 2452 2536 2509 quem
2581 2437 2908 2493 dictatorem
2952 2447 3242 2494 vocarunt.
3293 2437 3432 2494 Nam
3462 2453 3595 2494 cum

2003 2529 2152 2601 regis
2197 2538 2627 2601 cognomentum
2675 2538 2906 2601 propter
2955 2529 3292 2601 Tarquinios
3320 2529 3593 2596 odissent,

2005 2638 2071 2679 ac
2100 2623 2439 2678 monarchiae
2470 2624 2740 2680 utilitates
2773 2639 2970 2696 magna
3010 2625 3064 2679 vi
3099 2625 3168 2680 ad
3199 2625 3342 2682 bella
3365 2634 3422 2682 et
3446 2625 3596 2681 sedi-

2005 2714 2218 2773 tionum
2252 2716 2527 2772 tumultus
2572 2717 2821 2786 prazditte
2866 2724 3227 2786 expeterent:
3283 2717 3457 2774 verbo
3505 2731 3598 2774 re-

1998 2806 2170 2876 jecto,
2212 2823 2330 2862 rem
2379 2807 2553 2878 ipsam
2604 2809 2708 2863 sub
2755 2809 2866 2864 alio
2909 2811 3136 2866 nomine
3179 2818 3312 2866 sunt
3334 2808 3595 2880 amplexi.

2006 2895 2134 2950 Fuit
2163 2895 2350 2967 igitur,
2386 2905 2447 2952 ut
2477 2896 2611 2962 dixi,
2643 2897 2917 2954 dictatura
2946 2907 3218 2970 potestate
3243 2915 3417 2972 regno
3447 2916 3550 2970 par
3576 2916 3594 2957 :

2006 2999 2376 3060 praeterquam
2403 2990 2549 3059 quod
2576 2991 2626 3046 ei
2653 3007 2859 3061 equum
2897 2993 3274 3049 conscendere
3307 3008 3421 3048 non
3460 2993 3596 3049 lice-

2007 3082 2122 3150 bat,
2161 3083 2268 3143 nisi
2301 3084 2370 3139 ad
2417 3085 2625 3140 bellum
2671 3087 2841 3152 ituro,
2886 3103 3068 3159 neque
3109 3087 3250 3142 ullos
3299 3103 3367 3143 ex
3401 3087 3599 3143 mrario

2006 3189 2262 3248 sumptus
2283 3179 2466 3260 facere
2495 3181 2615 3237 sine
2650 3182 2896 3250 decreto,
2934 3186 3030 3241 sed
3060 3185 3152 3255 jus
3178 3184 3386 3249 dicere,
3419 3194 3475 3240 et
3502 3199 3601 3239 ea-

2005 3273 2118 3342 pite
2162 3274 2409 3344 plectere
2453 3277 2603 3332 domi
2649 3286 2706 3333 et
2754 3279 2985 3346 militiae,
3036 3295 3146 3335 non
3178 3279 3429 3350 plebeios
3457 3278 3602 3333 dun-

2007 3376 2177 3432 taxat,
2212 3368 2308 3423 sed
2338 3377 2396 3424 et
2430 3371 2711 3440 equestris
2753 3381 2810 3427 et
2853 3374 3118 3429 senatorii
3175 3373 3390 3428 ordinis
3423 3372 3602 3435 licuit,

2008 3461 2230 3516 nemine
2249 3475 2379 3516 eum
2413 3463 2498 3517 vel
2529 3479 2811 3529 accusare,
2845 3465 2933 3521 vel
2965 3466 3316 3522 intercedere
3337 3465 3604 3531 audente,

2009 3567 2074 3607 ac
2102 3567 2172 3606 ne
2204 3553 2339 3623 ipsis
2373 3554 2598 3624 quidem
2654 3555 2892 3612 tribunis
2925 3557 3141 3628 plebis:
3187 3573 3367 3627 neque
3411 3556 3482 3612 ab
3534 3546 3606 3612 eo

2009 3646 2332 3716 provocatio
2383 3646 2508 3702 fuit.
2564 3648 2850 3704 Dietatura
2893 3658 3080 3705 tamen
3109 3650 3250 3705 ultra
3283 3665 3336 3703 vt
3383 3665 3606 3704 menses

2012 3753 2120 3792 non
2173 3738 2583 3794 extendebatur
2609 3781 2622 3805 ,
2664 3748 2727 3794 ut
2769 3756 2840 3796 ne
2874 3742 3004 3811 quis
3035 3741 3090 3797 in
3138 3749 3289 3796 tanta
3329 3749 3605 3812 potestate

2011 3841 2066 3884 et
2092 3831 2428 3887 auctoritate
2477 3833 2715 3888 maxima
2755 3834 2969 3890 diutius
2998 3835 3344 3897 immoratus,
3376 3849 3474 3904 per
3502 3849 3604 3888 su-

2012 3920 2262 3989 perbiam
2305 3920 2364 3976 in
2400 3922 2736 3980 monarchiae
2785 3923 3153 3995 cupiditatem
3204 3926 3602 3982 delaberetur:

2016 4013 2072 4068 id
2100 4013 2247 4084 quod
2284 4023 2411 4084 post
2437 4014 2585 4070 Julio
2613 4014 2816 4071 Casari
2842 4016 3074 4082 accidit,
3106 4016 3442 4073 dictaturam
3470 4032 3608 4074 con-

2016 4112 2103 4158 tra
2131 4119 2342 4160 morem
2365 4104 2642 4176 majorum
2677 4114 3000 4161 consecuto.
3523 4115 3525 4117 ‘

322 4192 570 4244 στάσεων
619 4191 999 4262 περιστάσεις,
1033 4192 1092 4244 ἐν
1141 4191 1290 4264 ἄλλῳ
1319 4191 1526 4263 ταύτην
1589 4191 1817 4263 ὀνόματι
1857 4194 2088 4252 εἵλοντο.
2162 4193 2276 4249 Ἦν
2339 4196 2440 4266 μὲν
2467 4195 2584 4262 οὖν,
2622 4198 2700 4262 ὡς
2761 4197 3000 4270 εἴρηται,
3033 4201 3068 4270 ἡ
3093 4196 3433 4269 δικτατωρία
3462 4197 3609 4252 κατά

319 4303 387 4355 γε
433 4287 535 4358 τὴν
567 4288 824 4352 ἐξουσίαν
885 4289 951 4358 τῇ
1012 4289 1264 4361 βασιλείᾳ
1305 4290 1624 4360 ίσόρροπος,
1663 4289 1806 4362 πλὴν
1831 4293 1914 4345 ὅτι
1954 4293 2054 4363 μὴ,
2117 4294 2202 4362 ἐφ’
2267 4293 2439 4348 ἵππον
2474 4293 2744 4364 ἀνασῆναι
2773 4294 2803 4347 ὁ
2831 4295 3107 4364 δικτάτωρ
3139 4294 3394 4366 ἠδύνατο,
3437 4295 3488 4348 εί
3529 4293 3609 4365 μὴ

317 4377 792 4448 ὲκστρατεύεσθαι
849 4376 1100 4448 ἔμελλεν,
1162 4376 1288 4429 οὔτε
1343 4378 1410 4430 ἐκ
1461 4377 1573 4431 τῶν
1625 4378 1906 4448 δημοσίων
1933 4381 2240 4452 χρημάτων
2300 4381 2583 4436 ἀναλῶσαί
2648 4399 2702 4435 τι
2739 4381 2870 4452 ἐξῆν
2903 4382 3075 4453 αὐτῷ,
3115 4384 3164 4435 εί
3198 4382 3274 4454 μὴ
3304 4382 3620 4454 ἐψηφίσθη.

313 4471 576 4534 Δικάζειν
600 4470 657 4523 δὲ
690 4470 785 4523 καὶ
813 4469 1161 4524 ἀποκτείνειν
1197 4468 1294 4522 καὶ
1322 4466 1466 4523 οἴκοι
1508 4469 1604 4522 καὶ
1639 4471 1706 4523 ἐν.
1761 4471 2084 4542 στρατείαις
2147 4473 2405 4542 ἠδύνατο,
2435 4472 2533 4527 καὶ
2589 4474 2652 4526 οὐ
2720 4475 2850 4537 τοὺς
2887 4474 2982 4528 τοῦ
3014 4475 3190 4545 δήμου
3222 4474 3443 4545 μόνους,
3467 4473 3610 4529 ἀλλὰ

317 4567 419 4618 καὶ
467 4570 533 4619 ἐκ
575 4565 684 4618 τῶν
726 4565 962 4627 ἱππέων,
986 4563 1083 4615 καὶ
1109 4561 1168 4627 ἐξ
1204 4563 1376 4633 αὐτῆς
1414 4563 1516 4632 τῆς
1546 4563 1766 4633 βουλῆς.
1834 4565 1946 4618 Καὶ
1978 4564 2092 4619 οὔτ’
2122 4565 2422 4635 ἐγκαλέσαι
2481 4582 2568 4628 τις
2591 4562 2767 4634 αὐτῷ,
2792 4563 2914 4617 οὔτ’
2942 4565 3188 4618 ἐναντίον
3215 4583 3264 4618 τι
3298 4565 3610 4637 διαπράξα-

320 4660 452 4714 σθαι
491 4660 702 4729 ἴσχυεν,
742 4657 866 4710 οὐδὲ
911 4659 960 4710 ot
990 4657 1288 4726 δήμαρχοι,
1327 4653 1453 4708 οὔτε
1481 4655 1608 4725 δίκη
1645 4655 1912 4726 ἐφέσιμος
1948 4657 2170 4725 ἐγένετο
2235 4657 2332 4712 ἀπ’
2365 4657 2556 4711 αὐτοῦ.
2615 4658 2730 4710 Οὐκ
2771 4661 2868 4711 ἐπὶ⁸
2893 4658 3059 4711 πλέον
3083 4658 3142 4712 δέ
3176 4657 3284 4712 τῶν
3319 4658 3379 4725 ἓξ
3415 4659 3612 4729 μηνῶν

316 4752 353 4819 ὴ
406 4750 506 4818 τῆς
555 4745 926 4816 δικτατωρίαις
971 4743 1119 4815 ἀρχὴ
1170 4743 1554 4812 παρετείνατο,
1586 4744 1672 4798 ἵνα
1711 4747 1786 4814 μή
1823 4763 1909 4809 τις
1945 4745 2128 4798 αὐτῶν
2159 4747 2219 4800 ἐν
2276 4745 2516 4815 τοσούτῳ
2549 4745 2746 4815 κράτει
2795 4747 2895 4798 καὶ
2927 4785 2931 4789 .
2962 4745 3184 4816 ἐξουσία
3215 4747 3444 4817 ἀκράτῳ
3474 4761 3610 4814 χρο-

315 4849 498 4910 νίσας,
559 4845 976 4916 ὑπερφρονήσῃ,
1022 4844 1116 4895 καὶ
1153 4841 1289 4914 πρὸς
1343 4841 1524 4911 ἔρωτα
1580 4843 1885 4912 μοναρχίας
1939 4842 2240 4914 ἐκκυλισθῇ
2278 4858 2292 4873 ’
2337 4843 2478 4913 ὅπερ
2537 4843 2594 4905 ἐς
2649 4842 2880 4914 ὕστερον
2907 4843 3002 4896 καὶ
3049 4844 3078 4896 ὁ
3106 4844 3330 4916 Καῖσαρ
3371 4841 3602 4908 Ἰούλιος

316 4940 548 5002 ἔπαθεν,
581 4940 705 4992 ἐπεὶ
733 4938 888 5009 παρά
911 4938 981 4990 τὰ
1014 4936 1390 5006 νενομισμένα
1417 4938 1518 5004 τῆς
1550 4937 1921 5009 δικτατωρίας
1941 4938 2160 5010 ἠξίωτο.

391 5025 496 5082 ιε’.
534 5027 669 5080 Τότε
705 5027 806 5097 μὲν
835 5020 928 5080 οὖν
959 5025 1280 5095 δικτάτορος
1307 5025 1605 5094 γενομένου
1639 5025 1903 5094 Λαρκίου,

2085 5026 2227 5082 XIV.
2268 5027 2428 5082 Tunc
2457 5026 2629 5099 igitur
2659 5026 2860 5099 Largio
2885 5027 3159 5083 dictatore
3185 5035 3394 5089 creato,
3431 5039 3608 5094 popu-

316 5119 478 5175 οὐδὲν
519 5123 548 5173 ὁ
574 5119 749 5190 δῆμος
785 5119 1165 5188 ἐνεωτέρισεν,
1201 5115 1340 5170 ἀλλὰ
1368 5120 1464 5171 καὶ
1491 5119 1548 5169 ἐν
1577 5121 1692 5181 τοῖς
1721 5117 1912 5181 ὅπλοις

317 5213 575 5282 ἐγένοντο
598 5229 611 5241 ο
638 5212 750 5268 τῶν
772 5211 830 5264 δὲ
859 5210 1114 5264 Λατίνων
1144 5209 1376 5281 ἡσυχίαν
1399 5209 1642 5277 ἀγόντων
1663 5211 1757 5263 ἐπὶ
1783 5227 1934 5264 συν--

316 5305 551 5374 θήκαις,
590 5305 640 5357 οί
686 5305 969 5357 δανεισταὶ
998 5306 1126 5366 τοὺς
1150 5302 1439 5371 ὀφειλέτας
1474 5302 1915 5374 μετεχειρίζοντο

320 5398 663 5469 βιαιότερον,
696 5398 795 5450 καὶ
824 5399 853 5448 ό
885 5397 1060 5466 δῆμος
1085 5393 1244 5458 αὖθις
1275 5394 1572 5459 ἐστασίαζε
1611 5397 1698 5449 διὰ
1731 5395 1912 5462 τοῦτο,

321 5492 470 5544 ὥστε
506 5492 599 5543 καὶ
644 5492 724 5553 είς
765 5490 828 5543 τὸ
857 5490 1144 5559 Συνέδριον
1195 5490 1547 5561 συνδραμεῖν,
1577 5490 1674 5543 καὶ
1716 5491 1916 5555 πάντες

323 5583 394 5636 ἂν
435 5581 541 5636 ὑπὸ
580 5582 692 5636 τῶν
739 5583 1109 5636 εἰσπεσόντων
1157 5584 1216 5636 ἐν
1247 5582 1398 5652 αὐτῷ
1423 5582 1821 5653 διεφθάρησαν,
1867 5586 1917 5638 εί

331 5676 410 5746 μή
441 5692 590 5738 τινες
621 5677 747 5740 τοὺς
773 5675 1156 5740 Οὐολούσκους
1184 5675 1266 5738 εἰς
1299 5676 1401 5744 τὴν
1427 5673 1618 5745 χώραν
1651 5675 1917 5746 ὲμῦαλεῖν

327 5767 435 5839 ήδη
466 5768 865 5840 κατήγγειλαν.
903 5769 1046 5840 Πρὸς
1070 5769 1132 5821 ’δὲ
1162 5769 1263 5838 τὴν
1304 5768 1564 5837 τοιαύτην
1595 5768 1860 5836 ἀγγελίαν
1891 5772 1919 5822 ὀ

723 5869 992 5929 ΡΑτιιοι..
1040 5870 1155 5926 (in.
1207 5863 1555 5928 CXXXIV.

2021 5122 2109 5176 lus
2153 5135 2424 5175 novarum
2478 5134 2667 5176 rerum
2719 5121 2908 5175 studio
2960 5120 3271 5190 repudiato,
3336 5119 3391 5172 in
3437 5119 3610 5174 armis

2021 5213 2150 5268 fuit.
2179 5214 2292 5269 Sed
2325 5213 2522 5270 Latino
2554 5214 2700 5270 bello
2727 5213 3078 5285 pactionibus
3103 5213 3301 5281 sopito,
3332 5225 3457 5265 cum
3485 5226 3612 5268 cte-

2023 5307 2230 5362 ditores
2261 5309 2483 5362 nomina
2511 5323 2609 5362 sua
2639 5307 2940 5362 violentius
2957 5313 3277 5366 tractarent,
3311 5311 3461 5360 tanta
3491 5304 3612 5374 ple-

2025 5399 2111 5454 bis
2140 5410 2259 5455 orta
2282 5410 2367 5455 est
2399 5399 2730 5470 indignatio,
2767 5407 2828 5453 ut
2855 5399 2909 5452 in
2941 5396 3151 5453 curiam
3178 5411 3486 5453 concursus
3509 5399 3611 5453 lle-

2023 5500 2147 5556 ret,
2193 5506 2256 5544 ac
2290 5493 2344 5544 in
2389 5505 2456 5546 co
2502 5491 2744 5545 tumultu
2790 5498 2975 5560 patres
3015 5488 3184 5543 occisi
3233 5501 3442 5553 essent,
3501 5490 3611 5545 nisi

2026 5579 2246 5646 quidam
2298 5581 2648 5635 nuntiassent
2716 5579 2946 5635 Volscos
2995 5578 3198 5634 infesto
3245 5583 3489 5636 exercitu
3540 5582 3610 5634 ad

2026 5676 2222 5728 urbem
2277 5676 2701 5746 Oppugnandam
2759 5676 2972 5732 venire.
3028 5675 3110 5731 Ad
3167 5691 3293 5730 cum
3354 5677 3608 5731 nuntium

2048 5770 2202 5838 plebs
2232 5771 2467 5838 quievit,
2517 5785 2624 5823 non
2664 5772 2972 5826 reverentia
3003 5782 3247 5830 senatus.
3286 5771 3381 5825 sed
3413 5785 3609 5841 cmpt-

3168 5870 3235 5931 19
