4002 6250
403 312 521 374 5ῈΤ

1711 310 2033 372 ΙΟΛΝΝΙΞ
2073 313 2394 373 ΖυΝΛΠίΕ

3562 315 3661 376 Ξοὸὃ

402 425 666 486 ctatione,
720 435 779 478 ut
828 425 873 477 is
901 425 1084 480 statim
1116 424 1183 478 ab
1216 406 1467 478 hostibus
1497 424 1768 481 interiret.
1802 426 1981 492 Quare

2088 428 2258 494 δῆμος
2292 428 2597 496 ἠρέμησεν,
2633 427 2755 498 οὐχὶ
2780 428 3117 498 φεισάμενος
3148 427 3249 496 τῆς
3291 428 3513 499 βουλῆς,
3552 430 3654 484 ἀλλ’

405 532 585 585 neque
630 517 831 571 minoia
879 517 1286 581 custodierunt,
1320 532 1499 587 neque
1528 517 1652 587 epis
1678 518 1980 588 quidquam

402 612 727 671 attulerunt,
771 610 946 663 donec
986 608 1253 663 Servilius
1300 608 1371 662 ob
1419 624 1494 664 res
1528 611 1770 665 alienum
1812 625 1983 664 nexos

402 703 590 769 solvit,
646 710 702 756 et
738 717 806 757 ne
852 700 1071 756 debitor
1101 700 1391 772 quisquam
1441 701 1809 772 expeditionis
1849 710 1985 757 tem-

403 806 536 862 pore
566 792 956 862 appellaretur,
983 792 1176 856 edixit,
1205 807 1376 863 seque
1401 793 1710 848 levaturum
1737 808 1811 849 tes
1845 793 1982 848 alie-

404 900 535 938 num
584 883 862 953 promisit.
906 881 1044 938 Tum
1100 885 1269 956 igitur
1311 884 1399 940 his
1427 883 1715 954 promissis
1758 885 1983 940 excitati

398 965 566 1047 339
609 975 797 1030 hostes
836 975 1109 1031 vicerunt.
1159 976 1288 1041 Sed,
1329 991 1453 1031 eum
1481 976 1683 1031 deinde
1732 991 1836 1031 nec
1874 991 1983 1032 aere

402 1069 584 1123 alieno
617 1068 950 1135 levarentur,
995 1083 1098 1123 nec
1136 1070 1244 1124 ulla
1275 1069 1534 1139 aequitate
1563 1077 1939 1124 tractarentur
1965 1110 1980 1135 ,

406 1177 596 1217 rursus
639 1162 708 1216 ab
753 1162 909 1217 iratis
949 1162 1371 1227 tumultuatum,
1417 1171 1474 1215 et
1503 1169 1697 1215 contra
1729 1170 1982 1216 senatum

401 1262 458 1306 et
481 1252 737 1307 consules
765 1262 912 1306 mota
931 1251 1150 1306 seditio.
1170 1252 1371 1307 Verum
1388 1251 1572 1306 denuo
1597 1260 1792 1306 exorto
1809 1251 1978 1318 bello,

396 1344 657 1399 consules
676 1360 844 1399 novas
864 1345 1076 1400 tabulas
1096 1344 1461 1398 decreverunt
1483 1362 1498 1403 :
1530 1345 1627 1399 sed
1645 1345 1769 1398 aliis
1782 1345 1979 1400 advero

403 1437 672 1500 sontibus,
691 1436 758 1489 Μ.
778 1435 1047 1497 Valerius.
1066 1435 1363 1490 Publicola:
1387 1434 1624 1505 gentilis,
1645 1435 1812 1489 homo
1834 1434 1979 1505 apud

388 1527 619 1596 ,plebem
643 1528 921 1597 gratiosus
942 1567 958 1593 ,
1002 1527 1243 1581 dictator
1271 1537 1357 1581 est
1407 1538 1648 1584 creatus.
1689 1527 1768 1582 Ac
1800 1536 1985 1583 tantus

401 1617 468 1669 ad
494 1633 620 1671 eum
656 1626 712 1671 et
746 1625 853 1671 tam
886 1617 1092 1680 alacer,
1139 1617 1417 1686 stipendio
1448 1619 1723 1687 promisso
1750 1633 1984 1673 concur-

382 1723 500 1761 sus
559 1712 756 1774 factus,
811 1718 871 1763 ut
923 1716 980 1763 et
1037 1708 1274 1765 Sabinos
1327 1709 1596 1764 vinceret.
1643 1718 1701 1762 et
1758 1708 1985 1764 Volscos

390 1800 719 1871 JEllltOStllle
763 1802 980 1855 illorum
1028 1800 1348 1855 lmderatos.
1389 1799 1472 1855 0b
1522 1800 1577 1854 id
1600 1801 1651 1855 ei
1683 1815 1810 1854 cum
1842 1800 1983 1855 alios

390 1892 666 1954 honores.
716 1901 830 1946 tum
869 1891 1083 1945 Maximi
1130 1898 1557 1961 cognomentum
1588 1890 1979 1945 decreverunt.

387 1987 503 2052 Qui
539 2003 665 2039 cum
698 1986 867 2040 multa
909 1986 963 2039 in
999 1994 1196 2040 senatu
1228 1986 1281 2039 in
1319 1985 1504 2055 populi
1539 1984 1769 2055 gratiam
1806 1983 1978 2038 disse-

380 2077 643 2138 ruisset,
699 2092 877 2145 neque
926 2073 1233 2145 quidquam
1296 2074 1680 2143 impetrasset,
1725 2071 1904 2126 iratus
1948 2084 1980 2125 e

380 2169 553 2221 «curia
588 2183 647 2222 se
680 2166 959 2236 proripuit
991 2181 1007 2222 :
1055 2174 1109 2218 et
1140 2178 1265 2218 cum
1303 2163 1446 2232 apud
1484 2162 1701 2231 plebem
1744 2162 1801 2214 in
1836 2175 1981 2215 con-

401 2262 559 2314 cione
591 2268 845 2312 senatum
881 2255 1133 2311 nonnihil
1160 2253 1594 2323 perstrinxisset,
1623 2251 1899 2307 dictatura
1921 2265 1981 2306 se

402 2353 695 2407 abdicavit.
730 2351 892 2405 Plebs
924 2363 1055 2402 vero
1086 2347 1263 2416 magis
1309 2345 1376 2400 ad
1409 2344 1734 2400 seditionem
1768 2345 1980 2398 irritata

401 2454 507 2499 est.
523 2443 655 2496 Nam
675 2441 978 2496 creditores
1000 2441 1056 2494 in
1074 2439 1258 2495 alieno
1273 2437 1575 2506 repetendo
1603 2437 1981 2507 summumjus

407 2541 686 2604 urgentes,
739 2545 923 2600 neque
970 2530 1080 2584 ulla
1135 2529 1397 2599 aequitate
1445 2535 1638 2583 contra
1696 2526 1979 2582 debitores

406 2636 647 2690 utentes,
666 2641 767 2683 nec
793 2625 847 2679 id
869 2624 1017 2694 quod
1037 2624 1349 2680 debebatur
1365 2631 1690 2690 exegerunt.
1718 2630 1774 2676 et
1798 2622 1851 2675 in
1869 2621 1975 2675 alia

405 2720 563 2789 plura
596 2716 956 2773 incommoda
1013 2715 1352 2771 inciderunt.
1382 2713 1574 2784 ln0pia
1609 2711 1781 2778 enim,
1811 2722 1979 2781 atque

406 2810 534 2865 inde
562 2820 682 2865 orta
707 2808 1047 2879 desperatio,
1086 2807 1292 2862 malum
1318 2815 1407 2862 est
1433 2806 1733 2861 admodum
1769 2805 1977 2859 violen-

406 2915 519 2958 tum
541 2945 556 2970 ,
584 2904 711 2960 etsi
744 2903 1158 2958 multitudinem
1189 2901 1296 2958 sibi
1324 2899 1620 2964 aseiverit,
1656 2915 1796 2970 pene
1830 2898 1983 2952 inex-

406 2997 723 3069 pugnabile.
766 2997 910 3052 .Tum
948 2997 1119 3065 igitur
1155 2996 1496 3065 locupletum
1542 3008 1670 3063 erga
1711 3005 1985 3061 pauperes

407 3092 694 3154 severitas,
736 3090 1103 3159 plurimorum
1173 3088 1443 3142 malorum
1496 3085 1765 3141 Romanis
1816 3098 1982 3139 causa
2013 3133 2049 3183 Γ

410 3185 533 3237 fuit.
565 3182 635 3236 Ut
656 3182 805 3235 enim
839 3180 1043 3234 milites
1072 3177 1523 3247 expeditionibus
1558 3174 1975 3245 premebantur,

406 3285 462 3331 et
494 3277 549 3330 in
592 3274 781 3329 multis
818 3273 1019 3341 saepius
1043 3269 1331 3324 evidenter
1364 3267 1580 3336 decepti
1618 3264 1835 3320 luet-ant
1862 3304 1876 3329 ,
1925 3274 1977 3319 et

406 3368 688 3423 debitores
714 3382 742 3418 a
777 3362 1206 3421 ltuneratoribus
1231 3369 1288 3415 et
1333 3359 1697 3421 contumelias
1728 3371 1785 3413 et
1817 3358 1980 3428 ﬂagra

407 3459 861 3531 perpetiebantur
908 3475 921 3509 :
983 3463 1131 3509 tanta
1159 3452 1462 3508 iracundia
1496 3458 1872 3512 exarserunt,
1924 3457 1984 3503 ut

406 3553 632 3620 ineptam
694 3547 850 3603 multi
905 3546 1042 3600 urbe
1068 3542 1395 3599 excederent
1464 3550 1523 3597 et
1576 3549 1759 3595 castra
1824 3539 1982 3596 dese-

406 3649 629 3708 rerent,
685 3650 741 3696 et
785 3654 854 3694 ex
890 3638 1304 3709 agroltomano
1337 3635 1578 3691 hostium
1618 3633 1790 3688 instar
1828 3647 1980 3688 com-

404 3744 620 3790 meatus
668 3740 943 3804 peterent.
975 3731 1111 3796 .Quo
1163 3728 1348 3793 facto,
1395 3741 1521 3781 cum
1573 3726 1730 3781 multi
1765 3728 1834 3780 ad
1884 3739 1983 3785 eos

403 3827 496 3898 qui
528 3825 898 3881 secessionem
939 3823 1188 3878 fecerant
1209 3860 1225 3889 ,
1261 3820 1609 3877 conﬂuerent
1640 3859 1658 3882 ,
1696 3827 1981 3874 senatores

402 3919 590 3982 veriti,
636 3933 706 3972 ne
765 3924 823 3971 et
860 3915 917 3969 lii
960 3917 1133 3984 magis
1171 3923 1653 3983 exasperarentur,
1692 3919 1750 3965 ct
1784 3910 1978 3965 civita-

406 4019 515 4068 tem
569 4008 902 4065 factionibus
953 4006 1272 4061 distractam
1330 4003 1567 4059 ﬁnitimi.
1618 4003 1978 4068 invaderent,

407 4119 503 4172 per
552 4112 805 4156 oratores
839 4099 985 4170 plebi
1027 4096 1262 4169 polliciti
1293 4106 1428 4152 sunt
1467 4111 1527 4151 se
1549 4095 1793 4151 facturos
1822 4095 1983 4165 quid-

404 4195 537 4265 quid
594 4195 710 4265 ipsa
749 4193 937 4248 vellet.
985 4192 1064 4246 Ea
1117 4206 1252 4246 vero
1286 4192 1527 4246 maxime
1556 4191 1863 4256 fremente,
1925 4199 1983 4247 et

408 4286 585 4340 nullas
645 4284 891 4338 rationes
950 4282 1278 4345 admittente
1307 4320 1325 4348 ,
1403 4280 1689 4336 Menenius
1738 4281 1981 4352 Agrippa

409 4391 554 4432 unus
600 4392 668 4431 ex
741 4376 1060 4431 oratoribus
1124 4375 1325 4445 petiit,
1383 4385 1443 4429 ut
1515 4374 1756 4430 fabulam
1817 4374 1980 4430 audi-

407 4479 572 4535 rent,
664 4477 722 4524 et
817 4467 1101 4523 audientia
1162 4468 1499 4536 impetrata,
1596 4467 1799 4523 dixit:

407 4574 463 4619 ta
513 4563 802 4633 aliquando
851 4570 1036 4615 contra
1090 4570 1326 4615 ventrem
1374 4569 1685 4616 ea'terorum
1714 4562 1979 4617 membro-

406 4672 526 4709 rum
557 4654 845 4717 seditione,
892 4653 1090 4707 dixisse
1114 4650 1324 4716 oculos,
1359 4667 1550 4706 manus
1592 4659 1643 4706 et
1683 4651 1840 4720 pedes
1881 4669 1980 4709 sua

404 4761 566 4815 opera
606 4745 663 4799 in
693 4742 864 4813 ofﬁcio
895 4758 1040 4808 esse;
1077 4741 1314 4812 linguam
1351 4751 1401 4795 et
1450 4740 1614 4807 labia,
1643 4756 1736 4811 per
1768 4757 1824 4795 se
1854 4742 1976 4795 aui-

403 4854 612 4909 ngorum
649 4852 831 4891 scmus
886 4835 1236 4893 annuutiari;
1287 4849 1444 4889 aures
1498 4832 1784 4905 350nm
1822 4834 1979 4889 mini-

401 4933 559 4986 sterio
599 4930 827 4984 aliorum
854 4944 1118 4983 sermones
1157 4927 1227 4981 ad
1253 4937 1474 4981 mentem
1506 4930 1810 4998 pervenire;
1860 4946 1979 4984 ma-

403 5040 646 5090 nus,.suo
676 5021 857 5078 labore
887 5021 1072 5092 parari
1113 5035 1194 5074 res
1219 5019 1580 5085 necessarias;
1604 5019 1780 5090 pedes,
1813 5029 1979 5075 totum

402 5133 592 5184 eorptts
619 5132 724 5171 ase
744 5114 1053 5176 sustentari,
1098 5127 1253 5182 seque
1280 5112 1385 5167 sive
1402 5113 1525 5176 iter,
1552 5113 1659 5168 sive
1696 5128 1823 5182 opus
1852 5110 1978 5180 ﬁat,

403 5211 508 5263 sire
545 5216 732 5271 stetur,
767 5207 1010 5275 fatigari.
1040 5203 1281 5257 Ventrem
1314 5218 1434 5257 vero
1459 5204 1630 5257 solum
1661 5204 1830 5258 omnis
1862 5218 1982 5257 mu-

406 5298 544 5349 neris
571 5306 618 5350 et
660 5295 854 5349 laboris
890 5302 1188 5362 expertem,
1237 5292 1544 5347 ministeriis
1580 5293 1813 5346 omnium
1854 5301 1980 5346 tun»

406 5404 566 5455 quam
600 5402 772 5456 regem
811 5388 908 5450 uti,
934 5393 983 5438 et
1019 5385 1297 5439 sudoribus
1328 5383 1546 5439 illorum
1568 5385 1736 5452 partis
1773 5385 1880 5452 frui
1903 5384 1981 5453 fa-

405 5476 713 5529 cultatibus.
752 5474 990 5528 l'eutrem
1032 5477 1138 5530 hinc
1169 5476 1246 5529 ita
1271 5491 1324 5528 se
1359 5477 1548 5528 habere
1584 5482 1901 5543 confessum,
1930 5477 1980 5528 si

405 5570 692 5631 uideretur,
740 5568 868 5621 nihil
910 5568 1007 5622 sibi
1038 5570 1220 5632 tribui,
1250 5567 1383 5623 nihil
1408 5568 1706 5622 ministrari
1734 5568 1976 5638 jussisse.

405 5661 644 5713 lit'cmbra
705 5663 1050 5715 catmuuuiter
1107 5663 1418 5728 decrevisse,
1457 5679 1521 5717 ne
1566 5662 1690 5732 quid
1738 5661 1978 5731 deinceps

400 5753 576 5805 uentri
624 5752 1071 5806 stioneditaretur.
1125 5751 1226 5814 Qui
1257 5770 1371 5806 eum
1405 5754 1607 5807 nullum
1644 5754 1813 5806 cibum
1844 5754 1980 5805 acci-

2018 1772 2057 1827 ll

2086 520 2161 581 ὡς
2210 518 2363 588 παρὰ
2407 518 2517 570 τῶν
2566 518 2843 589 πολεμίων
2871 520 2994 572 ὅσον
3031 518 3185 571 οὖπω
3215 519 3665 590 φθαρησομένης.

2086 611 2176 663 Διὸ
2198 610 2323 664 οὗτε
2346 610 2441 662 τοῦ
2473 610 2687 681 τείχους
2718 610 2903 663 ἔθεντο
2926 611 3198 682 φυλακὴν,
3223 611 3351 664 οὔτε
3381 612 3501 664 τινὰ
3530 629 3667 683 παρ-

2089 707 2237 774 εῖχον
2293 703 2573 775 βοήθειαν,
2634 703 2828 774 μέχρις
2886 705 2915 756 ό
2964 703 3276 775 Σερουΐλιος
3327 704 3457 766 τούς
3493 721 3555 757 τε
3607 706 3665 770 ἐξ

2089 793 2470 866 ὑπερημερίας
2518 793 2928 863 κρατουμένους
2970 792 3172 862 ἀφῆκε,
3207 792 3302 845 καὶ
3334 793 3519 847 ἄδειαν
3560 794 3668 847 τῶν

2088 887 2432 958 εἰσπράξεων
2476 886 2715 940 καθόσον
2755 884 3157 956 στρατεύοιντο,
3201 885 3534 956 ἐψηφίσατο,
3574 889 3668 939 καὶ

2088 978 2347 1047 κουφίσαι
2379 979 2446 1031 τὰ
2476 977 2615 1048 χρέα
2644 977 2933 1046 ὑπέσχετο.
2968 977 3102 1029 Τότε
3137 976 3243 1048 μὲν
3262 970 3359 1030 οὖν
3379 977 3468 1030 διὰ
3490 976 3668 1030 ταῦτα

2087 1072 2202 1133 τοῖς
2238 1069 2519 1139 πολεμίοις
2554 1068 3258 1139 ἐπεξελθόντες,ἐνίκησαν.
3292 1069 3449 1138 Μήτε
3478 1069 3536 1121 δέ
3561 1071 3669 1120 τῶν

2087 1160 2265 1230 χρεῶν
2300 1159 2713 1228 κουφισθέντες,
2761 1159 2896 1231 μήτ’
2929 1160 3093 1213 ἄλλου
3138 1160 3370 1230 μηδενὸς
3409 1161 3669 1230 τυχόντες

2087 1251 2391 1316 ἐπιεικοῦς,
2424 1253 2520 1308 καὶ
2564 1252 2729 1307 πάλιν
2771 1251 3073 1322 ἐθορύϐουν
3105 1269 3165 1305 τε
3217 1253 3311 1305 καὶ
3339 1252 3663 1324 ὠργίζοντο,

2090 1345 2182 1397 καὶ
2237 1343 2381 1397 κατὰ
2437 1344 2538 1413 τῆς
2597 1342 2797 1416 βουλῆς
2857 1342 2952 1395 καὶ
3001 1345 3144 1397 κατὰ
3179 1341 3289 1396 τῶν
3340 1344 3666 1413 στρατηγῶν

2089 1432 2439 1499 ἐστασίαζον.
2477 1435 2730 1504 Πολέμου
2758 1434 2814 1488 δὲ
2848 1432 3009 1497 αὖθις
3046 1433 3456 1503 ἐπενεχθέντος,
3486 1435 3536 1485 οἱ
3569 1435 3668 1503 μὲν

2089 1529 2391 1597 στρατηγοὶ
2434 1527 2617 1599 χρεῶν
2665 1525 2958 1586 ἀποκοπὰς
3004 1524 3357 1595 ἐψηφίζοντο,
3394 1525 3662 1594 ἠναντιώ-

2087 1619 2263 1689 θησαν
2285 1621 2330 1673 δ’
2353 1619 2529 1692 ἕτεροι
2551 1637 2565 1651 ο
2592 1619 2675 1672 διὸ
2695 1621 2786 1673 καὶ
2805 1619 3081 1688 δικτάτωρ
3112 1618 3320 1687 ἐρρήθη
3340 1618 3664 1689 Οὐαλλέριος

2087 1712 2334 1782 Μάρκος,
2371 1714 2435 1764 ἐκ
2469 1711 2569 1782 τῆς
2598 1711 2694 1764 τοῦ
2728 1709 3046 1764 Ποπλικόλα
3076 1709 3404 1776 συγγενείας
3436 1710 3666 1779 γενόμε-

2087 1822 2200 1868 νος,
2238 1805 2332 1856 καὶ
2371 1803 2450 1871 τῷ
2484 1801 2682 1872 πλήθει
2719 1800 3082 1871 φιλούμενος·
3117 1801 3272 1854 ἔνθεν
3299 1818 3381 1854 τοι
3418 1801 3667 1854 τοσοῦτοι

2089 1896 2186 1949 καὶ
2216 1893 2364 1949 οὕτω
2390 1893 2715 1964 προθύμως,
2753 1893 2877 1947 ἐπεὶ
2917 1894 3103 1956 αὐτοῖς
3137 1894 3231 1946 καὶ
3259 1888 3401 1947 ἆθλα
3428 1894 3666 1965 ὑπέσχε-

2087 2008 2168 2056 το,
2202 1984 2596 2060 συνελέγησαν,
2619 1988 2694 2051 ὡς
2716 1988 2811 2041 καὶ
2842 1986 2950 2041 τῶν
2981 1986 3228 2041 Σαϐίνων
3254 1987 3550 2056 κρατῆσαι,
3573 1988 3669 2040 καὶ

2087 2083 2197 2135 τῶν
2222 2082 2662 2152 συμμαχούντων
2690 2083 2874 2144 αὐτοῖς
2896 2080 3252 2134 Οὐολούσκων
3282 2080 3376 2132 καὶ
3398 2079 3666 2132 Αίκουῶν.

2102 2174 2227 2226 Ἐπὶ
2256 2172 2470 2234 τούτοις
2501 2172 2670 2235 ἄλλας
2695 2188 2754 2224 τε
2784 2170 2862 2241 τῷ
2890 2169 3204 2238 Οὐαλλερίῳ
3234 2170 3263 2222 ό
3297 2168 3472 2240 δῆμος
3501 2170 3667 2239 τιμὰς

2088 2265 2415 2335 ἐψηφίσατο,
2443 2265 2535 2317 καὶ
2566 2264 2816 2334 Μάξιμον
2847 2262 3225 2331 ἐπωνόμασεν,
3250 2262 3668 2332 ἐξελληνιξόμε-

2087 2373 2178 2411 νον
2225 2356 2286 2410 δὲ
2333 2357 2611 2425 Μέγιστον
2672 2354 2933 2426 σημαίνει
2973 2354 3034 2406 τὸ
3063 2354 3261 2424 ὄνομα.
3301 2354 3358 2407 '0
3394 2353 3451 2407 δὲ
3498 2354 3670 2408 θέλων

2086 2448 2164 2519 τῷ
2191 2450 2349 2520 δήμῳ
2382 2446 2743 2519 χαρίσασθαι,
2777 2445 2950 2500 πολλὰ
2976 2445 3227 2517 διελέχθη
3264 2448 3331 2517 τῇ
3371 2446 3667 2516 Γερουσίᾳ,

2087 2541 2204 2596 ἀλλ’
2234 2543 2336 2595 οὐκ
2376 2540 2503 2610 ἔσχε
2544 2539 2752 2610 ταύτην
2794 2538 3099 2610 πειθήνιον.
3134 2539 3226 2592 Διὸ
3259 2538 3359 2592 σὺν
3402 2539 3542 2609 ὀργῇ
3576 2541 3672 2593 ἐκ-

2089 2632 2338 2703 πηδήσας
2370 2630 2466 2684 τοῦ
2505 2629 2819 2699 Συνεδρίου,
2860 2629 3256 2699 δημηγορήσας
3301 2645 3367 2692 τε,
3410 2629 3548 2700 πρὸς
3579 2631 3674 2684 τὸν

2087 2723 2260 2794 δῆμόν
2305 2740 2430 2777 τινα
2473 2723 2617 2775 κατὰ
2650 2724 2748 2791 τῆς
2779 2720 3009 2791 βουλῆς,
3039 2721 3141 2790 τὴν
3174 2720 3477 2791 ἠγεμονίαν
3508 2722 3666 2774 ἀπεί-

2089 2833 2251 2873 πατο.
2296 2815 2408 2869 Καὶ
2438 2816 2466 2869 ό
2491 2815 2660 2885 δῆμος
2694 2815 2774 2867 ἐτι
2812 2812 3016 2884 μᾶλλον
3042 2814 3125 2876 είς
3159 2816 3349 2866 στάσιν
3387 2814 3667 2889 ἠρέθιστο.

2090 2909 2153 2961 Οἱ
2189 2908 2296 2977 γὰρ
2326 2906 2605 2961 δανεισταὶ
2634 2907 2733 2977 τῆς
2766 2906 2896 2975 περὶ
2924 2906 2994 2960 τὰ
3035 2905 3350 2975 συμϐόλαια
3380 2906 3672 2975 ἀκριϐείας

2089 2998 2362 3069 ἐχόμενοι,
2391 2996 2486 3051 καὶ
2534 2996 2701 3066 μηδὲν
2742 2998 2857 3060 τοῖς
2896 2994 3163 3064 ὖφλουσιν
3207 2994 3534 3059 ἐκδιδόντες,
3575 2996 3671 3049 τοῦ

2089 3090 2351 3162 ἀκριϐοῦς
2380 3106 2439 3143 τε
2469 3089 2794 3158 διήμαρτον,
2835 3089 2930 3143 καὶ
2974 3088 3193 3143 πολλῶν
3226 3089 3430 3159 ἐτέρων
3457 3089 3671 3142 ἀπέτυο

2095 3201 2216 3254 χον.
2242 3183 2309 3240 Ἢ
2339 3183 2449 3255 γὰρ
2491 3183 2675 3247 πενία,
2723 3184 2818 3235 καὶ
2838 3183 2872 3251 ὴ
2909 3183 2972 3234 ἐκ
3002 3181 3211 3252 ταύτης
3248 3181 3477 3234 ἀπόνοια
3503 3182 3673 3235 κακόν

2093 3277 2212 3328 ἐστι
2236 3274 2411 3343 βίαιον
2430 3288 2445 3303 ·
2477 3272 2602 3324 εἰδὲ
2635 3273 2728 3325 καὶ
2756 3271 2819 3333 τὸ
2842 3270 3050 3341 πλῆθος
3075 3269 3394 3341 προσλάϐοι,
3423 3270 3521 3322 καὶ
3542 3269 3670 3322 δυσ-

2094 3366 2444 3437 μαχώτατον.
2478 3365 2759 3420 Πλείστων
2805 3362 2937 3432 γοῦν
2983 3361 3175 3416 δεινῶν
3215 3365 3330 3425 τοῖς
3370 3361 3671 3432 Ῥωμαίοις

2090 3457 2243 3511 αίτία
2269 3457 2302 3524 ἡ
2331 3455 2456 3509 τότε
2483 3455 2593 3509 τῶν
2615 3454 3010 3525 δυνατωτέρων
3043 3453 3181 3526 πρὸς
3201 3455 3330 3518 τοὺς
3349 3452 3672 3506 ὑποδεεστέ-

2094 3565 2223 3619 ρους
2258 3549 2517 3619 ἀκρίϐεια
2551 3548 2798 3616 γέγονεν.
2848 3548 2938 3611 Ὧς
2966 3545 3076 3619 γὰρ
3103 3550 3225 3611 ταῖς
3261 3546 3579 3616 στρατείαις
3610 3564 3670 3600 τε

2088 3639 2152 3693 τὸ
2177 3638 2569 3711 στρατιωτικὸν
2597 3637 2873 3706 ἐπιέζετο,
2900 3639 2997 3693 καὶ
3026 3638 3197 3692 πολλά
3221 3636 3485 3703 πολλάκις
3516 3638 3668 3692 ἐλπί-

2091 3747 2193 3785 σαν
2231 3730 2422 3800 σαφῶς
2449 3729 2781 3798 ἐξηπάτητο,
2817 3729 2913 3781 καὶ
2949 3727 3101 3798 παρὰ
3146 3727 3255 3782 τῶν
3283 3728 3584 3781 δανειστῶν
3618 3729 3667 3782 οἱ

2089 3823 2369 3892 ὀφειλέται
2396 3820 2684 3891 ὑϐρίζοντο
2711 3823 2807 3877 καὶ
2832 3821 3107 3892 ᾐκίζοντο,
3136 3821 3195 3885 ἐς
3218 3820 3476 3875 τοσοῦτον
3495 3822 3669 3892 ὀργῆς

2090 3916 2487 3987 ἐξεκαύθησαν,
2511 3915 2586 3979 ὼς
2619 3917 2715 3969 καὶ
2736 3917 2838 3986 τὴν
2869 3916 3024 3969 πόλιν
3048 3916 3156 3969 τῶν
3186 3915 3410 3986 ἀπόρων
3437 3918 3667 3988 συχνοὺς

2090 3988 2360 4071 ἐκλιπεῖν,
2408 4009 2504 4062 καὶ
2531 4009 2600 4062 ἐκ
2629 4008 2723 4062 τοῦ
2754 4009 3126 4079 στρατοπέδου
3161 4008 3547 4079 ἀναχωρῆσαι,
3574 4012 3667 4062 καὶ

2090 4103 2157 4153 ἐκ
2181 4100 2281 4170 τῆς
2310 4099 2498 4171 χώρας
2520 4099 2597 4164 ὡς
2620 4101 2916 4172 πολεμίους
2938 4101 3037 4165 τὰς
3061 4102 3269 4171 τροφὰς
3292 4101 3664 4169 ἐρανίζεσθαι.

2088 4192 2248 4247 Οὕτω
2281 4191 2341 4245 δὲ
2383 4192 2592 4248 τούτων
2639 4193 3096 4265 συνενεχθέντων,
3143 4196 3266 4248 ἐπεὶ
3297 4194 3489 4248 πολλοὶ
3526 4193 3667 4265 πρὸς

2087 4282 2213 4347 τοὺς
2244 4281 2593 4346 ἀποστάντας
2625 4283 2939 4355 συνέρρεον,
2969 4284 3249 4346 δείσαντες
3274 4285 3325 4337 oi
3351 4284 3665 4354 βουλευταὶ,

2093 4374 2168 4445 μὴ
2194 4374 2289 4428 ἐπὶ
2321 4373 2483 4428 πλέον
2505 4368 2651 4428 οὗτοί
2687 4392 2746 4428 τε
2779 4375 3234 4445 ἐκπολεμωθῶσι,
3257 4376 3351 4430 καὶ
3379 4379 3449 4447 τῇ
3481 4376 3669 4431 στάσει

1877 4466 1981 4523 Ον-
2019 4494 2060 4548 η
2091 4465 2497 4520 συνεπίθωνται
2534 4467 2584 4519 ot
2626 4464 2923 4537 περίοικοι.
2967 4466 3479 4537 διεκηρυκεύσαντο
3529 4467 3669 4538 πρὸς

2087 4554 2312 4621 αὐτοὺς,
2347 4556 2450 4610 ὅσα
2482 4555 2620 4626 πρὸς
2651 4555 2851 4626 βουλῆς
2900 4551 3043 4626 ἦσαν
3093 4557 3277 4620 αὐτοῖς
3329 4560 3508 4611 ποιεῖν
3559 4560 3667 4612 ὐπ-

2091 4645 2458 4716 ισχνούμενοι.
2496 4646 2581 4710 Ὠς
2607 4647 2665 4701 δὲ
2695 4647 2932 4716 μάλιστα
2956 4647 3324 4716 ἐθρασύνοντο
3352 4650 3451 4703 καὶ
3475 4650 3668 4705 οὐδένα

2087 4737 2246 4805 λόγον
2268 4738 2534 4808 ἐδέχοντο,
2561 4733 2643 4803 εἷς
2676 4740 2790 4793 τῶν
2820 4739 3108 4809 πρέσϐεων
3145 4741 3455 4811 ’Δγρίππας
3480 4743 3666 4812 Μενή-

2087 4846 2223 4894 νιος,
2254 4830 2428 4899 μύθου
2466 4831 2614 4895 τινὸς
2655 4833 2798 4901 σφᾶς
2834 4834 3072 4887 ἀκοῦσαι
3113 4833 3334 4903 ἠξίωσε,
3362 4836 3461 4889 καὶ
3488 4835 3669 4907 τυχὼν

2085 4917 2240 4976 εἷπε·
2268 4924 2605 4979 Στασιὰσαι
2643 4924 2791 4994 πρὸς
2826 4923 2942 4993 τὴν
2969 4925 3232 4995 γαστέρα
3261 4924 3459 4982 πάντα
3481 4928 3556 4982 τὰ
3572 4928 3669 4998 μέ-

2086 5018 2168 5082 λη
2193 5014 2299 5070 τοῦ
2327 5013 2625 5084 σώματος,
2655 5017 2754 5070 καὶ
2791 5015 2980 5085 satiras
3011 5017 3157 5083 τοὺς
3182 5019 3560 5088 ὀφθαλμοὺς,
3587 5020 3667 5086 ὡς

2090 5107 2256 5178 ἡμεῖς
2296 5107 2404 5174 τάς
2437 5124 2503 5162 τι
2522 5108 2728 5176 χεῖρας
2764 5108 3049 5177 ἐνεργοὺς
3075 5112 3163 5175 εἰς
3184 5109 3349 5181 ἔργα,
3391 5112 3492 5165 καὶ
3525 5111 3668 5178 τοὺς

2088 5203 2282 5268 πόδας
2308 5203 2460 5271 πρὸς
2488 5204 2739 5272 πορείαν
2772 5201 3079 5270 τιθῶμεν
3120 5202 3235 5269 τὴν
3277 5201 3574 5272 γλῶσσαν
3599 5203 3667 5256 δὲ

2088 5292 2187 5346 καὶ
2219 5293 2294 5346 τὰ
2321 5292 2520 5360 χείλη,
2540 5292 2635 5346 ὅτι
2674 5290 2751 5345 δι’
2782 5289 2953 5360 ἡμῶν
2998 5291 3071 5344 τὰ
3101 5290 3212 5359 τῆς
3247 5292 3497 5361 καρδίας
3517 5294 3664 5359 ,βουο

2087 5384 2356 5451 ,κεύματα
2396 5382 2904 5452 ἑξαγγέλλονταιο
2959 5385 3030 5439 τὰ
3069 5379 3190 5439 ὦτα
3231 5383 3283 5436 δ’
3312 5378 3414 5449 αὖ,
3456 5384 3539 5450 ὡς
3591 5382 3665 5439 δι’

2088 5474 2260 5544 ἡμῶν
2284 5479 2340 5530 οἱ
2362 5475 2440 5528 δι’
2467 5475 2686 5543 ἑτέρων
2711 5474 2880 5545 λόγοι
2913 5473 2990 5540 τῷ
3020 5475 3123 5530 νοῒ
3145 5473 3662 5544 παραπέμπονται·

2090 5570 2195 5630 τὰς
2223 5563 2290 5617 δέ
2323 5564 2545 5633 χεῷας,
2589 5565 2677 5618 ὅτι
2719 5564 3021 5636 ὲρπάτιδες
3070 5561 3253 5620 οὖσαι
3299 5564 3471 5635 ἡμεῖς
3510 5582 3665 5634 περι-

2089 5655 2414 5723 ποιούμεοα
2448 5656 2814 5724 πορισμούψ
2847 5657 2989 5723 τοὺς
3017 5655 3209 5723 πόδας
3246 5655 3298 5709 δ’
3340 5651 3537 5722 αὖθις.
3578 5658 3665 5707 ὅτι

2090 5746 2255 5800 ἅπαν
2278 5746 2449 5816 ἡμεῖς
2471 5746 2537 5800 τὸ
2558 5746 2730 5818 σῶμα
2748 5748 3054 5818 φέροι-τες,
3075 5749 3380 5817 -κσπιιῖιμεν
3404 5750 3521 5803 κάν
3542 5749 3663 5811 ταῖς
