4002 6250
363 276 468 338 589

1622 277 2032 340 ANNALiUM
2071 278 2219 338 LIB.
2258 276 2392 338 VII.

3515 270 3669 335 550w

362 396 635 466 πορείαις
649 395 766 451 κάν
781 394 908 461 ταῖς
929 393 1261 464 ἐργασίαις,
1296 395 1413 451 κάν
1458 395 1586 463 ταῖς
1629 394 1946 448 στάσεσιν.

2059 401 2219 458 μενοι,
2245 406 2410 462 neque
2444 404 2633 444 manus
2656 387 2724 442 ad
2758 402 2887 458 opus
2914 386 3074 457 fuisse
3103 385 3300 458 agiles,
3331 385 3391 441 ob
3430 387 3625 441 ventris

369 486 574 556 ἰιμῶν
605 487 658 540 δ’
678 488 1085 557 ἐνεργούντων
1097 487 1273 551 οὕτω,
1306 487 1389 542 σὺ
1418 489 1576 555 μόνη
1601 484 1949 549 ἀσυντελὴς

364 575 523 637 οὖσα
545 580 645 634 καί
675 580 911 650 ἀεργὸς,
939 581 1057 636 ὑπὸ
1086 577 1331 635 πάντων
1355 579 1528 651 ἡμῶν
1550 580 1630 645 ὠς
1652 575 1951 633 δέσποινά

361 691 455 741 τις
470 673 764 743 umnam},
782 674 879 728 καί
903 674 1021 729 τῶν
1037 674 1105 729 ἐκ
1123 672 1391 744 καμάτου
1409 672 1654 727 πάντων
1668 673 1706 740 ἡ
1706 671 1836 742 μῶν
1848 684 1955 725 που

357 765 598 836 ρισμῶν
613 766 951 834 ἀπολαύεις
971 765 1151 836 αὐτή.
1186 766 1259 821 Ἦ
1276 765 1347 819 δὲ
1382 764 1616 836 γαστὴρ
1639 765 1952 827 συνέθετο,

363 859 463 913 καί
495 857 650 926 αὐτὴ
685 859 840 913 οὕτω
863 859 1028 915 ταῦτ’
1053 858 1240 929 ἔχειν.
1271 858 1387 913 Καὶ
1410 861 1462 913 εἰ
1486 857 1674 923 δοκεῖ,
1694 857 1946 926 ἔφησεν,

364 951 750 1023 ἀχορήγητόν
767 969 844 1022 με
875 951 1122 1019 ἐάσατε,
1140 950 1338 1021 μηδέν
1351 971 1453 1023 μοι
1478 949 1950 1021 προσφέροντες.

372 1041 589 1107 Ἔδοξε
610 1042 818 1109 ταῦτα,
849 1042 949 1097 καί
974 1040 1061 1110 μή
1084 1058 1141 1095 τι
1171 1042 1279 1097 τοῦ
1305 1042 1526 1097 λοιποῦ
1565 1041 1951 1111 χορηγεῖσθαι

367 1131 443 1203 τῇ
470 1133 685 1205 ⁴γαστρί
716 1132 934 1199 κοινῶς
953 1133 1269 1202 ἐψηφίσθη
1300 1134 1426 1200 τοῖς
1442 1134 1683 1204 μέλεσι.
1712 1133 1951 1204 Τροφῆς

364 1226 435 1287 δὲ
463 1226 550 1297 μὴ
578 1225 1081 1297 προσφερομένης
1116 1225 1296 1296 αὐτῇ,
1331 1226 1458 1282 οὔθ’
1481 1229 1544 1281 αἰ
1570 1226 1766 1298 χεῖρες
1798 1226 1953 1294 πρὸς

365 1318 548 1387 ἔργον
611 1314 777 1389 ἦσαν
823 1317 1158 1386 εὐκίνητοι,
1212 1317 1312 1372 διὰ
1357 1317 1474 1387 τὴν
1527 1316 1772 1373 ἔνδειαν
1839 1315 1951 1384 τῆς

367 1410 632 1480 γαστρὸς
679 1409 1088 1480 ἀτονήσασαι,
1143 1409 1271 1464 οὐθ’
1326 1411 1380 1463 οἱ
1431 1408 1616 1475 πόδες
1666 1408 1950 1478 ἔρρωντο,

367 1503 510 1556 οὔτε
552 1519 609 1555 τι
640 1501 851 1570 ἕτερον
886 1500 1004 1557 τῶν
1022 1499 1227 1572 μελῶν
1254 1500 1369 1570 τὴν
1393 1501 1625 1556 οἰκείαν
1644 1500 1954 1570 ἐνέργειαν

369 1592 657 1663 παρεῖχεν
728 1595 1152 1663 ἀπρόσκοπον,
1202 1591 1343 1648 ἀλλ’
1390 1592 1668 1662 ἄπρακτα
1728 1591 1950 1656 πάντα,

368 1685 707 1754 δυσκίνητά
747 1702 831 1751 τε,
877 1684 916 1754 ἢ
966 1684 1065 1740 καί
1104 1685 1313 1739 τέλεον
1344 1679 1511 1755 ἦσαν
1542 1683 1817 1752 ἀκίνητα.
1843 1682 1953 1738 Kal

2051 483 2282 537 inediam
2314 482 2543 551 defecta:
2572 481 2769 535 viribus
2798 495 2817 534 :
2847 495 3014 540 neque
3042 480 3199 550 pedes
3238 479 3466 534 ualuisse
3486 519 3501 543 ,
3540 495 3628 533 ne-

2049 591 2149 644 que
2187 575 2357 630 ullum
2389 575 2540 629 aliud
2580 574 2872 629 membrum
2903 589 3058 628 suum
3086 590 3274 628 manus
3299 575 3435 629 citra
3468 574 3622 644 offen-

2048 683 2165 720 sam
2192 667 2375 722 obiisse
2400 683 2417 720 :
2446 667 2540 721 sed
2576 667 2758 721 omnia
2783 666 2941 735 fuisse
2978 667 3193 735 ignaua.
3231 683 3375 737 n'gra
3399 675 3493 722 aut
3535 683 3629 738 pe-

2052 759 2192 812 nitus
2226 759 2536 813 immobilia.
2569 758 2697 811 Tum
2744 773 2865 812 vero
2903 757 3223 812 intellectura
3248 774 3388 821 esse,
3424 774 3485 813 ea
3513 775 3629 829 qua:

2050 851 2219 904 ventri
2242 851 2564 921 praebentur,
2589 866 2692 903 non
2712 850 2880 918 magis
2902 852 3000 919 ipsi
3023 865 3183 920 quant
3203 851 3441 904 omnibus
3470 866 3634 904 mem-

2050 942 2153 996 bris
2182 943 2544 1011 suppeditari,
2592 960 2656 997 ac
2703 958 2767 996 ea
2807 941 3020 1011 singula
3053 943 3284 1013 fructum
3318 943 3441 997 inde
3475 960 3632 999 suum

2052 1033 2338 1103 percipere.
2368 1033 2445 1087 Ex
2467 1049 2535 1088 eo
2567 1047 2828 1088 sermone
2847 1032 3146 1089 multitudo
3165 1032 3460 1097 intellexit.
3483 1036 3635 1090 locu<

2053 1124 2261 1191 pletum
2320 1123 2612 1180 facultates
2680 1124 2849 1180 etiam
2900 1125 3238 1197 pauperibus
3283 1142 3407 1183 esse
3445 1128 3633 1183 utiles.

2052 1214 2210 1282 Quod
2246 1215 2292 1271 si
2324 1215 2405 1271 illi
2436 1232 2562 1272 suas
2587 1232 2722 1288 opes
2750 1234 2821 1274 ex
2858 1218 3068 1274 mutuis
3108 1220 3362 1290 pecuniis
3395 1230 3635 1292 augeant

2054 1307 2108 1361 id
2142 1314 2323 1362 tamen
2363 1308 2419 1362 in
2455 1309 2646 1380 populi
2672 1308 3068 1365 detrimentum
3100 1326 3211 1366 non
3243 1311 3463 1368 cedere.
3494 1312 3635 1368 Nam

2054 1404 2101 1459 si
2143 1404 2284 1459 nihil
2319 1403 2592 1461 haberent
2638 1404 2969 1476 locupletes,
3004 1421 3185 1479 neque
3219 1422 3490 1478 pauperes
3532 1423 3671 1479 nea

2055 1498 2312 1554 cessariis
2357 1498 2704 1569 temporibus
2747 1499 3059 1563 habituros,
3107 1501 3254 1557 unde
3290 1510 3640 1584 mutueptur,

2055 1596 2223 1658 atque
2256 1597 2485 1662 urgente
2512 1587 2845 1645 necessitate
2879 1590 3182 1660 perituros.
3236 1588 3350 1645 llac
3387 1589 3643 1646 oratione

2060 1679 2318 1751 mitigati,
2357 1679 2583 1737 decreta
2616 1687 2874 1737 a'senatu
2902 1682 3177 1739 levatione
3206 1682 3548 1749 debitorum,
3583 1694 3644 1741 et

367 1777 505 1832 τότε
536 1777 844 1847 συνῆκαν,
884 1778 977 1833 ὅτι
1006 1777 1077 1832 τὰ
1115 1777 1191 1846 τῇ
1225 1754 1437 1847 γαστρί
1471 1775 1950 1846 προσφερόμενα,

2059 1788 2328 1831 nexorum
2363 1773 2435 1828 ob
2458 1788 2534 1830 aes
2557 1773 2802 1830 alienum
2831 1775 3131 1844 solutione,
3156 1777 3214 1833 in
3239 1777 3476 1850 gratiam
3514 1793 3643 1834 cum

368 1868 443 1923 οὐ
488 1866 737 1945 μᾶλλον
777 1868 1009 1937 ἐκείνῃ,
1059 1868 1199 1924 ἀλλ’
1239 1867 1448 1932 αὐτοῖς
1490 1865 1950 1937 κεχορήγηνται,

2060 1864 2314 1936 patribus
2342 1866 2648 1923 redierunt.

369 1960 471 2015 καί
499 1958 703 2016 αὐτῶν
743 1960 1006 2015 ἕκαστον
1041 1960 1247 2029 ἐκείνῃ
1285 1960 1762 2030 προσαγομένων
1829 1959 2274 2027 παραπολαύει.
2343 1958 2571 2024 Τούτοις
2643 1960 2759 2023 τοῖς
2803 1959 2987 2030 λόγοις
3020 1960 3082 2014 τὸ
3148 1961 3354 2033 πλῆθος
3384 1962 3643 2035 συνῆκεν,

367 2055 448 2121 ὡς
502 2057 559 2110 αἱ
612 2054 723 2109 τῶν
764 2055 1017 2126 εὐπόρων
1055 2055 1235 2108 οὐσίαι
1267 2057 1365 2107 καὶ
1396 2056 1509 2117 τοῖς
1580 2051 1812 2125 πένησίν
1851 2055 1993 2107 εἰσιν
2032 2053 2115 2117 εἰς
2143 2053 2436 2124 ὠφέλειαν.
2509 2056 2624 2111 Καὶ
2651 2059 2701 2111 εἰ
2729 2058 2976 2113 κάκεῖνοι
3005 2057 3303 2129 ὠφελοίντο
3345 2059 3411 2113 ἐκ
3448 2058 3645 2116 δανει-

370 2150 620 2222 σμάτων,
660 2153 756 2205 καὶ
799 2152 900 2215 τὰς
936 2151 1126 2215 οὐσίας
1161 2149 1444 2215 αῦξουσιν,
1481 2150 1582 2203 οὐκ
1614 2150 1695 2215 εἰς
1747 2147 1956 2220 βλάϐην
1993 2148 2155 2204 τοῦτο
2217 2150 2330 2204 τῶν
2391 2151 2606 2206 πολλῶν
2642 2153 3073 2220 ἀποϐαίνει;ὡς
3105 2154 3161 2209 εἰ
3189 2172 3253 2225 γε
3285 2155 3362 2226 μὴ
3390 2154 3570 2227 ἔχοιεν
3593 2158 3669 2213 οἰ.

371 2245 758 2315 πλουτοῦντες,
820 2247 931 2302 οὐδ’
967 2249 1018 2301 οἰ
1086 2249 1323 2318 πένητες
1375 2245 1444 2302 ἂν
1508 2248 1569 2301 ἐν
1638 2248 1856 2316 καιροῖς
1920 2246 2247 2316 ἀναγκαίοις
2301 2246 2489 2313 ἕξουσι
2542 2250 2672 2313 τοὺς
2715 2249 3094 2315 δανείσοντας,
3160 2249 3259 2304 καὶ
3314 2250 3649 2307 ἀπολοῦνται

369 2345 564 2417 χρείας
601 2344 1061 2417 κατεπειγούσης.
1121 2345 1409 2400 Ἐντεῦθεν
1449 2344 1752 2417 ἡπιώτεροι
1804 2343 2088 2415 γενόμενοι
2157 2344 2610 2417 κατηλλάγησαν,
2686 2346 2995 2417 κουφισμὸν
3065 2344 3176 2400 τῶν
3242 2345 3504 2416 ὀφειλῶν,
3550 2348 3648 2406 καὶ

369 2439 482 2494 τῶν
517 2440 910 2512 ὑπερημεριῶν
948 2441 1146 2510 ἄφεσιν
1185 2441 1286 2511 τῆς
1324 2440 1523 2512 βουλῆς
1556 2440 1952 2512 ψηφισαμένης
1992 2442 2202 2505 αὐτοῖς.

441 2532 548 2588 IE'.
580 2532 918 2598 Φοϐηθέντες
939 2533 998 2587 δὲ
1033 2534 1134 2607 μὴ,
1182 2534 1582 2604 σκεδασθείσης
1636 2533 1953 2603 αὑτοῖς.τῆς

372 2627 719 2693 συστάσεως,
754 2626 790 2699 ἢ
842 2628 944 2691 τὰς
971 2626 1254 2697 συνθήκας
1285 2627 1387 2681 οὐκ
1416 2626 1690 2689 ἐπιτελεῖς
1714 2627 1955 2694 ἕξουσιν,

371 2719 409 2792 ἢ
433 2718 731 2777 κακωθῶσι
753 2718 1123 2785 διαλυθέντες,
1149 2720 1246 2773 καὶ
1279 2719 1443 2784 ἄλλος
1468 2722 1592 2774 κατ’
1615 2720 1785 2790 ἀλλην
1819 2722 1955 2789 πρόο-

373 2829 544 2883 φασιν
573 2810 855 2877 κολάζοιτο
904 2812 1295 2883 συνεχόμενος,
1329 2812 1621 2867 συνέθεντο
1650 2814 1956 2886 ἐπαρήγειν

371 2903 650 2969 ἀλλήλοις,
684 2903 753 2958 ἀν
783 2903 867 2968 τίς
898 2920 951 2957 τι
976 2903 1218 2958 ἀδικοῖτο
1239 2921 1253 2935 ·
1292 2904 1391 2959 καὶ
1416 2905 1615 2977 ὅρκους
1661 2907 1755 2959 ἐπὶ
1778 2905 1956 2976 τούτῳ

374 2999 639 3070 ὑπέσχον,
666 2999 762 3052 καὶ
785 2998 1103 3069 προστάτας
1128 2997 1330 3053 αὐτίκα
1358 2999 1421 3065 ἐξ
1447 2999 1661 3053 ἑαυτῶν
1681 2998 1794 3054 δύω
1821 3016 1961 3069 προ-

372 3094 742 3165 εχειρίσαντο,
773 3087 895 3146 εἶτα
924 3094 1020 3146 καὶ
1048 3092 1295 3156 πλείους,
1349 3090 1417 3146 ἵν’
1446 3086 1559 3146 εἷεν
1589 3093 1776 3156 αὐτοῖς
1818 3093 1958 3148 κατὰ

375 3184 699 3258 συμμορίαν
748 3184 937 3256 βοηθοί
987 3184 1102 3257 (94)
1137 3202 1198 3239 τε
1253 3185 1350 3239 καὶ
1371 3183 1626 3257 τιμωροί.
1662 3186 1773 3241 Καὶ
1800 3185 1960 3240 τοῦτο

372 3280 477 3351 οὐχ
500 3278 652 3346 ἅπαξ
674 3280 968 3350 ἐποίησαν,
991 3278 1108 3333 ἀλλ’
1140 3278 1330 3333 ἔκτοτε
1357 3281 1417 3333 τὸ
1449 3281 1685 3351 πρᾶγμα
1712 3279 1959 3351 ἀρξάμε-

372 3389 490 3437 νον,
517 3370 663 3427 οὕτω
693 3372 1009 3445 προέϐαινε,
1035 3373 1132 3426 καλ⁸
1157 3372 1246 3425 ἐπ’
1277 3372 1526 3427 ἐνιαυτὸν
1555 3374 1684 3436 τοὺς
1712 3374 1958 3445 προστάέ

370 3481 477 3529 τας
503 3465 582 3529 ὡς
611 3465 790 3537 ἀρχήν
818 3481 945 3520 τινα
972 3464 1398 3530 ἀπεδείκνυσαν,
1431 3466 1498 3537 τῇ
1533 3464 1633 3536 μὲν
1660 3465 1773 3522 τῶν
1794 3467 1959 3521 Λατί-

373 3573 486 3612 νων
533 3556 755 3630 γλώσσῃ
800 3557 1173 3626 καλουμένους
1221 3557 1546 3628 τριὸούνους
1598 3557 1777 3629 (οὓτω
1820 3558 1877 3611 δὲ
1904 3560 1956 3612 οἰ

375 3650 663 3721 Χιλίαρχοι
698 3649 1039 3720 κέκληνται),
1090 3647 1408 3720 δημάρχους
1461 3650 1520 3703 δὲ
1550 3667 1959 3722 προσαγορευο-

379 3748 576 3819 μένους
625 3747 692 3816 τῇ
758 3744 1027 3817 Ἑλληνίδι
1079 3748 1271 3817 φωνῇ’
1311 3745 1401 3799 ἴνα
1421 3744 1478 3799 δὲ
1510 3745 1893 3817 διαστέλληται
1922 3748 1956 3816 ἡ

373 3840 485 3894 τῶν
514 3837 817 3909 τριϐούνων
871 3838 1238 3911 προσηγορία,
1284 3839 1398 3902 τοῖς
1444 3837 1548 3910 μὲν
1565 3839 1628 3893 τὸ
1652 3838 1761 3893 τῶν
1791 3856 1960 3910 στρα-

373 3932 610 3998 τιαηῶν,
641 3934 756 3994 τοῖς
799 3931 858 3985 δὲ
886 3931 950 3985 τὸ
998 3930 1095 3985 τοῦ
1126 3931 1369 4002 πλήθους
1420 3931 1759 4002 προσέθεντο
1786 3932 1962 4004 πρόσο

379 4041 555 4099 ρημα.
576 4020 738 4083 Οὗτοι
770 4024 836 4097 δὴ
863 4024 960 4079 τοῦ
992 4022 1233 4096 πλήθους
1267 4025 1318 4078 οἰ
1344 4023 1627 4096 τριὸοῦνοι
1673 4025 1707 4096 ἢ
1742 4024 1959 4096 δήμαρ-

372 4133 463 4187 χοι
490 4116 743 4187 μεγάλων
790 4116 982 4172 κακῶν
1034 4117 1201 4172 αἴτιοι
1231 4118 1298 4188 τῇ
1338 4115 1525 4189 Ῥώμῃ
1556 4116 1839 4187 γεγόνασι.
1883 4116 1956 4168 Τὸ

377 4209 481 4279 μὲν
504 4209 614 4279 γὰρ
633 4210 744 4263 τῶν
770 4209 1052 4280 ἀρχόντων
1084 4209 1260 4283 ὄνομα
1280 4210 1383 4264 οὐκ
1409 4208 1569 4280 ἔσχον
1589 4209 1775 4276 εὐθὺς,
1801 4209 1955 4279 ἰσχὺν

2137 2533 2254 2591 XV.
2293 2535 2569 2592 Caeterum
2595 2535 2782 2604 veriti,
2821 2551 2888 2593 ue
2917 2538 3014 2593 illo
3034 2545 3187 2595 coetu
3217 2538 3519 2610 dissipato,
3559 2543 3649 2597 vel

2062 2627 2240 2698 pactis
2269 2644 2382 2684 non
2422 2638 2687 2695 staretur,
2737 2630 2825 2685 vel
2871 2631 2920 2686 si
2958 2630 3194 2703 digressi
3243 2640 3454 2696 essent,
3506 2633 3651 2690 alius

2062 2720 2175 2776 alio
2208 2720 2431 2776 nomine
2507 2721 2950 2792 comprehensus
3003 2722 3365 2793 plecteretur,
3424 2726 3651 2795 pepige-

2063 2821 2215 2878 runt,
2264 2812 2312 2867 si
2366 2812 2457 2868 cui
2499 2812 2658 2869 ﬂeret
2711 2812 2950 2884 injuria,
3009 2824 3207 2871 mutuo
3263 2814 3473 2871 laturos
3522 2830 3649 2871 esse

2062 2920 2247 2977 Opem.
2314 2906 2506 2975 quue
2553 2913 2713 2975 pacto
2752 2906 3117 2976 jurejurando
3172 2906 3411 2973 ﬁrmato,
3460 2909 3647 2963 statim

2063 3000 2206 3055 duos
2238 3010 2506 3069 patronos
2546 3001 2633 3056 sui
2668 2999 2885 3055 ordinis
2911 2999 3206 3070 elegerunt
3252 3015 3268 3065 ;
3311 3000 3513 3056 deinde
3542 3016 3647 3056 au-
3676 3004 3681 3009 '

2063 3101 2266 3146 xerunt
2298 3106 2617 3158 numerum,
2645 3100 2707 3146 ut
2741 3092 2970 3164 singula:
2996 3093 3205 3150 classes
3221 3108 3353 3152 suos
3381 3106 3647 3165 patronos

2062 3181 2333 3238 haberent
2365 3197 2432 3238 ac
2462 3182 2731 3240 vindices.
2762 3184 2954 3255 Neque
2993 3183 3102 3240 hoc
3135 3185 3306 3241 semel
3356 3185 3647 3252 fecerunt;

2061 3267 2160 3331 sed
2191 3275 2265 3331 ab
2296 3290 2364 3331 eo
2396 3284 2667 3347 tempore,
2708 3277 2857 3334 facto
2882 3276 3071 3345 initio,
3104 3293 3195 3335 res
3229 3278 3307 3334 ita
3330 3281 3607 3350 processit
3627 3320 3645 3345 ,

2063 3375 2125 3422 nt
2156 3369 2456 3439 quotannis
2475 3384 2574 3425 eos
2592 3380 2857 3440 patronos
2881 3380 3141 3443 tauquam
3167 3373 3527 3445 magistratus
3550 3373 3650 3431 de-

2063 3460 2323 3532 ligerent,
2369 3462 2465 3532 qui
2499 3464 2709 3518 tribuni
2744 3463 2946 3533 plebis,
2982 3465 3326 3523 discriminis
3349 3482 3515 3524 causa
3544 3484 3649 3524 no-

2062 3556 2393 3612 minantur:
2455 3555 2607 3626 quod
2656 3556 2693 3611 ii
2727 3557 2894 3612 etiam
2944 3558 3001 3612 in
3051 3574 3114 3615 re
3162 3560 3388 3615 militari
3437 3561 3648 3617 tribuni

2059 3645 2347 3710 dicuntur,
2376 3647 2802 3718 qui~imperium
2828 3649 2885 3704 in
2914 3649 3074 3705 mille
3102 3650 3253 3707 viros
3285 3650 3561 3707 obtinent.
3597 3648 3644 3709 li

2062 3738 2270 3794 tribuni
2310 3740 2490 3810 plebis
2517 3740 2817 3811 magnasin
2848 3741 3143 3812 republica
3176 3743 3366 3799 turbas
3393 3746 3645 3801 concita-

2059 3837 2232 3883 runt:
2267 3831 2364 3900 qui
2411 3846 2538 3886 eum
2588 3831 3016 3902 magistratuum
3069 3847 3273 3888 nomen
3301 3849 3413 3889 non
3454 3837 3645 3893 statim

2061 3918 2352 3985 haberent,
2414 3920 2661 3990 potentia
2719 3930 2956 3977 cazteros
3016 3937 3214 3978 omnes
3279 3927 3639 3995 superabant.

2034 4010 2218 4083 ⁷381
2247 4012 2502 4082 quetm'is
2544 4012 2851 4081 supplicem
2883 4011 3291 4081 defendebant,
3331 4017 3585 4086 quemvis
3611 4034 3644 4073 a

2061 4119 2172 4175 quo
2206 4105 2483 4176 implorati
2505 4113 2693 4162 essent
2725 4108 3065 4173 asserebant,
3095 4124 3208 4163 non
3228 4118 3421 4165 contra
3457 4110 3646 4180 priva-

2062 4208 2150 4251 tos
2179 4195 2472 4263 duntaxat,
2520 4198 2619 4254 sed
2668 4198 2840 4255 etiam
2871 4200 3143 4257 adversus
3185 4203 3335 4272 ipsos
3357 4207 3648 4276 magistra-

374 4300 419 4353 δ’
452 4301 594 4373 ὑπὲρ
645 4302 854 4365 πάντας
884 4305 1007 4366 τοὺς
1040 4302 1235 4367 ἄλλους
1281 4304 1608 4373 ἐκτήσαντο,
1658 4303 1864 4374 ἦμυνόν
1892 4319 1951 4355 τε

2060 4306 2173 4358 tus.
2194 4295 2562 4353 dictatoribus
2601 4307 2814 4354 tantum
2836 4300 3102 4370 exceptis.
3130 4299 3289 4367 Quod
3319 4301 3366 4356 si
3391 4302 3517 4371 quis
3547 4317 3646 4359 eos

374 4394 616 4466 δεομένῳ
647 4400 837 4460 παντὶ,
869 4399 964 4449 καὶ
994 4395 1177 4450 πάντα
1204 4396 1299 4450 τὸν
1329 4395 1775 4466 ὲπιὸοησάμενον
1815 4397 1958 4464 σφᾶς

375 4486 711 4559 ἀφῃροῦντο,
734 4487 921 4541 οὐκέκ
955 4487 1132 4559 μόνων
1168 4486 1420 4553 ἰδιωτῶν,
1445 4486 1583 4541 ἀλλά
1609 4486 1705 4541 καὶ
1737 4485 1833 4540 ἀπ’
1856 4486 1959 4539 αὺ-

256 4585 269 4592 ”
373 4578 485 4632 τῶν
509 4578 619 4633 τῶν
650 4581 953 4650 ἀρχόντων,
982 4579 1123 4650 πλὴν
1154 4579 1264 4633 τῶν
1305 4579 1663 4650 δικτατόρων.
1701 4578 1764 4631 Εἰ
1790 4578 1847 4631 δέ
1872 4597 1955 4641 τις

373 4671 474 4724 καὶ
494 4671 732 4734 ἀπόντας
764 4672 962 4736 αὐτοὺς
993 4671 1395 4737 ἐπεκαλέσατο,
1428 4673 1682 4734 κάκεῖνος
1723 4671 1834 4726 ἀπὸ
1862 4669 1958 4724 τοῦ

376 4763 698 4835 συνέχοντος
724 4763 892 4818 αὐτὸν
944 4764 1349 4835 ἀπηλλάττετο,
1393 4764 1489 4817 καὶ
1515 4762 1551 4833 ἢ
1583 4764 1642 4826 ἐς
1669 4762 1730 4815 τὸ
1756 4760 1959 4832 πλῆθος

376 4853 469 4907 ὑπ’
503 4855 686 4909 αὐτῶν
717 4855 997 4926 εἰσήγετο,
1035 4854 1067 4924 ἢ
1122 4856 1217 4907 καὶ
1251 4853 1547 4907 ἀπελύετο.
1591 4851 1756 4906 Ἀλλὰ
1783 4851 1880 4905 καὶ
1909 4851 1964 4903 εἰ

372 4948 427 5001 τί
457 4964 564 5000 που
626 4948 808 5014 ἔδοξεν
849 4949 1038 5010 αὐτοῖς
1084 4948 1161 5018 μὴ
1220 4947 1500 5015 γενέσθαι,
1550 4945 1812 5011 ἐκώλυον,
1854 4944 1960 4999 κᾶν

377 5038 595 5110 ἰδιώτης
619 5034 691 5111 ἦν
719 5040 747 5092 ό
773 5038 965 5105 ποιῶν,
991 5038 1094 5092 κᾶν
1123 5038 1331 5109 ἄρχων,
1363 5038 1468 5091 κᾶν
1494 5038 1523 5090 ό
1555 5036 1755 5107 δῆμος,
1787 5037 1893 5090 κᾶν
1924 5037 1959 5107 ή

375 5128 543 5201 βουλὴ
596 5132 864 5196 πράττειν
912 5129 1108 5202 ἔμελλέ
1137 5147 1212 5194 τι,
1264 5129 1368 5182 κᾶν
1398 5128 1763 5199 ψηφίζεσθαι,
1793 5123 1875 5192 εἷς
1902 5127 1961 5183 δέ

372 5232 457 5287 τις
480 5223 786 5296 ἠναντίωτο
811 5223 1115 5295 δήμαρχος,
1139 5223 1426 5292 ἄπρακτος
1454 5222 1549 5274 καὶ
1571 5222 1606 5293 ή
1637 5222 1838 5293 πρᾶξις
1863 5222 1960 5275 καὶ

372 5319 408 5390 ἡ
433 5317 619 5389 ψῆφος
652 5317 884 5387 ἐγίνετο.
920 5317 1030 5372 Τοῦ
1070 5318 1264 5390 χρόνου
1301 5316 1359 5370 δὲ
1389 5316 1700 5387 προϊόντος,
1729 5317 1826 5370 καὶ
1854 5315 1957 5388 τὴν

2056 4391 2144 4446 vel
2182 4390 2439 4447 absentes
2479 4393 2843 4463 appellasset,
2891 4395 2940 4450 is
2977 4409 3201 4465 quoque
3246 4395 3315 4452 ab
3348 4410 3436 4462 eo,
3467 4412 3500 4452 a
3531 4413 3645 4466 quo

2056 4485 2497 4554 comprehensus
2530 4484 2738 4550 fuerat,
2783 4486 3073 4555 liberatus,
3107 4489 3193 4544 vel
3228 4490 3284 4546 in
3313 4490 3646 4547 concionem

2058 4578 2130 4632 ab
2167 4578 2250 4633 eis
2294 4577 2704 4644 adducebatur,
2742 4579 2830 4633 vel
2868 4579 3037 4634 etiam
3080 4579 3497 4637 absolvebatur.
3560 4583 3645 4636 Ad

2061 4671 2197 4736 hac,
2244 4671 2290 4725 si
2320 4670 2469 4741 quod
2506 4671 2588 4726 eis
2627 4672 2912 4727 decretum
2950 4674 3069 4728 sive
3114 4686 3146 4727 a
3188 4674 3426 4743 privato,
3456 4674 3576 4729 sive
3615 4690 3648 4727 τι

2059 4762 2385 4831 magistratu
2407 4801 2424 4827 ,
2474 4761 2590 4817 sive
2621 4775 2652 4815 a
2690 4761 2852 4832 plebe
2883 4763 3087 4817 factum
3110 4800 3125 4825 ,
3154 4761 3526 4832 displicebat,
3559 4761 3647 4814 in-

2062 4853 2441 4910 tercedebant.
2477 4854 2635 4921 Quod
2670 4854 2716 4910 si
2737 4864 2966 4910 senatus
2995 4855 3205 4924 aliquid
3236 4854 3323 4908 vel
3345 4868 3530 4924 agere,
3557 4852 3646 4906 vel

2062 4944 2372 5000 decernere
2407 4943 2771 5012 instituisset,
2804 4954 2973 5015 atque
3007 4960 3153 4999 unus
3182 4943 3441 4998 tribunus
3470 4940 3648 5013 plebis

2062 5037 2493 5102 intercessisset,
2551 5037 2774 5092 irritum
2816 5045 2941 5093 erat
2979 5037 3035 5092 id
3076 5036 3388 5096 decretum,
3425 5033 3647 5088 actione

2061 5130 2549 5200 supersedebatur.
2588 5129 2892 5200 Progressu
2927 5128 3194 5198 temporis
3224 5126 3314 5180 illa
3355 5127 3554 5189 etiam,
3586 5134 3649 5177 ut

2062 5230 2112 5276 et
2156 5230 2410 5276 senatum
2438 5228 2808 5277 convocarent
2830 5263 2849 5288 ,
2882 5220 3035 5275 dicto
3080 5233 3189 5272 non
3224 5217 3514 5271 audientes
3544 5232 3649 5285 pu-

2062 5314 2271 5380 nirent,
2312 5323 2370 5369 et
2410 5314 2699 5385 aruspices
2729 5312 3109 5370 consulerent.
3145 5317 3242 5364 aut
3275 5322 3537 5363 concessa
3565 5309 3651 5363 eis

1585 5476 1786 5540 Varia)
1832 5478 2139 5541 lectiones
2177 5484 2240 5539 et
2282 5485 2475 5539 notua.

445 5617 561 5691 (9L)
589 5617 701 5691 "Ia"
752 5612 878 5691 εἷεν
907 5616 1112 5683 αὐτοῖς
1169 5619 1322 5673 κατὰ
1349 5615 1696 5691 συμμορίαν
1714 5612 1958 5691 βοηθοί.

369 5686 710 5758 Ut'singula:
740 5689 949 5742 classes
972 5703 1105 5742 suos
1141 5702 1406 5759 patronos
1434 5686 1737 5751 baberent,
1774 5686 1961 5755 sequi-

372 5772 462 5813 tur
482 5775 777 5813 numerum
821 5759 1168 5813 tribunorum
1211 5759 1277 5813 ad
1303 5760 1495 5815 decem
1525 5771 1649 5816 esse
1679 5766 1902 5814 auctum
1942 5776 1955 5811 :

2063 5612 2271 5738 classes
2307 5618 2493 5667 autem
2546 5626 2576 5665 a
2623 5609 2818 5665 Servio
2874 5607 3055 5663 Tullio
3105 5608 3376 5663 institutae
3424 5606 3651 5664 luerunt

2063 5698 2180 5738 sex.
2234 5706 2235 5709 η
2279 5722 2293 5734 .

2063 5698 2180 5738 SCX.
2211 5698 2293 5738 \‘V.
