4002 6250
363 325 469 388 593

1618 331 2019 401 ANNALIUM
2059 336 2200 396 ΗΒ.
2240 335 2372 398 ViI.

3529 343 3634 404 59!

366 444 493 495 Ὀτε
517 442 613 494 καὶ
636 442 930 514 Κοριόλους
965 441 1406 516 πολιορκοῦντες,
1436 445 1694 500 ἐκπεσεῖν
1730 450 1822 500 καὶ
1853 449 1946 500 τοῦ

2064 450 2178 517 ῗιιίι,
2211 449 2346 522 quin
2371 451 2568 507 castris
2595 460 2954 517 emerentur,
2980 451 3085 509 nisi
3115 451 3292 510 virtus
3315 452 3470 508 Cncii
3499 452 3636 509 Mar-

367 534 735 602 στρατοπέδου
814 535 1015 605 μικροῦ
1091 536 1457 599 ἐκινδύνευον,
1519 540 1569 592 εί
1633 540 1709 609 μὴ
1761 540 1953 600 Γναῖος

363 628 631 700 Μάρκιος,
683 629 1026 700 εὐπατρίδης
1082 630 1247 701 ἀνὴρ.
1301 631 1626 703 ἠρίστευσε,
1678 636 1772 687 καὶ
1825 635 1952 698 τοὺς

364 723 621 786 ἐπιόντας
645 720 928 787 ἀπώσατο,
961 722 1019 786 ὃς
1053 723 1140 777 διὰ
1174 723 1334 778 τοῦτο
1369 725 1546 791 ἄλλως
1580 744 1638 780 τε
1662 725 1948 796 ἐδοξάσθη,

364 819 459 868 καὶ
493 816 818 885 Κοριολάνος
845 818 910 870 ἐκ
932 816 1029 870 τοῦ
1053 816 1305 884 ἕθνουςβ
1330 820 1621 890 ἐτρέψατο,
1643 819 1949 891 ἐπεκλήθη.

366 909 476 962 Καὶ
529 909 653 962 τότε
719 909 819 980 μὲν
847 909 1022 973 οὕτως
1080 911 1252 983 ἤρθη.
1314 915 1388 967 οὐ
1445 914 1628 986 πολλῷ
1650 916 1694 969 δ’
1719 915 1949 988 ὕστερον

366 1003 748 1072 στρατηγῆσαι
804 1004 1080 1066 σπεύδων,
1131 1008 1226 1059 καὶ
1254 1007 1330 1076 μὴ
1361 1008 1562 1078 τυχὼν,
1596 1009 1948 1082 ἠγανάκτησε

365 1096 507 1148 κατὰ
525 1093 620 1148 τοῦ
648 1095 859 1164 ὁμίλου,
885 1098 980 1149 καὶ
1011 1098 1140 1162 τούς
1162 1099 1486 1171 δημάρχους
1529 1102 1850 1174 ἐϐαρύνετο.
1881 1103 1950 1160 Οἱ

363 1184 458 1242 οὗν
488 1187 785 1260 δήμαρχοι,
820 1190 913 1254 οὓς
948 1191 1254 1246 καταλῦσαι
1276 1194 1544 1265 ἐγλίχετο,
1582 1196 1766 1261 αἰτίας
1796 1198 1951 1262 τινάς

365 1281 487 1336 κατ’
516 1282 684 1334 αὐτοῦ
723 1285 1216 1355 συμφορήσαντες,
1247 1288 1568 1357 τυραννίδος
1595 1289 1748 1360 αὐτῷ
1783 1307 1952 1362 προσ-

363 1373 511 1443 ῆψαν
542 1375 794 1442 αἰτίαμα,
821 1379 916 1432 καὶ
944 1379 1041 1448 τῆς
1076 1378 1301 1450 Ῥώμης
1323 1380 1614 1451 ἐξήλασαν.
1663 1382 1950 1438 Ἐκπεσὼν

363 1465 480 1535 οὖν,
509 1471 620 1533 τοῖς
651 1470 1018 1535 Οὐολούσκοις
1069 1473 1236 1537 εὐθὺς
1282 1475 1712 1546 προσεχώρησεν
1733 1490 1749 1507 ο
1792 1469 1868 1528 ὧν
1898 1477 1950 1528 oi

366 1565 470 1632 μὲν
531 1563 764 1634 πρῶτοι,
811 1565 908 1617 καὶ
965 1565 1017 1618 οἱ
1072 1567 1128 1619 ἐν
1174 1567 1288 1630 τοῖς
1338 1567 1554 1620 τέλεσιν
1584 1568 1768 1622 αὐτῶν
1791 1569 1950 1632 ὄντες

363 1656 592 1728 ἔχαιρόν
633 1674 693 1710 τε
743 1656 916 1726 αὐτῷ,
945 1659 1043 1712 καὶ
1076 1653 1236 1722 αὖθις
1284 1659 1424 1730 πρὸς
1449 1659 1686 1730 πόλεμον
1716 1661 1951 1732 ἡτοιμά-

365 1748 545 1814 ζοντο,
609 1751 822 1804 Ἀττίου
881 1752 1147 1805 Τουλλίου
1208 1753 1350 1821 πρὸς
1380 1752 1571 1806 τοῦτον
1609 1754 1952 1823 ἐρεθίζοντος

2059 544 2142 606 tii,
2184 545 2288 599 viri
2316 545 2572 615 patricii,
2627 543 2932 616 proﬂigatis
2963 545 3218 601 hostibus
3239 586 3255 611 ,
3285 545 3591 609 obstitisset
3614 587 3632 612 ,

2050 634 2149 703 qui
2173 651 2300 692 cum
2328 635 2454 690 aliis
2477 635 2786 691 honoribus
2811 646 2898 691 est
2928 636 3180 702 allectus,
3211 646 3326 692 tum
3351 637 3634 693 Coriolani

2050 740 2506 800 cognomentum,
2551 745 2580 783 a
2619 728 2839 784 devicto
2882 745 2913 784 a
2942 745 3003 785 se
3043 730 3247 800 populo
3278 740 3632 786 consecutus.

2053 823 2132 877 Ac
2173 832 2286 876 tum
2315 821 2390 876 ita
2421 822 2478 875 in
2498 821 2670 875 altum
2699 829 2784 876 est
2810 829 3076 876 evectus:
3109 837 3218 876 non
3251 821 3426 876 multo
3447 830 3632 875 autem

2055 923 2181 985 post
2203 929 2328 969 cum
2355 914 2414 981 fei
2450 914 2656 984 petenti
2686 923 2930 984 praetura
2955 923 3170 985 negata,
3202 913 3385 969 iratus
3407 914 3638 983 populo,

2055 1006 2400 1062 tribunitiam
2435 1013 2768 1076 potestatem
2805 1006 3126 1070 insectatus,
3171 1014 3226 1059 et
3257 1006 3520 1076 abrogare
3542 1019 3638 1060 eo-

2053 1107 2220 1152 natus
2247 1105 2399 1152 esset
2421 1137 2434 1158 ,
2464 1113 2494 1152 a
2521 1097 2764 1152 tribunis
2797 1097 2996 1166 plebis,
3027 1095 3361 1166 quibusdam
3390 1095 3637 1149 crimini-

2056 1193 2158 1248 bus
2193 1191 2447 1248 conﬁctis
2480 1201 2538 1248 et
2558 1191 2803 1247 aﬂ'ectati
2826 1191 2978 1262 regni
3023 1191 3302 1247 calumnia
3340 1191 3637 1256 instructa,

2057 1287 2112 1341 in
2153 1287 2412 1341 exsilium
2449 1295 2606 1342 actus
2639 1294 2745 1340 est.
2784 1285 2956 1340 Exsul
2988 1286 3173 1340 statim
3218 1285 3287 1340 ad
3317 1284 3544 1340 Volscos
3573 1299 3634 1340 se

2054 1381 2334 1446 contulit,
2379 1396 2618 1450 quorum
2674 1379 2955 1449 principes
3005 1390 3062 1434 et
3105 1380 3483 1449 magistratus.
3538 1379 3635 1434 ad—

2054 1484 2222 1528 ventu
2250 1474 2397 1528 illius
2419 1473 2901 1537 laiti,‘Actii.Tullii
2937 1473 3174 1543 impulsu
3209 1487 3400 1528 rursus
3425 1473 3492 1527 ad
3519 1471 3638 1527 bet»

2055 1567 2169 1621 lum
2203 1580 2262 1620 se
2309 1565 2600 1634 parabant.
2645 1565 2802 1632 Quod
2840 1580 2971 1620 cum
3001 1565 3215 1634 populo
3259 1564 3488 1619 minime
3516 1564 3638 1634 pla-

2054 1667 2227 1723 ceret,
2258 1659 2401 1728 quia
2425 1659 2744 1728 potentibus
2759 1673 2934 1728 neque
2959 1658 3326 1725 admonendo,
3349 1657 3508 1730 343
3537 1671 3633 1713 ne-

2055 1767 2164 1821 que
2196 1751 2453 1806 terrendo
2473 1753 2566 1820 εδει
2600 1754 2762 1817 lanna
2795 1751 3062 1806 sumenda
3114 1751 3452 1806 commoveri
3505 1764 3634 1820 pos-

365 1837 642 1900 ἅπαντας.
685 1837 744 1891 Ὀ
769 1839 828 1891 δὲ
856 1839 1052 1907 ὅμιλος
1087 1840 1408 1912 ἀπρόθυμος
1437 1837 1532 1913 ἦν.
1586 1843 1672 1906 Ὧς
1703 1843 1797 1897 οὖν
1821 1843 1947 1897 οὐτε

2064 1851 2157 1904 set.
2184 1842 2289 1897 hac
2326 1851 2447 1896 arte
2474 1851 2604 1896 sunt
2649 1842 2754 1897 usi.
2782 1843 2920 1898 Cum
2953 1842 3099 1896 ludis
3128 1841 3474 1897 circensibus
3507 1855 3635 1896 cum

365 1925 790 1995 παραινοῦντες,
823 1926 936 1981 οὔτ’
968 1929 1333 1999 ἐκφοϐοῦντες
1380 1932 1577 1996 αὐτοὺς
1608 1934 1656 1985 οἱ
1704 1933 1948 1998 δυνατοὶ,

365 2019 594 2089 κιλῆσαι
627 2020 766 2091 πρὸς
790 2021 972 2074 ὅπλων
995 2021 1158 2093 ἄρσιν
1190 2004 1479 2092 ἠδύναντο,
1514 2025 1716 2079 τοιόνδε
1743 2027 1954 2096 ἐμηχαο

365 2114 627 2184 νήσαντο.
695 2113 1084 2185 ’ἱπποδρομίαν
1137 2114 1248 2169 τῶν
1328 2115 1623 2186 Ῥωμαίων
1687 2119 1952 2186 ἀγόντων,

369 2207 518 2260 ἄλλοι
570 2223 630 2258 τε
680 2205 791 2259 τῶν
849 2204 1194 2278 προσχώρων
1247 2208 1439 2272 αὐτοῖς
1494 2210 1590 2264 καὶ
1625 2209 1954 2264 Οὐολοῦσκοι

368 2299 570 2368 πλήθει
600 2297 780 2369 πολλῷ
801 2300 942 2352 κατὰ
966 2299 1099 2354 θέαν
1132 2300 1492 2372 συνήλθοσαν.
1525 2302 1582 2355 Ὀ
1610 2302 1666 2356 δὲ
1697 2301 1955 2368 Τούλλιος

368 2394 498 2455 τοὺς
528 2395 639 2447 τῶν
681 2393 972 2463 Ῥωμαίων
1005 2396 1352 2466 στρατηγοὺς
1388 2394 1722 2460 ἔιιεισεν,ὼς
1751 2396 1954 2448 εὐνοῶν

369 2485 536 2554 δῆθεν
563 2486 771 2550 αὐτοῖς,
805 2487 928 2549 τούς
958 2486 1330 2549 Οὐολούσκους
1363 2487 1762 2556 φυλάσσεσθαι,
1809 2506 1954 2558 παρα

371 2577 820 2648 εσκενασμένονς
876 2578 1166 2632 ἐπιθέσθαι
1217 2579 1404 2648 σφίσιν
1433 2579 1775 2643 ἀνελπίστως
1803 2581 1859 2633 ἐν
1887 2582 1954 2652 τῇ

373 2669 734 2740 ἱπποδρομίᾳ.
764 2670 827 2721 Οἱ
854 2669 910 2721 δὲ
938 2669 1242 2742 στρατηγοὶ
1268 2670 1361 2722 καὶ
1390 2673 1504 2732 τοῖς
1533 2669 1715 2732 ἄλλοις
1757 2669 1818 2724 τὸ
1854 2669 1959 2738 μή·

371 2781 519 2832 νυμα
550 2763 970 2832 κοινωσάμενοι,
1007 2764 1134 2824 τοὺς
1175 2762 1551 2824 Οὐολούσκους
1599 2761 1802 2815 αὐτίκα
1851 2762 1958 2825 πρὸ

370 2856 468 2909 τοῦ
498 2855 710 2924 ἀγῶνος
736 2857 982 2918 ἅπαντας
1006 2854 1366 2926 ἐξεκήρυξαν.
1410 2857 1470 2909 Οἱ
1510 2855 1565 2907 δέ
1613 2857 1955 2925 δυσανασχε-

369 2954 662 3020 τήσαντες,
694 2951 775 3003 ὅτι
806 2951 957 3018 μόνοι
1007 2951 1070 3002 ἐκ
1104 2951 1322 3003 πάντων
1357 2949 1709 3019 ἐξελήλαντο,
1739 2950 1958 3020 ἕτοιμοι

373 3042 510 3110 πρὸς
537 3043 723 3114 μάχην
745 3043 1016 3110 ἐγένοντο.
1035 3041 1143 3094 Καὶ
1169 3042 1614 3113 προστησάμενοι
1640 3043 1731 3095 τὸν
1761 3043 1958 3112 Κοριο-

371 3133 532 3186 λάνον
563 3150 624 3185 τε
663 3133 760 3185 καὶ
804 3133 896 3185 τὸν
942 3131 1221 3198 Τούλλιον,
1278 3133 1373 3185 ἐπὶ
1427 3132 1526 3204 τὴν
1575 3133 1817 3204 Ῥώμην,
1864 3134 1958 3187 καὶ

2055 1934 2148 1989 alii
2171 1950 2240 1988 ex
2274 1933 2546 1998 ﬁnitimis,
2589 1941 2704 1988 tum
2740 1949 2934 2005 magna
2959 1934 3284 1990 Volscorum
3335 1931 3636 1987 multitudo

2057 2025 2286 2080 Romam
2338 2025 2408 2080 ad
2453 2029 2831 2096 spectaculum
2859 2026 3244 2089 convenisset,
3294 2025 3507 2079 Tullius
3539 2038 3639 2093 per

2058 2119 2456 2177 benevolentiae
2485 2121 2724 2190 speciem
2760 2119 3131 2174 Romanorum
3161 2119 3486 2174 consulibus
3511 2127 3638 2188 per-

2055 2214 2256 2280 suasit,
2283 2213 2513 2268 Volscos
2544 2212 2822 2267 cavendos
2836 2227 2980 2274 esse,
3005 2222 3227 2282 paratos
3265 2211 3334 2266 ad
3374 2212 3639 2281 impetum

2058 2305 2114 2360 in
2144 2320 2242 2360 eos
2268 2304 2418 2359 circo
2445 2303 2778 2359 faciendum.
2809 2302 3084 2358 Consules
3113 2319 3182 2358 eo
3225 2302 3434 2357 indicio
3471 2303 3640 2357 etiam

2058 2398 2488 2462 communicato,
2535 2395 2765 2452 Volscos
2807 2406 2936 2451 ante
2981 2394 3144 2450 ludos
3184 2395 3370 2450 statim
3411 2395 3640 2450 civitate

2057 2490 2329 2546 excedere
2365 2493 2644 2560 przeconlo
2671 2490 2981 2561 jusserunt.
3021 2488 3085 2543 ili
3113 2503 3248 2543 vero
3287 2488 3531 2560 graviter
3556 2487 3642 2544 fe-

2060 2592 2270 2648 rentes,
2301 2599 2361 2639 se
2395 2584 2542 2640 solos
2573 2599 2642 2639 ex
2673 2583 2932 2638 omnibus
2949 2597 3071 2639 esse
3093 2582 3304 2653 pulsos,
3336 2581 3406 2638 ad
3434 2582 3641 2638 bellum

2062 2675 2294 2737 irritati,
2332 2675 2767 2745 imperatoribus
2810 2675 2971 2733 lectis
3003 2673 3301 2730 Coriolano
3344 2683 3401 2729 et
3437 2673 3643 2741 Tullio,

2059 2784 2125 2824 ae
2161 2768 2482 2823 Latinorum
2513 2768 2734 2846 auxiliis
2763 2767 2973 2834 ascitis,
3003 2768 3209 2837 majore
3249 2781 3485 2822 numero
3509 2781 3644 2821 con-.-

2045 2872 2146 2917 ‘tra
2197 2861 2478 2915 Romanos
2512 2867 2644 2914 sunt
2679 2858 2933 2928 profecti.
2985 2857 3106 2923 Quo
3158 2858 3238 2912 illi
3289 2857 3480 2912 audito
3530 2872 3642 2910 non

2059 2953 2247 3006 statim
2279 2966 2429 3005 arma
2453 2949 2866 3019 corripuerunt,
2898 2948 2996 3005 sed
3033 2949 3182 3004 inter
3215 2963 3276 3005 se
3309 2948 3643 3004 criminibus

2061 3053 2364 3100 certarunt.
2390 3043 2599 3099 Plebeii
2627 3058 2756 3098 cum
2787 3042 3055 3112 patriciis,
3079 3041 3227 3112 quod
3253 3057 3322 3096 ex
3352 3056 3419 3096 eo
3445 3042 3644 3096 ordine

2063 3138 2388 3193 Coriolanus
2462 3152 2590 3192 cum
2653 3136 2908 3192 hostibus
2966 3135 3201 3206 patriam
3261 3145 3641 3205 oppugnatum

375 3227 504 3289 τούς
567 3225 834 3289 Λατίνους
892 3225 1348 3296 προσειληφότες,
1413 3200 1609 3298 πλήθει
1673 3200 1960 3298 ἐχῶρησαν

2064 3230 2164 3285 iret
2194 3249 2208 3286 :
2242 3230 2323 3286 illi
2362 3243 2491 3286 cum
2527 3229 2709 3301 plebe,
2747 3227 2894 3298 quod
2930 3200 3189 3282 eumdem
3221 3200 3645 3296 iniquovcxsilio

375 3323 608 3378 πλείονι.
646 3325 712 3377 Ὀ
769 3324 820 3376 οί
875 3321 1142 3393 Ῥωμαῖοι
1199 3327 1498 3395 πυθόμενοι
1551 3327 1690 3396 πρὸς
1717 3326 1786 3380 τά
1822 3325 1962 3380 ὅπλα

378 3417 480 3486 μὲν
509 3415 612 3469 οὐκ
641 3414 996 3487 ἐξώρμησαν,
1023 3418 1080 3469 ἐν
1103 3417 1306 3480 αἰτίαις
1331 3417 1376 3470 δ’
1407 3417 1674 3488 ἀλλήλους
1697 3418 1963 3484 πεποίηνο

374 3527 459 3572 το,
493 3509 542 3561 οἱ
580 3509 678 3574 μὲν
706 3507 801 3562 τοῦ
833 3507 1028 3578 ὁμίλου
1085 3509 1214 3571 τοὺς
1263 3508 1622 3580 εὐπατρίδας,
1661 3510 1741 3564 ὅτι
1776 3509 1836 3574 ἐξ
1867 3509 1962 3562 αὐ-

376 3597 486 3649 τῶν
529 3597 557 3648 ό
587 3597 918 3665 Κοριολάνος
949 3597 1259 3666 τυγχάνων,
1305 3597 1448 3666 μετά
1480 3598 1591 3652 τῶν
1625 3598 1836 3668 ἐχθρῶν
1867 3599 1962 3652 ἐπὶ

376 3691 478 3759 τὴν
516 3689 749 3761 πατρίδα
783 3689 1140 3759 στρατεύοιτο
1162 3707 1176 3722 ο
1233 3691 1280 3744 oi
1310 3690 1368 3744 δέ
1400 3690 1493 3743 τὸν
1524 3689 1735 3761 ὅμιλον,
1768 3690 1851 3744 ὅτι
1886 3689 1960 3762 μὴ

379 3781 606 3844 ἐνδίκως
635 3781 800 3834 αὐτὸν
833 3782 1214 3849 ἐξελάσαντες,
1253 3783 1515 3854 πολέμιον
1565 3785 1959 3854 πεποιήκασιν.

379 3871 541 3927 Οὕτω
589 3873 646 3926 δὲ
686 3874 1094 3940 στασιάζοντες,
1121 3877 1178 3940 ἐς
1217 3875 1364 3946 μέγα
1394 3894 1447 3928 τι
1495 3875 1666 3930 κακὸν
1699 3875 1961 3928 ἐνέπεσον

381 3965 470 4026 ἂν,
511 3966 559 4018 εί
593 3964 669 4037 μὴ
704 3968 796 4020 καὶ
826 3968 882 4020 αἱ
911 3971 1169 4036 γυναῖκες
1200 3969 1387 4032 αὐτοῖς
1427 3969 1832 4039 ἐπεκούρησαν.
1872 3967 1960 4032 Ὡς

381 4059 492 4128 γὰρ
527 4060 560 4130 ἡ
595 4061 858 4131 γερουσία
905 4061 1134 4115 κάθοδον
1175 4060 1252 4132 τῷ
1287 4061 1602 4132 Κοριολάνῳ
1633 4060 1958 4131 ἐψηφίσατο,

383 4157 479 4208 καί
507 4157 603 4208 ἐπὶ
652 4155 825 4226 τούτῳ
868 4154 1128 4225 πρέσϐεις
1175 4155 1312 4224 πρὸς
1360 4155 1569 4209 ἐκεῖνον
1630 4156 1958 4225 ἐστάλησαν,

383 4251 595 4312 ἐκεῖνος
625 4250 719 4302 καὶ
747 4249 847 4320 τὴν
875 4249 1060 4320 χώραν
1094 4252 1207 4313 τοῖς
1235 4249 1600 4313 Οὐολούσκοις
1631 4249 1962 4319 ἀποδοθῆναι

383 4341 609 4415 ἀπῄτει,
643 4336 712 4413 ἧς
762 4343 820 4395 ἐν
849 4344 964 4405 τοῖς
991 4344 1123 4413 πρὶν
1148 4343 1410 4411 πολέμοις
1443 4343 1758 4413 ἐστέρηντο.
1809 4343 1882 4395 Τὸ
1907 4341 1964 4394 δέ

386 4435 598 4504 πλῆθος
637 4435 739 4505 τῆς
789 4435 974 4505 χώρας
1033 4435 1095 4489 οὐ
1164 4435 1404 4505 μεθίετο.
1457 4436 1628 4490 Πάλιν
1673 4433 1774 4489 οὖν
1801 4435 1964 4506 ἐτέρα

2063 3325 2383 3390 multatum,
2429 3324 2648 3379 hostem
2696 3319 3094 3376 reddidissent.
3143 3319 3220 3374 Ea
3266 3317 3551 3374 contentio
3586 3317 3644 3370 in

2064 3431 2325 3486 magnum
2381 3414 2588 3471 malum
2621 3413 2912 3478 evasisset,
2946 3411 3053 3468 nisi
3090 3421 3358 3466 matronae
3391 3406 3648 3464 tulissent

2063 3524 2247 3579 opem.
2273 3508 2412 3564 Nam
2442 3523 2569 3564 cum
2608 3515 2838 3563 senatus
2860 3506 3159 3562 Coriolano
3187 3504 3426 3559 reditum
3446 3500 3645 3557 decre-

2061 3600 2259 3663 visset,
2311 3615 2380 3655 ac
2426 3599 2638 3670 legatos
2675 3597 2744 3652 ad
2780 3612 2910 3651 eum
2940 3604 3238 3666 prepterea
3283 3594 3544 3659 misisset,
3591 3603 3648 3648 et

2065 3691 2180 3754 ille,
2232 3699 2294 3744 ut
2338 3692 2456 3762 agri
2509 3689 2898 3760 superioribus
2925 3687 3090 3742 bellis
3143 3685 3386 3755 adempti
3435 3684 3645 3739 Volscis

2065 3783 2474 3847 redderentur,
2523 3780 2896 3850 postulasset.
2942 3777 3302 3833 multitudine
3360 3777 3430 3832 de
3498 3775 3648 3848 agris

2064 3885 2175 3924 non
2226 3884 2470 3937 assensu,
2527 3885 2724 3926 rursus
2770 3869 2878 3924 alia
2915 3868 3117 3939 legatio
3157 3867 3419 3922 mittitur.
3471 3866 3646 3933 Quam

2067 3964 2159 4020 ille
2189 3963 2457 4019 iracunde
2497 3962 2662 4029 tulit,
2694 3961 2844 4033 quod
2877 3961 2971 4034 qui
2995 3961 3065 4016 de
3095 3961 3216 4016 suis
3242 3961 3391 4032 agris
3427 3959 3650 4030 pericli-

2068 4067 2340 4123 tarentur,
2381 4074 2484 4113 nec
2511 4060 2592 4114 sic
2627 4058 2851 4128 quidem
2884 4057 3154 4112 cederent
3185 4055 3405 4110 alienis.
3437 4053 3649 4122 Quibus

2065 4152 2336 4206 nuntiatis
2377 4167 2500 4207 cum
2541 4151 2697 4221 plebs
2740 4150 2881 4206 nihil
2932 4141 3290 4212 moveretur,
3331 4162 3510 4217 neque
3562 4159 3650 4215 vet

2067 4241 2334 4311 periculis
2392 4241 2698 4306 admonita,
2743 4256 2776 4296 a
2821 4241 3098 4297 seditione
3145 4239 3476 4295 recederent
3516 4237 3648 4302 viri,

2069 4343 2362 4399 matrontc,
2399 4333 2680 4390 Coriolani
2712 4349 2852 4389 uxor
2885 4333 3199 4399 Volumnia,
3243 4341 3301 4388 et
3337 4341 3515 4386 mater
3539 4331 3648 4387 Ve-

2071 4427 2238 4492 turia,
2265 4426 2587 4482 clarissimis
2615 4427 2931 4497 quibusque
2962 4427 3292 4482 mulieribus
3325 4427 3646 4497 assumptis,

386 4525 681 4598 πρεσὸεία.
723 4527 782 4581 '0
800 4527 858 4580 δὲ
887 4526 1208 4598 περιθύμως
1224 4527 1448 4600 ἔφερεν,
1481 4529 1566 4582 ὅτι
1593 4529 1687 4582 καὶ
1715 4528 1960 4598 περὶτῆς

2075 4520 2129 4574 in
2160 4529 2342 4575 castra
2372 4520 2613 4576 hostium
2644 4530 2775 4576 sunt
2795 4520 3086 4590 profectis,
3118 4519 3310 4575 liberis
3342 4520 3509 4575 etiam
3539 4517 3646 4578 Co-

389 4619 603 4674 ἐαυτῶν
657 4619 1088 4685 κινδυνεύοντες,
1139 4621 1249 4674 οὐδ’
1318 4620 1462 4674 οὕτω
1507 4620 1616 4674 τῶν
1669 4620 1969 4691 ἀλλοτρίων

388 4711 740 4778 ἀφίστανται.
794 4712 905 4765 Καὶ
960 4713 1168 4766 τούτων
1215 4713 1272 4766 δὲ
1326 4711 1708 4783 ἀγγελθέντων
1757 4714 1967 4775 αὐτοῖς,

390 4805 500 4858 οὐδ’
532 4804 612 4858 ἐτι
645 4804 962 4876 κεκίνηντο,
995 4805 1106 4858 οὐδ’
1143 4805 1249 4858 ὑπδ
1269 4805 1379 4859 τῶν
1410 4806 1675 4860 κινδύνων
1704 4807 1752 4859 οἱ
1779 4805 1967 4876 ἄνδρες

391 4895 487 4950 τοῦ
521 4898 835 4960 στασιάζειν
870 4898 1173 4963 ἐξίσταντο.
1201 4897 1273 4953 Αἵ
1303 4916 1362 4952 τε
1395 4899 1683 4967 γυναῖκες,
1717 4899 1752 4968 ἦ
1785 4916 1845 4950 τε
1875 4914 1962 4965 γα-

397 4989 536 5060 μετὴ
563 4988 656 5042 τοῦ
687 4988 1024 5060 Κοριολάνου
1054 4989 1378 5059 Οὐολομνία,
1411 4991 1504 5043 καὶ
1543 4991 1577 5061 ή
1622 4991 1806 5062 μήτηρ
1835 4991 1975 5042 Οὐε-

395 5083 642 5152 τουρίνα,
681 5084 778 5134 καὶ
807 5083 908 5144 τὰς
938 5081 1132 5146 λοιπὰς
1178 5085 1275 5146 τὰς
1305 5084 1742 5151 ἐπιφανεστάτας
1795 5101 1976 5154 παρα-

398 5174 686 5239 λαϐοῦσαι,
709 5172 874 5244 ἦλθον
907 5177 967 5238 ἐς
1013 5174 1073 5228 τὸ
1108 5175 1477 5246 στρατόπεδον
1499 5174 1637 5244 πρὸς
1665 5175 1852 5238 αὐτὸν,
1881 5175 1977 5228 καὶ

397 5266 468 5319 τὰ
510 5266 774 5337 παιδάρια
829 5267 999 5320 αὐτοῦ
1049 5267 1417 5336 ἐπαγόμεναι.
1473 5267 1585 5322 Καὶ
1615 5268 1670 5320 αἱ
1698 5267 1795 5336 μὲν
1818 5265 1975 5320 ἄλλαι

403 5356 690 5410 σιωπῶσαι
716 5358 981 5426 ἐδάκρυον
1004 5360 1075 5428 ’ἡ
1109 5359 1166 5411 δὲ
1207 5357 1580 5429 Οὐετουρίνα·
1635 5359 1758 5410 Οὐκ
1803 5358 1978 5423 ηὐτο-

398 5449 773 5519 μολήκαμεν,
827 5451 953 5522 ἔφη,
1009 5449 1244 5515 τέκνον,
1287 5452 1425 5504 ἀλλ’
1487 5451 1524 5518 ἠ
1557 5449 1770 5517 πατρίς
1819 5447 1978 5518 ἡμᾶς

402 5541 636 5612 ἔπεμψέ
663 5559 783 5597 σοι.
816 5543 882 5598 Ei
905 5543 1024 5612 μὲν
1047 5545 1294 5609 πείθοιο,
1329 5543 1562 5614 μητέρα
1588 5543 1687 5597 καὶ
1723 5544 1979 5606 γυναῖκα

406 5636 504 5688 καὶ
537 5635 724 5688 τέκνα
745 5652 760 5666 ο
800 5639 853 5689 εἰ
879 5635 946 5689 δὲ
962 5635 1071 5705 μὴ,
1097 5637 1359 5705 λάφυρα.
1402 5636 1510 5690 Kal
1543 5638 1590 5689 ει
1618 5634 1715 5688 Ital
1752 5635 1870 5689 νῦν
1888 5635 1977 5689 ἔτι

409 5723 626 5793 ὀργίζῃ,
653 5726 887 5794 πρώτας
919 5725 1077 5795 ἡμᾶς
1105 5727 1482 5782 ἀπόκτεινον.
1541 5725 1982 5796 ιιήταλλάγηθι,

412 5813 507 5866 καὶ
529 5814 746 5884 μηκέτι
766 5813 998 5884 ὀργίζου
1056 5815 1177 5883 τοῖς
1208 5819 1502 5882 πολίταις,
1569 5816 1692 5883 τοῖς
1756 5817 1976 5886 φίλοις,

2073 4613 2269 4668 riolani
2297 4613 2571 4669 adductis.
2613 4614 2840 4669 Caeteris
2868 4622 3052 4668 autem
3080 4614 3245 4667 tacite
3281 4611 3646 4682 plorantibus,

2074 4703 2299 4758 Veturia
2341 4720 2358 4758 :
2410 4702 2528 4758 Non
2583 4705 3000 4774 transfugimua,
3031 4704 3234 4774 inquit,
3268 4703 3351 4772 ﬁli
3389 4719 3408 4756 :
3437 4702 3527 4758 sed
3557 4717 3650 4755 nos

2075 4795 2255 4864 patria
2286 4795 2448 4849 misit.
2479 4794 2541 4849 Si
2581 4797 2848 4866 parueris,
2885 4803 3134 4860 matrem,
3179 4809 3396 4866 uxorem
3437 4802 3486 4845 et
3526 4791 3656 4845 libe-

2077 4902 2163 4940 ros
2189 4901 2210 4940 :
2247 4889 2331 4940 sin
2367 4889 2540 4942 minus
2580 4885 2840 4959 prazdant.
2895 4887 3051 4953 Quod
3078 4889 3124 4941 si
3165 4896 3257 4942 tua
3297 4886 3530 4940 nondum
3563 4885 3656 4938 de-

2075 4980 2242 5033 sazviit
2280 4980 2582 5044 iracundia,
2626 4997 2719 5034 nos
2761 4980 2963 5050 primas
3016 4981 3256 5034 occidito.
3295 4977 3655 5032 Reconciliare

2079 5072 2270 5124 omissa
2303 5073 2386 5125 ira
2412 5071 2628 5136 civibus,
2656 5074 2839 5127 amicis
2861 5113 2876 5136 ,
2904 5074 3092 5136 sacris,
3120 5070 3484 5124 monumentis.
3530 5068 3664 5122 Νοίῐ

2080 5163 2383 5217 exscindere
2413 5165 2669 5232 patriam,
2694 5165 2748 5218 in
2780 5181 2884 5234 qua
2916 5173 3076 5218 natus
3108 5179 3186 5226 es,
3212 5173 3262 5216 et
3300 5163 3573 5222 educatus,
3603 5172 3654 5214 et

2082 5270 2334 5325 magnum
2377 5254 2514 5308 illud
2541 5254 2813 5310 Coriolani
2850 5263 3257 5326 cognomentum
3291 5253 3531 5322 adeptus.
3569 5253 3655 5310 Ne

2083 5362 2164 5400 me
2196 5349 2299 5400 uoti
2326 5347 2568 5418 impotem
2607 5347 2892 5413 dimiseris,
2931 5361 2996 5400 ne
3039 5346 3166 5398 meis
3216 5345 3456 5399 manibus
3485 5347 3655 5401 inter»

2082 5444 2276 5517 fectam
2313 5462 2395 5500 me
2441 5445 2640 5500 uideas.
2683 5443 2782 5499 His
2825 5442 2990 5498 dictis
3033 5441 3270 5513 eiulans,
3308 5453 3365 5496 et.
3401 5443 3660 5497 mammis

2083 5538 2341 5602 ostensis,
2371 5546 2427 5592 et
2455 5543 2650 5590 ventre
2679 5533 2843 5606 344
2867 5541 3162 5588 attrectato
3196 5549 3212 5588 :
3255 5533 3353 5587 llic
3380 5541 3429 5587 te
3454 5537 3654 5604 genuit,

2083 5631 2282 5700 inquit,
2314 5631 2395 5685 Ita:
2421 5638 2469 5683 te
2500 5628 2851 5683 iactauerunt.
2882 5625 3088 5682 Deinde
3117 5626 3185 5683 ab
3214 5643 3384 5683 uxore
3428 5637 3484 5681 et
3513 5626 3655 5680 libe-

2084 5723 2161 5779 ris
2184 5724 2326 5794 ejus,
2351 5722 2677 5792 exterisque
2707 5720 3039 5776 mulieribus
3065 5720 3197 5778 ﬂetu
3222 5731 3370 5787 orto,
3405 5720 3497 5774 ille
3521 5735 3656 5786 quo-

2084 5832 2192 5884 que
2224 5816 2292 5873 ad
2328 5816 2541 5874 luctum
2569 5823 2884 5874 commotus
2912 5824 2969 5872 et
3007 5815 3101 5873 vix.
3127 5816 3230 5872 sibi
3262 5813 3510 5871 redditus
3542 5827 3656 5865 tna~
