4002 6250
463 331 576 395 599
1781 333 2107 396 JOANNIS
2137 335 2461 396 ZONARE
3626 328 3732 393 6υῦ

456 449 684 505 domum
748 448 933 514 rediit,
989 456 1156 521 atque
1219 447 1340 518 ipse
1385 449 1550 503 etiam
1611 464 1670 507 se
1721 448 2017 523 magistrat:

2117 501 2121 514 _
2156 450 2344 522 ρέντος
2379 451 2462 513 είς
2491 449 2552 504 τὸ
2588 448 2914 519 πολίτευμα,
2950 447 3047 502 καὶ
3071 445 3394 517 ἁπανταχοῦ
3415 445 3734 508 κικινάτους

455 539 760 596 abdicavit.
2157 543 2308 596 ἐστιν
2337 543 2492 614 όρᾷν.
2527 537 2696 605 Οὗτος
2729 538 2822 596 οὖν
2852 540 3132 610 δικτάτωρ
3165 538 3604 610 προχειρισθεὶς,
3639 541 3732 590 καὶ

453 631 773 702 αὐθημερὸν
829 629 1264 701 ἐκστρατεύσας,
1313 631 1412 685 καὶ
1455 631 1614 703 τάχει
1642 633 1744 687 σὺν
1799 634 2078 704 ἀσφαλείᾳ
2109 633 2483 705 χρησάμενος,
2513 634 2610 688 καὶ
2677 635 2790 697 τοῖς
2815 634 3068 694 Αίκουοϊς
3097 631 3428 704 προσσαλὼν
3459 632 3601 701 μετά
3634 631 3729 684 τοῦ

453 726 776 788 Μινουκίου,
803 725 1092 789 πλείστους
1130 725 1232 796 μὲν
1260 725 1558 796 διέφθειρε,
1585 727 1716 789 τοὺς
1760 726 1806 779 δ’
1837 725 2035 790 ἄλλους
2073 726 2416 796 ἐζώγρησεν,
2454 726 2550 790 οὓς
2601 727 2709 779 ὑπὸ
2743 726 2910 794 ζυγὸν
2973 724 3256 792 διαγαγὼν
3285 725 3525 796 ἀφῆκεν.
3577 723 3642 777 Ἦ
3672 724 3730 777 δὲ

453 819 655 889 πρᾶξις
686 821 719 889 ή
771 817 868 872 τοῦ
908 818 1078 888 ζυγοῦ
1120 818 1302 874 τοιάδε
1353 835 1442 882 τις
1488 816 1590 892 ἦν’
1647 819 1920 890 σταυροὺς
1947 819 2040 872 δύο
2074 820 2234 890 ὄρθια
2277 820 2480 891 δηλαδὴ
2541 820 2677 885 ξύλα
2743 819 2990 890 διέχοντα
3041 818 3311 888 ἀλλήλων,
3379 820 3461 880 είς
3495 818 3596 887 τὴν
3622 816 3728 887 γῆν

453 917 863 986 κατεπήγνυον,
901 914 997 968 καὶ
1045 914 1234 976 αὐτοῖς
1271 913 1560 967 ἐπετίθουν
1601 915 1897 984 ἐγκάρσιον
1963 913 2187 983 ἕτερον,
2252 915 2348 967 καὶ
2409 913 2498 968 διὰ
2533 912 2702 984 μέσου
2749 915 2960 965 τούτων
2997 913 3120 975 τοὺς
3153 914 3385 975 ἁλόντας
3405 911 3596 980 διῆγον
3630 927 3728 977 γυ-

454 1007 642 1077 μνοὺς,
666 1006 694 1058 ὃ
717 1007 834 1070 τοῖς
869 1005 969 1074 μέν
990 1005 1158 1076 δρῶσι
1187 1001 1575 1075 λαμπρότητα,
1609 1005 1814 1076 πολλὴν
1836 1004 1883 1058 δ’
1947 1005 2175 1074 ἀτιμίαν
2193 1009 2308 1068 τοῖς
2360 1008 2662 1076 πάσχουσιν
2689 1004 2908 1075 ἔφερεν,
2971 1003 3114 1057 ὥστε
3176 1005 3330 1067 τινάς
3351 1004 3446 1056 τοῦ
3484 1003 3726 1058 τοιοῦτόν

448 1119 504 1154 ἰι
529 1100 724 1154 παθεῖν
771 1098 1163 1170 προαιρεῖσθαι
1195 1099 1401 1153 θανεῐν.
1427 1097 1538 1151 Καὶ
1572 1098 1729 1152 πόλιν
1761 1099 1818 1152 δέ
1849 1097 2032 1152 αὐτῶν
2075 1096 2374 1169 Κορουῖνον
2414 1098 2760 1169 καλουμένην
2823 1097 2986 1165 ἐλὼν,
3019 1096 3318 1168 ἐπανῆλθε,
3351 1099 3446 1151 καὶ
3509 1097 3602 1150 τὸν
3619 1098 3726 1153 Mt-

448 1191 666 1246 νούκιον
690 1191 781 1245 διά
801 1190 904 1260 τὴν
933 1185 1110 1262 ἧτταν
1129 1191 1230 1260 τὴν
1260 1192 1604 1261 στρατηγίαν
1628 1191 1907 1260 ἀφείλετο,
1939 1189 2043 1244 καὶ
2075 1189 2241 1253 αὐτὸς
2270 1190 2508 1244 ἀπέθετο
2532 1190 2634 1262 τὴν
2663 1193 2864 1262 ἀρχήν.

519 1285 707 1342 XVIII.
777 1285 984 1341 Deinde
1039 1285 1272 1341 Romani
1326 1285 1631 1340 domestico
1683 1285 1828 1340 bello
1884 1293 2014 1338 sunt

2194 1284 2304 1338 ΠΡ.
2343 1285 2405 1338 Οἱ
2424 1284 2610 1355 μέντοι
2635 1285 2897 1355 Ῥωμαῖοι
2939 1285 3138 1336 οίκείον
3166 1284 3431 1354 ἐσχήκασι
3464 1284 3722 1353 πόλεμον,

448 1379 772 1441 conﬂictati,
833 1394 864 1434 a
909 1379 1086 1433 servis
1134 1387 1191 1432 et
1240 1377 1526 1433 exsulibus
1587 1377 1849 1443 conﬂato,
1932 1375 2017 1448 qui

2125 1374 2184 1439 ὃς
2211 1375 2275 1428 ἐκ
2297 1375 2504 1429 δούλων
2529 1377 2760 1447 συνέστη
2797 1376 2896 1430 καὶ
2931 1374 3188 1443 φυγάδων
3209 1374 3398 1441 τινῶν,
3430 1376 3508 1441 οἱ,
3533 1377 3724 1440 νυκτὸς

446 1481 618 1526 noctu
655 1471 839 1526 subita
870 1470 1236 1539 impressione
1277 1469 1613 1540 Capitolium
1657 1481 2017 1540 occuparunt.

2129 1466 2457 1531 ἐπελθόντες
2487 1468 2846 1534 ἐξαπιναίως,
2867 1467 2964 1522 τοῦ
2993 1466 3348 1522 Καπιτωλίου
3381 1471 3718 1540 ἐκράτησαν.

447 1563 555 1618 Sed
591 1563 744 1634 plebs
774 1570 887 1616 tum
918 1577 1139 1632 quoque
1165 1577 1273 1616 non
1305 1561 1462 1632 prius
1497 1577 1648 1617 arma
1673 1562 1842 1632 cepit,
1866 1575 2017 1629 quau

2143 1556 2202 1612 '0
2230 1557 2276 1612 δ’
2303 1559 2493 1628 ὅμιλος
2517 1560 2613 1613 καὶ
2635 1560 2757 1612 τότε
2789 1561 2850 1612 οὐ
2896 1560 3162 1630 πρότερον
3186 1561 3243 1612 ἐν
3271 1559 3462 1624 ὅπλοις
3479 1562 3714 1633 ἐγένετο,

449 1655 695 1726 patriciis
725 1653 930 1725 aliquid
963 1653 1314 1710 detraxisset.
1350 1658 1426 1710 Ac
1449 1653 1750 1710 seditiosos
1780 1668 2017 1724 oppres-

2129 1651 2262 1722 πρίν
2288 1669 2342 1704 τι
2372 1652 2537 1705 πλέον
2569 1653 2718 1721 σχεῖν
2750 1651 2859 1704 τῶν
2886 1652 3251 1723 εὐπατριδῶν.
3288 1654 3647 1718 Ἐπεὶθόντες
3665 1655 3720 1707 δέ

447 1758 681 1804 serunt:
717 1747 813 1802 sed
851 1747 1057 1802 multos
1101 1763 1329 1802 suorum
1371 1748 1699 1804 amiserunt.
1733 1747 1831 1802 His
1865 1747 2017 1816 igitul

2132 1757 2199 1810 γε
2222 1747 2340 1809 τοῖς
2366 1746 2749 1808 στασιάσασιν,
2773 1747 3090 1818 ἐκράτησαν
3122 1748 3220 1818 μέν
3255 1747 3459 1812 αὐτῶν,
3489 1748 3720 1812 πολλοὺς

448 1841 518 1896 de
547 1840 734 1896 causis
764 1840 996 1894 Romani
1021 1849 1076 1894 et
1113 1839 1382 1909 prodigiis
1416 1839 1747 1908 quibusdam
1781 1813 2017 1909 impulsi1

2132 1837 2189 1890 δὲ
2228 1838 2338 1891 τῶν
2399 1839 2684 1908 σφετέρων
2730 1813 3029 1894 ἀπέδαλον.
3064 1813 3163 1894 Διά
3221 1841 3396 1894 ταῦτα
3447 1843 3633 1895 τοίνυν
3670 1843 3719 1896 οί

446 1935 666 1988 omissis
685 1930 890 1985 mutuis
911 1931 1413 1996 criminationibus,
1440 1931 1834 2001 rempublicam
1853 1945 2017 2000 aequa

2145 1930 2409 2000 Ῥωμαῖοι
2431 1931 2528 1984 καὶ
2555 1931 2647 1985 διά
2675 1949 2801 1985 τινα
2833 1935 3036 2004 σημεῖα
3064 1932 3494 2001 εὐλαϐηθέντες,
3523 1937 3634 1988 τῶν
3661 1952 3718 1988 τε

446 2023 703 2078 biliorem
745 2023 965 2079 elilcere
1021 2023 1414 2079 decreverunt.
1475 2026 1550 2079 Ac.
1604 2035 1718 2080 tres
1760 2025 1914 2080 viros
1970 2025 2017 2079 in

2132 2022 2270 2092 πρὸς
2320 2022 2586 2093 ἀλλήλους
2613 2023 3015 2095 ἀπηλλάγησαν
3069 2026 3458 2097 ἐγκλημάτων,
3500 2030 3594 2081 καὶ
3622 2027 3718 2100 τὴν

444 2114 735 2180 Graeciam,
753 2115 821 2170 ad
851 2115 1070 2170 illorum
1093 2116 1244 2186 leges
1261 2125 1316 2170 et
1342 2117 1594 2171 instituta
1620 2116 2017 2187 cognoscenda1

2135 2114 2421 2168 πολιτείαν
2475 2115 2732 2186 ίσοτέραν
2806 2118 3140 2187 ποιήσασθαι
3197 2119 3559 2189 ἐψηφίσαντο.
3610 2122 3718 2174 Καὶ

445 2206 774 2277 ablegarunt
815 2225 830 2259 :
872 2208 1078 2277 quibus
1129 2209 1330 2273 allatis,
1375 2209 1720 2264 tribunatum
1773 2216 1832 2264 et
1889 2209 2017 2264 alios

2133 2211 2291 2279 τρεῖς
2326 2209 2530 2280 ἄνδρας
2573 2211 2654 2274 είς
2684 2209 2785 2281 τὴν
2833 2211 3060 2266 Ἐλλάδα
3089 2209 3182 2265 διὰ
3233 2214 3363 2276 τοὺς
3393 2215 3595 2284 νόμους
3626 2216 3717 2268 καὶ

445 2303 714 2372 quosdam
761 2303 1119 2372 magistratus
1167 2304 1528 2374 abrogarunt.
1565 2319 1872 2374 eorumque
1906 2305 2027 2360 loco

441 2397 595 2450 viros
621 2411 714 2450 rm
751 2397 1031 2467 principes
1064 2396 1429 2467 delegerunt:
1482 2397 1687 2468 illoque
1733 2415 1878 2454 anno
1916 2400 2028 2469 Ap-

443 2485 599 2556 pium
629 2485 923 2542 Claudium
961 2495 1016 2542 et
1048 2487 1232 2541 Titum
1273 2487 1572 2543 Genutium
1617 2491 1873 2545 consules
1899 2506 2024 2546 cum

447 2591 668 2632 summo
701 2577 936 2648 imperio
967 2585 1256 2644 crearunt,
1285 2576 1413 2633 data
1454 2588 1725 2650 potestate
1754 2579 2026 2634 condendi

443 2671 617 2738 leges,
647 2684 774 2725 cum
823 2669 1150 2740 appendice,
1199 2685 1267 2725 ne
1297 2671 1364 2724 ab
1392 2671 1474 2726 eis
1503 2672 1820 2741 provocatio
1855 2682 2021 2727 esset.

442 2763 502 2818 Id
555 2763 702 2834 quod
758 2763 910 2833 prius
961 2778 1070 2817 non
1130 2763 1234 2818 nisi
1284 2764 1652 2820 dictatoribus
1701 2779 2025 2820 concessum

439 2860 564 2916 fuit.
608 2859 673 2916 lli
713 2877 810 2932 per
839 2861 990 2917 vices
1019 2861 1390 2933 imperarunt,
1424 2864 1627 2933 singuli
1667 2865 1722 2919 in
1753 2865 1872 2920 dies
1905 2865 2026 2921 sin-

438 2953 599 3024 gulos
629 2956 984 3026 magistratus
1019 2956 1330 3026 insignibus
1355 2957 1558 3012 ornati.
1592 2957 1659 3012 Et
1692 2958 1842 3023 leges
1885 2975 1915 3012 a
1962 2975 2020 3014 se

438 3049 778 3119 conscriptas
809 3049 862 3103 in
891 3048 1012 3103 i‘oro
1039 3059 1450 3119 proposuerunt
1484 3069 1497 3103 :
1528 3065 1666 3120 quas
1689 3065 1812 3105 cum
1844 3051 2025 3105 omni-

436 3137 544 3195 bus
590 3139 942 3209 probassent,
988 3141 1054 3195 ad
1119 3141 1386 3211 populum
1425 3141 1693 3206 tulerunt,
1753 3143 2020 3197 sancitas-
2048 3168 2094 3226 α

438 3245 546 3300 que
581 3231 636 3285 in
666 3245 698 3285 ι
735 3231 949 3287 tabulas
991 3233 1322 3288 retulerunt.
1359 3233 1492 3298 Qua:
1531 3235 1680 3288 enim
1710 3235 1872 3306 digna
1918 3251 2018 3292 cu-

438 3321 619 3377 stodia
649 3322 812 3394 347
835 3323 1176 3394 iudicabant,
1211 3325 1268 3380 in
1298 3325 1513 3381 tabellis
1535 3330 1916 3384 asservabant.
1942 3330 2020 3386 Ae

439 3415 518 3469 illi
551 3431 696 3469 anno
721 3427 936 3480 exacto,
967 3419 1286 3488 magistratu
1312 3419 1593 3475 abierunt.
1627 3422 1842 3490 Quibus
1870 3423 1962 3480 alii
1987 3441 2020 3479 χ

437 3521 564 3563 cum
587 3505 1007 3571 successissent,
1045 3508 1119 3565 ita
1157 3522 1466 3581 gesserunt,
1518 3513 1681 3582 quasi
1705 3515 2020 3570 evertenda!

438 3599 757 3671 reipublicae
780 3616 945 3656 causa
977 3601 1177 3656 delecti
1211 3613 1416 3659 essent.
1450 3602 1654 3659 Omnes
1673 3606 1819 3658 enim
1855 3607 2018 3661 simul

436 3706 505 3746 ex
533 3705 690 3760 sequo
719 3690 1063 3760 imperabant
1109 3708 1124 3745 :
1169 3693 1467 3763 ascitisque
1512 3693 1781 3750 nobilium
1833 3697 2020 3752 adole-

432 3792 688 3839 soentum
715 3783 1115 3849 audacissimis,
1133 3799 1231 3854 per
1260 3784 1369 3839 vim
1401 3787 1572 3840 multa
1602 3798 1854 3857 egerunt.
1883 3787 2018 3843 Sero

433 3875 684 3942 tandem,
727 3874 831 3931 sub
878 3877 1008 3930 anni
1062 3877 1175 3932 fere
1229 3877 1416 3940 ﬁnem.
1456 3893 1630 3948 pauca
1675 3879 1923 3948 quaedam
1961 3880 2017 3935 in

433 3967 652 4024 duabus
707 3969 913 4024 tabulis
979 3980 1173 4040 suapte
1229 3971 1562 4026 auctoritate
1615 3971 2015 4042 ascripserunt,

440 4076 550 4116 non
587 4061 655 4116 ad
712 4062 1090 4127 concordiam,
1131 4061 1227 4117 sed
1267 4063 1334 4117 ad
1378 4063 1612 4134 majores
1641 4063 2017 4118 dissentiones

435 4156 792 4226 pertinentia.
836 4154 1134 4211 Duodecim
1180 4156 1350 4226 igitur
1402 4156 1600 4210 tabul.e
1634 4155 1713 4210 sic
1752 4155 2016 4212 conlectae

431 4257 582 4303 sunt.
617 4249 925 4304 Decemviri
971 4256 1153 4305 autem
1201 4263 1311 4303 non
1355 4247 1473 4303 haec
1509 4259 1720 4304 tantum
1754 4258 2012 4321 egerunt,

430 4339 526 4394 sed
559 4350 616 4394 et
659 4350 906 4410 tempore
948 4341 1301 4410 magistratus
1346 4355 1542 4394 eorum
1578 4341 1788 4412 elapso,
1833 4341 2016 4398 adhuc

431 4430 486 4483 in
521 4430 686 4484 rebus
727 4429 983 4500 gerendis
1027 4439 1158 4485 sunt
1198 4432 1422 4493 versati,
1470 4433 1756 4503 republica
1811 4434 1863 4488 vi
1909 4451 2013 4505 op-

433 4535 648 4589 pressa,
681 4535 861 4589 neque
901 4531 1093 4574 senatu
1128 4535 1305 4591 neque
1347 4523 1548 4593 populo
1586 4533 1908 4590 convocato,
1941 4539 2011 4580 ne

433 4627 789 4668 successores
845 4612 950 4666 sibi
995 4612 1283 4668 darentur.
1333 4614 1470 4670 Cum
1513 4628 1697 4671 autem
1743 4615 1909 4686 Equi
1946 4621 2012 4685 {et

431 4701 621 4757 Sabini
695 4703 958 4758 Romanis
1015 4719 1167 4759 arma
1233 4705 1542 4769 inferrent,
1615 4723 1717 4777 per
1782 4709 2012 4764 idoneos

431 4793 690 4848 homines
744 4793 1092 4863 cli'ccerunt,
1142 4806 1203 4851 ut
1263 4797 1367 4852 sibi
1423 4797 1550 4853 belli
1607 4801 2010 4856 administratio

430 4888 807 4944 mandaretur.
866 4885 1054 4960 Itaque
1107 4906 1173 4945 ex
1239 4891 1570 4946 decemviris
1623 4891 1847 4947 Servius
1902 4891 2012 4962 Op-

427 4979 554 5048 pius
600 4987 656 5034 ct
708 4981 917 5050 Appius
956 4980 1220 5036 Claudius
1269 4997 1429 5036 suum
1471 4983 1768 5052 pristinum
1823 4985 2006 5038 locum

427 5073 780 5128 retinuerunt
851 5090 864 5126 :
931 5074 1112 5128 caeteri
1187 5083 1312 5129 octo
1377 5085 1567 5130 contra
1637 5077 1823 5131 hostes
1878 5088 2010 5133 sunt

427 5160 682 5232 profecti.
739 5163 815 5217 Ila
872 5164 1099 5230 factum,
1150 5174 1212 5219 ut
1264 5181 1390 5219 cum
1447 5175 1502 5220 et
1553 5167 1606 5220 in
1662 5169 1798 5222 urbe
1842 5179 1898 5222 et
1950 5171 2006 5222 in

425 5254 623 5309 castris
672 5255 1028 5311 turbarentur
1080 5259 1262 5313 omnia
1299 5301 1313 5325 ,
1379 5259 1562 5314 denuo
1626 5261 1826 5316 seditio
1889 5263 2004 5316 ori-

426 5355 602 5400 retur.
650 5348 785 5403 Nam
835 5365 960 5405 cum
1012 5361 1275 5421 praetores
1332 5352 1386 5406 in
1438 5353 1768 5408 Sabinorum
1812 5372 2004 5425 agrum

427 5437 844 5508 impressionem
879 5443 1158 5509 fecissent,
1195 5444 1258 5499 L.
1295 5445 1503 5502 Sicium
1552 5447 1627 5500 rei
1665 5447 1872 5500 bellicae
1909 5464 2005 5516 pe-

428 5528 778 5598 ritissimum,
810 5546 862 5588 et
898 5536 1193 5606 praecipuae
1235 5537 1380 5606 apud
1412 5537 1630 5606 plelcm
1661 5538 2008 5594 auctoritatis

423 5621 630 5686 virum,
656 5638 780 5679 cum
805 5627 930 5681 aliis
955 5627 1023 5682 ad
1051 5629 1435 5698 occupandum
1459 5637 1700 5683 castrqu
1721 5629 2001 5699 quoddam

427 5715 652 5770 missum
706 5734 804 5788 per
863 5722 1096 5776 comites
1140 5723 1262 5792 ejus
1320 5733 1700 5791 peremerunt.
1759 5725 2003 5779 Rumorc

427 5806 707 5864 incastris
757 5827 968 5881 sparso,
1016 5829 1140 5868 cum
1176 5831 1282 5868 una
1325 5831 1452 5869 cum
1495 5816 1616 5871 aliis
1649 5816 1718 5871 ab
1750 5817 2004 5872 hostibus

2128 2301 2198 2354 τά
2221 2301 2351 2372 παρ’
2386 2303 2618 2365 ἐκείνοις
2655 2303 2752 2375 ἐθη
2795 2309 3120 2375 πεπόμφασι
3143 2320 3159 2335 ο
3211 2308 3309 2360 καὶ⁸
3338 2307 3715 2377 κομισθέντων

2129 2392 2335 2457 αὐτῶν,
2359 2393 2459 2456 τάς
2499 2411 2559 2446 τε
2593 2394 2762 2460 ἄλλας
2789 2397 2966 2466 ἀρχὰς
3002 2400 3098 2450 καὶ
3141 2398 3241 2461 τὰς
3270 2399 3382 2452 τῶν
3415 2400 3715 2469 δημάρχων

2131 2484 2454 2546 κατέλυσαν,
2488 2487 2580 2537 καὶ
2619 2486 2822 2558 ἄνδρας
2867 2487 3012 2542 ὀκτὼ
3047 2490 3110 2544 ἐκ
3153 2489 3264 2542 τῶν
3315 2489 3551 2561 πρώτων
3589 2491 3715 2543 ἀνθ-

2127 2574 2355 2631 είλοντο.
2396 2577 2506 2630 Καὶ
2566 2578 2807 2631 ’Ἄππιον
2839 2578 3131 2641 Κλαύδιον,
3158 2579 3316 2634 Τῖτόν
3343 2597 3400 2634 τε
3430 2581 3715 2634 Γενούκιον

2129 2669 2424 2734 ἀπέδειξαν
2438 2669 2580 2724 κατά
2608 2671 2702 2725 τὸν
2731 2674 2979 2726 ἐνιαυτὸν
3005 2675 3214 2728 ἐκεῖνον
3252 2677 3594 2746 στρατηγοὺς
3621 2676 3715 2730 αὑ-

2127 2765 2488 2835 τοκράτορας,
2524 2767 2617 2819 καὶ
2647 2768 2848 2837 νόμους
2893 2769 3079 2832 αὐτοῖς
3124 2770 3440 2840 συγγράψαι
3484 2771 3714 2842 ἐπέτρε-

2126 2856 2260 2925 ψαν,
2291 2857 2425 2927 μηδέ
2466 2857 2599 2927 μίαν
2634 2875 2694 2911 τε
2736 2859 2893 2928 δίκην
2920 2861 3182 2930 ἐφέσιμον
3209 2862 3302 2915 ἀπ’
3343 2863 3524 2916 αὐτῶν
3555 2863 3712 2932 γενέ-

2127 2949 2251 3004 σθαι
2282 2950 2784 3020 προσεψηφίσαντο,
2823 2952 2850 3005 ὃ
2899 2953 3096 3024 πρώην
3134 2955 3311 3008 οὐδενὶ
3360 2955 3466 3008 τῶν
3514 2955 3712 3027 ἀρχόν-

2125 3060 2234 3096 των
2290 3043 2431 3114 πλὴν
2485 3043 2596 3096 τῶν
2663 3044 3002 3115 δικτατόρων
3069 3047 3297 3100 ἐδέδοτο.
3360 3041 3580 3119 Ἥρξάν
3649 3065 3710 3101 τε

2125 3131 2272 3191 οὗτοι
2294 3137 2508 3208 ἡμέραν
2530 3138 2785 3204 ἕκαστος,
2811 3139 3041 3207 ἐναλλὰξ
3068 3141 3126 3192 τὸ
3145 3142 3446 3212 πρόσχημα
3465 3141 3566 3212 τῆς
3583 3145 3712 3211 ἠγε-

2130 3229 2328 3298 μονίας
2387 3230 2802 3300 λαμϐάνοντες·
2856 3233 2952 3285 καὶ
2995 3234 3196 3304 νόμους
3245 3234 3708 3304 συγγράψαντες,

2125 3323 2203 3383 είς
2233 3323 2333 3392 τὴν
2359 3324 2566 3391 ἀγοράν
2598 3323 2888 3395 ἐξέθηκαν,
2915 3325 2988 3389 οἳ,
3021 3326 3147 3378 ἐπεὶ
3177 3328 3348 3380 πᾶσιν
3385 3328 3616 3399 ἡρεταν,
3655 3330 3710 3392 ἐς

2122 3413 2216 3463 τὶν
2252 3411 2428 3482 δῆμον
2454 3414 2799 3484 εἰσήχθησαν
2829 3455 2842 3479 ,
2888 3417 2984 3469 καὶ
3042 3417 3390 3486 κυρωθέντες
3416 3460 3430 3483 ,
3496 3421 3708 3471 σανίσιν

2125 3502 2514 3572 ἐνεγράφησαν
2565 3505 2719 3558 δέκα·
2753 3509 2854 3558 ὅσα
2914 3507 3024 3578 γὰρ
3083 3508 3334 3578 φυλακῆς
3406 3509 3708 3579 ἐκρίθησαν

2123 3593 2271 3659 ἄξια,
2303 3595 2364 3646 ἐν
2397 3596 2661 3657 σανιδίοις
2698 3595 3150 3669 ἐθησαυρίζοντο.
3197 3601 3431 3655 Ἐκεῖνοι
3462 3604 3563 3670 μὲν
3591 3602 3705 3668 οὖν,

2123 3686 2218 3738 τὸν
2259 3687 2512 3739 ἐνιαυτὸν
2535 3686 2856 3753 ἀνύσαντες,
2879 3692 3099 3758 ἀφῆκαν
3117 3691 3217 3763 τὴν
3246 3692 3447 3763 ἀρχήν.
3487 3695 3705 3764 ’Ἑτεροι

2121 3779 2167 3832 δ’
2222 3779 2378 3843 αὖθις
2445 3781 2760 3852 αἱρεθέντες
2815 3784 2970 3849 δέκα,
3011 3785 3202 3857 ὥσπερ
3267 3788 3360 3839 ἐπὶ⁵
3405 3787 3705 3841 καταλύσει

2119 3871 2221 3941 τῆς
2281 3873 2558 3934 πολιτείας
2610 3877 3081 3946 χειροτονηθέντες
3134 3878 3460 3944 ἐξίοκειλαν.
3496 3882 3706 3944 Πάντες

2120 3963 2230 4033 γὰρ
2264 3963 2384 4032 ἅμα
2419 3964 2528 4018 ἀπὸ
2577 3965 2680 4034 τῆς
2735 3969 2855 4037 ίσης
2885 3963 3078 4038 ἦρχον,
3131 3971 3227 4021 καὶ
3278 3971 3604 4033 νεανίσκους
3642 3973 3704 4022 ἐκ

2120 4055 2228 4107 τῶν
2289 4056 2636 4127 εὐπατριδῶν
2677 4057 3053 4127 θρασυτάτους
3083 4060 3471 4130 ἐκλεξάμενοι,
3531 4063 3702 4116 πολλά

2120 4146 2191 4199 δι’
2227 4148 2406 4201 αὐτῶν
2465 4151 2709 4216 ἐποίουν,
2762 4153 2858 4204 καὶ
2907 4151 3081 4222 βίαια.
3130 4153 3258 4222 Ὀψέ
3316 4154 3373 4206 δέ
3425 4171 3558 4207 ποτε
3617 4155 3701 4209 ἐπ’

2119 4239 2303 4311 ἐξόδῳ,
2329 4241 2424 4294 τοῦ
2450 4241 2606 4306 ἔτους
2651 4241 2812 4312 ὀλίγα
2841 4245 2984 4299 ἄττα
3018 4247 3078 4298 ἐν
3113 4245 3226 4299 δύω
3275 4249 3460 4300 σανίσι
3535 4265 3704 4319 προσ-

2119 4334 2393 4404 έγραψαν,
2425 4337 2485 4400 ἐς
2516 4339 2700 4390 πάντα
2755 4337 2812 4391 δέ
2841 4339 3460 4409 αὐτογνωμονήσαντες,
3505 4343 3601 4410 ἀφ’
3627 4335 3701 4394 ὧν

2119 4425 2217 4496 οὐχ
2245 4425 2491 4496 ὁμόνοια,
2539 4429 2678 4481 ἀλλά
2703 4429 2797 4482 καὶ
2831 4429 3087 4500 διαφοραὶ
3125 4432 3344 4500 μείζους
3408 4433 3700 4503 Ῥωμαίοις

2039 4506 2092 4565 D
2117 4519 2448 4588 γενήσεσθαι
2488 4519 2736 4591 ἔμελλον.
2766 4523 2830 4574 Δί
2876 4523 2976 4591 μὲν
3004 4522 3098 4576 οὖν
3147 4524 3446 4592 λεγόμεναι
3477 4527 3698 4579 Δώδεκα

2115 4609 2289 4663 δέλτοι
2323 4610 2498 4673 οὕτως
2551 4615 2673 4666 τότε
2706 4615 2977 4682 ἐγένοντο.
3004 4618 3068 4669 Ol
3109 4616 3166 4668 δέ
3199 4616 3495 4686 νομοθέται
3551 4619 3697 4671 ἐκεί-

2114 4719 2196 4756 νοι
2228 4704 2288 4756 οὐ
2328 4706 2491 4775 μόνον
2513 4706 2669 4759 ταῦτ’
2712 4707 2984 4778 ἔπραξαν,
3013 4709 3152 4762 ἀλλά
3180 4712 3278 4763 καὶ
3315 4711 3410 4763 τοῦ
3440 4711 3693 4764 ἐνιαυτοῦ

2113 4797 2212 4868 τῆς
2236 4799 2413 4870 ἀρχῆς
2445 4800 2634 4864 αὐτοῖς
2689 4800 3016 4867 διελθόντος,
3069 4803 3151 4856 ἔτι
3197 4805 3315 4866 τοῖς
3363 4806 3694 4875 πράγμασιν

2113 4891 2423 4961 ἐνέμειναν,
2461 4892 2554 4965 βίᾳ
2582 4895 2682 4965 τὴν
2716 4897 2874 4948 πόλιν
2898 4897 3248 4967 κατέχοντες,
3282 4897 3379 4950 καὶ
3422 4899 3562 4968 μηδέ
3595 4900 3693 4965 τὴν

2116 4983 2312 5054 βουλὴν
2349 4985 2382 5054 ἢ
2413 4987 2506 5039 τὸν
2545 4988 2718 5056 δῆμον
2750 4989 3123 5058 ἀθροίζοντες,
3162 4990 3250 5044 ἶνα
3305 4992 3381 5060 μὴ
3410 4991 3695 5046 συνελθόν-

2111 5097 2204 5141 τες
2243 5079 2530 5133 παύσωσιν
2554 5080 2772 5144 αὐτούς.
2814 5081 3064 5134 Αίκουῶν
3099 5082 3156 5134 δέ
3194 5084 3290 5136 καὶ
3325 5084 3574 5137 Σαϐίνων
3597 5085 3692 5138 πό-

2111 5171 2278 5241 λεμον
2334 5174 2643 5241 αίρομένων
2693 5176 2835 5227 κατά
2876 5175 3188 5244 Ῥωμαίων,
3229 5177 3351 5228 τότε
3387 5177 3532 5239 τοὺς
3569 5179 3692 5228 ἐπι-

2109 5262 2359 5331 τηδείους
2430 5263 2616 5326 αὐτοῖς
2679 5266 3212 5336 παρασκευάσαντες
3250 5308 3264 5330 ,
3325 5267 3692 5338 διεπράξαντο

2110 5355 2263 5422 σφίσι
2305 5357 2430 5420 τοὺς
2473 5357 2746 5427 πολέμους
2781 5358 3184 5430 ἐπιτραπῆναι.
3258 5360 3352 5412 Ἐκ
3408 5361 3541 5428 γοῦν
3591 5360 3688 5430 τῆς

2108 5446 2404 5518 δεκαρχίας
2419 5448 2602 5502 αὐτῶν
2623 5450 2879 5520 Σερούἷος
2906 5453 3005 5522 μὲν
3033 5455 3274 5518 Ὄππιος
3315 5455 3411 5506 καὶ
3450 5455 3683 5513 ’Ἄππιος

2110 5540 2375 5604 Κλαύδιος
2421 5543 2563 5595 κιτά
2585 5542 2773 5614 χώραν
2801 5543 3058 5614 ἔμειναν,
3095 5548 3152 5598 oi
3179 5547 3235 5600 δέ
3263 5547 3410 5600 ὀκτὼ
3439 5549 3529 5600 ἐπὶ
3561 5548 3683 5607 τοὺς

2109 5634 2408 5703 πολεμίους
2437 5636 2834 5706 ἐστράτευσαν.
2871 5639 3057 5691 Πάντα
3094 5639 3195 5709 μὲν
3245 5639 3436 5695 ἁπλῶς
3491 5642 3586 5694 καὶ
3616 5638 3681 5692 τὰ

2108 5729 2166 5778 ἐν
2205 5726 2283 5795 τῷ
2303 5728 2459 5782 ἄστει
2479 5729 2574 5802 καὶ
2599 5729 2666 5781 τά
2693 5731 2753 5783 ἐν
2779 5735 2892 5795 τοῖς
2927 5733 3314 5801 στρατοπέδοις
3349 5735 3674 5804 τετάρακτο,

2107 5820 2398 5874 κάντεῦθεν
2430 5822 2624 5884 στάσις
2650 5820 2807 5889 αὖθις
2832 5825 3156 5896 συνηνέχθη,
3177 5825 3549 5904 Ἑμσαλάντες
3571 5825 3676 5896 γάρ
