4002 6250
287 300 389 366 θοι

1522 312 1933 374 ANNALIUM
1973 314 2124 375 LIB.
2173 315 2312 377 VII.

3438 319 3555 384 θίᾶ

287 412 367 476 είς
400 411 503 482 τὴν
553 412 663 467 τῶν
702 414 950 474 Σαϐίνων
989 418 1095 491 γῆν
1126 420 1177 474 οἱ
1226 422 1602 494 στρατίαρχοι,
1633 423 1857 479 Λούκιόν

1970 440 2171 480 eazsum
2204 441 2327 480 esse
2356 443 2372 478 ι
2401 426 2602 484 milites
2629 427 2697 482 ad
2720 427 2991 486 cadavera
3026 429 3270 487 tollenda
3298 433 3555 503 profecti.

284 520 410 556 τινα
456 504 641 560 Σίκιον
694 505 796 580 (1),
830 508 1002 583 ἄκρον
1033 529 1094 566 τε
1144 513 1216 567 τὰ
1257 515 1497 587 πολέμια
1538 518 1633 571 καὶ
1663 520 1721 572 ἐν
1752 517 1869 583 τοῖς

284 594 527 667 πρώτοις
553 596 650 652 τοῦ
685 600 881 671 ὁμίλου
921 605 1439 678 καταριθμούμενον
1460 649 1477 674 ,
1513 608 1637 678 μεθ’
1663 610 1869 680 ἑτέρων

284 687 362 754 ὥς
416 707 471 745 τι
538 693 743 766 χωρίον
800 697 1254 770 καταληψόμενον
1296 701 1566 774 ίέπεμψαν
1598 743 1613 767 ,
1654 705 1750 756 καὶ
1778 704 1867 757 διὰ

280 781 395 835 τῶν
426 785 968 855 συνεκπεμφθὼτιυν
994 790 1145 863 αύτῷ
1192 791 1286 846 τὸν
1319 792 1491 865 ἄνδρα
1530 794 1864 867 διέφθειραν.

277 873 459 943 Λόγου
483 875 528 929 δ’
555 877 635 940 είς
664 879 726 932 τὸ
758 882 1128 952 στρατόπεδον
1153 885 1462 953 γεγονότος,
1488 884 1564 947 ώς
1580 889 1735 959 παρὰ
1770 906 1868 944 πο-

276 966 487 1037 λεμίων
518 966 613 1023 τοῦ
642 972 837 1043 ἀνδρὸς
869 975 968 1029 σὺν
998 976 1184 1043 ἄλλοις
1210 978 1580 1051 ἀνῃρημένου,
1612 984 1663 1035 ot
1696 999 1861 1052 στρα-

272 1059 497 1128 τιῶται,
558 1061 850 1119 ἀνελέσθαι
883 1067 1013 1131 τοὺς
1046 1071 1278 1141 νεκροὺς
1319 1072 1689 1144 ὁρμήσαντες,
1711 1076 1866 1129 οὐδὲν

274 1151 442 1223 σῶμα
489 1155 600 1209 τῶν
654 1156 917 1213 ἐναντίων
975 1161 1288 1233 εὑρήκασι,
1353 1167 1583 1236 συχνοὺς
1639 1166 1695 1218 δὲ
1752 1167 1861 1222 τῶν

268 1244 594 1314 ὁμοφύλων,
628 1247 722 1313 οὓς
752 1250 782 1302 ὁ
809 1250 990 1316 Σίκιος
1030 1254 1396 1327 ἕπιθεμένους
1424 1256 1573 1328 αὐτῷ
1611 1259 1866 1314 ἀπέκτει-

266 1352 361 1392 νεν
395 1340 762 1415 ἀμυνόμενος.
819 1342 908 1408 Ὠς
930 1341 1024 1401 οὖν
1057 1347 1243 1420 κύκλῳ
1272 1366 1333 1403 τε
1366 1350 1536 1406 αὐτοῦ
1568 1353 1863 1424 κειμένους

266 1433 369 1485 καὶ
391 1435 814 1506 τετραμμένους
838 1437 976 1509 πρὸς
1010 1438 1178 1497 αὐτὸν
1204 1438 1370 1506 εἶδον,
1406 1441 1764 1512 ὐπετόπησαν
1795 1446 1860 1500 τὸ

264 1521 603 1594 γενόμενον,
650 1528 745 1581 καὶ
797 1528 982 1598 μέντοι
1034 1532 1130 1586 καὶ
1200 1532 1566 1607 ἐθορύϐησαν.
1612 1538 1758 1608 Πρὸς
1801 1537 1861 1593 δὲ

262 1618 380 1678 τοῖς
414 1618 512 1669 καὶ
543 1618 633 1672 διά
660 1637 713 1672 τι
744 1621 988 1677 τοιοῦτον
1009 1642 1024 1656 ο
1057 1624 1292 1687 Λούκιος
1315 1646 1400 1692 τις
1427 1626 1774 1702 Οὐεργίνιος,
1793 1632 1859 1686 ἐκ

261 1709 364 1763 τοῦ
417 1711 661 1782 πλήθους
709 1712 806 1778 ὢν,
853 1716 950 1771 καὶ
992 1716 1271 1790 θυγατέρα
1324 1720 1469 1791 ἔχων
1525 1721 1855 1794 περικαλλῆ,

263 1798 493 1866 Λουκίῳ
529 1801 767 1875 Ἰκιλλίῳ
794 1806 906 1860 τῶν
937 1807 1141 1877 ὁμοίων
1168 1809 1322 1882 αὐτῷ
1350 1811 1610 1867 ίκδώσειν
1636 1812 1852 1884 ἔμελλε.

260 1891 542 1962 Ταύτηςό
587 1895 861 1963 Κλαύδιος
895 1901 1176 1971 ἐρασθεὶς,
1235 1905 1330 1957 καὶ
1378 1904 1455 1976 μὴ
1486 1905 1708 1974 τυχών,
1752 1923 1859 1963 πα-

262 1985 512 2058 ρεσκεύα
523 1991 581 2042 σέ
599 2007 755 2057 τινας
788 1992 1210 2065 δουλαγωγῆσαι
1238 1997 1438 2068 αὐτήν.
1471 1997 1672 2053 Ἐλθὼν
1702 2000 1732 2054 ὁ
1759 1999 1860 2070 τῆς

260 2078 442 2152 κόρης
479 2082 666 2154 πατὴρ
713 2088 777 2138 ἐκ
816 2086 914 2140 τοῦ
957 2090 1365 2162 στρατοπέδου,
1403 2091 1853 2162 ἐδικαιολογεῖτο.

271 2166 370 2233 Ὠς
403 2170 464 2223 δὲ
490 2172 520 2225 ό
555 2172 824 2238 Κλαύδιος
853 2175 1062 2248 ταύτης
1113 2179 1558 2250 κατεψηφίσατο,
1606 2180 1857 2247 καὶτοῖς

257 2264 714 2338 διυλαγωγοῦσιν
738 2272 915 2335 αὐτὴν
976 2276 1009 2343 ἠ
1069 2274 1210 2346 κόρη
1267 2276 1570 2348 παρεδόθη,
1615 2278 1713 2332 καὶ
1764 2279 1856 2332 οὐ·

256 2358 380 2423 5st;
449 2363 772 2432 ἐπήμυνεν,
837 2366 1228 2438 ύπερήλγησεν
1300 2372 1329 2424 ό
1381 2370 1589 2442 ταύτης
1644 2373 1852 2444 πατὴρ,

256 2453 368 2507 καὶ
411 2452 524 2523 τὴν
588 2454 869 2529 θυγατέρα
922 2459 1106 2514 κοπίδι
1154 2462 1659 2534 διαχειρισάμενος,
1718 2465 1854 2536 πρὸς

255 2545 398 2609 τοὺς
436 2547 804 2615 στρατιώτας,
856 2550 932 2614 ώς
985 2546 1159 2623 εἶχεν,
1187 2555 1536 2626 ἐξώρμησεν.
1591 2555 1698 2619 Οὓς
1729 2556 1854 2611 οὐδὲ

258 2636 408 2705 πρὶν
434 2632 494 2690 εὖ
567 2637 952 2710 διακειμένους
974 2642 1150 2708 οὕτως
1186 2645 1474 2716 ἐτάραξεν,
1512 2648 1654 2703 ὥστε
1682 2648 1853 2713 εὐθὺς

257 2729 367 2782 ἐπὶ
413 2732 515 2800 τὴν
569 2731 727 2786 πόλιν
774 2733 913 2803 πρὸς
939 2735 1034 2789 τὸν
1068 2737 1344 2792 Κλαύδιον
1367 2740 1714 2810 ἐπειχθῆναι.
1744 2741 1856 2795 Καὶ

254 2823 313 2875 οἱ
359 2822 544 2892 ἕτεροι
585 2824 644 2878 δὲ
687 2826 738 2878 σί
785 2827 880 2880 ἐπὶ
923 2829 1052 2892 τοὺς
1101 2831 1369 2895 Σαϐίνους
1401 2834 1850 2905 ἐστρατευμένα,

255 2913 395 2966 tusi
427 2913 572 2966 τοῦτ’
615 2914 846 2987 ἔμαθον,
880 2919 944 2972 τό
996 2936 1059 2972 τε
1111 2921 1407 2993 τάφριυμα
1438 2923 1695 2991 ἐξέλιπον
1715 2941 1729 2955 ο
1757 2924 1856 2979 καὶ

256 3005 648 3076 συμμίξαντες
689 3012 801 3074 τοίς
861 3010 1094 3080 λοιποῖς,
1148 3014 1348 3086 ἄνδρας
1382 3017 1592 3071 εἴκοσιν
1640 3017 1854 3072 ἑαυτῶν

257 3100 710 3171 προεστήσαντο,
743 3104 838 3157 καὶ
867 3104 1022 3160 οὐδὲν
1058 3108 1257 3178 μικρὸν
1282 3108 1592 3177 ἐλογίζοντο
1621 3109 1850 3180 πρᾶξαι.

260 3191 392 3245 Καὶ
442 3192 503 3245 τὸ
549 3193 679 3248 ἄλλο
717 3195 775 3248 δὲ
808 3196 1014 3266 πλῆθος
1050 3197 1130 3268 τῷ
1174 3200 1233 3251 ιν
1272 3201 1337 3269 τῇ
1364 3200 1523 3253 πόλει
1560 3198 1850 3270 προσεχώ-

260 3298 445 3354 ρησεν
502 3284 716 3349 αὐτοῖς,
753 3288 845 3339 καὶ
906 3287 1025 3358 μετ’
1061 3290 1245 3343 αὐτῶν
1273 3289 1550 3360 ἐθορύϐει.
1595 3291 1684 3344 Ἐν
1721 3290 1847 3343 τού-

254 3389 387 3436 τοις
409 3374 439 3426 ό
472 3374 571 3444 μὲν
621 3375 891 3441 Κλαύδιος
921 3376 1186 3448 φοϐηθεὶς
1231 3377 1467 3448 ἐκρύϐη.
1510 3378 1753 3442 Ὄππιος
1787 3376 1845 3430 δὲ

258 3463 374 3532 τήν
409 3479 471 3515 τε
527 3461 729 3532 βουλὴν
810 3463 1067 3535 ῆθροισε,
1094 3466 1187 3518 καὶ
1222 3465 1445 3536 πέμψας
1491 3466 1727 3520 ἐπύθετο
1754 3465 1850 3519 τοῦ

1970 530 2095 570 cum
2131 516 2343 570 nullum
2377 516 2579 572 hostile
2608 534 2835 589 corpus,
2881 519 2978 575 sed
3009 521 3216 577 civium
3267 524 3552 594 complura

1970 607 2215 678 undique
2256 609 2403 664 circa
2460 608 2700 666 Siccium
2754 613 3017 683 iacentia,
3047 625 3105 670 et
3150 615 3219 670 ad
3265 631 3389 670 eum
3420 632 3558 673 con-

1966 714 2127 755 versa
2176 701 2453 762 viderent.
2512 718 2654 773 quos
2699 718 2760 758 se
2852 704 3202 761 defendendo
3275 707 3555 763 occiderat

1966 792 2252 862 suspicati,
2290 791 2424 863 quid
2472 808 2654 850 aetum
2697 804 2865 859 esset,
2922 807 2981 853 et
3024 797 3339 853 tumultuati
3399 808 3549 856 sunt.

1965 883 2086 941 Huc
2109 885 2259 940 aliud
2289 881 2505 943 facinus
2533 890 2790 944 accessit.
2836 884 3045 946 Lucius
3079 890 3361 958 Virginius
3382 891 3550 947 homo

1963 980 2233 1051 plebeius.
2269 980 2534 1051 virginem
2586 980 3045 1036 formosissimam
3082 981 3157 1055 _L.
3216 983 3369 1038 leilio
3404 983 3553 1052 ejus-

1964 1071 2090 1125 dem
2135 1071 2349 1126 ordinis
2390 1072 2511 1126 viro
2554 1071 2922 1142 desponderat
2955 1091 2970 1129 :
3020 1088 3186 1144 quam
3218 1088 3344 1127 cum
3369 1072 3548 1128 Clau-

1967 1162 2093 1217 dius
2122 1161 2424 1231 deperiret,
2452 1177 2556 1216 nec
2583 1172 2763 1216 tamen
2796 1178 2860 1217 ea
2888 1164 3053 1233 potiri
3077 1148 3289 1233 posset,
3313 1165 3547 1235 quibus.

1963 1252 2088 1308 dam
2121 1253 2401 1325 negotium
2433 1254 2585 1309 dedit
2630 1256 2861 1326 virginis
2912 1272 2966 1310 m
3019 1258 3344 1312 servitutem
3390 1274 3548 1314 asse-

1963 1345 2169 1402 renda}.
2220 1345 2392 1412 Quam
2430 1360 2554 1400 cum
2587 1356 2745 1416 pater
2772 1366 2803 1403 ε
2832 1348 3030 1403 castris
3058 1364 3318 1404 reversus
3346 1343 3542 1405 defen-

1972 1436 2149 1504 deret,
2226 1437 2494 1495 Claudius
2549 1449 2732 1495 autem
2799 1439 3258 1506 accusatoribus,
3325 1443 3547 1497 nemine

1964 1529 2317 1601 opitulante,
2369 1531 2655 1589 addiceret
2698 1548 2712 1586 :
2769 1540 2925 1603 pater
2969 1532 3159 1588 dolore
3211 1544 3543 1600 commotus,

1962 1616 2073 1676 ﬁlia
2103 1623 2284 1683 cultro
2321 1622 2634 1687 interfecta,
2660 1625 2844 1680 statim
2872 1625 2939 1681 ad
2985 1626 3192 1683 milites
3222 1638 3484 1699 properat
3519 1643 3537 1681 :

1962 1730 2102 1785 quos
2146 1729 2252 1769 nec
2292 1725 2420 1771 ante
2467 1715 2609 1772 bene
2643 1716 2869 1774 allectos
2921 1718 3004 1774 sic
3054 1719 3445 1789 perturbavit,
3486 1727 3549 1774 ut

1881 1795 1931 1856 B
1960 1819 2084 1858 mox
2112 1806 2166 1858 in
2196 1802 2363 1878 348
2387 1805 2582 1862 urbem
2615 1817 2809 1862 contra
2841 1807 3134 1865 Claudium
3160 1814 3548 1868 accurrerent.

1960 1890 2066 1950 Alii
2099 1888 2344 1969 quoque,
2391 1894 2487 1967 qui
2523 1909 2719 1953 contra
2751 1897 2988 1955 Sabinos
3029 1901 3368 1971 pugnabant,
3397 1916 3463 1956 ea
3488 1915 3549 1957 re

1959 1978 2220 2060 cognita,
2276 1989 2423 2044 vallo
2472 1988 2697 2046 deserto
2747 1992 3032 2062 congressi
3093 2009 3220 2048 cum
3271 1993 3540 2062 reliquis,

1957 2081 2095 2139 viris
2140 2097 2207 2136 xx
2267 2097 2483 2137 summa
2529 2098 2717 2138 rerum
2764 2083 3042 2148 mandata,
3085 2085 3219 2139 nihil
3258 2086 3541 2142 modicum

1955 2171 2292 2243 cogitarunt.
2340 2174 2594 2227 Accessit
2646 2173 2816 2228 etiam
2865 2174 3070 2228 urbana
3123 2173 3445 2239 multitudo,
3478 2187 3545 2228 ac

1958 2264 2253 2319 tumultum
2308 2263 2483 2318 auxit.
2543 2264 2758 2319 Interea
2812 2264 3079 2321 Claudius
3130 2282 3244 2336 prze
3295 2276 3446 2320 metu
3486 2279 3548 2320 se

1955 2355 2267 2412 abscondit.
2313 2354 2522 2427 Oppius
2566 2373 2720 2422 vero,
2757 2369 2949 2413 coacto
2981 2368 3202 2424 senatu,
3248 2358 3548 2430 perimer-

1956 2448 2182 2504 nuntios
2207 2447 2613 2503 multitudinem
2633 2458 3050 2519 percunctatur,
3080 2448 3212 2520 quid
3245 2449 3356 2504 sibi
3390 2449 3545 2504 velit.

1955 2540 2086 2608 Quze
2115 2557 2241 2595 eum
2288 2538 2351 2595 L.
2396 2537 2673 2597 Valerium
2722 2551 2778 2599 et
2823 2543 2894 2598 Μ.
2940 2543 3227 2599 Horatium
3272 2542 3545 2597 senatorii

1955 2634 2191 2700 ordinis,
2226 2636 2319 2692 sed
2348 2632 2610 2692 homines
2639 2633 2957 2705 populares,
2990 2633 3057 2688 ad
3085 2649 3145 2690 se
3178 2633 3322 2689 mitti
3356 2643 3549 2704 postue

1953 2726 2117 2792 laret,
2168 2744 2268 2799 per
2321 2746 2461 2801 quos
2518 2744 2848 2800 responsum
2921 2728 3123 2784 datura
3168 2737 3336 2794 esset,
3396 2729 3550 2799 iique

1955 2820 2107 2876 missi
2140 2838 2249 2876 non
2280 2831 2500 2878 essent:
2523 2823 2718 2878 veritis
2739 2822 2960 2878 dcerem
2985 2822 3141 2888 viris,
3172 2837 3240 2877 ne
3265 2831 3457 2877 contra
3487 2836 3561 2876 se.

1957 2910 2213 2965 consules
2257 2919 2588 2966 crearentur
2644 2913 2773 2982 (jam
2832 2912 2981 2966 enim
3045 2926 3240 2966 omnes
3290 2911 3546 2980 aderant)

1956 3003 2132 3074 major
2173 3002 2482 3075 indignatio
2528 3005 2719 3074 populi
2761 3013 2847 3059 est
2883 3013 3094 3059 exorta.
3151 3002 3268 3071 Qua
3318 3002 3549 3058 territus

1955 3105 2203 3160 senatus,
2235 3098 2321 3151 vel
2358 3097 2546 3153 invitis
2578 3097 2931 3163 decemviris,
2973 3096 3251 3153 Valerium
3283 3105 3339 3151 et
3371 3096 3549 3151 Hora-

1957 3187 2091 3244 tium
2135 3189 2407 3260 ablegavit
2455 3206 2468 3242 :
2520 3190 2939 3260 compositaque
2984 3186 3364 3243 controversia
3392 3226 3408 3251 ,
3459 3196 3548 3241 tu-

1953 3281 2162 3336 multus
2190 3282 2511 3336 auctoribus
2542 3281 2670 3336 data
2698 3291 2785 3337 est
2815 3280 3141 3351 impunitas,
3168 3278 3546 3334 decemviratu

1952 3375 2239 3446 abrogato.
2292 3375 2475 3431 Λιιηυί
2531 3390 2665 3432 vero
2713 3375 3068 3444 magistratus
3118 3388 3245 3428 cum
3278 3371 3395 3434 alii,
3427 3380 3543 3425 tum

1954 3468 2331 3530 tribunorum,
2375 3467 2573 3523 iisdem
2631 3466 3071 3530 conditionibus,
3137 3465 3345 3536 quibus
3391 3465 3548 3533 prius
3638 3478 3643 3481 '

262 3552 537 3623 πλήθους,
566 3553 620 3605 τί
659 3552 960 3622 βούλονται.
999 3555 1064 3610 Oi
1104 3555 1163 3608 δὲ
1213 3555 1305 3609 τὸν
1353 3556 1687 3628 Οὐαλλέριον
1721 3556 1851 3610 ιὶού·

1960 3568 2240 3618 steterant.
2277 3568 2407 3613 sunt
2444 3558 2709 3613 revocati.
2756 3557 2910 3614 Lecti
2944 3573 3070 3612 cum
3102 3557 3221 3619 alii,
3255 3564 3373 3609 tum
3414 3553 3555 3610 Viri
3584 3566 3597 3589 θ

258 3662 391 3700 κτον
430 3646 526 3699 καὶ
566 3645 658 3699 τὸν
690 3646 940 3718 Ὁράτιον
967 3647 1220 3717 Μάρκον,
1253 3647 1456 3718 ἄνδρας
1483 3649 1548 3701 ὲκ
1580 3647 1694 3701 τῶν
1731 3648 1857 3717 βου-

260 3736 479 3791 λευτῶν
512 3738 701 3802 αὐτοῖς
765 3738 1204 3809 προσκειμένους
1235 3779 1250 3802 ,
1287 3738 1612 3809 πεμφθῆναι
1669 3742 1856 3809 σφίσιν

1960 3750 2161 3813 gerunt
2213 3760 2226 3796 :
2280 3743 2375 3812 qui
2409 3753 2703 3811 antequam
2732 3756 2953 3795 causam
2984 3741 3256 3803 dicerent,
3292 3736 3394 3791 sibi
3433 3733 3569 3804 ipsi‘

260 3831 524 3901 ἐζήτουν,
555 3829 631 3895 ὥς
653 3847 708 3884 τι
734 3830 805 3884 δι’
826 3830 1054 3884 ἐκείνων
1081 3829 1571 3901 ἀποκρινούμενοι.
1614 3832 1769 3884 Ἐπεὶ
1796 3831 1856 3884 δὲ

1961 3850 2160 3889 manus
2190 3836 2518 3890 attulerunt.
2552 3836 2818 3903 Reliquos
2847 3841 3139 3888 accusatos
3168 3841 3223 3884 ct
3254 3828 3547 3883 damnatos

259 3923 375 3975 οὐκ
402 3922 792 3993 ἐπέμφθησαν,
840 3924 1198 3994 φοϐηθέντων
1245 3923 1358 3978 τῶν
1401 3924 1532 3978 δέκα
1563 3924 1848 3995 ἀρχόντων

1960 3926 2015 3980 in
2048 3925 2303 3981 exsiliunt
2332 3929 2645 3997 eiecerunt.

260 4017 399 4088 {ira
435 4017 547 4088 γὰρ
596 4017 800 4082 πάντες
836 4018 1116 4090 παρῆσαν)
1157 4020 1236 4090 μὴ
1284 4020 1619 4090 στρατηγοῖς
1657 4017 1844 4082 αὐτοῖς
1886 4019 2027 4089 κατ’⁸
2059 4020 2243 4074 αὐτῶν
2284 4022 2604 4092 χρήσαιντο,
2647 4017 2728 4072 ἔτι
2805 4015 3009 4087 μᾶλλον
3047 4011 3374 4083 ὠργίζοντοο
3435 4007 3546 4062 Ψδ⁴

264 4113 490 4171 ϐοςοῦν
540 4116 656 4177 τοϊς
696 4115 1019 4187 βουλευταῖς
1068 4116 1331 4169 ἐνέπεσεν
1369 4114 1433 4168 οὐ
1487 4116 1711 4186 μέτριος
1783 4115 2064 4180 ἐντεῦθεν,
2138 4117 2236 4170 καὶ
2309 4115 2400 4169 διὰ
2464 4115 2625 4170 τοῦτο
2675 4112 2772 4166 καὶ
2824 4110 2976 4181 παρὰ
3033 4106 3264 4177 γνώμην
3306 4103 3417 4157 τῶν
3448 4101 3549 4170 ἁρ‹

264 4209 483 4280 χόντων
511 4206 605 4261 τόν
654 4225 716 4262 τε
766 4209 1100 4279 Οὐαλλέριον
1138 4208 1293 4278 σφίσι
1323 4209 1423 4264 καὶ
1450 4208 1545 4265 τὸν
1581 4208 1836 4279 Ὁράτιον
1869 4207 2148 4279 ἔπεμψαν,
2203 4209 2315 4262 κάκ
2396 4207 2614 4270 τούτου,
2670 4203 3020 4271 συναλλαγῆς
3062 4198 3391 4269 γενομένης,
3425 4198 3544 4257 τοῖς

269 4301 376 4373 μὲν
408 4300 777 4371 θορυϐήσασιν
805 4299 1089 4354 sanum
1128 4300 1524 4371 παραχθέντων
1572 4301 1869 4372 ὲδόθη,καὶ
1904 4302 1939 4371 η
2014 4301 2279 4370 δεκαρχία
2322 4298 2589 4368 κατελύθη
2624 4314 2639 4330 ·
2679 4297 2738 4350 αἱ
2789 4297 2847 4349 δὲ
2884 4295 3124 4347 ἐπέτειοι
3165 4290 3356 4362 ἁρχαὶ,
3386 4290 3450 4343 αἶ
3485 4307 3547 4343 τε

265 4395 458 4448 λοιπαὶ
489 4393 587 4446 καὶ
614 4394 672 4447 αἱ
705 4392 814 4447 τῶν
855 4392 1156 4463 δημάρχων
1190 4393 1289 4446 ἐπὶ
1339 4395 1456 4456 τοῖς
1497 4393 1687 4456 αὐτοῖς
1748 4393 2071 4464 προνομίας
2113 4392 2457 4462 ἐπανῆλθον,
2520 4389 2609 4458 ἐφ’
2666 4383 2747 4452 οἷς
2797 4384 2988 4458 πρώην
3044 4379 3209 4455 ἦσαν.
3296 4382 3549 4436 Ἀποδει-

266 4489 501 4561 χθέντες
528 4487 589 4542 δὲ
624 4488 891 4559 ἄρχοντες
921 4486 1075 4541 ἄλλοι
1128 4505 1190 4541 τε
1251 4488 1348 4542 καὶ
1394 4488 1737 4559 Οὐεργίνιος,
1764 4490 1858 4543 τὸν
1897 4490 1997 4558 μὲν
2034 4491 2277 4542 Ὄππιον
2314 4487 2407 4542 τόν
2473 4504 2534 4539 τε
2595 4485 2869 4538 Κλαύδιον
2896 4483 2978 4546 είς
3010 4480 3392 4553 δεσμωτήριον
3429 4476 3547 4530 ἑ.νέ-

1955 3649 2161 3720 ginius,
2190 3647 2429 3719 Oppium
2469 3659 2526 3704 et
2559 3648 2852 3705 Claudium
2903 3650 2957 3702 in
2993 3662 3277 3703 carcerem
3316 3646 3575 3714 compe-'
3646 3686 3651 3689 .

267 4584 460 4647 ϐαλον,
501 4580 553 4635 οἱ
603 4582 736 4651 πρὶν
772 4580 1103 4650 εὐθυνθῆναι
1155 4581 1383 4645 ἑαυτοὺς
1438 4580 1861 4654 διεχειρίσαντο,
1900 4584 2031 4646 τοὺς
2069 4585 2126 4637 δὲ
2158 4584 2381 4646 λοιποὺς
2415 4580 2749 4653 ἐγράψαντο,
2786 4579 2887 4630 καὶ
2923 4575 3139 4639 ἑλόντες
3174 4575 3470 4645 ἐξήλασαν.

314 4677 447 4731 γιον.
487 4674 551 4727 Οί
595 4671 642 4726 δ’
685 4670 883 4729 ὕπατοι
935 4671 1085 4743 (τότε
1155 4672 1269 4743 γὰρ
1339 4671 1565 4741 λέγεται
1634 4673 1857 4745 πρῶτον

2037 4674 2179 4729 XIX.
2216 4673 2482 4730 Consules
2527 4686 2658 4725 vero
2711 4667 2938 4739 (quibus
3003 4676 3119 4722 tum
3184 4667 3426 4736 primum
3489 4663 3544 4719 id

270 4768 519 4830 ὑπάτους
593 4765 798 4831 αὐτοὺς
870 4767 1435 4837 προσαγορευθῆναι,
1507 4767 1853 4839 στρατηγοὺς

272 4858 646 4932 καλουμένους
685 4858 749 4912 τι,
780 4859 1066 4930 πρότερον)
1106 4854 1247 4929 ἦσαν
1278 4859 1337 4913 δὲ
1377 4859 1712 4929 Οὐαλλέριος
1755 4860 1855 4915 καὶ

1958 4783 2162 4822 nomen
2190 4767 2395 4821 factum
2428 4781 2551 4820 esse
2585 4763 2784 4824 fertur,
2813 4773 2940 4817 eum
2977 4771 3109 4816 ante
3153 4769 3417 4830 praetores
3449 4775 3546 4812 vo-

1959 4861 2239 4923 carcntur)
2281 4854 2530 4909 Valerius
2563 4863 2620 4908 et
2670 4853 2950 4913 Horatius,
3000 4860 3056 4906 et
3114 4862 3230 4904 tum
3275 4851 3539 4919 deinceps

1958 4952 2294 5007 multitudini
2312 4948 2897 5019 addicti,plebeiorum
2914 4964 3050 5015 opes
3074 4947 3243 5015 magis
3264 4961 3428 5015 quam
3452 4960 3551 5013 pa-

280 4948 561 5022 Ὁράτιος,
591 4949 689 5002 καὶ
706 4948 828 5001 τότε
861 4949 956 5001 καὶ
989 4949 1287 5018 μετέπειτα
1330 4948 1411 5020 τῷ
1445 4951 1649 5020 πλήθει
1676 4966 1851 5021 προσ-

1962 5053 2109 5098 trum
2131 5043 2444 5097 ﬁrmarunt.
2468 5042 2661 5110 Itaque
2677 5048 2865 5111 patres
2893 5037 3190 5094 immunita
3219 5036 3551 5092 auctoritate

272 5039 509 5104 ἀκειντσ,
563 5040 662 5093 καὶ
730 5039 934 5109 μᾶλλον
991 5038 1194 5103 αὐτοὺς
1244 5040 1280 5110 ἢ
1334 5040 1466 5103 τοὺς
1516 5041 1856 5111 εὐπατρίδας

274 5129 606 5204 ικράτυναν.
656 5131 1083 5202 Ἐλαττούμενοι
1141 5127 1235 5185 οὖν
1266 5132 1319 5184 σί
1371 5131 1701 5201 ιύπατρῖδαι
1728 5131 1852 5187 οὐτε

1960 5147 2139 5206 neque
2163 5133 2324 5189 facile
2341 5132 2760 5198 conveniebant,
2779 5147 2958 5201 neque
2982 5131 3220 5185 ullarum
3247 5142 3430 5182 rerum
3448 5122 3547 5195 pu-

277 5226 465 5298 ρᾲδιον
501 5224 879 5292 συνελέγοντο,
908 5223 1033 5277 οὐτε
1063 5225 1135 5278 τὰ
1179 5222 1484 5295 πράγματα
1534 5227 1623 5278 ἐπ’
1667 5227 1856 5291 αὐτοῖς

1962 5232 2218 5278 tostatem
2259 5237 2485 5293 prorsus
2528 5222 2635 5276 sibi
2686 5222 3064 5275 vindicabant.
3120 5217 3261 5283 Quin
3312 5214 3548 5269 tribunis

276 5316 501 5373 ἐποίουν
547 5317 928 5382 παντάπασιν,
986 5318 1124 5372 ἀλλὰ
1187 5317 1286 5370 καὶ
1346 5316 1476 5382 τοὺς
1536 5318 1856 5389 δημάρχους

1961 5316 2127 5372 etiam
2147 5316 2202 5368 in
2221 5314 2607 5381 conventibus,
2626 5313 2890 5384 auspiciis
2903 5310 3095 5365 utendi
3118 5309 3432 5362 facultatem
3450 5322 3548 5374 per

275 5409 646 5483 οίωνοσκοπίᾳ
674 5410 732 5465 ιν
776 5409 1061 5479 συλλόγοις
1091 5410 1328 5483 χρῆσθαι
1357 5411 1684 5475 δεδώκασιν,
1709 5410 1737 5462 ὂ
1765 5411 1855 5464 λό-

1965 5410 2193 5466 honorls
2218 5411 2459 5480 speciem
2503 5414 2900 5463 concesserunt
2949 5401 3028 5472 (id
3060 5401 3207 5456 enim
3243 5414 3444 5454 munus
3478 5398 3548 5456 ab

1474 5529 1557 5590 Va
1569 5528 1674 5589 rius
1716 5524 2026 5592 lectiones
2070 5535 2132 5593 et
2156 5532 2349 5590 noue.

349 5662 439 5732 (l1
462 5638 726 5732 Ᾰούέιὸν
748 5674 887 5732 τινα
912 5659 1139 5732 Σίκιον.
1168 5657 1309 5713 Hinc
1326 5656 1706 5732 emendandus
1730 5658 1857 5713 Am-

1965 5654 2307 5732 !nujtitudine
2331 5669 2672 5721 coronarum.
2708 5638 2942 5707 Siccium
2969 5642 3140 5704 etiam
3184 5654 3347 5705 vocat
3376 5644 3539 5703 Dion.

280 5725 508 5792 Amianus
563 5729 932 5796 Marcellinus,
976 5729 1073 5783 lib.
1100 5744 1225 5793 xxv,
1254 5727 1346 5798 qui
1376 5725 1634 5798 Sicinium
1657 5740 1854 5798 vocat:
1966 5726 2434 5784 Halicarnasseus.

286 5804 546 5862 Sicinium
592 5801 878 5855 Dentatum
934 5797 1196 5864 adiiciat,
1236 5796 1483 5854 ornatum
1543 5796 1855 5853 militarium
