4008 6250
524 333 634 398 603

1824 345 2145 407 ,ΙΟΑΝΝΙΞ
2179 346 2498 408 ΖΟΝΑΒΞΕ

3682 345 3780 412 θοι

525 449 925 519 antiquissimis
945 456 1282 524 temporibus
1312 456 1379 512 ad
1406 460 1552 515 solos
1575 462 1837 529 patricios
1858 463 2104 533 pertine-

2211 479 2292 532 γῳ
2350 464 2452 532 μὲν
2479 461 2646 533 τιμὴν
2699 462 2881 528 αὐτοῖς
2929 463 3091 534 ἔφερε
3153 465 3247 518 καὶ
3288 462 3528 535 ἀξίωμα,
3583 465 3780 536 (μόνοις

528 541 641 607 bat)
671 557 796 598 cum
823 560 1014 601 revera
1042 546 1096 601 id
1120 560 1368 617 agerent,
1397 568 1466 607 ne
1493 554 1698 608 tribuni
1727 567 1780 610 et
1811 556 2106 611 multitudo

528 633 748 701 quidvis
777 643 982 692 temere
1011 648 1258 709 agerent,
1310 643 1408 698 sed
1447 661 1542 714 per
1575 662 1796 701 causam
1828 649 2108 721 auspicio-

526 736 651 776 rum
683 724 978 795 aliquando
1028 727 1457 799 impedirentur.
1504 734 1731 791 Patricii
1765 748 1825 793 et
1881 747 2107 795 senatus

528 814 657 869 irati
702 819 1051 887 consulibus,
1102 830 1164 875 ut
1192 824 1380 894 populi
1419 826 1748 894 fautoribus,
1780 845 1883 886 nec
1914 831 2110 887 trium-

524 905 695 973 phum
721 907 1114 979 decreverunt,
1163 916 1416 984 quamvis
1455 928 1691 990 uterque
1717 921 1909 977 hostes
1940 921 2106 978 vicis-

529 1004 634 1064 set,
660 1007 716 1054 et
744 1004 931 1057 neutri
959 1003 1105 1059 diem
1136 1007 1204 1061 de
1232 1023 1386 1064 more
1418 1010 1769 1082 assignarunt
1799 1032 1813 1069 :
1845 1015 1941 1069 sed
1962 1015 2108 1070 mul-

528 1088 711 1178 titudo
745 1102 804 1147 et
837 1094 1065 1150 biduum
1098 1097 1267 1155 ferias
1294 1102 1614 1166 celebravit,
1659 1115 1717 1160 et
1765 1106 2105 1178 triumphum

525 1176 640 1233 illis
685 1179 957 1239 decrevit.
1012 1185 1089 1240 Ea
1128 1188 1406 1246 discordia
1453 1192 1582 1248 freti
1624 1194 1833 1263 hostes,
1869 1176 2107 1268 receptis

528 1272 695 1346 349
721 1278 920 1334 animis
946 1280 1226 1340 Romanos
1251 1286 1594 1343 invaserunt.
1630 1290 1788 1346 Anno
1817 1303 2103 1361 sequente,

527 1363 711 1422 Marco
738 1368 978 1426 Genutio
1011 1382 1067 1428 et
1098 1373 1162 1430 C.
1192 1375 1384 1433 Curtio
1421 1381 1763 1449 consulibus,
1794 1387 2103 1441 contentio-

528 1470 631 1513 nes
656 1461 1044 1534 relindegrate
1109 1475 1258 1524 sunt.
1311 1470 1447 1525 Nam
1492 1473 1722 1544 plebeiis
1759 1478 2104 1534 consulatum

504 1554 915 1621 expetentibus
946 1597 961 1622 ,
989 1559 1139 1627 quod
1167 1562 1384 1631 patricii
1410 1564 1477 1619 ad
1509 1565 1724 1635 plebem
1752 1576 2107 1626 transeuntes

531 1642 870 1700 tribunatum
900 1662 1159 1717 gererent
1196 1671 1210 1709 :
1247 1654 1493 1723 patriciis
1523 1672 1657 1711 vero
1681 1659 1886 1714 acriter
1915 1661 2104 1717 defen-

496 1750 497 1753 η
530 1736 803 1803 limitibus,
857 1743 1029 1798 multa
1057 1745 1328 1801 violenter
1350 1747 1583 1803 invicem
1604 1750 1827 1819 etjdicta
1866 1760 1923 1807 et
1960 1752 2101 1809 facta

528 1837 678 1883 sunt.
717 1830 797 1886 Ne
824 1834 954 1903 quid
987 1851 1114 1891 vero
1139 1837 1388 1895 deterius
1416 1853 1767 1912 sequeretur,
1801 1843 2107 1916 locupletes

532 1918 907 1987 magistratum
942 1924 1118 1994 ipsum
1148 1927 1289 1995 plebi
1325 1940 1742 1996 concesserunt,
1771 1933 1866 1988 sed
1896 1946 2102 1991 nomen

502 2024 640 2063 "non
663 2016 1144 2072 communicarunt
1173 2037 1186 2074 :
1217 2020 1586 2093 dixeruntque
1617 2024 1870 2081 tribunos
1900 2027 2106 2083 milita-

531 2113 620 2154 res
670 2117 771 2171 pro
827 2107 1172 2173 consulibus,
1216 2126 1287 2166 ne
1341 2112 1673 2168 honoratum
1716 2117 2106 2174 vocabuluma

529 2193 841 2259 promiscua
869 2198 1026 2250 turba
1063 2198 1468 2269 inquinaretur.
1492 2202 1705 2259 Placuit
1733 2205 1899 2275 igitur
1920 2216 2108 2262 ternos

528 2285 597 2337 ab
637 2294 870 2356 utraque
908 2288 1146 2346 factione
1194 2293 1448 2349 tribunos
1482 2295 1670 2366 deligi,
1699 2298 1935 2353 duorum
1972 2315 2107 2354 con-

531 2375 711 2429 sulum
743 2377 887 2433 loco.
925 2378 1116 2450 Neque
1154 2392 1337 2438 tamen
1377 2384 1574 2440 borum
1637 2403 1839 2444 nomen
1883 2389 2106 2460 penitus

529 2465 754 2533 defecit,
797 2484 923 2524 cum
972 2471 1110 2527 alias
1142 2474 1354 2530 tribuni
1383 2489 1731 2535 crearentur.
1774 2483 1957 2551 Atque
1990 2482 2107 2540 haec
2137 2534 2146 2545 .

531 2558 608 2612 ita
640 2572 763 2614 esse
803 2571 924 2617 acta
971 2565 1232 2620 traditum
1280 2580 1384 2623 est.
1423 2570 1732 2627 Dictatores
1778 2581 1964 2629 autem
1993 2590 2106 2628 non

494 2668 495 2671 η
529 2649 633 2702 soli
674 2652 930 2708 consules
972 2657 1245 2726 (quamvis
1281 2673 1474 2713 eorum
1515 2662 1838 2729 auctoritas,
1887 2663 2104 2719 illorum

535 2738 853 2808 magistratu
904 2745 1078 2799 multo
1124 2747 1308 2802 minor
1341 2749 1510 2820 esset)
1556 2751 1653 2806 sed
1703 2753 1905 2808 tribuni
1936 2756 2103 2810 etiam

532 2829 830 2898 aliquando
874 2826 1254 2907 designarunt.
1308 2838 1507 2896 Fertur
1553 2851 1736 2899 tamen
1783 2847 1969 2903 nullus
2006 2863 2106 2902 un-

530 2934 696 2987 quam
744 2923 1001 2981 tribunus
1050 2929 1441 3000 triumpbasse,
1474 2935 1727 3003 quamvis
1767 2938 1925 2993 multi
1960 2955 2105 3010 saepe

530 3008 720 3067 hostes
763 3014 1045 3073 vicissent.
1091 3020 1170 3076 Ac
1212 3023 1419 3078 tribuni
1454 3034 1569 3079 tum
1604 3026 1711 3081 hoc
1738 3029 1904 3084 modo
1931 3008 2102 3087 creati

530 3114 684 3160 sunt.
726 3106 1000 3165 Censores
1027 3127 1160 3168 vero
1192 3130 1337 3169 anno
1372 3126 1657 3186 sequente,
1687 3119 1923 3177 Barbato
1949 3130 2007 3179 et
2029 3124 2101 3181 Μ.
2131 3152 2175 3209 C

533 3194 777 3252 Macrino
823 3213 968 3255 coss.
1025 3202 1299 3274 designati
1339 3216 1467 3260 sunt
1514 3207 1576 3262 L.
1617 3210 1899 3280 Papyrius,
1944 3225 2001 3270 et
2036 3215 2099 3270 L.

532 3287 916 3357 Sempronius.
946 3292 1151 3348 Eorum
1179 3299 1402 3354 creandi
1431 3316 1592 3356 causa
1630 3302 1756 3369 fuit,
1789 3308 1934 3376 quod
1970 3325 2104 3365 con-

448 3438 457 3449 _
529 3376 680 3433 sules
699 3382 770 3435 ob
799 3383 1212 3442 multitudinem
1258 3391 1444 3447 omnia
1473 3397 1693 3466 negotia
1735 3401 1962 3471 exsequi
1994 3419 2102 3458 non

482 3490 485 3493 ς
528 3477 809 3539 poterant.
859 3475 995 3532 Nam
1044 3479 1171 3549 jura
1224 3485 1549 3542 censoribus
1604 3491 1870 3548 attributa
1920 3495 1989 3550 ad
2048 3496 2103 3551 id

488 3564 509 3577 “
534 3574 710 3630 usque
743 3571 959 3635 tempus
996 3576 1306 3627 tenuerant.
1357 3572 1434 3628 Ac
1477 3576 1753 3650 principio
1787 3581 1901 3637 bini
1949 3583 2103 3642 fuere

436 3662 794 3735 rfzrcensores
850 3658 1111 3728 patricii,
1171 3663 1265 3733 qui
1324 3664 1482 3722 initio
1548 3679 1605 3723 et
1679 3680 1960 3740 postremo
2033 3677 2102 3732 ad

432 3734 966 3818 "“i’“quinquennium
1013 3752 1406 3823 imperarunt:
1453 3758 1745 3833 interjecto
1792 3780 1925 3821 vero
1965 3776 2103 3823 tem-

525 3852 703 3908 pore,
755 3859 972 3900 menses
1021 3863 1152 3903 xvm
1208 3849 1456 3921 ipsisque
1525 3856 1844 3914 consulibus
1910 3875 2104 3930 quam-

518 3929 609 4005 ‘vis
674 3941 830 4001 parte
903 3934 1174 3993 duntaxat
1233 3943 1525 4009 potestatis
1582 3958 1774 4000 eorum
1838 3929 2098 4018 accepta,

523 4023 843 4086 superiores
897 4040 1211 4085 evaserunt.
1266 4032 1525 4090 Muneris
1559 4051 1752 4092 eorum
1798 4037 1937 4104 fuit,
1991 4057 2101 4110 .pu»

527 4116 673 4172 blica
735 4117 1022 4187 vectigalia
1059 4121 1280 4178 elocare
1307 4162 1321 4188 ,
1359 4125 1479 4180 vias
1527 4135 1582 4182 et
1622 4127 1839 4196 publica
1871 4130 2100 4186 aedilicia

525 4220 745 4270 curare,
777 4207 1048 4276 cujusque
1099 4208 1394 4267 facultates
1438 4215 1773 4278 describere.
1808 4233 1992 4274 mores
2016 4220 2099 4276 ci-

523 4298 671 4351 vium
704 4300 998 4354 observare
1030 4308 1087 4354 et
1114 4301 1404 4372 explorare
1438 4323 1453 4360 :
1491 4320 1556 4360 ac
1602 4306 1760 4363 laude
1791 4308 2007 4380 dignos,
2039 4311 2094 4367 in

472 4400 479 4407 “
523 4387 722 4450 tribus,
747 4387 802 4442 in
834 4389 1084 4445 ordinem
1104 4403 1444 4462 equestrem,
1476 4395 1532 4450 in
1564 4408 1819 4453 senatum
1858 4399 2093 4467 referre,

508 4491 628 4546 ,pro
694 4479 961 4550 cujusque
1011 4482 1223 4538 meritis

527 4569 724 4623 eodem
781 4571 945 4627 modo
975 4588 1042 4627 ex
1081 4574 1206 4629 albo
1238 4575 1446 4631 delere.
1492 4577 1554 4632 ld
1590 4579 1736 4646 quod
1770 4582 1945 4651 majus
1980 4593 2102 4639 erat

528 4660 599 4715 iis
626 4662 905 4730 omnibus,
937 4680 1060 4734 qua:
1099 4668 1418 4722 consulibus
1465 4668 1945 4740 relinquebantur.
1989 4673 2099 4729 Βε-

524 4754 658 4808 bant
706 4767 889 4810 autem
928 4756 984 4810 in
1036 4772 1368 4829 unoquoque
1408 4761 1832 4831 jusjurandum,
1890 4781 1952 4820 se
1996 4783 2101 4823 nec

521 4847 697 4916 gratia
761 4863 867 4903 nec
917 4848 1047 4904 odio
1103 4850 1405 4920 quidquam
1461 4862 1683 4908 acturos
1746 4872 1760 4909 :
1833 4855 1930 4911 sed
1977 4859 2098 4912 sin-

522 4953 655 4993 cero
712 4941 939 5006 animo,
1004 4954 1071 4995 ea
1135 4955 1258 5010 qua:
1315 4955 1346 4996 e
1424 4943 1701 5012 republica
1753 4955 1977 5014 essent,
2042 4958 2101 5004 et

519 5031 973 5097 deliberaturos,
1034 5042 1094 5088 et
1178 5043 1423 5089 acturos.
1493 5034 1761 5105 Populum
1840 5037 1972 5094 item
2029 5039 2099 5095 ad

523 5124 794 5195 rogandas
858 5125 1050 5195 leges,
1101 5124 1266 5196 350
1324 5128 1542 5197 aliaque
1603 5129 1790 5183 munia
1836 5145 2101 5187 convoca-

520 5214 652 5268 lzant
710 5232 724 5268 :
779 5222 835 5268 et
907 5215 1171 5285 majorum
1230 5217 1648 5287 magistratuum
1715 5221 2095 5287 ornamentis,

519 5303 809 5359 lictoribus
855 5306 1120 5375 exceptis,
1172 5309 1491 5364 utebantur.
1526 5309 1606 5364 Ac
1653 5310 1759 5364 tale
1806 5326 2095 5368 censorum

2208 554 2318 625 γὰρ
2372 555 2529 609 τοῦτο
2586 557 2651 608 ἐκ
2710 555 2855 610 πάνυ
2935 555 3170 625 ἀρχαίου
3241 558 3355 619 τοῖς
3426 557 3781 629 εὐπατρίδαις

2210 646 2608 718 ἐπετέτραπτο)
2666 648 2815 719 ἔργῳ
2871 648 2931 702 δὲ
2991 648 3225 717 κώλυμα
3289 643 3502 720 ἦν,ἴνα
3559 651 3639 723 μὴ
3688 653 3782 723 ρᾳ.

2208 738 2337 802 δίως
2379 740 2430 792 οἱ
2481 738 2754 811 δήμαρχοι
2799 739 2894 794 καὶ
2957 739 3019 793 τὸ
3079 738 3282 809 πλῆθος
3350 741 3453 795 ὅσα
3512 743 3782 813 βούλοιντο

2209 829 2544 899 πράττοιεν,
2613 829 2755 883 ἀλλὰ
2837 828 3113 900 προφάσει
3199 831 3298 899 τῆς
3383 833 3779 905 οἰωνοσκοπίας

2210 919 2360 972 ἔστιν
2412 913 2475 975 οὗ
2533 919 2931 991 ἐμποδίζοιντο.
2989 919 3314 991 Ἀθχόμενοι
3356 920 3414 974 δὲ
3468 924 3587 983 τοῖς
3646 924 3782 978 ὐπάυ

2208 1028 2324 1075 τοις
2357 1011 2413 1065 οί
2461 1029 2519 1066 τε
2557 1012 2908 1083 ¹εὐπατρίδαι
2957 1011 3052 1067 καὶ
3108 1012 3141 1084 ή
3206 1012 3392 1084 βουλὴ,
3434 1012 3511 1078 ὡς
3567 1013 3637 1068 τὰ
3692 1015 3781 1069 τοῦ

2209 1103 2457 1175 πλήθους
2536 1104 2875 1176 φρονοῦσιν,
2941 1105 3044 1160 οὐκ
3088 1104 3433 1177 ἐψηφίσαντο
3508 1109 3663 1176 σφίσι
3717 1108 3782 1163 τὰ

2209 1197 2478 1259 ἐπινίκια.
2510 1199 2749 1269 πόλεμον
2795 1199 3058 1270 ἐκατέρου
3097 1204 3459 1273 νικήσαντος,
3497 1200 3615 1254 οὐθ’
3651 1203 3782 1272 ήμέ-

2209 1305 2315 1359 ραν
2359 1290 2575 1358 ἑκάστῳ
2624 1291 2929 1363 ἀπένειμαν
2977 1290 3168 1365 ὥσπερ
3207 1292 3445 1359 εἴθιστο,
3496 1295 3574 1350 Th
3607 1296 3781 1364 μέντοι

2209 1381 2417 1452 πλῆθος
2491 1384 2587 1437 ἐπὶ
2633 1385 2745 1439 δύω
2802 1402 2862 1437 τε
2921 1384 3138 1455 ἡμέρας
3196 1386 3444 1456 ἐὼρτασε
3481 1428 3496 1451 ,
3546 1388 3781 1452 καὶτοῖς

2208 1472 2436 1536 ὑπάτοις
2493 1473 2559 1527 τά
2623 1476 2923 1545 νικητήρια
2994 1476 3352 1546 ἐψηφίσαντο.
3430 1477 3623 1541 Οὕτως
3693 1473 3780 1532 οὖν

2208 1562 2267 1624 ἐς
2332 1561 2597 1632 διαφορὰς
2660 1564 2771 1616 τῶν
2860 1564 3149 1635 Ῥωμαίων
3212 1566 3516 1633 ἐλθόντων,
3575 1570 3625 1622 οἱ
3702 1572 3781 1623 ἐν.

2208 1651 2401 1715 αντίοι,
2435 1654 2640 1721 σφίσιν,
2699 1654 3187 1726 ἀναθαρσήσαντες
3213 1698 3226 1722 ,
3289 1657 3530 1729 ἐπῄεσαν
3575 1659 3775 1721 αὐτοῖς.

2207 1745 2298 1815 Τῷ
2330 1746 2377 1799 δ’
2410 1745 2538 1817 ἐξῆς
2575 1745 2685 1799 ἔτει
2713 1748 2940 1819 Μάρκου
2970 1748 3261 1801 Γενουκίοι»
3288 1752 3383 1803 καὶ
3416 1750 3578 1803 Γαΐου
3611 1752 3778 1822 Κουρ·

2206 1836 2325 1890 τίου
2386 1837 2811 1903 ὑπατευόντων,
2856 1840 2944 1892 ἐπ’
3001 1838 3265 1909 ἀλλήλους
3337 1841 3660 1909 ἐτράποντο.
3721 1844 3783 1897 οἵ

2206 1941 2268 1979 τε
2298 1927 2407 1998 γὰρ
2436 1926 2530 1981 τοῦ
2556 1928 2798 1998 πλήθους
2829 1929 2925 1983 καὶ
2976 1929 3270 1983 ὑπατεύειν
3308 1930 3527 1999 ἤθελον,
3555 1931 3781 2003 ἐπείπερ

2206 2019 2555 2091 ἐδημάρχουν
2606 2022 2655 2074 oi
2709 2021 3033 2092 εὐπατρίδαι
3084 2023 3223 2092 πρὸς
3268 2023 3467 2086 αὐτοὺς
3526 2025 3782 2095 μεθιστά-

2189 2125 2386 2179 -μενοι,
2442 2112 2553 2165 Καὶ
2599 2112 2658 2164 ai
2685 2112 3010 2182 εὐπατρίδαι
3042 2112 3164 2167 λίαν
3201 2114 3301 2183 τῆς
3350 2115 3559 2169 ὑπάτου
3613 2117 3782 2188 ἀρχῆς

2208 2201 2564 2272 περιείχοντο,
2617 2203 2714 2258 καὶ
2762 2203 2935 2259 πολλὰ
3002 2202 3125 2258 κατ’
3187 2204 3429 2275 ἀλλήλων
3490 2210 3588 2261 καὶ
3638 2208 3781 2278 βίαια

2207 2292 2395 2363 ἔλεγόν
2419 2311 2479 2348 τε
2519 2296 2618 2349 καὶ
2657 2296 2952 2366 ἔπραττον.
2997 2296 3118 2350 Ἵνα
3155 2298 3210 2350 δὲ
3241 2296 3317 2367 μή
3352 2296 3491 2368 πρός
3516 2314 3570 2351 τι
3601 2302 3781 2369 χείρον

2205 2386 2526 2457 χωρήσωσι,
2561 2389 2656 2441 τοῦ
2706 2389 2809 2458 μὲν
2860 2388 3024 2461 ἔργου
3069 2389 3169 2458 τῆς
3219 2390 3524 2460 ἡγεμονίας
3581 2392 3634 2443 οἱ
3691 2391 3780 2443 δυ-

2207 2482 2359 2531 νατοὶ
2414 2479 2600 2543 αὐτοῖς
2655 2480 3061 2552 παρεχώρησαν
3092 2489 3107 2511 ⁶
3165 2481 3261 2535 τοῦ
3309 2481 3368 2536 δέ
3415 2484 3686 2553 ὀνόματος
3723 2484 3780 2537 οὐ

2211 2569 2549 2638 μετέδωκαν,
2584 2570 2702 2626 ἀλλ’
2731 2572 2848 2626 ἀνθ’
2873 2572 3096 2626 ὑπάτων
3126 2573 3443 2643 χιλιάρχους
3468 2574 3785 2645 ὠνόμασαν,

2211 2662 2298 2716 ἵνα
2333 2663 2407 2732 μὴ
2446 2662 2509 2715 τὸ
2533 2662 2635 2732 τῆς
2662 2664 2908 2735 κλήσεως
2937 2663 3158 2734 ἔντιμον
3183 2663 3264 2733 τῷ
3319 2666 3567 2734 σύρφακι
3613 2669 3785 2738 ὁμίλῳ

2208 2751 2733 2820 καταρῤυπαίνοιτο.
2783 2751 2896 2805 Καὶ
2949 2755 3100 2824 τρεῖς
3132 2753 3229 2821 ἀφ’
3259 2753 3540 2827 ἑκατέρων
3572 2757 3786 2828 χιλιάρ-

2207 2858 2338 2911 χους
2364 2842 2486 2896 ἀντὶ
2520 2842 2632 2896 τῶν
2661 2842 2757 2897 δύο
2784 2844 3008 2898 ὑπάτων
3054 2848 3330 2918 αἱρεῖσθαι
3374 2849 3681 2915 συνέδοξεν.
3711 2852 3782 2905 Οὐ

2209 2932 2393 3002 μέντοι
2418 2934 2481 2987 τὺ
2514 2935 2623 2989 τῶν
2657 2936 2884 2990 ὑπάτων
2936 2937 3153 3002 ἐξέλιπε
3203 2940 3388 2993 τέλεον
3419 2941 3621 3011 ὄνομα,
3652 2942 3786 2996 ἀλλὰ

2207 3023 2336 3077 ποτὲ
2369 3025 2467 3093 μὲν
2504 3025 2704 3080 ὕπατοι
2737 3026 3062 3082 καθίσταντο
3090 3030 3223 3083 ποτέ
3273 3031 3331 3084 δέ
3379 3049 3443 3099 γε
3487 3031 3783 3103 χιλίαρχοι.

2207 3116 2364 3171 Οὕτω
2396 3117 2498 3188 μὲν
2556 3118 2734 3173 ταῦτα
2795 3120 3162 3191 παραδέδοται
3206 3123 3472 3192 γίνεσθαι,
3512 3125 3696 3178 καίτοι
3727 3126 3785 3177 οὐ

2210 3205 2370 3275 μόνον
2391 3208 2499 3261 τῶν
2520 3209 2745 3263 ὑπάτων
2769 3212 3099 3282 δικτάτορας
3120 3190 3477 3282 ἀνειπόντων,
3502 3218 3599 3270 καὶ
3615 3218 3787 3271 ταῦτα

2208 3295 2347 3350 πολὺ
2406 3296 2506 3367 τῆς
2558 3299 2735 3370 ἀρχῆς
2766 3302 2984 3371 ἐκείνης
3027 3303 3463 3375 ἐλαττουμένων,
3517 3307 3657 3362 ἀλλὰ
3694 3312 3788 3363 καὶ

2206 3385 2503 3457 χιλιάρχων
2546 3388 2708 3444 τοῦτο
2764 3394 3149 3465 πεποιηκότων
3196 3396 3389 3450 ἐνίοτε.
3441 3398 3678 3466 Λέγεται
3710 3400 3787 3464 δέ,

2206 3477 2288 3531 ὅτι
2317 3479 2495 3544 οὐδεὶς
2518 3481 2629 3536 τῶν
2680 3482 2999 3555 χιλιάρχων,
3056 3487 3238 3541 καίτοι
3281 3488 3494 3543 πολλῶν
3523 3493 3788 3557 πολλάκις

2207 3571 2568 3640 νικησάντων,
2605 3575 2846 3629 ἐπινίκια
2870 3577 3136 3648 επεμψεν.
3165 3580 3227 3633 Οί
3251 3580 3352 3651 μέν
3380 3577 3473 3635 οὖν
3514 3583 3789 3655 χιλίαρχοι

2205 3660 2348 3713 οὕτω
2396 3661 2517 3715 τότε
2586 3665 2886 3735 ᾑρέθησαν.
2932 3668 3085 3722 Οἱδέ
3132 3672 3363 3741 τιμηταὶ
3407 3673 3485 3743 τῷ
3542 3676 3789 3749 ἐχομένῳ

2205 3751 2318 3806 ἔτει
2352 3754 2636 3824 Βαρδάτου
2667 3758 2762 3811 καὶ
2792 3759 3024 3831 Μάρκου
3053 3763 3340 3833 Μακρίνου
3377 3766 3786 3833 ὑπατευόντων,

2204 3847 2639 3919 κατεδείχθησαν
2681 3852 2780 3906 καὶ
2807 3852 3086 3923 ᾑρέθησαν
3125 3855 3357 3922 Λούκιός
3386 3876 3447 3911 τε
3483 3861 3787 3933 Παπείριος

2205 3939 2300 3989 καὶ
2336 3937 2565 4002 Λούκιος
2615 3942 2991 4011 Σεμπρώνιος.
3050 3946 3511 4021 Κεχειροτόνηντο
3571 3951 3655 4019 δὲ,
3705 3956 3787 4007 ὅτι

2203 4028 2254 4080 oi
2305 4028 2503 4083 ὕπατοι
2540 4032 2792 4089 ἀδύνατοι
2853 4036 2948 4090 ἐπὶ
3000 4038 3176 4093 πάντα
3227 4041 3317 4096 διὰ
3369 4045 3429 4096 τὸ
3463 4044 3673 4114 πλῆθος
3701 4047 3791 4113 ἐξ-

2203 4121 2396 4190 αρκεῖν
2446 4119 2610 4192 ἦσαν.
2666 4124 2749 4177 Τά
2793 4126 2906 4197 γὰρ
2931 4130 3045 4192 τοῖς
3074 4134 3335 4202 τιμηταῖς
3364 4134 3788 4207 άπονεμηθέντα

2204 4210 2480 4281 προνόμια
2535 4213 2738 4268 ἐκεῖνοι
2770 4215 2933 4287 μέχρι
2963 4219 3086 4272 τότε
3114 4222 3355 4278 ἐποίουν;
3386 4222 3510 4277 Δύω
3542 4242 3609 4279 τε
3641 4221 3788 4296 ἦσαν

2201 4304 2251 4357 οί
2276 4305 2509 4375 τιμηταὶ
2537 4305 2598 4373 ἐξ
2634 4308 2811 4378 ἀρχῆς
2863 4309 2960 4363 καὶ
3004 4311 3071 4364 ἐκ
3099 4312 3211 4365 τῶν
3241 4313 3608 4384 εὐπατριδῶν.
3641 4313 3787 4387 Ἦρ-

2201 4412 2297 4467 χον
2325 4397 2382 4451 δέ
2406 4397 2475 4451 τὰ
2514 4399 2613 4469 μὲν
2653 4400 2848 4471 πρῶτα
2877 4403 3067 4457 καὶτὰ
3106 4405 3397 4459 τελευταία
3437 4408 3532 4462 ἐπὶ
3581 4426 3786 4463 πεντα-

1283 4498 1299 4537 :
1352 4484 1614 4555 improba:
1672 4488 1794 4543 vita:
1840 4488 2094 4547 homines

2205 4487 2370 4543 ετίαν.
2407 4491 2500 4544 Ἐν
2526 4490 2585 4544 δέ
2619 4492 2699 4562 τῷ
2724 4493 2875 4563 μέσῳ
2896 4495 3075 4565 χρόνῳ
3110 4496 3207 4549 ἐπὶ
3250 4499 3400 4569 τρεῖς
3448 4498 3786 4573 ἑξαμήνους,

2204 4580 2301 4634 καὶ
2340 4581 2592 4651 ἐγένοντο
2642 4584 2755 4638 τῶν
2805 4585 3030 4640 ὑπάτων
3083 4588 3326 4658 μείζους,
3381 4590 3566 4645 καίτοι
3618 4593 3789 4664 μέρος

2200 4672 2301 4742 τῆς
2327 4674 2554 4728 ἐκείνων
2581 4673 2841 4740 λαὸὁντες
2894 4677 3092 4747 ἀρχῆς.
3141 4680 3302 4746 Ἐξῆν
3361 4679 3418 4734 δέ
3465 4682 3656 4747 αὐτοῖς
3686 4683 3789 4747 τάς

2201 4779 2262 4817 τε
2306 4764 2603 4835 προσόδους
2635 4766 2736 4831 τὰς
2771 4768 2954 4831 κοινὰς
3003 4769 3320 4841 ἐκμισθοῦν,
3358 4772 3454 4826 καὶ
3503 4773 3619 4827 τῶν
3648 4774 3788 4829 ὁδῶν

2202 4855 2299 4910 καὶ
2326 4857 2432 4909 τῶν
2458 4857 2736 4927 δημοσίων
2763 4859 3219 4932 οἰκοδομημάτων
3247 4863 3658 4933 ἐπιμελεῖσθαι,
3689 4867 3785 4923 καὶ

2200 4949 2300 5012 τὰς
2354 4949 2687 5020 ἀπογραφὰς
2740 4952 2840 5022 τῆς
2875 4954 3109 5007 ἑκάστου
3167 4955 3432 5024 εὐπορίας
3486 4957 3780 5025 διατελεῖν,

2201 5041 2296 5095 καὶ
2335 5042 2429 5096 τὸν
2479 5043 2593 5114 βίον
2641 5043 2754 5098 τῶν
2785 5044 3024 5098 πολιτῶν
3054 5046 3379 5102 ἐπισκοπεῖν
3399 5066 3464 5103 τε
3515 5052 3616 5105 καὶ
3666 5051 3786 5117 ἐᾷ·

2201 5134 2407 5202 τάξειν,
2447 5136 2547 5189 καὶ
2579 5137 2708 5198 τοὺς
2754 5136 2854 5205 μὲν
2901 5135 3086 5201 ἀξίους
3117 5138 3347 5193 ἐπαίνου
3378 5141 3439 5202 ἐς
3467 5140 3572 5206 τάς
3604 5142 3783 5213 φυλάς

2201 5227 2296 5281 καὶ
2325 5227 2384 5291 ἐς
2420 5226 2519 5297 τὴν
2566 5228 2780 5282 ἱππάδα
2825 5228 2920 5282 καὶ
2968 5230 3069 5300 τὴν
3117 5230 3411 5301 γερουσίαν
3449 5234 3778 5305 ἐγγράφειν,

2200 5311 2380 5375 καθὼς
2409 5313 2661 5378 ἑκάστοις
2705 5316 3009 5386 προσήκειν
3057 5318 3339 5387 ἐνομίζετο
3364 5337 3380 5353 ο
3428 5322 3577 5386 τοὺς»
3606 5324 3651 5378 δ’
3677 5326 3778 5379 οὐκ

482 5390 489 5425 ῖ
520 5414 723 5454 munus
768 5401 889 5456 fuit.
938 5402 1043 5467 Qui
1075 5419 1227 5469 vero,
1275 5419 1404 5456 cum
1436 5418 1637 5459 census
1672 5408 1956 5473 agebatur,
1995 5421 2095 5462 sua

2205 5398 2259 5457 εὖ
2325 5404 2593 5474 βιοῦντας,
2638 5406 3014 5476 ἁπανταχόθεν
3042 5408 3245 5479 ὁμοίως
3304 5411 3651 5482 ἀπαλείφειν.
3711 5417 3777 5469 Ὃ

525 5492 750 5546 nomina
777 5505 833 5548 et
880 5493 1171 5551 facultates
1221 5496 1455 5567 professi
1499 5511 1609 5551 non
1657 5507 1852 5566 erant,
1900 5514 2094 5555 eorum

526 5581 817 5639 facultates
864 5602 894 5641 a
945 5589 1290 5656 censoribus,
1327 5580 1429 5660 ipsi
1459 5604 1490 5644 a
1537 5590 1858 5645 consulibus
1890 5593 2094 5645 vende-

468 5658 751 5729 "bantur.
786 5677 852 5731 Et
882 5677 998 5734 haec
1032 5678 1100 5734 ad
1137 5658 1364 5750 tempus
1392 5680 1615 5752 aliquod
1654 5683 1733 5737 sic
1784 5689 1905 5736 acta
1941 5692 2093 5737 sunt.

524 5766 657 5822 Post
710 5771 1069 5828 constitutum
1111 5781 1217 5840 est,
1273 5783 1332 5829 ut
1379 5776 1473 5844 qui
1520 5776 1688 5833 semel
1743 5777 1796 5830 in
1835 5784 2089 5831 senatum

2202 5499 2387 5568 μεῖζον
2410 5497 2627 5553 πάντων
2653 5492 2720 5568 ἦν
2748 5498 2856 5551 τῶν
2886 5499 2998 5562 τοϊς
3027 5499 3253 5564 ὑπάτοις
3278 5503 3771 5573 καταλειφθέντων.

2201 5589 2419 5652 Πίστεις
2441 5588 2487 5643 δ’
2516 5588 2775 5657 ἐνόρκους
2807 5591 2891 5659 ἐφ’
2929 5591 3147 5662 ἑκάστῳ
3190 5593 3509 5663 πεποίηντο,
3544 5600 3620 5660 ῶς
3649 5597 3775 5653 οὔτε

2199 5681 2335 5750 πρὸς
2360 5680 2541 5750 χάριν,
2573 5679 2696 5733 οὔτε
2746 5680 2885 5751 πῴς
2929 5680 3130 5752 ἔχθραν
3174 5697 3227 5736 τι
3263 5684 3532 5753 ποιοῦσιν,
3565 5685 3681 5742 ἀλλ’
3706 5687 3775 5754 ἐξ

2200 5772 2369 5843 ὀρθῆς
2420 5770 2645 5844 γνώμης
2701 5774 2767 5826 τὰ
2818 5773 3166 5846 συμφέροντα
3200 5778 3276 5849 τῷ
3309 5778 3596 5853 mem
3642 5770 3767 5847 αἰο-
