4008 6250
294 319 409 384 605

1566 323 1974 386 ANNALIUM
2018 326 2166 385 ΜΒ.
2194 326 2329 389 VII.

3471 333 3580 398 606

296 431 467 488 ποῦσι
492 431 590 487 καὶ
631 431 958 504 πράττουσι.
1005 433 1115 488 Καὶ
1160 433 1253 487 τὸν
1280 433 1456 504 δῆμον
1490 435 1583 489 ὲπί
1610 452 1670 490 τε
1703 436 1859 504 νόμω

1989 435 2167 492 lectus
2194 443 2364 501 esset,
2413 451 2512 506 per
2559 450 2781 493 omnem
2822 445 3043 496 aetatem
3078 441 3133 496 in
3175 457 3245 499 eo
3283 454 3534 500 maneret
3560 463 3579 502 :

295 524 610 595 εἰσφοραῖς,
643 523 735 578 καὶ
761 526 877 589 τοῖς
902 524 1088 589 ἄλλοις
1131 525 1508 597 συνήθροιζον,
1547 528 1643 580 καὶ
1675 525 1751 596 τῷ
1778 525 1889 580 τῶν

298 614 571 686 μειζόνων
607 617 796 688 ἀρχῶν
829 617 1046 688 κόσμῳ,
1088 618 1232 689 πλὴν
1276 618 1593 691 ῥαϐδούχων
1621 620 1884 690 ἐχρῶντο.

294 708 541 780 Τοιαύτη
574 709 747 779 ήτῶν
780 711 1029 782 τιμητῶν
1060 711 1308 781 ὑπῆρχεν
1341 714 1507 783 ἀρχή.
1542 711 1666 766 Τῶν
1698 712 1886 778 μέντοι
1914 748 1919 753 ς

295 800 375 872 μὴ
410 801 898 872 ἀπογραψαμένων
927 803 1026 866 τὰς
1056 803 1248 867 οὐσίας
1279 805 1338 858 ὲν
1381 806 1502 867 ταῖς
1533 806 1885 874 ἀπογραφαῖς

291 892 392 947 καὶ
435 895 685 960 ἑαυτοὺς,
739 895 837 958 τὰς
901 896 1003 965 μὲν
1053 896 1244 960 οὐσίας
1289 897 1341 950 οῖ
1395 898 1649 968 τιμηταὶ,
1684 898 1885 961 αὐτοὺς

288 984 339 1041 δ’
366 987 618 1052 ἐκείνους
647 988 701 1041 oi
746 987 949 1042 ὕπατοι
994 990 1362 1061 ἐπίπρασκον.
1412 991 1613 1062 Χρόνῳ
1659 991 1758 1061 μὲν
1784 985 1881 1044 οὖν

286 1098 399 1135 τινι
428 1080 585 1134 ταῦθ’
614 1079 791 1144 οὕτως
822 1080 1102 1153 ἐπράχθη.
1133 1082 1405 1154 Ὕστερον
1433 1083 1491 1137 δὲ
1516 1083 1609 1138 τὸν
1640 1083 1788 1150 ἅπαξ
1810 1085 1876 1154 τῇ

288 1169 457 1243 βουλῇ
521 1170 971 1241 καταλεχθέντα,
1044 1172 1134 1227 διὰ
1203 1172 1320 1243 βίου
1395 1173 1674 1245 βουλεύειν
1730 1174 1879 1240 εδοξε

288 1265 419 1335 μηδ’
465 1265 894 1333 ἀπαλείφεσθαι,
926 1267 976 1319 εί
1009 1267 1087 1338 μή
1117 1283 1207 1331 τις
1232 1267 1501 1339 ἀδικήσας
1525 1267 1625 1322 καὶ
1666 1268 1880 1338 κριθεὶς

281 1357 557 1427 ἠτίμωτο,
595 1357 626 1428 ἦ
660 1358 849 1421 κακῶς
875 1359 985 1423 ζῶν
1005 1359 1271 1431 ἠλέγχθη.
1301 1360 1345 1412 Τ
1346 1361 1440 1424 οὓς
1468 1360 1578 1430 γὰρ
1600 1360 1878 1424 τοιούτους

1989 542 2174 598 neque
2214 528 2498 584 deleretur
2533 546 2601 586 ex
2645 530 2794 598 albo,
2830 532 2936 589 nisi
2968 535 3039 590 ob
3075 534 3295 593 facinus
3341 536 3578 608 ignomi-

1989 620 2152 675 nioso
2197 619 2412 692 judicio
2459 624 2864 682 condemnatus
2910 637 3096 691 esset,
3147 639 3246 683 aut
3301 630 3566 700 improbae

1985 713 2115 769 vita:
2141 728 2453 771 convrctus.
2501 715 2734 784 Talibus
2783 720 2933 775 enim
2967 721 3024 775 in
3055 721 3309 776 ordinem
3340 722 3571 786 coactis.

1984 806 2126 862 alios
2155 807 2211 862 in
2240 822 2434 863 eorum
2459 808 2642 864 locum
2673 810 3106 867 substituebant.
3139 813 3198 866 ln
3236 813 3574 883 magistrati-

1985 899 2090 955 bus
2121 908 2434 970 temporum
2472 916 2639 957 causa
2678 902 2970 969 institutis,
3007 905 3321 975 principem
3345 906 3569 962 obtine—

1982 990 2115 1047 bant
2163 992 2345 1047 locum
2393 993 2716 1058 dictatores.
2768 996 3085 1065 proximum
3124 1011 3411 1062 censores,
3455 1006 3568 1052 ter-

1984 1081 2121 1136 tium
2140 1084 2387 1154 magistri
2413 1086 2664 1157 equitum
2689 1104 2705 1140 :
2731 1087 2826 1158 qui
2843 1087 3003 1152 ordo,
3023 1088 3141 1144 sive
3167 1088 3224 1143 in
3243 1090 3568 1161 magistratu

1979 1183 2194 1240 essent,
2227 1176 2344 1231 sive
2371 1191 2442 1232 eo
2460 1179 2750 1246 abiissent,
2778 1181 3201 1236 observabatur.
3242 1181 3401 1249 Quod
3425 1182 3471 1237 si
3495 1182 3563 1237 ad

1980 1268 2248 1325 humilius
2293 1283 2495 1326 munus
2545 1270 2990 1338 descendissent,
3038 1274 3280 1343 priorem
3327 1274 3568 1343 dignita-

1979 1372 2090 1417 tem
2113 1362 2439 1420 inviolatam
2469 1365 2817 1420 obtinebant.
2856 1366 3013 1423 Unus
3043 1368 3269 1437 quidam
3307 1366 3568 1438 princeps

281 1450 616 1522 ἀπήλειφον,
642 1453 738 1505 κοιλ¹
775 1447 892 1506 ἀντ’
921 1453 1104 1507 αὐτῶν
1138 1455 1362 1526 ἑτέρους
1393 1456 1720 1527 ἐνέγραφον.
1751 1455 1859 1507 Tth

1976 1463 2204 1511 senatus
2257 1470 2357 1524 per
2412 1456 2467 1511 id
2514 1465 2757 1520 tempus,
2805 1457 2937 1513 dum
2991 1458 3040 1513 is
3096 1458 3274 1513 honos
3321 1458 3564 1514 durabat

278 1539 338 1593 δὲ
373 1544 732 1614 προσκαὶρως
756 1545 1037 1616 ἀρχόντων
1081 1548 1355 1617 πρεσϐεῖα
1392 1546 1493 1603 μὲν
1521 1546 1732 1600 ἐδέδοτο
1759 1549 1859 1610 τοῖς

1977 1545 2179 1615 (neque
2212 1545 2362 1602 enim
2415 1558 2727 1618 perpetuus
2769 1553 2909 1621 erat)
2965 1549 3225 1607 omnibus
3269 1549 3562 1620 dignitate,

277 1636 627 1708 δικτάτορσι,
666 1638 951 1709 δευτερεῖα
997 1640 1057 1694 δέ
1100 1654 1166 1710 γε
1214 1644 1330 1705 τοῖς
1384 1643 1668 1712 τιμηταῖς,
1733 1642 1766 1710 ή
1815 1640 1859 1694 δὲ

1975 1654 2089 1693 non
2118 1640 2365 1708 potentia
2393 1642 2710 1711 praestabat.

276 1732 437 1803 τρίτη
496 1733 648 1799 τάξις
701 1735 814 1797 τοῖς
870 1733 1174 1806 ἱππάρχοις
1220 1735 1511 1805 νενέμητο.
1554 1734 1665 1788 Καὶ
1719 1733 1863 1787 οὕτω
1901 1734 2077 1787 ταῦτα
2125 1732 2411 1797 ἐτέτακτο,
2494 1734 2598 1788 κᾶν
2651 1734 2711 1786 ἐν
2802 1736 2926 1797 ταῖς
2983 1735 3186 1807 ἀρχαῖς
3243 1730 3407 1808 ἦσαν,
3459 1733 3566 1788 κᾶν

274 1824 704 1894 ἀπηλλάγησαν.
775 1826 838 1879 Ei
898 1828 1008 1898 γάρ
1059 1845 1144 1893 τις
1183 1829 1265 1882 Διἰκ
1315 1829 1564 1898 μείζονος
1620 1828 1797 1899 ἀρχῆς
1862 1828 1943 1891 είς
1981 1826 2386 1898 ὑποδεεστέραν
2440 1826 2703 1898 κατέστη,
2754 1826 2821 1881 τὺ
2866 1829 2967 1898 τῆς
3018 1829 3301 1899 προτέρας
3346 1826 3565 1898 ἀξίωμα

274 1918 427 1990 εἶχεν
456 1919 742 1989 ἀκέραιον.
783 1915 876 1983 Εἷς
932 1916 992 1975 δέ
1048 1938 1156 1984 τις,
1215 1921 1276 1975 δν
1329 1922 1606 1991 πρίγκιπα
1646 1921 1745 1990 μὲν
1766 1920 1865 1989 τῆς
1904 1919 2196 1990 γερουσίας
2270 1918 2561 1990 ὠνόμαζον
2615 1921 2849 1986 (λέγοιτο
2898 1921 2946 1975 δ’
2997 1922 3066 1975 ἂν
3096 1921 3220 1976 καθ’
3291 1921 3563 1991 Ἕλληνας

276 2008 645 2080 πρίκριτος),
704 2011 1041 2080 συμπάντων
1102 2013 1323 2082 προεῖχε
1397 2012 1489 2065 τὸν
1559 2012 1753 2082 χρόνον
1804 2009 1864 2062 δν
1902 2011 2263 2080 προεκρίνετο
2312 2012 2396 2081 (ού
2452 2012 2564 2082 γὰρ
2611 2011 2702 2066 διὰ
2739 2012 2855 2084 βίον
2924 2030 3008 2077 τις
3057 2017 3140 2078 είς
3218 2013 3380 2069 τοῦτο
3429 2024 3567 2086 προ*

272 2103 625 2175 εχειρὶζετο),
680 2106 776 2158 καί⁵
818 2106 1092 2178 προέφερε
1123 2105 1233 2159 τῶν
1265 2105 1445 2161 ἄλλων
1494 2104 1572 2176 τῷ
1617 2104 1889 2174 ἀξιώματι
1928 2104 1987 2156 οὺ
2017 2104 2125 2174 μὴν
2154 2106 2248 2157 καὶ
2280 2105 2511 2177 δυνάμει
2532 2107 2731 2178 ἐχρῆτό
2756 2126 2888 2164 τινι.

348 2198 439 2256 κ’.
467 2200 676 2271 Χρόνον
714 2202 814 2272 μὲν
845 2200 938 2254 οὖν
979 2218 1107 2255 τινα
1159 2201 1389 2273 εἰρήνην
1434 2200 1572 2270 πρὶς
1601 2199 1859 2270 ἀλλήλους

2042 2196 2163 2253 XX.
2203 2197 2282 2252 Ad
2317 2199 2466 2255 hunc
2517 2200 2743 2255 modum
2790 2217 2926 2272 pace
2965 2203 3031 2258 ad
3072 2210 3289 2275 tempus
3312 2207 3463 2263 domi
3501 2219 3561 2265 et

272 2293 374 2348 καὶ
398 2291 540 2362 προς
573 2295 703 2357 τοὺς
738 2294 1059 2365 περιοίκους
1088 2295 1324 2365 ἤγαγον.
1353 2290 1488 2348 Εἶτα
1532 2292 1696 2364 λιμοῦ
1745 2294 1864 2344 ἑπι-

272 2386 681 2455 κρατήσαντος,
709 2383 850 2439 ὥστε
881 2386 1037 2450 τινὰς
1064 2390 1160 2440 καὶ
1217 2387 1299 2451 είς
1333 2386 1426 2441 τὸν
1458 2383 1706 2455 ποταμὸν
1733 2385 1863 2437 ἑαυ-

268 2479 402 2545 τοὺς
434 2479 716 2551 ἐμϐαλεῖν,
769 2480 845 2551 μὴ
892 2472 1158 2552 φέροντας
1193 2481 1287 2535 τὸν
1323 2480 1482 2550 λιμὸν
1511 2481 1860 2535 ἐστασίασαν.

272 2575 339 2629 Οἱ
369 2575 472 2645 μὲν
502 2572 613 2647 γὰρ
659 2575 784 2638 τοὺς
835 2574 1108 2644 εὐπόρους
1167 2574 1243 2636 ὡς
1296 2575 1425 2644 περὶ
1476 2572 1567 2626 τὸν
1598 2575 1744 2625 σῖτον
1772 2588 1865 2625 κα·

270 2667 652 2740 κουργοῦντας
680 2670 739 2722 έν
770 2665 922 2739 αἰτίᾳ
952 2666 1275 2737 πεποίηντο,
1308 2667 1356 2719 οἱ
1387 2665 1445 2719 δὲ
1473 2665 1595 2729 τοὺς
1621 2667 1863 2735 πένητας

271 2761 353 2824 ὡς
387 2760 487 2831 τὴν
517 2761 623 2831 γῆν
655 2760 731 2832 μὴ
763 2759 1193 2831 βουλευομένους
1217 2758 1577 2830 ἐργάζεσθαι.
1623 2758 1772 2812 Ἰδὼν
1803 2757 1862 2811 δὲ

267 2854 435 2908 τοῦτο
486 2853 753 2925 Σπούριος
806 2852 1079 2917 Μάλλιος,
1117 2851 1259 2925 ἀνὴρ
1315 2852 1521 2917 ἱππεὺς
1577 2851 1857 2918 πλούσιος,

266 2940 552 3014 τυραννίδι
579 2940 992 3014 ἐπικεχείρηκε,
1025 2943 1119 2996 καὶ
1151 2946 1297 2997 σῖτον
1324 2945 1387 2996 ὲκ
1424 2945 1527 3015 τῆς
1550 2940 1860 3014 περιχώρου

268 3036 606 3107 πριάμενος,
645 3036 865 3100 πολλοῖς
896 3037 997 3109 μὲν
1029 3036 1402 3103 ἐπευωνίζων,
1435 3037 1656 3100 πολλοῖς
1680 3037 1739 3090 δὲ
1766 3037 1862 3090 καὶ

268 3133 477 3200 προῖκα
514 3129 709 3195 ἐδιδου,
747 3131 859 3184 κάκ
919 3129 1113 3183 τούτου
1162 3131 1395 3201 συχνοὺς
1429 3129 1861 3200 προσῳκειωσά-

270 3241 464 3296 μενος,
495 3223 635 3278 ὅπλα
676 3240 735 3276 τε
770 3222 1067 3294 ὲπορίσατο
1104 3225 1199 3276 καὶ
1242 3222 1538 3294 φρουροὺς,
1567 3225 1661 3278 καὶ
1693 3223 1854 3292 ἐκρά-

263 3336 442 3388 τησεν
466 3318 531 3371 ἂν
555 3319 655 3387 τῆς
687 3317 918 3382 πόλεως,
957 3318 1007 3371 εἰ
1048 3318 1122 3388 μὴ
1161 3316 1460 3382 Μινούκιος
1501 3316 1857 3387 Αὐγουρῖνος,

216 3430 225 3437 ’
264 3410 412 3482 ἀνὴρ
448 3409 824 3480 εὐπατρίδης,
871 3410 966 3463 ἐπὶ
1026 3410 1092 3479 τῇ
1144 3407 1417 3480 σιτοδοσίᾳ
1499 3409 1859 3479 τεταγμένος,

265 3507 367 3560 καὶ
427 3505 755 3575 αἰτιώμενος
815 3505 908 3557 ἐπὶ
960 3505 1028 3573 τῇ
1092 3502 1351 3575 σιτοδείᾳ,
1409 3503 1723 3573 εἰσήγγειλε
1784 3505 1852 3574 τῇ

265 3598 437 3672 βουλῇ
463 3599 526 3652 τὸ
558 3596 958 3668 πραττόμενον.
1005 3598 1071 3651 Ἠ
1091 3597 1148 3651 δὲ
1187 3596 1472 3668 γερουσία,
1512 3597 1762 3666 μαθοῦσα
1793 3599 1855 3651 τὸ

268 3695 545 3762 μήνυμα,
606 3688 907 3761 δικτάτορα
963 3688 1283 3759 παραυτίκα
1338 3689 1396 3742 ἐν
1446 3686 1525 3759 τῷ
1596 3688 1859 3761 συνεδρίῳ

264 3784 463 3836 ἀνεῖπε
521 3781 616 3835 τὸν
666 3781 929 3833 Κυΐντιον
980 3779 1075 3832 τὸν
1116 3779 1354 3833 Λούκιον
1391 3780 1485 3832 τὸν
1537 3781 1853 3847 Κικινάτον,

264 3876 366 3930 καὶ
401 3874 576 3927 ταῦτα
608 3873 895 3944 παρήλικα
925 3872 1055 3926 ὄντα
1081 3871 1569 3943 (ὀγδοηκοντούτης
1602 3871 1709 3942 γὰρ
1739 3869 1851 3943 ἦν).

263 3968 449 4022 Κάκεῖ
478 3965 579 4036 τήν
609 3966 827 4036 ἧμέραν
861 3966 1041 4018 πᾶσαν
1084 3964 1377 4018 ἀνάλωσαν
1422 3964 1853 4034 συγκαθήμενοι,

263 4060 342 4124 ὣς
365 4079 422 4115 τι
443 4060 509 4130 δὴ
538 4058 942 4130 βουλευόμενοι,
971 4058 1055 4111 ἵνα
1093 4057 1168 4129 μὴ
1192 4059 1254 4110 τὸ
1277 4057 1503 4127 γεγονὸς
1526 4057 1853 4129 ἐκφοιτήσῃ.

262 4152 487 4217 Νυκτὸς
517 4152 575 4205 δὲ
606 4153 634 4205 ό
672 4151 951 4223 δικτάτωρ
977 4151 1041 4204 τὸ
1072 4150 1421 4204 Καπιτώλιον
1447 4153 1541 4203 καὶ
1581 4151 1651 4203 τά
1689 4151 1855 4206 λοιπὰ

260 4248 333 4300 τὰ
391 4244 794 4314 ἐπικαιρότατα
829 4244 918 4297 διὰ
962 4242 1074 4296 τῶν
1128 4244 1342 4297 ἱππέων
1388 4240 1850 4312 προκαταλαϐὼν,

259 4341 436 4394 ἕωθεν
491 4339 586 4392 ἐπὶ
641 4337 735 4390 τὸν
784 4336 1029 4391 Μάλλιον
1075 4333 1293 4405 έπεμψε
1342 4334 1503 4388 Γάϊον
1543 4334 1853 4405 Σερουΐλιον

258 4436 359 4488 τὸν
380 4433 525 4487 ίππα
536 4448 686 4503 ρχον,
708 4429 784 4493 ὡς
804 4429 872 4484 δι’
895 4428 1022 4483 ἄλλο
1038 4447 1091 4482 τι
1113 4429 1323 4481 ἐκεῖνον
1346 4426 1850 4498 μετακαλούμενος.

272 4523 333 4580 '0
352 4525 412 4579 δὲ
443 4521 895 4593 ύποςοπήσαντός
917 4539 971 4575 τι
994 4521 1088 4575 τοῦ
1120 4521 1385 4585 Μαλλίου,
1415 4522 1510 4575 καὶ
1537 4521 1853 4593 διαμέλλονο

257 4634 353 4684 τος
402 4617 607 4682 δείσας,
640 4617 717 4688 μὴ
758 4616 865 4669 ὑπὸ
913 4615 1008 4669 τοῦ
1062 4615 1307 4684 πλήθους
1352 4592 1671 4687 ἐξαρπασθῇ
1727 4616 1849 4689 (ἤδη

259 4710 376 4778 γὰρ
413 4706 762 4780 συνέτρεχον)
802 4707 1013 4760 ἔκτεινε
1053 4706 1146 4760 τὸν
1191 4707 1384 4777 ἄνδρα,
1422 4706 1456 4777 ἦ
1495 4709 1849 4778 αὐτογνωμο⁴

256 4804 457 4873 νήσας,
488 4802 521 4872 ἢ
549 4799 710 4854 τοῦτο
753 4798 1183 4871 κεκελευσμένος
1220 4799 1357 4869 πρὸς
1386 4799 1480 4853 τοῦ
1509 4800 1848 4871 δικτάτορος.

1965 2290 2103 2346 foris
2138 2293 2463 2356 constituta,
2500 2300 2652 2349 tanta
2702 2293 2877 2348 fames
2917 2295 3108 2349 urbem
3162 2299 3461 2367 Oppressit,
3498 2308 3558 2355 ut

1964 2383 2190 2454 quidam
2230 2383 2471 2440 ine-diam
2498 2400 2607 2440 non
2640 2388 2902 2451 terentes,
2943 2386 2996 2440 in
3026 2386 3232 2443 ﬂumen
3264 2405 3325 2445 se
3353 2391 3551 2459 praeci-

1928 2496 1931 2501 '
1967 2479 2228 2548 pitarent.
2280 2477 2438 2534 Unde
2481 2487 2604 2533 orta
2639 2477 2938 2544 seditione,
2980 2495 3258 2550 pauperes
3291 2482 3558 2540 divitibus

1965 2585 2199 2626 annonae
2246 2570 2721 2641 suppressionem,
2776 2571 2980 2628 divites
3024 2575 3365 2644 pauperibus
3410 2577 3559 2647 agri-

1963 2663 2197 2719 cultum
2238 2664 2549 2734 neglectum
2579 2663 2798 2720 crimini
2847 2666 3072 2721 dabant.
3111 2666 3231 2733 Qua
3276 2667 3350 2721 de
3376 2683 3588 2723 causa.

1963 2754 2201 2825 Spurius
2251 2755 2446 2810 Melius
2491 2771 2686 2826 eques,
2720 2757 2886 2811 homo
2926 2756 3100 2822 dives,
3154 2769 3472 2828 coemptum
3521 2777 3554 2814 a

1964 2847 2216 2902 ﬁnitimis
2254 2847 2622 2912 frumentum,
2675 2848 2800 2905 aliis
2847 2848 3078 2903 minoris
3123 2849 3397 2916 vendidit,
3430 2851 3552 2907 aliis

1962 2941 2204 3013 gratuito
2245 2939 2422 2995 dedit.
2461 2941 2648 3010 anue
2673 2955 2735 2995 re
2760 2941 2947 2996 multis
2966 2942 3070 2997 silli
3101 2943 3432 3006 conciliatis,
3455 2959 3552 3013 spe

1964 3035 2118 3106 regni
2138 3041 2429 3104 concepta,
2448 3048 2600 3087 arma
2615 3042 2673 3090 et
2689 3034 2959 3089 satellites
2977 3034 3346 3104 comparavit.
3369 3034 3550 3104 Atque

1964 3130 2103 3182 urbe
2161 3128 2369 3198 potitus
2396 3137 2565 3193 esset,
2632 3128 3039 3183 nisiMinutius
3092 3127 3430 3198 Augurinus,
3463 3130 3552 3183 vir

1962 3219 2250 3289 patricius,
2290 3218 2368 3274 rei
2409 3202 2801 3274 frumentariae
2823 3218 3139 3288 praefectus,
3179 3234 3306 3274 cum
3334 3221 3406 3274 ob
3447 3233 3548 3272 an-

1961 3328 2122 3368 nona:
2151 3312 2438 3384 penuriam
2479 3321 2868 3376 accusaretur,
2910 3328 3027 3368 rem
3072 3311 3139 3367 ad
3171 3321 3426 3366 senatum
3453 3311 3553 3367 de-

1964 3406 2197 3461 tulisset.
2278 3403 2380 3470 Qui
2436 3405 2622 3460 statim
2688 3404 2753 3458 LL
2813 3403 3099 3471 Quintium
3149 3404 3541 3461 Cincinnatum

1963 3499 2287 3553 dictatorem
2324 3495 2584 3552 dixerunt
2620 3497 2802 3553 virum
2839 3509 3052 3553 exactae
3082 3500 3297 3567 aetatis,
3343 3516 3547 3556 annum

1962 3600 2218 3663 agentem
2268 3608 2431 3658 Lux,
2454 3599 2623 3661 atque
2667 3591 2724 3646 in
2766 3592 2921 3648 curia
2959 3603 3135 3648 totum
3168 3593 3315 3649 diem
3339 3595 3527 3650 delibe

1959 3682 2203 3738 rantium
2237 3682 2423 3752 specie
2457 3682 2869 3747 consederunt,
2899 3699 2967 3737 ne
2995 3682 3049 3737 id
3089 3685 3372 3739 decretum
3400 3686 3549 3740 foras

1958 3776 2369 3830 eliminaretur.
2387 3774 2564 3830 Noctu
2598 3775 2838 3830 dictator
2862 3776 3205 3844 Capitolium
3237 3787 3294 3831 et
3320 3778 3422 3830 alia
3450 3795 3547 3848 op-

1959 3883 2197 3939 portuna
2226 3867 2346 3922 loca
2387 3883 2487 3938 per
2514 3869 2736 3938 equites
2770 3878 3029 3936 occupat.
3069 3868 3226 3923 Mane
3250 3868 3315 3924 C.
3348 3868 3539 3925 Servi-

1957 3962 2092 4016 lium
2138 3961 2460 4032 magistrum
2498 3963 2751 4031 equitum
2783 3961 2851 4015 ad
2883 3961 3105 4016 Melium
3140 3960 3331 4028 mittit,
3375 3964 3540 4032 quasi

1958 4071 2056 4126 per
2087 4054 2251 4109 aliam
2277 4070 2500 4110 causam
2545 4055 2967 4110 accersendum.
3004 4055 3163 4126 351
3208 4057 3405 4111 Atille
3434 4055 3544 4111 Me-

1958 4149 2099 4204 lium
2124 4148 2337 4218 aliquid
2371 4149 2749 4219 suspicantem
2796 4156 2854 4203 et
2884 4150 3370 4219 tergiversantem,
3401 4149 3545 4203 veri-

1959 4251 2048 4297 tus
2076 4257 2147 4296 ne
2176 4256 2451 4296 concursu
2490 4239 2678 4311 populi
2713 4240 3047 4310 eriperetur,
3099 4240 3385 4307 interﬁcit,
3419 4240 3538 4295 sive

1955 4343 2152 4400 suopte
2189 4331 2442 4396 consilio,
2476 4331 2594 4386 sive
2620 4329 2910 4386 dictatoris
2944 4329 3129 4401 jussu.
3159 4328 3240 4385 0b
3272 4331 3421 4400 quod
3454 4332 3538 4386 ta-

1954 4436 2104 4481 ctum
2141 4424 2516 4479 tumultuante
2560 4421 2940 4488 multitudine,
2983 4420 3242 4489 Quintius
3272 4424 3540 4478 concione

1955 4518 2163 4582 habita.
2207 4528 2263 4573 et
2287 4517 2571 4572 frumento
2615 4515 2939 4581 distributo,
2986 4524 3247 4571 accusato
3279 4516 3540 4570 multato—

1953 4628 2063 4683 que
2097 4613 2341 4675 nemine,
2380 4619 2592 4666 motum
2620 4624 2749 4666 eum
2785 4608 3022 4664 sedavit.
3063 4608 3274 4664 Deinde
3302 4607 3539 4663 lioniani

1952 4707 2113 4763 bellis
2177 4705 2333 4776 petiti
2387 4720 2417 4758 a
2464 4704 2700 4759 diversis
2742 4703 3024 4774 gentibus,
3066 4711 3295 4758 caeteras
3348 4700 3540 4771 paucis

1953 4800 2149 4854 diebus
2176 4797 2448 4865 vicerunt,
2488 4795 2585 4852 sed
2620 4811 2746 4851 cum
2772 4794 3074 4868 Tyrrhenis
3105 4795 3267 4866 longo
3291 4804 3538 4862 tempore

256 4891 674 4964 Θορυϐηθέντος
703 4890 750 4945 δ’
783 4892 878 4945 ἐπὶ
906 4891 1084 4963 τούτῳ
1115 4891 1212 4946 τοῦ
1246 4891 1508 4963 πλήθους,
1540 4895 1568 4946 ὁ
1592 4894 1846 4957 Κυΐντιος

1961 4892 2329 4947 decertarunt.
2356 4889 2580 4953 Milites,
2614 4904 2740 4942 cum
2772 4887 3135 4945 Posthumius
3153 4887 3315 4941 victis
3348 4883 3542 4953 {Equis

254 4986 680 5057 δημηγορήσας,
717 4984 811 5038 καὶ
855 4986 1003 5038 σῖτον
1053 4984 1208 5052 σφίσι
1242 4984 1569 5056 παρασχὼν,
1628 4986 1722 5039 καὶ
1771 4988 1845 5056 μὴ

254 5097 384 5135 τινα
405 5080 597 5149 ἓτερον
629 5078 662 5148 ἢ
697 5077 956 5143 κολάσας,
988 5078 1021 5149 ἢ
1051 5078 1534 5146 ἐπαιτιασάμενος,
1571 5079 1663 5133 τδν
1688 5079 1849 5151 θόρυ-

255 5169 355 5220 σον
381 5164 612 5220 ἔπαυσε.
636 5165 903 5237 Πολέμων
926 5167 983 5220 δὲ
1008 5170 1123 5231 τοῖς
1165 5166 1460 5237 Ῥωμαίοις
1489 5170 1552 5221 ὲκ
1572 5168 1846 5241 διαφόρων

258 5258 433 5311 ἐθνῶν
466 5259 946 5327 ἐπενηνεγμένων,
975 5260 1105 5323 τοὺς
1136 5259 1235 5330 μὲν
1267 5261 1327 5314 ἐν
1352 5260 1567 5329 ὀλίγαις
1605 5262 1845 5333 ἡμέραις

258 5350 547 5421 ἐνίκησαν,
567 5352 681 5412 τοῖς
706 5350 765 5403 δὲ
790 5351 1096 5421 Τυρσηνοῖς
1119 5352 1212 5405 ἐπὶ
1237 5353 1451 5423 μακρὸν
1469 5353 1842 5424 ἐπολέμησαν.

256 5444 602 5514 Ποστουμίου
633 5443 690 5497 δὲ
719 5445 1076 5515 νενικηκότος
1106 5446 1236 5511 τοὺς
1286 5447 1575 5513 Δίκουοὺς,
1614 5448 1712 5501 καὶ
1749 5467 1844 5517 με-

258 5536 435 5608 γάλην
491 5536 649 5589 πόλιν
704 5535 921 5599 ἑλόντος
968 5537 1173 5603 αὐτῶν,
1222 5539 1306 5592 ὅτι
1353 5538 1481 5609 μήτ’
1534 5537 1752 5608 ἐκείνην
1797 5540 1847 5593 οἱ

255 5628 599 5700 στρατιῶται
633 5632 714 5694 εἰς
767 5634 1052 5704 προνομὴν
1106 5633 1552 5705 ὲξεχωρήθησαν,
1616 5636 1758 5707 μήτε
1790 5653 1844 5688 τι

249 5725 352 5792 τῆς
398 5722 548 5786 λείας
602 5724 938 5795 αἰτήσαντες
988 5726 1205 5792 ἔλαϐον,
1245 5729 1339 5782 τόν
1387 5745 1446 5784 τε
1498 5730 1704 5799 ταμίαν
1751 5730 1844 5782 τὸν

247 5816 628 5887 διατιθέμενον
664 5817 834 5888 αὐτὴν
870 5819 1229 5888 περιστάντες
1269 5819 1591 5889 ἐφόνευοςιν,
1628 5821 1719 5877 καὶ
1752 5820 1844 5875 τὸν

1958 4999 2209 5054 magnam
2235 4996 2429 5040 eorum
2463 4982 2656 5037 urbem
2685 4989 3053 5052 expugnatam
3074 5019 3090 5043 ,
3122 4996 3233 5034 non
3267 4977 3539 5046 diripien-

1956 5079 2081 5134 dam
2124 5077 2388 5143 dedisset,
2427 5090 2614 5144 neque
2654 5090 2721 5129 ex
2771 5073 3048 5128 manubiis
3078 5070 3379 5143 quidquam
3404 5082 3539 5121 con-

1953 5173 2239 5237 cessisset,
2334 5178 2669 5240 quzestorcm
2756 5168 3038 5238 primum,
3100 5162 3302 5218 deinde
3356 5160 3536 5229 ipsum

1952 5265 2115 5321 etiam
2150 5262 2535 5317 Posthumium
2563 5303 2579 5327 ,
2608 5261 2983 5331 obiurgantem
3014 5298 3028 5320 ,
3058 5265 3113 5310 et
3142 5254 3305 5308 caedis
3342 5261 3537 5308 aucto-

1951 5373 2039 5411 res
2071 5356 2139 5411 ad
2171 5354 2503 5426 supplicium
2531 5354 2923 5424 postulantem,
2955 5348 3321 5402 occiderunt;
3352 5362 3534 5416 neque

1947 5463 2143 5503 recens
2199 5457 2420 5519 captum
2468 5446 2777 5507 duntaxat,
2828 5443 2923 5498 sed
2973 5456 3194 5495 omnem
3248 5441 3532 5511 publicum

1942 5556 2132 5612 agrum
2172 5538 2277 5596 sibi
2320 5540 2699 5596 vindicarunt.
2764 5537 2844 5591 Ac
2889 5535 3150 5590 diuturna
3200 5534 3396 5589 fuisset
3440 5534 3534 5589 illa

1942 5634 2168 5699 seditio,
2221 5633 2332 5689 nisi
2383 5632 2511 5689 belli
2554 5633 2624 5686 ab
2667 5628 2865 5703 Equis
2901 5626 3262 5700 redintegrati
3311 5637 3525 5682 terrore

1943 5727 2304 5798 quievisscnt.
2352 5726 2598 5781 Caudium
2643 5738 2805 5794 poena
2836 5723 2890 5776 in
2935 5722 3130 5793 paucis
3177 5729 3526 5789 consumpta,

1944 5821 2132 5877 hostes
2165 5821 2438 5877 vicerunt.
2471 5817 2841 5885 Quamobrem
2874 5825 3127 5887 potentes
3155 5824 3209 5871 et
3236 5815 3524 5871 manubias
