4008 6250
220 317 328 382 60)

1441 319 1716 380 ANNALI
1733 319 1845 380 UM
1887 319 2032 378 LIB.
2075 318 2204 382 VII.

3385 327 3496 391 810

217 431 376 496 λωνι,
437 429 602 499 εὐχὴν
642 429 808 481 τοῦτο
847 429 977 500 πρὶν
1007 429 1398 500 ποιησάμενος.
1460 432 1710 486 Ἁνέθετο
1751 431 1793 484 δ]

1914 445 2024 482 non
2057 429 2113 484 in
2145 429 2455 500 direptione
2487 431 2663 498 urbis,
2697 430 2792 487 sed
2819 439 3064 502 tempore
3091 431 3278 503 elapso
3309 448 3500 492 exem-

217 525 314 577 καὶ
347 522 604 593 κρατῆρα
633 522 892 591 χρυσοῦν,
925 524 988 575 ἐκ
1015 521 1106 574 τ’,ῦ
1137 523 1250 575 τῶν
1274 523 1552 590 γυναικῶν
1594 523 1802 592 κόσμου

216 614 615 683 πεποιημένον,
649 613 768 666 ἀνθ’
790 607 853 668 οὗ
887 613 1022 684 τιμὴ
1055 613 1248 678 αὑταῖς
1279 616 1628 686 παραχρῆμα
1663 616 1806 684 ἐψή-

216 723 402 775 φιστο.
450 705 509 757 Ἠ
543 705 604 758 δὲ
661 700 750 775 ἦν,
809 705 870 758 τὸ
927 708 1018 758 ἐπ’
1075 707 1364 778 ὀχημάτων
1413 708 1582 772 αὐτὰς
1617 709 1673 770 ἐς
1705 709 1806 769 τὰς

214 798 563 867 πανηγύρεις
625 799 857 868 φοιτᾷν,
914 798 1209 870 αὐτοποδίᾳ
1269 799 1614 870 βαδιζούσαις
1671 801 1804 871 πρό-

213 907 380 962 τερον
439 893 496 952 ἐς
551 890 742 953 αὐτάς.
779 889 872 959 Τῷ
917 889 975 942 δέ
1011 891 1278 962 Καμίλλῳ
1341 895 1720 964 προσώχθισεν
1776 897 1805 946 6

214 985 412 1054 δῆμος,
445 983 538 1035 καὶ
578 985 881 1054 ἐνεμέσησε
911 985 972 1036 τὸ
1010 985 1132 1054 μὲν,
1188 985 1272 1038 ὅτι
1309 985 1410 1057 τὴν
1442 987 1676 1056 δεκάτην
1695 988 1804 1040 τῶν

215 1078 478 1145 λαφύρων
534 1076 636 1128 οὐκ
695 1079 753 1128 ἐν
811 1075 890 1145 τῷ
937 1076 1338 1148 διαρπάζεσθαι
1397 1077 1609 1144 ταῦτα,
1669 1079 1805 1133 ἀλλὰ

217 1171 416 1237 καιροῦ
471 1169 840 1239 παρελθόντος
883 1169 1121 1234 ἐξείλετο
1167 1169 1246 1241 τῷ
1297 1171 1418 1242 Θεῷ
1447 1189 1462 1204 ⁸
1507 1173 1568 1226 τὸ
1612 1173 1657 1226 δ’
1720 1174 1804 1225 ὅτι

211 1262 284 1316 τά
333 1279 390 1315 τε
445 1263 582 1316 ἄλλα
629 1262 899 1332 ,σοϐαρῶς
957 1263 1359 1332 ἐθριάμϐευσε.
1421 1265 1518 1320 καὶ
1589 1265 1804 1336 πρῶτος

225 1354 524 1423 Ῥωμαίων
569 1353 746 1424 λευκῷ
791 1354 1080 1426 τεθρίππῳ
1122 1356 1191 1408 τὰ
1236 1355 1484 1411 ἐπινίκια
1533 1356 1801 1427 ἐπεμψεν.

223 1447 291 1499 Ἦ
318 1447 376 1500 δέ
407 1447 514 1500 τῶν
542 1448 830 1499 ἐπινικίων
870 1446 1088 1517 πομπὴ,
1131 1449 1196 1517 ἣν
1224 1449 1320 1501 καὶ
1363 1449 1636 1520 θρίαμϐον
1674 1451 1803 1503 ἐκά-

209 1541 362 1603 λουν,
396 1539 576 1592 τοιάδε
607 1556 690 1601 τις
724 1538 955 1604 ἐγίνετο.
991 1539 1120 1593 Ὅτε
1165 1558 1216 1593 τι
1261 1541 1598 1612 κατωρθὼθη
1635 1544 1800 1611 μέγα,

210 1632 310 1684 καὶ
334 1631 623 1684 ἐπινικίων
646 1631 890 1697 ἐπάξιον,
921 1632 1282 1704 αὐτοκράτωρ
1307 1634 1506 1688 αὐτίκα
1541 1637 1569 1690 ὀ
1601 1653 1804 1708 στρατ-

206 1725 347 1789 ηγὸς
375 1724 481 1775 ὑπὸ
510 1723 618 1776 τῶν
652 1722 1002 1793 στρατιωτῶν
1051 1724 1366 1796 ὠνομάζετο
1393 1769 1408 1793 ,
1449 1727 1545 1782 καὶ
1587 1727 1802 1792 κλῶνας

1906 532 2092 592 ptam:
2134 533 2250 577 tum
2285 524 2432 594 quod
2468 525 2522 578 in
2554 525 2856 596 triumpho,
2885 539 3087 596 prmter
3122 536 3321 582 caetera
3349 529 3500 583 inso-

1905 611 2112 667 lentius
2137 622 2281 676 acta,
2312 613 2581 668 candidos
2613 630 2787 684 equos
2827 616 3016 670 currui
3044 617 3342 685 iunxisset.
3371 615 3506 672 Fuit

1906 717 2091 763 autem
2145 704 2412 776 triumphi
2467 704 2781 776 huiusmodi
2820 706 2983 761 ratio.
3030 707 3109 762 ile
3148 708 3286 762 bene
3321 719 3501 780 gesta,

1903 801 2169 869 justaque
2231 808 2388 867 parta
2451 798 2722 860 victoria,
2774 799 2886 854 dux
2941 801 3125 854 statim
3163 817 3192 855 a
3227 802 3498 858 militibus

1905 892 2208 960 imperator
2239 891 2565 960 appellatus,
2594 890 2772 945 fasces
2802 893 3080 948 laureatos
3107 909 3204 963 per
3232 909 3492 950 cursores

1906 985 1960 1038 in
2007 986 2199 1039 urbem
2242 985 2515 1039 mittebat.
2559 985 2787 1038 Domum
2848 1002 3142 1046 reversus,
3193 998 3495 1042 convocato

1905 1087 2124 1142 senatu,
2149 1079 2372 1134 decerni
2402 1080 2503 1134 sibi
2536 1080 2876 1150 triutnphum
2907 1082 3131 1150 petebat
3156 1099 3169 1135 :
3199 1097 3263 1135 ac
3294 1082 3496 1136 suifra-

1905 1170 2012 1241 giis
2048 1185 2077 1224 a
2132 1183 2326 1226 senatu
2372 1173 2696 1242 populoque
2741 1174 3090 1243 impetratis,
3145 1173 3494 1244 imperatoris

1905 1263 2214 1335 cognomen
2269 1277 2385 1322 tum
2433 1267 2483 1321 ei
2528 1266 2983 1322 conﬁrmabatur.
3031 1268 3185 1333 Quod
3225 1267 3270 1320 si
3308 1266 3495 1320 adhuc

1907 1359 2292 1428 magistratum
2340 1375 2538 1430 gerens
2577 1362 2856 1429 aliquem,
2913 1360 3154 1420 vicerat,
3212 1374 3278 1412 eo
3321 1358 3491 1412 etiam

1910 1452 1966 1507 in
2000 1453 2326 1509 celebritate
2354 1455 2633 1508 utebatur.
2666 1454 2762 1507 Sin
2797 1462 3015 1523 tempus
3047 1453 3290 1514 exierat,
3343 1452 3494 1506 aliud

1907 1559 2113 1599 nomen
2164 1544 2270 1598 sibi
2336 1543 2814 1600 accommodatum
2875 1542 3212 1596 assumebat.
3269 1538 3493 1594 Privato

1905 1639 2053 1692 enim
2127 1638 2470 1708 triumphare
2544 1653 2653 1691 non
2709 1635 2930 1690 licebat.
2985 1634 3332 1703 Triumphali
3393 1634 3495 1687 lna-

1908 1726 2026 1782 bitu
2107 1735 2389 1791 ornatus,
2478 1728 2709 1782 armillis
2768 1727 3043 1796 sumptis,
3129 1725 3321 1780 laurea
3407 1740 3494 1779 rc-

205 1815 420 1884 δάφνης
454 1815 693 1885 περιέδει
745 1817 864 1880 ταῖς
923 1817 1164 1889 ῥάϐδοις,
1219 1821 1313 1872 καὶ
1366 1823 1480 1883 τοῖς
1519 1821 1793 1892 δρομοκή-

1905 1817 2165 1884 dimitus,
2196 1831 2252 1875 et
2283 1836 2496 1874 ramum
2529 1819 2724 1874 dextra
2749 1828 2978 1884 tenens,
3036 1818 3304 1888 populum
3354 1832 3522 1904 con-_

210 1906 336 1975 ρυξι
395 1906 473 1978 (4)
524 1909 635 1970 τοῖς
681 1907 779 1978 τὴν
814 1908 972 1978 νίκην
1020 1911 1452 1979 καταγγέλλουσι
1488 1916 1554 1982 τῇ
1620 1915 1795 1982 πόλει,

204 1997 464 2068 κομίζειν
511 1997 703 2051 ἐδίδου.
771 1998 975 2052 Ἐλθὼν
1024 2000 1081 2052 δὲ
1113 2001 1294 2056 οἴκαδε
1344 2003 1443 2074 τὴν
1503 2007 1796 2074 γερουσίαν

207 2089 556 2162 συνήθροιζε,
593 2092 690 2145 καὶ
734 2092 854 2162 ᾔτει
914 2092 1263 2163 ψηφίσασθαί
1303 2097 1352 2149 οἱ
1406 2097 1474 2150 τά
1527 2099 1791 2155 ἐπινίκια.

207 2183 322 2236 Καὶ
379 2183 430 2235 εἰ
484 2183 642 2252 ἔτυχε
688 2183 870 2253 ψήφου
920 2185 1074 2255 παρά
1117 2202 1175 2238 τε
1205 2186 1302 2255 τῆς
1338 2187 1538 2258 βουλῆς
1572 2190 1792 2245 καὶτοῦ

203 2278 429 2346 δήμου,
491 2277 809 2332 ἐϐεϐαιοῐτο
867 2277 1019 2349 αύτῷ
1091 2280 1185 2333 καὶ
1239 2282 1272 2350 ή
1349 2283 1638 2352 ἐπωνυμία
1697 2284 1794 2338 τοῦ

203 2369 637 2441 αὐτοκράτορος.
673 2372 781 2423 Καὶ
835 2371 885 2424 εἰ
939 2372 1037 2440 μέν
1085 2373 1142 2425 ἐν
1193 2375 1258 2442 τῇ
1301 2375 1442 2445 ἀρχῇ
1490 2369 1558 2445 ἦν
1601 2375 1702 2443 ἐτι,
1734 2379 1794 2431 ἐν

202 2457 241 2534 ᾖ
272 2464 565 2532 τυγχάνων
598 2464 840 2532 ἐνίκησε,
888 2466 1062 2538 ταύτῃ
1091 2467 1185 2518 καὶ
1232 2469 1624 2539 πανηγυρίζων
1673 2471 1794 2523 ἐκέ-

202 2571 400 2625 χρητο.
433 2555 495 2608 Ei
539 2555 585 2608 δ’
611 2558 639 2609 6
691 2558 882 2628 χρόνος
923 2559 1264 2630 παρελήλυθε
1303 2561 1400 2630 τῆς
1437 2562 1630 2634 ἀρχῆς,
1662 2563 1792 2618 ἄλλο

202 2665 262 2699 τι
320 2648 636 2719 πρόσφοροι
672 2650 810 2720 αὐτῇ
841 2650 1116 2719 ἐλάμϐανε
1176 2653 1367 2723 ὄνομα.
1433 2654 1642 2729 Ἰδιώτῃ
1683 2659 1794 2730 γάρ

203 2741 507 2808 νικητήρια
599 2740 816 2810 πέμψαι
906 2742 1197 2814 ἀπείρητο.
1288 2746 1794 2820 Ἐνσκευασάμενος

202 2832 263 2884 δὲ
297 2834 366 2902 τῇ
424 2832 678 2902 ἐπινικίῳ
732 2837 924 2906 σκευῇ,
975 2837 1069 2889 καὶ
1121 2837 1544 2908 περιϐραχιόνια
1590 2840 1791 2910 λαϐὼν,

204 2925 475 2993 στέφανόν
506 2944 564 2979 τε
584 2928 788 2999 δάφνης
829 2928 1267 2999 ἀναδησάμενος,
1304 2934 1398 2985 καὶ
1436 2933 1631 2988 κλάδον
1661 2952 1796 3010 κρα-

198 3017 318 3069 τῶν
352 3021 410 3070 ἐν
445 3021 510 3089 τῇ
558 3019 731 3090 δεξιᾷ,
761 3021 854 3074 τὸν
899 3020 1073 3091 δῆμον
1118 3023 1404 3079 συνεκάλει
1431 3041 1445 3055 ⁸
1497 3029 1592 3080 καὶ
1635 3029 1796 3082 ἐπαι-

197 3111 368 3173 velox;
447 3113 568 3174 τοὺς
639 3113 1216 3184 συστρατευσαμένους
1277 3117 1426 3188 αὐτῷ
1483 3120 1791 3195 καὶκοινῇ,
1825 3163 1869 3222 c

279 3205 291 3222 ,
375 3204 442 3222 ,μ
655 3206 666 3222 .
826 3209 878 3222 ...
995 3210 1014 3222 .
1171 3208 1185 3222 .
1356 3211 1368 3222 .
1571 3213 1582 3222 .

197 3205 304 3259 καὶ
374 3204 482 3276 ἰδίᾳ
554 3206 745 3271 τινὰς,
822 3209 1076 3278 ἐδωρεῖτο
1128 3208 1229 3279 μὲν
1274 3211 1426 3278 σφίσι
1486 3213 1786 3285 χρήματα,

200 3298 374 3368 ἐτίμα
420 3297 478 3351 δὲ
537 3298 635 3351 καὶ
702 3299 936 3369 κόσμῳ,
1010 3301 1428 3375 περιδραχιόνιά
1504 3306 1566 3360 τέ
1641 3325 1790 3374 τισι,

198 3395 300 3450 καὶ
339 3396 543 3466 δόρατα
595 3394 832 3466 ἀσίδηρα
887 3399 1138 3468 παρεῖχε,
1190 3401 1282 3452 καὶ
1309 3401 1609 3470 στεφάνους
1675 3407 1789 3469 τοῖς

209 3491 313 3561 μὲν
346 3487 608 3561 χρυσοῦς,
644 3491 760 3554 τοῖς
784 3490 840 3543 δὲ
867 3489 1146 3561 ἀργυροῦς
1193 3491 1387 3558 ἐδίδου,
1440 3491 1679 3564 τοῦνομά
1729 3513 1788 3549 τε

207 3586 444 3639 ἑκάστου
475 3585 693 3654 καὶτῆς
722 3583 1003 3653 ἀριστείας
1035 3585 1328 3654 φέροντας,
1360 3585 1422 3639 τὸ
1455 3587 1786 3658 ἐκτύπωμα.

200 3679 269 3732 Εἰ
295 3679 408 3749 γάρ
441 3676 656 3748 τείχους
681 3692 767 3738 τις
795 3674 1007 3748 πρῶτος
1036 3677 1233 3746 ἐπέϐη,
1259 3677 1354 3732 καὶ
1378 3677 1591 3748 τείχους
1615 3681 1645 3733 6
1671 3681 1787 3734 στὲ·

202 3788 377 3840 (pavo;
411 3767 549 3833 εἶδος
582 3771 846 3842 ἐφέρετοσ
873 3768 908 3840 ἢ
939 3769 1034 3824 καὶ
1077 3769 1502 3842 ἐξεπολιόρκησὲ
1556 3789 1633 3836 τι,
1692 3772 1791 3828 καὶ

200 3864 366 3917 τοῦτο
393 3863 615 3915 κάκεῖνο
641 3862 930 3916 είκόνιστο.
974 3860 1387 3931 Ἐναυκράτησέ
1411 3877 1517 3926 τις,
1546 3864 1738 3916 ναυσὶν
1763 3867 1792 3919 6

205 3955 474 4023 στέφανος
507 3951 874 4020 ἐκεκόσμητο.
923 3950 1332 4021 Ἱπποκράτησέ
1359 3968 1464 4014 τις,
1487 3952 1711 4006 ἱππικόν
1737 3972 1789 4008 τι

202 4044 607 4110 ἐξετετύπωτο.
653 4043 715 4097 Ὃ
740 4043 796 4096 δὲ
825 4043 1054 4112 πολίτην
1083 4043 1206 4097 τινὰ
1238 4043 1302 4095 ἐκ
1339 4045 1541 4114 μάχης,
1596 4044 1630 4118 ἢ
1665 4045 1790 4100 ἐτέ-

207 4157 303 4209 ρου
338 4137 615 4202 κινδύνου,
654 4137 687 4206 ἢ
726 4138 790 4189 ἐκ
821 4135 1143 4207 πολιορκίας
1175 4137 1392 4200 σώσας,
1445 4137 1701 4206 μέγιστόν
1730 4155 1790 4193 τε

201 4227 317 4302 εἶχε
345 4229 441 4282 τὸν
481 4226 724 4290 ἔπαινον,
759 4228 854 4279 καὶ
889 4226 1165 4296 ἐλάμϐανε
1201 4227 1468 4294 στέφανον
1508 4227 1792 4299 γινόμενον

205 4327 268 4379 ἐκ
296 4322 485 4393 δρυὸς,
519 4321 578 4385 ὃς
614 4322 752 4375 πολὺ
791 4321 1011 4375 πάντων
1034 4320 1128 4373 καὶ
1152 4319 1260 4374 τῶν
1287 4320 1542 4391 ἀργυρῶν
1564 4323 1658 4375 καὶ
1682 4322 1794 4376 τῶν

202 4416 425 4488 χρυτῶν
452 4415 528 4479 ὡς
559 4414 907 4484 ἐντιμότερος
941 4411 1338 4484 προτετίμητο.
1395 4413 1506 4467 Καὶ
1566 4413 1628 4466 οὐ
1668 4415 1790 4467 κατ’

1909 1911 2164 1965 vocabat.
2207 1909 2273 1964 Et
2312 1911 2583 1965 militibus
2626 1909 2846 1980 publice
2871 1947 2886 1970 ,
2953 1907 3283 1977 quibusdam
3323 1904 3489 1960 etiam

1905 2005 2134 2059 seorsim
2193 2003 2474 2067 laudatis,
2547 2002 2841 2073 pecuniam
2895 2001 3172 2062 donabat,
3230 2007 3285 2052 et
3329 2013 3492 2051 orna-

1903 2106 2090 2150 menta
2137 2112 2150 2148 :
2201 2086 2372 2165 353'
2408 2105 2468 2150 ut
2500 2094 2744 2149 armillas
2766 2134 2783 2160 ,
2816 2093 3005 2148 hastas
3050 2091 3168 2146 sine
3196 2090 3344 2144 ferro
3368 2132 3380 2151 ,
3435 2101 3494 2142 et

1905 2202 2139 2243 coronas
2169 2187 2295 2242 aliis
2326 2201 2546 2249 aureas.
2590 2187 2715 2241 aliis
2779 2194 3090 2256 argenteas,
3143 2198 3404 2253 expresso
3437 2187 3494 2236 in

1903 2281 1972 2335 iis
1998 2280 2224 2335 nomine
2254 2288 2312 2335 et
2343 2279 2588 2335 facinore
2636 2278 2762 2333 viri.
2807 2279 2941 2332 Nam
2974 2276 3070 2348 qui
3103 2292 3323 2330 murum
3372 2276 3491 2344 pri-

1903 2385 2027 2424 mus
2054 2369 2491 2434 conscenderat,
2524 2379 2617 2424 aut
2674 2369 2961 2422 castellum
3008 2375 3350 2436 eXpugnarat
3378 2407 3391 2428 ,
3438 2364 3491 2416 ei

1904 2463 2135 2517 muralis
2159 2471 2214 2518 et
2244 2461 2611 2517 obsidionalis
2637 2460 2893 2514 dabatur.
2921 2458 3023 2524 Qui
3057 2458 3229 2512 classe
3256 2457 3486 2518 vicerat,

1902 2557 2022 2627 ejus
2057 2570 2261 2609 corona
2283 2555 2468 2625 specie
2509 2553 2731 2606 navium
2774 2559 2914 2606 erat.
2967 2549 3261 2618 biequetri
3307 2561 3489 2619 pugna

1904 2645 2133 2711 vicerat,
2151 2644 2358 2717 aliquid
2371 2654 2628 2714 equestre
2646 2643 2770 2698 ellin
2787 2644 2981 2716 gebntu
2991 2660 3035 2697 r.
3051 2642 3152 2710 Qui
3171 2659 3189 2694 ι
3203 2658 3299 2697 cro
3313 2641 3489 2696 civem

1904 2736 2196 2808 inprazlio,
2217 2736 2531 2800 obsidione,
2565 2736 2742 2789 aliove
2773 2733 3022 2804 periculo
3045 2733 3328 2794 liberarat,
3359 2745 3486 2786 cum

1902 2845 2175 2886 summam
2197 2829 2858 2897 laudemassequebatur,
2889 2837 3002 2881 tum
3035 2841 3300 2896 quernam
3325 2839 3487 2879 coro-

1902 2935 2028 2974 nam
2043 2919 2372 2990 accipiebat,
2387 2919 2544 2989 cujus
2563 2919 2740 2972 honos
2757 2917 3016 2971 omnibus
3034 2915 3309 2987 argenteis
3322 2924 3376 2970 et
3394 2931 3494 2968 au-

1901 3014 2013 3070 reis
2031 3013 2444 3084 prtelerebatur.
2469 3012 2593 3065 llrec
2607 3010 2751 3065 dona
2771 3026 2879 3065 non
2901 3009 3104 3064 viritim
3129 3018 3365 3075 tantum,
3388 3009 3492 3062 sed

1902 3118 1959 3163 et
1983 3104 2306 3163 cohortibus
2323 3114 2378 3159 et
2397 3104 2738 3160 exercitibus
2757 3102 2887 3156 totis
2910 3103 3318 3174 praebebantur.
3351 3104 3491 3171 Spo-

1902 3200 2103 3254 liorum
2122 3212 2314 3266 magna
2335 3212 2460 3266 pars
2478 3195 2620 3250 inter
2635 3195 2840 3250 milites
2853 3194 3308 3250 distribuebatur.
3335 3192 3488 3249 Fue-

1893 3291 2224 3353 runtetiam,
2243 3289 2338 3359 qui
2359 3289 2456 3343 toti
2472 3296 2728 3357 sumptus
2746 3287 2811 3342 ad
2834 3287 3058 3356 specula
3077 3287 3295 3358 publica
3313 3287 3482 3358 largi.
3574 3273 3592 3289 ’

1894 3394 2109 3440 rentur.
2125 3383 2280 3451 Quod
2297 3391 2610 3453 supererat,
2646 3383 2702 3438 in
2736 3382 2886 3444 fana,
2919 3382 2975 3436 in
2995 3381 3266 3452 porticus,
3302 3381 3486 3438 etalizt

1891 3477 2114 3548 publica
2128 3492 2295 3546 opera
2315 3475 2692 3533 conferebant.
2714 3473 2810 3530 His
2824 3475 3198 3546 triumphator
3216 3476 3486 3548 peractis,

1891 3587 2119 3628 currum
2135 3569 2565 3636 conscendebat,
2589 3585 2769 3640 neque
2789 3570 3026 3635 bellicis,
3047 3585 3226 3641 neque
3242 3571 3309 3624 iis
3323 3570 3482 3624 simi-

1893 3667 1998 3721 lem
2022 3707 2036 3728 ,
2065 3680 2301 3736 quorum
2332 3664 2386 3718 in
2405 3663 2551 3718 ludis
2579 3678 2712 3717 usus
2743 3673 2846 3727 est,
2872 3663 2966 3719 sed
2995 3662 3170 3717 instar
3192 3665 3362 3719 turris
3385 3679 3486 3719 ro-

1894 3757 2079 3812 tundae
2101 3755 2436 3809 conlectum.
2463 3754 2654 3822 Neque
2682 3755 2834 3808 solus
2855 3770 2919 3808 eo
2939 3754 3244 3808 vehebatur
3274 3795 3287 3808 .
3311 3755 3407 3808 sed
3432 3755 3485 3810 si

1891 3849 2114 3911 liberos,
2135 3859 2227 3902 aut
2242 3859 2501 3918 cognatos
2515 3846 2726 3917 aliquos
2743 3846 2999 3908 habebat,
3019 3847 3101 3922 vel
3121 3863 3248 3902 suas
3263 3849 3346 3902 vel
3363 3849 3482 3903 illo-

1893 3959 2017 3998 rum
2051 3941 2264 4012 puellas
2279 3951 2338 3996 et
2360 3941 2576 4012 puellos
2608 3942 2664 3994 in
2698 3956 2766 3995 eo
2795 3940 3126 4005 collocabat,
3151 3942 3480 4010 grandiores

1892 4029 2340 4102 equisjugalibus
2357 4040 2414 4085 et
2443 4029 2817 4085 anterioribus
2847 4031 3184 4100 imponebat.
3211 4031 3267 4086 Si
3294 4033 3485 4102 plures

1894 4137 2056 4181 erant
2078 4164 2094 4190 ,
2122 4124 2282 4194 equis
2317 4123 2702 4194 singularibus
2729 4124 3001 4179 victorem
3045 4125 3480 4182 comitabantur.

1895 4218 2232 4276 Cteterorum
2281 4217 2482 4273 civium
2524 4217 2812 4287 equitabat
2861 4233 3058 4283 nemo,
3100 4218 3198 4273 sed
3247 4219 3476 4275 laureati

1895 4327 2090 4368 omnes
2123 4310 2524 4381 sequebantur.
2575 4309 2731 4366 Unus
2765 4310 2896 4366 item
2929 4311 3187 4381 publicus
3228 4312 3483 4369 minister

1897 4405 1950 4458 in
1988 4405 2108 4474 ipso
2139 4418 2305 4456 rurru
2339 4402 2668 4466 vehebatur,
2698 4418 2958 4458 coronam
2991 4418 3214 4458 auream
3243 4406 3482 4475 gemmis

202 4511 375 4579 ἄνδρα
421 4508 586 4578 μόνον
620 4505 1030 4576 ἀριστεύσαντα
1064 4503 1239 4558 ταῦτα
1267 4504 1491 4570 ἐδίδοτο,
1518 4505 1657 4560 ἀλλά
1691 4507 1786 4560 καὶ

1899 4495 2283 4562 interpolatam
2301 4508 2470 4563 supra
2495 4495 2790 4564 caputeius
2811 4504 3026 4560 tenens,
3046 4507 3099 4549 et
3120 4505 3270 4551 retro
3285 4495 3478 4551 videre

201 4601 404 4673 λόχοις,
429 4601 526 4654 καὶ
557 4599 948 4671 στρατοπέδοις
977 4597 1122 4660 ὅλοις
1165 4598 1480 4667 παρείχετο.
1533 4598 1641 4656 Καὶ
1681 4600 1790 4651 τῶν

201 4695 467 4765 λαφύρων
501 4691 674 4745 πολλά
706 4691 804 4761 μὲν
859 4691 970 4753 τοῖς
1005 4690 1508 4760 στρατευσαμένοις
1557 4690 1796 4744 διανενέ-

207 4805 366 4858 μητο.
398 4784 539 4856 Ἤδη
571 4783 626 4836 δέ
654 4799 799 4845 τινες
829 4783 926 4836 καὶ
961 4782 1127 4834 παντὶ
1183 4780 1262 4850 τῷ
1318 4781 1380 4850 δή
1393 4799 1477 4851 μῳ
1523 4782 1795 4848 διέδοσαν,

201 4879 296 4933 καὶ
319 4877 612 4931 ἐδαπάνων
641 4876 720 4936 είς
749 4875 851 4944 τὴν
889 4874 1225 4944 πανήγυριν,
1260 4874 1356 4927 καὶ
1409 4873 1784 4944 ἐδημοσίευον.

204 4974 311 5025 Καὶ
331 4971 390 5024 εἴ
410 4986 465 5022 τι
506 4967 921 5038 περιελέλειπτο
943 5006 959 5032 ,
987 4967 1066 5028 εἰς
1097 4965 1280 5031 ναοὺς,
1306 4968 1386 5029 εἰς
1413 4966 1595 5030 στοὰς,
1629 4965 1664 5038 ἦ
1691 4967 1786 5020 καί

201 5077 250 5112 τι
269 5060 462 5128 ἕτερον
487 5056 751 5125 δημόσιον
775 5055 938 5124 ἔργον
958 5054 1271 5126 ἀνήλισκον.
1295 5053 1461 5107 Ταῦθ’
1483 5057 1511 5109 6
1530 5058 1787 5126 πομπεὺς

204 5152 461 5221 ποιήσας,
486 5150 568 5210 εἰς
594 5148 656 5201 τὸ
695 5147 853 5218 ἅρμα
884 5148 1160 5203 ἀνέϐαινε.
1195 5146 1268 5199 Τὸ
1305 5147 1360 5200 δὲ
1387 5147 1449 5218 δὴ
1487 5149 1641 5219 ἅρμα
1664 5148 1781 5202 οὔτ’

201 5241 611 5310 ἀγωνιστηρίῳ,
641 5238 767 5292 οὔτε
813 5238 1228 5309 πολεμιστηρίῳ
1261 5233 1327 5308 ἦν
1355 5240 1614 5309 ἐμφερὲς,
1663 5240 1778 5294 ἀλλ’

200 5333 495 5400 ἐςπύργου
546 5332 879 5403 περιφεροῦς
920 5331 1122 5404 τρόπον
1189 5329 1528 5402 ἐξείργαστο,
1563 5331 1674 5384 Καὶ
1717 5333 1780 5386 οὐ

205 5425 360 5494 μόνος
382 5421 454 5497 ἦν
473 5425 533 5478 ἐν
569 5424 648 5496 τῷ
671 5426 884 5496 ἅρματι
909 5462 926 5490 ,
963 5424 1078 5478 ἀλλ’
1119 5424 1186 5482 ἄν
1239 5441 1301 5494 γε
1350 5423 1444 5478 καὶ
1489 5423 1689 5487 παῖδας
1742 5425 1775 5495 ἢ

1890 4589 2130 4659 jubens:
2185 4600 2296 4654 quo
2338 4584 2640 4648 monebat,
2682 4593 2744 4640 ut
2783 4587 3011 4656 reliquae
3078 4588 3205 4643 vitae
3253 4604 3482 4644 cursum

1895 4680 2250 4753 provideret,
2292 4692 2395 4732 nec
2423 4692 2490 4732 eo
2529 4678 2739 4732 honore
2773 4679 2951 4734 elatus
2982 4681 3318 4749 superbiret.
3368 4684 3481 4751 Ap-

1899 4791 2066 4846 pensa
2110 4788 2332 4843 quoque
2362 4781 2482 4826 erat
2516 4771 2709 4826 currui
2750 4773 2874 4826 nola
2905 4782 2961 4827 et
2994 4772 3268 4846 ﬂagellum
3293 4817 3310 4840 ,
3355 4791 3485 4845 quae

1896 4866 2226 4928 innuebant,
2285 4866 2488 4919 eumiu
2534 4872 2712 4919 tantas
2749 4865 3090 4921 calamitates
3124 4882 3283 4937 posse
3338 4869 3480 4922 inci-

1895 4957 2025 5012 dere
2049 4998 2062 5021 ,
2099 4965 2158 5010 ut
2196 4965 2292 5010 aut
2319 4955 2504 5026 ﬂagris
2540 4956 2868 5019 caederetur,
2902 4967 2999 5012 aut
3028 4957 3224 5027 capitis
3249 4957 3483 5012 damnan

1893 5063 2070 5109 retur.
2098 5051 2234 5107 Nam
2266 5051 2360 5122 qui
2405 5051 2477 5106 ob
2509 5050 2731 5106 facinus
2765 5061 3020 5107 extremo
3061 5052 3334 5122 supplicio
3361 5052 3483 5106 alii-

1892 5146 2186 5204 ciebantur
2211 5184 2226 5210 ,
2291 5145 2450 5201 nolas
2476 5153 2693 5215 gestare
2737 5146 2991 5201 solebant
3023 5163 3036 5201 :
3072 5161 3141 5199 ne
3169 5145 3292 5214 quis
3327 5144 3474 5198 inter

1887 5239 2156 5302 eundum,
2187 5249 2444 5295 contactu
2471 5239 2691 5294 illorum
2734 5239 2952 5309 piaculo
2984 5254 3042 5292 se
3069 5238 3470 5306 obstringeret.

1891 5331 1984 5388 Sic
2017 5343 2203 5386 autem
2227 5332 2478 5387 exornati
2514 5333 2708 5387 urbem
2745 5331 3198 5401 ingrediebantur
3224 5371 3238 5394 ,
3279 5331 3479 5398 spoliis

1885 5433 1942 5481 et
1986 5424 2230 5480 victoriae
2273 5424 2579 5496 insignibus
2625 5425 3112 5486 antecedentibus,
3164 5423 3218 5476 in
3265 5422 3481 5493 quibus

1389 5581 1591 5645 Variae
1623 5581 1929 5648 lectiones
1975 5588 2036 5645 et
2080 5591 2269 5648 notae.

265 5709 343 5783 (ί)
371 5707 806 5783 Δρομοκῇρυξι.
853 5708 1193 5783 Ϊᾳρείίανίὲι,
1222 5726 1339 5783 qua
1379 5725 1516 5768 voce
1556 5726 1784 5770 rursum

1907 5710 2040 5768 titur
2079 5711 2251 5778 infra,
2308 5712 2408 5768 lib.
2437 5727 2513 5778 ιι,
2545 5718 2679 5767 sect.
2713 5710 2766 5768 8.
2787 5709 2922 5767 Vide
2944 5709 3166 5769 Henric.
3196 5710 3473 5768 Valcsium

202 5779 264 5834 ad
295 5780 718 5849 ﬂarpocration.
749 5795 803 5849 p.
845 5781 974 5834 2'12.
