4008 6250
520 325 621 390 611

1789 312 2114 375 JOANNIS
2155 312 2348 372 ZONA
2362 312 2480 371 ΒΖΕ

3677 307 3782 369 612

508 456 772 512 expressa
827 446 988 496 erant
1027 437 1290 502 castella,
1340 438 1504 494 urbes
1528 481 1543 504 ,
1599 444 1816 490 montes
1840 474 1854 500 ,
1895 433 2085 496 fluvii,

2198 433 2483 499 συγγενεῖς
2523 430 2601 501 (5)
2633 446 2788 493 τινας
2821 424 2960 500 εἶχε,
2995 427 3271 483 κάκείνων
3325 427 3423 491 τάς
3480 426 3583 497 μὲν
3620 426 3790 497 κόρας

509 535 756 607 paludes
776 576 791 599 ,
826 534 1000 590 maria
1028 575 1042 599 ,
1081 531 1325 602 denique
1361 532 1546 587 omnia
1575 544 1697 601 qua:
1725 538 1884 598 capta
1910 534 2094 581 erant.

505 630 663 697 Quod
699 631 741 684 si
767 643 966 699 pompa
993 641 1104 680 uno
1128 625 1217 680 die
1243 627 1428 695 peragi
1461 640 1571 679 non
1605 630 1857 693 poterat,
1890 634 2095 675 secun-

505 721 610 774 dus
656 731 711 773 et
754 717 953 771 tertius
1000 716 1349 772 sumebatur.
1407 715 1480 770 Iis
1534 715 1704 769 rebus
1751 709 2090 782 praemissis,

505 808 876 877 triumphator
903 806 962 860 in
987 805 1166 860 forum
1193 804 1356 876 354
1382 805 1693 859 Romanum
1724 801 1962 863 delatus,
1989 798 2090 852 ali-

502 908 638 970 quot
672 898 907 967 captivis
940 899 995 953 in
1021 912 1301 951 carcerem
1326 896 1452 951 duci
1485 892 1780 963 occidique
1804 889 1996 963 jussis,
2033 889 2088 943 in

501 992 833 1062 Capitolium
881 990 1246 1046 invehebatur
1267 1007 1282 1044 :
1304 988 1493 1059 ibique
1514 988 1724 1056 aliquot
1742 982 2092 1041 ezeremoniis

510 1085 785 1156 peractis,
827 1093 883 1139 et
915 1083 1160 1138 donariis
1196 1080 1501 1145 dedicatis,
1539 1095 1664 1135 cum
1698 1081 1755 1134 in
1786 1075 2096 1148 porticibus

503 1177 580 1231 ibi
619 1187 876 1233 coenatus
902 1184 1085 1240 esset,
1117 1174 1332 1244 vesperi
1367 1172 1521 1228 tibiis
1552 1178 1609 1227 et
1638 1170 1839 1227 fistulis
1867 1178 2094 1224 antece-

499 1270 762 1324 dentibus
791 1270 1018 1323 domum
1064 1267 1300 1323 redibat.
1347 1263 1429 1319 Ac
1456 1262 1775 1333 triumphus
1806 1262 1938 1318 olim
1989 1261 2085 1315 hu-

495 1363 738 1433 ;nsmndi
786 1362 930 1416 fuit:
964 1360 1063 1415 sed
1107 1358 1413 1415 seditiones
1441 1366 1499 1413 et
1531 1356 1802 1412 factiones
1849 1355 2089 1426 plurima

502 1454 555 1507 in
578 1455 662 1508 eis
693 1455 1046 1508 immvarunt.

2207 524 2301 576 καὶ
2328 523 2393 577 τὰ
2422 522 2631 594 ἄρρενα
2657 521 2727 575 τά
2760 518 2955 587 νεογνά
3010 520 3070 572 ὲν
3122 518 3273 585 αὐτῷ
3307 515 3623 580 ἀνεϐίϐαζε,
3664 515 3791 577 τοὺς

2203 614 2259 669 δὲ
2287 614 2615 684 ἁδροτέρους
2647 613 2741 667 ἐπὶ
2762 612 2891 676 τοὺς
2930 611 3135 675 ῖππους
3160 609 3286 674 τούς
3310 626 3369 662 τε
3417 607 3644 675 ζυγίους
3698 607 3796 659 καὶ

2203 705 2330 769 τοὺς
2362 705 2725 775 σειραφόρους
2749 703 3032 757 ἀνετίθετο
3053 719 3067 734 ο
3098 704 3148 755 εί
3171 701 3228 754 δὲ
3252 700 3472 764 πλείους
3507 693 3676 769 ἦσαν,
3700 697 3797 750 ἐπὶ

2201 798 2448 867 κελήτων
2477 797 2558 866 τῷ
2586 798 2798 864 πομπεῖ
2839 794 3286 865 παριππεύοντες
3348 793 3795 861 συνεπόμπευον.

2194 887 2314 940 Τῶν
2349 887 2397 939 δ’
2423 886 2599 941 ἄλλων
2627 885 2803 949 οὐδεὶς
2831 886 3049 956 ὠχεῖτο,
3083 882 3200 938 ἀλλ’
3230 881 3559 952 ἐστεμμένοι
3609 877 3794 951 δάφνῃ

2194 979 2395 1042 πάιτες
2437 978 2710 1043 ἐϐάδιζον.
2739 978 2973 1046 οίκέτης
3013 976 3201 1047 μέντοι
3249 976 3516 1046 δημόσιος
3562 971 3655 1027 ἐπ’
3695 972 3796 1025 αὺ-

2197 1073 2294 1127 τοῦ
2330 1075 2645 1146 παρωχεῖτο
2675 1069 2772 1125 τοῦ
2800 1071 3068 1141 ἅρματος,
3101 1069 3195 1123 τὸν
3234 1070 3502 1136 στέφανον
3550 1065 3662 1119 τῶν
3712 1063 3795 1116 λί-

2194 1168 2307 1220 θων
2358 1168 2470 1219 τῶν
2504 1165 2851 1238 χρυσοδέτων
2883 1164 3240 1235 ύπερανέχων
3270 1161 3463 1222 αὑτοῦ,
3510 1159 3608 1212 καὶ
3635 1159 3793 1225 ἔλεγε

2193 1259 2333 1330 πρὸς
2365 1259 2553 1324 αὐτὸν,
2610 1258 2819 1311 Ὀπίσω
2854 1256 3042 1327 βλέπε,
3079 1256 3140 1309 τὸ
3175 1255 3407 1308 κατόπιν
3444 1252 3654 1323 δηλαδὴ
3693 1248 3795 1303 καὶ

2199 1354 2267 1406 τὰ
2298 1352 2497 1422 ἐφεξῆς
2523 1350 2832 1421 προσκόπει
2854 1347 2949 1402 τοῦ
2987 1348 3126 1419 βίου,
3158 1345 3282 1418 μηδ’
3307 1345 3414 1399 ὑπὸ
3441 1344 3550 1397 τῶν
3589 1342 3797 1411 παρόν-

2198 1462 2308 1499 των
2353 1443 2598 1514 ὲπαρθῇς
2647 1442 2746 1496 καὶ
2810 1442 3256 1513 ὑπερφρονήσῃς.
3312 1439 3423 1492 Καὶ
3468 1435 3660 1489 κώδων
3709 1433 3793 1502 (6)

501 1548 810 1615 άπήρτητο,
840 1544 938 1598 καὶ
968 1544 1172 1612 μάστιξ
1207 1544 1303 1597 τοῦ
1339 1543 1605 1613 ἅρματος,
1643 1540 1953 1596 ὲνδεικτικὰ
1990 1539 2083 1592 τοῦ
2124 1539 2217 1592 καὶ
2272 1538 2609 1608 δυστυχῆσαι
2644 1538 2806 1591 αὑτὸν
2854 1535 3143 1599 δύνασθαι,
3184 1534 3330 1587 ὥστε
3360 1533 3458 1588 καὶ
3523 1529 3795 1598 αἰκισθῆο

497 1640 665 1708 ναι,ἢ
715 1639 811 1690 καὶ
877 1636 1237 1706 δικαιωθῆναι
1286 1636 1489 1691 θανεῖν.
1542 1637 1680 1698 Τοὺς
1705 1638 1815 1705 γὰρ
1866 1635 1958 1688 ξπί
2005 1649 2115 1687 τινι
2157 1634 2474 1704 ἀτοπήματι
2518 1631 3020 1694 καταδικασθέντας
3081 1629 3284 1693 θανεῖν,
3347 1627 3640 1697 νενόμιστο
3684 1639 3799 1678 κω-

498 1731 854 1800 δωνοφορεῖν,
893 1729 979 1782 ἵνα
1015 1730 1206 1799 μηδεὶς
1246 1728 1556 1799 βαδίζουσιν
1577 1729 1764 1791 αὐτοῖς
1823 1728 2305 1796 ἐγχρεμπτόμενος
2338 1725 2647 1795 μιάσματος
2706 1723 3150 1794 άναπίμπληται.
3192 1722 3349 1775 Οὕτω
3409 1717 3469 1771 δὲ
3500 1717 3798 1779 σταὶέντες

498 1823 759 1894 εἰσῄεσαν
784 1823 863 1887 είς
897 1825 995 1893 τὴν
1029 1822 1207 1888 πόλιν,
1243 1820 1459 1890 ἔχοντες
1488 1822 1890 1890 προπέμποντα
1937 1819 2090 1888 σφῶν
2128 1818 2198 1872 τά
2250 1817 2428 1872 σκύλα
2470 1834 2533 1871 τε
2597 1817 2694 1872 καὶ
2720 1817 2791 1871 τά
2840 1817 3102 1886 τρόπαια,
3145 1815 3240 1869 καὶ
3266 1814 3327 1866 ὲν
3368 1813 3546 1865 εἰκόσι
3601 1811 3672 1864 τά
3727 1825 3797 1863 τε

498 1917 823 1988 αἰχμάλωτα
852 1915 1094 1988 φρούρια
1129 1913 1437 1985 ἠσκημένα,
1488 1914 1675 1977 πόλεις
1700 1931 1759 1966 τε
1807 1915 1903 1967 καὶ
1948 1913 2073 1985 ὅρη.
2116 1915 2212 1968 καὶ
2271 1913 2576 1982 ποταμοὺς,
2642 1911 2861 1981 λίμνας,
2906 1909 3209 1974 θαλάσσας,
3269 1906 3339 1960 τά
3381 1920 3441 1958 τε
3486 1902 3799 1975 σύμπαντα.

494 2018 596 2069 ὅσα
623 2014 957 2068 ἑαλώκεσαν.
991 2013 1101 2066 Καὶ
1147 2013 1195 2064 εἰ
1255 2012 1355 2081 μὲν
1404 2010 1505 2081 μία
1553 2010 1737 2080 ἡμέρα
1805 2004 1874 2081 ἦν
1929 2009 2238 2080 ὲξαρκοῦσα
2293 2010 2431 2080 πρὸς
2487 2007 2589 2080 τὴν
2652 2008 2860 2060 τούτων
2936 2004 3200 2074 πομπήν·
3236 2004 3284 2056 εἰ
3329 2001 3388 2056 δὶ
3445 2002 3521 2071 μὴ
3586 2002 3682 2054 καὶ
3728 2002 3797 2054 ἑν

494 2108 723 2176 δευτέρᾳ
756 2106 1031 2176 καὶτρίτῃ
1056 2104 1359 2173 ἐπέμπετο.
1413 2103 1847 2173 Προδιελθόντων
1878 2100 1924 2156 δ’
1984 2103 2232 2166 ἐκείνων,
2293 2100 2467 2163 οὓτως
2504 2102 2533 2155 ὁ
2603 2099 2859 2170 πομπεὺς
2890 2100 2969 2161 εἰς
3034 2095 3132 2168 τὴν
3170 2094 3468 2165 Ῥωμαίων
3498 2092 3797 2162 κομισθεὶς

496 2198 726 2270 ἀγορὰν,
760 2199 856 2252 καὶ
884 2197 995 2250 τῶν
1018 2196 1384 2266 αίχμαλὼτων
1406 2195 1562 2256 τινὰς
1594 2195 1673 2256 είς
1707 2194 1768 2246 τὶι
1827 2193 2211 2264 δεσμωτήριον
2259 2193 2575 2264 ἀπαχθῆναι
2602 2193 2697 2245 καὶ
2746 2190 3133 2259 θανατωθῆναι
3185 2187 3796 2259 κελεύσαςάνήλαυνεν

500 2295 583 2356 εἰς
611 2292 672 2345 τὸ
696 2289 1064 2351 Καπιτώλιον,
1095 2290 1187 2343 καί
1206 2306 1360 2351 τινας
1382 2290 1498 2341 ἐκεῖ
1518 2287 1737 2350 τελετὰς
1764 2286 2088 2356 πληρώσας,
2130 2287 2228 2340 καὶ
2254 2284 2630 2355 προσαγαγὼν
2652 2284 3002 2355 ἀναθήματα,
3064 2284 3159 2337 καὶ
3185 2282 3336 2353 παρὰ
3361 2283 3482 2343 ταῖς
3534 2280 3656 2333 ἐκεῖ
3677 2278 3795 2333 δει-

494 2385 711 2452 πνήσας
732 2383 938 2447 στοαῖς,
953 2381 1090 2450 πρὸς
1109 2382 1346 2452 ἑσπέραν
1377 2380 1557 2433 οἴκαδε
1579 2381 1699 2450 μετ’
1720 2380 1901 2433 αὐλῶν
1918 2381 2015 2433 καὶ
2030 2381 2311 2451 συρίγγων
2364 2380 2675 2451 ἁπήρχετο.
2743 2378 2980 2433 Τοιαῦτα
3000 2378 3099 2449 μὲν
3115 2372 3256 2449 ἦσαν
3278 2375 3448 2430 πάλαι
3468 2376 3536 2431 τά
3554 2375 3794 2446 νικητή.

499 2495 589 2548 ρια
609 2494 624 2509 ο
667 2478 724 2530 αἱ
754 2477 811 2530 δὲ
839 2479 1062 2538 στάσεις
1129 2477 1190 2529 αἶ
1221 2494 1281 2529 τε
1311 2475 1626 2530 δυναστεῖαι
1670 2475 1902 2529 πλεῖστα
1927 2477 2293 2545 ἐνεωτέρισαν
2325 2475 2416 2530 ἐπ’
2452 2475 2659 2539 αὐτοῖς.

567 2570 732 2624 XXII.
766 2569 881 2624 Etsi
906 2583 1090 2624 autem
1116 2570 1267 2640 plebs
1294 2611 1308 2635 ,
1346 2578 1407 2623 ut
1434 2570 1547 2642 jam
1587 2569 1795 2625 dictum
1821 2579 1938 2636 est,
1980 2567 2085 2624 Ca-

2262 2568 2392 2625 KB'.
2442 2569 2506 2622 El
2539 2569 2597 2623 δὲ
2632 2568 2747 2633 καὶ,
2796 2568 2873 2630 ὠς
2907 2568 3007 2639 ἠδη
3042 2568 3347 2636 ἱστόρηται.
3376 2567 3404 2618 ό
3445 2564 3622 2634 δῆμος
3656 2565 3789 2635 δμε-

496 2665 711 2719 millum
739 2663 956 2725 oderat,
988 2673 1168 2718 tamen
1200 2662 1271 2717 ob
1305 2662 1513 2718 bellum
1535 2661 1809 2718 Faliscum
1836 2675 2089 2717 necessa-

496 2758 579 2812 rio
601 2756 885 2810 tribunum
910 2755 1146 2810 militum
1183 2755 1495 2827 designant.
1524 2754 1627 2822 Qui
1652 2770 1778 2810 cum
1798 2754 1987 2826 praelio
2003 2755 2093 2808 vi-A

494 2849 682 2913 cisset,
705 2848 859 2902 urbis
876 2846 1071 2901 valida:
1088 2890 1102 2911 ,
1121 2847 1207 2901 cui
1240 2847 1438 2903 Falerii
1454 2862 1658 2902 nomen
1677 2857 1817 2911 erat,
1845 2847 2089 2901 obsidio-

494 2957 564 2997 ne
602 2941 740 2996 nihil
768 2941 1114 3012 proficiebat.
1146 2941 1320 3008 Quam
1355 2942 1506 2998 cives
1527 2942 1600 2996 ita
1630 2941 2084 3004 contemnebant,

493 3028 557 3092 ut
585 3050 780 3090 eorum
803 3036 968 3090 liberi
999 3051 1124 3090 cum
1151 3042 1487 3106 prmceptore
1505 3036 1660 3107 juxta
1683 3034 1885 3090 muenia
1900 3032 2088 3088 dcam-

496 3130 755 3184 bularent
771 3138 827 3183 et
844 3129 1281 3184 exercitationes
1297 3128 1745 3198 frequentarent.
1770 3126 1959 3195 Itaque
1980 3127 2090 3181 Ro-

495 3221 639 3275 mani
684 3236 743 3273 re
769 3220 967 3274 inlecta
986 3221 1282 3275 discessuri
1301 3230 1481 3281 erant.
1505 3219 1615 3274 nisi
1633 3234 1763 3274 casu
1782 3221 1980 3276 retenti
1997 3237 2087 3275 es-

494 3321 636 3366 sent.
665 3311 717 3365 Is
743 3312 887 3365 enim
915 3319 1240 3382 praeceptor,
1258 3311 1375 3367 sive
1401 3328 1470 3367 ex
1491 3312 1703 3367 oll‘ensa
1728 3312 1933 3382 aliqua.
1968 3311 2087 3367 sive

494 3403 631 3458 lucri
651 3418 746 3473 Spe
759 3402 973 3457 civibus
991 3402 1276 3467 insidians,
1296 3403 1540 3473 quotidie
1556 3417 1754 3473 pueros
1772 3417 1940 3473 prope
1956 3419 2090 3459 mce-

495 3495 583 3548 nia
604 3497 780 3565 prima
822 3495 1181 3566 perducebat,
1220 3512 1425 3568 eosque
1459 3498 1700 3567 peractis
1737 3498 2088 3552 exercitatio.

496 3589 659 3643 nibus
692 3589 876 3642 statim
901 3589 1220 3645 reducebat.
1248 3590 1495 3660 Denique
1532 3605 1724 3644 omnes
1748 3590 1805 3645 in
1830 3591 2090 3645 excubias

495 3677 865 3731 Romanorum
881 3678 1181 3749 conjectos,
1199 3679 1265 3733 ad
1282 3677 1571 3734 Camillum
1590 3680 1714 3734 duci
1728 3681 1912 3752 jussit:
1926 3681 2092 3750 eique

491 3768 651 3829 dixit.
675 3784 772 3838 per
791 3785 888 3825 eos
909 3786 1116 3840 pueros
1133 3787 1191 3826 se
1214 3781 1382 3826 totam
1413 3773 1490 3827 illi
1514 3773 1706 3828 urbem
1725 3773 1959 3829 tradere.
1986 3773 2091 3830 Ca-

386 3880 389 3883 -
495 3857 678 3911 millus
708 3856 761 3910 id
802 3857 1018 3914 facinus
1046 3860 1353 3916 detestatus
1376 3902 1391 3928 ,
1411 3862 1731 3934 imperatori
1751 3876 1944 3937 suapte
1977 3866 2088 3920 vir-

2195 2682 2281 2720 σει
2315 2664 2412 2717 τὸν
2462 2663 2767 2734 Κάμιλλον,
2808 2662 2927 2717 ἀλλ’
2973 2665 3002 2717 ὁ
3037 2662 3171 2733 προς
3200 2660 3505 2723 Φαλίσκους
3540 2659 3791 2730 πόλεμος

2188 2757 2469 2827 ἠνάγκασε
2490 2756 2772 2827 χιλίαρχον
2816 2756 3164 2826 ψηφισθῆναι
3209 2755 3396 2808 αὐτόν.
3440 2753 3551 2806 Καὶ
3577 2754 3789 2817 αὐτοὺς

2194 2852 2294 2921 μὲν
2326 2852 2589 2924 ἐνίκησαν
2633 2852 3031 2922 μαχεσάμενοι.
3066 2849 3529 2919 Πολιουρκοῦντες
3582 2849 3642 2902 δὲ
3680 2849 3788 2901 πό-

2190 2940 2273 2995 λιν
2300 2943 2481 2996 αὐτῶν
2535 2944 2801 3014 ἐρυμνὴν,
2849 2941 3146 3011 Φαλερίους
3210 2944 3310 3013 (6')
3348 2941 3785 3011 ὠνομασμένην,

2189 3036 2347 3089 οὐδὲν
2378 3036 2563 3107 ἤνυον.
2598 3035 2755 3090 Οὕτω
2784 3038 2893 3105 γὰρ
2952 3037 3053 3104 τῆς
3092 3036 3409 3104 πολ;ορκὶας
3434 3037 3485 3088 oi
3517 3036 3618 3105 τῆς
3677 3033 3788 3086 πό-

2192 3130 2325 3194 λεως
2360 3132 2751 3199 κατεφρόνουν,
2786 3130 2859 3192 ὡς
2890 3130 3129 3192 καὶτοὺς
3160 3130 3359 3192 παῖδας
3392 3128 3576 3181 αὐτῶν
3618 3128 3785 3197 παρὰ

2189 3223 2258 3275 τὰ
2280 3222 2438 3294 τείχη
2470 3225 2944 3293 περιπατήσοντας
2987 3224 3127 3293 μετὰ
3158 3221 3629 3285 τοῦιδιδασκάλου,
3676 3225 3784 3275 καὶ

2190 3316 2644 3383 γυμνασομένους
2674 3315 2886 3386 φοιτᾷν.
2923 3313 3041 3369 Κᾶν
3075 3313 3393 3384 ἀπέστησαν
3424 3314 3525 3381 τῆς
3553 3316 3785 3384 πολιορ-

2191 3407 2336 3470 κίας.
2372 3409 2420 3460 εί
2452 3409 2526 3478 μή
2557 3424 2610 3461 τι
2634 3407 3006 3478 συμϐέϐηκεν.
3037 3402 3204 3469 Οὗτος
3235 3406 3346 3477 γὰρ
3382 3405 3410 3456 ό
3448 3407 3782 3471 διδάσκαλος

2192 3500 2565 3554 ἐπιϐουλεύων
2599 3503 2711 3563 τοῖς
2734 3500 3004 3565 πολίταις,
3040 3500 3074 3571 ἢ
3108 3499 3178 3553 δι’
3206 3498 3378 3570 ὀργήν
3406 3500 3608 3570 τινα,ἧ
3642 3518 3784 3570 mp-

2190 3593 2323 3655 δους
2338 3591 2536 3656 ἐλπίδι,
2561 3591 2776 3662 ἡμέρας
2803 3591 3044 3660 ἑκάστης
3074 3590 3243 3659 ἐξῆγε
3270 3591 3398 3654 τοὺς
3428 3593 3631 3654 παῖδας
3678 3593 3783 3645 ἐπὶ

2190 3685 2268 3755 to;
2279 3687 2459 3755 τεῖχος
2490 3684 2658 3753 ἐγγὺς
2678 3684 2738 3737 τὸ
2763 3683 3003 3755 πρῶτον,
3036 3683 3368 3754 καὶείσῆγεν
3389 3683 3548 3748 αὖθις
3571 3684 3781 3748 αὐτοὺς

2190 3776 2648 3847 γυμνασαμένους
2682 3776 2870 3838 εὐθύς.
2903 3776 3073 3840 Τέλος
3105 3776 3150 3829 δ’
3180 3778 3262 3839 είς
3298 3778 3427 3841 τοὶς
3487 3775 3782 3848 προφύλαο

2127 3922 2152 3943 η
2190 3884 2294 3932 κας
2320 3867 2431 3920 τῶν
2470 3867 2758 3935 Ῥωμαίων
2817 3867 3072 3920 ἐνέϐαλεν
3123 3867 3392 3933 ἅπαντας,
3449 3867 3546 3919 καὶ
3613 3866 3780 3933 ἄγειν

494 3955 632 4013 tute,
684 3964 793 4002 non
843 3949 1024 4004 aliena
1065 3951 1422 4022 improbitate
1454 3929 1619 4019 freto,
1666 3955 1807 4010 bella
1843 3929 2080 4027 gerenda

2188 3960 2443 4013 ἐκέλευσε
2469 3961 2608 4029 πρὸς
2653 3959 2751 4011 τὸν
2782 3959 3082 4028 Κάμιλλον.
3114 3960 3231 4014 Καὶ
3266 3960 3553 4030 παραστάς
3596 3960 3777 4029 αὐτῷ,

490 4048 615 4092 esse
644 4038 803 4093 dixit.
850 4039 929 4092 Ac
959 4039 1284 4110 magistrum
1319 4043 1586 4097 nudatum
1612 4084 1627 4110 ,
1666 4044 1923 4101 manibus
1959 4057 2081 4115 post

495 4135 704 4199 tergunt
739 4129 964 4201 illigatis
989 4171 1003 4196 ,
1037 4132 1415 4188 reducendum
1453 4134 1695 4191 Falerios
1731 4139 1918 4206 pueris
1965 4149 2080 4193 tra-

496 4220 673 4276 didit:
699 4223 871 4294 virgis
896 4233 952 4279 et
982 4223 1213 4295 ﬂagellis
1239 4225 1404 4293 datis,
1436 4241 1497 4283 ut
1519 4230 1861 4298 proditorem
1888 4231 2081 4286 verbe-

495 4315 655 4371 ribus
686 4315 743 4370 in
768 4317 963 4371 urbem
1003 4328 1250 4388 agerent.
1289 4319 1608 4375 Proditione
1635 4324 1854 4393 cognita
1881 4364 1895 4386 ,
1939 4338 2078 4378 cono

494 4414 772 4471 cursuque
820 4404 1060 4458 virorum
1100 4415 1155 4461 et
1193 4408 1494 4463 nmlierum
1546 4410 1974 4466 lamentantium
2024 4413 2078 4466 in

496 4492 700 4547 muenia
748 4494 929 4556 facto,
963 4497 1119 4565 pueri
1161 4501 1481 4568 magistrum
1521 4503 1727 4556 nudum
1772 4504 2076 4560 adducunt.

494 4583 616 4651 Quo
645 4587 965 4654 spectaculo
1012 4592 1252 4658 promoti
1288 4592 1482 4647 Falisci
1505 4634 1521 4654 ,
1555 4610 1615 4649 re
1656 4600 1896 4666 cognita,
1931 4598 2081 4654 ultro

496 4677 837 4731 deditionem
863 4677 1094 4735 Camillo
1132 4681 1421 4745 fecerunt,
1461 4701 1520 4740 se
1548 4686 1697 4741 illius
1739 4699 1845 4743 tam
1866 4688 2078 4758 justum

494 4768 787 4838 imperium
837 4785 950 4825 sine
1001 4772 1242 4829 libertati
1299 4790 1619 4846 praeponere
1668 4782 1923 4850 professi.
1969 4783 2075 4849 Qui

504 4878 630 4919 cum
666 4874 889 4934 accepta
924 4870 1174 4936 pecunia,
1202 4871 1439 4942 dataque
1462 4890 1594 4944 pace
1620 4879 1958 4939 recessisset.
1977 4881 2079 4934 mi-

493 4960 619 5015 lites
649 4958 966 5029 direptione
1002 4961 1340 5019 Faleriorum
1370 4968 1639 5036 frustrati,
1669 4972 1855 5041 p0puli
1888 4974 2079 5029 odium

493 5050 547 5104 ei
577 5051 901 5120 objecerunt
929 5069 946 5108 :
986 5068 1052 5108 ac
1080 5058 1253 5125 magis
1278 5068 1436 5113 aucta
1475 5059 1702 5129 invidia,
1744 5066 2080 5134 repetunda-

494 5156 617 5194 rum
666 5153 959 5197 accusatus
1010 5153 1138 5208 est,
1182 5154 1244 5199 ut
1304 5147 1399 5216 qui
1448 5147 1787 5219 Tyrrhenam
1836 5155 2076 5222 praedam

2184 4053 2366 4105 πᾶσαν
2413 4047 2537 4105 εἷπε
2584 4050 2935 4121 παραδιδόναι
2960 4051 3057 4122 τὴν
3089 4052 3243 4105 πόλιν
3277 4052 3365 4105 διὰ
3393 4051 3502 4104 τῶν
3540 4052 3771 4107 παίδων.

2195 4141 2432 4202 Ἐκεῖνος
2454 4140 2510 4193 δὲ
2531 4140 2707 4193 δεινὸν
2731 4140 2791 4192 τὸ
2825 4139 2986 4208 ἔργον
3018 4139 3393 4210 ἡγησάμενος,
3452 4143 3548 4192 καὶ
3594 4142 3775 4212 ἀρετῇ

2184 4235 2364 4304 φήσας
2395 4233 2501 4302 ίδὲᾳ
2530 4232 2626 4285 τὸν
2658 4232 2832 4301 μέγαν
2867 4232 3197 4303 στρατηγὸν,
3230 4232 3347 4285 ἀλλ’
3382 4233 3483 4285 οὐκ
3514 4232 3777 4304 ἀλλοτρίᾳ

2182 4332 2353 4395 κακίᾳ
2376 4322 2685 4394 θαρροῦντα
2710 4323 2908 4394 χρῆναι
2931 4323 3270 4393 στρατεύειν,
3315 4325 3618 4394 προσέταξε
3672 4340 3774 4392 γυ-

2184 4417 2468 4489 μνωθῆναι
2499 4416 2599 4486 μὲν
2619 4419 2709 4470 τὸν
2739 4418 3080 4478 διδάσκαλον,
3110 4420 3204 4470 καὶ
3231 4419 3284 4470 δε
3296 4422 3503 4490 σμῆσαι
3531 4422 3631 4482 τὰς
3656 4426 3773 4488 χεῖ-

2183 4528 2282 4580 ρας
2311 4508 2562 4573 όπισθεν,
2595 4512 2707 4573 τοῖς
2736 4509 2796 4563 δὲ
2830 4512 2987 4563 παισὶ
3017 4511 3250 4578 ῥάϐδους
3286 4511 3492 4575 δοῦναι,
3535 4513 3634 4567 καῖ⁵
3664 4515 3773 4581 μά-

2184 4620 2397 4673 στιγας,
2463 4603 2552 4657 ἵνα.
2607 4604 2832 4668 ταύταις
2876 4604 2969 4658 τὸν
3028 4604 3298 4675 προδότην
3336 4605 3608 4675 δήσαντες
3670 4609 3769 4661 καὶ

2179 4692 2494 4759 τύπτοντες,
2555 4696 2636 4759 είς
2687 4695 2786 4763 τὴν
2835 4695 2990 4748 πόλιν
3038 4694 3331 4749 ἐλαύνωσι.
3393 4697 3517 4752 Τῶν
3576 4698 3637 4752 δὲ
3668 4715 3771 4752 πο·

2179 4785 2341 4839 λιτῶν
2410 4785 2538 4857 ἄρτι
2625 4786 2865 4855 γνόντων
2951 4789 3051 4856 τὴν
3134 4787 3430 4858 προδοσίαν
3462 4828 3479 4853 ,
3562 4790 3767 4861 δρόμος

2178 4876 2247 4951 ἦν
2297 4881 2392 4934 ἐπὶ
2447 4883 2515 4935 τὰ
2571 4881 2748 4952 τείχη,
2829 4882 2925 4935 καὶ
2987 4881 3187 4954 θρῆνος
3270 4883 3482 4954 ἀνδρῶν
3550 4902 3613 4938 τε
3673 4887 3769 4939 καὶ

2180 4972 2479 5043 γυναικῶν.
2517 4973 2675 5027 υῦτω
2698 4974 2754 5027 δὲ
2777 4973 3142 5043 διακειμένων
3172 4974 3378 5033 αὐτῶν,
3401 4974 3689 5045 προσῆγον
3712 4976 3767 5028 οἱ

2181 5064 2372 5127 παῖδες
2397 5064 2604 5134 γυμνὸν
2631 5064 2722 5118 τὸν
2752 5065 3090 5119 διδάσκαλον.
3128 5064 3309 5133 Ὅπερ
3345 5065 3547 5131 ίδόντες
3573 5069 3627 5120 oi.
3651 5068 3767 5121 Φακ-

2179 5155 2376 5222 λίσκοι,
2410 5158 2507 5210 καὶ
2550 5155 2815 5227 μαθόντες
2854 5156 3007 5220 ὅπως
3038 5157 3279 5225 ἐγένετο,
3323 5156 3589 5227 φέροντες
3634 5161 3764 5215 ἑαυ-

492 5232 883 5303 subripuisset,
932 5250 1035 5291 nec
1066 5238 1121 5291 in
1152 5240 1409 5303 aerarium
1447 5240 1573 5296 inde
1598 5244 1897 5314 quidquam
1924 5246 2076 5300 intu-

2187 5249 2309 5312 τοὺς
2331 5247 2607 5302 ἐθελονταὶ
2630 5248 2708 5316 τῷ
2741 5249 3004 5317 Καμίλλῳ
3046 5249 3376 5320 παρέδοσαν,
3427 5250 3532 5321 τὴν
3590 5247 3763 5325 ἧτταν

497 5324 666 5378 lisset.
719 5324 875 5380 Unde
923 5336 1071 5382 tanta
1117 5328 1404 5386 iracundia
1439 5335 1626 5403 populi
1669 5336 2073 5394 condemnatus

495 5422 608 5473 est,
642 5423 701 5467 ut
744 5415 942 5484 privati
985 5418 1170 5475 luctus
1207 5422 1388 5489 illius,
1423 5435 1644 5481 mortuo
1680 5428 1859 5484 altero
1908 5430 2021 5486 filio
2048 5469 2064 5495 ,

2181 5341 2469 5411 ἀγαπῆσαι
2503 5342 2608 5413 πρὸ
2658 5342 2757 5411 τῆς
2806 5342 3122 5413 ἐλευθερίας
3157 5344 3244 5398 διά
3272 5344 3371 5413 τὴν
3401 5344 3758 5416 δικαιοσύνην

2176 5434 2344 5487 αὑτοῦ
2375 5436 2646 5503 λέγοντες.
2694 5437 2969 5507 Χρήματα
3001 5437 3098 5491 οὖν
3125 5436 3330 5505 λαϐὼν,
3363 5439 3488 5493 ’καὶ
3538 5440 3763 5494 σπεισά-

1690 5519 1886 5580 Varim
1915 5521 2227 5585 lectiones
2269 5535 2330 5587 et
2362 5534 2554 5591 noue.

567 5598 899 5683 (ξληιξῖᾷας
934 5606 970 5673 ἢ
1003 5611 1339 5678 συγγενεῖς.
1365 5614 1501 5670 Vide
1531 5616 1751 5672 Ilenric.
1793 5617 2065 5675 Valesium

494 5668 577 5758 ad.
592 5672 808 5758 ,διανεί
847 5668 1175 5758 [λυξιίιιειιξιὶῥ.
1194 5668 1496 5758 ῌχέετρισ.
1516 5668 1695 5758 ιῐέιέῗτ
1710 5668 1729 5739 l

567 5743 643 5801 (t5)
683 5743 788 5792 Kal
825 5746 1046 5801 κώδων.
1121 5750 1251 5806 Vide
1310 5743 1619 5831 lléuricimi
1665 5760 1935 5815 Valesium
1996 5764 2063 5819 ad

2175 5623 2689 5693 llarpncrationem.

2173 5703 2343 5819 57g?)
2374 5701 2725 5765 ψαλεριόυς.
2755 5698 2946 5754 Dionis
2981 5709 3238 5770 excerpta
3286 5701 3597 5772 Valcsiana,
3631 5721 3754 5776 pag.
