4008 6250
258 359 364 422 δικ

1517 361 1915 421 ANNAHUM
1960 362 2103 422 LIB.
2143 327 2273 424 vn.

3409 375 3513 438 ιιι

261 488 443 539 μενος,
480 468 847 540 ἀνεχώρησεν.
901 472 965 524 Οἱ
1020 471 1075 524 δὲ
1124 471 1458 544 στρατιῶται
1514 474 1838 543 διαρπάσειν

1950 474 2091 527 nulla
2126 477 2267 530 ratio
2296 477 2616 533 haberetur.
2642 480 2889 552 Cumque
2925 485 3132 539 amicos
3159 500 3426 557 rogasset,
3453 501 3516 542 ut

259 565 732 634 προσδοκήσαντες
758 565 888 627 τοὺς
925 565 1238 634 Φαλερίους,
1275 564 1348 628 ὡς
1385 565 1685 637 μισοδήμου
1714 583 1846 619 κατ-

254 657 494 726 ηγόρουν
519 654 710 708 αὐτοῦ.
731 656 1027 725 Φθονηθεῖς
1051 658 1096 708 δ’
1118 657 1212 710 ἐπὶ
1253 658 1415 711 πλέον
1447 657 1833 727 κατηγορήθη,

256 748 331 809 ὡς
369 746 540 816 μηδὲν
562 746 623 798 τὸ
647 746 909 816 δημόσιον
935 749 1000 800 ὲκ
1029 747 1138 802 τῶν
1165 747 1523 820 Τυρρηνικῶν
1552 749 1842 819 ὠφελήσας

256 841 580 911 χρημάτων,
605 840 765 903 αὐτὸς
782 839 828 892 δ’
855 842 917 894 ὲκ
946 841 1043 895 τού
1056 859 1153 894 των
1173 843 1662 913 σφετερισάμενος.
1685 841 1841 895 Οὕτω

258 933 313 985 δὲ
345 932 649 1000 ὠργίζοντο
685 931 807 984 κατ’
835 933 1023 998 αὐτοῦ,
1056 932 1130 996 ὡς
1162 933 1284 1005 μηδ’
1314 930 1495 988 οἶκτον
1527 933 1693 987 αὐτοῦ
1725 950 1847 985 τινα

259 1022 447 1075 λαϐεῖν
484 1022 580 1074 ἐπὶ
617 1025 684 1092 τῇ
748 1022 1005 1094 συμϐάσῃ
1060 1024 1214 1094 αὐτῷ
1267 1028 1545 1096 συμφορᾷ.
1606 1027 1846 1096 Τέθνηκε

259 1114 368 1182 γὰρ
390 1112 562 1166 αὑτοῦ
582 1114 819 1183 νοσήσας
851 1115 880 1166 ό
903 1115 1090 1184 ἕτερος
1133 1116 1244 1169 τῶν
1275 1117 1430 1170 υίῶν.
1472 1118 1737 1188 Δεόμενος
1785 1116 1845 1170 δὲ

259 1203 368 1256 τῶν
395 1204 589 1272 φίλων,
629 1205 706 1275 μὴ
759 1205 1000 1274 περιδεῖν
1057 1206 1222 1259 αὐτὸν
1274 1207 1475 1269 ἀδίκως
1510 1208 1842 1277 κατακρινό-

1941 564 2042 617 sibi
2082 581 2179 634 per
2211 566 2465 635 injuriam
2490 569 2747 624 damnato
2774 569 2933 641 opem
2991 574 3153 646 355
3178 577 3406 640 ferrent,
3439 580 3513 632 illi

1940 672 2072 709 vi-ro
2098 667 2287 712 contra
2321 658 2580 732 suffragia
2607 662 2882 732 judieum,
2932 668 3129 721 auxilia
3159 668 3208 721 ei
3234 681 3513 739 negarent,

1938 748 2033 800 sed
2063 749 2127 801 ad
2158 748 2383 802 multam
2421 751 2738 806 solvendam
2766 755 2962 824 stipem
2993 758 3420 826 promitterent:
3449 777 3516 816 ea

1938 838 2256 896 conditione
2294 843 2604 912 repudiata,
2638 861 2762 899 cum
2799 849 3111 903 exsulatum
3154 851 3364 916 abiret,
3388 870 3517 924 prc-

1939 938 2135 993 catur,
2172 931 2218 984 si
2270 933 2419 987 nulla
2466 947 2562 988 sna
2609 936 2769 1005 culpa
2794 975 2808 999 ,
2848 938 2943 992 sed
2986 940 3185 1010 injuria
3219 951 3275 996 ct
3307 942 3516 999 invidia

1939 1023 2127 1091 populi
2162 1022 2483 1092 pelleretur,
2518 1035 2578 1080 ut
2607 1028 2690 1081 sui
2720 1029 2871 1084 cives
2912 1045 3010 1084 sua
3062 1048 3228 1101 opera
3259 1034 3519 1090 celeriter

1937 1125 2200 1185 egerent,
2245 1132 2416 1187 seque
2456 1118 2856 1187 desiderarent,
2898 1123 2965 1177 ad
3019 1124 3251 1179 Rutulos
3281 1142 3339 1180 se
3382 1144 3519 1181 con-

1941 1209 2064 1262 tnlit
2097 1225 2110 1261 :
2163 1207 2482 1279 indictaque
2543 1227 2706 1266 causa
2733 1212 3026 1269 damnatus
3072 1226 3158 1271 est
3184 1234 3249 1271 xv
3277 1219 3522 1275 millibus

263 1311 446 1362 μενον,
480 1297 713 1366 ἐπείπερ
737 1296 938 1349 ἐκεῖνοι
978 1298 1114 1368 πρὸς
1151 1299 1250 1369 μὲν
1299 1299 1399 1369 τὴν
1456 1298 1636 1368 ψῆφον
1695 1297 1845 1367 αὐτῷ

1950 1301 2068 1352 eris
2093 1339 2108 1362 ,
2147 1315 2268 1368 quae
2299 1299 2593 1355 draclimas
2622 1318 2694 1357 un
2723 1307 2934 1374 argenti
2964 1307 3167 1362 valent.

264 1388 556 1458 βοηθήσειν
588 1388 917 1452 ἀπείπαντο,
953 1389 1050 1460 τὴν
1078 1390 1133 1441 δὲ
1164 1388 1368 1459 ζημίαν
1399 1390 1619 1458 δφλοντι
1676 1389 2016 1443 συνεκτίσειν
2073 1390 2394 1460 ὑπέσχοντο,
2442 1394 2541 1446 οὐκ
2613 1395 2985 1466 ἀνασχόμενος
3039 1399 3179 1467 ἔγνω
3211 1405 3402 1471 φυγεῖν
3457 1406 3522 1457 ἐκ

260 1480 359 1549 τῆς
393 1479 619 1544 πῦλεως,
660 1480 754 1532 καλ⁵
792 1478 952 1544 ἐξιὼν
984 1479 1387 1551 ηὖξατο,είμὴ
1449 1482 1699 1545 δικαὲως,
1758 1481 1915 1552 ὓερει
1955 1482 2012 1535 δὲ
2084 1483 2261 1553 δήμου
2345 1485 2651 1551 ἐκπίπτει,
2726 1488 2822 1540 καὶ
2886 1489 3085 1559 φθόνῳ,
3166 1495 3303 1561 ταχὺ
3396 1496 3521 1558 τοὺς

260 1572 460 1634 αὐτοὺς
489 1572 715 1634 πολίτας
739 1571 905 1624 αὐτοῦ
939 1572 1221 1643 δεηθῆναι,
1259 1575 1353 1627 καὶ
1379 1574 1613 1644 ζητῆσῑι
1653 1574 1837 1627 αὐτόν.
1887 1575 2130 1638 Ἐκεῖνος
2161 1577 2302 1645 μετᾶ
2359 1575 2454 1629 οὖν
2518 1579 2657 1648 πρδς
2696 1578 3047 1642 Ῥουτούλους
3084 1585 3345 1654 μετέστη,
3388 1589 3523 1656 ὲρή..

264 1676 375 1728 μην
407 1658 453 1709 δ’
489 1658 654 1723 ἑάλω,
686 1660 781 1711 καὶ
812 1659 993 1728 ψῆφος
1029 1659 1234 1730 ἠνέχθη
1269 1660 1390 1712 κατ’
1428 1660 1594 1713 αὐτοῦ
1624 1660 1844 1731 τίμημα
1886 1661 2097 1731 μυρίων
2158 1664 2256 1718 καὶ
2284 1665 2744 1735 πεντακισχιλίων
2774 1668 3052 1738 ἀσσαρίων
3100 1669 3319 1741 ἔχουσα,
3385 1674 3411 1726 ὃ
3435 1673 3522 1741 γί-

262 1767 418 1803 νεται
442 1753 579 1821 πρὸς
605 1752 872 1821 ἀργυρίου
895 1752 1054 1820 λόγον
1084 1754 1324 1824 δραχμαὶ
1358 1754 1528 1823 χίλιαι
1576 1757 1956 1811 πεντακόσιαι.

333 1840 460 1891 Kl".
493 1840 620 1892 οίδ⁸
647 1840 960 1910 Εὐρωπαῖοι
993 1839 1252 1904 Γαλάται,
1285 1835 1360 1893 ὧν
1385 1842 1436 1892 oi
1475 1843 1722 1895 Ἀσιάται
1763 1859 1850 1895 νο-

2022 1845 2217 1903 XXIII.
2250 1847 2520 1904 Caeterum
2558 1850 2810 1920 Europaei
2854 1853 3034 1919 Galli,
3076 1869 3311 1925 quorum
3341 1858 3521 1914 coloni

268 1930 520 1999 μίζονται
547 1931 789 1995 ἄποικοι,
830 1931 1103 1985 Κελτικὸν
1149 1931 1301 1993 ὄντες
1355 1934 1531 2000 γένος,
1598 1935 1848 1997 λιπόντες

1950 1939 2316 2007 perhibentur
2346 1940 2608 2005 Asiatici,
2645 1951 2788 1996 terra
2813 1944 2916 1998 sub
2951 1961 3207 2015 agrorum
3236 1951 3521 2017 penuriam

262 2021 363 2091 τὴν
395 2022 635 2087 ἑαυτῶν,
663 2023 738 2087 ὡς
791 2024 892 2076 οὐκ
941 2023 1193 2095 αὐτάρκη
1257 2025 1479 2094 τρέφειν
1530 2027 1750 2090 αὐτοὺς,
1797 2029 1848 2080 οἱ

264 2113 369 2184 μὲν
398 2115 492 2166 ἐπὶ
550 2115 618 2167 τὰ
665 2115 765 2186 ὄρη
800 2115 870 2168 τὰ
909 2113 1130 2168 Ῥιπαῖα
1172 2115 1505 2186 ὡρμήκεσαν
1527 2134 1542 2149 ο
1583 2120 1631 2172 οί
1657 2120 1713 2172 δὲ
1740 2119 1851 2173 τῶν

266 2205 524 2257 ’Λλπεων
578 2204 885 2274 ἱδρυθέντες
915 2206 1108 2272 ἐγγὺς,
1174 2209 1367 2276 χρόνον
1422 2209 1541 2261 ἐκεῖ
1590 2209 1850 2280 διήγαγον

269 2295 518 2349 πλείονα.
572 2296 707 2349 Τότε
758 2296 816 2348 δὲ
867 2297 1013 2350 οἴνου
1069 2298 1426 2366 κομισθέντος
1477 2301 1534 2367 ἐξ
1596 2300 1848 2366 Ἰταλίας,

265 2388 459 2442 τούτου
487 2389 838 2458 γευσάμενοι,
869 2392 965 2441 καὶ¹
1004 2390 1555 2460 ὑπερθαυμάσαντες,
1586 2393 1849 2463 ἀράμενοι

266 2483 337 2535 τὰ
359 2482 502 2535 ὅπλα
544 2483 637 2533 καὶ
669 2481 862 2549 γενεὰς
921 2484 1254 2553 ἐπαγόμενοι
1317 2484 1419 2555 τὴν
1467 2485 1572 2554 γῆν
1631 2487 1851 2557 ἐκείνην

266 2574 586 2647 ἑζήτουν,ἢ
625 2574 867 2627 τοιοῦτον
916 2575 1128 2645 καρπὸν
1182 2574 1492 2630 ἀναδίδωσι.
1555 2577 1660 2631 Kal
1713 2580 1850 2648 πρὸς

268 2663 430 2716 πόλιν
456 2664 795 2736 Τυρρηνίδα,
853 2665 1122 2718 Κλούσιον
1171 2665 1537 2736 καλουμένην.
1589 2670 1850 2741 στρατεύο

266 2772 499 2819 σαντες,
556 2757 912 2827 ἐπολιόρκουν
940 2758 1133 2828 αὐτήν.
1162 2758 1226 2810 Οί
1255 2757 1313 2811 δὲ
1360 2758 1662 2829 Κλουσηνοὶ
1697 2763 1840 2833 πρδς

267 2848 395 2909 τοὺς
446 2848 748 2917 Ῥωμαίους
827 2851 1158 2919 κατέφυγον,
1241 2850 1519 2912 αἰτοῦντες
1575 2851 1849 2922 βοῖίθειαν.

268 2938 537 3005 Πρέσεεις
574 2939 619 2991 δ’
649 2942 710 2993 ἐκ
756 2939 976 3009 Ῥώμης
1007 2941 1145 3012 πρὶς
1191 2942 1432 3003 ἐκείνους
1464 2943 1848 3013 ἐπέμφθησαν,

265 3027 364 3092 οὓς
381 3031 434 3082 oi
470 3030 707 3086 Γαλάται
728 3032 820 3086 διὰ
851 3033 912 3085 τὸ
941 3032 1053 3086 τῶν
1098 3032 1382 3105 Ῥωμαίων
1408 3032 1582 3104 ὄνομα
1610 3034 1849 3106 ἐντίμως

266 3119 544 3187 ἐδέξαντο,
599 3128 693 3176 καὶ
726 3124 824 3177 τοῦ
862 3127 1214 3196 τειχομαχεῖν
1246 3128 1610 3196 παυσάμενοι,
1646 3129 1724 3191 εἰς
1764 3130 1851 3182 λό-

1950 2028 2145 2085 relieta
2192 2032 2390 2100 partim
2434 2033 2501 2086 ad
2549 2032 2804 2103 Riphaeos
2836 2047 3051 2091 montes
3091 2047 3219 2092 sunt
3255 2041 3519 2110 profecti,

1950 2124 2147 2191 partim
2198 2140 2369 2195 prope
2413 2126 2578 2196 Alpes
2620 2127 2716 2182 diu
2765 2130 3157 2186 consederunt.
3207 2116 3359 2188 Τιιηῖ
3391 2151 3523 2189 vero

1950 2215 2139 2270 Italico
2164 2218 2295 2271 vino
2320 2228 2542 2288 gustato
2564 2259 2582 2285 ,
2610 2219 2974 2277 admiratione
3002 2232 3166 2277 tanta:
3195 2228 3481 2283 suavitatis
3507 2273 3521 2289 ,

1950 2308 2185 2376 sumptis
2229 2312 2429 2375 armis,
2462 2325 2585 2364 eum
2633 2312 2902 2367 uxoribus
2946 2323 3003 2367 et
3048 2315 3271 2379 liberis,
3319 2329 3520 2373 terram

1949 2400 2119 2463 illam,
2154 2417 2275 2470 quas
2313 2403 2474 2456 talem
2517 2404 2786 2473 liquorem
2828 2407 3114 2476 gigneret,
3164 2422 3478 2478 quaerentes
3507 2456 3522 2476 ,

1949 2489 2197 2545 Clusium
2235 2492 2559 2565 Tyrrhenia:
2607 2497 2874 2565 oppidum
2912 2498 3266 2555 obsederunt.
3313 2503 3526 2560 Clusini

1950 2595 2075 2633 cum
2108 2596 2139 2635 a
2189 2581 2450 2637 Romanis
2495 2585 2775 2652 supplices
2823 2585 3022 2639 auxilia
3055 2594 3335 2655 peterent,
3383 2589 3525 2644 Galli

1950 2671 2229 2728 Romanos
2254 2676 2465 2744 legatos
2503 2676 2573 2729 ob
2605 2689 2805 2730 nomen
2839 2679 3023 2747 populi
3074 2679 3374 2736 honorifice
3413 2697 3530 2737 sus-

1951 2773 2215 2832 ceperunt
2243 2782 2256 2818 :
2287 2774 2342 2819 et
2367 2766 2783 2836 oppugnatione
2827 2768 3028 2821 omissa
3048 2808 3062 2830 ,
3097 2768 3163 2822 ad
3191 2770 3525 2840 colloquium

1950 2862 2247 2910 venerunt.
2316 2858 2531 2911 Interea
2576 2856 2787 2911 Clusini
2836 2873 2961 2912 cum
3018 2859 3279 2915 Romanis
3335 2862 3529 2932 legatis

1950 2945 2133 3000 Gallos
2163 2962 2231 3002 ex
2256 2947 2474 3001 insidiis
2502 2948 2847 3003 invaserunt.
2878 2949 3036 3015 Quod
3068 2950 3320 3004 Brennus
3350 2951 3528 3004 Gallu-

1952 3051 2073 3090 rum
2114 3054 2207 3092 rex
2244 3037 2464 3108 indigne
2495 3038 2678 3093 ferens
2703 3078 2717 3103 ,
2751 3038 2990 3093 Clusinis
3023 3039 3323 3109 neglectis,
3367 3055 3530 3094 eves-

1956 3130 2086 3200 tigio
2113 3131 2336 3185 ltomam
2365 3147 2557 3187 versus
2584 3133 2742 3186 duxit
2765 3133 3093 3195 exercitum,
3119 3149 3241 3186 cum
3281 3135 3328 3187 ei
3361 3136 3525 3206 legati

269 3231 404 3282 γους
434 3215 896 3286 συνεληλύθασιν.
929 3216 1020 3270 Ἐν
1051 3217 1264 3282 τούτοις
1317 3217 1374 3272 δὲ
1421 3218 1750 3289 λοχήσαντες
1800 3223 1851 3275 oi

1956 3222 2022 3275 ad
2072 3223 2403 3291 supplicium
2444 3237 2552 3276 non
2602 3222 2982 3285 dederentur,
3027 3231 3172 3278 tanta
3201 3222 3484 3276 celeritate
3509 3262 3525 3282 .

265 3308 578 3379 Κλουσηνοὶ
609 3311 744 3380 μετά
776 3311 885 3364 τῶν
908 3311 971 3364 ὲκ
1014 3307 1235 3380 Ῥώμης
1264 3311 1566 3381 πρέσϐεων,
1600 3314 1854 3368 ἐπέθεντο

267 3403 385 3464 τοῖς
409 3401 704 3465 Γαλάταις.
741 3401 799 3455 Ὀ
831 3400 889 3456 δὲ
916 3401 1029 3455 τῶν
1066 3403 1321 3456 Γαλατῶν
1372 3402 1626 3474 βασιλεὺς
1685 3405 1856 3475 Βρέν-

270 3509 363 3556 νος
381 3532 399 3560 ,
433 3493 709 3561 ὀργισθεὶς
727 3494 821 3546 ἐπὶ
846 3493 1044 3564 τούτῳ,
1070 3494 1179 3547 τῶν
1195 3495 1520 3565 Κλουσηνῶν
1547 3497 1851 3567 ἀμελήσας,

268 3585 459 3651 εὐθὺς,
487 3585 563 3647 ὼς
594 3581 727 3657 εἶχε,
754 3585 814 3640 τὸ
841 3586 1160 3658 στράτευμα
1178 3588 1320 3642 κατὰ
1348 3590 1450 3656 τῆς
1491 3587 1712 3660 Ῥώμης
1743 3589 1856 3642 ὲκίο

269 3694 463 3747 νησεν,
482 3679 604 3730 ἐπεὶ
629 3680 704 3749 μὴ
729 3679 822 3731 ἐπὶ
849 3678 1095 3750 τιμωρίᾳ
1120 3679 1169 3731 οἱ
1198 3679 1456 3749 πρέσϐεις
1480 3679 1630 3749 αὐτῷ
1684 3681 1854 3746 ἐξεδί-

268 3769 427 3822 δοντο
447 3782 462 3798 ο
502 3769 598 3821 καὶ
623 3770 863 3840 τοσούτῳ
911 3770 1067 3840 τάχει
1101 3771 1394 3840 ἐχρήσατο,
1428 3770 1558 3823 ὥστ’
1611 3772 1857 3825 ἐπελθεῖν

271 3860 476 3921 αὐτοὺς
507 3861 573 3929 τῇ
607 3859 782 3923 πόλει,
841 3859 918 3930 μὴ
978 3859 1374 3930 προμαθόντων
1418 3858 1707 3930 Ῥωμαίων
1759 3862 1856 3929 τὴν

266 3954 491 4023 ἔφοδον.
530 3955 605 4008 'l‘b
671 3954 859 4025 μέντοι
920 3953 1202 4023 δαιμόνιον
1261 3952 1623 4022 προαγγεῖλαι
1673 3954 1855 4018 αὐτοῖς

262 4053 373 4123 τὴν
403 4049 592 4119 ἔφοδον
636 4050 875 4115 λέγεται.
919 4046 1144 4115 Μάρκος
1203 4043 1312 4114 γὰρ
1351 4045 1611 4107 Καίδικος
1661 4047 1854 4109 νυκτός

272 4151 367 4199 ποι
403 4142 660 4213 βαδίζων,
692 4138 878 4208 φωνῆς
921 4138 1124 4208 ἢκουσε
1150 4137 1442 4209 λεγούσης,
1467 4139 1735 4194 Γαλάται
1762 4139 1857 4207 ἕρ·-

274 4252 509 4308 χονται.
546 4234 843 4305 Εἱρηκότος
892 4231 950 4285 δὲ
1002 4230 1164 4283 τοῦτο
1195 4232 1427 4303 Μάρκου
1460 4231 1538 4303 τῷ
1567 4233 1726 4304 δήμῳ
1762 4234 1856 4286 καὶ

274 4335 341 4401 τῇ
363 4328 552 4400 βουλῇ,
579 4329 635 4379 ὲν
663 4323 852 4395 παιδιᾷ
883 4323 975 4375 τὸν
997 4321 1156 4390 λόγον
1185 4322 1486 4387 ἐποιοῦντο,
1520 4327 1615 4377 καὶ
1635 4326 1851 4392 γέλωτι,

275 4419 382 4482 ἕως
409 4415 735 4485 αὐτάγγελοι
769 4417 819 4468 oi
855 4414 1090 4468 Γαλάται
1118 4413 1270 4483 σφῶν
1304 4414 1535 4482 πλησίον
1582 4415 1852 4482 ἐγένοντο.

1959 3323 2018 3366 ut
2056 3313 2258 3369 Urbem
2290 3314 2610 3377 invaderet,
2654 3313 2977 3383 priusquam
3015 3328 3206 3367 θοι-ειη]
3245 3328 3528 3367 accessura

1954 3405 2184 3459 Romani
2224 3406 2650 3474 cognovissent,
2696 3420 3023 3475 quanquam
3075 3404 3342 3459 divinitus
3392 3421 3526 3476 pra:-

1955 3500 2289 3571 nuntiatum.
2339 3498 2551 3552 Marcus
2599 3500 2747 3552 en’m
2798 3496 3051 3552 Caedicus
3104 3496 3314 3557 fertur,
3358 3509 3528 3550 noctu

1954 3589 2061 3643 iter
2088 3589 2331 3650 faciens.
2365 3605 2552 3643 vocem
2580 3588 2893 3653 audivisse,
2941 3603 3061 3657 qum
3102 3588 3343 3642 diceret:
3378 3589 3530 3644 Galli

1952 3685 2186 3738 veniunt.
2242 3682 2415 3747 Quam
2446 3696 2571 3735 eum
2615 3680 2828 3734 senatui
2876 3680 3188 3749 populoque
3218 3691 3528 3745 narrasset,

1954 3774 2120 3830 verba
2145 3775 2264 3844 ejus
2285 3787 2407 3827 enm
2437 3771 2678 3826 ludibrio
2701 3780 2759 3825 et
2781 3770 2896 3826 risu
2926 3780 3152 3840 excepta
3176 3781 3326 3834 sunt,
3351 3772 3473 3824 don»
3498 3789 3529 3825 c

1954 3866 2093 3922 Calli
2119 3866 2223 3935 ipsi
2248 3865 2301 3918 in
2332 3866 2647 3933 prepinquo
2673 3878 2832 3918 suum
2859 3862 3157 3917 adventum
3180 3862 3525 3916 nuntiarunt.

1955 3958 2111 4014 Tunc
2161 3958 2466 4013 estinanter
2503 3956 2732 4025 egressi,
2764 3964 2969 4010 temere
3001 3954 3294 4009 commisso
3320 3956 3525 4023 prarlin.

1955 4060 2084 4106 sunt
2123 4049 2440 4120 turpissime
2497 4048 2773 4117 superati,
2820 4047 2977 4101 multi
3022 4047 3075 4100 in
3108 4061 3323 4116 pugna,
3369 4048 3529 4102 multi

1954 4146 2010 4198 in
2053 4145 2178 4215 fuga
2210 4143 2635 4214 comprehensi:
2681 4141 2902 4210 plurimi
2940 4141 2993 4193 in
3031 4139 3276 4193 Tiberim
3312 4138 3525 4193 ﬂumen

1956 4232 2285 4303 prmcipitati
2333 4231 2643 4302 perierunt.
2699 4230 2916 4289 Reliqui
2961 4229 3254 4299 dissipati,
3324 4232 3525 4299 partim

1958 4325 2190 4378 Ruinam
2239 4330 2652 4392 pervenerunt,
2716 4320 2915 4391 partim
2960 4320 3088 4375 alio.
3144 4320 3246 4386 Qui
3278 4322 3335 4376 in
3387 4320 3529 4377 Urbe

1956 4426 2148 4479 erant,
2194 4413 2403 4470 cladem
2443 4427 2563 4469 eam
2612 4413 3003 4483 implorantes,
3046 4410 3236 4480 inapes
3275 4413 3525 4478 consilii,

276 4515 414 4568 Τότε
448 4513 505 4566 δὲ
532 4511 734 4581 σπουδῇ
767 4508 1095 4574 ἐξελθόντες,
1152 4509 1248 4562 καὶ
1282 4510 1533 4571 ἀτάκτως
1581 4510 1851 4577 ἀγωνισά-

1958 4519 2014 4565 et
2057 4508 2500 4579 desperabundi,
2542 4521 2642 4561 nec
2676 4506 2878 4559 rumpia
2923 4506 3341 4560 custodiret-unt
3367 4547 3382 4568 ,
3428 4521 3530 4559 nec

197 4610 207 4619 '
282 4622 458 4677 μενοι,
500 4602 838 4672 αίσχρότατα
887 4598 1142 4670 ἥττηντο.
1221 4600 1329 4652 Καὶ
1360 4599 1546 4653 πολλοὶ
1578 4599 1674 4667 μὲν
1701 4601 1758 4651 ὲν
1787 4602 1851 4669 τῇ

280 4700 433 4770 μάχῃ
459 4694 805 4753 πεπτώκασι,
836 4690 1026 4744 πολλοὶ
1061 4688 1117 4742 δὲ
1148 4689 1443 4758 φεύγοντες
1464 4690 1727 4761 ἔθνησκον
1758 4707 1857 4743 κα-

275 4791 776 4864 ταλαμϐανόμενοι,
811 4786 1054 4840 πλεῖστοι
1083 4783 1140 4835 δὲ
1177 4782 1271 4835 καὶ
1325 4783 1406 4844 είς
1448 4781 1699 4849 ποταμὸν
1767 4783 1857 4834 τὸν

274 4878 500 4959 Τίϐεριν
542 4880 930 4953 συνωθήθησαν
970 4875 1429 4946 καὶ-ἐφθάρησαν.
1484 4875 1545 4927 οι
1583 4874 1638 4925 δὲ
1680 4871 1858 4926 λοιποὶ

276 4978 691 5040 σκεδασθέντες,
715 4976 765 5027 oi
802 4971 902 5044 μὲν
969 4969 1049 5031 εἰς
1081 4968 1181 5037 τὴν
1241 4964 1473 5034 Ῥώμην
1524 4962 1699 5016 ἐλθεῖν
1732 4962 1860 5031 ηδυ-

271 5073 545 5143 νήθησαν,
577 5069 630 5120 oi.
657 5066 713 5119 δὲ
735 5059 990 5133 ἀλλαχοῦ.
1027 5059 1092 5113 Οί
1144 5057 1190 5110 δ’
1226 5058 1285 5110 ἐν
1305 5058 1373 5124 τῇ
1419 5053 1607 5125 Ῥώμη
1637 5054 1858 5119 γνόντες

274 5170 338 5222 τὸ
374 5163 623 5233 γεγονὸς,
650 5161 709 5211 ὲν
737 5152 1022 5226 ἀμηχανία
1050 5150 1322 5218 ἐγένοντο.
1360 5147 1467 5198 Καὶ
1507 5145 1857 5212 ἀπογνόντες,

274 5261 401 5317 οὐτε
431 5258 543 5312 τῶν
561 5254 760 5324 τειχῶν
784 5248 1033 5320 φυλακην
1057 5244 1262 5309 ἔθεντο,
1320 5238 1445 5294 οὐτε
1503 5239 1603 5308 τῆς
1652 5239 1858 5298 πόλεως

274 5359 375 5418 τὰς
397 5351 573 5408 πύλας
598 5344 870 5405 ἔκλεισαν,
891 5339 1007 5393 ἀλλ’
1030 5338 1080 5390 οἱ
1113 5337 1211 5407 μὲν
1236 5332 1408 5403 αὐτὴν
1429 5330 1856 5399 ἐκλιμπάνοντε,

272 5449 531 5516 ἔφευγον,
562 5442 611 5493 οἱ
642 5439 699 5493 δὲ
745 5438 844 5488 σὺν
892 5429 1107 5499 γυναιξὶ
1157 5426 1252 5480 καὶ
1302 5425 1512 5484 τέκνοις
1554 5421 1858 5489 ἀνέδραμον

275 5511 355 5604 είς
384 5511 447 5591 et
472 5529 841 5589 Καπιτώλιον.
875 5525 1044 5580 Μόνοι
1073 5521 1132 5575 δὲ
1157 5519 1490 5587 ὀγδοήκοντα
1516 5512 1744 5604 ἄνδρες,
1764 5511 1857 5575 οὒς

277 5633 451 5703 οἱμὲν
480 5627 647 5698 ἱερεῖς
689 5619 827 5675 εἶναί
877 5634 1063 5686 φασιν,
1093 5614 1140 5666 oi
1170 5612 1225 5665 δὲ
1261 5610 1385 5671 τοὺς
1420 5606 1669 5676 πρώτους
1728 5603 1858 5657 Ῥων

281 5696 462 5796 μαίων
486 5696 610 5773 καθ’
641 5714 859 5788 ἠλικίαν
886 5711 982 5763 καὶ
1012 5705 1240 5760 πλοῦτον
1269 5703 1363 5756 καὶ
1392 5701 1572 5768 γένος,
1609 5696 1857 5796 ἐνδύντες

284 5788 434 5885 ἱερᾶς
460 5812 495 5883 ἢ
526 5803 991 5865 πολυτελεστάτας
1016 5795 1204 5857 στολὰς
1231 5797 1287 5847 ἐν
1308 5792 1480 5862 ἀγορᾷ
1501 5791 1593 5844 ἐπὶ
1619 5789 1725 5842 τῶν
1750 5788 1857 5841 ὲλε-

1960 4611 2148 4672 portas
2176 4599 2528 4655 clauserunt:
2554 4597 2649 4651 sed
2675 4595 2766 4651 alii
2791 4595 2969 4666 fugam
2991 4603 3279 4665 ceperunt,
3297 4595 3528 4650 aliieum

1961 4692 2227 4749 uxoribus
2248 4703 2305 4747 et
2326 4690 2514 4746 liberis
2531 4688 2857 4759 Capitolium
2876 4696 3233 4757 occuparunt.
3258 4686 3369 4743 Soli
3392 4703 3529 4741 Lxxx

1958 4790 2063 4843 viri
2088 4788 2249 4857 (quos
2281 4786 2371 4840 alii
2399 4784 2715 4839 sacerdotes
2745 4782 2917 4837 fuisse
2941 4790 3272 4843 memorant,
3297 4781 3388 4835 alii
3415 4782 3528 4835 Ro-

1960 4895 2247 4935 manorum
2267 4885 2427 4933 aetate
2448 4876 2645 4947 opibus
2664 4885 2715 4929 et
2733 4889 2931 4945 genere
2950 4872 3113 4943 356
3136 4873 3431 4943 principes)
3450 4873 3527 4925 si-

1958 4989 2024 5027 ve
2074 4969 2493 5042 pretiosissimis
2522 4967 2677 5022 stolis
2706 4965 2905 5042 induti,
2949 4966 3002 5042 in
3026 4964 3165 5042 tellis
3196 4962 3453 5042 eburneis
3473 4962 3527 5017 in

1956 5034 2218 5099 foro'cum
2238 5041 2517 5111 majestate
2537 5037 2928 5100 consederunt,
2961 5035 3334 5088 imminentem
3351 5034 3528 5085 furtu.

1959 5151 2084 5190 nam
2112 5140 2512 5204 exSpectantes.
2548 5129 2819 5185 Postridie
2840 5127 2977 5183 Galli
3000 5125 3068 5180 ad
3099 5126 3325 5179 Romam
3358 5137 3527 5177 vene-

1959 5236 2120 5283 runt:
2142 5226 2239 5281 sed
2261 5239 2385 5280 cum
2406 5233 2591 5293 portas
2610 5229 2846 5291 apertas,
2865 5228 2919 5272 et
2938 5217 3137 5272 muenia
3158 5211 3426 5285 pnesidiis
3442 5226 3527 5266 va-

1867 5297 2059 5380 ”eua
2088 5318 2362 5381 viderent,
2383 5313 2673 5377 .restitere,
2719 5325 2821 5365 nec
2860 5306 3087 5378 ingressi
3112 5314 3259 5367 sunt,
3298 5302 3527 5357 subesse

1959 5409 2188 5466 insidias
2210 5404 2490 5477 suspicati.
2509 5402 2819 5465 Tertiodie,
2838 5405 3052 5467 sumpta
3081 5394 3299 5460 ﬁducia,
3320 5393 3524 5462 impetu

1957 5506 2101 5560 facto
2131 5502 2325 5565 urbem
2357 5505 2645 5570 ceperunt.
2671 5494 3035 5549 Barbarorum
3069 5504 3162 5544 rex
3194 5487 3527 5559 Capitolimn

1960 5593 2216 5666 praesidio
2259 5591 2470 5662 sepsit:
2520 5589 2809 5655 forumque
2859 5578 3289 5652 perambulatis,
3333 5594 3527 5634 senum

1958 5690 2181 5744 illorum
2218 5679 2571 5751 tranquillum
2606 5684 2661 5731 ct
2691 5674 2916 5741 tacitum
2952 5685 3275 5726 concessum
3312 5682 3396 5725 est
3426 5686 3527 5722 nn-

1961 5789 2133 5836 ratus.
2169 5775 2354 5831 Ga‘los
2384 5772 2549 5828 etiam
2587 5777 2780 5838 stupor
2823 5765 3050 5829 invasit,
3095 5763 3165 5819 ob
3207 5763 3526 5817 inusitatum
