4008 6250
492 315 607 378 615

1759 307 2084 371 JOANNIS
2121 309 2440 372 ΖΟΝΑΠΕ

3649 315 3758 380 616

492 428 869 500 spectaculum
915 426 980 482 ad
1025 440 1120 479 eos
1151 423 1417 482 accedere
1455 439 1564 478 non
1605 439 1791 480 ausos.
1825 424 2072 479 Tandem

2181 429 2451 495 φαντίνων
2483 427 2687 499 δίφρων
2729 428 3017 500 ἐκάθηντο,
3054 431 3154 499 τὴν
3193 429 3459 483 ἐπιοῦσαν
3520 433 3760 500 προσμέ-

494 526 721 596 quidam
769 539 936 577 unum
967 536 1286 591 aggressus,
1333 521 1658 589 promissam
1689 520 1810 590 ejus
1841 519 2068 573 barbam

495 617 754 670 deorsum
793 614 984 674 traxit,
1023 625 1074 664 et
1106 626 1318 674 sentm,
1345 612 1436 680 qui
1470 609 1725 664 baculum
1757 611 1878 680 ejus
1903 610 2071 678 capiti

500 711 768 771 illiserat,
803 707 1000 760 stricto
1027 720 1158 758 ense
1190 703 1430 768 occidit,
1462 703 1767 772 eodemque
1798 701 1962 756 modo
1988 717 2073 756 re-

495 801 629 870 liqui
667 817 696 853 a
735 798 984 853 barbaris
1025 797 1150 850 caesi
1193 803 1342 858 sunt,
1370 793 1771 863 mdes-direptae
1799 805 1855 848 et
1880 795 2072 847 incen-

497 910 588 947 sas.
625 892 828 946 Deinde
857 890 1127 959 Capitolio
1156 905 1250 958 per
1277 888 1480 942 multos
1507 887 1626 941 dies
1653 886 1855 941 frustra
1888 901 2073 956 oppu-

495 995 682 1054 gnata,
709 983 800 1036 alii
837 982 890 1034 in
930 980 1200 1050 praesidiis
1227 987 1568 1039 manserunt,
1589 978 1678 1032 alii
1709 977 1776 1031 ad
1795 980 2076 1031 ‘commea-

495 1087 609 1128 tum
658 1075 955 1143 petendum
1009 1088 1169 1142 agros
1201 1070 1444 1140 pupulati
1493 1082 1644 1135 sunt,
1695 1069 1967 1138 dispersi,
2011 1083 2074 1122 ac

495 1168 648 1220 nullo
697 1166 924 1227 ordine,
971 1164 1099 1218 elati
1135 1163 1510 1226 successibus,
1555 1173 1612 1216 et
1659 1178 1770 1231 pra:
1807 1161 2075 1216 ebrietate

497 1259 819 1311 titubantes.
862 1256 998 1311 Nam
1049 1254 1165 1308 vini
1210 1270 1404 1321 magna
1442 1255 1601 1322 copia
1630 1264 1883 1322 reperta,
1917 1251 2075 1304 avide

495 1369 553 1405 se
579 1353 982 1421 ingurgitat-ant
1008 1391 1023 1412 ,
1061 1359 1121 1403 ut
1159 1350 1250 1418 qui
1294 1350 1446 1416 prius
1477 1348 1711 1403 similent
1750 1357 1937 1415 potum
1964 1360 2074 1398 non

495 1453 826 1516 gustassent.
867 1444 1016 1507 Quos
1074 1440 1166 1493 ubi
1227 1440 1490 1493 Camillus
1541 1439 1620 1493 sic
1662 1437 1892 1492 all‘eetos
1941 1437 2077 1490 vidit

497 1537 659 1604 (nam
710 1535 1003 1588 Ardeatem
1047 1547 1267 1601 quoque
1311 1548 1500 1601 agrum
1547 1528 1918 1600 infestabant)
1948 1543 2074 1582 eum

496 1624 815 1680 Ardeatium
855 1625 1003 1694 justa
1055 1621 1355 1676 multitudo
1383 1630 1567 1681 esset,
1600 1619 1696 1672 sed
1731 1618 1800 1671 ob
1826 1616 1951 1670 belli
1981 1633 2074 1686 ge-

497 1720 650 1772 rendi
691 1718 1025 1786 imperitiam
1061 1731 1167 1767 non
1198 1715 1332 1767 satis
1363 1713 1608 1765 audacia:
1644 1711 1902 1764 haberet:
1931 1709 2073 1778 apud

490 1811 737 1880 jnniores
771 1821 1062 1860 sermonen
1096 1803 1304 1873 injecit,
1344 1815 1631 1854 SUCCI'SSNS
1667 1799 1787 1850 illos
1823 1813 1932 1851 non
1969 1797 2078 1849 for-

500 1900 716 1955 titudini
770 1900 1170 1961 barbarorum,
1205 1892 1300 1948 sed
1349 1891 1661 1945 infelicitati
1709 1891 2079 1943 Romanorum

495 2009 616 2047 esse
645 1991 1023 2046 ascribendos.
1052 1986 1206 2053 Quod
1236 1987 1278 2040 si
1307 1994 1590 2039 strenuam
1618 1997 1840 2052 operam
1871 1983 2080 2050 imper-

497 2091 673 2146 territi
705 2106 906 2144 nav..rc
941 2088 1178 2148 vellent,
1219 2085 1357 2140 citra
1391 2083 1696 2153 periculum
1749 2080 1940 2134 hostes
1987 2093 2081 2131 su-

494 2193 782 2256 peraturos
818 2179 1128 2235 allirmavit.
1169 2176 1261 2231 Sic
1305 2175 1580 2241 persuasis
1610 2170 2078 2232 adolescentibus,

495 2291 620 2328 mox
651 2274 819 2328 etiam
849 2270 1085 2334 ea:teris,
1119 2277 1282 2322 :etate
1313 2267 1574 2320 ﬂorentes
1614 2273 1830 2317 armat:
1863 2271 1917 2314 et
1951 2275 2080 2330 pro-

495 2368 662 2421 funda
683 2376 841 2419 nocte
866 2364 1130 2418 barbaros
1145 2375 1452 2432 aggressus,
1469 2360 1760 2428 plerosque
1803 2354 1914 2408 illic
1938 2353 2081 2408 ccci-

495 2461 598 2513 dit.
634 2459 687 2512 Si
713 2460 804 2527 qui
841 2472 972 2510 vero
1003 2456 1057 2507 in
1082 2452 1326 2507 tenebris
1353 2451 1680 2517 effugerunt,
1711 2462 1807 2501 eos
1835 2446 2078 2500 interdiu

502 2551 721 2620 equites
766 2545 1198 2616 comprehensos
1227 2542 1576 2597 occiderunt.
1622 2540 1753 2593 Eatn
1784 2538 2078 2592 victoriant

496 2657 620 2695 cum
655 2639 796 2693 fama
831 2637 1090 2692 celeriter
1126 2634 1329 2704 passim
1367 2633 1676 2700 vulgasset,
1705 2631 1938 2683 Romani
1984 2628 2080 2698 qui

494 2748 561 2787 ex
584 2731 758 2801 prima
784 2744 963 2799 pugna
987 2727 1192 2781 Gallica
1218 2731 1533 2786 evaserant,
1559 2723 1798 2792 sumptis
1817 2722 1985 2774 armis
2008 2717 2078 2773 ad

494 2824 782 2880 Camillum
826 2838 884 2876 se
917 2820 1304 2884 contulerunt,
1352 2826 1629 2887 petentes,
1673 2825 1732 2868 ut
1781 2813 2076 2884 imperium

492 2917 550 2971 in
580 2933 638 2971 se
667 2930 929 2970 esercere
962 2913 1150 2967 vellet.
1196 2910 1254 2966 Id
1287 2911 1374 2964 ille
1412 2908 1711 2965 recusavit.
1754 2905 2075 2976 priusquam

489 3013 562 3067 ab
604 3012 669 3066 iis
701 3011 795 3080 qui
831 3010 884 3062 in
917 3006 1192 3078 Capitolio
1227 3005 1535 3059 incolumes
1570 3009 1777 3064 essent,
1807 2999 2078 3054 decerne-

489 3114 664 3157 retur.
689 3104 824 3158 Cum
850 3116 1012 3155 nemo
1034 3107 1202 3162 esset,
1223 3098 1316 3166 qui
1345 3097 1396 3150 id
1427 3094 1827 3164 inCapiIolium
1856 3091 2074 3145 nuntia—
2102 3136 2145 3194 ρ

491 3205 614 3256 ret,
646 3196 873 3264 quidam
911 3193 1238 3246 adolescens
1276 3189 1508 3243 Pontius
1547 3186 1708 3256 357
1747 3184 2032 3239 Cominius
2057 3221 2073 3246 ,

489 3288 683 3357 gloria:
704 3285 1007 3354 cupiditate
1033 3283 1087 3336 id
1113 3279 1411 3335 discrimen
1447 3278 1613 3340 adiit,
1640 3292 1844 3346 perque
1869 3274 2078 3328 medios

493 3381 686 3433 hostes
728 3379 870 3431 clam
917 3375 984 3429 ad
1033 3373 1306 3429 tumulum
1356 3370 1730 3442 Capitolinum
1775 3369 1983 3424 evasit:
2025 3376 2079 3421 et.

496 3488 622 3526 eum
653 3485 796 3540 mgre
838 3485 987 3522 nunc
1023 3481 1254 3538 pronus,
1289 3481 1436 3518 nttnc
1468 3464 1700 3533 supinus
1756 3461 2078 3531 arrepsisset

497 3564 567 3618 ab
613 3560 1031 3616 excubitoribus
1084 3558 1152 3612 ad
1209 3561 1561 3628 magistratus
1599 3565 1685 3610 est
1727 3555 2072 3625 perductus:

496 3653 866 3718 nuntiataque
889 3653 1140 3712 victoria,
1165 3659 1220 3706 et
1243 3651 1478 3705 militum
1503 3647 1782 3701 voluntate
1807 3646 2074 3715 exposita,

496 3763 594 3800 cos
631 3747 890 3802 hortatus
914 3787 926 3806 ,
973 3754 1032 3798 tit
1061 3745 1356 3815 imperium
1388 3743 1620 3798 Camillo
1660 3740 2075 3796 conﬁrmarent.

495 3835 599 3901 Qui
631 3852 754 3890 eum
785 3836 854 3888 ab
896 3835 978 3890 eis
1019 3835 1261 3888 dictator
1298 3834 1481 3888 dictus
1506 3841 1672 3896 esset,
1705 3831 2076 3883 ltomanorum

496 3928 589 3997 qui
638 3926 771 3982 foris
809 3937 966 3982 erant
1005 3927 1071 3981 ad
1108 3943 1176 3980 xx
1221 3925 1415 3990 millia,
1455 3933 1509 3978 et
1543 3925 1751 3994 magnis
1801 3922 2075 3978 sociorum

497 4018 718 4072 auxiliis
739 4019 1100 4088 comparatis,
1127 4017 1196 4071 ad
1226 4033 1462 4088 pugnam
1491 4032 1549 4071 se
1580 4016 1811 4086 paravit.
1852 4015 1921 4070 At
1954 4016 2080 4066 lar-

499 4108 616 4162 bari
650 4125 774 4162 eum
814 4108 1054 4162 interdiu
1087 4108 1501 4162 circumeuntes
1533 4109 2077 4168 animadvertissent,

499 4203 594 4257 ubi
645 4201 874 4257 Pontius
906 4203 962 4255 in
1003 4200 1338 4269 Capitolium
1376 4198 1828 4266 conscendisset(
1861 4196 1913 4251 id
1949 4211 2080 4252 vero

497 4309 565 4348 ex
587 4294 840 4364 abruptis
868 4302 1036 4362 petra?
1067 4292 1409 4362 fragmentis,
1441 4301 1497 4345 et
1523 4291 1718 4356 herba,
1753 4305 1875 4360 qua:
1909 4291 2078 4344 multa

503 4387 555 4440 in
595 4402 657 4440 ea
688 4395 826 4448 erat.
871 4388 1074 4456 partim
1109 4387 1320 4447 evulsa,
1354 4384 1554 4455 partint
1581 4385 1923 4447 conculcata,
1949 4399 2080 4438 con-

2173 540 2356 584 νοντες
2387 522 2730 593 τύχην.οίδέ
2765 523 3008 577 Γαλάται
3058 525 3124 593 τῇ
3162 523 3430 594 ὑστεραίᾳ
3457 518 3626 592 ἦλθον
3663 526 3761 592 μὲν

2173 617 2266 668 ἐπὶ
2288 615 2386 683 τὴν
2419 614 2661 686 Ῥώμην.
2697 615 2918 678 Ἰδόντες
2944 615 3002 668 δὲ
3026 617 3122 677 τὰς
3161 616 3339 678 πύλας
3380 616 3758 686 ὴνεῳγμένας,

2173 709 2336 760 καὶτδ
2353 708 2525 779 τεῖχος
2551 707 2884 775 ἀφύλακτον,
2920 706 3183 776 ἐπέσχον,
3214 709 3310 759 καὶ
3338 709 3438 761 οὐκ
3472 708 3758 778 εἰσῄεσαν,

2172 803 2395 871 ἐνέδραν
2427 803 2901 868 ὑποτοπήσαντες.
2945 801 3023 870 Τῇ
3050 801 3108 853 δέ
3157 803 3318 872 τρίτῃ
3376 802 3760 871 θαρσήσαντες

2173 894 2570 964 εἰσεπήδησαν,
2601 887 2860 946 καὶεῖλον
2885 891 2983 963 τὴν
3018 891 3196 946 πόλιν.
3233 893 3344 947 Καὶ
3385 893 3462 962 τῷ
3498 895 3601 965 μὲν
3645 895 3760 946 Κα-

2176 987 2419 1056 πιτωλίῳ
2454 985 2701 1056 φρουρὰν
2734 986 2762 1038 ὁ
2787 984 2896 1036 τῶν
2937 984 3232 1055 βαρϐάρων
3267 985 3538 1054 ἐπέστησε
3601 985 3760 1052 βασι-

2174 1079 2334 1142 λεύς·
2367 1079 2531 1141 αὐτὸς
2571 1078 2628 1131 δὲ
2679 1077 2828 1130 διιὼν
2871 1077 2972 1148 τὴν
3023 1078 3252 1146 ἀγοράν,
3305 1076 3587 1146 ἐθαύμαζε
3637 1076 3762 1138 τοὺς

2177 1169 2634 1240 προκαθημένους
2679 1168 2924 1228 ἐκείνους
2962 1167 3182 1238 ἄνδρας,
3252 1169 3396 1237 ὁρῶν
3452 1171 3512 1221 ἐν
3570 1167 3761 1237 κόσμῳ

2176 1261 2375 1324 αὐτοὺς
2408 1260 2809 1332 ἀτρεμοῦντας,
2841 1261 2936 1312 καὶ
2967 1262 3172 1330 σιωπῇ.
3219 1260 3359 1320 Τοὺς
3414 1258 3470 1311 δὲ
3512 1259 3760 1322 Γαλάτας

2177 1347 2323 1420 εἶχεν
2354 1351 2616 1420 ἔκπληξις
2650 1351 2784 1419 πρὸς
2816 1350 2877 1402 τὸ
2921 1350 3144 1414 ἄτοπον,
3198 1347 3410 1400 ὤκνουν
3459 1349 3515 1400 δέ
3574 1349 3761 1409 αὐτοῖς

2179 1439 2522 1508 προσελθεῖν.
2565 1439 2692 1508 Ὀψέ
2721 1438 2776 1490 δὲ
2809 1437 3087 1507 τολμήσας
3112 1453 3197 1498 τις
3229 1437 3310 1488 ἐνὶ
3345 1437 3618 1506 παρέστη,
3670 1437 3760 1489 καὶ

2178 1532 2275 1599 τῆς
2307 1522 2522 1600 ὑπήνης
2547 1531 2827 1599 ἁψάμενος
2867 1530 2960 1582 τοῦ
3014 1527 3229 1598 ἀνδρὸς,
3290 1528 3498 1597 κατῆγε
3557 1527 3761 1598 ταύτην

2181 1627 2401 1696 βαθεῖαν
2447 1622 2634 1679 οὖσαν.
2685 1626 2740 1678 '0
2805 1625 2860 1677 δὲ
2915 1628 2979 1694 τῇ
3047 1624 3320 1696 βακτηρίᾳ
3373 1625 3471 1692 τὴν
3517 1622 3759 1692 κεφαλὴν

2179 1718 2389 1770 ἐκείνου
2423 1717 2682 1782 ἐπάταξε,
2717 1719 2812 1770 καὶ
2857 1719 2884 1770 ό
2921 1717 3199 1788 βάρϐαρος
3263 1718 3619 1784 σπασάμενος
3663 1714 3760 1783 τὴν

2112 1801 2149 1853 Β
2187 1812 2485 1880 μάχαιραν,
2521 1809 2610 1861 τὸν
2645 1809 2816 1879 ἄνδρα
2879 1809 3250 1861 κατέκτεινεν.
3310 1807 3466 1859 υῦτω
3514 1807 3572 1858 δὲ
3634 1807 3760 1868 τοὺς

2181 1900 2401 1966 λοιποὺς
2433 1901 2664 1972 ἀνῄρουν
2689 1902 2738 1952 οἱ
2781 1899 3070 1970 βάρϐαροι,
3101 1900 3506 1969 προσπεσόντες
3552 1899 3758 1960 αὐτοῖς,

2182 1992 2278 2046 καὶ
2309 1992 2405 2054 τὰς
2432 1993 2611 2055 οἰκίας
2659 1991 2928 2061 ἐπόρθουν
2966 1992 3062 2042 καὶ
3106 1990 3592 2059 κατεπίμπρασαν.
3628 1983 3761 2040 Εἶτα

2182 2086 2277 2137 καὶ
2318 2085 2394 2153 τῷ
2425 2083 2759 2153 Καπιτωλίῳ
2792 2082 3150 2154 προσέϐαλον.
3195 2081 3282 2145 Ὠς
3324 2082 3368 2134 δ’
3428 2083 3523 2134 ἐπὶ
3563 2080 3762 2145 πολλὰς

2181 2175 2388 2246 ἡμέρας
2401 2174 2803 2245 ἐπιχειροῦντες
2827 2174 2978 2227 οὐδὲν
3011 2175 3195 2244 ἤνυον,
3227 2176 3274 2226 οἱ
3323 2173 3423 2244 μὲν
3459 2172 3762 2244 ἐφρούρουν

2181 2268 2241 2320 τὸ
2268 2267 2633 2332 Καπιτώλιον,
2660 2268 2710 2319 οἱ
2743 2267 2798 2320 δὲ
2828 2266 2928 2336 τὴν
2952 2265 3139 2337 χώραν
3167 2265 3520 2334 κατέτρεχον,
3552 2264 3760 2334 τροφάς

2182 2359 2557 2431 ποριζόμενοι,
2607 2359 2956 2430 σκιδνάμενοι
3008 2359 3106 2412 καὶ
3159 2357 3436 2426 σποράδην
3491 2359 3758 2419 ἐπιόντες,

2181 2453 2295 2507 ἀλλ’
2316 2454 2414 2523 οὐχ
2451 2450 2610 2520 ὁμοῦ,
2642 2451 2736 2505 ἅτε
2766 2453 2908 2521 μέγα
2936 2448 3262 2520 φρονοῦντες
3288 2448 3365 2518 τῷ
3395 2449 3760 2517 εὐτυχήματι,

2182 2545 2279 2598 καὶ
2321 2545 2426 2597 ὑπὸ
2477 2544 2649 2615 μέθης
2699 2543 3050 2610 ἐσφάλλοντο.
3108 2544 3249 2612 OEth
3277 2543 3385 2610 γὰρ
3445 2543 3761 2610 ἐντυχόντες

2182 2634 2363 2706 πολλῷ
2393 2635 2798 2706 ἀκρατέστερον
2821 2634 3060 2704 ἐχρῶντο
3095 2634 3265 2702 αὐτῷ,
3301 2635 3468 2702 μήπω
3494 2633 3761 2701 πρόιερον

2182 2728 2429 2796 πόματος
2463 2725 2708 2779 τοιούτου
2731 2726 3080 2794 γευσάμενοι.
3119 2723 3274 2778 Οὕτω
3303 2725 3346 2776 δ’
3366 2727 3592 2793 ἔχοντας
3622 2724 3761 2791 ὁρῶν

2180 2826 2305 2887 τοὺς
2327 2824 2570 2886 Γαλάτας
2600 2825 2628 2877 ό
2658 2821 2957 2892 Κάμιλλος,
2988 2821 3112 2874 ἐπεὶ
3140 2819 3236 2873 καὶ
3268 2819 3365 2886 τὴν
3391 2821 3500 2870 τιῖδν
3539 2818 3762 2887 ’Λρδεα-

2178 2917 2286 2972 τῶν
2345 2914 2624 2986 ἐληίζοντο
2669 2913 2876 2985 χώραν,
2927 2913 3131 2974 αὐτοὺς
3179 2911 3237 2966 δὲ
3301 2911 3424 2974 τοὺς
3466 2913 3763 2978 Ἀρδεάτας

2179 3009 2377 3081 πλήθει
2425 3011 2525 3078 μὲν
2571 3007 2787 3069 ἱκανοὺς
2821 3006 3004 3071 ὄντας,
3041 3005 3246 3074 τόλμης
3273 3005 3328 3057 δὲ
3373 3003 3667 3072 δεομένους
3693 3003 3760 3055 δι’

2177 3101 2435 3171 ἀπειρίαν
2463 3101 2556 3152 καὶ
2579 3099 2640 3151 τὸ
2669 3099 2808 3168 πρὸς
2843 3097 3022 3167 μάχας
3049 3097 3380 3165 ἀνάσκητον,
3404 3096 3600 3164 λόγους
3626 3095 3760 3164 πρὸς

2180 3197 2305 3274 τους
2332 3195 2635 3264 νεωτέρους
2681 3191 2957 3256 ινέϐαλεν,
2989 3191 3064 3255 ὡς
3095 3192 3194 3246 οὐκ
3221 3189 3410 3261 ἀνδρίᾳ
3477 3190 3587 3242 τῶν
3628 3189 3764 3259 βαρ-

2181 3287 2367 3358 ϐάρων
2397 3288 2498 3356 τὴν
2524 3286 2832 3354 εὐπραγίαν
2862 3285 3040 3340 αὐτῶν
3064 3285 3466 3353 ἐπιγράφεσθαι
3502 3283 3606 3345 δεῖ,
3646 3282 3760 3336 ἀλλ’

2179 3381 2375 3451 ἀτυχίᾳ
2409 3378 2720 3449 Ῥωμαίων,
2769 3379 2865 3431 καὶ
2899 3379 2948 3430 εί
2977 3377 3337 3448 προθυμοῖντο
3385 3377 3481 3429 καὶ
3523 3375 3762 3447 θαρρού-

2181 3491 2266 3527 σιν
2295 3474 2471 3535 αύτοὶ,
2505 3471 2802 3535 ἀκινδύνως
2821 3472 3066 3542 νικήσειν
3086 3471 3213 3533 τοὺς
3243 3469 3537 3540 πολεμίους
3555 3471 3764 3538 διισχυο

2184 3567 2382 3636 ρίζετο.
2433 3564 2594 3618 Οὕτω
2629 3566 2825 3626 πείσας
2864 3565 2992 3626 τοὺς
3049 3562 3224 3626 νέους,
3251 3558 3368 3616 εἶτα
3393 3563 3638 3625 καὶτοὺς
3661 3563 3765 3614 λοι-

2182 3660 2343 3721 ποὺς,
2378 3656 2584 3710 ὥπλισε
2611 3658 2737 3719 τοὺς
2783 3658 2841 3708 ὲν
2887 3655 3092 3726 ἡλικίᾳ,
3131 3656 3228 3708 καὶ
3287 3655 3487 3718 νυκτδς
3537 3655 3765 3725 βαθείας

2185 3751 2479 3820 μεθύουσιν
2509 3751 2669 3813 αὐτὸς
2707 3749 2845 3820 μετὰ
2885 3749 2992 3802 τῶν
3033 3747 3339 3818 Ἀρδεατῶν
3396 3750 3512 3811 τοῖς
3559 3748 3767 3818 βαρϐά·

2183 3861 2297 3912 ροις
2331 3842 2657 3912 προσέμιξε,
2698 3841 2942 3902 καὶτοὺς
2975 3839 3228 3901 πλείονας
3254 3841 3372 3891 ἐκεῖ
3436 3837 3765 3907 κατέκοψεν.

2180 3935 2323 3992 Et“
2348 3951 2492 3997 τινες
2543 3935 2636 3986 καὶ
2672 3934 2866 4001 φυγεῖν
2911 3930 3258 4002 ἠδυνήθησαν
3308 3934 3368 3984 ἐν
3426 3931 3506 3999 τῷ
3556 3933 3768 3996 σκότει,

2184 4026 2305 4097 μεθ’
2330 4026 2545 4096 ἡμέραν
2572 4024 2878 4092 διέφθειρον
2919 4023 3125 4084 αὐτοὺς
3177 4023 3368 4087 ίππείς
3411 4023 3772 4094 καταλαμϐά-

2181 4135 2390 4181 νοντες.
2426 4118 2537 4186 Τῆς
2559 4117 2614 4170 δέ
2639 4117 2830 4186 φήμης
2873 4118 3009 4185 ταχὺ
3059 4115 3401 4185 κηρυξάσης,
3442 4114 3770 4185 ἅπανταχοῦ

2178 4211 2242 4264 τὸ
2269 4207 2624 4279 κατόρθωμα.
2657 4207 2774 4260 ὅσοι
2807 4206 2916 4260 τῶν
2944 4206 3235 4274 Ῥωμαίων
3281 4207 3552 4274 φυγόντες
3580 4207 3645 4258 ἐκ
3671 4207 3773 4275 τῆς

2183 4300 2410 4372 πρώτης
2459 4298 2596 4369 πρὸς
2639 4299 2766 4359 τοὺς
2827 4295 3075 4358 Γαλάτας
3127 4296 3307 4365 μάχης
3358 4295 3652 4359 ἐσώζοντο,
3706 4299 3774 4350 τά

2182 4393 2324 4446 ὅπλα
2372 4391 2650 4454 λαϐόντες,
2703 4388 2951 4459 ἀπῄεσαν
3013 4387 3149 4456 προς
3207 4390 3299 4439 τὸν
3341 4386 3647 4462 Κάμιλλον,
3688 4387 3775 4439 δέ-

496 4479 812 4548 jectabant)
843 4479 958 4532 illic
980 4488 1033 4532 ct
1069 4478 1171 4547 ipsi
1203 4487 1369 4531 noctu
1397 4478 1698 4532 ascendere
1723 4486 2078 4535 statuerunt:

2186 4484 2380 4554 χεσθαι
2449 4483 2695 4550 δεόμενοι
2758 4484 2858 4547 τὴν
2922 4481 3100 4550 ἀρχὴν
3151 4478 3354 4531 αὐτῶν.
3411 4475 3473 4529 Ὀ
3547 4477 3596 4530 δ’
3669 4480 3774 4530 οὐκ

500 4579 558 4624 et
584 4586 694 4624 rem
727 4570 992 4640 aggressi,
1018 4585 1160 4639 aegre
1195 4569 1269 4625 illi
1299 4571 1542 4639 quidem,
1578 4572 1670 4626 sed
1711 4571 2081 4626 ascenderunt

503 4673 713 4715 tamen.
759 4661 837 4714 Ac
877 4662 1292 4730 propugnacula
1316 4663 1633 4731 attigissent
1656 4672 1712 4717 et
1752 4662 1945 4733 vigiles
1982 4678 2084 4731 op-

506 4753 857 4822 pressissent,
885 4753 990 4805 nisi
1015 4768 1258 4814 anseres,
1281 4755 1371 4818 qui
1401 4753 1454 4806 iit
1478 4753 1594 4808 a-de
1609 4753 1843 4809 lunonis
1859 4754 2086 4809 aleban-

506 4853 597 4898 tur
623 4886 636 4910 ,
671 4859 796 4897 eum
831 4854 1028 4896 natura
1061 4859 1257 4898 sensus
1294 4844 1566 4898 exeitatos
1600 4844 1871 4907 habeant,
1922 4855 1976 4898 ct
2017 4846 2083 4897 ad

501 4937 759 5007 quemvis
792 4938 1082 5006 strepitum
1112 4947 1501 5007 expaveseant,
1530 4938 1783 4992 celeriter
1806 4937 2086 4993 Gallorum

501 5031 745 5082 adventu
772 5027 1163 5082 animadverso
1184 5071 1198 5092 ,
1227 5042 1354 5082 cum
1382 5027 1702 5082 turbulento
1741 5029 1971 5098 strepitu
2001 5029 2087 5082 fu-

504 5121 739 5190 gientes,
775 5120 971 5189 vigiles
1001 5130 1342 5190 ueteresque
1363 5136 1558 5174 omnes
1593 5120 1946 5176 excitassent.
1999 5120 2090 5175 Sic

506 5212 763 5277 Romani,
803 5213 870 5268 iis
891 5214 985 5282 qui
1011 5213 1378 5267 ascenderant
1411 5213 1607 5282 partim
1635 5213 1851 5270 occisis.
1887 5214 2086 5281 partim

507 5302 575 5354 de
615 5313 772 5370 petra
803 5302 1070 5373 dejectis,
1123 5302 1178 5356 id
1223 5303 1527 5371 periculum
1567 5303 1866 5358 evitarunt.
1909 5303 1988 5357 Ex
2024 5319 2090 5357 eo

504 5393 675 5446 Gallis
729 5396 1004 5449 imminuti
1075 5405 1203 5449 sunt
1255 5395 1448 5458 animi,
1490 5411 1616 5449 eum
1670 5398 2094 5466 Oppugnationis

505 5500 783 5542 aerumnas
802 5500 1010 5558 septem
1031 5489 1315 5544 mensibus
1338 5490 1685 5544 tolerasscnt.
1727 5489 1918 5559 Itaque
1953 5490 2094 5544 duce

512 5573 878 5630 Barbarorum
915 5578 1168 5641 Brenno,
1199 5589 1256 5633 ct
1309 5579 1683 5633 Romanorum
1718 5579 1940 5632 tribuno
1971 5578 2096 5634 Sul-

514 5665 686 5734 pitio,
728 5668 797 5722 de
829 5669 1210 5738 pacificatione
1270 5671 1660 5737 tractantibus,
1706 5674 1997 5737 convenit,
2037 5680 2096 5727 ut

518 5761 751 5814 ttomani
782 5760 953 5817 Gallis
985 5764 1112 5820 mile
1148 5765 1333 5832 pondo
1367 5765 1486 5820 auri
1525 5777 1884 5820 numerarent
1912 5783 1925 5823 :
1958 5767 2094 5821 Galli

2187 4576 2292 4644 ἐφη
2344 4571 2757 4640 πεισθήσεσθαι,
2847 4572 2923 4643 μὴ
3018 4571 3285 4640 πρότερον
3374 4569 3486 4621 τῶν
3573 4571 3632 4624 ἐν
3698 4571 3836 4642 τῷ·

2187 4669 2520 4737 Καπιτωλίῳ
2577 4667 2926 4731 σωζομένων,
2989 4665 3390 4735 ψηφισαμένων
3462 4665 3614 4734 αύτῷ
3673 4666 3776 4736 τὴν

2187 4763 2386 4833 ἀρχήν.
2439 4758 2548 4814 Ἦν
2602 4761 2658 4813 δὲ
2708 4760 2913 4829 ἀπορία
2977 4760 3072 4811 τοῦ
3129 4758 3303 4812 ταῦτα
3354 4759 3778 4826 διαγγελοῦντος

2187 4859 2298 4915 τιίς
2334 4855 2414 4916 εἰς
2475 4856 2535 4906 τὸ
2589 4853 2960 4907 Καπιτώλιον.
3029 4849 3122 4915 Εἷς
3177 4853 3234 4905 δέ
3290 4869 3375 4915 τις
3435 4853 3547 4904 τῶν
3633 4855 3779 4905 νέων

2192 4947 2469 5014 Κομήνιος
2489 4945 2732 5007 Πόντιος,
2777 4943 2935 5014 δόξης
2975 4943 3137 5014 ἐρῶν,
3173 4944 3382 5015 ὑπέστη
3454 4943 3546 4996 τὸν
3582 4939 3779 5006 ἆθλον,

2191 5037 2288 5090 καὶ
2312 5036 2492 5089 λαθὼν
2519 5036 2607 5090 διὰ
2641 5037 2822 5105 μέσων
2843 5036 2993 5106 διέϐη
3027 5035 3137 5090 τῶν
3200 5037 3499 5106 πολεμίων,
3549 5039 3648 5092 καὶ
3699 5037 3782 5106 τῷ

2192 5128 2342 5196 λόφῳ
2371 5127 2464 5181 τοῦ
2506 5129 2862 5181 Καπιτωλίου
2930 5129 3346 5199 προσπελάσας,
3379 5131 3474 5182 καὶ
3514 5130 3784 5199 χαλεπῶς

2192 5221 2530 5292 ἀνερπύσας.
2562 5222 2718 5291 μόλις
2751 5239 2809 5276 τε
2859 5222 3398 5294 ἀναρριχησάμενος,
3441 5223 3583 5290 πρὸς
3647 5223 3782 5287 τοὺς

2195 5315 2254 5365 ἐν
2271 5313 2413 5367 τέλει
2446 5313 2555 5366 τῶν
2597 5313 2887 5384 Ῥωμαίων
2928 5314 3076 5383 παρὰ
3123 5314 3232 5365 τῶν
3260 5312 3644 5382 φυλαττόντων
3663 5317 3785 5368 εἰσ-

2199 5405 2364 5475 ήχθη.
2399 5406 2497 5458 καὶ⁹
2543 5405 2642 5475 τήν
2664 5421 2723 5456 τε
2756 5403 2911 5474 νίκην
2943 5403 3036 5459 τοῦ
3086 5404 3365 5474 Καμίλλου
3412 5405 3784 5474 κατήγγειλε,

2200 5501 2293 5550 καὶ
2318 5497 2384 5548 τὰ
2411 5497 2642 5560 δόξαντα
2675 5497 2786 5558 τοῖς
2816 5494 3180 5566 στρατιώταις
3217 5494 3408 5558 εἰπὼν,
3469 5495 3784 5565 βεϐαιῶσαι

2199 5587 2276 5656 τῷ
2303 5588 2563 5658 Καμίλλῳ
2586 5589 2684 5658 τὴν
2712 5590 2886 5658 ἀρχὴν
2918 5588 3240 5657 παρεκάλει.
3277 5589 3339 5639 ΟΞ
3374 5587 3432 5640 δὲ
3463 5589 3787 5659 Δικτάτορα

2199 5682 2290 5734 τὸν
2324 5681 2603 5751 Κάμιλλον
2635 5683 2996 5752 ἐψηφίσαντο.
3039 5681 3146 5734 Καὶ
3189 5680 3276 5745 ὃς,
3300 5682 3424 5744 τοὺς
3482 5681 3587 5746 ἔξω
3617 5682 3786 5744 ὖντας
3840 5668 3852 5678 ’

2213 5770 2522 5835 Ῥωμαίους
2547 5771 2673 5828 περὶ
2696 5770 3022 5834 δισμυρίους
3053 5769 3392 5834 συναγαγὼν,
3415 5771 3510 5823 καί
3538 5771 3652 5824 ἀπὸ
3673 5773 3786 5825 τῶν
