4008 6250
320 339 420 403 617

1559 337 1956 402 ANNALIUM
2000 336 2138 395 LIB.
2188 335 2314 394 \‘ll.

3468 341 3572 404 618

324 453 631 524 συμμάχων
665 451 918 520 πολλοὺς,
957 452 1400 523 παρεσκευάζετο
1428 452 1565 524 πρὸς
1627 453 1891 504 ἐπίθεσιν.

2005 466 2166 510 vero,
2202 463 2339 502 auro
2373 457 2619 518 accepto,
2644 456 2826 501 statim
2862 449 2994 503 urbe
3041 465 3280 520 agroque
3328 453 3574 509 Romano

321 549 384 602 Οἱ
419 549 474 600 δὲ
501 547 778 616 Βαρϐαροι
813 544 930 616 μεθ’
963 545 1177 617 ἡμέραν
1213 545 1458 608 διιόντες,
1505 547 1600 598 καὶ
1635 562 1896 613 καταμα-

325 641 508 702 θόντες
572 639 696 691 ὅθεν
745 641 774 692 6
837 639 1060 704 Πόντιος
1117 640 1364 711 προσέϐη
1421 638 1498 708 τῷ
1566 638 1912 707 Καπιτωλίῳκ

323 733 504 803 (τοῦτο
533 731 578 784 δ’
605 732 958 786 ὑπετὸπασαν
984 731 1047 784 ἐκ
1071 749 1130 784 τε
1149 732 1258 784 τῶν
1329 729 1738 801 ἀπερρωγότων
1796 729 1897 790 ti;

321 826 526 896 πέτρας
538 824 924 894 θραυσμάτων,
947 824 1154 895 καὶτῆς
1181 824 1338 889 πόας,
1359 825 1392 892 ἢ
1417 823 1584 894 πολλὴ
1615 822 1698 875 ἐπ’
1727 823 1898 891 αὐτῆς

316 913 386 988 ἦν
413 957 430 984 ,
452 916 554 984 τῆς
580 915 681 986 μὲν
711 916 1191 984 ἁνεσπασαμὲιης,
1220 915 1314 985 τῆς
1364 915 1420 968 δὲ
1479 913 1896 984 συμπεπιλημέ-

319 1009 462 1079 νης),
501 1008 713 1062 ἐκεῖθεν
748 1007 1016 1078 ἀναϐῆναι
1055 1009 1247 1073 νυκτὸς
1294 1011 1390 1062 καὶ
1435 1008 1590 1061 αὐτοὶ
1648 1008 1898 1060 ἐϐουλεύ-

322 1116 504 1151 σαντο·
535 1102 631 1152 καὶ
661 1099 1029 1171 ἐπεχείρησαν
1053 1099 1130 1169 τῷ
1156 1099 1323 1170 ἔργῳ,
1361 1102 1452 1154 καὶ
1481 1100 1758 1170 δυσχερῶς
1795 1100 1895 1168 μὲν

316 1188 558 1260 ἀνῄεσαν
582 1189 625 1242 δ’
660 1190 832 1260 ὅμως,
856 1192 951 1244 καὶ
999 1190 1190 1244 ἔλαθον
1223 1191 1290 1244 ἂν
1323 1192 1556 1264 ἡμμένοι
1621 1192 1716 1245 τοῦ
1765 1210 1900 1262 προ-

317 1283 693 1352 τειχίσματος,
741 1283 836 1336 καὶ
888 1287 1000 1345 τιῖς
1065 1281 1294 1352 φύλαξιν
1353 1283 1692 1353 ἐπιθέμενοι,
1729 1285 1779 1336 εί
1823 1284 1898 1353 μὴ

320 1374 481 1442 χῆνες
508 1369 648 1444 ἦσαν
684 1375 815 1444 περὶ
841 1375 932 1427 τὸν
989 1373 1122 1427 νεὼν
1168 1375 1268 1444 τῆς
1305 1375 1486 1441 Ἥρας
1541 1376 1893 1446 τρεφόμενοι,

315 1465 368 1516 οἳ
399 1464 560 1534 φύσει
588 1465 740 1528 ὄντες
771 1465 1088 1536 εὐαίσθητοι
1144 1465 1238 1520 καὶ
1266 1466 1573 1535 ψοφοδεεῖς,
1599 1468 1735 1537 ταχυ
1792 1467 1896 1520 τῶν

322 1556 582 1610 Γαλατῶν
619 1556 719 1625 τὴν
743 1556 932 1626 ἔφοδον
966 1556 1219 1628 ᾔσθοντο,
1259 1556 1352 1610 καὶ
1382 1555 1690 1627 ταραχώδει
1727 1556 1892 1623 κλαγ-

318 1652 389 1720 γῇ
429 1650 720 1718 φερόμενοι
753 1648 890 1717 πρὸς
922 1648 1048 1710 τοὺς
1080 1647 1352 1716 φύλακας,
1385 1647 1691 1718 ἐπήγειραν
1711 1647 1889 1701 ἃπαν-

317 1757 438 1803 τας.
473 1738 629 1793 Οὕτω
648 1740 703 1794 δὲ
730 1739 1113 1804 τοῖςάνιοῦσιν
1149 1741 1198 1793 oi
1235 1739 1501 1808 Ῥωμαῖοι
1555 1739 1894 1810 προσμίξαν-

317 1847 430 1893 τες,
460 1832 586 1893 τοὺς
617 1830 716 1900 μὲν
752 1829 1106 1896 ἀπέκτειναν,
1133 1833 1258 1895 τοὺς
1293 1830 1353 1884 δέ
1395 1831 1539 1884 κατὰ
1564 1829 1660 1899 τῆς
1689 1831 1894 1901 πέτρας
1931 1812 1970 1865 Β

319 1920 634 1985 ἀπώσαντο,
662 1921 754 1974 καὶ
791 1921 880 1974 τὸν
921 1921 1168 1974 κίνδυνον
1191 1923 1622 1990 ἐκπεςεύγασν
1687 1918 1899 1972 Ἑντεῦ-

320 2016 412 2068 θεν
440 2010 583 2086 ἦσαν
612 2016 660 2067 οἱ
688 2013 884 2066 Κελτοὶ
914 2013 1270 2084 ἀθυμότεροι,
1319 2011 1405 2081 ἐφ’
1446 2011 1587 2064 ἑπτὰ
1644 2011 1777 2080 μησὶ
1831 2012 1896 2080 τῇ

319 2105 615 2177 πολιορκίᾳ
665 2102 1197 2174 ταλαιπωρούμενοι.
1251 2105 1343 2156 Διὸ
1383 2103 1638 2175 καὶπερὶ
1691 2102 1900 2171 συμϐά-

323 2198 596 2249 σεωνὸτε
635 2195 745 2248 τῶν
800 2195 1102 2266 Βαρϐάρων
1147 2195 1400 2264 βασιλεὺς
1453 2193 1702 2265 Βρέννος,
1759 2193 1899 2246 καὶὸ

319 2290 430 2343 τῶν
467 2289 755 2359 Ῥωμαίων
787 2289 1111 2359 χιλίαρχοςό
1145 2288 1467 2351 Σουλπίκιος
1521 2285 1895 2356 διελέχθησαν·

321 2382 420 2435 καὶ
447 2381 696 2446 συνέδοξε
729 2383 908 2451 χιλίας
946 2383 1136 2450 λίτρας
1186 2381 1410 2452 χρυσίου
1460 2384 1570 2443 τοῖς
1631 2378 1899 2442 Γαλάταις

320 2475 446 2536 τοὺς
491 2473 794 2541 Ῥωμαίους
822 2473 1170 2539 καταϐαλεῖν,
1204 2475 1331 2537 τοὺς
1365 2473 1420 2526 δὲ
1451 2473 1510 2526 τὸ
1541 2471 1767 2544 χρυσίον
1801 2471 1899 2524 λα-

320 2567 518 2630 ϐόντας
551 2567 751 2620 αὐτίκα
774 2567 871 2636 τῆς
903 2568 1112 2630 πόλεως
1150 2568 1243 2620 καὶ
1290 2568 1389 2636 τῆς
1453 2567 1635 2637 χώρας
1693 2568 1904 2618 ἀπανα-

322 2660 542 2727 στῆναι.
590 2659 958 2729 Κομισθέντος
980 2659 1034 2711 δὲ
1069 2659 1165 2710 τοῦ
1199 2659 1446 2728 χρυσίου,
1481 2659 1573 2710 καὶ
1611 2658 1719 2709 τῶν
1767 2658 1905 2726 Βαρ-

320 2750 509 2819 ϐάρων
543 2753 671 2820 περὶ
699 2751 794 2803 τὸν
837 2751 1076 2819 σταθμὸν
1127 2748 1586 2819 κακουργούντων
1641 2747 1836 2820 λάθρα,
1879 2753 1904 2800 6

322 2844 576 2914 Βρέννος,
612 2844 670 2896 τδ
705 2844 855 2911 ξίφος
886 2843 1002 2914 ἅμα
1032 2843 1124 2896 καὶ
1167 2841 1259 2894 τὸν
1281 2841 1539 2913 ζωστῆρα
1563 2839 1753 2904 λύσας,
1784 2839 1906 2891 ἐπέ-

323 2934 458 3004 θηκε
485 2937 594 2997 τοῖς
627 2935 908 3006 σταθμοῖς.
949 2935 1262 3002 Πυθομὲνου
1293 2933 1346 2986 δὲ
1373 2934 1467 2987 τοῦ
1503 2932 1810 3004 χιλιάρχου,
1851 2932 1902 2984 τί

320 3027 380 3080 τὸ
411 3027 732 3099 γινόμενιινς
772 3028 830 3081 Τί
857 3026 1034 3092 ἄλλο,
1065 3023 1244 3092 εἶπεν,
1280 3028 1316 3094 ἦ
1350 3025 1472 3092 τοῖς
1493 3026 1904 3094 νενικημένοις

323 3116 552 3186 ὀδύνης
595 3117 683 3172 Ἐν
715 3119 924 3182 τούτοις
978 3121 1004 3172 6
1037 3117 1315 3190 Κάμιλλος
1345 3117 1494 3187 ἄγων
1527 3117 1620 3170 τὸν
1654 3118 1902 3188 στρατὸν,

2002 537 2349 590 excederent.
2379 536 2529 590 Auro
2557 537 2742 600 allato,
2767 536 3025 592 Barbaris
3050 537 3102 592 in
3131 543 3412 610 pensando
3435 543 3572 597 clam

2001 631 2250 683 irandem
2287 629 2628 684 struentibus
2652 671 2665 695 ,
2712 629 2959 686 Brennus
2990 646 3177 687 ensem
3233 643 3288 688 et
3331 634 3572 691 balteum

2002 721 2155 778 lateri
2182 721 2464 791 demptum
2504 721 2838 792 ponderibus
2865 724 3144 792 imposuit.
3203 725 3447 796 Rogante
3471 727 3574 782 tri-

2003 813 2170 876 buno,
2205 814 2336 883 quid
2369 815 2420 867 id
2451 813 2642 868 esset?
2672 812 2806 879 Quid
2832 815 3000 882 aliud,
3035 816 3250 886 inquit,
3287 817 3388 872 nisi
3426 819 3575 872 vietis

2002 906 2202 960 dolor?
2255 907 2467 959 Interea
2515 905 2777 960 Camillus
2817 923 2941 960 cum
2992 910 3238 962 exercitu
3288 909 3354 963 ad
3387 919 3576 979 portas

2006 999 2158 1052 urbis
2183 999 2415 1052 accessit
2445 1017 2456 1051 :
2500 1009 2554 1052 et
2587 1007 2728 1052 statu
2763 1015 2942 1053 rerum
2976 1001 3215 1071 cognito,
3243 1015 3474 1071 propere
3507 1005 3572 1056 ad

2004 1092 2280 1146 Romanos
2311 1090 2444 1156 abit,
2491 1107 2685 1146 aurum
2729 1091 2796 1146 de
2820 1091 3069 1147 lancibus
3098 1093 3376 1148 sublatum
3411 1094 3576 1149 mini-

2002 1183 2132 1236 stris
2164 1182 2256 1236 dat
2300 1183 2691 1246 auferendum,
2720 1182 2903 1238 Gallos
2935 1200 3058 1240 cum
3081 1184 3331 1240 lancibus
3356 1193 3412 1240 et
3442 1201 3577 1256 pon-

2000 1272 2224 1329 deribus
2248 1274 2396 1329 abire
2424 1276 2620 1346 jussit:
2651 1274 2878 1329 Romani
2905 1275 3042 1329 enim
3092 1278 3251 1330 moris
3277 1292 3386 1331 esse
3413 1277 3576 1347 ferro,

2001 1385 2104 1422 non
2129 1384 2261 1422 auro
2288 1369 2521 1439 patriam
2558 1369 2713 1422 tueri.
2744 1367 2963 1424 Brenno
2996 1378 3370 1439 conquerente
3391 1413 3405 1436 ,
3433 1369 3578 1441 inju-

2000 1464 2138 1518 riam
2185 1463 2288 1518 sibi
2341 1463 2457 1518 ﬁeri
2487 1503 2500 1526 ,
2545 1464 2590 1518 si
2643 1473 2794 1532 pacta
2833 1472 3224 1533 rumperentur
3252 1504 3267 1530 ,
3314 1463 3578 1519 Camillus

2003 1557 2327 1628 respondit,
2361 1567 2519 1628 pacta
2553 1557 2706 1612 irrita
2737 1573 2878 1624 esse,
2908 1568 2968 1613 ut
3011 1573 3132 1626 qua:
3169 1558 3309 1614 facta
3341 1558 3579 1614 fuissent

2002 1652 2211 1722 absque
2241 1650 2407 1722 358
2433 1665 2533 1706 suo
2562 1667 2816 1717 assensu,
2847 1650 2936 1718 qui
2962 1651 3072 1722 jam
3100 1650 3337 1706 dictator
3361 1661 3580 1707 creatus

2002 1752 2167 1800 esset.
2224 1744 2345 1810 Quo
2407 1759 2662 1799 sermone
2716 1743 2968 1799 turbatus
3032 1744 3316 1809 Brennus,
3386 1761 3579 1816 parum

1997 1836 2176 1891 abfuit
2207 1835 2342 1904 quin
2365 1851 2552 1891 ensem
2588 1835 2909 1906 stringeret.
2946 1835 3059 1891 Sed
3091 1845 3271 1890 tamen
3303 1836 3491 1892 Gallo:
3523 1837 3578 1892 in

2001 1939 2181 1984 castra
2215 1927 2406 1982 duxit;
2443 1942 2616 1997 eaque
2635 1927 2832 1982 deinde
2853 1969 2867 1994 ,
2897 1928 3084 1983 relicta
3113 1931 3248 1984 urbe
3269 1969 3283 1993 ,
3308 1930 3374 1984 ad
3405 1929 3580 1984 stadia

2003 2036 2066 2074 ιχ
2089 2021 2378 2090 promovit.
2409 2017 2544 2074 Cum
2578 2017 2815 2088 primum
2847 2018 3156 2086 diluxisset,
3191 2020 3346 2075 adest
3370 2020 3578 2078 Camil-

2002 2113 2122 2173 lus,
2164 2111 2441 2165 Romanos
2472 2112 2582 2181 jam
2632 2109 2866 2165 ﬁdentes
2911 2109 3176 2166 adducit:
3215 2121 3271 2167 ct
3327 2112 3581 2169 Barbari:

2003 2217 2128 2255 cum
2180 2201 2349 2254 multa
2395 2201 2540 2256 caede
2591 2200 2927 2271 proﬂigatis,
2981 2211 3161 2256 castra
3186 2213 3436 2272 occupat.
3491 2203 3582 2259 Sic

2005 2290 2173 2344 Roma
2207 2300 2365 2360 capta
2405 2290 2772 2354 mirabiliter,
2806 2300 2862 2345 et
2891 2291 3100 2362 majore
3134 2292 3400 2346 miraculo
3444 2293 3582 2347 libe-

2004 2389 2153 2447 rata,
2183 2381 2446 2436 Camillus
2493 2381 2874 2452 triumphavit.
2909 2379 3016 2436 Sed
3053 2381 3354 2437 multitudo
3388 2383 3580 2438 urbem

2005 2475 2224 2544 penitus
2252 2489 2501 2532 eversam
2527 2477 2834 2530 instaurare
2862 2474 3074 2540 noluit,
3110 2475 3180 2530 ob
3216 2475 3457 2546 inopiam
3494 2491 3587 2546 pe‘

2005 2569 2202 2634 cuniae,
2231 2579 2288 2623 et
2318 2583 2610 2638 corporum
2647 2569 3105 2626 imbecillitatem.
3138 2570 3216 2624 Ac
3249 2585 3442 2640 parum
3487 2570 3585 2624 ab-

2006 2657 2108 2712 fuit
2138 2658 2270 2727 quin
2314 2674 2377 2712 ea
2405 2658 2754 2714 desereretur
2785 2677 2797 2712 :
2832 2673 2896 2713 ac
2920 2673 3101 2729 neque
3148 2658 3384 2724 senatui,
3410 2673 3586 2728 neque

2007 2751 2132 2803 aliis
2174 2751 2618 2819 magistratibus,
2656 2752 2724 2806 ab
2765 2751 3086 2807 deserendae
3119 2751 3273 2806 urbis
3307 2749 3539 2806 consilio
3569 2791 3584 2815 ,

2006 2842 2290 2912 proﬂigato
2333 2843 2510 2908 hoste,
2550 2844 2942 2898 revocantibus
2967 2843 3246 2914 paruisset
3271 2843 3448 2913 plebs,
3477 2840 3584 2896 nisi

2008 2950 2132 2990 cum
2171 2936 2222 2988 in
2251 2934 2369 2988 foro
2407 2949 2468 2987 ea
2510 2936 2575 2988 de
2626 2949 2685 2989 re
2715 2950 2907 2990 omnes
2949 2935 3355 3000 deliberarent,
3391 2941 3585 2988 centu-

2009 3027 2094 3078 rio
2125 3026 2346 3094 quidam
2377 3040 2441 3079 ex
2491 3024 2747 3095 prmsi'dio
2797 3011 3084 3081 revertens
3111 3064 3125 3089 ,
3161 3023 3290 3078 dum
3321 3023 3463 3076 forte
3494 3038 3588 3092 ag-

2010 3118 2158 3172 mine
2206 3117 2384 3171 torum
2431 3117 2731 3183 transiret,
2783 3118 2838 3172 in
2877 3117 3123 3185 Icomitio
3180 3115 3582 3172 exclamasset:

321 3211 444 3270 ταῖς
479 3209 679 3271 πύλαις
711 3209 980 3281 ἐπέστησε
1011 3210 1111 3280 τῆς
1164 3209 1394 3272 πόλεως’
1461 3211 1556 3263 καί
1607 3207 1797 3281 μαθὼν
1840 3209 1902 3260 τὰ

2012 3207 2112 3264 llic
2139 3219 2300 3275 state,
2332 3213 2413 3266 hic
2446 3211 2585 3264 vobis
2617 3210 2939 3264 manendum
2971 3220 3070 3265 est.
3117 3209 3193 3263 Ea
3225 3207 3374 3264 enim
3418 3207 3588 3262 verba

327 3300 618 3370 γινόμενα,
656 3300 795 3372 πρὸς
850 3303 978 3366 τοὺς
1015 3300 1323 3373 Ῥωμαίους
1357 3301 1714 3372 ἐπειγόμενος
1776 3302 1906 3354 ἐπο-

2008 3301 2283 3356 divinitus
2327 3302 2539 3372 prolata
2565 3301 2866 3366 arbitrati,
2894 3299 3251 3371 migrationis
3295 3299 3584 3354 consilium

327 3391 540 3458 ρεύετο.
582 3394 690 3444 Καὶ
723 3392 912 3458 ἐλθὼν,
943 3394 1003 3448 τὸ
1031 3393 1130 3464 μὲν
1161 3393 1385 3466 χρυσίον
1453 3395 1593 3462 ἄρας
1657 3393 1766 3445 ἀπὸ
1813 3392 1902 3446 τοῦ

2009 3393 2370 3465 abiecerunt:
2409 3401 2464 3448 et
2507 3392 2573 3447 ad
2611 3391 2794 3447 Romae
2829 3391 3290 3446 instaurationem
3326 3387 3588 3442 alacriter

335 3481 530 3551 ζυγοῦ,
562 3488 679 3548 τοῖς
731 3485 1036 3555 ὑπηρέταις
1091 3484 1284 3550 ἔδωκε,
1321 3486 1412 3536 τὸν
1473 3483 1638 3552 ζυγὸν
1689 3487 1784 3538 καί⁵
1843 3485 1902 3537 τὰ

2010 3485 2283 3548 conversi,
2336 3497 2449 3538 tum
2497 3483 2724 3548 inmania,
2767 3493 2879 3537 tum
2933 3483 3178 3553 privatas
3224 3479 3369 3537 aedes
3404 3495 3589 3534 annuo

327 3574 552 3644 σταθμὰ
575 3580 702 3641 τοις
743 3577 983 3640 Κελτοὺς
1010 3575 1280 3638 λαϐόντας
1311 3578 1622 3646 ἀποχωρεῖν
1685 3575 1902 3627 ἐκέλευ-

2013 3577 2191 3646 spatio
2227 3577 2558 3630 reiecerunt.

323 3686 436 3734 σεν,
463 3667 637 3722 εἰπὼν
664 3669 740 3732 ὡς
769 3668 1000 3738 Σιδιὶρῳ
1057 3667 1306 3736 ,πάτριόν
1377 3667 1509 3721 ἐστὶ
1569 3666 1901 3734 Ῥωμαίοις,
1939 3667 2038 3719 καὶ
2107 3669 2178 3720 οὐ
2211 3668 2445 3738 χρυσῷ,
2485 3668 2599 3733 τὴν
2634 3666 2886 3734 πατρίδα
2909 3665 3135 3726 σώζειν.
3167 3664 3272 3718 Τοῦ
3301 3663 3357 3717 δὲ
3421 3661 3588 3733 Βρέν-

322 3780 414 3815 νου
441 3762 750 3817 ἁδικεῖσθαι
779 3764 1110 3833 φάσκοντος,
1135 3759 1407 3832 λυομένης
1434 3760 1532 3830 τῆς
1575 3759 1894 3830 ὁμολογίας,
1945 3761 2201 3813 ἀντεῖπεν
2262 3763 2288 3812 6
2351 3758 2648 3826 Κάμιλλος,
2703 3758 2780 3828 μὴ
2812 3758 3004 3826 κυρίας
3051 3753 3190 3809 εἶναι
3238 3755 3334 3818 τὰς
3391 3755 3588 3824 συνθή’

326 3873 427 3920 κας
456 3856 626 3910 αὑτοῦ
663 3857 739 3929 μὴ
783 3856 1230 3928 συμπράξαντος,
1261 3857 1366 3928 ἤδη
1408 3855 1735 3926 δικτάτορος
1793 3858 2098 3928 ᾑρημένου.
2164 3857 2467 3927 Ταραχθεὶς
2496 3850 2580 3908 οὖι
2659 3856 2688 3906 6
2753 3853 2983 3925 Βρέννος
3039 3853 3203 3922 μέχρι
3263 3849 3588 3919 ξιφουλκίας

324 3953 623 4025 προῆλθεν,
652 3954 804 4025 ὅμως
831 3954 886 4008 δέ
910 3957 986 4018 εἰς
1011 3954 1072 4007 τὸ
1102 3954 1467 4027 στρατόπεδον
1488 3955 1775 4025 προήγαγε
1795 3958 1920 4018 τοὺς
1962 3953 2224 4015 Κελτούς
2296 3948 2394 4004 εἶτ’
2462 3948 2703 4004 ἐκλιπὼν
2729 3949 2827 4019 τὴν
2865 3948 3044 4014 πόλιν,
3075 3947 3168 4002 καὶ
3197 3945 3445 4008 σταδίους
3467 3943 3590 4014 ἐξή-

325 4065 490 4104 κοντα
509 4049 812 4118 προελθὼν,
848 4051 1365 4121 ἐστρατοπέδευσεν·
1402 4050 1552 4121 ’Ἅμα
1596 4049 1640 4102 δ’
1690 4049 1878 4120 ἡμέρᾳ
1925 4051 2102 4120 παρῆν
2189 4051 2218 4102 6
2289 4047 2568 4118 Κάμιλλος
2615 4047 2701 4100 ἐπ’
2771 4045 2976 4111 αὐτὸν,
3013 4043 3424 4116 τεθαρρηκότας
3472 4041 3578 4111 ἤδη

323 4141 668 4212 ἐπαγόμενος
737 4141 864 4205 τοὺς
929 4141 1261 4212 Ῥωμαίους,
1316 4142 1409 4195 καὶ
1452 4142 1721 4211 τρέπεται
1773 4142 1898 4204 τοὺς
1974 4139 2293 4212 Βαρϐάρους
2369 4139 2516 4210 φόνῳ
2573 4138 2776 4211 πολλῷ,
2847 4140 2943 4191 καὶ
2993 4136 3265 4207 λαμϐάνει
3316 4134 3470 4203 σφῶν
3530 4136 3592 4185 τὸ

326 4237 714 4310 στρατόπεδον.
751 4236 938 4304 Οὕτως
967 4239 1000 4306 ή
1054 4235 1240 4308 Ῥώμη
1281 4237 1611 4307 παραλόγως
1635 4237 1774 4308 ἥλω,
1801 4239 1900 4291 καὶ
1939 4235 2122 4305 ἐσώθη
2187 4233 2647 4306 παραλογώτερον
2671 4250 2683 4263 ’
2747 4235 2776 4287 ὁ
2801 4232 2858 4286 δὲ
2892 4232 3169 4302 Κάμιλλος
3192 4228 3586 4301 ἐθριάμϐευσε.

324 4333 435 4403 Τῆς
457 4333 552 4386 οὖν
577 4331 786 4394 πόλεως
819 4328 1235 4401 διεφθαρμένης
1254 4328 1596 4393 παντάπασι,
1650 4329 1710 4382 τὸ
1764 4326 1968 4398 πλῆθος
2023 4327 2398 4399 ἀνοικοδομεῖν
2455 4326 2751 4398 αὑτὴνούκ
2807 4325 3092 4395 ἠϐούλετο,
3119 4323 3241 4378 οὔτε
3288 4326 3566 4394 χρήμασιν

323 4425 447 4479 οὔτε
475 4424 727 4494 σώμασιν
769 4421 1099 4494 ἐρρωμένοι,
1157 4423 1252 4475 καὶ
1317 4421 1518 4493 μικροῦ
1561 4419 1811 4484 ἐξέλιπον
1875 4420 1943 4474 ἂν
1983 4421 2178 4489 αὑτήν.
2219 4421 2353 4475 Οὑδέ
2387 4421 2496 4491 γὰρ
2525 4419 2807 4474 ἐπείθοντο
2829 4417 2953 4473 οὔτε
2974 4421 3085 4482 τοῖς
3120 4419 3178 4471 ἐν
3236 4417 3402 4483 τέλει,
3465 4415 3590 4470 οὔτε
3664 4429 3670 4434 ·

324 4525 390 4594 τῇ
426 4520 718 4591 γερουσίᾳ,
751 4515 1136 4588 παρακαλοῦσι
1176 4516 1273 4569 καὶ
1322 4513 1760 4584 συμϐουλεύουσι
1822 4514 1900 4582 μὴ
1948 4513 2198 4567 ἐκλιπεῖν
2263 4514 2324 4567 τὸ
2378 4514 2534 4580 ἄστυ,
2567 4513 2594 4566 ὃ
2616 4514 2680 4566 ἐκ
2703 4511 2813 4566 τῶν
2842 4509 3117 4581 πολεμίων
3160 4509 3261 4582 ήδη
3291 4511 3583 4570 ἐσέσωστο,

326 4616 486 4686 εἰμὴ
519 4615 578 4666 ἐν
629 4614 698 4682 τῇ
752 4611 933 4681 ἀγορᾷ
978 4610 1200 4665 πάντων
1261 4611 1396 4680 περὶ
1439 4607 1631 4662 τούτου
1717 4604 2146 4675 βουλευομένων,
2204 4607 2600 4678 ἑκατόνταρχος
2659 4596 2906 4674 φρουρὰν
2957 4603 3112 4671 ἄγων
3145 4599 3292 4667 τινὰ,
3343 4601 3440 4654 καὶ
3460 4606 3592 4670 παρ’

327 4710 499 4780 αὐτὴν
523 4707 628 4776 τὴν
668 4703 969 4774 ἐκκλησίαν
1000 4701 1154 4756 διιὼν
1200 4699 1462 4772 τυχαίως,
1505 4697 1803 4752 Ἐνταῦθα
1853 4697 2063 4767 στῆτε,
2105 4699 2242 4770 πρὸς
2266 4701 2392 4764 τοὺς
2418 4697 2570 4769 αὑτῷ
2605 4697 2910 4768 ἑπομένους
2931 4695 3178 4765 ἐϐόησεν
3200 4693 3458 4752 ἐνταῦθα
3482 4694 3594 4764 γὰρ

326 4803 419 4857 δεῖ
447 4798 607 4871 ὑμᾶς
630 4796 852 4867 μεῖναι.
883 4793 1018 4864 Θείᾳ
1037 4794 1144 4864 γὰρ
1175 4794 1407 4864 προνοίᾳ
1438 4791 1701 4862 ἐνόμισαν
1743 4787 1897 4843 ταῦτ’
1939 4789 2216 4860 είρῆσθαι,
2277 4791 2372 4844 καὶ
2400 4789 2496 4844 τοῦ
2579 4787 3018 4860 μεταναστεῦσαι
3054 4786 3379 4857 ἀπέσχοντο.
3447 4784 3593 4854 Πρὸς

326 4902 383 4954 δὲ
434 4901 529 4954 τὸν
573 4892 975 4964 ἀνακαινισμὸν
1026 4892 1126 4960 τῆς
1196 4887 1414 4961 Ῥώμης
1469 4888 1568 4941 σὺν
1615 4885 1906 4956 προθυμίᾳ
1947 4887 2271 4957 ἐτράποντο,
2302 4887 2399 4942 καὶ
2417 4886 2487 4942 τά
2511 4902 2571 4940 τε
2604 4887 2763 4957 τείχη
2788 4888 2884 4940 καὶ
2912 4885 3011 4948 τὰς
3078 4880 3354 4943 ἰδιωτικὰς
3413 4877 3592 4940 οἰκίας

329 4998 479 5061 ἐντὸς
512 4990 768 5048 ἐνιαυτοῦ
801 4987 1176 5044 ἀνεκαίνισαν.

394 5105 522 5162 KA'.
553 5104 722 5159 Οὔπω
743 5102 800 5155 δὲ
827 5103 927 5170 τῆς
957 5100 1086 5171 περὶ
1107 5097 1282 5152 ταῦτα
1314 5095 1601 5150 παυθεῖοιν
1624 5093 1902 5164 ἀσχολίας,

2082 5091 2273 5148 XXIV.
2309 5090 2511 5145 Verum
2567 5101 2632 5140 ea
2664 5083 3030 5153 occupatione
3073 5081 3316 5138 nondum
3377 5077 3579 5171 defun-

329 5199 560 5267 πόλεμοι
588 5191 935 5264 προσέπεσον
965 5190 1248 5260 διαφόρων
1298 5187 1496 5248 ἐθνῶν,
1553 5185 1804 5240 Αίκουῶν
1827 5203 1907 5251 τε,

328 5292 422 5344 καὶ
451 5286 836 5350 Οὐολούσκων,
870 5286 965 5337 καὶ
991 5279 1542 5353 Λατίνων.Τυρρηνοὶ
1569 5280 1626 5331 δὲ
1655 5277 1912 5348 Σούτριον

323 5382 707 5452 ἐπολιόρκουν,
740 5376 1061 5447 συμμαχίδα
1096 5371 1391 5442 Ῥωμαίων
1437 5371 1614 5423 πόλιν.
1656 5369 1904 5422 Ἀποδεί-

330 5489 527 5528 κνυται
573 5471 670 5523 οὖν
719 5471 780 5521 τὶ»
823 5468 1014 5538 τρίτον
1070 5466 1347 5535 δικτάτωρ
1379 5464 1406 5514 6
1469 5461 1773 5531 Κάμιλλος,
1812 5461 1908 5514 καὶ

329 5564 676 5640 στρατεύσας
709 5563 796 5616 ἐπ’
826 5562 1047 5624 αὐτοὺς,
1109 5555 1568 5627 κατετροπώσατο
1621 5554 1748 5616 τοὺς
1796 5553 1908 5606 λοι-

329 5661 490 5724 ποὺς,
525 5658 618 5711 ἐπὶ
651 5657 708 5710 δὲ
729 5655 788 5708 τὸ
820 5653 1077 5723 Σούτριον
1113 5647 1216 5721 ἦγε
1257 5649 1356 5720 τὴν
1407 5645 1729 5718 στρατειάν.
1761 5644 1900 5698 Οἱδὲ

331 5750 616 5824 Σούτρινοὶ
655 5748 871 5819 (ἔτυχον
901 5744 1010 5815 γὰρ
1038 5743 1138 5812 τὴν
1164 5742 1321 5794 πόλιν
1341 5743 1454 5802 τοῖς
1483 5737 1766 5807 πολεμίοις
1798 5739 1892 5790 ἐκ-

611 5842 882 5902 Parnm.
913 5837 1029 5896 Gn.
1075 5833 1416 5898 CXXXIV.

2013 5196 2154 5247 ctos,
2191 5182 2335 5236 bella
2367 5182 2646 5234 variarum
2704 5178 2948 5247 gentium
3001 5174 3352 5236 infestarunt,
3383 5170 3592 5240 Equo-

2011 5291 2154 5339 rum,
2186 5271 2520 5328 Volscorum
2544 5279 2600 5324 et
2639 5268 2984 5323 Latinorum.
3009 5263 3279 5336 Tyrrheni
3311 5261 3585 5324 Sutrium.

2009 5369 2212 5422 sociam
2262 5364 2446 5434 populi
2496 5363 2726 5418 Romani
2783 5361 2998 5422 urbem,
3029 5354 3592 5412 obsederuntluitur

2008 5458 2274 5515 Camillus
2307 5456 2533 5511 tertium
2557 5454 2795 5508 dictator
2825 5452 3026 5514 dictus,
3080 5448 3300 5502 caeteris
3325 5448 3594 5522 prodiga-

2014 5551 2123 5612 tis,
2173 5547 2481 5603 exercitum
2515 5553 2707 5600 contra
2759 5541 3010 5596 Sutrium
3059 5537 3238 5594 duxit.
3287 5539 3590 5598 Enimvero

2014 5640 2282 5702 Sutriani,
2315 5637 2500 5692 dedita
2546 5633 2803 5689 hostibus
2858 5631 3018 5696 urbe,
3068 5645 3194 5686 cum
3223 5633 3492 5688 uxoribus
3528 5640 3589 5685 et

2010 5732 2201 5788 liberis
2234 5729 2466 5786 Camillo
2504 5727 2558 5782 in
2608 5725 2806 5780 itinere
2851 5722 3069 5779 obviam
3101 5720 3232 5776 iacti
3274 5733 3424 5780 sunt.
3450 5723 3584 5789 Qui-
