4008 6250
430 277 534 339 illi)

1739 270 2061 331 JOANXIS
2101 272 2421 332 ΖΟΝΑΠίΕ

3589 275 3692 340 620

429 396 533 448 bus
582 390 735 458 visis,
775 390 1076 456 Camillus,
1141 402 1443 457 eorumque
1485 385 1710 439 casibus
1753 383 2001 452 cognitis,

2117 381 2441 447 δεδωκότες,
2478 385 2572 437 καὶ
2608 385 2818 456 ταύτης
2862 385 3356 458 ἀποχωρήσαντες)
3403 387 3528 441 καθ’
3579 388 3696 441 ὁδὸν

427 485 639 550 statim,
674 493 736 539 ut
779 492 916 547 erat,
957 482 1206 536 Sutrium
1260 485 1523 548 prOperat
1555 495 1566 530 :
1601 491 1663 531 ac
1699 475 1886 530 subito
1916 490 2010 544 ag-

425 591 669 646 gressus,
707 574 897 629 urbem
948 572 1095 626 nulla
1149 570 1417 624 munitam
1463 567 1738 629 custodia,
1796 565 2014 621 civibus

440 668 776 724 incolumem
805 664 1000 721 eodem
1061 661 1150 717 die
1205 661 1471 716 restituit.
1511 659 1608 715 His
1643 657 1812 713 rebus
1843 657 2012 728 gestis

429 754 834 825 triumphavit,
888 767 1140 822 magnam
1205 751 1439 820 gloriam
1493 747 1746 818 adeptus.
1791 745 2011 800 Marcus

427 868 560 906 vero
591 847 843 910 Manlius,
878 845 973 916 qui
1011 844 1223 914 primus
1245 843 1433 898 Gallos
1458 839 1730 912 Capitolio
1772 838 2010 910 depulit,

427 948 574 1000 unde
609 940 904 1014 Capitolini
964 953 1166 993 nomen
1200 943 1285 990 est
1331 935 1586 1004 adeptus,
1634 948 1749 1004 pra:
1797 932 2012 987 caeteris

429 1038 658 1095 Camillo
697 1034 990 1098 invidens,
1047 1045 1278 1102 regnum
1332 1028 1654 1083 aﬂ'ectavit:
1706 1043 1883 1097 eaque
1940 1027 2009 1082 de

430 1145 593 1186 causa
630 1127 790 1198 plebe
822 1125 928 1180 sibi
965 1123 1249 1192 obsequiis
1281 1121 1555 1186 devincta,
1593 1121 1646 1174 in
1685 1120 1844 1191 cujus
1883 1136 2010 1190 gra-

429 1225 561 1278 tiam
616 1219 755 1274 nihil
791 1233 901 1271 non
934 1215 1194 1280 faciebat,
1258 1229 1288 1268 a
1335 1212 1577 1269 factione
1611 1227 1710 1267 sua
1743 1211 1810 1267 ad
1844 1210 2004 1282 Capi-

427 1315 620 1369 tolium
653 1309 1036 1378 occupandum
1097 1305 1279 1360 dictus
1342 1312 1446 1359 est.
1511 1305 1692 1371 Quare
1744 1303 2012 1358 Camillus

424 1412 682 1474 quartum
743 1400 984 1453 dictator
1051 1403 1134 1449 est
1189 1394 1392 1447 dictus.
1455 1391 1659 1447 Senatu
1717 1402 1902 1446 autem
1958 1398 2013 1445 ct

426 1490 839 1564 magistratibus
887 1486 1105 1541 caeteris
1171 1483 1471 1536 admodum
1529 1482 1925 1544 consternatis,
1958 1488 2014 1534 et

423 1587 556 1656 quid
615 1577 1086 1651 agendun1359
1146 1586 1291 1631 esset
1353 1573 1763 1638 dubitantibus,
1818 1585 2012 1626 servus

421 1677 643 1748 quidam
703 1673 1018 1744 promisit,
1087 1685 1144 1725 se
1220 1667 1591 1739 Capitolinum
1665 1665 1744 1720 eis
1821 1665 2012 1719 viven-

2118 474 2198 527 ἔτι
2255 475 2372 529 ὄντι
2415 475 2495 546 τῷ
2551 477 2817 550 Καμίλλῳ
2848 479 2986 549 μετὰ
3026 480 3306 549 γυναικῶν
3351 481 3448 534 καὶ
3490 481 3698 534 τέκνων

2116 566 2396 638 ὑπήντων.
2434 566 2542 632 Οὓς
2571 569 2696 622 ίδὼν
2739 570 2766 623 δ
2799 571 3100 642 Κάμιλλος,
3151 573 3246 626 καὶ
3291 573 3362 626 τὰ
3426 573 3700 643 συμϐεϐη-

2115 658 2251 712 κότα
2284 658 2613 730 πυθόμενος,
2672 662 2874 715 αὐτίκα
2910 662 3044 734 πρὸς
3071 665 3132 718 τδ
3174 664 3453 736 Σούτριον,
3509 663 3586 728 ὥς
3623 663 3698 717 εί-

2114 767 2230 820 χεν,
2274 750 2563 821 ἠπείγετο,
2588 755 2682 807 καὶ
2716 755 3147 826 ἀπροσδοκήτως
3172 756 3323 826 αὐτῷ
3346 757 3692 827 προσϐαλὼν,

2113 839 2426 909 ἀφύλακτόν
2449 860 2508 895 τε
2541 842 2741 913 εὑρὼν,
2778 843 2989 907 ἀπαθὲς
3023 844 3213 897 κακῶν
3246 844 3562 914 αὐθημερὸν
3584 847 3694 906 τοῖς

2114 934 2369 999 πολίταις
2410 935 2546 989 αὐτὸ
2605 936 2935 990 ἀνεσώσατο.
3009 935 3440 1008 Ἑθριάμϐευσεν
3471 936 3566 990 οὖν
3606 939 3694 990 ἐπὶ

2115 1026 2352 1089 τούτοις,
2402 1029 2554 1096 ἄγων
2611 1029 2678 1083 τὰ
2717 1029 2992 1094 ἐπινίκια,
3047 1031 3143 1082 καὶ
3200 1029 3293 1082 ἐπὶ
3340 1031 3482 1099 μέγα
3537 1029 3694 1100 δόξης

2113 1117 2302 1189 ᾔρετο.
2331 1120 2563 1189 Μάρκος
2593 1121 2649 1173 δὲ
2676 1123 2704 1174 ὁ
2731 1121 2973 1186 Μάλλιος
3000 1121 3217 1194 πρῶτος
3264 1122 3392 1186 τοὺς
3451 1123 3692 1184 Κελτοὺς

2113 1212 2192 1282 τῷ
2228 1212 2566 1284 Καπιτωλίῳ
2597 1213 3014 1282 προσϐαλόντας
3048 1216 3114 1267 ἐκ
3143 1214 3241 1285 τῆς
3264 1214 3442 1285 ἄκρας
3470 1212 3693 1284 ὠσάμε-

2113 1320 2221 1368 νος,
2262 1304 2385 1358 ὄθεν
2419 1307 2513 1359 καὶ
2537 1306 2924 1371 Καπιτωλῖνος
2948 1307 3416 1379 προσωνομάσθη,
3481 1308 3691 1376 φθονῶν

2113 1397 2191 1466 τῷ
2223 1398 2493 1469 Καμίλλῳ
2529 1399 2732 1470 μᾶλλον
2766 1399 2875 1453 τῶν
2905 1399 3102 1465 ἄλλων,
3127 1401 3403 1472 τυραννίδι
3439 1400 3688 1457 ἐπέθετο.

2113 1491 2224 1544 Καὶ
2250 1491 2338 1544 διὰ
2370 1492 2529 1546 τοῦτο
2562 1493 2828 1565 ᾠκειοῦτο
2847 1493 2936 1546 τὸν
2969 1494 3162 1564 ὅμιλον
3197 1493 3576 1564 δημαγωγῶν,
3601 1499 3691 1546 καὶ

2114 1583 2292 1637 πάντα
2343 1585 2601 1656 πράττων
2643 1590 2723 1652 εἰς
2759 1587 3060 1658 θεραπείαν
3122 1585 3316 1641 αὐτοῦ.
3367 1587 3691 1658 Παραλαϐὸν

2113 1673 2206 1731 οὖν
2241 1677 2404 1731 αὑτὸν
2427 1679 2487 1732 τὸ
2510 1678 2714 1749 πλῆθος
2748 1681 3030 1752 ἀνήγαγεν
3073 1685 3154 1746 είς
3198 1682 3260 1736 τὸ
3312 1682 3686 1748 Καπιτώλιον,

424 1783 530 1823 tem
566 1766 916 1822 traditurum.
958 1761 1322 1831 Acceptisque
1359 1758 1607 1824 armatis,
1634 1768 1691 1813 et
1740 1757 1880 1811 clam
1912 1770 2001 1826 per

2117 1770 2211 1822 καὶ
2233 1770 2506 1840 κατέσχον
2531 1771 2685 1827 αὐτό.
2731 1773 2820 1827 Διὸ
2865 1775 2957 1827 καὶ
2998 1774 3273 1846 δικτάτωρ
3320 1774 3381 1830 τὸ
3429 1776 3688 1848 τέταρτον

423 1858 655 1912 insidias
690 1855 792 1911 sub
822 1851 1094 1922 Capitolio
1125 1849 1409 1903 collocatis
1429 1890 1443 1915 ,
1479 1847 1774 1917 transfugae
1819 1846 2004 1914 specie

425 1969 483 2006 se
513 1951 580 2004 ad
639 1951 791 2003 illum
845 1944 1059 2001 confert
1095 1961 1109 1999 ε
1163 1943 1391 2015 ejusque
1429 1942 1572 1996 facto
1603 1939 1936 2004 collaudato,
1974 1954 2005 1994 a

420 2043 706 2098 conservis
734 2041 850 2096 suis
891 2038 1092 2094 auxilia
1117 2036 1433 2108 pollicetur.
1467 2033 1598 2101 Quae
1623 2049 1749 2088 cum
1775 2032 2002 2099 diceret,

420 2137 603 2190 virum
636 2133 802 2204 paulo
845 2131 1064 2201 longius
1101 2143 1132 2183 a
1170 2126 1686 2192 circumstantibus,
1727 2134 1788 2178 ut
1814 2122 2004 2178 arcani

421 2222 632 2294 aliquid
660 2223 933 2280 dicturus,
963 2218 1017 2270 in
1052 2231 1179 2271 eum
1211 2213 1467 2282 Capitolii
1494 2212 1697 2278 locum,
1723 2227 1832 2282 quo
1869 2210 2005 2266 insi~

424 2315 529 2370 dia:
575 2312 855 2368 collocatae
896 2315 1077 2372 erant,
1127 2303 1479 2374 perductum,
1537 2301 1865 2372 praecipitat.
1926 2299 2005 2354 Ita

425 2416 621 2476 captus
654 2405 707 2455 in
741 2398 1060 2470 praetorium
1103 2395 1439 2450 abducitur:
1479 2394 1573 2448 ubi
1603 2407 1728 2448 cum
1765 2407 1854 2447 res
1877 2407 2004 2448 suas

423 2507 604 2569 gestas
643 2497 1126 2551 commemoraret,
1183 2497 1239 2542 et
1299 2485 1573 2555 Capitolio
1618 2483 1900 2552 iudicibus
1938 2499 2005 2538 ac

419 2585 802 2645 circumstanti
836 2596 1054 2636 corona:
1093 2580 1182 2648 (ex
1230 2593 1298 2632 eo
1333 2578 1482 2631 enim
1519 2577 1644 2631 loco
1693 2575 1870 2629 videri
1907 2589 2005 2645 po-

425 2683 584 2750 terat)
616 2687 860 2740 ostenso,
901 2685 960 2728 ut
999 2682 1055 2727 et
1088 2685 1294 2737 arcem,
1329 2679 1384 2724 et
1415 2684 1512 2723 eos
1545 2669 1638 2738 qui
1681 2667 1812 2722 illuc
1864 2683 2004 2721 con-

425 2778 699 2846 fugerant,
737 2774 1139 2831 couservasset,
1195 2765 1246 2818 iu
1298 2762 1617 2817 memoriam
1673 2769 2000 2817 revocaret:

417 2868 655 2938 judices,
690 2861 1046 2916 miseratione
1093 2856 1341 2921 adducti,
1388 2869 1516 2910 eum
1553 2867 1734 2922 neque
1780 2853 2006 2906 absolu-

424 2973 559 3020 tum,
614 2969 790 3024 neque
839 2952 1158 3004 damnatum
1209 2946 1567 3016 atupliaruut.
1603 2944 1683 2999 Eo
1736 2942 2003 2998 Camillus

422 3044 900 3118 eognito,judices
928 3043 985 3096 in
1014 3042 1183 3095 alium
1219 3040 1400 3094 locum
1427 3038 1692 3104 traduxit,
1729 3037 1877 3092 unde
1898 3036 2000 3091 Ca-

2109 1858 2282 1930 ᾑρέθη
2311 1863 2338 1915 ὁ
2370 1863 2672 1933 Κάμιλλος.
2702 1864 2825 1919 Τῶν
2865 1866 2922 1919 δὲ
2946 1865 3044 1936 τῆς
3074 1867 3374 1938 γερουσίας
3426 1869 3522 1921 καὶ
3581 1869 3688 1922 τῶν

2106 1953 2165 2005 ὲν
2186 1953 2330 2007 τέλει
2351 1957 2408 2017 ἐς
2438 1956 2584 2024 μέγα
2609 1956 2728 2021 δέος
2760 1958 3235 2027 ἐμπεπτωκότων,
3274 1959 3368 2012 καὶ
3421 1959 3690 2029 ἀπορούν-

2109 2060 2220 2097 των
2241 2043 2294 2096 τί
2325 2043 2390 2098 ἂν
2431 2046 2725 2117 πράξαιεν,
2761 2047 2950 2114 δοῦλός
2984 2066 3069 2114 τις
3096 2050 3286 2114 αὐτοῖς
3345 2051 3683 2123 προσελθὼν,

2107 2131 2284 2196 ζῶντα
2313 2132 2404 2186 τὸν
2432 2134 2810 2190 Καπιτωλῖνον
2837 2137 2991 2208 σφίσι
3019 2138 3371 2209 παραδώσειν
3389 2140 3683 2210 ὑπέσχετο.

2111 2223 2312 2278 Λαϐὼν
2337 2223 2430 2278 οὖν
2461 2227 2708 2294 ὁπλίτας,
2738 2229 2836 2283 καὶ
2865 2230 3039 2298 τάξας
3067 2231 3268 2294 αὐτοὺς
3303 2232 3527 2302 ἀφανῶς
3581 2237 3688 2285 tv:-

2104 2315 2317 2386 δρεύειν
2342 2317 2448 2371 ὑπὸ
2486 2319 2545 2372 τὸ
2576 2321 2944 2388 Καπιτώλιον,
2970 2322 3046 2386 ώς
3071 2323 3370 2392 αὐτόμολος
3396 2324 3475 2392 τῷ
3505 2327 3686 2379 Καπε-

2105 2407 2316 2480 τωλίνῳ
2341 2414 2818 2484 προσκεχωρήκει,
2859 2413 3139 2486 έπῄνειτε
3190 2417 3354 2468 αὐτὸν
3408 2416 3512 2488 τῆς
3565 2418 3683 2470 ἑπι-

2105 2503 2432 2572 χειρήσεως,
2469 2505 2567 2558 καὶ
2594 2504 2852 2576 βοήθειαν
2883 2507 3038 2579 παρὰ
3062 2507 3172 2560 τῶν
3200 2507 3512 2580 ὁμοδούλων
3536 2509 3684 2578 αὖτῷ

2107 2594 2504 2660 ἐπηγγέλλετο.
2541 2595 2652 2649 Καὶ
2677 2597 2853 2652 ταῦτά
2883 2599 2933 2652 οἱ
2976 2599 3385 2671 διαλεγόμενος,
3424 2602 3682 2672 ἀπήγαγε

2106 2683 2198 2737 τὸν
2231 2685 2403 2755 ἄνδρα
2433 2688 2622 2759 πόρρω
2653 2690 2762 2742 τῶν
2785 2692 3249 2763 περιεστηκότων,
3274 2694 3350 2757 ὡς
3374 2695 3437 2766 δή
3480 2713 3533 2748 τι
3573 2713 3684 2748 κοι-

2107 2775 2498 2847 νολογούμενος
2531 2780 2679 2851 αὐτῷ
2716 2781 3014 2850 ἰδιαίτατα,
3039 2786 3132 2837 καὶ
3151 2786 3337 2856 ἡρέμα
3363 2787 3681 2840 κατ’ἑκεῖνο

2105 2869 2201 2920 τοῦ
2235 2871 2591 2925 Καπιτωλίου
2623 2873 2876 2944 προσῄει,
2919 2874 3046 2930 καθ’
3081 2876 3108 2929 ὃ
3166 2878 3199 2949 ἡ
3233 2879 3424 2947 ἐνέδρα
3449 2879 3685 2951 ἐλελὸχι-

2109 2977 2227 3019 στο.
2255 2963 2515 3018 κάκεῖθεν
2547 2965 2710 3017 αὑτὸν
2744 2968 2896 3019 κάτω
2924 2967 3208 3036 ἀπώσατο,
3232 2969 3290 3033 ὃς
3331 2973 3427 3024 καὶ
3455 2971 3682 3042 ληφθεὶς

2105 3055 2514 3128 ἀποκεκὸμιστο
2573 3059 2711 3130 πρὸς
2747 3061 2805 3113 τὸ
2838 3059 3215 3132 δικαστήριον.
3264 3062 3321 3116 '0
3374 3063 3434 3118 δὲ
3477 3065 3579 3127 τάς
3624 3081 3682 3117 τε

422 3142 675 3211 pitolium
708 3136 954 3207 conspici
1007 3150 1117 3188 non
1157 3143 1394 3203 poterat.
1437 3131 1541 3186 Ubi
1576 3131 1999 3196 condemnatus,

2107 3147 2389 3216 ἀριστείας
2421 3150 2710 3220 κατέλεγε,
2747 3152 2840 3206 καὶ
2872 3153 2932 3206 τὸ
2963 3153 3320 3208 Καπιτώλιον
3349 3157 3463 3218 τοῖς
3516 3172 3576 3208 τε
3606 3157 3682 3209 δι-

420 3245 468 3288 el
508 3235 561 3286 in
589 3231 924 3299 Capitolium
956 3226 1280 3298 perductus,
1327 3225 1396 3278 de
1425 3239 1562 3293 rupe
1595 3223 1830 3294 Tarpeia
1861 3239 2000 3293 pra:-

422 3323 705 3392 eipitatur,
762 3320 909 3374 unde
968 3318 1154 3373 Gallos
1201 3317 1320 3386 ipse
1382 3315 1722 3385 proﬂigarat.
1787 3315 1998 3370 Deinde

425 3415 592 3470 inuita
620 3412 759 3466 [uella
793 3412 989 3481 partim
1022 3409 1125 3479 ipsi
1169 3407 1313 3471 urbi,
1350 3409 1548 3478 partim
1577 3408 1840 3479 subjectis
1866 3407 2001 3462 civi-

425 3509 630 3565 tatibus
665 3505 813 3558 illata
837 3545 851 3563 .
889 3503 1120 3557 Romani
1150 3511 1208 3557 et
1244 3516 1344 3572 per
1367 3501 1680 3566 Camillum,
1712 3512 1770 3557 et
1792 3519 1858 3558 co
1883 3504 1996 3575 jam

421 3600 576 3658 senio
626 3597 834 3659 eﬂ‘oeto,
891 3611 989 3666 per
1023 3596 1162 3650 alios
1214 3597 1398 3650 omnia
1453 3598 1896 3666 propulsarunt:
1941 3605 2000 3653 et

421 3679 638 3752 summo
671 3694 784 3747 otio
816 3691 885 3746 ab
909 3693 1115 3746 exteris
1147 3691 1402 3745 hostibus
1451 3692 1636 3759 potiti,
1672 3691 1819 3746 inter
1873 3707 1996 3747 ετσεο

420 3793 724 3842 certarunt.
756 3783 891 3838 Nam
921 3796 1048 3837 cum
1081 3782 1148 3836 111.
1178 3782 1382 3837 Fabius
1422 3781 1709 3852 patricius,
1759 3782 1993 3838 duarum

421 3877 659 3931 filiarum
687 3883 866 3946 pater,
908 3887 1041 3928 natu
1069 3874 1333 3946 majorem
1374 3872 1589 3928 Licinio
1624 3873 1859 3942 Stoloni,
1896 3875 1996 3930 ho-

419 3970 553 4025 mini
591 3969 754 4038 longe
779 3967 1060 4022 inferioris
1093 3965 1458 4032 conditionis,
1486 3967 1762 4038 iuniorem
1809 3967 1995 4038 Sulpi-

421 4063 496 4117 tio
535 4059 718 4125 Rufo,
785 4060 868 4113 sui
914 4057 1019 4112 loci
1082 4056 1235 4123 viro,
1292 4056 1676 4126 despondisset
1715 4077 1729 4113 :
1771 4059 1994 4115 interim

419 4155 549 4209 dum
585 4150 762 4206 Rufus
792 4160 908 4203 tum
941 4148 1198 4203 tribunus
1241 4149 1297 4202 in
1350 4147 1470 4202 foro
1497 4159 1748 4204 versatur
1771 4189 1785 4214 ,
1834 4165 1996 4205 soror

421 4263 643 4302 uxorem
672 4249 792 4316 ejus
820 4243 1035 4296 invisit.
1061 4243 1160 4297 illo
1196 4251 1532 4304 rcvertente,
1560 4258 1683 4297 cum
1714 4244 1878 4298 lictor
1900 4261 1994 4299 ve-

420 4342 516 4396 teri
557 4327 794 4408 quadam
836 4335 1241 4390 consuetudine
1273 4334 1420 4390 fores
1457 4335 1724 4405 pulsaret,
1755 4336 1824 4391 ad
1865 4352 1993 4391 eum

418 4430 708 4501 strepitum
742 4429 960 4495 mulier,
1007 4429 1152 4483 illius
1193 4429 1270 4483 rei
1305 4430 1549 4484 insolens
1577 4469 1591 4493 ,
1633 4431 1989 4500 expavescit:

418 4538 592 4592 eaque
620 4522 684 4575 de
713 4533 876 4574 causa
914 4518 1026 4573 risu
1056 4527 1112 4572 et
1149 4533 1180 4572 a
1209 4532 1398 4574 sorore
1445 4529 1502 4574 et
1536 4535 1567 4574 a
1589 4521 1803 4576 caeteris
1845 4531 1994 4590 orto,

422 4625 479 4668 ut
511 4612 724 4683 plebeia
773 4611 1129 4675 muliercula,
1187 4609 1493 4667 deridetur.
1527 4611 1702 4679 Quam
1754 4614 1845 4670 illa
1877 4631 1992 4670 rem

419 4708 610 4776 iniquo
643 4705 828 4759 animo
855 4704 1062 4770 ferens,
1105 4705 1366 4760 maritum
1402 4706 1470 4761 ad
1498 4707 1770 4776 petendos
1819 4710 1997 4766 hono-

417 4795 507 4853 res
546 4798 735 4853 incitat
763 4813 776 4850 :
805 4796 963 4868 cujus
1015 4795 1258 4867 impulsu
1283 4796 1498 4863 Stolon,
1551 4814 1610 4854 re
1643 4814 1769 4855 cum
1799 4801 1864 4856 L.
1891 4802 1994 4858 Se-

419 4884 532 4945 xtio
559 4890 644 4944 sui
681 4888 897 4944 ordinis
952 4887 1176 4943 hom-ine
1213 4889 1620 4945 communicata
1647 4929 1662 4955 ,
1722 4907 1821 4962 per
1883 4895 1995 4948 vim

420 4979 760 5036 tribunatum
814 4989 1049 5050 uterque
1094 4978 1500 5049 expetiverunt,
1550 4983 1780 5038 confuso
1812 4985 1997 5055 reipu-

417 5071 574 5126 blicae
595 5071 810 5136 ordine,
844 5079 904 5125 ut
933 5087 1031 5141 per
1059 5082 1238 5124 annos
1267 5079 1504 5140 quatuor
1537 5073 1685 5128 nulla
1728 5083 1876 5129 esset
1901 5091 1997 5145 po-

416 5164 526 5232 puli
565 5162 902 5226 obedientia,
954 5163 1312 5231 patriciorum
1356 5165 1596 5219 comitiis
1644 5166 1991 5236 interruptis.

416 5256 698 5324 Auetaque
739 5255 900 5309 turba
952 5255 1042 5309 illa
1071 5265 1240 5321 esset,
1271 5255 1376 5310 nisi
1427 5259 1740 5311 nuntiatum
1777 5257 1994 5325 fuisset,

417 5349 603 5403 Gallos
661 5347 844 5402 denuo
905 5349 1136 5403 Romam
1202 5349 1511 5404 invasuros.
1569 5349 1781 5406 Omissa
1827 5352 1995 5422 igitur

417 5438 564 5491 amni
600 5439 743 5491 inter
774 5455 833 5492 se
855 5441 1229 5505 contentione,
1259 5440 1603 5511 Camilloque
1626 5442 1789 5513 360
1815 5443 1995 5514 quin-

419 5537 532 5580 tum
565 5528 832 5582 dictatore
868 5530 1053 5596 dicto,
1103 5539 1295 5586 contra
1346 5531 1531 5586 hostes
1553 5540 1684 5586 sunt
1735 5534 1990 5602 profecti.

417 5621 520 5675 Sed
549 5629 840 5688 unto-quam
894 5624 1140 5691 praelium
1193 5623 1654 5689 committeretur,
1715 5625 1993 5695 singulare

415 5723 694 5766 certamen
729 5724 811 5766 est
855 5715 1073 5769 initum.
1110 5715 1264 5770 Titus
1299 5715 1443 5769 enim
1487 5716 1739 5786 Manlius,
1782 5721 1865 5774 vir
1900 5737 1994 5783 pa-

2108 3238 2335 3302 κὰζουσι
2367 3242 2462 3294 καὶ
2491 3245 2604 3307 τοῖς
2634 3240 3000 3317 περιεστῶσιν
3060 3245 3296 3312 ἐδείκνυ,
3333 3245 3584 3300 ἄποπτον
3625 3247 3684 3301 ὃν

2108 3333 2338 3399 ἐκεῖθεν,
2375 3335 2601 3407 καὶτῆς
2634 3336 2916 3409 σωτηρίας
2963 3338 3135 3392 αὐτοῦ
3192 3356 3254 3393 τε
3308 3339 3403 3394 καὶ
3454 3340 3567 3394 τῶν
3626 3342 3680 3393 ὲν

2107 3423 2255 3496 αύτῷ
2304 3429 2801 3498 προσπεφευγὸτων
2847 3429 3085 3485 πολιτῶν
3145 3431 3582 3504 ἀνεμίμνησκεν,
3607 3433 3678 3495 ὡς

2107 3517 2359 3570 ἐντεῦθεν
2399 3521 2781 3574 κατακλᾶσθαι
2817 3523 2945 3587 τοὺς
2975 3523 3261 3591 δικαστὰς,
3313 3525 3407 3578 καὶ
3457 3526 3676 3596 ύπερτί·

2108 3607 2296 3662 θεσθαι
2327 3611 2426 3680 τὴν
2454 3609 2657 3682 ψῆφον,
2697 3612 2828 3684 μήτ’
2859 3613 3147 3682 ἀφιέντας,
3201 3615 3339 3685 μήτε
3384 3615 3682 3670 καταδικά-

2107 3698 2321 3765 ζοντας.
2351 3703 2524 3756 Τοῦτο
2551 3703 2616 3776 δὴ
2643 3707 2840 3776 νοήσας
2866 3707 2894 3760 ὁ
2929 3705 3233 3775 Κάμιλλος,
3265 3707 3347 3770 είς
3388 3708 3550 3761 ἄλλον
3594 3709 3680 3760 τόο

2107 3809 2209 3845 πον
2230 3793 2292 3846 τὸ
2316 3794 2670 3868 δικαστήριον
2699 3797 3086 3868 συνεστήσατο,
3111 3797 3231 3851 ὅθεν
3257 3798 3356 3852 οὐκ
3388 3793 3457 3872 ἦν
3485 3800 3546 3853 τὺ
3569 3801 3680 3852 Κα-

2106 3880 2361 3936 πιτώλιον
2395 3881 2662 3937 ἄποπτον·
2689 3886 2785 3937 καὶ
2811 3885 3252 3954 καταψηφισθεὶς
3280 3888 3309 3940 ὁ
3359 3887 3676 3945 Καπιτωλῖ·

2105 3989 2192 4037 νος
2229 3976 2368 4039 ἐκεῖ,
2401 3975 2657 4045 ,ἀπήχθη
2684 3993 2742 4028 τε
2776 3979 2856 4038 είς
2892 3976 2952 4030 τὸ
2984 3977 3359 4045 Καπιτώλιον,
3394 3979 3493 4032 καὶ
3540 3983 3677 4033 κατᾶ

2104 4065 2202 4134 τῆς
2236 4066 2444 4134 πέτρας
2467 4065 2664 4132 ὠσθεὶς
2722 4067 3002 4132 ἀπώλετο,
3066 4070 3190 4122 καθ’
3222 4064 3290 4141 ἦς
3340 4071 3546 4134 ἐκεῖνος
3589 4073 3678 4123 τὸν

2107 4156 2311 4209 Κελτὸν
2338 4159 2803 4228 κατεκρήμνισεν.
2846 4155 2980 4213 Εἶτα
3012 4161 3226 4214 πολλῶν
3255 4161 3678 4234 πολέμων’κατᾶ

2106 4263 2164 4298 τε
2193 4246 2289 4314 τῆς
2321 4245 2546 4318 Ῥώμης
2577 4248 2770 4319 αὐτῆς,
2804 4251 2902 4304 καὶ
2953 4250 3065 4303 τῶν
3105 4251 3486 4321 ὑποκειμένων
3539 4253 3676 4322 αὐτῇ

2107 4333 2318 4389 πόλεων
2349 4337 2682 4406 κινηθέντων
2704 4339 3094 4404 ἐπεξελθόντες
3149 4343 3264 4404 τοῖς
3313 4341 3583 4404 ἐναντίοις
3627 4347 3676 4397 oi

2114 4425 2402 4497 Ῥωμαῖοι,
2429 4427 2515 4482 διά
2543 4447 2604 4482 τε
2625 4429 2720 4484 τοῦ
2749 4432 3034 4502 Καμίλλου
3079 4435 3176 4488 καὶ
3210 4434 3282 4487 δι’
3336 4434 3547 4508 ἑτέρων
3575 4437 3676 4507 ἤδη

2101 4519 2314 4572 ἐκείνου
2350 4519 2865 4593 ύπεργηράσαντος,
2939 4526 3068 4589 τούς
3112 4543 3172 4578 τε
3231 4527 3500 4598 πολέμους
3551 4545 3679 4581 κατε-

2099 4609 2370 4678 έπαυσαν,
2399 4615 2492 4666 καὶ
2520 4616 2749 4687 είρήνην
2796 4617 3018 4687 βαθεῖαν
3052 4619 3210 4689 ἔσχον
3263 4622 3402 4691 πρὸς
3436 4623 3561 4685 τοὺς
3584 4625 3678 4675 ὲκ-

2099 4704 2219 4770 τδς,
2251 4708 2389 4776 πρὸς
2421 4708 2686 4780 ἀλλήλους
2727 4711 2785 4764 δὲ
2813 4714 3162 4779 ἐστασίαζον.
3195 4716 3424 4786 Μάρκος
3464 4713 3574 4786 γάρ
3593 4733 3676 4778 τις

2099 4799 2300 4863 Φάϐιος
2353 4802 2711 4874 εὐπατρίδης,
2748 4803 3070 4877 θυγατέρων
3111 4807 3206 4860 δύο
3229 4810 3515 4878 τυγχάνων
3573 4826 3678 4860 πα·

2100 4889 2229 4959 τὴρ,
2269 4889 2371 4958 τὴν
2398 4890 2497 4960 μὲν
2566 4892 2950 4965 πρεσϐυτέραν
2996 4895 3256 4966 Λικιννίῳ
3289 4896 3400 4950 τινὶ
3431 4895 3672 4949 Στόλωνι

2101 4980 2483 5051 κατηγγύησε,
2515 4982 2651 5036 πολὺ
2679 4981 2844 5036 αὐτοῦ
2870 4984 3302 5057 καταδεεστέραν
3333 4986 3434 5058 τὴν
3461 4988 3519 5040 δὲ
3547 5003 3678 5041 νεω-

2101 5070 2265 5140 τέραν
2303 5071 2614 5144 Σουλπικίῳ
2658 5073 2877 5145 Ῥούφῳ
2903 5077 3061 5146 ἀνδρὶ
3085 5079 3336 5149 ὁμοτίμῳ
3379 5078 3671 5149 συνῴκισε.

2103 5161 2540 5234 Χιλιαρχοῦντος
2573 5162 2670 5219 οὖν
2704 5165 2800 5220 τοῦ
2835 5167 3096 5238 Ῥούφου,
3125 5171 3223 5223 καὶ
3252 5170 3406 5236 δντος
3442 5174 3504 5228 ὲν
3541 5173 3674 5242 ἀγο-

2100 5255 2192 5324 ρᾷ,
2222 5257 2360 5324 πρὸς
2381 5257 2482 5326 τὴν
2507 5259 2748 5326 γυναῖκα
2769 5259 2939 5313 αὐτοῦ
2965 5263 2998 5331 ή
3024 5260 3232 5333 ἀδελφὴ
3269 5263 3443 5334 αὐτῆς
3493 5283 3675 5339 παρα·

2099 5351 2346 5417 γέγονεν.
2399 5351 2766 5420 Ἀφικομένου
2788 5352 2836 5406 δ’
2859 5353 3097 5419 ἐκείνου,
3128 5354 3227 5425 τὴν
3254 5355 3424 5426 θύραν
3472 5359 3502 5412 ὁ
3543 5361 3690 5430 ῥαδο,

2097 5444 2286 5514 δοῦχος
2311 5445 2456 5500 κατά
2492 5446 2553 5500 τὸ
2578 5445 2700 5510 ἔθος
2727 5449 2957 5518 ἀρχαῖον
2978 5446 3232 5517 ἔκρουσε.
3261 5451 3575 5523 Διεπτοὴθη
3615 5451 3681 5506 δὲ-

2100 5535 2236 5603 πρὸς
2260 5534 2354 5587 τὸν
2384 5536 2628 5603 πάταγον
2657 5538 2692 5607 ἠ
2716 5537 2854 5607 γυνὴ
2870 5535 3025 5590 οὔπω
3053 5536 3241 5591 τούτου
3267 5543 3669 5612 πεπειραμένη.

2101 5628 2209 5678 Καὶ
2246 5628 2419 5694 γέλως
2442 5629 2538 5681 ἐπὶ
2569 5629 2746 5697 τούτῳ
2780 5631 2874 5682 καὶ
2900 5632 3051 5698 παρὰ
3080 5631 3177 5699 τῆς
3193 5631 3430 5702 ἀδελφῆς
3445 5637 3541 5686 καὶ
3565 5634 3670 5686 τῶν

2099 5718 2380 5788 παρόντων
2414 5720 2654 5788 ἐγένετο,
2693 5724 2786 5774 καὶ
2819 5721 2896 5788 ὡς
2938 5721 3140 5785 ἰδιῶτις
3171 5722 3452 5791 ἐσκώφθη.
3510 5727 3587 5790 Τῇ
3615 5726 3670 5778 δὲ
