4008 6250
341 349 437 416 (21

1566 352 1973 415 ANNALIUM
2007 355 2155 417 LIB.
2197 358 2330 421 VII.

3501 376 3610 439 622

336 463 395 515 ἐν
417 459 582 532 δεινῷ
609 446 672 515 ci
703 461 943 533 πρᾶγμα
973 459 1265 533 πεποίητο,
1290 458 1387 514 καὶ
1412 461 1506 553 τδν
1530 461 1710 553 ,ἄνδρα
1750 463 1808 525 ἐς
1833 463 1924 553 άρ-

2041 462 2255 531 tricius,
2304 465 2517 525 oﬂ'enso
2541 480 2721 542 patre,
2768 473 3054 547 neglectus
3106 481 3161 535 in
3191 496 3322 553 agro
3349 488 3613 546 versaba-

334 555 437 625 χὴν
474 552 849 625 παραγγεῖλαι
880 551 1157 625 ¹ηρέθιζεν.
1198 551 1259 607 ’θ
1277 551 1413 621 γοῦν
1438 552 1673 618 Στόλων,
1690 554 1793 607 ὑπὸ
1813 552 1918 624 τῆς

2026 564 2140 611 tur.
2176 555 2277 613 Cui
2320 558 2522 616 deinde
2576 564 2985 635 reconciliatus,
3029 568 3318 643 factusque
3355 576 3613 639 tribunus

337 646 601 714 γυναικὸς
633 644 1060 717 παρακινηθεὶς,
1097 644 1317 716 Λευκίῳ
1346 647 1457 700 τινὶ
1504 644 1705 718 Σεξτίῳ
1758 646 1918 714 ἀνδρὶ

2034 651 2281 719 militum,
2328 651 2543 709 Gallum
2578 672 2607 710 a
2660 672 2771 727 quo
2804 672 3135 729 provocatus
3182 666 3382 737 lui-rat,
3419 673 3554 729 vicit
3590 695 3614 738 :

333 736 444 790 τῶν
467 738 674 808 ὁμοίων
703 740 772 793 τὰ
795 738 892 792 τοῦ
929 739 1259 811 πράγματος
1289 740 1721 810 κοινωσάμενος,
1747 739 1917 811 ἄμφω

2034 753 2076 798 ιι
2098 758 2330 801 aureum
2374 756 2628 818 torquent
2675 749 2752 805 illi
2785 752 3095 812 detractum
3131 771 3346 829 gestare
3370 736 3611 829 solitus.

334 829 700 903 δημαρχῆσαι
733 832 1160 901 κατιϐιάσαντο,
1191 834 1289 888 καὶ
1319 832 1412 888 τὸν
1447 833 1656 904 κόσμον
1690 834 1790 904 τῆς
1820 850 1919 886 πο-

334 921 542 987 λιτείας
567 925 845 994 συνέχεον,
880 924 955 987 ὡς
980 924 1074 979 καὶ
1098 926 1192 978 ἐπὶ
1215 926 1515 997 τέσσαρσιν
1547 924 1728 979 ἐτεσιν
1752 926 1852 980 ἀνα
1863 944 1919 996 ρ-

339 1014 466 1084 χίαν
503 1014 761 1081 γενέσθαι
796 1014 876 1085 τῷ
899 1014 1084 1086 δήμῳ.
1134 1016 1249 1080 Τὰς
1270 1016 1380 1087 γὰρ
1417 1016 1527 1069 τῶν
1575 1017 1921 1088 εὐπατριδῶν

336 1106 700 1175 ἀρχαιρεσίας
730 1106 1066 1171 ἐνεπόδιζον,
1097 1109 1191 1161 καὶ
1218 1109 1310 1162 ἐπὶ
1344 1109 1509 1162 πλέον
1543 1109 1608 1163 ἂν
1636 1109 1716 1162 ἔτι
1760 1113 1922 1165 τοῦτο

338 1197 584 1265 ἐγένετο,
621 1199 671 1252 εί
706 1200 781 1269 μή
807 1217 893 1264 τις
920 1201 1154 1269 ἀγγελία
1189 1201 1508 1270 κεκόμιστο,
1537 1202 1632 1255 ἐπὶ
1660 1205 1761 1273 τὴν
1791 1203 1921 1257 Ῥώ-

339 1307 452 1360 μην
479 1289 642 1355 αὖθις
663 1292 912 1347 ἐλαύνειν
932 1295 1061 1357 τοὺς
1095 1294 1354 1356 Κελτούς.
1402 1294 1588 1347 ’Δπαν
1637 1294 1733 1349 οῦν
1782 1296 1920 1366 πρὸς

337 1382 606 1454 ἀλλήλους
637 1386 869 1455 ἀφέντες
896 1388 1175 1459 διάφορον,
1226 1387 1525 1460 δικτάτορα
1559 1389 1620 1442 τὸ
1667 1387 1921 1459 πέμπτον

338 1474 435 1527 τδν
463 1475 746 1545 Κάμιλλον
793 1478 1024 1547 εἴλοντο,
1078 1478 1175 1532 καὶ
1219 1478 1362 1546 προς
1411 1479 1539 1542 τοὺς
1602 1480 1922 1551 Βαρϐάρους

336 1566 737 1638 ἐστράτευσαν
768 1571 831 1624 οὐ
871 1570 1026 1641 μάχη
1061 1570 1246 1640 μέντοι
1275 1570 1454 1640 κοινὴ,
1496 1572 1806 1642 μονομαχία
1867 1571 1924 1626 δὲ

336 1655 534 1723 γέγονε
567 1660 858 1730 πρότερον.
893 1661 1054 1725 Τῖτος
1091 1663 1203 1734 γάρ
1256 1679 1340 1726 τις
1378 1661 1623 1726 Μάλλιος
1652 1662 1791 1734 ἀνὴρ
1837 1665 1926 1717 εὐ-

339 1749 635 1821 πατρίδης,
673 1753 1146 1824 προσκεκρουκὼς
1192 1753 1270 1825 τῷ
1304 1755 1477 1827 πατρὶ
1545 1755 1923 1825 παρημελεῖτο

2025 835 2729 911 Torquaticoguomentum
2757 844 2994 903 invenit.
3019 849 3367 911 Exercitibus
3392 873 3614 931 quoque

2024 932 2335 1001 congressis
2373 932 2512 988 Galli
2546 937 2819 1007 superati,
2859 938 3112 996 Romano
3143 942 3342 1003 itinere
3368 951 3599 1019 omisso;

2024 1021 2295 1077 Albanum
2342 1039 2532 1096 agrum
2572 1029 3001 1099 populabantur.
3050 1033 3107 1090 Μ
3140 1037 3375 1095 Romani
3409 1045 3612 1112 probi-

2027 1114 2158 1169 bere
2193 1116 2513 1182 uoluerunt,
2571 1119 2747 1176 donec
2781 1139 2934 1180 mero
2982 1136 3038 1181 et
3068 1129 3293 1199 crapula
3337 1132 3614 1195 distentos

2026 1207 2242 1264 minore
2288 1210 2533 1280 periculo
2560 1217 2823 1285 aggressi,
2857 1219 3063 1278 multos
3105 1225 3455 1296 occiderunt,
3497 1244 3614 1288 cos-

2027 1316 2136 1372 que
2169 1304 2372 1360 castris
2412 1317 2706 1361 exuerunt.
2739 1307 3004 1368 Camillus
3055 1314 3284 1372 Romam
3335 1335 3610 1389 reversus,

2026 1395 2406 1467 magistratum
2440 1398 2716 1469 deposuit.
2745 1401 2830 1457 Ab
2859 1419 2923 1460 eo
2954 1413 3205 1477 tempore
3241 1410 3480 1469 tribunis
3510 1414 3614 1471 nti-

2026 1484 2212 1554 litum,
2244 1488 2340 1559 qui
2377 1492 2432 1544 in
2468 1493 2756 1547 consulum
2797 1510 3183 1555 successerant
3230 1501 3411 1558 locum
3450 1505 3616 1562 abro-

2025 1579 2188 1650 gatis,
2229 1581 2486 1637 consules
2511 1581 2792 1655 designari
2829 1598 3158 1657 coeperunt,
3198 1592 3337 1647 alias
3366 1593 3610 1663 patricii.

2026 1670 2164 1727 alias
2191 1672 2414 1741 plebeii,
2444 1688 2843 1746 nonnunquam
2877 1679 3163 1751 utriusque
3180 1682 3393 1741 ordinis
3426 1684 3637 1743 simul.-

2030 1763 2146 1819 Lue
2169 1764 2354 1821 Romae
2387 1777 2693 1836 grassante,
2719 1767 2987 1828 Camillus
3015 1775 3180 1829 etiam
3214 1786 3296 1831 est
3333 1786 3612 1845 mortuus,

340 1844 438 1896 καὶ
466 1843 744 1915 διέτριϐεν
772 1846 830 1899 ἐν
863 1844 1044 1916 ἀγρῷ.
1081 1841 1216 1898 Εἶτα
1264 1844 1344 1915 τῷ
1413 1848 1582 1916 πατρὶ
1632 1846 1929 1918 διηλλάγη,

2034 1850 2189 1921 Cujus
2220 1850 2406 1909 obitus
2443 1855 2741 1926 plurimum
2785 1860 3024 1917 tristitia:
3053 1863 3318 1922 Romanis
3340 1869 3552 1926 attulit.

337 1936 437 1991 καὶ
457 1937 741 2010 χιλίαρχος
801 1937 1183 2008 στρατοπέδου
1222 1939 1543 2010 γενόμενος,
1625 1939 1706 2010 τῷ
1753 1957 1812 1992 τε
1860 1942 2295 2016 προκαλουμένῳ
2356 1946 2551 2020 Κελτῷ
2622 1949 2761 2020 πρὸς
2817 1955 3161 2027 μονομαχίαν
3211 1960 3470 2033 ἀντέστη,
3519 1966 3618 2020 καὶ

335 2033 573 2104 νικήσας
598 2035 789 2101 αὐτὸν,
826 2033 920 2088 τὸν
958 2034 1232 2104 στρεπτὸν
1283 2033 1453 2089 αὐτοῦ
1503 2033 1745 2106 χρυσοῦν
1793 2034 1928 2091 ὅντα
2000 2037 2325 2107 ἐσκύλευσε,
2381 2043 2476 2097 καὶ
2538 2043 2924 2117 Τουρκουᾶτος
2979 2052 3162 2123 φορῶν
3212 2054 3380 2111 αὐτὸν
3416 2058 3616 2113 ἐπεκέ-

336 2123 528 2194 κλητο.
563 2124 965 2194 Συμμιξάντων
985 2125 1043 2178 δὲ
1063 2125 1158 2180 καὶ
1189 2125 1298 2180 τῶν
1329 2125 1787 2197 στρατευμάτων,
1848 2126 2088 2199 ἥττηντο
2145 2130 2196 2183 οι
2277 2130 2496 2197 Κελτοὶ,
2525 2132 2620 2186 καὶ
2669 2135 2770 2204 τῆς
2805 2136 2906 2206 μὲν
2946 2139 3041 2192 ἐπὶ
3108 2139 3210 2212 τὴν
3251 2140 3479 2216 Ῥώμην
3523 2144 3618 2216 όρο

342 2218 453 2289 μῆς
480 2218 808 2290 ἀπέσχοντο,
833 2219 933 2289 τὴν
955 2220 1000 2272 δ’
1057 2217 1345 2273 Ἀλϐανίδα
1395 2217 1750 2290 ἐλεηλάτουν.
1837 2219 2131 2285 Ἐάσαντες
2201 2217 2296 2277 οὖν
2354 2223 2556 2289 αὐτοὺς
2617 2225 2667 2279 οἱ
2712 2227 2981 2300 Ῥωμαῖοι
3011 2231 3316 2304 διαρπάσαι
3370 2235 3470 2307 τὴν
3510 2236 3620 2309 χὼ-

340 2325 466 2381 ραν,
500 2310 575 2376 ὡς
604 2312 933 2381 κατακορεῐς
954 2308 1248 2380 γενόμενοι
1281 2308 1595 2381 βρωμάτων
1662 2310 1758 2366 καὶ
1825 2312 2001 2382 μέθης
2040 2313 2583 2385 εὐεπιχειρητότεροι
2615 2314 2747 2382 εἷεν,
2792 2321 3052 2377 ἐπέθεντο
3078 2325 3259 2394 σφίσι,
3297 2329 3391 2382 καὶ
3438 2308 3619 2385 αὐτῶν

334 2419 399 2456 τε
425 2403 657 2466 πολλοὺς
680 2402 1019 2472 διέφθειραν,
1066 2401 1162 2455 καὶ
1204 2400 1265 2453 τὸ
1298 2400 1479 2454 αὐτῶν
1545 2397 1697 2456 εἷλον
1765 2404 2154 2474 στρατόπεδον.
2237 2406 2294 2458 ’0
2365 2407 2424 2460 δέ
2450 2409 2733 2479 Κάμιλλος
2756 2414 2835 2475 είς
2868 2418 2967 2486 τὴν
3014 2414 3235 2487 Ῥώμην
3280 2421 3617 2490 ἐπανελθὼν,

343 2497 587 2551 ἀπέθετο
614 2497 717 2565 τὴν
738 2495 937 2567 ἀρχήν.
968 2496 1198 2549 Ἔκτοτε
1224 2490 1319 2549 οὖν
1347 2496 1398 2549 οί
1433 2496 1531 2566 μὲν
1574 2495 1852 2568 χιλίαρχοι
1909 2497 1959 2552 εἳ
1997 2498 2121 2552 ἀντὶ
2153 2498 2263 2551 τῶν
2291 2499 2516 2555 ὑπάτων
2583 2504 2853 2572 ἐγίνοντο,
2901 2507 3291 2578 ἐσχολάκασιν,
3338 2512 3538 2572 ὕπατοι
3561 2518 3622 2574 δὲ

341 2587 762 2652 ἀπεδείκνυντο,
793 2588 966 2641 ἐνίοτε
1006 2588 1107 2658 μὲν
1129 2588 1483 2656 εὐπατρίδαι,
1524 2591 1589 2642 ἑκ
1610 2591 1664 2642 δὲ
1680 2589 1775 2643 τοῦ
1821 2590 2058 2662 πλήθους
2117 2591 2319 2655 ἐνίοτε,
2376 2594 2509 2648 ποτέ
2543 2595 2601 2650 δέ
2630 2599 2725 2651 καὶ
2756 2600 2816 2666 ἐξ
2851 2600 3180 2675 ἀμφοτέρων
3247 2608 3408 2679 ὁμοῦ.
3439 2610 3619 2668 Νόσου

338 2683 386 2737 δ’
414 2679 766 2752 ἐνσκηψάσης
792 2682 860 2752 τῇ
901 2679 1117 2752 Ῥώμῃ,
1156 2681 1252 2734 καὶ
1277 2681 1304 2732 ὁ
1344 2680 1619 2750 Κάμιλλος
1672 2682 1928 2752 τέθνηκε,
1973 2685 2067 2737 καὶ
2130 2686 2180 2738 οἱ
2226 2685 2489 2758 Ῥωμαῖοι
2550 2690 2782 2747 πλεῖστα
2807 2695 3063 2763 θανόντος
3085 2699 3182 2752 τοῦ
3220 2701 3416 2774 ἀνδρὸς
3457 2708 3647 2781 ὴνιάκ

340 2774 539 2828 θησαν.

375 2790 542 2917 ηίέἒῖἰ
572 2861 729 2916 Μετὰ
757 2860 814 2914 δὲ
843 2858 1040 2927 ταῦτα,
1076 2860 1171 2914 καί
1203 2876 1259 2914 τι
1280 2861 1560 2932 συμϐῆναι
1594 2861 1769 2926 πάθος
1796 2862 1928 2933 περὶ

343 2955 445 3026 τὴν
489 2953 715 3025 Ῥώμην
746 2953 1052 3023 ἱστόρηται.
1114 2954 1418 3024 Διαστῆναι
1468 2954 1576 3025 γὰρ
1636 2955 1698 3007 τὸ
1744 2955 1930 3008 πεδίον

345 3052 570 3118 λέγεται
599 3047 663 3101 τὸ
692 3047 901 3119 μεταξὺ
935 3045 1028 3099 τοῦ
1048 3045 1349 3113 Παλατίου,
1376 3048 1472 3101 καὶ
1509 3046 1609 3100 τοῦ
1662 3048 1927 3101 Καπιτω-

347 3142 464 3195 λίου
499 3139 755 3206 ἐξάπινα,
793 3141 933 3221 μήτε
983 3138 1216 3209 σεισμοῦ
1250 3139 1748 3209 προηγησαμένου,
1796 3138 1925 3210 μήτ’

347 3233 513 3290 ιλλου
536 3232 681 3297 τινὸς
709 3226 798 3286 οἷα
831 3232 1156 3301 συμϐαίνειν
1178 3229 1341 3305 εἴωθε
1368 3231 1615 3301 φυσικῶς
1641 3231 1735 3285 ἐπὶ¹
1755 3230 1932 3285 τοιού-

346 3344 460 3391 τοις
486 3324 799 3398 παθήμασι.
825 3325 936 3379 Καὶ
961 3319 1031 3394 ἦν
1060 3322 1121 3377 τὸ
1154 3323 1344 3395 χάσμα
1405 3324 1664 3394 διαμένον
1694 3323 1788 3378 ἐπὶ
1822 3340 1931 3394 μα-

348 3419 651 3493 κρὸν,οὐτε
681 3418 1081 3490 συνερχόμενον
1138 3418 1267 3480 οἵως
1312 3416 1540 3489 δήποτε,
1568 3414 1692 3470 οὐτε
1746 3415 1931 3487 μέντοι

349 3511 758 3585 πληρούμενον,
792 3510 1087 3566 καὶταῦτα
1122 3509 1256 3580 χοῦν
1277 3523 1339 3563 τε
1382 3507 1674 3580 Ῥωμαίων
1708 3509 1767 3571 ἐς
1800 3507 1932 3561 αὐτὸ

350 3602 1019 3675 συμφορούντωνςπολύν,
1052 3604 1151 3656 καὶ
1185 3601 1389 3664 λίθους.
1445 3600 1543 3653 καὶ
1582 3599 1748 3669 ἄλλην
1799 3598 1934 3670 ὓλην

348 3692 1082 3766 παντοδαπην.Ἀποροῦσιν
1128 3691 1223 3746 οἶν
1265 3694 1376 3755 τοῖς
1440 3691 1740 3760 Ῥωμαίοις
1788 3706 1926 3760 χρη-

352 3789 490 3859 σμὸς
511 3787 696 3858 ἐδόθη,
732 3787 809 3858 μὴ
829 3788 1005 3850 ἄλλως
1039 3787 1102 3839 τὸ
1123 3784 1351 3847 διεστὼς
1378 3784 1680 3845 συνελθεῖν,
1704 3783 1753 3835 εἰ
1780 3781 1857 3853 μὴ
1872 3781 1933 3834 τὸ

350 3885 603 3952 κρεῖττον
631 3881 834 3948 αὐτῶν,
852 3879 948 3934 καὶ
971 3880 1040 3933 δι’
1066 3872 1129 3932 οὗ
1165 3877 1406 3945 μάλιστα
1432 3876 1683 3930 πλεῖστον
1711 3874 1931 3944 ἰσχύου-

352 3991 457 4038 σιν,
496 3977 579 4037 τις
614 3977 677 4028 τὸ
703 3975 895 4045 χάσμα
924 3972 1294 4042 ἐμϐάλλουσιν
1314 3986 1327 3999 ο
1361 3969 1507 4023 οὕτω
1533 3970 1645 4039 γὰρ
1668 3967 1846 4021 ἐκεῖνό
1873 3984 1932 4021 τε

351 4068 646 4133 παύσεταιλ,
676 4070 774 4120 καὶ
800 4069 867 4137 τῇ
910 4066 1067 4119 πόλει
1089 4064 1274 4117 εσεται
1301 4063 1533 4134 δύναμις
1568 4061 1930 4124 ἀκατάλυτος.

352 4160 589 4229 Ἔμενεν
617 4157 714 4211 οὖν
742 4158 838 4210 καὶ
859 4155 1023 4209 πάλιν
1042 4155 1101 4207 τὸ
1125 4153 1335 4225 ἄπορον
1361 4150 1763 4223 ἀπορούμενον,
1796 4151 1934 4205 ἀσα-

353 4251 491 4321 φοῦς
513 4249 872 4319 τυγχάνοντος
894 4246 990 4302 τοῦ
1006 4248 1282 4318 χρήσμου.
1302 4246 1533 4317 Μάρκος
1557 4244 1616 4298 δὲ
1641 4242 1931 4314 Κούρτιος,

353 4348 496 4416 ἀνὴρ
520 4344 878 4415 εὐπατρίδης,
909 4345 1029 4407 νέος
1058 4341 1169 4413 τὴν
1187 4341 1431 4412 ἠλικίαν,
1461 4339 1803 4411 ὡραιότατος
1825 4336 1931 4408 τὴν

356 4437 596 4509 μορφὴν,
661 4432 1096 4507 ρὡαλεώτατος
1157 4430 1258 4503 τὴν
1317 4431 1496 4501 ἰσχὺν,
1553 4428 1934 4500 ἀνδρειότατος

2898 2800 2907 2809 ο

2102 2858 2271 2916 XXV.
2289 2860 2418 2918 Post
2447 2864 2792 2937 bujusmodi,
2826 2871 3029 2928 malum
3051 2874 3330 2935 Romanos
3349 2881 3621 2942 invasisse

2028 2952 2226 3013 fertur.
2264 2960 2406 3007 utea
2441 2953 2724 3023 planicies,
2764 2973 2885 3028 quae
2913 2960 3057 3016 intra
3090 2963 3355 3031 palatium
3379 2978 3436 3023 et
3456 2960 3619 3040 Capi.

2031 3040 2229 3094 tolium
2293 3049 2399 3106 est,
2461 3045 2650 3099 subito
2713 3046 2913 3113 hiatu,
2983 3065 3167 3122 neque
3214 3061 3379 3112 terrm
3425 3067 3609 3124 motu,

2035 3149 2214 3204 neque
2268 3134 2371 3190 alia
2414 3152 2497 3201 re,
2562 3138 2706 3194 unde
2758 3141 2884 3195 talia
2914 3153 3110 3199 natura
3140 3146 3421 3215 oriuntur,
3461 3161 3621 3208 ante-

2034 3240 2247 3295 gressa,
2282 3226 2622 3294 discesserit,
2682 3243 2748 3285 ac
2802 3231 2876 3287 ita
2939 3239 3302 3304 permanserit
3347 3239 3464 3297 diu.
3514 3241 3620 3310 Qui

2034 3331 2163 3373 cum
2211 3334 2390 3391 neque
2421 3320 2599 3377 coiret
2627 3322 2742 3379 ullo
2778 3324 2969 3391 modo,
3011 3342 3194 3400 neque
3247 3331 3570 3404 expleretur
3602 3356 3617 3392 :

2033 3412 2289 3483 quamvis
2323 3412 2592 3471 Romanis
2628 3417 2861 3472 multum
2897 3427 2953 3474 et
2984 3428 3147 3478 terra:
3171 3463 3187 3489 ,
3247 3435 3305 3480 et
3337 3441 3617 3491 saxorum.

2034 3515 2091 3561 et
2118 3507 2352 3563 alterius
2406 3510 2652 3565 materiae
2707 3513 2888 3568 omnis
2915 3515 3135 3584 generis
3174 3532 3240 3573 eo
3267 3524 3619 3591 congerenti-

2035 3596 2142 3651 bus
2180 3598 2504 3653 :oraculum
2551 3599 2867 3656 consultum
2921 3604 3259 3674 respondit,
3305 3610 3618 3681 voraginem

2035 3688 2185 3744 illam
2220 3705 2331 3745 non
2380 3692 2589 3761 expleri
2631 3708 2815 3762 posse,
2872 3696 3193 3768 priusquam
3248 3716 3336 3756 res
3387 3705 3618 3772 optima,

2035 3799 2253 3855 quaque
2282 3786 2586 3858 plurimum
2624 3788 2858 3846 Romani
2895 3803 3157 3862 possent,
3199 3797 3257 3852 in
3284 3814 3404 3854 eam
3441 3805 3617 3875 conji-

2036 3884 2278 3930 ceretur.
2315 3875 2405 3932 Sic
2435 3877 2581 3931 enim
2606 3885 2661 3932 et
2696 3894 2794 3949 spe
2851 3894 2976 3935 cum
3005 3883 3162 3947 illum
3207 3885 3537 3957 desiturum,
3564 3906 3621 3951 et

2037 3966 2193 4022 urbis
2222 3966 2513 4038 imperium
2543 3985 2828 4042 nunquam
2860 3989 3113 4032 eversum
3141 3977 3230 4034 iri.
3254 3979 3372 4036 Hoc
3395 3997 3621 4055 respon-

2035 4073 2099 4114 so
2126 4072 2239 4113 non
2273 4060 2540 4130 explicata
2570 4070 2656 4118 est
2697 4062 3014 4133 dillicultas,
3048 4078 3278 4140 propter
3305 4072 3617 4132 obscurita-

2036 4160 2170 4209 tem.
2210 4152 2409 4210 Verum
2464 4153 2681 4210 Marcus
2701 4154 2965 4221 Curtius,
3005 4159 3093 4213 vir
3138 4161 3425 4231 patricius,
3460 4174 3621 4223 aetate

2036 4246 2269 4318 integra,
2305 4245 2481 4302 forma
2509 4248 2897 4317 pulcherrima,
2929 4250 3144 4309 viribus
3166 4255 3428 4312 maximis
3448 4298 3465 4326 ,
3495 4262 3619 4316 ani-

2035 4353 2127 4394 mo
2157 4337 2485 4402 fortissimo,
2513 4339 2810 4410 prudentia
2837 4344 3246 4415 ornatissimus,
3280 4346 3506 4406 oraculo
3538 4353 3622 4409 in-

2035 4430 2275 4498 tellecto,
2329 4445 2432 4501 pro
2484 4434 2754 4490 concione
2778 4432 2919 4492 dixit
2969 4454 2984 4492 :
3041 4436 3180 4504 Quid
3246 4442 3621 4503 obscuritatem

356 4529 453 4601 τὴν
500 4527 702 4599 ψυχὴν,
740 4526 1005 4597 φρονήσει
1051 4521 1386 4595 διαπρεπὴς,
1436 4520 1533 4574 τὸν
1581 4519 1707 4585 νοῦν
1751 4519 1930 4582 συνεὶς

2038 4522 2266 4589 oraculi,
2295 4522 2551 4590 Quirites,
2577 4536 2670 4581 aut
2698 4529 3007 4585 tarditatem
3053 4532 3387 4605 ingeniorum
3417 4550 3624 4595 nostro-
3665 4572 3671 4605 ς

352 4622 448 4675 τοῦ
481 4619 756 4692 χρησμοῦ,
792 4615 1079 4687 παρελθὼν
1104 4616 1187 4678 εἰς
1217 4613 1380 4686 μέσον
1410 4610 1816 4682 ἐδημηγόρησε,
1844 4609 1932 4663 λέ-

353 4730 483 4783 γων·
510 4715 571 4769 Τί
598 4711 719 4766 τῶν
741 4712 963 4780 λογίων
986 4706 1306 4776 ἀσάφειαν,
1329 4699 1381 4760 ὦ
1414 4704 1697 4774 Ῥωμαῖοι,
1715 4702 1754 4772 ἢ
1780 4703 1931 4772 ἀμα-

353 4807 493 4860 θίαν
511 4802 683 4873 ἡμῶν
699 4799 898 4857 αὐτῶν
929 4794 1480 4868 καταψηφιζόμεθας
1517 4794 1711 4866 Ἡμεῖς
1745 4794 1951 4862 ἐσμεν,

354 4896 535 4951 τοῦτο
555 4895 631 4962 δὴ
656 4895 723 4948 τὸ
764 4891 1132 4963 ζητούμενόν
1168 4891 1350 4944 τεκαὶ
1393 4888 1933 4957 ἀπορούμενον.οὐ

355 4988 469 5058 γάρ
497 5004 552 5041 τι
580 4987 828 5055 ἄψυχον
861 4985 1146 5054 ἐμψύχου
1193 4979 1626 5052 λογισθήσεται
1657 4978 1933 5045 βέλτιον,

356 5082 501 5140 οὐδὲ
515 5081 623 5137 τοῦ
639 5080 823 5137 ἕννου
844 5079 944 5134 καὶ
961 5077 1261 5148 ἔμφρονος
1278 5075 1377 5129 καὶ
1390 5078 1552 5144 λόγῳ
1564 5071 1937 5144 κεκοσμημέο

323 5218 335 5228 .
356 5192 469 5231 νου
502 5174 573 5228 τὸ
610 5174 825 5238 ἄνουν,
857 5171 1083 5240 ἄλογόν
1121 5185 1188 5224 τε
1232 5168 1542 5237 καιᾶςρρον
1569 5165 1935 5236 προτιμηθῆ-

357 5284 551 5323 ceras.
575 5268 637 5321 Τί
672 5265 785 5335 γὰρ
812 5263 891 5320 ἄν
918 5281 1011 5331 τις
1052 5260 1373 5332 ἀνθρώπου
1406 5261 1806 5329 προκρίνοιεν,
1835 5260 1938 5314 ἵνα

354 5362 531 5416 τοῦτο
548 5359 615 5424 ἐς
643 5359 763 5426 τὴν
784 5356 896 5424 τῆς
925 5354 1036 5427 τῆς
1058 5355 1357 5420 βαλόντες
1379 5349 1715 5418 διάστασιν,
1740 5350 1938 5417 αὐτὴν

357 5449 686 5520 συναγάγοι
688 5465 840 5520 μεν;
859 5450 983 5505 Οὐκ
1003 5447 1178 5502 ἐστιν
1204 5443 1387 5501 οὐδὲν
1403 5442 1550 5505 ζῶον
1565 5448 1789 5511 θνητὸν
1808 5442 1937 5496 οὐδ’

358 5543 628 5610 ἄμεινον,
676 5542 806 5597 οὐδ’
855 5544 1259 5612 ίσχυρότερον
1319 5537 1659 5607 ἀνθρώπου.
1703 5539 1773 5592 El
1812 5536 1937 5607 γάρ

356 5650 414 5688 τι
433 5634 531 5689 δεῖ
575 5633 675 5689 καὶ
703 5638 1165 5704 θρασυνόμενον
1209 5629 1426 5693 amatr,
1457 5629 1583 5687 οὔτ’
1626 5630 1936 5698 ἄνθρωπος

359 5723 545 5781 οὐδὲν
561 5724 716 5789 ἄλλο
749 5724 925 5780 ἐστὶν
944 5724 982 5794 ἢ
1011 5723 1156 5790 Θεὸς
1178 5722 1350 5793 σῶμα
1372 5720 1596 5789 θνητὸν
1613 5722 1938 5793 ἑχων,οὕτε

365 5816 503 5884 θεὸς
530 5817 686 5874 ᾶιλλο
717 5833 774 5874 τι
811 5816 852 5887 ἣ
882 5816 1196 5888 ἅνθρωπος
1230 5814 1546 5888 ἀσώματος
1564 5855 1580 5885 ,
1608 5816 1938 5874 κάντεῦθεν

2037 4633 2159 4672 rum
2217 4619 2584 4674 accusamus?
2635 4621 2744 4676 Nos
2799 4623 3074 4682 id‘sumus
3129 4629 3271 4699 quod
3326 4636 3623 4704 quaeritur,

2039 4724 2321 4780 omnesque
2368 4726 2651 4782 suspensos
2704 4720 2865 4768 tenet.
2930 4713 3113 4788 Neque
3163 4721 3307 4775 enim
3376 4725 3622 4783 inanima

2038 4805 2373 4877 praeferenda
2410 4817 2535 4863 sunt
2569 4811 2824 4866 animatis
2857 4829 2875 4866 :
2904 4830 3070 4884 neque
3090 4832 3155 4870 ea
3199 4834 3318 4888 qua:
3349 4830 3525 4875 mente
3570 4834 3621 4876 et

2036 4896 2390 4968 intelligentia
2421 4901 2651 4969 prtedila
2679 4912 2822 4966 sunt,
2843 4914 2893 4958 et
2915 4923 3156 4961 sermone
3183 4918 3399 4974 ornata,
3455 4912 3619 4968 brutis

2037 4990 2197 5063 361
2230 4993 2454 5047 rationis
2487 5001 2537 5046 et
2564 4995 2865 5063 prudentiae
2911 4999 3209 5069 expertibus
3235 5008 3615 5071 postponenda.

2040 5083 2189 5138 Nam
2219 5084 2348 5156 quid
2377 5086 2581 5140 homini
2639 5091 3002 5159 anteponatis,
3052 5108 3153 5160 quo
3192 5093 3383 5163 injecto
3410 5093 3618 5149 hiatum

2037 5172 2191 5229 illum
2234 5177 2617 5233 contrahamns
2646 5177 2672 5231 .’
2719 5177 2841 5233 Non
2872 5188 2947 5233 est
2982 5179 3155 5235 ullum
3218 5181 3442 5236 mortale
3498 5186 3619 5238 ani-

2038 5268 2233 5322 mantis
2265 5284 2429 5340 genus
2473 5270 2682 5325 homine
2706 5274 3069 5343 prazstantius.
3106 5281 3200 5327 aut
3233 5273 3442 5343 fortius.
3464 5273 3619 5343 Quod

2036 5359 2363 5430 simaudacius
2424 5363 2750 5434 loquendum
2784 5365 2892 5428 sit,
2949 5365 3077 5436 quid
3133 5372 3210 5419 est
3257 5367 3452 5438 homo,
3515 5372 3621 5427 nisi

2038 5454 2180 5510 Deus
2218 5470 2436 5527 corpore
2460 5456 2681 5511 mortali
2712 5458 3143 5529 circumseptus?
3187 5469 3280 5514 aut
3313 5463 3439 5530 quid
3476 5463 3620 5522 Deus

2039 5556 2138 5614 est,
2170 5548 2272 5602 nisi
2293 5550 2447 5602 homo
2471 5549 2640 5604 omnis
2675 5565 2737 5603 ea:
2768 5550 2993 5604 materia
3026 5555 3375 5611 concretionis
3406 5573 3619 5630 expers,

2040 5647 2199 5708 atque
2227 5638 2548 5693 immortalis
2571 5639 2597 5693 .9
2626 5636 2805 5708 Neque
2834 5656 2927 5693 nos
2961 5638 3113 5712 longe
3145 5660 3178 5697 a
3207 5644 3391 5701 divina
3427 5652 3614 5719 poten-

2041 5729 2116 5782 tia
2147 5728 2420 5784 absnmns.
2474 5728 2600 5783 Ha'c
2652 5730 2781 5785 mihi
2824 5747 3079 5802 persuasa
3103 5743 3251 5801 sunt,
3304 5752 3424 5808 qua:
3472 5738 3619 5794 vobis

2041 5819 2201 5873 etiam
2249 5835 2507 5890 persuasa
2542 5837 2651 5877 esse
2704 5821 2884 5880 velim.
2935 5823 3114 5898 Neque
3163 5844 3285 5884 vero
3334 5831 3618 5909 quisquam
3652 5840 3673 5857 ‘
