4008 6250
386 377 494 440 625

1611 377 2005 440 ANNALiUM
2041 377 2181 434 ΜΒ.
2227 371 2357 433 νῐῐ.

3537 377 3642 440 6‘26

383 487 443 538 τό
475 503 534 538 τε
557 487 754 540 οίκείον
774 487 864 542 καὶ
888 487 949 542 τὸ
976 487 1236 560 πολέμιον
1261 490 1337 562 μὴ
1363 476 1536 564 ῥᾷστα
1563 491 1949 558 διαγινώσκοι).

2066 502 2132 542 ne
2169 491 2293 560 quis
2318 497 2468 540 extra
2502 488 2752 541 ordinem
2789 486 2842 540 in
2872 476 3402 556 hostcm‘pugnnret.
3433 486 3495 541 Ei
3528 487 3646 539 edi-

385 596 497 641 τες.
555 579 662 632 Καὶ
707 579 795 634 διὰ
846 579 1007 634 τοῦτο
1064 585 1327 652 προεῖπον
1392 585 1544 652 σφίσι
1611 586 1679 638 τὰ
1733 600 1790 636 τε
1838 583 1949 636 ἄλλ(

2071 591 2162 634 clo
2207 581 2390 635 «Pieri
2435 591 2757 650 paruerunt.
2791 580 2897 634 Sed
2928 580 3187 650 Torquati
3238 579 3407 640 ﬁlius,
3439 581 3531 648 qui
3564 582 3650 634 in-

387 673 737 742 παρατηρεῖν
814 672 1081 743 ἀκριϐῶς,
1150 676 1248 727 καὶ
1323 674 1447 729 καθ’
1499 675 1694 728 ἑαυτὸν
1770 675 1971 746 μηδένα

389 764 579 833 μηδενὶ
603 764 713 818 τῶν
751 765 1012 819 ἐναντίων
1072 767 1393 839 συμϐαλεῖν.
1422 765 1596 822 Τοῦτο
1639 768 1704 840 δὴ
1733 768 1794 822 τὸ
1826 787 1939 839 παρ

383 859 640 926 άγγελμα
701 860 752 913 οί
817 859 916 929 μὲν
960 862 1259 932 ἐτήρησαν,
1320 865 1347 916 ὀ
1401 863 1458 917 δέ
1520 863 1616 916 τοῦ
1656 863 1966 936 Τουρκουά-

387 969 483 1004 του
516 955 671 1019 παῖς,
697 957 1138 1024 στρατευόμενος
1170 957 1226 1009 ἐν
1255 957 1369 1019 τοῖς
1403 956 1656 1018 ἱππεῦσι.
1692 959 1787 1012 καὶ
1817 976 1960 1029 πεμ-

385 1043 542 1111 φθεὶς
574 1045 709 1114 πρὶς
741 1045 1098 1116 κατασκοπὴν
1126 1046 1234 1100 τῶν
1259 1048 1542 1112 ἐναντίων,
1578 1049 1832 1118 παρεῖδεν
1869 1050 1968 1102 οὐκ

384 1134 663 1208 αὐθαδείᾳ.
696 1136 835 1191 ἀλλὰ
884 1139 1070 1207 μέντοι
1107 1139 1414 1212 φιλοτιμίᾳ.
1461 1139 1623 1194 Ἐπεὶ
1673 1142 1785 1212 γὰρ
1815 1142 1841 1193 ὁ
1872 1141 1965 1194 ῐπ·

385 1243 594 1297 παρχος
641 1227 752 1280 τῶν
781 1229 1056 1291 Λατίνων,
1106 1231 1232 1284 ἰδὼν
1275 1233 1439 1286 αὐτὸν
1478 1233 1799 1304 προσιόντα,
1830 1233 1967 1302 πρὸς

388 1321 726 1392 μονομαχίαν
772 1323 1208 1392 προεκαλέσατο,
1246 1324 1342 1377 καὶ
1379 1324 1455 1396 μὴ
1499 1323 1798 1394 δεξάμενον
1831 1325 1965 1378 ταύ-

384 1430 484 1481 την
514 1411 602 1464 διὰ
635 1411 736 1482 τὴν
767 1413 1100 1484 πρόρῤησιν,
1144 1414 1470 1486 παρώξυνεν
1498 1415 1671 1470 εἰπών
1699 1430 1713 1444 ⁸
1755 1417 1839 1469 Οὐ
1875 1415 1958 1469 σὺ

378 1506 584 1575 μέντοι
639 1507 1053 1575 Τουρκουάτου
1099 1510 1227 1573 υίὸς
1281 1505 1377 1574 ei;
1411 1512 1495 1563 Οὐ
1560 1511 1830 1579 σεμνύνῃ
1884 1508 1963 1576 τῷ

382 1596 654 1664 στρεπτῷ
690 1597 795 1652 τοῦ
817 1597 1077 1666 πατρός;
1102 1597 1140 1667 ἢ
1175 1599 1321 1667 πρὸς
1371 1597 1491 1669 μὲν
1547 1599 1829 1666 Γαλάτας
1857 1600 1961 1654 ἀν-

383 1688 656 1759 θρώπους
698 1690 962 1759 φθόρους
991 1689 1256 1760 ἔρρωσθε
1284 1691 1380 1743 καί
1420 1690 1787 1759 ἀνδρίζεσθε,
1817 1692 1961 1757 τοὺς

381 1780 450 1833 δὲ
490 1781 568 1848 δὴ
619 1781 914 1848 Λατίνους
957 1781 1116 1851 ἡμᾶς
1148 1781 1472 1853 φοϐεῖσθε;
1501 1782 1567 1837 Τί
1608 1781 1722 1840 οὖν
1750 1785 1960 1853 ἄρχειν

389 1871 557 1940 ἡμῶν
591 1873 830 1937 ἀξιοῦτε
855 1891 875 1939 ;
915 1875 974 1927 τί
999 1873 1051 1926 δ’
1081 1875 1162 1941 ὡς
1192 1878 1464 1944 χείροσιν
1493 1875 1660 1944 ὑμῶν
1704 1875 1954 1930 ἐπιτάσ-

383 1980 521 2017 σετε
541 1981 558 2029 ;
580 1965 840 2036 Ἔκφρων
870 1966 1085 2034 ὲγέιετο
1119 1968 1225 2021 ὑπὸ
1241 1965 1336 2021 τοῦ
1357 1967 1557 2038 θυμοῦ.
1581 1969 1676 2021 καὶ
1703 1967 1800 2036 τῆς
1821 1985 1958 2038 παρ-

390 2056 708 2124 αγγέλσεως
739 2058 883 2112 ἐκὼν
946 2058 1268 2125 ἐπελάθετο,
1295 2062 1390 2113 καὶ
1424 2063 1814 2132 μονομαχήσας
1846 2062 1957 2115 ἐνίο

382 2165 543 2217 κησε,
578 2151 673 2202 καὶ
718 2149 790 2203 τὰ
824 2149 996 2204 σκύλα
1046 2152 1410 2223 μεγαφρονῶν
1465 2154 1698 2224 ἐκόμισε
1733 2153 1811 2215 τῷ
1849 2171 1955 2207 πα-

380 2239 491 2309 τρί.
553 2241 660 2294 Καὶ
720 2241 781 2305 ὃς
841 2241 1102 2312 ἀθροίσας
1153 2243 1215 2297 τὸ
1250 2244 1593 2316 στράτευμα,
1653 2247 1956 2313 Γενναίως

377 2331 512 2400 μὲν,
543 2332 668 2402 ἔφη,
689 2327 736 2388 ὦ
765 2332 896 2398 παῖ,
920 2333 1212 2403 ἐμαχέσω,
1230 2336 1327 2390 καὶ
1351 2335 1447 2392 διὰ
1470 2336 1651 2392 τοῦτό
1677 2351 1758 2392 σε·
1781 2353 1956 2405 στρε-

382 2425 646 2492 φανώσω
672 2441 685 2454 ·
743 2424 833 2478 ὅτι
872 2425 941 2478 δὲ
974 2427 1040 2480 τὸ
1089 2427 1475 2497 προσταχθὲν
1510 2431 1582 2484 οὐ
1627 2428 1955 2498 πεῖρε-τήμῇ-

380 2531 518 2582 σας,
549 2516 739 2570 καίτοι
769 2517 868 2570 καὶ
895 2517 976 2584 ὡς
1002 2518 1132 2585 υίὸς
1155 2519 1499 2589 πειθαρχεῖν
1527 2522 1628 2578 καί
1661 2522 1737 2588 ὡς
1771 2538 1954 2590 στρα-

379 2607 598 2675 τιώτης
627 2607 1132 2680 ἀναγκαζόμενος,
1161 2611 1260 2666 διὰ
1294 2612 1474 2668 τοῦτό
1506 2629 1578 2668 σε
1622 2613 1949 2680 δικαιώσω,

381 2700 483 2755 ἵνα
507 2701 604 2755 καὶ
637 2701 704 2756 τὸ
731 2700 844 2771 τῆς
873 2703 1181 2772 ἀριστείας
1207 2699 1420 2770 ἆθλον,
1453 2707 1552 2760 καὶ
1593 2705 1660 2760 τὸ
1694 2705 1803 2775 τῆς
1844 2707 1949 2761 ἀν-

380 2794 718 2860 ηκουστίας
741 2794 963 2865 τίμημα
987 2795 1182 2865 λήψῃ.
1210 2796 1377 2850 Ταῦτ’
1404 2796 1594 2865 εἰπὼν,
1629 2799 1744 2868 ἃμα
1773 2800 1863 2852 τόν
1895 2816 1956 2852 τε

380 2887 644 2955 στέφανον
691 2888 756 2958 τῇ
818 2887 1025 2958 κεφαλῇ
1077 2887 1243 2943 αὐτοῦ
1295 2889 1546 2956 ἐπέθετο,
1618 2893 1712 2944 καὶ
1775 2891 1950 2962 αὐτὴν

378 2979 596 3052 ἐκείνην
613 2979 906 3050 ἀπέτεμεν.
939 2978 1072 3034 Εἶτα
1095 2982 1230 3054 δναρ
1263 2984 1470 3054 ἀμφοῖν
1497 2985 1612 3043 τοῖς
1640 2984 1866 3046 ὑπάτοις
1896 2986 1954 3039 ἐν

378 3071 446 3142 τῇ
471 3072 611 3144 αὐτῇ
643 3073 798 3127 νυιιτλ¹
826 3073 1024 3144 ὁμοίως
1049 3075 1218 3143 φανὲν
1244 3074 1391 3142 ἔδοξε
1419 3075 1627 3144 λέγειν,
1663 3076 1774 3131 τῶν
1801 3079 1953 3132 ἐναν-

2072 681 2158 727 ter
2198 673 2414 742 equites
2455 671 2749 732 militabat,
2778 671 2844 725 ad
2881 671 3251 741 explorandos
3285 681 3516 728 conatus
3547 671 3648 724 ho-

2072 767 2242 821 stium
2288 767 2511 830 missus,
2575 765 2626 818 id
2682 779 2790 818 non
2839 774 2947 818 tam
2995 781 3060 819 ex
3106 766 3453 818 contumacia
3483 779 3646 834 quam

2071 860 2374 915 ambitione
2405 859 2666 930 neglexit.
2704 859 2838 916 Nam
2875 858 3198 914 Latinorum
3237 857 3490 926 equitum
3531 871 3648 912 ma-

2069 953 2239 1023 gister
2291 967 2417 1006 eum
2468 952 2820 1007 accedentem
2883 952 3262 1020 conspicatus.
3325 948 3392 1002 ad
3453 949 3648 1018 singu-

2069 1046 2184 1099 lare
2234 1053 2513 1099 certamen
2561 1044 2914 1114 provocavit;
2945 1043 3109 1112 idque
3149 1042 3243 1096 illo
3288 1050 3512 1111 propter
3558 1057 3651 1109 pa-

2074 1136 2175 1190 tris
2219 1137 2464 1192 edictum
2515 1136 2882 1196 detrectante.
2939 1135 3077 1190 dixit
3105 1153 3116 1188 :
3143 1135 3262 1189 Non
3301 1141 3357 1186 tu
3398 1132 3648 1202 Torquati

2066 1227 2210 1294 ﬁlius
2253 1226 2350 1280 es?
2407 1243 2513 1280 non
2563 1235 2747 1296 torque
2791 1228 3025 1298 parentis
3073 1225 3370 1297 gloriaris?
3404 1227 3478 1278 An
3512 1241 3639 1278 con-

2068 1329 2154 1372 tra
2190 1319 2376 1375 Gallos
2413 1321 2652 1374 homines
2685 1320 2917 1389 perditos
2950 1327 3159 1372 tantum
3191 1320 3288 1372 rtri
3315 1317 3476 1386 fortes
3506 1317 3647 1379 estis,

2064 1427 2159 1464 nos
2185 1428 2306 1466 vero
2349 1411 2567 1466 Latinos
2598 1412 2897 1480 formidatis
2921 1412 2946 1466 .’
2969 1411 3076 1467 Cur
3109 1427 3232 1480 ergo
3257 1411 3405 1464 nobis
3432 1410 3648 1478 imperi-

2068 1513 2184 1556 tare
2217 1501 2422 1556 uultis?
2451 1519 2547 1556 cur
2575 1512 2634 1556 ut
2685 1503 3031 1558 deterioribus
3079 1500 3416 1572 prescribilis
3443 1501 3467 1554 7
3499 1501 3648 1554 Man-

2062 1597 2170 1650 lius
2186 1611 2340 1658 vero.
2364 1613 2478 1666 pra:
2511 1596 2802 1652 iracundia
2830 1596 2916 1650 vix
2951 1594 3156 1650 mentis
3189 1609 3440 1664 compos.
3471 1602 3524 1647 et
3555 1609 3650 1662 pa—

2063 1689 2205 1742 terni
2233 1687 2402 1743 edicti
2436 1689 2584 1743 ultro
2621 1689 2852 1753 oblitus,
2887 1688 3102 1742 hostem
3137 1685 3328 1748 vincit,
3370 1685 3648 1739 detracta--

2061 1795 2168 1848 que
2195 1781 2365 1850 spolia
2390 1795 2587 1851 magno
2615 1781 2801 1834 animo
2844 1780 3085 1849 parentit
3107 1777 3287 1832 allen.
3321 1776 3392 1840 is,
3444 1791 3643 1830 convo-

2067 1881 2191 1926 cato
2246 1874 2493 1929 exercitu
2539 1889 2553 1926 :
2600 1872 2836 1927 Fortiter
2876 1889 3022 1935 sane,
3083 1871 3284 1940 inquit,
3328 1870 3432 1938 liti.
3491 1870 3649 1922 dimi-

2065 1969 2219 2031 casti,
2265 1983 2428 2037 eaque
2467 1969 2532 2021 de
2565 1983 2727 2021 causa
2782 1976 2831 2019 te
2868 1981 3062 2019 corona
3097 1964 3302 2017 donabo
3336 1979 3353 2017 :
3384 1963 3474 2016 sed
3525 1963 3648 2030 quia

2060 2075 2228 2127 neque
2266 2061 2546 2128 imperium
2584 2059 2884 2122 consulare,
2942 2075 3110 2130 neque
3168 2059 3508 2130 majestatem
3553 2073 3649 2126 pa-

2059 2150 2220 2202 triam
2301 2147 2498 2202 veritus
2566 2165 2640 2210 es,
2705 2164 2766 2202 ea
2827 2149 3194 2202 moderatione
3283 2146 3532 2205 adversus
3599 2152 3648 2196 te

2058 2247 2204 2304 utar,
2262 2249 2318 2294 ut
2361 2249 2409 2293 et
2442 2241 2648 2294 virtutis
2695 2242 2925 2308 fructum
2956 2242 3238 2311 percipias,
3284 2251 3332 2294 et
3372 2247 3648 2294 contmna-

2057 2331 2150 2384 οἱα
2201 2347 2378 2400 poenas
2428 2331 2539 2384 des.
2595 2331 2719 2385 llaec
2773 2330 2986 2391 dicens.
3048 2331 3215 2386 simul
3272 2341 3330 2385 et
3382 2341 3646 2384 coronam

2058 2423 2220 2492 capiti
2253 2424 2375 2494 ejus
2413 2422 2704 2493 imposuit,
2746 2431 2804 2477 ct
2865 2432 3031 2492 caput
3069 2423 3395 2492 amputavit.
3438 2419 3647 2475 Deinde

2056 2513 2217 2586 363
2277 2515 2470 2571 eadem
2535 2525 2695 2570 nocte
2747 2523 2980 2585 uterque
3033 2516 3230 2570 consul
3312 2515 3368 2569 in
3437 2512 3648 2569 somnis

2055 2627 2246 2667 vocem
2279 2611 2471 2668 audire
2513 2613 2618 2666 sibi
2652 2613 2806 2668 visus
2848 2622 2954 2676 est,
3003 2611 3281 2668 dicentem
3330 2612 3648 2682 superiores

2015 2726 2018 2730 ·
2057 2703 2174 2760 fore
2211 2705 2484 2771 hostibus,
2533 2706 2576 2760 si
2611 2705 2750 2762 alter
2797 2707 2991 2762 consul
3041 2721 3104 2762 se
3149 2705 3469 2762 devoveret.
3507 2704 3645 2759 Cum

2056 2797 2369 2862 diluxisset,
2419 2808 2652 2870 uterque
2703 2799 2861 2854 alteri
2901 2800 3182 2855 somnium
3229 2807 3451 2854 narrat:
3501 2797 3644 2852 divi-

2055 2907 2188 2946 num
2214 2891 2267 2947 id
2290 2907 2430 2955 esse,
2468 2893 2709 2962 ideoque
2739 2893 3237 2963 obtemperan'lnm
3267 2891 3642 2946 consentiunt.

2053 2984 2131 3042 De
2179 2999 2246 3042 eo
2293 2993 2507 3040 tantum
2564 2986 2946 3042 controversia
2969 2995 3076 3048 est,
3130 3001 3238 3041 non
3274 2991 3399 3038 uter
3425 2992 3645 3038 maneat

2054 3076 2367 3140 incolumis,
2382 3077 2476 3133 sed
2494 3085 2619 3134 uter
2636 3092 2693 3133 se
2707 3077 2996 3136 devoveat.
3015 3078 3189 3134 Causa
3206 3077 3348 3146 apud
3362 3077 3642 3132 exercitus

313 3145 322 3154 ‘
378 3164 509 3219 τίων
559 3165 884 3236 κρατήσειν,
928 3166 994 3221 ἂν
1036 3168 1064 3220 ὁ
1103 3166 1293 3238 ἔτερος
1340 3167 1451 3222 τῶν
1496 3169 1719 3224 ὕπὰτων
1762 3171 1949 3224 ἑαυτὸν

2055 3169 2332 3239 principes
2358 3169 2686 3239 disceptata,
2721 3170 2942 3224 tandem
2974 3145 3285 3231 convenit;
3317 3169 3552 3224 alterum
3583 3171 3640 3224 in

378 3253 567 3327 ἐπιδῷ.
607 3257 751 3311 Μεθ’
782 3256 998 3328 ἡμέραν
1027 3258 1122 3313 οὖν
1161 3257 1416 3330 ἀλλήλοις
1459 3261 1523 3315 τὸ
1581 3261 1717 3332 ὄναρ
1763 3264 1952 3334 διηγη-

379 3349 630 3416 σάμενοι,
684 3349 968 3404 συνέθεντο
1020 3350 1162 3405 θεῖεν
1198 3348 1478 3418 siverunt
1535 3356 1823 3426 πεισθῆναι
1843 3357 1953 3411 δεῖν

375 3439 525 3508 αῡτῷ
577 3439 959 3509 ὡμολόγησαν.
1034 3443 1496 3517 Ἦμφισϐήτησαν
1551 3447 1607 3502 δέ
1673 3451 1805 3520 πρὸς
1851 3451 1950 3505 ἀλ-

375 3528 594 3600 λήλους,
618 3533 716 3603 οὐχ
735 3532 794 3597 ὃς
823 3533 892 3589 ἂν
925 3535 1147 3608 σωθείη,
1169 3539 1291 3610 ,ἀλλ’
1319 3539 1374 3603 ὃς
1412 3539 1480 3594 ἂν
1517 3541 1720 3612 μᾶλλον
1754 3545 1952 3600 ἑαυτὸν

376 3622 568 3693 ἐπιδῷ.
603 3625 715 3677 Καὶ
775 3627 926 3695 παρὰ
979 3630 1093 3692 τοῖς
1135 3629 1372 3700 πρώτοις
1427 3632 1521 3685 τοῦ
1579 3636 1949 3704 στρατοπέδου

374 3715 911 3788 ἐδικαιολογήσαντο.
945 3720 1058 3774 Καὶ
1111 3723 1268 3787 τέλος
1332 3724 1497 3794 ἤρεσε
1533 3727 1704 3796 σφίσι,
1738 3728 1828 3782 τὸν
1853 3731 1951 3798 μὲν

375 3805 468 3860 ἐπὶ
494 3806 591 3861 τοῦ
626 3808 804 3874 δεξιοῦ
854 3811 1056 3882 κέρως,
1099 3813 1192 3867 τὸν
1229 3815 1285 3869 δὲ
1326 3817 1418 3868 ἐπὶ
1449 3816 1541 3870 τοῦ
1573 3817 1728 3872 λαιοῦ
1765 3837 1949 3892 παρα·-

373 3900 666 3969 τάξασθαι,
697 3903 792 3957 καὶ
837 3906 1099 3976 ὁπότερον
1130 3907 1196 3962 ἂν
1229 3908 1455 3962 ἐκείνων
1499 3910 1801 3985 ἐλαττωθῇ,
1855 3915 1948 3967 τὸν

373 3993 460 4046 ἐπ’
508 3994 660 4063 αὑτῷ
704 3999 1044 4069 τεταγμένον
1116 4001 1433 4062 ἀποθανεῖν,
1489 4004 1740 4076 Τοσαύτη
1800 4005 1841 4060 δ’
1879 4003 1947 4078 ἦν

375 4085 664 4158 φιλοτιμία
715 4089 900 4154 αὐτοῖς
945 4090 1075 4161 περὶ
1116 4093 1217 4164 τὴν
1265 4093 1526 4162 ἐπίδοσιν,
1559 4096 1637 4159 ὡς
1688 4096 1946 4170 εὔχεσθαι

371 4177 604 4233 ἕκαστον
631 4180 742 4234 τῶν
759 4183 980 4236 ὑπάτων
1005 4185 1323 4256 ἡττηθῆναι,
1353 4189 1440 4244 ἵνα
1469 4188 1609 4262 τύχῃ
1631 4189 1734 4262 τῆς
1765 4191 1953 4246 ἐπιδό·

373 4289 534 4337 σεως.
565 4275 662 4326 καὶ
701 4276 801 4346 τῆς
851 4276 1106 4342 εὐκλείας
1151 4279 1251 4350 τῆς
1293 4280 1354 4345 ἐξ
1397 4281 1588 4352 αὐτῆς.
1632 4282 1949 4353 Συμϐαλόν-

369 4384 459 4431 τες
506 4366 574 4420 δὲ
626 4368 740 4432 τοϊς
783 4369 1056 4437 Λατίνοις,
1091 4371 1256 4444 μέχρι
1285 4375 1385 4444 μὲν
1434 4374 1634 4429 πολλοῦ
1665 4375 1945 4440 ἰσοπαλῶς

368 4459 708 4529 ἠγωνίσαντο
732 4477 748 4493 ο
791 4455 914 4514 εἷτα
945 4461 1090 4516 κατὰ
1115 4463 1208 4518 τὸν
1228 4464 1420 4519 Δέκιον
1455 4465 1624 4534 κέρας
1653 4467 1852 4537 μικρόν
1889 4485 1942 4522 τι

2063 3254 2278 3324 dextro,
2301 3257 2531 3312 alterum
2551 3256 2604 3312 in
2626 3257 2852 3313 sinistro
2866 3272 3039 3313 cornu
3059 3260 3410 3313 statuendum
3427 3271 3569 3324 esse,
3585 3269 3642 3312 et

2062 3356 2246 3403 utrum
2266 3349 2420 3420 prius
2445 3349 2747 3414 inclinarit,
2779 3350 2900 3421 ejus
2930 3350 3057 3405 duci
3105 3349 3474 3421 appetendam
3510 3363 3632 3405 esse

2061 3440 2623 3510 mortem.'l‘antaque
2655 3440 2906 3510 iuitejus
2957 3441 3177 3498 decoris
3232 3441 3638 3512 cupiditas,ut

2059 3541 2294 3603 uterque
2318 3547 2377 3589 se
2415 3533 2784 3589 succumbere
2827 3545 3068 3603 optaret,
3120 3544 3178 3589 ut
3221 3549 3276 3592 et
3324 3536 3640 3591 devotionis

2058 3625 2326 3695 ctgloriae
2361 3635 2742 3682 consecutum
2793 3641 3021 3697 compos
3069 3629 3416 3685 redderetur.
3470 3631 3636 3684 Exer-

2058 3714 2261 3768 citibus
2289 3716 2620 3786 congressis,
2664 3732 2846 3788 pugna
2885 3718 2980 3773 diu
3029 3733 3230 3790 anceps
3272 3720 3392 3774 fuit.
3429 3720 3636 3774 Deinde

2055 3823 2229 3866 cornu
2269 3811 2419 3866 Decii
2451 3810 2662 3868 Latinis
2713 3812 2964 3868 nonnihil
3015 3815 3201 3869 cessit.
3244 3814 3364 3881 Quo
3407 3815 3499 3870 ille
3540 3829 3637 3870 co-

2056 3900 2227 3970 gnito,
2261 3915 2321 3956 se
2346 3901 2594 3966 devovit,
2621 3911 2788 3973 atque
2812 3903 2984 3959 armis
3027 3905 3244 3974 positis,
3283 3915 3460 3976 togam
3494 3921 3634 3975 pra:-

2056 4004 2260 4051 textam
2294 3996 2494 4052 induit.
2530 3997 2720 4067 itaque
2763 4014 2892 4054 eum
2924 4001 3173 4055 nonnulli
3209 4002 3264 4056 in
3314 4015 3518 4072 equum
3553 4003 3636 4056 in-

2055 4086 2294 4151 siluisse,
2337 4103 2401 4143 ac
2427 4089 2480 4144 in
2515 4090 2726 4145 medios
2754 4090 2943 4147 hostes
2967 4091 3244 4147 invectum
3268 4093 3631 4148 occubuisse:

2055 4179 2147 4234 alii
2183 4195 2212 4236 a
2257 4181 2631 4238 commilitone
2682 4183 3022 4240 immolatum
3065 4200 3188 4242 esse
3231 4185 3435 4243 ferunt.
3470 4186 3635 4242 Decio

2054 4275 2350 4344 defuncto,
2395 4277 2689 4333 victoriam
2729 4279 2963 4335 Romani
3030 4279 3176 4336 haud
3229 4279 3452 4336 dubiam
3505 4289 3634 4336 sunt

2053 4367 2260 4439 adepti,
2301 4368 2513 4426 Latinis
2543 4370 2800 4427 omnibus
2827 4371 2883 4426 in
2917 4371 3100 4443 fugam
3127 4373 3324 4440 versis,
3368 4387 3476 4430 non
3518 4373 3633 4429 uti-

2053 4475 2162 4530 que
2193 4459 2265 4515 ob
2297 4459 2450 4536 Decii
2489 4469 2748 4518 mortem.
2789 4461 2926 4530 Quis
2950 4465 3097 4518 enim
3125 4465 3313 4520 credat
3341 4466 3432 4522 tali
3465 4467 3631 4522 unius

369 4555 480 4614 τοῖς
518 4553 771 4616 Λατίνοις
821 4553 1116 4608 ἐνέκλινεν.
1151 4557 1220 4609 '0
1259 4555 1422 4625 γνοὺς
1459 4559 1487 4610 ὁ
1509 4556 1720 4624 Δέκιος,
1748 4559 1941 4614 ἐαυτὸν

2054 4551 2151 4606 viri
2177 4551 2428 4621 interitu,
2481 4561 2688 4609 tantam
2745 4555 3155 4612 multitudinem
3213 4559 3344 4614 hinc
3406 4575 3625 4626 casam,

367 4641 683 4706 ἐπιδέδωκε,
738 4641 836 4696 καὶ
888 4642 960 4698 τὰ
1013 4643 1154 4697 ὅπλα
1203 4644 1386 4710 ἐκδὺς,
1418 4647 1519 4716 τὴν
1542 4646 1748 4718 ἐσθῆτα
1777 4648 1932 4702 ἐνέδυ

367 4733 466 4805 τὴν
522 4733 959 4808 περιπόρφυρον.
1014 4737 1124 4791 Καὶ
1157 4738 1206 4790 οί
1241 4737 1343 4808 μὲν
1362 4737 1507 4792 οὕτω
1536 4740 1703 4808 φασὶν
1729 4739 1817 4802 ἐφ’
1843 4741 1935 4794 ἴπ-

369 4839 469 4876 πον
511 4823 862 4894 ἀναπηδῆσαι
914 4825 1100 4893 αὐτὸν,
1156 4827 1252 4880 καὶ
1308 4827 1588 4883 εἰσελάσαι
1639 4830 1776 4901 πρὸς
1809 4831 1938 4894 τοὺς

368 4915 686 4986 πολεμίους,
743 4918 839 4970 καὶ
883 4917 980 4970 ὑπ’
1021 4918 1246 4973 ἐκείνων
1295 4921 1614 4976 ἀποθανεῖν·
1641 4924 1690 4977 oi
1732 4923 1790 4977 δὲ
1825 4923 1934 4978 ὑπὸ

368 5001 779 5073 συστρατιώτου
831 5004 1112 5058 πολιτικοῦ
1155 5008 1459 5076 σφαγῆναι.
1497 5011 1648 5074 Τέως
1669 5010 1727 5064 δὲ
1757 5011 1939 5066 τελευ-

365 5094 636 5165 τήσαντος
666 5094 762 5148 τοῦ
808 5097 1002 5150 Δεκίου
1035 5100 1152 5160 τοῖς
1194 5097 1497 5167 Ῥωμαίοις
1533 5103 1566 5171 ἡ
1595 5102 1720 5172 νίκη
1763 5104 1936 5158 καθα-

367 5188 480 5260 ρῶς
521 5189 854 5261 συνηνέχθη,
893 5191 992 5246 καὶ
1016 5191 1068 5246 ot
1096 5193 1315 5246 Λατῖνοι
1353 5195 1558 5260 πάντες
1595 5199 1938 5272 ἐτράπησαν,

305 5293 314 5302 '
361 5277 430 5332 οὗ
457 5279 680 5344 me;
706 5281 765 5334 δὲ
793 5281 884 5336 διὰ
909 5283 1004 5336 τὸν
1035 5283 1266 5340 θάνατον
1301 5287 1398 5341 τοῦ
1430 5289 1646 5343 Δεκίου·
1682 5293 1799 5356 πῶς
1825 5295 1938 5365 γὰρ

365 5371 434 5426 ἄν
472 5389 556 5436 τις
594 5373 966 5441 πιστεύσειεν,
1001 5375 1059 5443 ἐξ
1105 5377 1230 5441 ἐνὸς
1262 5378 1460 5450 ἀνδρὸς
1504 5383 1723 5436 τοιᾶσδε
1751 5385 1938 5439 τελευ-

365 5465 464 5535 τῆς
497 5466 758 5520 τοσοῦτον
783 5467 989 5540 πλῆθος
1047 5469 1353 5543 ἀνθρώπιον
1379 5473 1442 5526 τὸ
1503 5476 1605 5545 μὲν
1631 5478 1932 5550 φθαρῆναι,

363 5557 428 5608 τὸ
452 5557 510 5610 δὲ
544 5558 789 5629 σωθῆναι
819 5561 916 5614 καὶ
943 5561 1166 5629 νικῆσαι
1202 5566 1553 5634 περιφανῶς;
1586 5569 1650 5621 Ol
1688 5569 1808 5640 μὲν]
1837 5571 1936 5627 οὖν

366 5652 589 5704 Λατῖνοι
641 5653 817 5716 οὕτως
863 5655 1122 5724 ἥττηντο,
1155 5657 1183 5708 6
1223 5658 1281 5711 δέ
1312 5674 1375 5725 γε
1430 5657 1810 5732 Τουρκουᾶτος
1843 5666 1939 5720 καὶ

363 5740 458 5792 τὸν
493 5740 610 5792 υἱὸν
657 5742 1016 5806 ἀποκτείνας,
1047 5745 1142 5797 καὶ
1179 5743 1277 5798 τοῦ
1329 5745 1694 5818 συνάρχοντος
1746 5750 1938 5824 τεθνη-

364 5831 548 5898 κότος,
583 5833 866 5908 ἑώρτασεν
905 5835 1056 5905 ὅμως
1078 5837 1146 5891 τὰ
1174 5838 1443 5894 ἐπινίκια.
1498 5835 1613 5896 Εἶτ’
1647 5834 1807 5908 αὖθις
1829 5845 1927 5900 αὑ-

2045 4642 2197 4698 illinc
2223 4653 2627 4711 conservatam,
2665 4653 2723 4701 et
2768 4646 2972 4702 illustri
3001 4648 3231 4718 potitam
3279 4663 3403 4704 esse
3451 4650 3627 4705 view-

2044 4733 2164 4787 ria?
2198 4731 2412 4791 Latinis
2450 4736 2524 4790 ita
2573 4737 2870 4806 superatis,
2917 4739 3234 4810 Torquatus
3280 4743 3532 4811 quamvis
3569 4750 3626 4796 et

2043 4827 2157 4883 lilio
2196 4829 2400 4892 occiso,
2439 4837 2496 4884 et
2529 4830 2734 4900 collega
2768 4839 3006 4898 mortuo,
3051 4843 3233 4889 tamen
3277 4835 3622 4904 triumphum

2042 4922 2219 4977 duxit.
2249 4921 2455 4978 Deinde
2482 4924 2718 4993 populus
2740 4925 3022 4984 Romanus
3049 4927 3274 4984 Latinos
3291 4927 3625 4984 rebellantes

2041 5010 2267 5074 devicit,
2297 5019 2356 5065 et
2405 5010 2542 5066 alias
2592 5022 2784 5080 gentes
2829 5030 2982 5070 nunc
3021 5031 3122 5084 per
3160 5016 3438 5080 consules,
3473 5031 3626 5071 nunc

2040 5115 2139 5173 per
2179 5103 2478 5158 dictatores
2524 5105 2692 5160 armis
2737 5106 3000 5178 subegit:
3035 5123 3272 5177 quorum
3324 5125 3356 5162 e
3387 5124 3622 5164 numero

2039 5195 2148 5251 fuit
2171 5196 2234 5251 L.
2285 5197 2558 5266 Papirius.
2592 5197 2850 5254 Cursoris
2892 5208 3318 5268 cognomentum
3350 5217 3380 5254 a
3424 5202 3622 5257 celeri-

2041 5297 2152 5344 tate
2184 5290 2405 5360 pedum,
2439 5292 2815 5362 currendique
2855 5293 3060 5358 studio,
3105 5293 3360 5360 adeptus.
3395 5294 3499 5361 Qui
3532 5295 3616 5351 di-

2041 5387 2219 5437 ctator
2241 5397 2367 5437 cum
2396 5383 2588 5439 Fabio
2627 5383 2770 5439 Rufo
2811 5384 3061 5452 equitum
3107 5384 3372 5454 magistro
3427 5399 3621 5444 contra

2040 5473 2316 5531 Samnites
2343 5476 2566 5542 missus,
2602 5491 2699 5532 eos
2723 5476 2972 5531 devictos
2998 5477 3054 5530 in
3085 5491 3183 5532 sua
3214 5478 3383 5535 verba
3426 5497 3616 5548 pacem

2039 5565 2224 5622 facere
2257 5567 2454 5638 coegit.
2500 5566 2607 5622 Sed
2639 5582 2764 5620 cum
2789 5567 3110 5638 magistratu
3137 5571 3386 5637 abiisset,
3429 5590 3621 5630 rursus

2035 5659 2116 5714 illi
2148 5674 2208 5714 se
2231 5663 2649 5712 commoverunt
2677 5672 2693 5710 :
2717 5665 2775 5712 et
2807 5657 2877 5711 ab
2903 5657 3045 5713 Aulo
3071 5658 3325 5717 Cornelio
3347 5662 3620 5718 dictatore

2041 5765 2234 5806 rursus
2267 5747 2548 5814 debellati,
2579 5749 2792 5818 legatos
2823 5750 2892 5804 de
2915 5766 3047 5820 pace
3074 5753 3304 5808 Romam
3326 5755 3616 5818 miserunt,

2042 5841 2277 5914 captivis
2301 5856 2444 5913 quos
2471 5840 2747 5898 habebant
2771 5846 3034 5901 euntibus
3067 5847 3320 5914 redditis,
3341 5861 3617 5918 causaque
