4008 6250
451 331 558 398 ϐῒτ

1722 328 2044 393 JOANN‘IS
2079 327 2400 395 ZONARIE

3597 327 3698 396 6%

446 445 575 500 belli
625 445 681 500 in
717 444 983 502 Rutulum
1019 442 1200 498 virum
1234 440 1378 514 apud
1403 455 1462 498 se
1513 450 1795 513 potentem
1844 450 2025 497 trans-

2133 441 2263 508 τούς
2287 460 2349 498 τε
2375 443 2502 508 τοὺς
2547 441 2818 508 Λατίνους
2865 439 3288 508 ἑπαναστάντας
3318 443 3706 515 κατεπολέμηο

445 538 551 592 lata
589 536 788 608 :cujus
847 551 997 602 ossa,
1029 534 1290 605 quoniam
1323 534 1427 590 sibi
1454 532 1803 590 consciscere
1831 547 2025 588 necem

447 635 773 694 maturaret,
819 628 1180 698 disjecerunt.
1222 627 1318 682 Eis
1363 627 1622 691 Romani,
1675 635 1737 681 ut
1773 623 2027 680 fmdil‘ra-

443 723 550 796 gis,
581 736 768 792 pacem
805 735 913 776 non
942 719 1218 776 dederant
1251 737 1264 774 :
1294 720 1412 782 sed,
1441 735 1755 790 quanquam
1793 717 2026 789 captivis

445 813 706 883 receptis,
735 812 943 870 bellum
975 811 1439 869 irreconciliabile
1467 810 1635 884 365
1661 810 2024 872 indixerunt;

444 921 508 962 ac
553 906 684 960 dum
717 906 846 960 elati
895 906 1268 971 successibus,
1319 920 1379 961 se
1426 905 1553 960 illos
1598 919 1793 962 omnes
1845 903 2027 975 primo

442 998 652 1068 impetu
688 1007 947 1068 capturos
974 1007 1221 1069 sperant,
1264 999 1318 1052 in
1351 1013 1600 1069 magnam
1635 997 1848 1054 cladem
1885 996 2027 1052 inci-

442 1088 668 1144 derunt.
697 1089 833 1144 Nam
863 1088 1160 1155 Samnites,
1197 1089 1476 1160 perterriti
1506 1099 1562 1146 ct
1587 1087 1730 1144 anxii
1767 1087 1838 1143 ob
1863 1102 2030 1160 nega-

444 1191 552 1235 tam
587 1196 800 1251 pacem,
831 1195 899 1236 ex
941 1181 1328 1252 desperatione
1369 1182 1426 1236 in
1463 1197 1702 1252 pugnam
1752 1181 2026 1236 ruebant:

445 1287 534 1342 et,
569 1273 862 1330 collocatis
891 1275 942 1328 in
967 1285 1198 1345 angusta
1224 1275 1365 1329 valle
1394 1273 1632 1334 insidiis,
1657 1287 1836 1328 casm!
1864 1287 2028 1342 cepe-

444 1379 593 1433 runt,
637 1375 928 1435 totumque
986 1367 1298 1422 Romanum
1343 1366 1650 1422 exercitum
1697 1366 1803 1421 sub
1837 1365 2028 1437 jugum

445 1462 718 1518 miserunt
751 1461 896 1531 (qua:
923 1475 1016 1515 res
1061 1459 1375 1530 cujusmodi
1421 1458 1612 1524 fuerit,
1661 1473 1828 1528 supra
1863 1472 2031 1529 expo-

442 1555 702 1626 suimus),
749 1554 1026 1608 neminem
1077 1565 1256 1608 tamen
1304 1553 1654 1615 occiderunt,
1701 1551 1796 1606 sed
1839 1551 2029 1616 armis,

440 1645 619 1716 equis",
653 1645 974 1716 cit-terisque
999 1645 1276 1708 omnibus,
1313 1659 1420 1700 una
1450 1653 1604 1700 veste
1629 1643 1900 1698 duntaxat
1946 1659 2033 1698 re-

441 1737 592 1798 licta,
624 1735 898 1806 ademptis
931 1737 1192 1792 dimisere
1232 1733 1434 1800 nudos,
1472 1749 1538 1788 ea
1577 1731 1923 1796 conditione,
1966 1743 2032 1789 ut

2137 550 2258 597 σαν,
2294 535 2390 588 καὶ
2445 535 2613 605 ἓτέρα
2671 531 2816 606 ἔθνη
2855 534 3062 607 μάχαις
3115 534 3396 600 ὑπέταξαν
3436 534 3570 589 ποτὲ
3617 537 3710 607 μὶν

2137 625 2374 690 ὑπάτοις
2425 627 2783 700 κεχρημένοι,
2817 626 2950 681 ποτὲ
2987 625 3044 681 δὲ
3094 626 3472 698 δικτάτορσιν,
3521 619 3600 683 ὧν
3638 623 3712 692 εἷς

2134 713 2204 789 ἦν
2235 718 2328 772 καὶ
2359 717 2592 784 Λούκιος
2635 717 2958 790 Παπείριος,
2990 719 3020 772 ὁ
3049 717 3163 776 ,καὶ
3207 717 3484 790 Κούρσωρ
3517 719 3713 790 ὀνομα-

2142 809 2374 878 ζόμενος
2401 813 2492 866 διά
2516 827 2573 864 τε
2609 811 2710 882 τὴν
2749 813 2870 880 ἕξιν
2888 807 2982 884 (ἦν
3011 811 3122 882 γὰρ
3155 811 3592 882 δρομικώτατος)
3625 812 3712 866 καὶ

2134 902 2224 956 διὰ
2247 903 2346 974 τὴν
2377 903 2614 976 ἄσκησιν
2639 904 2738 976 τὴν
2762 903 2855 958 τοῦ
2879 903 3110 975 δρόμου.
3152 903 3310 958 Μετὰ
3339 903 3399 956 δὲ
3433 905 3613 958 ταῦτα
3641 901 3714 958 δι-

2093 1041 2096 1046 .
2137 995 2356 1066 κτάτωρ
2387 995 2414 1047 ὁ
2442 994 2740 1065 Παπείριος
2769 993 2866 1048 ἐπὶ
2897 995 3027 1057 τοὺς
3073 991 3350 1064 Σαμνίτας
3375 989 3715 1065 ἐξεπέμφθη,

2140 1088 2506 1160 μετὰφαϐίου
2556 1088 2810 1144 Ῥούλλου
2853 1088 3157 1162 ἱππάρχου,
3193 1089 3287 1148 καὶ
3329 1089 3598 1158 ἡττήσας,
3619 1090 3713 1141 αὖ-

2135 1181 2265 1244 τοὺς
2295 1183 2613 1253 ἠνάγκασεν
2642 1182 2737 1236 ἐπὶ
2764 1179 3066 1251 συνθήκαις
3099 1179 3404 1250 συμϐῆναι,
3441 1175 3534 1244 αἶς
3570 1181 3714 1232 ἐκεί-

2137 1291 2228 1338 νος
2277 1272 2556 1328 ἐϐούλετο.
2601 1271 2979 1342 Ἀποθεμὲνου
3015 1271 3072 1326 δὲ
3102 1271 3204 1342 τὴν
3255 1271 3559 1342 ἠγεμονίαν
3618 1272 3709 1324 αὐε-

2137 1365 2256 1434 τοῦ,
2293 1366 2679 1437 ἐπανέστησαν
2711 1363 2892 1428 αὖθις.
2938 1363 3077 1418 Ὑπὸ
3106 1363 3162 1418 δὲ
3209 1361 3516 1432 Κορνηλίου
3547 1359 3714 1416 Αὔλου

2138 1459 2461 1529 δικτάτορος
2485 1457 2581 1510 καὶ
2621 1457 2788 1512 πάλιν
2816 1455 2946 1510 πολε
2956 1455 3222 1526 μηθέντες
3249 1458 3342 1508 καὶ
3364 1455 3714 1526 ἡττηθέντες,

2137 1549 2638 1622 διεκηρυκεύσαντο
2684 1548 2824 1619 πρὸς
2887 1549 3016 1611 τοὺς
3077 1549 3136 1601 ὲν
3205 1549 3272 1618 τῇ
3321 1545 3534 1619 Ῥώμῃ,
3594 1549 3714 1605 τοὺς

2139 1640 2529 1712 αἰχμαλώτους
2553 1657 2614 1694 τε
2658 1640 2820 1705 ὅσους
2853 1636 3002 1711 εἶχον
3034 1639 3358 1710 πέμψαντες
3385 1639 3594 1702 αὐτοῖς,
3627 1642 3714 1693 καὶ

2137 1732 2240 1803 τὴν
2255 1730 2438 1786 αἰτίαν
2460 1729 2555 1784 τοῦ
2587 1730 2832 1800 πολέμου
2861 1728 3164 1800 Ῥουτούλῳ
3179 1727 3332 1798 ἀνδρὶ
3349 1727 3560 1796 δυνατῴ
3587 1743 3659 1779 πα
3669 1727 3712 1796 ρ’

441 1843 570 1898 agro
601 1827 818 1882 illorum
853 1827 1214 1893 excederent,
1245 1837 1302 1883 et
1333 1841 1494 1897 aequo
1531 1827 1659 1898 jure
1703 1825 2025 1880 societatem

2133 1823 2324 1886 αὐτοῖς
2357 1823 2785 1896 ἐπιγράφοντες,
2815 1815 2878 1876 οὗ
2903 1822 2972 1876 τὰ
2996 1823 3152 1887 ὀστᾶ,
3182 1821 3306 1875 ὲπεί
3338 1819 3548 1892 φθάσας
3578 1821 3712 1872 ἐκεῖ·

441 1919 708 1975 colerent.
741 1919 873 1986 Qua:
911 1928 1089 1989 pacta,
1129 1929 1191 1974 ut
1229 1919 1397 1975 etiam
1433 1927 1662 1975 senatus
1701 1918 2032 1974 auctoritate

441 2022 560 2068 rata
587 2023 794 2078 essent,
841 2029 905 2068 nc
936 2013 1154 2083 equites
1193 2013 1422 2069 obsides
1464 2013 1841 2068 retinuerunt.
1888 2009 2034 2068 Con-

444 2104 592 2160 sules
627 2119 759 2160 vero
786 2105 1021 2175 Spurius
1059 2104 1377 2160 Postumius
1440 2114 1498 2160 et
1551 2103 1810 2158 Tiberius
1852 2099 2033 2155 Calvi-

445 2209 552 2248 nus
578 2208 702 2249 cum
727 2197 974 2251 exercitu
997 2195 1184 2251 statim
1225 2202 1582 2250 recesserunt
1609 2210 1624 2250 :
1668 2199 1946 2262 noctuque
1975 2200 2032 2246 et

449 2285 572 2356 ipsi,
603 2295 662 2340 et
695 2288 956 2357 praecipui
983 2303 1014 2342 e
1045 2285 1261 2343 caeteris
1305 2286 1538 2342 Romam
1589 2292 1722 2340 sunt
1770 2283 2029 2354 ingressi,

447 2375 646 2447 reliqui
679 2378 736 2432 in
780 2379 930 2447 agris
953 2376 1210 2448 dispersi.
1245 2375 1352 2443 Qui
1385 2376 1442 2431 in
1479 2375 1616 2430 urbe
1649 2381 1829 2440 erant,
1877 2371 2032 2428 clade

440 2469 682 2540 cognita,
703 2485 884 2540 neque
914 2469 1152 2524 militum
1179 2469 1359 2524 salute
1387 2467 1648 2524 delectati
1671 2474 1824 2528 sunt,
1847 2480 2029 2536 neque

439 2561 629 2617 dolere
650 2570 974 2632 potuerunt.
1000 2561 1138 2617 Nam
1185 2570 1247 2618 ut
1288 2561 1578 2616 adversum
1617 2575 1804 2616 casum
1837 2559 2028 2614 dolen-

438 2653 650 2708 tissime
683 2653 951 2719 tulerunt,
987 2655 1294 2724 praesertim
1325 2667 1358 2707 a
1394 2651 1739 2712 Samnitibus
1765 2650 1978 2704 illatum
2008 2667 2024 2706 :

437 2745 542 2810 sic,
595 2760 722 2804 cum
769 2754 1118 2816 reputarent,
1158 2745 1204 2802 si
1254 2759 1450 2800 omnes
1498 2744 1816 2814 periissem,
1863 2758 1924 2798 se
1967 2741 2024 2797 in

437 2847 688 2895 extremo
737 2839 1060 2896 discriminc
1107 2840 1348 2906 futuros,
1407 2838 1586 2895 salute
1629 2838 1850 2896 illorum
1897 2847 2027 2893 sunt

434 2933 631 3002 gavisi.
661 2933 766 2989 Sed
796 2934 996 3004 gaudio
1027 2934 1256 2990 interim
1289 2933 1659 3000 dissimulato,
1695 2931 1830 2986 nihil
1874 2947 2026 2988 more

436 3025 602 3082 solito
642 3023 1142 3092 administrarunt,
1187 3039 1292 3081 nec
1353 3026 1409 3080 in
1470 3024 1788 3096 praesentia,
1843 3039 2024 3094 neque

437 3121 582 3179 post,
631 3111 811 3168 donec
864 3113 1154 3170 victoriam
1203 3121 1628 3184 recuperarunt.
1687 3113 2028 3170 Consulibus
2053 3147 2096 3203 C

435 3201 789 3270 magistratus
821 3202 1008 3256 statim
1050 3202 1348 3272 abrogatus
1391 3211 1518 3258 est:
1557 3202 1792 3273 aliisque
1841 3203 2020 3267 lectis,

436 3290 804 3346 deliberatum
853 3291 922 3348 de
973 3294 1152 3364 pactis
1217 3291 1616 3348 rescindendis.
1683 3293 1840 3361 Quod
1892 3296 2023 3366 quia

437 3383 558 3439 ﬁeri
585 3397 696 3438 non
722 3393 959 3454 poterat,
1000 3385 1106 3440 nisi
1141 3385 1381 3442 crimine
1420 3385 1474 3440 in
1511 3397 1772 3442 auctores
1803 3387 2021 3444 illorum

438 3478 704 3534 translato
743 3495 758 3532 :
791 3477 946 3534 inviti
989 3478 1290 3544 faciebant,
1319 3487 1377 3534 ut
1407 3479 1668 3534 consules
1710 3492 1766 3534 et
1791 3489 2022 3534 ctrteros

439 3571 796 3641 magistratus
823 3574 920 3642 qui
962 3587 1088 3627 cum
1139 3573 1210 3628 iis
1251 3571 1490 3634 fuerant,
1539 3571 2020 3628 condemnarent:

437 3681 618 3736 neque
658 3665 1119 3722 committendum
1171 3665 1438 3736 putabant
1485 3676 1564 3730 ut,
1617 3667 1683 3720 iis
1731 3665 2021 3729 absolutis,

437 3757 646 3814 crimen
725 3757 913 3812 violati
969 3756 1195 3813 {aderis
1267 3756 1322 3811 in
1399 3757 1724 3826 semctipsos
1816 3758 2022 3812 redun-

435 3850 570 3906 dare
625 3857 970 3920 paterentur.
1036 3849 1113 3904 Re
1187 3849 1356 3920 igitur
1421 3864 1547 3904 cum
1613 3849 1754 3919 ipsis
1815 3864 2017 3906 consu-

403 3941 586 3997 .libus
651 3941 1079 4006 communicata,
1123 3941 1360 4012 primum
1405 3941 1748 3996 Postumium
1798 3951 2022 3998 senten-

437 4035 568 4090 tiam
599 4035 788 4090 dicere
817 4035 1126 4105 jusserunt,
1155 4043 1215 4090 ut
1242 4033 1356 4104 ipse
1388 4045 1581 4091 contra
1609 4049 1730 4090 sese
1771 4050 2020 4105 pronun-
2047 4103 2054 4111 ρ

439 4125 616 4192 tiaret,
644 4142 710 4184 ex
742 4125 1098 4190 verecundia,
1145 4140 1215 4181 ne
1253 4141 1446 4182 omnes
1496 4125 1785 4184 dedecoris
1826 4126 2021 4197 imple-

433 4227 650 4275 rentur.
673 4217 726 4276 ls
757 4217 813 4274 in
841 4217 1084 4277 medium
1117 4233 1459 4290 progressus,
1488 4219 1708 4288 negavit
1734 4217 2020 4289 probanda

437 4329 560 4372 esse
587 4330 622 4370 a
652 4322 846 4370 senatu
879 4313 1216 4384 populoque.
1247 4330 1372 4385 quae
1416 4331 1487 4370 ne
1519 4314 1622 4384 ipsi
1653 4315 1880 4386 quidem
1919 4330 2019 4372 sua

435 4416 656 4476 sponte,
707 4405 804 4460 sed
855 4405 927 4466 ab
981 4405 1255 4471 hostibus,
1307 4422 1419 4462 non
1471 4407 1699 4470 virtute,
1752 4409 1850 4464 sed
1891 4407 2020 4463 dolo

2136 1934 2226 1982 νος
2257 1917 2629 1989 διεχειρίσατο
2670 1914 2888 1980 ἑαυτὸν,
2921 1913 3230 1988 διέρριψανο
3284 1915 3344 1974 ού
3399 1914 3588 1983 μέντοι
3622 1913 3710 1966 καὶ

2135 2011 2324 2084 ἔτυχον
2353 2010 2452 2082 τῆς
2485 2012 2710 2081 εἰρήνης
2747 2009 2823 2073 ὠς
2857 2009 3104 2069 ἄπιστοι.
3129 2007 3246 2062 ἀλλ’
3304 2007 3576 2062 ἄσπονδον
3601 2010 3711 2074 σφί-

2137 2123 2222 2160 σιν
2254 2103 2599 2175 ἐψηφίσαντο
2630 2101 2893 2174 πόλεμον,
2961 2099 3144 2154 καίτοι
3175 2101 3307 2164 τοὺς
3333 2100 3710 2172 αἰχμαλώτους

2133 2195 2416 2259 λαϐόντες.
2462 2193 2992 2266 ’Υπεραυχήσαντες
3063 2191 3158 2247 οὖν
3199 2195 3248 2245 οἱ
3293 2191 3582 2264 Ῥωμαῖοι,
3615 2194 3705 2244 καὶ

2139 2287 2394 2344 αὐτοϐοεὶ
2421 2288 2634 2350 πάντας
2679 2287 2882 2366 αὐτοὺς
2921 2287 3152 2358 αἱρήσεν
3180 2285 3531 2352 ἐλπίσαντες,
3556 2283 3709 2353 δεινῷ

2133 2381 2429 2450 παθήματι
2509 2379 2867 2452 περιέπεσον.
2949 2377 3404 2446 ’Υπερδείσαντες
3490 2377 3602 2450 γάρ
3663 2381 3708 2430 οἱ

2133 2473 2428 2543 Σαμνῖται,
2463 2473 2560 2526 καὶ
2609 2473 2669 2526 ἐν
2728 2472 2988 2543 συμφορᾷ
3017 2469 3338 2540 ποιούμενοι
3359 2469 3421 2524 τὸ
3451 2469 3528 2541 μὴ
3553 2470 3709 2523 σπεί-

2131 2565 2356 2628 σασθαι,
2415 2565 2510 2618 καὶ
2566 2565 2645 2626 ὡς
2718 2565 3140 2634 ἀπεγνωσμένα
3218 2561 3549 2633 μαχόμενοι,
3617 2563 3708 2622 καὶ

2129 2656 2469 2728 λοχήσαντες
2523 2655 2581 2708 ἔν
2633 2672 2744 2708 τινι
2775 2653 2932 2727 χώρα
2965 2655 3258 2726 κοιλοτέρα
3307 2655 3402 2708 καὶ
3439 2637 3626 2730 στενῇ,
3652 2654 3712 2706 τό

2128 2769 2190 2806 τε
2253 2749 2624 2820 στρατόπεδον
2665 2745 2834 2814 εἷλον,
2887 2749 2981 2802 καὶ
3041 2749 3166 2812 τοὺς
3208 2745 3520 2818 Ῥωμαίους
3574 2731 3710 2814 ἑζώο

2127 2859 2347 2914 γρησαν
2409 2841 2686 2905 πανσυδὶ,
2719 2842 2816 2893 καὶ
2862 2841 3074 2903 πάντας
3120 2839 3412 2909 ὑπήγαγον
3459 2837 3572 2912 ὑπὸ
3619 2840 3710 2892 τιν

2127 2931 2294 3001 ζυγὸν
2357 2931 2431 3004 (τί
2461 2933 2508 2987 δ’
2548 2927 2618 2998 ἦν
2646 2932 2706 2984 τὸ
2737 2930 2834 2985 τοῦ
2891 2927 3083 2998 ζυγοῦ,
3117 2929 3219 3003 ήδη
3254 2948 3346 3002 μοι
3405 2917 3580 3002 Evn)“
3608 2945 3708 2998 που

2132 3029 2469 3101 ἱστόρηται),
2499 3026 2919 3098 οὐδέναμέντοι
2958 3026 3318 3092 ἀπέκτειναν,
3381 3024 3520 3088 ἀλλὰ
3553 3017 3700 3090 τιτι

2127 3124 2271 3180 ὅπλα
2306 3124 2402 3179 καὶ
2435 3123 2563 3186 τοὺς
2591 3121 2817 3186 ἵππους,
2854 3123 2950 3174 καὶ
2983 3121 3055 3173 τὰ
3083 3118 3223 3175 ἄλλα
3247 3121 3348 3174 ὅσα
3381 3103 3712 3194 εἴχον,πλὴν

2126 3217 2248 3279 ἑνὸς
2279 3214 2527 3287 ἱματίου,
2553 3213 2863 3282 ἀφείλοντο,
2907 3212 3002 3266 καὶ
3051 3211 3296 3280 γυμνοὺς
3319 3195 3712 3284 σῲᾶςάφῆκαν

2129 3309 2232 3362 ἐπὶ
2268 3307 2592 3376 συνθήκαις,
2633 3305 2730 3358 τοῦ
2759 3323 2820 3358 τε
2863 3304 2966 3374 τὴν
3002 3303 3189 3375 χώραν
3235 3302 3420 3384 αὐτῶν
3443 3289 3707 3384 tanqu,

2126 3402 2222 3454 καὶ
2251 3399 2580 3471 συμμάχους
2622 3397 2811 3468 σφίσιν
2845 3397 2954 3450 ἀπὸ
2987 3395 3087 3466 τῆς
3123 3381 3262 3468 ἴσης
3300 3389 3470 3450 εἶναι.
3501 3381 3705 3471 δήνεσι

2123 3490 2196 3546 τὰ
2255 3491 2356 3561 τῆς
2415 3469 2714 3560 ὁμολογίας
2763 3489 2858 3540 καὶ
2915 3490 3068 3558 παρὰ
3104 3487 3204 3559 τῆς
3265 3469 3708 3562 γερουσίαςᾟε-

2125 3581 2422 3646 ϐαιωοῶσι,
2454 3581 2564 3634 τῶν
2599 3581 2810 3634 ίττπέων
2830 3578 3146 3646 ἑξακοσίους
3173 3580 3254 3642 είς
3278 3565 3551 3650 ὁμηρείαν
3578 3593 3710 3633 κειτ-

2125 3677 2304 3746 ἐσχον.
2347 3675 2410 3729 Οἱ
2457 3676 2501 3728 δ’
2589 3673 2790 3728 ὕπατοι
2833 3673 3200 3742 Σπούριὸςτε
3239 3673 3588 3744 Ποσθούμιος
3615 3673 3706 3727 καὶ

2125 3769 2380 3842 Τιϐέριος
2425 3769 2730 3830 Καλουῖνος
2765 3767 2904 3840 μετὰ
2953 3771 3052 3838 τῆς
3097 3769 3364 3838 στρατιᾶς
3422 3766 3589 3830 εὐθὺς
3616 3767 3704 3820 άν-

2125 3864 2435 3933 εχώρησαν,
2479 3861 2575 3914 καὶ
2625 3860 2818 3923 νυκτὸς
2854 3861 3011 3914 αὐτοὶ
3040 3877 3128 3914 τε,
3161 3858 3410 3916 καὶτῶν
3447 3859 3630 3936 ἄλλων
3655 3857 3704 3912 οἱ

2125 3955 2546 4023 ἀξιολογώτατοι
2580 3955 2661 4018 εἰς
2692 3953 2790 4026 τὴν
2829 3952 3049 4024 Ῥώμην
3071 3952 3423 4021 είσήλθοσανδ
3442 3953 3494 4006 οἱ
3517 3951 3577 4006 δὲ
3599 3953 3708 4005 λοι-

2125 4048 2218 4102 ποὶ
2246 4047 2582 4118 στρατιῶται
2604 4047 2750 4100 κατὰ
2780 4047 2907 4110 τοὺς
2949 4047 3162 4116 ἀγροὺς
3183 4045 3622 4114 ἐσκεδάσθησαν.
3643 4045 3705 4098 Ol

2122 4139 2170 4194 δ’
2226 4140 2286 4192 ὲν
2343 4141 2411 4210 τῇ
2471 4135 2625 4192 πόλει
2663 4137 2733 4192 τὰ
2791 4137 3170 4208 πεπραγμένα
3209 4136 3540 4202 ,ηπαθόντες,
3581 4136 3705 4190 οὔτε

2124 4232 2364 4305 ἡσθῆναι
2405 4231 2473 4302 τῇ
2519 4231 2630 4286 τῶν
2663 4230 3016 4301 στρατιωτῶν
3067 4228 3340 4302 σωτηρίᾳ,
3387 4228 3504 4284 οὔτ’
3540 4227 3708 4301 ἀχθε-

2125 4327 2320 4397 σθῆναι
2351 4325 2637 4396 ἠδύναντο.
2673 4309 2816 4392 Πρὸς
2863 4323 2966 4395 μὲν
2999 4325 3108 4394 γὰρ
3142 4323 3204 4378 τὸ
3233 4323 3411 4378 δεινὸν
3441 4323 3687 4402 ύπερήλ-

2123 4435 2280 4488 γουν,
2311 4421 2408 4474 καὶ
2451 4421 2534 4473 ὅτι
2588 4419 2741 4489 παρὰ
2768 4417 2877 4471 τῶν
2917 4417 3206 4488 Σαμνιτῶν
3245 4416 3476 4475 τοιαῦτα
3502 4417 3706 4470 πεπόνο

395 4508 603 4569 .atque
647 4497 866 4553 insidiis
911 4498 1110 4564 coacti,
1163 4499 1428 4570 egissent.
1473 4498 1574 4564 Qui
1611 4492 1778 4570 igitur
1828 4497 2016 4554 dolum

2128 4514 2274 4573 θασι,
2320 4513 2504 4583 μεῖζον
2545 4511 2701 4584 σφίσι
2749 4509 2810 4564 τὸ
2847 4511 3016 4586 ἄλγος
3051 4509 3313 4579 trivere.
3345 4509 3742 4595 AQ‘ftCtitlSVOt:

438 4591 653 4660 priores
681 4591 1022 4660 usurparint,
1070 4592 1107 4646 ii
1137 4592 1183 4648 si
1213 4591 1341 4647 dolo
1371 4591 1611 4648 vicissim
1649 4589 2015 4648 circumventi

427 4685 664 4746 fuerint.
699 4701 806 4742 non
837 4685 1043 4742 habere
1064 4687 1212 4757 quod
1237 4693 1560 4756 querantur.
1592 4685 1720 4742 Haec
1749 4695 1808 4743 et
1849 4685 2018 4756 hujus

435 4778 600 4851 365
632 4780 852 4850 generis
875 4779 1033 4848 plura
1065 4793 1190 4834 cum
1237 4777 1488 4842 dixisset,
1529 4791 1562 4832 a
1607 4785 1800 4833 senatu
1845 4777 2014 4834 animi

435 4872 609 4930 dubio
655 4871 790 4942 quid
839 4869 1112 4942 agendum
1157 4880 1304 4926 esset
1357 4885 1534 4925 :cum
1589 4869 1906 4926 Postumius
1960 4877 2018 4925 et

435 4971 697 5028 Calvinus
725 4984 946 5026 omnem
975 4968 1194 5039 culpam
1226 4969 1282 5023 in
1331 4967 1658 5038 semetipsos
1705 4967 2018 5023 transtulis-

435 5075 582 5131 sent,
625 5064 910 5120 decretum
939 5073 1028 5119 est
1087 5061 1264 5134 pactis
1299 5060 1550 5117 rescissis
1576 5060 1702 5118 illos
1733 5059 2018 5116 dedendos

435 5174 580 5216 esse.
609 5159 882 5216 Consules
909 5157 1080 5230 igitur
1109 5158 1293 5220 ambo,
1337 5157 1634 5228 ceterique
1663 5156 2018 5228 magistratus

435 5251 533 5319 qui
604 5247 974 5319 paciﬁcationi
1044 5246 1372 5313 adfuerant,
1440 5245 1728 5304 Samnium
1791 5244 2014 5302 abducti

431 5349 591 5398 sunt.
622 5341 900 5398 Samnites
927 5349 1112 5398 autem
1145 5340 1394 5410 captivos
1432 5350 1627 5396 omnes
1675 5345 2012 5409 repetentea.

435 5433 574 5490 deos
603 5435 806 5500 testati,
845 5433 1132 5491 dedititios
1172 5435 1504 5506 reiecerunt.
1535 5431 1751 5500 Quibus
1781 5431 2014 5488 Romani

433 5524 640 5596 cupide
665 5527 927 5596 receptis,
956 5525 1220 5583 iracunde
1261 5539 1388 5581 cum
1431 5522 1772 5580 Samnitibus
1807 5538 2018 5595 pugna-

439 5627 591 5684 runt,
628 5621 926 5690 adeptique
949 5619 1244 5676 victoriam
1277 5617 1472 5674 eodem
1514 5615 1677 5687 plane
1715 5615 1880 5672 modo
1921 5631 2018 5672 eos

437 5713 744 5768 tractarunt
771 5729 786 5765 :
819 5712 1120 5782 itidemque
1145 5710 1253 5767 sub
1275 5709 1467 5780 iugum
1494 5707 1714 5776 missos,
1737 5707 1886 5764 nulla
1911 5709 2016 5764 alia

423 5802 588 5858 illata
637 5803 840 5868 iniuria
891 5804 1262 5868 dimiserunt,
1323 5802 1564 5873 receptis
1609 5803 1818 5873 absque
1875 5819 2016 5860 noxa

2123 4605 2204 4672 δὲ,
2237 4603 2313 4670 ὡς
2339 4604 2390 4658 εί
2426 4605 2638 4666 πάντας
2677 4603 2982 4658 ἀπολέσθαι
3014 4601 3240 4672 συνέϐη,
3274 4599 3533 4672 καὶπερὶ
3568 4600 3707 4654 πάν-

2123 4715 2234 4752 των
2258 4697 2327 4753 ἂν
2347 4697 2769 4762 ἐκινδύνευσαν,
2797 4696 2894 4750 ἐπὶ
2915 4698 2984 4768 τῇ
3011 4695 3166 4766 σφῶν
3207 4694 3706 4769 ἥδοντο-,σωτηρίῳ

2123 4787 2566 4858 ἑπικρύπτοντες
2622 4787 2682 4841 δὲ
2733 4786 2871 4851 τέως
2911 4787 2976 4842 τὸ
3029 4787 3280 4858 ἥδεσθαι,
3315 4785 3707 4861 πᾷνθρςλπμ

2125 4880 2468 4951 ποιήκεσαν,
2507 4881 2604 4933 καὶ
2655 4879 2808 4933 οὐδὲν
2847 4881 2908 4932 ὲν
2964 4879 3042 4950 τῷ
3089 4877 3706 4956 καθεστηκότι

2123 4972 2393 5045 ἔπραξαν,
2417 4970 2528 5026 οὔτ’
2556 4973 2777 5037 αὐτίκα,
2802 4971 2920 5027 οὔθ’
2953 4972 3205 5043 ὕστερον,
3225 4972 3340 5038 hoc.

2121 5082 2317 5136 τησαν·
2360 5065 2490 5128 τοὺς
2543 5064 2590 5120 δ’
2633 5065 2876 5134 ὑπάτους
2907 5065 3008 5137 μὲν
3055 5065 3378 5138 παραυτίκα
3403 5051 3702 5134 λπευκυ,

2125 5159 2360 5230 ἑτέρους
2420 5157 2467 5211 δ’
2522 5156 2891 5230 άνθελὸμενοι·
2927 5156 3128 5228 βουλὴν
3187 5139 3582 5236 ί
3605 5154 3708 5232 καὶ

2123 5249 2302 5305 ἐδόκει
2343 5250 2446 5322 μὲν
2487 5245 3029 5328 σφίσιμῇδέξᾳισθαι
3043 5249 3164 5322 τὴν,
3195 5237 3706 5321 σύμϐαβιυρέῂὶ

2121 5342 2180 5398 δι
2219 5342 2484 5399 ἀδύνατον
2526 5327 3060 5418 ἧν-ξ.τοῧτο’δρᾶσαι,
3101 5343 3188 5414 μὴ
3219 5342 3356 5416 οὐχὶ
3385 5343 3534 5420 προς

2126 5437 2449 5508 πράξαντας
2478 5437 2650 5508 αὐτὴν
2675 5421 2986 5510 τρέψαντας
3015 5436 3116 5506 τὴν
3145 5437 3350 5504 uirtute,

2123 5529 2235 5583 τῶν
2269 5529 2496 5584 ὑπάτων
2527 5525 3042 5600 καταψηφίσασθαι,
3060 5527 3702 5602 καὶτῶν-άλλωριςμθ

2124 5619 2306 5676 αὐτῶν
2322 5622 2496 5692 ἀρχάς
2515 5639 2667 5686 τινας
2688 5621 2950 5692 ἄρχοντες
2964 5620 3062 5684 τὰς
3095 5603 3332 5685 σπονδάς
3349 5621 3702 5694 ἐποιήσαντο.

2130 5712 2363 5766 Ὠιινουν
2401 5713 2459 5767 δὲ
2489 5713 2584 5768 καὶ
2607 5714 2849 5782 ἀφεῖναι,
2886 5715 2983 5768 ινα
3019 5715 3095 5785 μὴ
3126 5713 3214 5783 ἐφ’
3245 5715 3478 5779 ἑαυτοὺς
3503 5715 3566 5772 τὸ
3595 5730 3700 5766 παι

2130 5803 2499 5873 ρασπόνδημα
2532 5805 2964 5876 περιστήσωσιν.
2990 5806 3186 5884 Αύτοίς
3213 5803 3308 5864 οὖν
3331 5805 3564 5870 ἐκείνοις
3585 5805 3698 5866 τοῖς
