4008 6250
352 390 459 455 629
1612 395 2022 461 ANNALIUM
2066 397 2209 458 LIB.
2250 397 2418 461 VIII.
3511 402 3618 464 630

351 505 581 569 ὑπάτοις
627 505 1086 571 ἐπεκοινὼσαντο,
1121 509 1213 563 xui
1247 509 1448 580 πρώτῳ
1492 528 1556 580 γε
1589 512 1664 583 τῷ
1688 514 1918 566 Ποστου-

2031 511 2310 582 equitibus
2359 513 2511 577 suis,
2559 524 2698 582 quos
2733 510 2832 566 iilli
2916 512 3066 584 pacis
3122 512 3345 571 obsides
3379 517 3620 572 retinue-

353 598 465 669 μὶῳ
514 599 613 670 τὴν
659 600 837 670 ψῆφον
872 602 1175 672 ἐπήγαγον,
1205 604 1353 669 ὅπως
1385 605 1540 668 οὑτδς
1586 605 1706 659 καθ’
1729 605 1924 660 ἑαυτοῦ
2036 616 2181 659 rant.

351 691 581 765 γνώμην
609 695 984 766 ἀποφήνηται,
1011 697 1242 768 αἰσχύνῃ
1279 697 1371 752 τοῦ
1418 698 1492 770 μὴ
1554 700 1763 765 πάντας
1790 699 2012 766 ἀδοξίας
2050 698 2473 771 ἀναπληρῶσαι.
2544 697 2600 754 Ὀ
2645 698 2702 753 δὲ
2737 699 3024 770 παρελθὼν
3051 701 3130 765 είς
3167 701 3230 754 τὸ
3271 702 3456 772 μέσον,
3489 705 3622 775 ἔφη-

355 784 430 854 μὴ
454 785 566 838 δεῖν
593 787 914 859 κυρωθῆναι
948 789 1019 843 τὰ
1075 789 1166 844 ὑπ’
1199 792 1382 846 αὐτῶν
1443 793 1810 866 πεπραγμένα
1865 794 2020 864 παρὰ
2056 795 2154 863 τῆς
2203 793 2496 863 γερουσίας
2529 795 2625 848 xui
2667 795 2761 848 τοῦ
2826 795 3001 864 δήμου
3031 810 3047 826 ο
3079 796 3212 866 μηδὲ
3259 797 3368 866 γὰρ
3414 796 3614 858 αὐτοὺς

351 877 619 941 ἑκουσίως
651 879 859 950 πρᾶξαι
893 882 1072 949 αὐτὰ,
1111 883 1228 937 ἀλλ’
1268 885 1488 959 ἀνάγκῃ
1552 888 1973 959 συνεχομένους,
2012 887 2080 958 ἣν
2131 888 2319 951 αὐτοῖς
2374 889 2656 958 ἐπήγαγον
2704 889 2754 940 οί
2811 887 3060 957 πολέμιοι
3111 888 3209 941 οὐκ
3273 889 3332 955 ἐξ
3391 890 3614 960 ἀρετῆς,

350 967 469 1022 ἀλλ’
493 972 556 1024 ἐκ
595 970 751 1026 δόλου
795 974 889 1027 xui
921 975 981 1039 ἐξ
1006 975 1252 1047 ἐνέδρας.
1286 977 1352 1031 Οἱ
1427 977 1553 1047 γοῦν
1582 979 1972 1051 ἀπατήσαντες
2013 981 2062 1032 εί
2103 979 2591 1050 ἀντηπατήθησαν,
2639 980 2739 1033 οὐκ
2808 979 2873 1033 ἂν
2915 979 3166 1034 δύναιντο
3195 981 3418 1044 δικαίως
3449 983 3616 1049 ἐγκα-

347 1061 464 1114 λεῖν
483 1066 596 1127 τοῖς
627 1066 1065 1139 ἁνταπατήσασι.
1110 1069 1296 1122 Ταῦτα
1347 1072 1530 1124 τοίνυν
1596 1071 1846 1136 εἰπόντος
1908 1071 2003 1125 xui
2041 1070 2271 1126 τοιαῦτα
2323 1072 2516 1134 πολλὰ,
2567 1074 2625 1126 ἐν
2680 1072 2964 1146 ἀμηχανίᾳ
3009 1077 3041 1146 ὴ
3087 1075 3346 1144 γερουσία
3377 1076 3615 1142 ἐγένετο·

355 1156 453 1210 τοῦ
494 1157 553 1210 δὲ
585 1158 930 1231 Ποστουμίου
977 1161 1073 1214 xui
1119 1160 1213 1216 τοῦ
1248 1163 1554 1218 Καλουίνου
1593 1166 1676 1230 είς
1747 1165 1975 1228 ἑαυτοὺς
2019 1166 2118 1237 τὴν
2177 1165 2361 1220 αίτίαν
2419 1166 2857 1236 άναδεχομένων,
2893 1167 3174 1239 ἐψηφίσθη
3230 1170 3371 1239 μήτε
3437 1184 3620 1235 κυρω-

349 1255 512 1326 θῆναι
579 1256 649 1310 τὰ
705 1258 1130 1329 ὡμολογημένα,
1196 1261 1442 1325 ἐκείνους
1490 1279 1551 1316 τε
1610 1262 1922 1331 ἐκδοθῆναι.
1973 1262 2330 1333 Ἀπήχθησαν
2403 1258 2497 1316 οὖν
2565 1262 2659 1316 xui
2717 1263 2884 1334 ἄμφω
2929 1265 2976 1316 oi
3013 1263 3236 1327 ὕπατοι,
3285 1265 3382 1317 καὶ
3425 1265 3475 1315 οἱ
3509 1262 3620 1320 λοι-

346 1352 445 1404 ποὶ
474 1352 762 1422 ἄρχοντες,
799 1357 850 1406 oi
889 1355 984 1408 ἐπὶ
1011 1358 1199 1426 ὅρκοις
1234 1356 1729 1427 παρουσιάσαντες,
1794 1357 1877 1421 είς
1939 1358 1998 1411 τὸ
2040 1357 2278 1428 Σάμνιον
2328 1356 2471 1427 (6“).
2510 1357 2586 1413 Οὐ
2623 1357 2806 1428 μέντοι
2857 1358 3058 1420 αὐτοὺς
3096 1359 3148 1412 οἱ
3206 1361 3470 1430 Σαμνῖται
3504 1361 3618 1414 ese-

346 1444 530 1511 ξαντο,
575 1447 714 1501 ἀλλὰ
734 1450 864 1513 τοὺς
895 1450 1129 1514 ἁλόντας
1168 1451 1414 1524 ἀπῄτουν
1431 1452 1706 1520 ἅπαντας,
1726 1455 1821 1507 xui
1859 1456 1988 1519 τοὺς
2008 1454 2168 1518 θεοὺς
2185 1454 2499 1509 ἐπεϐοῶντο
2516 1456 2612 1508 xui.
2642 1455 2988 1519 ἐπεθείαζον,
3018 1455 3113 1508 xui
3133 1456 3285 1519 τέλος
3309 1458 3435 1523 τοῇς
3464 1457 3618 1510 ἐκδο-

346 1539 542 1602 θέντας
573 1541 957 1611 ἁντέπεμψαν.
995 1545 1058 1597 Ol
1092 1546 1149 1598 δὲ
1187 1545 1457 1617 Ῥωμαῖοι
1484 1547 1730 1614 ἐκείνους
1762 1550 1862 1618 μὲν
1925 1551 2182 1622 ἀσμένως
2220 1549 2518 1614 ἀπέλαϐον,
2557 1548 2669 1609 τοῖς
2698 1547 2756 1600 δὲ
2792 1546 3093 1616 Σαμνίταις
3126 1547 3265 1617 ὀργῇ
3301 1550 3398 1618 τὴν
3434 1553 3619 1622 μάχην

346 1629 657 1698 ἐπήγαγον.
700 1632 813 1685 Καὶ
848 1635 1256 1705 κρατήσαντες,
1290 1637 1359 1691 τὰ
1388 1638 1554 1709 ὃμοια
1587 1640 1774 1709 σφίσιν
1803 1642 2096 1712 ἐποίησαν,
2126 1643 2223 1696 xui
2266 1641 2372 1694 ὑπὸ
2418 1641 2512 1694 τόν
2550 1639 2716 1709 ζυγὸν
2776 1640 2977 1704 αὐτοὺς
3037 1641 3446 1711 ἀνθυπήγαγον,
3517 1642 3612 1696 καὶ

342 1723 590 1795 ἀφῆκαν,
651 1729 820 1797 μηδὲν
863 1731 994 1785 ἄλλο
1028 1733 1199 1786 κακὸν
1241 1734 1566 1804 δράσαντες.
1589 1739 1702 1792 Καὶ
1717 1739 1846 1802 τοὺς
1871 1738 2173 1808 σφετέρους
2197 1739 2412 1802 ἱππεῖς,
2444 1736 2541 1801 οὓς
2572 1735 2649 1801 ὡς
2684 1737 2926 1803 ὁμήοους
2957 1739 3212 1809 κατεῖχον
3238 1739 3286 1792 οἰ
3320 1740 3611 1808 Σαμνῖται,

343 1821 585 1885 ἀπαθεῖς
609 1822 973 1878 ἐκομίσαντο.

1564 1942 1769 2003 Varia;
1801 1941 2118 2006 lectiones
2169 1950 2232 2006 et
2269 1950 2458 2006 notua.

436 2062 556 2133 (6")
589 2063 873 2133 Σάμνιον.
928 2063 1174 2121 Colbcrt.
1246 2064 1494 2130 Σάννιον,
1557 2074 1616 2119 ut
1667 2064 1940 2129 Σαννίται,
1983 2063 2145 2119 infra.

1468 2325 1821 2417 LIBER
1898 2323 2476 2422 OCTAVUS.

409 2526 488 2578 A'.
516 2522 673 2578 Μετὰ
696 2523 751 2578 δὲ
779 2524 1006 2594 χρόνους
1030 2522 1302 2588 πλείονας,
1328 2522 1484 2589 αὖθις
1501 2527 1610 2589 τοῖς
1633 2524 1918 2596 Σαμνίταις

2100 2526 2144 2583 ῐ.
2174 2530 2434 2587 Pluribus
2455 2531 2618 2586 annis
2631 2540 2774 2602 post,
2789 2530 3020 2586 Romani
3046 2529 3244 2588 iterum
3265 2544 3390 2586 cum
3407 2528 3616 2586 Samni-

340 2615 704 2687 πολεμοῦντες
739 2618 787 2669 oi
827 2614 1111 2686 Ῥωμαῖοι,
1141 2617 1302 2669 Γαΐου
1349 2617 1576 2670 Ἰουνίου
1611 2619 1918 2689 ἡγουμένου

338 2711 541 2773 αὐτῶν,
588 2713 842 2781 συμφορᾷ
895 2710 1242 2779 περςέπεσον.
1292 2711 1630 2781 Πορθοῦντος
1671 2713 1781 2784 γὰρ
1823 2711 1918 2773 τοῦ

350 2803 568 2856 Ἰουνίου
620 2803 719 2873 τὴν
773 2803 955 2874 χώραν
981 2803 1182 2868 αὐτῶν,
1223 2803 1300 2868 είς
1329 2803 1426 2868 τὰς
1463 2803 1593 2870 ὕλας
1627 2804 1727 2868 τὰς
1767 2805 1922 2876 Ἀόρ-

337 2913 482 2961 νους,
514 2897 579 2950 τὰ
621 2897 892 2968 προσόντα
921 2899 968 2950 oi
1011 2898 1276 2967 Σαμνῖται
1312 2898 1731 2968 ἀνεκομίσαντο,
1776 2898 1920 2953 οὕτω

336 2990 682 3060 καλουμένας
713 2989 818 3044 ὑπὸ
851 2988 943 3043 τοῦ
996 2989 1117 3061 μηδ’
1149 2991 1296 3062 ὅρνις
1326 2991 1669 3044 είσπέτεσθαι
1705 2991 1784 3055 είς
1818 2991 1919 3044 αὐ-

334 3087 437 3145 τάς
487 3087 554 3156 τῇ
612 3085 724 3139 τῶν
776 3085 1006 3154 δενδρῶν
1059 3086 1380 3154 πυκνότητι.
1430 3085 1582 3139 Ἐκεῖ
1627 3085 1683 3138 δὲ
1744 3085 1916 3150 ὄντες,

338 3176 570 3246 ποίμνιά
611 3195 733 3231 τινα
781 3178 1060 3248 ποιμένων
1107 3178 1138 3249 ἢ
1181 3178 1433 3249 φρουρῶν
1487 3166 1616 3232 ἄνευ
1677 3179 1918 3250 προκαθ-

338 3269 613 3331 ιστάντες,
653 3268 746 3321 xui
805 3269 1273 3339 ψευδαυτομόλους
1335 3271 1774 3340 ὑποπέμποντες,
1843 3271 1918 3335 ὡς

337 3360 424 3428 ἐφ’
449 3359 672 3429 ἑτοίμην
707 3359 856 3412 λείαν
903 3361 1097 3422 αὐτοὺς
1154 3361 1520 3431 ὑπηγάγοντο.
1567 3360 1711 3414 Εἴσω
1743 3360 1797 3414 δὲ
1829 3377 1920 3427 γε-

334 3452 598 3521 νομένους
645 3453 740 3522 τῆς
796 3451 928 3522 ὕλης
961 3453 1248 3523 περιέσχον
1280 3468 1336 3506 τε
1370 3453 1530 3521 σφᾶς,
1564 3453 1659 3504 xui.
1691 3451 1750 3504 οὐ
1782 3451 1918 3522 πρό-

335 3563 496 3615 τερον
524 3546 834 3600 ἐπαύσαντο
866 3548 1198 3613 κτείναντες,
1234 3547 1362 3617 πρὶν
1406 3547 1593 3600 τέλεον
1628 3549 1913 3615 ὲκκαμεῖν.

336 3638 450 3691 Καὶ
485 3639 671 3691 ἄλλοτε
702 3638 758 3691 δὲ
791 3639 1052 3701 πολλάκις
1087 3641 1201 3701 τοῖς
1244 3639 1538 3709 Ῥωμαίοις
1563 3639 1691 3691 πολε
1703 3641 1916 3708 μήσαν-

337 3746 426 3791 τες
470 3731 515 3782 οί
553 3730 838 3798 Σαμνῖται,
867 3731 960 3783 xui
1001 3730 1350 3800 ἡττηθέντες.
1399 3730 1498 3782 οὐκ
1538 3730 1914 3802 ἐφησύχασανν

337 3822 473 3874 ἀλλὰ
506 3822 599 3875 xui
636 3822 958 3892 συμμάχους
995 3821 1187 3886 ἄλλους
1236 3839 1294 3875 τε
1327 3823 1782 3894 προσλαϐόμενοι,
1821 3823 1917 3877 xui

339 3913 609 3977 Γαλάτας,
643 3914 716 3976 ὡς
747 3915 839 3966 xui
873 3915 1008 3982 πρὸς
1049 3914 1146 3984 τὴν
1182 3913 1398 3984 Ῥώμην
1429 3914 1597 3984 αὐτὴν
1635 3915 1916 3980 ἐλάσοντες

340 4007 720 4076 ἡτοιμάζοντο.
757 4008 821 4060 Ὃ
856 4007 903 4059 oi
935 4006 1194 4076 Ῥωμαῖοι
1229 4007 1511 4077 μαθόντες,
1549 4009 1604 4072 ἐς
1643 4007 1760 4069 δέος
1789 4026 1924 4062 κατ·

343 4100 596 4169 ἔστησαν,
654 4099 750 4152 xui
803 4100 1052 4170 σημείων
1119 4099 1332 4154 πολλῶν
1377 4100 1575 4164 αὐτοὺς
1619 4100 1923 4169 ἐναγόντων

342 4195 422 4255 εἰς
465 4193 640 4245 τοῦτο·
679 4193 737 4244 ἐν
780 4193 889 4262 γὰρ
924 4192 1001 4262 τῷ
1037 4193 1367 4263 Καπιτωλίῳ
1392 4195 1455 4247 ἐκ
1481 4191 1574 4246 τοῦ
1609 4192 1794 4264 βωμοῦ
1829 4195 1922 4248 τοῦ

340 4285 461 4348 Διὸς
484 4285 664 4352 τρισὶν
692 4285 930 4357 ἡμέραις
959 4286 1058 4357 μιᾷ
1091 4287 1190 4356 μὲν
1221 4281 1380 4357 αἷμα,
1433 4289 1530 4359 μιᾷ
1559 4287 1614 4341 δὲ
1653 4287 1794 4358 μέλι,
1830 4289 1924 4343 xui

341 4379 400 4430 ἐν
442 4379 610 4450 ἑτέρᾳ
659 4379 803 4448 γάλα
835 4377 1145 4447 θρυλλεῖται
1174 4380 1520 4453 ἀναδοθῆναι,
1552 4382 1607 4435 εί
1633 4401 1712 4452 τῳ
1747 4383 1919 4437 ταῦτα

340 4471 529 4524 πιστά.
564 4472 675 4525 Kai
726 4472 783 4525 ἐν
828 4474 894 4542 τῇ
931 4473 1108 4544 ἀγορᾷ
1135 4472 1311 4543 Νίκης
1353 4490 1407 4526 τι
1439 4473 1660 4544 ἄγαλμα
1693 4476 1922 4546 χάλκεον

341 4563 631 4632 ἱδρυμένον
680 4563 773 4616 ἐπὶ
830 4562 1031 4634 βάθρου
1086 4563 1310 4632 λιθίνου,
1346 4566 1666 4637 αὐτομάτως
1721 4569 1919 4640 εὑρέθη

343 4657 494 4708 κάτω
525 4653 696 4718 ἑστὼς
728 4657 820 4707 ἐπὶ
849 4658 972 4726 γῆς.
1015 4655 1309 4729 Ἐτύγχανε
1351 4658 1408 4712 δὲ
1439 4659 1557 4712 ἐκεῖ
1588 4661 1917 4728 ἀποϐλέπον,

337 4748 458 4801 ὅθεν
489 4750 537 4801 οἱ
567 4749 806 4802 Γαλάται
839 4749 938 4819 ἤδη
985 4749 1244 4821 ἐπῄεσαν.
1305 4748 1474 4804 Ταῦτ’
1500 4745 1592 4806 οὖν
1624 4753 1716 4805 xui
1743 4752 1922 4818 άλλως

338 4839 589 4908 ἐξεφόϐει
637 4840 727 4894 τὸν
773 4841 964 4912 δῆμον,
997 4841 1156 4894 πλέον
1185 4842 1231 4895 δ’
1268 4843 1370 4896 ὑπὸ
1397 4844 1503 4898 τῶν
1540 4845 1788 4916 μάντεων
1825 4863 1920 4899 κε-

338 4934 580 5004 κριμένα
610 4933 864 4988 ἀπαίσια.
892 4935 1101 4998 Μάνιος
1124 4935 1178 4989 δέ
1215 4953 1298 4999 τις
1327 4936 1610 5007 Τυρσηνὸς
1651 4935 1710 4990 τὸ
1739 4937 1917 5006 γένος,

337 5025 636 5095 ἐθάρσυνεν
684 5025 904 5092 αὐτοὺς,
955 5027 1124 5080 εἰπών
1163 5044 1176 5057 ·
1214 5027 1333 5096 Τήν
1360 5045 1422 5082 τε
1451 5029 1660 5098 Νίκην,
1711 5032 1761 5084 εὶ
1818 5029 1918 5084 καί

342 5117 575 5184 κατέϐη,
631 5117 880 5182 ἁλλέίς
926 5117 993 5170 τὸ
1041 5120 1309 5186 πρόσθεν
1359 5119 1915 5190 προσχωρήσασαν,

2025 2618 2173 2675 tibus
2184 2619 2314 2676 Caio
2333 2621 2494 2676 Junio
2513 2621 2652 2677 duce
2674 2637 2775 2676 con
2790 2622 2993 2692 gressi,
3014 2621 3228 2677 cladem
3269 2629 3619 2691 acceperunt.

2021 2712 2156 2766 Nam
2187 2715 2378 2769 cumis
2397 2730 2556 2786 agros
2575 2730 2768 2769 eorum
2791 2723 3052 2778 vastaret,
3076 2713 3351 2769 Samnites
3378 2727 3467 2768 res
3496 2727 3624 2769 suas

2023 2805 2079 2861 in
2125 2807 2293 2862 silvas
2319 2809 2618 2863 altissimas
2650 2817 2704 2863 et
2728 2807 3104 2871 densissimas,
3121 2822 3231 2876 quo
3251 2822 3354 2861 nec
3377 2821 3507 2861 aves
3523 2805 3622 2860 ad-

2021 2900 2204 2954 volare
2223 2899 2503 2965 dicuntur,
2523 2901 3068 2969 contulerunt,atquc
3087 2899 3214 2953 inde
3226 2899 3484 2968 gregibus
3501 2898 3621 2954 sine

2021 2993 2336 3062 pastoribus
2354 3003 2405 3048 et
2429 2993 2699 3063 prresidiis
2713 2992 2953 3051 emissis.
2975 3002 3030 3046 et
3046 2990 3342 3060 transfugis
3356 2989 3611 3045 suborna.

2023 3086 2112 3149 tis,
2147 3085 2334 3142 hostes
2361 3096 2616 3156 tanquam
2635 3087 2700 3140 ad
2726 3093 2969 3156 paratam
2991 3083 3229 3154 praedam
3253 3083 3620 3153 pellexerunt.

2022 3178 2128 3234 Sed
2159 3193 2286 3232 cum
2321 3179 2375 3232 in
2405 3179 2598 3232 silvam
2632 3187 3048 3248 penetrassent,
3071 3191 3182 3230 non
3214 3177 3367 3247 prius
3382 3189 3481 3231 eos
3505 3175 3619 3231 cir-

2020 3277 2344 3324 cumveutos
2377 3269 2588 3324 caedere
2614 3269 2973 3332 destiterunt,
3001 3283 3170 3338 quam
3205 3267 3368 3338 plane
3398 3266 3614 3322 viribus

1958 3349 1964 3354 ’
2019 3362 2270 3417 destituti
2298 3373 2503 3418 essent.
2541 3359 2645 3416 Sed
2677 3361 2884 3416 ctalias
2906 3376 3048 3430 saepe
3080 3357 3623 3416 SamnitesaRoma—

2017 3455 2106 3511 nis
2138 3457 2291 3522 victi,
2341 3472 2449 3510 non
2471 3456 2834 3526 quieverunt:
2863 3455 2960 3510 sed
2979 3470 3104 3509 cum
3139 3454 3284 3519 aliis,
3305 3463 3420 3508 tum
3448 3452 3621 3508 Gallis

2019 3549 2182 3604 sociis
2222 3549 2430 3611 ascitis.
2477 3549 2626 3604 itase
2659 3556 2949 3619 pararunt,
3004 3547 3161 3616 quasi
3186 3547 3364 3616 ipsam
3418 3546 3614 3600 urbem

2019 3640 2387 3711 Oppugnaturi
2415 3650 2616 3695 essent.
2631 3639 2751 3708 Quo
2776 3639 3008 3694 Romani
3029 3639 3249 3710 cognito
3267 3639 3448 3694 territi
3465 3646 3617 3692 sunt.

1984 3733 2185 3786 etiam
2237 3733 2505 3803 prodigiis
2572 3733 2762 3788 multis
2812 3732 3104 3787 admoniti.
3156 3732 3291 3786 Nam
3347 3745 3410 3786 ex
3458 3729 3612 3786 lovis

2018 3823 2318 3893 Capitolini
2348 3839 2441 3877 ara
2493 3825 2670 3878 tribus
2701 3825 2918 3889 diebus,
2975 3839 3085 3877 uno
3131 3822 3376 3893 sanguis,
3436 3823 3612 3879 altero

2027 3917 2156 3981 mel,
2179 3917 2346 3971 tertio
2388 3918 2470 3971 lac
2501 3933 2788 3972 emanasse
2822 3916 3019 3980 fertur,
3061 3917 3104 3970 si
3141 3916 3256 3969 haec
3281 3918 3508 3971 credere
3537 3916 3619 3972 fas

2024 4022 2110 4069 est
2138 4033 2151 4068 :
2184 4025 2240 4069 et
2288 4015 2340 4087 in
2375 4014 2497 4069 foro
2525 4015 2782 4071 Victorias
2807 4015 3164 4070 simulacrum
3197 4029 3398 4070 aereum
3427 4016 3479 4068 in
3502 4015 3618 4070 solo

2025 4122 2336 4162 marmoreo
2371 4107 2632 4177 positum,
2664 4117 2947 4178 repertum
2972 4115 3056 4162 est
3081 4107 3225 4161 ultro
3256 4107 3406 4161 humi
3439 4116 3614 4174 stans,

2023 4197 2179 4252 vultu
2215 4211 2282 4251 eo
2315 4211 2606 4261 converso,
2658 4195 2802 4250 unde
2850 4194 2987 4252 Galli
3035 4194 3430 4250 adventabant.
3483 4193 3615 4260 Quae

2023 4305 2149 4346 eum
2189 4305 2286 4359 per
2312 4304 2370 4343 se
2397 4297 2668 4345 terrerent
2692 4288 2978 4359 populum,
3009 4297 3190 4343 terror
3217 4287 3264 4342 is
3303 4287 3370 4341 ab
3397 4287 3613 4357 aruspi-

2024 4381 2183 4436 cibus
2208 4381 2327 4436 dira
2355 4381 2681 4436 canentibus
2724 4380 3050 4452 augebatur.
3093 4379 3202 4435 Sed
3233 4379 3448 4434 Manius
3485 4379 3616 4449 qui-

2023 4475 2150 4531 dam
2181 4475 2501 4546 Tyrrhenus
2531 4491 2755 4549 genere,
2790 4491 2886 4531 eos
2915 4477 3282 4531 conﬁrmavit.
3320 4474 3460 4529 Nam
3495 4476 3616 4540 etsi,

2023 4571 2224 4642 inquit,
2271 4565 2502 4626 Victoria
2536 4569 2822 4636 descendit,
2859 4577 3037 4624 tamen
3063 4587 3178 4624 cum
3212 4585 3488 4640 progressa
3523 4571 3613 4629 sit.

2023 4673 2071 4717 et
2096 4663 2304 4730 ﬁrmius
2340 4663 2396 4718 in
2431 4671 2575 4717 terra
2598 4661 2796 4730 deﬁxa,
2825 4662 3098 4716 victoriam
3134 4663 3428 4716 denuntiat.
3462 4660 3614 4727 Quod

2024 4766 2202 4811 autem
2226 4757 2445 4826 sanguis
2474 4770 2537 4808 ea:
2566 4771 2664 4808 ara
2694 4753 2837 4808 Iovis
2868 4753 3159 4822 Capitolini
3198 4754 3483 4817 enianarit,
3532 4755 3614 4805 iu-

2021 4850 2158 4904 dicio
2177 4866 2304 4914 esse,
2359 4847 2523 4920 366
2559 4848 2756 4902 multas
2789 4847 3027 4902 victimas
3084 4847 3184 4900 diis
3224 4843 3613 4900 immortalibus

2020 4940 2354 4995 immolatum
2387 4941 2477 4993 iri.
2519 4940 2657 4994 Aras
2706 4942 2866 5002 enim,
2909 4939 3207 5009 praesertim
3255 4935 3610 5007 Capitolinas,

2020 5035 2075 5088 in
2101 5032 2286 5104 quibus
2312 5033 2696 5101 triumphantes
2729 5029 3032 5099 sacriﬁcare
3075 5028 3304 5092 soleant,
3343 5029 3494 5080 rebus
3526 5044 3610 5080 se-

2021 5124 2208 5177 cundis
2251 5123 2421 5194 potius
2488 5138 2651 5191 quam
2706 5121 2939 5175 adversis
2979 5121 3251 5174 cruentari
3289 5118 3478 5172 solere.
3527 5118 3611 5172 Ex

338 5210 433 5262 καί
455 5210 846 5279 βεϐαιότερον
869 5209 967 5263 ἐπὶ
994 5209 1106 5280 τῆς
1133 5209 1246 5282 γῆς
1275 5212 1644 5280 ἱδρυθεῖσαν,
1677 5214 1745 5268 τὸ
1774 5215 1916 5284 κρά-

2021 5209 2101 5265 his
2133 5211 2295 5281 igitur
2333 5226 2418 5264 eos
2470 5209 2592 5263 lwta
2623 5217 2925 5280 exspectare
2943 5210 3182 5280 jubebat.
3234 5207 3396 5261 Melle
3431 5218 3608 5263 autem

339 5319 438 5370 τος
484 5302 665 5372 σφίσι
712 5302 1062 5372 προδηλοῦν
1093 5304 1200 5359 τοῦ
1231 5305 1522 5375 πολέμου,
1551 5307 1667 5361 κάκ
1698 5309 1917 5364 τούτου

339 5397 437 5450 καί
476 5397 695 5463 θυσίας
724 5397 956 5460 πολλὰς
981 5397 1356 5469 γενήσεσθαι
1393 5399 1518 5464 τοῖς
1549 5400 1729 5466 θεοῖς.
1770 5403 1918 5468 Τοὺς

338 5490 447 5560 γὰρ
462 5490 735 5559 βωμοὺς,
761 5491 860 5544 καὶ
884 5491 1154 5561 μάλιστα
1183 5493 1328 5559 τοὺς
1350 5493 1421 5546 ἐν
1442 5492 1524 5558 τῷ
1544 5497 1913 5567 Καπιτωλίῳ,

335 5582 404 5636 ἐν
456 5575 510 5648 ᾧ
550 5583 625 5637 τὰ
655 5583 972 5652 νικητήρια
1001 5586 1276 5650 θύουσιν,
1309 5586 1380 5640 ἐν
1407 5585 1538 5653 ταῖς
1569 5589 1918 5658 εὐπραγίαις

336 5674 552 5738 αὐτῶν,
614 5676 756 5730 ἀλλ’
794 5679 908 5731 οὐκ
953 5679 1024 5732 ἐν
1076 5679 1207 5746 ταῖς
1253 5679 1596 5750 συμφοραῖς
1634 5682 1764 5735 κατ’
1779 5681 1917 5750 ἔθος

335 5764 741 5833 αἱμάττειν-θαι.
805 5769 907 5823 Ἐκ
958 5771 1076 5839 μὲν
1133 5767 1246 5827 οὖν
1300 5772 1532 5826 τούτων
1588 5772 1816 5843 ἀγαθόν
1861 5791 1916 5828 τι

339 5855 502 5926 σφᾶς
533 5858 741 5915 ἔπεισε
785 5859 1140 5930 προσδοκᾶν
1163 5880 1178 5898 ο
1215 5865 1285 5919 ἐκ
1310 5862 1378 5922 δὲ
1407 5863 1515 5922 τοῦ
1536 5863 1786 5935 μέλιτος
1812 5866 1914 5921 νό-

2023 5302 2286 5368 morbum,
2326 5302 2466 5373 quod
2493 5303 2869 5371 aegrotantibus
2895 5317 2954 5354 eo
2976 5302 3042 5355 sit
3063 5315 3210 5370 opus,
3247 5299 3384 5353 lacte
3414 5299 3611 5368 famem

2017 5393 2280 5461 portendi,
2312 5393 2504 5448 aiebat.
2533 5393 2616 5447 Ad
2637 5401 2843 5447 tantam
2869 5393 3006 5445 enim
3033 5391 3312 5462 penuriam
3338 5391 3610 5446 redactum

2018 5490 2110 5552 iri,
2145 5496 2203 5542 ut
2231 5504 2349 5543 eum
2382 5489 2573 5542 victum
2600 5485 2874 5556 qua'situri
2899 5491 3090 5549 essent,
3125 5485 3217 5554 qui
3251 5493 3440 5554 sponte
3484 5501 3609 5554 pro-

2019 5584 2194 5637 veniat
2224 5584 2359 5638 citra
2397 5581 2684 5634 humanam
2722 5593 2966 5646 operam.
3006 5575 3217 5631 Manius
3249 5576 3498 5648 prodigia
3530 5577 3614 5633 sic

2023 5678 2436 5746 interpretatus,
2464 5689 2588 5728 cum
2618 5672 2733 5742 ipse
2778 5678 3007 5726 eventus
3026 5670 3610 5740 praedictionempost-

2027 5785 2090 5827 ea
2149 5769 2582 5840 comprobasset,
2649 5764 2932 5834 sapientia:
2983 5779 3049 5819 ac
3090 5764 3450 5836 praescientize
3492 5764 3609 5833 glo-

2026 5864 2162 5922 riam
2199 5869 2286 5920 est
2315 5861 2568 5932 adeptus.
2619 5855 2946 5916 Volumnius
2979 5855 3046 5915 ad
3091 5857 3294 5914 bellum
3341 5855 3610 5912 Samniti-
