4008 6250
322 325 425 386 (333

1541 329 1948 390 ANNALIUM
1993 331 2139 390 LIB.
2178 331 2350 392 Vill.

3469 335 3576 400 634

316 444 376 492 ἐκ
399 433 503 490 τῶν
540 433 798 506 λαφύρων
833 435 1214 506 ὲδημοσίευσεν
1245 455 1256 468 ·
1307 439 1335 490 ό
1370 439 1415 492 δ’
1438 440 1624 512 ἕτερος
1673 443 1877 506 ὕπατος

1993 452 2150 506 ratus,
2175 460 2238 499 ac.
2262 443 2450 512 fugere
2483 459 2498 497 :
2530 451 2659 500 ante
2693 443 2864 513 patris
2892 442 3190 499 adventum
3222 457 3421 499 manus
3443 459 3579 500 con-

315 527 449 581 κατὰ
501 525 613 578 τῶν
663 525 962 596 Τυρσηνῶν
1020 527 1376 598 στρατεύσας,
1411 531 1506 582 καὶ
1539 534 1884 603 καταστήσας

313 619 505 676 αὐτοὺς
533 617 601 670 δι’
624 615 830 686 ὀλίγου,
859 618 1002 673 σῖτόν
1033 637 1093 672 τε
1121 622 1214 674 καὶ
1244 621 1506 694 χρήματα
1545 626 1676 696 παρ’
1705 626 1885 678 αὐτῶν

315 710 629 782 εἰσπράξας,
672 708 741 764 τά
793 711 891 780 μὲν
940 714 1052 776 τοῖς
1106 716 1467 782 στρατιώταις
1524 715 1766 782 διέδωκε,
1820 718 1886 770 τὰ

311 804 353 858 δ’
375 804 690 874 εἰσήνεγκεν
733 804 811 866 είς
858 804 982 868 τοὺς
1015 804 1343 876 θησαυρούς.
1382 807 1800 877 Συμόεὸηκότος
1829 809 1886 861 δὲ

311 894 492 965 λοιμοῦ
535 893 777 966 ἰσχυροῦ,
809 895 858 948 οἱ
885 890 1156 964 Σαμνῖται
1181 901 1276 951 καὶ
1312 899 1572 955 Φάλισκοι
1616 917 1888 972 καταφρο-

309 990 566 1057 νήσαντες
598 986 710 1040 τῶν
755 986 1045 1057 Ῥωμαίων
1090 989 1180 1043 διά
1238 1006 1299 1042 τε
1346 990 1445 1062 τὴν
1478 992 1653 1054 νόσον,
1682 995 1774 1045 καὶ
1803 993 1887 1044 ὅτι

307 1082 428 1143 τοὺς
477 1079 717 1142 ὑπάτους
746 1080 805 1132 οὐ
845 1081 968 1133 κατ’
1003 1081 1206 1152 ἀρετὴν
1238 1082 1464 1154 ᾕρηντο,
1501 1084 1575 1148 ὡς
1604 1085 1680 1154 μὴ
1728 1085 1888 1136 πολέ-

315 1187 425 1240 μων
474 1168 665 1234 ὄντων,
715 1170 1116 1242 παρεκίνησαν.
1176 1173 1458 1238 Μαθόντες
1520 1175 1613 1230 οὖν
1661 1176 1810 1229 τοῦθ’
1836 1178 1888 1230 οἱ

320 1261 616 1330 Ῥωμαῖοι,
684 1252 887 1332 ’Ῑουνίῳ
949 1264 1048 1332 μὲν
1109 1265 1329 1337 Βρούτῳ
1393 1267 1484 1320 τὸν
1538 1268 1884 1338 Καρουίλιον,

311 1353 524 1424 Κυῖντῳ
547 1351 603 1405 δὲ
635 1353 819 1424 Φαϐίῳ
851 1355 944 1407 τὶν
975 1357 1189 1428 πατέρα
1218 1357 1310 1410 τὸν
1350 1358 1604 1414 Ῥοῦλλον
1637 1360 1730 1414 τὸν
1761 1362 1884 1416 Μά-

313 1443 461 1513 ξιμον
492 1445 945 1516 ὑποστρατήγους
975 1446 1030 1516 ἦ,
1053 1448 1416 1516 πρεσϐευτὰς,
1447 1452 1884 1523 συνεξέπεμψαν.

319 1534 375 1588 '0
409 1535 508 1604 μὲν
537 1531 630 1588 οὖν
666 1535 899 1607 Βροῦτος
928 1537 1232 1602 Φαλίσκους
1271 1541 1511 1610 ἐνίκησε,
1547 1543 1642 1595 καὶ
1667 1543 1735 1596 τὰ
1764 1544 1887 1596 τού-

306 1644 407 1679 των
447 1627 544 1681 καὶ
591 1628 660 1681 τὰ
707 1628 817 1682 τῶν
857 1629 1035 1682 ἄλλων
1070 1631 1369 1702 Τυρσηνῶν
1400 1632 1662 1703 ὲληῖζετο.
1687 1636 1886 1700 Φάϐιος

305 1717 355 1770 δὲ
382 1717 478 1787 τῆς
519 1717 739 1790 Ῥώμης
774 1720 878 1790 πρὸ
935 1722 1027 1775 τοῦ
1081 1723 1285 1794 πατρὸς
1315 1721 1601 1791 ἐξελάσας,
1637 1729 1729 1780 καὶ
1762 1731 1886 1793 τοὺς

305 1809 578 1878 Σαμνίτας
640 1808 920 1881 ληῖζεσθαι
985 1814 1084 1884 τὴν
1149 1816 1488 1885 Καμπανίδα
1543 1818 1882 1889 πυθόμενος,

303 1900 589 1970 ἠπείγετο,
621 1905 955 1974 προσκόποις
977 1905 1036 1959 τέ
1069 1924 1210 1960 τισιν
1240 1908 1420 1962 αὐτῶν
1477 1911 1738 1981 ἐντυχὼν,
1790 1915 1885 1966 καὶ⁸

301 1996 506 2064 ταχέως
540 1995 968 2068 ἀποχωροῦντας
1007 2003 1148 2069 σφᾶς
1192 2001 1550 2072 θεασάμενος,
1582 2005 1794 2067 πάντας
1823 2022 1883 2060 τε

303 2087 595 2156 πολεμίους
619 2091 736 2144 ἐκεῖ
763 2093 1056 2162 τυγχάνειν
1087 2094 1330 2164 ἐνόμισε,
1367 2096 1462 2149 καὶ
1493 2097 1716 2166 φεύγειν
1767 2100 1885 2151 ἐπι-

593 2181 702 2234 κάκ
728 2184 920 2236 τούτου
953 2186 1199 2249 σπεύσας
1227 2187 1410 2250 αὐτοῖς
1443 2188 1744 2258 συμσαλείν
1776 2191 1884 2262 πρὸ

298 2268 387 2321 τοῦ
417 2270 510 2324 τὸν
547 2272 761 2342 πατέρα
796 2275 960 2330 αὑτοῦ
999 2277 1316 2346 ἀφικέσθαι,
1352 2277 1420 2331 ἵν’
1451 2278 1620 2333 αὑτοῦ
1673 2280 1733 2332 τὸ
1784 2296 1882 2332 κα-

302 2196 488 2233 στευσε
521 2197 539 2212 ⁸

1990 551 2176 592 serere
2204 550 2528 606 properans,
2566 545 2626 589 ut
2677 546 2835 590 suum
2884 545 3031 592 esset
3069 536 3264 599 decus.
3299 536 3451 591 nullo
3481 552 3577 591 or-

1989 629 2118 683 dine
2141 626 2434 696 processit;
2462 634 2517 682 et
2551 626 2603 681 in
2623 627 2904 682 confertos
2925 627 3115 682 hostes
3141 627 3418 697 delapsus,
3446 642 3572 682 cum

1987 719 2237 774 exercitu
2297 732 2474 772 caesus
2547 727 2713 779 esset.
2774 718 2881 773 nisi
2941 734 3068 773 mox
3135 719 3570 788 supervenisset.

1989 812 2140 867 Multi
2175 811 2341 867 etiam
2380 820 2506 881 post
2537 810 2786 880 praelium
2823 813 3131 881 perierunt,
3165 826 3344 880 neque
3392 810 3575 864 rnedi-

1989 919 2116 960 cum
2164 919 2344 974 neque
2387 903 2684 973 quidquam
2738 903 3041 958 valetudini
3081 902 3340 958 curandae
3383 911 3572 972 aptum

1991 997 2257 1052 habentes
2288 1013 2301 1050 :
2333 996 2480 1065 quod
2514 996 2920 1065 impedimentis
2945 996 3106 1066 longe
3133 1002 3568 1058 anteverterant,

1989 1103 2087 1158 spe
2137 1089 2383 1143 victoriae
2414 1089 2598 1143 statim
2651 1087 3056 1157 adipiscendae;
3099 1102 3166 1142 ac
3214 1086 3321 1142 nisi
3364 1095 3572 1156 patrem

1987 1181 2117 1251 ejus
2140 1180 2192 1234 in
2219 1181 2528 1250 propinquo
2559 1194 2682 1236 esse
2711 1181 2810 1234 rati
2837 1179 3115 1234 Samnites
3139 1193 3286 1234 metu
3317 1179 3577 1233 recessis-

1987 1283 2134 1337 sent,
2175 1273 2402 1327 omnino
2467 1271 2735 1341 postridie
2782 1286 3004 1341 quoque
3065 1286 3166 1327 eos
3215 1269 3570 1325 occidissent.

1985 1365 2120 1433 Quae
2151 1380 2275 1422 cum
2321 1365 2380 1420 in
2429 1365 2627 1420 urbem
2670 1364 2920 1420 nuntiata
2961 1371 3169 1427 essent,
3197 1377 3392 1432 magna
3432 1358 3574 1414 indi-

1983 1460 2254 1530 gnatione
2283 1468 2426 1524 orta,
2465 1469 2521 1514 et
2551 1459 2769 1514 consuli
2804 1467 3063 1512 revocato
3095 1457 3184 1510 die
3219 1456 3387 1517 dicta,
3414 1463 3573 1523 pater

1988 1553 2111 1623 ejus
2134 1565 2326 1614 senex.
2362 1559 2477 1604 tum
2505 1552 2642 1615 suis,
2681 1560 2798 1605 tum
2827 1550 3097 1621 majorum
3146 1561 3372 1603 suorum
3406 1544 3576 1598 rebus

1989 1643 2251 1712 praeclare
2289 1642 2458 1712 gestis
2487 1641 2952 1706 commemoratis,
2989 1639 3161 1694 ﬁlium
3195 1639 3330 1692 nihil
3360 1637 3466 1692 iliis
3487 1635 3573 1690 in-

1992 1733 2218 1804 dignum
2268 1733 2540 1788 facturum
2585 1732 2885 1803 pollicitus.
2919 1741 3312 1801 acceptamque
3359 1727 3573 1784 cladem

1989 1828 2135 1882 aetati
2164 1827 2465 1897 imputans.
2497 1826 2574 1881 ira
2599 1826 2788 1896 populi
2813 1826 3078 1895 mitigata,
3105 1837 3230 1879 cum
3262 1837 3329 1877 eo
3383 1820 3574 1890 profe—

1988 1929 2135 1983 ctus,
2157 1919 2432 1974 Samnites
2459 1918 2636 1974 victos
2673 1917 2871 1972 castris
2901 1918 3074 1982 exuit,
3107 1930 3269 1986 agros
3299 1913 3534 1968 vastavit
3561 1931 3574 1966 :

1987 2023 2044 2068 et
2075 2011 2336 2082 praedam,
2393 2025 2514 2080 quae
2550 2025 2744 2079 magna
2785 2017 2926 2068 erat,
2975 2008 3172 2077 partim
3218 2005 3274 2059 in
3319 2003 3576 2060 aerarium

1981 2103 2196 2168 retulit,
2231 2102 2430 2172 partim
2494 2101 2766 2156 militibus
2818 2099 2985 2170 368
3049 2096 3354 2154 distribuit.
3398 2095 3475 2150 Ea
3505 2093 3576 2146 (lt:

1987 2208 2151 2248 causa
2183 2205 2308 2246 cum
2351 2190 2452 2259 ipsi
2498 2189 2666 2244 Fabio
2690 2189 2870 2243 honos
2895 2199 2981 2243 est
3005 2187 3226 2243 habitu
3255 2202 3269 2239 :
3305 2194 3421 2240 tum
3463 2181 3575 2236 tilio

1985 2285 2338 2355 permissum,
2378 2292 2438 2338 ut
2487 2283 2656 2337 etiam
2693 2282 2958 2352 deinceps
2994 2297 3095 2352 pro
3128 2279 3354 2335 consule
3399 2277 3578 2345 impe-

297 2363 603 2434 τόρθωμα,
672 2368 808 2422 ἀλλὰ
875 2370 950 2440 μὴ
1011 2371 1222 2424 ἐκείνου
1276 2372 1429 2442 δοκῇ,
1491 2371 1883 2443 προεχώρησεν

1993 2384 2152 2435 raret,
2181 2383 2295 2428 tum
2325 2388 2547 2444 quoque
2565 2384 2721 2442 patre
2749 2375 2926 2444 legato
2951 2383 3134 2435 utens,
3167 2370 3289 2440 qui,
3313 2367 3456 2422 nihil
3483 2380 3574 2422 se-

295 2455 652 2522 ἀσυντάκτως
676 2478 690 2491 ·
747 2462 842 2512 καὶ
871 2461 1186 2532 περιπεσὼν
1210 2462 1430 2533 ἁθρόοις
1456 2465 1570 2526 τοῖς
1600 2463 1882 2534 πολεμίοις

1993 2467 2195 2523 nectuti
2220 2483 2334 2522 suae
2359 2481 2616 2537 parcens,
2646 2470 2766 2536 ipse
2785 2465 3196 2521 administravit
3222 2462 3406 2516 omnia
3444 2458 3577 2514 :sed

298 2551 535 2604 πανσυδὶ
568 2551 634 2607 ἂν
667 2553 956 2627 διεφθάρη.
1013 2558 1066 2609 εί
1126 2557 1204 2626 μὴ
1254 2556 1349 2622 νὺξ
1399 2557 1638 2626 ἐγένετο.
1691 2558 1884 2611 Πολλοὶ

1993 2558 2422 2623 dissimulanter,
2460 2571 2572 2616 uta
2603 2560 2714 2616 tilio
2739 2569 2863 2616 aeta
2889 2574 3015 2615 esse
3044 2557 3392 2613 viderentur.

295 2645 338 2700 δ’
372 2644 461 2699 οὖν
491 2649 596 2702 καὶ
633 2650 773 2718 μετὰ
842 2651 1017 2705 ταῦτα
1070 2652 1388 2724 τεθνήκασι,
1447 2651 1576 2724 μήτ’
1619 2652 1809 2724 ἰατροῦ
1884 2655 2010 2725 μήτ’
2039 2655 2347 2726 ἐπιτηδείου
2378 2655 2523 2720 τ.νδς
2560 2656 2849 2724 παρόντος,
2878 2654 2968 2710 διὰ
2996 2653 3058 2706 τὸ
3106 2653 3240 2707 πολὺ
3315 2649 3424 2719 πρὸ
3466 2646 3578 2700 τῶν

298 2743 656 2814 σκευοφόρων
693 2747 890 2810 αὐτοὺς
917 2748 1242 2818 ἐπειχθῆναι
1293 2749 1368 2813 ὡς
1418 2749 1623 2804 αὐτίκα
1675 2750 2020 2820 νικήσοντας·
2085 2741 2177 2806 δία)
2239 2751 2460 2814 πάντως
2517 2751 2585 2804 ἂν
2612 2751 2709 2805 καὶ
2737 2751 3021 2804 ἀπώλοντο
3049 2749 3148 2818 τῆς
3178 2743 3494 2815 ὑστερσλας.
3529 2742 3577 2793 εἰ

295 2837 369 2906 μὴ
401 2839 449 2890 οἱ
488 2839 766 2908 Σαμνῖται
791 2841 881 2894 τὸν
919 2843 1132 2914 πατέρα
1159 2841 1326 2896 αὐτοῦ
1355 2844 1525 2912 ἐγγὺς
1556 2841 1698 2898 εἶναι
1769 2845 2116 2915 νομίσαντες,
2178 2845 2393 2903 ἔδεισάν
2445 2863 2507 2900 τε
2570 2846 2668 2898 καὶ
2693 2845 3070 2915 ἀνεχώρησαν.
3131 2839 3432 2909 Πυθόμενοι
3464 2831 3576 2905 (10)

297 2932 350 2984 δὲ
391 2933 553 2986 ταῦθ’
584 2934 635 2986 οἱ
681 2935 739 2987 ὲν
783 2933 859 3004 τῷ
886 2934 1062 2998 ἄστει,
1089 2935 1281 3001 δεινῶς
1342 2937 1777 3008 ἠγανάκτησαν·
1827 2939 1924 2993 καὶ
1965 2939 2459 3011 μεταπεμψάμενοι
2541 2941 2632 2998 τὸν
2679 2943 2907 3003 ὕπατον.
2958 2937 3204 2993 εὐθύνειν
3253 2933 3464 3006 ήθελον.
3515 2928 3582 2984 Ὀ

302 3025 355 3079 δὲ
377 3026 558 3096 γέρων
585 3027 614 3079 ὁ
646 3025 840 3080 τούτου
874 3027 1080 3097 πατὴρ,
1107 3027 1526 3098 καταριθμήσας
1551 3030 1622 3083 τά
1653 3047 1714 3082 τε
1739 3030 1918 3084 οἰκεῖα
1959 3029 2054 3089 καὶ
2087 3031 2162 3084 τὰ
2217 3032 2330 3086 τῶν
2363 3034 2649 3102 προγόνων
2681 3030 3176 3103 ἀνδραγαθήματα,
3213 3025 3308 3080 καὶ
3341 3016 3579 3090 ὑποσχ⁶“

229 3184 232 3188 ,
306 3138 460 3191 μενος
511 3120 684 3189 μηδὲν
730 3121 909 3174 αὐτῶν
952 3121 1182 3191 πράξειν
1215 3122 1435 3190 ἀνάξιον
1503 3124 1596 3178 τὸν
1665 3123 1803 3187 υίδν,
1860 3124 1954 3178 καὶ
1992 3125 2092 3195 τὴν
2139 3124 2332 3179 τούτου
2379 3127 2612 3198 νεότητα
2661 3124 2796 3195 πρὸς
2821 3124 2883 3178 τὸ
2917 3122 3176 3192 ἀτύχημα
3227 3111 3578 3187 προσειλόμην

304 3231 406 3277 νος,
449 3215 548 3286 τῆς
607 3213 780 3284 ὀργῆς
819 3213 1015 3279 αὐτοὺς
1061 3216 1260 3270 αὐτίκα
1310 3215 1603 3286 παρέλυσε,
1664 3217 1760 3272 καί
1823 3218 1879 3272 oi
1923 3217 2280 3283 συνεξελθὼν,
2361 3220 2509 3291 μάχῃ
2558 3222 2687 3284 τοὺς
2760 3217 3036 3288 Σαμνίτας
3065 3213 3308 3282 ἐνίκησε,
3357 3205 3454 3261 καὶ
3511 3202 3576 3256 τὸ

301 3313 671 3384 στρατόπεδον
701 3312 882 3368 αὐτῶν
913 3305 1026 3365 εἷλε
1051 3327 1066 3343 ⁸
1103 3314 1204 3384 τήν
1233 3331 1296 3367 τε
1345 3311 1532 3383 χώραν
1589 3313 1884 3386 ἐπόρθησε,
1929 3316 2022 3368 καὶ
2088 3315 2242 3368 λείαν
2283 3316 2487 3387 πολλὴν
2555 3317 2760 3388 ήλασε·
2810 3315 2904 3368 καὶ
2937 3310 3005 3367 τά
3045 3311 3150 3380 μὲν
3173 3309 3342 3377 αὐτῆς
3373 3304 3572 3376 ἐδημο-

306 3407 486 3471 σίωσε,
519 3404 592 3459 τὰ
643 3403 699 3458 δὲ
751 3407 862 3468 τοῖς
902 3404 1266 3476 στρατιώταις
1301 3405 1616 3475 κατένειμε.
1647 3404 1750 3459 Διά
1797 3420 1880 3457 τοι
1920 3404 2096 3458 ταῦτα
2124 3407 2176 3458 οι
2221 3406 2485 3478 Ῥωμαῖοι
2526 3406 2733 3461 ἐκεῖνόν
2806 3423 2869 3458 τε
2936 3402 3294 3475 ὲμεγάλυνον,
3349 3394 3445 3448 καὶ
3481 3393 3574 3447 τὸν

305 3500 414 3551 υἱὸν
437 3500 532 3552 καὶ
565 3499 650 3561 είς
676 3497 737 3551 τὸ
765 3496 970 3552 ἔπειτα
991 3499 1112 3553 ἀντὶ
1136 3499 1344 3552 ὑπάτου
1373 3497 1540 3567 ἄρξαι
1601 3495 1924 3556 ἐκέλευσαν.
1966 3496 2369 3569 ὑποστρατήγῳ
2436 3500 2531 3552 καὶ
2556 3498 2680 3549 τότε
2711 3497 2788 3568 τῷ
2822 3495 2992 3566 πατρὶ
3026 3492 3331 3567 χρώμενον.
3365 3487 3476 3542 Καὶ
3501 3485 3576 3540 ὡς

304 3598 478 3652 πάντα
514 3597 620 3668 μὲν
648 3596 812 3661 αὐτὸς
840 3595 1049 3666 διῴκει,
1073 3597 1170 3650 καὶ
1191 3596 1345 3663 διῆγε
1377 3595 1547 3667 μηδὲν
1577 3593 1673 3647 τοῦ
1739 3595 1926 3664 γήρως
1969 3595 2311 3666 φειδόμενος,
2375 3597 2436 3650 οὐ
2485 3597 2670 3667 μέντοι
2701 3594 2795 3647 καὶ
2826 3591 3043 3662 ἔνδηλος
3071 3583 3140 3661 ἦν
3172 3585 3238 3642 δι’
3269 3583 3466 3640 ἑαυτοῦ
3506 3580 3576 3636 τὰ

306 3695 614 3763 πράγματα
667 3691 946 3761 πράττων,
977 3690 1114 3744 ἀλλὰ
1140 3690 1240 3760 τὴν
1269 3680 1428 3756 δόξαν
1461 3687 1571 3743 τῶν
1600 3689 1778 3758 ἔργων
1813 3686 1890 3756 τῷ
1930 3688 2085 3741 παιᾶ
2117 3689 2424 3758 προσῆπτε.

373 3785 446 3840 B'.
479 3786 646 3841 Μετὰ
672 3785 729 3840 δὲ
759 3785 933 3838 ταῦτα
963 3785 1262 3857 δημάρχων
1292 3784 1454 3839 τινῶν
1477 3783 1656 3856 χρεῶν
1679 3785 1890 3837 ἀποκο-

2073 3785 2139 3839 ll.
2181 3785 2312 3840 Post
2338 3785 2473 3847 haec.
2506 3799 2630 3839 cum
2661 3781 2868 3837 tribuni
2902 3777 3082 3850 plebis
3118 3778 3291 3846 legem
3317 3774 3386 3829 de
3417 3771 3577 3827 novis

307 3878 413 3949 πὴν
440 3875 926 3946 εἰσηγησαμένων,
957 3876 1082 3928 ἐπεὶ
1127 3877 1202 3946 μὴ
1252 3877 1345 3929 καὶ
1391 3877 1544 3946 παρὰ
1577 3875 1688 3929 τῶν
1717 3875 1892 3927 δανειο

311 3971 446 4025 στῶν
509 3970 656 4039 αὕτη
709 3968 934 4033 ἐδίδοτο,
968 3970 1260 4022 ἐστασίασε
1293 3970 1354 4022 τὸ
1386 3969 1594 4040 πλῆθος
1619 3985 1634 4002 ·
1684 3972 1779 4022 καὶ
1831 3969 1892 4020 οὐ

291 4064 577 4134 πρότερον
607 4061 677 4116 τὰ
722 4062 821 4133 τῆς
865 4062 1109 4125 στάσεως
1164 4062 1541 4131 κατηυνάσθη,
1582 4061 1690 4124 ἕως
1733 4060 1893 4114 πολέ-

311 4175 421 4228 μιοι
449 4159 514 4228 τῇ
547 4157 704 4211 πόλει
737 4154 1066 4226 ἑπήλθοσαν.
1092 4150 1307 4224 ἾΙρξαν
1344 4154 1401 4207 δὲ
1473 4153 1583 4208 τῶν
1641 4154 1895 4224 πολέμων

307 4251 358 4304 οι
385 4245 738 4323 Ταραντῖνοι,
773 4248 1120 4320 Ἰύρσηνοὺς,
1156 4249 1250 4303 καὶ
1277 4248 1549 4315 Γαλάτας,
1579 4249 1674 4302 καὶ
1690 4247 1893 4318 Σαμνί-

310 4357 429 4406 τας,
467 4343 567 4396 καὶ
601 4341 798 4404 ἄλλους
831 4340 1392 4411 προσεταιρισάμενοι
1419 4339 1693 4403 πλείονας.
1734 4336 1895 4391 Ἀλλὰ

311 4436 436 4497 τοὺς
469 4436 572 4505 μὲν
597 4433 795 4496 ἄλλους
825 4434 876 4486 οἱ
915 4431 1174 4502 Ῥωμαῖοι
1205 4432 1580 4502 συμϐαλόντες
1609 4431 1893 4501 διαφόροις

317 4528 519 4597 μάχαις
553 4525 841 4596 ἐνίκησαν,
871 4527 964 4578 καὶ
990 4525 1219 4586 ὑπάτοις
1263 4525 1454 4580 ἄλλοτε
1487 4524 1689 4589 ἄλλοις.
1736 4526 1800 4578 Οἱ
1838 4523 1894 4578 δὲ

313 4621 660 4690 Ταραντῖνοι,
693 4618 869 4673 καίτοι
904 4619 1058 4672 αὐτοὶ
1115 4617 1208 4671 τὸν
1250 4616 1487 4687 πόλεμον
1539 4616 1895 4686 παρασκευά-

316 4729 530 4775 σαντες,
588 4711 738 4779 ὃμως
790 4709 944 4764 οὔπω
995 4710 1135 4781 πρὸς
1190 4708 1369 4779 μάχην
1422 4708 1895 4778 άντικατέστησαν

314 4801 589 4874 φανερῶς.
622 4801 1042 4872 Ναυαρχοῦντος
1085 4799 1143 4853 δὲ
1177 4801 1409 4854 Λουκίου
1442 4799 1763 4869 Οὐαλερίου,
1803 4798 1896 4851 καὶ

315 4898 568 4966 τριήρεσι
597 4894 962 4965 προσορμίσαι
999 4892 1354 4964 βουληθέντος
1383 4895 1439 4954 ὲς
1470 4891 1747 4961 Τάραντα,
1775 4891 1899 4942 ἐπεὶ

316 4987 482 5056 ἀπῄει
522 4987 607 5040 ὅτι
638 4987 736 5040 σὺν
763 4987 954 5049 αὐταῖς
1004 4985 1308 5056 ἀπεστάλη,
1346 4983 1520 5052 φίλιον
1564 4983 1667 5054 τὴν
1711 4981 1897 5054 χώραν

315 5079 658 5149 ἡγούμενοςο
694 5079 743 5131 οἱ
796 5079 1124 5148 Ταραντῖνοι
1150 5078 1272 5129 κατ’
1302 5074 1484 5128 αὐτῶν
1507 5075 1894 5144 ὑποτοπήσαν-

291 5187 407 5234 ’τες
457 5171 554 5222 τὸν
605 5169 932 5241 Οὐαλλέριον
979 5169 1138 5224 πλεῖν
1185 5169 1252 5222 ὲκ
1301 5165 1399 5220 τοῦ
1458 5166 1761 5228 συνειδότος
1821 5158 1898 5218 ὧν

316 5259 510 5332 ιδρων,
545 5263 667 5332 μετ’
699 5261 870 5334 ὀργῆς
895 5259 1335 5332 ἀντανήχθησαν,
1365 5261 1458 5314 καὶ
1492 5259 1897 5330 προσπεσόντες

319 5353 468 5426 αὐτῷ
497 5353 672 5424 μηδὲν
703 5355 961 5426 πολέμιον
1001 5353 1305 5418 ἐλπίσαντι,
1349 5350 1656 5405 κατέδυσαν
1689 5349 1898 5404 ἐκεῖνόν

319 5463 377 5502 τε
415 5447 512 5500 καὶ
540 5445 743 5510 ἄλλους
769 5447 1000 5510 πολλούς
1027 5463 1041 5478 ·
1075 5447 1168 5500 καὶ
1195 5444 1324 5510 τοὺς
1354 5443 1606 5507 ἁλόντας,
1634 5443 1762 5506 τοὺς
1797 5444 1898 5513 μὲν

319 5538 641 5607 καθεῖρξαν.
689 5539 814 5603 τοὺς
862 5539 919 5593 δὲ
969 5541 1063 5593 καὶ
1103 5539 1453 5594 ἀπέκτειναν.
1486 5534 1793 5605 Πυθόμενοι
1839 5535 1896 5588 δὲ

1999 3875 2202 3930 tabulis
2256 3885 2549 3946 rogarent,
2604 3873 2693 3927 cui
2755 3871 3060 3926 creditores
3117 3868 3572 3924 intercesserunt,

1997 3978 2117 4022 orta
2168 3967 2370 4022 seditio
2427 3982 2537 4021 non
2588 3965 2902 4035 conquievit
2953 3963 3126 4032 prius,
3181 3974 3344 4028 quam
3389 3956 3578 4010 hostes

1997 4060 2188 4115 urbem
2224 4060 2566 4114 invaserunt.
2605 4057 2738 4112 Belli
2787 4057 2908 4127 ejus
2941 4053 3272 4124 principium
3309 4065 3340 4104 a
3370 4047 3578 4103 Taren-

1981 4152 2133 4206 tinis
2160 4161 2344 4206 ortum
2387 4158 2491 4216 est,
2519 4149 2610 4220 qui
2644 4163 2703 4203 se
2737 4145 3060 4219 Tyrrhenis,
3090 4141 3280 4206 Gallis,
3314 4137 3577 4194 Samniti-

1997 4243 2122 4306 bus,
2168 4251 2224 4295 et
2274 4242 2528 4312 pluribus
2574 4239 2697 4294 aliis
2749 4238 3177 4306 coniunxerunt.
3231 4233 3299 4288 At
3345 4230 3574 4285 Romani

1997 4343 2245 4399 caeteros,
2278 4351 2376 4404 per
2410 4333 2546 4389 alios
2575 4340 2739 4402 atque
2767 4331 2902 4385 alios
2939 4327 3192 4384 consules
3229 4324 3570 4380 devicerunt.

2000 4427 2282 4483 Tarentini
2319 4436 2534 4492 autem,
2592 4424 2842 4496 quamvis
2869 4422 3002 4478 belli
3060 4429 3336 4482 auctores,
3393 4425 3574 4470 tamen

1999 4530 2188 4592 aperte
2225 4520 2281 4574 in
2327 4519 2501 4575 aciem
2551 4515 2797 4573 nondum
2838 4513 3258 4571 descenderant.
3305 4507 3575 4564 Caeterum

1997 4614 2060 4668 L.
2094 4613 2372 4668 Valerium
2403 4609 2596 4666 classis
2627 4607 2965 4680 praefectum,
2995 4605 3123 4659 dum
3155 4602 3272 4656 ibat
3308 4614 3418 4670 quo
3448 4597 3579 4650 mis-

1999 4721 2095 4762 sus
2139 4713 2282 4769 erat,
2328 4701 2553 4757 Tarenti
2603 4685 2964 4772 appulsurum
3009 4698 3150 4765 (eam
3191 4691 3338 4748 enim
3385 4687 3576 4742 urbem

2000 4796 2188 4868 populi
2213 4795 2442 4848 Romani
2475 4791 2707 4848 amicam
2739 4805 2861 4845 esse
2884 4786 3162 4860 putabat),
3195 4798 3262 4838 ex
3287 4780 3576 4836 conscien-

2003 4891 2076 4943 tia
2101 4888 2411 4942 facinorum
2443 4900 2669 4941 suorum
2693 4891 2884 4939 contra
2914 4895 2973 4936 se
2995 4894 3119 4935 esse
3144 4879 3371 4933 missum
3397 4871 3578 4940 SllSpi-

2001 4979 2133 5044 cati,
2165 4977 2430 5032 iracunde
2469 4977 2679 5047 impetu
2716 4975 2880 5037 facto,
2915 4973 3052 5026 nihil
3093 4970 3292 5024 hostile
3323 4974 3576 5018 metuen-

2000 5083 2136 5134 tem,
2165 5085 2290 5124 cum
2318 5067 2506 5122 multis
2535 5066 2657 5121 aliis
2684 5065 3071 5121 demerserunt
3100 5079 3114 5114 :
3147 5066 3338 5128 captos
3376 5051 3574 5123 partim

2006 5163 2064 5219 in
2095 5175 2374 5216 carcerem
2409 5158 2788 5226 conjeeerunt,
2832 5154 3031 5224 partim
3075 5148 3417 5205 occiderunt.
3457 5141 3578 5207 Quo

2009 5253 2239 5310 Romani
2267 5250 2477 5317 audito,
2499 5248 2602 5304 etsi
2624 5247 2864 5320 graviter
2885 5258 3003 5300 eam
3031 5240 3283 5311 injuriam
3305 5234 3579 5296 ferebant,

1985 5356 2193 5402 tamen
2227 5359 2322 5413 per
2354 5343 2561 5412 legatos
2593 5355 2717 5396 cum
2745 5339 2828 5394 eis
2854 5335 3271 5405 expostularunt
3305 5347 3320 5384 :
3375 5326 3578 5398 quibus

2007 5454 2119 5493 non
2139 5436 2303 5490 modo
2318 5435 2456 5489 nihil
2471 5433 2611 5502 aequi
2636 5444 2960 5499 responsum
2997 5433 3101 5490 est,
3144 5423 3240 5478 sed
3263 5422 3427 5477 etiam
3442 5434 3578 5474 con-

2009 5532 2234 5588 tumelia
2251 5529 2414 5595 facta,
2430 5529 2493 5594 L,
2510 5522 3130 5592 Posthumiilegatorum
3147 5517 3412 5590 principis
3426 5521 3576 5569 veste

1519 5646 1728 5709 Varius
1758 5646 2069 5710 lectiones
2111 5653 2173 5707 et
2218 5653 2405 5706 notae.

402 5772 518 5844 (10)
547 5777 891 5848 Πυθόμενοι.
915 5775 1050 5835 Vide
1074 5779 1342 5849 Excerpta
1364 5775 1550 5832 Dionis
1582 5774 1887 5838 Valesiana,
1930 5788 1987 5844 p.
2009 5771 2134 5828 586.
