  <div class='ocr_page' id='page_1' title='image "/cluster/home/n/w/nwhite01/storage/ocr_20150623/134/mdp.39015032023197/325.png"; bbox 0 0 4008 6250; ppageno 0'>
   <div class='ocr_carea' id='block_1_1' title="bbox 421 346 531 406">
    <p class='ocr_par' dir='ltr' id='par_1_1' title="bbox 421 346 531 406">
     <span class='ocr_line' id='line_1_1' title="bbox 421 346 531 406; baseline 0.009 -1"><span class='ocrx_word' id='word_1_1' title='bbox 421 346 531 406; x_wconf 80' lang='grc'><strong>635</strong></span> 
     </span>
    </p>
   </div>
   <div class='ocr_carea' id='block_1_2' title="bbox 1711 340 2390 404">
    <p class='ocr_par' dir='ltr' id='par_1_2' title="bbox 1711 340 2390 404">
     <span class='ocr_line' id='line_1_2' title="bbox 1711 340 2390 404; baseline -0.003 0"><span class='ocrx_word' id='word_1_2' title='bbox 1711 340 2030 404; x_wconf 77' lang='lat' dir='ltr'><strong>JOANNIS</strong></span> <span class='ocrx_word' id='word_1_3' title='bbox 2068 342 2390 404; x_wconf 70' lang='lat' dir='ltr'><strong>ZONAR/E</strong></span> 
     </span>
    </p>
   </div>
   <div class='ocr_carea' id='block_1_3' title="bbox 3578 346 3677 410">
    <p class='ocr_par' dir='ltr' id='par_1_3' title="bbox 3578 346 3677 410">
     <span class='ocr_line' id='line_1_3' title="bbox 3578 346 3677 410; baseline 0.02 -2"><span class='ocrx_word' id='word_1_4' title='bbox 3578 346 3677 410; x_wconf 79' lang='grc'><strong>636</strong></span> 
     </span>
    </p>
   </div>
   <div class='ocr_carea' id='block_1_4' title="bbox 423 459 2028 533">
    <p class='ocr_par' dir='ltr' id='par_1_4' title="bbox 423 459 2004 532">
     <span class='ocr_line' id='line_1_4' title="bbox 423 459 2004 532; baseline -0.003 -14"><span class='ocrx_word' id='word_1_5' title='bbox 423 462 684 518; x_wconf 75' lang='lat' dir='ltr'><strong>sordibus</strong></span> <span class='ocrx_word' id='word_1_6' title='bbox 717 461 1026 532; x_wconf 72' lang='lat' dir='ltr'><strong>inquinata.</strong></span> <span class='ocrx_word' id='word_1_7' title='bbox 1057 460 1188 516; x_wconf 86' lang='lat' dir='ltr'><strong>Eam</strong></span> <span class='ocrx_word' id='word_1_8' title='bbox 1218 459 1290 516; x_wconf 92' lang='lat' dir='ltr'><strong>ob</strong></span> <span class='ocrx_word' id='word_1_9' title='bbox 1321 474 1436 516; x_wconf 90' lang='lat' dir='ltr'><strong>rem</strong></span> <span class='ocrx_word' id='word_1_10' title='bbox 1479 460 1716 516; x_wconf 89' lang='lat' dir='ltr'><strong>tumultu</strong></span> <span class='ocrx_word' id='word_1_11' title='bbox 1759 470 1904 522; x_wconf 89' lang='lat' dir='ltr'><strong>orto,</strong></span> <span class='ocrx_word' id='word_1_12' title='bbox 1941 476 2004 514; x_wconf 86' lang='lat' dir='ltr'><strong>ae</strong></span> 
     </span>
    </p>
   </div>
   <div class='ocr_carea' id='block_1_5' title="bbox 2133 459 3680 533">
    <p class='ocr_par' dir='ltr' id='par_1_5' title="bbox 2133 459 3680 533">
     <span class='ocr_line' id='line_1_5' title="bbox 2133 459 3680 533; baseline 0.007 -24"><span class='ocrx_word' id='word_1_13' title='bbox 2133 459 2262 514; x_wconf 60' lang='grc' dir='ltr'>αὖθ’</span> <span class='ocrx_word' id='word_1_14' title='bbox 2288 462 2338 514; x_wconf 80' lang='lat' dir='ltr'><strong>oi</strong></span> <span class='ocrx_word' id='word_1_15' title='bbox 2381 459 2661 530; x_wconf 76' lang='grc' dir='ltr'>Ῥωμαῖοι,</span> <span class='ocrx_word' id='word_1_16' title='bbox 2696 460 3085 533; x_wconf 75' lang='grc' dir='ltr'><strong>ἠγανάκτησαν</strong></span> <span class='ocrx_word' id='word_1_17' title='bbox 3116 461 3236 532; x_wconf 80' lang='grc' dir='ltr'>μὲν,</span> <span class='ocrx_word' id='word_1_18' title='bbox 3260 461 3520 532; x_wconf 84' lang='grc' dir='ltr'>πρέσϐεις</span> <span class='ocrx_word' id='word_1_19' title='bbox 3548 461 3594 518; x_wconf 77' lang='grc' dir='ltr'>δ’</span> <span class='ocrx_word' id='word_1_20' title='bbox 3625 467 3680 519; x_wconf 70' lang='grc' dir='ltr'><strong>ὃς</strong></span> 
     </span>
    </p>
   </div>
   <div class='ocr_carea' id='block_1_6' title="bbox 425 553 1994 618">
    <p class='ocr_par' dir='ltr' id='par_1_6' title="bbox 425 553 1994 618">
     <span class='ocr_line' id='line_1_6' title="bbox 425 553 1994 618; baseline -0.002 -8"><span class='ocrx_word' id='word_1_21' title='bbox 425 556 737 612; x_wconf 86' lang='lat' dir='ltr'><strong>Tarentinis</strong></span> <span class='ocrx_word' id='word_1_22' title='bbox 777 555 1269 618; x_wconf 89' lang='lat' dir='ltr'><strong>cachinnantibus,</strong></span> <span class='ocrx_word' id='word_1_23' title='bbox 1322 553 1675 610; x_wconf 87' lang='lat' dir='ltr'><strong>Posthumins</strong></span> <span class='ocrx_word' id='word_1_24' title='bbox 1724 573 1738 609; x_wconf 89' lang='lat'><strong>:</strong></span> <span class='ocrx_word' id='word_1_25' title='bbox 1792 553 1994 618; x_wconf 72' lang='lat' dir='ltr'><strong>Rideto,</strong></span> 
     </span>
    </p>
   </div>
   <div class='ocr_carea' id='block_1_7' title="bbox 427 648 2000 719">
    <p class='ocr_par' dir='ltr' id='par_1_7' title="bbox 427 648 2000 719">
     <span class='ocr_line' id='line_1_7' title="bbox 427 648 2000 719; baseline -0.003 -15"><span class='ocrx_word' id='word_1_26' title='bbox 427 651 630 719; x_wconf 84' lang='lat' dir='ltr'><strong>inquit,</strong></span> <span class='ocrx_word' id='word_1_27' title='bbox 664 651 828 704; x_wconf 84' lang='lat' dir='ltr'><strong>ridete</strong></span> <span class='ocrx_word' id='word_1_28' title='bbox 854 649 980 702; x_wconf 83' lang='lat' dir='ltr'><strong>dum</strong></span> <span class='ocrx_word' id='word_1_29' title='bbox 1012 649 1152 702; x_wconf 74' lang='lat' dir='ltr'><strong>vobis</strong></span> <span class='ocrx_word' id='word_1_30' title='bbox 1185 648 1304 702; x_wconf 77' lang='lat' dir='ltr'><strong>licet</strong></span> <span class='ocrx_word' id='word_1_31' title='bbox 1335 662 1354 702; x_wconf 93' lang='lat'><strong><em>:</em></strong></span> <span class='ocrx_word' id='word_1_32' title='bbox 1384 665 1510 702; x_wconf 83' lang='lat' dir='ltr'><strong>nam</strong></span> <span class='ocrx_word' id='word_1_33' title='bbox 1542 648 1843 718; x_wconf 72' lang='lat' dir='ltr'><strong>longissimo</strong></span> <span class='ocrx_word' id='word_1_34' title='bbox 1868 655 2000 700; x_wconf 83' lang='lat' dir='ltr'><strong>tem-</strong></span> 
     </span>
    </p>
   </div>
   <div class='ocr_carea' id='block_1_8' title="bbox 427 739 2000 809">
    <p class='ocr_par' dir='ltr' id='par_1_8' title="bbox 427 739 2000 809">
     <span class='ocr_line' id='line_1_8' title="bbox 427 739 2000 809; baseline -0.001 -16"><span class='ocrx_word' id='word_1_35' title='bbox 427 756 552 809; x_wconf 76' lang='lat' dir='ltr'><strong>pore</strong></span> <span class='ocrx_word' id='word_1_36' title='bbox 602 739 895 809; x_wconf 80' lang='lat' dir='ltr'><strong>plorabitis,</strong></span> <span class='ocrx_word' id='word_1_37' title='bbox 940 755 1059 791; x_wconf 86' lang='lat' dir='ltr'><strong>cum</strong></span> <span class='ocrx_word' id='word_1_38' title='bbox 1092 748 1284 792; x_wconf 78' lang='lat' dir='ltr'><strong>vestem</strong></span> <span class='ocrx_word' id='word_1_39' title='bbox 1337 740 1468 792; x_wconf 76' lang='lat' dir='ltr'><strong>hanc</strong></span> <span class='ocrx_word' id='word_1_40' title='bbox 1515 740 1778 808; x_wconf 74' lang='lat' dir='ltr'><strong>sanguine</strong></span> <span class='ocrx_word' id='word_1_41' title='bbox 1829 746 2000 792; x_wconf 74' lang='lat' dir='ltr'><strong>uestro</strong></span> 
     </span>
    </p>
   </div>
   <div class='ocr_carea' id='block_1_9' title="bbox 431 829 2000 899">
    <p class='ocr_par' dir='ltr' id='par_1_9' title="bbox 431 829 2000 899">
     <span class='ocr_line' id='line_1_9' title="bbox 431 829 2000 899; baseline 0.001 -16"><span class='ocrx_word' id='word_1_42' title='bbox 431 831 634 884; x_wconf 79' lang='lat' dir='ltr'><strong>eluelis.</strong></span> <span class='ocrx_word' id='word_1_43' title='bbox 671 830 803 884; x_wconf 88' lang='lat' dir='ltr'><strong>Eam</strong></span> <span class='ocrx_word' id='word_1_44' title='bbox 852 829 1240 885; x_wconf 79' lang='lat' dir='ltr'><strong>contumeliam</strong></span> <span class='ocrx_word' id='word_1_45' title='bbox 1287 829 1492 899; x_wconf 86' lang='lat' dir='ltr'><strong>iniquis</strong></span> <span class='ocrx_word' id='word_1_46' title='bbox 1532 829 1728 884; x_wconf 89' lang='lat' dir='ltr'><strong>animis</strong></span> <span class='ocrx_word' id='word_1_47' title='bbox 1772 830 2000 884; x_wconf 89' lang='lat' dir='ltr'><strong>Romani</strong></span> 
     </span>
    </p>
   </div>
   <div class='ocr_carea' id='block_1_10' title="bbox 432 920 2000 985">
    <p class='ocr_par' dir='ltr' id='par_1_10' title="bbox 432 920 2000 985">
     <span class='ocr_line' id='line_1_10' title="bbox 432 920 2000 985; baseline 0.002 -11"><span class='ocrx_word' id='word_1_48' title='bbox 432 920 703 985; x_wconf 57' lang='lat' dir='ltr'><strong>ferentes,</strong></span> <span class='ocrx_word' id='word_1_49' title='bbox 767 921 972 976; x_wconf 86' lang='lat' dir='ltr'><strong>bellum</strong></span> <span class='ocrx_word' id='word_1_50' title='bbox 1009 922 1369 976; x_wconf 91' lang='lat' dir='ltr'><strong>Tarentinum</strong></span> <span class='ocrx_word' id='word_1_51' title='bbox 1411 922 1472 976; x_wconf 90' lang='lat' dir='ltr'><strong>L.</strong></span> <span class='ocrx_word' id='word_1_52' title='bbox 1525 920 1744 976; x_wconf 67' lang='lat' dir='ltr'><strong>Emilto</strong></span> <span class='ocrx_word' id='word_1_53' title='bbox 1787 923 2000 977; x_wconf 90' lang='lat' dir='ltr'><strong>consuli</strong></span> 
     </span>
    </p>
   </div>
   <div class='ocr_carea' id='block_1_11' title="bbox 433 1012 2003 1084">
    <p class='ocr_par' dir='ltr' id='par_1_11' title="bbox 433 1012 2003 1084">
     <span class='ocr_line' id='line_1_11' title="bbox 433 1012 2003 1084; baseline 0.003 -20"><span class='ocrx_word' id='word_1_54' title='bbox 433 1013 822 1067; x_wconf 84' lang='lat' dir='ltr'><strong>decreverunt.</strong></span> <span class='ocrx_word' id='word_1_55' title='bbox 858 1012 960 1080; x_wconf 85' lang='lat' dir='ltr'><strong>Qui</strong></span> <span class='ocrx_word' id='word_1_56' title='bbox 1005 1029 1129 1067; x_wconf 90' lang='lat' dir='ltr'><strong>cum</strong></span> <span class='ocrx_word' id='word_1_57' title='bbox 1166 1029 1233 1067; x_wconf 90' lang='lat' dir='ltr'><strong>eo</strong></span> <span class='ocrx_word' id='word_1_58' title='bbox 1275 1016 1597 1084; x_wconf 88' lang='lat' dir='ltr'><strong>appulisset,</strong></span> <span class='ocrx_word' id='word_1_59' title='bbox 1634 1014 1849 1071; x_wconf 82' lang='lat' dir='ltr'><strong>idoneis</strong></span> <span class='ocrx_word' id='word_1_60' title='bbox 1883 1031 2003 1070; x_wconf 86' lang='lat' dir='ltr'><strong>vcr-</strong></span> 
     </span>
    </p>
   </div>
   <div class='ocr_carea' id='block_1_12' title="bbox 431 1104 2004 1177">
    <p class='ocr_par' dir='ltr' id='par_1_12' title="bbox 431 1104 2004 1177">
     <span class='ocr_line' id='line_1_12' title="bbox 431 1104 2004 1177; baseline 0.003 -20"><span class='ocrx_word' id='word_1_61' title='bbox 431 1104 518 1158; x_wconf 88' lang='lat' dir='ltr'><strong>bis</strong></span> <span class='ocrx_word' id='word_1_62' title='bbox 579 1104 794 1159; x_wconf 90' lang='lat' dir='ltr'><strong>animos</strong></span> <span class='ocrx_word' id='word_1_63' title='bbox 843 1120 1035 1159; x_wconf 91' lang='lat' dir='ltr'><strong>eorum</strong></span> <span class='ocrx_word' id='word_1_64' title='bbox 1089 1107 1336 1172; x_wconf 74' lang='lat' dir='ltr'><strong>tentavit,</strong></span> <span class='ocrx_word' id='word_1_65' title='bbox 1383 1109 1556 1177; x_wconf 68' lang='lat' dir='ltr'><strong>aequis</strong></span> <span class='ocrx_word' id='word_1_66' title='bbox 1597 1108 2004 1163; x_wconf 90' lang='lat' dir='ltr'><strong>conditionibus</strong></span> 
     </span>
    </p>
   </div>
   <div class='ocr_carea' id='block_1_13' title="bbox 433 1197 2006 1266">
    <p class='ocr_par' dir='ltr' id='par_1_13' title="bbox 433 1197 2006 1266">
     <span class='ocr_line' id='line_1_13' title="bbox 433 1197 2006 1266; baseline 0.005 -20"><span class='ocrx_word' id='word_1_67' title='bbox 433 1211 626 1263; x_wconf 85' lang='lat' dir='ltr'><strong>pacem</strong></span> <span class='ocrx_word' id='word_1_68' title='bbox 685 1197 1037 1266; x_wconf 82' lang='lat' dir='ltr'><strong>amplexuros</strong></span> <span class='ocrx_word' id='word_1_69' title='bbox 1081 1206 1254 1252; x_wconf 90' lang='lat' dir='ltr'><strong>ratus.</strong></span> <span class='ocrx_word' id='word_1_70' title='bbox 1309 1199 1416 1253; x_wconf 82' lang='lat' dir='ltr'><strong>Sed</strong></span> <span class='ocrx_word' id='word_1_71' title='bbox 1471 1199 1815 1254; x_wconf 85' lang='lat' dir='ltr'><strong>dissensione</strong></span> <span class='ocrx_word' id='word_1_72' title='bbox 1863 1200 2006 1255; x_wconf 85' lang='lat' dir='ltr'><strong>inter</strong></span> 
     </span>
    </p>
   </div>
   <div class='ocr_carea' id='block_1_14' title="bbox 433 1288 2006 1361">
    <p class='ocr_par' dir='ltr' id='par_1_14' title="bbox 433 1288 2006 1361">
     <span class='ocr_line' id='line_1_14' title="bbox 433 1288 2006 1361; baseline 0.003 -20"><span class='ocrx_word' id='word_1_73' title='bbox 433 1290 584 1341; x_wconf 74' lang='lat' dir='ltr'><strong>cives</strong></span> <span class='ocrx_word' id='word_1_74' title='bbox 615 1297 753 1352; x_wconf 90' lang='lat' dir='ltr'><strong>orta,</strong></span> <span class='ocrx_word' id='word_1_75' title='bbox 784 1288 1098 1342; x_wconf 89' lang='lat' dir='ltr'><strong>senioribus</strong></span> <span class='ocrx_word' id='word_1_76' title='bbox 1135 1297 1191 1343; x_wconf 89' lang='lat' dir='ltr'><strong>et</strong></span> <span class='ocrx_word' id='word_1_77' title='bbox 1227 1288 1492 1344; x_wconf 84' lang='lat' dir='ltr'><strong>divitibus</strong></span> <span class='ocrx_word' id='word_1_78' title='bbox 1522 1305 1711 1361; x_wconf 89' lang='lat' dir='ltr'><strong>pacem</strong></span> <span class='ocrx_word' id='word_1_79' title='bbox 1742 1300 2006 1361; x_wconf 83' lang='lat' dir='ltr'><strong>expeten-</strong></span> 
     </span>
    </p>
   </div>
   <div class='ocr_carea' id='block_1_15' title="bbox 435 1378 2006 1451">
    <p class='ocr_par' dir='ltr' id='par_1_15' title="bbox 435 1378 2006 1451">
     <span class='ocr_line' id='line_1_15' title="bbox 435 1378 2006 1451; baseline 0.005 -19"><span class='ocrx_word' id='word_1_80' title='bbox 435 1378 608 1437; x_wconf 77' lang='lat' dir='ltr'><strong>t&#39;bus.</strong></span> <span class='ocrx_word' id='word_1_81' title='bbox 644 1379 941 1447; x_wconf 78' lang='lat' dir='ltr'><strong>juvenibus</strong></span> <span class='ocrx_word' id='word_1_82' title='bbox 997 1388 1052 1434; x_wconf 90' lang='lat' dir='ltr'><strong>et</strong></span> <span class='ocrx_word' id='word_1_83' title='bbox 1104 1379 1170 1433; x_wconf 89' lang='lat' dir='ltr'><strong>iis</strong></span> <span class='ocrx_word' id='word_1_84' title='bbox 1219 1381 1315 1449; x_wconf 87' lang='lat' dir='ltr'><strong>qui</strong></span> <span class='ocrx_word' id='word_1_85' title='bbox 1360 1382 1442 1436; x_wconf 90' lang='lat' dir='ltr'><strong>vel</strong></span> <span class='ocrx_word' id='word_1_86' title='bbox 1497 1398 1684 1451; x_wconf 89' lang='lat' dir='ltr'><strong>parum</strong></span> <span class='ocrx_word' id='word_1_87' title='bbox 1733 1385 1819 1439; x_wconf 89' lang='lat' dir='ltr'><strong>vel</strong></span> <span class='ocrx_word' id='word_1_88' title='bbox 1868 1386 2006 1440; x_wconf 90' lang='lat' dir='ltr'><strong>nihil</strong></span> 
     </span>
    </p>
   </div>
   <div class='ocr_carea' id='block_1_16' title="bbox 443 1470 2006 1542">
    <p class='ocr_par' dir='ltr' id='par_1_16' title="bbox 443 1470 2006 1542">
     <span class='ocr_line' id='line_1_16' title="bbox 443 1470 2006 1542; baseline 0.007 -20"><span class='ocrx_word' id='word_1_89' title='bbox 443 1471 717 1524; x_wconf 77' lang='lat' dir='ltr'><strong>habebant</strong></span> <span class='ocrx_word' id='word_1_90' title='bbox 745 1470 947 1524; x_wconf 86' lang='lat' dir='ltr'><strong>bellum</strong></span> <span class='ocrx_word' id='word_1_91' title='bbox 983 1471 1358 1541; x_wconf 82' lang='lat' dir='ltr'><strong>ﬂagitantibus</strong></span> <span class='ocrx_word' id='word_1_92' title='bbox 1379 1513 1393 1534; x_wconf 91' lang='lat'><strong>,</strong></span> <span class='ocrx_word' id='word_1_93' title='bbox 1425 1474 1702 1542; x_wconf 80' lang='lat' dir='ltr'><strong>iuniorum</strong></span> <span class='ocrx_word' id='word_1_94' title='bbox 1733 1479 2006 1533; x_wconf 83' lang='lat' dir='ltr'><strong>sententia</strong></span> 
     </span>
    </p>
   </div>
   <div class='ocr_carea' id='block_1_17' title="bbox 440 1561 2007 1638">
    <p class='ocr_par' dir='ltr' id='par_1_17' title="bbox 440 1561 2007 1638">
     <span class='ocr_line' id='line_1_17' title="bbox 440 1561 2007 1638; baseline 0.01 -29"><span class='ocrx_word' id='word_1_95' title='bbox 440 1563 586 1616; x_wconf 75' lang='lat' dir='ltr'><strong>vicit.</strong></span> <span class='ocrx_word' id='word_1_96' title='bbox 630 1561 735 1617; x_wconf 86' lang='lat' dir='ltr'><strong>Sed</strong></span> <span class='ocrx_word' id='word_1_97' title='bbox 777 1563 892 1615; x_wconf 89' lang='lat' dir='ltr'><strong>suis</strong></span> <span class='ocrx_word' id='word_1_98' title='bbox 921 1562 1079 1617; x_wconf 82' lang='lat' dir='ltr'><strong>diﬂisi</strong></span> <span class='ocrx_word' id='word_1_99' title='bbox 1111 1564 1340 1626; x_wconf 89' lang='lat' dir='ltr'><strong>viribus.</strong></span> <span class='ocrx_word' id='word_1_100' title='bbox 1381 1566 1688 1638; x_wconf 80' lang='lat' dir='ltr'><strong>ngrrhum</strong></span> <span class='ocrx_word' id='word_1_101' title='bbox 1728 1569 2007 1637; x_wconf 85' lang='lat' dir='ltr'><strong>Epirotam</strong></span> 
     </span>
    </p>
   </div>
   <div class='ocr_carea' id='block_1_18' title="bbox 440 1655 2011 1730">
    <p class='ocr_par' dir='ltr' id='par_1_18' title="bbox 440 1655 2011 1730">
     <span class='ocr_line' id='line_1_18' title="bbox 440 1655 2011 1730; baseline 0.008 -24"><span class='ocrx_word' id='word_1_102' title='bbox 440 1655 506 1707; x_wconf 88' lang='lat' dir='ltr'><strong>ad</strong></span> <span class='ocrx_word' id='word_1_103' title='bbox 539 1655 667 1709; x_wconf 86' lang='lat' dir='ltr'><strong>belli</strong></span> <span class='ocrx_word' id='word_1_104' title='bbox 699 1658 1018 1713; x_wconf 87' lang='lat' dir='ltr'><strong>societatem</strong></span> <span class='ocrx_word' id='word_1_105' title='bbox 1050 1659 1442 1714; x_wconf 89' lang='lat' dir='ltr'><strong>accersendum</strong></span> <span class='ocrx_word' id='word_1_106' title='bbox 1477 1661 1776 1724; x_wconf 85' lang='lat' dir='ltr'><strong>duxerunt,</strong></span> <span class='ocrx_word' id='word_1_107' title='bbox 1819 1663 2011 1730; x_wconf 85' lang='lat' dir='ltr'><strong>legatis</strong></span> 
     </span>
    </p>
   </div>
   <div class='ocr_carea' id='block_1_19' title="bbox 442 1748 2012 1818">
    <p class='ocr_par' dir='ltr' id='par_1_19' title="bbox 442 1748 2012 1818">
     <span class='ocr_line' id='line_1_19' title="bbox 442 1748 2012 1818; baseline 0.006 -20"><span class='ocrx_word' id='word_1_108' title='bbox 442 1748 845 1804; x_wconf 85' lang='lat' dir='ltr'><strong>etmuneribus</strong></span> <span class='ocrx_word' id='word_1_109' title='bbox 889 1749 955 1804; x_wconf 86' lang='lat' dir='ltr'><strong>ad</strong></span> <span class='ocrx_word' id='word_1_110' title='bbox 987 1765 1113 1805; x_wconf 90' lang='lat' dir='ltr'><strong>eum</strong></span> <span class='ocrx_word' id='word_1_111' title='bbox 1163 1751 1368 1806; x_wconf 86' lang='lat' dir='ltr'><strong>missis.</strong></span> <span class='ocrx_word' id='word_1_112' title='bbox 1415 1752 1546 1818; x_wconf 64' lang='lat' dir='ltr'><strong>Quae</strong></span> <span class='ocrx_word' id='word_1_113' title='bbox 1597 1753 1858 1807; x_wconf 63' lang='lat' dir='ltr'><strong>Emilius</strong></span> <span class='ocrx_word' id='word_1_114' title='bbox 1918 1770 2012 1809; x_wconf 84' lang='lat' dir='ltr'><strong>co-</strong></span> 
     </span>
    </p>
   </div>
   <div class='ocr_carea' id='block_1_20' title="bbox 2109 549 3681 621">
    <p class='ocr_par' dir='ltr' id='par_1_20' title="bbox 2109 549 3681 621">
     <span class='ocr_line' id='line_1_20' title="bbox 2109 549 3681 621; baseline 0.003 -17"><span class='ocrx_word' id='word_1_115' title='bbox 2109 567 2225 621; x_wconf 88' lang='grc' dir='ltr'><strong>μως</strong></span> <span class='ocrx_word' id='word_1_116' title='bbox 2285 550 2610 605; x_wconf 76' lang='grc' dir='ltr'><strong>ἀπέστειλαν</strong></span> <span class='ocrx_word' id='word_1_117' title='bbox 2643 593 2656 614; x_wconf 93' lang='grc'><strong>,</strong></span> <span class='ocrx_word' id='word_1_118' title='bbox 2689 549 3118 619; x_wconf 81' lang='grc' dir='ltr'>ἐπεγκαλοῦντες</span> <span class='ocrx_word' id='word_1_119' title='bbox 3162 550 3343 614; x_wconf 83' lang='grc' dir='ltr'>αὐτοῖς</span> <span class='ocrx_word' id='word_1_120' title='bbox 3390 553 3484 606; x_wconf 73' lang='grc' dir='ltr'>καὶ</span> <span class='ocrx_word' id='word_1_121' title='bbox 3530 552 3681 618; x_wconf 83' lang='grc' dir='ltr'>δίκας</span> 
     </span>
    </p>
   </div>
   <div class='ocr_carea' id='block_1_21' title="bbox 2105 641 3684 714">
    <p class='ocr_par' dir='ltr' id='par_1_21' title="bbox 2105 641 3684 714">
     <span class='ocr_line' id='line_1_21' title="bbox 2105 641 3684 714; baseline 0.002 -18"><span class='ocrx_word' id='word_1_122' title='bbox 2105 641 2485 706; x_wconf 81' lang='grc' dir='ltr'><strong>ἀπαιτοῦντες.</strong></span> <span class='ocrx_word' id='word_1_123' title='bbox 2521 645 2585 697; x_wconf 85' lang='grc' dir='ltr'><strong>Οί</strong></span> <span class='ocrx_word' id='word_1_124' title='bbox 2630 643 2688 695; x_wconf 85' lang='grc' dir='ltr'>δὲ</span> <span class='ocrx_word' id='word_1_125' title='bbox 2720 643 2780 696; x_wconf 89' lang='grc' dir='ltr'><strong>ού</strong></span> <span class='ocrx_word' id='word_1_126' title='bbox 2823 643 2985 714; x_wconf 88' lang='grc' dir='ltr'>μόνον</span> <span class='ocrx_word' id='word_1_127' title='bbox 3021 643 3207 708; x_wconf 79' lang='grc' dir='ltr'>αὐτοῖς</span> <span class='ocrx_word' id='word_1_128' title='bbox 3237 644 3391 698; x_wconf 76' lang='grc' dir='ltr'>οὐδὲν</span> <span class='ocrx_word' id='word_1_129' title='bbox 3439 644 3684 711; x_wconf 75' lang='grc' dir='ltr'>ἐπιεικὲς</span> 
     </span>
    </p>
   </div>
   <div class='ocr_carea' id='block_1_22' title="bbox 2104 732 3683 808">
    <p class='ocr_par' dir='ltr' id='par_1_22' title="bbox 2104 732 3683 808">
     <span class='ocr_line' id='line_1_22' title="bbox 2104 732 3683 808; baseline 0.004 -22"><span class='ocrx_word' id='word_1_130' title='bbox 2104 732 2502 806; x_wconf 73' lang='grc' dir='ltr'><strong>ἀπεκρίθησαν,</strong></span> <span class='ocrx_word' id='word_1_131' title='bbox 2536 733 2672 789; x_wconf 79' lang='grc' dir='ltr'>ἀλλὰ</span> <span class='ocrx_word' id='word_1_132' title='bbox 2697 736 2786 787; x_wconf 71' lang='grc' dir='ltr'>καὶ</span> <span class='ocrx_word' id='word_1_133' title='bbox 2806 734 3102 800; x_wconf 74' lang='grc' dir='ltr'>ὲτωθάζον,</span> <span class='ocrx_word' id='word_1_134' title='bbox 3125 735 3199 798; x_wconf 84' lang='grc' dir='ltr'><strong>ὡς</strong></span> <span class='ocrx_word' id='word_1_135' title='bbox 3233 738 3326 789; x_wconf 82' lang='grc' dir='ltr'><strong>καὶ</strong></span> <span class='ocrx_word' id='word_1_136' title='bbox 3354 737 3454 807; x_wconf 76' lang='grc' dir='ltr'>τὴν</span> <span class='ocrx_word' id='word_1_137' title='bbox 3480 738 3683 808; x_wconf 75' lang='grc' dir='ltr'>ἐσθῆτα</span> 
     </span>
    </p>
   </div>
   <div class='ocr_carea' id='block_1_23' title="bbox 2104 826 3684 899">
    <p class='ocr_par' dir='ltr' id='par_1_23' title="bbox 2104 826 3684 899">
     <span class='ocr_line' id='line_1_23' title="bbox 2104 826 3684 899; baseline 0.003 -19"><span class='ocrx_word' id='word_1_138' title='bbox 2104 826 2200 880; x_wconf 83' lang='grc' dir='ltr'>τοῦ</span> <span class='ocrx_word' id='word_1_139' title='bbox 2255 827 2486 880; x_wconf 81' lang='grc' dir='ltr'><strong>Λουκίου</strong></span> <span class='ocrx_word' id='word_1_140' title='bbox 2546 827 2885 897; x_wconf 80' lang='grc' dir='ltr'><strong>Ποστουμίου</strong></span> <span class='ocrx_word' id='word_1_141' title='bbox 2941 828 3033 880; x_wconf 81' lang='grc' dir='ltr'><strong>τοῦ</strong></span> <span class='ocrx_word' id='word_1_142' title='bbox 3087 828 3413 899; x_wconf 80' lang='grc' dir='ltr'>προέχοντος</span> <span class='ocrx_word' id='word_1_143' title='bbox 3459 829 3684 898; x_wconf 85' lang='grc' dir='ltr'>κηλιδῶ·</span> 
     </span>
    </p>
   </div>
   <div class='ocr_carea' id='block_1_24' title="bbox 2111 919 3689 995">
    <p class='ocr_par' dir='ltr' id='par_1_24' title="bbox 2111 919 3689 995">
     <span class='ocr_line' id='line_1_24' title="bbox 2111 919 3689 995; baseline 0.002 -21"><span class='ocrx_word' id='word_1_144' title='bbox 2111 936 2201 974; x_wconf 87' lang='grc' dir='ltr'><strong>σαι</strong></span> <span class='ocrx_word' id='word_1_145' title='bbox 2255 920 2364 989; x_wconf 85' lang='lat' dir='ltr'><strong>(H)</strong></span> <span class='ocrx_word' id='word_1_146' title='bbox 2393 919 2500 972; x_wconf 86' lang='grc' dir='ltr'><strong>τῶν</strong></span> <span class='ocrx_word' id='word_1_147' title='bbox 2539 920 2844 991; x_wconf 83' lang='grc' dir='ltr'>πρέσϐεων.</span> <span class='ocrx_word' id='word_1_148' title='bbox 2877 920 3121 991; x_wconf 85' lang='grc' dir='ltr'>Θορύϐου</span> <span class='ocrx_word' id='word_1_149' title='bbox 3161 922 3217 975; x_wconf 82' lang='grc' dir='ltr'>δὲ</span> <span class='ocrx_word' id='word_1_150' title='bbox 3258 923 3353 975; x_wconf 78' lang='grc' dir='ltr'><strong>ἐπὶ</strong></span> <span class='ocrx_word' id='word_1_151' title='bbox 3391 923 3568 995; x_wconf 86' lang='grc' dir='ltr'>τούτῳ</span> <span class='ocrx_word' id='word_1_152' title='bbox 3599 941 3689 992; x_wconf 84' lang='grc' dir='ltr'>γε·</span> 
     </span>
    </p>
   </div>
   <div class='ocr_carea' id='block_1_25' title="bbox 2108 1012 3689 1086">
    <p class='ocr_par' dir='ltr' id='par_1_25' title="bbox 2108 1012 3689 1086">
     <span class='ocr_line' id='line_1_25' title="bbox 2108 1012 3689 1086; baseline 0.004 -20"><span class='ocrx_word' id='word_1_153' title='bbox 2108 1012 2361 1082; x_wconf 84' lang='grc' dir='ltr'>νομένου,</span> <span class='ocrx_word' id='word_1_154' title='bbox 2414 1013 2508 1066; x_wconf 69' lang='grc' dir='ltr'>καὶ</span> <span class='ocrx_word' id='word_1_155' title='bbox 2565 1013 2673 1066; x_wconf 84' lang='grc' dir='ltr'>τῶν</span> <span class='ocrx_word' id='word_1_156' title='bbox 2719 1014 3068 1082; x_wconf 84' lang='grc' dir='ltr'>Ταραντίνων</span> <span class='ocrx_word' id='word_1_157' title='bbox 3118 1015 3626 1086; x_wconf 78' lang='grc' dir='ltr'>ὲπικαγχαζόντων,</span> <span class='ocrx_word' id='word_1_158' title='bbox 3663 1020 3689 1072; x_wconf 84' lang='grc' dir='ltr'><strong>ὸ</strong></span> 
     </span>
    </p>
   </div>
   <div class='ocr_carea' id='block_1_26' title="bbox 2110 1103 3691 1175">
    <p class='ocr_par' dir='ltr' id='par_1_26' title="bbox 2110 1103 3691 1175">
     <span class='ocr_line' id='line_1_26' title="bbox 2110 1103 3691 1175; baseline 0.001 -17"><span class='ocrx_word' id='word_1_159' title='bbox 2110 1103 2463 1172; x_wconf 79' lang='grc' dir='ltr'>Ποστούμιος.</span> <span class='ocrx_word' id='word_1_160' title='bbox 2515 1103 2766 1171; x_wconf 76' lang='grc' dir='ltr'>Γελᾶτε,</span> <span class='ocrx_word' id='word_1_161' title='bbox 2824 1104 2949 1175; x_wconf 72' lang='grc' dir='ltr'>ἔφη,</span> <span class='ocrx_word' id='word_1_162' title='bbox 3006 1103 3240 1175; x_wconf 77' lang='grc' dir='ltr'>γελᾶτε,</span> <span class='ocrx_word' id='word_1_163' title='bbox 3289 1106 3400 1173; x_wconf 77' lang='grc' dir='ltr'>ἕως</span> <span class='ocrx_word' id='word_1_164' title='bbox 3448 1107 3691 1172; x_wconf 75' lang='grc' dir='ltr'>ἔξεστιν</span> 
     </span>
    </p>
   </div>
   <div class='ocr_carea' id='block_1_27' title="bbox 2110 1194 3692 1268">
    <p class='ocr_par' dir='ltr' id='par_1_27' title="bbox 2110 1194 3692 1268">
     <span class='ocr_line' id='line_1_27' title="bbox 2110 1194 3692 1268; baseline 0.003 -18"><span class='ocrx_word' id='word_1_165' title='bbox 2110 1194 2254 1264; x_wconf 60' lang='grc' dir='ltr'><strong>ὑμῖν</strong></span> <span class='ocrx_word' id='word_1_166' title='bbox 2277 1211 2291 1225; x_wconf 88' lang='grc'><strong>·</strong></span> <span class='ocrx_word' id='word_1_167' title='bbox 2337 1195 2684 1250; x_wconf 73' lang='grc' dir='ltr'>κλαύσεσθε</span> <span class='ocrx_word' id='word_1_168' title='bbox 2721 1196 2833 1266; x_wconf 74' lang='grc' dir='ltr'>γὰρ</span> <span class='ocrx_word' id='word_1_169' title='bbox 2861 1195 2959 1250; x_wconf 75' lang='grc' dir='ltr'><strong>ἐπὶ</strong></span> <span class='ocrx_word' id='word_1_170' title='bbox 2981 1198 3381 1267; x_wconf 78' lang='grc' dir='ltr'>μακρότατον,</span> <span class='ocrx_word' id='word_1_171' title='bbox 3407 1198 3554 1253; x_wconf 80' lang='grc' dir='ltr'>ὅταν</span> <span class='ocrx_word' id='word_1_172' title='bbox 3579 1198 3692 1268; x_wconf 72' lang='grc' dir='ltr'><strong>τὴν</strong></span> 
     </span>
    </p>
   </div>
   <div class='ocr_carea' id='block_1_28' title="bbox 2110 1284 3689 1360">
    <p class='ocr_par' dir='ltr' id='par_1_28' title="bbox 2110 1284 3689 1360">
     <span class='ocr_line' id='line_1_28' title="bbox 2110 1284 3689 1360; baseline 0.003 -20"><span class='ocrx_word' id='word_1_173' title='bbox 2110 1284 2334 1354; x_wconf 85' lang='grc' dir='ltr'>ἐσθῆτα</span> <span class='ocrx_word' id='word_1_174' title='bbox 2379 1289 2607 1356; x_wconf 81' lang='grc' dir='ltr'>ταύτην</span> <span class='ocrx_word' id='word_1_175' title='bbox 2654 1287 2735 1354; x_wconf 81' lang='grc' dir='ltr'><strong>τῷ</strong></span> <span class='ocrx_word' id='word_1_176' title='bbox 2787 1291 2990 1359; x_wconf 81' lang='grc' dir='ltr'>αἵματι</span> <span class='ocrx_word' id='word_1_177' title='bbox 3048 1291 3218 1360; x_wconf 80' lang='grc' dir='ltr'>ὑμῶν</span> <span class='ocrx_word' id='word_1_178' title='bbox 3272 1292 3689 1357; x_wconf 76' lang='grc' dir='ltr'>ἀποπλύνητε.</span> 
     </span>
    </p>
   </div>
   <div class='ocr_carea' id='block_1_29' title="bbox 2125 1376 3692 1452">
    <p class='ocr_par' dir='ltr' id='par_1_29' title="bbox 2125 1376 3692 1452">
     <span class='ocr_line' id='line_1_29' title="bbox 2125 1376 3692 1452; baseline 0.001 -20"><span class='ocrx_word' id='word_1_179' title='bbox 2125 1379 2561 1445; x_wconf 86' lang='grc' dir='ltr'>Ἐπανελθόντων</span> <span class='ocrx_word' id='word_1_180' title='bbox 2605 1376 2698 1434; x_wconf 80' lang='grc' dir='ltr'><strong>οὗν</strong></span> <span class='ocrx_word' id='word_1_181' title='bbox 2728 1381 2838 1434; x_wconf 83' lang='grc' dir='ltr'><strong>τῶν</strong></span> <span class='ocrx_word' id='word_1_182' title='bbox 2871 1381 3179 1451; x_wconf 89' lang='grc' dir='ltr'>πρέσϐεων,</span> <span class='ocrx_word' id='word_1_183' title='bbox 3227 1382 3275 1434; x_wconf 82' lang='grc' dir='ltr'>οἱ</span> <span class='ocrx_word' id='word_1_184' title='bbox 3321 1380 3605 1452; x_wconf 83' lang='grc' dir='ltr'>Ῥωμαῖοι,</span> <span class='ocrx_word' id='word_1_185' title='bbox 3629 1383 3692 1434; x_wconf 72' lang='grc' dir='ltr'><strong>τὰ</strong></span> 
     </span>
    </p>
   </div>
   <div class='ocr_carea' id='block_1_30' title="bbox 2115 1471 3694 1545">
    <p class='ocr_par' dir='ltr' id='par_1_30' title="bbox 2115 1471 3694 1545">
     <span class='ocr_line' id='line_1_30' title="bbox 2115 1471 3694 1545; baseline 0.002 -22"><span class='ocrx_word' id='word_1_186' title='bbox 2115 1471 2427 1540; x_wconf 77' lang='grc' dir='ltr'>πραχθέντα</span> <span class='ocrx_word' id='word_1_187' title='bbox 2461 1471 2744 1541; x_wconf 76' lang='grc' dir='ltr'><strong>μαθόντες,</strong></span> <span class='ocrx_word' id='word_1_188' title='bbox 2781 1473 3050 1543; x_wconf 65' lang='grc' dir='ltr'><strong>⁴ἤλγησαν,</strong></span> <span class='ocrx_word' id='word_1_189' title='bbox 3086 1474 3182 1527; x_wconf 77' lang='grc' dir='ltr'><strong>καὶ</strong></span> <span class='ocrx_word' id='word_1_190' title='bbox 3237 1475 3572 1545; x_wconf 83' lang='grc' dir='ltr'>στρατεῦσαι</span> <span class='ocrx_word' id='word_1_191' title='bbox 3604 1473 3694 1526; x_wconf 77' lang='grc' dir='ltr'><strong>ἐπὶ</strong></span> 
     </span>
    </p>
   </div>
   <div class='ocr_carea' id='block_1_31' title="bbox 2114 1562 3693 1636">
    <p class='ocr_par' dir='ltr' id='par_1_31' title="bbox 2114 1562 3693 1636">
     <span class='ocr_line' id='line_1_31' title="bbox 2114 1562 3693 1636; baseline 0.004 -23"><span class='ocrx_word' id='word_1_192' title='bbox 2114 1563 2239 1623; x_wconf 71' lang='grc' dir='ltr'>τοὺς</span> <span class='ocrx_word' id='word_1_193' title='bbox 2269 1562 2638 1631; x_wconf 83' lang='grc' dir='ltr'>Ταραντίνους</span> <span class='ocrx_word' id='word_1_194' title='bbox 2666 1563 2895 1617; x_wconf 82' lang='grc' dir='ltr'>Λούκιον</span> <span class='ocrx_word' id='word_1_195' title='bbox 2951 1564 3201 1634; x_wconf 79' lang='grc' dir='ltr'>Αἰμίλιον</span> <span class='ocrx_word' id='word_1_196' title='bbox 3235 1565 3324 1618; x_wconf 85' lang='grc' dir='ltr'>τὸν</span> <span class='ocrx_word' id='word_1_197' title='bbox 3351 1565 3559 1619; x_wconf 77' lang='grc' dir='ltr'>ὕπατον</span> <span class='ocrx_word' id='word_1_198' title='bbox 3585 1565 3693 1636; x_wconf 70' lang='grc'><strong>(12)</strong></span> 
     </span>
    </p>
   </div>
   <div class='ocr_carea' id='block_1_32' title="bbox 2117 1653 3693 1729">
    <p class='ocr_par' dir='ltr' id='par_1_32' title="bbox 2117 1653 3693 1729">
     <span class='ocr_line' id='line_1_32' title="bbox 2117 1653 3693 1729; baseline 0.003 -24"><span class='ocrx_word' id='word_1_199' title='bbox 2117 1653 2472 1722; x_wconf 77' lang='grc' dir='ltr'>ἐψηφίσαντο.</span> <span class='ocrx_word' id='word_1_200' title='bbox 2505 1655 2604 1716; x_wconf 84' lang='grc' dir='ltr'><strong>’⁸ος</strong></span> <span class='ocrx_word' id='word_1_201' title='bbox 2635 1657 2715 1718; x_wconf 87' lang='grc' dir='ltr'><strong>είς</strong></span> <span class='ocrx_word' id='word_1_202' title='bbox 2741 1655 2999 1726; x_wconf 81' lang='grc' dir='ltr'>Τάραντα</span> <span class='ocrx_word' id='word_1_203' title='bbox 3047 1657 3470 1729; x_wconf 84' lang='grc' dir='ltr'>προσχωρήσας,</span> <span class='ocrx_word' id='word_1_204' title='bbox 3505 1656 3693 1726; x_wconf 85' lang='grc' dir='ltr'>λόγους</span> 
     </span>
    </p>
   </div>
   <div class='ocr_carea' id='block_1_33' title="bbox 2119 1746 3697 1821">
    <p class='ocr_par' dir='ltr' id='par_1_33' title="bbox 2119 1746 3697 1821">
     <span class='ocr_line' id='line_1_33' title="bbox 2119 1746 3697 1821; baseline 0.003 -22"><span class='ocrx_word' id='word_1_205' title='bbox 2119 1746 2303 1808; x_wconf 84' lang='grc' dir='ltr'>αὐτοῖς</span> <span class='ocrx_word' id='word_1_206' title='bbox 2352 1747 2693 1816; x_wconf 75' lang='grc' dir='ltr'>ἐπιτηδείους</span> <span class='ocrx_word' id='word_1_207' title='bbox 2740 1748 2976 1819; x_wconf 77' lang='grc' dir='ltr'>έπεμψε,</span> <span class='ocrx_word' id='word_1_208' title='bbox 3013 1751 3254 1821; x_wconf 82' lang='grc' dir='ltr'>νομίζων</span> <span class='ocrx_word' id='word_1_209' title='bbox 3311 1751 3402 1804; x_wconf 86' lang='grc' dir='ltr'>ὲπί</span> <span class='ocrx_word' id='word_1_210' title='bbox 3437 1767 3550 1804; x_wconf 88' lang='grc' dir='ltr'>τισι</span> <span class='ocrx_word' id='word_1_211' title='bbox 3604 1769 3697 1820; x_wconf 69' lang='grc' dir='ltr'>μευ</span> 
     </span>
    </p>
   </div>
   <div class='ocr_carea' id='block_1_34' title="bbox 441 1827 2028 1916">
    <p class='ocr_par' dir='ltr' id='par_1_34' title="bbox 441 1838 2015 1916">
     <span class='ocr_line' id='line_1_34' title="bbox 441 1838 2015 1916; baseline 0.009 -26"><span class='ocrx_word' id='word_1_212' title='bbox 441 1838 617 1906; x_wconf 87' lang='lat' dir='ltr'><strong>gnito,</strong></span> <span class='ocrx_word' id='word_1_213' title='bbox 651 1855 845 1909; x_wconf 89' lang='lat' dir='ltr'><strong>agrum</strong></span> <span class='ocrx_word' id='word_1_214' title='bbox 880 1843 1178 1912; x_wconf 80' lang='lat' dir='ltr'><strong>populatur</strong></span> <span class='ocrx_word' id='word_1_215' title='bbox 1204 1852 1260 1898; x_wconf 91' lang='lat' dir='ltr'><strong>et</strong></span> <span class='ocrx_word' id='word_1_216' title='bbox 1287 1853 1468 1900; x_wconf 83' lang='lat' dir='ltr'><strong>vastat</strong></span> <span class='ocrx_word' id='word_1_217' title='bbox 1494 1863 1507 1898; x_wconf 93' lang='lat'><strong>:</strong></span> <span class='ocrx_word' id='word_1_218' title='bbox 1531 1861 1736 1916; x_wconf 88' lang='lat' dir='ltr'><strong>eosque</strong></span> <span class='ocrx_word' id='word_1_219' title='bbox 1760 1848 1814 1902; x_wconf 90' lang='lat' dir='ltr'><strong>in</strong></span> <span class='ocrx_word' id='word_1_220' title='bbox 1843 1850 2015 1904; x_wconf 88' lang='lat' dir='ltr'><strong>aciem</strong></span> 
     </span>
    </p>
   </div>
   <div class='ocr_carea' id='block_1_35' title="bbox 2133 1827 3698 1916">
    <p class='ocr_par' dir='ltr' id='par_1_35' title="bbox 2133 1839 3698 1916">
     <span class='ocr_line' id='line_1_35' title="bbox 2133 1839 3698 1916; baseline 0.002 -25"><span class='ocrx_word' id='word_1_221' title='bbox 2133 1839 2290 1910; x_wconf 83' lang='grc' dir='ltr'>ιρίοις</span> <span class='ocrx_word' id='word_1_222' title='bbox 2336 1841 2558 1910; x_wconf 81' lang='grc' dir='ltr'>εἰρήνην</span> <span class='ocrx_word' id='word_1_223' title='bbox 2592 1841 2942 1913; x_wconf 75' lang='grc' dir='ltr'>αἱρήσεσθαι.</span> <span class='ocrx_word' id='word_1_224' title='bbox 2974 1845 3036 1896; x_wconf 82' lang='lat' dir='ltr'><strong>Oi</strong></span> <span class='ocrx_word' id='word_1_225' title='bbox 3067 1843 3123 1898; x_wconf 83' lang='grc' dir='ltr'>δὲ</span> <span class='ocrx_word' id='word_1_226' title='bbox 3163 1846 3282 1906; x_wconf 81' lang='grc' dir='ltr'>ταῖς</span> <span class='ocrx_word' id='word_1_227' title='bbox 3309 1844 3562 1916; x_wconf 84' lang='grc' dir='ltr'><strong>γνώμαις</strong></span> <span class='ocrx_word' id='word_1_228' title='bbox 3609 1843 3698 1899; x_wconf 87' lang='grc' dir='ltr'><strong>ἀλ-</strong></span> 
     </span>
    </p>
   </div>
   <div class='ocr_carea' id='block_1_36' title="bbox 441 1933 2016 2014">
    <p class='ocr_par' dir='ltr' id='par_1_36' title="bbox 441 1933 2016 2014">
     <span class='ocr_line' id='line_1_36' title="bbox 441 1933 2016 2014; baseline 0.014 -36"><span class='ocrx_word' id='word_1_229' title='bbox 441 1947 695 1998; x_wconf 74' lang='lat' dir='ltr'><strong>egressos</strong></span> <span class='ocrx_word' id='word_1_230' title='bbox 757 1933 1033 2003; x_wconf 86' lang='lat' dir='ltr'><strong>proﬂigat,</strong></span> <span class='ocrx_word' id='word_1_231' title='bbox 1102 1945 1161 1988; x_wconf 90' lang='lat' dir='ltr'><strong>ut</strong></span> <span class='ocrx_word' id='word_1_232' title='bbox 1226 1937 1457 1992; x_wconf 88' lang='lat' dir='ltr'><strong>Romani</strong></span> <span class='ocrx_word' id='word_1_233' title='bbox 1516 1939 1780 2011; x_wconf 87' lang='lat' dir='ltr'><strong>deinceps</strong></span> <span class='ocrx_word' id='word_1_234' title='bbox 1850 1943 2016 2014; x_wconf 76' lang='lat'><strong>369</strong></span> 
     </span>
    </p>
   </div>
   <div class='ocr_carea' id='block_1_37' title="bbox 447 2021 2014 2099">
    <p class='ocr_par' dir='ltr' id='par_1_37' title="bbox 447 2021 2014 2099">
     <span class='ocr_line' id='line_1_37' title="bbox 447 2021 2014 2099; baseline 0.01 -26"><span class='ocrx_word' id='word_1_235' title='bbox 447 2021 671 2091; x_wconf 86' lang='lat' dir='ltr'><strong>impune</strong></span> <span class='ocrx_word' id='word_1_236' title='bbox 743 2025 956 2093; x_wconf 77' lang='lat' dir='ltr'><strong>praedas</strong></span> <span class='ocrx_word' id='word_1_237' title='bbox 1040 2037 1284 2097; x_wconf 88' lang='lat' dir='ltr'><strong>agerent,</strong></span> <span class='ocrx_word' id='word_1_238' title='bbox 1357 2036 1412 2083; x_wconf 83' lang='lat' dir='ltr'><strong>et</strong></span> <span class='ocrx_word' id='word_1_239' title='bbox 1470 2030 1720 2099; x_wconf 85' lang='lat' dir='ltr'><strong>quaedam</strong></span> <span class='ocrx_word' id='word_1_240' title='bbox 1793 2035 2014 2088; x_wconf 88' lang='lat' dir='ltr'><strong>castella</strong></span> 
     </span>
    </p>
   </div>
   <div class='ocr_carea' id='block_1_38' title="bbox 455 2117 2018 2194">
    <p class='ocr_par' dir='ltr' id='par_1_38' title="bbox 455 2117 2018 2194">
     <span class='ocr_line' id='line_1_38' title="bbox 455 2117 2018 2194; baseline 0.011 -28"><span class='ocrx_word' id='word_1_241' title='bbox 455 2124 734 2183; x_wconf 83' lang='lat' dir='ltr'><strong>caperent.</strong></span> <span class='ocrx_word' id='word_1_242' title='bbox 798 2117 936 2172; x_wconf 82' lang='lat' dir='ltr'><strong>Cum</strong></span> <span class='ocrx_word' id='word_1_243' title='bbox 1010 2127 1192 2174; x_wconf 89' lang='lat' dir='ltr'><strong>autem</strong></span> <span class='ocrx_word' id='word_1_244' title='bbox 1263 2120 1510 2191; x_wconf 89' lang='lat' dir='ltr'><strong>captivos</strong></span> <span class='ocrx_word' id='word_1_245' title='bbox 1589 2123 1882 2194; x_wconf 86' lang='lat' dir='ltr'><strong>diligenter</strong></span> <span class='ocrx_word' id='word_1_246' title='bbox 1917 2143 2018 2183; x_wconf 85' lang='lat' dir='ltr'><strong>cu-</strong></span> 
     </span>
    </p>
   </div>
   <div class='ocr_carea' id='block_1_39' title="bbox 445 2207 2019 2283">
    <p class='ocr_par' dir='ltr' id='par_1_39' title="bbox 445 2207 2019 2283">
     <span class='ocr_line' id='line_1_39' title="bbox 445 2207 2019 2283; baseline 0.008 -24"><span class='ocrx_word' id='word_1_247' title='bbox 445 2215 590 2261; x_wconf 88' lang='lat' dir='ltr'><strong>raret</strong></span> <span class='ocrx_word' id='word_1_248' title='bbox 634 2207 909 2273; x_wconf 68' lang='lat' dir='ltr'><strong>1Emilius,</strong></span> <span class='ocrx_word' id='word_1_249' title='bbox 965 2220 1020 2264; x_wconf 89' lang='lat' dir='ltr'><strong>et</strong></span> <span class='ocrx_word' id='word_1_250' title='bbox 1075 2212 1285 2282; x_wconf 84' lang='lat' dir='ltr'><strong>aliquot</strong></span> <span class='ocrx_word' id='word_1_251' title='bbox 1324 2228 1390 2267; x_wconf 89' lang='lat' dir='ltr'><strong>ex</strong></span> <span class='ocrx_word' id='word_1_252' title='bbox 1418 2215 1820 2283; x_wconf 87' lang='lat' dir='ltr'><strong>potentioribus</strong></span> <span class='ocrx_word' id='word_1_253' title='bbox 1857 2216 2019 2272; x_wconf 54' lang='lat' dir='ltr'><strong>dimi-</strong></span> 
     </span>
    </p>
   </div>
   <div class='ocr_carea' id='block_1_40' title="bbox 446 2298 2025 2374">
    <p class='ocr_par' dir='ltr' id='par_1_40' title="bbox 446 2298 2025 2374">
     <span class='ocr_line' id='line_1_40' title="bbox 446 2298 2025 2374; baseline 0.009 -25"><span class='ocrx_word' id='word_1_254' title='bbox 446 2298 626 2359; x_wconf 86' lang='lat' dir='ltr'><strong>sisset,</strong></span> <span class='ocrx_word' id='word_1_255' title='bbox 660 2298 944 2354; x_wconf 90' lang='lat' dir='ltr'><strong>Tarentini</strong></span> <span class='ocrx_word' id='word_1_256' title='bbox 981 2309 1039 2356; x_wconf 89' lang='lat' dir='ltr'><strong>et</strong></span> <span class='ocrx_word' id='word_1_257' title='bbox 1072 2301 1471 2357; x_wconf 85' lang='lat' dir='ltr'><strong>humanitatem</strong></span> <span class='ocrx_word' id='word_1_258' title='bbox 1499 2306 1619 2374; x_wconf 84' lang='lat' dir='ltr'><strong>ejus</strong></span> <span class='ocrx_word' id='word_1_259' title='bbox 1657 2306 1934 2371; x_wconf 86' lang='lat' dir='ltr'><strong>admirati,</strong></span> <span class='ocrx_word' id='word_1_260' title='bbox 1968 2319 2025 2364; x_wconf 90' lang='lat' dir='ltr'><strong>et</strong></span> 
     </span>
    </p>
   </div>
   <div class='ocr_carea' id='block_1_41' title="bbox 449 2388 2024 2467">
    <p class='ocr_par' dir='ltr' id='par_1_41' title="bbox 449 2388 2024 2467">
     <span class='ocr_line' id='line_1_41' title="bbox 449 2388 2024 2467; baseline 0.008 -26"><span class='ocrx_word' id='word_1_261' title='bbox 449 2388 504 2442; x_wconf 90' lang='lat' dir='ltr'><strong>in</strong></span> <span class='ocrx_word' id='word_1_262' title='bbox 537 2404 687 2458; x_wconf 86' lang='lat' dir='ltr'><strong>spem</strong></span> <span class='ocrx_word' id='word_1_263' title='bbox 715 2391 866 2459; x_wconf 86' lang='lat' dir='ltr'><strong>pacis</strong></span> <span class='ocrx_word' id='word_1_264' title='bbox 903 2391 1258 2461; x_wconf 73' lang='lat' dir='ltr'><strong>impetranda:</strong></span> <span class='ocrx_word' id='word_1_265' title='bbox 1287 2396 1480 2460; x_wconf 89' lang='lat' dir='ltr'><strong>erecti,</strong></span> <span class='ocrx_word' id='word_1_266' title='bbox 1507 2396 1731 2467; x_wconf 85' lang='lat' dir='ltr'><strong>Agidem</strong></span> <span class='ocrx_word' id='word_1_267' title='bbox 1763 2396 2024 2455; x_wconf 81' lang='lat' dir='ltr'><strong>Romanis</strong></span> 
     </span>
    </p>
   </div>
   <div class='ocr_carea' id='block_1_42' title="bbox 450 2479 2023 2557">
    <p class='ocr_par' dir='ltr' id='par_1_42' title="bbox 450 2479 2023 2557">
     <span class='ocr_line' id='line_1_42' title="bbox 450 2479 2023 2557; baseline 0.006 -21"><span class='ocrx_word' id='word_1_268' title='bbox 450 2479 685 2536; x_wconf 83' lang='lat' dir='ltr'><strong>amicum</strong></span> <span class='ocrx_word' id='word_1_269' title='bbox 723 2482 918 2537; x_wconf 90' lang='lat' dir='ltr'><strong>ducem</strong></span> <span class='ocrx_word' id='word_1_270' title='bbox 965 2499 1092 2538; x_wconf 90' lang='lat' dir='ltr'><strong>cum</strong></span> <span class='ocrx_word' id='word_1_271' title='bbox 1126 2500 1341 2541; x_wconf 91' lang='lat' dir='ltr'><strong>summo</strong></span> <span class='ocrx_word' id='word_1_272' title='bbox 1400 2489 1630 2557; x_wconf 91' lang='lat' dir='ltr'><strong>imperio</strong></span> <span class='ocrx_word' id='word_1_273' title='bbox 1677 2501 2023 2546; x_wconf 86' lang='lat' dir='ltr'><strong>creaverunt.</strong></span> 
     </span>
    </p>
   </div>
   <div class='ocr_carea' id='block_1_43' title="bbox 449 2569 2027 2652">
    <p class='ocr_par' dir='ltr' id='par_1_43' title="bbox 449 2569 2027 2652">
     <span class='ocr_line' id='line_1_43' title="bbox 449 2569 2027 2652; baseline 0.011 -31"><span class='ocrx_word' id='word_1_274' title='bbox 449 2569 704 2636; x_wconf 90' lang='lat' dir='ltr'><strong>Quicum</strong></span> <span class='ocrx_word' id='word_1_275' title='bbox 729 2571 822 2626; x_wconf 90' lang='lat' dir='ltr'><strong>vix</strong></span> <span class='ocrx_word' id='word_1_276' title='bbox 873 2574 1250 2644; x_wconf 80' lang='lat' dir='ltr'><strong>magistratum</strong></span> <span class='ocrx_word' id='word_1_277' title='bbox 1308 2577 1540 2641; x_wconf 82' lang='lat' dir='ltr'><strong>iniissel,</strong></span> <span class='ocrx_word' id='word_1_278' title='bbox 1581 2579 1778 2636; x_wconf 80' lang='lat' dir='ltr'><strong>Cineas</strong></span> <span class='ocrx_word' id='word_1_279' title='bbox 1817 2583 2027 2652; x_wconf 85' lang='lat' dir='ltr'><strong>legatus</strong></span> 
     </span>
    </p>
   </div>
   <div class='ocr_carea' id='block_1_44' title="bbox 451 2662 2030 2745">
    <p class='ocr_par' dir='ltr' id='par_1_44' title="bbox 451 2662 2030 2745">
     <span class='ocr_line' id='line_1_44' title="bbox 451 2662 2030 2745; baseline 0.009 -31"><span class='ocrx_word' id='word_1_280' title='bbox 451 2675 482 2715; x_wconf 89' lang='lat' dir='ltr'><strong>a</strong></span> <span class='ocrx_word' id='word_1_281' title='bbox 514 2662 720 2732; x_wconf 89' lang='lat' dir='ltr'><strong>Pyrrho</strong></span> <span class='ocrx_word' id='word_1_282' title='bbox 746 2669 1093 2734; x_wconf 66' lang='lat' dir='ltr'><strong>praemissus,</strong></span> <span class='ocrx_word' id='word_1_283' title='bbox 1125 2683 1246 2723; x_wconf 90' lang='lat' dir='ltr'><strong>eam</strong></span> <span class='ocrx_word' id='word_1_284' title='bbox 1279 2684 1398 2724; x_wconf 90' lang='lat' dir='ltr'><strong>rem</strong></span> <span class='ocrx_word' id='word_1_285' title='bbox 1428 2670 1698 2740; x_wconf 90' lang='lat' dir='ltr'><strong>impediit.</strong></span> <span class='ocrx_word' id='word_1_286' title='bbox 1733 2672 1867 2728; x_wconf 87' lang='lat' dir='ltr'><strong>Nam</strong></span> <span class='ocrx_word' id='word_1_287' title='bbox 1898 2674 2030 2745; x_wconf 86' lang='lat' dir='ltr'><strong>Pyr-</strong></span> 
     </span>
    </p>
   </div>
   <div class='ocr_carea' id='block_1_45' title="bbox 457 2750 2028 2830">
    <p class='ocr_par' dir='ltr' id='par_1_45' title="bbox 457 2750 2028 2830">
     <span class='ocr_line' id='line_1_45' title="bbox 457 2750 2028 2830; baseline 0.01 -26"><span class='ocrx_word' id='word_1_288' title='bbox 457 2750 614 2818; x_wconf 88' lang='lat' dir='ltr'><strong>rhus,</strong></span> <span class='ocrx_word' id='word_1_289' title='bbox 638 2752 790 2822; x_wconf 87' lang='lat' dir='ltr'><strong>Epiri</strong></span> <span class='ocrx_word' id='word_1_290' title='bbox 817 2771 932 2821; x_wconf 87' lang='lat' dir='ltr'><strong>rex,</strong></span> <span class='ocrx_word' id='word_1_291' title='bbox 963 2765 1078 2815; x_wconf 85' lang='lat' dir='ltr'><strong>tum</strong></span> <span class='ocrx_word' id='word_1_292' title='bbox 1100 2758 1308 2830; x_wconf 78' lang='lat' dir='ltr'><strong>ingenii</strong></span> <span class='ocrx_word' id='word_1_293' title='bbox 1339 2761 1687 2827; x_wconf 80' lang='lat' dir='ltr'><strong>dexteritate,</strong></span> <span class='ocrx_word' id='word_1_294' title='bbox 1723 2771 1838 2817; x_wconf 93' lang='lat' dir='ltr'><strong>tum</strong></span> <span class='ocrx_word' id='word_1_295' title='bbox 1870 2764 2028 2820; x_wconf 91' lang='lat' dir='ltr'><strong>insti-</strong></span> 
     </span>
    </p>
   </div>
   <div class='ocr_carea' id='block_1_46' title="bbox 457 2843 2030 2926">
    <p class='ocr_par' dir='ltr' id='par_1_46' title="bbox 457 2843 2030 2926">
     <span class='ocr_line' id='line_1_46' title="bbox 457 2843 2030 2926; baseline 0.01 -30"><span class='ocrx_word' id='word_1_296' title='bbox 457 2843 690 2899; x_wconf 87' lang='lat' dir='ltr'><strong>tutionis</strong></span> <span class='ocrx_word' id='word_1_297' title='bbox 718 2849 1089 2914; x_wconf 88' lang='lat' dir='ltr'><strong>accuratione,</strong></span> <span class='ocrx_word' id='word_1_298' title='bbox 1120 2861 1234 2907; x_wconf 91' lang='lat' dir='ltr'><strong>tum</strong></span> <span class='ocrx_word' id='word_1_299' title='bbox 1267 2866 1370 2907; x_wconf 86' lang='lat' dir='ltr'><strong>usu</strong></span> <span class='ocrx_word' id='word_1_300' title='bbox 1391 2869 1573 2909; x_wconf 90' lang='lat' dir='ltr'><strong>rerum</strong></span> <span class='ocrx_word' id='word_1_301' title='bbox 1605 2855 1860 2910; x_wconf 88' lang='lat' dir='ltr'><strong>omnibus</strong></span> <span class='ocrx_word' id='word_1_302' title='bbox 1885 2872 2030 2926; x_wconf 69' lang='lat' dir='ltr'><strong>prae-</strong></span> 
     </span>
    </p>
   </div>
   <div class='ocr_carea' id='block_1_47' title="bbox 455 2941 2033 3014">
    <p class='ocr_par' dir='ltr' id='par_1_47' title="bbox 455 2941 2033 3014">
     <span class='ocr_line' id='line_1_47' title="bbox 455 2941 2033 3014; baseline 0.01 -24"><span class='ocrx_word' id='word_1_303' title='bbox 455 2946 625 3002; x_wconf 86' lang='lat' dir='ltr'><strong>stans,</strong></span> <span class='ocrx_word' id='word_1_304' title='bbox 652 2941 882 2995; x_wconf 81' lang='lat' dir='ltr'><strong>maxima</strong></span> <span class='ocrx_word' id='word_1_305' title='bbox 913 2941 1136 2998; x_wconf 65' lang='lat' dir='ltr'><strong>Graeciae</strong></span> <span class='ocrx_word' id='word_1_306' title='bbox 1165 2955 1317 3014; x_wconf 87' lang='lat' dir='ltr'><strong>parte</strong></span> <span class='ocrx_word' id='word_1_307' title='bbox 1341 2946 1424 3001; x_wconf 92' lang='lat' dir='ltr'><strong>vel</strong></span> <span class='ocrx_word' id='word_1_308' title='bbox 1450 2947 1735 3003; x_wconf 85' lang='lat' dir='ltr'><strong>beneﬁciis</strong></span> <span class='ocrx_word' id='word_1_309' title='bbox 1779 2949 1863 3004; x_wconf 86' lang='lat' dir='ltr'><strong>vel</strong></span> <span class='ocrx_word' id='word_1_310' title='bbox 1923 2959 2033 3005; x_wconf 87' lang='lat' dir='ltr'><strong>ter-</strong></span> 
     </span>
    </p>
   </div>
   <div class='ocr_carea' id='block_1_48' title="bbox 455 3031 2033 3111">
    <p class='ocr_par' dir='ltr' id='par_1_48' title="bbox 455 3031 2033 3111">
     <span class='ocr_line' id='line_1_48' title="bbox 455 3031 2033 3111; baseline 0.008 -28"><span class='ocrx_word' id='word_1_311' title='bbox 455 3044 580 3084; x_wconf 87' lang='lat' dir='ltr'><strong>rore</strong></span> <span class='ocrx_word' id='word_1_312' title='bbox 603 3031 709 3085; x_wconf 90' lang='lat' dir='ltr'><strong>sibi</strong></span> <span class='ocrx_word' id='word_1_313' title='bbox 757 3032 1036 3103; x_wconf 86' lang='lat' dir='ltr'><strong>adjuneta,</strong></span> <span class='ocrx_word' id='word_1_314' title='bbox 1078 3035 1498 3093; x_wconf 86' lang='lat' dir='ltr'><strong>Tarentinorum</strong></span> <span class='ocrx_word' id='word_1_315' title='bbox 1527 3041 1846 3096; x_wconf 84' lang='lat' dir='ltr'><strong>societatem</strong></span> <span class='ocrx_word' id='word_1_316' title='bbox 1902 3057 2033 3111; x_wconf 82' lang='lat' dir='ltr'><strong>pcr-</strong></span> 
     </span>
    </p>
   </div>
   <div class='ocr_carea' id='block_1_49' title="bbox 2116 1927 3696 2007">
    <p class='ocr_par' dir='ltr' id='par_1_49' title="bbox 2116 1927 3696 2007">
     <span class='ocr_line' id='line_1_49' title="bbox 2116 1927 3696 2007; baseline 0.004 -25"><span class='ocrx_word' id='word_1_317' title='bbox 2116 1927 2300 1998; x_wconf 83' lang='grc' dir='ltr'>λήλοις</span> <span class='ocrx_word' id='word_1_318' title='bbox 2332 1932 2764 2002; x_wconf 76' lang='grc' dir='ltr'>ἠναντιώθησαν,</span> <span class='ocrx_word' id='word_1_319' title='bbox 2789 1933 2884 1987; x_wconf 74' lang='grc' dir='ltr'>καὶ</span> <span class='ocrx_word' id='word_1_320' title='bbox 2914 1935 3021 1988; x_wconf 85' lang='grc' dir='ltr'><strong>τῶν</strong></span> <span class='ocrx_word' id='word_1_321' title='bbox 3055 1935 3152 2006; x_wconf 77' lang='grc' dir='ltr'>μὲν</span> <span class='ocrx_word' id='word_1_322' title='bbox 3179 1935 3576 2007; x_wconf 87' lang='grc' dir='ltr'>πρεσϐυτέρων</span> <span class='ocrx_word' id='word_1_323' title='bbox 3603 1934 3696 1988; x_wconf 76' lang='grc' dir='ltr'><strong>καὶ</strong></span> 
     </span>
    </p>
   </div>
   <div class='ocr_carea' id='block_1_50' title="bbox 2113 2020 3700 2098">
    <p class='ocr_par' dir='ltr' id='par_1_50' title="bbox 2113 2020 3700 2098">
     <span class='ocr_line' id='line_1_50' title="bbox 2113 2020 3700 2098; baseline 0.002 -25"><span class='ocrx_word' id='word_1_324' title='bbox 2113 2020 2365 2092; x_wconf 82' lang='grc' dir='ltr'>εὐπόρων</span> <span class='ocrx_word' id='word_1_325' title='bbox 2398 2023 2496 2093; x_wconf 80' lang='grc' dir='ltr'>τὴν</span> <span class='ocrx_word' id='word_1_326' title='bbox 2530 2023 2753 2095; x_wconf 82' lang='grc' dir='ltr'>είρήνην</span> <span class='ocrx_word' id='word_1_327' title='bbox 2793 2026 3154 2091; x_wconf 82' lang='grc' dir='ltr'>σπευδόντων,</span> <span class='ocrx_word' id='word_1_328' title='bbox 3193 2027 3301 2080; x_wconf 85' lang='grc' dir='ltr'>τῶν</span> <span class='ocrx_word' id='word_1_329' title='bbox 3349 2027 3394 2082; x_wconf 80' lang='grc' dir='ltr'>δ’</span> <span class='ocrx_word' id='word_1_330' title='bbox 3428 2029 3486 2080; x_wconf 78' lang='grc' dir='ltr'><strong>ὲν</strong></span> <span class='ocrx_word' id='word_1_331' title='bbox 3512 2027 3700 2098; x_wconf 62' lang='grc' dir='ltr'><strong>ἡλικίᾳ⁵</strong></span> 
     </span>
    </p>
   </div>
   <div class='ocr_carea' id='block_1_51' title="bbox 2118 2112 3700 2189">
    <p class='ocr_par' dir='ltr' id='par_1_51' title="bbox 2118 2112 3700 2189">
     <span class='ocr_line' id='line_1_51' title="bbox 2118 2112 3700 2189; baseline 0.001 -22"><span class='ocrx_word' id='word_1_332' title='bbox 2118 2114 2212 2167; x_wconf 69' lang='grc' dir='ltr'>καὶ</span> <span class='ocrx_word' id='word_1_333' title='bbox 2243 2112 2466 2182; x_wconf 83' lang='grc' dir='ltr'>ὀλίγαῆ</span> <span class='ocrx_word' id='word_1_334' title='bbox 2527 2115 2695 2185; x_wconf 85' lang='grc' dir='ltr'>μηδὲν</span> <span class='ocrx_word' id='word_1_335' title='bbox 2749 2116 2984 2188; x_wconf 80' lang='grc' dir='ltr'>ἐχόντων</span> <span class='ocrx_word' id='word_1_336' title='bbox 3050 2119 3285 2188; x_wconf 83' lang='grc' dir='ltr'>πόλεμον</span> <span class='ocrx_word' id='word_1_337' title='bbox 3339 2117 3700 2189; x_wconf 75' lang='grc' dir='ltr'>αἱρουμένων,</span> 
     </span>
    </p>
   </div>
   <div class='ocr_carea' id='block_1_52' title="bbox 2122 2207 3703 2282">
    <p class='ocr_par' dir='ltr' id='par_1_52' title="bbox 2122 2207 3703 2282">
     <span class='ocr_line' id='line_1_52' title="bbox 2122 2207 3703 2282; baseline 0.004 -24"><span class='ocrx_word' id='word_1_338' title='bbox 2122 2207 2436 2277; x_wconf 68' lang='grc' dir='ltr'>ἐκράτησαν</span> <span class='ocrx_word' id='word_1_339' title='bbox 2466 2210 2515 2261; x_wconf 87' lang='grc' dir='ltr'>οἱ</span> <span class='ocrx_word' id='word_1_340' title='bbox 2547 2208 2825 2278; x_wconf 84' lang='grc' dir='ltr'>νεώτεροι.</span> <span class='ocrx_word' id='word_1_341' title='bbox 2870 2211 3204 2282; x_wconf 79' lang='grc' dir='ltr'>Φοϐούμενοι</span> <span class='ocrx_word' id='word_1_342' title='bbox 3265 2213 3321 2267; x_wconf 79' lang='grc' dir='ltr'>δὲ</span> <span class='ocrx_word' id='word_1_343' title='bbox 3380 2213 3552 2282; x_wconf 83' lang='grc' dir='ltr'>ὅμως,</span> <span class='ocrx_word' id='word_1_344' title='bbox 3614 2213 3703 2265; x_wconf 70' lang='grc' dir='ltr'><strong>τὸν</strong></span> 
     </span>
    </p>
   </div>
   <div class='ocr_carea' id='block_1_53' title="bbox 2124 2298 3704 2375">
    <p class='ocr_par' dir='ltr' id='par_1_53' title="bbox 2124 2298 3704 2375">
     <span class='ocr_line' id='line_1_53' title="bbox 2124 2298 3704 2375; baseline 0.004 -25"><span class='ocrx_word' id='word_1_345' title='bbox 2124 2298 2343 2370; x_wconf 74' lang='grc' dir='ltr'>Πύρρον</span> <span class='ocrx_word' id='word_1_346' title='bbox 2369 2299 2459 2353; x_wconf 82' lang='grc' dir='ltr'>τὸν</span> <span class='ocrx_word' id='word_1_347' title='bbox 2487 2301 2828 2374; x_wconf 77' lang='grc' dir='ltr'>Ἠπειρώτην</span> <span class='ocrx_word' id='word_1_348' title='bbox 2850 2304 2926 2366; x_wconf 85' lang='grc' dir='ltr'><strong>είς</strong></span> <span class='ocrx_word' id='word_1_349' title='bbox 2960 2305 3278 2375; x_wconf 79' lang='grc' dir='ltr'>συμμαχίαν</span> <span class='ocrx_word' id='word_1_350' title='bbox 3310 2305 3704 2359; x_wconf 76' lang='grc' dir='ltr'>ἐϐουλεύσαντο</span> 
     </span>
    </p>
   </div>
   <div class='ocr_carea' id='block_1_54' title="bbox 2125 2394 3705 2470">
    <p class='ocr_par' dir='ltr' id='par_1_54' title="bbox 2125 2394 3705 2470">
     <span class='ocr_line' id='line_1_54' title="bbox 2125 2394 3705 2470; baseline 0.004 -25"><span class='ocrx_word' id='word_1_351' title='bbox 2125 2394 2656 2464; x_wconf 87' lang='grc' dir='ltr'>προσκαλέσασθαι,</span> <span class='ocrx_word' id='word_1_352' title='bbox 2719 2398 2815 2450; x_wconf 85' lang='grc' dir='ltr'>καὶ</span> <span class='ocrx_word' id='word_1_353' title='bbox 2875 2398 3135 2468; x_wconf 82' lang='grc' dir='ltr'>πρέσϐεις</span> <span class='ocrx_word' id='word_1_354' title='bbox 3197 2399 3346 2470; x_wconf 83' lang='grc' dir='ltr'><strong>αὑτῷ</strong></span> <span class='ocrx_word' id='word_1_355' title='bbox 3408 2400 3503 2453; x_wconf 79' lang='grc' dir='ltr'><strong>καὶ</strong></span> <span class='ocrx_word' id='word_1_356' title='bbox 3559 2397 3705 2470; x_wconf 85' lang='grc' dir='ltr'>δῶρα</span> 
     </span>
    </p>
   </div>
   <div class='ocr_carea' id='block_1_55' title="bbox 2123 2487 3704 2565">
    <p class='ocr_par' dir='ltr' id='par_1_55' title="bbox 2123 2487 3704 2565">
     <span class='ocr_line' id='line_1_55' title="bbox 2123 2487 3704 2565; baseline 0.004 -27"><span class='ocrx_word' id='word_1_357' title='bbox 2123 2487 2494 2556; x_wconf 88' lang='grc' dir='ltr'>πεπόμφασιν.</span> <span class='ocrx_word' id='word_1_358' title='bbox 2536 2490 2789 2558; x_wconf 86' lang='grc' dir='ltr'>Λίμίλιος</span> <span class='ocrx_word' id='word_1_359' title='bbox 2845 2490 2923 2556; x_wconf 80' lang='grc' dir='ltr'>δὲ,</span> <span class='ocrx_word' id='word_1_360' title='bbox 2981 2491 3157 2547; x_wconf 77' lang='grc' dir='ltr'>ταῦτα</span> <span class='ocrx_word' id='word_1_361' title='bbox 3209 2493 3421 2563; x_wconf 86' lang='grc' dir='ltr'>μαθὼν,</span> <span class='ocrx_word' id='word_1_362' title='bbox 3456 2491 3556 2565; x_wconf 77' lang='grc' dir='ltr'>τὴν</span> <span class='ocrx_word' id='word_1_363' title='bbox 3597 2492 3704 2564; x_wconf 79' lang='grc' dir='ltr'><strong>χώο</strong></span> 
     </span>
    </p>
   </div>
   <div class='ocr_carea' id='block_1_56' title="bbox 2126 2579 3702 2656">
    <p class='ocr_par' dir='ltr' id='par_1_56' title="bbox 2126 2579 3702 2656">
     <span class='ocr_line' id='line_1_56' title="bbox 2126 2579 3702 2656; baseline 0.003 -25"><span class='ocrx_word' id='word_1_364' title='bbox 2126 2595 2226 2648; x_wconf 90' lang='grc' dir='ltr'><strong>ραν</strong></span> <span class='ocrx_word' id='word_1_365' title='bbox 2264 2580 2445 2633; x_wconf 81' lang='grc' dir='ltr'>αὐτῶν</span> <span class='ocrx_word' id='word_1_366' title='bbox 2484 2579 2764 2651; x_wconf 70' lang='grc' dir='ltr'>ἐλεηλάτει</span> <span class='ocrx_word' id='word_1_367' title='bbox 2817 2582 2910 2635; x_wconf 75' lang='grc' dir='ltr'>καὶ</span> <span class='ocrx_word' id='word_1_368' title='bbox 2960 2582 3236 2654; x_wconf 78' lang='grc' dir='ltr'>ἔφθειρεν.</span> <span class='ocrx_word' id='word_1_369' title='bbox 3274 2585 3337 2638; x_wconf 78' lang='lat' dir='ltr'><strong>Oi</strong></span> <span class='ocrx_word' id='word_1_370' title='bbox 3378 2584 3436 2638; x_wconf 78' lang='grc' dir='ltr'>δὲ</span> <span class='ocrx_word' id='word_1_371' title='bbox 3474 2583 3702 2656; x_wconf 76' lang='grc' dir='ltr'>ἐπεξῆλ-</span> 
     </span>
    </p>
   </div>
   <div class='ocr_carea' id='block_1_57' title="bbox 2126 2669 3709 2748">
    <p class='ocr_par' dir='ltr' id='par_1_57' title="bbox 2126 2669 3709 2748">
     <span class='ocr_line' id='line_1_57' title="bbox 2126 2669 3709 2748; baseline 0.005 -26"><span class='ocrx_word' id='word_1_372' title='bbox 2126 2669 2219 2723; x_wconf 89' lang='grc' dir='ltr'><strong>θον</strong></span> <span class='ocrx_word' id='word_1_373' title='bbox 2277 2671 2397 2740; x_wconf 71' lang='grc' dir='ltr'>μὲν,</span> <span class='ocrx_word' id='word_1_374' title='bbox 2457 2670 2574 2724; x_wconf 75' lang='grc' dir='ltr'>ἀλλ’</span> <span class='ocrx_word' id='word_1_375' title='bbox 2609 2673 2950 2742; x_wconf 79' lang='grc' dir='ltr'>ἐτράπησαν,</span> <span class='ocrx_word' id='word_1_376' title='bbox 3015 2673 3156 2728; x_wconf 83' lang='grc' dir='ltr'>ὥστε</span> <span class='ocrx_word' id='word_1_377' title='bbox 3205 2676 3334 2739; x_wconf 72' lang='grc' dir='ltr'>τοὺς</span> <span class='ocrx_word' id='word_1_378' title='bbox 3403 2677 3709 2748; x_wconf 83' lang='grc' dir='ltr'>Ῥωμαίους</span> 
     </span>
    </p>
   </div>
   <div class='ocr_carea' id='block_1_58' title="bbox 2123 2760 3706 2832">
    <p class='ocr_par' dir='ltr' id='par_1_58' title="bbox 2123 2760 3706 2832">
     <span class='ocr_line' id='line_1_58' title="bbox 2123 2760 3706 2832; baseline 0.001 -19"><span class='ocrx_word' id='word_1_379' title='bbox 2123 2761 2226 2831; x_wconf 85' lang='grc' dir='ltr'>τήν</span> <span class='ocrx_word' id='word_1_380' title='bbox 2245 2777 2304 2813; x_wconf 89' lang='grc' dir='ltr'><strong>τε</strong></span> <span class='ocrx_word' id='word_1_381' title='bbox 2334 2760 2518 2830; x_wconf 83' lang='grc' dir='ltr'>χώραν</span> <span class='ocrx_word' id='word_1_382' title='bbox 2549 2761 2728 2814; x_wconf 81' lang='grc' dir='ltr'>αὐτῶν</span> <span class='ocrx_word' id='word_1_383' title='bbox 2760 2762 2931 2825; x_wconf 82' lang='grc' dir='ltr'>ἀδεῶς</span> <span class='ocrx_word' id='word_1_384' title='bbox 2966 2763 3262 2832; x_wconf 76' lang='grc' dir='ltr'>πορθῆσαι,</span> <span class='ocrx_word' id='word_1_385' title='bbox 3311 2763 3406 2817; x_wconf 82' lang='grc' dir='ltr'><strong>καί</strong></span> <span class='ocrx_word' id='word_1_386' title='bbox 3438 2781 3562 2816; x_wconf 88' lang='grc' dir='ltr'>τινα</span> <span class='ocrx_word' id='word_1_387' title='bbox 3591 2781 3706 2832; x_wconf 79' lang='grc' dir='ltr'>χειο</span> 
     </span>
    </p>
   </div>
   <div class='ocr_carea' id='block_1_59' title="bbox 2133 2851 3709 2926">
    <p class='ocr_par' dir='ltr' id='par_1_59' title="bbox 2133 2851 3709 2926">
     <span class='ocr_line' id='line_1_59' title="bbox 2133 2851 3709 2926; baseline 0.002 -22"><span class='ocrx_word' id='word_1_388' title='bbox 2133 2851 2408 2922; x_wconf 84' lang='grc' dir='ltr'>ρώσασθαι</span> <span class='ocrx_word' id='word_1_389' title='bbox 2439 2852 2698 2924; x_wconf 83' lang='grc' dir='ltr'>φρούρια.</span> <span class='ocrx_word' id='word_1_390' title='bbox 2758 2853 2967 2923; x_wconf 75' lang='grc' dir='ltr'>Πολλὴν</span> <span class='ocrx_word' id='word_1_391' title='bbox 2995 2853 3052 2908; x_wconf 81' lang='grc' dir='ltr'>δὲ</span> <span class='ocrx_word' id='word_1_392' title='bbox 3081 2854 3182 2926; x_wconf 75' lang='grc' dir='ltr'>τὴν</span> <span class='ocrx_word' id='word_1_393' title='bbox 3205 2855 3312 2908; x_wconf 83' lang='grc' dir='ltr'>τῶν</span> <span class='ocrx_word' id='word_1_394' title='bbox 3345 2855 3587 2908; x_wconf 78' lang='grc' dir='ltr'>ἁλόντων</span> <span class='ocrx_word' id='word_1_395' title='bbox 3617 2853 3709 2907; x_wconf 80' lang='grc' dir='ltr'><strong>τοῦ</strong></span> 
     </span>
    </p>
   </div>
   <div class='ocr_carea' id='block_1_60' title="bbox 2131 2945 3712 3016">
    <p class='ocr_par' dir='ltr' id='par_1_60' title="bbox 2131 2945 3712 3016">
     <span class='ocr_line' id='line_1_60' title="bbox 2131 2945 3712 3016; baseline 0.001 -18"><span class='ocrx_word' id='word_1_396' title='bbox 2131 2945 2386 3015; x_wconf 77' lang='grc' dir='ltr'>Αἰμιλίου</span> <span class='ocrx_word' id='word_1_397' title='bbox 2442 2946 2807 3016; x_wconf 84' lang='grc' dir='ltr'>πεποιηκότος</span> <span class='ocrx_word' id='word_1_398' title='bbox 2857 2945 3201 3016; x_wconf 68' lang='grc' dir='ltr'>ἐπιμέλειαν,</span> <span class='ocrx_word' id='word_1_399' title='bbox 3261 2946 3356 3000; x_wconf 86' lang='grc' dir='ltr'><strong>καί</strong></span> <span class='ocrx_word' id='word_1_400' title='bbox 3417 2964 3575 3009; x_wconf 89' lang='grc' dir='ltr'>τινας</span> <span class='ocrx_word' id='word_1_401' title='bbox 3605 2946 3712 3000; x_wconf 85' lang='grc' dir='ltr'><strong>τῶν</strong></span> 
     </span>
    </p>
   </div>
   <div class='ocr_carea' id='block_1_61' title="bbox 2129 3035 3712 3109">
    <p class='ocr_par' dir='ltr' id='par_1_61' title="bbox 2129 3035 3712 3109">
     <span class='ocr_line' id='line_1_61' title="bbox 2129 3035 3712 3109; baseline -0.001 -18"><span class='ocrx_word' id='word_1_402' title='bbox 2129 3037 2514 3106; x_wconf 86' lang='grc' dir='ltr'>δυνατωτέρων</span> <span class='ocrx_word' id='word_1_403' title='bbox 2560 3035 3108 3107; x_wconf 80' lang='grc' dir='ltr'>ὲλευθερώσαντος,οί</span> <span class='ocrx_word' id='word_1_404' title='bbox 3139 3037 3491 3109; x_wconf 85' lang='grc' dir='ltr'>Ταραντῖνοι,</span> <span class='ocrx_word' id='word_1_405' title='bbox 3527 3039 3628 3108; x_wconf 76' lang='grc' dir='ltr'><strong>τήν</strong></span> <span class='ocrx_word' id='word_1_406' title='bbox 3654 3054 3712 3090; x_wconf 84' lang='grc' dir='ltr'><strong>τε</strong></span> 
     </span>
    </p>
   </div>
   <div class='ocr_carea' id='block_1_62' title="bbox 456 3126 2028 3210">
    <p class='ocr_par' dir='ltr' id='par_1_62' title="bbox 456 3126 2028 3203">
     <span class='ocr_line' id='line_1_62' title="bbox 456 3126 2028 3203; baseline 0.008 -29"><span class='ocrx_word' id='word_1_407' title='bbox 456 3132 819 3190; x_wconf 79' lang='lat' dir='ltr'><strong>Opportunam</strong></span> <span class='ocrx_word' id='word_1_408' title='bbox 856 3126 960 3180; x_wconf 89' lang='lat' dir='ltr'><strong>sibi</strong></span> <span class='ocrx_word' id='word_1_409' title='bbox 989 3126 1106 3180; x_wconf 80' lang='lat' dir='ltr'><strong>fore</strong></span> <span class='ocrx_word' id='word_1_410' title='bbox 1145 3129 1491 3194; x_wconf 81' lang='lat' dir='ltr'><strong>existimans,</strong></span> <span class='ocrx_word' id='word_1_411' title='bbox 1539 3145 1665 3185; x_wconf 89' lang='lat' dir='ltr'><strong>cum</strong></span> <span class='ocrx_word' id='word_1_412' title='bbox 1717 3132 1879 3203; x_wconf 87' lang='lat' dir='ltr'><strong>longo</strong></span> <span class='ocrx_word' id='word_1_413' title='bbox 1919 3133 2028 3203; x_wconf 81' lang='lat' dir='ltr'><strong>jam</strong></span> 
     </span>
    </p>
   </div>
   <div class='ocr_carea' id='block_1_63' title="bbox 2133 3126 3712 3210">
    <p class='ocr_par' dir='ltr' id='par_1_63' title="bbox 2137 3129 3712 3202">
     <span class='ocr_line' id='line_1_63' title="bbox 2137 3129 3712 3202; baseline -0.001 -18"><span class='ocrx_word' id='word_1_414' title='bbox 2137 3131 2554 3202; x_wconf 85' lang='grc' dir='ltr'>φιλανθρωπίαν</span> <span class='ocrx_word' id='word_1_415' title='bbox 2605 3131 2772 3184; x_wconf 76' lang='grc' dir='ltr'>αὐτοῦ</span> <span class='ocrx_word' id='word_1_416' title='bbox 2805 3131 3210 3201; x_wconf 87' lang='grc' dir='ltr'>θαυμάσαντες,</span> <span class='ocrx_word' id='word_1_417' title='bbox 3257 3131 3350 3184; x_wconf 71' lang='grc' dir='ltr'><strong>καὶ</strong></span> <span class='ocrx_word' id='word_1_418' title='bbox 3382 3131 3462 3195; x_wconf 80' lang='grc' dir='ltr'>εις</span> <span class='ocrx_word' id='word_1_419' title='bbox 3489 3129 3712 3194; x_wconf 79' lang='grc' dir='ltr'>ἐλπίδας</span> 
     </span>
    </p>
   </div>
   <div class='ocr_carea' id='block_1_64' title="bbox 457 3215 2031 3288">
    <p class='ocr_par' dir='ltr' id='par_1_64' title="bbox 457 3215 2031 3288">
     <span class='ocr_line' id='line_1_64' title="bbox 457 3215 2031 3288; baseline 0.009 -23"><span class='ocrx_word' id='word_1_420' title='bbox 457 3221 702 3282; x_wconf 84' lang='lat' dir='ltr'><strong>tempore</strong></span> <span class='ocrx_word' id='word_1_421' title='bbox 729 3215 996 3280; x_wconf 89' lang='lat' dir='ltr'><strong>Siciliam,</strong></span> <span class='ocrx_word' id='word_1_422' title='bbox 1031 3218 1419 3288; x_wconf 73' lang='lat' dir='ltr'><strong>Carthaginem</strong></span> <span class='ocrx_word' id='word_1_423' title='bbox 1447 3230 1503 3275; x_wconf 90' lang='lat' dir='ltr'><strong>et</strong></span> <span class='ocrx_word' id='word_1_424' title='bbox 1536 3221 1846 3277; x_wconf 90' lang='lat' dir='ltr'><strong>Sardiniam</strong></span> <span class='ocrx_word' id='word_1_425' title='bbox 1896 3225 2031 3280; x_wconf 80' lang='lat' dir='ltr'><strong>sub-</strong></span> 
     </span>
    </p>
   </div>
   <div class='ocr_carea' id='block_1_65' title="bbox 459 3304 2033 3374">
    <p class='ocr_par' dir='ltr' id='par_1_65' title="bbox 459 3304 2033 3374">
     <span class='ocr_line' id='line_1_65' title="bbox 459 3304 2033 3374; baseline 0.009 -17"><span class='ocrx_word' id='word_1_426' title='bbox 459 3304 606 3374; x_wconf 89' lang='lat' dir='ltr'><strong>igere</strong></span> <span class='ocrx_word' id='word_1_427' title='bbox 633 3314 882 3374; x_wconf 90' lang='lat' dir='ltr'><strong>cuperet,</strong></span> <span class='ocrx_word' id='word_1_428' title='bbox 911 3316 968 3360; x_wconf 90' lang='lat' dir='ltr'><strong>et</strong></span> <span class='ocrx_word' id='word_1_429' title='bbox 1011 3316 1196 3364; x_wconf 87' lang='lat' dir='ltr'><strong>tamen</strong></span> <span class='ocrx_word' id='word_1_430' title='bbox 1236 3310 1514 3367; x_wconf 87' lang='lat' dir='ltr'><strong>Romanos</strong></span> <span class='ocrx_word' id='word_1_431' title='bbox 1542 3313 1712 3368; x_wconf 88' lang='lat' dir='ltr'><strong>armis</strong></span> <span class='ocrx_word' id='word_1_432' title='bbox 1765 3315 2033 3371; x_wconf 79' lang='lat' dir='ltr'><strong>lacessere</strong></span> 
     </span>
    </p>
   </div>
   <div class='ocr_carea' id='block_1_66' title="bbox 457 3394 2034 3469">
    <p class='ocr_par' dir='ltr' id='par_1_66' title="bbox 457 3394 2034 3469">
     <span class='ocr_line' id='line_1_66' title="bbox 457 3394 2034 3469; baseline 0.011 -25"><span class='ocrx_word' id='word_1_433' title='bbox 457 3399 764 3456; x_wconf 87' lang='lat' dir='ltr'><strong>vereretur,</strong></span> <span class='ocrx_word' id='word_1_434' title='bbox 798 3394 993 3464; x_wconf 86' lang='lat' dir='ltr'><strong>legatis</strong></span> <span class='ocrx_word' id='word_1_435' title='bbox 1043 3398 1244 3455; x_wconf 61' lang='lat' dir='ltr'><strong>atuxilia</strong></span> <span class='ocrx_word' id='word_1_436' title='bbox 1280 3401 1555 3469; x_wconf 90' lang='lat' dir='ltr'><strong>pollicitus</strong></span> <span class='ocrx_word' id='word_1_437' title='bbox 1587 3415 1691 3458; x_wconf 89' lang='lat' dir='ltr'><strong>est.</strong></span> <span class='ocrx_word' id='word_1_438' title='bbox 1725 3403 1830 3459; x_wconf 88' lang='lat' dir='ltr'><strong>Sed</strong></span> <span class='ocrx_word' id='word_1_439' title='bbox 1866 3420 1935 3460; x_wconf 89' lang='lat' dir='ltr'><strong>ne</strong></span> <span class='ocrx_word' id='word_1_440' title='bbox 1961 3407 2034 3461; x_wconf 89' lang='lat' dir='ltr'><strong>ob</strong></span> 
     </span>
    </p>
   </div>
   <div class='ocr_carea' id='block_1_67' title="bbox 460 3481 2038 3558">
    <p class='ocr_par' dir='ltr' id='par_1_67' title="bbox 460 3481 2038 3558">
     <span class='ocr_line' id='line_1_67' title="bbox 460 3481 2038 3558; baseline 0.011 -24"><span class='ocrx_word' id='word_1_441' title='bbox 460 3481 582 3536; x_wconf 88' lang='lat' dir='ltr'><strong>loca</strong></span> <span class='ocrx_word' id='word_1_442' title='bbox 611 3497 734 3552; x_wconf 66' lang='lat' dir='ltr'><strong>quae</strong></span> <span class='ocrx_word' id='word_1_443' title='bbox 760 3483 999 3540; x_wconf 88' lang='lat' dir='ltr'><strong>diximus</strong></span> <span class='ocrx_word' id='word_1_444' title='bbox 1023 3498 1313 3558; x_wconf 85' lang='lat' dir='ltr'><strong>suspectus</strong></span> <span class='ocrx_word' id='word_1_445' title='bbox 1343 3501 1508 3557; x_wconf 88' lang='lat' dir='ltr'><strong>esset,</strong></span> <span class='ocrx_word' id='word_1_446' title='bbox 1530 3507 1588 3549; x_wconf 91' lang='lat' dir='ltr'><strong>se</strong></span> <span class='ocrx_word' id='word_1_447' title='bbox 1611 3495 1794 3550; x_wconf 84' lang='lat' dir='ltr'><strong>statim</strong></span> <span class='ocrx_word' id='word_1_448' title='bbox 1821 3497 2038 3552; x_wconf 62' lang='lat' dir='ltr'><strong>reditus</strong></span> 
     </span>
    </p>
   </div>
   <div class='ocr_carea' id='block_1_68' title="bbox 460 3575 2034 3658">
    <p class='ocr_par' dir='ltr' id='par_1_68' title="bbox 460 3575 2034 3658">
     <span class='ocr_line' id='line_1_68' title="bbox 460 3575 2034 3658; baseline 0.011 -32"><span class='ocrx_word' id='word_1_449' title='bbox 460 3587 585 3627; x_wconf 87' lang='lat' dir='ltr'><strong>rum</strong></span> <span class='ocrx_word' id='word_1_450' title='bbox 618 3589 739 3631; x_wconf 88' lang='lat' dir='ltr'><strong>esse</strong></span> <span class='ocrx_word' id='word_1_451' title='bbox 770 3575 991 3632; x_wconf 86' lang='lat' dir='ltr'><strong>domum</strong></span> <span class='ocrx_word' id='word_1_452' title='bbox 1021 3578 1160 3634; x_wconf 72' lang='lat' dir='ltr'><strong>dixit</strong></span> <span class='ocrx_word' id='word_1_453' title='bbox 1193 3600 1205 3636; x_wconf 93' lang='lat'><strong>:</strong></span> <span class='ocrx_word' id='word_1_454' title='bbox 1247 3594 1304 3638; x_wconf 90' lang='lat' dir='ltr'><strong>et</strong></span> <span class='ocrx_word' id='word_1_455' title='bbox 1351 3584 1406 3638; x_wconf 93' lang='lat' dir='ltr'><strong>in</strong></span> <span class='ocrx_word' id='word_1_456' title='bbox 1442 3583 1744 3641; x_wconf 69' lang='lat' dir='ltr'><strong>foederibus</strong></span> <span class='ocrx_word' id='word_1_457' title='bbox 1796 3589 2034 3658; x_wconf 86' lang='lat' dir='ltr'><strong>excepit,</strong></span> 
     </span>
    </p>
   </div>
   <div class='ocr_carea' id='block_1_69' title="bbox 461 3665 2040 3741">
    <p class='ocr_par' dir='ltr' id='par_1_69' title="bbox 461 3665 2040 3741">
     <span class='ocr_line' id='line_1_69' title="bbox 461 3665 2040 3741; baseline 0.009 -21"><span class='ocrx_word' id='word_1_458' title='bbox 461 3679 533 3720; x_wconf 87' lang='lat' dir='ltr'><strong>ne</strong></span> <span class='ocrx_word' id='word_1_459' title='bbox 560 3665 769 3721; x_wconf 87' lang='lat' dir='ltr'><strong>diutius</strong></span> <span class='ocrx_word' id='word_1_460' title='bbox 797 3683 960 3739; x_wconf 87' lang='lat' dir='ltr'><strong>quam</strong></span> <span class='ocrx_word' id='word_1_461' title='bbox 995 3685 1133 3741; x_wconf 91' lang='lat' dir='ltr'><strong>opus</strong></span> <span class='ocrx_word' id='word_1_462' title='bbox 1159 3683 1324 3740; x_wconf 84' lang='lat' dir='ltr'><strong>esset,</strong></span> <span class='ocrx_word' id='word_1_463' title='bbox 1359 3677 1427 3730; x_wconf 89' lang='lat' dir='ltr'><strong>ab</strong></span> <span class='ocrx_word' id='word_1_464' title='bbox 1473 3675 1554 3732; x_wconf 92' lang='lat' dir='ltr'><strong>eis</strong></span> <span class='ocrx_word' id='word_1_465' title='bbox 1603 3677 1659 3731; x_wconf 92' lang='lat' dir='ltr'><strong>in</strong></span> <span class='ocrx_word' id='word_1_466' title='bbox 1694 3678 1846 3733; x_wconf 87' lang='lat' dir='ltr'><strong>Italia</strong></span> <span class='ocrx_word' id='word_1_467' title='bbox 1898 3681 2040 3736; x_wconf 82' lang='lat' dir='ltr'><strong>deti-</strong></span> 
     </span>
    </p>
   </div>
   <div class='ocr_carea' id='block_1_70' title="bbox 462 3760 2036 3840">
    <p class='ocr_par' dir='ltr' id='par_1_70' title="bbox 462 3760 2036 3840">
     <span class='ocr_line' id='line_1_70' title="bbox 462 3760 2036 3840; baseline 0.009 -27"><span class='ocrx_word' id='word_1_468' title='bbox 462 3770 709 3816; x_wconf 90' lang='lat' dir='ltr'><strong>neretur.</strong></span> <span class='ocrx_word' id='word_1_469' title='bbox 736 3760 861 3817; x_wconf 70' lang='lat' dir='ltr'><strong>Haec</strong></span> <span class='ocrx_word' id='word_1_470' title='bbox 897 3772 1109 3832; x_wconf 89' lang='lat' dir='ltr'><strong>pactus,</strong></span> <span class='ocrx_word' id='word_1_471' title='bbox 1165 3768 1426 3838; x_wconf 85' lang='lat' dir='ltr'><strong>majorem</strong></span> <span class='ocrx_word' id='word_1_472' title='bbox 1465 3768 1769 3840; x_wconf 83' lang='lat' dir='ltr'><strong>legatorum</strong></span> <span class='ocrx_word' id='word_1_473' title='bbox 1802 3781 2036 3840; x_wconf 88' lang='lat' dir='ltr'><strong>partem,</strong></span> 
     </span>
    </p>
   </div>
   <div class='ocr_carea' id='block_1_71' title="bbox 465 3853 2037 3929">
    <p class='ocr_par' dir='ltr' id='par_1_71' title="bbox 465 3853 2037 3929">
     <span class='ocr_line' id='line_1_71' title="bbox 465 3853 2037 3929; baseline 0.009 -24"><span class='ocrx_word' id='word_1_474' title='bbox 465 3859 525 3906; x_wconf 89' lang='lat' dir='ltr'><strong>ut</strong></span> <span class='ocrx_word' id='word_1_475' title='bbox 564 3853 618 3907; x_wconf 92' lang='lat' dir='ltr'><strong>in</strong></span> <span class='ocrx_word' id='word_1_476' title='bbox 649 3853 955 3925; x_wconf 87' lang='lat' dir='ltr'><strong>colligendo</strong></span> <span class='ocrx_word' id='word_1_477' title='bbox 987 3857 1162 3913; x_wconf 88' lang='lat' dir='ltr'><strong>milite</strong></span> <span class='ocrx_word' id='word_1_478' title='bbox 1200 3875 1419 3929; x_wconf 86' lang='lat' dir='ltr'><strong>operam</strong></span> <span class='ocrx_word' id='word_1_479' title='bbox 1444 3869 1760 3926; x_wconf 87' lang='lat' dir='ltr'><strong>navaturos,</strong></span> <span class='ocrx_word' id='word_1_480' title='bbox 1783 3864 2037 3919; x_wconf 88' lang='lat' dir='ltr'><strong>obsidum</strong></span> 
     </span>
    </p>
   </div>
   <div class='ocr_carea' id='block_1_72' title="bbox 463 3943 2042 4026">
    <p class='ocr_par' dir='ltr' id='par_1_72' title="bbox 463 3943 2042 4026">
     <span class='ocr_line' id='line_1_72' title="bbox 463 3943 2042 4026; baseline 0.009 -30"><span class='ocrx_word' id='word_1_481' title='bbox 463 3943 584 3998; x_wconf 88' lang='lat' dir='ltr'><strong>vice</strong></span> <span class='ocrx_word' id='word_1_482' title='bbox 617 3945 844 4001; x_wconf 89' lang='lat' dir='ltr'><strong>retinuit</strong></span> <span class='ocrx_word' id='word_1_483' title='bbox 872 3963 884 3999; x_wconf 92' lang='lat'>:</span> <span class='ocrx_word' id='word_1_484' title='bbox 919 3963 1123 4017; x_wconf 87' lang='lat' dir='ltr'><strong>paucos</strong></span> <span class='ocrx_word' id='word_1_485' title='bbox 1152 3950 1448 4007; x_wconf 87' lang='lat' dir='ltr'><strong>etCineam</strong></span> <span class='ocrx_word' id='word_1_486' title='bbox 1485 3968 1608 4008; x_wconf 91' lang='lat' dir='ltr'><strong>cum</strong></span> <span class='ocrx_word' id='word_1_487' title='bbox 1636 3956 1880 4010; x_wconf 84' lang='lat' dir='ltr'><strong>exercitu</strong></span> <span class='ocrx_word' id='word_1_488' title='bbox 1905 3972 2042 4026; x_wconf 68' lang='lat' dir='ltr'><strong>prae-</strong></span> 
     </span>
    </p>
   </div>
   <div class='ocr_carea' id='block_1_73' title="bbox 462 4036 2042 4116">
    <p class='ocr_par' dir='ltr' id='par_1_73' title="bbox 462 4036 2042 4116">
     <span class='ocr_line' id='line_1_73' title="bbox 462 4036 2042 4116; baseline 0.009 -26"><span class='ocrx_word' id='word_1_489' title='bbox 462 4036 632 4092; x_wconf 90' lang='lat' dir='ltr'><strong>misit.</strong></span> <span class='ocrx_word' id='word_1_490' title='bbox 657 4037 898 4104; x_wconf 91' lang='lat' dir='ltr'><strong>Quorum</strong></span> <span class='ocrx_word' id='word_1_491' title='bbox 936 4041 1176 4096; x_wconf 81' lang='lat' dir='ltr'><strong>adventu</strong></span> <span class='ocrx_word' id='word_1_492' title='bbox 1212 4045 1518 4099; x_wconf 83' lang='lat' dir='ltr'><strong>conﬁrmati</strong></span> <span class='ocrx_word' id='word_1_493' title='bbox 1544 4047 1845 4113; x_wconf 89' lang='lat' dir='ltr'><strong>Tarentini,</strong></span> <span class='ocrx_word' id='word_1_494' title='bbox 1893 4050 2042 4116; x_wconf 85' lang='lat' dir='ltr'><strong>paci-</strong></span> 
     </span>
    </p>
   </div>
   <div class='ocr_carea' id='block_1_74' title="bbox 466 4130 2038 4209">
    <p class='ocr_par' dir='ltr' id='par_1_74' title="bbox 466 4130 2038 4209">
     <span class='ocr_line' id='line_1_74' title="bbox 466 4130 2038 4209; baseline 0.009 -28"><span class='ocrx_word' id='word_1_495' title='bbox 466 4130 721 4185; x_wconf 86' lang='lat' dir='ltr'><strong>licatione</strong></span> <span class='ocrx_word' id='word_1_496' title='bbox 760 4131 1069 4202; x_wconf 87' lang='lat' dir='ltr'><strong>repudiata,</strong></span> <span class='ocrx_word' id='word_1_497' title='bbox 1137 4136 1431 4204; x_wconf 86' lang='lat' dir='ltr'><strong>imperium</strong></span> <span class='ocrx_word' id='word_1_498' title='bbox 1480 4138 1638 4208; x_wconf 86' lang='lat' dir='ltr'><strong>Agidi</strong></span> <span class='ocrx_word' id='word_1_499' title='bbox 1691 4140 2038 4209; x_wconf 86' lang='lat' dir='ltr'><strong>abrogatum,</strong></span> 
     </span>
    </p>
   </div>
   <div class='ocr_carea' id='block_1_75' title="bbox 466 4221 2040 4299">
    <p class='ocr_par' dir='ltr' id='par_1_75' title="bbox 466 4221 2040 4299">
     <span class='ocr_line' id='line_1_75' title="bbox 466 4221 2040 4299; baseline 0.009 -26"><span class='ocrx_word' id='word_1_500' title='bbox 466 4221 559 4275; x_wconf 92' lang='lat' dir='ltr'><strong>uni</strong></span> <span class='ocrx_word' id='word_1_501' title='bbox 591 4237 659 4277; x_wconf 90' lang='lat' dir='ltr'><strong>ex</strong></span> <span class='ocrx_word' id='word_1_502' title='bbox 683 4223 878 4294; x_wconf 85' lang='lat' dir='ltr'><strong>legatis</strong></span> <span class='ocrx_word' id='word_1_503' title='bbox 902 4223 1241 4282; x_wconf 90' lang='lat' dir='ltr'><strong>detulerunt.</strong></span> <span class='ocrx_word' id='word_1_504' title='bbox 1276 4227 1395 4282; x_wconf 87' lang='lat' dir='ltr'><strong>Non</strong></span> <span class='ocrx_word' id='word_1_505' title='bbox 1421 4229 1595 4284; x_wconf 90' lang='lat' dir='ltr'><strong>multo</strong></span> <span class='ocrx_word' id='word_1_506' title='bbox 1612 4241 1754 4299; x_wconf 77' lang='lat' dir='ltr'><strong>post,</strong></span> <span class='ocrx_word' id='word_1_507' title='bbox 1785 4231 2040 4287; x_wconf 75' lang='lat' dir='ltr'><strong>Milonem</strong></span> 
     </span>
    </p>
   </div>
   <div class='ocr_carea' id='block_1_76' title="bbox 465 4315 2043 4382">
    <p class='ocr_par' dir='ltr' id='par_1_76' title="bbox 465 4315 2043 4382">
     <span class='ocr_line' id='line_1_76' title="bbox 465 4315 2043 4382; baseline 0.007 -13"><span class='ocrx_word' id='word_1_508' title='bbox 465 4329 592 4369; x_wconf 89' lang='lat' dir='ltr'><strong>cum</strong></span> <span class='ocrx_word' id='word_1_509' title='bbox 613 4315 881 4382; x_wconf 87' lang='lat' dir='ltr'><strong>exercitu,</strong></span> <span class='ocrx_word' id='word_1_510' title='bbox 911 4316 976 4369; x_wconf 89' lang='lat' dir='ltr'><strong>ad</strong></span> <span class='ocrx_word' id='word_1_511' title='bbox 1001 4333 1181 4372; x_wconf 88' lang='lat' dir='ltr'><strong>arcem</strong></span> <span class='ocrx_word' id='word_1_512' title='bbox 1229 4318 1284 4374; x_wconf 93' lang='lat' dir='ltr'><strong>in</strong></span> <span class='ocrx_word' id='word_1_513' title='bbox 1333 4321 1630 4375; x_wconf 89' lang='lat' dir='ltr'><strong>adventum</strong></span> <span class='ocrx_word' id='word_1_514' title='bbox 1682 4338 1839 4377; x_wconf 90' lang='lat' dir='ltr'><strong>suum</strong></span> <span class='ocrx_word' id='word_1_515' title='bbox 1879 4339 2043 4379; x_wconf 87' lang='lat' dir='ltr'><strong>occu-</strong></span> 
     </span>
    </p>
   </div>
   <div class='ocr_carea' id='block_1_77' title="bbox 467 4409 2037 4487">
    <p class='ocr_par' dir='ltr' id='par_1_77' title="bbox 467 4409 2037 4487">
     <span class='ocr_line' id='line_1_77' title="bbox 467 4409 2037 4487; baseline 0.005 -27"><span class='ocrx_word' id='word_1_516' title='bbox 467 4409 723 4476; x_wconf 88' lang='lat' dir='ltr'><strong>pandam,</strong></span> <span class='ocrx_word' id='word_1_517' title='bbox 773 4418 830 4464; x_wconf 88' lang='lat' dir='ltr'><strong>et</strong></span> <span class='ocrx_word' id='word_1_518' title='bbox 885 4412 1084 4465; x_wconf 69' lang='lat' dir='ltr'><strong>moenia</strong></span> <span class='ocrx_word' id='word_1_519' title='bbox 1125 4411 1507 4478; x_wconf 87' lang='lat' dir='ltr'><strong>custodienda,</strong></span> <span class='ocrx_word' id='word_1_520' title='bbox 1568 4415 1720 4470; x_wconf 88' lang='lat' dir='ltr'><strong>misit</strong></span> <span class='ocrx_word' id='word_1_521' title='bbox 1776 4415 2037 4487; x_wconf 89' lang='lat' dir='ltr'><strong>Pyrrhus.</strong></span> 
     </span>
    </p>
   </div>
   <div class='ocr_carea' id='block_1_78' title="bbox 2137 3218 3712 3293">
    <p class='ocr_par' dir='ltr' id='par_1_78' title="bbox 2137 3218 3712 3293">
     <span class='ocr_line' id='line_1_78' title="bbox 2137 3218 3712 3293; baseline -0.001 -17"><span class='ocrx_word' id='word_1_522' title='bbox 2137 3223 2505 3293; x_wconf 85' lang='grc' dir='ltr'>προαχθέντες</span> <span class='ocrx_word' id='word_1_523' title='bbox 2529 3223 2791 3281; x_wconf 86' lang='grc' dir='ltr'>σπονδῶν,</span> <span class='ocrx_word' id='word_1_524' title='bbox 2823 3218 3009 3289; x_wconf 71' lang='grc' dir='ltr'>Ἆγιν,</span> <span class='ocrx_word' id='word_1_525' title='bbox 3037 3225 3151 3283; x_wconf 85' lang='grc' dir='ltr'>τοῖς</span> <span class='ocrx_word' id='word_1_526' title='bbox 3201 3223 3491 3288; x_wconf 87' lang='grc' dir='ltr'>Ῥωμαίοις</span> <span class='ocrx_word' id='word_1_527' title='bbox 3526 3222 3712 3292; x_wconf 75' lang='grc' dir='ltr'>ἐπιτή-</span> 
     </span>
    </p>
   </div>
   <div class='ocr_carea' id='block_1_79' title="bbox 2138 3313 3712 3386">
    <p class='ocr_par' dir='ltr' id='par_1_79' title="bbox 2138 3313 3712 3386">
     <span class='ocr_line' id='line_1_79' title="bbox 2138 3313 3712 3386; baseline -0.001 -18"><span class='ocrx_word' id='word_1_528' title='bbox 2138 3315 2280 3368; x_wconf 86' lang='grc' dir='ltr'>δειον</span> <span class='ocrx_word' id='word_1_529' title='bbox 2313 3314 2460 3379; x_wconf 75' lang='grc' dir='ltr'>ὄντα,</span> <span class='ocrx_word' id='word_1_530' title='bbox 2520 3313 2728 3367; x_wconf 79' lang='grc' dir='ltr'>εἴλοντο</span> <span class='ocrx_word' id='word_1_531' title='bbox 2761 3314 3068 3384; x_wconf 84' lang='grc' dir='ltr'>στρατηγὸν</span> <span class='ocrx_word' id='word_1_532' title='bbox 3115 3313 3514 3384; x_wconf 78' lang='grc' dir='ltr'>αὐτοκράτορα.</span> <span class='ocrx_word' id='word_1_533' title='bbox 3557 3315 3712 3386; x_wconf 78' lang='grc' dir='ltr'>’Λρτι</span> 
     </span>
    </p>
   </div>
   <div class='ocr_carea' id='block_1_80' title="bbox 2139 3397 3712 3476">
    <p class='ocr_par' dir='ltr' id='par_1_80' title="bbox 2139 3397 3712 3476">
     <span class='ocr_line' id='line_1_80' title="bbox 2139 3397 3712 3476; baseline -0.001 -17"><span class='ocrx_word' id='word_1_534' title='bbox 2139 3405 2186 3459; x_wconf 83' lang='grc' dir='ltr'>δ’</span> <span class='ocrx_word' id='word_1_535' title='bbox 2215 3397 2370 3468; x_wconf 74' lang='grc' dir='ltr'>οὗτος</span> <span class='ocrx_word' id='word_1_536' title='bbox 2395 3406 2826 3475; x_wconf 83' lang='grc' dir='ltr'>κεχειροτόνητο,</span> <span class='ocrx_word' id='word_1_537' title='bbox 2859 3405 2952 3457; x_wconf 77' lang='grc' dir='ltr'>καὶ</span> <span class='ocrx_word' id='word_1_538' title='bbox 2982 3405 3182 3467; x_wconf 82' lang='grc' dir='ltr'>Κινέας</span> <span class='ocrx_word' id='word_1_539' title='bbox 3207 3443 3222 3468; x_wconf 91' lang='grc'><strong>,</strong></span> <span class='ocrx_word' id='word_1_540' title='bbox 3250 3404 3356 3457; x_wconf 80' lang='grc' dir='ltr'><strong>ὑπὸ</strong></span> <span class='ocrx_word' id='word_1_541' title='bbox 3380 3404 3475 3458; x_wconf 84' lang='grc' dir='ltr'>τοῦ</span> <span class='ocrx_word' id='word_1_542' title='bbox 3500 3406 3712 3476; x_wconf 75' lang='grc' dir='ltr'>Πύρῤου</span> 
     </span>
    </p>
   </div>
   <div class='ocr_carea' id='block_1_81' title="bbox 2141 3496 3715 3569">
    <p class='ocr_par' dir='ltr' id='par_1_81' title="bbox 2141 3496 3715 3569">
     <span class='ocr_line' id='line_1_81' title="bbox 2141 3496 3715 3569; baseline -0.001 -19"><span class='ocrx_word' id='word_1_543' title='bbox 2141 3497 2548 3569; x_wconf 78' lang='grc' dir='ltr'>προπεμφθεὶς,</span> <span class='ocrx_word' id='word_1_544' title='bbox 2584 3497 2836 3566; x_wconf 77' lang='grc' dir='ltr'>ἐμποδὼν</span> <span class='ocrx_word' id='word_1_545' title='bbox 2881 3500 2994 3560; x_wconf 85' lang='grc' dir='ltr'>τοῖς</span> <span class='ocrx_word' id='word_1_546' title='bbox 3033 3496 3445 3567; x_wconf 78' lang='grc' dir='ltr'>πραττομένοις</span> <span class='ocrx_word' id='word_1_547' title='bbox 3483 3497 3715 3564; x_wconf 74' lang='grc' dir='ltr'>ἐγένετο.</span> 
     </span>
    </p>
   </div>
   <div class='ocr_carea' id='block_1_82' title="bbox 2154 3585 3717 3661">
    <p class='ocr_par' dir='ltr' id='par_1_82' title="bbox 2154 3585 3717 3661">
     <span class='ocr_line' id='line_1_82' title="bbox 2154 3585 3717 3661; baseline -0.005 -17"><span class='ocrx_word' id='word_1_548' title='bbox 2154 3590 2214 3644; x_wconf 84' lang='grc'><strong>’0</strong></span> <span class='ocrx_word' id='word_1_549' title='bbox 2235 3590 2346 3660; x_wconf 86' lang='grc' dir='ltr'><strong>γὰρ</strong></span> <span class='ocrx_word' id='word_1_550' title='bbox 2369 3587 2583 3661; x_wconf 77' lang='grc' dir='ltr'>Πύρρος</span> <span class='ocrx_word' id='word_1_551' title='bbox 2613 3587 2711 3658; x_wconf 83' lang='grc' dir='ltr'>τῆς</span> <span class='ocrx_word' id='word_1_552' title='bbox 2741 3589 3081 3657; x_wconf 73' lang='grc' dir='ltr'>καλουμένης</span> <span class='ocrx_word' id='word_1_553' title='bbox 3108 3585 3408 3657; x_wconf 78' lang='grc' dir='ltr'>βασιλεύων</span> <span class='ocrx_word' id='word_1_554' title='bbox 3435 3589 3717 3658; x_wconf 78' lang='grc' dir='ltr'>Ἠπείρου,</span> 
     </span>
    </p>
   </div>
   <div class='ocr_carea' id='block_1_83' title="bbox 2145 3677 3720 3751">
    <p class='ocr_par' dir='ltr' id='par_1_83' title="bbox 2145 3677 3720 3751">
     <span class='ocr_line' id='line_1_83' title="bbox 2145 3677 3720 3751; baseline -0.003 -16"><span class='ocrx_word' id='word_1_555' title='bbox 2145 3681 2360 3751; x_wconf 79' lang='grc' dir='ltr'>φύσεώς</span> <span class='ocrx_word' id='word_1_556' title='bbox 2383 3698 2443 3733; x_wconf 89' lang='grc' dir='ltr'><strong>τε</strong></span> <span class='ocrx_word' id='word_1_557' title='bbox 2471 3677 2760 3749; x_wconf 77' lang='grc' dir='ltr'>δεξιότητι,</span> <span class='ocrx_word' id='word_1_558' title='bbox 2788 3681 2882 3733; x_wconf 73' lang='grc' dir='ltr'><strong>καὶ</strong></span> <span class='ocrx_word' id='word_1_559' title='bbox 2916 3681 3164 3742; x_wconf 83' lang='grc' dir='ltr'>παιδείας</span> <span class='ocrx_word' id='word_1_560' title='bbox 3216 3681 3383 3749; x_wconf 83' lang='grc' dir='ltr'>ἰσχύϊ,</span> <span class='ocrx_word' id='word_1_561' title='bbox 3412 3680 3508 3732; x_wconf 78' lang='grc' dir='ltr'>καὶ</span> <span class='ocrx_word' id='word_1_562' title='bbox 3533 3681 3720 3747; x_wconf 80' lang='grc' dir='ltr'>ἐμπει-</span> 
     </span>
    </p>
   </div>
   <div class='ocr_carea' id='block_1_84' title="bbox 2149 3768 3724 3843">
    <p class='ocr_par' dir='ltr' id='par_1_84' title="bbox 2149 3768 3724 3843">
     <span class='ocr_line' id='line_1_84' title="bbox 2149 3768 3724 3843; baseline -0.003 -19"><span class='ocrx_word' id='word_1_563' title='bbox 2149 3772 2241 3843; x_wconf 82' lang='grc' dir='ltr'><strong>ρίᾳ</strong></span> <span class='ocrx_word' id='word_1_564' title='bbox 2271 3774 2489 3825; x_wconf 84' lang='grc' dir='ltr'>πάντων</span> <span class='ocrx_word' id='word_1_565' title='bbox 2529 3773 2798 3841; x_wconf 79' lang='grc' dir='ltr'>προέφερε</span> <span class='ocrx_word' id='word_1_566' title='bbox 2825 3786 2840 3800; x_wconf 76' lang='grc' dir='ltr'><strong>ο</strong></span> <span class='ocrx_word' id='word_1_567' title='bbox 2872 3771 2968 3824; x_wconf 68' lang='grc' dir='ltr'><strong>καὶ⁹</strong></span> <span class='ocrx_word' id='word_1_568' title='bbox 2991 3769 3086 3822; x_wconf 82' lang='grc' dir='ltr'><strong>τοῦ</strong></span> <span class='ocrx_word' id='word_1_569' title='bbox 3143 3768 3456 3838; x_wconf 79' lang='grc' dir='ltr'>Ἑλληνικοῦ</span> <span class='ocrx_word' id='word_1_570' title='bbox 3479 3769 3541 3821; x_wconf 79' lang='grc' dir='ltr'>τὸ</span> <span class='ocrx_word' id='word_1_571' title='bbox 3576 3769 3724 3822; x_wconf 76' lang='grc' dir='ltr'>πλεῖ-</span> 
     </span>
    </p>
   </div>
   <div class='ocr_carea' id='block_1_85' title="bbox 2148 3858 3717 3934">
    <p class='ocr_par' dir='ltr' id='par_1_85' title="bbox 2148 3858 3717 3934">
     <span class='ocr_line' id='line_1_85' title="bbox 2148 3858 3717 3934; baseline -0.005 -16"><span class='ocrx_word' id='word_1_572' title='bbox 2148 3882 2272 3919; x_wconf 89' lang='grc' dir='ltr'>στον</span> <span class='ocrx_word' id='word_1_573' title='bbox 2305 3865 2366 3918; x_wconf 73' lang='grc' dir='ltr'><strong>τὸ</strong></span> <span class='ocrx_word' id='word_1_574' title='bbox 2411 3863 2509 3934; x_wconf 78' lang='grc' dir='ltr'><strong>μὲν</strong></span> <span class='ocrx_word' id='word_1_575' title='bbox 2563 3861 2851 3926; x_wconf 87' lang='grc' dir='ltr'>εύποιίαις,</span> <span class='ocrx_word' id='word_1_576' title='bbox 2879 3861 2940 3912; x_wconf 75' lang='grc' dir='ltr'>τὸ</span> <span class='ocrx_word' id='word_1_577' title='bbox 2967 3859 3025 3913; x_wconf 78' lang='grc' dir='ltr'>δὲ</span> <span class='ocrx_word' id='word_1_578' title='bbox 3055 3859 3205 3929; x_wconf 81' lang='grc' dir='ltr'>φόϐῳ</span> <span class='ocrx_word' id='word_1_579' title='bbox 3259 3858 3717 3930; x_wconf 84' lang='grc' dir='ltr'>προσεπεποίητο.</span> 
     </span>
    </p>
   </div>
   <div class='ocr_carea' id='block_1_86' title="bbox 2147 3950 3721 4023">
    <p class='ocr_par' dir='ltr' id='par_1_86' title="bbox 2147 3950 3721 4023">
     <span class='ocr_line' id='line_1_86' title="bbox 2147 3950 3721 4023; baseline -0.006 -11"><span class='ocrx_word' id='word_1_580' title='bbox 2147 3952 2317 4020; x_wconf 75' lang='grc' dir='ltr'>Οὗτος</span> <span class='ocrx_word' id='word_1_581' title='bbox 2360 3956 2561 4020; x_wconf 87' lang='grc' dir='ltr'>τοίνυν,</span> <span class='ocrx_word' id='word_1_582' title='bbox 2587 3956 2698 4017; x_wconf 80' lang='grc' dir='ltr'>τοῖς</span> <span class='ocrx_word' id='word_1_583' title='bbox 2730 3953 2838 4006; x_wconf 84' lang='grc' dir='ltr'><strong>τῶν</strong></span> <span class='ocrx_word' id='word_1_584' title='bbox 2863 3953 3213 4023; x_wconf 85' lang='grc' dir='ltr'>Ταραντίνων</span> <span class='ocrx_word' id='word_1_585' title='bbox 3241 3950 3534 4021; x_wconf 83' lang='grc' dir='ltr'>πρέσϐεσιν</span> <span class='ocrx_word' id='word_1_586' title='bbox 3563 3951 3721 4003; x_wconf 76' lang='grc' dir='ltr'>ἐντυ-</span> 
     </span>
    </p>
   </div>
   <div class='ocr_carea' id='block_1_87' title="bbox 2149 4042 3722 4118">
    <p class='ocr_par' dir='ltr' id='par_1_87' title="bbox 2149 4042 3722 4118">
     <span class='ocr_line' id='line_1_87' title="bbox 2149 4042 3722 4118; baseline -0.004 -16"><span class='ocrx_word' id='word_1_587' title='bbox 2149 4049 2282 4118; x_wconf 85' lang='grc' dir='ltr'>χὼν,</span> <span class='ocrx_word' id='word_1_588' title='bbox 2315 4049 2545 4118; x_wconf 74' lang='grc' dir='ltr'>ἕρμαιον</span> <span class='ocrx_word' id='word_1_589' title='bbox 2575 4046 2673 4116; x_wconf 82' lang='grc' dir='ltr'>τὴν</span> <span class='ocrx_word' id='word_1_590' title='bbox 2724 4045 3043 4115; x_wconf 86' lang='grc' dir='ltr'>συμμαχίαν</span> <span class='ocrx_word' id='word_1_591' title='bbox 3094 4044 3362 4115; x_wconf 80' lang='grc' dir='ltr'>ἡγήσατο,</span> <span class='ocrx_word' id='word_1_592' title='bbox 3389 4043 3454 4096; x_wconf 82' lang='grc' dir='ltr'>ὲκ</span> <span class='ocrx_word' id='word_1_593' title='bbox 3481 4042 3722 4107; x_wconf 83' lang='grc' dir='ltr'>πλείονος</span> 
     </span>
    </p>
   </div>
   <div class='ocr_carea' id='block_1_88' title="bbox 2150 4132 3725 4209">
    <p class='ocr_par' dir='ltr' id='par_1_88' title="bbox 2150 4132 3725 4209">
     <span class='ocr_line' id='line_1_88' title="bbox 2150 4132 3725 4209; baseline -0.006 -15"><span class='ocrx_word' id='word_1_594' title='bbox 2150 4143 2246 4209; x_wconf 82' lang='grc' dir='ltr'>τῆς</span> <span class='ocrx_word' id='word_1_595' title='bbox 2271 4140 2524 4202; x_wconf 88' lang='grc' dir='ltr'>Σικελίας</span> <span class='ocrx_word' id='word_1_596' title='bbox 2556 4138 2651 4191; x_wconf 76' lang='grc' dir='ltr'>καὶ</span> <span class='ocrx_word' id='word_1_597' title='bbox 2695 4139 2792 4206; x_wconf 83' lang='grc' dir='ltr'>τῆς</span> <span class='ocrx_word' id='word_1_598' title='bbox 2828 4136 3178 4207; x_wconf 81' lang='grc' dir='ltr'>Καρχηδόνος</span> <span class='ocrx_word' id='word_1_599' title='bbox 3223 4136 3318 4190; x_wconf 63' lang='grc' dir='ltr'><strong>καλ</strong></span> <span class='ocrx_word' id='word_1_600' title='bbox 3362 4135 3463 4204; x_wconf 84' lang='grc' dir='ltr'>τῆς</span> <span class='ocrx_word' id='word_1_601' title='bbox 3492 4132 3725 4203; x_wconf 82' lang='grc' dir='ltr'>Σαρδοῦς</span> 
     </span>
    </p>
   </div>
   <div class='ocr_carea' id='block_1_89' title="bbox 2149 4225 3726 4304">
    <p class='ocr_par' dir='ltr' id='par_1_89' title="bbox 2149 4225 3726 4304">
     <span class='ocr_line' id='line_1_89' title="bbox 2149 4225 3726 4304; baseline -0.005 -19"><span class='ocrx_word' id='word_1_602' title='bbox 2149 4232 2438 4304; x_wconf 65' lang='grc' dir='ltr'>ἐφιέμενος</span> <span class='ocrx_word' id='word_1_603' title='bbox 2461 4248 2473 4261; x_wconf 93' lang='grc'><strong>·</strong></span> <span class='ocrx_word' id='word_1_604' title='bbox 2527 4230 2701 4284; x_wconf 83' lang='grc' dir='ltr'>ὀκνῶν</span> <span class='ocrx_word' id='word_1_605' title='bbox 2729 4230 2773 4283; x_wconf 85' lang='grc' dir='ltr'>δ’</span> <span class='ocrx_word' id='word_1_606' title='bbox 2801 4231 2951 4300; x_wconf 85' lang='grc' dir='ltr'>ὅμως</span> <span class='ocrx_word' id='word_1_607' title='bbox 2977 4229 3140 4290; x_wconf 80' lang='grc' dir='ltr'>αὐτὸς</span> <span class='ocrx_word' id='word_1_608' title='bbox 3186 4227 3384 4298; x_wconf 74' lang='grc' dir='ltr'>ἔχθρας</span> <span class='ocrx_word' id='word_1_609' title='bbox 3415 4226 3552 4296; x_wconf 75' lang='grc' dir='ltr'>πρὸς</span> <span class='ocrx_word' id='word_1_610' title='bbox 3589 4225 3726 4278; x_wconf 85' lang='grc' dir='ltr'><strong>Ῥω-</strong></span> 
     </span>
    </p>
   </div>
   <div class='ocr_carea' id='block_1_90' title="bbox 2153 4317 3728 4396">
    <p class='ocr_par' dir='ltr' id='par_1_90' title="bbox 2153 4317 3728 4396">
     <span class='ocr_line' id='line_1_90' title="bbox 2153 4317 3728 4396; baseline -0.007 -18"><span class='ocrx_word' id='word_1_611' title='bbox 2153 4324 2347 4396; x_wconf 85' lang='grc' dir='ltr'>μαίους</span> <span class='ocrx_word' id='word_1_612' title='bbox 2376 4319 2886 4394; x_wconf 69' lang='grc' dir='ltr'>προκατάρξασθαι,</span> <span class='ocrx_word' id='word_1_613' title='bbox 2938 4322 3031 4375; x_wconf 80' lang='grc' dir='ltr'>καὶ</span> <span class='ocrx_word' id='word_1_614' title='bbox 3081 4319 3376 4390; x_wconf 86' lang='grc' dir='ltr'>βοηθήσειν</span> <span class='ocrx_word' id='word_1_615' title='bbox 3413 4318 3514 4388; x_wconf 74' lang='grc' dir='ltr'>μὲν</span> <span class='ocrx_word' id='word_1_616' title='bbox 3547 4317 3728 4377; x_wconf 84' lang='grc' dir='ltr'>αὐτοῖς</span> 
     </span>
    </p>
   </div>
   <div class='ocr_carea' id='block_1_91' title="bbox 2153 4411 3729 4487">
    <p class='ocr_par' dir='ltr' id='par_1_91' title="bbox 2153 4411 3729 4487">
     <span class='ocr_line' id='line_1_91' title="bbox 2153 4411 3729 4487; baseline -0.007 -15"><span class='ocrx_word' id='word_1_617' title='bbox 2153 4418 2522 4487; x_wconf 76' lang='grc' dir='ltr'>ἐπηγγείλατο</span> <span class='ocrx_word' id='word_1_618' title='bbox 2545 4432 2558 4446; x_wconf 76' lang='grc'><strong>⁸</strong></span> <span class='ocrx_word' id='word_1_619' title='bbox 2593 4416 2682 4470; x_wconf 77' lang='grc' dir='ltr'>ἵνα</span> <span class='ocrx_word' id='word_1_620' title='bbox 2711 4416 2769 4469; x_wconf 81' lang='grc' dir='ltr'>δὲ</span> <span class='ocrx_word' id='word_1_621' title='bbox 2801 4414 2876 4485; x_wconf 79' lang='grc' dir='ltr'>μὴ</span> <span class='ocrx_word' id='word_1_622' title='bbox 2917 4411 3290 4482; x_wconf 77' lang='grc' dir='ltr'>ὑποπτευθείη</span> <span class='ocrx_word' id='word_1_623' title='bbox 3312 4411 3380 4466; x_wconf 84' lang='grc' dir='ltr'><strong>δι’</strong></span> <span class='ocrx_word' id='word_1_624' title='bbox 3404 4411 3551 4482; x_wconf 78' lang='grc' dir='ltr'>ειπερ</span> <span class='ocrx_word' id='word_1_625' title='bbox 3576 4411 3729 4479; x_wconf 85' lang='grc' dir='ltr'>είρη-</span> 
     </span>
    </p>
   </div>
   <div class='ocr_carea' id='block_1_92' title="bbox 467 4498 2028 4577">
    <p class='ocr_par' dir='ltr' id='par_1_92' title="bbox 467 4498 2028 4577">
     <span class='ocr_line' id='line_1_92' title="bbox 467 4498 2028 4577; baseline 0.004 -24"><span class='ocrx_word' id='word_1_626' title='bbox 467 4498 694 4553; x_wconf 85' lang='lat' dir='ltr'><strong>Gratum</strong></span> <span class='ocrx_word' id='word_1_627' title='bbox 722 4499 774 4553; x_wconf 80' lang='lat' dir='ltr'><strong>id</strong></span> <span class='ocrx_word' id='word_1_628' title='bbox 808 4501 1125 4556; x_wconf 90' lang='lat' dir='ltr'><strong>Tarentinis</strong></span> <span class='ocrx_word' id='word_1_629' title='bbox 1154 4503 1279 4570; x_wconf 79' lang='lat' dir='ltr'><strong>fuit,</strong></span> <span class='ocrx_word' id='word_1_630' title='bbox 1305 4505 1452 4574; x_wconf 89' lang='lat' dir='ltr'><strong>quod</strong></span> <span class='ocrx_word' id='word_1_631' title='bbox 1491 4522 1671 4576; x_wconf 79' lang='lat' dir='ltr'><strong>neque</strong></span> <span class='ocrx_word' id='word_1_632' title='bbox 1696 4507 1750 4560; x_wconf 89' lang='lat' dir='ltr'><strong>in</strong></span> <span class='ocrx_word' id='word_1_633' title='bbox 1776 4508 2028 4577; x_wconf 67' lang='lat' dir='ltr'><strong>praesidii:</strong></span> 
     </span>
    </p>
   </div>
   <div class='ocr_carea' id='block_1_93' title="bbox 2133 4498 3728 4577">
    <p class='ocr_par' dir='ltr' id='par_1_93' title="bbox 2148 4502 3728 4575">
     <span class='ocr_line' id='line_1_93' title="bbox 2148 4502 3728 4575; baseline -0.007 -12"><span class='ocrx_word' id='word_1_634' title='bbox 2148 4527 2258 4574; x_wconf 86' lang='grc' dir='ltr'>ται,</span> <span class='ocrx_word' id='word_1_635' title='bbox 2305 4510 2488 4563; x_wconf 83' lang='grc' dir='ltr'>οίκαδε</span> <span class='ocrx_word' id='word_1_636' title='bbox 2536 4507 2737 4562; x_wconf 78' lang='grc' dir='ltr'>αὐτίκα</span> <span class='ocrx_word' id='word_1_637' title='bbox 2791 4502 3332 4575; x_wconf 75' lang='grc' dir='ltr'>ἁνακομισθήσεσθαι</span> <span class='ocrx_word' id='word_1_638' title='bbox 3378 4502 3506 4571; x_wconf 71' lang='grc' dir='ltr'>ἔφη,</span> <span class='ocrx_word' id='word_1_639' title='bbox 3537 4503 3632 4555; x_wconf 66' lang='grc' dir='ltr'><strong>καὶ</strong></span> <span class='ocrx_word' id='word_1_640' title='bbox 3670 4503 3728 4552; x_wconf 83' lang='grc' dir='ltr'>ὲν</span> 
     </span>
    </p>
   </div>
   <div class='ocr_carea' id='block_1_94' title="bbox 467 4592 2047 4668">
    <p class='ocr_par' dir='ltr' id='par_1_94' title="bbox 467 4592 2047 4668">
     <span class='ocr_line' id='line_1_94' title="bbox 467 4592 2047 4668; baseline 0.006 -24"><span class='ocrx_word' id='word_1_641' title='bbox 467 4605 611 4655; x_wconf 86' lang='lat' dir='ltr'><strong>esse,</strong></span> <span class='ocrx_word' id='word_1_642' title='bbox 646 4607 826 4661; x_wconf 88' lang='lat' dir='ltr'><strong>neque</strong></span> <span class='ocrx_word' id='word_1_643' title='bbox 856 4592 1158 4663; x_wconf 84' lang='lat' dir='ltr'><strong>quidquam</strong></span> <span class='ocrx_word' id='word_1_644' title='bbox 1204 4595 1412 4651; x_wconf 90' lang='lat' dir='ltr'><strong>laboris</strong></span> <span class='ocrx_word' id='word_1_645' title='bbox 1454 4612 1651 4666; x_wconf 89' lang='lat' dir='ltr'><strong>capere</strong></span> <span class='ocrx_word' id='word_1_646' title='bbox 1696 4605 2047 4668; x_wconf 78' lang='lat' dir='ltr'><strong>cogerentur.</strong></span> 
     </span>
    </p>
   </div>
   <div class='ocr_carea' id='block_1_95' title="bbox 469 4685 2047 4761">
    <p class='ocr_par' dir='ltr' id='par_1_95' title="bbox 469 4685 2047 4761">
     <span class='ocr_line' id='line_1_95' title="bbox 469 4685 2047 4761; baseline 0.004 -21"><span class='ocrx_word' id='word_1_647' title='bbox 469 4685 657 4754; x_wconf 84' lang='lat' dir='ltr'><strong>Itaque</strong></span> <span class='ocrx_word' id='word_1_648' title='bbox 689 4686 848 4740; x_wconf 90' lang='lat' dir='ltr'><strong>militi</strong></span> <span class='ocrx_word' id='word_1_649' title='bbox 878 4687 1084 4742; x_wconf 84' lang='lat' dir='ltr'><strong>cibaria</strong></span> <span class='ocrx_word' id='word_1_650' title='bbox 1111 4689 1488 4760; x_wconf 55' lang='lat' dir='ltr'><strong>praebuerunt,</strong></span> <span class='ocrx_word' id='word_1_651' title='bbox 1514 4690 1727 4761; x_wconf 78' lang='lat' dir='ltr'><strong>Pyrrho</strong></span> <span class='ocrx_word' id='word_1_652' title='bbox 1758 4692 2047 4760; x_wconf 84' lang='lat' dir='ltr'><strong>pecuniam</strong></span> 
     </span>
    </p>
   </div>
   <div class='ocr_carea' id='block_1_96' title="bbox 475 4782 2052 4855">
    <p class='ocr_par' dir='ltr' id='par_1_96' title="bbox 475 4782 2052 4855">
     <span class='ocr_line' id='line_1_96' title="bbox 475 4782 2052 4855; baseline 0.004 -21"><span class='ocrx_word' id='word_1_653' title='bbox 475 4782 761 4838; x_wconf 86' lang='lat' dir='ltr'><strong>miserunt.</strong></span> <span class='ocrx_word' id='word_1_654' title='bbox 801 4782 1077 4846; x_wconf 66' lang='lat' dir='ltr'><strong>IE‘milius,</strong></span> <span class='ocrx_word' id='word_1_655' title='bbox 1109 4785 1203 4854; x_wconf 91' lang='lat' dir='ltr'><strong>qui</strong></span> <span class='ocrx_word' id='word_1_656' title='bbox 1228 4784 1296 4839; x_wconf 90' lang='lat' dir='ltr'><strong>ad</strong></span> <span class='ocrx_word' id='word_1_657' title='bbox 1325 4785 1378 4840; x_wconf 90' lang='lat' dir='ltr'><strong>id</strong></span> <span class='ocrx_word' id='word_1_658' title='bbox 1411 4793 1628 4855; x_wconf 85' lang='lat' dir='ltr'><strong>tempus</strong></span> <span class='ocrx_word' id='word_1_659' title='bbox 1653 4784 1706 4838; x_wconf 93' lang='lat' dir='ltr'><strong>in</strong></span> <span class='ocrx_word' id='word_1_660' title='bbox 1749 4785 1946 4840; x_wconf 85' lang='lat' dir='ltr'><strong>castris</strong></span> <span class='ocrx_word' id='word_1_661' title='bbox 1993 4801 2052 4840; x_wconf 90' lang='lat' dir='ltr'><strong>se</strong></span> 
     </span>
    </p>
   </div>
   <div class='ocr_carea' id='block_1_97' title="bbox 470 4875 2042 4948">
    <p class='ocr_par' dir='ltr' id='par_1_97' title="bbox 470 4875 2042 4948">
     <span class='ocr_line' id='line_1_97' title="bbox 470 4875 2042 4948; baseline 0 -17"><span class='ocrx_word' id='word_1_662' title='bbox 470 4875 967 4947; x_wconf 81' lang='lat' dir='ltr'><strong>tnueral,Pyrrhi</strong></span> <span class='ocrx_word' id='word_1_663' title='bbox 1013 4876 1250 4932; x_wconf 89' lang='lat' dir='ltr'><strong>militum</strong></span> <span class='ocrx_word' id='word_1_664' title='bbox 1311 4877 1549 4932; x_wconf 88' lang='lat' dir='ltr'><strong>adventu</strong></span> <span class='ocrx_word' id='word_1_665' title='bbox 1610 4877 1856 4948; x_wconf 87' lang='lat' dir='ltr'><strong>cognito,</strong></span> <span class='ocrx_word' id='word_1_666' title='bbox 1915 4892 2042 4931; x_wconf 92' lang='lat' dir='ltr'><strong>cum</strong></span> 
     </span>
    </p>
   </div>
   <div class='ocr_carea' id='block_1_98' title="bbox 471 4968 2056 5040">
    <p class='ocr_par' dir='ltr' id='par_1_98' title="bbox 471 4968 2056 5040">
     <span class='ocr_line' id='line_1_98' title="bbox 471 4968 2056 5040; baseline 0.003 -18"><span class='ocrx_word' id='word_1_667' title='bbox 471 4984 570 5035; x_wconf 88' lang='lat' dir='ltr'><strong>per</strong></span> <span class='ocrx_word' id='word_1_668' title='bbox 603 4968 834 5023; x_wconf 90' lang='lat' dir='ltr'><strong>hiemem</strong></span> <span class='ocrx_word' id='word_1_669' title='bbox 867 4983 1186 5039; x_wconf 72' lang='lat' dir='ltr'><strong>oppugnare</strong></span> <span class='ocrx_word' id='word_1_670' title='bbox 1218 4969 1412 5023; x_wconf 89' lang='lat' dir='ltr'><strong>urbem</strong></span> <span class='ocrx_word' id='word_1_671' title='bbox 1447 4985 1556 5023; x_wconf 90' lang='lat' dir='ltr'><strong>non</strong></span> <span class='ocrx_word' id='word_1_672' title='bbox 1591 4981 1798 5039; x_wconf 86' lang='lat' dir='ltr'><strong>posset.</strong></span> <span class='ocrx_word' id='word_1_673' title='bbox 1830 4970 1882 5024; x_wconf 90' lang='lat' dir='ltr'><strong>in</strong></span> <span class='ocrx_word' id='word_1_674' title='bbox 1903 4970 2056 5040; x_wconf 83' lang='lat' dir='ltr'><strong>Apu—</strong></span> 
     </span>
    </p>
   </div>
   <div class='ocr_carea' id='block_1_99' title="bbox 471 5059 2056 5133">
    <p class='ocr_par' dir='ltr' id='par_1_99' title="bbox 471 5059 2056 5133">
     <span class='ocr_line' id='line_1_99' title="bbox 471 5059 2056 5133; baseline 0.002 -19"><span class='ocrx_word' id='word_1_675' title='bbox 471 5061 600 5115; x_wconf 89' lang='lat' dir='ltr'><strong>liam</strong></span> <span class='ocrx_word' id='word_1_676' title='bbox 617 5059 769 5116; x_wconf 90' lang='lat' dir='ltr'><strong>abire</strong></span> <span class='ocrx_word' id='word_1_677' title='bbox 799 5061 1010 5115; x_wconf 90' lang='lat' dir='ltr'><strong>statuit.</strong></span> <span class='ocrx_word' id='word_1_678' title='bbox 1036 5061 1144 5116; x_wconf 89' lang='lat' dir='ltr'><strong>Sed</strong></span> <span class='ocrx_word' id='word_1_679' title='bbox 1169 5076 1292 5114; x_wconf 91' lang='lat' dir='ltr'><strong>cum</strong></span> <span class='ocrx_word' id='word_1_680' title='bbox 1319 5060 1630 5127; x_wconf 87' lang='lat' dir='ltr'><strong>Tarentini,</strong></span> <span class='ocrx_word' id='word_1_681' title='bbox 1659 5063 1907 5133; x_wconf 82' lang='lat' dir='ltr'><strong>angustis</strong></span> <span class='ocrx_word' id='word_1_682' title='bbox 1931 5063 2056 5133; x_wconf 91' lang='lat' dir='ltr'><strong>qui-</strong></span> 
     </span>
    </p>
   </div>
   <div class='ocr_carea' id='block_1_100' title="bbox 473 5153 2057 5224">
    <p class='ocr_par' dir='ltr' id='par_1_100' title="bbox 473 5153 2057 5224">
     <span class='ocr_line' id='line_1_100' title="bbox 473 5153 2057 5224; baseline 0.003 -18"><span class='ocrx_word' id='word_1_683' title='bbox 473 5153 700 5208; x_wconf 88' lang='lat' dir='ltr'><strong>busdam</strong></span> <span class='ocrx_word' id='word_1_684' title='bbox 742 5153 994 5208; x_wconf 80' lang='lat' dir='ltr'><strong>faucibus</strong></span> <span class='ocrx_word' id='word_1_685' title='bbox 1019 5153 1328 5224; x_wconf 85' lang='lat' dir='ltr'><strong>occupatis,</strong></span> <span class='ocrx_word' id='word_1_686' title='bbox 1364 5169 1462 5222; x_wconf 89' lang='lat' dir='ltr'><strong>per</strong></span> <span class='ocrx_word' id='word_1_687' title='bbox 1503 5169 1641 5223; x_wconf 85' lang='lat' dir='ltr'><strong>quas</strong></span> <span class='ocrx_word' id='word_1_688' title='bbox 1684 5154 1920 5209; x_wconf 90' lang='lat' dir='ltr'><strong>transire</strong></span> <span class='ocrx_word' id='word_1_689' title='bbox 1961 5171 2057 5210; x_wconf 87' lang='lat' dir='ltr'><strong>ne-</strong></span> 
     </span>
    </p>
   </div>
   <div class='ocr_carea' id='block_1_101' title="bbox 474 5245 2058 5316">
    <p class='ocr_par' dir='ltr' id='par_1_101' title="bbox 474 5245 2058 5316">
     <span class='ocr_line' id='line_1_101' title="bbox 474 5245 2058 5316; baseline 0.003 -19"><span class='ocrx_word' id='word_1_690' title='bbox 474 5260 628 5300; x_wconf 84' lang='lat' dir='ltr'><strong>cesse</strong></span> <span class='ocrx_word' id='word_1_691' title='bbox 657 5245 916 5310; x_wconf 90' lang='lat' dir='ltr'><strong>habebat,</strong></span> <span class='ocrx_word' id='word_1_692' title='bbox 948 5245 1055 5300; x_wconf 87' lang='lat' dir='ltr'><strong>iter</strong></span> <span class='ocrx_word' id='word_1_693' title='bbox 1077 5245 1128 5300; x_wconf 89' lang='lat' dir='ltr'><strong>ei</strong></span> <span class='ocrx_word' id='word_1_694' title='bbox 1155 5246 1392 5315; x_wconf 81' lang='lat' dir='ltr'><strong>sagittis,</strong></span> <span class='ocrx_word' id='word_1_695' title='bbox 1412 5247 1609 5316; x_wconf 85' lang='lat' dir='ltr'><strong>jaculis</strong></span> <span class='ocrx_word' id='word_1_696' title='bbox 1639 5255 1698 5301; x_wconf 92' lang='lat' dir='ltr'><strong>et</strong></span> <span class='ocrx_word' id='word_1_697' title='bbox 1747 5247 1936 5302; x_wconf 85' lang='lat' dir='ltr'><strong>fundis</strong></span> <span class='ocrx_word' id='word_1_698' title='bbox 1970 5248 2058 5302; x_wconf 79' lang='lat' dir='ltr'><strong>in-</strong></span> 
     </span>
    </p>
   </div>
   <div class='ocr_carea' id='block_1_102' title="bbox 477 5337 2047 5407">
    <p class='ocr_par' dir='ltr' id='par_1_102' title="bbox 477 5337 2047 5407">
     <span class='ocr_line' id='line_1_102' title="bbox 477 5337 2047 5407; baseline -0.001 -17"><span class='ocrx_word' id='word_1_699' title='bbox 477 5337 873 5401; x_wconf 87' lang='lat' dir='ltr'><strong>tcrclusissent,</strong></span> <span class='ocrx_word' id='word_1_700' title='bbox 903 5339 1152 5407; x_wconf 89' lang='lat' dir='ltr'><strong>captivos</strong></span> <span class='ocrx_word' id='word_1_701' title='bbox 1206 5353 1398 5392; x_wconf 89' lang='lat' dir='ltr'><strong>eorum</strong></span> <span class='ocrx_word' id='word_1_702' title='bbox 1431 5337 1716 5407; x_wconf 75' lang='lat' dir='ltr'><strong>praemisit.</strong></span> <span class='ocrx_word' id='word_1_703' title='bbox 1768 5339 1850 5392; x_wconf 76' lang='lat' dir='ltr'><strong>illi</strong></span> <span class='ocrx_word' id='word_1_704' title='bbox 1893 5354 2047 5405; x_wconf 77' lang='lat' dir='ltr'><strong>vero,</strong></span> 
     </span>
    </p>
   </div>
   <div class='ocr_carea' id='block_1_103' title="bbox 478 5426 2063 5499">
    <p class='ocr_par' dir='ltr' id='par_1_103' title="bbox 478 5426 2063 5499">
     <span class='ocr_line' id='line_1_103' title="bbox 478 5426 2063 5499; baseline 0.003 -18"><span class='ocrx_word' id='word_1_705' title='bbox 478 5426 638 5482; x_wconf 84' lang='lat' dir='ltr'><strong>veriti</strong></span> <span class='ocrx_word' id='word_1_706' title='bbox 678 5445 747 5484; x_wconf 88' lang='lat' dir='ltr'><strong>ne</strong></span> <span class='ocrx_word' id='word_1_707' title='bbox 802 5445 934 5486; x_wconf 91' lang='lat' dir='ltr'><strong>suos</strong></span> <span class='ocrx_word' id='word_1_708' title='bbox 965 5445 1067 5499; x_wconf 88' lang='lat' dir='ltr'><strong>pro</strong></span> <span class='ocrx_word' id='word_1_709' title='bbox 1109 5429 1374 5484; x_wconf 82' lang='lat' dir='ltr'><strong>Romanis</strong></span> <span class='ocrx_word' id='word_1_710' title='bbox 1421 5428 1780 5495; x_wconf 80' lang='lat' dir='ltr'><strong>conﬁcerent,</strong></span> <span class='ocrx_word' id='word_1_711' title='bbox 1834 5430 2063 5486; x_wconf 89' lang='lat' dir='ltr'><strong>destite-</strong></span> 
     </span>
    </p>
   </div>
   <div class='ocr_carea' id='block_1_104' title="bbox 2151 4594 3732 4671">
    <p class='ocr_par' dir='ltr' id='par_1_104' title="bbox 2151 4594 3732 4671">
     <span class='ocr_line' id='line_1_104' title="bbox 2151 4594 3732 4671; baseline -0.007 -14"><span class='ocrx_word' id='word_1_712' title='bbox 2151 4605 2270 4666; x_wconf 78' lang='grc' dir='ltr'>ταῖς</span> <span class='ocrx_word' id='word_1_713' title='bbox 2295 4603 2594 4671; x_wconf 80' lang='grc' dir='ltr'>συνθήκαις</span> <span class='ocrx_word' id='word_1_714' title='bbox 2629 4598 2994 4669; x_wconf 77' lang='grc' dir='ltr'>προστεθῆναι</span> <span class='ocrx_word' id='word_1_715' title='bbox 3024 4596 3294 4667; x_wconf 86' lang='grc' dir='ltr'>πεποίηκε</span> <span class='ocrx_word' id='word_1_716' title='bbox 3333 4597 3394 4648; x_wconf 84' lang='grc' dir='ltr'><strong>τδ</strong></span> <span class='ocrx_word' id='word_1_717' title='bbox 3433 4594 3509 4666; x_wconf 83' lang='grc' dir='ltr'><strong>μὴ</strong></span> <span class='ocrx_word' id='word_1_718' title='bbox 3539 4611 3732 4664; x_wconf 85' lang='grc' dir='ltr'>περαι-</span> 
     </span>
    </p>
   </div>
   <div class='ocr_carea' id='block_1_105' title="bbox 2149 4687 3735 4768">
    <p class='ocr_par' dir='ltr' id='par_1_105' title="bbox 2149 4687 3735 4768">
     <span class='ocr_line' id='line_1_105' title="bbox 2149 4687 3735 4768; baseline -0.007 -18"><span class='ocrx_word' id='word_1_719' title='bbox 2149 4697 2296 4768; x_wconf 79' lang='grc' dir='ltr'>τέρω</span> <span class='ocrx_word' id='word_1_720' title='bbox 2326 4696 2422 4764; x_wconf 84' lang='grc' dir='ltr'>τῆς</span> <span class='ocrx_word' id='word_1_721' title='bbox 2443 4693 2632 4763; x_wconf 83' lang='grc' dir='ltr'>χρείας</span> <span class='ocrx_word' id='word_1_722' title='bbox 2661 4693 2720 4746; x_wconf 80' lang='grc' dir='ltr'>ὲν</span> <span class='ocrx_word' id='word_1_723' title='bbox 2755 4693 2822 4761; x_wconf 81' lang='grc' dir='ltr'><strong>τῇ</strong></span> <span class='ocrx_word' id='word_1_724' title='bbox 2851 4689 3053 4757; x_wconf 74' lang='grc' dir='ltr'>Ἰταλία</span> <span class='ocrx_word' id='word_1_725' title='bbox 3089 4691 3222 4759; x_wconf 84' lang='grc' dir='ltr'>παρ’</span> <span class='ocrx_word' id='word_1_726' title='bbox 3253 4687 3433 4742; x_wconf 84' lang='grc' dir='ltr'>αὐτῶν</span> <span class='ocrx_word' id='word_1_727' title='bbox 3465 4704 3735 4757; x_wconf 77' lang='grc' dir='ltr'>κατασχε-</span> 
     </span>
    </p>
   </div>
   <div class='ocr_carea' id='block_1_106' title="bbox 2155 4777 3736 4856">
    <p class='ocr_par' dir='ltr' id='par_1_106' title="bbox 2155 4777 3736 4856">
     <span class='ocr_line' id='line_1_106' title="bbox 2155 4777 3736 4856; baseline -0.007 -15"><span class='ocrx_word' id='word_1_728' title='bbox 2155 4788 2336 4856; x_wconf 77' lang='grc' dir='ltr'>θῆναι.</span> <span class='ocrx_word' id='word_1_729' title='bbox 2364 4785 2699 4854; x_wconf 83' lang='grc' dir='ltr'>Συνθέμενος</span> <span class='ocrx_word' id='word_1_730' title='bbox 2746 4782 2804 4835; x_wconf 72' lang='grc' dir='ltr'>δὲ</span> <span class='ocrx_word' id='word_1_731' title='bbox 2831 4781 3028 4844; x_wconf 81' lang='grc' dir='ltr'>ταῦτα,</span> <span class='ocrx_word' id='word_1_732' title='bbox 3067 4781 3194 4843; x_wconf 81' lang='grc' dir='ltr'>τοὺς</span> <span class='ocrx_word' id='word_1_733' title='bbox 3243 4779 3343 4850; x_wconf 77' lang='grc' dir='ltr'>μὲν</span> <span class='ocrx_word' id='word_1_734' title='bbox 3376 4779 3598 4842; x_wconf 80' lang='grc' dir='ltr'>πλείους</span> <span class='ocrx_word' id='word_1_735' title='bbox 3631 4777 3736 4830; x_wconf 83' lang='grc' dir='ltr'><strong>τῶν</strong></span> 
     </span>
    </p>
   </div>
   <div class='ocr_carea' id='block_1_107' title="bbox 2153 4868 3736 4950">
    <p class='ocr_par' dir='ltr' id='par_1_107' title="bbox 2153 4868 3736 4950">
     <span class='ocr_line' id='line_1_107' title="bbox 2153 4868 3736 4950; baseline -0.008 -18"><span class='ocrx_word' id='word_1_736' title='bbox 2153 4878 2442 4950; x_wconf 83' lang='grc' dir='ltr'>πρέσϐεων</span> <span class='ocrx_word' id='word_1_737' title='bbox 2461 4877 2534 4940; x_wconf 83' lang='grc' dir='ltr'><strong>ὡς</strong></span> <span class='ocrx_word' id='word_1_738' title='bbox 2559 4875 2628 4928; x_wconf 83' lang='grc' dir='ltr'><strong>τὰ</strong></span> <span class='ocrx_word' id='word_1_739' title='bbox 2659 4873 3047 4944; x_wconf 86' lang='grc' dir='ltr'>στρατεύματα</span> <span class='ocrx_word' id='word_1_740' title='bbox 3078 4872 3227 4941; x_wconf 81' lang='grc' dir='ltr'><strong>αὺτῷ</strong></span> <span class='ocrx_word' id='word_1_741' title='bbox 3265 4868 3736 4940; x_wconf 85' lang='grc' dir='ltr'>συμπαρασκευά-</span> 
     </span>
    </p>
   </div>
   <div class='ocr_carea' id='block_1_108' title="bbox 2156 4957 3737 5038">
    <p class='ocr_par' dir='ltr' id='par_1_108' title="bbox 2156 4957 3737 5038">
     <span class='ocr_line' id='line_1_108' title="bbox 2156 4957 3737 5038; baseline -0.009 -13"><span class='ocrx_word' id='word_1_742' title='bbox 2156 4971 2370 5036; x_wconf 78' lang='grc' dir='ltr'>ζοντας,</span> <span class='ocrx_word' id='word_1_743' title='bbox 2407 4971 2465 5022; x_wconf 83' lang='grc' dir='ltr'>ὲν</span> <span class='ocrx_word' id='word_1_744' title='bbox 2514 4967 2753 5038; x_wconf 74' lang='grc' dir='ltr'>ὁμηρείᾳ</span> <span class='ocrx_word' id='word_1_745' title='bbox 2785 4967 3076 5034; x_wconf 82' lang='grc' dir='ltr'>κατέσχεν,</span> <span class='ocrx_word' id='word_1_746' title='bbox 3127 4964 3348 5031; x_wconf 77' lang='grc' dir='ltr'>ὀλίγους</span> <span class='ocrx_word' id='word_1_747' title='bbox 3391 4961 3435 5013; x_wconf 87' lang='grc' dir='ltr'>δ’</span> <span class='ocrx_word' id='word_1_748' title='bbox 3471 4961 3532 5025; x_wconf 79' lang='grc' dir='ltr'>ὲξ</span> <span class='ocrx_word' id='word_1_749' title='bbox 3560 4957 3737 5012; x_wconf 83' lang='grc' dir='ltr'>αὐτῶν</span> 
     </span>
    </p>
   </div>
   <div class='ocr_carea' id='block_1_109' title="bbox 2158 5051 3740 5130">
    <p class='ocr_par' dir='ltr' id='par_1_109' title="bbox 2158 5051 3740 5130">
     <span class='ocr_line' id='line_1_109' title="bbox 2158 5051 3740 5130; baseline -0.013 -12"><span class='ocrx_word' id='word_1_750' title='bbox 2158 5065 2254 5118; x_wconf 69' lang='grc' dir='ltr'>καὶ</span> <span class='ocrx_word' id='word_1_751' title='bbox 2288 5063 2380 5115; x_wconf 80' lang='grc' dir='ltr'>τὸν</span> <span class='ocrx_word' id='word_1_752' title='bbox 2409 5061 2640 5116; x_wconf 86' lang='grc' dir='ltr'>Κιννέαν</span> <span class='ocrx_word' id='word_1_753' title='bbox 2681 5057 3007 5130; x_wconf 78' lang='grc' dir='ltr'>προέπεμψε</span> <span class='ocrx_word' id='word_1_754' title='bbox 3041 5058 3138 5110; x_wconf 85' lang='grc' dir='ltr'>σὺν</span> <span class='ocrx_word' id='word_1_755' title='bbox 3170 5053 3411 5124; x_wconf 80' lang='grc' dir='ltr'>στρατῷ.</span> <span class='ocrx_word' id='word_1_756' title='bbox 3444 5051 3740 5104; x_wconf 84' lang='grc' dir='ltr'>Ἐλθόντων</span> 
     </span>
    </p>
   </div>
   <div class='ocr_carea' id='block_1_110' title="bbox 2157 5142 3737 5223">
    <p class='ocr_par' dir='ltr' id='par_1_110' title="bbox 2157 5142 3737 5223">
     <span class='ocr_line' id='line_1_110' title="bbox 2157 5142 3737 5223; baseline -0.009 -14"><span class='ocrx_word' id='word_1_757' title='bbox 2157 5157 2201 5210; x_wconf 85' lang='grc' dir='ltr'>δ’</span> <span class='ocrx_word' id='word_1_758' title='bbox 2225 5155 2423 5220; x_wconf 83' lang='grc' dir='ltr'>αὐτῶν,</span> <span class='ocrx_word' id='word_1_759' title='bbox 2443 5155 2494 5207; x_wconf 88' lang='grc' dir='ltr'><strong>οί</strong></span> <span class='ocrx_word' id='word_1_760' title='bbox 2521 5154 2862 5223; x_wconf 82' lang='grc' dir='ltr'>Ταραντῖνοι,</span> <span class='ocrx_word' id='word_1_761' title='bbox 2890 5149 3288 5220; x_wconf 84' lang='grc' dir='ltr'>θαρσήσαντες,</span> <span class='ocrx_word' id='word_1_762' title='bbox 3310 5146 3418 5198; x_wconf 83' lang='grc' dir='ltr'>τῶν</span> <span class='ocrx_word' id='word_1_763' title='bbox 3447 5161 3507 5196; x_wconf 91' lang='grc' dir='ltr'><strong>τε</strong></span> <span class='ocrx_word' id='word_1_764' title='bbox 3538 5142 3737 5197; x_wconf 84' lang='grc' dir='ltr'>καταλ-</span> 
     </span>
    </p>
   </div>
   <div class='ocr_carea' id='block_1_111' title="bbox 2159 5233 3741 5315">
    <p class='ocr_par' dir='ltr' id='par_1_111' title="bbox 2159 5233 3741 5315">
     <span class='ocr_line' id='line_1_111' title="bbox 2159 5233 3741 5315; baseline -0.01 -15"><span class='ocrx_word' id='word_1_765' title='bbox 2159 5246 2340 5314; x_wconf 85' lang='grc' dir='ltr'>λαγῶν</span> <span class='ocrx_word' id='word_1_766' title='bbox 2396 5245 2506 5298; x_wconf 87' lang='grc' dir='ltr'><strong>τῶν</strong></span> <span class='ocrx_word' id='word_1_767' title='bbox 2561 5245 2695 5315; x_wconf 82' lang='grc' dir='ltr'>πρὸς</span> <span class='ocrx_word' id='word_1_768' title='bbox 2761 5242 3072 5307; x_wconf 90' lang='grc' dir='ltr'>Ῥωμαίους</span> <span class='ocrx_word' id='word_1_769' title='bbox 3121 5239 3446 5308; x_wconf 85' lang='grc' dir='ltr'>ἀπέσχοντο,</span> <span class='ocrx_word' id='word_1_770' title='bbox 3501 5235 3596 5287; x_wconf 78' lang='grc' dir='ltr'>καὶ</span> <span class='ocrx_word' id='word_1_771' title='bbox 3653 5233 3741 5285; x_wconf 75' lang='grc' dir='ltr'><strong>τὸν</strong></span> 
     </span>
    </p>
   </div>
   <div class='ocr_carea' id='block_1_112' title="bbox 2159 5320 3741 5401">
    <p class='ocr_par' dir='ltr' id='par_1_112' title="bbox 2159 5320 3741 5401">
     <span class='ocr_line' id='line_1_112' title="bbox 2159 5320 3741 5401; baseline -0.009 -14"><span class='ocrx_word' id='word_1_772' title='bbox 2159 5329 2328 5401; x_wconf 70' lang='grc' dir='ltr'>*Λγιν</span> <span class='ocrx_word' id='word_1_773' title='bbox 2361 5331 2669 5394; x_wconf 89' lang='grc' dir='ltr'>παύσαντες</span> <span class='ocrx_word' id='word_1_774' title='bbox 2701 5332 2800 5398; x_wconf 85' lang='grc' dir='ltr'>τῆς</span> <span class='ocrx_word' id='word_1_775' title='bbox 2825 5327 3179 5399; x_wconf 89' lang='grc' dir='ltr'>στρατηγίας,</span> <span class='ocrx_word' id='word_1_776' title='bbox 3203 5327 3301 5378; x_wconf 76' lang='grc' dir='ltr'><strong>ἕνα</strong></span> <span class='ocrx_word' id='word_1_777' title='bbox 3331 5324 3438 5377; x_wconf 82' lang='grc' dir='ltr'><strong>τῶν</strong></span> <span class='ocrx_word' id='word_1_778' title='bbox 3461 5320 3741 5390; x_wconf 84' lang='grc' dir='ltr'>πρέσϐεων</span> 
     </span>
    </p>
   </div>
   <div class='ocr_carea' id='block_1_113' title="bbox 2157 5416 3752 5500">
    <p class='ocr_par' dir='ltr' id='par_1_113' title="bbox 2157 5416 3752 5500">
     <span class='ocr_line' id='line_1_113' title="bbox 2157 5416 3752 5500; baseline -0.009 -20"><span class='ocrx_word' id='word_1_779' title='bbox 2157 5427 2571 5500; x_wconf 78' lang='grc' dir='ltr'>ἐχειροτόνησαν</span> <span class='ocrx_word' id='word_1_780' title='bbox 2608 5423 2932 5495; x_wconf 86' lang='grc' dir='ltr'>στρατηγόν.</span> <span class='ocrx_word' id='word_1_781' title='bbox 2964 5423 3094 5475; x_wconf 79' lang='grc' dir='ltr'><strong>Μετ’</strong></span> <span class='ocrx_word' id='word_1_782' title='bbox 3130 5421 3189 5472; x_wconf 80' lang='grc' dir='ltr'>οὐ</span> <span class='ocrx_word' id='word_1_783' title='bbox 3249 5417 3384 5471; x_wconf 80' lang='grc' dir='ltr'>πολὺ</span> <span class='ocrx_word' id='word_1_784' title='bbox 3443 5417 3503 5469; x_wconf 80' lang='grc' dir='ltr'>δὲ</span> <span class='ocrx_word' id='word_1_785' title='bbox 3528 5416 3752 5478; x_wconf 81' lang='grc' dir='ltr'>Μίλων,-</span> 
     </span>
    </p>
   </div>
   <div class='ocr_carea' id='block_1_114' title="bbox 1673 5545 2547 5608">
    <p class='ocr_par' dir='ltr' id='par_1_114' title="bbox 1673 5545 2547 5608">
     <span class='ocr_line' id='line_1_114' title="bbox 1673 5545 2547 5608; baseline -0.005 -2"><span class='ocrx_word' id='word_1_786' title='bbox 1673 5545 1871 5608; x_wconf 73' lang='lat' dir='ltr'><strong>Verite</strong></span> <span class='ocrx_word' id='word_1_787' title='bbox 1902 5545 2216 5608; x_wconf 85' lang='lat' dir='ltr'><strong>lectiones</strong></span> <span class='ocrx_word' id='word_1_788' title='bbox 2261 5551 2322 5604; x_wconf 87' lang='lat' dir='ltr'><strong>et</strong></span> <span class='ocrx_word' id='word_1_789' title='bbox 2357 5549 2547 5604; x_wconf 59' lang='lat' dir='ltr'><strong>notes.</strong></span> 
     </span>
    </p>
   </div>
   <div class='ocr_carea' id='block_1_115' title="bbox 559 5645 2060 5715">
    <p class='ocr_par' dir='ltr' id='par_1_115' title="bbox 559 5645 2060 5715">
     <span class='ocr_line' id='line_1_115' title="bbox 559 5645 2060 5715; baseline 0.001 -16"><span class='ocrx_word' id='word_1_790' title='bbox 559 5646 671 5712; x_wconf 71' lang='lat' dir='ltr'><strong>(ll)</strong></span> <span class='ocrx_word' id='word_1_791' title='bbox 705 5645 1061 5701; x_wconf 73' lang='grc' dir='ltr'>Κηλιδῶσαι.</span> <span class='ocrx_word' id='word_1_792' title='bbox 1114 5647 1194 5702; x_wconf 89' lang='lat' dir='ltr'><strong>lta</strong></span> <span class='ocrx_word' id='word_1_793' title='bbox 1257 5648 1400 5702; x_wconf 88' lang='lat' dir='ltr'><strong>alter</strong></span> <span class='ocrx_word' id='word_1_794' title='bbox 1423 5661 1454 5700; x_wconf 93' lang='lat' dir='ltr'><strong>e</strong></span> <span class='ocrx_word' id='word_1_795' title='bbox 1508 5645 1696 5715; x_wconf 80' lang='lat' dir='ltr'><strong>Regiis</strong></span> <span class='ocrx_word' id='word_1_796' title='bbox 1725 5657 1781 5702; x_wconf 90' lang='lat' dir='ltr'><strong>et</strong></span> <span class='ocrx_word' id='word_1_797' title='bbox 1813 5645 2060 5702; x_wconf 88' lang='lat' dir='ltr'><strong>Colbert.</strong></span> 
     </span>
    </p>
   </div>
   <div class='ocr_carea' id='block_1_116' title="bbox 487 5715 2057 5841">
    <p class='ocr_par' dir='ltr' id='par_1_116' title="bbox 487 5715 2057 5841">
     <span class='ocr_line' id='line_1_116' title="bbox 487 5715 2057 5841; baseline 0.004 -77"><span class='ocrx_word' id='word_1_798' title='bbox 487 5715 720 5841; x_wconf 63' lang='grc' dir='ltr'>ςδιιὲ</span> <span class='ocrx_word' id='word_1_799' title='bbox 755 5716 929 5785; x_wconf 85' lang='lat' dir='ltr'><strong>Regii,</strong></span> <span class='ocrx_word' id='word_1_800' title='bbox 961 5719 1123 5787; x_wconf 75' lang='grc' dir='ltr'>κῆδος</span> <span class='ocrx_word' id='word_1_801' title='bbox 1147 5718 1338 5773; x_wconf 83' lang='grc' dir='ltr'>δῶσαι.</span> <span class='ocrx_word' id='word_1_802' title='bbox 1372 5716 1506 5773; x_wconf 84' lang='lat' dir='ltr'><strong>Vide</strong></span> <span class='ocrx_word' id='word_1_803' title='bbox 1545 5715 1725 5773; x_wconf 86' lang='lat' dir='ltr'><strong>Gloss.</strong></span> <span class='ocrx_word' id='word_1_804' title='bbox 1755 5717 1906 5773; x_wconf 84' lang='lat' dir='ltr'><strong>med.</strong></span> <span class='ocrx_word' id='word_1_805' title='bbox 1937 5717 2057 5772; x_wconf 85' lang='lat' dir='ltr'><strong>Lat.</strong></span> 
     </span>
     <span class='ocr_line' id='line_1_117' title="bbox 489 5802 806 5839; baseline 0.003 -1"><span class='ocrx_word' id='word_1_806' title='bbox 489 5802 542 5839; x_wconf 81' lang='lat' dir='ltr'><strong>lli</strong></span> <span class='ocrx_word' id='word_1_807' title='bbox 593 5803 697 5839; x_wconf 80' lang='lat' dir='ltr'><strong>.em</strong></span> <span class='ocrx_word' id='word_1_808' title='bbox 727 5804 806 5839; x_wconf 81' lang='lat' dir='ltr'><strong>us.</strong></span> 
     </span>
    </p>
   </div>
   <div class='ocr_carea' id='block_1_117' title="bbox 489 5802 806 5839">
    <p class='ocr_par' dir='ltr' id='par_1_117' title="bbox 489 5802 806 5839">
     <span class='ocr_line' id='line_1_118' title="bbox 489 5802 806 5839; baseline 0.003 -1"><span class='ocrx_word' id='word_1_809' title='bbox 489 5802 542 5839; x_wconf 80' lang='lat' dir='ltr'><strong>III</strong></span> <span class='ocrx_word' id='word_1_810' title='bbox 572 5802 806 5839; x_wconf 75' lang='lat' dir='ltr'><strong>(.emtus.</strong></span> 
     </span>
    </p>
   </div>
   <div class='ocr_carea' id='block_1_118' title="bbox 2243 5633 3741 5720">
    <p class='ocr_par' dir='ltr' id='par_1_118' title="bbox 2243 5633 3741 5720">
     <span class='ocr_line' id='line_1_119' title="bbox 2243 5633 3741 5720; baseline -0.008 -22"><span class='ocrx_word' id='word_1_811' title='bbox 2243 5643 2652 5720; x_wconf 56' lang='grc' dir='ltr'>(ίΞὶλΛοὺκιοις</span> <span class='ocrx_word' id='word_1_812' title='bbox 2696 5643 2987 5720; x_wconf 43' lang='lat' dir='ltr'><strong>Mutatio:</strong></span> <span class='ocrx_word' id='word_1_813' title='bbox 3038 5640 3143 5720; x_wconf 54' lang='grc' dir='ltr'><strong>τόν</strong></span> <span class='ocrx_word' id='word_1_814' title='bbox 3186 5638 3442 5720; x_wconf 61' lang='grc' dir='ltr'>ὕπατον.</span> <span class='ocrx_word' id='word_1_815' title='bbox 3484 5633 3741 5720; x_wconf 50' lang='lat' dir='ltr'><strong>_S-ic&#39;tre§</strong></span> 
     </span>
    </p>
   </div>
   <div class='ocr_carea' id='block_1_119' title="bbox 2171 5705 3740 5838">
    <p class='ocr_par' dir='ltr' id='par_1_119' title="bbox 2171 5705 3740 5838">
     <span class='ocr_line' id='line_1_120' title="bbox 2171 5705 3740 5837; baseline -0.008 -69"><span class='ocrx_word' id='word_1_816' title='bbox 2171 5705 2302 5837; x_wconf 46' lang='lat' dir='ltr'><strong>mss.</strong></span> <span class='ocrx_word' id='word_1_817' title='bbox 2342 5705 2500 5767; x_wconf 45' lang='lat' dir='ltr'><strong>&#39;Aller</strong></span> <span class='ocrx_word' id='word_1_818' title='bbox 2545 5714 2716 5768; x_wconf 77' lang='lat' dir='ltr'><strong>codex</strong></span> <span class='ocrx_word' id='word_1_819' title='bbox 2741 5705 2882 5783; x_wconf 81' lang='lat' dir='ltr'><strong>apud</strong></span> <span class='ocrx_word' id='word_1_820' title='bbox 2931 5706 3189 5766; x_wconf 70' lang='lat' dir='ltr'><strong>Wolﬁum</strong></span> <span class='ocrx_word' id='word_1_821' title='bbox 3218 5707 3450 5760; x_wconf 79' lang='grc' dir='ltr'>Λούκιον</span> <span class='ocrx_word' id='word_1_822' title='bbox 3484 5705 3740 5760; x_wconf 71' lang='grc' dir='ltr'>Μανίλιον</span> 
     </span>
     <span class='ocr_line' id='line_1_121' title="bbox 2171 5784 2388 5838; baseline 0 0"><span class='ocrx_word' id='word_1_823' title='bbox 2171 5786 2238 5838; x_wconf 87' lang='lat' dir='ltr'><strong>ha</strong></span> <span class='ocrx_word' id='word_1_824' title='bbox 2286 5784 2388 5838; x_wconf 87' lang='lat' dir='ltr'><strong>uit.</strong></span> 
     </span>
    </p>
   </div>
  </div>
