2004 3125
154 161 209 193 637

771 159 973 191 ANNALIUM
991 160 1066 191 LIB.
1081 143 1170 191 ‘vm.

1728 161 1786 194 638

154 217 208 244 ὑπο
221 215 269 243 τοῦ
281 215 390 253 Πύρρου
404 215 453 242 σὺν
463 214 578 250 δυνάμει
589 214 736 250 πεμφθεὶς,
747 215 799 251 τήν
813 224 844 241 τε
856 215 940 248 ἀκρό-

1002 219 1073 242 rum.-
1084 214 1119 242 At
1134 214 1257 251 Pyrrhus
1271 221 1337 244 vere
1348 222 1405 243 non
1415 218 1584 251 exspectato,
1598 222 1662 243 cum
1684 224 1785 252 magno

153 264 233 290 πολιν
249 263 338 290 αὐτῶν
363 263 391 294 ἐς
412 262 460 297 τὴν
488 261 592 288 ἐκείνου
616 261 750 297 ὑποδοχὴν
770 262 938 296 κατειλήφει,

154 310 203 337 καὶ
219 310 269 345 τὴν
287 308 335 335 τοῦ
350 308 458 343 τείχους
469 308 591 343 φρουρὰν
609 308 653 341 ὑφ’
672 308 767 334 ἑαυτὸν
781 307 939 341 ἐποιήσατο·

153 357 242 384 καὶοι
266 356 428 391 Ταραντῖνοι
453 355 499 380 ἐπὶ
530 354 635 386 τούτοις
663 354 780 389 ἔχαιρον,
808 354 846 385 ὡς
873 354 941 388 μήτε

154 402 296 437 φρουρεῖν.
311 400 374 434 μήτ’
389 400 453 427 ἄλλο
472 409 499 426 τι
516 401 645 426 ἐπίπονον
661 400 807 434 ὑπομένειν
818 400 941 432 ἀναγκα-

155 448 276 482 ζόμενοι.
302 446 357 472 Καὶ
385 446 479 477 αὐτοῖς
510 447 614 480 τροφὰς
639 447 806 481 ἐχορήγουν,
837 447 884 471 καὶ
903 444 942 479 τῷ

156 493 257 528 Πύρρῳ
281 492 413 527 χρήματα
444 491 581 526 ἔπεμπον.
617 491 646 517 '0
672 491 718 517 οὖν
735 491 859 525 Αἰμίλιος
873 491 943 522 τέως

156 539 205 573 μὲν
221 538 293 564 κατὰ
305 537 398 572 χώραν
410 537 518 570 ἑμενεν,
542 537 604 563 ἐπεὶ
619 538 647 563 δὲ
663 537 727 569 τούς
739 546 769 563 τε
792 538 943 572 Πυρῤείους

154 585 274 619 ἣκοντας
289 583 369 616 ἔγνω,
385 583 433 610 καὶ
457 584 500 609 διὰ
517 583 562 609 τὸν
579 583 703 617 χειμῶνα
722 584 943 618 προσκαρτερεῖν

155 631 204 664 οᾶχ
215 626 272 659 οἷός
287 637 315 655 τε
325 627 369 663 ἦν,
390 630 418 660 ἐς
436 628 582 655 Ἀπουλίαν
594 628 733 663 ὥρμησεν.
748 630 778 654 Οἱ
789 628 818 654 δὲ
835 629 944 662 Ταραν-

153 677 222 701 τῖνοι
236 675 265 701 ἐν
281 683 334 701 τινι
352 674 506 709 στενοπόρῳ
520 674 623 709 χωρίῳ,
637 674 671 700 δι’
681 670 712 700 οὗ
727 674 842 700 διελθεῖν
860 675 945 708 ἀνάγ-

155 729 207 755 κην
235 718 303 755 εἶχε,
331 720 509 755 λοχήσαντες,
538 720 640 755 ἄπορον
668 720 742 754 αύτῷ
755 720 804 755 τὴν
830 720 944 754 πορείαν

154 767 265 794 ἐποίουν
280 767 456 802 τοξεύμασιν,
483 766 665 800 ἀκοντίσμασί
690 775 719 792 τε
736 766 783 792 καὶ
799 766 945 800 σφενδονή-

156 821 251 846 μασιν.
274 812 302 838 ’0
316 812 344 838 δὲ
355 812 419 842 τοὺς
435 811 628 846 αἰχμαλώτους
644 811 730 844 σφῶν,
746 810 792 842 οὓς
814 812 945 845 ὶπήγετο,

155 859 310 894 προήγαγε.
342 858 510 892 Φοόηυέντες
537 857 559 883 δ’
585 858 610 884 οἱ
640 858 802 892 Ταραντῖνοι
832 857 869 892 μὴ
883 858 947 888 τοὺς

132 934 138 939 ¹
155 905 305 939 σφετέρους
323 904 384 930 ἀντὶ
399 904 453 929 τῶν
476 903 621 937 Ῥωμαίων
646 902 816 929 ἀπολέσωσιν
828 922 835 935 ,
860 903 946 928 ἐπαύ-

155 959 249 976 σαντο.
267 950 296 976 '0
307 950 335 976 δὲ
346 949 464 985 Πύρρος,
482 949 542 975 οὐδὲ
565 949 595 974 τὸ
610 948 660 983 ἔαρ
675 948 836 982 ἀναμείνας,
850 948 946 983 ἀπῄει,

155 995 315 1032 στράτευμά
337 1004 366 1022 τε
391 996 459 1022 πολὺ
473 995 522 1021 καὶ
549 994 676 1029 ἔκκριτον
700 995 880 1029 ἐπαγόμενος,
899 996 947 1021 καὶ

154 1043 305 1076 ἐλέφαντας
328 1042 426 1072 εἴκοσι,
447 1041 505 1073 ζῶα
532 1041 616 1076 μήπω
640 1040 774 1076 πρότερον
800 1041 855 1071 τοῖς
868 1041 897 1066 ὲν
911 1041 944 1074 τῇ

160 1087 261 1123 Ἰταλίᾳ
275 1087 402 1121 ὀφθέντα,
420 1087 481 1113 ὅθεν
501 1086 699 1121 ἐξεπλήσσοντο
714 1086 761 1112 καὶ
775 1085 943 1120 ἐθαύμαζον·

154 1134 271 1168 χειμῶνι
285 1133 314 1159 δὲ
331 1133 488 1167 περιπεσὼν
500 1132 530 1158 τὸ
554 1132 646 1158 Ἰόνιον
659 1131 870 1166 περαιούμενος,
881 1131 947 1157 πολ-

154 1179 219 1211 λοὺς
240 1179 365 1206 ἀπώλεσε
392 1179 440 1205 τοῦ
470 1178 685 1217 στρατεύματος,
719 1178 744 1203 οἱ
760 1177 788 1204 δὲ
808 1177 896 1204 λοιποὶ
908 1177 946 1211 τῷ

156 1225 274 1252 κλύδωνι
289 1225 501 1259 ἐσκεδάσθησαν.
516 1224 600 1256 Μόλις
614 1225 636 1250 δ’
652 1223 698 1251 οὖν
716 1224 852 1256 πεζεῦσας
865 1221 948 1259 ἦλθεν

154 1273 196 1303 εἰς
207 1271 348 1307 Τάραντα,
373 1271 419 1298 καὶ
442 1271 542 1297 αὐτίκα
554 1271 617 1302 τοὺς
629 1271 679 1305 μὲν
695 1270 870 1304 ἀκμάζοντας
892 1271 949 1301 τοῖς

155 1317 255 1344 ἑαυτοῦ
273 1317 454 1353 στρατιώταις
467 1317 624 1349 συνέταξεν,
640 1317 714 1348 ὅπως
743 1317 782 1352 μὴ
799 1316 860 1343 καθ’
885 1316 948 1343 ἐαυ-

119 1359 122 1362 ’
155 1366 220 1396 τοῦς
247 1364 434 1400 λελοχημένοι
468 1364 668 1399 νεωτερίσωσιο
700 1364 747 1390 καὶ
771 1362 801 1389 τὸ
835 1363 948 1398 θέατρον

156 1410 265 1437 ἔκλεισε
275 1410 345 1446 τάχα
358 1410 401 1437 διὰ
412 1410 457 1436 τὸν
475 1409 602 1444 πόλεμον,
616 1409 690 1440 ὅπως
705 1409 753 1444 μὴ,
767 1409 795 1440 ἐς
809 1409 874 1434 αὐτὸ
886 1417 949 1434 συν-

157 1457 314 1492 ερχόμενοι,
341 1456 517 1492 νεοχμώσωσί
543 1464 578 1483 τι.
602 1456 713 1482 Ἀπεῖπε
737 1455 760 1481 δ’
784 1455 878 1486 αὐτοῖς
904 1456 951 1480 καὶ

992 260 1198 296 lectissimoque
1227 261 1351 288 exercitu
1383 261 1490 291 abiens.
1516 266 1544 290 et
1569 270 1602 289 xx
1629 262 1785 296 elephantis

994 306 1066 340 (qnze
1084 306 1210 333 animalia
1227 315 1281 334 non
1299 307 1376 341 prius
1392 307 1420 334 in
1441 307 1515 335 Italia
1537 312 1694 342 conspecta,
1719 311 1781 334 stn-

993 353 1338 386 poremetadmirationem
1355 354 1514 380 hominibus
1523 353 1786 389 attulerunt),370

996 399 1060 424 dum
1077 398 1183 425 Ionium
1202 399 1319 434 trajecit.
1333 403 1496 434 tempestate
1512 405 1581 427 orta.
1598 401 1691 427 multis
1703 401 1785 426 amis—

994 444 1042 475 sis,
1063 445 1170 471 c'rteris
1192 445 1342 480 dissipatis,
1369 446 1489 480 pedestri
1517 447 1615 473 itinere
1634 446 1785 473 Tarentum

994 497 1066 524 aegre
1079 490 1216 524 pervenit,
1233 498 1265 517 ac
1280 491 1379 526 pubem
1398 492 1491 518 statim
1507 493 1565 519 suis
1590 492 1724 518 militibus
1742 492 1785 518 in-

995 536 1154 567 scruit.nc.
1180 537 1294 563 scorsim
1315 536 1454 567 instructi.
1472 537 1535 564 belli
1563 541 1683 571 tempore
1709 537 1787 563 novis

996 583 1080 610 rebus
1111 583 1266 610 studerent.
1298 583 1457 617 Eademque
1484 584 1600 610 forsitan
1639 583 1673 609 de
1704 590 1786 609 causa

997 627 1135 655 theatrum
1164 628 1273 658 clausit,
1309 633 1337 655 et
1361 629 1551 655 conviviorum
1581 628 1788 655 commessatio—

995 682 1116 708 numque
1133 673 1252 700 cottibus
1275 674 1440 705 interdictis,
1456 674 1646 700 adolescentes
1678 677 1726 700 aut
1753 673 1783 699 in

996 720 1081 746 armis
1095 720 1229 751 exerceri,
1243 724 1290 746 aut
1304 727 1352 750 per
1365 724 1437 747 totos
1448 720 1507 746 dies
1519 719 1545 746 in
1560 720 1621 746 loro
1636 727 1716 754 agere
1730 719 1787 753 jus-

997 767 1042 794 sit.
1058 767 1179 800 Quarum
1197 775 1287 794 rerum
1304 767 1428 794 molestia
1446 766 1611 802 quibusdam
1629 774 1657 793 se
1681 765 1788 793 subdu-

999 814 1138 845 centibus,
1152 820 1218 840 suos
1233 814 1319 848 portis
1335 814 1466 848 praefecit,
1483 813 1531 847 qui
1551 813 1689 839 neminem
1712 811 1788 839 exire

998 863 1168 893 paterentur.
1192 859 1240 886 liis
1258 859 1340 894 igitur
1357 859 1441 886 rebus
1455 864 1482 886 et
1499 862 1669 886 commeatus
1690 864 1790 892 suppe-

1000 904 1144 937 ditatione,
1158 911 1186 932 et
1201 905 1348 932 satellitum
1367 906 1394 932 in
1411 905 1486 932 :edes
1504 904 1662 939 reccptione
1688 911 1789 931 onera-

1001 957 1052 984 tos,
1068 960 1129 980 sera
1143 952 1304 987 pmnitentia
1317 953 1483 980 Tarentinos
1506 953 1615 982 invasit,
1635 952 1708 986 quod
1732 958 1789 978 non

999 998 1116 1029 socium,
1129 998 1176 1025 sed
1190 998 1330 1025 dominum
1343 998 1513 1026 accivissent.
1529 998 1648 1033 Pyrrhus
1660 1004 1735 1029 vero,
1754 1003 1789 1023 ne

1000 1042 1033 1070 ad
1048 1044 1186 1070 Romanos
1204 1044 1247 1070 his
1261 1043 1296 1071 de
1316 1044 1407 1071 causis
1422 1044 1584 1071 inclinarent
1603 1042 1718 1075 veritus,
1735 1042 1790 1069 rei-

1000 1090 1116 1124 publicae
1139 1091 1274 1125 gerendas,
1310 1090 1509 1124 tractandoque
1535 1089 1636 1124 popqu
1664 1089 1788 1121 idoneos,

999 1137 1098 1170 partim
1120 1144 1168 1170 per
1184 1144 1280 1164 causas
1292 1136 1399 1171 aliquas
1417 1136 1444 1163 in
1466 1135 1580 1170 Epirum
1595 1135 1628 1161 ad
1644 1135 1728 1161 tilium
1739 1134 1790 1160 mi4

1001 1182 1047 1214 sit,
1062 1183 1162 1217 partim
1179 1183 1248 1210 clam
1263 1182 1384 1210 sustulit.
1410 1182 1599 1209 Aristarchum
1620 1188 1686 1208 vero
1715 1187 1790 1207 sum-

1001 1235 1076 1267 mu‘m
1089 1228 1161 1261 apud
1179 1228 1240 1255 illos
1253 1228 1353 1258 virum,
1366 1231 1395 1254 et
1413 1226 1571 1262 eloquentia
1600 1230 1788 1261 prazstantem.

998 1274 1050 1301 sibi
1077 1274 1245 1306 conciliavit,
1266 1279 1294 1301 ut
1312 1275 1346 1301 ob
1363 1281 1440 1301 suam
1459 1272 1672 1300 familiaritatem
1687 1271 1790 1307 populo

997 1324 1143 1354 suspectus
1159 1324 1243 1347 esset.
1255 1319 1307 1347 Sed
1325 1327 1387 1347 cum
1404 1319 1428 1345 ei
1441 1318 1621 1345 nihilominus
1634 1317 1715 1344 [idem
1730 1322 1791 1343 esse

997 1370 1133 1397 cerneret,
1158 1366 1184 1392 in
1200 1365 1312 1400 Epirum
1330 1365 1368 1391 ire
1381 1365 1474 1399 jussit,
1501 1364 1548 1398 qui
1576 1371 1637 1391 cum
1660 1362 1790 1397 refragari

998 1418 1055 1437 non
1069 1411 1194 1443 auderet,
1207 1418 1236 1438 se
1247 1411 1295 1438 illo
1308 1410 1499 1446 navigaturum
1513 1409 1657 1442 simulans,
1674 1409 1790 1436 Romam

999 1460 1042 1483 est
1055 1455 1207 1490 profectus.

158 1505 227 1540 πρὸς
241 1505 381 1540 συμπόσια
407 1505 454 1531 καὶ
480 1504 590 1539 κώμους
614 1502 802 1538 ἁθροίζεσθαι,
838 1503 885 1529 καὶ
924 1504 987 1535 τοὺς
1008 1503 1157 1538 νεωτέρους
1186 1504 1215 1530 ὲν
1235 1505 1292 1536 τοίς
1323 1504 1417 1535 ὅπλοις
1444 1503 1590 1530 ἀσκεῖσθαι
1619 1502 1756 1534 ἐκέλευεν,
1772 1502 1790 1537 ἢ

157 1551 333 1587 διημερεύειν
348 1552 420 1578 κατὰ
433 1552 483 1586 τὴν
504 1550 617 1585 ἀγοράν.
639 1549 683 1582 Ὠς
697 1550 726 1576 δέ
742 1558 813 1581 τινες
844 1549 990 1584 ἀχθόμενοι
1023 1550 1130 1582 τούτοις
1160 1550 1355 1586 ὑπεχώρησαν,
1379 1551 1516 1586 φρουροὺς
1547 1550 1580 1576 ὲκ
1602 1549 1657 1575 τῶν
1682 1546 1792 1574 οἰκείων

159 1596 339 1631 κατέστησεν,
353 1595 423 1622 ὥστε
440 1595 541 1630 μηδένα
555 1594 655 1627 ἐξιέναι
672 1594 722 1628 τῆς
739 1594 852 1625 πόλεως.
871 1594 904 1620 01.
918 1594 956 1626 δὲ,
977 1593 1082 1625 τούτοις
1107 1602 1137 1620 τε
1169 1595 1217 1621 καὶ
1231 1596 1264 1629 τῇ
1281 1595 1398 1631 χορηγίᾳ
1410 1595 1463 1620 τῶν
1477 1593 1586 1629 τροφῶν
1600 1593 1792 1628 βαρυνόμενοι,

160 1643 210 1671 καὶ
237 1643 300 1674 τοὺς
322 1643 487 1679 δορυφόρους
503 1642 593 1669 αὐτῶν
619 1643 659 1674 είς
692 1643 742 1674 τὰς
777 1642 866 1674 οἰκίας
893 1642 983 1668 αὐτῶν
1003 1643 1222 1678 ἀναγκαζόμενοι
1248 1643 1385 1678 δέχεσθαι,
1401 1642 1632 1678 ,μετεγίνωσκοη
1661 1640 1793 1667 δεσπότου

161 1691 210 1718 καὶ
230 1690 292 1726 οὐχὶ
318 1690 463 1726 συμμάχου
486 1689 532 1716 τοῦ
551 1688 659 1724 Πύρρου
680 1688 859 1724 πειρώμενοι.
881 1689 910 1715 '0
941 1689 969 1715 δὲ
989 1689 1033 1716 διὰ
1065 1690 1153 1717 ταῦτα
1169 1690 1206 1725 μὴ
1221 1690 1291 1725 πρὸς
1315 1689 1378 1722 τοὺς
1396 1689 1550 1724 Ῥωμαίους
1565 1688 1732 1715 ἀποκλίνωσι
1746 1695 1795 1722 φο-

161 1737 268 1774 εηθεὶς,
285 1736 339 1764 τῶν
363 1736 398 1763 τὰ
424 1735 551 1763 πολιτικὰ
572 1735 730 1770 δυναμένων
745 1736 885 1770 πράττειν.
902 1735 950 1762 καὶ
971 1738 1135 1770 προστατεῖν
1167 1737 1215 1763 τοῦ
1245 1737 1353 1771 ὁμίλου,
1370 1736 1434 1768 τοὺς
1453 1736 1502 1771 μὲν
1524 1736 1565 1767 είς
1589 1735 1640 1770 τὴν
1662 1735 1795 1771 Ἤπειρον

163 1787 232 1821 πρὸς
247 1785 293 1811 τδν
304 1784 363 1811 υἱὸν
378 1783 426 1821 ἐπί
442 1792 498 1809 τισι
513 1782 684 1818 προφάσεσιν
713 1781 832 1817 ἔπεμπε,
846 1783 908 1813 τοὺς
925 1782 952 1808 δὲ
971 1784 1019 1808 καὶ
1048 1783 1160 1816 ἀφανῶς
1188 1783 1328 1810 διώλλυεν.
1360 1783 1539 1818 Ἀρίσταρχον
1552 1782 1580 1808 δέ
1604 1791 1666 1810 τινα
1683 1783 1713 1809 ιν
1738 1785 1795 1810 τοῖς

162 1832 285 1868 ἀρίστοις
297 1831 352 1857 τῶν
366 1828 540 1865 Ταραντίνων
552 1828 757 1863 ἐξεταζόμενον,
784 1827 832 1854 καὶ
856 1828 944 1854 εἰπεῖν
965 1828 1162 1862 πιθανώτατον,
1193 1829 1436 1863 προσηταιρίσατο,
1451 1828 1485 1855 ἵν’
1498 1828 1621 1859 ὒποπτος
1650 1828 1690 1863 τῷ
1703 1829 1794 1864 δήμῳ,

162 1877 201 1910 ὡς
211 1877 246 1904 τὰ
266 1875 314 1903 τοῦ
337 1875 447 1910 Πύρῤου
478 1873 594 1908 φρονῶν,
626 1873 758 1907 γένηται·
780 1872 818 1903 ὠς
852 1872 874 1898 δ’
906 1872 947 1898 ἔτι
974 1871 1103 1899 πιστεῦον
1126 1873 1223 1908 ἐκείνῳ
1237 1873 1267 1899 τδ
1283 1873 1385 1908 πλῆθος
1410 1872 1494 1907 ἐώρα,
1511 1871 1639 1905 ἔπεμπεν
1650 1872 1732 1898 αὐτὸν
1755 1873 1796 1903 εις

163 1925 214 1960 τὴν
243 1922 387 1957 Ἤπειρον.
418 1920 474 1947 Καὶ
490 1919 528 1951 ὡς
553 1919 691 1946 ἀντειπεῖν
708 1918 746 1953 μὴ
762 1917 881 1953 θαρρῶν,
910 1918 1058 1951 ἐξέπλευσε
1091 1918 1153 1953 μὲν,
1185 1919 1214 1950 ἐς
1245 1919 1275 1946 δὲ
1288 1918 1337 1953 τὴν
1353 1917 1462 1953 Ῥώμην
1472 1917 1586 1951 ἀφίκετο
1599 1925 1606 1932 ·
1619 1917 1667 1943 καὶ
1683 1915 1796 1942 τοιαῦτα

167 1967 239 2004 μὶνῦ
250 1966 359 2002 Πύῤῥος
374 1965 430 1996 τοῖς
445 1963 623 1998 Ταραντίνοις
637 1962 735 1990 ἐποίει.

198 2009 238 2039 I".
252 2011 284 2054 Ψ
294 1997 322 2036 ’δζ
349 2010 378 2035 ὲν
391 2010 425 2044 τῇ
455 1997 550 2042 Ῥώμῃ
568 2007 740 2038 κατέδεισαν,
764 2005 896 2041 μαθόντες
907 2006 950 2032 τὸν

1038 2005 1083 2033 Ill.
1099 2004 1165 2037 Quae
1173 2011 1234 2031 cum
1252 2002 1362 2030 Tarenti
1377 2005 1535 2035 agerentur,
1552 2000 1682 2032 Romani,
1698 1997 1796 2035 Pyrrhi

166 2051 276 2094 Πύρρον
302 2055 415 2082 ἐλθόντα
444 2054 484 2085 είς
499 2053 638 2087 Τάραντα,
661 2052 700 2087 τῷ
715 2061 745 2078 τε
761 2051 959 2087 ἐκπεπολεμῶ-

167 2104 230 2131 οοαι
245 2101 280 2130 τὸ.
304 2102 334 2129 ἑν
347 2101 381 2137 τῇ
401 2100 502 2135 Ἰταλίᾳ
527 2099 630 2131 αὐτοῖς,
661 2099 708 2125 κοιλ⁵
721 2097 761 2133 τῷ
786 2097 960 2133 θρυλλεῖσθαι

166 2150 272 2178 ικεϊνον
286 2147 438 2182 εὕπόλεμόν
460 2155 491 2173 τε
515 2146 672 2180 τυγχάνειν,
690 2145 738 2172 καὶ
757 2144 873 2179 δύναμιν
885 2145 960 2180 ἔχειν

168 2193 417 2229 ἀνανταγώνιστον.
435 2191 609 2227 Στρατιώτας
623 2199 654 2217 τε
667 2190 713 2218 οὖν
733 2190 891 2224 κατέλεγον,
915 2190 962 2216 καὶ

168 2242 299 2279 χρήματα
315 2239 456 2276 ἡθροιζον,
476 2237 613 2273 φρουρούς
628 2245 657 2263 τε
672 2237 700 2268 ὲς
715 2235 764 2268 τὰς
780 2235 961 2270 συμμαχίδας

170 2289 262 2320 πόλεις
271 2288 434 2322 διέπεμπον,
453 2285 497 2312 ’ίνα
513 2285 551 2319 μὴ
566 2284 612 2310 καὶ
627 2284 730 2310 ἐκεῖναι
743 2282 893 2309 ἀποστῶσι.
907 2281 962 2308 Καί

169 2344 247 2368 τινας
263 2333 476 2371 προαισθόμενοι
499 2330 724 2366 νεωτεριοῦντας,
738 2329 803 2360 τοὺς
833 2328 962 2363 πρώτους

170 2383 261 2410 αὐτῶν
275 2380 419 2410 ἐκόλασαν,
432 2377 479 2404 καί
492 2385 565 2407 τινες
578 2375 632 2402 τῶν
646 2373 857 2409 Πραινεστηνῶν
872 2374 900 2404 ὲς
912 2372 961 2406 τὴν

175 2429 289 2463 Ῥώμην
301 2425 442 2461 ἀχθέντες,
454 2423 518 2458 περὶ
532 2422 622 2456 δείλην
636 2421 715 2456 ὀψίαν
728 2420 768 2451 εἰς
778 2419 841 2450 τοὺς
857 2418 960 2453 θησαυ-

174 2475 239 2511 ροὺς
255 2473 302 2499 litt
315 2471 421 2507 φυλακῇ
446 2468 662 2503 ὲνεϐλήσθησαν.
688 2466 742 2493 Καί
765 2474 807 2497 τις
821 2465 913 2495 αὐτοῖς
930 2465 962 2490 ἐκ

171 2520 268 2547 τούτου
281 2517 406 2555 χρησμὸς
422 2515 620 2551 ὲκπεπλήρωτο
633 2522 640 2529 ·
665 2511 786 2548 ἐχρήσθη
802 2511 857 2546 γὰρ
870 2511 962 2541 αὐτοῖς

174 2573 254 2598 ποτε,
267 2564 310 2591 ὃτι
326 2562 390 2594 τοὺς
401 2561 456 2588 τῶν
476 2559 622 2595 Ῥωμαίων
638 2557 784 2590 καθέξουσι
795 2555 961 2591 θησαυρούς.

177 2610 232 2639 Καὶ
241 2611 256 2638 ό
268 2609 317 2646 μὲν
329 2607 455 2645 χρησμὸς
468 2608 508 2639 είς
528 2605 608 2633 τοῦτο
620 2604 711 2638 ἀπέϐη
727 2611 736 2620 ο
748 2604 846 2630 ὲκεῖνοι
873 2602 901 2629 δὲ
918 2601 963 2628 καὶ

176 2656 328 2684 ἀπώλοντο.
339 2653 504 2689 Οιαλλέριον
521 2652 551 2679 δὲ
566 2650 709 2678 Δαουῖνιον
724 2649 771 2676 ἐπὶ
793 2648 838 2675 τὸν
853 2648 962 2683 Πύρρον

1009 2053 1131 2080 adventu
1149 2049 1262 2077 minime
1276 2048 1342 2081 laeti,
1363 2052 1420 2075 tum
1441 2046 1514 2082 quod
1541 2046 1642 2074 Italiam
1669 2046 1796 2074 infestam

1010 2099 1155 2129 baberent,
1172 2101 1229 2123 tum
1251 2095 1325 2131 quod
1346 2094 1423 2122 illum
1449 2093 1612 2121 bellicosum
1637 2098 1666 2119 et
1689 2091 1799 2119 invictis

1010 2144 1148 2172 munitum
1164 2148 1225 2169 esse
1244 2140 1333 2175 copiis
1351 2139 1423 2167 fama
1440 2138 1555 2170 ferebat,
1576 2137 1731 2165 delectihus
1751 2136 1800 2162 lia-

1010 2189 1085 2222 bitis,
1105 2191 1256 2222 coactaque
1271 2185 1400 2221 pecunia,
1423 2183 1506 2212 sociis
1518 2182 1677 2210 civitatibus
1702 2180 1799 2216 pratsi-

1011 2235 1056 2263 dia
1083 2235 1288 2269 imposuerunt,-
1310 2239 1345 2259 ne
1370 2231 1423 2258 illa:
1450 2237 1561 2265 quoque
1585 2228 1755 2260 deﬁcerent;
1772 2229 1801 2254 et

1010 2287 1079 2315 quas
1089 2279 1168 2307 novis
1179 2278 1263 2305 rebus
1280 2277 1391 2305 studere
1412 2275 1483 2303 velle
1499 2278 1701 2310 praesenserant
1713 2292 1721 2303 ,
1747 2280 1797 2300 ea-

1013 2334 1074 2354 rum
1113 2325 1254 2361 principes
1293 2323 1454 2350 multarunt.
1490 2320 1674 2349 Przeneslinos
1709 2323 1800 2346 autem

1013 2371 1146 2408 quosdam
1162 2368 1270 2405 vesperi
1289 2367 1315 2396 in
1331 2367 1427 2395 urbem
1439 2366 1585 2397 adductos,
1595 2364 1693 2392 aerario
1707 2367 1803 2390 custo-

1012 2418 1065 2446 diae
1081 2424 1164 2445 causa
1182 2415 1376 2447 incluserunt;
1396 2418 1426 2440 ut
1441 2417 1520 2440 vetus
1546 2411 1688 2439 oraculum
1711 2408 1801 2443 quod-

1013 2464 1076 2492 dam
1089 2462 1263 2497 impleretur.
1284 2467 1339 2495 quo
1351 2459 1512 2494 praadirtum
1530 2457 1631 2488 funerat,
1661 2456 1724 2482 illos
1747 2455 1802 2482 Ro‘

1013 2517 1124 2537 manum
1148 2506 1274 2535 mrarium
1297 2509 1493 2540 occupaturos,
1515 2503 1595 2538 cujus
1614 2501 1660 2529 hic
1686 2504 1803 2528 eventus

1013 2555 1077 2588 fuit,
1091 2559 1121 2582 ut
1136 2553 1173 2581 ibi
1184 2556 1360 2580 necarentur.
1380 2550 1483 2577 Contra
1499 2548 1647 2584 Pyrrhum,
1674 2545 1802 2572 Tarenti-

1013 2609 1075 2634 nos,
1090 2606 1242 2633 eorumque
1259 2597 1350 2625 socios
1358 2596 1495 2624 Valerium
1507 2594 1640 2621 Levinum
1652 2592 1800 2624 miserunt,

1014 2653 1092 2683 parte
1110 2645 1248 2674 exercitus
1261 2643 1288 2672 in
1303 2643 1373 2671 urbe
1387 2641 1506 2678 prmsidii
1528 2647 1610 2667 causa
1635 2642 1751 2666 retenta.
1776 2637 1803 2666 ls

177 2703 226 2731 καὶ
237 2703 300 2735 τοὺς
312 2685 508 2736 Ταραντίνους,
525 2699 572 2726 καὶ
586 2698 650 2729 τοὺς
667 2697 762 2728 ἄλλους
773 2696 836 2728 τοὺς
849 2695 898 2722 σὺν
915 2695 948 2721 αὐ

1015 2694 1105 2721 statim
1117 2693 1205 2720 Roma
1219 2690 1359 2726 prolectus
1374 2695 1425 2721 est,
1439 2694 1469 2716 ut
1484 2687 1586 2715 bellum
1602 2693 1683 2721 quam
1697 2685 1802 2720 longis-

177 2750 234 2781 τοῖς
249 2748 450 2778 ἀπεστάλκασι,
467 2745 514 2773 καί
526 2753 552 2772 τι
567 2744 615 2771 καλ⁸
630 2744 658 2770 ἐν
678 2742 717 2778 τῷ
727 2742 804 2770 ἄστει
819 2741 866 2768 τοῦ
882 2749 949 2776 στρα

1013 2739 1079 2767 sime
1096 2745 1111 2766 e
1128 2738 1215 2773 patria
1228 2741 1346 2772 gereret.
1362 2739 1388 2761 et
1402 2740 1534 2762 terrorem
1556 2731 1663 2768 Pyrrho
1691 2731 1802 2759 incute-

177 2795 315 2829 τεύματος
338 2793 483 2828 κατέσχον.
513 2791 543 2818 '0
558 2791 623 2825 γοῦν
637 2788 782 2819 Λαουΐνιος
809 2786 890 2818 εὐθὺς
905 2785 948 2818 ὲξε

1014 2789 1071 2817 ret;
1085 2784 1132 2819 qui
1144 2783 1178 2810 ab
1194 2783 1227 2809 iis
1242 2782 1315 2810 ultro
1328 2782 1521 2810 lacesseretur,
1541 2785 1659 2812 quorum
1676 2785 1706 2804 sc
1730 2785 1801 2805 mut-

176 2824 356 2878 στράτευσιν,
367 2839 412 2867 ἴνα
423 2824 596 2875 πορρωτάτω
607 2837 654 2863 τὸν
670 2835 788 2870 πόλεμον
798 2834 847 2868 τῆς
860 2833 945 2862 οἰκεία

1013 2832 1058 2858 nia
1067 2833 1287 2865 oppugnaturum
1301 2827 1380 2863 371
1395 2825 1569 2861 opinabatur.
1583 2824 1727 2859 Captoquc
1740 2831 1802 2850 mu-

177 2870 404 2921 ποιήσηται-’χαὶ
418 2870 586 2918 τὸν-ᾑύρῥον
599 2881 786 2916 καταπλήξειν
797 2881 922 2916 ἤλπισεν,
939 2888 950 2906 ε

1015 2878 1074 2905 nito
1089 2881 1118 2904 et
1134 2878 1290 2910 opportuno
1305 2872 1428 2906 castello,
1446 2871 1605 2907 praesidium
1629 2870 1656 2898 in
1684 2870 1802 2897 Lucanis
