2004 3125
225 129 278 160 839

870 129 1034 161 JOANNIS
1052 128 1211 159 ZONARL

1791 124 1845 157 διο

223 187 346 222 reliquit.
364 195 399 216 ne
413 188 448 216 sd
462 188 557 216 hostes
577 195 607 216 se
619 188 787 217 conferrent.
806 188 937 225 Pyrrhus,
954 189 1006 216 Le-

1064 188 1150 219 ιύτοις
1173 187 1313 214 ἐθελονταὶ
1341 186 1455 218 ἐπίοιεν,
1482 185 1530 218 οὓς
1554 185 1659 218 ἐκεῖνος
1688 185 1844 222 πολιορκεῖν

223 233 280 260 vini
294 234 413 261 adventu
423 234 540 269 cognito.
560 235 669 263 eductis
681 236 767 271 copiis
784 240 889 271 tempus
906 240 1004 268 terere,

223 279 288 307 dum
299 280 400 307 auxilia
411 282 613 313 convenissent.
626 282 752 317 cupiens,
765 282 898 317 superbas
913 286 942 309 et
954 282 1007 309 mi-

224 333 306 353 naces
325 325 428 353 Levino
443 327 547 354 litteras
559 329 680 362 scripsit,
693 328 720 355 in
736 328 808 355 hanc
823 329 984 355 sententiam
998 337 1005 356 :

223 371 278 398 lica:
295 371 415 406 Pyrrhus
438 372 534 400 Levino
549 373 675 400 salutem.
704 374 790 400 Audio
812 377 836 400 te
865 374 1006 401 exercitum

222 423 314 444 rontra
341 418 496 445 Tarentinos
523 419 662 446 adducere.
687 420 815 447 Caeterum
833 427 862 447 eo
888 420 1006 451 dimisso,

222 465 276 498 ipse
287 472 346 490 cum
362 465 453 498 paucis
473 465 507 491 ad
520 473 561 492 me
573 465 666 492 uem’to.
682 464 755 492 Nam
770 466 793 492 si
805 474 857 500 qua
874 466 944 492 inter
953 473 1006 498 vos,

221 508 397 534 controversia
413 511 461 540 est.
478 515 524 542 ego
547 508 593 542 jus
614 508 686 535 vobis
702 509 788 535 dicam
802 516 812 535 :
826 513 851 535 et
869 509 962 536 invitos
977 517 1008 536 ea

222 561 281 587 quae
306 562 382 588 aequa
407 558 479 587 sunt,
510 559 636 588 pra’stare
661 563 764 590 cogam.
780 555 811 582 Ei
823 554 942 583 Levinus
958 555 1009 584 hoc

222 598 305 625 modo
325 599 465 632 respondit
478 608 484 626 :
500 599 613 627 Omnino
624 600 697 631 mihi,
715 598 828 635 Pyrrhe,
840 601 958 627 insanire
972 601 1010 628 ui-

221 643 302 676 deris,
321 646 367 679 qui
387 648 412 671 te
426 645 494 672 inter
506 653 553 672 nos
575 649 600 672 et
614 645 634 672 Τ
634 646 769 673 ανειιιὶηοε
778 646 896 681 judicent
908 647 1008 674 consti—

222 693 292 721 tuas,
309 690 464 724 priusquam
491 690 564 717 nobis
589 699 679 724 poenas
706 691 810 719 dederis
832 693 965 725 ingressus
981 694 1010 719 in

221 735 331 762 Italiam
347 737 396 763 tui.
409 736 503 771 Itaque
521 746 580 764 cum
602 741 655 765 toto
680 739 796 765 exercitu
814 740 927 771 veniam,
940 744 964 766 et
979 740 1010 766 de

222 786 247 807 te
257 785 282 808 et
295 781 441 809 Tarentinis
469 791 559 816 partas
583 792 697 811 sumam.
715 784 784 816 Quid
803 786 873 812 enim
888 786 971 813 verbis
985 791 1009 812 et

223 828 298 862 nugis
313 828 376 856 milii
389 836 452 863 opus
465 833 512 862 est,
522 838 580 857 cum
593 829 682 857 Marte
694 831 793 865 judice,
808 836 914 858 auctore
929 834 1010 859 nostri

222 874 336 908 gvneris,
364 883 473 902 causam
500 876 645 910 disceptare
677 877 776 904 liceat?
792 878 849 905 Hoc
878 886 1009 913 responso

222 918 298 951 dato,
310 924 455 954 properat;
473 924 500 947 et
516 920 629 949 ﬂumine
655 922 799 958 interjecto
819 925 917 951 castris
937 926 1011 959 posi-

224 964 268 995 tis.
283 966 470 999 speculatores
500 967 615 1003 aliquot,
631 969 857 1004 comprehendit;
876 979 945 1006 quos
962 979 1010 1006 per

223 1014 311 1039 castra
323 1012 538 1047 circumductos,
567 1022 652 1050 seque
680 1016 764 1043 alium
780 1017 860 1052 longe
879 1019 1010 1054 majorem

222 1056 323 1085 habere
334 1059 486 1087 exercitum
501 1061 644 1095 gloriatus.
659 1062 774 1090 dimisit.
791 1063 851 1096 Quo
860 1063 932 1091 facto
949 1072 1012 1099 per-

222 1103 314 1130 culsus
326 1103 460 1140 Pyrrhus,
480 1113 599 1141 pugnam
611 1107 785 1142 detreCtavit,
802 1114 859 1136 tum
872 1110 945 1144 quod
962 1110 1011 1137 fct.L

222 1149 310 1176 dcrali
327 1150 385 1185 ejus
405 1151 528 1179 nondum
554 1153 759 1187 convenissem,
788 1160 844 1182 tum
865 1157 937 1191 quod
959 1157 1013 1184 Ro-

223 1202 319 1223 manus
330 1196 357 1223 in
373 1196 464 1225 hostili
476 1206 542 1233 agro
560 1205 732 1228 commeatus
751 1202 867 1236 penuria
901 1203 1011 1231 labora-

224 1247 301 1269 turos
329 1244 467 1278 sperabat.
485 1245 588 1273 Eodem
603 1246 724 1274 Levinus
740 1256 850 1283 quoque
869 1254 1011 1283 reputans,

224 1288 372 1324 conﬂigere
385 1291 590 1326 quamprimum
609 1293 706 1320 statuit
724 1303 731 1319 τ
750 1294 850 1328 etquia
868 1295 969 1322 milites
985 1300 1014 1322 et

224 1334 321 1370 Pyrrhi
332 1336 441 1369 famam,
458 1342 486 1365 et
500 1338 661 1373 elephantes
692 1339 836 1372 timebant,
863 1347 1014 1368 convocato

221 1382 355 1414 exercitu,
372 1382 489 1418 etlonga
505 1385 630 1412 oratione
643 1385 676 1412 ad
703 1384 908 1414 confirmandos
940 1388 1014 1415 mili-

225 1431 281 1454 tum
295 1427 402 1456 animos
411 1429 514 1463 habita,
530 1430 566 1457 ita
579 1439 608 1458 se
623 1435 713 1466 parat,
726 1436 756 1459 ut
768 1439 830 1459 cum
850 1433 955 1468 Pyrrho
971 1435 1015 1462 vel

222 1474 310 1502 invito
327 1479 506 1510 pugnaturus.
520 1476 571 1510 Qui
584 1477 711 1512 quamvis
728 1485 743 1505 a
755 1486 845 1514 pugna
873 1480 1008 1508 abhorre-

224 1524 277 1551 ret,
293 1524 382 1547 tamen
397 1529 431 1548 ne
440 1521 578 1550 Romanos
588 1522 737 1550 formidare
750 1523 903 1557 videreturl
918 1530 946 1552 et
956 1525 1014 1559 ipse

225 1565 326 1593 milites
341 1574 406 1595 suos
425 1567 457 1595 ad
474 1575 593 1603 pugnam
616 1569 786 1603 cohortatus,
805 1570 938 1598 Levinum
964 1571 1015 1599 flu-

226 1619 289 1639 men
299 1613 375 1648 juxta
393 1620 483 1641 castra
510 1615 628 1643 transire
644 1621 802 1650 conantem,
819 1616 972 1652 prohibuit.
990 1618 1014 1646 Is

227 1657 310 1692 igitur
320 1666 382 1686 cum
395 1659 519 1694 peditatu
537 1661 572 1688 ibi
588 1668 617 1688 se
629 1662 784 1695 continens,
799 1663 941 1698 equitibus
965 1671 1015 1699 per

226 1705 345 1739 speciem
374 1707 472 1739 praeda
502 1707 628 1742 petendae
656 1708 803 1744 ablegatis,
831 1710 943 1738 mandat
973 1715 1013 1742 ut.

226 1752 306 1787 longe
318 1753 453 1787 provecti,
472 1754 617 1790 trajiciant.
646 1755 697 1788 Qui
718 1763 782 1783 cum
801 1763 835 1783 ex
864 1757 1014 1791 improviso

227 1802 301 1833 terga
327 1798 448 1827 hostium
472 1800 689 1832 invasissent.et
708 1801 821 1830 ordines
845 1803 1012 1834 turbassent.

226 1844 346 1873 Levinus
357 1852 586 1881 amnesuperato,
600 1848 723 1882 praelium
748 1853 777 1876 et
795 1848 854 1884 ipse
867 1848 930 1877 init.
960 1850 1014 1877 Sed

227 1891 349 1926 Pyrrhus
362 1891 426 1920 dum
440 1893 499 1921 suis
510 1893 679 1928 fugientibus
691 1895 830 1930 suppetias
843 1897 928 1928 venit.
944 1904 1015 1931 equo

227 1945 260 1964 ex
273 1938 384 1965 vulnere
396 1939 498 1967 amisso
505 1939 620 1974 periisse
627 1942 774 1975 putabatur
789 1949 797 1970 :
812 1942 885 1969 unde
895 1942 1015 1977 Epirotis

228 1984 313 2012 animi
328 1985 466 2013 imminuti
484 1990 559 2020 sunt,
575 1986 707 2015 Romanis
731 1993 888 2021 creverunt,
911 1993 1015 2017 mutata

228 2032 312 2066 praelii
328 2031 407 2061 facie.
424 2033 484 2066 Quo
504 2041 554 2061 rex
581 2033 729 2066 intellecto,
755 2039 860 2062 vestem
880 2035 1013 2071 insignem

228 2078 274 2105 dat
287 2078 396 2114 Megacli
417 2079 497 2114 372
513 2079 691 2112 induendam.
710 2088 830 2116 eumque
845 2082 947 2116 passim
959 2082 1014 2109 cir-

229 2125 356 2153 cumvehi
372 2126 460 2160 jubet,
479 2131 511 2153 ut
528 2133 558 2154 se
574 2127 667 2155 vivere
681 2127 807 2155 arbitrati
818 2128 911 2156 hostes
930 2133 1016 2156 terre-

230 2175 335 2203 rentur,
352 2172 395 2199 sui
404 2171 644 2206 conﬁrmarentur,
659 2174 719 2209 ipse
734 2175 831 2209 privati
846 2173 941 2202 habitu
952 2182 1014 2202 cum

1027 861 1046 889 Β

1028 1545 1049 1574 C

1058 232 1253 268 προσεδόκησε.
1281 232 1335 259 Καὶ
1361 232 1450 258 ἀπιὼν
1475 231 1576 266 χωρίον
1587 240 1613 258 τι
1628 231 1683 258 τῶν
1698 231 1845 259 Λευκανῶν

1057 277 1129 305 εἶλεν
1146 278 1254 313 ἰσχυρὸν
1267 279 1314 305 καὶ
1323 278 1476 314 ἐπίκαιρον.
1492 278 1540 305 καὶ
1560 278 1676 313 δύναμίν
1695 286 1757 305 τινα
1771 278 1802 304 ὲν
1812 279 1844 313 τῇ

1058 324 1196 360 Λευκανιᾳ
1208 324 1365 356 κατέλιπεν,
1379 324 1523 359 εἴρξουσαν
1535 324 1635 355 αὐτοὺς
1647 323 1694 351 τοῦ
1709 323 1847 358 ἐπαρῆξαι

1057 370 1114 400 τοῖς
1139 369 1283 400 ἐναντίοις.
1303 369 1358 394 Kal.
1385 370 1399 395 ὁ
1413 368 1523 405 Πύρῤος
1548 368 1644 404 μαθὼν
1661 368 1848 403 πλησιάζοντα

1059 414 1104 441 τὸν
1117 415 1270 446 Λαουΐνιον,
1283 415 1495 450 προεξώρμησε.
1505 415 1559 442 Καὶ
1575 414 1850 450 στρατοπεδευσάμεε

1058 469 1114 493 νος,
1134 460 1239 495 τρίϐειν
1249 461 1329 496 ἤθελε
1345 460 1390 487 τὸν
1405 461 1513 495 καιρὺν,
1539 460 1684 495 ἀναμένων
1698 461 1762 492 τοὺς
1780 469 1849 496 συμ-

1062 506 1246 541 μαχήσοντας.
1259 507 1314 533 Καὶ
1328 506 1367 541 τῷ
1379 506 1513 542 Λαουϊνίῳ
1531 505 1690 533 ἐπέστειλεν
1704 506 1849 542 ὑπερηφά-

1060 560 1124 584 νως,
1140 553 1177 584 ὡς
1188 552 1370 588 καταπλήξων
1386 553 1478 585 αὑτὸν,
1495 550 1554 588 εἶχε
1571 552 1600 579 δὲ
1623 553 1640 588 ἡ
1657 552 1752 587 γραφὴ
1776 549 1828 579 ὦδε
1841 561 1848 568 ·

1060 598 1210 631 Βασιλεὺς
1223 600 1339 633 nopr
1352 599 1502 633 Λαουϊνίῳ
1514 599 1640 634 χαίρειν.
1655 598 1850 638 Πυνθάνρμαί

1061 650 1098 670 σε
1112 645 1286 678 στράτευμα
1307 645 1356 671 ἐπὶ
1383 644 1586 679 Ταραντίνους
1605 645 1699 680 ἄγειν.
1732 644 1772 671 Τὸ
1795 644 1850 679 μὲν

1060 687 1118 718 οὖν
1134 691 1326 726 ἀπόπεμψον,
1344 692 1435 724 αὐτὸς
1451 692 1485 718 δὲ
1500 692 1564 726 μετ’
1578 692 1688 725 ὀλίγων
1702 689 1758 726 ἧκε
1775 692 1850 725 πρὸς

1060 736 1121 771 ἐμέ.
1138 736 1252 763 Δωιάσω
1262 736 1317 770 γὰρ
1334 737 1406 771 ὑμῖν
1416 736 1483 771 ἐγὼ,
1504 737 1533 763 ει
1544 745 1572 763 τι
1591 737 1742 770 ἀλλήλοις
1761 737 1849 771 ἐγκα-

1059 780 1151 813 λεῖτε,
1168 782 1217 807 καὶ
1231 782 1361 815 ἅκοντας
1376 782 1412 808 τὰ
1429 781 1532 809 δίκαια
1556 781 1655 809 ποιεῖν
1676 781 1849 816 ἀναγκάσω.

1062 828 1204 861 Λαουΐνιος
1219 829 1247 855 δὲ
1260 829 1323 855 τάδε
1336 829 1375 865 τῷ
1391 830 1492 865 Πύρῤῳ
1508 829 1664 864 ἀντέγραψε
1676 837 1683 843 ·
1703 827 1790 856 Πάνυ
1801 837 1850 864 μοι

1061 874 1169 907 δοκεῖς,
1195 873 1219 903 ὦ
1241 876 1350 910 Πύρῤε,
1379 876 1580 911 τετυφῶσθαι,
1606 875 1757 910 δικαστὴν
1780 875 1851 910 ἡμῖν

1060 921 1171 948 ἑαυτὸν
1191 923 1337 955 καθιστὰς
1360 923 1409 949 καὶ
1433 923 1636 957 Ταραντίνοις,
1667 923 1739 957 πρὶν
1762 922 1852 955 δίκην

1061 967 1135 1001 ἡμῖν
1148 968 1309 1001 ὐποσχεῒν,
1324 968 1368 995 ὅτι
1392 968 1440 996 καὶ
1454 968 1506 1002 τὴν
1535 968 1635 1003 ἀρχὴν
1648 970 1691 1001 εἰς
1702 967 1761 1002 τὴν
1776 968 1851 995 Ἰτα-

1061 1013 1133 1039 λίαν
1146 1013 1339 1048 ἑπεραιώθης.
1355 1014 1438 1047 Ἦξω
1452 1023 1484 1041 τε
1499 1011 1556 1041 οὖν
1571 1015 1646 1049 μετὰ
1668 1013 1785 1047 παντὸς
1800 1013 1852 1041 τοῦ

1062 1060 1203 1093 στρατοῦ,
1230 1060 1279 1087 καὶ
1303 1060 1361 1095 τὴν
1385 1060 1607 1095 προσήκουσαν
1636 1061 1782 1096 τιμωρίαν
1804 1060 1852 1088 ual

1062 1105 1142 1139 παρὰ
1156 1106 1342 1140 Ταραντίνων
1367 1106 1416 1134 καὶ
1431 1107 1512 1141 παρὰ
1525 1114 1584 1134 σου
1598 1107 1744 1141 λήψομαι.
1757 1107 1789 1134 Τί
1799 1106 1852 1142 γὰρ

1062 1151 1096 1178 δέ
1107 1161 1158 1186 μοι
1171 1152 1269 1188 λήρου
1284 1153 1334 1180 καὶ
1355 1153 1518 1189 φλυαρίας,
1533 1154 1606 1187 ἐξὸν
1621 1153 1701 1187 παρά
1715 1153 1755 1186 τῷ
1773 1154 1852 1188 Ἄρει

1062 1197 1103 1231 τῷ
1119 1199 1284 1234 προπάτορι
1306 1200 1391 1235 ἡμῶν
1412 1201 1568 1236 κριθῆναι;
1594 1201 1713 1228 Τοιαῦτα
1743 1201 1853 1229 ἀντεπι-

1065 1246 1184 1278 στείλας,
1196 1247 1338 1282 ὴπείγετο,
1355 1248 1404 1275 κοιλ⁷
1413 1249 1545 1284 ηὐλίσατο
1562 1249 1606 1276 διὰ
1621 1250 1705 1284 μέσου
1719 1249 1751 1276 τὸ
1763 1248 1852 1286 ῥεῦμα

1063 1292 1112 1318 τοῦ
1136 1292 1194 1319 ἐκεῖ
1220 1293 1344 1328 ποταμοῦ
1373 1295 1568 1330 ποιησάμενος.
1601 1296 1804 1328 Κατασκόπους
1823 1296 1851 1322 τέ

1064 1345 1143 1368 τινας
1167 1337 1318 1370 συλλαϐὼν,
1347 1339 1437 1371 δείξας
1458 1340 1508 1375 τὴν
1533 1340 1649 1376 δύναμιν
1672 1341 1778 1374 αὐτοῖς,
1807 1342 1853 1368 καὶ

1066 1382 1187 1410 ἐπειπὼν
1199 1384 1403 1412 πολλαπλασίαν
1415 1385 1499 1421 ἄλλην
1511 1386 1594 1422 ἔχειν,
1606 1387 1854 1422 άπέπεμψεν.¹Επὶ

1066 1428 1171 1461 τούτοις
1185 1430 1198 1456 ὁ
1215 1430 1323 1466 uappa;
1334 1431 1532 1465 καταπλαγεὶς,
1548 1432 1578 1458 οὑ
1596 1432 1732 1469 μάχεσθαι
1747 1433 1853 1469 ἢθελεν,

1067 1475 1109 1501 ὅτι
1126 1476 1173 1501 καὶ
1187 1476 1242 1503 τῶν
1256 1477 1411 1512 συμμάχων
1425 1477 1504 1504 οὔπω
1525 1478 1598 1511 τινὲς
1615 1479 1748 1514 συνῆλθον
1765 1480 1851 1515 αὐτῷ,

1067 1521 1218 1557 ἐπιλείψειν
1231 1531 1261 1549 τε
1276 1524 1332 1554 τοῖς
1353 1523 1500 1559 Ῥωμαίοις
1517 1525 1551 1551 τά
1572 1525 1716 1560 ἐπιτήδεια
1739 1525 1854 1561 ἤλπιζεν

1065 1567 1094 1593 ὲν
1112 1567 1230 1604 πολεμίᾳ
1242 1569 1375 1602 διάγουσι.
1387 1570 1482 1596 Ταῦτα
1496 1570 1524 1597 δὲ
1535 1570 1582 1597 καὶ
1594 1572 1608 1598 ὸ
1623 1571 1767 1604 Δαουῖνιος
1781 1572 1854 1608 λογι-

1066 1613 1192 1649 ζόμενος,
1223 1616 1341 1642 ἔσπευσε
1369 1616 1517 1651 συμμίξαι.
1548 1617 1610 1644 Τῶν
1637 1618 1666 1645 δὲ
1680 1619 1855 1655 στρατιωτῶν

1065 1658 1135 1693 πρὸς
1148 1658 1199 1694 τὴν
1212 1659 1260 1686 τοῦ
1276 1659 1387 1696 Πύῤῥου
1403 1661 1499 1696 φήμην
1510 1662 1558 1688 καὶ
1569 1661 1613 1689 διά
1624 1662 1688 1695 τοὺς
1706 1663 1854 1698 ἐλέφαντας

1064 1703 1314 1741 ἐκπεπληγμένων,
1349 1707 1524 1741 συγκαλέσας
1553 1708 1664 1742 αὐτοὺς,
1682 1710 1771 1737 πολλὰ
1789 1711 1856 1747 πρὸς

1066 1750 1165 1785 θάρσος
1177 1752 1387 1787 παρακαλοῦντα
1403 1753 1607 1790 ἐδημηγόρησε,
1618 1755 1667 1783 καὶ
1679 1759 1854 1792 παρεσκευά-

1068 1797 1130 1829 ζετο
1145 1798 1193 1825 καὶ
1206 1799 1300 1826 ἄκοντι
1315 1799 1354 1835 τῷ
1371 1800 1472 1836 nam
1489 1801 1636 1836 συμμίξαι.
1657 1801 1686 1829 '0
1700 1802 1728 1830 δὲ
1742 1803 1856 1840 γνώμην

1068 1843 1117 1878 μὲν
1128 1844 1178 1870 οὐκ
1193 1842 1249 1880 εἶχε
1267 1845 1422 1880 μάχεσθαι·
1436 1847 1511 1878 ὃπως
1527 1847 1556 1874 δὲ
1573 1848 1611 1884 μὴ
1627 1847 1692 1885 δόξῃ
1706 1850 1771 1882 τοὺς
1787 1849 1855 1878 Ῥω-

1068 1889 1165 1923 μαιους
1177 1891 1330 1924 φοϐεῖσθαι,
1343 1893 1391 1919 καὶ
1405 1893 1487 1924 αὐτὸς
1498 1894 1554 1925 τοῖς
1567 1893 1679 1927 οἰκείοις
1691 1895 1854 1932 διαλεχθεὶς,

1066 1936 1207 1971 ὲπώρυνεν
1224 1938 1264 1970 εις
1277 1938 1324 1965 τὸν
1339 1939 1467 1975 πόλεμον.
1485 1940 1629 1973 Λαουϊνιος
1650 1941 1690 1973 δὲ,
1712 1943 1760 1970 τδν
1775 1952 1857 1970 πατα-

1068 1983 1118 2017 μὸν
1135 1983 1306 2019 πειρώμενος
1322 1986 1392 2012 κατά
1402 1987 1430 2012 τὸ
1439 1987 1619 2022 στρατόπεδον
1637 1987 1776 2025 διαϐῆναι,
1788 1991 1858 2018 ἐκω-

1066 2030 1151 2067 λύθη·
1171 2031 1355 2067 ἐπαναγαγὼν
1372 2031 1419 2060 οὖν
1431 2033 1513 2065 αὐτὸς
1531 2034 1580 2069 μὲν
1594 2035 1665 2062 κατά
1681 2036 1775 2072 χώραν
1788 2037 1858 2073 μετὰ

1066 2077 1113 2104 τοῦ
1131 2077 1215 2110 πεζοῦ
1230 2078 1334 2113 ἔμεινε,
1351 2079 1415 2111 τοὺς
1431 2079 1454 2106 δ’
1474 2081 1567 2113 ἱππεῖς
1583 2081 1622 2113 ὼς
1637 2081 1684 2109 ἐπὶ
1700 2082 1778 2110 λείαν
1787 2084 1858 2119 τάχα

1067 2123 1274 2159 τινὰὲπεμψεν,
1298 2125 1499 2160 ἐντειλάμενος,
1517 2127 1613 2163 πόρρω
1633 2136 1680 2154 ποι
1693 2127 1858 2163 βαδίσαντας

1067 2171 1265 2206 περαιωθῆναι.
1282 2172 1336 2199 Καὶ
1350 2172 1438 2204 οὕτως
1454 2173 1555 2200 ἐκεῖνοι
1566 2183 1594 2200 τε
1608 2174 1677 2202 κατὰ
1695 2176 1784 2203 νώτου
1803 2178 1860 2209 τοῖς

230 2223 286 2245 toto
301 2220 435 2253 exercitu,
451 2220 608 2256 elephantis
622 2223 754 2257 exceptis,
774 2223 801 2250 in
821 2222 961 2252 Romanos
975 2223 1013 2251 in-

1068 2217 1209 2252 πολεμίοις
1223 2218 1397 2253 προσέπεσον
1412 2219 1625 2254 ἀπροσδόκητοι.
1651 2220 1707 2247 Καὶ
1730 2222 1745 2248 ὁ
1761 2222 1860 2250 Λαουΐ-

229 2265 349 2298 vehitur,
365 2266 506 2301 etnbique
529 2267 720 2296 laborantibus
744 2277 920 2302 succurrens,
950 2277 1016 2298 suos

229 2313 344 2340 multum
359 2313 445 2349 juvat.
460 2313 553 2350 Pugna
565 2314 649 2350 igitur
663 2315 744 2344 initio
758 2323 854 2352 magna
868 2317 922 2344 diei
939 2321 1015 2352 parte

229 2366 329 2394 anceps
344 2359 405 2392 fuit,
427 2359 516 2388 donec
530 2361 642 2396 quidam
655 2362 774 2398 Megacle
788 2363 891 2397 occiso,
907 2371 936 2392 sc
950 2364 1016 2400 Pyr-

229 2405 309 2432 rhum
323 2405 457 2434 occidisse
468 2411 555 2441 ratus,
578 2407 671 2436 effecit
686 2413 716 2436 ut
729 2409 822 2438 hostes
835 2410 907 2438 idem
920 2410 1017 2439 crede-

229 2457 300 2480 rent.
316 2451 387 2480 Tum
405 2461 470 2481 vero
485 2458 514 2482 et
533 2454 666 2482 Romanis
691 2455 763 2483 aucti
789 2460 855 2483 sunt
875 2456 970 2490 animi,
989 2460 1018 2484 et

229 2499 323 2527 hostes
352 2504 505 2528 cesserunt.
533 2501 654 2536 Pyrrhus
684 2502 908 2537 autem,ahjecto
933 2502 1016 2537 pileo,

229 2545 304 2573 nudo
316 2546 406 2580 capite
423 2545 599 2579 circumiens,
617 2554 715 2581 pugnae
729 2547 866 2575 fortunam
891 2547 1017 2576 mutavit.

227 2592 263 2620 Et
278 2600 340 2620 cum
356 2593 477 2621 Levinus
489 2593 608 2629 equites,
627 2602 696 2629 quos
709 2599 786 2622 extra
799 2594 886 2621 aciem
905 2594 932 2621 in
943 2594 1020 2628 linsi-

231 2638 284 2667 diis
294 2639 423 2673 habebat,
435 2648 450 2667 a
464 2642 539 2676 tergo
552 2640 579 2667 in
604 2641 697 2668 hostes
725 2641 867 2668 incurrere
880 2640 1018 2676 iussisset,

232 2686 339 2721 signum
374 2687 529 2721 elephantis
556 2687 676 2715 sustulit.
697 2687 737 2715 Ibi
759 2695 793 2714 ex
809 2687 942 2715 inusitato
961 2686 1020 2715 bel-

231 2728 340 2757 luarum
357 2736 517 2766 conspectu,
531 2735 560 2759 et
577 2731 718 2759 horrendo
733 2732 850 2765 barritu,
866 2740 1021 2759 armorum-

233 2783 286 2809 que
297 2775 400 2807 souitu,
418 2783 499 2811 quem
515 2776 563 2811 qui
579 2777 606 2803 in
624 2776 747 2804 turribus
769 2776 938 2810 ferebantur,
953 2776 1021 2804 ede-

232 2821 320 2848 bant:
339 2825 395 2848 tum
415 2821 466 2856 ipsi
480 2822 597 2849 Romani
616 2822 755 2857 perterriti
775 2828 850 2855 sunt,
874 2826 931 2850 tum
957 2823 1020 2858 equi

234 2864 400 2898 perturbati,
417 2872 538 2893 scsson-s
553 2867 650 2900 partim
664 2867 846 2900 excutientcs,
861 2867 959 2902 partim
975 2876 1022 2895 ve-

1067 2271 1125 2295 νιος
1144 2263 1339 2299 ταραχθέντων
1353 2264 1444 2292 αὐτῶν
1458 2266 1504 2292 τόν
1519 2274 1549 2292 τε
1566 2267 1689 2302 ποταμὶν
1709 2267 1800 2304 διέϐη,
1815 2270 1859 2297 καὶ

1065 2310 1115 2346 τῆς
1127 2311 1219 2346 μάχης
1230 2311 1440 2339 συνεπελάϐετο.
1452 2311 1603 2347 Φεύγουσιν
1618 2311 1665 2340 οὖν
1679 2315 1736 2346 τοῖς
1749 2314 1859 2349 ἑαυτοῦ,

1067 2359 1081 2385 ὁ
1096 2358 1202 2395 noete;
1212 2359 1412 2394 ἐπικουρήσας,
1423 2359 1563 2394 τρωθέντα
1575 2360 1621 2386 τὸν
1631 2360 1716 2388 ἵππον
1727 2361 1860 2394 ἀπέϐαλε,

1067 2405 1115 2432 καὶ
1129 2405 1219 2439 ἔδοξεν
1228 2406 1320 2436 αὐτοῖς
1334 2405 1507 2440 τεθνηκέναι.
1533 2407 1595 2433 Κάκ
1616 2406 1713 2434 τούτου
1740 2408 1797 2436 τῶν
1812 2409 1861 2443 μὲν

1067 2451 1282 2486 ὰϐυμησάντων,
1299 2451 1355 2478 τῶν
1376 2452 1405 2479 δὲ
1427 2453 1708 2489 καταφρονησάντων,
1736 2453 1770 2480 τὸ
1782 2454 1862 2491 ἔργον

1067 2497 1210 2533 ἠλλοίωτο.
1231 2497 1324 2529 Συνεὶς
1340 2497 1367 2524 δὲ
1380 2498 1460 2524 τοῦτο
1473 2498 1522 2534 τήν
1550 2499 1600 2533 μὲν
1612 2499 1709 2535 στολὴν
1723 2500 1861 2536 ἐκπρεπε-

1070 2544 1114 2570 στέ
1120 2553 1169 2579 ραν
1184 2544 1238 2570 τῶν
1250 2543 1338 2571 ἄλλων
1352 2542 1435 2570 οὖσαν
1452 2544 1537 2571 ἔδωκε
1552 2544 1706 2579 Μεγακλεῖ,
1728 2545 1862 2577 κελεύσας

1070 2591 1176 2618 ἐνδῦναι
1198 2590 1295 2626 αὐτὴν,
1313 2591 1359 2618 καὶ
1375 2591 1529 2626 πανταχόσε
1552 2591 1756 2627 περιελαύνειν,
1775 2591 1865 2625 ὅπως..

1071 2637 1206 2669 σώζεσθαι
1231 2638 1314 2665 αὐτὸν
1335 2639 1510 2672 νομίσαντες,
1539 2638 1565 2664 οἱ
1593 2637 1643 2673 μὲν
1660 2637 1780 2665 ἐναντίοι
1794 2639 1861 2675 πρὸς

1069 2685 1139 2716 δέος,
1154 2685 1178 2711 οἱ
1189 2684 1212 2711 δ’
1224 2684 1320 2711 οἰκεῖοι
1335 2683 1403 2719 πρὸς
1417 2684 1519 2719 θάρσος
1536 2683 1689 2718 ἀφίκωνται
1699 2691 1707 2699 ·
1723 2684 1863 2717 αὐτος-δὲ,

1072 2730 1249 2766 στειλάμενος
1264 2730 1422 2761 ἰδιωτικῶς,
1439 2730 1586 2765 συνέμιξεν
1599 2729 1691 2762 αὐτοῖς
1717 2731 1803 2757 παντὶ
1824 2730 1861 2766 τῷ

1072 2777 1191 2812 στρατῷ,
1211 2775 1280 2812 πλὴν
1294 2775 1463 2811 ἐλεφάντων,
1481 2779 1528 2802 καὶ
1545 2777 1600 2808 τοῖς
1615 2776 1658 2803 ἀεὶ
1680 2776 1861 2812 πονουμένοις

1071 2821 1234 2856 ἀπαμύνων,
1261 2821 1388 2849 πλεῖστον
1412 2822 1474 2854 τοὺς
1492 2821 1642 2858 σφετέρους
1665 2821 1804 2858 ὠφέλησε,
1820 2819 1860 2848 τὰ

1075 2870 1123 2902 μὲν
1135 2867 1181 2895 οὖν
1194 2868 1289 2903 πρῶτα
1298 2868 1341 2895 ἐπὶ
1359 2868 1425 2896 πολὺ
1440 2868 1489 2903 τῆς
1501 2868 1608 2904 ἡμέρας
1623 2869 1776 2904 ἰσορρόπως
1788 2868 1854 2903 ἐμα-
