2004 3125
138 135 186 168 8ίῖ

761 136 965 169 ANNALIUM
986 136 1062 169 LIB.
1082 136 1166 168 VIII.

1713 141 1765 172 642

138 203 227 231 χοντο·
244 195 283 226 ὡς
306 194 335 221 δὲ
354 194 398 221 τὸν
413 194 562 228 Μεγακλέα
586 202 628 225 τις
647 193 823 226 ἀποκτείνας,
843 193 921 230 ᾠήθη

977 192 1072 220 hentes
1089 192 1228 228 fugerunt.
1250 192 1344 228 Itaque
1366 193 1480 228 abiectis
1503 194 1603 223 animis
1624 196 1650 223 in
1672 196 1764 231 fugam

138 244 181 270 τδν
207 242 314 277 Πύρρον
338 241 530 274 ἀπεκτονέναι,
554 240 672 271 καὶτοῖς
700 239 791 271 ἄλλοις
812 240 925 276 δόκησιν

138 289 237 316 τούτου·
249 289 398 323 παρέσχεν,
411 289 475 314 οἵτε
493 289 627 322 Ῥωμαῖοι
640 287 868 323 ἐπερρώσθησαν,
877 288 925 315 καὶ

138 335 161 359 οἱ
174 334 288 360 ἐναντίοι
306 334 442 359 ἐνέδοσαν.
458 333 540 364 Γνοὺς
556 334 584 360 δὲ
602 334 615 359 ὁ
643 333 750 369 Πύρρος
771 333 800 360 τὸ
811 333 923 369 γινόμε-

139 388 191 410 νον,
207 380 252 405 τὸν
270 379 347 406 πῖλον
358 379 508 414 ἀπέρριψε,
530 380 576 405 καὶ
590 381 680 414 γυμνῇ
695 381 728 414 τῇ
748 380 853 415 κεφαλῇ
877 388 925 406 πε-

140 427 218 462 ριῄει,
234 426 279 452 καὶ
294 426 333 457 εἰς
350 426 507 452 τούναντίον
525 427 656 461 περιέστη
672 427 688 461 ἡ
710 427 795 462 μάχη.
814 425 925 454 Ἰδὼνδὲ

137 473 214 499 τοῦτο
227 475 240 499 ὁ
252 473 405 505 Ααουῖνιος,
417 472 464 498 καὶ
478 473 578 503 ἱππέας
588 472 656 507 ἔχων
672 472 861 507 ἐνεδρεύοντας
872 480 924 499 που

138 520 186 553 τῆς
202 520 291 554 μάχης
317 519 407 551 ἐκτὸς,
436 519 507 545 κατὰ
536 518 622 544 νώτου
641 520 811 554 προσπεσεῖν
826 519 924 551 αὐτοὺς

137 566 191 596 τοῖς
204 566 345 599 πολεμίοις
360 565 500 591 ἐκέλευσε.
516 565 587 598 Πρὸς
616 565 695 591 τοῦτο
715 565 743 590 δὲ
761 566 923 600 ἀντιστρατ-

136 610 212 645 ηγῶν
226 613 239 637 ό
254 611 374 646 Πύρῤος,
390 611 419 636 τὸ
433 611 546 645 σημεῖον
560 612 616 641 τοῖς
632 611 759 644 ἐλέφασιν
770 609 847 647 ἦρεν,
859 610 924 638 ἔνθα

138 658 168 682 ἐκ
182 665 209 682 τε
223 656 273 690 τῆς
288 657 341 682 τῶν
352 656 455 691 θηρίων
471 656 536 687 θέας
553 656 699 682 ἀλλοκότου
712 655 806 691 οὔσης,
819 656 924 692 καὶτῆς

138 702 202 738 βοῆς
216 702 380 737 φρικώδους,
397 703 444 728 καὶ
460 704 491 727 ὲκ
504 702 550 728 τοῦ
563 702 617 728 τῶν
631 702 722 728 ὅπλων
747 702 882 736 πατάγου,
894 703 923 729 ὃν

138 750 161 774 οἱ
175 748 374 783 ἐπιϐεϐηκότες
387 749 499 774 ἐποίουν
513 749 541 774 έν
560 750 615 778 τοῖς
632 748 748 782 πύργοις
766 749 921 784 φερόμενοι,

137 796 213 822 αὐτοί
238 804 266 821 τε
296 796 320 821 οἱ
359 795 490 829 Ῥωμαῖοι
520 795 720 830 ἐξεπλάγησαν,
745 795 792 822 καὶ
806 796 830 822 οἱ
847 795 923 827 σφῶν

137 841 215 867 ἵπποι
232 841 449 876 ἐκταραχθέντες
467 842 491 867 οἱ
506 842 556 875 μὲν
570 842 762 876 ἁποσειὸμενοι
779 841 842 872 τοὺς
856 842 922 868 ἀνα-

138 888 234 919 ϐάτας,
250 889 274 914 οί
289 888 315 913 δὲ
332 888 379 914 καὶ
397 888 528 923 φέροντες
543 887 669 922 ἔφευγον.
696 888 854 923 Ἀθυμῆσαν
877 886 924 915 οὖν

138 936 168 961 ὲκ
183 935 286 960 τούτων
299 935 328 961 τό
351 935 506 969 Ῥωμαϊκὸν
523 936 657 970 ἐτράπετο
685 935 853 970 στράτευμα,
877 937 924 964 καὶ

137 981 283 1014 φεύγοντες
299 981 451 1016 ἀνῃροῦντο
462 981 487 1007 ol
503 981 552 1015 μὲν
579 980 656 1015 παρὰ
669 981 723 1007 τῶν
737 982 765 1006 ὲν
780 982 836 1012 τοῖς
853 981 924 1016 πύρ-

136 1035 194 1060 γοις
205 1026 310 1058 ἀνδρῶν
324 1029 380 1058 τοῖς
391 1028 438 1053 ἐπὶ
453 1026 507 1053 τῶν
533 1026 698 1061 ἐλεφάντων,
721 1028 744 1053 οἱ
759 1026 788 1053 δὲ
799 1027 847 1054 καὶ
858 1027 923 1061 παρ’

976 239 1060 272 versi,
1075 239 1201 275 partim-a
1216 239 1282 267 viris
1301 241 1348 275 qui
1365 241 1392 268 iu
1407 242 1617 276 elephantorum
1644 245 1767 272 turribus

976 289 1066 319 erant,
1093 286 1314 314 occidebantur:
1333 288 1433 322 partim
1463 288 1499 316 ab
1528 289 1595 324 ipsis
1612 290 1768 318 belluarum

975 332 1105 359 manibus
1118 337 1145 360 et
1162 332 1292 361 dentibus
1317 334 1396 361 mulli
1422 335 1650 370 conﬁciebantur,
1677 345 1769 373 neque

975 378 1121 413 pauciores
1150 379 1267 414 pedibus
1294 380 1403 407 illarum
1417 382 1638 416 proterebantur.
1668 383 1769 412 Multos

975 425 1059 452 etiam
1075 426 1184 461 equites
1213 426 1331 454 insecuti
1360 428 1533 455 sustulerunt
1553 437 1559 455 :
1577 437 1667 464 neque
1697 430 1770 458 ullus

975 471 1116 505 evasisset,
1128 472 1182 500 nisi
1194 472 1358 508 elephantus
1371 473 1530 501 vulneratus
1543 476 1748 504 retrocessisset
1761 497 1769 510 ,

975 522 1003 546 et
1017 518 1124 546 barritu
1138 526 1190 547 suo
1206 524 1322 547 caeteros
1349 520 1497 548 turbasset.
1522 521 1590 549 Nam
1607 531 1668 550 cum
1684 531 1717 551 ea
1734 524 1769 552 de

975 571 1059 591 causa
1072 564 1197 600 Byrrhus
1214 573 1230 592 a
1250 566 1443 601 persequendo
1470 567 1634 602 destitisset,
1652 570 1770 598 Romani

974 609 1088 638 ﬂumine
1102 616 1231 646 superato
1252 611 1281 639 in
1295 612 1393 639 urbem
1409 614 1557 648 quamdam
1580 616 1685 650 Apulia:
1704 625 1770 651 per-

973 662 1120 686 venerunt.
1136 658 1213 685 Multi
1229 659 1312 685 etiam
1332 666 1367 686 ex
1383 659 1480 694 Pyrrhi
1504 661 1639 689 militibus
1665 668 1693 690 et
1716 663 1769 691 du-

973 703 1054 732 cibus
1064 704 1236 732 ceciderunt.
1254 704 1347 738 Quare
1363 697 1426 733 cum
1442 707 1466 734 ei
1488 707 1601 742 quidam
1625 708 1770 737 victoriam

973 751 1179 784 gratularentur
1195 759 1202 778 :
1227 750 1256 778 Si
1275 751 1371 782 denuo,
1398 751 1499 787 inquit,
1510 754 1548 779 ita
1562 754 1708 787 vicerimus,
1723 763 1770 781 ar-

973 800 1029 823 tum
1041 796 1073 823 de
1087 797 1159 824 nobis
1170 797 1229 824 erit.
1241 797 1275 824 Et
1290 797 1429 825 Romanos
1446 799 1573 833 quamvis
1586 799 1673 827 victos
1687 800 1772 827 admi-

976 848 1068 872 ratus:
1083 842 1112 870 Si
1125 842 1264 876 Romanis,
1274 844 1320 875 ait,
1332 844 1502 878 imperarem,
1513 846 1662 872 universum
1683 847 1771 874 orbe”.-

976 890 1157 924 subjugarem.
1169 888 1208 916 Ex
1219 896 1251 916 ea
1268 888 1385 916 victoria
1398 897 1527 925 magnum
1542 898 1643 919 nomen
1655 891 1771 927 adeptus

976 939 1028 968 est,
1043 943 1075 963 ac
1085 935 1164 962 multi
1181 943 1210 962 se
1225 935 1260 962 ad
1288 942 1352 963 eum
1370 936 1558 964 contulerunt.
1586 938 1685 971 Sociis,
1707 946 1770 966 cum

976 981 1130 1013 venissent.
1157 981 1194 1008 ob
1222 988 1327 1008 moram
1347 982 1474 1009 nonnihil
1491 983 1643 1019 castigatis,
1663 989 1770 1020 partem

977 1029 1171 1057 manubiarum
1191 1028 1278 1057 dedit.

136 1075 224 1102 αὐτῶν
239 1075 294 1102 τῶν
311 1074 413 1110 θηρίων
428 1076 488 1105 ταῖς
505 1074 668 1110 προϐοσκίσι
681 1075 728 1101 καὶ
756 1076 814 1105 τοῖς
848 1075 962 1109 κέρασιν
982 1076 999 1110 ἢ
1017 1076 1109 1103 ὀδοῦσι
1135 1076 1302 1111 φθειρόντων
1326 1075 1459 1107 πολλούς’
1479 1076 1595 1106 καὶτοῖς
1607 1078 1670 1104 ποσὶ
1685 1077 1714 1104 δὲ
1739 1076 1772 1104 οὗ

138 1123 230 1157 μείους
250 1124 394 1158 κατηλόων
412 1123 469 1158 (15)
486 1123 741 1157 συμπατουμέινους.
768 1123 823 1149 Καὶ
852 1122 877 1148 οι
913 1122 1009 1155 ῑππείς
1045 1123 1072 1150 δὲ
1104 1123 1269 1158 ἐφεπόμενοι
1293 1122 1410 1154 πολλοὺς
1441 1122 1577 1158 ἔφθειρον,
1604 1124 1661 1150 οὐδ’
1677 1124 1710 1151 ἂν
1732 1122 1773 1156 εἷς

137 1169 300 1205 ὑπελείφθη,
317 1170 342 1195 εί
359 1170 397 1204 μὴ
406 1170 502 1203 ἐλέφας
517 1170 633 1204 τρωθεὶς
664 1170 746 1201 αὐτός
776 1177 806 1196 τε
839 1169 1009 1205 ὲσφρὰδαςεν
1041 1172 1074 1197 ὲκ
1088 1170 1135 1197 τοῦ
1150 1170 1319 1205 τραύματος,
1339 1170 1386 1196 καὶ
1396 1169 1422 1196 οι
1439 1169 1515 1196 ἄλλοι
1525 1170 1593 1205 πρδς
1603 1170 1652 1202 τὰς
1666 1170 1771 1198 ἐκείνου

137 1214 200 1249 βοὰς
220 1216 415 1250 ἐταράσσοντο.
432 1215 481 1242 Διὰ
498 1215 577 1242 τοῦτο
598 1214 652 1250 γὰρ
670 1215 683 1240 ὁ
701 1214 809 1249 Πύρρος
824 1214 926 1250 ἐπέσχε
945 1216 994 1251 τὴν
1025 1215 1130 1248 δίωξιν,
1152 1215 1200 1242 καὶ
1217 1215 1304 1247 οὕτως
1316 1215 1341 1241 οι
1359 1215 1504 1250 Ῥωμαῖοι,
1518 1215 1712 1250 διαϐεὸηκότες
1726 1218 1772 1243 τὲιν

135 1261 270 1295 ποταμὸν,
301 1261 341 1292 είς
360 1261 505 1287 Ἀπουλίδα
532 1260 610 1286 πόλιν
637 1262 697 1286 τινα
728 1260 923 1297 ἀπεσώθησαν.
945 1261 1041 1288 Πολλοὶ
1073 1261 1101 1288 δὲ
1130 1261 1248 1288 καὶτῶν
1262 1260 1311 1288 τοῦ
1334 1261 1446 1297 Πύρρου
1463 1263 1638 1296 στρατιωτῶν
1655 1264 1702 1290 καὶ
1716 1263 1771 1291 τῶν

136 1308 281 1343 ἡγεμόνων
307 1308 497 1341 πεπτώκασιν,
524 1307 606 1340 ὥστε,
631 1308 834 1342 συγχαιρόντων
867 1308 942 1343 αὐτῷ
961 1308 1012 1343 τῆς
1044 1308 1122 1342 νίκης
1146 1307 1247 1335 τινῶν·
1261 1309 1295 1335 El
1309 1308 1359 1335 καί
1380 1306 1468 1340 αὖθις
1482 1315 1555 1335 ποτε
1569 1310 1687 1344 ὁμοίως,
1706 1311 1770 1346 ἔφη,

136 1355 337 1391 κρατήσομεν,
351 1356 555 1390 ἀπολούμεθα.
573 1356 642 1387 Τοὺς
655 1356 745 1391 μέντοι
774 1355 928 1392 Ῥωμαίους
948 1356 996 1382 καὶ
1022 1355 1186 1390 νικηθέντας
1219 1355 1387 1391 ἐθαύμασεν,
1405 1354 1502 1388 είπὼν,
1523 1355 1574 1388 ὅτι,
1595 1357 1654 1391 Τὴν
1669 1360 1772 1386 οἰκου-

134 1403 231 1437 μένην
244 1403 282 1430 ἂν
296 1403 402 1430 πᾶσαν
413 1403 632 1437 ἐχειρωσάμην,
653 1404 679 1429 ει
697 1403 844 1437 Ῥωμαίων
874 1402 1066 1429 ἐϐασίλευον.
1101 1402 1132 1428 '0
1161 1402 1211 1436 μὲν
1244 1401 1291 1429 οὖν
1305 1401 1414 1437 Πύῤῥος
1427 1402 1474 1428 ἐπὶ
1485 1403 1518 1437 τῇ
1530 1402 1593 1438 νίκῃ
1607 1404 1679 1438 μέγα
1692 1404 1772 1441 Eax-q-

136 1457 184 1475 κεν
201 1449 299 1484 ὖνομα,
325 1451 370 1476 καὶ
386 1450 479 1477 πολλοὶ
505 1451 580 1486 αὐτῷ
596 1452 829 1486 προσεχώρησαν.
864 1451 898 1479 Οἳ
925 1459 955 1478 τε
975 1452 1114 1487 σύμμαχοι
1127 1451 1258 1486 ἀφίκοντο
1276 1451 1343 1487 πρὸς
1367 1452 1448 1479 αὐτόν
1460 1459 1467 1466 ·
1485 1449 1537 1485 οἷς,
1553 1452 1631 1486 ὀλίγα
1642 1452 1772 1488 ἐπιτιμήο

138 1506 187 1529 σας
199 1497 244 1524 διὰ
265 1498 315 1532 τὴν
341 1498 480 1532 μέλλησιν,
494 1499 549 1526 τῶν
565 1499 672 1526 σκύλων
687 1500 850 1535 μετέδωκεν.

170 1543 207 1571 Δ’.
225 1545 257 1571 Οἱ
269 1544 293 1570 δ’
306 1546 334 1571 ὲν
348 1546 381 1579 τῇ
402 1544 495 1580 Ῥώμῃ
512 1546 637 1580 ἤλγησαν
656 1547 702 1572 ὲπὶ
729 1548 761 1582 τῇ
773 1546 854 1583 ἥττῃ,
883 1545 923 1581 τῷ

1009 1542 1054 1571 lV.
1071 1541 1122 1575 Qui
1139 1542 1233 1569 Romae
1241 1546 1330 1573 erant,
1344 1541 1380 1568 ob
1394 1545 1533 1576 acceptam
1546 1541 1652 1570 cladem
1668 1543 1769 1573 moesti.

136 1591 164 1617 δέ
183 1599 215 1625 γε
230 1591 368 1626 Λαουϊνίῳ
385 1591 544 1626 στράτευμα
559 1591 697 1626 ἔπεμψαν,
711 1592 758 1617 καὶ
776 1592 822 1618 τὸν
843 1591 924 1618 Τιϐέ-

137 1646 197 1673 ριον
214 1638 246 1663 ὲκ
262 1637 317 1663 τῶν
336 1638 485 1672 Τυρσηνῶν
510 1638 730 1672 μετεπέμψαντο,
747 1639 792 1665 καὶ
805 1638 856 1673 τὴν
877 1638 927 1665 πό-

136 1684 177 1710 λιν
192 1684 237 1710 διὰ
254 1684 378 1717 φυλακῆς
393 1684 569 1718 ἐποιήσαντο,
597 1685 797 1719 πυνθανόμενοι
815 1684 859 1712 ἐπ’
873 1684 926 1711 αὑ-

135 1731 186 1765 τὴν
193 1730 240 1756 τὸν
254 1730 361 1765 Πύρρον
371 1730 538 1764 ἐπείγεσθαι.
553 1730 581 1756 '0
594 1731 684 1765 μέντοι
699 1731 852 1762 Λαουϊνιος,
863 1731 927 1762 τοὺς

135 1776 257 1807 οἰκείους
283 1784 312 1801 τε
345 1777 518 1811 τραυματίας
547 1776 759 1811 ὲξακεσάμενος,
787 1777 833 1803 καὶ
862 1776 927 1807 τοὺς

137 1822 339 1853 σκεδασθέντας
361 1821 535 1855 συναγαγὼν,
558 1822 609 1857 ἤδη
638 1821 752 1848 καὶτῶν
766 1824 798 1849 ἐκ
816 1821 925 1857 Ῥώμης

136 1869 320 1903 πεμφθέντων
335 1868 523 1903 ἀφικομένων,
545 1868 591 1895 τὸν
607 1868 715 1903 Πύρρον
734 1868 925 1903 παρεπόμενος

136 1915 235 1942 ἐλύπει
247 1923 253 1930 ⁸
269 1915 317 1941 καὶ
330 1915 380 1950 τὴν
407 1914 526 1949 Καπύην
545 1914 640 1949 μαθὼν
659 1916 731 1941 ἑλεῖν
752 1914 925 1950 γλιχόμενον,

136 1961 339 1995 προκατέλαϐε,
355 1962 401 1988 καὶ
418 1961 563 1995 ἐφύλαξεν,
585 1960 731 1996 Ἀμαρτὼν
748 1960 770 1986 δ’
790 1960 897 1995 ἐκείνης
913 1960 927 1985 ὁ

137 2007 260 2042 Πύρρος,
277 2008 324 2033 ἐπὶ
343 2006 391 2041 τὴν
408 2006 546 2033 Νεάπολιν
561 2005 702 2040 ὥρμησεν.
723 2005 766 2036 Ὧς
779 2005 855 2032 οὐδὲν
871 2004 926 2031 οὐδ’

135 2054 166 2079 ἐν
180 2053 253 2088 αὐτῇ
270 2053 369 2088 δρᾶσαι
381 2053 486 2087 ῐσχυσε,
504 2051 627 2078 σπεύδων
647 2052 696 2086 τὴν
719 2051 830 2086 Ῥώμην
842 2058 928 2077 κατα-

137 2100 242 2132 λαϐεῖν,
260 2101 308 2126 καὶ
318 2100 361 2126 διὰ
375 2099 425 2134 τῆς
451 2099 617 2134 ’Τυρσηνίδος
642 2097 760 2133 παριὼν,
776 2097 813 2129 ὼς
829 2097 926 2123 κάκεί-

139 2155 205 2177 νους
232 2146 394 2181 προσλάϐοι,
424 2146 484 2171 ἐπεὶ
500 2145 602 2179 ἔμαθεν
619 2144 717 2174 αὐτούς
734 2152 763 2169 τε
777 2144 833 2174 τοῖς
859 2142 928 2169 Ῥω-

138 2194 233 2228 μαίοις
261 2193 408 2227 ὁμολογίας
437 2191 651 2226 πεποιημένους,
677 2190 723 2216 καὶ
739 2190 786 2216 τὸν
801 2188 926 2224 Τιϐέριον

136 2239 214 2274 αὐτῷ
238 2238 459 2272 ἀντιπροσιόντα,
481 2238 527 2263 τόν
540 2245 570 2262 τε
583 2238 727 2263 Λαουΐνιον
744 2235 923 2270 ὲφεπόμενον,

136 2284 264 2319 ἐφοϐήθη
275 2284 311 2319 μὴ
321 2284 366 2309 ὑπ’
381 2283 472 2309 αὐτῶν
487 2282 658 2317 πανταχόθεν
673 2283 701 2308 ὲν
718 2281 827 2316 χωρίοις
839 2281 927 2315 ἀγνώ-

138 2339 215 2361 στοις
240 2329 395 2365 ἀποληφθῇ,
416 2330 464 2355 καὶ
480 2329 636 2364 περαιτέρω
662 2328 692 2353 οὺ
719 2327 925 2362 προεχώρησεν.

144 2377 189 2408 Ὠς
204 2377 234 2403 δὲ
246 2376 435 2411 ἀναχωροῦντι
466 2376 515 2402 καὶ
529 2375 668 2409 γενομένῳ
681 2374 745 2408 περὶ
761 2372 928 2407 Καμπανίαν

137 2425 151 2450 ὁ
166 2424 310 2454 Δαουῖνιος
324 2423 459 2458 ἐπεφάνη,
468 2422 516 2449 καὶ
529 2422 559 2448 τὸ
575 2422 733 2455 στράτευμα
746 2420 828 2446 αὐτοῦ
838 2419 928 2454 πολλῴ

140 2470 234 2498 πλεῖον
262 2470 310 2496 τοῦ
339 2468 456 2505 πρόσθεν
489 2466 544 2503 ἦν,
572 2467 680 2502 ’Υδμας
706 2467 757 2500 ἔφη
782 2466 861 2500 δίκην
895 2465 928 2491 τὰ

142 2517 316 2553 στρατόπεδα
340 2517 395 2543 τῶν
435 2515 580 2550 Ῥωμαίων
619 2514 778 2547 κοπτόμενα
810 2511 929 2546 ἀναφύε-

141 2565 218 2591 σθαι.
235 2564 289 2590 Kal.
308 2563 541 2598 ἀντιπαρετάξατο
569 2561 629 2596 μὲν,
644 2561 694 2586 οὐκ
719 2560 876 2594 ἐμαχέσατο
888 2557 927 2590 δὲ,

140 2612 182 2638 ὅτι
199 2612 355 2643 ἐκέλευσεν,
370 2610 408 2641 Ib;
425 2608 607 2643 καταπλήξων
628 2606 681 2641 πρὸ
701 2605 752 2640 τῆς
768 2603 930 2639 συμπλοκῆς

140 2659 205 2690 τοὺς
230 2656 397 2691 Ῥωμαίους,
412 2657 475 2686 τοὺς
490 2654 587 2687 ἐαυτοῦ
601 2651 770 2688 στρατιώτας
787 2652 838 2682 τὰς
849 2649 932 2677 ἀσπί-

139 2704 189 2736 δας
204 2704 263 2735 tot;
275 2703 371 2739 δόρασι
390 2702 545 2738 πλήξαντας
568 2700 711 2735 ἐκϐοῆσαι,
727 2698 849 2728 καὶτοὺς
868 2695 932 2723 σαλ-

976 1589 1079 1617 Levino
1105 1588 1328 1623 supplementum
1361 1588 1519 1615 miserunt:
1540 1593 1568 1616 et
1599 1588 1712 1616 Tiberio
1738 1597 1772 1617 ex

975 1635 1085 1662 Etruria
1104 1638 1243 1667 revocato,
1264 1634 1360 1661 urbem
1377 1633 1514 1669 praesidiis
1529 1634 1691 1670 ﬁrmarunt;
1708 1643 1772 1664 nam

976 1681 1111 1716 Pyrrhum
1131 1681 1163 1707 ad
1185 1688 1246 1708 eam
1263 1681 1375 1708 tendere
1388 1680 1543 1708 audierant.
1559 1680 1680 1709 Levinus
1691 1689 1773 1717 vero,

975 1727 1074 1754 sauciis
1085 1727 1198 1758 curatis,
1216 1732 1244 1753 et
1261 1726 1395 1761 dispersis
1411 1726 1577 1758 recollectis,
1593 1727 1770 1762 acceptisque

976 1773 1066 1800 missis
1080 1780 1112 1799 ex
1128 1772 1207 1808 373
1222 1772 1290 1800 urbe
1307 1772 1451 1805 militibus,
1465 1771 1600 1807 Pyrrhum
1609 1773 1771 1801 assectando

976 1818 1100 1851 vexavit;
1116 1823 1143 1844 et
1154 1818 1286 1853 Capuam,
1303 1819 1382 1853 cujus
1394 1817 1469 1845 illum
1486 1818 1628 1852 capienda:
1642 1826 1703 1846 esse
1720 1826 1770 1845 cu-

976 1864 1070 1899 pidum
1086 1864 1222 1894 audierat.
1252 1869 1412 1898 occupatam
1435 1863 1567 1890 defendit.
1589 1864 1629 1891 Eo
1653 1864 1770 1891 consilio

977 1910 1267 1946 l‘rus’tratus'Pyrrhus,
1282 1910 1424 1944 Neapolim
1444 1910 1597 1943 contendit,
1628 1917 1681 1945 qua
1706 1917 1770 1937 cum

977 1957 1059 1992 potiri
1071 1965 1125 1983 non
1139 1961 1240 1991 pOSSL‘l,
1258 1956 1292 1983 ad
1311 1955 1424 1983 Roiiiam
1447 1956 1637 1991 occupandam
1671 1963 1772 1991 prope-

978 2011 1054 2036 rans,
1073 2007 1101 2030 et
1112 2011 1161 2038 per
1181 2003 1318 2030 Etruriam
1348 2003 1494 2035 transiens,
1521 2006 1550 2029 ut
1575 2010 1635 2029 eam
1660 2010 1771 2037 quoque

978 2053 1088 2084 gentem
1103 2048 1155 2075 sibi
1172 2047 1345 2083 adjungerct,
1366 2047 1412 2074 ubi
1433 2056 1479 2075 eos
1495 2055 1558 2074 cum
1572 2048 1705 2075 Romanis
1720 2047 1771 2075 f0:-

977 2095 1030 2121 dus
1065 2093 1234 2128 percussisse
1259 2092 1367 2125 didicit,
1385 2097 1411 2120 et
1428 2093 1571 2123 Tiberium
1592 2092 1645 2120 sibi
1660 2092 1770 2120 obviam

978 2140 1028 2172 ire,
1041 2140 1173 2167 Levinum
1187 2148 1202 2166 a
1219 2143 1295 2174 tergo
1313 2139 1401 2174 sequi,
1426 2147 1461 2166 ne
1483 2139 1517 2166 ab
1540 2139 1582 2166 eis
1606 2138 1633 2165 in
1655 2138 1770 2173 regione

979 2188 1072 2222 ignota
1088 2187 1337 2214 circumveniretur
1357 2187 1467 2218 timens,
1501 2186 1618 2214 ulterius
1640 2194 1696 2214 non
1728 2190 1772 2214 est

979 2239 1149 2267 progressus.
1170 2232 1204 2260 Ut
1215 2240 1281 2259 vero
1296 2232 1438 2259 rcccdenti
1470 2235 1497 2258 et
1519 2231 1676 2267 Campania:
1703 2231 1772 2259 ﬁnes

980 2279 1112 2313 ingresso,
1129 2277 1251 2304 Levinus
1262 2284 1324 2304 cum
1335 2276 1456 2303 exercitu
1470 2276 1550 2311 longe
1567 2277 1671 2312 majore
1686 2284 1769 2311 quam

980 2324 1060 2358 prius
1077 2323 1222 2355 habuerat,
1235 2331 1265 2351 se
1280 2323 1401 2350 ostendit
1415 2331 1422 2349 :
1439 2322 1537 2358 Hydrw
1550 2323 1646 2354 instar,
1672 2322 1772 2357 inquit,

981 2371 1163 2398 Romanorum
1172 2372 1286 2406 legiones
1298 2370 1419 2397 audenda
1434 2373 1622 2397 renascuntur.
1636 2369 1670 2395 Ει
1684 2368 1772 2396 aciem

984 2418 1114 2445 instruxit
1135 2417 1180 2445 ille
1194 2417 1317 2452 quidem,
1335 2416 1384 2444 sed
1403 2424 1459 2443 non
1484 2415 1622 2443 commisit
1636 2414 1772 2449 praalium.

984 2464 1051 2492 Nam
1071 2471 1132 2491 cum
1151 2471 1215 2491 suos
1243 2463 1344 2490 milites
1372 2464 1483 2497 clypeos
1503 2461 1591 2489 hastis
1621 2460 1772 2495 pulsantes,

983 2511 1133 2538 clamorem
1145 2510 1253 2542 tollere,
1269 2514 1298 2537 et
1312 2509 1426 2536 classica
1443 2515 1554 2539 canere,
1568 2511 1596 2534 et
1610 2506 1773 2540 elephantos

984 2558 1090 2585 barrire
1113 2557 1249 2592 jussisset,
1277 2561 1307 2582 ut
1333 2556 1472 2583 Romanos
1500 2558 1563 2581 ante
1593 2558 1774 2586 congressum

984 2603 1222 2639 perterrefaceret.
1249 2602 1288 2629 illi
1311 2606 1402 2629 autem
1433 2601 1513 2634 longe
1539 2597 1659 2625 ferocius
1687 2596 1774 2625 recla-

985 2654 1123 2682 masscnt,
1142 2653 1171 2676 ut
1190 2648 1276 2683 ipsius
1301 2648 1404 2674 milites
1433 2646 1696 2674 consternarentur;
1722 2649 1774 2677 pu-

986 2704 1064 2731 gnam
1079 2695 1158 2727 inire.
1177 2703 1253 2723 sacra
1270 2693 1439 2729 inauspicata
1455 2695 1593 2724 causatus,
1609 2688 1709 2724 noluit,
1723 2687 1771 2717 sed

744 2757 846 2789 Variae
867 2758 1020 2788 lectiones
1043 2759 1074 2787 et
1091 2760 1186 2786 noue.

179 2829 237 2865 (15)
254 2828 428 2865 Kargyldl-gr.
461 2827 500 2854 lta
517 2826 594 2865 Regii
614 2830 734 2865 quatuor
756 2827 788 2865 _e_t
806 2822 930 2865 Colbert.
983 2821 1082 2849 lesium
1099 2821 1131 2849 ad
1156 2818 1415 2856 Harpocrationem,
1430 2824 1494 2853 pag.
1511 2813 1576 2849 252,
1605 2813 1653 2843 ubi
1668 2813 1703 2842 de
1719 2813 1771 2841 hac

144 2858 308 2900 Alius'apud
318 2858 448 2891 Wolﬁum
468 2858 657 2898 xmmwy.
676 2861 742 2888 Vide
755 2859 863 2886 lleurie.
882 2858 932 2886 Va-

985 2865 1062 2885 \'0€B.
1693 2871 1697 2877 .
