4008 6250
477 334 597 399 643

472 449 721 521 captivos
766 451 1067 508 Tarentum
1125 449 1366 515 reduxit,
1429 450 1616 521 ibique
1666 451 2044 506 Romanorum
2077 484 2121 541 Α

470 541 679 614 legatos
708 557 808 612 pro
841 540 1076 611 captivis
1109 541 1450 597 redimendis
1479 543 1697 606 missos,
1729 541 2042 598 Fabricium

471 643 530 689 et
560 643 810 698 caeteros,
842 632 1147 688 honoriﬁce
1163 632 1513 704 benigneque
1544 633 1784 703 excepit,
1818 646 2047 703 Sporans

471 740 568 777 cos
596 739 786 793 pacem
818 723 1107 792 petituros,
1137 734 1194 779 ct
1213 734 1276 780 ut
1307 725 1483 780 victos
1501 726 1651 795 leges
1698 733 2045 795 accepturos.

470 816 740 871 Caeterum
787 814 1040 871 Fabricio
1080 833 1178 887 pro
1208 819 1384 887 captis
1411 819 1467 871 in
1492 818 1640 873 bello
1697 818 1750 872 id
1808 819 2046 888 pretium

472 907 760 972 offerente,
803 908 950 978 quod
987 910 1247 979 utrinque
1283 911 1634 966 convenisset
1668 928 1681 964 :
1715 916 1842 981 qnia
1897 913 2049 982 pacis

471 1001 677 1054 nullam
714 1001 1055 1058 mentionem
1094 1002 1321 1068 fecerat,
1353 1004 1524 1058 animi
1559 1004 1763 1060 dubius
1789 1005 2045 1073 seorsim,

472 1103 532 1146 ut
562 1093 795 1155 solebat,
824 1109 948 1151 cum
975 1096 1186 1160 amicis,
1221 1096 1290 1151 de
1314 1097 1609 1153 reddendis
1666 1097 1898 1167 captivis
1946 1097 2047 1153 de-

470 1200 579 1255 quc
602 1184 749 1239 bello
772 1186 1215 1243 administrando
1249 1188 1599 1244 deliberavit.
1636 1189 1838 1245 Milone
1865 1200 2047 1245 autem

472 1276 759 1343 suadente,
787 1289 847 1333 ut
898 1295 1078 1350 neque
1118 1281 1368 1350 captivos
1413 1282 1690 1347 redderet,
1724 1296 1905 1353 neque
1954 1298 2050 1353 pa-

473 1384 591 1423 cem
623 1369 850 1438 faceret,
874 1372 970 1427 sed
1009 1373 1271 1428 Romanis
1316 1375 1424 1445 iam
1468 1373 1651 1442 victis,
1705 1377 1869 1431 etiam
1922 1377 2052 1431 reli-

1668 402 1671 404 .
1748 330 2070 399 JOANNIS
2106 333 2427 397 ZONARAI

2149 448 2395 518 πιγκτὰς
2446 449 2541 503 καὶ
2587 449 2713 513 sub;
2767 432 3068 519 ἐλέφαντας
3113 432 3443 521 συνηχῆσαι.
3484 448 3645 504 Ἐπεὶ
3675 451 3734 504 δὲ

2148 538 2396 590 κάκεῖνοι
2432 536 2570 590 πολὺ
2623 537 2813 606 μεῖζον
2855 537 3218 608 ἀντεϐόησαν,
3268 537 3344 600 ὡς
3382 538 3737 608 ἐκπλαγῆναι

2147 629 2278 693 τοὺς
2333 629 2428 683 τοῦ
2485 630 2727 701 Πύρρου,
2764 630 2866 683 οὐκ
2894 628 2971 683 ἐτ’
3001 630 3239 701 ἠθέλησε
3287 630 3584 701 συμμίξαι,
3615 633 3738 686 ἀλλ’

2148 720 2222 780 ὡς
2253 721 2520 791 δυσιερῶν
2559 722 2905 792 ἐπανήγαγε,
2950 723 3047 776 καὶ
3078 723 3311 792 ἀφίκετο
3359 726 3417 787 ἒς
3450 724 3733 796 Τάραντα,

2148 811 2278 866 ἔνθα
2309 812 2571 884 πρέσϐεις
2594 814 2706 868 τῶν
2739 813 3030 885 Ῥωμαίων
3051 814 3194 885 ὑπὲρ
3225 815 3334 868 τῶν
3364 816 3737 887 αἰχμαλώτων

2148 904 2415 972 ἀφίκοντο
2437 904 2589 958 ἄλλοι
2632 921 2692 958 τε
2743 906 2839 959 καὶ
2867 907 2895 959 ὁ
2925 905 3223 977 Φαϐρίκιος
3246 922 3264 939 ο
3294 907 3391 970 οὓς
3430 909 3736 979 φιλοτίμως

2144 991 2378 1056 ὲξένισε,
2400 993 2495 1045 καὶ
2515 993 2867 1060 ἐδεξιώσατο,
2889 995 3120 1059 ἐλπίσας
3145 997 3346 1061 αὐτοὺς
3379 1000 3734 1063 σπείσασθαι,

2149 1084 2247 1138 καὶ
2278 1084 2572 1152 ὁμολογίαν
2623 1086 2699 1149 ὡς
2740 1086 3092 1157 ἡττημένους
3123 1088 3481 1160 ποιήσασθαι.
3539 1090 3648 1143 Τοῦ
3673 1091 3735 1145 δὲ

2149 1177 2448 1246 Φαϐρικίου
2497 1181 2626 1242 τοὺς
2683 1180 2997 1244 ἑαλωκότας
3026 1181 3085 1234 ὲν
3113 1181 3179 1250 τῇ
3220 1181 3369 1251 μάχῃ
3393 1182 3734 1252 κομίσασθαι

2150 1268 2432 1334 αἰτοῦντος
2463 1270 2557 1324 ἐπὶ
2584 1270 2804 1341 λύτροις
2830 1273 2942 1334 τοίς
2966 1274 3173 1341 ἀμφοῖν
3200 1275 3586 1343 συναρὲσουσι,
3611 1275 3732 1347 διη-

2148 1362 2364 1432 πορήθη
2407 1363 2498 1416 ὅτε
2539 1363 2615 1432 μὴ
2649 1364 2745 1416 καὶ
2780 1364 2915 1434 περὶ
2952 1364 3182 1435 εἰρήνης
3230 1365 3566 1436 πρεσϐεύειν
3601 1368 3730 1439 ἐτη,

471 1460 632 1528 (ιυῖσὸ
655 1461 786 1517 belli
809 1454 1259 1534 persequeretur,
1287 1464 1497 1536 Cyneas
1528 1466 1686 1536 plane
1709 1468 2042 1521 contrarium

2151 1454 2248 1506 uoti.
2288 1453 2399 1525 ἰδῐᾳ
2453 1455 2593 1521 μετὰ
2638 1454 2749 1507 τῶν
2798 1455 2971 1523 φίλων
3029 1455 3372 1523 ἐϐουλεύετο,
3417 1458 3497 1521 ὡς
3524 1458 3729 1524 είώθει,

454 1555 706 1615 censuit.
735 1554 869 1609 Nam
900 1565 957 1609 et
986 1556 1235 1626 captivos
1269 1558 1438 1627 gratis
1463 1572 1585 1612 esse
1613 1559 1947 1623 reddendos,
1989 1562 2042 1613 ἐι

2152 1547 2283 1615 περί
2320 1547 2420 1616 τῆς
2449 1546 2561 1599 τῶν
2590 1545 2956 1617 αἰχμαλώτων
2991 1547 3324 1612 ἀποδόσεως,
3355 1550 3449 1604 καὶ
3476 1551 3607 1621 περὶ
3633 1548 3727 1603 τοῦ

472 1646 686 1716 legatos
713 1658 880 1717 atque
910 1649 1199 1718 pecuniam
1257 1650 1486 1705 Romam
1541 1651 1862 1713 mittendos,
1896 1652 2042 1721 pacis

2152 1636 2419 1706 πολέμου,
2474 1641 2569 1692 καὶ
2617 1639 2770 1702 ὅπως
2797 1639 2991 1693 τοῦτον
3025 1640 3490 1711 μεταχειρίζεται.
3536 1642 3596 1694 '0
3629 1642 3729 1712 μὲν

468 1747 523 1791 ct
553 1736 776 1793 [celeris
824 1740 1155 1808 impetrandi
1206 1756 1398 1805 causa,
1455 1743 1611 1814 cujus
1659 1743 1948 1798 sententia:
1995 1752 2042 1799 et

2149 1729 2246 1784 οὗν
2294 1730 2520 1797 Μίλων,
2583 1733 2726 1800 μήτε
2787 1732 2916 1795 τοὺς
2968 1733 3351 1803 αἰχμαλώτους
3404 1734 3726 1792 ἀποδόσθαι.

466 1831 652 1884 caeteri
681 1838 737 1885 et
779 1829 896 1900 ipse
925 1831 1173 1902 Pyrrhus
1205 1832 1437 1896 assensi,
1473 1833 1667 1902 legatis
1711 1834 1996 1889 accersitis
2029 1852 2042 1892 :

2155 1822 2295 1891 μήτε
2326 1822 2659 1877 σπείσασθαι
2703 1822 3118 1889 συνεϐούλευεν,
3152 1823 3269 1877 ἀλλ’
3311 1824 3413 1896 ήδη
3443 1825 3553 1879 τῶν
3587 1827 3724 1879 Ῥω-

467 1921 649 1992 Neque
676 1925 844 1993 prius,
875 1923 1075 1993 inquit,
1111 1923 1358 1989 Romani,
1405 1939 1522 1978 mea
1548 1936 1732 1995 sponte
1765 1925 1905 1979 vobis
1939 1923 2042 1978 bel-

2149 1915 2327 1986 μαίων
2357 1917 2495 1985 ήττη
2504 1916 2705 1987 μένων,
2725 1915 2823 1970 καὶ
2845 1916 2917 1969 τὰ
2944 1913 3113 1969 λοιπὰ
3133 1916 3359 1987 πολέμῳ
3378 1933 3726 1988 προσκατερ-

466 2017 579 2072 lum
606 2020 788 2086 intuli,
816 2035 983 2091 neque
1016 2035 1153 2074 nunc
1175 2020 1432 2090 inferam.
1475 2020 1686 2074 Amicus
1716 2023 1850 2074 enim
1875 2028 2042 2075 vester

2146 2007 2425 2076 γάσασθαι
2462 2021 2479 2039 °
2525 2007 2588 2061 Ὀ
2630 2007 2689 2060 δὲ
2741 2008 2979 2072 Κιννέας
3031 2007 3345 2061 τούναντίον
3393 2006 3542 2061 ἅπαν
3572 2008 3725 2079 αὐτῷ

466 2128 575 2167 esse
595 2115 766 2183 cupio.
802 2112 996 2183 Itaque
1027 2114 1260 2181 captivos
1295 2117 1464 2184 gratis
1493 2117 1635 2169 vobis
1676 2114 1859 2182 reddo,
1908 2125 1957 2169 et
1986 2122 2042 2168 ut

2146 2100 2497 2153 συνεϐούλευε
2520 2114 2537 2132 ο
2563 2097 2690 2163 τούς
2712 2114 2774 2154 τε
2808 2099 2916 2170 γὰρ
2944 2098 3324 2170 αἰχμαλώτους
3362 2101 3565 2171 προῖκα
3591 2100 3727 2153 ἀπο-

464 2218 647 2273 pacem
668 2219 880 2257 mecum
912 2204 1124 2273 faciatis
1151 2213 1289 2272 peto.
1323 2203 1449 2257 Haec
1477 2218 1602 2257 cum
1636 2204 1831 2275 legatis
1861 2204 2043 2259 omni-

466 2294 571 2349 bus
609 2294 856 2359 dixisset,
906 2304 963 2348 et
997 2295 1290 2364 pecuniam
1330 2296 1531 2364 partim
1577 2295 1740 2367 375
1776 2296 2040 2361 dedisset,

468 2384 666 2454 partim
688 2385 1054 2454 promisisset,
1074 2401 1201 2440 cum
1230 2386 1482 2442 Fabricio
1502 2389 1734 2443 seorsiui
1753 2390 1857 2443 hoc
1880 2389 2044 2445 modo

464 2478 577 2546 egit
600 2475 763 2533 :Cum
782 2479 1020 2531 omnium
1035 2476 1397 2532 Romanorum
1416 2481 1708 2535 amicitiam
1721 2487 2043 2549 expeto,tum

466 2582 587 2621 vero
617 2576 785 2630 tuam,
818 2584 975 2638 quem
999 2568 1172 2623 virum
1201 2571 1394 2623 bonum
1417 2585 1527 2624 esse
1561 2572 1731 2636 video,
1763 2580 1814 2624 et
1839 2579 1895 2624 ut
1946 2587 2044 2641 pa-

465 2674 576 2713 cem
605 2660 732 2714 milii
760 2658 1011 2727 conﬁcias
1039 2669 1176 2731 pete.
1208 2661 1334 2717 Haec
1361 2677 1488 2716 cum
1521 2662 1750 2723 diceret,
1810 2677 2041 2717 munera

467 2765 690 2820 quoque
718 2752 887 2804 multa
916 2752 965 2806 ei
998 2751 1223 2807 obtulit.
1254 2753 1326 2807 At
1354 2754 1478 2808 ille:
1509 2754 1684 2819 Pacis,
1710 2748 1908 2824 inquit,
1936 2766 2044 2809 stu-

464 2838 611 2893 dium
636 2840 689 2893 in
722 2849 789 2905 te,
818 2839 1042 2910 Pyrrhe.
1080 2828 1261 2907 laudo,
1312 2851 1361 2895 et
1398 2859 1602 2910 pacein,
1628 2843 1780 2898 modo
1807 2860 1868 2897 ea
1898 2844 2042 2897 nobis

465 2931 654 2999 prosit,
673 2931 764 2984 tibi
794 2929 1075 3000 conﬁciam
1107 2948 1125 2987 :
1160 2949 1327 3004 neque
1372 2935 1512 2988 enim
1575 2935 1865 3006 postulabis
1921 2950 2043 2989 cum

464 3037 546 3073 me
570 3020 763 3076 bonum
795 3023 964 3077 virum
989 3038 1100 3077 esse
1126 3025 1291 3090 dicas,
1329 3033 1385 3077 ut
1413 3025 1616 3095 aliquid
1646 3042 1804 3094 agam
1854 3036 2039 3080 contra

463 3114 719 3182 patriam.
754 3112 857 3168 Sed
885 3114 1016 3169 nihil
1041 3131 1318 3169 munerum
1345 3115 1563 3170 illorum
1588 3133 1707 3187 quae
1726 3117 2036 3188 mihioﬂ’ers,

465 3206 743 3274 accipiam.
771 3204 1040 3275 Numquid
1082 3208 1222 3261 enim
1256 3223 1339 3261 me
1357 3223 1477 3261 vere
1506 3209 1698 3262 bonum
1730 3209 1900 3263 virum
1930 3225 2040 3264 esse

464 3310 659 3358 censes,
692 3311 765 3348 an
790 3312 891 3348 non
917 3297 942 3350 7
970 3295 1109 3351 Nam
1164 3300 1212 3354 si
1269 3298 1441 3353 malus
1478 3316 1617 3362 sum,
1677 3318 1771 3355 cur
1814 3317 2038 3358 munera

464 3387 592 3440 mihi
624 3385 835 3458 largiris
854 3391 881 3442 2'
911 3389 1007 3443 Sin
1051 3390 1238 3458 bonus,
1270 3407 1364 3445 cur
1394 3408 1454 3446 ea
1483 3410 1565 3448 me
1598 3395 1830 3464 accipere
1850 3394 2040 3463 jubes?

463 3480 604 3537 Scito
628 3490 804 3536 autem
844 3499 926 3537 me
962 3485 1236 3540 abundare
1269 3486 1473 3554 opibus,
1508 3497 1648 3541 sorte
1676 3503 1791 3542 mea
1824 3496 2036 3544 conten-

464 3590 595 3638 .um,
619 3590 784 3645 neque
814 3573 972 3644 plura
1002 3575 1408 3632 desiderantem.
1439 3576 1511 3632 Te
1537 3593 1680 3643 vero,
1711 3581 1808 3632 etsi
1845 3579 2041 3633 ditissi-

465 3683 579 3720 mus
607 3681 682 3733 es,
706 3677 943 3723 extrema
967 3668 1150 3739 inapia
1180 3668 1442 3724 laborare.
1467 3669 1604 3725 Nam
1651 3687 1815 3742 neque
1856 3671 2037 3742 Epiro,

463 3776 629 3829 neque
651 3761 852 3816 caeteris
885 3777 1002 3831 qua:
1044 3762 1204 3817 habes
1232 3761 1427 3817 relictis
1457 3764 1556 3817 huc
1586 3764 1881 3835 trajecisses
1915 3780 1933 3819 :
1967 3767 2036 3832 si,

461 3850 566 3905 illis
596 3860 890 3929 contentus,
924 3851 1080 3922 plura
1125 3870 1229 3908 non
1288 3854 1633 3909 desiderares.
1700 3855 1796 3909 His
1850 3855 2036 3921 dictis,

460 3944 622 4016 legati
662 3947 894 4017 captivis
925 3948 1165 4017 receptis
1216 3948 1495 4004 abierunt.
1553 3949 1795 4020 Pyrrhus
1854 3964 2037 4006 autem

464 4035 702 4107 Cyneam
742 4053 866 4094 cum
894 4037 1072 4094 multo
1105 4054 1242 4094 auro
1272 4047 1329 4095 et
1363 4043 1701 4096 ornamentis
1759 4042 2042 4098 muliebri-

466 4126 569 4182 bus
593 4127 772 4183 omnis
805 4129 1022 4200 generis
1050 4129 1282 4185 Romam
1331 4130 1483 4185 misit
1510 4148 1526 4197 ;
1556 4139 1619 4185 ut
1645 4131 1752 4186 etsi
1801 4146 1869 4187 ex
1908 4133 2040 4189 viris

462 4218 630 4290 aliqui
671 4218 1115 4286 adversarentur,
1146 4230 1203 4275 at
1230 4237 1427 4278 uxores
1473 4236 1663 4278 eorum
1705 4223 2041 4279 ornamentis

462 4306 655 4363 illectae
684 4309 834 4363 viros
860 4309 1029 4364 etiam
1070 4320 1521 4381 corrumperent.
1559 4311 1789 4367 Romam
1856 4313 2040 4381 profe-

465 4406 553 4453 tus
583 4397 815 4475 Cyneas,
846 4415 956 4454 non
1006 4401 1190 4457 statim
1244 4412 1495 4458 senatum
1551 4403 1707 4468 adiit,
1759 4404 1857 4459 sed
1906 4403 2043 4459 alias

2143 2193 2327 2259 δοῦναι
2356 2192 2591 2263 συνῄνει,
2618 2192 2713 2246 καὶ
2734 2192 2995 2261 πρέσϐεις
3022 2193 3103 2254 εἰς
3131 2190 3351 2262 Ῥώμην
3377 2191 3473 2243 καὶ
3500 2191 3726 2262 χρήμα-

2142 2302 2213 2339 τα
2244 2284 2458 2355 πέμψαι
2495 2285 2596 2355 τῆς
2647 2285 2871 2355 εἰρήνης
2917 2284 3080 2337 ἕνεκα
3114 2282 3209 2338 καὶ
3252 2283 3517 2337 σπονδῶν.
3549 2278 3629 2338 Οὔ
3653 2285 3722 2354 τῇ

2143 2378 2338 2448 γνώμῃ
2394 2376 2491 2430 καὶ
2524 2377 2574 2429 οί
2603 2376 2782 2430 λοιποὶ
2808 2376 3151 2431 συνετίθεντο
3182 2391 3197 2408 ⁹
3238 2375 3382 2430 οὕτω
3404 2375 3461 2430 δὲ
3508 2375 3725 2447 quasiva

2144 2469 2238 2522 καί
2267 2472 2293 2521 ό
2320 2469 2531 2540 Πύρρος
2560 2468 2847 2538 ἐτύγχανε.
2881 2469 3139 2532 Καλέσας
3163 2463 3258 2524 οὖν
3285 2470 3413 2532 τοὺς
3434 2466 3724 2535 πρέσϐεις

2146 2561 2294 2615 Οὔτε
2333 2559 2559 2628 πρώην,
2603 2555 2651 2613 ὦ
2689 2559 2982 2629 Ῥωμαῖοι,
3018 2560 3146 2632 ἔφη,
3172 2560 3326 2614 ἆκὼν
3353 2558 3497 2629 ὑμῖν
3511 2559 3731 2614 ἐπαλέα»

2136 2670 2327 2724 arma,
2385 2653 2526 2707 οὔτε
2557 2655 2674 2707 νῦν
2721 2653 3129 2724 πολεμήσαιμι
3152 2670 3166 2685 ο
3199 2655 3382 2724 φίλος
3421 2651 3533 2724 γὰρ
3581 2654 3725 2723 ὑμῖν

2142 2748 2419 2817 γενέσθαι
2437 2745 2811 2814 βεϐούλημαι
2829 2759 2847 2779 ο
2878 2745 2972 2800 διὸ
3002 2745 3101 2801 καὶ
3134 2746 3277 2813 τοὺς
3309 2745 3725 2815 αίχμαλώτους

2139 2839 2283 2907 ὑμῖν
2310 2838 2460 2893 ἄνευ
2485 2839 2722 2906 λύτρων
2744 2838 2981 2908 ἀφίημι,
3008 2839 3106 2892 καί
3132 2840 3505 2917 σπείσασθαι
3546 2836 3718 2902 ἀξιῶ.

2143 2931 2327 2986 Ταῦτα
2363 2932 2463 3003 μὲν
2492 2932 2657 2985 πᾶσιν
2685 2931 2900 3001 εἰρήκει
2943 2933 3059 2993 τοῖς
3108 2930 3397 3001 πρέσϐεσι,
3460 2931 3557 2984 καὶ
3584 2932 3725 3002 χρή-

2144 3041 2290 3095 ματα
2320 3025 2472 3093 σφίσι
2500 3023 2569 3077 τὰ
2593 3024 2690 3094 μὲν
2715 3022 2936 3088 δέδωκε,
2960 3022 3030 3076 τὰ
3046 3023 3103 3076 δὲ
3133 3023 3499 3093 ἐπηγγείλατο
3523 3039 3540 3056 ’
3562 3023 3642 3094 τῷ
3663 3022 3724 3077 δδ

2141 3118 2419 3189 Φαϐρικίῳ
2464 3118 2605 3171 κατὰ
2655 3115 2824 3186 μόνας
2879 3114 3220 3186 διαλεχθεὶς,
3268 3115 3470 3181 Φίλος,
3541 3111 3722 3181 εἶπεν,

2140 3209 2332 3278 ἡδέως
2360 3210 2455 3265 καὶ
2488 3209 2681 3265 πᾶσιν
2717 3207 2795 3262 ἂν
2835 3207 3145 3277 Ῥωμαίοις
3192 3207 3502 3276 γενοίμην,
3542 3206 3723 3274 μάλι-

2141 3319 2257 3359 στα
2292 3304 2361 3358 δὲ
2387 3304 2510 3359 σοί.
2557 3302 2827 3372 Ὀρῶνγάρ
2861 3316 2937 3357 σε
2967 3300 3194 3371 ἀγαθόν
3235 3300 3448 3370 ἄνδρα,
3475 3300 3576 3355 καὶ
3606 3302 3724 3369 τὴν

2139 3396 2387 3466 είρήνην
2433 3395 2787 3466 συμπρᾶξαί
2833 3412 2936 3465 μοι
2959 3392 3131 3458 ἀξιῶ.
3181 3393 3367 3447 Ταῦτα
3396 3392 3597 3463 λέγων,
3628 3393 3725 3447 καὶ

2140 3488 2288 3558 δῶρα
2320 3486 2470 3558 αὐτῷ
2498 3488 2668 3541 πολλὰ
2691 3486 2887 3541 ἐδίδου.
2931 3486 2991 3540 Ὃ
3009 3486 3089 3550 δὲ,
3128 3483 3385 3541 Ἐπαινῶ
3416 3500 3515 3550 σε,
3538 3481 3722 3553 εἶπεν,

2137 3576 2185 3638 ὦ
2208 3581 2421 3651 uappa,
2451 3580 2543 3634 ὅτι
2567 3578 2677 3649 τῆς
2705 3578 2956 3649 εἰρήνης
3001 3578 3333 3664 ἐπιθυμεῖς,
3370 3580 3468 3633 καί
3490 3594 3592 3632 σοι
3615 3579 3726 3631 αὑ·
3813 3658 3822 3663 _

2137 3673 2276 3743 τὴν,
2307 3673 2386 3728 ἄν
2418 3688 2485 3742 τε
2540 3669 2820 3741 συμφέρῃ
2878 3671 3043 3740 ἡμῖν,
3104 3668 3579 3740 καταπράξομαι.
3600 3670 3725 3724 ,κοῦ

2139 3767 2251 3839 γὰρ
2278 3766 2430 3822 κατὰ
2455 3764 2568 3834 τῆς
2594 3764 2880 3832 πατρίδος
2915 3781 2971 3817 τι
2995 3762 3219 3833 πρᾶξαί
3235 3779 3333 3832 με,
3362 3762 3612 3832 ἀγαθὸν,
3638 3762 3724 3826 ὥς

2139 3852 2284 3923 φὴς,
2318 3851 2511 3920 ἄνδρα
2534 3850 2702 3914 ὄντα,
2733 3849 3039 3917 ἀξιώσεις.
3105 3852 3261 3906 Ἀλλ’
3308 3851 3451 3907 οὐδὲ
3491 3852 3723 3907 τούτων

2137 3939 2223 4001 ὧν
2259 3944 2438 4012 δίδως
2464 3962 2520 3998 τι
2557 3944 2796 4014 λάϐοιμι
2846 3944 2944 4000 ἄν.
2993 3943 3381 4014 Πυνθάνομαι
3412 3944 3528 4014 γάρ
3576 3959 3721 4010 σου,

2138 4037 2390 4105 πότερον
2414 4036 2740 4107 ἐλλόγιμόν
2765 4052 2842 4106 με
2857 4037 2939 4103 ὡς
2956 4033 3199 4105 ἀληθῶς
3230 4034 3486 4104 νομίζεις
3504 4035 3718 4103 ἄνδρα,

2136 4129 2177 4196 ἢ
2213 4129 2305 4184 οὔ.
2355 4131 2426 4183 El
2475 4130 2593 4197 μὲν
2638 4127 2749 4198 γὰρ
2807 4129 3045 4198 φαῦλός
3073 4130 3213 4196 εἰμι,
3251 4127 3380 4193 πῶς
3402 4143 3483 4197 με
3515 4127 3723 4196 om

2138 4220 2313 4285 ἄξιον
2366 4224 2632 4289 aspir-etc;
2697 4222 2751 4274 el
2796 4219 2867 4274 δὲ
2903 4220 3190 4288 χρηστὸς,
3241 4219 3371 4285 πῶς
3411 4218 3723 4288 μελαϐεῖν

2138 4312 2291 4368 αὐτὰ
2337 4313 2643 4380 ueletiam;
2697 4313 2857 4368 Ἴσθι
2908 4312 3079 4381 γοῦν,
3118 4311 3199 4378 ὡς
3252 4310 3368 4380 ἐγὼ
3402 4313 3504 4365 καὶ
3556 4311 3721 4366 πάνυ

2138 4404 2342 4461 πολλὰ
2396 4404 2514 4473 ἔχω
2538 4444 2555 4464 .
2601 4404 2726 4472 τοῖς
2793 4403 3096 4473 παροῦσιν
3158 4404 3535 4472 ἀρκούμενος
3560 4442 3576 4467 .
3620 4401 3720 4456 καί

464 4487 613 4542 aliud
639 4489 919 4543 causando
946 4498 1217 4555 moratus,
1254 4499 1543 4561 potentum
1565 4494 1711 4548 aedes
1739 4492 2036 4554 circumiit,

2144 4499 2443 4552 πλειόνων
2470 4498 2543 4551 οὐ
2581 4496 2827 4566 δέομαιο
2852 4495 2934 4550 σὺ
2964 4495 3015 4549 δ’
3047 4498 3100 4551 εὶ
3126 4497 3226 4554 καὶ
3257 4495 3498 4564 σφόδρα
3532 4498 3722 4549 πλου-

463 4591 668 4652 eosque
688 4588 744 4634 et
769 4580 954 4636 verbis
980 4589 1036 4636 et
1055 4582 1378 4638 muneribus
1401 4582 1506 4638 sibi
1528 4583 1862 4639 conciliavit.
1898 4581 2035 4638 Cum

459 4672 569 4740 jam
629 4671 833 4727 multos
885 4672 991 4729 sibi
1050 4673 1410 4742 devinxisset,
1464 4676 1673 4731 curiam
1732 4677 2035 4746 ingressus,

463 4761 603 4818 dixit
638 4780 653 4817 :
692 4761 926 4835 Pyrrhus
949 4781 1040 4819 rex
1058 4781 1114 4819 se
1149 4768 1348 4821 venisse
1379 4768 1476 4832 ait,
1514 4783 1618 4822 non
1639 4774 1696 4821 ut
1729 4766 1922 4822 bellum
1948 4783 2039 4821 uo-

462 4852 657 4905 biscum
687 4862 909 4923 gereret,
935 4855 1026 4908 sed
1048 4864 1103 4909 ut
1139 4855 1448 4911 Tarentinos
1478 4857 1844 4927 supplicessibi
1871 4858 2037 4929 factos

462 4946 847 5000 reconciliaret.
875 4946 1144 5003 Prwterea
1174 4951 1404 5019 captivos
1440 4952 1553 5006 sine
1583 4954 1751 5018 pretio
1781 4952 1921 5007 vobis
1955 4968 2038 5006 re-

458 5039 673 5092 stituit:
705 5048 903 5093 etcum
962 5057 1153 5112 agrum
1189 5052 1418 5097 vestrum
1472 5051 1707 5109 uastare,
1757 5053 1807 5097 et
1858 5044 2038 5098 urbem

460 5147 765 5202 oppugnare
799 5135 1067 5203 potuisset,
1090 5151 1144 5188 se
1164 5138 1218 5188 in
1243 5152 1521 5191 numerum
1551 5139 1841 5192 amicorum
1870 5147 1921 5190 et
1940 5143 2039 5206 ξιο-

459 5225 662 5277 ciorum
694 5235 985 5279 vestrorum
1011 5226 1226 5281 inscribi
1271 5227 1423 5297 petit.
1488 5228 1614 5283 Jam
1655 5228 1890 5298 quamvis
1924 5228 2039 5301 sibi

460 5330 546 5369 vos
580 5315 803 5370 multum
831 5316 1254 5372 commodaturos
1280 5318 1467 5383 credit,
1500 5319 1657 5389 plura
1680 5334 1735 5372 se
1766 5326 1943 5373 tamen
1988 5334 2038 5383 ιε

463 5407 672 5476 majora
702 5409 757 5462 in
781 5425 868 5463 vos
899 5409 1152 5477 beneﬁcia
1178 5398 1567 5467 collocuturum
1593 5410 1882 5465 existimat.
1914 5408 2038 5465 Haec

462 5513 586 5551 cum
643 5514 897 5555 maxumae
951 5510 1274 5557 senatorum
1315 5501 1457 5571 parti
1490 5500 1562 5556 ob
1600 5501 1919 5570 largitiones
1982 5509 2039 5554 et

463 5592 710 5663 captivos
736 5594 986 5649 redditos
1011 5593 1315 5664 placerent,
1360 5602 1540 5649 tamen
1589 5594 1743 5648 nullo
1772 5604 2037 5663 responso

464 5685 614 5750 dato,
653 5688 842 5755 plures
880 5684 1000 5744 dies
1041 5685 1100 5741 in
1126 5685 1487 5743 deliberando
1527 5692 1988 5755 consumpserunt
2019 5700 2035 5751 ;

465 5790 703 5847 cumque
732 5776 897 5850 .varla
960 5776 1300 5846 dicerentur,
1352 5778 1626 5834 sententia
1672 5777 1746 5833 de
1777 5790 1913 5857 pace
1958 5774 2038 5831 fa-

2138 4590 2280 4657 τεῖς,
2304 4590 2373 4645 ἐν
2406 4589 2585 4658 πενίᾳ
2605 4589 2790 4659 μυρίᾳ
2813 4589 3211 4656 καθέστηκας.
3239 4592 3322 4644 Οὐ
3340 4588 3453 4660 γὰρ
3472 4587 3552 4643 ἂν
3577 4589 3719 4642 οὔτε

2137 4684 2255 4750 τὴν
2288 4685 2594 4751 Ἤπειρον,
2629 4682 2767 4737 οὔτε
2792 4682 2865 4736 τὰ
2888 4681 3049 4736 ἄλλα
3078 4680 3117 4736 d
3149 4679 3715 4749 ἐχειςκαταλιπὼν,

2138 4774 2314 4843 δεῦρο
2337 4774 2720 4842 ἐπεραιώθης,
2780 4773 2904 4843 εἴγε
2955 4772 3211 4836 ἐκεινοις
3238 4770 3452 4839 ἠρκοῦ,
3506 4771 3610 4823 καί
3629 4768 3717 4839 μὴ

2137 4868 2436 4920 πλειόνων
2455 4865 2699 4936 ὠρέγου.
2730 4863 2950 4919 Τούτων
2972 4864 3114 4918 οὓτω
3128 4862 3529 4934 λεχθέντων,,οἰ
3582 4861 3722 4936 πρέ·

2140 4956 2290 5019 σϐεις
2315 4956 2441 5019 τοὺς
2488 4953 2873 5026 αἰχμαλώτους
2928 4952 3185 5016 λαϐόντες
3216 4951 3487 5023 ἀπῄεσαν.
3554 4951 3664 5004 Καὶ
3689 4950 3718 5002 ό

2140 5049 2352 5122 Πύρρος
2386 5047 2477 5101 τὸν
2501 5046 2732 5102 Κιννέαν
2757 5049 2838 5110 είς
2863 5048 2962 5118 τὴν
2996 5045 3216 5117 Ῥώμην
3261 5042 3555 5099 ἀπέστειλε
3582 5041 3718 5112 μετὰ

2141 5139 2369 5214 χρυςίου
2398 5137 2620 5205 πολλοῦ,
2644 5140 2741 5194 καί⁸
2773 5139 2983 5209 κόσμου
3009 5137 3324 5208 γυναικείου
3348 5134 3716 5201 παντοδαποῦ,

2140 5235 2248 5302 ἴνα,
2280 5234 2330 5287 εἰ
2349 5233 2443 5289 καί
2482 5249 2633 5299 τινες
2661 5232 2769 5288 τῶν
2797 5232 3009 5304 ἀνδρῶν
3038 5231 3366 5302 ἀντίσχοιεν,
3394 5229 3512 5285 ἀλλ’
3542 5231 3601 5284 ai
3624 5246 3721 5297 γυ-

2137 5328 2323 5388 ναῖκες
2342 5322 2545 5390 αὐτῶν,
2576 5324 2687 5385 τοῖς
2721 5322 2947 5392 κόσμοις
2968 5322 3401 5388 ἁναπεισθείσαι,
3431 5323 3716 5387 κάκείνους

2140 5416 2649 5486 συνδιαφθείρωσιν.
2676 5412 2882 5467 Ἐλθὼν
2929 5414 2985 5467 δὲ
3015 5413 3150 5486 πρὸς
3180 5412 3277 5484 τὴν
3330 5414 3489 5467 πόλιν
3521 5415 3553 5468 ό
3582 5416 3737 5468 Kuh

2138 5505 2282 5573 νέας,
2314 5505 2374 5559 οὐ
2401 5504 2632 5576 προσῄει
2685 5508 2752 5576 τῇ
2805 5504 3090 5576 γερουσίᾳ,
3140 5503 3281 5559 ἀλλὰ
3306 5505 3497 5575 διῆγεν
3526 5506 3715 5561 ἄλλοτε

2137 5598 2305 5668 ἀλλην
2335 5596 2515 5652 αἰτίαν
2543 5596 2946 5667 σκηπτόμενος.
3006 5594 3351 5668 Περιφοιτῶν
3383 5597 3440 5648 δὲ
3476 5597 3573 5650 καί
3615 5596 3715 5659 τὰς

2137 5689 2248 5744 τῶν
2271 5688 2514 5743 δυνατῶν
2543 5688 2748 5751 οἰκίας,
2767 5687 2946 5757 λόγοις
2972 5705 3031 5741 τε
3061 5689 3204 5756 σφᾶς
3232 5689 3328 5741 καὶ
3360 5687 3557 5758 δώροις
3612 5687 3714 5739 ὑπ-

2138 5777 2327 5847 ήγετο·
2352 5774 2447 5828 καλ⁸
2492 5775 2681 5846 δπειδη
2726 5774 2956 5839 πολλοὺς
2981 5774 3317 5847 ᾠκειώσατ),
3353 5776 3604 5847 εἰσῆλθεν
3632 5766 3735 5839 εἰς’

2190 5876 2225 5911 κε
