4008 6250
311 241 416 303 MS

1529 245 1936 308 ANNALIUM
1975 247 2122 310 LIB.
2167 245 2331 309 VIII.

3463 252 3572 318 646

310 355 364 404 τὸ
415 351 706 422 συνέδριον,
754 353 849 404 καὶ
909 343 1087 414 εἶπεν,
1128 349 1204 416 ὡς
1254 351 1485 422 Πύρῤος
1528 355 1888 421 όβασιλεὺς

1999 354 2186 411 cienda
2214 355 2367 410 vicit.
2405 352 2525 420 Quo
2559 354 2769 425 Appius
2791 370 2969 412 caicus
3008 356 3248 429 cognito,
3303 357 3360 414 in
3410 375 3574 416 sena-

311 444 710 512 ἀπιοςρίογεῖται⁸
753 444 842 497 ὅτι
892 447 1003 513 οὐχ
1032 447 1110 510 ὡς
1151 445 1518 515 πολεμήσων
1544 445 1688 516 ὑμῖν
1713 442 1883 517 ἧκεν,

310 536 444 589 ἀλλ’
469 537 549 600 ὡς
572 534 973 601 καταλλάξων
1011 538 1411 605 Ταραντίνους
1439 539 1629 592 αὐτὸν
1659 539 1886 593 ἱκετεύ-

311 643 522 693 ονταςο
567 629 776 697 ἀμέλει
812 630 910 682 καὶ
951 630 1092 696 τοὺς
1137 630 1399 696 ἁλόντας
1432 630 1600 700 ὑμῶν
1655 632 1891 700 λύτρων

311 723 542 792 ἀφῆκεν
570 722 708 790 ἄτερ
739 737 755 754 ο
793 722 890 777 καί
931 723 1271 791 δυνάμενος
1302 721 1609 792 πορθῆσαι
1639 723 1753 790 τὴν
1777 721 1890 793 χώ-

308 833 438 884 ραν,
467 815 562 866 καί
594 813 669 882 τῇ
703 813 879 868 πόλει
906 814 1301 882 προσϐαλεῖν,
1332 813 1490 878 ἀξιοῖ
1519 813 1639 881 τοῖς
1689 814 1890 882 φίλοις

312 909 406 959 καὶ
428 907 551 971 τοῖς
581 905 921 975 συμμάχοις
950 905 1118 975 ὑμῶν
1139 905 1529 976 ἐγγραφῆναι,
1553 904 1753 960 πολλὰ
1774 905 1892 975 μὲν

309 997 728 1066 ὠφελήσεσθαι
759 998 862 1066 ἀφ’
894 996 1062 1068 ὑμῶν
1089 996 1365 1064 ἐλπίζων,
1394 997 1582 1052 πλείω
1608 998 1658 1050 δ’
1681 997 1769 1052 ἔτι
1792 995 1890 1054 καί

306 1090 476 1160 μείζω
498 1089 918 1160 εὐεργετήσειν
950 1090 1130 1160 ὑμᾶς.
1208 1091 1332 1144 Ἐπὶ
1360 1090 1570 1153 τούτοις
1595 1091 1645 1143 οἱ
1675 1089 1892 1153 πλείους

310 1183 416 1236 τῶν
442 1182 748 1253 βουλευτῶν
776 1183 1078 1254 ἠρέσκοντο
1105 1182 1192 1237 διά
1223 1185 1291 1236 τὰ
1319 1182 1490 1254 δῶρα,
1515 1183 1612 1236 καὶ
1645 1181 1733 1236 διὰ
1764 1183 1892 1246 τοὺς

311 1273 708 1345 αἰχμαλώτους,
743 1275 803 1327 ού
826 1275 1012 1346 μέντοι
1033 1276 1126 1329 καὶ
1152 1275 1518 1346 ἀπεκρίναντο
1543 1292 1558 1306 ⁸
1589 1274 1704 1330 ἀλλ’
1734 1276 1892 1330 ἐσκό-

311 1384 442 1420 πουν
463 1366 544 1420 ἐτι
573 1367 793 1432 πλείους
823 1367 1039 1439 ἡμέρας
1069 1368 1096 1422 ὅ
1122 1385 1173 1422 τι
1199 1367 1308 1440 χρὴ
1331 1370 1572 1450 πρᾶξαιο
1603 1369 1697 1423 καὶ
1721 1368 1892 1423 πολλά

1996 456 2110 502 tum
2145 447 2383 513 delatus,
2431 448 2581 517 (nam
2632 448 2702 503 ob
2755 457 2970 504 aetatem
3034 458 3092 505 et
3163 450 3374 506 cladem
3440 467 3577 506 ocu-

1991 541 2170 596 lorum
2229 539 2376 594 domi
2438 555 2497 596 se
2547 540 2834 596 continere
2880 542 3111 610 solebat)
3153 544 3374 613 negavit
3403 561 3434 598 e
3486 559 3575 598 re-

1967 632 2213 704 publica
2242 645 2368 686 esse
2402 640 2461 686 ut
2511 648 2615 702 pax
2665 648 2789 687 cum
2815 633 3025 705 Pyrrho
3057 633 3232 697 ﬁeret,
3280 643 3336 688 et
3365 636 3580 689 monuit

1991 724 2228 795 Cyneam
2271 722 2457 779 statim
2502 724 2637 778 urbe
2671 723 2985 794 pellendum
3030 740 3176 792 esse,
3201 741 3299 795 per
3337 741 3578 796 cumque

1992 816 2207 887 Pyrrho
2253 815 2680 888 signiﬁcandum
2725 826 2786 871 ut
2831 816 3055 871 domum
3116 832 3391 883 reversus,
3461 818 3590 872 sive"

1993 906 2156 977 375
2183 907 2252 961 de
2280 922 2440 979 pace,
2473 906 2588 961 sive
2615 907 2748 977 quid
2783 907 2932 961 aliud
2972 907 3160 972 vellet,
3210 909 3419 979 legatos
3447 909 3577 962 mit-

1995 1007 2155 1052 teret.
2193 997 2320 1053 Hzee
2359 998 2534 1067 Appio
2564 1001 2769 1062 locuto,
2800 1006 3053 1064 senatus,
3093 998 3234 1053 nihil
3263 1007 3576 1064 cunctatus,

1995 1090 2181 1144 statim
2248 1088 2723 1144 consentientibus
2776 1090 2978 1144 animis
3034 1091 3282 1146 decrevit
3335 1090 3576 1163 Cyneam

1993 1180 2189 1235 eodem
2228 1179 2316 1235 die
2362 1190 2517 1235 extra
2588 1180 2724 1235 lines
2765 1181 3129 1251 ablegandum
3177 1201 3192 1237 :
3238 1192 3296 1237 et
3342 1183 3574 1254 Pyrrho,

1995 1271 2125 1327 dum
2178 1271 2231 1327 in
2276 1271 2428 1327 Italia
2485 1281 2816 1338 versaretur,
2865 1274 3070 1328 bellum
3118 1275 3578 1331 irreconciliabile

1995 1364 2351 1419 indicendum
2385 1380 2526 1421 esse.
2557 1365 2821 1435 Captivos
2872 1382 3006 1420 vero
3056 1367 3284 1421 militari
3335 1369 3572 1438 quadam

314 1457 410 1527 μὲν
433 1457 671 1526 ἐλέγετο,
704 1457 999 1530 ἐπεκράτει
1028 1458 1076 1511 δ’
1102 1459 1254 1529 ὅμως
1288 1456 1635 1513 σπείσασθαι.
1681 1456 1891 1512 Μαθὼν

342 1552 359 1570 ὶ
398 1551 544 1570 _,'--
589 1551 612 1570 Ι

1997 1454 2298 1526 ignominia
2325 1464 2611 1521 notarunt,
2650 1455 2716 1511 iis
2744 1471 2923 1526 neque
2953 1465 3145 1512 contra
3169 1458 3437 1529 Pyrrhum
3464 1460 3573 1523 usi,

310 1551 364 1604 δέ
393 1551 552 1604 τοῦτο
589 1551 832 1614 Ἄππιος
859 1551 886 1603 ὁ
908 1551 1131 1620 τυφλὸς,
1161 1549 1430 1622 ἐκομίσθη
1454 1551 1544 1604 ἐπὶ
1581 1551 1642 1604 τὸ
1663 1549 1890 1621 βουλευ-

1999 1562 2177 1616 ncque
2221 1561 2450 1616 usquam
2504 1547 2637 1602 alibi
2681 1547 2978 1614 universis,
3014 1564 3084 1603 ne
3119 1549 3252 1619 quid
3293 1552 3576 1621 conjuncti

311 1641 497 1710 τήριον
526 1638 672 1712 (ὑπὸ
704 1639 812 1712 γὰρ
843 1638 936 1692 τοῦ
965 1641 1172 1711 γήρους
1218 1641 1312 1693 καὶ
1338 1638 1432 1693 τοῦ
1468 1639 1674 1703 πάθους
1707 1642 1891 1694 οἰκου-

1999 1655 2266 1694 novarum
2299 1654 2481 1694 rerum
2514 1641 2859 1707 molirentur,
2901 1641 2998 1696 sed
3033 1642 3171 1697 alios
3202 1641 3256 1696 in
3290 1642 3396 1696 alia
3434 1659 3578 1713 pra:-

316 1697 422 1803 ptIJ'V
449 1697 578 1804 71v},
610 1697 870 1786 καίείπε
897 1697 1304 1804 μὴ’συμφέρειν
1327 1733 1427 1796 τὰς
1454 1734 1591 1804 πρὸς
1623 1697 1716 1788 τδν
1743 1733 1889 1806 Πύρ-

1999 1732 2141 1787 sidia
2195 1733 2488 1788 miserunt.
2539 1734 2645 1790 Per
2691 1735 2926 1791 hiemem
2973 1735 3235 1807 utrinque
3267 1751 3328 1793 se
3371 1736 3579 1794 instru-

316 1828 405 1897 ρον
431 1825 735 1895 συμδάσεις
761 1829 828 1896 τῇ
864 1825 1132 1896 πολιτείᾳ.
1165 1824 1447 1896 Παρῄνεσε
1470 1825 1546 1892 δὲ,
1573 1825 1666 1880 καὶ
1691 1827 1890 1881 αὐτίκα
1996 1837 2216 1884 xerunt.

311 1923 401 1976 τὸν
430 1925 662 1978 Κιννέαν
691 1923 942 1990 ἐξελάσαι
975 1922 1072 1992 τῆς
1103 1921 1330 1988 πόλεως,
1366 1922 1459 1975 καὶ
1487 1921 1557 1974 δι’
1595 1921 1759 1974 αὐτοῦ
1826 1921 2066 1992 δηλῶσαι
2126 1923 2204 1993 τῷ
2264 1923 2466 1996 Πύρρῳ
2522 1923 2707 1978 οίκαδε
2735 1925 3424 1997 ἀναχωρήσαντα,ἐκεῖθεν
3455 1929 3577 1981 ἐπι-

311 2020 915 2090 κηρυκεύσασθαιπερὶ
943 2020 1168 2090 εἰρήνης
1200 2017 1586 2088 αύτοῖς,ἦκαὶ
1647 2016 1775 2087 περὶ
1836 2017 2026 2086 ἐτέρου
2100 2017 2227 2071 ὅτου
2262 2019 2455 2075 δέοιτο.
2523 2019 2711 2074 Ταῦτα
2759 2021 2787 2074 ὁ
2846 2023 3084 2084 Ἄππιος
3133 2022 3574 2080 συνεϐούλευσεν.

322 2111 466 2164 ⁸11δέ
489 2113 754 2182 γερουσία
781 2113 966 2166 οὐκέτι
1018 2112 1312 2182 ἐμέλησεν,
1365 2110 1481 2166 ἀλλ’
1539 2110 1700 2173 εὐθὺς
1763 2108 2108 2181 ὁμοθυμαδὸν
2175 2111 2511 2184 ἐψηφίσαντο
2562 2114 2874 2185 αὐθημερὸν
2893 2114 2986 2170 τὸν
3034 2117 3269 2170 Κιννέαν
3331 2113 3438 2185 ἔξω
3468 2118 3578 2172 τῶν

313 2208 455 2280 ὅρων
484 2207 787 2280 ἐκπέμψαι,
831 2207 1028 2278 καὶτῷ
1052 2207 1254 2280 Πύρρῳ
1289 2207 1525 2280 πόλεμον
1551 2207 1887 2278 ἀκήρυκτον,
1929 2207 2035 2272 ἕως
2102 2209 2168 2264 ἂν
2198 2209 2256 2262 ἐν
2309 2213 2376 2280 τῇ
2408 2209 2611 2280 Ἰταλίᾳ
2637 2210 2822 2283 διάγῃ,
2848 2211 3204 2282 ποιήσασθαι.
3239 2212 3362 2276 Τοῖς
3401 2213 3446 2266 δ’
3496 2214 3577 2267 αι-

314 2303 618 2374 χμαλώτοις
648 2302 871 2375 ἀτιμίαν
893 2305 1016 2358 τινά
1061 2304 1118 2356 ἐν
1148 2306 1270 2366 ταῖς
1300 2304 1611 2374 στρατείαις
1679 2303 1972 2372 ἐπέθεσαν,
2013 2305 2107 2359 καὶ
2155 2305 2280 2359 οὔτε
2331 2306 2468 2375 πρὸς
2521 2307 2613 2360 τὸν
2663 2308 2882 2379 Πύρρον
2905 2307 3090 2371 αὐτοῖς
3139 2308 3220 2361 ἐτι
3249 2310 3575 2386 ἐχρήσαντο,

315 2392 431 2448 οὔτ’
456 2394 648 2448 ἄλλοσέ
683 2413 774 2450 ποι
809 2395 1048 2466 ἀθρόοις,
1084 2396 1170 2448 ἴνα
1204 2397 1279 2467 μή
1316 2413 1369 2448 τι
1407 2394 1544 2466 ὁμοῦ
1571 2395 1725 2457 ὄντες
1749 2395 2172 2465 νεωτερίσωσιν,
2237 2395 2351 2450 ἀλλ’
2414 2396 2611 2461 ἄλλους
2671 2398 2804 2471 ἄλλῃ
2868 2399 3281 2470 φρουρήσοντας
3303 2398 3576 2470 ἔπεμψαν.

325 2485 412 2538 Ἐν
441 2487 540 2558 μὲν
572 2475 665 2540 οὖν
686 2487 762 2556 τῷ
793 2489 1024 2558 χειμῶνι
1077 2486 1552 2557 παρεσκευάζοντο
1583 2487 1772 2558 ἄμφω.

385 2575 460 2632 E'.
493 2579 693 2649 Ἐαρος
729 2579 770 2632 δ’
799 2579 899 2650 ’ήδη
930 2578 1313 2647 ἐφεστηκότος,
1342 2579 1369 2631 ὁ
1401 2579 1620 2650 Πύρρος
1665 2581 1746 2642 εἰς
1789 2580 1889 2650 τὴν

2065 2578 2128 2632 V.
2152 2577 2292 2632 Vere
2307 2576 2545 2632 instante
2570 2577 2842 2649 Pyrrhus,
2864 2579 3228 2650 impressione
3246 2581 3300 2637 in
3318 2581 3574 2652 Apuliam

325 2670 620 2725 Ἀπουλίαν
667 2670 938 2736 ἐνέϐαλλε,
999 2671 1097 2724 καὶ
1151 2670 1322 2724 πολλὰ
1379 2671 1480 2740 μὲν
1535 2670 1648 2742 βίᾳ,
1717 2672 1888 2728 πολλά

1999 2666 2158 2731 facta,
2185 2667 2351 2722 multa
2388 2667 2461 2732 vi,
2497 2668 2667 2722 multa
2689 2668 2972 2726 deditione
3009 2672 3304 2741 occupavit
3334 2689 3350 2730 :
3383 2674 3566 2730 donec

314 2761 371 2813 δὲ
423 2758 689 2830 ὁμολογίᾳ
747 2760 1213 2829 προσεποιήσατο,
1268 2760 1460 2831 μέχρις
1510 2753 1571 2813 οὗ
1629 2760 1890 2832 Ῥωμαῖοι

1999 2758 2227 2813 Romani
2262 2758 2330 2813 ad
2365 2759 2630 2815 Asculum
2682 2761 2945 2830 Oppidum
2977 2771 3172 2817 contra
3224 2779 3352 2820 eum
3395 2775 3576 2822 castra

316 2853 460 2922 πρὸς,
499 2851 776 2922 Ἀσκούλῳ
831 2851 985 2905 πόλει
1031 2850 1145 2904 ὄντι
1187 2851 1338 2920 αύτῷ
1385 2850 1725 2916 ἐπελθόντες,
1759 2853 1891 2908 ἀντ·

1999 2857 2320 2918 posuerunt,
2361 2865 2425 2905 ac
2453 2851 2576 2905 dies
2608 2852 2925 2920 complures
2951 2863 3146 2908 mutuo
3174 2865 3324 2910 metu
3352 2858 3578 2924 quieve-

315 2939 904 3014 εστρατοπεδεύσαντο.
924 2941 1048 2994 Ἐπὶ
1076 2939 1294 3004 πλείους
1311 2941 1354 2993 δ’
1369 2941 1578 3012 ἡμέρας
1609 2940 1891 3012 διέτριψαν

1999 2950 2148 2996 runt.
2183 2940 2319 2995 Nam
2352 2941 2588 2996 Romani
2638 2939 2896 3028 Epirotas
2918 2952 2980 2999 ut
3003 2944 3243 3001 victores
3279 2947 3571 3013 timebant,

314 3006 604 3097 ὀκνοῦντες
635 3033 917 3103 ἀλλήλους.
951 3033 1015 3086 Οἱ
1045 3032 1144 3102 μὲν
1171 3033 1280 3104 γὰρ
1319 3006 1580 3102 Ῥωμαῖοι
1605 3006 1742 3096 τοὺς⁷
1763 3006 1892 3102 προ-

1999 3026 2235 3097 Epirota:
2270 3027 2548 3086 Romanos
2578 3039 2640 3086 ut
2671 3016 3013 3102 desperatos.
3046 3033 3262 3090 Interea
3281 3050 3406 3092 cum
3433 3053 3577 3092 non-

316 3125 672 3195 νενικηκότας
701 3125 803 3177 οὐκ
840 3123 1133 3194 ἐθάρρουν,
1155 3125 1204 3176 οἱ
1235 3123 1291 3175 δὲ
1320 3122 1395 3186 ὡς
1425 3125 1892 3194 ἀπονενοημένους

316 3217 590 3274 ἐδεδίεσαν
621 3218 752 3282 τοὺς
798 3215 1134 3288 Ῥωμαίους·
1184 3216 1285 3269 κάν
1331 3218 1506 3287 τούτῳ
1547 3216 1894 3286 λογοποιούν-

316 3327 424 3364 των
458 3311 647 3376 τινῶν,
683 3311 766 3363 ὅτι
805 3312 833 3362 ὁ
861 3309 1049 3372 Δέκιος
1076 3307 1357 3363 ἐπιδοῦναι
1396 3309 1588 3365 ἑαυτὸν
1632 3311 1772 3363 κατά
1801 3309 1892 3364 τὸν

316 3404 555 3476 πατέρα,
583 3405 680 3459 καὶ
711 3403 804 3456 τὸν
838 3403 1063 3456 πάππον
1097 3402 1208 3473 (14)
1240 3400 1604 3473 ἐτοιμάζοιτο,
1643 3402 1737 3456 καὶ
1767 3401 1894 3466 τοὺς

314 3497 412 3553 τοῦ
443 3495 665 3568 Πύρρου
695 3495 887 3559 δεινῶς
935 3493 1339 3564 ἐκφοϐούντων,
1380 3493 1456 3557 ὡς
1489 3495 1554 3546 ἐκ
1587 3491 1680 3546 τοῦ
1712 3492 1894 3548 θανεῖν

315 3589 528 3644 ἐκεῖνον
563 3587 784 3652 πάντως
812 3585 1245 3656 ἀπολουμένους,
1279 3585 1556 3655 συνήγαγε
1580 3585 1707 3647 τοὺς
1738 3601 1896 3654 στρα-

316 3681 521 3744 τιώτας
563 3681 594 3735 ὁ
642 3678 884 3752 Πύρρος,
927 3679 1023 3732 καὶ
1045 3675 1313 3748 διειλέχθη
1347 3676 1478 3746 περὶ
1504 3673 1716 3739 τούτου,
1758 3690 1899 3745 cup.-

316 3770 618 3836 ϐουλεύων,
709 3769 858 3837 Μήτ’
919 3768 1192 3840 ἀθυμεῖν,
1245 3766 1384 3839 μήτ’
1456 3768 1898 3837 ἐκπλήττεσθαι

317 3865 612 3928 τοιούτοις
643 3864 850 3932 λόγοις
873 3879 884 3892 ·
921 3861 1076 3931 μήτε
1107 3861 1216 3931 γὰρ
1246 3859 1356 3914 ἕνα
1375 3858 1688 3927 ἄνθρωπον
1715 3860 1900 3913 δύναν

319 3958 462 4008 σθαι
490 3953 843 4021 θνήσκοντα
878 3955 1152 4019 πολλοὺς
1192 3951 1734 4021 καταγωνίσασθαι,
1761 3949 1900 4020 μήτ’

319 4045 566 4112 ἐπῳδὴν
605 4045 642 4113 ἢ
682 4046 1051 4115 μαγγανείαν
1093 4046 1229 4097 τινὰ
1267 4043 1510 4111 κρείττω
1553 4041 1674 4095 τῶν
1697 4043 1902 4096 ὅπλων

320 4138 421 4195 καί
446 4136 568 4194 τῶν
602 4138 670 4195 ἀν
683 4137 839 4208 δρῶν
874 4137 1173 4207 γενέσθαι.
1211 4135 1376 4188 Ταῦτ’
1408 4133 1600 4200 εἰπὼν,
1629 4137 1724 4187 καὶ
1752 4135 1904 4203 λογι-

323 4231 482 4301 σμοῖς
507 4229 878 4303 ὲπικρατύνας
907 4230 1030 4293 τοὺς
1062 4227 1255 4296 λόγους
1286 4229 1313 4280 ὁ
1341 4227 1578 4298 Πύρρος,
1604 4226 1664 4279 τὸ
1694 4227 1898 4279 οίκεῖον

1994 3116 2130 3170 nulli
2163 3133 2383 3174 rumore
2408 3134 2625 3188 sparso,
2673 3121 2898 3177 Decium
2955 3124 3021 3178 ad
3062 3122 3443 3181 devovendum
3491 3143 3578 3184 se-

1994 3210 2289 3280 metipsum
2349 3213 2600 3280 exemplo
2656 3215 2830 3284 patris
2877 3224 2936 3270 et
2988 3217 3074 3271 avi
3131 3231 3381 3288 paratum
3430 3235 3576 3284 esse,

1996 3300 2254 3374 Epirotas
2283 3305 2800 3374 perterrefacerent,
2832 3323 2900 3364 ex
2943 3309 3092 3364 illius
3119 3311 3265 3366 enim
3292 3311 3444 3367 obitu
3470 3329 3580 3369 om-

1997 3409 2095 3448 nes
2126 3397 2421 3466 perituros,
2473 3397 2717 3469 Pyrrhus
2745 3413 2876 3455 suos
2903 3401 3106 3455 milites
3155 3401 3406 3458 hortatus
3435 3413 3522 3459 est
3556 3420 3572 3459 :

1995 3485 2074 3540 Ne
2108 3490 2468 3558 desperarent,
2503 3497 2594 3541 aut
2625 3489 3037 3557 percellerentur
3065 3491 3576 3560 hujusmodt'verbis.

2003 3575 2190 3647 Neque
2242 3580 2379 3632 enim
2435 3580 2602 3633 unius
2658 3581 2886 3633 hominis
2933 3581 3076 3634 obitu
3107 3582 3298 3636 mullos
3329 3583 3580 3638 debellari

1999 3685 2147 3738 posse
2184 3685 2204 3723 :
2260 3686 2424 3740 neque
2472 3671 2908 3734 incantationem,
2945 3681 3036 3726 aut
3063 3674 3362 3742 prrestigt'as
3415 3675 3580 3741 ullas,

1998 3761 2115 3830 plus
2146 3777 2303 3832 quam
2330 3763 2467 3816 viros
2495 3771 2543 3816 ct
2587 3779 2740 3816 arma
2769 3763 2966 3818 valere.
2994 3763 3126 3830 Quae
3151 3780 3278 3820 cum
3324 3765 3576 3829 dixisset,

1999 3859 2056 3907 et
2076 3854 2380 3906 orationem
2402 3867 2556 3907 suam
2588 3854 2895 3909 rationibus
2924 3855 3310 3924 approbasset,
3341 3857 3561 3911 exerci-

2004 3951 2117 3996 tum
2151 3942 2541 3998 conﬁrmavit:
2577 3944 2946 4016 indagatoque
2994 3947 3207 4012 habitu,
3261 3964 3370 4017 quo
3425 3951 3578 4006 Decii
3617 3992 3622 3996 -

1989 4030 2061 4092 se
2089 4036 2455 4101 devovissent,
2490 4039 2722 4101 monuit,
2774 4038 2818 4092 si
2847 4053 3014 4108 quem
3064 4040 3138 4094 ita
3170 4050 3428 4096 ornatum
3460 4057 3582 4098 cer-

2004 4118 2220 4203 nerent,
2274 4142 2344 4182 ne
2393 4143 2519 4182 eum
2573 4127 2913 4194 occiderent,
2978 4130 3071 4184 sed
3108 4131 3382 4186 viventem
3434 4147 3585 4188 com-

2007 4217 2438 4285 prehenderent.
2469 4219 2636 4273 Decio
2698 4235 2832 4274 vero
2867 4220 3114 4274 nuntiari
3147 4221 3331 4290 jussit,
3370 4223 3584 4280 facinus

319 4324 596 4395 ἐθάρσυνε
647 4323 1002 4394 στράτευμαο
1057 4320 1154 4373 καὶ
1201 4318 1767 4390 πολυπραγμονήσας,
1803 4319 1896 4388 τὴν

2007 4311 2141 4366 illud
2173 4311 2226 4366 ei
2260 4326 2372 4366 non
2421 4327 2802 4367 successurum
2837 4330 2850 4366 :
2889 4313 3012 4368 etsi
3061 4314 3223 4369 vivus
3261 4325 3576 4385 caperetur,

324 4414 523 4486 στολὴν
637 4414 941 4484 ἐχρήσαντο
973 4413 1022 4465 οἱ
1050 4412 1232 4465 Δέκιοι
1277 4409 1605 4473 ἐπιδιδόντες
1649 4409 1900 4475 ἑαυτοὺς,

323 4507 670 4579 παρήγγειλε
700 4508 810 4568 τοῖς
839 4505 1082 4572 οἰκείοις,
1109 4505 1176 4560 ἄν
1209 4521 1331 4558 τινα
1357 4502 1532 4564 οὕτως
1563 4501 1904 4572 ἐσκευασμέ-

324 4616 414 4654 νον
441 4599 620 4666 ῐδωσι,
657 4597 733 4671 μὴ
757 4599 982 4671 ’κτεῖναι
1016 4596 1198 4663 αὐτὸν,
1235 4595 1368 4650 ἀλλὰ
1407 4595 1544 4660 ζωὸν
1574 4593 1860 4647 συλλαϐεῖν
1883 4607 1900 4625 ’

324 4691 405 4762 τῷ
437 4689 496 4745 δὲ
522 4689 704 4760 Δεκίῳ
723 4689 948 4760 πέμψας
982 4689 1110 4760 ἔφη,
1153 4686 1278 4742 οὔτε
1326 4687 1705 4758 προχωρήσειν
1749 4684 1900 4756 αὐτῷ

324 4785 487 4838 τοῦτο
539 4782 746 4855 πρᾶξαι
795 4781 1106 4854 θελήσαντι,
1173 4784 1265 4836 καὶ
1311 4780 1665 4852 ζωγρηθέντα
1714 4779 1900 4843 κακῶς

324 4873 653 4929 ἀπολεῖσθαι
683 4873 970 4945 ἠπείλησε.
1007 4871 1146 4946 Πρὸς
1176 4872 1318 4942 ἅπερ
1351 4871 1400 4923 οἱ
1437 4868 1634 4924 ὕπατοι
1663 4869 1900 4940 ἀπεκρί-

325 4985 514 5030 ναντο,
546 4965 774 5036 μηδενὸς
798 4965 1044 5018 τοιούτου
1074 4966 1213 5033 σφᾶς
1233 4963 1396 5034 έργου
1417 4961 1626 5015 δεῖσθαι
1646 4978 1659 4991 '
1689 4963 1905 5023 πάντως

324 5063 439 5128 γάρ
467 5056 634 5112 αὐτοῦ
663 5057 754 5110 καὶ
789 5055 964 5119 ἄλλως
986 5055 1305 5126 κρατήσειν.
1333 5051 1588 5122 Ποταμοῦ
1619 5051 1674 5104 δέ
1693 5051 1782 5105 διὰ
1810 5051 1899 5120 μέ·

329 5167 427 5204 σου
451 5149 561 5203 τῶν
593 5146 977 5220 στρατοπέδων
1004 5147 1102 5198 οὑκ
1129 5144 1446 5198 εὑδιαϐάτου
1476 5145 1712 5212 ῥέοντος,
1745 5142 1907 5212 ἤρον-

324 5259 414 5307 το,
437 5243 669 5313 πότερον
701 5241 866 5303 αὐτὸς
902 5237 1276 5310 περαιωθῆναι
1313 5234 1564 5307 βούλεται
1592 5234 1788 5296 ἀδεῶς,
1809 5234 1907 5286 αύ-

217 5391 233 5403 ,
325 5337 440 5388 τῶν
473 5332 977 5404 ἀναχωρησάντων,
1031 5331 1066 5397 ἢ
1123 5329 1351 5392 ἐκείνοις
1407 5325 1701 5396 ἐπιτρέψαι
1747 5325 1906 5380 τοῦτο

327 5428 585 5497 ποιῆσαι,
620 5427 686 5479 ἶν’
722 5425 781 5488 ἐξ
812 5419 1109 5476 ἀντιπάλου
1148 5421 1327 5490 μάχης
1358 5417 1633 5489 ἀκεραίων
1671 5417 1780 5470 τῶν
1812 5418 1903 5470 δυο

2010 4404 2150 4459 male
2187 4404 2492 4475 periturum
2517 4419 2640 4460 esse
2668 4405 2907 4460 minatus
2934 4417 3038 4460 est.
3066 4406 3147 4460 Ad
3178 4423 3301 4476 quae
3323 4411 3583 4467 consules

2009 4483 2432 4568 responderunt,
2471 4499 2622 4553 nulla
2647 4514 2708 4552 re
2739 4498 2834 4553 tali
2853 4498 2958 4553 sibi
2991 4514 3132 4569 opus
3160 4515 3304 4555 esse.
3333 4501 3404 4556 Se
3431 4505 3580 4558 enim

2007 4590 2213 4661 alioqui
2247 4593 2478 4646 omnino
2541 4593 2857 4661 superiores
2906 4592 3002 4647 illo
3047 4594 3286 4648 futuros.
3342 4595 3411 4650 Et
3459 4611 3586 4651 cum

2008 4681 2341 4753 profundum
2375 4682 2581 4736 ﬂumen
2627 4693 2806 4736 castra
2840 4681 3081 4737 medium
3127 4682 3434 4749 dirimeret,
3481 4686 3589 4740 sci-

2007 4772 2187 4829 scitati
2205 4780 2352 4837 sunt,
2389 4783 2570 4827 utrum
2591 4771 2707 4842 ipse
2737 4772 2962 4843 impune
2994 4775 3252 4839 transire,
3289 4790 3348 4830 se
3371 4776 3586 4844 digres-

2007 4864 2106 4931 sis,
2139 4880 2212 4920 an
2273 4863 2382 4920 sibi
2419 4865 2740 4920 transeundi
2794 4875 3125 4934 potestatem
3179 4865 3311 4920 dare
3346 4867 3533 4922 mallet
3569 4883 3583 4920 :

2009 4965 2069 5009 ut
2099 4953 2295 5024 aequali
2328 4969 2530 5024 pugna,
2561 4954 2802 5025 utrisque
2841 4958 3014 5026 cepiis
3047 4956 3279 5024 integris
3301 4972 3570 5026 congres-

2009 5046 2107 5112 sis,
2140 5045 2209 5100 de
2257 5045 2585 5102 fortitudine
2641 5055 2852 5101 certum
2905 5047 3024 5102 ﬁeri
3055 5048 3319 5118 judicium
3372 5059 3582 5116 posset.

2007 5137 2162 5192 llam:
2193 5137 2472 5208 optionem
2505 5137 2736 5192 Romani
2761 5139 2974 5208 Pyrrho
3011 5139 3241 5193 terroris
3276 5138 3584 5195 incutiendi

2012 5243 2176 5285 causa
2225 5229 2508 5286 dedissent
2547 5246 2562 5284 :
2601 5231 2716 5296 ille,
2762 5231 2992 5285 multum
3030 5231 3339 5299 elephantis
3385 5232 3583 5302 fretus,

2010 5337 2108 5377 eos
2136 5321 2340 5377 ﬂumen
2383 5322 2618 5378 transire
2648 5338 2839 5393 passus
2865 5332 2969 5379 est.
3003 5323 3234 5379 Romani
3260 5338 3394 5380 vero
3448 5340 3574 5380 cum

2009 5417 2116 5473 alia
2146 5424 2542 5488 praepararant,
2576 5425 2687 5472 tum
2712 5414 2973 5471 adversus
2995 5415 3320 5487 elephantos
3352 5418 3586 5476 ferratas

1536 5557 1732 5621 Varia:
1762 5559 2067 5623 lectiones
2107 5568 2170 5622 et
2202 5566 2392 5622 notas.

412 5697 456 5769 (ι
480 5699 524 5768 t)
563 5693 836 5748 Πάππον.
871 5689 946 5746 Ita
980 5703 1110 5744 mss.
1137 5685 1297 5743 codd.
