4008 6250
473 349 576 413 64³1

1736 317 2061 396 JOANNIS
2102 334 2425 394 zonam;

3619 326 3725 389 εἰτὸ

475 463 686 522 hastas,
721 466 1084 512 antennarum
1113 451 1276 524 376
1310 452 1478 506 instar
1506 448 1763 504 curribus
1802 448 2054 510 insertas,

2163 445 2381 516 ναμεων
2413 445 2492 508 είς
2524 444 2709 514 χεῖρας
2736 439 3028 495 ἐὶθονσιῖν.
3060 439 3088 492 ό
3122 437 3224 509 τῆς
3245 438 3497 512 ἀνδρείας
3519 437 3730 510 ἐλεγχος

473 564 529 610 et
564 552 809 621 undique
851 548 1157 604 eminentes
1188 553 1471 616 pararunt,
1527 550 1586 597 ut
1610 555 1732 594 cum
1783 540 1890 594 alia
1943 548 2055 591 tum

476 649 656 716 iguem
709 643 836 698 inde
895 639 1254 713 ejuculantes,
1291 637 1500 691 belluas
1532 634 1886 704 repellerent.
1917 631 2055 687 Cum

474 742 540 795 ad
576 752 768 792 manus
802 743 1024 787 ventum
1057 741 1223 793 esset,
1250 729 1478 784 Romani
1521 728 1742 782 Graecos
1775 739 1900 779 sero
1928 721 2056 792 qui-

474 834 621 894 dem,
664 829 758 884 sed
789 826 1008 880 tandem
1060 823 1413 894 pepulerunt,
1461 819 1636 873 donec
1663 817 1908 889 Pyrrhus
1944 813 2058 867 ele-

475 919 696 992 phantis
722 920 776 972 in
805 916 1093 982 auxilium,
1124 927 1232 966 non
1258 925 1362 980 qua
1390 909 1571 963 falcati
1589 921 1787 961 currus
1815 903 2057 966 stabam,

475 1013 569 1068 sed
599 1013 651 1066 in
685 1011 911 1065 alteram
964 1016 1176 1077 partem
1208 1002 1478 1066 adductis,
1517 1001 1818 1070 equitatum
1856 996 2059 1050 Roma-

475 1123 602 1161 num
633 1116 846 1160 terrore
877 1103 1180 1156 belluarum
1227 1107 1352 1152 ante
1388 1109 1742 1166 congressum
1799 1088 2058 1161 proﬂiga-

476 1199 578 1260 vit,
625 1198 721 1252 sed
758 1193 1036 1265 peditibus
1084 1206 1278 1261 Parum
1333 1184 1786 1242 incommodavit.
1843 1183 2058 1236 Interea

475 1291 699 1361 quidam
759 1287 940 1356 Apuli,
991 1284 1341 1352 Epirotarum
1395 1289 1573 1333 castra
1608 1275 1867 1349 aggressi,
1897 1287 2059 1328 causa

475 1381 724 1436 victorias
773 1375 1037 1431 Romanis
1074 1374 1431 1428 exstiterunt.
1478 1369 1612 1422 Nam
1641 1381 1764 1421 cum
1817 1362 2062 1435 Pyrrhus

477 1469 687 1538 aliquot
711 1482 776 1521 ex
811 1466 878 1518 iis
905 1464 996 1534 qui
1042 1461 1377 1532 pugnabant,
1409 1469 1600 1513 contra
1641 1472 1736 1512 eos
1796 1454 2057 1516 misisset,

478 1558 674 1629 reliqui
727 1573 919 1629 omnes
989 1554 1216 1616 turbati,
1283 1561 1336 1606 et
1399 1551 1634 1605 tentoria
1707 1555 1865 1618 (apta
1918 1559 2060 1606 esse,

477 1660 533 1706 et
595 1650 719 1704 illos
764 1648 954 1718 fugere
1031 1647 1264 1715 opinati,
1343 1645 1702 1704 inclinarunt,
1758 1652 2062 1706 eorumque

2158 539 2371 605 γένοιτο
2416 534 2670 607 ἀκριϐής.
2715 533 2778 587 Οἱ
2819 532 2917 606 μὲν
2956 527 3049 586 οὖν
3093 532 3354 602 Ῥωμαῖοι
3400 532 3536 603 πρὸς
3570 535 3737 588 κατά-

2159 629 2356 700 πληξιν
2408 630 2499 682 τὸν
2555 628 2715 696 λόγον
2769 627 3056 697 ἐποίησαν.
3094 626 3152 677 '0
3185 626 3242 678 δὲ
3292 625 3509 696 Πύρρος
3555 625 3734 688 αὐτοῖς

2159 724 2339 792 ἀφῆκε
2381 721 2631 787 διαϐῆναι
2665 719 2756 772 τὸν
2785 717 3052 789 ποταμὸν,
3079 719 3223 786 μέγα
3252 719 3468 787 φρονῶν
3502 718 3597 770 ἐπὶ
3626 722 3734 781 τοῖς

2159 815 2436 884 ἐλέφασιν.
2485 815 2548 866 Οἱ
2582 813 2636 866 δὲ
2677 812 2942 882 Ῥωμαῖοι
2997 811 3063 864 τά
3097 827 3154 862 τε
3206 811 3342 864 ἄλλα
3392 812 3735 880 παρεσκευάο

2160 887 2340 967 σαν’το,
2370 905 2463 957 καὶ
2501 904 2636 976 πρὸς
2669 903 2792 967 τοὺς
2825 902 3126 971 ἐλέφαντας
3148 903 3374 971 κεραίας
3406 901 3488 970 ἐφ’
3511 901 3737 970 ἁμαξῶν

2161 997 2601 1067 σεσιδηρωμένας
2631 995 2724 1050 καὶ
2753 995 3094 1064 πανταχόθεν
3134 994 3479 1063 προεχούσας
3509 993 3730 1063 ἡτοίμαο

2162 1104 2280 1152 σαν,
2349 1088 2435 1140 ἵνα
2491 1085 2799 1150 τοξεύοντες
2851 1084 2944 1137 ἀπ’
2985 1083 3164 1136 αὐτῶν
3197 1085 3332 1138 ἄλλα
3381 1099 3438 1134 τε
3483 1083 3736 1154 καὶπῦρ,

2160 1179 2408 1249 ἐμποδὼν
2459 1178 2612 1247 σφίσι
2658 1177 2938 1246 γίνωνται.
2989 1175 3391 1246 Προσμίξαντες
3453 1175 3510 1229 δὲ
3561 1177 3738 1247 χρόνῳ

2161 1274 2262 1343 μὲν
2291 1274 2340 1324 οί
2383 1270 2641 1339 Ῥωμαῖοι
2673 1269 2800 1332 τοὺς
2830 1268 3122 1338 Ἕλληνας,
3155 1267 3391 1321 ἐώσαντο
3423 1267 3468 1322 δ’
3497 1263 3612 1331 οὖν,
3652 1270 3740 1337 μέ·

2160 1381 2282 1436 χρις
2314 1366 2341 1418 ό
2385 1363 2599 1435 Πύρρος
2635 1364 2749 1426 τοῖς
2789 1362 3046 1431 ελέςασιν
3085 1360 3146 1418 οὑ
3177 1363 3318 1414 κατὰ
3365 1362 3464 1425 τὰς
3503 1361 3738 1432 ἀμάξας,

2161 1456 2278 1508 ἀλλ’
2329 1455 2420 1507 ἐπὶ
2467 1454 2673 1524 θάτερα
2714 1451 3135 1524 προσϐοηθήσας
3187 1453 3370 1514 αὐτοῖς
3420 1453 3518 1522 τὴν
3576 1453 3740 1504 ἵππον

2165 1545 2316 1616 σφῶν
2359 1545 2454 1599 καὶ
2491 1550 2617 1617 πρὶν
2663 1545 2965 1615 προσμίξαι
3013 1545 3162 1616 φόϐῳ
3193 1545 3300 1597 τῶν
3333 1543 3537 1614 θηρίων
3590 1544 3740 1613 ἐτρέ-

2163 1639 2322 1708 ψατο,
2347 1638 2424 1710 τῷ
2459 1639 2642 1708 μέντοι
2681 1636 2833 1708 πεζῷ
2866 1637 3019 1691 οὐδὲν
3056 1638 3201 1707 μέγα
3235 1637 3584 1706 ἐλυμήνατοο
3640 1637 3742 1690 κάν

478 1742 636 1800 multi
679 1741 802 1795 caesi
864 1747 990 1794 sunt
1027 1755 1042 1796 :
1077 1737 1316 1809 Pyrrhus
1364 1737 1500 1806 ipse,
1552 1741 1606 1787 et
1654 1749 1718 1787 ex
1773 1728 2054 1802 praecipuis

2163 1732 2341 1804 τούτῳ
2377 1731 2483 1786 τῶν
2517 1731 2798 1786 Ἀπουλων
2833 1730 2979 1792 τινὲς
3014 1731 3105 1782 ἐπὶ
3136 1730 3200 1783 τὸ
3230 1729 3342 1783 τῶν
3388 1729 3744 1800 Ἠπειρωτῶν

475 1833 788 1903 complures
814 1829 1108 1894 vulnerati,
1141 1843 1204 1882 ac
1241 1838 1367 1898 post
1400 1841 1524 1881 eum
1573 1823 1646 1879 ob
1693 1829 2054 1888 commeatus,

2165 1792 2493 1895 ὡρμηκότες
2530 1819 2916 1893 στρατόπεδον,
2949 1819 3048 1890 τῆς
3079 1818 3233 1888 νίκης
3261 1802 3424 1872 αἴτιοι
3452 1792 3568 1878 τοῖς
3609 1817 3742 1868 Ῥω-

479 1935 592 1976 tum
657 1921 1184 1975 medicamentorum
1245 1917 1487 1987 inopiam
1543 1915 1782 1986 graviter
1841 1911 2052 1968 amicti.

475 2014 843 2080 Quamobrem
877 2013 1176 2066 Tarentum
1201 2009 1481 2073 discessit,
1515 2018 1813 2077 antequam
1842 2007 1894 2061 id
1941 2006 2054 2059 Ro-

477 2108 624 2162 mani
663 2106 991 2161 sensissent.
1033 2102 1324 2164 Consules,
1353 2101 1457 2155 etsi
1507 2099 1710 2154 ﬂumen
1774 2096 2054 2168 pugnandi

475 2214 644 2255 causa
697 2198 1064 2261 transierunt,
1131 2203 1318 2248 tamen
1367 2207 1492 2246 cum
1532 2191 1821 2246 audissent
1871 2190 2059 2242 hostes

474 2306 668 2349 omnes
689 2289 985 2358 dissipatos
1007 2302 1152 2350 esse,
1179 2286 1238 2340 in
1263 2286 1428 2339 urhes
1453 2284 1666 2353 Apulia:
1693 2285 2056 2354 hybernatum

480 2381 706 2446 reversi,
735 2388 960 2450 propter
1009 2377 1328 2431 vulneratos
1363 2374 1588 2440 milites,
1649 2373 1770 2426 illos
1800 2373 2056 2442 persequi

479 2491 586 2529 non
617 2479 939 2542 potuerunt.
971 2469 1216 2539 Pyrrhus
1263 2480 1395 2521 vero
1430 2480 1556 2520 cum
1602 2465 1709 2518 alia
1772 2464 2052 2529 instruxit,

481 2575 596 2619 tum
633 2561 835 2616 milites
862 2568 918 2614 et
957 2559 1220 2629 pecunias
1251 2556 1418 2610 domo
1448 2554 1645 2608 advehi
1704 2555 1874 2623 jussit
1907 2572 1919 2607 :
1959 2555 2056 2610 sed

476 2668 604 2708 eum
635 2651 949 2706 Fabricium
973 2655 1028 2702 et
1058 2647 1302 2716 Pappum
1335 2646 1588 2700 consules
1646 2645 1822 2699 lectos
1877 2647 1930 2698 in
1964 2659 2056 2700 ca-

479 2754 592 2800 stra
636 2741 955 2814 pervenisse
993 2737 1363 2809 cognovisset,
1415 2738 1472 2792 in
1509 2751 1574 2791 ea
1623 2737 1898 2792 sententia
1947 2754 2056 2791 non

480 2835 808 2907 permansit.
838 2832 1024 2888 Nicias
1051 2846 1188 2885 vero
1225 2828 1473 2898 quidam,
1509 2830 1604 2899 qui
1656 2828 1799 2883 ﬁdus
1831 2829 1909 2883 illi
1933 2844 2058 2885 esse

479 2929 834 2992 credebatur,
897 2925 964 2980 ad
1027 2923 1345 2978 Fabricium
1405 2936 1464 2977 se
1527 2922 1783 2986 contulit,
1812 2936 1871 2976 se
1924 2921 2060 2991 Pyr-

481 3028 642 3080 rhum
674 3025 806 3080 dolo
852 3021 1276 3078 interfecturum
1312 3018 1600 3091 pollicens.
1650 3015 1808 3083 Quod
1841 3015 2056 3071 facinus

2170 1914 2353 1985 μαίοις
2391 1913 2658 1980 ἐγένοντο.
2704 1909 2869 1974 Τινὰς
2899 1911 3004 1980 γὰρ
3031 1909 3138 1963 τῶν
3173 1910 3498 1980 μαχομένων
3528 1907 3618 1960 ἐπ’
3650 1907 3744 1959 αὑ-

2165 2007 2291 2070 τοὺς
2337 2005 2431 2058 τοῦ
2468 2005 2687 2076 Πύρρου
2721 2003 3060 2075 πέμψαντος,
3091 2003 3293 2066 πάντες
3339 2004 3386 2055 οἰ
3415 2002 3596 2055 λοιποὶ
3631 2003 3747 2054 ἔται

2168 2097 2473 2169 ράχθησαν,
2507 2098 2602 2150 καὶ
2647 2096 2744 2160 τάς
2777 2111 2836 2148 τε
2866 2095 3072 2165 σκηνὰς
3102 2093 3424 2158 ἑαλωκέναι,
3470 2092 3567 2145 καὶ
3601 2091 3720 2144 ἐκεί

2167 2207 2292 2251 νους
2323 2188 2546 2258 φεύγειν
2594 2187 3068 2257 ὑποτοπήσαντες,
3111 2185 3383 2250 ἐνέδοσαν,
3417 2185 3513 2236 καὶ
3559 2186 3748 2253 συχνοὶ

2167 2281 2346 2333 αὐτῶν
2373 2281 2568 2332 ἔπεσον
2591 2296 2604 2310 ·
2644 2279 2672 2330 δ
2701 2296 2758 2331 τε
2791 2279 3026 2349 Πύρρος,
3065 2278 3157 2330 καὶ
3184 2277 3334 2330 ἄλλοι
3374 2276 3484 2328 τῶν
3518 2277 3574 2329 ὲν
3605 2276 3746 2329 τέλει

2167 2372 2359 2426 πολλοὶ
2400 2372 2737 2443 ἐτρώθησαν,
2771 2373 2867 2424 καὶ
2902 2371 3040 2441 μετά
3072 2369 3244 2423 ταῦτα
3292 2369 3382 2422 διά
3411 2385 3470 2421 τε
3515 2370 3614 2438 τὴν
3650 2367 3746 2434 τῆς

2162 2463 2372 2535 τροφῆς
2404 2464 2496 2516 καὶ
2516 2463 2616 2534 τὴν
2636 2462 2745 2516 τῶν
2763 2462 3086 2531 ἐπιτηδείων
3109 2462 3246 2529 πρὸς
3267 2461 3458 2515 ἄκεσιν
3485 2460 3745 2530 ἀπορίαν,

2162 2556 2376 2625 ισφόδρα
2431 2554 2810 2626 ἐκακώθησαν.
2849 2554 3012 2607 Ὅθεν
3070 2554 3285 2625 ἀει-ἦρεν
3337 2555 3420 2616 εἰς
3464 2554 3746 2622 Τάραντα,

2165 2651 2295 2720 πρὶν
2331 2650 2457 2710 τοὺς
2498 2648 2804 2718 Ῥωμαίους
2833 2647 3138 2702 αἰσθέσθαι.
3167 2648 3231 2700 Oi
3255 2647 3302 2700 δ’
3333 2647 3535 2698 ὕπατοι
3565 2645 3745 2714 διέῦη-

2167 2758 2268 2795 σαν
2329 2741 2426 2809 μὲν
2481 2739 2574 2792 τὸν
2635 2739 2880 2811 ποταμὸν
2929 2740 3024 2793 ἐπὶ
3091 2740 3272 2812 μάχῃ.
3317 2737 3406 2802 Ὠς
3434 2738 3490 2791 δὲ
3539 2740 3747 2800 πάντας

2161 2832 2486 2885 ὲσκεδάσθαι
2538 2831 2822 2898 ἐπύθοντο,
2859 2833 2939 2894 εἰς
2983 2831 3084 2894 τὰς
3123 2832 3335 2892 οἰκείας
3385 2828 3747 2901 ἀνεχώρησαν

2163 2923 2382 2986 πόλεις·
2422 2922 2709 2989 ἐπιδιῶξαι
2751 2923 2858 2992 γὰρ
2899 2921 2985 2975 διὰ
3039 2923 3165 2985 τοὺς
3202 2922 3538 2992 σφετέρους·
3574 2939 3744 2993 τραυ-

2164 3016 2362 3088 ματίας
2387 3015 2488 3069 οὐκ
2520 3015 2883 3088 ἠδυνήθησαν.
2911 3011 3043 3068 Εἶτα
3077 3017 3125 3067 οἱ
3164 3015 3262 3085 μὲν
3293 3017 3373 3079 εἰς
3406 3015 3506 3086 τὴν
3551 3015 3749 3069 Ἀπου-

479 3122 698 3190 indigne
737 3118 921 3173 ferens
955 3115 1241 3171 Fabricius
1281 3113 1511 3182 (virtute
1541 3111 1690 3166 enim
1735 3120 1790 3164 et
1819 3109 2054 3174 viribus,

2162 3109 2282 3164 λίαν
2311 3108 2608 3179 ὲχείμασαν
2628 3125 2643 3140 ο
2677 3110 2704 3160 ό
2734 3108 2791 3162 δὲ
2821 3107 3034 3179 Πύρρος
3101 3107 3269 3161 τᾶλλα
3299 3124 3359 3160 τε
3389 3107 3746 3178 ἡτοιμάζετο.

477 3227 586 3266 non
634 3210 764 3266 dolo
796 3207 1145 3277 superandos
1194 3208 1404 3264 hostes,
1457 3203 1921 3272 quemadmodum
1952 3203 2057 3257 (Σο-

477 3301 682 3366 millus,
717 3299 1002 3365 censebat)
1036 3297 1265 3351 insidias
1297 3295 1507 3365 Pyrrho
1533 3294 1814 3348 indicavit.
1854 3293 1972 3360 Qua
2000 3309 2059 3350 re

477 3393 630 3446 illum
663 3390 737 3444 ita
767 3387 1157 3457 obstupefecit,
1196 3396 1257 3440 ut
1279 3387 1464 3440 denuo
1505 3385 1769 3440 Romanis
1798 3388 2049 3454 captivos

473 3483 645 3555 gratis
695 3483 1039 3544 restitueret,
1089 3487 1147 3534 et
1180 3493 1275 3548 per
1336 3479 1545 3547 legatos
1578 3492 1765 3547 pacem
1823 3486 2056 3546 peteret.

479 3574 548 3629 Ut
579 3584 762 3630 autem
796 3571 1027 3627 Romani
1073 3571 1140 3625 de
1179 3584 1312 3640 pace
1340 3569 1478 3623 nihil
1510 3569 1939 3640 respondebant,
1961 3569 2057 3625 sed

471 3682 597 3723 eum
634 3676 748 3720 tum
782 3677 1024 3734 quoque,
1059 3677 1185 3718 eum
1222 3660 1370 3715 Italia
1401 3663 1753 3726 excessisset,
1800 3661 1870 3717 de
1921 3677 2058 3733 pace

471 3758 940 3829 agerejubebant,
973 3765 1028 3810 et
1072 3755 1240 3809 urbes
1272 3753 1324 3808 ei
1355 3752 1652 3808 fmderatas
1707 3753 2056 3811 infestabant

466 3857 524 3902 'et
551 3849 943 3919 expugnabant
965 3864 980 3900 :
1005 3845 1172 3901 animi
1198 3843 1428 3900 dubium
1462 3861 1526 3900 ea
1559 3861 1648 3900 res
1671 3847 1872 3915 erexit,
1908 3848 2057 3918 quod

469 3955 500 3995 a
535 3939 896 4011 Syracusanis
923 3940 1252 4010 quibusdam
1287 3941 1435 4012 (nam
1469 3957 1536 3997 ex
1564 3958 1674 4014 quo
1713 3943 2050 4015 Agathocles

469 4033 808 4096 decesserat,
833 4031 1206 4086 seditionibus
1235 4034 1611 4105 agitabantur)
1641 4035 2056 4101 accersebatur,

465 4135 524 4180 et
553 4126 750 4181 urbem
775 4137 832 4180 et
861 4125 1193 4195 semetipsos
1222 4125 1371 4180 illius
1407 4125 1534 4180 ﬁdei
1581 4127 2054 4195 permittentibus.

465 4218 742 4287 Concepta
767 4216 918 4271 enim
969 4231 1064 4286 Spe
1095 4217 1264 4271 totius
1319 4216 1522 4273 Sicilia:
1556 4217 1859 4287 potiundis,
1895 4219 2066 4289 Milo:

471 4325 598 4365 nem
661 4309 733 4364 ad
779 4309 1104 4373 Tarentum,
1151 4308 1312 4380 377
1359 4319 1668 4379 caeteraque
1723 4312 1949 4367 tutanda
1997 4313 2055 4368 in

469 4400 618 4455 ltalia
641 4401 863 4469 reliquit
903 4417 918 4454 :
963 4400 1100 4469 ipse,
1132 4411 1191 4454 ut
1220 4400 1370 4454 brevi
1398 4415 1745 4467 reversurus,
1773 4402 2052 4458 discessit.

2160 3201 2256 3254 καὶ
2283 3198 2498 3252 οἴκοθεν
2527 3201 2866 3269 στρατιώτας
2905 3198 2998 3252 καὶ
3025 3199 3285 3268 χρήματα
3314 3198 3712 3270 μετεπέμψατο
3730 3214 3744 3231 ο

2163 3292 2353 3363 μαθὼν
2398 3291 2455 3345 δὲ
2501 3291 2595 3345 τὸν
2642 3291 2938 3362 Φαϐρίκιον
2977 3292 3071 3344 καὶ
3109 3291 3203 3344 τὸν
3235 3292 3468 3346 Πάππον
3495 3293 3743 3355 ὑπάτους

2160 3383 2498 3453 ᾑρημένους,
2531 3381 2626 3435 καὶ
2657 3384 2738 3445 εἰς
2761 3382 2822 3435 τὸ
2851 3381 3216 3454 στρατόπεδον
3251 3383 3618 3453 ἀφιγμένους,
3646 3386 3744 3438 οὐκ

2161 3477 2254 3528 ἐπὶ
2287 3476 2386 3543 τῆς
2418 3475 2592 3545 αὐτῆς
2627 3477 2904 3545 μεμένηκε
2938 3473 3186 3544 γνώμης.
3225 3475 3364 3544 Ἤδη
3402 3475 3459 3528 δὲ
3496 3477 3607 3530 τῶν
3647 3481 3746 3550 ῥη-

2163 3569 2367 3622 θέντων
2398 3570 2622 3622 ὑπάτων
2680 3570 2738 3622 ὲν
2777 3569 2856 3638 τῷ
2890 3570 3262 3640 στρατεύματι
3308 3570 3498 3638 ὄντων,
3546 3574 3743 3637 Νικίας

2160 3679 2244 3726 τις
2288 3663 2396 3716 τῶν
2442 3663 2646 3736 Πύρρῳ
2691 3663 2898 3716 πιστῶν
2942 3663 3267 3729 δοκούντων,
3299 3660 3431 3736 ἦλθε
3468 3667 3608 3737 πρὸς
3653 3670 3744 3720 τὸν

2161 3753 2478 3826 Φαϐρίκιον,
2511 3755 2607 3809 καὶ
2637 3755 2908 3826 ὑπέσχετο
2939 3754 3087 3825 αὐτῷ
3121 3758 3213 3810 τὸν
3261 3757 3478 3828 Πύρρον
3524 3759 3746 3826 ﬁcio-pr.-

2163 3847 2366 3915 νήσειν.
2398 3849 2743 3918 Δυσχεράνας
2762 3844 2857 3902 οὖν
2879 3849 2973 3902 ἐπὶ
2994 3849 3169 3920 τούτῳ
3191 3853 3395 3913 ἐκεῖνος
3415 3851 3614 3922 (ἀρετῇ
3637 3853 3744 3920 γὰρ

2163 3939 2258 3992 καὶ
2283 3943 2404 4004 ταῖς
2429 3940 2724 4011 δυνάμεσιν
2752 3939 2940 4011 ἠξίουν
2958 3942 3064 3995 τῶν
3089 3941 3368 4014 πολεμίων
3392 3945 3646 4013 κρατεῖν,
3673 3945 3742 4006 ὠς

2160 4034 2188 4085 ὁ
2206 4031 2529 4104 Κάμιλλος),
2555 4034 2900 4106 κατεμήνυσε
2929 4033 3006 4104 τῷ
3038 4035 3238 4108 Πύρρῳ
3260 4036 3320 4087 τὺ
3346 4033 3743 4106 ἐπιϐούλευμα.

2166 4125 2278 4178 Καὶ
2309 4122 2482 4188 οὓτως
2523 4123 2684 4178 αὑτὸν
2730 4127 2795 4177 ἐκ
2833 4125 3024 4178 τούτου
3056 4123 3416 4193 κατέπληξεν,
3453 4123 3597 4177 ὥστε
3651 4127 3745 4178 καὶ

2171 4216 2289 4279 τοὺς
2325 4217 2635 4278 ἑαλωκότας
2669 4217 2780 4270 τῶν
2825 4215 3117 4287 Ῥωμαίων
3147 4220 3354 4288 προῖκα
3381 4213 3542 4280 αὖθις
3586 4217 3743 4286 ἀφεῖ-

2164 4326 2273 4376 ναι,
2311 4310 2403 4362 καὶ
2437 4309 2697 4379 πρέσϐεις
2742 4309 2906 4362 πάλιν
2939 4309 3080 4380 ὑπὲρ
3119 4310 3346 4380 εἰρήνης
3396 4309 3741 4364 ἀποστεῖλαι.

2174 4406 2327 4459 Ἐπεὶ
2381 4406 2438 4459 δὲ
2501 4407 2550 4459 οἰ
2612 4407 2871 4478 Ῥωμαῖοι
2936 4410 3064 4476 περί
3115 4409 3212 4474 τῆς
3289 4407 3518 4478 εἰρήνης
3588 4407 3739 4460 οὐδὲν

468 4492 536 4546 Et
567 4507 597 4546 a
625 4491 986 4562 Syracusanis
1017 4499 1307 4559 exceptus,
1341 4507 1554 4548 summa
1587 4509 1772 4548 rerum
1795 4494 1896 4566 ipsi
1925 4511 2053 4565 per-

2162 4497 2555 4571 ἀπεκρίναντο,
2591 4473 2737 4552 ἀλλὰ.
2787 4499 2884 4553 καὶ
2921 4473 3040 4553 τότε
3098 4501 3310 4570 ἀπᾶραι
3345 4473 3485 4568 τῆς
3512 4499 3742 4563 Ἰταλίας

471 4582 659 4645 missa,
696 4596 890 4636 rursus
929 4582 1083 4636 brevi
1115 4583 1294 4652 spatio
1330 4586 1592 4653 temporis
1623 4595 1808 4641 tantus
1851 4587 2050 4654 evasit,

468 4684 532 4729 ut
564 4673 1052 4744 Carthaginienses
1101 4675 1252 4729 illius
1283 4686 1434 4730 metu
1505 4691 1571 4731 ex
1629 4678 1781 4733 Italia
1818 4680 2052 4735 militem

468 4767 864 4823 conducerent.
897 4765 1005 4822 Sed
1040 4767 1301 4822 celeriter
1326 4783 1389 4822 ea
1424 4767 1644 4825 fortuna
1687 4779 1899 4826 mutata
1961 4783 2050 4828 est

468 4862 531 4916 in
583 4861 925 4916 contrarium
963 4879 978 4917 :
1038 4861 1183 4932 quod
1223 4863 1427 4917 multos
1465 4877 1533 4918 ex
1580 4866 1916 4933 primoribus
1947 4866 2052 4921 sibi

465 4959 751 5021 suspectos
785 4952 982 5020 partim
1020 4952 1278 5022 pellebat,
1299 4953 1499 5023 partim
1533 4956 1794 5010 necabat.
1820 4956 2055 5013 Cartha—

462 5045 743 5117 ginienses
763 5046 934 5113 enim,
951 5061 1074 5100 cum
1106 5060 1232 5100 eum
1257 5061 1358 5101 nec
1374 5047 1599 5118 privatis
1626 5050 1838 5105 viribus
1859 5053 2060 5116 valere,

464 5153 643 5207 neque
663 5139 1014 5208 pepularium
1045 5139 1255 5193 habere
1281 5140 1468 5194 studia
1498 5150 1811 5204 cernerent,
1845 5143 2049 5198 bellum

461 5238 689 5284 sternue
747 5229 1228 5297 administrarunt,
1269 5245 1511 5301 eumque
1575 5231 2046 5303 Syracusanorum

460 5323 749 5380 exsulibus
786 5323 1180 5394 suscipiendis,
1209 5323 1348 5378 male
1379 5333 1714 5380 tractarunt.
1744 5325 1903 5381 Unde
1923 5337 2049 5383 non

464 5411 767 5484 Syracusas
798 5415 1091 5480 duntaxat,
1116 5415 1214 5470 sed
1244 5423 1413 5470 totam
1446 5415 1690 5470 Siciliam
1719 5417 1987 5474 deseruit.

2156 4590 2427 4657 ἐκέλευον,
2453 4593 2548 4646 καὶ
2572 4589 2744 4655 οὕτως
2772 4592 2956 4656 αὐτοῖς
2982 4590 3505 4662 διακηρυκεύεσθαι,
3527 4591 3740 4654 καὶτὰς

2160 4684 2510 4756 συμμαχίδας
2554 4685 2703 4755 αὑτῷ
2735 4684 2919 4748 πόλεις
2965 4686 3298 4756 κατέτρεχόν
3325 4702 3385 4739 τε
3421 4685 3519 4738 καὶ
3546 4685 3738 4756 ᾕρουν,

2160 4779 2220 4831 ὲν
2259 4777 2544 4848 ἀμηχανίᾳ
2585 4778 2828 4844 ἐγένετο,
2858 4777 2989 4848 πρὶν
3034 4776 3098 4844 δὴ
3146 4778 3534 4846 Συρακουσίων
3595 4776 3742 4839 τινὲς

2161 4869 2486 4938 (ἐτύγχανον
2515 4867 2595 4932 δὲ,
2630 4867 2688 4932 ἐξ
2718 4861 2778 4921 οὗ
2817 4867 3154 4938 Ἀγαθοκλῆς
3196 4867 3546 4939 ἐτελεύτησε,
3610 4886 3742 4921 στα-

2161 4961 2461 5028 σιάζοντες)
2493 4959 2896 5012 ἐπεκαλέσαντο
2927 4959 3112 5025 αὐτὸν,
3147 4955 3538 5030 παραδιδόντες
3568 4960 3616 5010 οί
3647 4957 3741 5011 καὶ

2159 5053 2388 5116 ἑαυτοὺς
2410 5051 2507 5106 καὶ
2538 5051 2637 5123 τὴν
2665 5051 2840 5105 πόλιν.
2877 5050 3252 5114 Ἀναπνεύσας
3287 5051 3396 5121 γὰρ
3423 5052 3518 5102 ἐπὶ
3541 5050 3735 5118 τούτῳ,

2162 5145 2258 5198 καὶ
2299 5143 2673 5215 προσελπίσας
2711 5144 2892 5197 πᾶσαν
2921 5145 3018 5214 τὴν
3061 5142 3316 5195 Σικελίαν
3355 5143 3738 5213 καταστρέψα-

2161 5236 2312 5303 σθαι,
2340 5237 2430 5290 τὺν
2469 5237 2567 5307 μὲν
2596 5235 2824 5290 Μίλωνα
2851 5236 2908 5287 ἐν
2945 5233 3151 5304 Ἰταλίᾳ
3187 5235 3506 5301 κατέλιπεν,
3550 5239 3607 5288 ὲν
3643 5252 3740 5302 φυ-

2157 5327 2299 5398 λακῇ
2330 5325 2422 5381 τόν
2456 5343 2515 5378 τε
2546 5325 2800 5396 Τάραντα
2831 5325 2925 5378 καὶ
2955 5325 3024 5377 τά
3048 5324 3183 5380 ἀλλα
3205 5327 3570 5396 ποιησόμενον
3589 5343 3603 5356 ·
3637 5327 3735 5376 αὺ-

2155 5421 2247 5482 τδς
2292 5419 2348 5472 δὲ
2392 5417 2468 5480 ὠς
2507 5419 2594 5471 διὰ
2640 5417 2888 5488 βραχέως
2923 5415 3211 5488 ἐπανήξων
3243 5420 3584 5472 ἀπέπλευσε.
3628 5417 3735 5468 Καὶ
3832 5417 3840 5426 “

460 5508 572 5560 τῶν
600 5509 992 5578 Συρακουσίων
1050 5510 1365 5576 δεξαμένων
1396 5513 1584 5578 αὐτὸν,
1652 5514 1747 5566 καὶ
1806 5516 1987 5570 πάντα
2055 5517 2205 5588 αὐτῷ
2258 5513 2636 5584 ἀναθεμένων,
2707 5514 2884 5583 μέγας
2941 5514 2998 5565 ἐν
3048 5514 3241 5584 βραχεί
3284 5512 3440 5574 αὖθις
3489 5516 3727 5581 ἐγένετο,

465 5603 612 5657 ὥστε
659 5608 788 5669 τοὺς
866 5606 1278 5677 Καρχηδονίους
1367 5607 1706 5677 φοϐηθέντας
1755 5611 2122 5683 μισθοφόρους
2160 5616 2224 5666 ὲκ
2285 5615 2385 5682 τῆς
2453 5609 2685 5672 Ἰταλίας
2742 5608 3092 5680 προσλαϐεῖν.
3159 5608 3318 5662 Ἀλλὰ
3386 5614 3527 5682 ταχὺ
3595 5612 3726 5682 πρὸς

463 5699 778 5752 τούναντίον
833 5701 983 5771 αὑτῷ
1040 5702 1303 5773 περιέστη
1361 5703 1428 5755 τὰ
1473 5703 1800 5773 πράγματα,
1847 5705 1923 5768 τῷ
1984 5723 2042 5758 τε
2085 5705 2315 5771 πολλοὺς
2361 5707 2469 5759 τῶν
2519 5707 2578 5758 ὲν
2624 5706 2769 5759 τέλει
2814 5708 2939 5768 τοὺς
2995 5703 3093 5768 μὲν
3159 5703 3437 5772 ἐξελάσαι,
3514 5709 3638 5768 τοὺς
3667 5703 3726 5757 δὲ

471 5791 785 5863 διαφθεῖραι
818 5793 1295 5863 ὑποπτευομένους
1326 5797 1497 5868 αὐτῷ.
1533 5799 1596 5850 Ui
1628 5800 1738 5869 γὰρ
1795 5799 2158 5868 Καρχηδόνιοι
2228 5801 2423 5865 ἰδόντες
2495 5799 2655 5855 αὐτὸν
2721 5801 2860 5870 μήτε
2889 5801 3010 5865 ταῖς
3040 5797 3271 5859 οἰκείαις
3311 5797 3607 5869 δυνάμεσιν
3639 5799 3728 5868 rp-
