4008 6250
312 299 426 363 ΕΗ

1548 298 1962 362 ᾹΝΝΑΙᾸΗΜ
2002 299 2154 359 LIB.
2195 299 2364 361 VIII.

3453 306 3560 371 650

321 411 584 483 ρωμένον,
629 411 765 483 μήτε
803 412 929 476 τοὺς
968 412 1301 485 ἐπιχωρίους
1327 412 1396 468 δι’
1426 414 1640 478 εὐνοίας
1678 413 1891 486 ἔχοντα,
1931 413 2026 467 τοῦ
2094 413 2335 483 πολέμου
2405 414 2704 484 προθύμως
2748 413 3131 479 ἁντελάϐοντο,
3182 417 3275 469 καὶ
3314 420 3438 482 τοῦς
3481 422 3575 474 ἐκ-

316 503 614 565 πίπτοντας
642 503 751 556 τῶν
798 504 1186 576 Συρακουσίων
1226 504 1531 575 δεχόμενοι,
1573 506 1719 558 δεινά
1760 505 1922 557 αὐτὸν
1963 504 2311 573 εἰργάσαντο,
2377 503 2516 555 ὥστε
2551 506 2625 575 μὴ
2666 506 2761 570 τὰς
2804 506 3156 577 Συρακούσας
3218 510 3400 578 μόνον,
3437 512 3574 574 ἀλλὰ

322 595 412 648 καὶ
443 594 541 664 τὴν
573 595 820 647 Σικελίαν
850 596 1118 649 ἐκλιπεῖν.

389 688 480 756 ΕΓ.
521 690 581 741 Οἱ
617 688 879 757 Ῥωμαῖοι
919 688 975 740 δὲ
1003 689 1101 758 τὴν
1128 689 1401 744 ἀπουσίαν
1435 687 1600 742 αὑτοῦ
1643 688 1883 755 πυθόμε-

2062 681 2149 735 νι.
2186 680 2413 734 Romani
2457 697 2588 734 vero
2628 698 2724 752 per
2764 680 2884 753 ejus
2931 684 3235 741 absentiam
3281 689 3574 745 conﬁrma—

323 798 421 844 νοι,
448 779 849 850 ἀνεθάρσησαν,
877 780 972 832 καὶ
1013 781 1146 851 πρὸς
1176 780 1394 851 ἄμυναν
1420 781 1531 834 τῶν
1561 778 1895 833 ἐπικαλεσα-

327 875 498 942 μένων
537 871 703 923 αύτον
736 873 1056 941 ἐτράπησαν
1081 890 1092 902 ·
1130 874 1224 926 καὶ
1262 874 1389 936 τοὺς
1418 873 1786 943 Ταραντίνους
1819 871 1899 933 είς

322 965 477 1020 ἀλλον
510 965 700 1033 καιρὸν
726 963 1116 1033 ὑπερθέμενοι,
1146 964 1430 1022 εἰσέϐαλον
1462 968 1541 1030 είς
1568 967 1628 1020 τὸ
1661 967 1899 1035 Σάμνιον

320 1060 461 1128 μετᾶ
516 1057 740 1109 ὑπατων
782 1057 875 1110 τοῦ
922 1058 1346 1127 Ῥουφίνου’κα¹ι
1375 1059 1471 1113 τοῦ
1513 1060 1758 1125 Ἰουνίου,
1806 1059 1901 1112 καὶ

322 1150 415 1219 τήν
448 1166 508 1201 τε
536 1147 721 1220 χώραν
754 1148 1047 1220 ἐπόρθουν,
1083 1150 1177 1203 καὶ
1212 1151 1368 1222 τείχη
1402 1152 1524 1205 τινὰ
1544 1149 1899 1221 ἐκλειφθέντα

321 1237 624 1293 ἔλαϐον.οἱ
655 1240 763 1312 γὰρ
788 1240 1056 1309 Σαμνῖται
1090 1242 1168 1303 είς
1197 1243 1265 1297 τά
1297 1242 1397 1312 όρη
1428 1243 1495 1295 τὰ
1519 1245 1764 1313 Κρανιτά
1784 1243 1899 1318 (15)

320 1331 612 1402 λεγόμενα,
640 1333 721 1385 ὅτι
753 1334 979 1402 κρανίαν
1010 1334 1210 1408 πολλὴν
1243 1335 1452 1408 ἔχουσι,
1484 1337 1551 1391 τά
1575 1354 1633 1390 τε
1666 1337 1900 1406 φίλτατα

318 1425 414 1478 καὶ
474 1424 545 1477 τὰ
596 1426 902 1495 τιμιώτατα
944 1428 1302 1498 ἀνεκόμισαν.
1359 1432 1900 1500 Καταφρονήσαντες

318 1510 411 1567 οὖν
468 1515 518 1567 οἱ
553 1515 840 1586 Ῥωμαῖοι,
901 1520 981 1581 είς
1034 1522 1102 1572 τά
1156 1521 1427 1591 εἰρημένα
1473 1522 1574 1592 ὅρη
1630 1522 1900 1591 ἀναϐῆναι

323 1606 654 1678 ἐτόλμησαν.
700 1609 918 1662 Λασίων
977 1609 1071 1663 οὖν
1125 1612 1326 1679 αὐτῶν,
1368 1613 1464 1665 καὶ
1508 1612 1901 1685 δυσπροϐἀτων

319 1697 519 1759 ὄντων,
550 1696 736 1752 πολλοὶ
766 1699 863 1769 μὲν
894 1701 1187 1769 ἀπέθανον,
1215 1702 1403 1755 πολλοὶ
1430 1703 1487 1755 δὲ
1512 1704 1605 1757 καὶ
1633 1703 1898 1758 ἑάλωσαν.

317 1791 380 1842 Ol
407 1790 456 1844 δ’
485 1789 690 1844 ὕπατοι
730 1794 916 1847 οὐκέτι
949 1798 1101 1867 κοινῇ
1146 1796 1236 1849 τὸν
1268 1796 1507 1867 πόλεμον
1550 1799 1898 1867 ἐποιήσαντο,

319 1881 577 1953 ἀλλήλοις
618 1885 935 1955 αἰτιώμενοι
988 1886 1077 1939 διὰ
1110 1889 1171 1941 τὸ
1206 1888 1486 1961 ἀτύχημα,
1520 1889 1632 1943 ἀλλ’
1687 1888 1903 1953 Ἰούνιος

320 1974 419 2044 μὲν
472 1974 632 2046 ἐδῄου
682 1975 847 2047 μέρος
900 1995 953 2031 τι
1001 1979 1100 2050 τῆς
1138 1982 1484 2052 Σαμνίτιδος,
1530 1983 1806 2052 Ῥιρυφῖνος
1846 1983 1901 2035 δὲ

315 2068 541 2121 Λευκαν
574 2069 623 2130 ῖς
667 2069 760 2122 καὶ
795 2069 1077 2139 Βρεττίοις
1109 2071 1440 2141 ἐλυμήνατο,
1475 2073 1571 2125 καὶ
1616 2073 1708 2125 ἐπὶ
1751 2073 1896 2144 Κρύ-

313 2175 472 2212 τωνα
516 2157 780 2230 ὥρμησεν
827 2162 1140 2216 ἀποστάντα
1184 2162 1491 2234 Ῥωμαίων,
1537 2166 1898 2235 μεταπεμψα-

316 2253 508 2319 μένων
563 2252 726 2304 αὐτὸν
779 2251 887 2303 τῶν
938 2254 1282 2323 ἐπιτηδείων,
1334 2255 1658 2323 φθασάντων
1699 2256 1756 2309 δὲ
1791 2257 1901 2311 τῶν

316 2341 528 2394 λοιπῶν
554 2342 932 2411 ἐπαγαγέσθαι
962 2345 1115 2415 παρά
1138 2344 1229 2397 τοῦ
1264 2347 1508 2408 Μίλωνος
1534 2350 1797 2419 φρουρὰν,
1832 2346 1900 2419 ἦς

318 2424 453 2502 ἦρχε
497 2431 843 2503 Νικόμαχος.
886 2434 1183 2504 ’Ᾱγνοήσας
1211 2431 1305 2489 οὖν
1338 2436 1517 2505 τοῦτο,
1552 2440 1647 2492 καὶ
1684 2439 1899 2509 ἀμελῶς

317 2526 429 2587 τοῖς
479 2524 696 2595 τείχεσι
744 2525 986 2596 προσιὼν
1047 2528 1124 2589 ὼς
1173 2529 1307 2598 πρὸς
1361 2529 1572 2598 φίλους,
1614 2531 1899 2596 ἔπταισεν,
1932 2548 1963 2579 ο

317 2613 589 2686 ἐξαίφνης
618 2618 1115 2687 ἐπεκδραμούντων
1142 2619 1321 2689 αὐτῷ·
1366 2614 1489 2674 εἶτά
1520 2639 1571 2673 τι
1608 2622 1901 2693 ἐπινοήσας

319 2710 714 2779 στρατήγημα,
746 2710 842 2781 τὴν
877 2711 1034 2764 πόλιν
1081 2706 1215 2765 εἷλε.
1246 2712 1368 2766 Δύω
1404 2714 1512 2785 γὰρ
1542 2716 1736 2786 ἄνδρας
1773 2715 1905 2786 ψευ-

317 2801 697 2871 ὂαυτομόλους
727 2802 1108 2872 αἰχμαλώτους
1152 2806 1211 2866 ἐς
1245 2807 1337 2858 τὸν
1367 2808 1629 2875 Κρότωνα
1659 2807 1900 2879 ἐπεμψεο

317 2895 409 2946 τὸν
455 2894 567 2965 μὲν
608 2894 767 2957 εὐθὺς
797 2892 1029 2963 λέγοντα
1067 2897 1171 2963 ὅτι,
1204 2897 1541 2965 ἀπεγνωκὼς
1572 2900 1672 2971 τὴν
1704 2900 1905 2954 ἅλωσιν

319 2985 534 3048 αὐτῶν,
595 2987 653 3047 ἐς
697 2985 797 3054 τὴν
827 2986 1063 3055 Λοκρίδα
1099 2987 1492 3058 προδιδομένην
1534 2990 1684 3059 αὑτῷ
1724 2991 1905 3060 μέλλει

316 3079 595 3149 ἀπαίρειν
621 3093 634 3106 ⁸
666 3077 757 3130 τὸν
781 3078 826 3130 δ’
855 3078 1044 3148 ἕτερον
1077 3080 1219 3149 μετά
1248 3082 1427 3146 τοῦτο,
1463 3082 1536 3145 ὡς
1566 3084 1621 3135 ἐν
1653 3084 1755 3154 6δῴ
1789 3088 1904 3138 ἐστι

316 3168 835 3241 διαϐεϐαιούμενοι).
863 3171 974 3224 Καὶ
1004 3173 1114 3240 γὰρ
1147 3172 1234 3226 ἵνα
1266 3174 1447 3227 πίστιν
1471 3174 1568 3247 ἔχῃ
1601 3176 1776 3244 λόγος,
1806 3178 1907 3230 ἀν-

314 3264 696 3326 εσκευάσατο,
746 3263 841 3315 καὶ
891 3266 1275 3333 προσεποιεῖτο
1306 3266 1643 3335 ἐπείγεσθαι.
1688 3269 1746 3321 '0
1778 3269 1907 3336 γοῦν

2007 774 2077 828 tis
2117 773 2337 837 animis,
2375 774 2440 828 ad
2477 774 2740 829 ultionem
2782 791 2996 840 eorum,
3030 792 3058 831 a
3102 779 3304 847 quibus
3337 784 3578 836 accersi-

2009 876 2096 921 tus
2160 864 2363 926 fuerat,
2429 867 2703 931 conversi,
2761 867 3187 923 Tarentinorum
3234 872 3480 928 vindicta
3524 875 3578 928 in

2003 959 2152 1013 aliud
2196 970 2413 1026 tempus
2438 958 2627 1028 dilata,
2662 959 2845 1014 Ruﬁni
2874 970 2930 1014 et
2955 961 3106 1016 Junii
3139 966 3428 1019 consulum
3473 967 3578 1021 du-

2003 1059 2092 1104 ctu
2120 1059 2177 1105 et
2199 1052 2461 1120 auspiciis
2489 1052 2769 1107 Samnium
2801 1054 3120 1111 invaserunt
3151 1073 3165 1110 :
3199 1058 3454 1129 agrisque
3484 1077 3579 1116 va-

2003 1145 2184 1211 statis,
2220 1147 2441 1201 castella
2471 1145 2724 1215 'quattlam
2752 1148 2819 1201 ab
2850 1148 3045 1204 incolis
3083 1149 3299 1206 deserta
3339 1166 3580 1222 oecupa-

2004 1249 2155 1294 runt.
2193 1238 2468 1295 Samnites
2520 1239 2668 1293 enim
2721 1240 2774 1294 in
2818 1250 3037 1297 montes
3063 1242 3339 1309 Cranitas,
3394 1247 3488 1315 qui
3550 1263 3582 1300 a

2003 1344 2297 1385 cornorum
2322 1330 2632 1399 frequentia
2664 1330 2745 1386 sic
2797 1333 3081 1397 dicuntur,
3112 1335 3441 1390 charissima
3499 1338 3586 1406 pi-

2003 1438 2197 1493 gnora,
2232 1432 2288 1479 et
2340 1422 2735 1493 pretiosissima
2781 1440 3011 1493 qumque
3056 1428 3431 1484 contulerunt.
3476 1430 3587 1483 Ro-

2004 1514 2183 1568 manis
2212 1513 2378 1584 igitur
2417 1528 2511 1583 per
2541 1523 2915 1583 contemptura
2947 1531 3043 1569 eos
3071 1527 3286 1573 montes
3312 1534 3587 1575 conscen-

2004 1603 2134 1659 dere
2167 1606 2337 1671 ausis,
2364 1620 2586 1674 asperos
2629 1614 2795 1675 atque
2830 1606 3056 1669 arduos,
3102 1609 3255 1663 multi
3309 1612 3587 1667 oecubue~

2007 1706 2156 1762 runt,
2199 1697 2353 1751 multi
2387 1698 2531 1767 capti
2564 1707 2715 1752 sunt.
2746 1699 2877 1768 Ejus
2907 1699 3081 1754 cladis
3104 1702 3324 1772 culpam
3380 1719 3585 1759 consu-

2004 1792 2084 1845 les
2106 1791 2245 1845 alter
2270 1791 2324 1843 in
2352 1791 2590 1845 alterum
2619 1791 2991 1858 conferentes,
3019 1793 3086 1848 de.
3130 1796 3410 1851 communi
3462 1814 3587 1852 seu.

2008 1883 2179 1937 tentia
2206 1882 2417 1937 bellum
2455 1897 2644 1954 gerere
2669 1883 3022 1938 destiterunt.
3049 1888 3125 1940 Ae
3148 1886 3348 1942 Junius
3371 1897 3585 1959 partem

2013 1973 2332 2028 Samnitiem
2390 1973 2616 2028 ditionis
2650 1977 2880 2029 vastavit
2915 1994 2927 2030 :
2966 1978 3199 2034 Ruﬁnus
3247 1980 3500 2037 Lucanos
3531 1991 3589 2038 et

2005 2065 2253 2120 Bruttios
2287 2064 2476 2119 aﬁlixit
2512 2083 2524 2119 :
2582 2074 2638 2120 et
2670 2066 2736 2119 ad
2783 2066 3081 2122 Crotonem
3151 2073 3586 2141 recuperandam

2004 2158 2285 2228 profectus
2307 2166 2408 2222 est,
2443 2173 2564 2225 qua:
2598 2156 2879 2212 defecerat
2913 2175 2941 2212 a
2972 2160 3254 2224 Romanis,
3282 2166 3588 2218 accersitus

2004 2265 2034 2303 a
2064 2249 2427 2304 faniiliaribus
2449 2248 2584 2302 suis.
2622 2246 2730 2302 Sed
2757 2250 2940 2304 exteri
2968 2260 3093 2305 ante
3113 2251 3409 2307 adventum
3443 2258 3586 2322 ejus,
3610 2268 3627 2285 ο

2005 2341 2339 2411 ιπιεείιίἰιιιη,
2372 2344 2459 2395 cui
2494 2341 2857 2395 Nicomachus
2893 2353 3143 2411 prteerat,
3176 2362 3205 2399 a
3243 2346 3441 2402 Milone
3495 2364 3588 2404 ae-

2003 2432 2366 2488 eersiverant.
2402 2432 2572 2503 Cujus
2600 2433 2678 2485 rei
2723 2432 2965 2501 ignarus,
3002 2448 3150 2493 cum.
3176 2443 3243 2487 ,ιιι
3277 2435 3345 2487 ad
3379 2438 3587 2491 amico-

2006 2540 2125 2577 rum
2176 2541 2207 2576 ιι
2231 2524 2376 2577 mnia
2421 2523 2785 2594 negligentius
2830 2525 3183 2591 accessisset,
3242 2527 3424 2583 subita
3486 2530 3587 2584 bo-

2003 2617 2169 2671 stium
2198 2617 2492 2687 eruptione
2532 2617 2743 2672 cladem
2775 2619 2985 2689 accepit
3018 2638 3031 2673 :
3070 2620 3269 2677 deinde
3306 2634 3427 2680 arte
3453 2642 3593 2695 qua-

2005 2710 2129 2762 dam
2183 2713 2312 2763 urbe
2340 2710 2545 2778 potitus
2592 2718 2695 2763 est.
2731 2711 2876 2766 Duos
2909 2712 3057 2766 enim
3108 2715 3373 2784 captivos,
3410 2715 3588 2773 trans4

2007 2801 2255 2873 fugarum
2321 2802 2479 2856 titulo
2549 2801 2843 2857 Crotonem
2898 2804 3087 2859 misit:
3149 2822 3381 2875 quorum
3452 2810 3591 2863 alter

2007 2896 2243 2960 diceret,
2277 2910 2425 2959 cum,
2460 2894 2745 2964 desperata
2773 2895 2928 2950 urbis
2955 2899 3381 2968 expugnatione,
3405 2900 3592 2956 Locri-

2008 2990 2154 3054 dem,
2205 3005 2375 3059 quoa
2428 2990 2808 3059 proditoribus
2857 3001 3110 3057 vocetur,
3163 2993 3586 3061 discessurum:

2009 3084 2148 3136 alter
2195 3082 2393 3138 deinde
2430 3082 2748 3147 aﬁirmaret,
2785 3099 2910 3139 cum
2969 3086 3082 3155 jam
3131 3086 3185 3139 in
3217 3086 3413 3147 itinere
3438 3103 3587 3143 esse.

2011 3175 2141 3241 Quae
2170 3175 2347 3229 oratio
2386 3181 2444 3229 ut
2477 3184 2626 3230 esset
2664 3176 3028 3245 probabilior,
3055 3178 3291 3232 sarcinis
3341 3180 3591 3235 collectis

2015 3284 2071 3321 se
2107 3284 2399 3337 properare
2433 3268 2731 3322 simulavit.
2782 3268 2839 3323 ld
2877 3269 3243 3325 Nicomachus
3268 3287 3456 3327 verum
3471 3287 3593 3328 esse

314 3358 652 3429 Νικόμαχος
705 3356 1007 3419 πιστεύσας
1050 3356 1261 3422 τούτοις
1308 3359 1425 3427 (καὶ
1465 3360 1514 3410 οἱ
1568 3360 1907 3413 κατάσκοποι

2013 3368 2166 3412 ratus
2194 3361 2340 3429 (nam
2382 3360 2756 3427 speculatores
2783 3360 2950 3430 378
2981 3360 3124 3415 idem
3160 3363 3590 3433 renuntiabant)

314 3450 428 3519 γὰρ
460 3451 533 3502 τὰ
574 3448 712 3501 αὐτὰ
743 3448 1119 3517 ἀνήγγελλον),
1150 3448 1243 3501 τὸν
1294 3450 1557 3519 Κρότωνα
1605 3450 1802 3516 λιπὼν,
1850 3454 1906 3515 ἐς

312 3544 445 3606 τοὺς
476 3542 738 3611 Λοκροὺς
770 3540 938 3612 ἀπῄει
969 3542 1172 3611 σπουδῇ
1216 3540 1283 3593 δι’
1305 3541 1719 3612 ἐπιτομωτέρας
1762 3541 1906 3596 ὁδοῦ.

313 3637 430 3691 Καὶ
485 3638 557 3690 ἐν
611 3637 679 3707 τῇ
724 3634 949 3704 Λοκρίδι
989 3634 1285 3703 γενομένου
1320 3634 1509 3698 αὐτοῦ,
1560 3636 1588 3687 ὁ
1628 3635 1909 3705 Ῥουφίνος

316 3727 648 3800 ὑπέστρεψε
678 3728 815 3799 πρὸς
849 3727 941 3780 τὸν
971 3727 1259 3798 Κρότωνα,
1300 3729 1394 3781 καὶ
1426 3727 1605 3780 λαθὼν
1644 3727 1731 3780 διά
1763 3745 1821 3780 τε
1851 3727 1911 3781 τὸ

315 3820 773 3890 ἀπροσδόκητον,
812 3819 906 3871 καὶ
940 3817 1009 3871 δι’
1041 3817 1269 3889 ὁμίχλην
1298 3817 1419 3871 τότε
1454 3818 1761 3888 συμσᾶσαν,
1797 3812 1911 3871 εἷλε

314 3911 421 3982 τὴν
456 3912 651 3965 πόλιν.
702 3910 908 3964 Μαθὼν
962 3910 1019 3963 δὲ
1063 3911 1224 3963 τοῦτο
1267 3910 1602 3982 Νικόμαχος,
1631 3912 1796 3982 ἀπῄει
1832 3912 1913 3974 εἰς

318 4003 631 4075 Τάραντα*
665 4004 760 4055 καὶ
787 4004 846 4056 ἐν
884 4004 951 4073 τῇ
999 4002 1106 4072 ὁδῷ
1142 4002 1218 4071 τῷ
1261 4002 1526 4073 Ῥουφίνῳ
1575 4002 1910 4073 περιπεσὼν,

316 4097 567 4160 πολλοὺς
618 4094 885 4157 ἀπέϐαλε,
933 4094 1028 4148 καὶ
1080 4095 1132 4146 οἱ
1188 4096 1389 4165 Λοκροί
1439 4097 1552 4158 τοῖς
1618 4095 1914 4166 Ῥωμαίοις

315 4188 795 4261 προσεχώρησαν.
838 4185 930 4257 Τῷ
950 4186 1127 4256 δ’έξῆς
1161 4185 1272 4239 ἔτει
1317 4188 1582 4255 Ῥωμαῖοι
1617 4188 1912 4258 ἐστράτευη

318 4298 425 4333 σαν
455 4285 545 4344 είς
581 4281 647 4332 τὸ
672 4279 928 4347 Σάμνιον,
958 4278 1050 4330 καὶ
1073 4280 1130 4340 ἐς
1156 4277 1477 4342 Αευκανίδα,
1520 4280 1612 4331 καὶ
1640 4280 1914 4349 Βρεττίοις

315 4371 717 4440 ἐπολέμησαν.
764 4367 824 4419 '0
868 4366 925 4420 δὲ
975 4366 1190 4438 Πύρρος
1222 4365 1323 4435 τῆς
1358 4365 1606 4427 Σικελίας
1645 4365 1914 4431 ἐκπεσὼν,

314 4464 418 4515 καὶ
442 4457 777 4514 ἐπανελθὼν
811 4458 937 4529 ἤδη,
967 4456 1155 4519 δεινῶς
1190 4457 1389 4520 αὐτοὺς
1422 4456 1628 4524 ἐλύπει,
1672 4462 1763 4511 καὶ
1795 4461 1915 4520 τοὺς

314 4554 429 4625 μὲν
458 4552 723 4623 Λοκροὺς
754 4549 1052 4620 ἐκομίσατο
1081 4553 1203 4620 (τὴν
1232 4552 1341 4620 γὰρ
1378 4552 1625 4625 φρουρὰν
1647 4551 1756 4603 τῶν
1791 4551 1914 4605 Ῥω.

315 4647 517 4716 μαίων
581 4641 1006 4703 ἀποκτείναντες
1052 4639 1418 4712 μετέστησαν)
1454 4643 1544 4694 ἐπὶ
1587 4641 1642 4695 δὲ
1693 4642 1753 4694 τὸ
1794 4642 1919 4711 Ῥῆ-

313 4755 444 4808 γιον
507 4735 867 4806 στρατεύσας
904 4732 1280 4804 ἀπεκρούσθη,
1332 4733 1426 4785 καὶ
1475 4734 1637 4796 αὐτὸς
1680 4730 1914 4802 ἐτρώθη,

309 4834 415 4886 καὶ
456 4831 763 4890 πλείστους
794 4825 1056 4879 ἀπέϐαλε.
1083 4826 1374 4889 Μεταστάς
1403 4827 1460 4878 δὲ
1491 4828 1569 4889 εἰς
1593 4828 1690 4894 τὴν
1716 4825 1919 4895 Λοκρί-

309 4926 402 4988 δα,
450 4925 559 4976 καὶ
606 4921 718 4973 τῶν
757 4919 909 4990 αύτῷ
943 4920 1160 4972 ἐναντία
1205 4918 1592 4989 φρονησάντων
1623 4918 1920 4980 δικαιώσας

307 5017 502 5080 τινὰς,
547 5012 713 5082 ποιρά
761 5012 871 5064 τῶν
902 5010 1109 5064 λοιπῶν
1138 5012 1283 5063 σῖτον
1314 5012 1408 5063 καὶ
1439 5010 1696 5080 χρήματα
1737 5008 1921 5070 ἔλαϐε,

310 5113 417 5165 καί
449 5112 543 5171 είς
590 5105 857 5178 Τάραντα
902 5104 1268 5172 ἀνεκομίσθη.
1299 5103 1501 5165 Κακῶς
1535 5104 1590 5156 δὲ
1624 5103 1923 5174 πάσχοντες

307 5203 428 5257 ἀπὸ
499 5199 809 5266 Ῥωμαίων
868 5197 918 5248 oi
976 5195 1263 5265 Σαμνῖται,
1328 5194 1691 5263 ἐξαναστῆναι
1757 5195 1920 5249 αὑτὸν

309 5294 637 5362 ἐποίησαν.
683 5287 884 5341 Ἐλθὼν
913 5287 972 5341 δὲ
999 5288 1081 5349 είς
1108 5284 1431 5356 ἐπικουρίαν
1452 5286 1651 5350 αὐτῶν,
1682 5285 1916 5357 ἐτράπη.

308 5385 672 5459 Τρωθέντος
703 5383 810 5451 γὰρ
839 5380 1020 5434 πώλου
1065 5379 1379 5448 ἐλέφαντος,
1418 5377 1514 5430 καί
1548 5378 1920 5447 ἀποσεισαμὲο

2011 3449 2247 3506 Crotone
2281 3454 2515 3516 deserta,
2545 3467 2641 3519 per
2670 3451 2809 3505 viam
2840 3452 3148 3507 breviorem
3180 3454 3436 3510 celeriter
3482 3455 3594 3512 [ιο-

2011 3560 2135 3600 eros
2157 3543 2461 3599 contendit.
2485 3544 2605 3611 Quo
2624 3559 2753 3598 cum
2778 3545 3144 3613 pervenisset,
3196 3546 3425 3602 Ruﬁnus
3455 3563 3592 3602 con-
3674 3528 3680 3533 l

2015 3651 2172 3689 verso
2197 3635 2262 3689 ad
2284 3634 2578 3695 Crotonem
2604 3635 2819 3691 itinere.
2848 3635 3317 3690 animadvertente
3341 3638 3585 3701 nemine,

2012 3727 2158 3797 qqu
2186 3736 2242 3782 et
2284 3734 2486 3797 praeter
2521 3726 2989 3796 exspectationem
3042 3727 3256 3789 aderat,
3288 3736 3345 3782 et
3397 3729 3594 3785 nebula

2013 3826 2365 3889 conspectum
2401 3817 2698 3886 eripuerat,
2748 3817 2940 3871 urbem
2970 3818 3137 3886 cepit.
3186 3818 3305 3884 Quo
3337 3818 3594 3873 Nicoma-

2015 3910 2155 3965 ebus
2183 3908 2427 3978 cognito,
2458 3907 2760 3962 Tarentum
2789 3907 3090 3970 rediturus,
3124 3922 3247 3962 cum
3282 3909 3339 3963 in
3393 3909 3595 3965 itinere

2020 4003 2071 4056 in
2101 4000 2363 4055 Ruﬁnum
2414 3997 2720 4062 incidisset,
2760 3999 2973 4054 multos
3030 3999 3263 4053 amisit:
3313 4001 3477 4056 Locri
3522 4002 3597 4056 ad

2018 4094 2295 4148 Romanos
2321 4107 2380 4147 se
2411 4090 2785 4145 contulerunt.
2819 4089 3095 4160 Sequente
3125 4106 3273 4145 anno
3307 4091 3590 4159 Romanis,

2018 4183 2370 4254 expeditione
2392 4192 2585 4238 contra
2618 4182 2902 4237 Samnium
2952 4191 3008 4237 et
3045 4183 3367 4242 Leucadem
3401 4198 3594 4240 susce-

2021 4289 2132 4347 pta,
2167 4277 2420 4347 belloque
2446 4277 2693 4331 Bruttios
2732 4275 2963 4339 adortis,
2990 4276 3233 4346 Pyrrhus
3263 4276 3446 4332 Sicilia
3495 4294 3592 4333 ex-

2021 4371 2230 4440 pulsus,
2257 4369 2399 4423 etin
2467 4367 2676 4422 Italiam
2737 4382 3018 4431 reversus,
3064 4369 3429 4437 permolestus
3471 4370 3598 4426 fuit.

2020 4462 2246 4525 Locros,
2273 4460 2368 4530 qui
2403 4460 2651 4514 Romano
2675 4459 2931 4531 prmsidio
2966 4475 3108 4514 caeso
3140 4460 3479 4529 defecerant,
3513 4477 3603 4519 re-

2022 4555 2167 4623 cepit
2196 4571 2210 4607 :
2244 4552 2341 4607 sed
2373 4568 2403 4607 a
2433 4552 2627 4622 Rbegii
2654 4553 3062 4622 oppugnatione
3092 4553 3367 4621 repulsus,
3402 4563 3458 4611 et
3486 4555 3601 4626 ipse

2024 4646 2343 4700 vulneratus
2372 4654 2475 4708 est,
2528 4654 2584 4698 et
2618 4645 2820 4699 multos
2868 4644 3079 4698 milites
3110 4645 3316 4699 amisit.
3364 4647 3496 4701 lnde
3549 4648 3602 4701 in

2026 4736 2307 4796 Locridem
2334 4736 2634 4806 prolectus.
2667 4745 2723 4789 et
2756 4735 3087 4805 quibusdam
3112 4738 3362 4793 adversm
3408 4738 3606 4793 factio-

2016 4831 2103 4884 nis
2136 4829 2421 4891 multatis,
2475 4827 2865 4897 l'rumentoque
2922 4838 2979 4882 et
3032 4830 3325 4899 pecuniaa
3381 4833 3602 4885 emeris

2019 4920 2279 4989 acceptis,
2313 4919 2615 4973 Tarentum
2648 4919 2834 4974 rediit.
2866 4919 2911 4973 A
2941 4918 3299 4984 Samnitibus,
3333 4934 3471 4987 quos
3497 4920 3603 4973 Ro-

2025 5013 2168 5065 mani
2201 5011 2440 5080 graviter
2467 5010 2755 5079 urgebant,
2785 5009 2840 5064 in
2880 5011 3149 5064 auxilium
3190 5019 3471 5074 evocatus,
3541 5013 3598 5065 in

2026 5103 2205 5171 fugam
2240 5116 2431 5155 versus
2470 5112 2575 5155 εει.
2607 5101 2743 5156 Nam
2781 5115 2905 5156 eum
2943 5101 3126 5170 pu'lus
3170 5099 3446 5170 elephanti
3480 5101 3596 5156 vul-

2026 5204 2273 5259 neratus,
2305 5193 2613 5248 sessoribus
2639 5194 2904 5254 excussis,
2943 5201 3170 5245 matrem
3194 5192 3395 5261 passim
3447 5208 3600 5263 qum-

2029 5295 2196 5351 reret,
2255 5301 2428 5356 eaqne
2490 5284 2807 5356 perturbata
2854 5284 3022 5338 etiam
3074 5283 3259 5336 caeteri
3316 5281 3599 5353 elephanti

2027 5380 2285 5437 concitati
2314 5390 2522 5444 essent,
2550 5383 2666 5432 sine
2691 5377 3009 5432 discrimine
3041 5374 3299 5446 permista
3325 5385 3453 5429 sunt
3484 5392 3601 5431 oru-

1509 5496 1708 5557 Varize
1746 5498 2054 5565 lectiones
2112 5507 2171 5561 et
2209 5509 2398 5560 notua.

391 5608 521 5680 (15)
560 5602 852 5680 ξρακιτὰ.
923 5601 1033 5655 llos
1061 5615 1180 5680 esse
1241 5606 1678 5680 montesnprope
1734 5598 1933 5664 lelll‘,

315 5667 515 5754 pu‘tat'
569 5667 846 5754 Crtelius,
903 5686 1043 5742 quos
1106 5667 1936 5754 Dionysius_Ilulicaruasseus,

312 5738 423 5813 l'ib.
468 5767 488 5804 ι
519 5742 823 5804 corniclos,
848 5738 943 5797 seu
968 5741 1266 5793 corniculos
1298 5746 1477 5802 vocat,
1530 5738 1597 5792 de
1630 5739 1830 5806 quibus
1858 5751 1943 5795 sat

606 5838 883 5898 I’A'I‘ROL.
922 5840 1038 5899 Gn.
1071 5832 1417 5898 CXXXIV.

2040 5601 2213 5654 multa
2238 5600 2404 5653 habet
2424 5594 2734 5665 Cluverius.
2771 5594 2868 5647 lib.
2903 5608 2940 5649 ιι
2983 5591 3163 5647 halitu
3192 5595 3443 5665 antique,
3474 5604 3598 5663 pag.

2040 5672 2165 5732 (itii,
2195 5669 2387 5740 qui~de
2430 5666 2661 5723 Crauitis
2682 5663 2914 5717 Zonarzu
2945 5665 3115 5719 siluit.

3200 5823 3276 5882 21
