4008 6250
349 257 457 320 €55

1612 259 1940 322 JOANNIS
1979 258 2306 322 ΖΟΝΑΗιΕ

3501 267 3602 336 656

345 369 439 438 qui
473 383 600 422 eum
645 367 1057 440 Tyrrhenorum
1088 367 1456 438 antiquissimi
1489 378 1694 436 essent,
1721 379 1778 425 et
1825 386 1924 441 po-

2027 366 2364 438 ἀπέπεμψαν
2423 365 2603 420 οἴκαδε
2656 367 2869 437 ἀπαθῆ.
2939 366 3062 420 Ἐπὶ
3110 367 3167 422 δὲ
3223 370 3456 423 Κυίντου
3499 373 3604 426 Φα-

339 459 572 514 {entiam
605 467 661 512 et
695 459 898 514 moenia
921 457 1216 513 fortissima
1240 459 1342 514 sibi
1363 469 1642 530 pararam,
1672 469 1728 516 et
1764 478 1925 533 repn-

345 551 489 606 blica
529 551 690 606 bonis
741 559 935 606 ornata
983 549 1198 620 legibus
1251 551 1569 607 utebantur.
1609 551 1822 618 Quibus
1857 554 1925 606 de

345 642 526 698 causis
559 641 857 712 aliquando
900 641 1052 701 bello,
1080 651 1357 712 suscepto,
1406 643 1670 698 Romanis
1718 642 1924 714 longis-

345 737 487 790 simo
551 744 796 805 tempore
841 734 1182 788 restiterunt.
1229 735 1336 789 Sed
1382 735 1620 799 subacti,
1665 745 1829 806 atque
1872 736 1924 788 iu

344 827 572 880 delicias
619 823 852 894 delapsi,
887 825 1208 895 reipublicze
1256 825 1836 892 administrationem,
1871 837 1928 880 et

347 919 489 972 hei-la
539 918 652 972 fere
709 917 971 988 gerenda,
1025 919 1201 973 servis
1252 920 1926 990 conn-nisernnt:eosque

347 1009 566 1062 tandem
591 1024 658 1064 eo
685 1018 1008 1074 erexerunt,
1041 1019 1100 1064 ut
1127 1010 1325 1080 opibus
1350 1011 1507 1081 381
1539 1019 1705 1080 atque
1731 1011 1928 1066 animis

343 1098 494 1162 vluti,
523 1097 624 1168 ipsi
645 1113 764 1152 sese
795 1097 849 1151 in
878 1097 1189 1154 libertatem
1224 1105 1556 1162 assererent,
1591 1109 1647 1154 et
1671 1100 1926 1154 domims

344 1205 472 1244 suas
519 1205 721 1245 uxores
766 1189 1068 1255 ducerent,
1129 1200 1184 1244 et
1242 1191 1482 1245 dominis
1532 1193 1924 1255 succederent,

343 1291 508 1351 atque
532 1281 585 1334 in
609 1291 863 1334 senatum
887 1279 1231 1351 legerentur,
1250 1289 1305 1334 et
1324 1281 1677 1351 magistratus
1698 1281 1925 1342 inirent,

341 1379 398 1424 et
420 1370 524 1441 ipsi
566 1385 785 1424 omnem
819 1371 1200 1425 auctoritatem
1233 1371 1588 1434 obtinerent,
1621 1382 1926 1440 creti-raque

344 1460 553 1514 omnia.
595 1459 827 1531 lujurias
853 1475 882 1514 a
925 1459 1166 1514 dominis
1193 1459 1298 1514 sibi
1354 1459 1544 1521 factas,
1581 1461 1785 1531 majore
1817 1475 1885 1530 pc
1909 1491 1927 1500 ο

345 1555 576 1609 tulantia
617 1555 670 1608 in
709 1555 830 1608 illos
863 1563 1236 1624 regesserunt.
1287 1553 1512 1609 Veteres
1559 1552 1726 1623 igitur
1755 1555 1926 1615 cives,

344 1663 469 1702 cum
498 1663 594 1701 eos
642 1663 820 1715 neque
854 1645 1019 1711 ferre,
1077 1661 1256 1714 neque
1308 1646 1426 1700 suis
1477 1645 1692 1700 \iribus
1737 1646 1924 1700 ulcisci

2028 461 2148 514 είου
2205 459 2320 530 (20)
2379 459 2474 513 καὶ
2523 459 2772 530 Αἰμιλίου
2833 459 3060 516 ὑπάτων
3107 461 3244 532 πρὸς
3293 463 3605 530 Οὐλσινίους

2029 551 2398 619 ἐστράτευσαν
2426 547 2513 600 ἐπ’
2564 549 2851 620 ἐλευθερίᾳ.
2895 549 3101 606 αὐτῶν.
3147 549 3470 605 Ἕνσπονδοι
3503 552 3608 626 γὰρ

2025 636 2167 711 ἦσαν
2202 639 2404 706 αὐτῶν,
2457 641 2507 692 οἱ
2560 641 2911 710 ἀρχαιότατοι
2963 641 3072 694 τῶν
3101 643 3405 713 Τυρσηνῶν
3436 645 3610 714 ὄντες,

2031 729 2186 801 ἰσχύν
2220 747 2280 784 τε
2321 731 2814 800 περιεποιήσαντο,
2868 729 2964 782 καὶ
2992 731 3172 800 τεῖχος
3199 732 3611 786 κατεσκεύασαν

2027 819 2396 893 ὀχυρώτατον,
2453 821 2700 892 πολιτείᾳ
2754 837 2812 872 τε
2872 821 3256 892 εὐνομουμένῃ
3292 823 3610 894 ἐκέχρηντο,

2028 917 2120 968 καὶ
2149 915 2216 968 δι’
2247 915 2388 968 αὐτά
2438 914 2805 984 πολεμοῦντές
2851 931 2984 966 ποτε
3027 915 3143 977 τοῖς
3197 915 3492 984 Ῥωμαίοις
3523 917 3615 969 ἐπὶ

2030 1006 2286 1060 πλεῖστον
2323 1007 2606 1077 ἀντέσχον.
2652 1006 2742 1069 Ὠς
2779 1005 2824 1058 δ’
2861 1004 3257 1078 ἐχειρώθησαν,
3303 1007 3458 1061 αὐτοὶ
3514 1009 3610 1080 μὲν

2029 1100 2328 1168 ἐξώκειλαν
2384 1102 2466 1163 εἰς
2533 1099 2848 1170 ἁῆρότητα,
2902 1099 3003 1170 τὴν
3056 1097 3115 1150 δὲ
3183 1097 3454 1170 διοίκησιν
3515 1095 3614 1170 τῆς

2029 1191 2236 1254 πόλεως
2276 1193 2388 1254 τοῖς
2415 1191 2658 1254 οἰκέταις
2686 1187 3020 1260 ἐπέτρεψαν,
3058 1188 3152 1242 καὶ
3189 1189 3288 1252 τὰς
3326 1191 3616 1260 στρατείας

2027 1283 2096 1336 δι’
2152 1283 2377 1336 ἐκείνων
2431 1283 2508 1346 ὡς
2549 1281 2609 1334 τὸ
2643 1281 2779 1334 πολὺ
2833 1280 3158 1335 ἐποιοῦντοο
3209 1282 3308 1334 καὶ
3351 1282 3506 1346 τέλος
3559 1286 3614 1347 ἐς

2027 1377 2189 1431 τοῦτο
2212 1378 2530 1447 προήγαγον
2561 1377 2725 1445 σφᾶς,
2753 1375 2830 1438 ὡς
2852 1375 2947 1429 καὶ
2981 1374 3212 1444 δύναμιν
3241 1377 3366 1438 τοὺς
3395 1375 3614 1439 οἰκέτας

2029 1471 2124 1522 καὶ
2150 1469 2411 1540 φρόνημα
2443 1467 2612 1537 ἔχειν,
2657 1467 2754 1520 καὶ
2786 1465 3104 1536 ἐλευθερίας
3137 1466 3366 1530 ἑαυτοὺς
3400 1466 3612 1533 ἀξιοῦν.

2030 1562 2321 1633 Προϊόντος
2375 1559 2432 1613 δὲ
2489 1561 2584 1613 τοῦ
2635 1559 2834 1630 χρόνου
2907 1559 3000 1613 καί⁵
3047 1559 3240 1630 ἔτυχον
3291 1559 3502 1630 ταύτης
3548 1559 3617 1612 δι’

2030 1653 2266 1718 ἐαυτῶν,
2317 1653 2413 1707 καὶ
2456 1653 2553 1715 τὰς
2612 1653 2764 1722 σφῶν
2816 1652 3110 1716 δεσποίνας
3157 1651 3466 1722 ἠγάγοντο,
3521 1654 3618 1706 καὶ

343 1749 590 1811 possent,
623 1741 761 1793 clam
801 1740 1008 1808 legatos
1049 1740 1274 1792 Romam
1315 1739 1608 1802 miserunt,
1656 1739 1750 1808 qui
1802 1755 1924 1808 prc-

2031 1747 2160 1808 τοὺς
2192 1745 2459 1809 δεσπότας
2509 1743 2830 1814 διεδέχοντο,
2885 1745 2980 1797 καὶ
3020 1743 3100 1807 εἰς
3149 1747 3247 1816 τὴν
3291 1744 3490 1815 βουλὴν
3523 1747 3611 1797 ἐν-

343 1835 502 1888 cibus
531 1844 748 1887 secreto
767 1833 1156 1902 impetrarunt,
1185 1842 1246 1885 ut
1267 1839 1512 1893 senatus,
1536 1847 1602 1884 ne
1635 1847 1722 1884 res
1748 1832 1925 1900 palam

346 1927 525 2000 ﬁeret,
569 1926 622 1979 in
659 1925 888 1995 privatis
918 1924 1130 1978 aedibus
1179 1924 1520 1977 conveniret.
1561 1924 1638 1976 Ac
1689 1923 1764 1976 illi
1806 1924 1928 1992 qui-

343 2017 492 2083 dem,
547 2027 607 2070 ut
653 2017 875 2070 nemine
923 2016 1204 2078 audiente,
1267 2014 1670 2070 deliberabant.
1712 2015 1928 2070 Samnis

342 2122 528 2166 autem
575 2109 822 2180 quidam,
869 2109 1070 2162 mdium
1118 2108 1328 2161 domini
1366 2107 1588 2177 hospes,
1629 2115 1924 2178 :egrotans,

343 2219 444 2274 per
484 2202 750 2257 incuriam
778 2201 848 2254 ibi
879 2201 1126 2263 relictus,
1157 2199 1374 2270 cognito
1425 2198 1926 2266 senatusconsulto,

343 2295 562 2349 monuit
593 2309 690 2348 eos
719 2295 814 2362 qui
866 2293 1292 2346 accusabantur.
1331 2291 1408 2344 llli
1460 2290 1626 2360 igitur
1662 2292 1927 2360 qumstio-

348 2387 512 2441 nilms
538 2385 743 2439 habitis
774 2383 840 2438 de
871 2383 1089 2453 legatis,
1127 2399 1251 2435 eum
1297 2383 1430 2452 quid
1481 2393 1737 2452 ageretur
1767 2384 1927 2438 intel-

345 2479 628 2542 lexissent,
659 2483 716 2529 et
753 2475 874 2528 illos
905 2483 963 2531 et
993 2473 1264 2543 primores
1304 2473 1549 2528 civitatis
1579 2474 1925 2532 occiderunt.

345 2569 694 2638 Quapropter
727 2566 924 2621 Fabius
979 2582 1008 2620 a
1042 2566 1310 2620 Romanis
1361 2577 1554 2621 contra
1579 2581 1675 2622 eos
1702 2567 1922 2631 missus,

345 2675 542 2714 omnes
575 2659 667 2729 qui
715 2660 768 2714 in
795 2659 970 2713 aciem
1007 2657 1430 2722 descenderant,
1483 2657 1808 2730 proﬂigavit,
1871 2661 1924 2714 in

348 2754 474 2824 fuga
502 2753 705 2808 multos
752 2752 981 2817 occidit,
1007 2751 1250 2822 reliquos
1281 2751 1334 2805 in
1368 2752 1562 2806 urbem
1613 2753 1925 2822 compulsos

344 2843 706 2914 oppugnavit.
733 2843 836 2899 Ubi
867 2859 992 2898 cum
1023 2858 1092 2898 cx
1118 2839 1348 2898 vulnere
1381 2843 1756 2908 accubuisset,
1775 2843 1922 2898 servi

343 2946 624 3008 resumpta
649 2936 851 2991 ﬁducia
877 2943 1188 3005 eruperunt
1213 2951 1228 2988 :
1260 2936 1356 2990 sed
1382 2935 1535 3003 victi,
1585 2943 1750 3005 atque
1773 2935 1923 2990 obsi-

2031 1837 2358 1908 ἐγράφοντο,
2399 1839 2496 1890 καὶ
2543 1837 2642 1900 τὰς
2697 1837 2872 1908 ἀρχὰς
2925 1835 3258 1904 ἐλάμϐανον,
3315 1835 3412 1890 καὶ
3461 1838 3614 1890 αὐτοὶ

2028 1929 2091 1981 τὸ
2127 1929 2354 2000 σύμπαν
2393 1927 2562 2000 κῦρος
2610 1923 2784 1999 εἶχον,
2839 1929 2936 1982 καί⁸
2981 1929 3051 1983 τά
3093 1945 3151 1982 τε
3199 1929 3339 1984 ἄλλα
3393 1929 3612 1992 καὶτὰς

2031 2019 2219 2092 ὕϐρεις
2251 2021 2348 2084 τὰς
2396 2021 2502 2074 ὐπὸ
2551 2021 2660 2075 τῶν
2733 2021 3014 2075 δεσποτῶν
3077 2021 3265 2084 αὐτοῖς
3321 2023 3611 2092 γινομένας

2032 2113 2374 2183 ἰταμώτερον
2425 2114 2504 2174 είς
2551 2113 2749 2176 αὐτοὺς
2803 2112 3048 2176 ἐκείνους
3097 2113 3608 2168 ἀνταπεδείκνυντο.

2029 2203 2158 2256 Οὖτ⁹
2213 2203 2306 2255 οὐν
2364 2205 2554 2273 φέρειν
2617 2205 2756 2272 σφᾶς
2815 2205 2865 2256 oi
2921 2205 3142 2275 ἀρχαῖοι
3197 2205 3436 2268 πολῖται,
3488 2203 3609 2256 οὐτε

2030 2297 2152 2348 καθ’
2197 2297 2426 2359 ἑαυτοὺς
2487 2295 2842 2366 δεδυνημένοι
2889 2295 3230 2366 ἀμύνασθαι,
3266 2296 3447 2365 λάθρα
3481 2299 3610 2366 πρέ-

2031 2387 2181 2450 σὸεις
2217 2389 2298 2450 εἰς
2327 2388 2428 2458 τὴν
2477 2387 2698 2458 Ῥώμην
2727 2387 3077 2452 ἀπέστειλαν,
3104 2389 3155 2441 οἳ
3191 2391 3284 2440 καὶ
3322 2388 3389 2440 δι’
3440 2389 3611 2458 ἀπορο

2030 2481 2209 2552 ρήτων
2259 2481 2455 2538 νυκτὸς
2503 2477 2598 2549 τὴν
2653 2479 2950 2551 γερουσίαν
2981 2481 3059 2542 εἰς
3111 2479 3386 2549 ἰδιωτικὴν
3435 2479 3610 2532 οἰκί..ν

2029 2571 2226 2631 ἐλθεῖν,
2267 2571 2416 2633 ὅπως
2455 2568 2624 2640 μηδὲν
2675 2569 3006 2640 ἐξαγγελθῇ,
3055 2569 3464 2638 παρεκάλεσαν,
3518 2569 3610 2622 καὶ

2029 2663 2240 2732 ἔτυχον.
2269 2663 2382 2716 Καὶ
2416 2662 2466 2714 oi.
2513 2661 2614 2732 μὲν
2659 2661 2734 2725 ὼς
2783 2661 3000 2726 οὐδενὸς
3044 2661 3412 2725 ἐπακούοντος
3453 2661 3605 2714 ἐϐου-

2029 2755 2247 2808 λεύοντο
2265 2771 2280 2784 θ
2309 2753 2582 2824 Σαμνίτης
2611 2753 2666 2806 δέ
2699 2771 2806 2820 τις,
2843 2755 2994 2824 παρὰ
3025 2755 3102 2824 τῷ
3127 2754 3300 2824 κυρίῳ
3315 2753 3414 2823 τῆς
3435 2752 3608 2815 οἰκίας

2027 2844 2448 2914 ἐπιξενούμενος
2479 2845 2573 2896 καὶ
2605 2844 2800 2908 νοσῶν,
2831 2844 2996 2898 ἔλαθε
3021 2846 3161 2898 κατὰ
3182 2842 3366 2916 χώραν
3393 2844 3605 2914 μείνας,

2031 2943 2122 2992 καὶ
2175 2937 2380 3008 ἔμαθεν
2427 2937 2463 2990 iit
2513 2937 2870 3008 ἐψηφίσαντο,
2905 2937 3000 2992 καὶ
3051 2937 3295 3008 ἐμήνυσε
3341 2938 3454 2998 τοίς
3507 2937 3606 3006 τὴν

341 3030 512 3083 dieue
573 3029 640 3082 ad
707 3027 904 3082 famem
961 3027 1211 3092 redacti,
1273 3026 1612 3081 deditionem
1648 3027 1922 3082 fecerunt.

2031 3033 2211 3085 αἰτίαν
2255 3031 2462 3101 έχουσι.
2520 3031 2779 3084 Κάκεῖνοι
2813 3031 2939 3092 τοὺς
2974 3030 3240 3102 πρέσϐεις
3284 3029 3606 3086 ἐπανιόντας

340 3123 544 3176 Consul
565 3136 662 3176 eos
677 3121 773 3189 qui
795 3120 912 3174 suis
934 3118 1175 3173 dominis
1205 3119 1558 3188 magistratus
1577 3119 1923 3189 eripuerant,

343 3213 689 3268 excruciatos
732 3211 973 3274 necavit,
1009 3210 1202 3264 urbem
1230 3210 1436 3264 evertit
1467 3227 1482 3264 :
1521 3210 1828 3280 indigenas,
1866 3219 1923 3264 et

348 3320 542 3360 servos
594 3305 688 3374 qui
749 3303 808 3357 in
866 3303 1218 3358 dominorum
1249 3302 1356 3358 ﬁde
1389 3311 1736 3370 manserant,
1789 3304 1920 3358 alibi

349 3398 658 3452 collocavit.

2031 3121 2325 3190 κατέσχον,
2374 3120 2464 3172 καὶ
2503 3119 2876 3186 ἐϐασάνισανέ
2913 3119 3008 3172 καὶ
3051 3119 3318 3190 μαθόντες
3354 3119 3422 3174 τὰ
3453 3113 3604 3190 ’δρώ-

2035 3230 2194 3282 μενα,
2232 3212 2432 3274 αὐτούς
2466 3229 2526 3264 τε
2565 3211 2921 3278 ἀπέκτειναν,
2975 3213 3072 3266 καὶ
3115 3213 3226 3265 τῶν
3277 3211 3454 3266 ἄλλων
3484 3213 3607 3273 τοὺς

2031 3303 2303 3374 πρώτους.
2347 3303 2429 3356 Δι’
2485 3303 2578 3357 οὖν
2629 3301 2786 3356 ταῦθ’
2828 3305 2878 3356 οἰ
2949 3305 3211 3374 Ῥωμαῖοι
3259 3307 3351 3357 τὸν
3407 3303 3604 3357 Φάὂιον

2029 3397 2118 3450 ἐπ’
2146 3397 2346 3460 αὐτοὺς
2371 3397 2620 3451 ἔστειλαν
2646 3413 2660 3426 ·
2696 3399 2788 3451 καὶ
2838 3399 2896 3462 ὃς
2921 3399 3048 3460 τούς
3096 3415 3154 3452 τε
3184 3398 3605 3467 ἀπαντήσαντας

343 3491 491 3563 αὐτῷ
523 3490 582 3556 ἐξ
613 3490 839 3544 ἐκείνων
865 3489 1156 3559 ἐτρέψατο,
1183 3491 1276 3544 καὶ
1315 3489 1548 3553 πολλοὺς
1607 3491 1666 3542 ἐν
1707 3493 1773 3560 τῇ
1841 3493 1988 3563 φυγῇ
2029 3491 2286 3562 φθείρας,
2341 3494 2662 3548 κατέκλεισε
2713 3494 2840 3560 τούς
2895 3493 3118 3557 λοιποὺς
3164 3496 3246 3558 εἰς
3293 3493 3353 3545 τὸ
3405 3493 3602 3562 τεῖχος,

342 3581 441 3634 καὶ
473 3579 781 3650 προσ.ὗαλε
809 3581 876 3649 τῇ
913 3579 1088 3632 πόλει.
1125 3580 1233 3632 Καὶ
1259 3581 1287 3632 ὁ
1348 3579 1447 3650 μὲν
1507 3577 1742 3632 ἐνταῦθα
1762 3581 1994 3649 τρωθεὶς
2033 3582 2297 3636 ἀπέθανε.
2366 3583 2754 3656 Θαρσὴσαντες
2808 3587 2851 3639 δ’
2900 3585 2994 3639 ἐπὶ
3038 3584 3214 3654 τούτῳ
3269 3584 3602 3656 ἐπεξῆλθον,

342 3674 441 3726 καὶ
491 3671 820 3744 ἡττηθέντες
877 3667 1036 3732 αἷθις
1085 3668 1464 3740 ἀνεχώρησαν,
1521 3671 1617 3725 καὶ
1674 3670 2128 3742 ἐπολιορκοῦντοο
2202 3675 2298 3728 καὶ
2363 3677 2445 3738 εἰς
2525 3676 2774 3746 ἀνάγκην
2835 3676 2998 3746 λιμοῦ
3051 3676 3410 3746 ἐμπεσόντες,
3461 3689 3606 3746 παρ-

341 3764 555 3818 έδωκαν
601 3761 852 3824 ἑαυτούς.
921 3759 982 3813 Ὁ
1014 3759 1070 3812 δὲ
1146 3761 1354 3826 ὕπατος
1383 3762 1510 3824 τοὺς
1562 3761 1662 3831 μὲν
1725 3762 2094 3832 ἀφελομένους
2129 3765 2228 3828 τὰς
2283 3765 2390 3818 τῶν
2445 3767 2654 3837 κυρίων
2707 3765 2906 3838 τιμὰς,
2955 3767 3310 3836 αἰκισάμενος
3375 3767 3601 3828 ἔκτεινε,

341 3860 440 3912 καὶ
499 3857 598 3928 τὴν
660 3855 817 3910 πόλιν
875 3856 1190 3926 κατέσκαψε
1239 3872 1253 3888 ·
1296 3855 1423 3918 τοὺς
1474 3853 1530 3906 δὲ
1589 3853 1922 3923 αὐθιγενεῖς,
1965 3857 2059 3908 καὶ
2098 3857 2152 3909 εἰ
2205 3874 2353 3922 τινες
2395 3859 2505 3912 τῶν
2543 3861 2773 3914 οἰκετῶν
2835 3863 3066 3930 χρηστοὶ
3093 3859 3222 3927 περὶ
3251 3857 3376 3922 τοὺς
3413 3858 3606 3912 δεσπό-

339 3972 442 4017 τας
473 3955 744 4024 ἐγένοντο,
777 3956 834 4006 ἐν
856 3953 1028 4024 ἑτέρῳ
1061 3951 1336 4022 κατῴκισε
1353 3951 1523 4021 τόπῳ.

415 4066 552 4124 Vill.
595 4065 677 4120 Ab
708 4079 774 4119 eo
807 4075 1052 4133 tempore
1081 4061 1313 4116 Rmuani
1366 4061 1731 4117 transmarina
1777 4063 1919 4117 bella

2096 4064 2181 4119 H'.
2229 4063 2514 4120 Ἐντεῦθεν
2555 4065 2793 4136 ἤρξαντο
2840 4067 2892 4119 οἰ
2957 4065 3220 4138 Ῥωμαῖοι
3273 4068 3600 4122 διαποντίων

345 4175 538 4232 gerere
567 4167 696 4214 sunt
723 4155 987 4228 aggressi.
1011 4155 1166 4225 prius
1189 4155 1382 4210 classis
1405 4155 1740 4210 instruenda:
1763 4155 1923 4224 plane

346 4253 532 4308 rudes.
554 4252 696 4306 Cum
747 4259 931 4304 autem
963 4249 1018 4302 in
1074 4247 1209 4302 mari
1243 4249 1448 4303 versari
1495 4248 1828 4318 cmpisscnt,
1867 4245 1922 4300 in

346 4345 580 4408 insulas,
607 4343 857 4411 aliasque
881 4341 1232 4396 continentes
1269 4341 1624 4412 trajeceruut.
1658 4341 1764 4396 ted
1797 4356 1921 4396 cum

341 4433 896 4504 Carthaginiensilms
944 4431 1182 4501 primum
1212 4441 1342 4484 sunt
1385 4433 1689 4501 congressi,
1747 4431 1922 4486 nihilo

343 4541 527 4596 neque
576 4523 776 4594 Opibus
805 4535 984 4592 neque
1027 4523 1142 4590 agri
1177 4523 1419 4578 bonitate
1451 4523 1826 4590 inferioribus,
1868 4535 1925 4580 et

343 4625 405 4677 in
437 4635 500 4676 re
530 4621 750 4674 nautica
785 4616 1260 4672 exercitatissimis
1289 4620 1418 4688 :qui
1450 4629 1712 4690 pra-terea
1739 4621 1926 4691 pedes-

350 4715 532 4769 tribus
594 4717 1056 4783 equcstrilmsquc
1109 4712 1306 4782 copiis,
1358 4722 1414 4767 et
1447 4713 1756 4782 elephantis
1804 4717 1924 4784 pol-

346 4810 551 4874 lebant,
585 4815 640 4860 et
671 4805 876 4877 Libyae,
904 4805 1197 4872 Sardinie,
1233 4819 1296 4860 ac
1323 4821 1529 4876 magme
1557 4807 1696 4878 parti
1722 4807 1926 4864 Sicilia:

347 4900 734 4972 imperabant:
776 4897 920 4953 unde
971 4897 1026 4952 in
1079 4889 1232 4968 Spe'm
1293 4899 1456 4953 Italia:
1501 4913 1721 4968 quoque
1765 4900 1922 4954 subi-

344 4995 536 5064 gemla:
559 4991 938 5062 erigebantur.
975 4991 1109 5045 Nam
1145 5000 1344 5060 przeter
1381 4991 1484 5044 alia
1523 4991 1793 5060 superbia:
1838 4991 1922 5045 ius

349 5089 670 5150 citamenta,
725 5083 1019 5138 immodica
1067 5081 1542 5152 quoque'libcrtas
1579 5083 1794 5138 animos
1843 5081 1924 5138 eis

347 5177 604 5233 faciebat.
642 5177 844 5231 Eorum
869 5176 1017 5230 enim
1050 5191 1168 5240 rex,
1195 5174 1362 5228 annui
1399 5173 1750 5244 magistratus
1773 5213 1786 5240 ,
1813 5191 1922 5230 non

351 5269 626 5326 diuturna!
657 5268 946 5341 potestatis
969 5267 1355 5322 auctoritatem
1381 5265 1641 5330 habebat,
1672 5277 1728 5320 ct
1765 5269 1922 5336 quasi

352 5363 658 5418 rationibus
688 5363 804 5418 suis
827 5362 1202 5428 consulerent,
1223 5360 1290 5415 ad
1317 5359 1370 5414 td
1403 5375 1619 5416 summa
1639 5359 1924 5414 alacritate

2025 4157 2254 4225 ἀγώνων
2283 4174 2298 4190 ο
2350 4159 2616 4211 ναυτικῶν
2671 4157 2781 4229 γὰρ
2829 4158 2893 4212 οὐ
2937 4177 2990 4212 τι
3043 4159 3185 4212 πάνυ
3247 4159 3600 4230 πεπείραντο.

2023 4246 2432 4319 Θαλαττουργοὶ
2481 4250 2537 4302 δέ
2581 4251 2888 4320 γενόμενοι,
2937 4251 3033 4303 καὶ⁵
3081 4251 3176 4302 ἐπὶ
3223 4249 3324 4314 τὰς
3379 4253 3598 4320 νήσους,

2022 4341 2124 4404 τάς
2153 4356 2210 4392 τε
2237 4339 2406 4404 ἄλλας
2443 4341 2709 4411 ἠπείρους
2740 4340 3182 4410 ἐπεραιώθησαν.
3213 4341 3602 4412 Καρχηδονίοις

2025 4431 2082 4484 δὲ
2113 4435 2352 4502 πρώτοις
2377 4433 2749 4503 ἐπολέμησαν,
2775 4432 2929 4486 οὐδὲν
2957 4432 3138 4486 αὐτῶν
3179 4431 3333 4486 οὖσιν
3380 4434 3600 4504 ἥττοσιν

2023 4525 2148 4580 οὐτε
2211 4526 2448 4596 πλούτῳ,
2498 4525 2622 4578 οὐτε
2659 4527 2828 4596 ἀρετῇ
2881 4524 3088 4596 χώρας,
3135 4527 3230 4577 καὶ
3267 4526 3602 4596 ἠσκημένοις

2023 4620 2095 4674 τὰ
2145 4620 2376 4674 ναυτικὰ
2425 4621 2505 4682 εἰς
2553 4618 2862 4688 ἀκρίϐειαν,
2916 4618 3010 4670 καὶ
3063 4615 3602 4688 παρεσκευασμένοις

2027 4710 2282 4772 ἱππικαῖς
2334 4725 2394 4762 τε
2441 4709 2703 4780 δυνάμεσι
2757 4709 2852 4762 καὶ
2913 4709 3150 4774 πεζαῖς,
3210 4709 3304 4762 καὶ
3354 4709 3601 4778 ἐλέφασι,

2024 4802 2120 4856 καὶ
2145 4803 2374 4874 ἄρχουσι
2399 4801 2630 4864 Λιϐύων,
2655 4801 2756 4872 τήν
2805 4818 2864 4854 τε
2894 4799 3081 4872 Σαρδὼ
3113 4801 3206 4853 καὶ
3232 4801 3333 4870 τῆς
3359 4801 3602 4866 Σικελίας

2024 4897 2096 4946 τὰ
2128 4895 2300 4946 πλείω
2331 4894 2656 4962 κατέχουσιν
2687 4908 2702 4924 ο
2753 4892 2878 4946 ὅθεν
2929 4895 3026 4946 καὶ
3065 4892 3166 4961 τὴν
3221 4892 3456 4946 Ἰταλίαν
3485 4910 3602 4964 χει-

2025 4985 2310 5058 ρώσασθαι
2341 4987 2408 5039 δι’
2445 4985 2677 5039 ἐλπίδων
2722 4985 3042 5055 πεποίηντο.
3095 4984 3176 5036 'l‘ci.
3225 5001 3286 5037 τε
3320 4985 3432 5054 γὰρ
3467 4985 3601 5039 ἄλλα

2027 5081 2168 5148 σφᾶς
2223 5080 2726 5151 φρονηματίζεσθαι
2781 5079 3019 5144 ἔπειθον,
3065 5078 3162 5133 καὶ
3191 5079 3271 5150 τῷ
3317 5079 3600 5150 αὐτονόμῳ

2023 5174 2146 5228 λίαν
2210 5174 2508 5246 ἐτύγχανον
2577 5175 2956 5246 ἐπαιρόμενοι.
3025 5172 3130 5228 Τὸν
3203 5173 3317 5243 γὰρ
3379 5172 3602 5243 βασιλέα

2025 5267 2238 5329 ἑαυτοῖς
2273 5267 2466 5338 κλῆσιν
2499 5267 2722 5337 ἐτησίου
2752 5267 2948 5338 ἀρχῆς,
2991 5267 3108 5323 ἀλλ’
3155 5268 3256 5322 οὐκ
3282 5268 3378 5320 ἐπὶ
3403 5265 3599 5339 χρονίῳ

2026 5361 2314 5431 δυναστείᾳ
2343 5359 2768 5431 προύϐάλλοντο.
2799 5361 2908 5417 Καὶ
2938 5363 3012 5426 ὡς
3049 5362 3232 5426 αὐτοῖς
3253 5360 3599 5430 πονούμενοι,

1517 5517 1720 5591 ξενίαι
1755 5514 2064 5579 lectiones
2107 5523 2171 5580 et
2206 5527 2396 5582 uotae.

424 5689 534 5757 (20)
570 5687 826 5743 Ktit‘rror
875 5687 1115 5742 Φάϐιον.
1171 5686 1442 5755 Excerpta
1513 5686 1702 5742 Dionis
1769 5683 2078 5748 Valesiana,
2109 5702 2160 5755 p.
2193 5687 2316 5742 590.
