4008 6250
420 376 531 438 €59
1680 382 1969 443 JOANNI,

2072 382 2189 443 EON
2198 382 2367 442 ABE
3561 385 3667 450 660

416 490 743 558 βιασάμενος
775 489 866 544 τὸν
906 490 1189 555 διάπλουν,
1224 492 1285 545 τὸ
1336 493 1433 564 μὲν
1468 489 1573 547 ὑπὸ
1606 493 1701 546 τοῦ
1749 494 1989 566 πλήθους
2029 496 2123 549 καὶ
2155 496 2253 567 τῆς
2332 494 2527 564 τέχνης
2607 493 2715 547 τῶν
2772 495 3182 567 Καρχηδονίων,
3233 497 3294 551 τδ
3335 498 3393 551 δὲ
3422 499 3674 554 πλεῖστον

413 586 500 638 διὰ
530 585 629 657 τήν
664 584 758 639 τοῦ
796 584 891 657 ῥοῦ
927 584 1292 657 χαλεπότητα,
1326 589 1416 640 καὶ
1454 586 1700 658 χειμῶνα
1730 587 1988 659 ἐξαίφνης
2028 588 2338 657 γινόμενον,
2384 586 2535 650 τινάς
2587 602 2648 638 τε
2685 587 2794 639 τῶν
2818 588 3063 659 τριήρων
3096 588 3363 655 ἀπέϐαλε,
3397 592 3494 644 καὶ
3555 594 3673 645 ταῖς

412 676 624 741 λοιπαῖς
653 676 807 747 μόλις
838 679 916 741 είς
944 678 1003 732 τὸ
1042 676 1264 748 Ῥήγιον
1296 678 1578 748 ἀπεσώθη.

484 764 574 825 ΙΧ.
616 768 805 841 Neque
839 781 1019 825 tamen
1062 772 1132 827 ob
1160 787 1279 828 eam
1329 770 1538 827 cladem
1577 773 1808 827 Romani
1852 788 1968 826 mar

2162 772 2235 823 ϐ’.
2273 770 2347 823 ού
2385 770 2568 840 μέντοι
2609 771 2706 840 τῆς
2744 769 3022 838 θαλάσσης
3069 770 3119 822 oi
3165 770 3425 840 Ῥωμαῖοι
3454 770 3543 825 διὰ
3572 772 3675 844 τήν

412 865 797 919 abstinuerunt
838 882 852 927 ;
886 863 980 918 sed
1020 862 1283 920 Claudius
1315 880 1482 920 naves
1533 865 1744 920 refecit.
1794 864 1969 921 llanut

2094 856 2264 934 ἧτταν
2306 862 2651 933 ἀπέσχοντο·
2705 861 2820 916 ἀλλ’
2872 864 2901 916 ὁ
2946 862 3049 933 μὲν
3100 862 3367 927 Κλαύδιος
3415 863 3516 927 τὰς
3540 866 3671 931 ναῦς

411 970 630 1010 caus-im
667 954 811 1024 rupti
845 952 1069 1011 foederis
1118 954 1379 1011 Romanis
1414 956 1778 1026 ascripturus,
1818 957 1969 1010 etiau

2093 954 2485 1020 ἐπεσκεύαζεν.
2522 956 2733 1009 Ἀννων
2761 954 2840 1020 δὲ,
2875 954 2973 1026 τὴν
3013 953 3196 1008 αίτίαν
3238 953 3341 1022 τῆς
3368 954 3480 1007 τῶν
3512 973 3676 1010 σπονο

411 1062 439 1097 ιι
478 1056 597 1115 ptas
632 1047 886 1101 triremes
928 1045 1160 1102 Claudio
1189 1048 1423 1113 remisit,
1470 1048 1829 1119 captivosque
1868 1063 1986 1101 res-

411 1138 580 1204 tituit,
605 1152 842 1207 eumque
872 1137 938 1192 ad
983 1154 1171 1209 pacem
1221 1139 1559 1210 provocavit.
1592 1137 1697 1193 Sed
1729 1153 1852 1193 cum
1893 1138 1982 1193 ille

410 1229 586 1285 mulas
614 1230 967 1287 cenditiones
998 1232 1340 1296 admitteret,
1375 1234 1613 1287 minatus
1653 1242 1760 1297 est,
1792 1248 1849 1288 se
1873 1247 1980 1286 non

410 1338 699 1393 passurum
725 1323 1037 1378 utRomani
1065 1325 1147 1378 vel
1186 1340 1378 1379 manus
1417 1324 1468 1378 in
1507 1324 1640 1378 mari
1675 1324 1980 1378 abluerent.

408 1415 673 1470 Claudius
722 1431 856 1470 vero
907 1414 1032 1471 freti
1079 1424 1277 1470 natura
1328 1414 1692 1477 considerata.
1739 1416 1982 1486 captavit

409 1506 680 1561 teﬂuxnm
714 1508 835 1578 ejus
862 1516 1156 1562 ctventnm
1185 1507 1349 1563 simul
1376 1525 1443 1563 ex
1469 1506 1621 1562 Italia
1651 1506 1704 1561 in
1738 1504 1977 1562 Siliciam

408 1598 649 1652 fcrentes
689 1616 707 1653 :
741 1598 924 1669 itaque
971 1598 1025 1653 in
1069 1598 1299 1653 insulam
1346 1598 1598 1671 trajecit,
1650 1596 1977 1669 prohibente

2090 1046 2195 1098 δῶν
2226 1045 2522 1110 διαλύσεως
2556 1047 2636 1109 είς
2662 1046 2791 1109 τοὺς
2840 1045 3152 1115 Ῥωμαίους
3180 1045 3380 1117 τρέψαι
3412 1045 3675 1117 βουλόμεα

2092 1155 2199 1198 νος,
2230 1139 2327 1191 καὶ
2355 1137 2452 1202 τὰς
2477 1137 2715 1200 ἁλούσας
2752 1138 3001 1207 τριήρεις
3032 1136 3109 1207 τῷ
3144 1137 3401 1208 Κλαυδίῳ
3433 1137 3671 1208 ἔπεμψε,

2091 1235 2186 1284 καὶ
2238 1233 2364 1294 τοῦς
2431 1230 2820 1300 αἰχμαλώτους
2881 1229 3177 1289 ἀπεδίδου,
3233 1230 3329 1282 καὶ
3381 1230 3520 1299 πρὸς
3570 1230 3670 1301 τήν

2090 1326 2313 1395 εἰρήνην
2344 1322 2706 1385 προεκαλεῖτο
2732 1323 2919 1376 αὐτόν.
2969 1322 3123 1375 Ἐπεὶ
3167 1323 3211 1377 δ’
3244 1322 3401 1376 οὐδὲν
3430 1323 3672 1388 ἐδέξατο,

2089 1417 2355 1489 ἠπείλησε
2391 1416 2513 1487 μηδ’
2546 1416 2923 1485 ἀπονίψασθαι
2964 1414 3067 1479 τὰς
3107 1417 3299 1487 χεῖράς
3327 1432 3459 1469 ποτε
3504 1418 3563 1470 ιν
3601 1418 3669 1487 τῇ

2088 1504 2334 1576 θαλάσσῃ
2361 1505 2487 1568 τοὺς
2526 1505 2835 1575 Ῥωμαίους
2863 1506 3040 1559 ἐᾶσαι.
3078 1506 3138 1558 ⁸0
3165 1505 3429 1569 Κλαύδιος
3454 1506 3537 1571 δὲ,
3570 1506 3672 1577 τὴν

2086 1597 2181 1651 τοῦ
2222 1596 2474 1667 πορθμοῦ
2525 1596 2691 1666 φύσιν
2740 1599 3112 1666 κατανοήσας,
3149 1600 3392 1670 ἐτήρησε
3419 1599 3513 1653 τὸν
3542 1599 3672 1669 ῥοῦν

408 1690 626 1745 nemine
665 1707 679 1744 :
722 1701 776 1746 et
824 1692 1165 1748 Mamertinis
1213 1695 1266 1747 in
1317 1701 1483 1762 portu
1544 1692 1786 1746 inventis
1815 1691 1969 1756 (nam

2088 1690 2309 1744 καὶτὸν
2342 1690 2545 1760 ἄνεμον
2585 1690 2649 1742 ix
2701 1691 2801 1758 τῆς
2850 1689 3084 1752 Ἰταλίας
3143 1692 3225 1754 είς
3265 1691 3367 1760 τὴν
3417 1691 3672 1745 Σικελίαν

409 1782 600 1838 "anno
628 1798 753 1839 cum
799 1785 950 1840 cives
990 1792 1278 1856 suspectos
1328 1784 1581 1846 haberet.
1628 1799 1811 1838 arcem
1856 1794 1969 1836 tue-

2086 1778 2202 1848 ἆμα
2234 1778 2501 1850 φέροντας
2527 1797 2543 1814 ο
2581 1781 2674 1834 καὶ
2707 1780 2850 1834 οὕτω
2883 1780 3208 1834 διέπλευσεν
3242 1782 3324 1844 είς
3354 1782 3454 1852 τὴν
3478 1782 3668 1853 νῆσον,

407 1873 602 1947 batur)
625 1890 725 1948 pro
750 1876 1016 1932 concione.
1045 1878 1335 1948 persuasit,
1359 1888 1420 1933 ut
1440 1874 1761 1931 Hannonem
1793 1890 1969 1929 accer-

2088 1872 2322 1942 μηδενὸς
2376 1872 2820 1937 ἐναντιωθέντος.
2874 1872 3065 1943 Εὒρὼν
3106 1870 3202 1928 οῦν
3245 1876 3305 1926 ὲν
3356 1874 3435 1945 τῷ
3484 1875 3667 1944 λιμένι

405 1978 611 2025 sereni.
639 1966 743 2035 Qui
769 1969 871 2025 etsi
909 1968 1247 2024 descendere
1278 1969 1519 2032 volebat,
1556 1978 1736 2022 tamen
1770 1966 1969 2021 veritus

2085 1969 2209 2031 τοὺς
2261 1968 2647 2039 Μαμερτίνους
2692 1968 2742 2039 (ὁ
2778 1970 2886 2039 γὰρ
2918 1971 3154 2035 Ἄννων,
3205 1969 3663 2038 προῦποπτεύσας

406 2074 472 2116 ne
503 2060 809 2115 Mamertini
855 2059 927 2117 de
957 2063 1175 2134 injuriis
1206 2062 1310 2119 sibi
1360 2063 1519 2117 factis
1550 2067 1969 2130 conquerentes.

2085 2061 2305 2125 αὐτοὺς,
2339 2063 2398 2112 ὲν
2430 2063 2497 2131 τῇ
2528 2060 2826 2132 ἀκροπόλει
2859 2060 3124 2132 καθῆστο,
3157 2062 3445 2131 φυλάττων
3469 2062 3664 2133 αὐτὴν)

405 2154 527 2207 :tavi
565 2154 771 2225 aliquid
830 2155 1178 2221 molirentur,
1224 2155 1278 2209 in
1319 2154 1644 2210 concionem
1688 2153 1879 2206 venit:
1920 2159 1969 2203 et

2078 2152 2379 2220 ἐκκλησίαν
2416 2154 2721 2222 συνήγαγε,
2757 2154 2854 2208 καὶ
2911 2154 3219 2223 διαλεχθεῖς
3249 2157 3438 2218 αὐτοῖς
3473 2154 3663 2208 ἔπεισε

407 2242 595 2301 multis
628 2244 812 2303 verbis
847 2247 1103 2317 utrinque
1149 2247 1352 2303 frustra
1406 2248 1605 2311 factis,
1656 2264 1685 2300 a
1734 2244 1969 2314 quodam

2082 2243 2555 2313 μεταπέμψασθαι
2584 2244 2677 2298 τὸν
2714 2247 2983 2301 Ἄννωνα.
3031 2247 3092 2301 ⁸0
3128 2246 3187 2300 δὲ
3216 2245 3528 2314 καταϐῆναι
3561 2246 3662 2298 οὐκ

404 2336 650 2394 Romano
692 2342 1145 2410 comprehensus,
1216 2342 1271 2397 in
1327 2354 1603 2395 carcerem
1661 2335 1969 2408 conjicitur,

2078 2333 2237 2403 ήθελε
2262 2351 2276 2365 ·
2308 2334 2568 2405 φοϐηθεὶς
2589 2335 2667 2399 δὲ,
2694 2337 2769 2407 μὴ
2805 2339 2853 2391 οἱ
2874 2339 3220 2410 Μαμερτῖνοι
3248 2339 3323 2401 ὡς
3343 2339 3660 2403 ἀδικοῦντος

404 2428 743 2485 Βίοηιριιιίηἰε
789 2434 1246 2502 approbantibus.
1302 2433 1393 2488 Sic
1430 2432 1525 2488 ille
1571 2437 1683 2485 tota
1730 2426 1969 2483 Messana

2077 2425 2245 2478 αὐτοῦ
2276 2426 2705 2497 νεωτερίσωσιν,
2736 2423 2903 2500 ἦλθεν
2932 2432 3015 2494 εἰς
3048 2430 3147 2501 τὴν
3182 2430 3504 2501 ἐκκλησίαν.
3547 2431 3659 2485 Καὶ

402 2519 718 2575 necessario
738 2522 948 2588 relicta,
970 2539 997 2577 a
1013 2522 1563 2595 Carthaginiensibus
1580 2521 1840 2576 multatus
1861 2530 1965 2572 est:

399 2619 457 2664 et
490 2625 596 2665 una
630 2626 753 2666 cum
781 2614 1025 2668 exercitu
1049 2615 1375 2670 caduceator
1409 2615 1474 2669 ad
1515 2613 1793 2669 Romanos
1833 2608 1967 2666 mis-

402 2720 517 2763 sus,
544 2720 641 2774 per
672 2711 834 2776 quem
884 2707 1196 2774 eilicebant,
1239 2716 1299 2763 ut
1338 2708 1639 2764 Messanam
1692 2707 1971 2777 relinque-

403 2805 545 2860 rent,
572 2806 628 2851 et
662 2800 803 2852 intra
832 2807 1046 2854 eertum
1084 2798 1229 2856 diem
1265 2807 1375 2857 tota
1403 2800 1589 2857 Sicilia
1618 2802 1968 2858 excederent.

399 2885 667 2944 Romanis
708 2905 841 2944 vero
894 2906 1001 2945 non
1052 2890 1582 2963 obtemperantibus,
1650 2893 1835 2963 Italos,
1877 2897 1968 2967 qui

398 2979 543 3046 apud
595 2978 744 3050 ipsos
802 2979 1071 3051 stipendia
1123 2983 1430 3051 merebant,
1493 2982 1814 3041 occiderunt
1869 2997 1972 3041 :et

401 3072 640 3128 llierone
694 3073 1013 3145 adjuvante,
1052 3076 1262 3147 impetu
1298 3076 1443 3131 facto
1475 3076 1776 3133 Messanam
1807 3078 1960 3135 obseo

398 3164 599 3220 olerunt
635 3187 648 3221 :
678 3182 741 3220 ac
773 3167 975 3222 fretum
1003 3167 1409 3231 custodierunt.
1437 3175 1496 3222 ut
1534 3185 1714 3240 neque
1769 3170 1970 3225 milil:-s

400 3272 578 3325 neque
610 3257 947 3313 frumentum
988 3255 1057 3313 ad
1088 3274 1186 3314 eos
1210 3260 1661 3329 importarentur.
1692 3262 1813 3328 Quo
1841 3277 1967 3317 eon-

399 3350 484 3404 sul
540 3350 652 3421 jam
702 3351 1153 3421 appropinquans
1193 3352 1623 3421 animadverso,
1680 3363 1739 3409 ut
1766 3355 1969 3411 milites

401 3440 606 3511 ubique
658 3441 712 3496 in
736 3450 901 3510 portu
962 3456 1058 3509 per
1087 3456 1308 3496 causam
1349 3453 1676 3498 mercatura:
1701 3442 1967 3500 faciendze
1994 3479 2037 3539 ρ

399 3545 682 3589 versantes
706 3533 936 3600 invenit,
964 3548 1061 3590 eos
1089 3534 1327 3604 decepit,
1364 3533 1531 3606 384
1561 3545 1619 3590 ut
1662 3551 1826 3607 quam
1868 3537 1972 3590 mi-

399 3626 549 3679 nimo
582 3641 705 3680 cum
753 3625 1000 3696 periculo
1063 3623 1263 3680 fretum
1308 3627 1567 3683 transiret
1625 3646 1642 3682 :
1692 3636 1969 3699 noctuque

399 3719 538 3773 clam
571 3717 625 3773 in
672 3717 858 3774 Sicilia
897 3734 1006 3773 non
1041 3717 1236 3798 procul
1276 3720 1523 3774 acastris
1581 3719 1835 3777 liieronis
1870 3736 1967 3792 ap-

397 3810 557 3881 pulit,
582 3827 821 3882 eumque
854 3811 1038 3866 statim
1072 3813 1363 3881 aggressus
1422 3820 1528 3879 est,
1565 3828 1623 3868 se
1670 3812 1967 3883 improvisa

372 3902 763 3975 impressione
795 3902 1093 3957 maximum
1128 3901 1235 3957 illis
1262 3911 1525 3958 terrorem
1563 3904 1840 3959 illaturum
1877 3922 1966 3960 ra-

398 4008 506 4053 tus.
542 3996 743 4054 Verum
768 3996 984 4068 equites
1015 3996 1135 4070 ejus
1168 3998 1606 4065 succubuerunt,
1639 3999 1733 4054 sed
1785 3999 1967 4071 gravis

396 4098 693 4145 armatura:
741 4089 948 4145 milites
1011 4090 1329 4160 superiores
1386 4098 1704 4147 evaserunt.
1758 4088 1967 4146 Hieron

397 4190 512 4236 tum
561 4181 616 4237 in
670 4191 914 4249 montes,
953 4192 1075 4252 post
1124 4180 1430 4252 Syracusas
1457 4198 1517 4237 se
1544 4182 1823 4237 contulit:
1856 4198 1967 4254 quo

395 4270 662 4327 Claudius
673 4281 876 4339 amoto,
905 4271 1241 4328 Mamertinis
1263 4289 1359 4329 sua
1378 4274 1665 4344 praesentia
1685 4276 1963 4340 recreatis,

393 4360 879 4433 Carthaginienses
924 4363 1036 4433 jam
1074 4361 1370 4419 destitutos
1395 4363 1623 4426 invadit,
1666 4364 1870 4436 impetu
1910 4368 1964 4421 in

394 4468 587 4507 eorum
622 4462 800 4509 castra
836 4451 982 4508 facto
1004 4495 1017 4520 ,
1049 4468 1171 4524 qua:
1197 4454 1604 4525 quodammodo
1662 4458 1967 4527 peninsula:

393 4548 569 4601 instar
607 4555 787 4612 erant,
843 4547 974 4602 hinc
1014 4548 1174 4615 mari,
1232 4547 1384 4606 illinc
1437 4549 1726 4619 profundis
1780 4552 1963 4606 cincta

391 4637 708 4711 paludibus.
740 4638 1155 4710 Angustissima:
1185 4648 1369 4696 autem
1401 4641 1607 4705 fauces,
1644 4659 1751 4714 qua
1783 4644 1963 4700 solum

391 4729 618 4800 patebat
652 4731 854 4794 aditus,
885 4745 1045 4787 muro
1091 4730 1625 4789 intercludebantur.
1659 4736 1783 4803 Quo
1831 4736 1962 4792 dum

2078 2518 2290 2572 πολλῶν
2324 2519 2416 2573 ὑπ’
2470 2522 2678 2589 ἀμφοῖν
2731 2524 2910 2592 μάτην
2963 2520 3287 2593 λεχθέντων,
3339 2523 3657 2594 συνήρπασε

2073 2627 2159 2675 τις
2183 2612 2288 2665 τῶν
2321 2612 2613 2682 Ῥωμαίων
2647 2613 2835 2678 αὐτὸν,
2866 2614 2961 2668 καὶ
2984 2615 3239 2670 ἐνέϐαλεν
3259 2618 3338 2680 εἱς
3364 2617 3425 2669 τὸ
3448 2615 3664 2685 δεσμω-

2073 2704 2299 2772 τήριον,
2339 2703 2812 2758 συνεπαινοῦντων
2867 2704 2977 2758 τῶν
3033 2707 3424 2777 Μαμερτίνων.
3487 2707 3656 2760 Κειὶό

2077 2793 2177 2862 μὲν
2199 2793 2373 2858 οῦτως
2401 2794 2527 2865 ὅλην
2559 2795 2778 2867 ἀνάγκῃ
2823 2796 2921 2866 τὴν
2967 2796 3228 2866 Μεσήνην
3281 2794 3551 2862 ἐξέλιπεν.
3586 2797 3650 2848 Οῖ

2074 2884 2440 2957 Καρχηδόνιοι
2470 2885 2529 2938 δὲ
2558 2886 2825 2939 ἐκόλασαν
2870 2886 2970 2955 μὲν
3000 2886 3090 2939 τὸν
3122 2886 3397 2950 ⁸Ἄννωνα,
3432 2887 3653 2956 κήρυκα

2073 2976 2129 3031 δὲ
2162 2977 2273 3039 τοῖς
2331 2975 2626 3049 Ῥωμαίοις
2650 2977 2928 3048 ἔπεμψαν,
2955 2979 3059 3049 τήν
3093 2995 3151 3031 τε
3205 2978 3466 3049 Μεσήνην
3505 2979 3653 3032 ἐκλε-

2073 3072 2195 3123 πεῖν
2219 3069 2554 3135 κελεύοντες,
2583 3070 2677 3125 καὶ
2708 3072 2772 3124 ὲκ
2803 3070 2986 3142 πάσης
3014 3069 3273 3124 ἀπελθεῖν
3305 3069 3560 3134 Σικελίας
3593 3073 3653 3125 ἐν

2071 3161 2258 3234 ἡμέρα
2322 3166 2460 3234 ῥητῇ
2493 3179 2509 3195 ⁶
2563 3163 2660 3217 καὶ
2735 3162 2997 3234 στρατιάν
3062 3163 3494 3218 ἀπεστάλκασιν.
3562 3162 3652 3227 Ὠς

2071 3254 2119 3309 δ’
2150 3256 2251 3309 οὐκ
2282 3256 2573 3311 ἐπείθοντο
2596 3258 2642 3310 οἱ
2687 3256 2969 3325 Ῥωμαῖοι,
3002 3257 3128 3321 τούς
3158 3273 3218 3311 τε
3253 3256 3651 3328 μισθοφοροῦν-

2070 3366 2169 3412 τας
2225 3350 2356 3417 παρ’
2414 3348 2602 3413 αὐτοῖς
2657 3349 2715 3417 ἐξ
2777 3350 3011 3411 Ἰταλίας
3041 3350 3395 3416 ἀπέκτειναν,
3430 3350 3530 3404 καὶ
3580 3351 3647 3420 τῇ

2071 3440 2302 3514 Μεσήνῃ
2342 3440 2701 3511 προσέϐαλον.
2736 3441 2910 3513 Συνῆν
2951 3442 3009 3495 δὲ
3038 3443 3134 3495 καὶ
3163 3444 3191 3495 ὁ
3227 3440 3410 3514 Ἱέρων
3440 3442 3649 3505 αὐτοῖς,

2072 3529 2167 3583 καὶ
2197 3529 2298 3599 τὴν
2330 3528 2489 3583 πόλιν
2536 3529 2913 3601 ἐπολιόρκουν,
2960 3532 3056 3585 καὶ
3093 3531 3186 3584 τὸν
3228 3530 3479 3601 πορθμὸν
3510 3530 3649 3600 satia

2072 3620 2291 3685 λασσον,
2344 3620 2420 3685 ὡς
2469 3620 2608 3692 μήτε
2670 3621 3015 3694 στράτευμα,
3071 3623 3209 3693 μήτε
3268 3624 3414 3685 σῖτος
3464 3623 3649 3684 αὐτοῖς

2072 3711 2331 3783 κομισθῇ.
2368 3710 2434 3765 '0
2484 3712 2671 3783 μαθὼν
2700 3715 2728 3767 ὁ
2762 3712 2967 3776 ὕπατος
3028 3713 3130 3785 ήδη
3184 3713 3524 3783 πλησιάζων,
3572 3714 3647 3776 ὡς

2071 3797 2198 3874 εὗρε
2248 3803 2478 3873 συχνοὺς
2515 3804 2700 3858 αὐτῶν
2742 3803 2985 3876 πολλαχῇ
3022 3805 3166 3859 κατά
3212 3805 3493 3876 πρόφασιν
3548 3808 3649 3874 ὲμ·

2072 3894 2273 3964 πορίας
2302 3892 2763 3963 ἑλλιμενίςοντας,
2786 3893 3098 3965 ἑξηπάτησε
3124 3899 3264 3965 σφᾶς
3283 3896 3433 3959 ὅπως
3461 3895 3647 3966 διέλθῃ

2070 3986 2164 4039 τὸν
2196 3986 2444 4057 πορθμὸν
2495 3986 2929 4056 ἀσφαλέστατα·
2984 3988 3080 4042 κοιλ⁵
3135 3988 3291 4042 ἔλαθε
3354 3989 3549 4052 νυκτὸς
3580 3991 3644 4058 τῇ

2071 4076 2291 4149 Σικελίᾳ
2324 4077 2859 4150 προσορμισάμενος.
2930 4080 3039 4133 Καὶ
3118 4079 3511 4150 προσπλεύσας
3583 4080 3647 4133 ού

2072 4170 2263 4241 πόρρω
2300 4167 2395 4223 τοῦ
2429 4171 2799 4242 στρατοπέδου
2823 4168 2920 4225 τοῦ
2979 4172 3249 4243 Ἱέρωνος,
3287 4174 3489 4231 αὐτίκα
3522 4191 3648 4227 συν.

2069 4262 2248 4334 ἐμιξε,
2280 4262 2520 4334 νομίζων
2562 4264 2944 4335 φοϐερώτατος
2977 4267 3161 4331 αὐτοῖς
3200 4271 3266 4322 ὲκ
3313 4267 3409 4322 τοῦ
3446 4268 3645 4334 ἀθρόου

2070 4355 2432 4427 φανήσεσθαι.
2458 4354 2991 4421 ’Λντεπεξελθόντων
3011 4360 3055 4413 δ’
3082 4360 3286 4428 αὐτῶν,
3307 4362 3368 4415 τὸ
3386 4362 3490 4431 μὲν
3512 4362 3649 4415 Ῥω-

2072 4447 2249 4515 μαίων
2280 4448 2509 4503 ίππικδν
2533 4448 2847 4520 ἠλαττώθη,
2883 4450 2944 4504 τδ
2965 4450 3011 4506 δ’
3040 4450 3321 4506 ὁπλιτικὸν
3351 4453 3645 4525 ὑπερέσχε.

2068 4540 2221 4597 Καὶδ
2251 4539 2435 4612 Ἱέρων
2452 4541 2577 4596 τότε
2608 4538 2707 4613 μὲν
2731 4543 2812 4606 είς
2839 4543 2908 4597 τὰ
2929 4544 3053 4616 δρη,
3078 4546 3135 4608 ἐς
3163 4545 3221 4599 δὲ
3244 4546 3342 4611 τὰς
3364 4548 3646 4619 Συρακού-

2069 4646 2167 4693 σας
2194 4628 2453 4703 ῦστερον⁸
2477 4630 2859 4703 ἀπεχώρησεν.
2905 4632 2963 4686 '0
2995 4632 3089 4687 οῦν
3111 4634 3397 4701 Κλαύδιος,
3426 4638 3648 4710 ἀποχω-

2070 4720 2337 4794 ρήσαντος
2371 4721 2467 4776 τοῦ
2502 4722 2772 4792 Ἱέρωνος,
2803 4725 2896 4777 καὶ
2925 4724 3034 4779 τῶν
3054 4727 3420 4797 Μαμερτίνων
3433 4729 3525 4784 διὰ
3549 4732 3646 4798 τὴν

389 4825 442 4879 vi
478 4840 577 4895 per
595 4825 795 4879 multas
822 4839 1101 4882 aerumnas
1122 4835 1416 4896 penetrare
1456 4827 1689 4885 Romani
1714 4831 1962 4898 student,

2072 4817 2372 4889 παρουσίαν
2388 4814 2553 4871 αὐτοῦ
2575 4816 3100 4888 ἀναθαρσησάντων,
3120 4820 3324 4891 ἐπῆλθε
3349 4823 3465 4887 τοῖς
3496 4824 3637 4895 Καρ-

390 4917 514 4975 telis
587 4917 854 4990 proﬂigati
882 4917 1171 4974 recedunt.
1192 4914 1515 4977 Afros‘vero
1537 4923 1717 4978 auctis
1739 4924 1960 4988 animis.

387 5026 455 5065 ex
513 5010 766 5081 angustis
820 5004 1077 5066 faucibus
1132 5010 1429 5080 eruptione
1486 5008 1652 5079 facta,
1703 5022 1965 5085 tanquam

386 5098 671 5175 fugientes,
706 5104 1102 5174 persecuturis.
1152 5102 1387 5159 Romani
1440 5106 1698 5161 conversi
1743 5107 1960 5177 repule-

386 5207 538 5261 runt,
571 5197 763 5252 multis
790 5196 1014 5259 occisis,
1071 5205 1261 5253 utnon
1300 5197 1537 5268 amplius
1567 5208 1764 5255 castris
1804 5214 1962 5271 egre-

386 5287 677 5351 cierentur,
702 5286 971 5357 quamdiu
1024 5284 1290 5343 Claudius
1348 5285 1607 5343 Hcssana:
1662 5287 1790 5344 fuit.
1856 5290 1959 5357 Qui

388 5393 513 5431 cum
540 5390 636 5432 eos
686 5378 739 5432 vi
769 5378 973 5434 elicere
1011 5394 1126 5433 non
1157 5378 1407 5443 auderet,
1441 5381 1509 5435 ad
1565 5379 1869 5452 Syracusas
1907 5393 1963 5438 et

387 5469 683 5525 Hieronem
740 5472 1015 5526 convertit
1065 5471 1336 5535 animum,
1386 5470 1641 5541 prasidio
1703 5473 1963 5529 Messana:

387 5559 603 5615 relicto.
628 5557 695 5614 Et
718 5568 777 5614 ut
809 5560 922 5632 ipse
953 5556 1147 5614 urbem
1174 5559 1553 5631 oppugnabat,
1578 5575 1659 5614 sne
1687 5560 1842 5614 cives
1866 5559 1963 5613 ali.-

386 5653 611 5724 quando
639 5652 1028 5725 erumpebant,
1078 5668 1228 5709 nunc
1284 5652 1394 5720 his,
1419 5666 1571 5709 nunc
1604 5652 1713 5709 illis
1742 5653 1961 5709 favente

386 5746 638 5802 victoria.
671 5747 741 5803 Et
764 5748 955 5803 consul
976 5747 1271 5818 aliquando
1296 5747 1350 5802 in
1372 5748 1655 5819 angustias
1682 5746 1957 5811 redactus,

391 5846 589 5908 captus
616 5848 782 5907 esset,
826 5838 934 5895 nisi
991 5846 1284 5910 antequam
1315 5838 1831 5908 circumveniretur,
1890 5840 1957 5896 ad

2066 4905 2338 4978 χηδονίοις
2383 4906 2702 4978 μονωθεῖσιν
2732 4908 2834 4979 ήδη
2855 4923 2874 4940 ο
2905 4910 3001 4964 καὶ
3036 4910 3117 4982 τῷ
3152 4912 3305 4980 σφῶν
3335 4913 3645 4982 προσέϐαλε

2063 5000 2451 5071 χαρακώματι,
2480 4999 2593 5054 δντι
2630 4995 2742 5055 οἷον
2771 5003 2830 5054 ὲν
2855 5003 3194 5076 χερῤονήσω.
3230 5003 3520 5060 Ἐντεῦθεν
3545 5006 3646 5076 μὲν

2063 5093 2172 5163 γάρ
2198 5093 2232 5161 ἡ
2260 5091 2505 5148 θάλασσα
2535 5091 2693 5147 τοῦτο
2720 5097 2986 5165 συνεῖχεν,
3041 5094 3297 5150 ἐντεῦθεν
3322 5095 3366 5149 δ’
3397 5097 3498 5168 Ξλη
3522 5098 3646 5152 τινά

2061 5184 2420 5240 δυσδιάϐατα’
2447 5185 2540 5239 ἐπὶ
2568 5185 2626 5240 δὲ
2653 5185 2744 5240 τὸν
2769 5186 3074 5258 αύχένα,δι⁹
3090 5181 3262 5260 οὗπερ
3280 5189 3446 5259 μόνου
3466 5190 3649 5263 εἰσῄε-

2063 5296 2182 5342 σαν,
2200 5278 2536 5332 στενωτάτου
2558 5278 3647 5356 τυγχάνοντος,(ὲπεποίητοδ;ατείχισμα)

2061 5371 2383 5441 Βιαζόμενοι
2409 5366 2508 5425 οὖν
2543 5372 2678 5442 πρὸς
2715 5372 2895 5428 ταῦτα
2916 5376 2967 5427 οἱ
3007 5375 3298 5448 Ῥωμαῖοι,
3337 5378 3646 5432 ἐταλαιπώ-

2064 5479 2261 5531 ρησαν,
2313 5464 2408 5517 καὶ
2461 5462 2782 5535 βαλλόμενοι
2822 5467 3207 5541 ἀνεχώρησαν.
3244 5472 3307 5525 Oi
3348 5470 3405 5525 δὲ
3445 5472 3647 5534 Λίϐυες

2066 5553 2440 5624 θαρσήσαντες
2472 5552 2771 5625 ἐπεξῆλθον
2796 5572 2810 5586 ·
2855 5561 2951 5613 καὶ
2981 5560 3055 5622 ὡς
3093 5562 3401 5631 φεύγοντας
3426 5563 3648 5617 ἐπιδιώ-

2067 5662 2279 5714 κοντες,
2312 5646 2416 5713 ἔξω
2451 5648 2856 5721 προεληλύθασι
2902 5653 3010 5707 τῶν
3069 5654 3295 5709 στενῶν.
3347 5656 3643 5711 Κάνταῦθα

2067 5739 2503 5812 ἐπιστραφέντες
2541 5739 2593 5793 οἱ
2637 5738 2923 5812 Ῥωμαῖοι,
2964 5744 3163 5809 αὐτοὺς
3199 5746 3524 5817 ἐτρέψαντο,
3551 5748 3643 5801 καὶ

2070 5835 2298 5901 πολλοὺς
2328 5833 2681 5905 ἀπέκτειναν,
2713 5834 2855 5893 ὥστε
2885 5838 3082 5906 αὐτοὺς
3113 5840 3314 5914 μηκέτι
3343 5840 3439 5896 τοῦ
3474 5858 3639 5914 στραο
