4008 6250
336 380 434 447 65]
1569 382 1975 442 ANNALIUM
2015 383 2161 442 LIB.
2205 381 2372 443 VIII.
3412 383 3417 388 ’
3494 383 3598 445 66?.

334 495 568 547 τοπέδου
603 491 906 563 προελθεῖν,
952 490 1087 563 παρ’
1105 492 1229 546 ὅσον
1254 480 1322 563 ἦν
1356 492 1414 546 ἐν
1439 492 1713 563 Μεσήνηὸ
1734 491 1912 546 Κλαύ-

2039 492 2322 548 Hieronem
2362 494 2431 546 de
2456 492 2609 561 pacis
2639 490 3048 548 conditionibus
3075 492 3312 562 legatum
3337 490 3596 549 misisset.

334 586 467 649 διος.
500 586 559 639 Ὀ
588 584 669 648 δὲ,
704 582 996 655 βιάσασθαι
1028 584 1131 656 τὴν
1159 584 1387 654 πρόοδον
1413 584 1492 656 μὴ
1526 584 1759 653 τολμῶν.
1789 582 1923 655 πρὸς

2039 584 2162 640 Nam
2187 600 2313 639 cum
2359 586 2584 655 quidam
2618 586 2883 652 venisset,
2938 601 3063 641 cum
3091 601 3201 656 quo
3225 585 3295 640 de
3326 601 3458 656 pace
3488 595 3600 640 trao

338 678 439 741 τὰς
486 675 844 748 Συρακούσας
895 679 991 731 καὶ
1037 678 1130 731 τὸν
1177 677 1402 747 Ἱέρωνα
1449 679 1723 747 ἐτράπετο
1751 716 1765 740 ,
1822 694 1925 747 quo

2039 687 2225 743 staret,
2264 678 2413 734 inter
2440 679 2869 749 colloquendum
2903 680 3164 750 paulatim
3224 679 3473 743 recessit,
3498 679 3601 737 db-

338 766 512 836 λακὴν
546 771 605 820 ἐν
648 768 717 837 τῇ
753 768 984 838 Μεσήνῃ
1010 765 1354 822 καταλιπών.
1390 767 1501 819 Καὶ
1527 766 1834 839 προσέϐαλέ
1864 780 1923 830 τε

2039 788 2131 828 nec
2156 772 2210 827 in
2238 782 2352 828 tuta
2388 774 2658 841 pervenit.
2689 772 2758 828 Et
2791 772 3077 843 qula‘urbs
3111 772 3269 828 facile
3317 774 3437 842 capi
3491 788 3600 827 non

338 859 506 922 αὐτὸς
528 857 606 928 τῷ
643 859 823 920 ἄστει,
856 858 1101 912 κάκεῖνοί
1136 876 1265 927 ποτε
1302 857 1611 929 ἐπεξῄεσαν
1634 876 1648 891 ·
1694 859 1790 912 καὶ
1814 860 1842 911 ὁ
1868 859 1927 911 τέ

2039 874 2267 934 poterat,
2295 877 2350 921 et
2380 866 2598 921 obsidio
2652 882 2777 923 cum
2803 865 2875 920 ob
2921 865 3208 935 penuriam
3239 874 3599 929 commeatus,

343 948 443 1016 μὲν
466 946 755 1016 ἐκράτουν,
801 946 892 1000 ὁτὲ
922 946 967 1000 δ’
998 947 1332 1019 ἐκρατοῦντο
1357 948 1636 1018 ἑκάτεροι.
1668 947 1777 1001 Καί
1797 963 1925 1000 ποτε

341 1041 403 1092 ἐν
433 1039 616 1110 χωρίῳ
650 1040 821 1110 στενῷ
846 1042 874 1094 ὁ
915 1039 1123 1103 ὕπατος
1150 1041 1416 1108 γεγονὼς,
1455 1040 1597 1095 ἑάλω
1634 1040 1724 1105 ἂν,
1759 1039 1806 1092 εί
1852 1036 1928 1109 μὴ

342 1131 451 1202 πρὸ
479 1130 571 1185 τοῦ
600 1132 995 1202 περισχεθῆναι
1019 1132 1233 1201 έπεμψε
1274 1132 1413 1203 πρὸς
1440 1132 1533 1186 τὸν
1568 1132 1817 1203 Ἱέρωνα,
1847 1133 1928 1194 είς

343 1223 644 1294 συμϐάσεις
676 1224 741 1294 δή
775 1242 932 1287 τινας
980 1226 1148 1280 αὐτὸν
1196 1226 1701 1296 προσκαλούμενος.
1747 1224 1926 1289 Οὕτω,

340 1316 453 1385 γὰρ
498 1316 751 1380 ἐλθόντος
791 1319 958 1383 τινὸς,
994 1319 1131 1390 πρὸς
1178 1318 1238 1373 ὃν
1273 1318 1470 1390 ἔμελλε
1530 1319 1926 1389 συμϐήσεσθαι,

340 1407 615 1477 διελέγετό
663 1426 725 1463 τε
750 1409 923 1481 αὐτῷ,
948 1414 1048 1467 καὶ
1077 1410 1351 1482 ύπαπῄει,
1383 1413 1580 1484 μέχρις
1601 1402 1663 1465 οὗ
1697 1412 1836 1483 πρὸς
1867 1412 1931 1464 τὸ

341 1499 584 1568 ἀσφαλὲς
614 1500 967 1574 άπεχώρητε.
1006 1504 1121 1573 Τῆς
1159 1503 1217 1557 δὲ
1250 1504 1462 1568 πόλεως
1494 1503 1695 1576 ῥαδίως
1721 1503 1930 1559 ἁλῶναι

347 1591 426 1662 μὴ
474 1591 803 1666 δυναμένης,
862 1595 958 1648 καὶ
1018 1596 1115 1665 τῆς
1194 1596 1526 1667 προσεδρίας
1585 1597 1797 1667 ἀπόρου
1844 1597 1932 1652 διά

345 1684 544 1738 σπάνιν
574 1684 742 1758 οὔσης
777 1687 992 1753 σιτίων,
1036 1687 1132 1742 καὶ
1172 1688 1262 1742 διὰ
1303 1688 1460 1742 νόσον
1504 1687 1606 1758 τῆς
1649 1688 1929 1758 στρατιᾶς,

343 1778 651 1850 ἀπανέστη.
710 1780 819 1836 Καὶ
865 1781 915 1834 οί
975 1780 1338 1850 Συρακούσιοι
1409 1778 1669 1846 εἵποντο,
1725 1782 1819 1835 καὶ
1874 1784 1930 1845 ἐς

2032 966 2148 1011 tum
2184 967 2411 1028 propter
2434 956 2583 1014 luem
2621 958 2676 1014 in
2703 958 2951 1013 exercitu
2985 968 3342 1029 grassantem.
3373 960 3606 1014 faculta-

2031 1058 2140 1104 tem
2176 1066 2284 1105 non
2318 1050 2578 1111 habebat,
2634 1051 2865 1107 recessit
2933 1050 3259 1122 Syracusani
3292 1062 3476 1107 autem
3512 1068 3601 1107 se—

2031 1152 2268 1212 quentes
2300 1184 2315 1208 ,
2347 1158 2474 1197 cum
2508 1143 2777 1212 dispersis
2831 1142 3292 1211 colloquebantur
3332 1160 3345 1196 :
3388 1158 3452 1197 ac
3503 1158 3602 1212 pa-

2031 1250 2151 1291 cem
2177 1235 2458 1302 fecissent,
2491 1237 2534 1292 si
2567 1237 2732 1291 etiam
2764 1236 2967 1291 Ilieron
2989 1236 3300 1292 consentire
3320 1237 3601 1291 voluisset.

2030 1329 2234 1384 Consul
2262 1328 2518 1397 prersidio
2536 1324 2797 1384 Messana:
2823 1326 3034 1395 relicto,
3066 1328 3335 1396 Rhegium
3372 1329 3602 1399 trajecit.

2033 1421 2265 1476 Romani
2299 1419 2568 1476 "etruria?
2621 1419 2790 1474 rebus
2850 1419 3192 1489 compositis,
3244 1431 3410 1490 atque
3454 1421 3605 1474 Italia

2032 1514 2191 1584 plane
2223 1512 2988 1583 pacata,Carthaginiensium
3021 1524 3203 1567 autem
3235 1508 3445 1568 viribus
3486 1529 3610 1579 ere-

2033 1606 2355 1672 scentibus,
2386 1614 2684 1676 utrumque
2717 1606 2996 1661 consulem
3042 1605 3096 1659 in
3130 1605 3371 1660 Siciliam
3398 1606 3476 1660 ire
3492 1605 3610 1674 jus-

2034 1706 2247 1754 serunt.
2284 1699 2455 1769 lgitur
2488 1698 2740 1755 Valerius
2777 1696 3045 1753 Maximus
3071 1697 3612 1755 ctOctaciliusCras-

2035 1806 2150 1857 sus,
2185 1800 2294 1847 tam
2330 1790 2559 1846 seorsim
2585 1808 2748 1861 quam
2778 1808 2885 1847 una
2941 1792 3176 1846 insulam
3234 1800 3606 1863 peragrantes,

344 1870 536 1938 λόγους
573 1872 687 1935 τοῖς
727 1873 1183 1944 σκεδαννυμένοις
1230 1873 1422 1945 ᾔεσαν.
1471 1873 1581 1928 Καὶ
1606 1873 1934 1949 ἐσπείσαντο

2039 1884 2242 1939 multos
2282 1884 2335 1939 in
2371 1882 2709 1939 deditionem
2733 1894 3068 1955 acceperunt
3101 1902 3114 1938 :
3143 1899 3208 1939 ac
3236 1851 3608 1953 locisvplerts-

347 1959 440 2025 ἂν,
491 1962 542 2013 εἰ
596 1962 689 2015 καὶ
736 1963 765 2016 ὁ
834 1960 1018 2033 Ἱέρων
1081 1963 1359 2033 συμϐῆναι
1407 1963 1695 2034 ἠθέλησεν.
1765 1962 1826 2018 Ὅ
1872 1964 1930 2019 δὲ

350 2052 585 2119 ὕπατος,
618 2054 867 2125 φρουράν
914 2056 973 2109 ἐν
1022 2058 1089 2127 τῇ
1139 2055 1368 2128 Μεσήνῃ
1427 2054 1763 2120 καταλιπὼν,
1799 2056 1936 2109 ἀπέ-

347 2146 583 2200 πλευσεν
611 2148 691 2211 είς
735 2147 798 2200 τὸ
860 2143 1100 2217 Ῥήγιον.
1159 2148 1223 2201 Oi
1286 2147 1549 2218 Ῥωμαῖοι
1601 2147 1681 2215 δὲ,
1712 2147 1835 2201 ἐπεὶ
1865 2145 1935 2201 τὰ

346 2238 671 2309 Τυρσηνικά
728 2238 1083 2311 καθειστήκει
1109 2279 1125 2306 ,
1199 2240 1293 2295 καὶ
1349 2239 1422 2295 τά
1484 2243 1545 2297 ἐν
1599 2242 1666 2312 τῇ
1737 2239 1938 2312 Ἰταλίᾳ

346 2331 598 2401 ἀκριϐῶς
647 2332 942 2403 είρήνουν,
1009 2333 1079 2386 τά
1129 2333 1186 2387 δὲ
1243 2332 1353 2386 τῶν
1405 2332 1798 2403 Καρχηδονίων
1841 2331 1934 2384 ἐπὶ

347 2419 517 2475 πλέον
556 2423 864 2487 συνίστατο,
891 2422 1062 2493 ἄμφω
1101 2422 1228 2488 τοὺς
1256 2423 1498 2485 ὑπάτους
1542 2426 1601 2488 ἐς
1634 2422 1736 2494 τὴν
1781 2424 1940 2477 Σικε-

345 2512 471 2567 λίαν
499 2514 905 2586 ἐκστρατεῦσαι
930 2516 1249 2570 ἐκέλευσαν.
1274 2517 1687 2588 Περαιωθέντες
1708 2510 1802 2571 οὖν
1826 2516 1855 2570 ὅ
1877 2533 1937 2586 τε

345 2604 601 2674 Μάξιμος
644 2605 946 2676 Ωύαλέριος
998 2610 1097 2661 καὶ
1163 2609 1193 2660 ὁ
1260 2608 1599 2673 ὐκτακίλιος
1660 2609 1938 2680 Κράσσος,

346 2698 447 2751 καὶ
481 2697 571 2751 διὰ
603 2700 701 2768 τῆς
740 2700 907 2771 νήσου
942 2701 1081 2772 ὁμοῦ
1124 2718 1185 2756 τε
1228 2703 1612 2774 πορευόμενοι,
1657 2704 1758 2756 καὶ
1789 2703 1939 2774 διχῆ,

349 2789 584 2854 πολλοὺς
611 2791 879 2865 ὁμολογίᾳ
918 2795 1359 2866 παρεστήσαντο.
1423 2795 1513 2858 Ὡς
1565 2793 1626 2848 δὲ
1670 2794 1739 2849 τὰ
1768 2793 1941 2870 πλείω

345 2881 648 2951 ᾠκείωντο,
684 2885 825 2957 πρὸς
859 2887 959 2950 τὰς
1035 2886 1391 2960 Συρακούσας
1437 2887 1733 2959 ὥρμησαν.
1772 2886 1884 2941 Καὶ
1911 2886 1941 2939 ὁ

357 2974 550 3046 Ἱέρων
581 2978 863 3050 φοϐηθεὶς,
892 2980 1363 3051 διεκηρυκεύσατο
1409 2981 1565 3050 σφίσι
1619 2980 1722 3045 τὰς
1752 2981 1940 3045 πόλεις

348 3083 411 3120 τε
435 3067 503 3133 ἃς
537 3069 843 3143 ἀφῄρηντο,
885 3072 1176 3136 ἀποδιδοὺς
1213 3073 1306 3127 καὶ
1335 3074 1594 3144 χρήματα
1639 3073 1937 3144 ὑπισχνού-

2032 1991 2141 2047 que
2194 1975 2496 2048 adjunctis,
2544 1975 2848 2048 Syracusas
2899 1976 3330 2033 contenderunt.
3365 1974 3610 2042 Quorum

2034 2064 2386 2121 successibus
2415 2063 2579 2137 385
2616 2063 2819 2121 Ilieron
2849 2069 3097 2130 territus,
3120 2064 3355 2122 redditis
3381 2066 3619 2120 urbibus

2035 2171 2174 2226 quas
2196 2157 2280 2212 eis
2295 2156 2594 2223 ademerat,
2616 2159 2997 2229 promissaque
3023 2157 3278 2230 pecunia,
3305 2166 3361 2214 et
3382 2159 3613 2228 captivis

2034 2246 2302 2311 dimissis,
2363 2262 2565 2317 pacem
2620 2249 2798 2318 petiit,
2849 2258 3017 2319 atque
3072 2248 3389 2320 impetravit
3420 2267 3435 2302 :
3465 2254 3610 2319 quod

2038 2341 2315 2403 consules,
2345 2340 2467 2412 ejus
2506 2340 2703 2411 opibus
2739 2340 3036 2412 adiunctis,
3065 2340 3555 2410 Carthaginienses
3583 2354 3619 2394 ε

2038 2446 2097 2487 se
2128 2430 2344 2488 facilius
2372 2432 2634 2488 debellari
2656 2447 2816 2503 posse
2843 2433 3127 2489 rebantur.
3158 2433 3338 2488 Paetis
3358 2429 3610 2494 ﬁrmatis,

2040 2523 2106 2578 ad
2134 2524 2271 2580 alias
2314 2524 2500 2592 urbes,
2556 2525 2612 2580 in
2646 2526 2853 2597 quibus
2893 2527 3098 2582 Punica
3150 2526 3403 2596 praesidia
3431 2534 3612 2586 erant,

2042 2617 2315 2683 conversi,
2355 2632 2496 2688 aque
2522 2618 2738 2674 caeteris
2780 2617 3006 2687 repulsi,
3043 2617 3326 2688 Segestana
3378 2617 3521 2672 ultro
3554 2632 3614 2671 se

2037 2707 2329 2763 dedentem
2366 2719 2719 2779 acceperunt.
2753 2710 2915 2766 Cives
2940 2711 3090 2765 enim
3120 2709 3191 2765 ob
3248 2708 3618 2765 necessitudi-

2038 2815 2163 2857 nem
2195 2801 2297 2854 sibi
2334 2816 2458 2856 cum
2492 2801 2757 2857 Romanis
2788 2801 3222 2858 intercedentem
3259 2802 3407 2873 (nam
3447 2817 3611 2857 suum

2037 2904 2259 2963 Quoque
2301 2902 2482 2947 ortum
2542 2895 2608 2948 ad
2644 2892 2876 2949 Eneam
2931 2905 3215 2949 auctorem
3276 2894 3612 2959 relbrebant)

2036 2982 2590 3054 Carthaginiensibus
2635 2985 2814 3049 ensis,
2867 2985 3087 3040 illorum
3120 2983 3245 3039 ﬁdei
3278 3000 3337 3040 se
3381 2986 3613 3041 commie

2039 3082 2254 3128 serunt.

355 3172 542 3225 μενος,
574 3160 670 3212 καὶ
701 3162 828 3226 τοὺς
860 3162 1242 3231 αίχμαλώτους
1265 3164 1591 3235 ἐλευθερῶν,
1622 3165 1715 3219 καί
1737 3165 1927 3235 ἔτυχεν
1965 3165 2061 3218 ἐπὶ⁵
2116 3165 2328 3230 τούτοις
2354 3168 2618 3222 σπονδῶν.
2680 3170 2745 3222 Oi
2772 3169 2879 3240 γὰρ
2912 3168 3108 3224 ὕπατοι
3137 3173 3266 3241 ῥᾷον
3298 3170 3417 3241 μετ’
3446 3166 3627 3223 αὑτοῦ

350 3254 837 3332 καταστρέψασθαι
863 3257 991 3322 τοὺς
1020 3258 1430 3330 Καρχηδονίους
1466 3260 1752 3330 ἐνόμισαν.
1824 3260 2141 3329 Συμϐἀντες
2204 3261 2251 3314 δ’
2314 3261 2485 3333 αὐτῷ,
2534 3264 2669 3335 πρὸς
2697 3265 2793 3327 τὰς
2818 3264 3012 3328 λοιπὰς
3038 3265 3222 3329 πόλεις
3257 3265 3363 3318 ὑπὸ
3392 3266 3617 3334 Καρχη-

349 3348 544 3404 δονίων
570 3350 986 3421 φρουρουμένας
1011 3350 1331 3424 ἐτράποντο.
1359 3354 1472 3408 Καὶ
1496 3355 1606 3408 τῶν
1630 3356 1731 3425 μὲν
1785 3354 1965 3408 ἄλλων
2002 3356 2490 3428 ἀπεκρούσοησαν,
2533 3360 2805 3428 Ἔγεσταν
2869 3361 2915 3413 δ’
2961 3362 3218 3416 ἑκουσίαν
3257 3361 3470 3416 ἔλαϐον.
3519 3360 3629 3415 Διὰι

352 3446 461 3516 γάρ
495 3445 596 3517 τὴν
629 3448 766 3517 πρὸς
800 3447 1112 3518 Ῥωμαίους
1143 3448 1422 3503 οἰκείωσιν
1452 3451 1501 3503 οί
1529 3451 1588 3502 ἐν
1615 3450 1782 3520 αὐτῇ,
1848 3449 1959 3502 άπὸ
1996 3449 2091 3503 τοῦ
2166 3451 2383 3506 Αἰνείου
2422 3454 2675 3522 λέγοντες
2707 3455 3014 3523 γεγονέναι,
3058 3453 3490 3526 προσεχώρησαν
3520 3458 3622 3510 αὐ-

352 3542 464 3603 τοῖς
496 3541 625 3603 τοὺς
646 3540 1054 3611 Καρχηδονίους
1085 3540 1472 3611 φονεύσαντες.

425 3632 484 3686 ι’.
508 3633 617 3686 Kal.
642 3632 693 3685 οἱ
718 3634 818 3702 μὲν
848 3632 1044 3687 ὕπατοι
1068 3635 1157 3688 διὰ
1183 3636 1276 3688 τὸν
1306 3633 1555 3705 χειμῶνα
1584 3635 1669 3698 είς
1700 3635 1763 3689 τὸ
1803 3633 1930 3706 Ῥή-

2108 3636 2177 3690 Χ.
2231 3634 2565 3692 Consulibus
2617 3635 2689 3690 ob
2739 3635 3038 3691 hibernum
3088 3645 3307 3706 tempus
3352 3635 3635 3707 Rhegium

356 3741 478 3792 γιον
503 3722 745 3795 ἀπῆραν.
782 3725 1143 3797 Καρχηδόνιοι
1201 3726 1261 3780 δέ
1288 3728 1369 3791 είς
1426 3725 1615 3795 Σαρδὼ
1660 3726 1722 3780 τὸ
1749 3726 1934 3781 πλεῖον

2046 3729 2303 3792 reversis,
2346 3728 2833 3798 Carthaginienses
2864 3729 3128 3799 majorem
3162 3730 3449 3800 copiarum
3494 3745 3620 3799 par.

357 3818 627 3886 ἐκόμισαν
652 3817 748 3870 τοῦ
788 3817 1049 3888 στρατοῦ,
1091 3818 1160 3872 ἶν’
1197 3819 1412 3872 ἐκεῖθεν
1463 3821 1530 3889 τῇ
1578 3817 1766 3893 Ῥώμῃ
1817 3820 1935 3873 ἐπί-

2048 3831 2155 3876 tem
2189 3822 2243 3876 in
2275 3809 2585 3877 Sardiniam
2620 3822 3046 3885 transtulerunt,
3084 3831 3151 3876 ut
3174 3820 3301 3876 inde
3346 3822 3635 3876 Itonianos.

358 3908 587 3972 θωνται,
623 3907 720 3960 καὶ
751 3907 782 3978 ἢ
831 3910 1018 3962 τέλεον
1060 3907 1208 3963 οὕτω
1233 3909 1329 3980 τῆς
1363 3906 1612 3974 Σικελίας
1658 3911 1935 3982 ὲκστήσω-

2044 3913 2475 3985 aggrederentur
2502 3933 2514 3967 :
2550 3920 2717 3982 atque
2740 3921 2837 3967 aut
2863 3913 3088 3983 penitus
3112 3913 3298 3968 Sicilia
3329 3914 3619 3983 pellerent,

358 4016 463 4061 σιν,
513 4001 547 4070 ἢ
611 4000 1105 4072 διαπεραιωθέντας
1166 4001 1588 4070 ἀσθενεστέρους
1615 4004 1933 4074 ποιήσωσιν.

2045 4016 2141 4062 aut
2186 4007 2231 4063 si
2280 4006 2650 4077 trajecissent,
2700 4007 2850 4062 vires
2897 4021 3092 4061 eorum
3143 4015 3456 4077 carperent.
3513 4007 3619 4062 Sed

357 4091 505 4146 Ἀλλ’
536 4091 661 4146 οὔτε
690 4094 907 4159 τούτου,
972 4092 1095 4147 οὔτε
1144 4095 1252 4165 μὴν
1304 4096 1515 4149 ἐκείνου
1557 4097 1842 4166 ἐπέτυχον.
1871 4097 1934 4151 Οἱ

2046 4109 2310 4156 neutrum
2338 4098 2419 4153 eis
2463 4098 2753 4162 successit,
2791 4097 3056 4153 Romanis
3083 4105 3139 4153 et
3167 4113 3266 4152 sua
3313 4098 3616 4158 tuentibus.

357 4187 467 4257 γὰρ
512 4185 777 4256 Ῥωμαῖοι
811 4187 911 4258 τήν
940 4203 998 4240 τε
1025 4187 1236 4241 οἰκείαν
1260 4186 1585 4256 ἐφύλαττον,
1650 4189 1744 4241 καὶ⁵
1790 4188 1937 4255 ἀξιό-

360 4297 537 4350 μαχον
567 4280 649 4341 είς
679 4279 930 4334 Σικελίαν
959 4280 1192 4351 δύναμιν
1230 4278 1486 4351 ἔπεμψαν
1521 4280 1661 4352 μετὰ
1702 4283 1938 4336 Ποστου-

359 4375 485 4441 μίου
534 4372 804 4439 Ἀλϐίνου,
835 4374 931 4428 καὶ
967 4375 1107 4444 μετὰ
1130 4373 1386 4444 Αἰμιλίου
1424 4373 1685 4427 Κυίντου.
1728 4371 1938 4427 Ἐλθόν-

357 4481 447 4527 τες
467 4465 524 4519 δὲ
560 4465 641 4527 εἰς
673 4463 927 4517 Σικελίαν
972 4466 1022 4518 οί
1056 4463 1277 4527 ὕπατοι,
1334 4465 1420 4518 ἐπ’
1443 4465 1788 4535 Ἀκράγαντα
1825 4463 1934 4534 ὥρι-

363 4574 568 4629 μησαν.
587 4556 869 4611 κάνταῦθα
886 4556 1141 4611 ’Δννίϐαν
1152 4557 1246 4610 τὸν
1264 4555 1540 4620 Γίσκωνος
1558 4556 1933 4626 ἐπολιόρκουν.

361 4652 424 4702 Οί
476 4651 535 4701 ἐν
582 4648 891 4718 Καρχηδόνι
940 4648 1276 4717 πυθόμενοι,
1329 4647 1580 4701 Ἄννωνα
1645 4646 1796 4715 αύτῷ
1841 4648 1938 4700 σὺν

360 4741 528 4810 πολλῇ
579 4741 725 4811 χειρὶ
777 4740 1211 4811 συμμαχήσοντα
1281 4738 1556 4809 ἔπεμψαν.
1624 4739 1685 4793 Ὀ
1750 4738 1809 4792 δὲ
1879 4738 1938 4801 ἐς

370 4834 702 4905 Ἡράκλειαν
732 4831 927 4897 ἐλθὼν,
972 4832 1034 4885 οὐ
1065 4833 1256 4903 πόρρω
1314 4831 1483 4888 οὖσαν
1544 4831 1935 4904 Ἀκράγαντος,

358 4924 643 4996 ἐπολέμει.
686 4925 798 4978 Καὶ
836 4924 1010 4994 μάχαι
1038 4923 1258 4988 πλείους
1293 4923 1389 4978 καὶ
1458 4924 1694 4995 μεγάλαι
1723 4923 1770 4977 δ’
1819 4920 1935 4991 ἐγί-

2043 4201 2100 4247 et
2132 4191 2374 4247 Siciliam
2414 4206 2537 4246 cum
2567 4190 2734 4261 justis
2772 4189 2972 4260 copiis,
3004 4190 3311 4246 Posthumii
3352 4191 3535 4246 Albini
3565 4202 3623 4247 et

2043 4283 2108 4352 ρ.
2144 4282 2353 4340 Emilii
2414 4283 2581 4338 ductu
2629 4282 3119 4353 atque-auspiciis,
3172 4283 3617 4340 defendentibus.

2045 4376 2150 4443 Qui
2183 4391 2306 4431 cum
2342 4375 2396 4429 in
2432 4374 2666 4428 insulam
2705 4374 3009 4438 venissent,
3043 4374 3402 4441 Hannibalem
3427 4376 3621 4432 Gisco»

2051 4470 2138 4524 nis
2176 4467 2347 4523 lilium
2390 4466 2671 4538 Agrigenti
2720 4466 3079 4522 obsederunt.
3128 4466 3249 4533 Quo
3291 4468 3621 4539 Carthagine

2044 4560 2255 4624 audito,
2308 4559 2501 4614 Ilanno
2533 4574 2660 4614 cum
2711 4574 3109 4629 magna-manu
3144 4560 3351 4615 auxilio
3398 4560 3618 4625 missus,

2049 4652 2345 4717 Heracleae,
2402 4668 2527 4731 qua:
2575 4668 2769 4724 parum
2820 4652 3122 4722 Agrigento
3166 4652 3358 4719 distat,
3414 4653 3623 4710 bellum

2045 4745 2214 4814 gessit
2250 4764 2262 4800 ε
2294 4760 2358 4800 ac
2390 4744 2563 4800 multa
2592 4761 2897 4816 magnaque
2927 4746 3111 4815 praelia
3143 4755 3273 4807 sunt
3302 4748 3620 4808 commissa,

2047 4835 2288 4906 primum
2315 4835 2581 4891 Hannone
2603 4836 2880 4901 consules,
2909 4836 3111 4893 deinde
3135 4837 3462 4893 consulibus
3484 4837 3622 4891 Han-

2048 4944 2247 4984 nonem
2290 4929 2737 5001 provocantibus.
2772 4930 2909 4985 Nam
2952 4930 3084 4986 dum
3134 4929 3366 4998 Βαιτιοηί
3400 4929 3627 4996 copiam

360 5036 534 5074 νοντο’
556 5018 652 5074 καὶ
689 5017 757 5073 τά
826 5018 926 5089 μὲν
977 5018 1171 5090 πρῶτα
1216 5021 1245 5072 ὁ
1274 5021 1483 5072 Ἄννων
1521 5019 1651 5082 τοὺς
1694 5016 1935 5078 ὑπάτους

2043 4998 2383 5079 cibariorum
2428 5023 2729 5086 habebant.
2759 5038 2993 5078 numero
3028 5022 3262 5079 militum
3299 5021 3616 5081 inferiores,

363 5111 725 5183 προύκαλεῖτο
782 5113 864 5175 είς
904 5111 1166 5180 πόλεμον,
1199 5107 1302 5165 εἷθ’
1341 5110 1568 5181 ὕστερον
1624 5110 1831 5163 ἐκεῖνον
1883 5108 1935 5160 οἱ

372 5205 635 5275 Ῥωμαῖοι
670 5203 1103 5275 προῦκέκληντο.
1138 5204 1288 5267 Ἕως
1321 5203 1422 5274 μέν
1445 5201 1554 5274 γὰρ
1581 5202 1814 5272 ἄφθονον
1860 5196 1938 5254 εἶ-

362 5311 456 5367 χον
480 5296 535 5348 οί
579 5295 845 5364 Ῥωμαῖοι
868 5295 1099 5366 τροφὴν,
1130 5295 1235 5348 οὐκ
1282 5294 1532 5365 ἐτόλμων
1569 5292 1937 5366 μαχέσασθαι,

364 5389 439 5454 τῷ
472 5386 671 5457 πλήθει
711 5387 1186 5457 ἐλαττονούμενοι,
1214 5386 1361 5457 λιμῷ
1380 5388 1556 5458 δὲτὴν
1584 5387 1740 5441 πόλιν
1781 5387 1941 5458 αίρή-

367 5496 477 5534 σειν
510 5479 761 5551 ἡλπιζον.
806 5481 961 5534 Ἐπεὶ
989 5480 1047 5535 δέ
1081 5481 1234 5535 σίτου
1277 5480 1590 5546 ἐσπάνιζον,
1646 5480 1802 5533 αὐτοὶ
1839 5481 1939 5551 μὲν

368 5572 851 5626 ἁποκινδυνεύσειν
876 5571 1305 5644 προεθυμοῦντο.
1334 5574 1395 5628 '0
1425 5573 1483 5627 δέ
1516 5573 1728 5627 Ἀννων
1752 5572 1939 5640 ὤκνει,

367 5662 716 5727 ὑποπτεύσας
763 5663 853 5718 διά
912 5663 1011 5735 τὴν
1060 5662 1373 5736 προθυμίαν
1420 5665 1931 5736 ἐνεδρευθήσεσθαι.

367 5756 455 5809 Διὸ
484 5756 542 5808 οῖ
573 5771 634 5809 τε
667 5754 819 5809 ἄλλοι
844 5756 914 5809 τὰ
942 5757 1052 5810 τῶν
1082 5757 1373 5829 Ῥωμαίων
1401 5757 1726 5827 θεραπεύειν
1754 5757 1939 5827 ἠξίουν

371 5846 443 5911 ὡς
475 5847 663 5920 ἀκμὴν
718 5850 1107 5921 νενικηκότων,
1154 5851 1247 5905 καὶ
1300 5852 1331 5906 δ
1369 5850 1549 5923 Ἱέρων
1606 5851 1939 5923 ἀπροθύμως

2044 5133 2280 5189 pugnam
2331 5117 2737 5182 detrectabant,
2772 5132 2832 5172 se
2863 5117 3005 5171 l‘ame
3049 5113 3243 5169 urbem
3277 5120 3618 5181 expugnatu-

2047 5220 2138 5259 ros
2168 5214 2457 5274 sperantes
2504 5222 2517 5260 :
2559 5221 2682 5260 cum
2712 5221 2843 5260 vero
2896 5205 3176 5259 frumento
3222 5202 3615 5265 deiicerent,ad

2041 5296 2438 5352 decertandum
2489 5297 2698 5352 alacres
2755 5295 2883 5351 lacti
2914 5302 3062 5352 sunt.
3090 5293 3281 5348 Hanno
3335 5308 3464 5347 vero
3512 5309 3617 5363 pu-

2044 5386 2247 5456 gnandi
2280 5386 2497 5458 copiam
2530 5388 2614 5443 eis
2641 5388 2821 5443 facere
2849 5388 3047 5446 noluit,
3081 5385 3291 5440 veritus
3318 5401 3387 5441 ne
3418 5385 3619 5441 alacri—

2046 5486 2157 5533 tate
2200 5478 2291 5534 illa
2323 5478 2377 5532 in
2409 5479 2640 5535 insidias
2671 5479 3051 5551 peilicerctur.
3083 5476 3240 5535 Unde
3272 5477 3477 5534 factum
3509 5489 3617 5539 est.

2045 5574 2105 5626 ut
2133 5579 2184 5628 et
2230 5573 2323 5628 alii
2359 5570 2621 5628 Romanis
2652 5582 2911 5644 tanquam
2939 5571 3244 5627 victoribus
3282 5574 3571 5628 studerent
3601 5590 3615 5625 :

2040 5672 2097 5719 et
2131 5660 2337 5719 Hieron
2372 5674 2500 5721 ante
2528 5665 2771 5736 segniter
2814 5665 3067 5719 auxiliari
3099 5664 3316 5729 solitus,
3354 5674 3467 5720 tum
3500 5664 3617 5718 l‘ru-

2046 5767 2293 5809 mentum
2344 5755 2718 5819 submitteret,
2761 5756 2908 5812 unde
2941 5755 3170 5811 Romani
3214 5756 3428 5811 animos
3464 5770 3619 5811 recc-

2046 5859 2269 5922 perunt.
2308 5846 2501 5903 Hanno
2546 5865 2770 5919 quoque
2803 5865 3038 5921 pugnam
3070 5850 3417 5905 committere
3461 5844 3621 5902 insti-
