4008 6250
376 303 487 367 οδες

1640 308 1967 369 J‘OANNlS
2000 306 2326 368 ΖΟΝΛΚΛΕ

3525 297 3645 364 664

391 421 519 486 tuit,
565 419 730 474 etiam
773 420 1095 477 Annibalem
1129 421 1417 492 eruptione
1451 421 1592 478 facta
1623 423 1900 478 Romanos
1925 436 1954 474 τι

2083 423 2241 485 ιὺτοίς
2291 425 2683 492 συναψάμενος
2734 419 3022 490 πρότερον,
3065 417 3188 471 τότε
3244 419 3390 472 σῖτον
3454 417 3640 482 αὐτοῖς

383 522 542 582 tergo
569 529 840 566 cursurum
871 529 1122 584 sperans.
1153 513 1273 580 Quo
1299 514 1556 568 consules
1581 513 1962 568 animadverso

383 619 508 659 cum
539 605 907 674 quiescerent,
939 615 992 660 et
1024 603 1217 660 Hanno
1249 621 1346 676 per
1380 614 1755 676 contemptum
1790 617 1962 672 usque

387 697 454 750 ad
508 697 707 751 vallum
741 697 1088 761 accessisset,
1139 697 1348 767 aliquot
1379 699 1666 760 miserunt,
1711 697 1804 766 qui
1851 697 1901 750 ei
1932 712 1963 749 a

390 799 543 859 tergo
578 787 999 843 insidiarentur.
1049 789 1260 859 Illoque
1287 789 1390 844 sub
1433 803 1718 858 vesperam
1767 803 1962 843 secure

389 885 445 928 et
475 875 1006 946 eontemptim336
1036 876 1340 931 exercitum
1375 876 1698 940 reducente,
1731 877 1963 930 Romani

389 977 499 1020 tam
529 982 596 1020 ex
627 966 790 1032 vallo,
825 985 988 1038 quant
1018 984 1084 1023 ex
1115 967 1332 1024 insidiis
1377 984 1502 1024 eum
1532 968 1793 1039 aggressi,
1824 968 1966 1022 mul-

400 1067 508 1110 tam
555 1066 615 1111 et
646 1059 930 1112 hominum
972 1068 1028 1114 et
1063 1059 1484 1130 elephantorum
1535 1059 1738 1114 eaedem
1771 1058 1965 1113 edide-

391 1159 538 1204 runt.
573 1151 789 1206 lntcrea
839 1151 1074 1206 Annibal
1124 1149 1497 1206 Romanorum
1528 1160 1704 1205 castra
1739 1150 1966 1205 adortus

391 1251 498 1308 est,
545 1242 644 1298 sed
687 1244 944 1314 repulsos
975 1259 1004 1297 a
1037 1241 1380 1298 custodibus.
1419 1242 1612 1296 Hanno
1645 1241 1838 1296 castris
1871 1241 1963 1296 de-

394 1334 561 1388 sertis
597 1334 918 1389 Herae-leam
965 1333 1234 1404 confugit.
1287 1333 1526 1386 Annibal
1577 1342 1743 1388 noctu
1794 1333 1964 1404 Agri-

391 1435 559 1495 gemo
623 1425 973 1497 profugiendi
1035 1435 1198 1495 capto
1255 1425 1510 1490 consilio,
1579 1423 1696 1494 ipse
1745 1424 1966 1494 quidem

391 1515 532 1568 clam
576 1517 752 1570 evasit
786 1533 800 1570 :
831 1517 1016 1571 ezeteri
1067 1525 1252 1570 autem
1301 1514 1653 1585 deprehensi,
1705 1516 1902 1585 partim
1937 1533 1965 1570 a

375 1604 676 1671 'Romanis,
705 1606 863 1660 multi
911 1607 980 1662 ab
1021 1606 1393 1677 Agrigentinis
1422 1613 1552 1659 sunt
1597 1607 1762 1659 occisi
1811 1623 1824 1658 :
1871 1607 1966 1676 qui

395 1701 578 1749 tamen
615 1711 680 1750 ea
722 1711 782 1767 re
815 1696 1030 1750 veniam
1067 1713 1178 1752 non
1212 1697 1598 1767 impetrarunt,
1637 1697 1732 1748 sed
1769 1697 1967 1766 Opibus

2063 511 2329 583 ἐπεμψεν,
2361 512 2438 577 ὥς
2486 530 2546 566 τε
2599 513 2695 566 καὶ
2758 511 2885 574 τοὺς
2946 509 3190 572 ὑπάτους
3239 507 3638 579 ἀναθαρσῆσαι.

2070 605 2280 657 Ἀννων
2307 602 2364 657 δέ
2387 603 2712 673 ἐπεχείρησε
2743 601 2922 674 μάχην
2965 599 3220 670 συνάψαι,
3257 599 3508 664 ἐλπίσας,
3547 599 3644 652 καὶ

2063 697 2156 751 τὸν
2197 695 2446 750 Ἀννίϐαν
2467 697 2534 750 ἐκ
2567 695 2662 750 τοῦ
2701 695 2914 767 τείχους
2940 692 3084 748 κατὰ
3139 691 3312 746 νώτου
3335 694 3448 754 τοῖς
3500 691 3644 744 Ῥω»

2069 791 2250 862 μαίοις
2279 788 2732 861 προσπεσεῖσθαι.
2776 790 2841 841 Ὃ
2874 787 3142 857 μαθόντες
3165 787 3217 840 οἱ
3249 785 3469 847 ὕπατοι,
3509 783 3644 854 ἡσύ-

2070 882 2258 954 χαζον,
2283 881 2361 946 ὤς
2381 899 2443 936 τε
2471 880 2564 934 τὸν
2597 881 2840 933 ’Ἀννωνα
2882 879 3380 949 καταφρονήσαντα
3435 876 3512 946 τῷ
3547 894 3646 929 τα-

2065 973 2344 1045 φρεύματι
2369 971 2708 1044 προσελθεῖν.
2737 971 3033 1042 Ἔπεμψαν
3081 971 3141 1024 δέ.
3197 986 3354 1032 τινας
3408 967 3643 1021 κατόπιν

2066 1065 2232 1120 αὐτοῦ
2277 1064 2716 1136 ἐνεδρεύσοντας.
2785 1064 3031 1116 Ἐκείνου
3104 1062 3161 1114 δέ
3211 1062 3348 1131 πρὸς
3403 1059 3646 1128 ἑσπέραν

2065 1157 2239 1220 ἀδεῶς
2271 1155 2366 1210 καὶ
2391 1152 2884 1226 καταφρονητικῶς
2929 1153 3325 1218 ἐπανάγοντος,
3367 1152 3432 1205 ἐκ
3459 1169 3520 1204 τε
3546 1153 3644 1218 τῆς

2065 1249 2288 1320 ἐνέδρας
2325 1249 2420 1302 καὶ
2459 1247 2554 1301 τοῦ
2610 1245 3018 1318 χαρακώματος
3081 1243 3232 1313 αύτῷ
3279 1245 3330 1298 oi
3385 1245 3646 1314 Ῥωμαῖοι

2067 1340 2386 1411 συνέμιξαν,
2417 1341 2512 1392 καὶ
2564 1339 2727 1408 φόνον
2794 1335 2966 1392 πολὺν
2997 1337 3094 1390 καὶ
3147 1335 3331 1390 αὐτῶν
3393 1337 3490 1390 καὶ
3535 1335 3647 1388 τῶν

2067 1432 2376 1502 ἐλεφάντων
2411 1430 2764 1502 εἰργάσαντο.
2797 1430 2858 1484 ’0
2891 1427 2938 1482 δ’
2959 1427 3210 1487 Ἀννίϐας
3237 1428 3296 1480 ἐν
3330 1427 3508 1496 τούτῳ
3527 1427 3647 1488 ταῖς

2069 1525 2294 1594 σκηναῖς
2345 1523 2455 1574 τῶν
2491 1521 2778 1592 Ῥωμαίων
2832 1519 3093 1584 ἐπελθὼν,
3151 1517 3486 1588 ἐξεκρούσθη
3547 1517 3650 1576 ὑπὸ

2066 1616 2176 1669 τῶν
2205 1614 2585 1684 φυλαττόντων
2611 1613 2800 1676 αὑτάς.
2835 1611 2894 1666 '0
2917 1612 2963 1664 δ’
2991 1613 3200 1665 ’Ἄννων
3229 1613 3308 1674 εἰς
3338 1609 3438 1682 τὴν
3483 1610 3651 1678 Ἥρά-

2074 1708 2263 1760 κλειαν
2299 1707 2597 1776 κατέφυγε,
2641 1707 2702 1759 τὸ
2733 1704 3099 1774 στρατόπεδον
3141 1701 3404 1765 ἐκλιπὼν,
3473 1703 3568 1756 καὶ
3612 1704 3640 1756 ὁ

392 1783 625 1854 direptis
657 1799 847 1841 omnes
882 1787 1206 1843 vaenierunt.
1257 1787 1526 1844 Consules
1581 1787 1883 1842 Messanam
1917 1789 1971 1843 in

2091 1798 2341 1862 Ἀννίϐας
2372 1797 2564 1862 νυκτὸς
2593 1796 2852 1867 ἐκδράναι
2881 1795 2978 1850 τοῦ
3027 1795 3402 1862 Ἀκράγαντος
3437 1793 3651 1862 βουλευ-

394 1877 626 1932 hiberna
689 1887 1103 1934 concesserunt.
1167 1879 1650 1951 Carthaginienses
1718 1881 1970 1936 llam‘toni

394 1969 546 2033 irati,
572 1967 902 2024 Amilcarem
926 1969 1256 2026 Barchinum
1281 1986 1656 2029 successorem
1680 1973 1970 2035 dederunt,

398 2062 813 2132 imperatorem,
860 2065 1131 2120 Annibale
1173 2064 1287 2120 filio
1323 2074 1578 2138 excepto,
1654 2067 1798 2124 inter
1843 2072 1972 2120 suos

395 2155 912 2222 przestantissimum
941 2173 956 2210 :
983 2158 1074 2226 qui
1105 2172 1231 2212 eum
1267 2155 1512 2212 Siciliam
1547 2159 1662 2230 ipse
1697 2167 1968 2224 tueretur,

396 2243 728 2299 Annibalem
757 2243 918 2299 classi
952 2244 1267 2313 praefectum
1299 2246 1353 2299 in
1387 2246 1626 2310 Italiam,
1659 2262 1768 2301 ora:
1800 2246 1972 2300 mari-

399 2335 551 2388 timae
575 2333 902 2390 infcstandae
925 2349 1092 2390 causa
1124 2335 1298 2400 misit,
1329 2349 1390 2392 ut
1419 2337 1674 2392 consules
1704 2338 1769 2393 ad
1803 2353 1862 2393 se
1889 2352 1974 2393 rc-

403 2426 676 2482 traheret.
712 2425 819 2482 Sed
855 2427 1048 2482 fefellit
1093 2443 1220 2482 eum
1256 2429 1466 2499 Opinio.
1509 2429 1645 2485 Nam
1705 2430 1973 2501 praesidiis

403 2516 608 2586 ubique
635 2517 691 2571 in
725 2519 861 2572 mari
893 2517 1194 2586 eolloCatis,
1233 2521 1287 2575 in
1327 2521 1570 2576 Siciliam
1608 2521 1857 2591 profecti,
1891 2523 1978 2577 ni-

403 2608 480 2662 hil
510 2609 870 2665 memorabile
898 2620 1208 2682 gesserunt.
1251 2611 1492 2667 Amilcar
1527 2628 1678 2678 vero,
1725 2621 1976 2668 metuens

401 2698 648 2764 neGalli
697 2701 920 2762 milites.
961 2701 1034 2756 ob
1076 2703 1354 2772 stipendia
1383 2719 1492 2756 non
1529 2705 1740 2772 integra
1780 2719 1974 2760 mune-

407 2801 522 2845 rata
563 2791 935 2863 indignantes.
983 2809 1108 2848 eum
1142 2794 1404 2850 Romanis
1450 2811 1509 2850 se
1555 2797 1972 2866 conjungercnt,

401 2884 468 2938 ad
519 2885 812 2953 quamdam
858 2886 1161 2940 Romanam
1228 2887 1421 2942 urbem
1469 2902 1567 2956 per
1607 2887 1974 2958 proditionem

402 2975 614 3030 scilicet
639 2977 1016 3046 occupandam
1043 2987 1098 3032 et
1126 2977 1490 3048 diripiendam
1518 2994 1614 3034 eos
1644 2978 1790 3033 misit
1820 2980 1978 3034 :sub-

403 3070 614 3124 ornatis
683 3069 1000 3142 transfugis,
1059 3071 1154 3140 qui
1193 3071 1519 3125 consulibus
1556 3070 1836 3125 Gallorum
1876 3073 1975 3124 ad-

407 3171 636 3214 ventum
679 3163 1025 3216 nuntiarent.
1067 3162 1146 3216 Ita
1177 3163 1256 3217 illi
1295 3180 1488 3220 omnes
1520 3162 1737 3218 insidiis
1769 3165 1984 3232 excepti

411 3251 699 3319 perierunt
734 3268 746 3302 :
782 3252 877 3307 sed
902 3262 958 3308 et
990 3253 1362 3310 Romanorum
1390 3255 1544 3310 multi
1581 3254 1986 3312 occubuerunt.

409 3342 747 3397 Consulibus
783 3343 1006 3398 domum
1048 3345 1309 3412 reversis;
1347 3345 1590 3402 Amilcar
1618 3345 1986 3425 etiaorltalia:

407 3449 560 3487 oram
586 3433 757 3489 classe
785 3435 1040 3504 vastavit;
1067 3445 1124 3491 et
1149 3437 1422 3506 quasdam
1450 3438 1652 3493 Sicilia:
1682 3439 1846 3492 urbes
1864 3437 1987 3492 sub-

407 3529 538 3598 egit.
602 3532 722 3594 Quo
755 3529 988 3584 Romani
1036 3531 1248 3592 audito,
1293 3531 1522 3588 classem
1579 3531 1985 3594 instruxerunt,

411 3621 501 3672 cui
554 3621 843 3674 consulum
875 3621 1017 3675 alter
1049 3620 1254 3676 Cncius
1284 3621 1519 3677 Duillius
1559 3634 1645 3676 est
1675 3622 1986 3691 praefectus,

408 3712 614 3782 collega
643 3713 762 3783 ejus
793 3713 997 3768 Cneius
1029 3712 1321 3769 Cornelius
1357 3713 1411 3768 in
1453 3714 1696 3769 Siciliam
1739 3713 1940 3770 missus
1971 3731 1986 3770 :

409 3808 503 3876 qui
535 3823 660 3862 cum
695 3807 839 3862 bello
872 3807 1142 3874 terrestri,
1175 3806 1319 3877 quod
1351 3805 1668 3860 mandatum
1699 3807 1752 3860 ei
1786 3807 1984 3870 fuerat,

413 3899 692 3968 neglecto,
731 3897 967 3954 navibus
1002 3913 1140 3970 quas
1175 3897 1432 3963 habebat,
1466 3897 1698 3966 Liparae,
1735 3911 1832 3964 spe
1865 3910 1986 3965 pro-

409 3993 639 4048 dit-iouis
677 3993 806 4048 dolo
836 3993 1379 4064 Carthaginiensium
1393 3992 1582 4062 "facta,
1611 3993 1932 4066 appulisset,
1959 4010 1990 4048 α

414 4085 564 4140 Bede
595 4087 882 4140 Annibalis
913 4086 1092 4158 legato
1135 4097 1222 4144 est
1268 4088 1700 4142 circumventus.
1729 4087 1865 4142 Cum
1895 4101 1993 4140 au—

410 4186 521 4229 tem
567 4177 632 4231 ad
677 4175 1056 4233 defensionem
1105 4193 1166 4233 se
1206 4189 1446 4248 pararet,
1481 4178 1573 4232 ille
1612 4177 1986 4232 [tertianorum

412 4269 698 4325 audaciam
736 4271 968 4335 veritus,
1002 4284 1102 4326 eos
1128 4269 1196 4326 ad
1225 4271 1378 4342 pacis
1403 4269 1752 4326 conditiones
1793 4284 1992 4339 provo-

414 4362 581 4414 cavit.
632 4360 883 4432 Cumque
923 4362 1133 4416 consuli
1175 4369 1233 4418 et
1275 4361 1516 4418 tribunis
1569 4361 1805 4415 militum
1861 4377 1990 4427 per-

2081 1890 2336 1958 σάμενος,
2386 1889 2546 1950 αὐτὸς
2574 1888 2672 1958 μὲν
2693 1886 2904 1941 ἐλαθενο
2947 1889 2998 1941 οί
3027 1887 3072 1940 δ’
3103 1888 3250 1941 ἄλλοι
3290 1883 3650 1954 γνωσθέντες.

2078 1981 2125 2033 οἱ
2159 1979 2258 2049 μέν
2286 1979 2394 2032 ὑπὸ
2423 1979 2531 2031 τῶν
2575 1978 2882 2050 Ῥωμαίων,
2919 1979 3106 2048 συχνοὶ
3141 1979 3200 2032 δέ
3255 1977 3354 2030 καὶ
3405 1976 3511 2030 ύπδ
3541 1977 3649 2030 τῶν

2091 2069 2932 2141 Ἀκραγαντίνων,ἐκτάνθησαν.
2961 2069 3035 2120 υύ
3082 2068 3264 2138 μέντοι
3317 2063 3650 2135 συγγνώμης

2079 2163 2272 2232 ἔτυχον
2301 2162 2351 2214 οἱ
2379 2163 2818 2230 Ἀκραγαντῖνοι,
2844 2159 2980 2214 ἀλλὰ
2997 2159 3092 2213 καὶ
3117 2159 3186 2212 τά
3209 2159 3472 2229 χρήματα
3501 2155 3650 2224 σφῶν

2081 2251 2523 2322 διηρπάσθησαν,
2550 2252 2642 2304 καὶ
2669 2251 2824 2305 αὐτοὶ
2852 2250 3176 2320 ἐπράθησαν
3217 2248 3480 2308 ἅπαντες.
3547 2246 3652 2299 Καὶ

2081 2346 2132 2398 οἱ
2159 2348 2258 2415 μέν
2291 2343 2487 2398 ὕπατοι
2525 2344 2662 2412 πρὸς
2682 2343 2780 2414 τήν
2813 2343 3072 2412 Μεσήνην
3107 2341 3196 2396 διὰ
3245 2339 3356 2394 τῶν
3403 2339 3648 2410 χειμῶνα

2079 2433 2460 2505 ἀνεχώρησαν.
2518 2433 2832 2504 Ὠργίζοντο
2880 2433 2928 2487 δ’
2982 2433 3034 2485 οἱ
3101 2431 3463 2502 Καρχηδόνιοι
3514 2430 3650 2482 κατά

2087 2529 2380 2592 Ἄννωνος,
2406 2526 2502 2580 καὶ
2550 2525 2816 2594 Ἀμίλκαν
2848 2524 2965 2578 ἀντ’
3021 2521 3189 2576 αὑτοῦ
3227 2523 3320 2576 τὸν
3380 2519 3654 2590 Βαρχίδην

2081 2617 2429 2679 ἀπέστειλαν,
2462 2617 2635 2686 ἄνδρα
2663 2614 2774 2668 τῶν
2797 2614 3110 2684 ὁμοφύλων,
3136 2611 3274 2682 πλὴν
3303 2611 3396 2664 τοῦ
3437 2608 3655 2662 Ἀννίϐα

2080 2709 2174 2764 τοῦ
2205 2709 2371 2774 υἱέος,
2413 2709 2468 2761 ἐν
2499 2706 2804 2778 στρατηγίᾳ
2835 2707 3142 2777 κρείττονασ
3199 2705 3296 2758 καὶ
3343 2702 3508 2764 αὐτὸς
3559 2700 3655 2770 μὲν

2081 2801 2180 2872 τὴν
2225 2800 2476 2855 Σικελίαν
2507 2799 2828 2869 ἐφύλαττενο
2879 2796 3130 2865 Ἀννίϐαν
3160 2795 3217 2850 δέ
3277 2791 3654 2864 ναυαρχοῦντα

2082 2894 2141 2957 ἐς
2163 2892 2398 2946 Ἰταλίαν
2440 2890 2676 2962 ἔπεμψε,
2709 2891 2780 2944 τὰ
2829 2889 3074 2960 παράλια
3127 2887 3298 2956 αὐτῆς
3339 2882 3654 2954 κακουργή-

2085 3003 2269 3052 σοντα,
2303 2985 2390 3038 ἴνα
2411 2985 2538 3048 τοὺς
2567 2985 2806 3046 ὑπάτους
2838 2982 2975 3054 πρὸς
3023 2980 3214 3035 ἐαυτὸν
3262 2978 3654 3047 ἐπισπάσηται.

2099 3075 2242 3128 Ἀλλ’
2279 3076 2378 3128 οὐκ
2419 3075 2580 3145 ἔτυχε
2622 3073 2719 3128 τοῦ
2767 3072 2994 3128 σκοποῦ.
3044 3063 3504 3140 Καταστήσαντες
3551 3065 3656 3136 γὰρ

2087 3169 2284 3220 ἐκείνοι
2310 3165 2551 3237 φρουράς
2586 3162 2914 3235 ἑκασταχόθι
2940 3163 3040 3234 τῆς
3067 3161 3362 3232 παραλίας,
3397 3161 3478 3222 είς
3509 3157 3658 3212 Σικε-

2087 3258 2209 3311 λίαν
2233 3253 2420 3328 ἦλθον,
2451 3257 2605 3310 οὐδὲν
2633 3256 2690 3309 δέ
2715 3256 2935 3326 μνήμης
2993 3252 3238 3324 ἔπραξαν
3288 3251 3459 3316 ἄξιον.
3498 3249 3556 3303 ’0
3603 3247 3658 3300 δέ

2101 3347 2363 3416 Ἀμίλκας
2393 3349 2518 3410 τοὺς
2549 3347 2795 3412 Γαλάτας
2833 3347 2961 3410 τοὺς
3008 3344 3392 3416 μισθοφόρους,
3435 3343 3521 3395 ὅτι
3580 3341 3654 3410 μη

2087 3441 2278 3511 ἐντελῆ
2341 3439 2577 3496 δέδωκεν
2607 3441 2796 3503 αὐτοῖς
2840 3439 2933 3493 τὸν
2985 3437 3196 3508 μισθὸν,
3243 3433 3660 3506 ἀγανακτήσανο

2088 3553 2214 3600 τας,
2275 3535 2537 3605 φοϐηθεὶς
2577 3533 2653 3604 μὴ
2720 3533 3156 3604 προσχωρήσωσι
3215 3527 3658 3598 τοίςῬωμαίοις.

2087 3626 2383 3697 διέφθειρε,
2419 3625 2644 3696 πέμψας
2673 3624 2872 3688 αὐτοὺς
2911 3623 2990 3687 εἴς
3041 3640 3164 3678 τινα
3193 3621 3304 3676 τῶν
3357 3620 3462 3674 ὑπὸ
3515 3619 3660 3671 Ῥω-

2091 3718 2286 3789 μαίους
2322 3716 2478 3770 πόλιν
2513 3714 3008 3786 παραληψομένους
3041 3714 3232 3785 αὐτὴν,
3259 3713 3334 3776 ὠς
3362 3711 3506 3780 τάχα
3532 3725 3662 3780 προ-

2087 3810 2392 3880 διδομένην,
2430 3810 2524 3863 καὶ
2551 3809 2853 3878 διαρπάσαι
2886 3807 3058 3877 αὐτὴν
3085 3805 3409 3877 ἐπιτρέψας.
3441 3803 3662 3861 Στείλα;

2087 3902 2144 3955 δὲ
2179 3902 2315 3972 πρὸς
2337 3901 2464 3964 τοὺς
2495 3900 2734 3963 ὑπάτους
2765 3897 3259 3968 ψευδαυτομόλους.
3289 3895 3388 3968 τὴν
3423 3895 3532 3948 τῶν
3562 3894 3664 3947 Γα-

2089 3996 2267 4049 λατῶν
2298 3993 2716 4064 προμηνύοντας
2743 3991 2973 4044 ἐλευσιν·
3012 3991 3136 4044 ὅθεν
3177 3991 3230 4042 οἱ
3273 3988 3512 4043 Γαλάται
3567 3986 3661 4054 μὲν

2093 4087 2295 4150 πάντες
2327 4085 2733 4156 ἐνεδρευθέντες
2757 4084 3100 4155 ἐφθάρησαν,
3127 4082 3312 4135 πολλοὶ
3343 4080 3402 4133 δέ
3436 4081 3530 4131 καὶ
3557 4077 3670 4130 τῶν

2103 4177 2394 4246 Ῥωμαίων
2425 4175 2722 4232 ἀπέθανον.
2769 4177 3143 4232 Ἀπελθόντων
3179 4174 3236 4227 δὲ
3284 4172 3392 4226 τῶν
3442 4171 3664 4224 ὑπάτων

2090 4269 2294 4334 οἴκαδε,
2324 4272 2351 4323 ὀ
2381 4268 2648 4339 Ἀμίλκας
2685 4269 2778 4324 καὶ
2805 4269 2906 4340 τὴν
2941 4267 3176 4324 Ἰταλίαν
3218 4263 3464 4336 ἐπόρθει,
3498 4277 3665 4334 προσ·

2095 4361 2296 4426 πλέων,
2333 4360 2427 4413 καὶ
2487 4362 2546 4412 ἐν
2575 4361 2639 4431 τῇ
2677 4358 2902 4428 Σικελίᾳ.
2925 4359 3114 4422 πόλεις
3142 4356 3294 4420 τινάς
3323 4353 3663 4423 ὑπηγάγετο.

415 4451 699 4518 sitasisset,
738 4459 798 4505 ut
833 4453 1006 4523 ipsius
1051 4452 1333 4508 triremem
1377 4452 1838 4518 conscenderent,
1879 4467 1976 4521 quc

2096 4451 2395 4520 Πυθόμενοι
2433 4449 2490 4502 δὲ
2521 4449 2694 4503 ταῦτα
2717 4451 2768 4502 οἱ
2811 4448 3088 4520 Ῥωμαῖοι,
3119 4446 3375 4501 ναυτικὸν
3406 4441 3669 4510 συνεστή-

415 4557 541 4594 eum
595 4544 855 4612 praefecto
894 4544 1090 4600 classis
1122 4544 1598 4614 colloquerentur,
1633 4559 1728 4599 eos
1765 4543 1989 4598 Cartha—

413 4636 602 4702 ginem
628 4636 804 4702 misit,
832 4646 1064 4694 caeteros
1095 4651 1207 4693 non
1236 4647 1606 4708 repugnantes
1635 4637 1798 4706 cepit.

2099 4561 2281 4611 σαντο,
2313 4545 2407 4598 καὶ
2437 4545 2598 4600 Γαῖον
2627 4543 2776 4612 αὐτῷ
2801 4544 3042 4598 Δουῖλιον
3060 4542 3152 4596 τὸν
3169 4541 3358 4610 ἕτερον
3383 4537 3493 4590 τῶν
3526 4535 3668 4589 ὑπά-

2099 4651 2208 4688 των
2243 4634 2573 4706 ἐπέστησαν,
2601 4636 2692 4688 τὸν
2717 4636 2775 4688 δέ
2816 4635 3006 4688 τούτου
3063 4633 3403 4702 συνάρχοντα
3451 4625 3668 4699 Κορνή-

412 4728 526 4781 λιο)
559 4729 720 4782 Γάϊον
784 4731 866 4794 είς
925 4730 1178 4785 Σικελίαν
1251 4730 1524 4801 ἔπεμψαν,
1553 4729 1613 4794 ὃς
1668 4728 1811 4783 κατὰ
1849 4729 1951 4798 γῆν
1996 4727 2238 4796 πολέμου
2297 4728 2358 4780 ὃν
2407 4729 2756 4798 ἐκεκλήρωτο
2806 4727 3110 4797 ἀμελήσας,
3162 4725 3284 4787 ταῖς
3334 4721 3668 4793 προσούσαις

411 4819 562 4888 αὐτῷ
591 4822 781 4876 ναυσὶν
815 4823 873 4886 ἐς
901 4821 1154 4894 Λιπάραν
1185 4821 1468 4888 ἔπλευσεν,
1495 4819 1572 4885 ὡς
1630 4821 2022 4892 προδιδομένην
2061 4819 2234 4888 αὐτῷ,
2300 4817 2456 4871 τοῦτο
2485 4820 2528 4872 δ’
2559 4820 2625 4874 ἐκ
2651 4819 2804 4872 δόλου
2846 4818 2957 4872 τῶν
2984 4817 3373 4888 Καρχηδονίων
3431 4812 3666 4882 ἐγένετο.

421 4916 514 4978 Ὠς
549 4913 643 4970 οὖν
672 4916 730 4977 ἐς
757 4914 858 4985 τήν
877 4914 1131 4986 Λιπάραν
1161 4913 1576 4984 καθωρμίσατο,
1625 4913 1795 4984 Βόδης
1861 4913 2024 4965 αύτδν
2064 4913 2094 4964 ὁ
2123 4910 2217 4964 τοῦ
2271 4910 2515 4964 Ἀννίϐου
2567 4911 3000 4982 περιεστοίχισεν
3048 4910 3485 4978 ὑποστράτηγος.
3558 4907 3669 4960 Πα-

412 5008 894 5078 ρασκευαζσμὲνου
923 5008 978 5062 δέ
999 5008 1096 5062 τοῦ
1127 5007 1293 5061 Γαΐου
1326 5007 1467 5079 πρὸς
1525 5009 1764 5078 ἄμυναν,
1811 5006 1996 5070 δείσας
2035 5007 2243 5071 ἐκεῖνος
2283 5008 2383 5076 τὴν
2441 5005 2702 5060 ἀπόνοιαν
2743 5003 2945 5068 αὐτῶν,
3003 5001 3406 5074 προεκαλέσατο
3473 5001 3667 5062 αὐτοὺς

413 5101 496 5162 είς
527 5099 782 5164 σπονδάς·
828 5101 926 5152 καὶ
964 5101 1164 5163 πείσας
1201 5099 1530 5154 ἀνεϐίϐασεν
1560 5103 1642 5164 είς
1711 5101 1812 5169 τὴν
1867 5097 2066 5152 ἑαυτοῦ
2105 5099 2306 5170 τριήρη
2343 5099 2433 5152 τόν
2463 5115 2524 5150 τε
2545 5097 2750 5152 ὕπατον
2793 5097 2888 5151 καὶ
2939 5095 3062 5158 τοὺς
3102 5093 3440 5165 χιλιάρχους,
3475 5093 3552 5156 ὡς
3596 5093 3672 5163 τῷ

414 5195 670 5265 ναυάρχῳ
693 5193 1133 5265 ἐντευξομένους.
1161 5193 1271 5246 Καὶ
1313 5191 1538 5256 τούτους
1579 5193 1678 5262 μέν
1735 5195 1816 5254 εἰς
1872 5189 2196 5260 Καρχηδόνα
2262 5189 2621 5261 ἀπέπεμψαν,
2675 5188 2803 5252 τοὺς
2859 5187 2917 5241 δέ
2947 5185 3168 5248 λοιποὺς
3209 5187 3333 5240 ούδέ
3362 5187 3674 5256 ἀραμένους

413 5290 484 5343 τὰ
509 5291 648 5344 ὅπλα
669 5284 833 5344 εἷλον.

488 5381 672 5451 387.
726 5383 821 5438 Xl.
885 5383 1119 5436 Annibal
1185 5379 1384 5435 deinde
1437 5380 1647 5434 Italiam
1705 5378 1988 5436 vastavit:

418 5463 656 5551 Auiilear
678 5471 956 5543 Segestam
983 5473 1160 5544 petiit,
1193 5473 1285 5528 ubi
1330 5472 1565 5526 maxima
1595 5486 1720 5551 pars
1763 5471 1994 5526 Romani

415 5547 694 5636 peditatus
717 5573 835 5618 erat
858 5583 872 5618 :
897 5565 1034 5621 etC.
1061 5566 1282 5620 Caecilio
1311 5565 1532 5620 tribuno
1569 5547 1801 5618 militum
1833 5578 1992 5633 opem

415 5657 526 5710 illis
559 5655 702 5711 ferre
738 5656 964 5724 volenti,
1009 5672 1106 5727 per
1137 5657 1362 5712 insidias
1390 5657 1590 5710 multos
1617 5655 1817 5711 milites
1845 5653 1994 5711 oeci-

419 5746 518 5802 dit.
564 5745 662 5804 llis
706 5747 933 5804 Romani
970 5747 1227 5820 cognitis,
1277 5747 1593 5818 praefectum
1631 5748 1782 5806 urbis
1812 5745 1996 5806 statim

2172 5380 2274 5432 lA'.
2329 5371 2462 5430 Εἶτα
2507 5373 2752 5436 Ἀννίϐας
2804 5373 2902 5442 μὲν
2973 5369 3071 5440 τὴν
3138 5367 3370 5422 Ἰταλιαν
3429 5369 3671 5435 ἐπόρθει,

2115 5469 2374 5540 Ἀμίλκας
2434 5467 2492 5522 δέ
2551 5470 2629 5530 εἰς
2674 5466 2944 5534 Ἔγεσταν
3003 5462 3387 5532 ἐστράτευσεν,
3438 5455 3566 5534 ἐνῇ
3615 5459 3675 5513 τὸ

2109 5563 2366 5615 πλεῖστον
2399 5559 2487 5612 τοῦ
2517 5557 2686 5623 πεζοῦ
2717 5561 2828 5621 τοῖς
2871 5554 3166 5626 Ῥωμαίοις
3199 5548 3289 5622 ἦν,
3347 5545 3428 5616 οἷς
3449 5555 3672 5606 ἐπικου-

2117 5651 2282 5722 ρῆσαι
2321 5647 2481 5703 Γάϊον
2507 5645 2790 5700 Καικίλιον
2817 5643 3102 5714 χιλίαρχον
3129 5641 3466 5712 ἐθελήσαντα
3513 5640 3672 5711 λοχή-

2114 5759 2233 5810 σας,
2263 5740 2492 5804 πολλοὺς
2531 5737 2790 5809 ἐφόνευσε
2819 5735 2932 5792 τῶν
2959 5733 3147 5792 αὐτοῦ.
3179 5731 3365 5788 Ταῦτα
3384 5730 3442 5786 δὲ
3477 5731 3674 5803 μαθόν-
