4008 6250
281 298 395 362 665

279 505 562 577 ἔπεμψαν,
592 506 687 558 καὶ
712 506 806 559 τὸν
832 505 1074 559 Δουῖλιον
1100 507 1469 567 έπέσπευσαν.
1508 512 1566 566 Ὀ
1594 511 1650 565 δὲ
1675 513 1731 575 ἐς
1760 514 1857 581 τὴν

279 606 533 660 Σικελίαν
566 605 757 671 ἐλθὼν,
787 606 883 660 καὶ
915 606 1254 677 καταμαθὼν
1285 605 1384 668 τὰς
1415 604 1545 666 ναῦς
1575 602 1684 656 τῶν
1710 605 1858 671 Καρ-

279 695 546 763 χηδονίων
571 698 637 766 τῇ
674 696 772 766 μὲν
804 696 1077 765 παχύτητι
1117 696 1209 750 καὶ
1232 695 1311 766 τῷ
1338 692 1557 762 μεγέθει
1581 692 1689 745 τῶν
1709 691 1861 758 σφῶν

279 788 706 857 ὲλαττουμένας,
735 788 814 858 τῷ
842 790 997 859 τάχει
1027 788 1084 841 δὲ
1121 789 1219 855 τῆς
1251 787 1497 857 εἰρεσίας
1526 784 1621 837 καὶ
1644 785 1709 854 τῇ
1739 800 1860 835 ποι-

279 876 435 946 κιλίᾳ
465 875 559 928 τοῦ
590 874 723 928 πλοῦ
754 876 1119 947 προεχούσας,
1150 875 1398 946 μηχανὰς
1433 874 1526 926 ἐπὶ
1567 873 1672 925 τῶν
1701 872 1858 940 τριή-

278 982 414 1038 ρων,
452 965 702 1036 ἀγκύρας
731 982 789 1018 τε
817 969 911 1019 καὶ
952 970 1143 1036 χεῖρας
1207 965 1563 1035 περικόντους
1612 965 1856 1033 σιδηρᾶς,

276 1061 379 1112 καὶ
412 1057 797 1113 ἄλλατοιαῦτα
841 1059 1267 1122 κατεσκεύασεν,
1322 1059 1469 1120 ὅπως
1519 1059 1638 1117 ταῖς
1698 1057 1860 1108 πολε-

279 1151 438 1219 μίαις
451 1151 646 1203 ναυσὶν
664 1150 1124 1222 ὲπιρῤιπτοῦντες
1148 1149 1288 1205 αὐτὰ
1307 1152 1662 1204 συνάπτοιντο
1680 1148 1853 1215 σφίσι,

275 1244 380 1298 καὶ
415 1246 840 1315 ειεταῦαίνοντες
872 1248 953 1311 εἰς
984 1248 1178 1311 αὑτὰς,
1215 1248 1295 1309 είς
1330 1249 1518 1317 χεῖρας
1559 1247 1690 1299 ῐοιεν
1742 1246 1856 1308 τοῖς

275 1338 699 1407 Καρχηδονίοις,
734 1339 827 1392 καὶ
857 1339 931 1402 ὡς
970 1341 1029 1391 ὲν
1065 1339 1204 1409 πεζῇ
1252 1339 1401 1410 μάχῃ
1465 1338 1676 1400 τούτοις
1733 1340 1861 1409 συρ-

275 1432 603 1497 ρήγνυνται.
641 1430 1022 1502 Συμμίξαντες
1069 1431 1163 1485 οὖν
1206 1432 1256 1484 οί
1320 1430 1685 1501 Καρχηδόνιοι
1736 1433 1858 1493 ταῖς

271 1522 391 1575 τῶν
434 1521 724 1592 Ῥωμαίων
771 1525 958 1589 ναυσὶ,
1006 1523 1335 1592 περιέπλεον
1396 1525 1561 1593 σφᾶς,
1622 1523 1859 1591 συντόνῳ

270 1618 560 1685 χρώμενοι
588 1616 824 1688 εἰρεσίᾳ,
864 1617 959 1669 καὶ
992 1617 1056 1669 ἐκ
1086 1615 1180 1669 τοῦ
1228 1614 1498 1684 αἰφνιδίου
1551 1613 1858 1685 προσέϐαλ-

269 1709 392 1761 λον.
425 1708 634 1778 Χρόνον
668 1709 766 1779 μὲν
799 1708 892 1763 οὖν
921 1725 1048 1763 τινα
1075 1709 1337 1777 ίσοπαλὴς
1363 1709 1395 1778 ἡ
1427 1706 1712 1777 ναυμαχία
1746 1706 1859 1773 ἐγί-

268 1817 424 1854 νετο.
459 1798 575 1854 Εἴθ’
612 1802 664 1854 oi
725 1800 987 1871 Ῥωμαῖοι
1040 1802 1492 1869 ιπικρατέστεροι
1548 1800 1849 1869 γεγονότες,

269 1893 514 1957 πολλοὺς
551 1894 650 1963 μὲν
681 1894 1004 1957 κατέδυσαν,
1041 1894 1303 1963 συνέσχον
1336 1892 1394 1946 δὲ
1449 1892 1543 1945 καὶ
1594 1890 1847 1952 πολλούς.

282 1987 351 2040 Ὀ
380 1985 427 2040 δ’
457 1985 708 2051 ’Δννίϐας
732 1987 827 2041 ἐπὶ
876 1988 1150 2058 ἑπτήρους
1205 1984 1523 2057 ναυμαχῶν,
1571 1984 1854 2055 συσχεθεὶ-

270 2099 382 2151 σης
405 2081 513 2150 τῆς
537 2080 703 2135 αὑτοῦ
741 2080 867 2149 νηὸς
893 2080 1114 2150 τριήρει
1142 2080 1270 2143 τινὶ,
1302 2078 1377 2148 μὴ
1415 2077 1530 2146 ἁλῷ
1569 2076 1850 2147 φοϐηθεὶς,

266 2175 378 2242 τὴν
406 2174 622 2244 ἑπτήρη
652 2191 712 2227 τε
744 2173 1097 2241 ἐγκατέλιπε,
1134 2172 1228 2226 καὶ
1260 2171 1503 2240 μεταϐὰς
1551 2172 1630 2233 είς
1662 2171 1854 2240 ἑτέραν

268 2265 530 2333 δέαυγε.
561 2265 673 2334 Τῆς
703 2264 803 2334 μὲν
834 2260 928 2317 οὖν
959 2262 1272 2332 ναυμαχίας
1325 2261 1489 2314 τοῦτο
1535 2263 1688 2322 τέλος
1734 2259 1855 2328 ἐγέ-

269 2372 427 2419 νετο,
457 2357 554 2409 καὶ
579 2354 798 2425 λάφυρα
824 2353 994 2407 πολλὰ
1025 2353 1256 2423 ἐλήφθη.
1304 2351 1408 2403 Τὸν
1447 2351 1493 2405 δ’
1523 2349 1777 2404 Ἀννίῦαν
1806 2351 1855 2403 oi

274 2447 654 2517 Καρχηδόνιοι
683 2445 773 2500 διὰ
798 2447 897 2517 τὴν
948 2440 1116 2516 ἦτταν
1172 2443 1504 2496 ἀπέκτειναν
1557 2440 1644 2506 ἂν,
1699 2442 1856 2513 εἰμὴ

188 2554 189 2557 ‘
272 2540 450 2602 εὐθὺς
481 2537 808 2608 ἐπηρώτησε
842 2537 1005 2604 σφᾶς,
1029 2535 1104 2597 ὼς
1135 2534 1415 2605 ἀκεραίων
1437 2533 1519 2587 ἔτι
1548 2534 1657 2587 τῶν
1713 2550 1856 2604 πρα-

273 2631 516 2698 γμάτων
547 2630 742 2691 ὅντων,
772 2629 821 2682 εί
864 2628 1218 2697 ναυμαχῆσαι
1249 2627 1586 2692 κελεύουσιν,
1647 2628 1696 2679 εἰ
1731 2628 1803 2697 μή
1839 2643 1855 2692 ;

273 2720 638 2791 Συνθεμένων
668 2720 776 2792 γὰρ
802 2722 979 2774 αὐτῶν
1008 2722 1385 2790 ναυμαχῆσαι,
1413 2720 1486 2783 ὡς
1513 2719 1591 2791 τῷ
1619 2720 1856 2789 ναυτικῷ

274 2814 544 2882 προέχειν
588 2812 997 2883 ἐπαιρομένων,
1051 2813 1305 2876 ὑπεῖπεν,
1330 2813 1433 2872 ὅτι,
1495 2809 1688 2864 Οὐδὲν
1745 2809 1859 2878 ἄρα

273 2904 571 2972 ἠδίκηκα,
621 2903 712 2957 ὅτι
754 2904 941 2958 ταύτὰ
1003 2902 1145 2972 ὑμῖν
1182 2904 1445 2968 ἐλπίσας
1491 2901 1854 2956 συνέϐαλον

276 2998 399 3065 τῆς
436 2999 546 3066 γὰρ
580 2995 842 3066 γνώμης,
870 2995 1008 3049 ἀλλ’
1038 2999 1110 3050 οὺ
1153 2994 1261 3062 τῆς
1292 2997 1485 3064 τύχης
1524 2995 1861 3065 ἐτύγχανον

1541 306 1821 366 ANNAL]
1837 307 1949 366 ΟΜ
1994 308 2140 369 LIB.
2178 310 2344 372 VIII.

278 430 371 478 τες
394 415 445 467 οι
476 416 537 468 ἐν
563 415 630 483 τῇ
680 414 892 485 Ῥώμῃ,
924 412 1017 466 τδν
1077 413 1178 484 μὲν
1215 416 1520 487 ἀστυνόμον
1569 419 1734 483 εὐθὺς
1770 419 1859 484 ἐξ.
1883 424 1933 482 Α

3432 316 3540 378 666

1961 422 2302 491 ablegarunt,
2346 432 2403 478 et
2447 423 2706 479 Duillium
2758 434 3034 481 maturare
3074 427 3379 497 jusserunt.
3427 425 3537 494 Qui

1959 502 2095 571 cum
2132 516 2186 570 in
2235 516 2478 572 Siciliam
2506 520 2769 581 venisset.
2803 534 3077 588 navesque
3119 520 3537 589 Carthaginien-

1959 605 2101 661 sium
2134 607 2498 663 crassitudine
2528 619 2584 664 et
2613 610 2987 679 magnitudine
3014 610 3278 665 Romanis
3310 610 3536 669 inferio-

1959 715 2068 763 res,
2122 699 2216 753 sed
2245 699 2528 755 celeritate
2576 701 2810 769 remigii,
2846 711 2901 756 et
2931 702 3226 771 navigandi
3261 703 3530 757 varietate

1959 791 2274 861 superiores
2309 807 2430 846 esse
2464 793 2689 848 vidisset
2734 811 2747 848 :
2789 794 3073 848 machinas
3104 795 3388 862 quasdam,
3432 809 3525 847 ano

1959 898 2141 946 coras,
2163 898 2355 936 manus
2381 883 2589 938 ferreas
2613 884 2791 952 longis
2814 887 2992 938 contis
3017 885 3286 953 praefixas,
3315 885 3531 953 aliaque

1958 974 2076 1043 ejus
2105 974 2323 1044 generis
2356 975 2664 1039 fabricavit,
2686 977 2888 1045 quibus
2917 977 3141 1031 hostiles
3165 994 3330 1031 naves
3358 988 3530 1031 attra-

1960 1065 2229 1118 hcrcntur
2265 1084 2279 1120 :
2317 1081 2381 1119 ac
2414 1066 2648 1120 transitu
2686 1067 2737 1119 in
2763 1067 2881 1121 iilas
2907 1067 3070 1132 facto,
3108 1068 3190 1121 sui
3217 1083 3343 1121 cum
3377 1067 3527 1122 Car-

1962 1157 2415 1226 thaginiensibus.
2458 1158 2626 1211 veluti
2665 1158 2717 1211 in
2758 1160 2998 1212 terrestri
3037 1174 3236 1227 pugna,
3277 1160 3530 1215 cominus

1957 1249 2302 1303 dimicarent.
2349 1249 2835 1319 Carthaginienses
2869 1266 2992 1303 cum
3048 1252 3323 1305 ltomanas
3364 1266 3530 1305 naves

1959 1340 2150 1394 crebra
2174 1340 2530 1410 remigatione
2553 1341 2945 1402 circumdatas,
2968 1342 3152 1395 subito
3177 1343 3526 1409 invarissent,

1958 1432 2276 1507 aliquapdiu
2306 1450 2462 1502 :equo
2493 1444 2665 1488 marte
2695 1444 2965 1488 certatum
2994 1442 3078 1486 est
3113 1449 3127 1487 :
3165 1433 3365 1488 deinde
3397 1451 3532 1489 vero

1960 1523 2191 1577 Romani
2270 1527 2585 1595 superiores
2659 1526 2808 1586 farti,
2866 1526 3073 1579 multos
3130 1525 3529 1588 demerserunt.

1960 1615 2162 1669 multos
2190 1627 2476 1684 ceperunt.
2517 1617 2747 1673 Annibal
2771 1617 3075 1685 septiremi,
3108 1618 3162 1670 in
3188 1633 3292 1687 qua
3322 1633 3530 1686 pugna—

1961 1706 2074 1770 bat,
2100 1723 2223 1761 cum
2268 1709 2477 1763 triremi
2507 1710 2819 1774 commissa,
2864 1710 3077 1764 veritus
3112 1725 3179 1764 ne
3213 1717 3528 1776 caperetur,

1958 1801 2012 1854 in
2029 1800 2192 1855 aliam
2212 1802 2391 1856 navim
2420 1803 2561 1857 saltu
2592 1802 2966 1867 facto,e\'asit.
2990 1802 3105 1857 Hoc
3127 1804 3338 1857 navalis
3358 1802 3532 1872 prmlii

1953 1898 2101 1953 exitu
2125 1898 2353 1952 Romani
2374 1898 2559 1952 multis
2575 1898 2765 1967 spoliis
2782 1898 2928 1952 aucti
2952 1909 3102 1953 sunt.
3120 1897 3534 1968 Carthaginien-

1956 2005 2043 2044 ses
2068 2005 2197 2043 νει-ο
2216 1990 2538 2045 Annibalem
2558 1989 2629 2043 ob
2646 1999 2923 2060 acceptam
2951 1991 3159 2044 cladem
3179 1991 3530 2054 occidissent,

1955 2081 2059 2133 nisi
2074 2094 2168 2133 eos
2183 2079 2391 2142 statim,
2411 2079 2576 2132 veluti
2599 2080 2759 2134 rebus
2781 2081 2961 2135 adhuc
2980 2081 3226 2150 integris.
3248 2090 3534 2149 perconta-

1956 2179 2045 2225 tus
2066 2181 2212 2226 esset
2246 2187 2261 2224 :
2289 2170 2482 2225 Utrum
2516 2172 2694 2225 navali
2735 2173 2920 2241 praelia
2950 2172 3528 2241 decertarejuberent,

1957 2276 2155 2316 necne.
2179 2260 2314 2317 Cum
2348 2261 2556 2316 assensi
2579 2270 2785 2325 essent,
2820 2271 2880 2315 ut
2904 2263 2996 2331 qui
3028 2262 3297 2316 classibus
3325 2260 3529 2332 gloria-

1957 2364 2168 2418 rentur,
2195 2355 2449 2426 'subjecit,
2466 2353 2688 2409 Nullum
2713 2370 2868 2408 suum
2884 2364 3151 2420 peccatum
3173 2370 3304 2419 esse,
3330 2355 3419 2422 qui
3436 2368 3529 2406 ea-

1958 2448 2075 2501 dem
2104 2464 2215 2516 spe,
2250 2464 2355 2516 qua
2399 2448 2520 2518 ipsi,
2559 2464 2792 2518 pugnam
2823 2447 3038 2501 iniisset.
3071 2444 3364 2501 Consilium
3389 2445 3532 2499 enim

1959 2541 2013 2594 in
2053 2557 2150 2594 sua
2178 2549 2456 2609 potestate,
2485 2548 2723 2592 eventum
2753 2555 2908 2606 penes
2931 2538 3203 2607 fortunam
3226 2537 3403 2607 fuisse.
3441 2535 3530 2590 Sic

1961 2633 2039 2688 illi
2077 2634 2186 2688 vita
2218 2646 2479 2686 concessa
2527 2640 2630 2696 cst,
2666 2630 2956 2706 imperium
2990 2629 3336 2698 abrogatum.
3378 2626 3532 2680 Duil-

1959 2725 2070 2779 lius
2112 2723 2355 2792 peditatu
2399 2723 2501 2777 sibi
2547 2721 2831 2791 adjuneto,
2879 2719 3208 2790 Segestanos
3255 2716 3529 2779 liberavit,

1960 2814 2232 2871 Amilcare
2262 2830 2364 2868 nec
2401 2812 2468 2868 ad
2504 2829 2697 2867 manus
2724 2812 2909 2867 venire
2938 2806 3074 2868 auso
3113 2831 3127 2866 :
3162 2820 3218 2867 ct
3253 2811 3417 2867 sociis
3446 2811 3529 2867 ci-

1960 2907 2225 2962 vitatibus
2281 2906 2531 2972 (irritatis,
2589 2905 2772 2974 elapsa
2827 2917 3014 2960 aestate
3069 2906 3293 2959 Romam
3342 2902 3529 2958 rediit.

1962 3000 2094 3054 Post
2128 3000 2247 3070 ejus
2301 2997 2509 3052 abitum
2559 2996 2800 3051 Amilcar
2840 2997 3152 3064 Drepanum
3204 2993 3309 3063 (est
3345 3003 3528 3047 autem

278 3092 516 3157 κύριος.
552 3089 657 3141 Καὶ
693 3092 720 3140 ό
759 3087 860 3154 μὲν
884 3088 1084 3156 ἐσώθη,
1150 3088 1247 3156 τὴν
1305 3089 1362 3142 δὲ
1405 3087 1703 3157 ἠγεμονίαν
1752 3087 1856 3155 ἀφ-

1966 3099 2156 3162 portus
2219 3091 2581 3160 Opportunus)
2645 3090 2863 3154 muniit,
2921 3104 3101 3158 coque
3158 3102 3249 3141 res
3307 3084 3527 3139 maximi

278 3179 484 3249 ῃρέθη.
537 3178 776 3239 Δουῒλιος
826 3177 884 3230 δὲ
942 3177 1003 3229 τὸ
1058 3177 1222 3241 πεζὸν
1259 3177 1604 3247 προσλαϐὼν,
1645 3176 1772 3240 τούς
1795 3195 1856 3230 τε

294 3272 651 3339 Ἐγεσταίους
688 3269 986 3343 ἐρρύσατο,
1018 3268 1143 3338 μηδ’
1188 3271 1269 3331 είς
1306 3271 1497 3340 χεῖρας
1559 3268 1709 3339 αὑτῷ
1760 3268 1856 3322 τοῦ

295 3362 537 3432 ’Δμίλκα
564 3361 741 3417 ἐλθεῖν
769 3360 1186 3430 ὑπομείναντος,
1211 3362 1306 3414 καὶ
1338 3362 1406 3414 τὰ
1440 3360 1592 3432 φίλια
1621 3362 1689 3414 τὰ
1718 3361 1857 3415 ἄλλα

285 3455 681 3519 ἐϐεϐαιώσατο,
704 3455 797 3508 καὶ
827 3455 908 3519 είς
940 3455 1039 3525 τὴν
1081 3450 1301 3524 Ῥώμην
1322 3454 1417 3507 τοῦ
1440 3454 1634 3525 θέρους
1656 3454 1859 3525 παρελ-

286 3551 474 3613 θόντος
500 3547 864 3619 ἀνεκομίσθη.
916 3548 1257 3616 Ἀπάραντος
1287 3547 1334 3602 δ’
1367 3546 1558 3614 αὐτοῦ,
1595 3549 1624 3601 ὁ
1666 3546 1855 3617 Ἀμίλο

285 3660 389 3706 zz;
421 3642 484 3695 τό
522 3658 583 3694 τε
612 3641 895 3711 Δρέπανον
928 3639 1274 3711 κεκλημένον
1300 3639 1445 3710 (ἐστι
1476 3639 1532 3691 δὲ
1558 3639 1724 3710 λιμὴν
1744 3640 1858 3694 ἐπί-

287 3734 507 3805 καιρος)
541 3732 902 3803 ἐκρατύνατο,
934 3734 1028 3785 καὶ
1061 3735 1119 3796 ἐς
1142 3733 1276 3785 αὐτὸ
1305 3732 1372 3785 τὰ
1400 3732 1654 3788 πλείστου
1721 3750 1857 3787 κατ-

285 3824 449 3879 έθετο
477 3823 625 3889 ἄξια,
657 3822 757 3877 καὶ
792 3823 918 3886 τοὺς
991 3824 1322 3893 Ἐρυκηνοὺς
1375 3823 1621 3888 ἅπαντας
1656 3841 1856 3893 μεταν-

281 3917 512 3985 έστησε,
549 3915 645 3968 καὶ
679 3914 778 3986 τὴν
810 3914 962 3968 πόλιν
991 3914 1170 3968 αὐτῶν
1195 3915 1559 3984 κατέσκαψεν,
1578 3916 1665 3969 ἵνα
1705 3916 1778 3985 μὴ
1807 3916 1858 3967 οί

292 4010 566 4078 Ῥωμαῖοι
599 4008 880 4079 καρτερὰν
906 4008 1078 4078 αὐτὴν
1109 4002 1277 4062 οὖσαν
1300 4008 1721 4072 καταλαϐόντες,
1765 4010 1860 4078 ὁρ-

255 4144 261 4149 ,
287 4102 560 4170 μητήριον
587 4098 683 4153 τοῦ
707 4100 948 4169 πολέμου
973 4100 1331 4170 ποιήσωνταιο
1363 4100 1459 4153 καὶ
1509 4099 1692 4161 πόλεις
1746 4094 1858 4153 εἷλε

280 4194 385 4254 τὰς
421 4192 524 4262 μὲν
555 4191 669 4263 βίᾳ,
696 4193 795 4256 τὰς
843 4193 902 4245 δὲ
967 4191 1250 4262 προδοσίᾳ.
1305 4193 1413 4243 Καὶ
1472 4194 1520 4245 εί
1569 4191 1643 4261 μὴ
1699 4192 1859 4257 Γάϊος

244 4332 249 4335 Α
282 4285 507 4353 Φλῶρος
540 4283 707 4338 αὐτὸν
741 4284 992 4353 ἐπέσχεν,
1019 4284 1136 4335 ἐκεῖ
1163 4284 1453 4352 χειμάσας,
1486 4282 1583 4353 τὴν
1610 4281 1858 4336 Σικελίαν

282 4380 353 4434 ἂν
387 4379 798 4451 κατεστρέψατο
853 4377 1098 4432 ἅπασαν.
1140 4379 1368 4442 Λούκιος
1423 4379 1480 4431 δὲ
1535 4380 1775 4434 Σκιπίων
1830 4383 1858 4435 ὁ

1967 3186 2125 3256 pretii
2170 3184 2402 3240 contulit
2436 3201 2450 3238 :
2490 3191 2544 3238 et
2580 3182 2830 3251 Erycinis
2860 3180 3116 3235 erunibus
3154 3177 3408 3246 cxpulvis,
3447 3183 3531 3228 ιιι-ι

1966 3293 2072 3349 quc
2104 3275 2238 3332 urbe
2274 3290 2485 3341 eversa,
2528 3289 2599 3329 ne
2638 3276 2795 3328 locus
2834 3271 3238 3327 nnmitissimus
3268 3267 3557 3323 Reitiaais.

1964 3370 2031 3424 ad
2080 3370 2279 3425 bellum
2329 3367 2632 3437 gerendum
2692 3367 2813 3420 usui
2878 3374 3044 3425 esset.
3083 3364 3250 3417 urbes
3293 3360 3428 3415 alias
3456 3359 3530 3417 vi.

1963 3462 2100 3518 alias
2140 3444 2449 3531 proditione
2491 3459 2635 3530 cepit
2677 3476 2690 3513 :
2726 3474 2788 3513 ac
2822 3457 2924 3512 nisi
2957 3476 2987 3512 a
3021 3456 3082 3513 C.
3118 3457 3298 3513 Floro.
3331 3452 3423 3523 qui
3458 3451 3531 3505 ibi

1964 3553 2310 3618 hibernabat,
2357 3553 2627 3607 coercitus
2657 3550 2867 3612 fuisset,
2897 3557 3064 3603 totam
3095 3546 3335 3602 Siciliam
3367 3543 3530 3598 sube-

1965 3645 2154 3715 gissnt.
2197 3643 2259 3697 L.
2295 3641 2479 3710 Scipio
2519 3642 2637 3710 ejus
2672 3641 2877 3710 collega
2918 3638 3216 3693 exercitum
3263 3636 3315 3689 in
3348 3634 3535 3688 Sardi-

1965 3737 2112 3792 niam
2147 3744 2205 3790 et
2224 3733 2502 3789 Corsicam
2533 3730 2890 3802 333duxit.
2918 3729 3125 3783 insulas
3157 3728 3210 3780 in
3245 3725 3538 3797 Tyrrheno

1966 3828 2101 3883 mari
2144 3827 2300 3890 sitas,
2344 3834 2452 3878 tam
2493 3824 2694 3893 exiguo
2722 3821 3014 3876 intervallo
3048 3826 3349 3888 separatas,
3376 3823 3435 3868 ut
3465 3831 3534 3868 ex

1965 3921 2261 3991 loxiginquo
2304 3934 2404 3989 pro
2444 3933 2549 3972 una
2580 3913 3002 3970 habeantur.Ac
3037 3912 3271 3982 primum
3299 3908 3534 3964 Corsicae

1966 4017 2211 4088 principe
2247 4016 2382 4071 urbe
2413 4013 2619 4069 Valeria
2652 4012 2702 4067 vi
2734 4021 2915 4082 capta,
2954 4008 3178 4079 reliquis
3206 4008 3341 4061 citra
3377 4004 3535 4059 labe.

1967 4123 2082 4161 rem
2131 4114 2215 4160 est
2260 4103 2487 4174 potitus.
2528 4101 2584 4155 In
2630 4100 2937 4156 Sardiniam
2981 4097 3356 4168 navigaturus,
3407 4109 3531 4146 cum

1967 4201 2192 4254 classem
2235 4194 2744 4265 Carthaginiensem
2777 4191 3173 4260 conspexisset,
3208 4188 3262 4242 in
3287 4203 3406 4241 cum
3432 4187 3533 4237 im-

1969 4303 2147 4361 petum
2190 4290 2337 4345 fecit.
2377 4287 2482 4342 Sed
2531 4301 2655 4341 cum
2712 4285 2825 4349 illa,
2869 4284 3184 4352 priusquam
3237 4279 3304 4333 ad
3340 4293 3534 4332 manus

1969 4386 2265 4438 veniretur.
2331 4380 2575 4449 fugisset,
2631 4376 2842 4432 Olbiam
2892 4374 3083 4428 urbem
3144 4372 3364 4425 invasit.
3428 4368 3532 4424 Ubi

287 4472 580 4541 συνάρχων
612 4470 802 4534 αὑτοῦ,
828 4471 925 4523 ἐπὶ
949 4470 1136 4540 Σαρδὼ
1175 4471 1269 4522 καὶ
1300 4472 1391 4524 ἐπὶ
1417 4471 1630 4541 Κύρνον
1660 4474 1853 4543 ἐστρά-

1964 4473 2179 4526 navium
2232 4468 2766 4539 Carthaginiensium
2803 4475 3099 4534 conspectu
3140 4464 3366 4518 territus
3405 4466 3535 4527 (nec

248 4620 251 4625 ,
282 4580 449 4616 τευσε
481 4565 715 4631 (κεῖνται
737 4561 794 4616 δὲ
823 4563 882 4614 ἐν
905 4561 986 4632 τῷ
1019 4561 1348 4633 Τυρσηνικῷ
1380 4562 1631 4631 πελάγει,
1682 4565 1862 4631 ὀλίγον

288 4656 539 4727 ἀλλήλων
561 4655 893 4726 ἀπέχουσαι,
922 4653 997 4718 ὡς
1023 4653 1151 4724 μίαν
1188 4654 1356 4719 αὐτὰς
1402 4655 1686 4727 πόρρωθεν
1724 4653 1862 4709 εἶναι

286 4748 491 4817 δοκεῖν)
523 4748 618 4801 καὶ
642 4747 887 4818 προτέρᾳ
917 4749 984 4817 τῇ
1021 4746 1218 4817 Κύρνῳ
1246 4748 1594 4819 προσϐαλὼν,
1637 4750 1735 4817 τὴν
1761 4748 1862 4818 μὲν

291 4840 596 4909 Οὑαλερίαν
634 4841 733 4910 τὴν
784 4840 1086 4909 κρατίστην
1122 4839 1295 4908 αὐτῆς
1350 4839 1507 4894 πόλιν
1548 4840 1640 4911 βίᾳ
1695 4836 1860 4903 εἷλεν,

291 4931 513 4994 ἀπόνως
542 4930 602 4983 δὲ
632 4930 701 4982 τὰ
734 4929 899 4983 λοιπὰ
932 4929 1284 4999 ἐχειρώσατο.
1329 4930 1415 4992 Ἐς
1456 4930 1520 4983 δὲ
1545 4932 1644 4999 τὴν
1675 4930 1863 5001 Σαρδὼ

294 5024 497 5090 πλέων,
542 5023 754 5077 κατεῖδε
789 5040 843 5076 τι
880 5022 1139 5075 ναυτικὸν
1188 5022 1582 5092 Καρχηδόνιον,
1633 5024 1730 5075 καὶ
1777 5023 1863 5074 ἐπ’

293 5120 425 5172 αὐτο
455 5120 746 5188 ἐτράπετο,
789 5119 948 5172 καὶοὶ
979 5116 1078 5186 μὲν
1121 5116 1322 5184 ἔφυγον
1365 5116 1530 5184 πρινὴ
1572 5113 1867 5186 συμμίξαι.

293 5212 466 5275 Αὐτὸς
495 5212 541 5264 δ’
573 5213 668 5264 ἐπὶ
700 5210 854 5265 πόλιν
890 5210 1109 5263 Ὀλϐίαν
1137 5204 1323 5279 ἦλθεν.
1351 5208 1520 5260 Ἔνθα
1557 5207 1667 5258 τῶν
1713 5207 1865 5274 Καρ-

295 5305 557 5375 χηδονίων
622 5305 762 5357 μετὰ
808 5303 916 5355 τῶν
959 5302 1102 5354 νεῶν
1165 5299 1541 5369 ἐπιφανέντων
1608 5296 1866 5366 φοϐηθεὶς

299 5397 440 5466 (οὐδὲ
469 5398 575 5466 γάρ
644 5392 730 5464 ἷχε
763 5394 822 5448 τὸ
852 5395 1016 5459 πεζὸν
1044 5391 1362 5463 ἀξιόμαχον)
1394 5389 1481 5444 ἐπ’
1518 5391 1669 5443 οἴκου
1717 5388 1865 5457 ἀπῆ-

302 5506 413 5558 ρεν.
458 5489 548 5540 Ἐν
579 5487 635 5539 δὲ
663 5487 741 5555 τῷ
765 5487 886 5539 τότε
931 5486 1108 5556 χρόνῳ
1151 5484 1301 5538 ἄλλοι
1356 5500 1415 5534 τε
1448 5481 1556 5534 τῶν
1606 5480 1863 5545 ἁλόντων,

299 5581 392 5632 καὶ
435 5581 495 5632 ὲν
547 5579 628 5648 τῷ
693 5580 845 5632 ἄστει
898 5578 1285 5638 δουλευόντων,
1351 5575 1446 5626 καὶ
1499 5573 1549 5625 oi
1603 5571 1866 5639 Σαμνῖται

300 5670 510 5739 (συχνοὶ
556 5669 666 5741 γὰρ
697 5669 834 5739 πρὸς
884 5668 984 5731 τὴν
1032 5666 1128 5720 τοῦ
1184 5662 1446 5719 ναυτικοῦ
1510 5660 1865 5733 παρασκευὴν

306 5761 588 5833 ἀφίκοντο)
645 5760 931 5815 συνέθεντο
958 5762 1028 5830 τῇ
1079 5757 1267 5829 Ῥώμῃ
1305 5754 1710 5811 ἐπιϐουλεῦσαι.
1744 5753 1865 5808 Μα-

1964 4565 2108 4619 cnim
2162 4579 2191 4617 a
2244 4562 2484 4632 piditatu
2532 4560 2666 4615 satis
2707 4560 2773 4613 ad
2830 4572 3067 4628 pugnam
3115 4563 3339 4625 paratus
3372 4559 3531 4618 erat),

1964 4656 2185 4708 domum
2221 4668 2414 4708 versus
2445 4651 2548 4705 iter
2584 4649 2840 4704 intendit.
2879 4649 2958 4703 Eo
3002 4655 3249 4715 tempore
3281 4659 3405 4698 cum
3442 4642 3537 4696 alii

1965 4750 2193 4817 captivi,
2230 4758 2343 4802 tum
2384 4742 2683 4805 Samnites,
2726 4757 2957 4810 quorum
2991 4739 3304 4808 complures
3334 4735 3402 4789 ad
3439 4736 3537 4788 na-

1966 4843 2139 4895 ralem
2174 4836 2590 4893 instructionem
2621 4841 2910 4894 venerant,
2941 4832 3128 4885 Romae
3158 4826 3406 4883 insidiari
3440 4825 3540 4877 dc-

1966 4939 2278 4986 crevcrunt.
2317 4929 2436 4994 Quo
2476 4927 2639 4980 Erius
2669 4925 2902 4979 l’otilins
2934 4922 3262 4976 auxiliorum
3294 4917 3401 4970 dux
3441 4931 3538 4968 co-

1966 5024 2139 5093 gnito,
2172 5038 2229 5076 se
2259 5019 2339 5075 eis
2389 5016 2645 5072 assentiri
2677 5015 2981 5077 simulavit,
3017 5024 3075 5064 ut
3107 5008 3291 5063 omnia
3340 5020 3535 5060 eorum

1966 5115 2194 5170 consiiia
2236 5118 2611 5182 cognosceret.
2657 5107 2793 5174 Quia
2844 5119 2976 5158 vero
3024 5102 3113 5155 illa
3164 5099 3378 5152 deferre
3425 5110 3537 5148 non

1968 5217 2197 5276 poterat,
2250 5221 2278 5257 ιι
2342 5201 2681 5258 Samnitibus
2736 5198 2978 5267 undique
3027 5189 3421 5247 cireunnlatns,
3453 5186 3537 5240 cis

1968 5299 2259 5368 persuasit,
2297 5306 2355 5348 ut
2393 5309 2516 5348 cum
2562 5300 2786 5346 Senatus
2810 5289 3121 5346 haberetur,
3173 5282 3226 5334 in
3264 5280 3381 5334 foro
3412 5293 3538 5331 con-

1967 5386 2160 5455 gressi,
2219 5381 2671 5442 vociferarentur,
2737 5379 2790 5432 in
2863 5370 3208 5430 demetiendo
3262 5369 3537 5422 frumento

1966 5475 2215 5531 fraudem
2246 5473 2350 5529 sibi
2383 5487 2505 5527 esse
2550 5473 2768 5525 factam.
2802 5465 2953 5534 Quod
2985 5479 3108 5518 eum
3145 5462 3222 5518 illi
3253 5460 3531 5522 iecissa-nt,

1968 5566 2282 5633 accersitus,
2339 5574 2398 5619 ut
2429 5562 2694 5617 tumultus
2725 5570 2938 5622 auctor,
2970 5553 3198 5610 insidias
3231 5551 3484 5620 exposuit
3516 5565 3533 5603 :

1967 5673 2030 5712 ac
2064 5666 2177 5710 tum
2200 5638 2434 5724 quidem
2470 5651 2739 5707 seditione
2778 5649 2975 5718 sopita,
3006 5646 3082 5701 illi
3133 5655 3262 5701 sunt
3291 5640 3534 5698 dimissi.

1967 5749 2139 5806 Noctu
2173 5762 2326 5814 vero,
2357 5762 2481 5803 cum
2513 5743 2717 5816 quique
2751 5741 2959 5799 domini
3003 5754 3191 5798 servos
3225 5751 3352 5794 suos
3382 5747 3536 5790 com-
