  <div class='ocr_page' id='page_1' title='image "/cluster/home/n/w/nwhite01/storage/ocr_20150623/134/mdp.39015032023197/341.png"; bbox 0 0 4008 6250; ppageno 0'>
   <div class='ocr_carea' id='block_1_1' title="bbox 488 313 592 372">
    <p class='ocr_par' dir='ltr' id='par_1_1' title="bbox 488 313 592 372">
     <span class='ocr_line' id='line_1_1' title="bbox 488 313 592 372; baseline 0.019 -2"><span class='ocrx_word' id='word_1_1' title='bbox 488 313 592 372; x_wconf 78' lang='lat'><em>667</em></span> 
     </span>
    </p>
   </div>
   <div class='ocr_carea' id='block_1_2' title="bbox 1785 317 2469 378">
    <p class='ocr_par' dir='ltr' id='par_1_2' title="bbox 1785 317 2469 378">
     <span class='ocr_line' id='line_1_2' title="bbox 1785 317 2469 378; baseline -0.004 -1"><span class='ocrx_word' id='word_1_2' title='bbox 1785 317 2110 378; x_wconf 83' lang='lat' dir='ltr'>JOANNIS</span> <span class='ocrx_word' id='word_1_3' title='bbox 2151 317 2469 376; x_wconf 64' lang='lat' dir='ltr'>ZONARJE</span> 
     </span>
    </p>
   </div>
   <div class='ocr_carea' id='block_1_3' title="bbox 3645 320 3754 383">
    <p class='ocr_par' dir='ltr' id='par_1_3' title="bbox 3645 320 3754 383">
     <span class='ocr_line' id='line_1_3' title="bbox 3645 320 3754 383; baseline -0.018 0"><span class='ocrx_word' id='word_1_4' title='bbox 3645 320 3754 383; x_wconf 74' lang='lat'><em>668</em></span> 
     </span>
    </p>
   </div>
   <div class='ocr_carea' id='block_1_4' title="bbox 488 425 2070 504">
    <p class='ocr_par' dir='ltr' id='par_1_4' title="bbox 488 425 2068 502">
     <span class='ocr_line' id='line_1_4' title="bbox 488 425 2068 502; baseline 0.005 -25"><span class='ocrx_word' id='word_1_5' title='bbox 488 425 931 492; x_wconf 81' lang='lat' dir='ltr'>prehendissem,</span> <span class='ocrx_word' id='word_1_6' title='bbox 961 431 1141 485; x_wconf 87' lang='lat' dir='ltr'><strong>omnis</strong></span> <span class='ocrx_word' id='word_1_7' title='bbox 1177 432 1485 502; x_wconf 86' lang='lat' dir='ltr'><strong>conjuratio</strong></span> <span class='ocrx_word' id='word_1_8' title='bbox 1531 431 1791 502; x_wconf 80' lang='lat' dir='ltr'><strong>dissipata</strong></span> <span class='ocrx_word' id='word_1_9' title='bbox 1825 439 1929 487; x_wconf 89' lang='lat' dir='ltr'><strong>cst.</strong></span> <span class='ocrx_word' id='word_1_10' title='bbox 1971 434 2068 485; x_wconf 84' lang='lat' dir='ltr'>Sc-</span> 
     </span>
    </p>
   </div>
   <div class='ocr_carea' id='block_1_5' title="bbox 2176 425 3756 504">
    <p class='ocr_par' dir='ltr' id='par_1_5' title="bbox 2176 428 3756 504">
     <span class='ocr_line' id='line_1_5' title="bbox 2176 428 3756 504; baseline 0.002 -21"><span class='ocrx_word' id='word_1_11' title='bbox 2176 428 2281 483; x_wconf 82' lang='grc' dir='ltr'>θὼν</span> <span class='ocrx_word' id='word_1_12' title='bbox 2313 431 2370 483; x_wconf 83' lang='grc' dir='ltr'>δὲ</span> <span class='ocrx_word' id='word_1_13' title='bbox 2401 431 2562 484; x_wconf 87' lang='grc' dir='ltr'>τοῦτο</span> <span class='ocrx_word' id='word_1_14' title='bbox 2593 430 2780 501; x_wconf 81' lang='grc' dir='ltr'>Ἕριος</span> <span class='ocrx_word' id='word_1_15' title='bbox 2809 430 3075 494; x_wconf 84' lang='grc' dir='ltr'>Ποτίλιος,</span> <span class='ocrx_word' id='word_1_16' title='bbox 3104 433 3131 484; x_wconf 98' lang='lat'>6</span> <span class='ocrx_word' id='word_1_17' title='bbox 3153 432 3253 499; x_wconf 77' lang='grc' dir='ltr'>τῆς</span> <span class='ocrx_word' id='word_1_18' title='bbox 3283 431 3537 502; x_wconf 74' lang='grc' dir='ltr'>βοηθείας</span> <span class='ocrx_word' id='word_1_19' title='bbox 3566 435 3756 504; x_wconf 75' lang='grc' dir='ltr'>ἄρχων</span> 
     </span>
    </p>
   </div>
   <div class='ocr_carea' id='block_1_6' title="bbox 486 521 2064 594">
    <p class='ocr_par' dir='ltr' id='par_1_6' title="bbox 486 521 2064 594">
     <span class='ocr_line' id='line_1_6' title="bbox 486 521 2064 594; baseline 0.003 -22"><span class='ocrx_word' id='word_1_20' title='bbox 486 521 675 586; x_wconf 88' lang='lat' dir='ltr'><strong>quenti</strong></span> <span class='ocrx_word' id='word_1_21' title='bbox 710 530 896 576; x_wconf 64' lang='lat' dir='ltr'><strong>aestate</strong></span> <span class='ocrx_word' id='word_1_22' title='bbox 941 523 1169 576; x_wconf 82' lang='lat' dir='ltr'><strong>Romani</strong></span> <span class='ocrx_word' id='word_1_23' title='bbox 1199 533 1255 578; x_wconf 88' lang='lat' dir='ltr'>et</span> <span class='ocrx_word' id='word_1_24' title='bbox 1296 523 1776 594; x_wconf 82' lang='lat' dir='ltr'><strong>Carthaginienses</strong></span> <span class='ocrx_word' id='word_1_25' title='bbox 1813 523 1976 578; x_wconf 83' lang='lat' dir='ltr'>simul</span> <span class='ocrx_word' id='word_1_26' title='bbox 2007 532 2064 577; x_wconf 91' lang='lat' dir='ltr'>et</span> 
     </span>
    </p>
   </div>
   <div class='ocr_carea' id='block_1_7' title="bbox 488 611 2063 688">
    <p class='ocr_par' dir='ltr' id='par_1_7' title="bbox 488 611 2063 688">
     <span class='ocr_line' id='line_1_7' title="bbox 488 611 2063 688; baseline 0.007 -26"><span class='ocrx_word' id='word_1_27' title='bbox 488 611 542 664; x_wconf 90' lang='lat' dir='ltr'>in</span> <span class='ocrx_word' id='word_1_28' title='bbox 579 611 762 667; x_wconf 83' lang='lat' dir='ltr'>Sicilia</span> <span class='ocrx_word' id='word_1_29' title='bbox 795 623 842 668; x_wconf 88' lang='lat' dir='ltr'>et</span> <span class='ocrx_word' id='word_1_30' title='bbox 878 615 931 668; x_wconf 93' lang='lat' dir='ltr'>in</span> <span class='ocrx_word' id='word_1_31' title='bbox 974 615 1226 671; x_wconf 81' lang='lat' dir='ltr'>Sardinia</span> <span class='ocrx_word' id='word_1_32' title='bbox 1259 618 1464 672; x_wconf 89' lang='lat' dir='ltr'><strong>bellum</strong></span> <span class='ocrx_word' id='word_1_33' title='bbox 1504 628 1812 688; x_wconf 83' lang='lat' dir='ltr'><strong>gesserunt.</strong></span> <span class='ocrx_word' id='word_1_34' title='bbox 1853 618 2063 673; x_wconf 83' lang='lat' dir='ltr'>Deinde</span> 
     </span>
    </p>
   </div>
   <div class='ocr_carea' id='block_1_8' title="bbox 488 706 2064 780">
    <p class='ocr_par' dir='ltr' id='par_1_8' title="bbox 488 706 2064 780">
     <span class='ocr_line' id='line_1_8' title="bbox 488 706 2064 780; baseline 0.006 -24"><span class='ocrx_word' id='word_1_35' title='bbox 488 719 612 756; x_wconf 84' lang='lat' dir='ltr'>cum</span> <span class='ocrx_word' id='word_1_36' title='bbox 655 706 877 760; x_wconf 76' lang='lat' dir='ltr'>Attilius</span> <span class='ocrx_word' id='word_1_37' title='bbox 932 707 1163 764; x_wconf 89' lang='lat' dir='ltr'><strong>Latinus</strong></span> <span class='ocrx_word' id='word_1_38' title='bbox 1207 710 1258 762; x_wconf 93' lang='lat' dir='ltr'><strong>in</strong></span> <span class='ocrx_word' id='word_1_39' title='bbox 1307 709 1547 765; x_wconf 88' lang='lat' dir='ltr'><strong>Siciliam</strong></span> <span class='ocrx_word' id='word_1_40' title='bbox 1585 713 1845 771; x_wconf 86' lang='lat' dir='ltr'><strong>venisset,</strong></span> <span class='ocrx_word' id='word_1_41' title='bbox 1895 721 2064 780; x_wconf 89' lang='lat' dir='ltr'><strong>atque</strong></span> 
     </span>
    </p>
   </div>
   <div class='ocr_carea' id='block_1_9' title="bbox 486 795 2061 860">
    <p class='ocr_par' dir='ltr' id='par_1_9' title="bbox 486 795 2061 860">
     <span class='ocr_line' id='line_1_9' title="bbox 486 795 2061 860; baseline 0.008 -12"><span class='ocrx_word' id='word_1_42' title='bbox 486 795 861 851; x_wconf 84' lang='lat' dir='ltr'><strong>Mutistratnm</strong></span> <span class='ocrx_word' id='word_1_43' title='bbox 897 801 1090 855; x_wconf 91' lang='lat' dir='ltr'><strong>urbem</strong></span> <span class='ocrx_word' id='word_1_44' title='bbox 1123 819 1151 855; x_wconf 92' lang='lat' dir='ltr'>a</span> <span class='ocrx_word' id='word_1_45' title='bbox 1186 802 1348 856; x_wconf 84' lang='lat' dir='ltr'><strong>Floro</strong></span> <span class='ocrx_word' id='word_1_46' title='bbox 1400 805 1677 857; x_wconf 88' lang='lat' dir='ltr'><strong>obsessam</strong></span> <span class='ocrx_word' id='word_1_47' title='bbox 1711 803 2010 859; x_wconf 81' lang='lat' dir='ltr'><strong>invenisset</strong></span> <span class='ocrx_word' id='word_1_48' title='bbox 2045 821 2061 860; x_wconf 88' lang='lat'><strong>:</strong></span> 
     </span>
    </p>
   </div>
   <div class='ocr_carea' id='block_1_10' title="bbox 486 884 2059 963">
    <p class='ocr_par' dir='ltr' id='par_1_10' title="bbox 486 884 2059 963">
     <span class='ocr_line' id='line_1_10' title="bbox 486 884 2059 963; baseline 0.006 -26"><span class='ocrx_word' id='word_1_49' title='bbox 486 884 658 952; x_wconf 87' lang='lat' dir='ltr'>copiis</span> <span class='ocrx_word' id='word_1_50' title='bbox 714 885 862 941; x_wconf 79' lang='lat' dir='ltr'><strong>illitis</strong></span> <span class='ocrx_word' id='word_1_51' title='bbox 911 905 1064 954; x_wconf 75' lang='lat' dir='ltr'><strong>usus,</strong></span> <span class='ocrx_word' id='word_1_52' title='bbox 1111 907 1234 946; x_wconf 92' lang='lat' dir='ltr'>cum</span> <span class='ocrx_word' id='word_1_53' title='bbox 1281 894 1479 947; x_wconf 76' lang='lat' dir='ltr'><strong>mmnia</strong></span> <span class='ocrx_word' id='word_1_54' title='bbox 1507 905 1868 963; x_wconf 86' lang='lat' dir='ltr'><strong>oppugnaret,</strong></span> <span class='ocrx_word' id='word_1_55' title='bbox 1903 896 2059 963; x_wconf 84' lang='lat' dir='ltr'><strong>Oppi-</strong></span> 
     </span>
    </p>
   </div>
   <div class='ocr_carea' id='block_1_11' title="bbox 485 974 2066 1052">
    <p class='ocr_par' dir='ltr' id='par_1_11' title="bbox 485 974 2066 1052">
     <span class='ocr_line' id='line_1_11' title="bbox 485 974 2066 1052; baseline 0.007 -25"><span class='ocrx_word' id='word_1_56' title='bbox 485 974 612 1028; x_wconf 87' lang='lat' dir='ltr'><strong>dani</strong></span> <span class='ocrx_word' id='word_1_57' title='bbox 670 980 944 1048; x_wconf 88' lang='lat' dir='ltr'><strong>principio</strong></span> <span class='ocrx_word' id='word_1_58' title='bbox 993 996 1117 1036; x_wconf 92' lang='lat' dir='ltr'>cum</span> <span class='ocrx_word' id='word_1_59' title='bbox 1170 984 1715 1052; x_wconf 77' lang='lat' dir='ltr'>Carthaginiensibus</span> <span class='ocrx_word' id='word_1_60' title='bbox 1741 985 1791 1039; x_wconf 91' lang='lat' dir='ltr'><strong>ei</strong></span> <span class='ocrx_word' id='word_1_61' title='bbox 1847 986 2066 1039; x_wconf 78' lang='lat' dir='ltr'><strong>fortiter</strong></span> 
     </span>
    </p>
   </div>
   <div class='ocr_carea' id='block_1_12' title="bbox 487 1065 2063 1135">
    <p class='ocr_par' dir='ltr' id='par_1_12' title="bbox 487 1065 2063 1135">
     <span class='ocr_line' id='line_1_12' title="bbox 487 1065 2063 1135; baseline 0.008 -19"><span class='ocrx_word' id='word_1_62' title='bbox 487 1065 826 1122; x_wconf 80' lang='lat' dir='ltr'><strong>restiterunt.</strong></span> <span class='ocrx_word' id='word_1_63' title='bbox 865 1069 968 1124; x_wconf 92' lang='lat' dir='ltr'>Sed</span> <span class='ocrx_word' id='word_1_64' title='bbox 998 1073 1260 1128; x_wconf 79' lang='lat' dir='ltr'><strong>uxoribus</strong></span> <span class='ocrx_word' id='word_1_65' title='bbox 1300 1085 1354 1128; x_wconf 88' lang='lat' dir='ltr'>et</span> <span class='ocrx_word' id='word_1_66' title='bbox 1399 1077 1590 1129; x_wconf 85' lang='lat' dir='ltr'><strong>liberis</strong></span> <span class='ocrx_word' id='word_1_67' title='bbox 1616 1075 2063 1135; x_wconf 82' lang='lat' dir='ltr'><strong>lmnentantibus.</strong></span> 
     </span>
    </p>
   </div>
   <div class='ocr_carea' id='block_1_13' title="bbox 485 1155 2066 1235">
    <p class='ocr_par' dir='ltr' id='par_1_13' title="bbox 485 1155 2066 1235">
     <span class='ocr_line' id='line_1_13' title="bbox 485 1155 2066 1235; baseline 0.006 -27"><span class='ocrx_word' id='word_1_68' title='bbox 485 1155 685 1208; x_wconf 88' lang='lat' dir='ltr'><strong>omissa</strong></span> <span class='ocrx_word' id='word_1_69' title='bbox 727 1157 1068 1227; x_wconf 80' lang='lat' dir='ltr'><strong>defensione,</strong></span> <span class='ocrx_word' id='word_1_70' title='bbox 1095 1164 1649 1235; x_wconf 77' lang='lat' dir='ltr'><strong>Carthaginiensibus</strong></span> <span class='ocrx_word' id='word_1_71' title='bbox 1673 1177 1834 1222; x_wconf 90' lang='lat' dir='ltr'><strong>noctu</strong></span> <span class='ocrx_word' id='word_1_72' title='bbox 1857 1167 2066 1235; x_wconf 85' lang='lat' dir='ltr'><strong>digres-</strong></span> 
     </span>
    </p>
   </div>
   <div class='ocr_carea' id='block_1_14' title="bbox 484 1247 2063 1329">
    <p class='ocr_par' dir='ltr' id='par_1_14' title="bbox 484 1247 2063 1329">
     <span class='ocr_line' id='line_1_14' title="bbox 484 1247 2063 1329; baseline 0.008 -31"><span class='ocrx_word' id='word_1_73' title='bbox 484 1247 579 1307; x_wconf 80' lang='lat' dir='ltr'><strong>sis.</strong></span> <span class='ocrx_word' id='word_1_74' title='bbox 619 1249 794 1316; x_wconf 89' lang='lat' dir='ltr'><strong>primo</strong></span> <span class='ocrx_word' id='word_1_75' title='bbox 823 1253 1068 1309; x_wconf 90' lang='lat' dir='ltr'><strong>diluculo</strong></span> <span class='ocrx_word' id='word_1_76' title='bbox 1104 1267 1288 1325; x_wconf 90' lang='lat' dir='ltr'><strong>portas</strong></span> <span class='ocrx_word' id='word_1_77' title='bbox 1315 1259 1458 1313; x_wconf 91' lang='lat' dir='ltr'><strong>ultro</strong></span> <span class='ocrx_word' id='word_1_78' title='bbox 1476 1269 1832 1329; x_wconf 90' lang='lat' dir='ltr'><strong>aperuerunt.</strong></span> <span class='ocrx_word' id='word_1_79' title='bbox 1862 1259 2063 1313; x_wconf 82' lang='lat' dir='ltr'><strong>Verum</strong></span> 
     </span>
    </p>
   </div>
   <div class='ocr_carea' id='block_1_15' title="bbox 486 1336 2064 1418">
    <p class='ocr_par' dir='ltr' id='par_1_15' title="bbox 486 1336 2064 1418">
     <span class='ocr_line' id='line_1_15' title="bbox 486 1336 2064 1418; baseline 0.009 -30"><span class='ocrx_word' id='word_1_80' title='bbox 486 1336 716 1394; x_wconf 78' lang='lat' dir='ltr'><strong>Romani</strong></span> <span class='ocrx_word' id='word_1_81' title='bbox 753 1343 1005 1412; x_wconf 80' lang='lat' dir='ltr'><strong>ingressi,</strong></span> <span class='ocrx_word' id='word_1_82' title='bbox 1042 1350 1249 1402; x_wconf 92' lang='lat' dir='ltr'><strong>nemini</strong></span> <span class='ocrx_word' id='word_1_83' title='bbox 1281 1361 1646 1418; x_wconf 85' lang='lat' dir='ltr'><strong>pepercerunt</strong></span> <span class='ocrx_word' id='word_1_84' title='bbox 1677 1369 1690 1407; x_wconf 90' lang='lat'>:</span> <span class='ocrx_word' id='word_1_85' title='bbox 1722 1353 1896 1405; x_wconf 89' lang='lat' dir='ltr'><strong>donec</strong></span> <span class='ocrx_word' id='word_1_86' title='bbox 1924 1350 2064 1405; x_wconf 86' lang='lat' dir='ltr'><strong>Atti-</strong></span> 
     </span>
    </p>
   </div>
   <div class='ocr_carea' id='block_1_16' title="bbox 485 1427 2065 1512">
    <p class='ocr_par' dir='ltr' id='par_1_16' title="bbox 485 1427 2065 1512">
     <span class='ocr_line' id='line_1_16' title="bbox 485 1427 2065 1512; baseline 0.013 -34"><span class='ocrx_word' id='word_1_87' title='bbox 485 1427 591 1484; x_wconf 88' lang='lat' dir='ltr'><strong>lius</strong></span> <span class='ocrx_word' id='word_1_88' title='bbox 640 1438 985 1501; x_wconf 88' lang='lat' dir='ltr'><strong>pronnnliari</strong></span> <span class='ocrx_word' id='word_1_89' title='bbox 1038 1441 1220 1510; x_wconf 81' lang='lat' dir='ltr'><strong>jussit,</strong></span> <span class='ocrx_word' id='word_1_90' title='bbox 1257 1443 1497 1510; x_wconf 70' lang='lat' dir='ltr'><strong>praedam</strong></span> <span class='ocrx_word' id='word_1_91' title='bbox 1543 1453 1599 1498; x_wconf 90' lang='lat' dir='ltr'>ct</span> <span class='ocrx_word' id='word_1_92' title='bbox 1650 1445 1905 1498; x_wconf 86' lang='lat' dir='ltr'><strong>homines</strong></span> <span class='ocrx_word' id='word_1_93' title='bbox 1944 1444 2065 1512; x_wconf 84' lang='lat' dir='ltr'><strong>ejus</strong></span> 
     </span>
    </p>
   </div>
   <div class='ocr_carea' id='block_1_17' title="bbox 484 1521 2066 1608">
    <p class='ocr_par' dir='ltr' id='par_1_17' title="bbox 484 1521 2066 1608">
     <span class='ocr_line' id='line_1_17' title="bbox 484 1521 2066 1608; baseline 0.01 -33"><span class='ocrx_word' id='word_1_94' title='bbox 484 1521 600 1578; x_wconf 82' lang='lat' dir='ltr'><strong>fore</strong></span> <span class='ocrx_word' id='word_1_95' title='bbox 629 1529 722 1594; x_wconf 85' lang='lat' dir='ltr'>qui</span> <span class='ocrx_word' id='word_1_96' title='bbox 754 1530 1010 1598; x_wconf 79' lang='lat' dir='ltr'><strong>cepisset.</strong></span> <span class='ocrx_word' id='word_1_97' title='bbox 1049 1534 1186 1588; x_wconf 90' lang='lat' dir='ltr'><strong>Tum</strong></span> <span class='ocrx_word' id='word_1_98' title='bbox 1221 1536 1444 1591; x_wconf 89' lang='lat' dir='ltr'><strong>demum</strong></span> <span class='ocrx_word' id='word_1_99' title='bbox 1491 1538 1717 1608; x_wconf 64' lang='lat' dir='ltr'><strong>reliquis</strong></span> <span class='ocrx_word' id='word_1_100' title='bbox 1742 1537 1937 1607; x_wconf 88' lang='lat' dir='ltr'><strong>captis.</strong></span> <span class='ocrx_word' id='word_1_101' title='bbox 1972 1554 2066 1591; x_wconf 89' lang='lat' dir='ltr'><strong>ur-</strong></span> 
     </span>
    </p>
   </div>
   <div class='ocr_carea' id='block_1_18' title="bbox 484 1612 1320 1690">
    <p class='ocr_par' dir='ltr' id='par_1_18' title="bbox 484 1612 1320 1690">
     <span class='ocr_line' id='line_1_18' title="bbox 484 1612 1320 1690; baseline 0.02 -25"><span class='ocrx_word' id='word_1_102' title='bbox 484 1612 609 1669; x_wconf 81' lang='lat' dir='ltr'>bem</span> <span class='ocrx_word' id='word_1_103' title='bbox 637 1618 904 1690; x_wconf 79' lang='lat' dir='ltr'><strong>direptam</strong></span> <span class='ocrx_word' id='word_1_104' title='bbox 934 1625 1320 1682; x_wconf 87' lang='lat' dir='ltr'><strong>incenderunt.</strong></span> 
     </span>
    </p>
   </div>
   <div class='ocr_carea' id='block_1_19' title="bbox 2174 523 3755 596">
    <p class='ocr_par' dir='ltr' id='par_1_19' title="bbox 2174 523 3755 596">
     <span class='ocr_line' id='line_1_19' title="bbox 2174 523 3755 596; baseline 0.003 -23"><span class='ocrx_word' id='word_1_105' title='bbox 2174 523 2619 593; x_wconf 78' lang='grc' dir='ltr'>προσεποιήσατο</span> <span class='ocrx_word' id='word_1_106' title='bbox 2656 525 2993 594; x_wconf 74' lang='grc' dir='ltr'>συμφρονεῖν</span> <span class='ocrx_word' id='word_1_107' title='bbox 3049 523 3258 588; x_wconf 78' lang='grc' dir='ltr'>αὐτοῖς,</span> <span class='ocrx_word' id='word_1_108' title='bbox 3311 525 3401 576; x_wconf 71' lang='grc' dir='ltr'>ἵνα</span> <span class='ocrx_word' id='word_1_109' title='bbox 3463 525 3755 596; x_wconf 78' lang='grc' dir='ltr'>ἀκριϐώσῃ</span> 
     </span>
    </p>
   </div>
   <div class='ocr_carea' id='block_1_20' title="bbox 2171 611 3756 688">
    <p class='ocr_par' dir='ltr' id='par_1_20' title="bbox 2171 611 3756 688">
     <span class='ocr_line' id='line_1_20' title="bbox 2171 611 3756 688; baseline 0.001 -20"><span class='ocrx_word' id='word_1_110' title='bbox 2171 619 2283 669; x_wconf 80' lang='grc' dir='ltr'>πᾶν</span> <span class='ocrx_word' id='word_1_111' title='bbox 2316 617 2376 670; x_wconf 79' lang='grc' dir='ltr'>τὸ</span> <span class='ocrx_word' id='word_1_112' title='bbox 2407 616 2729 688; x_wconf 74' lang='grc' dir='ltr'>δεδογμένον</span> <span class='ocrx_word' id='word_1_113' title='bbox 2757 617 2964 680; x_wconf 77' lang='grc' dir='ltr'>αὐτοῖς.</span> <span class='ocrx_word' id='word_1_114' title='bbox 2999 617 3093 670; x_wconf 67' lang='grc' dir='ltr'>καὶ</span> <span class='ocrx_word' id='word_1_115' title='bbox 3134 616 3259 669; x_wconf 79' lang='grc' dir='ltr'>ἐπεὶ</span> <span class='ocrx_word' id='word_1_116' title='bbox 3307 617 3380 688; x_wconf 84' lang='grc' dir='ltr'><strong>μὴ</strong></span> <span class='ocrx_word' id='word_1_117' title='bbox 3440 611 3553 680; x_wconf 74' lang='grc' dir='ltr'>οἷός</span> <span class='ocrx_word' id='word_1_118' title='bbox 3596 631 3655 670; x_wconf 87' lang='grc' dir='ltr'>τε</span> <span class='ocrx_word' id='word_1_119' title='bbox 3688 615 3756 688; x_wconf 78' lang='grc' dir='ltr'>ἦν</span> 
     </span>
    </p>
   </div>
   <div class='ocr_carea' id='block_1_21' title="bbox 2173 705 3760 780">
    <p class='ocr_par' dir='ltr' id='par_1_21' title="bbox 2173 705 3760 780">
     <span class='ocr_line' id='line_1_21' title="bbox 2173 705 3760 780; baseline 0.002 -20"><span class='ocrx_word' id='word_1_120' title='bbox 2173 707 2563 778; x_wconf 82' lang='grc' dir='ltr'>καταμηνῦσαι</span> <span class='ocrx_word' id='word_1_121' title='bbox 2609 709 2669 761; x_wconf 74' lang='grc' dir='ltr'>τὸ</span> <span class='ocrx_word' id='word_1_122' title='bbox 2705 705 2980 778; x_wconf 70' lang='grc' dir='ltr'>βούλευμα</span> <span class='ocrx_word' id='word_1_123' title='bbox 3021 709 3245 775; x_wconf 73' lang='grc' dir='ltr'>(πάντες</span> <span class='ocrx_word' id='word_1_124' title='bbox 3275 711 3384 777; x_wconf 88' lang='grc' dir='ltr'>γὰρ</span> <span class='ocrx_word' id='word_1_125' title='bbox 3419 709 3552 780; x_wconf 63' lang='grc' dir='ltr'>περὶ¹</span> <span class='ocrx_word' id='word_1_126' title='bbox 3588 710 3760 763; x_wconf 74' lang='grc' dir='ltr'>αὑτὸν</span> 
     </span>
    </p>
   </div>
   <div class='ocr_carea' id='block_1_22' title="bbox 2170 795 3754 872">
    <p class='ocr_par' dir='ltr' id='par_1_22' title="bbox 2170 795 3754 872">
     <span class='ocr_line' id='line_1_22' title="bbox 2170 795 3754 872; baseline 0 -20"><span class='ocrx_word' id='word_1_127' title='bbox 2170 795 2312 870; x_wconf 83' lang='grc' dir='ltr'>ἦσαν</span> <span class='ocrx_word' id='word_1_128' title='bbox 2345 801 2396 853; x_wconf 77' lang='grc' dir='ltr'>οἱ</span> <span class='ocrx_word' id='word_1_129' title='bbox 2436 799 2722 870; x_wconf 81' lang='grc' dir='ltr'>Σαμνῖται)</span> <span class='ocrx_word' id='word_1_130' title='bbox 2756 799 2973 852; x_wconf 82' lang='grc' dir='ltr'>ἔπεισεν</span> <span class='ocrx_word' id='word_1_131' title='bbox 2999 800 3200 862; x_wconf 78' lang='grc' dir='ltr'>αὐτοὺς</span> <span class='ocrx_word' id='word_1_132' title='bbox 3230 801 3426 872; x_wconf 82' lang='grc' dir='ltr'>βουλῆς</span> <span class='ocrx_word' id='word_1_133' title='bbox 3471 802 3754 870; x_wconf 73' lang='grc' dir='ltr'>ἀγομένης</span> 
     </span>
    </p>
   </div>
   <div class='ocr_carea' id='block_1_23' title="bbox 2171 890 3753 959">
    <p class='ocr_par' dir='ltr' id='par_1_23' title="bbox 2171 890 3753 959">
     <span class='ocr_line' id='line_1_23' title="bbox 2171 890 3753 959; baseline 0 -17"><span class='ocrx_word' id='word_1_134' title='bbox 2171 891 2250 953; x_wconf 85' lang='grc' dir='ltr'>είς</span> <span class='ocrx_word' id='word_1_135' title='bbox 2276 890 2374 959; x_wconf 87' lang='grc' dir='ltr'>τὴν</span> <span class='ocrx_word' id='word_1_136' title='bbox 2403 890 2611 959; x_wconf 77' lang='grc' dir='ltr'>ἀγορὰν</span> <span class='ocrx_word' id='word_1_137' title='bbox 2642 890 3028 959; x_wconf 77' lang='grc' dir='ltr'>ἀθροισθῆναι,</span> <span class='ocrx_word' id='word_1_138' title='bbox 3071 891 3165 943; x_wconf 81' lang='grc' dir='ltr'>καὶ</span> <span class='ocrx_word' id='word_1_139' title='bbox 3191 891 3527 959; x_wconf 77' lang='grc' dir='ltr'>καταϐοῆσαι</span> <span class='ocrx_word' id='word_1_140' title='bbox 3561 892 3753 955; x_wconf 84' lang='grc' dir='ltr'>αὐτοῦ,</span> 
     </span>
    </p>
   </div>
   <div class='ocr_carea' id='block_1_24' title="bbox 2169 979 3751 1053">
    <p class='ocr_par' dir='ltr' id='par_1_24' title="bbox 2169 979 3751 1053">
     <span class='ocr_line' id='line_1_24' title="bbox 2169 979 3751 1053; baseline 0.001 -20"><span class='ocrx_word' id='word_1_141' title='bbox 2169 979 2245 1044; x_wconf 84' lang='grc' dir='ltr'>ὡς</span> <span class='ocrx_word' id='word_1_142' title='bbox 2280 982 2408 1052; x_wconf 83' lang='grc' dir='ltr'>περὶ</span> <span class='ocrx_word' id='word_1_143' title='bbox 2437 981 2530 1034; x_wconf 81' lang='grc' dir='ltr'>τὸν</span> <span class='ocrx_word' id='word_1_144' title='bbox 2556 982 2705 1034; x_wconf 85' lang='grc' dir='ltr'>σῖτον</span> <span class='ocrx_word' id='word_1_145' title='bbox 2730 982 3146 1051; x_wconf 78' lang='grc' dir='ltr'>ἀδικουμένους,</span> <span class='ocrx_word' id='word_1_146' title='bbox 3197 982 3365 1053; x_wconf 80' lang='grc' dir='ltr'>ὅνπερ</span> <span class='ocrx_word' id='word_1_147' title='bbox 3415 982 3751 1052; x_wconf 77' lang='grc' dir='ltr'>ἐλάμϐανον.</span> 
     </span>
    </p>
   </div>
   <div class='ocr_carea' id='block_1_25' title="bbox 2173 1074 3751 1149">
    <p class='ocr_par' dir='ltr' id='par_1_25' title="bbox 2173 1074 3751 1149">
     <span class='ocr_line' id='line_1_25' title="bbox 2173 1074 3751 1149; baseline 0.004 -19"><span class='ocrx_word' id='word_1_148' title='bbox 2173 1078 2295 1131; x_wconf 85' lang='grc' dir='ltr'>Τῶν</span> <span class='ocrx_word' id='word_1_149' title='bbox 2340 1079 2397 1133; x_wconf 86' lang='grc' dir='ltr'>δέ</span> <span class='ocrx_word' id='word_1_150' title='bbox 2426 1080 2584 1132; x_wconf 82' lang='grc' dir='ltr'>τοῦτο</span> <span class='ocrx_word' id='word_1_151' title='bbox 2623 1080 2994 1148; x_wconf 77' lang='grc' dir='ltr'>ποιησάντων,</span> <span class='ocrx_word' id='word_1_152' title='bbox 3048 1075 3487 1149; x_wconf 72' lang='grc' dir='ltr'>μεταπεμερθεὶς,</span> <span class='ocrx_word' id='word_1_153' title='bbox 3543 1074 3622 1136; x_wconf 80' lang='grc' dir='ltr'>ὡς</span> <span class='ocrx_word' id='word_1_154' title='bbox 3668 1075 3751 1125; x_wconf 72' lang='grc' dir='ltr'>αῖ·</span> 
     </span>
    </p>
   </div>
   <div class='ocr_carea' id='block_1_26' title="bbox 2169 1166 3752 1239">
    <p class='ocr_par' dir='ltr' id='par_1_26' title="bbox 2169 1166 3752 1239">
     <span class='ocr_line' id='line_1_26' title="bbox 2169 1166 3752 1239; baseline -0.003 -20"><span class='ocrx_word' id='word_1_155' title='bbox 2169 1184 2283 1231; x_wconf 89' lang='grc' dir='ltr'>τιος</span> <span class='ocrx_word' id='word_1_156' title='bbox 2314 1167 2408 1221; x_wconf 88' lang='grc' dir='ltr'>τοῦ</span> <span class='ocrx_word' id='word_1_157' title='bbox 2445 1169 2703 1238; x_wconf 88' lang='grc' dir='ltr'>θορύϐου,</span> <span class='ocrx_word' id='word_1_158' title='bbox 2734 1170 2995 1239; x_wconf 56' lang='grc' dir='ltr'>ἐξέαηνεν</span> <span class='ocrx_word' id='word_1_159' title='bbox 3041 1170 3226 1232; x_wconf 83' lang='grc' dir='ltr'>αὐτοῖς</span> <span class='ocrx_word' id='word_1_160' title='bbox 3268 1167 3368 1238; x_wconf 81' lang='grc' dir='ltr'>τὴν</span> <span class='ocrx_word' id='word_1_161' title='bbox 3424 1166 3752 1234; x_wconf 76' lang='grc' dir='ltr'>ἐπιϐουλήν.</span> 
     </span>
    </p>
   </div>
   <div class='ocr_carea' id='block_1_27' title="bbox 2171 1258 3750 1333">
    <p class='ocr_par' dir='ltr' id='par_1_27' title="bbox 2171 1258 3750 1333">
     <span class='ocr_line' id='line_1_27' title="bbox 2171 1258 3750 1333; baseline -0.003 -20"><span class='ocrx_word' id='word_1_162' title='bbox 2171 1261 2279 1313; x_wconf 68' lang='grc' dir='ltr'>Καὶ</span> <span class='ocrx_word' id='word_1_163' title='bbox 2305 1261 2427 1313; x_wconf 87' lang='grc' dir='ltr'>τότε</span> <span class='ocrx_word' id='word_1_164' title='bbox 2463 1261 2564 1328; x_wconf 72' lang='grc' dir='ltr'>μὲν</span> <span class='ocrx_word' id='word_1_165' title='bbox 2597 1261 2982 1333; x_wconf 83' lang='grc' dir='ltr'>ήσυχάσαντας</span> <span class='ocrx_word' id='word_1_166' title='bbox 3020 1261 3379 1330; x_wconf 77' lang='grc' dir='ltr'>ἀπέπεμψαν.</span> <span class='ocrx_word' id='word_1_167' title='bbox 3419 1258 3639 1322; x_wconf 78' lang='grc' dir='ltr'>Νυκτὸς</span> <span class='ocrx_word' id='word_1_168' title='bbox 3695 1258 3750 1310; x_wconf 76' lang='grc' dir='ltr'>δὲ</span> 
     </span>
    </p>
   </div>
   <div class='ocr_carea' id='block_1_28' title="bbox 2171 1353 3753 1426">
    <p class='ocr_par' dir='ltr' id='par_1_28' title="bbox 2171 1353 3753 1426">
     <span class='ocr_line' id='line_1_28' title="bbox 2171 1353 3753 1426; baseline -0.001 -19"><span class='ocrx_word' id='word_1_169' title='bbox 2171 1355 2467 1407; x_wconf 87' lang='grc' dir='ltr'>συνέλαϐον</span> <span class='ocrx_word' id='word_1_170' title='bbox 2500 1355 2725 1409; x_wconf 74' lang='grc' dir='ltr'>ἕκαστοι</span> <span class='ocrx_word' id='word_1_171' title='bbox 2748 1357 2856 1410; x_wconf 86' lang='grc' dir='ltr'>τῶν</span> <span class='ocrx_word' id='word_1_172' title='bbox 2886 1358 3120 1426; x_wconf 83' lang='grc' dir='ltr'>ἐχόντων</span> <span class='ocrx_word' id='word_1_173' title='bbox 3145 1357 3369 1419; x_wconf 77' lang='grc' dir='ltr'>δούλους</span> <span class='ocrx_word' id='word_1_174' title='bbox 3393 1356 3547 1415; x_wconf 80' lang='grc' dir='ltr'>τινὰς</span> <span class='ocrx_word' id='word_1_175' title='bbox 3576 1353 3636 1420; x_wconf 79' lang='grc' dir='ltr'>ἐξ</span> <span class='ocrx_word' id='word_1_176' title='bbox 3657 1355 3753 1406; x_wconf 81' lang='grc' dir='ltr'>αύ-</span> 
     </span>
    </p>
   </div>
   <div class='ocr_carea' id='block_1_29' title="bbox 2169 1441 3749 1516">
    <p class='ocr_par' dir='ltr' id='par_1_29' title="bbox 2169 1441 3749 1516">
     <span class='ocr_line' id='line_1_29' title="bbox 2169 1441 3749 1516; baseline 0.001 -22"><span class='ocrx_word' id='word_1_177' title='bbox 2169 1441 2300 1506; x_wconf 85' lang='grc' dir='ltr'>τῶν,</span> <span class='ocrx_word' id='word_1_178' title='bbox 2326 1445 2420 1496; x_wconf 76' lang='grc' dir='ltr'>καὶ</span> <span class='ocrx_word' id='word_1_179' title='bbox 2455 1445 2630 1509; x_wconf 79' lang='grc' dir='ltr'>οὕτως</span> <span class='ocrx_word' id='word_1_180' title='bbox 2663 1447 2695 1514; x_wconf 82' lang='grc' dir='ltr'>ἠ</span> <span class='ocrx_word' id='word_1_181' title='bbox 2729 1447 2879 1500; x_wconf 76' lang='grc' dir='ltr'>πᾶσα</span> <span class='ocrx_word' id='word_1_182' title='bbox 2921 1445 3142 1516; x_wconf 81' lang='grc' dir='ltr'>διελύθη</span> <span class='ocrx_word' id='word_1_183' title='bbox 3211 1444 3548 1515; x_wconf 83' lang='grc' dir='ltr'>συνωμοσία.</span> <span class='ocrx_word' id='word_1_184' title='bbox 3588 1442 3681 1511; x_wconf 79' lang='grc' dir='ltr'>Τῷ</span> <span class='ocrx_word' id='word_1_185' title='bbox 3706 1443 3749 1495; x_wconf 88' lang='grc' dir='ltr'>δ’</span> 
     </span>
    </p>
   </div>
   <div class='ocr_carea' id='block_1_30' title="bbox 2169 1535 3751 1610">
    <p class='ocr_par' dir='ltr' id='par_1_30' title="bbox 2169 1535 3751 1610">
     <span class='ocr_line' id='line_1_30' title="bbox 2169 1535 3751 1610; baseline -0.003 -20"><span class='ocrx_word' id='word_1_186' title='bbox 2169 1539 2545 1609; x_wconf 83' lang='grc' dir='ltr'>ἐπιγενομένφ</span> <span class='ocrx_word' id='word_1_187' title='bbox 2572 1538 2724 1610; x_wconf 83' lang='grc' dir='ltr'>θέρει</span> <span class='ocrx_word' id='word_1_188' title='bbox 2759 1538 2817 1592; x_wconf 77' lang='grc' dir='ltr'>ἐν</span> <span class='ocrx_word' id='word_1_189' title='bbox 2841 1556 2900 1592; x_wconf 89' lang='grc' dir='ltr'>τε</span> <span class='ocrx_word' id='word_1_190' title='bbox 2925 1543 2989 1608; x_wconf 87' lang='grc' dir='ltr'>τῇ</span> <span class='ocrx_word' id='word_1_191' title='bbox 3026 1538 3251 1608; x_wconf 80' lang='grc' dir='ltr'>Σικελία</span> <span class='ocrx_word' id='word_1_192' title='bbox 3292 1539 3387 1591; x_wconf 76' lang='grc' dir='ltr'>καὶ</span> <span class='ocrx_word' id='word_1_193' title='bbox 3432 1540 3497 1606; x_wconf 81' lang='grc' dir='ltr'>τῇ</span> <span class='ocrx_word' id='word_1_194' title='bbox 3551 1535 3751 1604; x_wconf 86' lang='grc' dir='ltr'>Σαρδοῖ</span> 
     </span>
    </p>
   </div>
   <div class='ocr_carea' id='block_1_31' title="bbox 2171 1629 3745 1701">
    <p class='ocr_par' dir='ltr' id='par_1_31' title="bbox 2171 1629 3745 1701">
     <span class='ocr_line' id='line_1_31' title="bbox 2171 1629 3745 1701; baseline -0.003 -17"><span class='ocrx_word' id='word_1_195' title='bbox 2171 1629 2290 1699; x_wconf 74' lang='grc' dir='ltr'>ἅμα</span> <span class='ocrx_word' id='word_1_196' title='bbox 2318 1631 2666 1700; x_wconf 76' lang='grc' dir='ltr'>ἐπολέμησαν</span> <span class='ocrx_word' id='word_1_197' title='bbox 2689 1633 2738 1684; x_wconf 81' lang='grc' dir='ltr'>οἱ</span> <span class='ocrx_word' id='word_1_198' title='bbox 2779 1631 3046 1701; x_wconf 86' lang='grc' dir='ltr'>Ῥωμαῖοί</span> <span class='ocrx_word' id='word_1_199' title='bbox 3069 1649 3128 1684; x_wconf 89' lang='grc' dir='ltr'>τε</span> <span class='ocrx_word' id='word_1_200' title='bbox 3163 1633 3257 1683; x_wconf 74' lang='grc' dir='ltr'>καὶ</span> <span class='ocrx_word' id='word_1_201' title='bbox 3283 1632 3332 1683; x_wconf 80' lang='grc' dir='ltr'>οἱ</span> <span class='ocrx_word' id='word_1_202' title='bbox 3355 1629 3745 1700; x_wconf 76' lang='grc' dir='ltr'>Καρχηδόνιοι.</span> 
     </span>
    </p>
   </div>
   <div class='ocr_carea' id='block_1_32' title="bbox 485 1709 3748 1797">
    <p class='ocr_par' dir='ltr' id='par_1_32' title="bbox 485 1709 3748 1797">
     <span class='ocr_line' id='line_1_32' title="bbox 485 1709 3748 1797; baseline 0.003 -35"><span class='ocrx_word' id='word_1_203' title='bbox 485 1709 594 1763; x_wconf 78' lang='grc' dir='ltr'>Καὶ</span> <span class='ocrx_word' id='word_1_204' title='bbox 627 1711 768 1782; x_wconf 83' lang='grc' dir='ltr'>μετά</span> <span class='ocrx_word' id='word_1_205' title='bbox 791 1717 936 1770; x_wconf 83' lang='grc' dir='ltr'>τοῦτ’</span> <span class='ocrx_word' id='word_1_206' title='bbox 980 1719 1247 1784; x_wconf 79' lang='grc' dir='ltr'>’Δττίλιος</span> <span class='ocrx_word' id='word_1_207' title='bbox 1287 1724 1518 1786; x_wconf 89' lang='grc' dir='ltr'>Λατῖνος</span> <span class='ocrx_word' id='word_1_208' title='bbox 1578 1726 1637 1787; x_wconf 89' lang='grc' dir='ltr'>ἐς</span> <span class='ocrx_word' id='word_1_209' title='bbox 1681 1739 1780 1791; x_wconf 83' lang='grc' dir='ltr'>την</span> <span class='ocrx_word' id='word_1_210' title='bbox 1822 1724 2074 1776; x_wconf 83' lang='grc' dir='ltr'>Σικελίαν</span> <span class='ocrx_word' id='word_1_211' title='bbox 2114 1724 2308 1786; x_wconf 84' lang='grc' dir='ltr'>ἐλθὼν,</span> <span class='ocrx_word' id='word_1_212' title='bbox 2385 1728 2480 1780; x_wconf 72' lang='grc' dir='ltr'>καὶ</span> <span class='ocrx_word' id='word_1_213' title='bbox 2524 1726 2940 1797; x_wconf 84' lang='grc' dir='ltr'>Μουτίστρατον</span> <span class='ocrx_word' id='word_1_214' title='bbox 3019 1726 3178 1780; x_wconf 79' lang='grc' dir='ltr'>πόλιν</span> <span class='ocrx_word' id='word_1_215' title='bbox 3235 1726 3339 1778; x_wconf 69' lang='grc' dir='ltr'>ὑπὸ</span> <span class='ocrx_word' id='word_1_216' title='bbox 3401 1724 3496 1778; x_wconf 87' lang='grc' dir='ltr'>τοῦ</span> <span class='ocrx_word' id='word_1_217' title='bbox 3527 1723 3748 1791; x_wconf 57' lang='grc' dir='ltr'>Φλώραν</span> 
     </span>
    </p>
   </div>
   <div class='ocr_carea' id='block_1_33' title="bbox 484 1809 3752 1895">
    <p class='ocr_par' dir='ltr' id='par_1_33' title="bbox 484 1809 3752 1895">
     <span class='ocr_line' id='line_1_33' title="bbox 484 1809 3752 1895; baseline 0.003 -35"><span class='ocrx_word' id='word_1_218' title='bbox 484 1809 959 1886; x_wconf 75' lang='grc' dir='ltr'>πολιορκουμένην</span> <span class='ocrx_word' id='word_1_219' title='bbox 977 1817 1176 1888; x_wconf 86' lang='grc' dir='ltr'>εὑρὼν,</span> <span class='ocrx_word' id='word_1_220' title='bbox 1210 1823 1274 1889; x_wconf 86' lang='grc' dir='ltr'>τῇ</span> <span class='ocrx_word' id='word_1_221' title='bbox 1304 1824 1628 1892; x_wconf 83' lang='grc' dir='ltr'>παρασκευῇ</span> <span class='ocrx_word' id='word_1_222' title='bbox 1655 1823 1866 1876; x_wconf 81' lang='grc' dir='ltr'>ἐκείνου</span> <span class='ocrx_word' id='word_1_223' title='bbox 1927 1823 2219 1892; x_wconf 87' lang='grc' dir='ltr'>ἐχρήσατο.</span> <span class='ocrx_word' id='word_1_224' title='bbox 2254 1823 2366 1876; x_wconf 77' lang='grc' dir='ltr'>Καὶ</span> <span class='ocrx_word' id='word_1_225' title='bbox 2424 1824 2734 1893; x_wconf 80' lang='grc' dir='ltr'>προσϐολὰς</span> <span class='ocrx_word' id='word_1_226' title='bbox 2767 1824 2900 1895; x_wconf 81' lang='grc' dir='ltr'>περὶ</span> <span class='ocrx_word' id='word_1_227' title='bbox 2937 1825 2998 1877; x_wconf 83' lang='grc' dir='ltr'>τὸ</span> <span class='ocrx_word' id='word_1_228' title='bbox 3089 1827 3267 1895; x_wconf 83' lang='grc' dir='ltr'>τεῖχος</span> <span class='ocrx_word' id='word_1_229' title='bbox 3322 1822 3491 1876; x_wconf 77' lang='grc' dir='ltr'>αὑτοῦ</span> <span class='ocrx_word' id='word_1_230' title='bbox 3564 1837 3752 1873; x_wconf 82' lang='grc' dir='ltr'>ποιου-</span> 
     </span>
    </p>
   </div>
   <div class='ocr_carea' id='block_1_34' title="bbox 487 1904 3747 1985">
    <p class='ocr_par' dir='ltr' id='par_1_34' title="bbox 487 1904 3747 1985">
     <span class='ocr_line' id='line_1_34' title="bbox 487 1904 3747 1985; baseline 0.003 -30"><span class='ocrx_word' id='word_1_231' title='bbox 487 1904 674 1983; x_wconf 80' lang='grc' dir='ltr'>μένου,</span> <span class='ocrx_word' id='word_1_232' title='bbox 712 1909 929 1978; x_wconf 84' lang='grc' dir='ltr'>πρῶτον</span> <span class='ocrx_word' id='word_1_233' title='bbox 962 1911 1065 1980; x_wconf 83' lang='grc' dir='ltr'>μὲν</span> <span class='ocrx_word' id='word_1_234' title='bbox 1127 1914 1176 1966; x_wconf 85' lang='grc' dir='ltr'>οί</span> <span class='ocrx_word' id='word_1_235' title='bbox 1227 1913 1515 1984; x_wconf 83' lang='grc' dir='ltr'>ἐπιχώριοι</span> <span class='ocrx_word' id='word_1_236' title='bbox 1577 1915 1716 1984; x_wconf 81' lang='grc' dir='ltr'>μετὰ</span> <span class='ocrx_word' id='word_1_237' title='bbox 1743 1913 1850 1968; x_wconf 86' lang='grc' dir='ltr'>τῶν</span> <span class='ocrx_word' id='word_1_238' title='bbox 1899 1913 2285 1984; x_wconf 72' lang='grc' dir='ltr'>Καρχηδονίων</span> <span class='ocrx_word' id='word_1_239' title='bbox 2349 1913 2625 1985; x_wconf 78' lang='grc' dir='ltr'>ἠμύνοντο</span> <span class='ocrx_word' id='word_1_240' title='bbox 2692 1914 2989 1985; x_wconf 84' lang='grc' dir='ltr'>κραταιῶς.</span> <span class='ocrx_word' id='word_1_241' title='bbox 3023 1913 3144 1968; x_wconf 84' lang='grc' dir='ltr'>Τῶν</span> <span class='ocrx_word' id='word_1_242' title='bbox 3198 1915 3254 1968; x_wconf 74' lang='grc' dir='ltr'>δὲ</span> <span class='ocrx_word' id='word_1_243' title='bbox 3305 1911 3588 1977; x_wconf 75' lang='grc' dir='ltr'>γυναικῶν</span> <span class='ocrx_word' id='word_1_244' title='bbox 3651 1914 3747 1964; x_wconf 79' lang='grc' dir='ltr'>καὶ</span> 
     </span>
    </p>
   </div>
   <div class='ocr_carea' id='block_1_35' title="bbox 482 1995 3750 2077">
    <p class='ocr_par' dir='ltr' id='par_1_35' title="bbox 482 1995 3750 2077">
     <span class='ocr_line' id='line_1_35' title="bbox 482 1995 3750 2077; baseline 0.003 -30"><span class='ocrx_word' id='word_1_245' title='bbox 482 1995 594 2048; x_wconf 85' lang='grc' dir='ltr'>τῶν</span> <span class='ocrx_word' id='word_1_246' title='bbox 624 1998 832 2052; x_wconf 84' lang='grc' dir='ltr'>παίδων</span> <span class='ocrx_word' id='word_1_247' title='bbox 864 2002 921 2064; x_wconf 82' lang='grc' dir='ltr'>ἐς</span> <span class='ocrx_word' id='word_1_248' title='bbox 956 2001 1169 2073; x_wconf 81' lang='grc' dir='ltr'>δάκρυα</span> <span class='ocrx_word' id='word_1_249' title='bbox 1211 2005 1306 2057; x_wconf 80' lang='grc' dir='ltr'>καὶ</span> <span class='ocrx_word' id='word_1_250' title='bbox 1370 2005 1428 2067; x_wconf 84' lang='grc' dir='ltr'>ἐς</span> <span class='ocrx_word' id='word_1_251' title='bbox 1488 2005 1741 2074; x_wconf 77' lang='grc' dir='ltr'>οἰμωγὰς</span> <span class='ocrx_word' id='word_1_252' title='bbox 1814 2005 2226 2077; x_wconf 83' lang='grc' dir='ltr'>προαχθέντων,</span> <span class='ocrx_word' id='word_1_253' title='bbox 2299 2006 2400 2060; x_wconf 87' lang='grc' dir='ltr'>οὐκ</span> <span class='ocrx_word' id='word_1_254' title='bbox 2470 2006 2753 2076; x_wconf 80' lang='grc' dir='ltr'>ἀντέσχον.</span> <span class='ocrx_word' id='word_1_255' title='bbox 2808 2005 3249 2072; x_wconf 82' lang='grc' dir='ltr'>’Υπεεελθόντων</span> <span class='ocrx_word' id='word_1_256' title='bbox 3289 2006 3347 2059; x_wconf 75' lang='grc' dir='ltr'>δὲ</span> <span class='ocrx_word' id='word_1_257' title='bbox 3397 2003 3596 2067; x_wconf 78' lang='grc' dir='ltr'>νυκτὸς</span> <span class='ocrx_word' id='word_1_258' title='bbox 3643 2005 3750 2057; x_wconf 81' lang='grc' dir='ltr'>τῶν</span> 
     </span>
    </p>
   </div>
   <div class='ocr_carea' id='block_1_36' title="bbox 484 2086 3745 2168">
    <p class='ocr_par' dir='ltr' id='par_1_36' title="bbox 484 2086 3745 2168">
     <span class='ocr_line' id='line_1_36' title="bbox 484 2086 3745 2168; baseline 0.003 -31"><span class='ocrx_word' id='word_1_259' title='bbox 484 2086 896 2159; x_wconf 77' lang='grc' dir='ltr'>Καρχηδονίων,</span> <span class='ocrx_word' id='word_1_260' title='bbox 949 2093 1065 2162; x_wconf 71' lang='grc' dir='ltr'>ἅμα</span> <span class='ocrx_word' id='word_1_261' title='bbox 1089 2098 1154 2164; x_wconf 84' lang='grc' dir='ltr'>τῇ</span> <span class='ocrx_word' id='word_1_262' title='bbox 1190 2094 1264 2165; x_wconf 70' lang='grc' dir='ltr'>ἕῳ</span> <span class='ocrx_word' id='word_1_263' title='bbox 1310 2094 1408 2159; x_wconf 86' lang='grc' dir='ltr'>τὰς</span> <span class='ocrx_word' id='word_1_264' title='bbox 1460 2095 1637 2159; x_wconf 80' lang='grc' dir='ltr'>πύλας</span> <span class='ocrx_word' id='word_1_265' title='bbox 1699 2095 1978 2149; x_wconf 77' lang='grc' dir='ltr'>ἐθελονταὶ</span> <span class='ocrx_word' id='word_1_266' title='bbox 2049 2096 2100 2147; x_wconf 85' lang='lat' dir='ltr'><strong>0i</strong></span> <span class='ocrx_word' id='word_1_267' title='bbox 2138 2094 2427 2168; x_wconf 81' lang='grc' dir='ltr'>ἐπιχώριοι</span> <span class='ocrx_word' id='word_1_268' title='bbox 2489 2097 2854 2152; x_wconf 81' lang='grc' dir='ltr'>ἀνεπέτασαν.</span> <span class='ocrx_word' id='word_1_269' title='bbox 2883 2095 3235 2159; x_wconf 88' lang='grc' dir='ltr'>Εἱσελθόντες</span> <span class='ocrx_word' id='word_1_270' title='bbox 3261 2096 3319 2148; x_wconf 78' lang='grc' dir='ltr'>δὲ</span> <span class='ocrx_word' id='word_1_271' title='bbox 3361 2098 3414 2147; x_wconf 88' lang='lat' dir='ltr'>ol</span> <span class='ocrx_word' id='word_1_272' title='bbox 3458 2097 3745 2163; x_wconf 65' lang='grc' dir='ltr'>Ῥωμαῖοι*</span> 
     </span>
    </p>
   </div>
   <div class='ocr_carea' id='block_1_37' title="bbox 485 2187 3753 2263">
    <p class='ocr_par' dir='ltr' id='par_1_37' title="bbox 485 2187 3753 2263">
     <span class='ocr_line' id='line_1_37' title="bbox 485 2187 3753 2263; baseline 0.001 -23"><span class='ocrx_word' id='word_1_273' title='bbox 485 2187 698 2248; x_wconf 75' lang='grc' dir='ltr'>πάντας</span> <span class='ocrx_word' id='word_1_274' title='bbox 729 2187 1008 2256; x_wconf 74' lang='grc' dir='ltr'>ἐφόνευονο</span> <span class='ocrx_word' id='word_1_275' title='bbox 1061 2190 1166 2254; x_wconf 74' lang='grc' dir='ltr'>ἕως</span> <span class='ocrx_word' id='word_1_276' title='bbox 1205 2189 1474 2263; x_wconf 76' lang='grc' dir='ltr'>ἐκήρυξεν</span> <span class='ocrx_word' id='word_1_277' title='bbox 1529 2194 1559 2245; x_wconf 90' lang='lat'>6</span> <span class='ocrx_word' id='word_1_278' title='bbox 1626 2192 1916 2258; x_wconf 88' lang='grc' dir='ltr'>Ἀττίλιος,</span> <span class='ocrx_word' id='word_1_279' title='bbox 1963 2192 2063 2262; x_wconf 75' lang='grc' dir='ltr'>τὴν</span> <span class='ocrx_word' id='word_1_280' title='bbox 2102 2191 2300 2259; x_wconf 81' lang='grc' dir='ltr'>λοιπήν</span> <span class='ocrx_word' id='word_1_281' title='bbox 2363 2207 2425 2243; x_wconf 88' lang='grc' dir='ltr'>τε</span> <span class='ocrx_word' id='word_1_282' title='bbox 2488 2190 2640 2245; x_wconf 81' lang='grc' dir='ltr'>λείαν</span> <span class='ocrx_word' id='word_1_283' title='bbox 2674 2191 2929 2254; x_wconf 70' lang='grc' dir='ltr'>καὶτοὺς</span> <span class='ocrx_word' id='word_1_284' title='bbox 2969 2190 3291 2259; x_wconf 82' lang='grc' dir='ltr'>ἀνθρώπους</span> <span class='ocrx_word' id='word_1_285' title='bbox 3337 2190 3434 2243; x_wconf 88' lang='grc' dir='ltr'>τοῦ</span> <span class='ocrx_word' id='word_1_286' title='bbox 3495 2189 3753 2254; x_wconf 81' lang='grc' dir='ltr'>λαϐόντος</span> 
     </span>
    </p>
   </div>
   <div class='ocr_carea' id='block_1_38' title="bbox 485 2275 3346 2359">
    <p class='ocr_par' dir='ltr' id='par_1_38' title="bbox 485 2275 3346 2359">
     <span class='ocr_line' id='line_1_38' title="bbox 485 2275 3346 2359; baseline 0.004 -28"><span class='ocrx_word' id='word_1_287' title='bbox 485 2275 648 2333; x_wconf 70' lang='grc' dir='ltr'>εἶναι.</span> <span class='ocrx_word' id='word_1_288' title='bbox 691 2282 919 2334; x_wconf 82' lang='grc' dir='ltr'>Ἐκτοτε</span> <span class='ocrx_word' id='word_1_289' title='bbox 952 2281 1058 2354; x_wconf 79' lang='grc' dir='ltr'>γὰρ</span> <span class='ocrx_word' id='word_1_290' title='bbox 1089 2284 1217 2347; x_wconf 84' lang='grc' dir='ltr'>τοὺς</span> <span class='ocrx_word' id='word_1_291' title='bbox 1249 2283 1471 2348; x_wconf 88' lang='grc' dir='ltr'>λοιπούς</span> <span class='ocrx_word' id='word_1_292' title='bbox 1509 2300 1568 2339; x_wconf 91' lang='grc' dir='ltr'>τε</span> <span class='ocrx_word' id='word_1_293' title='bbox 1601 2284 1950 2356; x_wconf 77' lang='grc' dir='ltr'>ἐζώγρησαν,</span> <span class='ocrx_word' id='word_1_294' title='bbox 1975 2286 2069 2339; x_wconf 74' lang='grc' dir='ltr'>καὶ</span> <span class='ocrx_word' id='word_1_295' title='bbox 2104 2285 2205 2356; x_wconf 83' lang='grc' dir='ltr'>τὴν</span> <span class='ocrx_word' id='word_1_296' title='bbox 2242 2284 2400 2350; x_wconf 86' lang='grc' dir='ltr'>πόλιν</span> <span class='ocrx_word' id='word_1_297' title='bbox 2431 2285 2942 2356; x_wconf 83' lang='grc' dir='ltr'>προδιαρπάσαντες</span> <span class='ocrx_word' id='word_1_298' title='bbox 2967 2287 3346 2359; x_wconf 75' lang='grc' dir='ltr'>κατέπρησαν.</span> 
     </span>
    </p>
   </div>
   <div class='ocr_carea' id='block_1_39' title="bbox 554 2373 2142 2452">
    <p class='ocr_par' dir='ltr' id='par_1_39' title="bbox 554 2373 2142 2452">
     <span class='ocr_line' id='line_1_39' title="bbox 554 2373 2142 2452; baseline 0.006 -25"><span class='ocrx_word' id='word_1_299' title='bbox 554 2373 671 2428; x_wconf 74' lang='grc' dir='ltr'>χιι.</span> <span class='ocrx_word' id='word_1_300' title='bbox 708 2376 838 2430; x_wconf 89' lang='lat' dir='ltr'><strong>lnde</strong></span> <span class='ocrx_word' id='word_1_301' title='bbox 877 2377 1225 2432; x_wconf 80' lang='lat' dir='ltr'><strong>Camarinam</strong></span> <span class='ocrx_word' id='word_1_302' title='bbox 1280 2378 1744 2451; x_wconf 90' lang='lat' dir='ltr'><strong>incircumspecte</strong></span> <span class='ocrx_word' id='word_1_303' title='bbox 1803 2382 2066 2452; x_wconf 81' lang='lat' dir='ltr'><strong>aggressi,</strong></span> <span class='ocrx_word' id='word_1_304' title='bbox 2103 2390 2142 2445; x_wconf 84' lang='grc' dir='ltr'><strong><em>Β</em></strong></span> 
     </span>
    </p>
   </div>
   <div class='ocr_carea' id='block_1_40' title="bbox 486 2469 2066 2544">
    <p class='ocr_par' dir='ltr' id='par_1_40' title="bbox 486 2469 2066 2544">
     <span class='ocr_line' id='line_1_40' title="bbox 486 2469 2066 2544; baseline 0.003 -20"><span class='ocrx_word' id='word_1_305' title='bbox 486 2481 649 2538; x_wconf 85' lang='lat' dir='ltr'><strong>atque</strong></span> <span class='ocrx_word' id='word_1_306' title='bbox 686 2471 740 2523; x_wconf 94' lang='lat' dir='ltr'>in</span> <span class='ocrx_word' id='word_1_307' title='bbox 777 2470 892 2522; x_wconf 73' lang='lat' dir='ltr'><strong>loca</strong></span> <span class='ocrx_word' id='word_1_308' title='bbox 935 2469 1152 2523; x_wconf 83' lang='lat' dir='ltr'><strong>insidiis</strong></span> <span class='ocrx_word' id='word_1_309' title='bbox 1179 2482 1443 2541; x_wconf 85' lang='lat' dir='ltr'><strong>occupata</strong></span> <span class='ocrx_word' id='word_1_310' title='bbox 1474 2474 1708 2544; x_wconf 76' lang='lat' dir='ltr'><strong>delapsi,</strong></span> <span class='ocrx_word' id='word_1_311' title='bbox 1744 2489 1937 2528; x_wconf 90' lang='lat' dir='ltr'><strong>omnes</strong></span> <span class='ocrx_word' id='word_1_312' title='bbox 1972 2488 2066 2543; x_wconf 86' lang='lat' dir='ltr'><strong>pe-</strong></span> 
     </span>
    </p>
   </div>
   <div class='ocr_carea' id='block_1_41' title="bbox 487 2560 2066 2633">
    <p class='ocr_par' dir='ltr' id='par_1_41' title="bbox 487 2560 2066 2633">
     <span class='ocr_line' id='line_1_41' title="bbox 487 2560 2066 2633; baseline 0.004 -17"><span class='ocrx_word' id='word_1_313' title='bbox 487 2567 711 2628; x_wconf 87' lang='lat' dir='ltr'><strong>rissent,</strong></span> <span class='ocrx_word' id='word_1_314' title='bbox 746 2560 846 2619; x_wconf 90' lang='lat' dir='ltr'><strong>nisi</strong></span> <span class='ocrx_word' id='word_1_315' title='bbox 886 2565 956 2617; x_wconf 85' lang='lat' dir='ltr'><strong>M.</strong></span> <span class='ocrx_word' id='word_1_316' title='bbox 987 2563 1374 2633; x_wconf 88' lang='lat' dir='ltr'><strong>Calphurnius,</strong></span> <span class='ocrx_word' id='word_1_317' title='bbox 1406 2568 1658 2623; x_wconf 84' lang='lat' dir='ltr'><strong>tribunus</strong></span> <span class='ocrx_word' id='word_1_318' title='bbox 1689 2567 1948 2632; x_wconf 87' lang='lat' dir='ltr'><strong>militum,</strong></span> <span class='ocrx_word' id='word_1_319' title='bbox 1975 2584 2066 2622; x_wconf 92' lang='lat' dir='ltr'><strong>ca-</strong></span> 
     </span>
    </p>
   </div>
   <div class='ocr_carea' id='block_1_42' title="bbox 487 2655 2066 2716">
    <p class='ocr_par' dir='ltr' id='par_1_42' title="bbox 487 2655 2066 2716">
     <span class='ocr_line' id='line_1_42' title="bbox 487 2655 2066 2716; baseline 0.003 -8"><span class='ocrx_word' id='word_1_320' title='bbox 487 2655 792 2710; x_wconf 87' lang='lat' dir='ltr'><strong>lamitatem</strong></span> <span class='ocrx_word' id='word_1_321' title='bbox 845 2672 962 2709; x_wconf 91' lang='lat' dir='ltr'>eam</span> <span class='ocrx_word' id='word_1_322' title='bbox 1029 2666 1148 2712; x_wconf 89' lang='lat' dir='ltr'><strong>arte</strong></span> <span class='ocrx_word' id='word_1_323' title='bbox 1207 2661 1557 2714; x_wconf 80' lang='lat' dir='ltr'><strong>correxisset.</strong></span> <span class='ocrx_word' id='word_1_324' title='bbox 1613 2661 1748 2714; x_wconf 88' lang='lat' dir='ltr'><strong>Nam</strong></span> <span class='ocrx_word' id='word_1_325' title='bbox 1817 2676 1942 2716; x_wconf 90' lang='lat' dir='ltr'>cum</span> <span class='ocrx_word' id='word_1_326' title='bbox 1999 2677 2066 2713; x_wconf 74' lang='lat' dir='ltr'><strong>ex</strong></span> 
     </span>
    </p>
   </div>
   <div class='ocr_carea' id='block_1_43' title="bbox 487 2741 2066 2822">
    <p class='ocr_par' dir='ltr' id='par_1_43' title="bbox 487 2741 2066 2822">
     <span class='ocr_line' id='line_1_43' title="bbox 487 2741 2066 2822; baseline 0.006 -25"><span class='ocrx_word' id='word_1_327' title='bbox 487 2748 744 2802; x_wconf 78' lang='lat' dir='ltr'><strong>uinuibus</strong></span> <span class='ocrx_word' id='word_1_328' title='bbox 769 2765 938 2802; x_wconf 79' lang='lat' dir='ltr'><strong>unum</strong></span> <span class='ocrx_word' id='word_1_329' title='bbox 969 2741 1241 2821; x_wconf 81' lang='lat' dir='ltr'><strong>tumulum</strong></span> <span class='ocrx_word' id='word_1_330' title='bbox 1275 2751 1346 2806; x_wconf 90' lang='lat' dir='ltr'>ob</span> <span class='ocrx_word' id='word_1_331' title='bbox 1373 2752 1735 2822; x_wconf 71' lang='lat' dir='ltr'><strong>prwcipitinm</strong></span> <span class='ocrx_word' id='word_1_332' title='bbox 1763 2769 1870 2808; x_wconf 92' lang='lat' dir='ltr'>non</span> <span class='ocrx_word' id='word_1_333' title='bbox 1900 2768 2066 2807; x_wconf 90' lang='lat' dir='ltr'><strong>occu-</strong></span> 
     </span>
    </p>
   </div>
   <div class='ocr_carea' id='block_1_44' title="bbox 487 2841 2064 2914">
    <p class='ocr_par' dir='ltr' id='par_1_44' title="bbox 487 2841 2064 2914">
     <span class='ocr_line' id='line_1_44' title="bbox 487 2841 2064 2914; baseline 0.005 -22"><span class='ocrx_word' id='word_1_334' title='bbox 487 2849 672 2908; x_wconf 87' lang='lat' dir='ltr'><strong>patum</strong></span> <span class='ocrx_word' id='word_1_335' title='bbox 695 2841 944 2908; x_wconf 81' lang='lat' dir='ltr'><strong>vidisset,</strong></span> <span class='ocrx_word' id='word_1_336' title='bbox 973 2857 1066 2900; x_wconf 85' lang='lat' dir='ltr'>ccc</span> <span class='ocrx_word' id='word_1_337' title='bbox 1119 2842 1287 2913; x_wconf 77' lang='lat'>389</span> <span class='ocrx_word' id='word_1_338' title='bbox 1313 2859 1342 2897; x_wconf 90' lang='lat' dir='ltr'>a</span> <span class='ocrx_word' id='word_1_339' title='bbox 1378 2845 1604 2898; x_wconf 90' lang='lat' dir='ltr'><strong>consule</strong></span> <span class='ocrx_word' id='word_1_340' title='bbox 1637 2845 1839 2900; x_wconf 88' lang='lat' dir='ltr'><strong>milites</strong></span> <span class='ocrx_word' id='word_1_341' title='bbox 1865 2845 2025 2914; x_wconf 84' lang='lat' dir='ltr'><strong>petiit</strong></span> <span class='ocrx_word' id='word_1_342' title='bbox 2051 2863 2064 2900; x_wconf 95' lang='lat'>:</span> 
     </span>
    </p>
   </div>
   <div class='ocr_carea' id='block_1_45' title="bbox 486 2927 2067 3002">
    <p class='ocr_par' dir='ltr' id='par_1_45' title="bbox 486 2927 2067 3002">
     <span class='ocr_line' id='line_1_45' title="bbox 486 2927 2067 3002; baseline 0.006 -21"><span class='ocrx_word' id='word_1_343' title='bbox 486 2945 625 2998; x_wconf 83' lang='lat' dir='ltr'><strong>quos</strong></span> <span class='ocrx_word' id='word_1_344' title='bbox 673 2947 796 2986; x_wconf 91' lang='lat' dir='ltr'>cum</span> <span class='ocrx_word' id='word_1_345' title='bbox 831 2927 1080 3002; x_wconf 28' lang='lat' dir='ltr'><strong>propere&quot;</strong></span> <span class='ocrx_word' id='word_1_346' title='bbox 1117 2935 1210 2988; x_wconf 94' lang='lat' dir='ltr'><strong>illo</strong></span> <span class='ocrx_word' id='word_1_347' title='bbox 1252 2934 1595 3001; x_wconf 82' lang='lat' dir='ltr'><strong>adduxisset,</strong></span> <span class='ocrx_word' id='word_1_348' title='bbox 1628 2946 1688 2991; x_wconf 92' lang='lat' dir='ltr'>ut</span> <span class='ocrx_word' id='word_1_349' title='bbox 1720 2937 1973 2992; x_wconf 89' lang='lat' dir='ltr'><strong>hostibus</strong></span> <span class='ocrx_word' id='word_1_350' title='bbox 2011 2938 2067 2991; x_wconf 86' lang='lat' dir='ltr'>in</span> 
     </span>
    </p>
   </div>
   <div class='ocr_carea' id='block_1_46' title="bbox 487 3025 2064 3098">
    <p class='ocr_par' dir='ltr' id='par_1_46' title="bbox 487 3025 2064 3098">
     <span class='ocr_line' id='line_1_46' title="bbox 487 3025 2064 3098; baseline 0.004 -22"><span class='ocrx_word' id='word_1_351' title='bbox 487 3041 544 3077; x_wconf 84' lang='lat' dir='ltr'>se</span> <span class='ocrx_word' id='word_1_352' title='bbox 575 3025 880 3088; x_wconf 83' lang='lat' dir='ltr'><strong>conversis,</strong></span> <span class='ocrx_word' id='word_1_353' title='bbox 906 3026 1094 3081; x_wconf 71' lang='lat' dir='ltr'><strong>caeteri</strong></span> <span class='ocrx_word' id='word_1_354' title='bbox 1132 3025 1462 3097; x_wconf 75' lang='lat' dir='ltr'><strong>eﬂ‘ugerent,</strong></span> <span class='ocrx_word' id='word_1_355' title='bbox 1500 3044 1609 3082; x_wconf 90' lang='lat' dir='ltr'>non</span> <span class='ocrx_word' id='word_1_356' title='bbox 1649 3028 1912 3098; x_wconf 87' lang='lat' dir='ltr'><strong>deceptus</strong></span> <span class='ocrx_word' id='word_1_357' title='bbox 1957 3038 2064 3083; x_wconf 88' lang='lat' dir='ltr'><strong>est.</strong></span> 
     </span>
    </p>
   </div>
   <div class='ocr_carea' id='block_1_47' title="bbox 485 3115 2070 3189">
    <p class='ocr_par' dir='ltr' id='par_1_47' title="bbox 485 3115 2070 3189">
     <span class='ocr_line' id='line_1_47' title="bbox 485 3115 2070 3189; baseline 0.004 -21"><span class='ocrx_word' id='word_1_358' title='bbox 485 3115 623 3169; x_wconf 85' lang='lat' dir='ltr'><strong>Nam</strong></span> <span class='ocrx_word' id='word_1_359' title='bbox 659 3116 850 3171; x_wconf 89' lang='lat' dir='ltr'><strong>hostes</strong></span> <span class='ocrx_word' id='word_1_360' title='bbox 901 3133 1094 3172; x_wconf 89' lang='lat' dir='ltr'><strong>eorum</strong></span> <span class='ocrx_word' id='word_1_361' title='bbox 1148 3120 1354 3188; x_wconf 88' lang='lat' dir='ltr'><strong>impetu</strong></span> <span class='ocrx_word' id='word_1_362' title='bbox 1392 3120 1648 3189; x_wconf 83' lang='lat' dir='ltr'><strong>perculsi,</strong></span> <span class='ocrx_word' id='word_1_363' title='bbox 1684 3121 1910 3175; x_wconf 91' lang='lat' dir='ltr'><strong>consule</strong></span> <span class='ocrx_word' id='word_1_364' title='bbox 1943 3137 2070 3176; x_wconf 91' lang='lat' dir='ltr'>cum</span> 
     </span>
    </p>
   </div>
   <div class='ocr_carea' id='block_1_48' title="bbox 489 3210 2067 3280">
    <p class='ocr_par' dir='ltr' id='par_1_48' title="bbox 489 3210 2067 3280">
     <span class='ocr_line' id='line_1_48' title="bbox 489 3210 2067 3280; baseline 0.004 -19"><span class='ocrx_word' id='word_1_365' title='bbox 489 3211 605 3264; x_wconf 86' lang='lat' dir='ltr'><strong>suis</strong></span> <span class='ocrx_word' id='word_1_366' title='bbox 667 3221 728 3263; x_wconf 92' lang='lat' dir='ltr'>ut</span> <span class='ocrx_word' id='word_1_367' title='bbox 765 3211 876 3279; x_wconf 89' lang='lat' dir='ltr'><strong>jam</strong></span> <span class='ocrx_word' id='word_1_368' title='bbox 923 3210 1100 3280; x_wconf 86' lang='lat' dir='ltr'><strong>captis</strong></span> <span class='ocrx_word' id='word_1_369' title='bbox 1173 3210 1403 3274; x_wconf 87' lang='lat' dir='ltr'><strong>relictis,</strong></span> <span class='ocrx_word' id='word_1_370' title='bbox 1444 3220 1635 3266; x_wconf 90' lang='lat' dir='ltr'><strong>contra</strong></span> <span class='ocrx_word' id='word_1_371' title='bbox 1667 3211 2067 3280; x_wconf 87' lang='lat' dir='ltr'><strong>Calphurnium</strong></span> 
     </span>
    </p>
   </div>
   <div class='ocr_carea' id='block_1_49' title="bbox 491 3303 2069 3373">
    <p class='ocr_par' dir='ltr' id='par_1_49' title="bbox 491 3303 2069 3373">
     <span class='ocr_line' id='line_1_49' title="bbox 491 3303 2069 3373; baseline 0.003 -19"><span class='ocrx_word' id='word_1_372' title='bbox 491 3312 896 3357; x_wconf 88' lang='lat' dir='ltr'><strong>concurrerunt</strong></span> <span class='ocrx_word' id='word_1_373' title='bbox 945 3311 1048 3357; x_wconf 90' lang='lat' dir='ltr'><strong>:ct</strong></span> <span class='ocrx_word' id='word_1_374' title='bbox 1099 3303 1272 3357; x_wconf 83' lang='lat' dir='ltr'><strong>atroci</strong></span> <span class='ocrx_word' id='word_1_375' title='bbox 1319 3319 1501 3373; x_wconf 87' lang='lat' dir='ltr'><strong>pugna</strong></span> <span class='ocrx_word' id='word_1_376' title='bbox 1545 3303 1860 3367; x_wconf 89' lang='lat' dir='ltr'><strong>commissa,</strong></span> <span class='ocrx_word' id='word_1_377' title='bbox 1911 3305 2069 3359; x_wconf 91' lang='lat' dir='ltr'><strong>multi</strong></span> 
     </span>
    </p>
   </div>
   <div class='ocr_carea' id='block_1_50' title="bbox 489 3393 2074 3466">
    <p class='ocr_par' dir='ltr' id='par_1_50' title="bbox 489 3393 2074 3466">
     <span class='ocr_line' id='line_1_50' title="bbox 489 3393 2074 3466; baseline 0.005 -22"><span class='ocrx_word' id='word_1_378' title='bbox 489 3393 656 3447; x_wconf 72' lang='lat' dir='ltr'><strong>etiam</strong></span> <span class='ocrx_word' id='word_1_379' title='bbox 683 3409 749 3448; x_wconf 83' lang='lat' dir='ltr'><strong>ex</strong></span> <span class='ocrx_word' id='word_1_380' title='bbox 774 3394 902 3458; x_wconf 90' lang='lat' dir='ltr'><strong>illis,</strong></span> <span class='ocrx_word' id='word_1_381' title='bbox 928 3395 1022 3448; x_wconf 89' lang='lat' dir='ltr'>sed</span> <span class='ocrx_word' id='word_1_382' title='bbox 1049 3394 1126 3455; x_wconf 91' lang='lat' dir='ltr'><strong>illi</strong></span> <span class='ocrx_word' id='word_1_383' title='bbox 1171 3411 1268 3450; x_wconf 87' lang='lat' dir='ltr'>ccc</span> <span class='ocrx_word' id='word_1_384' title='bbox 1307 3410 1503 3450; x_wconf 90' lang='lat' dir='ltr'><strong>omnes</strong></span> <span class='ocrx_word' id='word_1_385' title='bbox 1537 3396 1842 3464; x_wconf 88' lang='lat' dir='ltr'><strong>perierunt,</strong></span> <span class='ocrx_word' id='word_1_386' title='bbox 1875 3410 2074 3466; x_wconf 55' lang='lat' dir='ltr'><strong>pra‘ter</strong></span> 
     </span>
    </p>
   </div>
   <div class='ocr_carea' id='block_1_51' title="bbox 494 3485 2071 3557">
    <p class='ocr_par' dir='ltr' id='par_1_51' title="bbox 494 3485 2071 3557">
     <span class='ocr_line' id='line_1_51' title="bbox 494 3485 2071 3557; baseline 0.003 -20"><span class='ocrx_word' id='word_1_387' title='bbox 494 3501 662 3538; x_wconf 89' lang='lat' dir='ltr'><strong>unum</strong></span> <span class='ocrx_word' id='word_1_388' title='bbox 695 3485 1095 3554; x_wconf 87' lang='lat' dir='ltr'><strong>Calphurnium</strong></span> <span class='ocrx_word' id='word_1_389' title='bbox 1125 3506 1138 3540; x_wconf 87' lang='lat'><strong>:</strong></span> <span class='ocrx_word' id='word_1_390' title='bbox 1187 3487 1282 3557; x_wconf 86' lang='lat' dir='ltr'>qui</span> <span class='ocrx_word' id='word_1_391' title='bbox 1326 3504 1449 3541; x_wconf 91' lang='lat' dir='ltr'>cum</span> <span class='ocrx_word' id='word_1_392' title='bbox 1489 3503 1598 3556; x_wconf 54' lang='lat' dir='ltr'><strong>prec</strong></span> <span class='ocrx_word' id='word_1_393' title='bbox 1629 3489 1953 3544; x_wconf 77' lang='lat' dir='ltr'><strong>vulneribus</strong></span> <span class='ocrx_word' id='word_1_394' title='bbox 1985 3490 2071 3542; x_wconf 86' lang='lat' dir='ltr'><strong>in-</strong></span> 
     </span>
    </p>
   </div>
   <div class='ocr_carea' id='block_1_52' title="bbox 489 3580 2068 3652">
    <p class='ocr_par' dir='ltr' id='par_1_52' title="bbox 489 3580 2068 3652">
     <span class='ocr_line' id='line_1_52' title="bbox 489 3580 2068 3652; baseline 0.004 -21"><span class='ocrx_word' id='word_1_395' title='bbox 489 3589 605 3632; x_wconf 89' lang='lat' dir='ltr'><strong>star</strong></span> <span class='ocrx_word' id='word_1_396' title='bbox 647 3580 868 3633; x_wconf 14' lang='lat' dir='ltr'><strong>mortui?</strong></span> <span class='ocrx_word' id='word_1_397' title='bbox 903 3580 1048 3633; x_wconf 92' lang='lat' dir='ltr'><strong>inter</strong></span> <span class='ocrx_word' id='word_1_398' title='bbox 1074 3580 1342 3635; x_wconf 79' lang='lat' dir='ltr'><strong>cadavera</strong></span> <span class='ocrx_word' id='word_1_399' title='bbox 1387 3581 1675 3652; x_wconf 75' lang='lat' dir='ltr'><strong>iacuisset,</strong></span> <span class='ocrx_word' id='word_1_400' title='bbox 1729 3581 1920 3637; x_wconf 88' lang='lat' dir='ltr'><strong>vivens</strong></span> <span class='ocrx_word' id='word_1_401' title='bbox 1977 3599 2068 3637; x_wconf 89' lang='lat' dir='ltr'><strong>re-</strong></span> 
     </span>
    </p>
   </div>
   <div class='ocr_carea' id='block_1_53' title="bbox 491 3672 2072 3740">
    <p class='ocr_par' dir='ltr' id='par_1_53' title="bbox 491 3672 2072 3740">
     <span class='ocr_line' id='line_1_53' title="bbox 491 3672 2072 3740; baseline 0.005 -19"><span class='ocrx_word' id='word_1_402' title='bbox 491 3682 699 3740; x_wconf 73' lang='lat' dir='ltr'><strong>pertus.</strong></span> <span class='ocrx_word' id='word_1_403' title='bbox 746 3673 920 3727; x_wconf 83' lang='lat' dir='ltr'><strong>evasit</strong></span> <span class='ocrx_word' id='word_1_404' title='bbox 965 3672 1278 3730; x_wconf 87' lang='lat' dir='ltr'><strong>incolumis.</strong></span> <span class='ocrx_word' id='word_1_405' title='bbox 1324 3674 1538 3729; x_wconf 81' lang='lat' dir='ltr'><strong>Interea</strong></span> <span class='ocrx_word' id='word_1_406' title='bbox 1577 3691 1709 3730; x_wconf 87' lang='lat' dir='ltr'><strong>vero</strong></span> <span class='ocrx_word' id='word_1_407' title='bbox 1775 3674 1907 3730; x_wconf 90' lang='lat' dir='ltr'>dum</span> <span class='ocrx_word' id='word_1_408' title='bbox 1978 3691 2072 3731; x_wconf 81' lang='lat' dir='ltr'>ccc</span> 
     </span>
    </p>
   </div>
   <div class='ocr_carea' id='block_1_54' title="bbox 2244 2379 3750 2455">
    <p class='ocr_par' dir='ltr' id='par_1_54' title="bbox 2244 2379 3750 2455">
     <span class='ocr_line' id='line_1_54' title="bbox 2244 2379 3750 2455; baseline 0.003 -23"><span class='ocrx_word' id='word_1_409' title='bbox 2244 2379 2344 2434; x_wconf 90' lang='lat' dir='ltr'>IB&#39;.</span> <span class='ocrx_word' id='word_1_410' title='bbox 2391 2380 2641 2434; x_wconf 79' lang='grc' dir='ltr'>Ἐκεῖθεν</span> <span class='ocrx_word' id='word_1_411' title='bbox 2683 2381 2731 2435; x_wconf 82' lang='grc' dir='ltr'>δ’</span> <span class='ocrx_word' id='word_1_412' title='bbox 2795 2383 2890 2437; x_wconf 78' lang='grc' dir='ltr'>ἐπὶ</span> <span class='ocrx_word' id='word_1_413' title='bbox 2946 2384 3270 2454; x_wconf 87' lang='grc' dir='ltr'>Καμερίναν</span> <span class='ocrx_word' id='word_1_414' title='bbox 3324 2383 3750 2455; x_wconf 82' lang='grc' dir='ltr'>ἀπερισκέπτως</span> 
     </span>
    </p>
   </div>
   <div class='ocr_carea' id='block_1_55' title="bbox 2171 2473 3748 2546">
    <p class='ocr_par' dir='ltr' id='par_1_55' title="bbox 2171 2473 3748 2546">
     <span class='ocr_line' id='line_1_55' title="bbox 2171 2473 3748 2546; baseline 0 -20"><span class='ocrx_word' id='word_1_415' title='bbox 2171 2473 2454 2542; x_wconf 78' lang='grc' dir='ltr'>γενόμενοι</span> <span class='ocrx_word' id='word_1_416' title='bbox 2493 2481 2553 2535; x_wconf 79' lang='grc' dir='ltr'>ἐς</span> <span class='ocrx_word' id='word_1_417' title='bbox 2584 2475 2762 2544; x_wconf 88' lang='grc' dir='ltr'>χωρία</span> <span class='ocrx_word' id='word_1_418' title='bbox 2807 2475 3275 2546; x_wconf 75' lang='grc' dir='ltr'>προλελοχισμένα</span> <span class='ocrx_word' id='word_1_419' title='bbox 3315 2477 3602 2530; x_wconf 84' lang='grc' dir='ltr'>ἐνέπεσον·</span> <span class='ocrx_word' id='word_1_420' title='bbox 3660 2479 3748 2530; x_wconf 71' lang='grc' dir='ltr'>καὶ</span> 
     </span>
    </p>
   </div>
   <div class='ocr_carea' id='block_1_56' title="bbox 2171 2566 3749 2640">
    <p class='ocr_par' dir='ltr' id='par_1_56' title="bbox 2171 2566 3749 2640">
     <span class='ocr_line' id='line_1_56' title="bbox 2171 2566 3749 2640; baseline 0.003 -23"><span class='ocrx_word' id='word_1_421' title='bbox 2171 2566 2404 2620; x_wconf 81' lang='grc' dir='ltr'>πανσυδὶ</span> <span class='ocrx_word' id='word_1_422' title='bbox 2433 2567 2499 2620; x_wconf 85' lang='grc' dir='ltr'>διν</span> <span class='ocrx_word' id='word_1_423' title='bbox 2532 2567 2880 2638; x_wconf 80' lang='grc' dir='ltr'>ἐφθάρησαν,</span> <span class='ocrx_word' id='word_1_424' title='bbox 2918 2571 2965 2621; x_wconf 84' lang='grc' dir='ltr'>εί</span> <span class='ocrx_word' id='word_1_425' title='bbox 2993 2571 3068 2639; x_wconf 83' lang='grc' dir='ltr'><strong>μὴ</strong></span> <span class='ocrx_word' id='word_1_426' title='bbox 3098 2571 3324 2640; x_wconf 78' lang='grc' dir='ltr'>Μάρκος</span> <span class='ocrx_word' id='word_1_427' title='bbox 3370 2570 3749 2639; x_wconf 76' lang='grc' dir='ltr'>Καλπούρνιος</span> 
     </span>
    </p>
   </div>
   <div class='ocr_carea' id='block_1_57' title="bbox 2173 2656 3749 2732">
    <p class='ocr_par' dir='ltr' id='par_1_57' title="bbox 2173 2656 3749 2732">
     <span class='ocr_line' id='line_1_57' title="bbox 2173 2656 3749 2732; baseline 0.001 -22"><span class='ocrx_word' id='word_1_428' title='bbox 2173 2656 2474 2728; x_wconf 82' lang='grc' dir='ltr'>χιλιαρχῶν</span> <span class='ocrx_word' id='word_1_429' title='bbox 2507 2659 2672 2729; x_wconf 80' lang='grc' dir='ltr'>σοφία</span> <span class='ocrx_word' id='word_1_430' title='bbox 2707 2660 2941 2728; x_wconf 79' lang='grc' dir='ltr'>μετῆλθε</span> <span class='ocrx_word' id='word_1_431' title='bbox 2973 2661 3033 2714; x_wconf 83' lang='grc' dir='ltr'>τὸ</span> <span class='ocrx_word' id='word_1_432' title='bbox 3072 2661 3417 2732; x_wconf 78' lang='grc' dir='ltr'>δυστύχημα.</span> <span class='ocrx_word' id='word_1_433' title='bbox 3464 2663 3612 2716; x_wconf 85' lang='grc' dir='ltr'>Ἰδὼν</span> <span class='ocrx_word' id='word_1_434' title='bbox 3645 2664 3749 2732; x_wconf 81' lang='grc' dir='ltr'>γάρ</span> 
     </span>
    </p>
   </div>
   <div class='ocr_carea' id='block_1_58' title="bbox 2171 2751 3748 2824">
    <p class='ocr_par' dir='ltr' id='par_1_58' title="bbox 2171 2751 3748 2824">
     <span class='ocr_line' id='line_1_58' title="bbox 2171 2751 3748 2824; baseline 0.002 -21"><span class='ocrx_word' id='word_1_435' title='bbox 2171 2767 2293 2804; x_wconf 89' lang='grc' dir='ltr'>τινα</span> <span class='ocrx_word' id='word_1_436' title='bbox 2315 2751 2425 2802; x_wconf 83' lang='grc' dir='ltr'>τῶν</span> <span class='ocrx_word' id='word_1_437' title='bbox 2456 2752 2619 2822; x_wconf 82' lang='grc' dir='ltr'>πέριξ</span> <span class='ocrx_word' id='word_1_438' title='bbox 2649 2751 2829 2819; x_wconf 74' lang='grc' dir='ltr'>λόφων</span> <span class='ocrx_word' id='word_1_439' title='bbox 2875 2753 3038 2822; x_wconf 86' lang='grc' dir='ltr'>μόνον</span> <span class='ocrx_word' id='word_1_440' title='bbox 3089 2754 3194 2806; x_wconf 82' lang='grc' dir='ltr'>ὑπὸ</span> <span class='ocrx_word' id='word_1_441' title='bbox 3248 2754 3341 2807; x_wconf 85' lang='grc' dir='ltr'>τοῦ</span> <span class='ocrx_word' id='word_1_442' title='bbox 3393 2754 3748 2824; x_wconf 82' lang='grc' dir='ltr'>κρημνώδους</span> 
     </span>
    </p>
   </div>
   <div class='ocr_carea' id='block_1_59' title="bbox 2175 2842 3749 2916">
    <p class='ocr_par' dir='ltr' id='par_1_59' title="bbox 2175 2842 3749 2916">
     <span class='ocr_line' id='line_1_59' title="bbox 2175 2842 3749 2916; baseline 0.003 -21"><span class='ocrx_word' id='word_1_443' title='bbox 2175 2842 2252 2914; x_wconf 82' lang='grc' dir='ltr'>μὴ</span> <span class='ocrx_word' id='word_1_444' title='bbox 2295 2843 2865 2914; x_wconf 86' lang='grc' dir='ltr'>προκατειλημμένον,</span> <span class='ocrx_word' id='word_1_445' title='bbox 2920 2845 3145 2908; x_wconf 79' lang='grc' dir='ltr'>ὁπλίτας</span> <span class='ocrx_word' id='word_1_446' title='bbox 3204 2848 3560 2915; x_wconf 81' lang='grc' dir='ltr'>τριακοσίους</span> <span class='ocrx_word' id='word_1_447' title='bbox 3600 2849 3749 2916; x_wconf 81' lang='grc' dir='ltr'>παρά</span> 
     </span>
    </p>
   </div>
   <div class='ocr_carea' id='block_1_60' title="bbox 2170 2933 3748 3004">
    <p class='ocr_par' dir='ltr' id='par_1_60' title="bbox 2170 2933 3748 3004">
     <span class='ocr_line' id='line_1_60' title="bbox 2170 2933 3748 3004; baseline 0.001 -20"><span class='ocrx_word' id='word_1_448' title='bbox 2170 2933 2266 2984; x_wconf 88' lang='grc' dir='ltr'>τοῦ</span> <span class='ocrx_word' id='word_1_449' title='bbox 2311 2934 2517 2986; x_wconf 73' lang='grc' dir='ltr'>ὑπάτου</span> <span class='ocrx_word' id='word_1_450' title='bbox 2567 2935 2828 3004; x_wconf 76' lang='grc' dir='ltr'>ᾐτήσατο,</span> <span class='ocrx_word' id='word_1_451' title='bbox 2882 2935 2979 2990; x_wconf 80' lang='grc' dir='ltr'>καὶ</span> <span class='ocrx_word' id='word_1_452' title='bbox 3035 2936 3130 2988; x_wconf 78' lang='grc' dir='ltr'>σὺν</span> <span class='ocrx_word' id='word_1_453' title='bbox 3189 2935 3373 2998; x_wconf 81' lang='grc' dir='ltr'>αὐτοῖς</span> <span class='ocrx_word' id='word_1_454' title='bbox 3425 2938 3514 2987; x_wconf 78' lang='grc' dir='ltr'>ἐπ’</span> <span class='ocrx_word' id='word_1_455' title='bbox 3543 2937 3748 2988; x_wconf 73' lang='grc' dir='ltr'>ἐκεῖνον</span> 
     </span>
    </p>
   </div>
   <div class='ocr_carea' id='block_1_61' title="bbox 2173 3023 3747 3095">
    <p class='ocr_par' dir='ltr' id='par_1_61' title="bbox 2173 3023 3747 3095">
     <span class='ocr_line' id='line_1_61' title="bbox 2173 3023 3747 3095; baseline 0.003 -19"><span class='ocrx_word' id='word_1_456' title='bbox 2173 3023 2453 3094; x_wconf 81' lang='grc' dir='ltr'>ὥρμησεν,</span> <span class='ocrx_word' id='word_1_457' title='bbox 2512 3023 2578 3076; x_wconf 82' lang='grc' dir='ltr'>ἵν’</span> <span class='ocrx_word' id='word_1_458' title='bbox 2609 3025 2658 3076; x_wconf 86' lang='grc' dir='ltr'>οἱ</span> <span class='ocrx_word' id='word_1_459' title='bbox 2688 3025 2914 3094; x_wconf 85' lang='grc' dir='ltr'>πόλεμοι</span> <span class='ocrx_word' id='word_1_460' title='bbox 2971 3023 3109 3094; x_wconf 83' lang='grc' dir='ltr'>πρὸς</span> <span class='ocrx_word' id='word_1_461' title='bbox 3166 3025 3367 3088; x_wconf 80' lang='grc' dir='ltr'>αὐτοὺς</span> <span class='ocrx_word' id='word_1_462' title='bbox 3403 3025 3747 3095; x_wconf 74' lang='grc' dir='ltr'>τράπωνται,</span> 
     </span>
    </p>
   </div>
   <div class='ocr_carea' id='block_1_62' title="bbox 2173 3117 3747 3188">
    <p class='ocr_par' dir='ltr' id='par_1_62' title="bbox 2173 3117 3747 3188">
     <span class='ocr_line' id='line_1_62' title="bbox 2173 3117 3747 3188; baseline 0.001 -16"><span class='ocrx_word' id='word_1_463' title='bbox 2173 3117 2474 3172; x_wconf 78' lang='grc' dir='ltr'>κάντεῦθεν</span> <span class='ocrx_word' id='word_1_464' title='bbox 2505 3119 2556 3169; x_wconf 83' lang='lat' dir='ltr'><strong>0i</strong></span> <span class='ocrx_word' id='word_1_465' title='bbox 2609 3117 2791 3170; x_wconf 80' lang='grc' dir='ltr'>λοιποὶ</span> <span class='ocrx_word' id='word_1_466' title='bbox 2839 3117 3152 3185; x_wconf 70' lang='grc' dir='ltr'>διαφύγωσι</span> <span class='ocrx_word' id='word_1_467' title='bbox 3176 3133 3192 3149; x_wconf 75' lang='grc' dir='ltr'><strong><em>ο</em></strong></span> <span class='ocrx_word' id='word_1_468' title='bbox 3219 3118 3312 3172; x_wconf 78' lang='grc' dir='ltr'>καὶ</span> <span class='ocrx_word' id='word_1_469' title='bbox 3341 3118 3502 3188; x_wconf 80' lang='grc' dir='ltr'>ἔσχεν</span> <span class='ocrx_word' id='word_1_470' title='bbox 3553 3120 3747 3182; x_wconf 77' lang='grc' dir='ltr'>οὕτως.</span> 
     </span>
    </p>
   </div>
   <div class='ocr_carea' id='block_1_63' title="bbox 2186 3204 3750 3278">
    <p class='ocr_par' dir='ltr' id='par_1_63' title="bbox 2186 3204 3750 3278">
     <span class='ocr_line' id='line_1_63' title="bbox 2186 3204 3750 3278; baseline 0.003 -18"><span class='ocrx_word' id='word_1_471' title='bbox 2186 3209 2274 3272; x_wconf 79' lang='grc' dir='ltr'>Ὠς</span> <span class='ocrx_word' id='word_1_472' title='bbox 2297 3209 2406 3277; x_wconf 73' lang='grc' dir='ltr'>γὰρ</span> <span class='ocrx_word' id='word_1_473' title='bbox 2432 3210 2532 3278; x_wconf 87' lang='grc' dir='ltr'>τὴν</span> <span class='ocrx_word' id='word_1_474' title='bbox 2567 3208 2747 3278; x_wconf 77' lang='grc' dir='ltr'>ὁρμὴν</span> <span class='ocrx_word' id='word_1_475' title='bbox 2778 3208 2963 3260; x_wconf 84' lang='grc' dir='ltr'>αὐτῶν</span> <span class='ocrx_word' id='word_1_476' title='bbox 2997 3204 3137 3261; x_wconf 83' lang='grc' dir='ltr'>εἶδον</span> <span class='ocrx_word' id='word_1_477' title='bbox 3167 3211 3216 3262; x_wconf 83' lang='lat' dir='ltr'>oi</span> <span class='ocrx_word' id='word_1_478' title='bbox 3260 3211 3513 3271; x_wconf 81' lang='grc' dir='ltr'>ἐναντίοι,</span> <span class='ocrx_word' id='word_1_479' title='bbox 3546 3211 3750 3265; x_wconf 87' lang='grc' dir='ltr'>ἐκπλα-</span> 
     </span>
    </p>
   </div>
   <div class='ocr_carea' id='block_1_64' title="bbox 2173 3299 3750 3370">
    <p class='ocr_par' dir='ltr' id='par_1_64' title="bbox 2173 3299 3750 3370">
     <span class='ocr_line' id='line_1_64' title="bbox 2173 3299 3750 3370; baseline 0 -17"><span class='ocrx_word' id='word_1_480' title='bbox 2173 3303 2383 3369; x_wconf 77' lang='grc' dir='ltr'>γέντες,</span> <span class='ocrx_word' id='word_1_481' title='bbox 2416 3301 2509 3352; x_wconf 80' lang='grc' dir='ltr'>τὸν</span> <span class='ocrx_word' id='word_1_482' title='bbox 2565 3301 2663 3369; x_wconf 84' lang='grc' dir='ltr'>μὲν</span> <span class='ocrx_word' id='word_1_483' title='bbox 2709 3299 2916 3352; x_wconf 82' lang='grc' dir='ltr'>ὕπατον</span> <span class='ocrx_word' id='word_1_484' title='bbox 2968 3302 3064 3352; x_wconf 79' lang='grc' dir='ltr'>καὶ</span> <span class='ocrx_word' id='word_1_485' title='bbox 3098 3303 3225 3365; x_wconf 70' lang='grc' dir='ltr'>τοὺς</span> <span class='ocrx_word' id='word_1_486' title='bbox 3288 3301 3418 3370; x_wconf 74' lang='grc' dir='ltr'>περὶ</span> <span class='ocrx_word' id='word_1_487' title='bbox 3454 3302 3642 3364; x_wconf 72' lang='grc' dir='ltr'>αὑτὸν,</span> <span class='ocrx_word' id='word_1_488' title='bbox 3675 3302 3750 3364; x_wconf 88' lang='grc' dir='ltr'>ώς</span> 
     </span>
    </p>
   </div>
   <div class='ocr_carea' id='block_1_65' title="bbox 2174 3393 3752 3465">
    <p class='ocr_par' dir='ltr' id='par_1_65' title="bbox 2174 3393 3752 3465">
     <span class='ocr_line' id='line_1_65' title="bbox 2174 3393 3752 3465; baseline -0.003 -19"><span class='ocrx_word' id='word_1_489' title='bbox 2174 3395 2274 3465; x_wconf 77' lang='grc' dir='ltr'>ήδη</span> <span class='ocrx_word' id='word_1_490' title='bbox 2308 3393 2644 3456; x_wconf 79' lang='grc' dir='ltr'>ἑαλωκότας,</span> <span class='ocrx_word' id='word_1_491' title='bbox 2695 3393 3008 3459; x_wconf 88' lang='grc' dir='ltr'>κατέλιπον,</span> <span class='ocrx_word' id='word_1_492' title='bbox 3044 3393 3138 3444; x_wconf 76' lang='grc' dir='ltr'>ἐπὶ</span> <span class='ocrx_word' id='word_1_493' title='bbox 3168 3393 3224 3445; x_wconf 79' lang='grc' dir='ltr'>δὲ</span> <span class='ocrx_word' id='word_1_494' title='bbox 3251 3393 3345 3445; x_wconf 72' lang='grc' dir='ltr'>τὸν</span> <span class='ocrx_word' id='word_1_495' title='bbox 3374 3393 3752 3464; x_wconf 83' lang='grc' dir='ltr'>Καλπούρνιον</span> 
     </span>
    </p>
   </div>
   <div class='ocr_carea' id='block_1_66' title="bbox 2176 3483 3755 3555">
    <p class='ocr_par' dir='ltr' id='par_1_66' title="bbox 2176 3483 3755 3555">
     <span class='ocr_line' id='line_1_66' title="bbox 2176 3483 3755 3555; baseline -0.001 -18"><span class='ocrx_word' id='word_1_496' title='bbox 2176 3486 2537 3555; x_wconf 82' lang='grc' dir='ltr'>συνέδραμον.</span> <span class='ocrx_word' id='word_1_497' title='bbox 2566 3483 2676 3537; x_wconf 71' lang='grc' dir='ltr'>Καὶ</span> <span class='ocrx_word' id='word_1_498' title='bbox 2739 3486 2917 3554; x_wconf 83' lang='grc' dir='ltr'>μάχης</span> <span class='ocrx_word' id='word_1_499' title='bbox 2951 3485 3180 3554; x_wconf 80' lang='grc' dir='ltr'>ἰσχυρᾶς</span> <span class='ocrx_word' id='word_1_500' title='bbox 3223 3484 3536 3552; x_wconf 86' lang='grc' dir='ltr'>γεγονυίας,</span> <span class='ocrx_word' id='word_1_501' title='bbox 3571 3486 3755 3536; x_wconf 76' lang='grc' dir='ltr'>πολλοὶ</span> 
     </span>
    </p>
   </div>
   <div class='ocr_carea' id='block_1_67' title="bbox 2180 3576 3755 3648">
    <p class='ocr_par' dir='ltr' id='par_1_67' title="bbox 2180 3576 3755 3648">
     <span class='ocr_line' id='line_1_67' title="bbox 2180 3576 3755 3648; baseline 0 -18"><span class='ocrx_word' id='word_1_502' title='bbox 2180 3579 2279 3648; x_wconf 86' lang='grc' dir='ltr'>μὲν</span> <span class='ocrx_word' id='word_1_503' title='bbox 2310 3577 2604 3641; x_wconf 85' lang='grc' dir='ltr'>κάκείνων,</span> <span class='ocrx_word' id='word_1_504' title='bbox 2639 3577 2839 3640; x_wconf 81' lang='grc' dir='ltr'>πάντες</span> <span class='ocrx_word' id='word_1_505' title='bbox 2868 3577 2912 3629; x_wconf 77' lang='grc' dir='ltr'>δ’</span> <span class='ocrx_word' id='word_1_506' title='bbox 2944 3580 2990 3628; x_wconf 85' lang='grc' dir='ltr'>οί</span> <span class='ocrx_word' id='word_1_507' title='bbox 3042 3576 3346 3646; x_wconf 84' lang='grc' dir='ltr'>τριακόσιοι</span> <span class='ocrx_word' id='word_1_508' title='bbox 3381 3577 3581 3632; x_wconf 81' lang='grc' dir='ltr'>ἔπεσον</span> <span class='ocrx_word' id='word_1_509' title='bbox 3607 3595 3620 3608; x_wconf 83' lang='grc'><em>’</em></span> <span class='ocrx_word' id='word_1_510' title='bbox 3657 3579 3755 3645; x_wconf 81' lang='grc' dir='ltr'>μό-</span> 
     </span>
    </p>
   </div>
   <div class='ocr_carea' id='block_1_68' title="bbox 2175 3668 3752 3742">
    <p class='ocr_par' dir='ltr' id='par_1_68' title="bbox 2175 3668 3752 3742">
     <span class='ocr_line' id='line_1_68' title="bbox 2175 3668 3752 3742; baseline 0.003 -22"><span class='ocrx_word' id='word_1_511' title='bbox 2175 3685 2264 3732; x_wconf 88' lang='grc' dir='ltr'>νος</span> <span class='ocrx_word' id='word_1_512' title='bbox 2293 3669 2349 3722; x_wconf 82' lang='grc' dir='ltr'>δὲ</span> <span class='ocrx_word' id='word_1_513' title='bbox 2373 3669 2780 3741; x_wconf 84' lang='grc' dir='ltr'>περιεσέσωστο</span> <span class='ocrx_word' id='word_1_514' title='bbox 2825 3670 2852 3722; x_wconf 84' lang='grc' dir='ltr'><strong>ὁ</strong></span> <span class='ocrx_word' id='word_1_515' title='bbox 2895 3668 3298 3740; x_wconf 81' lang='grc' dir='ltr'>Καλπούρνιος,</span> <span class='ocrx_word' id='word_1_516' title='bbox 3338 3671 3572 3739; x_wconf 75' lang='grc' dir='ltr'>τρωθεὶς</span> <span class='ocrx_word' id='word_1_517' title='bbox 3607 3669 3710 3742; x_wconf 86' lang='grc' dir='ltr'>μέν</span> <span class='ocrx_word' id='word_1_518' title='bbox 3738 3689 3752 3702; x_wconf 88' lang='grc'>·</span> 
     </span>
    </p>
   </div>
   <div class='ocr_carea' id='block_1_69' title="bbox 490 3738 2070 3836">
    <p class='ocr_par' dir='ltr' id='par_1_69' title="bbox 490 3738 2066 3836">
     <span class='ocr_line' id='line_1_69' title="bbox 490 3738 2066 3836; baseline 0.005 -24"><span class='ocrx_word' id='word_1_519' title='bbox 490 3738 753 3832; x_wconf 73' lang='lat' dir='ltr'><strong>pugnant,</strong></span> <span class='ocrx_word' id='word_1_520' title='bbox 786 3763 952 3818; x_wconf 91' lang='lat' dir='ltr'><strong>etiam</strong></span> <span class='ocrx_word' id='word_1_521' title='bbox 1003 3765 1194 3820; x_wconf 89' lang='lat' dir='ltr'><strong>consul</strong></span> <span class='ocrx_word' id='word_1_522' title='bbox 1244 3764 1491 3828; x_wconf 81' lang='lat' dir='ltr'><strong>Attilius,</strong></span> <span class='ocrx_word' id='word_1_523' title='bbox 1539 3768 1744 3820; x_wconf 88' lang='lat' dir='ltr'><strong>evitato</strong></span> <span class='ocrx_word' id='word_1_524' title='bbox 1797 3767 2066 3836; x_wconf 90' lang='lat' dir='ltr'><strong>periculo,</strong></span> 
     </span>
    </p>
   </div>
   <div class='ocr_carea' id='block_1_70' title="bbox 2176 3738 3756 3836">
    <p class='ocr_par' dir='ltr' id='par_1_70' title="bbox 2176 3738 3756 3834">
     <span class='ocr_line' id='line_1_70' title="bbox 2176 3738 3756 3834; baseline 0.002 -21"><span class='ocrx_word' id='word_1_525' title='bbox 2176 3760 2353 3814; x_wconf 83' lang='grc' dir='ltr'>λαθὼν</span> <span class='ocrx_word' id='word_1_526' title='bbox 2400 3738 2460 3814; x_wconf 27' lang='grc' dir='ltr'>δ’-</span> <span class='ocrx_word' id='word_1_527' title='bbox 2490 3763 2549 3814; x_wconf 85' lang='grc' dir='ltr'>ἐν</span> <span class='ocrx_word' id='word_1_528' title='bbox 2586 3763 2702 3824; x_wconf 81' lang='grc' dir='ltr'>τοῖς</span> <span class='ocrx_word' id='word_1_529' title='bbox 2755 3763 2974 3830; x_wconf 87' lang='grc' dir='ltr'>νεκροῖς</span> <span class='ocrx_word' id='word_1_530' title='bbox 3028 3738 3284 3831; x_wconf 86' lang='grc' dir='ltr'>κείμενος</span> <span class='ocrx_word' id='word_1_531' title='bbox 3311 3738 3416 3814; x_wconf 76' lang='grc' dir='ltr'>ὑπὸ</span> <span class='ocrx_word' id='word_1_532' title='bbox 3441 3763 3553 3814; x_wconf 85' lang='grc' dir='ltr'>τῶν</span> <span class='ocrx_word' id='word_1_533' title='bbox 3578 3738 3756 3834; x_wconf 75' lang='grc' dir='ltr'>τραυο</span> 
     </span>
    </p>
   </div>
   <div class='ocr_carea' id='block_1_71' title="bbox 491 3854 2069 3928">
    <p class='ocr_par' dir='ltr' id='par_1_71' title="bbox 491 3854 2069 3928">
     <span class='ocr_line' id='line_1_71' title="bbox 491 3854 2069 3928; baseline 0.002 -20"><span class='ocrx_word' id='word_1_534' title='bbox 491 3854 780 3909; x_wconf 89' lang='lat' dir='ltr'><strong>Camarina</strong></span> <span class='ocrx_word' id='word_1_535' title='bbox 812 3865 866 3910; x_wconf 91' lang='lat' dir='ltr'>et</span> <span class='ocrx_word' id='word_1_536' title='bbox 911 3855 1034 3911; x_wconf 90' lang='lat' dir='ltr'><strong>aliis</strong></span> <span class='ocrx_word' id='word_1_537' title='bbox 1079 3857 1310 3912; x_wconf 84' lang='lat' dir='ltr'><strong>urbibus</strong></span> <span class='ocrx_word' id='word_1_538' title='bbox 1344 3858 1542 3927; x_wconf 89' lang='lat' dir='ltr'><strong>partim</strong></span> <span class='ocrx_word' id='word_1_539' title='bbox 1566 3859 1640 3923; x_wconf 92' lang='lat' dir='ltr'>vi,</span> <span class='ocrx_word' id='word_1_540' title='bbox 1675 3860 1874 3928; x_wconf 90' lang='lat' dir='ltr'><strong>partim</strong></span> <span class='ocrx_word' id='word_1_541' title='bbox 1913 3859 2069 3914; x_wconf 87' lang='lat' dir='ltr'><strong>dedi-</strong></span> 
     </span>
    </p>
   </div>
   <div class='ocr_carea' id='block_1_72' title="bbox 495 3947 2068 4022">
    <p class='ocr_par' dir='ltr' id='par_1_72' title="bbox 495 3947 2068 4022">
     <span class='ocr_line' id='line_1_72' title="bbox 495 3947 2068 4022; baseline 0.002 -22"><span class='ocrx_word' id='word_1_542' title='bbox 495 3947 642 4002; x_wconf 71' lang='lat' dir='ltr'><strong>tione</strong></span> <span class='ocrx_word' id='word_1_543' title='bbox 701 3947 965 4013; x_wconf 85' lang='lat' dir='ltr'><strong>subactis,</strong></span> <span class='ocrx_word' id='word_1_544' title='bbox 1016 3949 1083 4005; x_wconf 88' lang='lat' dir='ltr'>ad</span> <span class='ocrx_word' id='word_1_545' title='bbox 1135 3950 1390 4020; x_wconf 88' lang='lat' dir='ltr'><strong>Liparam</strong></span> <span class='ocrx_word' id='word_1_546' title='bbox 1433 3950 1804 4019; x_wconf 86' lang='lat' dir='ltr'><strong>proﬁciscitur</strong></span> <span class='ocrx_word' id='word_1_547' title='bbox 1853 3972 1863 4005; x_wconf 91' lang='lat'>:</span> <span class='ocrx_word' id='word_1_548' title='bbox 1905 3967 2068 4022; x_wconf 87' lang='lat' dir='ltr'><strong>quam</strong></span> 
     </span>
    </p>
   </div>
   <div class='ocr_carea' id='block_1_73' title="bbox 493 4037 2073 4111">
    <p class='ocr_par' dir='ltr' id='par_1_73' title="bbox 493 4037 2073 4111">
     <span class='ocr_line' id='line_1_73' title="bbox 493 4037 2073 4111; baseline 0.003 -19"><span class='ocrx_word' id='word_1_549' title='bbox 493 4055 616 4092; x_wconf 90' lang='lat' dir='ltr'>cum</span> <span class='ocrx_word' id='word_1_550' title='bbox 662 4037 937 4094; x_wconf 78' lang='lat' dir='ltr'><strong>Hamilcar</strong></span> <span class='ocrx_word' id='word_1_551' title='bbox 985 4043 1124 4095; x_wconf 88' lang='lat' dir='ltr'><strong>clam</strong></span> <span class='ocrx_word' id='word_1_552' title='bbox 1173 4053 1337 4097; x_wconf 90' lang='lat' dir='ltr'><strong>noctu</strong></span> <span class='ocrx_word' id='word_1_553' title='bbox 1365 4053 1709 4111; x_wconf 77' lang='lat' dir='ltr'><strong>occupasset,</strong></span> <span class='ocrx_word' id='word_1_554' title='bbox 1742 4044 1923 4098; x_wconf 88' lang='lat' dir='ltr'><strong>subita</strong></span> <span class='ocrx_word' id='word_1_555' title='bbox 1946 4061 2073 4097; x_wconf 82' lang='lat' dir='ltr'><strong>eru-</strong></span> 
     </span>
    </p>
   </div>
   <div class='ocr_carea' id='block_1_74' title="bbox 496 4133 2072 4207">
    <p class='ocr_par' dir='ltr' id='par_1_74' title="bbox 496 4133 2072 4207">
     <span class='ocr_line' id='line_1_74' title="bbox 496 4133 2072 4207; baseline 0.005 -23"><span class='ocrx_word' id='word_1_556' title='bbox 496 4133 682 4202; x_wconf 86' lang='lat' dir='ltr'><strong>ptione</strong></span> <span class='ocrx_word' id='word_1_557' title='bbox 727 4135 892 4197; x_wconf 75' lang='lat' dir='ltr'><strong>facta,</strong></span> <span class='ocrx_word' id='word_1_558' title='bbox 927 4135 1129 4190; x_wconf 91' lang='lat' dir='ltr'><strong>multos</strong></span> <span class='ocrx_word' id='word_1_559' title='bbox 1160 4136 1391 4190; x_wconf 73' lang='lat' dir='ltr'><strong>czecidit.</strong></span> <span class='ocrx_word' id='word_1_560' title='bbox 1427 4135 1593 4190; x_wconf 84' lang='lat' dir='ltr'><strong>Caius</strong></span> <span class='ocrx_word' id='word_1_561' title='bbox 1625 4153 1757 4190; x_wconf 89' lang='lat' dir='ltr'><strong>vero</strong></span> <span class='ocrx_word' id='word_1_562' title='bbox 1806 4136 2072 4207; x_wconf 83' lang='lat' dir='ltr'><strong>Snlpitius</strong></span> 
     </span>
    </p>
   </div>
   <div class='ocr_carea' id='block_1_75' title="bbox 495 4227 2071 4298">
    <p class='ocr_par' dir='ltr' id='par_1_75' title="bbox 495 4227 2071 4298">
     <span class='ocr_line' id='line_1_75' title="bbox 495 4227 2071 4298; baseline 0.004 -21"><span class='ocrx_word' id='word_1_563' title='bbox 495 4241 604 4278; x_wconf 91' lang='lat' dir='ltr'>non</span> <span class='ocrx_word' id='word_1_564' title='bbox 633 4227 796 4280; x_wconf 88' lang='lat' dir='ltr'><strong>modo</strong></span> <span class='ocrx_word' id='word_1_565' title='bbox 828 4227 1094 4282; x_wconf 65' lang='lat' dir='ltr'><strong>Sardiniae</strong></span> <span class='ocrx_word' id='word_1_566' title='bbox 1146 4232 1407 4298; x_wconf 70' lang='lat' dir='ltr'><strong>pleraque</strong></span> <span class='ocrx_word' id='word_1_567' title='bbox 1443 4230 1560 4282; x_wconf 92' lang='lat' dir='ltr'><strong>loca</strong></span> <span class='ocrx_word' id='word_1_568' title='bbox 1613 4228 1898 4284; x_wconf 77' lang='lat' dir='ltr'><strong>infestavit</strong></span> <span class='ocrx_word' id='word_1_569' title='bbox 1930 4245 1942 4284; x_wconf 93' lang='lat'>:</span> <span class='ocrx_word' id='word_1_570' title='bbox 1975 4230 2071 4284; x_wconf 91' lang='lat' dir='ltr'>sed</span> 
     </span>
    </p>
   </div>
   <div class='ocr_carea' id='block_1_76' title="bbox 493 4319 2070 4391">
    <p class='ocr_par' dir='ltr' id='par_1_76' title="bbox 493 4319 2070 4391">
     <span class='ocr_line' id='line_1_76' title="bbox 493 4319 2070 4391; baseline 0.004 -21"><span class='ocrx_word' id='word_1_571' title='bbox 493 4319 840 4373; x_wconf 89' lang='lat' dir='ltr'><strong>successibus</strong></span> <span class='ocrx_word' id='word_1_572' title='bbox 883 4320 1079 4385; x_wconf 84' lang='lat' dir='ltr'><strong>elatus,</strong></span> <span class='ocrx_word' id='word_1_573' title='bbox 1127 4321 1292 4374; x_wconf 86' lang='lat' dir='ltr'><strong>etiam</strong></span> <span class='ocrx_word' id='word_1_574' title='bbox 1326 4332 1518 4375; x_wconf 88' lang='lat' dir='ltr'><strong>contra</strong></span> <span class='ocrx_word' id='word_1_575' title='bbox 1565 4322 1789 4391; x_wconf 79' lang='lat' dir='ltr'><strong>Libyam</strong></span> <span class='ocrx_word' id='word_1_576' title='bbox 1847 4322 1952 4377; x_wconf 81' lang='lat' dir='ltr'><strong>iter</strong></span> <span class='ocrx_word' id='word_1_577' title='bbox 1984 4325 2070 4377; x_wconf 92' lang='lat' dir='ltr'><strong>in-</strong></span> 
     </span>
    </p>
   </div>
   <div class='ocr_carea' id='block_1_77' title="bbox 495 4409 2072 4480">
    <p class='ocr_par' dir='ltr' id='par_1_77' title="bbox 495 4409 2072 4480">
     <span class='ocr_line' id='line_1_77' title="bbox 495 4409 2072 4480; baseline 0.004 -18"><span class='ocrx_word' id='word_1_578' title='bbox 495 4409 692 4463; x_wconf 76' lang='lat' dir='ltr'><strong>tendit.</strong></span> <span class='ocrx_word' id='word_1_579' title='bbox 760 4409 836 4464; x_wconf 81' lang='lat' dir='ltr'>Ac</span> <span class='ocrx_word' id='word_1_580' title='bbox 869 4409 1354 4480; x_wconf 78' lang='lat' dir='ltr'><strong>Carthaginienses</strong></span> <span class='ocrx_word' id='word_1_581' title='bbox 1409 4428 1532 4466; x_wconf 89' lang='lat' dir='ltr'>cum</span> <span class='ocrx_word' id='word_1_582' title='bbox 1589 4412 1857 4468; x_wconf 84' lang='lat' dir='ltr'><strong>Annibale</strong></span> <span class='ocrx_word' id='word_1_583' title='bbox 1894 4416 2072 4468; x_wconf 81' lang='lat' dir='ltr'><strong>solve-</strong></span> 
     </span>
    </p>
   </div>
   <div class='ocr_carea' id='block_1_78' title="bbox 499 4502 2071 4576">
    <p class='ocr_par' dir='ltr' id='par_1_78' title="bbox 499 4502 2071 4576">
     <span class='ocr_line' id='line_1_78' title="bbox 499 4502 2071 4576; baseline 0.005 -24"><span class='ocrx_word' id='word_1_584' title='bbox 499 4509 644 4559; x_wconf 86' lang='lat' dir='ltr'><strong>runt,</strong></span> <span class='ocrx_word' id='word_1_585' title='bbox 679 4502 864 4569; x_wconf 68' lang='lat' dir='ltr'><strong>patriae</strong></span> <span class='ocrx_word' id='word_1_586' title='bbox 895 4513 1202 4557; x_wconf 86' lang='lat' dir='ltr'><strong>metuentes</strong></span> <span class='ocrx_word' id='word_1_587' title='bbox 1230 4523 1241 4557; x_wconf 89' lang='lat'>:</span> <span class='ocrx_word' id='word_1_588' title='bbox 1270 4505 1364 4558; x_wconf 87' lang='lat' dir='ltr'>sed</span> <span class='ocrx_word' id='word_1_589' title='bbox 1391 4514 1555 4560; x_wconf 81' lang='lat' dir='ltr'><strong>vento</strong></span> <span class='ocrx_word' id='word_1_590' title='bbox 1580 4506 1812 4560; x_wconf 88' lang='lat' dir='ltr'><strong>adverso</strong></span> <span class='ocrx_word' id='word_1_591' title='bbox 1844 4507 2071 4576; x_wconf 88' lang='lat' dir='ltr'><strong>repulsi,</strong></span> 
     </span>
    </p>
   </div>
   <div class='ocr_carea' id='block_1_79' title="bbox 495 4593 2073 4668">
    <p class='ocr_par' dir='ltr' id='par_1_79' title="bbox 495 4593 2073 4668">
     <span class='ocr_line' id='line_1_79' title="bbox 495 4593 2073 4668; baseline 0.003 -22"><span class='ocrx_word' id='word_1_592' title='bbox 495 4593 659 4648; x_wconf 86' lang='lat' dir='ltr'><strong>ambo</strong></span> <span class='ocrx_word' id='word_1_593' title='bbox 689 4605 1054 4651; x_wconf 87' lang='lat' dir='ltr'><strong>recesserunt.</strong></span> <span class='ocrx_word' id='word_1_594' title='bbox 1112 4597 1323 4652; x_wconf 88' lang='lat' dir='ltr'><strong>Deinde</strong></span> <span class='ocrx_word' id='word_1_595' title='bbox 1368 4598 1592 4652; x_wconf 81' lang='lat' dir='ltr'><strong>Attilius</strong></span> <span class='ocrx_word' id='word_1_596' title='bbox 1626 4598 1950 4652; x_wconf 85' lang='lat' dir='ltr'><strong>Annibalem</strong></span> <span class='ocrx_word' id='word_1_597' title='bbox 1977 4614 2073 4668; x_wconf 90' lang='lat' dir='ltr'>per</span> 
     </span>
    </p>
   </div>
   <div class='ocr_carea' id='block_1_80' title="bbox 497 4686 2070 4760">
    <p class='ocr_par' dir='ltr' id='par_1_80' title="bbox 497 4686 2070 4760">
     <span class='ocr_line' id='line_1_80' title="bbox 497 4686 2070 4760; baseline 0.002 -20"><span class='ocrx_word' id='word_1_598' title='bbox 497 4686 834 4742; x_wconf 87' lang='lat' dir='ltr'><strong>subornatos</strong></span> <span class='ocrx_word' id='word_1_599' title='bbox 858 4688 1186 4758; x_wconf 82' lang='lat' dir='ltr'><strong>transfugas,</strong></span> <span class='ocrx_word' id='word_1_600' title='bbox 1225 4698 1482 4760; x_wconf 90' lang='lat' dir='ltr'><strong>tanquam</strong></span> <span class='ocrx_word' id='word_1_601' title='bbox 1523 4689 1705 4743; x_wconf 91' lang='lat' dir='ltr'><strong>denuo</strong></span> <span class='ocrx_word' id='word_1_602' title='bbox 1747 4691 1801 4744; x_wconf 92' lang='lat' dir='ltr'>in</span> <span class='ocrx_word' id='word_1_603' title='bbox 1832 4689 2070 4748; x_wconf 72' lang='lat' dir='ltr'><strong>Africam</strong></span> 
     </span>
    </p>
   </div>
   <div class='ocr_carea' id='block_1_81' title="bbox 496 4781 2065 4853">
    <p class='ocr_par' dir='ltr' id='par_1_81' title="bbox 496 4781 2065 4853">
     <span class='ocr_line' id='line_1_81' title="bbox 496 4781 2065 4853; baseline 0.003 -21"><span class='ocrx_word' id='word_1_604' title='bbox 496 4782 873 4850; x_wconf 82' lang='lat' dir='ltr'><strong>navigaturus.</strong></span> <span class='ocrx_word' id='word_1_605' title='bbox 911 4781 1148 4852; x_wconf 86' lang='lat' dir='ltr'><strong>decepit.</strong></span> <span class='ocrx_word' id='word_1_606' title='bbox 1183 4782 1320 4838; x_wconf 92' lang='lat' dir='ltr'>Cum</span> <span class='ocrx_word' id='word_1_607' title='bbox 1351 4783 1519 4853; x_wconf 81' lang='lat' dir='ltr'><strong>igitur</strong></span> <span class='ocrx_word' id='word_1_608' title='bbox 1547 4784 1804 4840; x_wconf 81' lang='lat' dir='ltr'><strong>celeriter</strong></span> <span class='ocrx_word' id='word_1_609' title='bbox 1836 4799 1867 4838; x_wconf 94' lang='lat' dir='ltr'>e</span> <span class='ocrx_word' id='word_1_610' title='bbox 1901 4793 2065 4853; x_wconf 90' lang='lat' dir='ltr'><strong>portu</strong></span> 
     </span>
    </p>
   </div>
   <div class='ocr_carea' id='block_1_82' title="bbox 496 4863 2069 4946">
    <p class='ocr_par' dir='ltr' id='par_1_82' title="bbox 496 4863 2069 4946">
     <span class='ocr_line' id='line_1_82' title="bbox 496 4863 2069 4946; baseline 0.003 -20"><span class='ocrx_word' id='word_1_611' title='bbox 496 4873 769 4938; x_wconf 86' lang='lat' dir='ltr'><strong>solvisset,</strong></span> <span class='ocrx_word' id='word_1_612' title='bbox 799 4873 1068 4944; x_wconf 76' lang='lat' dir='ltr'><strong>Sulpitius</strong></span> <span class='ocrx_word' id='word_1_613' title='bbox 1090 4887 1282 4929; x_wconf 90' lang='lat' dir='ltr'><strong>contra</strong></span> <span class='ocrx_word' id='word_1_614' title='bbox 1305 4891 1431 4929; x_wconf 90' lang='lat' dir='ltr'>eum</span> <span class='ocrx_word' id='word_1_615' title='bbox 1464 4876 1738 4941; x_wconf 90' lang='lat' dir='ltr'><strong>invectus,</strong></span> <span class='ocrx_word' id='word_1_616' title='bbox 1777 4863 2069 4946; x_wconf 86' lang='lat' dir='ltr'><strong>plerasque</strong></span> 
     </span>
    </p>
   </div>
   <div class='ocr_carea' id='block_1_83' title="bbox 495 4967 2071 5038">
    <p class='ocr_par' dir='ltr' id='par_1_83' title="bbox 495 4967 2071 5038">
     <span class='ocr_line' id='line_1_83' title="bbox 495 4967 2071 5038; baseline 0.003 -21"><span class='ocrx_word' id='word_1_617' title='bbox 495 4982 663 5022; x_wconf 83' lang='lat' dir='ltr'><strong>naves</strong></span> <span class='ocrx_word' id='word_1_618' title='bbox 707 4967 848 5037; x_wconf 88' lang='lat' dir='ltr'><strong>ejus,</strong></span> <span class='ocrx_word' id='word_1_619' title='bbox 899 4983 1010 5037; x_wconf 81' lang='lat' dir='ltr'><strong>prae</strong></span> <span class='ocrx_word' id='word_1_620' title='bbox 1047 4967 1278 5038; x_wconf 87' lang='lat' dir='ltr'><strong>caligine</strong></span> <span class='ocrx_word' id='word_1_621' title='bbox 1324 4967 1417 5022; x_wconf 89' lang='lat' dir='ltr'>diu</span> <span class='ocrx_word' id='word_1_622' title='bbox 1472 4968 1788 5038; x_wconf 81' lang='lat' dir='ltr'><strong>ignorantes</strong></span> <span class='ocrx_word' id='word_1_623' title='bbox 1821 4969 1948 5038; x_wconf 90' lang='lat' dir='ltr'><strong>quid</strong></span> <span class='ocrx_word' id='word_1_624' title='bbox 1993 4969 2071 5023; x_wconf 91' lang='lat' dir='ltr'>rei</span> 
     </span>
    </p>
   </div>
   <div class='ocr_carea' id='block_1_84' title="bbox 494 5059 1460 5124">
    <p class='ocr_par' dir='ltr' id='par_1_84' title="bbox 494 5059 1460 5124">
     <span class='ocr_line' id='line_1_84' title="bbox 494 5059 1460 5124; baseline 0.001 -10"><span class='ocrx_word' id='word_1_625' title='bbox 494 5070 665 5121; x_wconf 86' lang='lat' dir='ltr'><strong>esset,</strong></span> <span class='ocrx_word' id='word_1_626' title='bbox 708 5076 773 5114; x_wconf 87' lang='lat' dir='ltr'>ac</span> <span class='ocrx_word' id='word_1_627' title='bbox 824 5061 1094 5124; x_wconf 89' lang='lat' dir='ltr'><strong>turbatas,</strong></span> <span class='ocrx_word' id='word_1_628' title='bbox 1138 5059 1402 5114; x_wconf 88' lang='lat' dir='ltr'><strong>demersit</strong></span> <span class='ocrx_word' id='word_1_629' title='bbox 1447 5079 1460 5115; x_wconf 89' lang='lat'><strong>:</strong></span> 
     </span>
    </p>
   </div>
   <div class='ocr_carea' id='block_1_85' title="bbox 496 5152 2070 5224">
    <p class='ocr_par' dir='ltr' id='par_1_85' title="bbox 496 5152 2070 5224">
     <span class='ocr_line' id='line_1_85' title="bbox 496 5152 2070 5224; baseline -0.001 -17"><span class='ocrx_word' id='word_1_630' title='bbox 496 5154 877 5224; x_wconf 78' lang='lat' dir='ltr'><strong>profugerunt,</strong></span> <span class='ocrx_word' id='word_1_631' title='bbox 899 5162 1063 5223; x_wconf 88' lang='lat' dir='ltr'><strong>atque</strong></span> <span class='ocrx_word' id='word_1_632' title='bbox 1089 5154 1279 5207; x_wconf 89' lang='lat' dir='ltr'><strong>inanes</strong></span> <span class='ocrx_word' id='word_1_633' title='bbox 1301 5160 1473 5222; x_wconf 75' lang='lat' dir='ltr'><strong>capta:</strong></span> <span class='ocrx_word' id='word_1_634' title='bbox 1497 5163 1647 5206; x_wconf 91' lang='lat' dir='ltr'><strong>sunt.</strong></span> <span class='ocrx_word' id='word_1_635' title='bbox 1678 5153 1811 5206; x_wconf 87' lang='lat' dir='ltr'><strong>Nam</strong></span> <span class='ocrx_word' id='word_1_636' title='bbox 1835 5152 2070 5206; x_wconf 81' lang='lat' dir='ltr'><strong>Annibal</strong></span> 
     </span>
    </p>
   </div>
   <div class='ocr_carea' id='block_1_86' title="bbox 498 5243 2070 5318">
    <p class='ocr_par' dir='ltr' id='par_1_86' title="bbox 498 5243 2070 5318">
     <span class='ocr_line' id='line_1_86' title="bbox 498 5243 2070 5318; baseline -0.003 -18"><span class='ocrx_word' id='word_1_637' title='bbox 498 5263 620 5301; x_wconf 82' lang='lat' dir='ltr'>eum</span> <span class='ocrx_word' id='word_1_638' title='bbox 658 5257 876 5318; x_wconf 89' lang='lat' dir='ltr'><strong>portum</strong></span> <span class='ocrx_word' id='word_1_639' title='bbox 928 5261 1037 5300; x_wconf 91' lang='lat' dir='ltr'>non</span> <span class='ocrx_word' id='word_1_640' title='bbox 1099 5255 1276 5300; x_wconf 91' lang='lat' dir='ltr'><strong>tutum</strong></span> <span class='ocrx_word' id='word_1_641' title='bbox 1314 5259 1434 5298; x_wconf 89' lang='lat' dir='ltr'><strong>esse</strong></span> <span class='ocrx_word' id='word_1_642' title='bbox 1465 5244 1698 5306; x_wconf 85' lang='lat' dir='ltr'><strong>videret,</strong></span> <span class='ocrx_word' id='word_1_643' title='bbox 1738 5243 1805 5298; x_wconf 90' lang='lat' dir='ltr'>iis</span> <span class='ocrx_word' id='word_1_644' title='bbox 1845 5243 2070 5305; x_wconf 84' lang='lat' dir='ltr'><strong>relictis,</strong></span> 
     </span>
    </p>
   </div>
   <div class='ocr_carea' id='block_1_87' title="bbox 500 5335 2074 5404">
    <p class='ocr_par' dir='ltr' id='par_1_87' title="bbox 500 5335 2074 5404">
     <span class='ocr_line' id='line_1_87' title="bbox 500 5335 2074 5404; baseline -0.003 -12"><span class='ocrx_word' id='word_1_645' title='bbox 500 5339 554 5392; x_wconf 93' lang='lat' dir='ltr'>in</span> <span class='ocrx_word' id='word_1_646' title='bbox 601 5339 790 5393; x_wconf 86' lang='lat' dir='ltr'><strong>urbem</strong></span> <span class='ocrx_word' id='word_1_647' title='bbox 843 5338 1038 5395; x_wconf 91' lang='lat' dir='ltr'><strong>Sulcos</strong></span> <span class='ocrx_word' id='word_1_648' title='bbox 1073 5353 1132 5392; x_wconf 89' lang='lat' dir='ltr'>se</span> <span class='ocrx_word' id='word_1_649' title='bbox 1167 5337 1400 5392; x_wconf 92' lang='lat' dir='ltr'><strong>contulit</strong></span> <span class='ocrx_word' id='word_1_650' title='bbox 1443 5355 1456 5390; x_wconf 92' lang='lat'>:</span> <span class='ocrx_word' id='word_1_651' title='bbox 1491 5335 1677 5404; x_wconf 87' lang='lat' dir='ltr'><strong>ibique</strong></span> <span class='ocrx_word' id='word_1_652' title='bbox 1716 5342 1833 5387; x_wconf 88' lang='lat' dir='ltr'><strong>orta</strong></span> <span class='ocrx_word' id='word_1_653' title='bbox 1883 5343 2074 5387; x_wconf 88' lang='lat' dir='ltr'><strong>contra</strong></span> 
     </span>
    </p>
   </div>
   <div class='ocr_carea' id='block_1_88' title="bbox 501 5424 2078 5500">
    <p class='ocr_par' dir='ltr' id='par_1_88' title="bbox 501 5424 2078 5500">
     <span class='ocr_line' id='line_1_88' title="bbox 501 5424 2078 5500; baseline -0.001 -21"><span class='ocrx_word' id='word_1_654' title='bbox 501 5445 623 5482; x_wconf 70' lang='lat' dir='ltr'>rum</span> <span class='ocrx_word' id='word_1_655' title='bbox 665 5431 932 5484; x_wconf 86' lang='lat' dir='ltr'><strong>seditione</strong></span> <span class='ocrx_word' id='word_1_656' title='bbox 961 5426 1518 5500; x_wconf 83' lang='lat' dir='ltr'><strong>Carthaginiensium,</strong></span> <span class='ocrx_word' id='word_1_657' title='bbox 1554 5440 1678 5478; x_wconf 86' lang='lat' dir='ltr'>cum</span> <span class='ocrx_word' id='word_1_658' title='bbox 1706 5424 1856 5477; x_wconf 90' lang='lat' dir='ltr'><strong>solus</strong></span> <span class='ocrx_word' id='word_1_659' title='bbox 1885 5424 1949 5477; x_wconf 91' lang='lat' dir='ltr'>ad</span> <span class='ocrx_word' id='word_1_660' title='bbox 1982 5439 2078 5477; x_wconf 86' lang='lat' dir='ltr'>eos</span> 
     </span>
    </p>
   </div>
   <div class='ocr_carea' id='block_1_89' title="bbox 506 5517 2077 5592">
    <p class='ocr_par' dir='ltr' id='par_1_89' title="bbox 506 5517 2077 5592">
     <span class='ocr_line' id='line_1_89' title="bbox 506 5517 2077 5592; baseline -0.001 -20"><span class='ocrx_word' id='word_1_661' title='bbox 506 5521 817 5590; x_wconf 86' lang='lat' dir='ltr'><strong>prodiisset,</strong></span> <span class='ocrx_word' id='word_1_662' title='bbox 855 5523 1041 5592; x_wconf 86' lang='lat' dir='ltr'><strong>periit.</strong></span> <span class='ocrx_word' id='word_1_663' title='bbox 1072 5521 1150 5576; x_wconf 83' lang='lat' dir='ltr'>Ex</span> <span class='ocrx_word' id='word_1_664' title='bbox 1178 5537 1245 5575; x_wconf 91' lang='lat' dir='ltr'>eo</span> <span class='ocrx_word' id='word_1_665' title='bbox 1275 5530 1520 5588; x_wconf 88' lang='lat' dir='ltr'><strong>tempore</strong></span> <span class='ocrx_word' id='word_1_666' title='bbox 1556 5518 1787 5572; x_wconf 85' lang='lat' dir='ltr'><strong>Romani</strong></span> <span class='ocrx_word' id='word_1_667' title='bbox 1825 5517 2077 5572; x_wconf 88' lang='lat' dir='ltr'><strong>securius</strong></span> 
     </span>
    </p>
   </div>
   <div class='ocr_carea' id='block_1_90' title="bbox 504 5609 2078 5686">
    <p class='ocr_par' dir='ltr' id='par_1_90' title="bbox 504 5609 2078 5686">
     <span class='ocr_line' id='line_1_90' title="bbox 504 5609 2078 5686; baseline -0.003 -19"><span class='ocrx_word' id='word_1_668' title='bbox 504 5631 668 5686; x_wconf 81' lang='lat' dir='ltr'><strong>agros</strong></span> <span class='ocrx_word' id='word_1_669' title='bbox 710 5616 1055 5684; x_wconf 88' lang='lat' dir='ltr'><strong>populantes,</strong></span> <span class='ocrx_word' id='word_1_670' title='bbox 1103 5615 1169 5669; x_wconf 93' lang='lat' dir='ltr'>ab</span> <span class='ocrx_word' id='word_1_671' title='bbox 1206 5613 1470 5667; x_wconf 86' lang='lat' dir='ltr'><strong>llannone</strong></span> <span class='ocrx_word' id='word_1_672' title='bbox 1520 5610 1647 5664; x_wconf 85' lang='lat' dir='ltr'><strong>victi</strong></span> <span class='ocrx_word' id='word_1_673' title='bbox 1677 5619 1823 5664; x_wconf 87' lang='lat' dir='ltr'><strong>sunt.</strong></span> <span class='ocrx_word' id='word_1_674' title='bbox 1862 5609 1985 5663; x_wconf 72' lang='lat' dir='ltr'><strong>llwc</strong></span> <span class='ocrx_word' id='word_1_675' title='bbox 2011 5625 2078 5663; x_wconf 92' lang='lat' dir='ltr'>eo</span> 
     </span>
    </p>
   </div>
   <div class='ocr_carea' id='block_1_91' title="bbox 506 5701 2078 5778">
    <p class='ocr_par' dir='ltr' id='par_1_91' title="bbox 506 5701 2078 5778">
     <span class='ocr_line' id='line_1_91' title="bbox 506 5701 2078 5778; baseline -0.003 -19"><span class='ocrx_word' id='word_1_676' title='bbox 506 5725 650 5761; x_wconf 86' lang='lat' dir='ltr'><strong>anno</strong></span> <span class='ocrx_word' id='word_1_677' title='bbox 702 5718 848 5778; x_wconf 85' lang='lat' dir='ltr'><strong>gesta</strong></span> <span class='ocrx_word' id='word_1_678' title='bbox 895 5717 1024 5762; x_wconf 90' lang='lat' dir='ltr'><strong>sunt</strong></span> <span class='ocrx_word' id='word_1_679' title='bbox 1062 5726 1074 5762; x_wconf 94' lang='lat'><strong>:</strong></span> <span class='ocrx_word' id='word_1_680' title='bbox 1115 5717 1169 5762; x_wconf 90' lang='lat' dir='ltr'>et</span> <span class='ocrx_word' id='word_1_681' title='bbox 1219 5707 1567 5760; x_wconf 83' lang='lat' dir='ltr'><strong>continenter</strong></span> <span class='ocrx_word' id='word_1_682' title='bbox 1607 5702 1814 5772; x_wconf 76' lang='lat' dir='ltr'><strong>lapides</strong></span> <span class='ocrx_word' id='word_1_683' title='bbox 1846 5701 1913 5755; x_wconf 86' lang='lat' dir='ltr'>de</span> <span class='ocrx_word' id='word_1_684' title='bbox 1938 5702 2078 5755; x_wconf 73' lang='lat' dir='ltr'><strong>cwlo</strong></span> 
     </span>
    </p>
   </div>
   <div class='ocr_carea' id='block_1_92' title="bbox 511 5793 2078 5871">
    <p class='ocr_par' dir='ltr' id='par_1_92' title="bbox 511 5793 2078 5871">
     <span class='ocr_line' id='line_1_92' title="bbox 511 5793 2078 5871; baseline -0.004 -19"><span class='ocrx_word' id='word_1_685' title='bbox 511 5799 675 5855; x_wconf 83' lang='lat' dir='ltr'><strong>simul</strong></span> <span class='ocrx_word' id='word_1_686' title='bbox 709 5799 915 5871; x_wconf 87' lang='lat' dir='ltr'><strong>plures,</strong></span> <span class='ocrx_word' id='word_1_687' title='bbox 957 5797 1238 5869; x_wconf 88' lang='lat' dir='ltr'><strong>grandinis</strong></span> <span class='ocrx_word' id='word_1_688' title='bbox 1284 5800 1474 5864; x_wconf 88' lang='lat' dir='ltr'><strong>instar,</strong></span> <span class='ocrx_word' id='word_1_689' title='bbox 1518 5797 1700 5850; x_wconf 70' lang='lat' dir='ltr'><strong>lloma:</strong></span> <span class='ocrx_word' id='word_1_690' title='bbox 1735 5793 1944 5850; x_wconf 72' lang='lat' dir='ltr'><strong>decidet</strong></span> <span class='ocrx_word' id='word_1_691' title='bbox 1962 5804 2078 5848; x_wconf 91' lang='lat' dir='ltr'><strong>unt.</strong></span> 
     </span>
    </p>
   </div>
   <div class='ocr_carea' id='block_1_93' title="bbox 2177 3857 3754 3932">
    <p class='ocr_par' dir='ltr' id='par_1_93' title="bbox 2177 3857 3754 3932">
     <span class='ocr_line' id='line_1_93' title="bbox 2177 3857 3754 3932; baseline 0.001 -22"><span class='ocrx_word' id='word_1_692' title='bbox 2177 3857 2382 3925; x_wconf 79' lang='grc' dir='ltr'>μάτων,</span> <span class='ocrx_word' id='word_1_693' title='bbox 2407 3857 2483 3921; x_wconf 82' lang='grc' dir='ltr'>ὡς</span> <span class='ocrx_word' id='word_1_694' title='bbox 2529 3859 2824 3930; x_wconf 85' lang='grc' dir='ltr'>τεθνηκὼς,</span> <span class='ocrx_word' id='word_1_695' title='bbox 2862 3858 2993 3932; x_wconf 80' lang='grc' dir='ltr'>ἔνθα</span> <span class='ocrx_word' id='word_1_696' title='bbox 3057 3857 3195 3922; x_wconf 76' lang='grc' dir='ltr'>ζωὸς</span> <span class='ocrx_word' id='word_1_697' title='bbox 3245 3857 3496 3926; x_wconf 77' lang='grc' dir='ltr'>εὑρεθεὶς</span> <span class='ocrx_word' id='word_1_698' title='bbox 3549 3857 3754 3925; x_wconf 80' lang='grc' dir='ltr'>ἐσώθη.</span> 
     </span>
    </p>
   </div>
   <div class='ocr_carea' id='block_1_94' title="bbox 2184 3942 3754 4021">
    <p class='ocr_par' dir='ltr' id='par_1_94' title="bbox 2184 3942 3754 4021">
     <span class='ocr_line' id='line_1_94' title="bbox 2184 3942 3754 4021; baseline 0.001 -19"><span class='ocrx_word' id='word_1_699' title='bbox 2184 3951 2277 4002; x_wconf 85' lang='grc' dir='ltr'>Ἐν</span> <span class='ocrx_word' id='word_1_700' title='bbox 2381 3951 2425 4003; x_wconf 86' lang='grc' dir='ltr'>δ’</span> <span class='ocrx_word' id='word_1_701' title='bbox 2449 3951 2497 4003; x_wconf 84' lang='grc' dir='ltr'>οἱ</span> <span class='ocrx_word' id='word_1_702' title='bbox 2551 3952 2856 4020; x_wconf 85' lang='grc' dir='ltr'>τριακόσιοι</span> <span class='ocrx_word' id='word_1_703' title='bbox 2897 3951 3185 4020; x_wconf 81' lang='grc' dir='ltr'>ἐμάχοντο,</span> <span class='ocrx_word' id='word_1_704' title='bbox 3221 3952 3249 4004; x_wconf 88' lang='lat'>6</span> <span class='ocrx_word' id='word_1_705' title='bbox 3289 3950 3494 4012; x_wconf 74' lang='grc' dir='ltr'>ὕπατος</span> <span class='ocrx_word' id='word_1_706' title='bbox 3532 3951 3754 4021; x_wconf 87' lang='grc' dir='ltr'>ἀπεχώ-</span> 
     </span>
    </p>
   </div>
   <div class='ocr_carea' id='block_1_95' title="bbox 2177 4042 3754 4112">
    <p class='ocr_par' dir='ltr' id='par_1_95' title="bbox 2177 4042 3754 4112">
     <span class='ocr_line' id='line_1_95' title="bbox 2177 4042 3754 4112; baseline 0.001 -19"><span class='ocrx_word' id='word_1_707' title='bbox 2177 4058 2330 4110; x_wconf 88' lang='grc' dir='ltr'>ρησε.</span> <span class='ocrx_word' id='word_1_708' title='bbox 2380 4042 2670 4111; x_wconf 82' lang='grc' dir='ltr'>Διαφυγὼν</span> <span class='ocrx_word' id='word_1_709' title='bbox 2716 4043 2762 4095; x_wconf 86' lang='grc' dir='ltr'>δ’</span> <span class='ocrx_word' id='word_1_710' title='bbox 2792 4042 2987 4107; x_wconf 79' lang='grc' dir='ltr'>οὕτως,</span> <span class='ocrx_word' id='word_1_711' title='bbox 3022 4042 3119 4112; x_wconf 85' lang='grc' dir='ltr'>τήν</span> <span class='ocrx_word' id='word_1_712' title='bbox 3167 4057 3226 4095; x_wconf 82' lang='grc' dir='ltr'>τε</span> <span class='ocrx_word' id='word_1_713' title='bbox 3274 4043 3604 4110; x_wconf 87' lang='grc' dir='ltr'>Καμαρῖναν</span> <span class='ocrx_word' id='word_1_714' title='bbox 3664 4043 3754 4095; x_wconf 80' lang='grc' dir='ltr'>καί</span> 
     </span>
    </p>
   </div>
   <div class='ocr_carea' id='block_1_96' title="bbox 2174 4132 3758 4204">
    <p class='ocr_par' dir='ltr' id='par_1_96' title="bbox 2174 4132 3758 4204">
     <span class='ocr_line' id='line_1_96' title="bbox 2174 4132 3758 4204; baseline 0 -19"><span class='ocrx_word' id='word_1_715' title='bbox 2174 4133 2339 4194; x_wconf 80' lang='grc' dir='ltr'>ἄλλας</span> <span class='ocrx_word' id='word_1_716' title='bbox 2390 4134 2574 4195; x_wconf 79' lang='grc' dir='ltr'>πόλεις</span> <span class='ocrx_word' id='word_1_717' title='bbox 2623 4135 2721 4197; x_wconf 75' lang='grc' dir='ltr'>τὰς</span> <span class='ocrx_word' id='word_1_718' title='bbox 2761 4134 2858 4202; x_wconf 84' lang='grc' dir='ltr'>μὲν</span> <span class='ocrx_word' id='word_1_719' title='bbox 2926 4133 3037 4204; x_wconf 80' lang='grc' dir='ltr'>βίᾳ,</span> <span class='ocrx_word' id='word_1_720' title='bbox 3099 4132 3198 4196; x_wconf 78' lang='grc' dir='ltr'>τὰς</span> <span class='ocrx_word' id='word_1_721' title='bbox 3248 4132 3305 4184; x_wconf 87' lang='grc' dir='ltr'>δὲ</span> <span class='ocrx_word' id='word_1_722' title='bbox 3347 4133 3440 4186; x_wconf 78' lang='grc' dir='ltr'>καὶ</span> <span class='ocrx_word' id='word_1_723' title='bbox 3493 4134 3758 4203; x_wconf 74' lang='grc' dir='ltr'>ὁμολογία</span> 
     </span>
    </p>
   </div>
   <div class='ocr_carea' id='block_1_97' title="bbox 2180 4224 3759 4295">
    <p class='ocr_par' dir='ltr' id='par_1_97' title="bbox 2180 4224 3759 4295">
     <span class='ocr_line' id='line_1_97' title="bbox 2180 4224 3759 4295; baseline 0.001 -20"><span class='ocrx_word' id='word_1_724' title='bbox 2180 4225 2580 4294; x_wconf 83' lang='grc' dir='ltr'>παρεστήσατο.</span> <span class='ocrx_word' id='word_1_725' title='bbox 2629 4225 2911 4279; x_wconf 79' lang='grc' dir='ltr'>Ἐντεῦθεν</span> <span class='ocrx_word' id='word_1_726' title='bbox 2957 4225 3048 4277; x_wconf 79' lang='grc' dir='ltr'>ἐπὶ</span> <span class='ocrx_word' id='word_1_727' title='bbox 3076 4224 3174 4294; x_wconf 82' lang='grc' dir='ltr'>τὴν</span> <span class='ocrx_word' id='word_1_728' title='bbox 3207 4225 3465 4294; x_wconf 83' lang='grc' dir='ltr'>Λιπάραν</span> <span class='ocrx_word' id='word_1_729' title='bbox 3496 4224 3759 4295; x_wconf 77' lang='grc' dir='ltr'>ὥρμησεν</span> 
     </span>
    </p>
   </div>
   <div class='ocr_carea' id='block_1_98' title="bbox 2173 4317 3759 4388">
    <p class='ocr_par' dir='ltr' id='par_1_98' title="bbox 2173 4317 3759 4388">
     <span class='ocr_line' id='line_1_98' title="bbox 2173 4317 3759 4388; baseline -0.001 -18"><span class='ocrx_word' id='word_1_730' title='bbox 2173 4319 2202 4370; x_wconf 88' lang='lat'>6</span> <span class='ocrx_word' id='word_1_731' title='bbox 2251 4317 2532 4381; x_wconf 81' lang='grc' dir='ltr'>Ἀττίλιος.</span> <span class='ocrx_word' id='word_1_732' title='bbox 2578 4317 2790 4379; x_wconf 77' lang='grc' dir='ltr'>Νυκτὸς</span> <span class='ocrx_word' id='word_1_733' title='bbox 2840 4317 2901 4370; x_wconf 85' lang='grc' dir='ltr'>δὲ</span> <span class='ocrx_word' id='word_1_734' title='bbox 2943 4318 3122 4370; x_wconf 86' lang='grc' dir='ltr'>λαθὼν</span> <span class='ocrx_word' id='word_1_735' title='bbox 3168 4317 3546 4388; x_wconf 82' lang='grc' dir='ltr'>προκατέσχεν</span> <span class='ocrx_word' id='word_1_736' title='bbox 3591 4319 3759 4388; x_wconf 67' lang='grc' dir='ltr'>αὐτὴν</span> 
     </span>
    </p>
   </div>
   <div class='ocr_carea' id='block_1_99' title="bbox 2174 4408 3756 4478">
    <p class='ocr_par' dir='ltr' id='par_1_99' title="bbox 2174 4408 3756 4478">
     <span class='ocr_line' id='line_1_99' title="bbox 2174 4408 3756 4478; baseline 0.001 -16"><span class='ocrx_word' id='word_1_737' title='bbox 2174 4411 2201 4462; x_wconf 90' lang='lat'>6</span> <span class='ocrx_word' id='word_1_738' title='bbox 2270 4410 2535 4478; x_wconf 83' lang='grc' dir='ltr'>Ἀμίλκας</span> <span class='ocrx_word' id='word_1_739' title='bbox 2570 4427 2584 4441; x_wconf 90' lang='grc'><strong>·</strong></span> <span class='ocrx_word' id='word_1_740' title='bbox 2638 4411 2734 4462; x_wconf 71' lang='grc' dir='ltr'>καὶ</span> <span class='ocrx_word' id='word_1_741' title='bbox 2795 4409 3104 4472; x_wconf 78' lang='grc' dir='ltr'>ἐπεξελθὼν</span> <span class='ocrx_word' id='word_1_742' title='bbox 3160 4408 3474 4476; x_wconf 69' lang='grc' dir='ltr'>αἰφνιδίως,</span> <span class='ocrx_word' id='word_1_743' title='bbox 3529 4411 3756 4472; x_wconf 79' lang='grc' dir='ltr'>πολλοὺς</span> 
     </span>
    </p>
   </div>
   <div class='ocr_carea' id='block_1_100' title="bbox 2174 4502 3757 4574">
    <p class='ocr_par' dir='ltr' id='par_1_100' title="bbox 2174 4502 3757 4574">
     <span class='ocr_line' id='line_1_100' title="bbox 2174 4502 3757 4574; baseline 0.001 -21"><span class='ocrx_word' id='word_1_744' title='bbox 2174 4503 2470 4574; x_wconf 78' lang='grc' dir='ltr'>διέφθειρε.</span> <span class='ocrx_word' id='word_1_745' title='bbox 2512 4502 2673 4563; x_wconf 77' lang='grc' dir='ltr'>Γαῖος</span> <span class='ocrx_word' id='word_1_746' title='bbox 2724 4503 2781 4556; x_wconf 80' lang='grc' dir='ltr'>δὲ</span> <span class='ocrx_word' id='word_1_747' title='bbox 2828 4502 3152 4565; x_wconf 88' lang='grc' dir='ltr'>Σουλπίκιος</span> <span class='ocrx_word' id='word_1_748' title='bbox 3185 4502 3283 4574; x_wconf 78' lang='grc' dir='ltr'>τῆς</span> <span class='ocrx_word' id='word_1_749' title='bbox 3323 4519 3381 4554; x_wconf 87' lang='grc' dir='ltr'>τε</span> <span class='ocrx_word' id='word_1_750' title='bbox 3423 4502 3665 4572; x_wconf 79' lang='grc' dir='ltr'>Σαρδοῦς</span> <span class='ocrx_word' id='word_1_751' title='bbox 3693 4505 3757 4556; x_wconf 70' lang='grc' dir='ltr'>τὰ</span> 
     </span>
    </p>
   </div>
   <div class='ocr_carea' id='block_1_101' title="bbox 2177 4572 3758 4665">
    <p class='ocr_par' dir='ltr' id='par_1_101' title="bbox 2177 4572 3758 4665">
     <span class='ocr_line' id='line_1_101' title="bbox 2177 4572 3758 4665; baseline -0.001 -18"><span class='ocrx_word' id='word_1_752' title='bbox 2177 4596 2405 4649; x_wconf 88' lang='grc' dir='ltr'>πλεῖστα</span> <span class='ocrx_word' id='word_1_753' title='bbox 2456 4597 2784 4665; x_wconf 83' lang='grc' dir='ltr'>κατέδραμε,</span> <span class='ocrx_word' id='word_1_754' title='bbox 2836 4595 2933 4647; x_wconf 73' lang='grc' dir='ltr'>καὶ</span> <span class='ocrx_word' id='word_1_755' title='bbox 2987 4572 3409 4665; x_wconf 68' lang='grc' dir='ltr'>ὑπερφρσνήσας</span> <span class='ocrx_word' id='word_1_756' title='bbox 3450 4596 3517 4647; x_wconf 87' lang='grc' dir='ltr'>ἐκ</span> <span class='ocrx_word' id='word_1_757' title='bbox 3542 4595 3758 4658; x_wconf 84' lang='grc' dir='ltr'>τούτου,</span> 
     </span>
    </p>
   </div>
   <div class='ocr_carea' id='block_1_102' title="bbox 2177 4685 3758 4757">
    <p class='ocr_par' dir='ltr' id='par_1_102' title="bbox 2177 4685 3758 4757">
     <span class='ocr_line' id='line_1_102' title="bbox 2177 4685 3758 4757; baseline -0.001 -18"><span class='ocrx_word' id='word_1_758' title='bbox 2177 4687 2438 4757; x_wconf 82' lang='grc' dir='ltr'>ὥρμησεν</span> <span class='ocrx_word' id='word_1_759' title='bbox 2479 4687 2573 4739; x_wconf 78' lang='grc' dir='ltr'>ἐπὶ</span> <span class='ocrx_word' id='word_1_760' title='bbox 2619 4687 2718 4757; x_wconf 79' lang='grc' dir='ltr'>τήν</span> <span class='ocrx_word' id='word_1_761' title='bbox 2775 4685 3001 4755; x_wconf 82' lang='grc' dir='ltr'>Διϐύην.</span> <span class='ocrx_word' id='word_1_762' title='bbox 3038 4686 3147 4738; x_wconf 83' lang='grc' dir='ltr'>Καί</span> <span class='ocrx_word' id='word_1_763' title='bbox 3197 4685 3424 4754; x_wconf 83' lang='grc' dir='ltr'>ἀπῆραν</span> <span class='ocrx_word' id='word_1_764' title='bbox 3457 4685 3559 4754; x_wconf 81' lang='grc' dir='ltr'>μὲν</span> <span class='ocrx_word' id='word_1_765' title='bbox 3591 4687 3686 4737; x_wconf 76' lang='grc' dir='ltr'>καὶ</span> <span class='ocrx_word' id='word_1_766' title='bbox 3710 4687 3758 4737; x_wconf 83' lang='grc' dir='ltr'>οί</span> 
     </span>
    </p>
   </div>
   <div class='ocr_carea' id='block_1_103' title="bbox 2177 4778 3760 4850">
    <p class='ocr_par' dir='ltr' id='par_1_103' title="bbox 2177 4778 3760 4850">
     <span class='ocr_line' id='line_1_103' title="bbox 2177 4778 3760 4850; baseline -0.003 -16"><span class='ocrx_word' id='word_1_767' title='bbox 2177 4779 2542 4850; x_wconf 83' lang='grc' dir='ltr'>Καρχηδόνιοι</span> <span class='ocrx_word' id='word_1_768' title='bbox 2585 4781 2682 4833; x_wconf 77' lang='grc' dir='ltr'>σὺν</span> <span class='ocrx_word' id='word_1_769' title='bbox 2711 4778 2788 4849; x_wconf 85' lang='grc' dir='ltr'>τῷ</span> <span class='ocrx_word' id='word_1_770' title='bbox 2833 4778 3075 4847; x_wconf 75' lang='grc' dir='ltr'>Ἀννίϐα,</span> <span class='ocrx_word' id='word_1_771' title='bbox 3103 4779 3233 4848; x_wconf 73' lang='grc' dir='ltr'>περὶ</span> <span class='ocrx_word' id='word_1_772' title='bbox 3274 4781 3386 4840; x_wconf 86' lang='grc' dir='ltr'>τοῖς</span> <span class='ocrx_word' id='word_1_773' title='bbox 3427 4778 3572 4830; x_wconf 76' lang='grc' dir='ltr'>οἶκοι</span> <span class='ocrx_word' id='word_1_774' title='bbox 3617 4778 3760 4831; x_wconf 78' lang='grc' dir='ltr'>δεδόο</span> 
     </span>
    </p>
   </div>
   <div class='ocr_carea' id='block_1_104' title="bbox 2176 4869 3758 4941">
    <p class='ocr_par' dir='ltr' id='par_1_104' title="bbox 2176 4869 3758 4941">
     <span class='ocr_line' id='line_1_104' title="bbox 2176 4869 3758 4941; baseline -0.002 -16"><span class='ocrx_word' id='word_1_775' title='bbox 2176 4890 2288 4936; x_wconf 89' lang='grc' dir='ltr'>τες.</span> <span class='ocrx_word' id='word_1_776' title='bbox 2336 4871 2825 4934; x_wconf 81' lang='grc' dir='ltr'>Ἀντιπνεύσαντος</span> <span class='ocrx_word' id='word_1_777' title='bbox 2853 4871 2911 4923; x_wconf 76' lang='grc' dir='ltr'>δὲ</span> <span class='ocrx_word' id='word_1_778' title='bbox 2968 4870 3282 4940; x_wconf 80' lang='grc' dir='ltr'>πνεύματος</span> <span class='ocrx_word' id='word_1_779' title='bbox 3339 4869 3558 4938; x_wconf 72' lang='grc' dir='ltr'>σφίσιν,</span> <span class='ocrx_word' id='word_1_780' title='bbox 3593 4872 3758 4941; x_wconf 49' lang='grc' dir='ltr'>ἄμφω</span> 
     </span>
    </p>
   </div>
   <div class='ocr_carea' id='block_1_105' title="bbox 2177 4961 3756 5035">
    <p class='ocr_par' dir='ltr' id='par_1_105' title="bbox 2177 4961 3756 5035">
     <span class='ocr_line' id='line_1_105' title="bbox 2177 4961 3756 5035; baseline -0.003 -18"><span class='ocrx_word' id='word_1_781' title='bbox 2177 4963 2562 5035; x_wconf 83' lang='grc' dir='ltr'>ὑπεχώρησαν.</span> <span class='ocrx_word' id='word_1_782' title='bbox 2614 4965 2724 5017; x_wconf 74' lang='grc' dir='ltr'>Καὶ</span> <span class='ocrx_word' id='word_1_783' title='bbox 2795 4963 2934 5033; x_wconf 83' lang='grc' dir='ltr'>μετά</span> <span class='ocrx_word' id='word_1_784' title='bbox 2972 4963 3146 5016; x_wconf 87' lang='grc' dir='ltr'>ταῦτα</span> <span class='ocrx_word' id='word_1_785' title='bbox 3198 4961 3402 5031; x_wconf 71' lang='grc' dir='ltr'>ἔσφηλε</span> <span class='ocrx_word' id='word_1_786' title='bbox 3455 4963 3546 5014; x_wconf 78' lang='grc' dir='ltr'>διά</span> <span class='ocrx_word' id='word_1_787' title='bbox 3595 4979 3756 5015; x_wconf 84' lang='grc' dir='ltr'>τινων</span> 
     </span>
    </p>
   </div>
   <div class='ocr_carea' id='block_1_106' title="bbox 1509 5055 2070 5133">
    <p class='ocr_par' dir='ltr' id='par_1_106' title="bbox 1509 5061 2066 5130">
     <span class='ocr_line' id='line_1_106' title="bbox 1509 5061 2066 5130; baseline 0 -16"><span class='ocrx_word' id='word_1_788' title='bbox 1509 5061 1736 5130; x_wconf 72' lang='lat' dir='ltr'><strong>reliquae</strong></span> <span class='ocrx_word' id='word_1_789' title='bbox 1768 5063 1832 5114; x_wconf 89' lang='lat' dir='ltr'>ad</span> <span class='ocrx_word' id='word_1_790' title='bbox 1867 5071 2066 5115; x_wconf 88' lang='lat' dir='ltr'><strong>terram</strong></span> 
     </span>
    </p>
   </div>
   <div class='ocr_carea' id='block_1_107' title="bbox 2176 5055 3757 5133">
    <p class='ocr_par' dir='ltr' id='par_1_107' title="bbox 2176 5055 3757 5127">
     <span class='ocr_line' id='line_1_107' title="bbox 2176 5055 3757 5127; baseline -0.004 -17"><span class='ocrx_word' id='word_1_791' title='bbox 2176 5056 2622 5127; x_wconf 77' lang='grc' dir='ltr'>ψευδαυτομόλων</span> <span class='ocrx_word' id='word_1_792' title='bbox 2664 5057 2756 5109; x_wconf 73' lang='grc' dir='ltr'>τὸν</span> <span class='ocrx_word' id='word_1_793' title='bbox 2799 5056 3048 5110; x_wconf 80' lang='grc' dir='ltr'>Ἀννίϐαν</span> <span class='ocrx_word' id='word_1_794' title='bbox 3077 5058 3104 5108; x_wconf 90' lang='lat'>6</span> <span class='ocrx_word' id='word_1_795' title='bbox 3143 5055 3430 5118; x_wconf 79' lang='grc' dir='ltr'>Ἀττίλιος,</span> <span class='ocrx_word' id='word_1_796' title='bbox 3463 5055 3540 5117; x_wconf 80' lang='grc' dir='ltr'>ὡς</span> <span class='ocrx_word' id='word_1_797' title='bbox 3570 5057 3629 5116; x_wconf 85' lang='grc' dir='ltr'>ἐς</span> <span class='ocrx_word' id='word_1_798' title='bbox 3658 5056 3757 5122; x_wconf 77' lang='grc' dir='ltr'>τὴν</span> 
     </span>
    </p>
   </div>
   <div class='ocr_carea' id='block_1_108' title="bbox 2179 5142 3758 5220">
    <p class='ocr_par' dir='ltr' id='par_1_108' title="bbox 2179 5142 3758 5220">
     <span class='ocr_line' id='line_1_108' title="bbox 2179 5142 3758 5220; baseline -0.005 -16"><span class='ocrx_word' id='word_1_799' title='bbox 2179 5149 2388 5220; x_wconf 87' lang='grc' dir='ltr'>Λιϐύην</span> <span class='ocrx_word' id='word_1_800' title='bbox 2457 5147 2616 5208; x_wconf 80' lang='grc' dir='ltr'>αὖθις</span> <span class='ocrx_word' id='word_1_801' title='bbox 2667 5148 3058 5217; x_wconf 82' lang='grc' dir='ltr'>πλευσόμενος.</span> <span class='ocrx_word' id='word_1_802' title='bbox 3090 5147 3302 5219; x_wconf 79' lang='grc' dir='ltr'>Σπουδῇ</span> <span class='ocrx_word' id='word_1_803' title='bbox 3351 5164 3412 5200; x_wconf 90' lang='grc' dir='ltr'>τε</span> <span class='ocrx_word' id='word_1_804' title='bbox 3463 5142 3558 5200; x_wconf 79' lang='grc' dir='ltr'>οὖν</span> <span class='ocrx_word' id='word_1_805' title='bbox 3610 5147 3758 5216; x_wconf 77' lang='grc' dir='ltr'>αὐτῷ</span> 
     </span>
    </p>
   </div>
   <div class='ocr_carea' id='block_1_109' title="bbox 2181 5240 3756 5314">
    <p class='ocr_par' dir='ltr' id='par_1_109' title="bbox 2181 5240 3756 5314">
     <span class='ocr_line' id='line_1_109' title="bbox 2181 5240 3756 5314; baseline -0.003 -18"><span class='ocrx_word' id='word_1_806' title='bbox 2181 5241 2531 5314; x_wconf 79' lang='grc' dir='ltr'>ἐξαναχθέντι</span> <span class='ocrx_word' id='word_1_807' title='bbox 2597 5241 2933 5303; x_wconf 83' lang='grc' dir='ltr'>ἐπιπλεύσας</span> <span class='ocrx_word' id='word_1_808' title='bbox 2992 5241 3021 5293; x_wconf 89' lang='lat'>6</span> <span class='ocrx_word' id='word_1_809' title='bbox 3091 5241 3437 5304; x_wconf 86' lang='grc' dir='ltr'>Σουλπίκιος,</span> <span class='ocrx_word' id='word_1_810' title='bbox 3504 5241 3610 5303; x_wconf 81' lang='grc' dir='ltr'>τὰς</span> <span class='ocrx_word' id='word_1_811' title='bbox 3661 5240 3756 5310; x_wconf 73' lang='grc' dir='ltr'>μὲι</span> 
     </span>
    </p>
   </div>
   <div class='ocr_carea' id='block_1_110' title="bbox 2183 5331 3753 5402">
    <p class='ocr_par' dir='ltr' id='par_1_110' title="bbox 2183 5331 3753 5402">
     <span class='ocr_line' id='line_1_110' title="bbox 2183 5331 3753 5402; baseline -0.001 -17"><span class='ocrx_word' id='word_1_812' title='bbox 2183 5333 2406 5395; x_wconf 87' lang='grc' dir='ltr'>πλείους</span> <span class='ocrx_word' id='word_1_813' title='bbox 2440 5331 2552 5384; x_wconf 86' lang='grc' dir='ltr'>τῶν</span> <span class='ocrx_word' id='word_1_814' title='bbox 2597 5332 2734 5386; x_wconf 85' lang='grc' dir='ltr'>νεῶν</span> <span class='ocrx_word' id='word_1_815' title='bbox 2762 5331 3064 5399; x_wconf 84' lang='grc' dir='ltr'>ἀγνοούσας</span> <span class='ocrx_word' id='word_1_816' title='bbox 3097 5331 3203 5384; x_wconf 78' lang='grc' dir='ltr'>ὑπὸ</span> <span class='ocrx_word' id='word_1_817' title='bbox 3233 5331 3465 5402; x_wconf 83' lang='grc' dir='ltr'>ὁμίχλης</span> <span class='ocrx_word' id='word_1_818' title='bbox 3495 5332 3591 5384; x_wconf 79' lang='grc' dir='ltr'>ἐπὶ</span> <span class='ocrx_word' id='word_1_819' title='bbox 3623 5332 3753 5384; x_wconf 76' lang='grc' dir='ltr'>πολὺ</span> 
     </span>
    </p>
   </div>
   <div class='ocr_carea' id='block_1_111' title="bbox 2181 5425 3752 5496">
    <p class='ocr_par' dir='ltr' id='par_1_111' title="bbox 2181 5425 3752 5496">
     <span class='ocr_line' id='line_1_111' title="bbox 2181 5425 3752 5496; baseline -0.003 -18"><span class='ocrx_word' id='word_1_820' title='bbox 2181 5426 2243 5478; x_wconf 76' lang='grc' dir='ltr'>τὸ</span> <span class='ocrx_word' id='word_1_821' title='bbox 2276 5427 2585 5495; x_wconf 89' lang='grc' dir='ltr'>γινόμενον,</span> <span class='ocrx_word' id='word_1_822' title='bbox 2635 5426 2731 5478; x_wconf 73' lang='grc' dir='ltr'>καὶ</span> <span class='ocrx_word' id='word_1_823' title='bbox 2781 5425 3193 5496; x_wconf 87' lang='grc' dir='ltr'>ταραττομένας</span> <span class='ocrx_word' id='word_1_824' title='bbox 3247 5425 3537 5478; x_wconf 78' lang='grc' dir='ltr'>κατέδυσεο</span> <span class='ocrx_word' id='word_1_825' title='bbox 3567 5425 3665 5487; x_wconf 84' lang='grc' dir='ltr'>τάς</span> <span class='ocrx_word' id='word_1_826' title='bbox 3699 5425 3752 5476; x_wconf 83' lang='grc' dir='ltr'>δὲ</span> 
     </span>
    </p>
   </div>
   <div class='ocr_carea' id='block_1_112' title="bbox 2181 5508 3753 5582">
    <p class='ocr_par' dir='ltr' id='par_1_112' title="bbox 2181 5508 3753 5582">
     <span class='ocr_line' id='line_1_112' title="bbox 2181 5508 3753 5582; baseline -0.003 -16"><span class='ocrx_word' id='word_1_827' title='bbox 2181 5514 2373 5575; x_wconf 75' lang='grc' dir='ltr'>λοιπὰς</span> <span class='ocrx_word' id='word_1_828' title='bbox 2418 5511 2837 5581; x_wconf 86' lang='grc' dir='ltr'>καταφυγούσας</span> <span class='ocrx_word' id='word_1_829' title='bbox 2883 5513 2938 5575; x_wconf 80' lang='grc' dir='ltr'>ἐς</span> <span class='ocrx_word' id='word_1_830' title='bbox 2984 5515 3086 5582; x_wconf 81' lang='grc' dir='ltr'>τὴν</span> <span class='ocrx_word' id='word_1_831' title='bbox 3125 5513 3229 5581; x_wconf 73' lang='grc' dir='ltr'>γῆν</span> <span class='ocrx_word' id='word_1_832' title='bbox 3275 5514 3440 5574; x_wconf 76' lang='grc' dir='ltr'>κενὰς</span> <span class='ocrx_word' id='word_1_833' title='bbox 3491 5508 3658 5565; x_wconf 79' lang='grc' dir='ltr'>εἷλεν.</span> <span class='ocrx_word' id='word_1_834' title='bbox 3700 5511 3753 5562; x_wconf 87' lang='grc'>⁸0</span> 
     </span>
    </p>
   </div>
   <div class='ocr_carea' id='block_1_113' title="bbox 2183 5604 3751 5675">
    <p class='ocr_par' dir='ltr' id='par_1_113' title="bbox 2183 5604 3751 5675">
     <span class='ocr_line' id='line_1_113' title="bbox 2183 5604 3751 5675; baseline -0.003 -16"><span class='ocrx_word' id='word_1_835' title='bbox 2183 5605 2292 5675; x_wconf 73' lang='grc' dir='ltr'>γὰρ</span> <span class='ocrx_word' id='word_1_836' title='bbox 2332 5604 2600 5668; x_wconf 77' lang='grc' dir='ltr'>Ἀννίϐας,</span> <span class='ocrx_word' id='word_1_837' title='bbox 2652 5604 2753 5656; x_wconf 79' lang='grc' dir='ltr'>οὐκ</span> <span class='ocrx_word' id='word_1_838' title='bbox 2785 5604 3004 5672; x_wconf 79' lang='grc' dir='ltr'>ἀσφαλῆ</span> <span class='ocrx_word' id='word_1_839' title='bbox 3033 5605 3124 5656; x_wconf 69' lang='grc' dir='ltr'>τὶν</span> <span class='ocrx_word' id='word_1_840' title='bbox 3178 5604 3370 5673; x_wconf 87' lang='grc' dir='ltr'>λιμένα</span> <span class='ocrx_word' id='word_1_841' title='bbox 3400 5605 3564 5675; x_wconf 82' lang='grc' dir='ltr'>ὁρῶν,</span> <span class='ocrx_word' id='word_1_842' title='bbox 3599 5619 3751 5656; x_wconf 85' lang='grc' dir='ltr'>κατα-</span> 
     </span>
    </p>
   </div>
   <div class='ocr_carea' id='block_1_114' title="bbox 2183 5695 3728 5766">
    <p class='ocr_par' dir='ltr' id='par_1_114' title="bbox 2183 5695 3728 5766">
     <span class='ocr_line' id='line_1_114' title="bbox 2183 5695 3728 5766; baseline -0.004 -18"><span class='ocrx_word' id='word_1_843' title='bbox 2183 5695 2356 5749; x_wconf 86' lang='grc' dir='ltr'>λιπὼν</span> <span class='ocrx_word' id='word_1_844' title='bbox 2399 5696 2568 5757; x_wconf 75' lang='grc' dir='ltr'>αὑτὰς</span> <span class='ocrx_word' id='word_1_845' title='bbox 2607 5696 2959 5766; x_wconf 78' lang='grc' dir='ltr'>ἀνεχώρησεν</span> <span class='ocrx_word' id='word_1_846' title='bbox 3003 5697 3082 5759; x_wconf 86' lang='grc' dir='ltr'>είς</span> <span class='ocrx_word' id='word_1_847' title='bbox 3123 5695 3274 5748; x_wconf 85' lang='grc' dir='ltr'>πόλιν</span> <span class='ocrx_word' id='word_1_848' title='bbox 3315 5696 3604 5760; x_wconf 52' lang='grc' dir='ltr'>λὶυλκούς.</span> <span class='ocrx_word' id='word_1_849' title='bbox 3637 5695 3728 5746; x_wconf 81' lang='grc' dir='ltr'>Ἕν</span> 
     </span>
    </p>
   </div>
   <div class='ocr_carea' id='block_1_115' title="bbox 2186 5785 3740 5857">
    <p class='ocr_par' dir='ltr' id='par_1_115' title="bbox 2186 5785 3740 5857">
     <span class='ocr_line' id='line_1_115' title="bbox 2186 5785 3740 5857; baseline -0.003 -16"><span class='ocrx_word' id='word_1_850' title='bbox 2186 5789 2252 5842; x_wconf 87' lang='grc' dir='ltr'>θα</span> <span class='ocrx_word' id='word_1_851' title='bbox 2297 5788 2708 5843; x_wconf 73' lang='grc' dir='ltr'>στασιασάντων</span> <span class='ocrx_word' id='word_1_852' title='bbox 2743 5787 2878 5857; x_wconf 68' lang='grc' dir='ltr'>πρὸς</span> <span class='ocrx_word' id='word_1_853' title='bbox 2913 5787 3076 5841; x_wconf 73' lang='grc' dir='ltr'>αῦτὺν</span> <span class='ocrx_word' id='word_1_854' title='bbox 3120 5786 3531 5857; x_wconf 67' lang='grc' dir='ltr'>Καρχηδονίωι,</span> <span class='ocrx_word' id='word_1_855' title='bbox 3562 5785 3740 5854; x_wconf 70' lang='grc' dir='ltr'>πρυῆλ·</span> 
     </span>
    </p>
   </div>
  </div>
