4008 6250
230 280 345 341 6‘19

1488 288 1899 350 ANNALIUM
1939 289 2087 352 LIB.
2133 292 2298 352 VIII.

3391 304 3499 367 θ’ίο

227 397 288 450 θέ
324 414 383 449 τε
411 399 470 460 ἐς
495 396 695 460 αὐτοὺς
727 398 912 466 μόνος,
953 397 1050 451 καὶ
1072 396 1344 454 ἀπώλετο.
1387 399 1732 472 Ἀδεέστερον
1769 402 1811 455 δ’

1919 401 2067 457 Idem
2112 404 2167 457 in
2202 403 2435 471 Albano,
2470 414 2528 462 et
2565 405 2695 461 alibi
2728 421 2946 478 queque
2981 408 3202 467 fartum.
3231 411 3499 471 Consules

234 492 303 543 ὲκ
327 488 525 543 τούτου
559 489 658 560 τὴν
720 489 905 560 χώραν
947 491 1381 563 κατατρέχοντες
1430 495 1479 548 οἱ
1520 494 1805 567 Ῥωμαῖοι,

228 579 555 652 ἡττήθησαν
606 582 711 635 ὑπὸ
746 584 1043 645 Ἄννωνος.
1099 582 1286 638 Ταῦτα
1313 586 1371 638 ἑν
1397 586 1474 655 τῷ
1499 586 1609 641 ἔτει
1635 587 1809 658 τούτῳ

230 670 478 744 ἐγένετο.
514 673 623 728 Καὶ
667 674 908 745 συνῖχῶς
936 668 1070 729 λίθοι
1105 676 1162 744 ἐξ
1192 677 1425 747 οὐρανοῦ
1459 678 1516 741 ἐς
1546 680 1645 749 τὴν
1683 678 1817 733 Ῥώ-

236 782 353 835 μην
383 764 502 835 ἅμα
549 764 758 829 πολλοὶ,
785 765 862 829 ὡς
910 765 1003 817 καὶ
1050 767 1262 840 χαλάζῃ
1291 768 1549 834 ἐοικέναι,
1594 769 1810 824 ἔπεσον.

234 858 347 911 Καὶ
376 858 435 920 ἐς
464 859 526 910 τὸ
573 856 834 911 Ἀλϐανὸν
862 859 955 911 καὶ
982 859 1166 913 ἄλλοθι
1193 859 1367 912 λίθους
1393 860 1591 930 ὁμοίιος
1617 877 1714 914 συν
1731 860 1815 932 ’ϐη

237 946 668 1019 κατενεχθῆναι.
702 948 764 1001 (li
798 946 843 1002 δ’
881 947 1101 1014 ὕπατοι,
1136 951 1229 1003 ἐπὶ
1260 950 1511 1004 Σικελίαν
1546 952 1813 1017 ἐλθόντες,

234 1041 332 1094 ἐπὶ
364 1040 621 1108 Λιπάραν
666 1039 1058 1110 ἐστράτευσαν.
1099 1040 1254 1095 Ἐπεὶ⁹
1292 1041 1337 1094 δ’
1378 1042 1485 1095 ὑπο
1514 1042 1615 1110 τὴν
1640 1043 1815 1114 ἄκραν

233 1131 340 1202 τὴν
392 1126 696 1202 Τυνδαρίδα
736 1130 1091 1202 καλουμένην
1137 1128 1537 1203 ναυλοχοῦντας
1587 1135 1816 1205 ᾔσθοντο

236 1224 370 1286 τοὺς
406 1218 813 1294 Καρχηδονίους
833 1263 850 1290 ,
881 1218 1002 1294 διχῇ
1039 1224 1129 1277 τὸν
1175 1223 1348 1277 πλοῦν
1377 1224 1673 1280 ἐποιοῦντο.
1705 1228 1815 1279 Καὶ

231 1314 469 1383 θατέρου
515 1310 624 1367 τῶν
682 1314 907 1368 ὑπάτων
953 1316 1031 1383 τῷ
1073 1314 1263 1385 ἡμίσει
1313 1315 1408 1368 τοῦ
1468 1315 1725 1370 ναυτικοῦ
1753 1317 1815 1371 τδ

230 1409 589 1479 ἀκρωτήριον
620 1405 1051 1477 περιϐαλόντος,
1092 1405 1321 1477 νομίσας
1347 1409 1375 1461 ό
1413 1407 1678 1479 ’Ᾱμίλκας
1710 1411 1811 1479 μό-

228 1511 359 1562 νους
398 1492 563 1564 εἶναι,
597 1496 892 1571 tamen.
946 1497 1038 1561 Ὠς
1076 1497 1130 1552 δὲ
1162 1502 1255 1552 καὶ
1309 1501 1360 1553 oi
1397 1500 1579 1555 λοιποὶ
1622 1502 1814 1571 ἐπεγέ-

229 1607 409 1656 νοντο,
442 1592 580 1663 πρδς
609 1592 787 1663 φυγὴν
820 1591 1090 1663 ἐχώρησε,
1114 1590 1208 1644 καὶ
1236 1591 1331 1645 τοῦ
1365 1593 1624 1647 ναυτικοῦ
1656 1594 1812 1649 πλεῖ-

233 1702 367 1739 στον
401 1686 699 1739 ἀπέϐαλεν.
741 1684 1108 1756 Ἐπαρθέντες
1153 1685 1199 1738 δ’
1237 1687 1287 1738 oi
1330 1684 1620 1757 Ῥωμαῖοι,
1653 1687 1812 1742 Σικε-

232 1779 363 1832 λίαν
396 1779 518 1850 μὲν,
552 1778 626 1841 ώς
650 1778 753 1849 ἢδη
786 1779 1059 1848 σφετέραν
1085 1776 1276 1842 οὖσαν,
1309 1778 1627 1842 κατέλιπον,
1657 1779 1720 1852 τῇ
1751 1781 1807 1835 δὲ

227 1857 408 1939 Διϐὗῃ
454 1872 519 1941 τῇ
573 1884 633 1923 τε
688 1866 999 1940 Καρχηδόνι
1062 1870 1417 1943 ἐπιχειρῆσαι
1473 1870 1805 1946 ἐτόλμησαν.

238 1959 506 2030 Ἡγοῦντο
555 1960 608 2016 δὲ
640 1960 825 2016 αὐτῶν
856 1960 883 2017 ὃ
920 1980 978 2017 τε
1023 1960 1317 2036 Ῥηγοῦλος
1364 1962 1393 2019 ό
1434 1964 1683 2037 Μάρκος,
1712 1967 1808 2020 καὶ

226 2050 464 2120 Λούκιος
514 2050 741 2119 Μάλιος,
787 2048 846 2120 ἐξ
878 2056 1082 2126 ἀρετῆς
1138 2055 1554 2128 προκριθέντες.
1603 2056 1715 2113 Καὶ
1750 2041 1808 2111 ὀἱ

238 2140 365 2215 μὲν,
408 2147 489 2208 είς
524 2142 623 2215 τὴν
654 2140 907 2200 Σικελίαν
965 2144 1322 2216 πλεύσαντες,
1352 2149 1421 2203 τὰ
1441 2150 1622 2203 ἐκεῖσε
1654 2148 1808 2203 καθίο

230 2251 397 2301 στων,
454 2234 551 2290 καὶ
604 2236 698 2290 τὸν
751 2239 810 2300 ἐς
867 2237 965 2309 τὴν
996 2231 1203 2310 Λιϐύην
1248 2239 1578 2312 ηὑτρέπιζον
1608 2238 1801 2295 πλοῦν.

230 2326 602 2408 Καρχηδόνιοι
634 2327 692 2381 δὲ
724 2324 824 2382 οὐκ
860 2329 1159 2399 ἀνέμειναν
1209 2332 1409 2396 αὐτοὺς
1473 2331 1807 2387 ἐπιπλεῦσαι

232 2420 444 2487 σφίσιν,
497 2418 634 2474 ἀλλὰ
712 2424 1275 2493 παρασκευασάμενοι
1345 2426 1482 2498 πρὸς
1555 2427 1808 2481 Σικελίαν

225 2508 714 2581 ἠπείχθησαν,καὶ
753 2513 906 2579 παρὰ
940 2510 1005 2583 τῇ
1064 2506 1485 2586 Ἢρακλειώτιδι
1528 2518 1587 2579 ὲς
1620 2516 1810 2588 χεῖρας

230 2601 485 2674 ἀλλήλοις
520 2599 702 2674 ἦλθον.
746 2600 1061 2676 ’ἰσορρόπου
1110 2605 1168 2659 δὲ
1217 2607 1319 2677 τῆς
1363 2607 1673 2678 ναυμαχίας
1714 2607 1812 2663 ἐπὶ

229 2695 370 2747 πολὺ
408 2695 724 2767 γινομένης,
765 2694 922 2758 τέλος
972 2695 1280 2768 ὑπερέσχον
1309 2696 1592 2769 Ῥωμαῖοι.
1625 2698 1812 2769 Ἀμίλ-

233 2801 334 2849 κας
363 2784 424 2839 δὲ
474 2786 794 2857 ἀντιστῆναι
837 2786 1027 2850 αὐτοῖς
1058 2786 1247 2841 οὐκέτι
1298 2788 1529 2860 ἐτόλμα·
1558 2790 1809 2845 ’Ἄννωνα

228 2878 286 2931 δὲ
332 2877 477 2949 πρὸς
531 2879 729 2942 αὐτοὺς
758 2877 1032 2949 επεμψεν,
1071 2879 1146 2943 ώς
1176 2876 1319 2952 ὑπὲρ
1348 2884 1594 2955 είρηνης,
1621 2882 1809 2954 βουλό-

232 2982 399 3037 μενος
423 2969 517 3022 τὸν
549 2970 742 3040 καιρὸν
785 2970 995 3040 τρίϐειν
1048 2969 1270 3043 (ἤλπιζε
1307 2970 1419 3043 γὰρ
1467 2973 1805 3044 στράτευμαο

1839 1737 1887 1798 Β

1921 496 1973 548 ἰιι
2015 495 2255 550 Siciliam
2302 497 2554 566 profecti,
2608 496 2863 568 Liparam
2905 506 3313 573 oppugnarunt.
3355 506 3495 562 Cum

1917 593 2097 638 autem
2116 585 2218 640 sub
2239 584 2514 657 Tyndario
2528 591 2907 658 promontorio
2923 590 3408 662 Carthaginienses
3433 597 3488 651 in

1919 676 2133 730 insidiis
2150 692 2272 732 esse
2298 679 2706 748 cognovissent,
2735 697 2901 738 naves
2923 682 3248 740 diviserunt.
3270 686 3332 740 Et
3364 703 3490 742 eum

1917 765 2057 820 alter
2118 768 2308 822 consul
2372 770 2600 825 semisse
2655 771 2848 828 classis
2901 777 3334 842 promontorium
3383 780 3496 832 eir-

1918 858 2309 926 cumdedisset,
2331 871 2481 915 ratus
2514 863 2789 918 Hamilcar
2809 880 2934 919 eum
2958 866 3131 920 solum
3156 883 3300 931 esse,
3328 886 3494 924 naves

1917 967 2045 1006 suas
2078 962 2264 1007 contra
2295 952 2502 1009 eduxit.
2531 954 2637 1010 Sed
2671 957 2897 1026 reliquis
2925 959 3086 1013 etiam
3116 977 3172 1016 se
3197 965 3497 1018 ostenden-

1920 1044 2088 1107 tibus,
2129 1044 2181 1098 in
2210 1042 2386 1115 fugam
2430 1062 2640 1110 versus,
2682 1050 2972 1103 maximam
3024 1054 3242 1106 navium
3282 1067 3490 1124 partem

1917 1135 2121 1191 amisit.
2156 1136 2270 1191 Iloc
2300 1153 2558 1192 successu
2591 1141 2718 1193 elati
2758 1141 3012 1205 Romani,
3053 1142 3263 1209 Sicilia,
3292 1156 3351 1201 ut
3374 1149 3486 1218 jam

1918 1243 2029 1282 sua:
2046 1228 2295 1293 ditionis,
2330 1231 2543 1294 relicta,
2569 1226 2733 1302 390
2758 1232 2983 1304 Libyam
3013 1245 3070 1289 et
3101 1234 3487 1308 Carthaginem

1917 1329 2103 1390 petere
2143 1322 2261 1377 ausi
2294 1334 2443 1387 sunt,
2475 1322 2645 1377 ductu
2690 1338 2747 1380 et
2788 1327 3050 1396 auspiciis
3105 1328 3176 1384 Μ.
3208 1329 3403 1401 Reguli
3434 1342 3493 1385 et

1917 1412 1978 1466 L.
2027 1412 2209 1468 Manlii
2257 1430 2270 1466 :
2305 1415 2397 1483 qui
2440 1416 2509 1469 oh
2555 1417 2816 1471 virtutem
2857 1420 3066 1486 praelati
3099 1422 3335 1484 caeteris,
3365 1438 3489 1477 cum

1916 1503 1970 1558 in
2004 1502 2187 1558 Sicilia
2229 1505 2592 1576 appulissent,
2645 1507 2830 1563 insula
2873 1509 3146 1572 ordinata,
3186 1511 3493 1582 navigatio-

1916 1608 2039 1648 nem
2066 1591 2323 1666 Lihycam
2356 1596 2719 1651 adornarunt.
2768 1596 2972 1654 Verum
3008 1597 3493 1668 Carthaginienses

1916 1699 2106 1741 eorum
2121 1687 2356 1741 adventu
2380 1702 2489 1741 non
2516 1698 2849 1759 exspectato,
2878 1689 3050 1744 classe
3072 1689 3325 1744 celeriter
3340 1705 3493 1745 com-

1915 1786 2122 1847 parata.
2168 1778 2320 1850 juxta
2357 1777 2672 1834 Heracleam
2723 1793 2849 1833 cum
2893 1779 2978 1835 eis
3026 1781 3305 1851 congressi
3340 1791 3489 1835 sunt.

1915 1868 2164 1939 Cumque
2193 1869 2286 1924 ditt
2327 1882 2484 1940 aequo
2513 1869 2685 1925 Marte
2721 1880 3019 1941 pugnatum
3055 1881 3222 1933 esset.
3257 1872 3490 1928 Romani

1914 1960 2135 2015 tandem
2195 1959 2472 2015 vicerunt.
2530 1959 2770 2014 Amilear
2810 1974 2940 2014 vero
2984 1975 3094 2013 non
3136 1960 3372 2030 amplius
3410 1959 3492 2013 eis

1914 2054 2170 2109 resistere
2204 2067 2393 2114 ausus,
2444 2062 2499 2107 et
2548 2064 2673 2108 cum
2724 2068 2877 2123 spem
2909 2050 3160 2116 haberet,
3189 2050 3354 2108 domo
3386 2053 3492 2108 sibi

1915 2145 2143 2198 missum
2197 2143 2263 2198 iri
2296 2143 2622 2210 exercitum,
2653 2154 2867 2215 tempus
2910 2141 3202 2199 extrahere
3240 2142 3491 2213 cupiens,

1919 2235 2242 2291 Hannonem
2278 2235 2346 2290 ad
2379 2250 2478 2291 eos
2507 2249 2606 2308 per
2641 2238 2883 2308 speciem
2918 2235 3171 2307 petendae
3202 2237 3350 2307 pacis
3383 2236 3491 2289 mi-

1908 2328 2001 2383 sit.
2034 2326 2207 2394 Quem
2232 2340 2357 2382 cum
2380 2327 2601 2398 quidam
2623 2326 3210 2398 comprehendendum
3231 2343 3351 2383 esse
3380 2327 3494 2382 cla-

1918 2420 2202 2485 mitarent,
2250 2420 2400 2490 quod
2432 2421 2599 2475 etiam
2637 2419 3122 2491 Carthaginienses
3173 2419 3489 2476 Cornelium

1915 2512 2110 2567 fraude
2139 2512 2412 2583 cepissent
2455 2531 2471 2566 :
2513 2509 2572 2567 Si
2595 2510 2758 2577 istud,
2805 2511 3004 2580 inquit.
3053 2511 3298 2582 feceritis,
3350 2510 3492 2580 Afris

1913 2604 2078 2661 nihilo
2113 2605 2234 2674 jam
2281 2605 2675 2674 prwstantiores
2705 2605 2871 2659 eritis.
2908 2603 2985 2658 Ea
3017 2610 3126 2658 tam
3179 2587 3489 2672 opportuna

1916 2697 2232 2752 adulatione
2288 2694 2580 2751 incolumis
2633 2697 2828 2751 evasit.
2875 2696 2957 2751 llli
3013 2711 3147 2751 vero
3196 2711 3388 2751 rursus
3436 2696 3489 2750 in

1915 2788 2121 2844 bellum
2146 2786 2540 2842 incubuerunt.
2567 2787 2645 2841 Ac
2666 2786 2920 2844 consules
2939 2785 3184 2842 Messana
3219 2785 3493 2856 proiectos

1919 2876 2195 2935 Hamilcar
2224 2890 2279 2934 et
2309 2876 2502 2933 Hanno
2532 2877 2723 2933 divisis
2754 2877 2931 2948 copiis
2959 2877 3220 2947 utrinque
3248 2877 3493 2933 circum-

1921 2971 2056 3027 dare
2085 2979 2422 3026 statuerunt.
2467 2968 2575 3024 Sed
2628 2968 2823 3024 Hanno
2875 2982 3064 3024 eorum
3106 2980 3328 3025 aecessu
3381 2985 3491 3025 non

229 3063 277 3114 οί
311 3061 742 3133 πεμφθήσεσθαι
785 3060 1044 3132 οἰκόθεν),
1082 3065 1295 3119 Ἀννων
1323 3064 1382 3120 δὲ
1436 3064 1690 3137 βοώντων
1720 3084 1804 3121 τι-

1916 3069 2247 3134 exspectato,
2277 3062 2344 3117 ad
2381 3060 2770 3132 Carthaginem
2824 3060 3108 3116 tutandam
3153 3062 3488 3132 properavit.

230 3153 340 3207 νῶν
390 3152 679 3208 συλλαϐεῖν
719 3155 903 3221 αὐτὸν,
956 3157 1041 3211 ὅτι
1108 3157 1205 3211 καὶ
1231 3155 1601 3230 Καρχηδόνιοι
1623 3160 1807 3235 ἀπάτῃ

1916 3158 2033 3227 Quo
2062 3157 2301 3213 Amilcar
2326 3157 2568 3229 cognito,
2590 3156 2785 3213 eodem
2815 3157 2939 3212 loco
2970 3158 3190 3211 mansit.
3217 3156 3490 3212 Caeterum

232 3245 531 3300 συνιλαϐον
576 3247 668 3300 τὸν
719 3246 1041 3320 Κορνήλιονο
1099 3251 1211 3305 ’Δγ
1251 3250 1431 3306 τοῦτο
1490 3251 1810 3323 ποιήσητε,

232 3333 412 3404 εἶπεν,
452 3338 636 3393 οὐδὲν
683 3339 772 3394 ἔτι
810 3341 1118 3410 κρείττους
1154 3340 1275 3397 τῶν
1299 3345 1533 3399 Λιϐύων
1570 3347 1810 3402 ἔσεσθε.

1917 3252 2150 3307 Romani
2182 3264 2449 3306 exscensn
2485 3248 2539 3304 in
2567 3258 2768 3303 terram
2806 3245 2973 3314 facto,
3004 3247 3263 3317 Aspidem
3295 3247 3490 3301 urbem

1916 3344 2280 3400 invaserunt:
2333 3358 2473 3413 quos
2514 3357 2638 3396 cum
2675 3340 2827 3396 cives
2873 3340 3143 3395 accedere
3195 3339 3490 3400 vidissent.

1918 3452 1949 3493 e
1981 3437 2162 3491 medio
2187 3442 2562 3490 excesserunt.
2616 3433 2698 3489 Ita
2755 3433 2949 3489 urbem
2994 3431 3226 3488 Romani
3261 3445 3494 3485 vacuam

1920 3537 2186 3600 ceperunt
2220 3545 2235 3584 :
2282 3542 2457 3598 eaque
2499 3525 2565 3582 ad
2619 3525 2746 3581 belli
2790 3524 3012 3596 gerendi
3044 3524 3495 3580 commoditatem

239 3617 342 3684 ph
391 3615 590 3669 ὕπατοι
635 3617 699 3670 ἐκ
755 3617 854 3687 τῆς
891 3618 1150 3691 Μετήνης
1195 3619 1410 3686 ἔπλεον,
1455 3622 1720 3692 Ἀμίλκας
1751 3622 1808 3677 δὲ

1918 3620 2023 3683 usi,
2060 3628 2224 3688 atque
2282 3619 2410 3674 inde
2440 3632 2731 3687 erumpere
2770 3616 2941 3681 soliti,
2975 3630 3133 3687 agros
3169 3623 3495 3677 vastarunt;

233 3711 332 3763 καὶ
360 3712 574 3766 ’Λννων
601 3711 994 3787 διαιρεθέντες,
1027 3714 1420 3788 ἀμφοτέρωθεν
1446 3717 1641 3782 αὐτοὺς
1663 3735 1811 3790 περι-

1916 3721 1972 3768 et
2010 3711 2144 3765 alias
2186 3709 2351 3765 urbes
2378 3710 2452 3774 vi,
2495 3708 2629 3764 alias
2651 3707 2932 3763 deditione
2968 3708 3331 3777 subegerunt,
3365 3719 3486 3758 ma-

239 3807 397 3875 σχεῖν
450 3807 749 3878 ἐμελέτων.
798 3808 941 3863 Ἀλλ’
969 3810 996 3862 ό
1053 3809 1156 3878 μὲν
1190 3811 1403 3865 ’Δννων
1455 3809 1554 3881 οὐχ
1604 3809 1811 3880 ὑπέστη

1916 3820 2185 3876 gnamque
2233 3801 2470 3873 praedam
2519 3811 2833 3872 ceperunt:
2883 3810 2939 3856 et
2983 3796 3316 3867 transfugas,
3357 3812 3490 3852 suo-

239 3900 577 3969 προσιόντας
618 3901 842 3966 αὐτούς’
870 3898 1368 3973 προκαταπλεύσας
1399 3896 1444 3954 δ’
1475 3903 1554 3964 είς
1586 3902 1814 3973 Καρχη-

232 3989 385 4057 δόνα,
414 3990 620 4061 ταύτην
653 3991 967 4062 ὲφίλασσεν.
1010 3992 1069 4046 Ὁ
1093 3991 1150 4044 δὲ
1190 3990 1476 4062 Ἀμίλκας,
1503 3989 1811 4061 πυθόμενος
1916 3996 2139 4059 perunt.

231 4090 417 4157 τοῦτο,
478 4089 621 4143 κατὰ
670 4088 856 4160 χώραν
894 4086 1111 4158 ἔμενεν.
1159 4084 1452 4150 Ἐκϐἀντες
1495 4085 1542 4140 δ’
1598 4088 1681 4151 είς
1727 4084 1826 4158 τὴν
1863 4086 1968 4156 γῆν
2036 4082 2086 4136 oi
2159 4081 2448 4152 Ῥωμαῖοι,
2480 4079 2575 4135 ἐπὶ
2620 4077 2719 4151 τὴν
2768 4077 3001 4134 Ἀσπίδα
3043 4077 3144 4150 τὴν
3172 4076 3328 4132 πόλιν
3351 4075 3491 4149 ὲχώο

234 4201 436 4256 ρησαν.
472 4182 582 4247 Οὓς
617 4182 822 4246 ἰδόντες
862 4181 1193 4255 προσιόντας
1227 4182 1279 4235 οἱ
1342 4183 1651 4254 ἐπιχώριοι,
1714 4179 2150 4252 προῦπεξῆλθον,
2208 4178 2306 4232 καὶ
2350 4176 2561 4248 ἀμαχεὶ
2613 4177 2981 4248 κατασχόντες
3025 4175 3199 4246 αὐτὴν
3273 4175 3324 4228 oi
3368 4173 3495 4229 Ῥω-

235 4281 411 4351 μαῖοι,
437 4277 531 4332 τοῦ
574 4276 816 4347 πολέμου
844 4277 1190 4349 ὁρμητήριον
1230 4277 1582 4347 ἐποιήσαντο.
1614 4276 1930 4331 Κάντεῦθεν
1967 4275 2069 4346 τήν
2131 4289 2192 4327 τε
2252 4272 2354 4347 γῆν
2387 4271 2680 4342 ἐπόρθουν,
2728 4269 2825 4323 καὶ
2875 4267 3065 4331 πόλεις
3109 4269 3207 4330 τὰς
3242 4268 3342 4338 μὲν
3371 4265 3493 4320 ἐθε-

235 4371 483 4437 λουσίας,
517 4370 617 4436 τὰς
646 4370 702 4426 δὲ
726 4370 884 4443 ’φόϐῳ
908 4371 1314 4441 προσεκτῶντο,
1339 4371 1496 4424 λείαν
1556 4387 1618 4425 τε
1686 4369 1889 4441 πολλὴν
1926 4369 2259 4439 ἐλάμϐανον,
2314 4366 2414 4420 καὶ
2466 4364 2806 4436 αὐτομόλους
2871 4364 3164 4426 πλείστους
3218 4362 3492 4434 ἐδέχοντο,

232 3431 478 3495 Ἐκεῖνος
507 3432 606 3501 μὲν
621 3431 715 3487 οὖν
730 3433 1100 3504 εὐκαιρότατα
1122 3434 1413 3501 θωπεύσας
1430 3437 1647 3503 αὐτοὺς,
1663 3439 1814 3493 οὐδὲν

235 3520 533 3586 ἔπαθεν,οι
560 3523 617 3576 δὲ
643 3524 739 3578 καὶ
765 3520 924 3589 αὖθις
953 3525 1048 3579 τοῦ
1073 3527 1321 3597 πολέμου
1350 3527 1584 3600 εἴχοντο.
1618 3531 1727 3584 Καὶ
1761 3531 1812 3585 οἱ

1914 3912 2146 3966 rinnque
2192 3896 2487 3967 plurimos,
2541 3894 2699 3950 bellis
2748 3891 3028 3964 prioribus
3072 3899 3288 3963 captos,
3333 3903 3488 3945 rece-
3574 3912 3581 3920 -

232 4471 329 4524 καὶ
364 4466 478 4522 τῶν
506 4466 723 4521 οίκείων
765 4468 995 4538 συχνοὺς
1019 4467 1129 4521 τῶν
1160 4469 1218 4521 ὲν
1259 4469 1375 4532 τοῖς
1403 4467 1536 4537 πρὶν
1571 4467 1814 4521 ἁλόντων
1853 4466 2112 4533 πολέμοις
2140 4464 2481 4536 ἐκομίζοντο.

305 4564 390 4617 ΙΓ.
442 4561 728 4631 Χειμῶνος
769 4561 827 4617 δὲ
874 4560 1267 4634 ἐπιγενομένου
1296 4604 1312 4630 ,
1341 4563 1554 4627 Μάλιος
1602 4562 1704 4633 μὲν
1735 4564 1811 4626 είς

1987 4561 2129 4616 XIII.
2175 4559 2313 4616 Cum
2365 4561 2542 4614 hiems
2593 4559 3020 4630 supervenisset,
3080 4557 3315 4614 Manlius
3366 4573 3492 4613 cum

245 4653 474 4726 Ῥώμην
505 4652 604 4707 σὺν
633 4654 699 4725 τῇ
730 4653 852 4725 λείᾳ
884 4654 1220 4717 ἀπέπλευσε,
1263 4654 1558 4728 Ῥηγοῦλος
1589 4657 1633 4711 δ’
1655 4659 1712 4710 ὲν
1740 4659 1809 4728 τῇ

231 4745 412 4817 Λιϐύῃ
448 4744 733 4814 ὑπέμεινε.
753 4746 865 4799 Καὶ
894 4746 944 4799 oi
982 4746 1345 4817 Καρχηδόνιοι
1366 4748 1424 4801 ὲν
1454 4748 1622 4802 παντὶ
1654 4748 1811 4819 κακῷ

243 4836 523 4906 γεγόνασι,
546 4834 662 4906 ιτῆς
719 4835 909 4907 χώρας
947 4855 1006 4890 τε
1042 4838 1424 4910 πορθουμένης
1475 4840 1684 4907 αὐτῶν,
1714 4842 1812 4894 καὶ

232 4926 344 4983 τῶν
375 4927 679 5001 περιοίκων
707 4927 1216 5000 ἁλλοτριουμένων,
1250 4932 1346 4985 καὶ
1398 4933 1816 5004 κατειληθέντες

236 5022 318 5083 εἰς
366 5020 431 5073 τδ
484 5022 665 5092 τεῖχος
721 5020 1019 5092 ἡσύχαζον.
1068 5022 1353 5094 Ῥηγούλῳ
1404 5025 1463 5078 δὲ
1531 5025 1685 5097 παρὰ
1719 5025 1815 5079 τὸν

236 5110 532 5183 Βαγράδαν
608 5114 860 5185 ποταμὸν
943 5115 1508 5188 στρατοπεδευομένῳ
1537 5158 1552 5183 ,
1591 5117 1813 5187 δράκων

237 5202 937 5281 ἔπεφανιλὺπερμεγέθης,
971 5202 1033 5261 οὗ
1071 5206 1134 5260 τὸ
1191 5205 1370 5277 μῆκος
1418 5206 1639 5275 λέγεται
1673 5202 1816 5261 εἶναι

236 5296 417 5349 ποδῶν
444 5295 641 5351 ἑκατὸν
673 5299 813 5368 πρὸς
840 5298 1044 5351 εἴκοσι’
1083 5299 1181 5352 καὶ
1203 5299 1314 5370 γὰρ
1342 5300 1374 5368 ἡ
1403 5298 1627 5368 λεϐηρὶς
1649 5297 1815 5352 αὑτοῦ

235 5389 316 5452 είς
354 5387 458 5458 τὴν
493 5385 715 5459 Ῥώμην
744 5390 1044 5460 κεκόμιστο
1071 5391 1141 5443 δι’
1184 5390 1475 5456 ἐπίδειξιν.
1525 5391 1818 5459 Ἀνάλογον

235 5483 293 5536 δὲ
323 5483 424 5536 καὶ
466 5482 564 5535 τὸν
602 5474 760 5538 ἄλλον
804 5484 971 5553 ὄγκον
1003 5485 1096 5540 τοῦ
1129 5483 1383 5556 σώματος
1414 5482 1583 5555 εἶχενο
1617 5484 1679 5549 ὃς
1713 5503 1812 5539 συ-

237 5575 403 5645 χνοὺς
436 5573 549 5629 τῶν
596 5578 949 5646 στρατιωτῶν
983 5580 1111 5640 τοὺς
1144 5578 1243 5648 μὲν
1275 5576 1609 5642 πελάζοντας
1635 5577 1808 5646 αὐτῷ,

236 5667 366 5729 τοὺς
385 5664 445 5719 δὲ
477 5667 575 5720 καὶ
629 5667 882 5730 πίνοντας
923 5669 989 5721 ὲκ
1042 5668 1138 5722 τοῦ
1199 5668 1451 5739 ποταμοῦ
1508 5660 1805 5739 διέφθειρε.

243 5758 672 5831 Κατειργάσατο
708 5759 753 5814 δ’
800 5759 965 5815 αὐτὸν
993 5762 1022 5815 ὁ
1078 5759 1369 5833 Ῥηγοῦλος
1407 5760 1610 5833 πληθυῖ
1639 5778 1808 5835 στραη

1914 4654 2193 4709 manubiis
2244 4652 2470 4709 Romam
2524 4652 2821 4724 navigavit.
2893 4651 3135 4723 Regulus
3187 4653 3242 4707 iu
3306 4649 3489 4707 Africa

1916 4747 2114 4803 mansit
2143 4745 2622 4817 Carthaginienses
2666 4761 2798 4800 vero
2867 4746 3046 4800 omnis
3088 4744 3306 4815 generis
3335 4744 3497 4799 malis

1915 4839 2296 4896 conﬂictantes
2345 4843 2493 4906 (nam
2530 4847 2587 4893 et
2638 4853 2767 4908 ager
2805 4839 3145 4915 vastabatur,
3175 4848 3226 4892 et
3273 4835 3492 4890 tinitimi

1914 4931 2319 4999 alienabantur)
2351 4931 2495 4985 intra
2528 4932 2730 4985 muenia
2753 4931 3065 5001 conglobati
3097 4945 3158 4985 se
3189 4931 3487 4984 continue-

1916 5034 2068 5079 runt.
2118 5020 2327 5093 Regulo
2373 5021 2441 5076 ad
2494 5021 2794 5094 Bagradam
2839 5022 3042 5076 flumen
3073 5027 3485 5077 castrametato.

1918 5116 2086 5171 draco
2128 5116 2320 5186 ingens
2344 5115 2495 5170 visus
2513 5121 2621 5178 est,
2646 5116 2804 5186 cujus
2831 5113 3113 5186 longitudo
3141 5110 3342 5182 pedum
3387 5125 3490 5165 cxx

1917 5209 2086 5263 fuisse
2145 5207 2494 5278 perhibetur,
2574 5216 2632 5263 et
2671 5207 2832 5278 pellis
2882 5202 3268 5261 ostentationis
3320 5216 3485 5256 causa

1918 5298 2147 5354 Romam
2206 5295 2417 5369 perlata
2472 5313 2616 5356 esse.
2676 5297 3034 5370 Longitudini
3098 5302 3261 5350 tanta:
3319 5293 3491 5349 tot-ins

1919 5394 2092 5449 moles
2113 5395 2356 5464 corporis
2383 5393 2686 5465 respondit.
2716 5393 2855 5448 Eum
2889 5389 3229 5461 post‘multos
3265 5388 3489 5451 milites,

1922 5488 2020 5558 qui
2052 5487 2136 5542 vel
2156 5482 2382 5555 prepius
2398 5493 2762 5550 accesserant,
2786 5484 2869 5538 vel
2909 5500 2940 5538 e
2962 5481 3188 5536 ﬂumine
3212 5481 3487 5541 biberant,

1920 5579 2235 5642 devoratus,
2250 5575 2495 5647 Regulus
2516 5574 2749 5629 militum
2770 5574 2944 5644 cepiis
2960 5583 3016 5627 et
3043 5572 3332 5642 catapultis
3352 5586 3490 5627 con-

1916 5670 2063 5727 fecit.
2091 5664 2250 5741 391
2276 5667 2601 5723 Amilcarem
2624 5676 2806 5722 autem
2830 5665 2884 5720 in
2912 5665 3116 5722 silvoso
3165 5665 3375 5720 tumulo
3400 5680 3492 5719 ca-

1917 5772 2032 5819 stra
2084 5763 2411 5829 habentem,
2452 5771 2626 5818 noctu
2672 5771 2983 5833 aggressus,
3014 5756 3217 5812 multos
3265 5754 3321 5810 in
3382 5769 3482 5811 cu-
