4008 6250
543 340 645 402 (>71

1837 323 2020 388 JOAN
2033 324 2159 383 N15
2191 324 2513 386 ΖΟΝᾹΗΕ

3707 330 3825 389 (ἓῗὲ

546 452 748 507 bilibus
774 493 786 511 ,
826 449 1030 501 multos
1064 450 1421 514 experrectus
1472 440 1677 494 oeeidit
1709 458 1723 494 :
1780 440 1823 492 si
1859 431 2119 508 qui'vcro

2233 441 2436 490 τιωτών
2488 443 2580 493 καὶ
2628 446 2903 513 μηχαναῖς
2950 444 3270 507 λιθοϐόλοις.
3321 444 3433 499 Καὶ
3466 444 3560 499 τδν
3588 445 3693 514 μὲν
3727 448 3823 499 οό-

479 572 483 575 -
544 530 880 602 evaserant.
940 538 1008 590 ab
1070 535 1138 589 iis
1189 533 1284 603 qui
1351 533 1467 587 vias
1529 530 1951 595 custodiebant,
2022 544 2119 582 ex-

544 633 689 703 Ct'ltli
757 631 1061 701 perierunt.
1136 626 1226 681 Sic
1277 642 1468 694 magna
1529 641 1655 694 pars
1695 622 2123 691 Carthaginien-

546 731 687 780 sium
732 732 816 779 est
867 723 1182 790 absumpta,
1230 730 1285 773 et
1317 719 1500 773 multa:
1531 717 1693 772 urbes
1723 717 1788 770 ad
1841 717 2120 771 Romanos

544 818 888 871 defecerunt.
930 814 1119 882 Itaque
1166 812 1200 866 ii
1233 812 1325 879 qui
1365 815 1416 864 in
1456 810 1590 863 urbe
1621 818 1798 874 erant,
1839 807 2000 861 veriti
2050 824 2119 862 ne

545 918 896 979 caperentur,
928 906 1322 961 caduceatores
1347 904 1413 958 ad
1448 919 1575 960 eum
1604 902 1874 956 miserunt
1903 919 1920 965 ;
1961 910 2023 955 ut
2053 917 2120 955 eo

549 1001 815 1056 tolerabili
853 1001 1034 1071 aliqua
1072 1001 1326 1070 pactione
1359 1007 1563 1058 amoto,
1598 998 1894 1053 imminens
1918 999 2120 1051 malum

550 1094 1016 1164 subterfugerant.
1052 1092 1187 1145 Cum
1232 1102 1413 1146 autem
1468 1092 1637 1145 multa
1688 1108 1953 1161 perquam
2002 1106 2122 1143 mo-

550 1188 686 1241 lesta
725 1188 1052 1256 postularet,
1101 1195 1158 1240 ut
1208 1188 1354 1252 paeis
1387 1187 1735 1242 conditiones
1782 1186 1919 1239 nihil
1972 1185 2121 1239 aliud

547 1295 713 1350 quam
767 1279 1041 1334 excidium
1071 1279 1404 1350 judicarent,
1449 1281 1568 1350 paci
1615 1281 1820 1335 bellum
1870 1279 2126 1349 praztulc-

548 1386 698 1429 runt.
731 1375 978 1446 Regulus
1010 1376 1156 1428 enim
1191 1375 1254 1429 ad
1306 1375 1354 1426 id
1400 1392 1573 1444 usque
1610 1385 1826 1444 tempus
1862 1388 2124 1444 prospera

550 1467 768 1522 fortuna
812 1484 966 1534 usus,
1017 1468 1217 1521 animis
1241 1478 1296 1522 et
1321 1471 1461 1522 tastu
1507 1468 1646 1522 adeo
1680 1469 1874 1537 plenus
1909 1467 2034 1530 fuit,
2068 1476 2127 1521 ut

557 1562 779 1615 Romam
813 1561 1104 1623 scriberet,
1132 1577 1190 1615 se
1230 1572 1377 1615 metu
1411 1561 1724 1631 obsignatas
1750 1560 1955 1615 habere
1987 1558 2126 1615 Car-

556 1651 796 1721 thaginis
845 1661 1051 1721 portas.
1084 1651 1230 1706 Idem
1262 1652 1494 1705 allectus
1516 1661 1569 1705 et
1599 1652 1716 1722 ejus
1748 1651 1983 1706 militum
2007 1691 2022 1711 .
2071 1658 2128 1705 et

2218 549 2328 593 τως
2370 532 2703 604 διέφθειρεν.
2757 535 2850 605 Τῷ
2898 535 2956 589 δὲ
3015 538 3252 607 Ἀμίλκᾳ
3277 540 3369 592 ἐπὶ
3401 541 3687 613 μετεώρου
3722 546 3818 595 καὶ

2221 623 2488 687 ξυλώδους
2520 628 3080 697 στρατοπεδευομένῳ
3120 631 3320 700 χωρίου
3355 631 3580 702 νύκτωρ
3608 636 3815 702 προσέ-

2225 716 2370 785 μιξε,
2418 719 2513 770 καὶ
2556 718 2788 783 πολλοὺς
2820 720 2924 786 μὲν
2953 720 3012 771 ἐν
3068 724 3193 782 ταῖς
3228 722 3439 786 εὐναῖς,
3485 724 3728 786 πολλοὺς
3769 727 3819 778 δ’

2222 808 2612 877 ἐξεγερθέντας
2652 811 2932 865 διώλεσεν.
2991 815 3052 866 Εἰ
3107 813 3163 866 δέ
3215 832 3364 878 τινες
3397 818 3495 869 καὶ
3522 817 3814 886 διέφυγον,

2222 906 2336 965 τοῖς
2367 902 2467 964 τὰς
2487 902 2640 965 ὀδοὺς
2679 904 2945 971 τηροῦσιν
2980 905 3359 974 ἐμπίπτοντες
3389 907 3655 963 ὤλλυντο.
3706 910 3819 964 Καὶ

2221 995 2365 1047 οὕτω
2396 995 2503 1048 τῶν
2533 1012 2591 1049 τε
2624 997 3013 1066 Καρχηδονίων
3039 998 3207 1068 μέρος
3242 1000 3499 1070 ἀναλὼθη
3528 1003 3695 1067 πολὺ,
3723 1007 3817 1058 καὶ

2226 1087 2412 1149 πόλεις
2450 1087 2632 1139 αὐτῶν
2669 1089 2865 1158 συχναὶ
2916 1091 3053 1159 πρὶς
3093 1091 3402 1161 Ῥωμαίους
3453 1094 3813 1163 μεθίσταντο.

2223 1180 2562 1250 Φοϐηοέντες
2601 1181 2646 1233 δ’
2695 1181 2745 1233 oi
2778 1183 2835 1233 ἐν
2871 1185 2935 1251 τῇ
3008 1181 3160 1235 πόλει
3203 1183 3280 1255 μὴ
3317 1185 3514 1251 ἁλῶσι,
3551 1187 3814 1260 διεκηρυ·

2226 1271 2494 1324 κεύσαντο
2545 1269 2683 1341 πρὸς
2730 1271 2823 1324 τὸν
2874 1271 3103 1335 ὕπατον,
3160 1275 3310 1337 ὅπως
3360 1276 3630 1351 ὁμολογίᾳ
3704 1280 3815 1334 τινὶ

2226 1360 2465 1413 ἐπιεικεῖ
2503 1360 2935 1430 ἀποπέμψαντες
2961 1362 3149 1426 αὐτὸν,
3179 1366 3242 1416 τὸ
3277 1366 3608 1436 παραυτίκα
3637 1368 3813 1424 δεινὸν

2228 1452 2642 1521 ύπεκφύγωσιν.
2687 1453 2841 1506 Ἐπεὶ
2879 1454 2935 1507 δὲ
2985 1455 3155 1507 πολλὰ
3182 1457 3491 1529 ἀπῃτοῦντο
3522 1463 3619 1514 καὶ
3666 1481 3806 1532 φορ-

2225 1544 2503 1610 τικὰ,ὡς
2554 1544 2758 1597 ἅλωσιν
2822 1544 3004 1598 αὐτῶν
3072 1544 3278 1615 ἀκριϐῆ
3330 1547 3655 1618 νομίζεσθαι
3716 1552 3815 1616 τὰς

2231 1635 2487 1700 σπονδὰς,
2548 1633 2808 1704 πολεμεῖν
2844 1634 3047 1703 μᾶλλον
3074 1635 3303 1690 εἴλοντο.
3358 1638 3416 1691 '0
3447 1639 3638 1707 μέντοι
3687 1638 3814 1711 Ῥηο

553 1741 756 1794 civium
786 1743 1159 1800 Romanorum
1198 1743 1301 1797 fuit
1336 1760 1351 1799 ;
1386 1742 1531 1796 unde
1565 1741 1771 1797 factum
1805 1752 1909 1804 est,
1941 1751 2000 1797 ut
2022 1743 2128 1797 im—

2233 1726 2445 1794 γοῦλος,
2504 1727 2666 1797 μέχρι
2711 1725 2833 1779 τότε
2892 1727 3171 1798 εὐτυχῶν,
3227 1730 3552 1801 αὐχήματος
3614 1733 3816 1801 μεστὸς

551 1833 859 1904 pingerent.
920 1836 1053 1891 Nam
1085 1836 1628 1909 Carthaginiensibus
1678 1855 1802 1894 cum
1842 1840 1956 1898 alii.
2013 1849 2128 1894 tum

551 1925 900 1996 Xanthippus
918 1926 1583 1986 Lacedzetuoniusauxilio
1598 1942 1888 1986 venerunt.
1904 1932 2007 1998 Qui
2031 1933 2132 1986 im-

551 2027 774 2086 perator
802 2027 1022 2075 creatus
1058 2027 1206 2091 (nam
1233 2023 1283 2076 ei
1308 2032 1366 2081 et
1386 2023 1621 2092 populus
1637 2024 1837 2094 cupide
1858 2040 2129 2080 summam

554 2127 738 2165 rerum
777 2111 1000 2177 detulit,
1042 2122 1098 2169 ct
1129 2113 1371 2170 Amilcar
1401 2117 1698 2187 caaterique
1732 2120 2009 2190 principes
2044 2124 2130 2177 ul-

554 2211 640 2280 tro
672 2206 980 2273 cesserunt)
1011 2220 1137 2258 cum
1172 2205 1277 2259 alia
1315 2208 1488 2276 probe
1516 2210 1821 2278 ordinavit,
1859 2221 1974 2269 tum
1999 2214 2131 2271 Car-

554 2291 926 2361 thaginienses
964 2310 994 2348 a
1034 2296 1289 2359 tumulis,
1325 2297 1381 2351 in
1419 2299 1622 2369 quibus
1663 2317 1774 2371 prae
1815 2314 1962 2359 metu
2002 2320 2132 2377 age-

554 2382 709 2448 bant,
747 2383 799 2437 in
831 2385 1113 2453 planitiem
1143 2388 1393 2452 deduxit,
1430 2391 1521 2446 ubi
1549 2401 1606 2445 et
1629 2394 1918 2462 equitatus
1934 2412 2126 2453 eorum

554 2486 610 2528 et
649 2475 973 2544 elephantes
1013 2478 1312 2547 plurimum
1351 2491 1626 2550 poterant.
1674 2485 1774 2540 Hic
1819 2487 1941 2544 aliis
1994 2499 2132 2545 tem-

510 2567 781 2631 ,poribus
832 2569 1072 2638 quietus,
1120 2575 1461 2642 exspectavit
1499 2576 1628 2631 dum
1676 2578 1905 2634 Romani
1950 2593 2131 2639 castra

556 2654 900 2726 negligenter
947 2666 1256 2714 tuerentur.
1300 2662 1441 2716 Elati
1492 2665 1640 2718 enim
1679 2666 1933 2733 virtoria,
1979 2668 2132 2723 Xan-

557 2746 809 2816 thippum
837 2757 896 2802 ut
914 2748 1221 2805 Graeculum
1245 2754 1375 2823 (quo
1402 2757 1624 2810 nomine
1639 2773 1737 2826 per
1750 2768 2129 2829 contemptum

562 2844 818 2908 utuntur)
859 2842 998 2897 nihil
1032 2843 1300 2899 facientes
1323 2886 1338 2909 ,
1370 2849 1550 2902 securi
1582 2851 1884 2919 agitabant.
1927 2853 2017 2908 Sic
2048 2853 2130 2908 af-

559 2933 734 2988 fectos
773 2934 1053 2991 Romanos
1104 2937 1358 3005 adortus,
1402 2955 1708 3011 eorumque
1749 2945 1998 3014 equitatu
2037 2964 2134 3017 per

555 3027 880 3096 elephantos
911 3029 1221 3099 proﬂigato.
1249 3033 1453 3088 multos
1476 3035 1699 3099 occidit,
1737 3038 1941 3092 multos
1963 3041 2128 3109 cepit,

2235 1822 2456 1888 ἐγένετο
2486 1823 2583 1876 καὶ
2612 1822 2992 1894 φρονήματος,
3026 1824 3171 1879 ὥστε
3214 1824 3312 1880 καὶ
3341 1827 3579 1897 γράφειν
3606 1829 3690 1890 είς
3716 1828 3815 1899 τὴν

2244 1910 2488 1982 Ῥώμην,
2516 1911 2599 1965 δτι
2630 1913 3191 1985 κατεσφραγισμένας
3232 1915 3347 1986 ἔχει
3393 1917 3493 1979 τὰς
3516 1918 3630 1973 τῶν
3658 1919 3814 1990 Καρ-

2233 2006 2496 2079 nam:in
2534 2006 2713 2073 πύλας
2759 2008 2865 2064 ὑπὸ
2917 2008 3013 2063 τοῦ
3074 2011 3264 2080 φόϐου.
3292 2012 3373 2065 Τὰ
3400 2014 3493 2067 ῐσα
3528 2013 3587 2066 δὲ
3632 2015 3730 2067 καὶ
3765 2016 3813 2069 οἱ

2233 2103 2335 2154 σὺν
2364 2101 2537 2171 αὐτῷ,
2577 2102 2671 2155 καὶ
2716 2103 2765 2155 οί
2804 2104 2864 2156 ἐν
2914 2105 2981 2174 τῇ
3023 2102 3211 2176 Ῥώμῃ
3245 2104 3531 2176 ἐφρόνουν·
3565 2106 3689 2159 ὅθεν
3724 2107 3814 2160 καὶ

2233 2195 2569 2265 ἐσφάλησαν.
2604 2190 2813 2250 ’Πλθον
2846 2197 2946 2265 μὲν
2978 2196 3089 2270 γὰρ
3115 2200 3230 2262 τοῖς
3279 2199 3686 2270 Καρχηδονίοις
3718 2201 3814 2253 καὶ

2233 2286 2412 2357 ἕτεροι
2445 2287 2751 2358 σύμμαχοι,
2778 2282 2910 2358 ἦλθε
2933 2287 2990 2341 δέ
3020 2289 3116 2342 καὶ
3142 2289 3208 2342 ἐκ
3231 2289 3643 2360 Λακεδαίμονος
3673 2290 3814 2345 Ξὰνο

2234 2380 2457 2443 θιππος.
2493 2375 2682 2447 Οὗτος,
2714 2380 2813 2452 τὴν
2864 2381 3248 2454 αὐτοκράτορα
3280 2383 3390 2437 τῶν
3421 2384 3815 2454 Καρχηδονίων

2236 2472 2414 2542 ἀρχὴν
2441 2472 2681 2541 εἰληφὼς
2718 2474 2768 2542 (ὅ
2792 2472 2999 2542 τέ’γὰρ
3028 2474 3199 2544 δῆμος
3227 2475 3378 2547 αὐτῷ
3415 2475 3485 2529 τὰ
3512 2478 3815 2548 πράγματα

2236 2566 2539 2635 προθύμως
2575 2566 2871 2636 ἐπέτρεψε,
2906 2567 3002 2621 καὶ
3035 2569 3062 2620 ὁ
3102 2567 3367 2637 Ἀμίλκας
3431 2568 3527 2622 καὶ
3563 2569 3618 2623 oi
3640 2569 3813 2624 λοιποὶ

2233 2658 2283 2710 οί
2318 2660 2373 2711 ἐν
2409 2660 2552 2712 τέλει
2583 2661 2857 2725 ἑκουσίως
2889 2662 3213 2735 ἐξέστησαν)
3257 2664 3329 2717 τά
3360 2681 3418 2716 τε
3454 2664 3592 2718 ἄλλα
3645 2683 3814 2735 παρε-

2239 2752 2511 2803 σκεύασεν
2567 2748 2654 2816 εὖ,
2697 2754 2792 2807 καὶ
2817 2752 2924 2806 ἀπὸ
2952 2753 3061 2806 τῶν
3102 2752 3398 2824 μετεώρων
3426 2756 3558 2819 τοὺς
3590 2757 3813 2826 Καρχηο

2235 2844 2469 2908 δονίους,
2498 2846 2557 2899 ἐν
2607 2840 2692 2910 οἷς
2738 2846 2844 2900 ὑπὸ
2876 2845 3031 2911 δέους
3069 2843 3232 2919 ἦσαν,
3270 2848 3592 2919 κατήγαγεν
3638 2850 3718 2911 είς
3754 2850 3812 2901 τὸ

2235 2937 2463 3007 ὁμαλὸν,
2500 2939 2557 2991 ἐν
2601 2932 2646 3007 ᾧ
2674 2939 2709 3008 ἦ
2745 2957 2805 2993 τε
2836 2940 3032 2994 ἱππεία
3066 2940 3249 2994 αὐτῶν
3296 2941 3393 2994 καὶ
3430 2941 3481 2994 οί
3525 2940 3815 3010 ἐλέφαντες

2238 3029 2492 3084 πλεῖστον
2539 3031 2783 3101 ἰσχύσειν
2868 3031 3118 3101 ἔμελλον·
3172 3032 3267 3086 καὶ
3336 3032 3429 3085 τὸν
3509 3031 3616 3101 μὲν
3660 3033 3813 3086 ἄλλον

556 3132 721 3193 atque
760 3123 938 3194 ipsum
969 3125 1260 3197 Regulum.
1299 3125 1413 3195 Qua
1453 3128 1681 3185 victoria
1706 3129 2128 3203 Carthaginien—

2234 3123 2427 3193 χρόνον
2478 3122 2742 3194 ἡσύχαζε
2776 3126 3028 3195 τηρήσας
3066 3123 3124 3177 δέ
3173 3142 3304 3177 ποτε
3333 3124 3458 3188 τοὺς
3504 3124 3808 3195 Ῥωμαίους

555 3230 646 3270 ses
696 3218 797 3271 etsi
834 3219 1048 3274 animos
1095 3221 1438 3288 receperant,
1488 3232 1669 3276 tamen
1719 3225 1965 3291 captivos
2001 3244 2131 3282 eou-

556 3317 885 3365 servarunt:
925 3324 993 3362 ne
1030 3309 1064 3362 ii
1096 3326 1338 3380 quoque,
1375 3328 1514 3382 quos
1542 3315 1749 3382 pridem
1779 3317 2006 3371 Rernaui
2036 3336 2127 3374 ee-

556 3406 769 3466 perant,
832 3399 1242 3456 occiderentur.
1290 3400 1368 3456 Ac
1422 3413 1649 3459 cmteros
1704 3408 1924 3474 quidem
1994 3410 2132 3465 bene

557 3499 886 3556 tractarunt,
921 3491 1191 3560 Regulum
1224 3505 1406 3547 autem
1439 3495 1699 3552 omnibus
1730 3498 1903 3551 modis
1926 3500 2130 3555 :zﬂlixe-

560 3592 708 3637 runt.
737 3583 873 3637 Nam
909 3592 965 3638 et
997 3593 1204 3637 tantum
1257 3585 1366 3638 eibi
1409 3586 1742 3653 praebebant,
1794 3590 1938 3644 unde
1969 3594 2129 3646 vitam

556 3684 873 3729 sustentare
926 3685 1134 3744 posset,
1182 3687 1238 3731 et
1289 3678 1640 3733 continenter
1669 3680 2023 3749 elephantum
2064 3684 2130 3737 ad

557 3784 681 3821 eum
715 3768 1064 3823 adducebant
1099 3787 1111 3822 :
1142 3787 1170 3823 a
1197 3787 1304 3839 quo
1332 3772 1576 3834 territus.
1610 3789 1786 3843 neque
1819 3776 2002 3828 animo
2039 3795 2134 3831 ne-

556 3876 664 3928 qac
711 3876 943 3932 corpore
1001 3866 1446 3932 conquiesceret.
1516 3867 1762 3934 Denique
1834 3880 1957 3936 post
2032 3870 2132 3923 bas

555 3952 874 4006 vexationes
925 3968 1050 4007 eum
1127 3955 1180 4006 in
1226 3969 1503 4008 carcerem
1553 3957 1932 4026 conjecerunt.
1993 3958 2134 4014 Saos

556 4046 720 4099 etiam
746 4045 1047 4102 fmderatos
1078 4046 1462 4102 crudelissime
1499 4058 1823 4104 tractarunt.
1853 4052 1985 4105 Nam
2006 4070 2131 4106 eum

555 4157 619 4196 ea
668 4157 788 4211 qua:
826 4141 1192 4210 promiserant
1245 4142 1407 4211 392
1439 4154 1698 4211 praestare
1742 4161 1847 4199 non
1883 4158 2131 4215 possent,

555 4250 653 4288 eos
696 4234 1043 4296 din‘tiserunt,
1078 4243 1137 4289 ut
1170 4235 1444 4304 stipendia
1491 4251 1600 4289 non
1632 4238 1805 4290 multo
1839 4248 1959 4307 post
2002 4256 2132 4309 per-

556 4327 809 4380 soluturi.
847 4325 953 4382 Sed
998 4336 1251 4381 vectores
1287 4344 1480 4382 eorum
1518 4329 1823 4398 jusserunt,
1854 4332 1919 4385 iis
1954 4332 2005 4385 in
2040 4334 2132 4387 de-

557 4425 703 4468 serta
766 4415 1002 4483 quadam
1059 4417 1234 4469 insula
1284 4418 1568 4486 expositis,
1620 4420 1758 4473 clam
1824 4422 2130 4479 discedere.

557 4508 934 4578 Xanthippum
960 4508 1052 4563 alii
1086 4509 1435 4565 submersum
1474 4512 1544 4565 ab
1581 4512 1649 4566 iis
1684 4513 1891 4575 ferunt,
1922 4515 2132 4571 abeun-

557 4614 663 4658 tem
698 4603 1022 4673 pcrsccutis.
1060 4602 1165 4657 Alii
1209 4620 1401 4658 navem
1438 4607 1488 4658 ei
1537 4605 1718 4659 datam
1752 4618 1995 4662 veterem
2021 4649 2035 4672 ,
2080 4621 2136 4665 et

558 4695 842 4747 ruinarum
877 4692 1116 4762 plenam,
1155 4695 1503 4748 extrinsecus
1538 4711 1730 4749 recens
1773 4697 2031 4765 pieatam,
2075 4710 2136 4754 ut

558 4789 613 4843 in
639 4804 701 4841 ea
746 4803 844 4856 per
871 4802 929 4839 se
954 4786 1406 4856 submergeretur
1440 4803 1453 4839 :
1491 4802 1601 4856 quo
1631 4789 1676 4842 is
1707 4788 2129 4852 animadverso,

555 4882 660 4936 alia
696 4880 817 4934 navi
851 4895 1149 4934 conscensa
1176 4879 1433 4933 evaserit.
1472 4877 1525 4931 ld
1550 4894 1680 4933 vero
1713 4880 1938 4945 factum,
1966 4898 2036 4935 ne
2066 4882 2134 4936 ab

554 4975 652 5029 illo
674 4973 983 5029 conservati
1013 4971 1355 5026 viderentur.
1393 4971 1667 5026 Putabant
1690 4972 1862 5037 enim,
1900 4989 1967 5029 eo
2001 4974 2137 5029 sub-

552 5067 686 5132 lato,
707 5067 874 5121 etiam
903 5082 1087 5120 rerum
1120 5074 1399 5135 gestarum
1422 5065 1651 5133 gloriam
1673 5080 1782 5119 una
1802 5066 2130 5133 perituram.

2236 3217 2734 3288 καταφρονητικῶς
2764 3217 3181 3287 αὐλιζομένουςο
3214 3216 3361 3287 μέγα
3405 3217 3518 3288 γὰρ
3548 3216 3811 3288 φρονοῦν-

2231 3330 2322 3373 τες
2341 3315 2405 3382 τῇ
2442 3313 2592 3385 νίκῃ,
2647 3313 2740 3365 καὶ
2779 3311 2869 3364 τὸν
2897 3311 3215 3365 Ξάνθιππον
3263 3311 3337 3374 ὡς
3382 3311 3619 3381 Γραικὸν
3648 3312 3815 3383 ὑπερο

2234 3405 2471 3475 ορὼντες
2537 3404 2705 3472 (οὕτω
2758 3404 2869 3475 γὰρ
2932 3404 3166 3459 καλοῦσι
3223 3405 3353 3467 τοὺς
3387 3404 3812 3475 ’Έλληνας,καὶ

2236 3500 2314 3561 είς
2362 3498 2565 3562 ὄνειδος
2621 3497 2939 3565 δυσγενείας
2979 3498 3056 3567 τῷ
3102 3501 3458 3570 προσρήματι
3488 3501 3614 3553 κατ’
3640 3500 3813 3553 αὐτῶν

2235 3589 2498 3661 χρῶνται)
2557 3589 2656 3652 τὰς
2726 3591 3154 3659 στρατοπεδείας
3227 3592 3660 3662 ἀπερισκέπτως
3718 3610 3810 3646 πε-

2236 3684 2485 3749 ποίηντο·
2515 3682 2688 3746 οὕτως
2727 3680 2821 3737 οῦν
2868 3685 2984 3746 τοῖς
3046 3684 3345 3753 Ῥωμαίοις
3392 3684 3761 3754 διακειμένοις
3786 3687 3810 3735 r'.

2236 3777 2553 3832 Ξάνθιππος
2599 3775 2872 3841 ἐπελθὼν,
2901 3776 2995 3830 καὶ
3034 3776 3095 3829 τὸ
3127 3776 3356 3830 ἱππικὸν
3386 3778 3572 3831 αὐτῶν
3598 3778 3689 3833 διὰ
3709 3778 3809 3830 τῶν

2237 3867 2549 3935 ἐλεφάντων
2578 3866 2945 3938 τρεψάμενος,
2976 3868 3206 3929 πολλοὺς
3231 3868 3330 3936 μὲν
3367 3867 3667 3936 κατέκοψε,
3691 3869 3809 3922 πολ-

2236 3961 2365 4024 λοῦς
2395 3959 2453 4012 δέ
2504 3960 2599 4012 καὶ
2650 3957 2970 4030 ἐζώγρησε,
3008 3959 3104 4012 καὶ⁸
3160 3961 3326 4014 αὐτὸν
3368 3958 3464 4012 τὸν
3505 3958 3809 4028 Ῥηγοῦλον.

2238 4054 2348 4105 Καὶ
2383 4054 2439 4104 ἐν
2476 4052 2789 4121 φρονήματι
2817 4051 2906 4104 διὰ
2941 4051 3117 4104 ταῦτα
3154 4047 3296 4123 ἦσαν
3321 4051 3368 4104 οί
3421 4050 3811 4122 Καρχηδόνιοι,

2236 4144 2360 4204 τοὺς
2413 4141 2471 4194 δὲ
2504 4142 2734 4205 ἁλόντας
2768 4142 3136 4212 περιέσωσαν.
3177 4140 3268 4194 ἵνα
3319 4140 3394 4211 μὴ
3422 4140 3519 4193 καὶ
3558 4141 3613 4193 oi.
3673 4139 3813 4211 παρὰ

2236 4234 2349 4287 τῶν
2389 4235 2682 4304 Ῥωμαίων
2731 4235 3001 4305 πρότερον
3035 4234 3093 4300 ἐξ
3122 4233 3304 4287 αὐτῶν
3347 4234 3812 4305 αἰχμαλωτισθέν-

2236 4345 2327 4388 τες
2361 4325 2659 4379 κτανθῶσι.
2694 4326 2831 4387 Τοὺς
2868 4327 2966 4395 μὲν
2998 4321 3093 4378 οῦν
3133 4325 3329 4388 ἄλλους
3365 4326 3473 4378 τῶν
3498 4325 3812 4379 ἑαλωκότων

2257 4416 2549 4487 Ῥωμαίων
2577 4417 2635 4468 ὲν
2680 4416 2951 4486 θεραπείᾳ
2994 4411 3163 4487 εἶχον.
3196 4417 3292 4469 τὸν
3331 4416 3387 4469 δέ
3431 4415 3736 4485 Ῥηγοῦλον
3762 4417 3814 4468 ἐν

2240 4513 2390 4584 πάσῃ
2436 4509 2709 4582 κακουχίᾳ
2759 4510 3095 4580 πεποίηντο,
3148 4510 3358 4580 τροφήν
3404 4526 3463 4560 τε
3497 4508 3652 4580 αὐτῷ
3702 4510 3813 4562 ὅσον

2241 4608 2458 4675 ἀποζῇν
2491 4608 2806 4676 προσῆγον,
2846 4605 2940 4656 καὶ
2977 4604 3249 4670 ἐλέφαντα
3292 4602 3640 4673 προσέφερον
3669 4618 3814 4654 συνε-

2239 4700 2373 4769 χῶς,
2420 4699 2569 4760 ὅπως
2630 4697 2721 4750 ὐπ’
2756 4696 2924 4750 αὐτοῦ
2957 4695 3409 4766 δειματούμενος,
3443 4696 3581 4763 μήτε
3614 4694 3692 4763 τῷ
3717 4693 3814 4746 σὼ·

2242 4806 2396 4857 ματι.
2431 4788 2573 4857 μήτε
2615 4789 2681 4857 τῇ
2732 4785 2942 4855 διανοίᾳ
2981 4784 3272 4855 ἡσυχάζοι.
3321 4784 3447 4837 Ἐπὶ
3506 4782 3705 4854 συχνὸν
3762 4780 3812 4833 δὲ

2239 4878 2595 4942 κακώσαντες
2658 4877 2829 4942 οὕτως
2871 4878 3034 4931 αὐτὸν
3077 4880 3159 4942 εἰς
3187 4878 3565 4947 δεσμωτήριον
3612 4876 3809 4929 ἔθεντο.

2240 4972 2380 5034 Τοὺς
2421 4970 2476 5022 δὲ
2512 4970 2814 5040 σφετέρους
2868 4969 3195 5039 συμμάχους
3223 4970 3271 5022 οἱ
3305 4968 3674 5038 Καρχηδόνιοι
3710 4965 3810 5017 δει-

2232 5066 2433 5120 νότατα
2493 5063 2970 5134 μετεχειρίσαντο.
3022 5062 3095 5115 Οὐ
3125 5060 3232 5132 γὰρ
3268 5058 3639 5128 εὐποροῦντες
3680 5058 3806 5110 ἁποο

550 5163 737 5219 δοῦναι
775 5166 960 5226 αὐτοῖς
988 5163 1025 5218 ἃ
1059 5161 1493 5233 προῦπέσχοντο,
1535 5160 1874 5230 ἀπέπεμψαν
1899 5164 2120 5230 αὐτοὺς,
2149 5164 2226 5227 ὡς
2270 5164 2367 5217 καὶ
2411 5162 2505 5214 τὸν
2536 5160 2731 5231 μισθὸν
2783 5160 2971 5222 αὐτοῖς
3021 5161 3123 5211 οὐκ
3152 5159 3206 5220 ἐς
3246 5155 3467 5227 μακρὰν
3496 5152 3803 5208 ἀποδώσον-

550 5275 641 5321 τες
663 5298 677 5313 ο
723 5257 1047 5311 Ἐκέλευσαν
1093 5255 1151 5309 δὲ
1195 5257 1308 5317 τοῖς
1341 5254 1632 5324 κομίζουσι
1678 5254 1821 5322 σφᾶς
1854 5255 1935 5317 είς
1957 5255 2176 5328 ἐρήμην
2207 5257 2332 5310 τινὰ
2358 5256 2522 5326 νῆσον
2566 5253 2885 5317 ἐκϐιϐάσαι,
2920 5252 3016 5305 καὶ
3073 5251 3251 5322 λάθρα
3278 5247 3653 5304 ἀποπλεῦσαι.
3710 5244 3809 5300 Καὶ

456 5349 490 5380 ί
554 5352 648 5414 τῂν
710 5351 1027 5404 Ξάνθιππον
1074 5350 1130 5403 δὲ
1172 5350 1222 5402 oi
1264 5348 1363 5419 μέν
1420 5365 1555 5417 φασι
1623 5348 2018 5401 καταποντίσαι
2069 5350 2267 5413 αὐτοὺς
2331 5348 2740 5403 ἀποπλεύσαντι
2784 5344 3244 5409 ἐπιπλεύσαντας
3289 5344 3338 5395 oi
3389 5341 3446 5395 δὲ
3471 5338 3605 5394 ναῦν
3668 5336 3805 5404 αὐτῷ

558 5442 741 5496 δοῦναι
792 5442 1054 5506 παλαιὰν,
1098 5442 1267 5512 μηδὲν
1315 5444 1679 5511 στέργουσαν,
1712 5438 1832 5491 νέον
1882 5441 2415 5505 καταπιττώσαντες
2455 5439 2681 5504 ἔξωθεν,
2719 5437 2788 5490 ἵν’
2824 5440 2962 5508 αὐτῇ
3002 5438 3087 5505 ἐφ’
3137 5433 3332 5488 ἑαυτοῦ
3382 5429 3803 5499 καταποντισθῇ·

554 5539 645 5591 τδν
695 5539 751 5591 δὲ
822 5537 1020 5606 γνόντα
1064 5537 1222 5590 τοῦτο
1294 5537 1373 5598 εἰς
1430 5533 1627 5602 ἑτέραν
1660 5533 1920 5603 ἐμϐῆναι,
1972 5535 2066 5586 καὶ
2121 5534 2265 5589 οὕτω
2306 5534 2664 5603 διασωθῆναι.
2706 5531 2893 5586 Ταῦτα
2945 5530 2991 5584 δ⁹
3053 5530 3296 5594 ἐποίουν,
3353 5526 3548 5597 ἵναμὴ
3612 5526 3803 5580 δοκοῖεν

558 5629 694 5698 πρὸς
748 5629 962 5682 ἐκείνου
1034 5628 1326 5683 σεσῶσθαι.
1400 5626 1696 5697 Ἐνόμισαν
1763 5624 1913 5694 γὰρ,
1991 5624 2336 5693 ἀπολωλότος
2384 5625 2574 5689 αὐτοῦ,
2607 5625 2701 5678 καὶ
2728 5624 2830 5693 τὴύ
2895 5622 3006 5676 τῶν
3064 5620 3244 5691 ἔργων
3302 5619 3466 5684 δόξαν
3515 5617 3801 5671 συναπολέ-

561 5724 706 5776 σθαι.

638 5810 774 5866 λιν.
820 5813 1077 5868 [tertianis
1129 5829 1194 5869 ea
1232 5814 1384 5870 clade
1426 5816 1658 5885 incestis,
1708 5816 1844 5873 illud
1876 5816 2121 5873 dolorem

2318 5813 2417 5867 lA‘.
2448 5812 2512 5865 Oi
2537 5810 2580 5864 δ’
2615 5813 2670 5865 ἐν
2699 5814 2765 5883 τῇ
2803 5808 2988 5882 Ῥώμῃ
3017 5809 3217 5879 ἤλγουν
3248 5804 3346 5877 μὲν
3371 5802 3457 5861 διὰ
3488 5801 3548 5857 τὸ
3578 5801 3794 5873 «unum,
