4008 6250
626 318 738 384 6ῒ5
818 322 821 325 ’

1934 313 2258 375 JOANNIS
2298 310 2621 373 ZONARE

3782 309 3877 373 (-76

625 430 1180 504 Carthaginiensibus
1203 437 1389 484 autem
1415 426 1480 482 ad
1515 439 1753 498 pugnam
1781 438 1840 480 se
1858 425 2200 495 parantibus,

2311 422 2572 478 ναυτικοῦ
2633 420 2920 494 μαθόντες,
2961 419 3216 493 ἔπεμψαν
3266 423 3347 486 είς
3403 420 3678 489 Σικελίαν,
3713 425 3879 477 πᾶσαν

628 539 727 595 per
768 523 887 579 dies
912 521 1224 591 complures
1246 530 1396 575 metu
1431 518 1716 578 simulato,
1746 516 1952 581 effecit,
1984 525 2045 571 ut
2070 516 2200 572 elati

629 614 829 670 animis
885 612 1153 667 audacius
1206 610 1410 667 muenia
1455 617 1857 681 oppugnarent.
1921 608 2202 679 Signoque

627 706 777 770 dato,
826 704 1090 759 Romanis
1140 704 1326 759 subito
1373 704 1548 773 portis
1602 703 1862 758 omnibus
1912 716 2202 771 erumpere

624 797 810 868 jussis,
841 796 999 850 facile
1021 796 1155 850 vicit
1177 796 1230 849 in
1258 796 1548 867 angustias
1570 795 1826 850 redactos
1858 811 1874 849 :
1902 794 2049 849 unde
2077 809 2203 849 cum

626 887 861 943 evadere
911 903 1021 942 non
1067 896 1311 956 possent,
1361 888 1415 941 in
1446 896 1597 942 tanta
1631 898 1688 943 et
1725 887 1974 943 virorum
2004 898 2061 943 et
2091 888 2204 944 ele-

635 979 967 1048 phantorum
995 979 1387 1042 multitudine,
1422 978 1807 1034 turbabantur.
1853 979 1959 1035 Sed
1992 981 2202 1036 interea

624 1072 817 1125 classis
855 1071 1060 1125 Punica
1088 1072 1405 1141 appellens,
1434 1071 1587 1126 exitii
1619 1087 1786 1128 causa
1818 1072 1871 1127 in
1900 1074 2090 1144 primis
2123 1075 2203 1129 eis

627 1169 894 1223 luit.Nam
908 1168 1038 1222 dum
1058 1185 1227 1224 naves
1245 1171 1613 1225 conscendere
1630 1173 1989 1235 contundunt,
2004 1171 2201 1241 partim

625 1260 679 1313 in
712 1260 846 1314 mari
883 1259 1195 1329 perierunt,
1226 1261 1425 1329 partim
1463 1260 1532 1313 ab
1566 1261 1878 1331 elephantis
1901 1269 1955 1317 et
1988 1278 2109 1317 sese
2145 1271 2201 1317 et

624 1352 880 1407 homines
906 1352 1234 1424 urgentibus
1272 1352 1615 1416 conculcati,
1649 1354 1844 1423 partim
1881 1370 1910 1407 a
1941 1353 2202 1410 Romanis

622 1443 790 1497 occisi
838 1454 987 1498 sunt.
1039 1442 1193 1513 Capti
1228 1444 1397 1498 etiam
1441 1444 1598 1499 multi
1628 1454 1682 1499 et
1716 1444 1818 1498 viri
1855 1454 1911 1501 et
1941 1446 2203 1515 elephan-

624 1543 707 1588 tes
739 1551 755 1589 :
799 1535 1045 1604 quicum
1089 1536 1382 1605 magistros
1425 1551 1557 1591 suos
1595 1551 1704 1591 non
1737 1536 1902 1609 395
1934 1537 2203 1593 habentes

621 1636 1109 1696 exasperarentur,
1157 1627 1408 1682 Metellus
1440 1628 1704 1698 captivis.
1757 1628 1853 1699 qui
1893 1643 1990 1685 eos
2017 1630 2197 1700 cepis-

623 1728 769 1783 sent.
795 1721 1026 1775 salutem
1043 1729 1098 1775 et
1119 1720 1503 1790 impunitatem
1522 1721 1798 1791 praeconio
1815 1724 2058 1791 promitti
2078 1724 2198 1795 jus-

2306 512 2570 580 ὑποτάξαι
2600 516 2722 568 τότε
2755 512 3093 580 ἐλπίζοντες.
3128 514 3238 568 Καὶ
3265 513 3372 577 ἕως
3431 513 3533 586 μὲν
3576 514 3747 585 ἄμφω
3785 532 3881 571 πα-

2308 610 2480 679 ρῆσαν
2509 611 2558 662 οἰ
2589 608 2787 663 ὕπατοι
2816 607 3100 670 Καικίλιος
3128 606 3410 670 Μέτελλος
3437 608 3534 662 καὶ
3569 608 3733 670 Γάϊος
3759 610 3882 663 ⁴βού-

2307 719 2444 772 ριος,
2481 701 2743 771 ἠρέμουν.
2782 701 2876 765 Ὧς
2917 700 2977 754 δέ
3021 700 3158 773 πρὸς
3204 699 3307 769 τήν
3344 698 3566 771 Ῥώμην
3602 700 3817 771 ἀπῆβν
3855 703 3883 755 ὁ

2302 794 2551 865 Φούριος,
2592 795 3013 866 κατεφρόνησαν
3055 791 3151 847 τοῦ
3195 794 3494 855 Μετέλλου,
3529 796 3627 848 καὶ
3668 797 3806 867 πρὸς
3830 797 3884 849 τὸ

2306 888 2592 958 Πάνορμον
2616 882 2804 959 ἦλθον.
2847 888 2904 940 Ὀ
2929 887 2986 940 δέ
3006 886 3279 951 Μέτελλος
3305 888 3695 951 κατασκόπους
3723 887 3884 940 ἐλθεῖν

2307 977 2493 1052 μαθὼν
2540 983 2605 1032 ἐκ
2636 979 2742 1032 τῶν
2788 978 3087 1050 πολεμίων,
3121 979 3346 1050 ήθροισε
3376 979 3503 1041 τοὺς
3538 982 3597 1033 ἐν
3625 982 3692 1052 τῇ
3741 979 3882 1032 πόλει

2305 1076 2540 1139 πάντας,
2569 1074 2666 1128 καὶ
2719 1073 3023 1145 διαλεχθεὶς
3070 1073 3278 1136 αὐτοῖς,
3321 1073 3573 1143 ἀλλήλων
3628 1072 3883 1125 λαϐέσθαι

2306 1166 2488 1236 σφίσιν
2545 1165 2823 1219 ἐκέλευσε.
2888 1166 2996 1218 Καὶ
3062 1162 3234 1228 οὕτως
3282 1164 3517 1218 ἕκαστον
3579 1162 3883 1235 ἀνακρίνων

2302 1259 2449 1321 ὅστις
2476 1275 2535 1311 τε
2560 1258 2643 1328 εἰη
2672 1258 2767 1311 καὶ
2786 1258 2814 1310 ὅ
2840 1275 2893 1311 τι
2925 1256 3175 1329 πράττοι,
3198 1255 3558 1326 κατεφώρασε
3585 1256 3712 1318 τοὺς
3739 1253 3884 1307 πολε-

2306 1350 2481 1421 μίους.
2513 1348 2876 1421 Καρχηδόνιοι
2911 1346 2968 1403 δέ
2994 1347 3397 1420 παρετάξαντο,
3415 1347 3489 1409 ώς
3525 1346 3875 1417 μαχούμενοι,

2304 1444 2399 1495 καὶ
2442 1442 2717 1505 Μέτελλος
2753 1441 2982 1496 δεδιέναι
3027 1442 3430 1511 προσεποιεῖτο.
3463 1438 3674 1492 Τούτου
3726 1438 3771 1493 δ’
3796 1440 3880 1490 ἐπὶ

2304 1535 2527 1598 πλείους
2555 1536 2770 1605 ἡμέρας
2802 1534 3116 1602 γινομένου,
3165 1533 3215 1585 οἰ
3251 1530 3616 1602 Καρχηδόνιοι
3662 1531 3880 1599 ἐφρονη-

2308 1627 2675 1697 ματίσθησαν,
2702 1626 2798 1678 καὶ
2830 1624 3199 1697 προσέϐαλλον
3232 1623 3588 1695 θρασύτερον.
3619 1622 3730 1675 Καὶ
3768 1622 3879 1674 τότε

2304 1721 2332 1773 ό
2360 1720 2628 1783 Μέτελλος
2656 1720 2883 1790 σημεῖον
2911 1721 3024 1781 τοῖς
3064 1718 3356 1786 Ῥωμαίοις
3383 1711 3485 1787 ἦρε
3505 1733 3520 1746 ·
3554 1716 3666 1768 κάκ
3697 1712 3878 1766 τούτου

624 1812 716 1866 sit.
742 1811 834 1867 Sic
853 1812 928 1867 illi
955 1812 1417 1868 nansuetissimis
1442 1821 1499 1867 et
1524 1814 1673 1868 notis
1698 1815 1895 1885 captis,
1914 1794 2200 1871 etiameta-

2307 1811 2638 1878 ἐξαπιναίως
2674 1813 2872 1863 ἐκεῖνοι
2902 1811 3044 1863 κατά
3070 1810 3251 1871 πασας
3290 1809 3389 1870 τὰς
3414 1804 3591 1868 πύλας
3625 1802 3879 1873 ἐπεκδρα-

624 1914 772 1958 tcros
800 1913 1180 1960 attraxerunt:
1217 1904 1312 1974 qui
1344 1919 1471 1968 cxx,
1503 1920 1738 1961 numero
1766 1905 1844 1961 sic
1872 1920 1970 1977 per
2002 1905 2205 1963 fretum

622 1995 851 2050 Romam
883 2006 1012 2051 sunt
1038 1996 1299 2053 traduc:i.
1323 1997 1478 2051 Dolia
1500 1999 1671 2053 multa
1693 1999 1836 2052 inter
1867 2015 1988 2054 sese
2012 1999 2208 2054 devin-

622 2099 839 2149 xerunt.
869 2098 925 2143 et
960 2089 1122 2159 lignis
1143 2089 1368 2143 insertis
1403 2090 1475 2142 ita
1507 2089 1902 2150 distinxerunt.
1937 2100 1997 2144 ut
2028 2107 2208 2160 neque

621 2190 1039 2249 separarentur.
1074 2195 1256 2249 neque
1281 2178 1496 2233 coirent
1523 2196 1537 2232 ε
1567 2193 1744 2246 eaque
1796 2179 2048 2233 trabibus
2077 2195 2211 2235 con-

620 2277 814 2333 strata,
868 2268 1164 2322 sarmentis
1217 2277 1275 2323 et
1326 2278 1474 2322 terra
1528 2267 1762 2338 ingesta,
1806 2268 2210 2340 circumsepse-

619 2368 772 2421 runt,
822 2368 883 2413 ut
933 2368 1214 2413 structura
1270 2358 1361 2413 illa
1410 2358 1611 2413 stabuli
1669 2360 1844 2413 instar
1904 2370 2098 2416 esset:
2144 2362 2201 2417 in

619 2464 853 2519 eamque
901 2450 1270 2515 introductos,
1316 2453 1436 2504 sine
1469 2463 1635 2505 sensu
1682 2450 2049 2520 navigationis
2093 2462 2204 2509 tra-

613 2541 890 2611 jecerant.
938 2541 1049 2595 Hac
1105 2540 1337 2595 victoria
1381 2541 1558 2610 potito
1612 2539 1862 2606 Metello,
1928 2542 2200 2599 Asdrubal

619 2631 732 2685 dux
758 2640 871 2685 tum
900 2630 1122 2702 quidem
1155 2634 1367 2686 evasit:
1402 2631 1499 2686 sed
1533 2643 1657 2701 post
1683 2648 1712 2687 a
1743 2631 2199 2707 Carthagiuensi-

619 2724 724 2779 bus
757 2732 1072 2789 revocatus,
1098 2733 1262 2795 atque
1290 2725 1345 2779 in
1377 2740 1601 2781 crucem
1627 2735 1783 2783 actus
1810 2737 1914 2783 est.

2306 1906 2522 1975 μόντες,
2586 1901 2784 1975 ῥᾳδίως
2827 1900 3167 1972 ἐκράτησαν,
3201 1898 3302 1953 καὶ⁵
3349 1901 3409 1961 ἐς
3460 1896 3647 1950 στενὸν
3697 1896 3880 1956 αὐτοῖς

2303 1998 2690 2062 κατέκλεισαν,
2746 1995 2889 2049 ὥστε
2950 1993 3145 2065 μηκέτ’
3185 1992 3541 2062 ἀναχωρῆσαι
3594 1987 3667 2043 δι’
3724 1986 3878 2041 αὐτοῦ

2301 2091 2622 2162 δυνηθῆναι.
2665 2088 3170 2159 Στενοχωρούμενοι
3201 2086 3310 2157 γὰρ
3332 2084 3427 2139 ἆτε
3456 2085 3552 2137 καὶ
3580 2082 3736 2137 αὐτοὶ
3764 2079 3881 2133 πολ-

2303 2183 2387 2237 λοὶ
2421 2182 2594 2244 ὅντες,
2647 2181 2742 2236 καὶ
2790 2179 3019 2243 πολλοὺς
3066 2178 3367 2248 ἐλέφαντας
3399 2176 3616 2246 ἔχοντες
3668 2173 3882 2241 ἐταράτ-

2302 2289 2478 2327 τοντο.
2510 2273 2626 2326 Κάν
2647 2271 2827 2341 τούτῳ
2852 2269 2913 2322 τὸ
2941 2270 3196 2323 ναυτικὸν
3222 2268 3284 2322 τὸ
3313 2267 3554 2321 Λιϐυκὸν
3575 2262 3882 2336 προσπελα-

2309 2383 2408 2419 σαν
2442 2366 2623 2428 αὐτοῖς
2656 2366 2878 2432 ἐγένετο
2909 2361 3115 2434 φθορᾶς
3155 2361 3494 2416 αἰτιώτατον.
3536 2358 3760 2421 Ἰδόντες
3782 2360 3881 2428 γὰρ

2307 2459 2404 2520 τὰς
2436 2458 2590 2524 ναῦς,
2624 2457 2894 2527 ὥρμησαν
2923 2457 3001 2519 εἰς
3036 2455 3227 2519 αὐτὰς,
3255 2456 3347 2509 καὶ
3369 2451 3654 2524 ἐμϐαίνειν
3675 2450 3880 2516 ἐξεϐιά-

2310 2548 2485 2614 ζοντο,
2530 2549 2625 2601 καὶ
2655 2549 2703 2600 οἱ
2740 2548 2840 2618 μὲν
2885 2550 2965 2609 εἰς
2997 2548 3096 2615 τὴν
3126 2545 3401 2598 θάλασῖαν
3453 2544 3766 2606 ἐνέπιπτον,
3794 2543 3881 2596 καὶ
3942 2596 3951 2605 ο

2310 2642 2647 2711 ἐφθείροντο,
2693 2642 2742 2693 οἱ
2784 2640 2839 2693 δὲ
2894 2639 2996 2693 ὑπὸ
3034 2638 3141 2691 τῶν
3169 2637 3477 2704 ἐλεφάντων
3508 2633 3881 2705 ἐμπελαξομέ-

2310 2752 2417 2788 νων
2462 2732 2718 2803 ἀλλήλοις
2759 2748 2819 2784 τε
2854 2732 2948 2784 καὶ
2978 2731 3091 2793 τοῖς
3123 2726 3431 2799 ἀνθρώποις
3462 2724 3813 2779 ἀπώλλυντο·
3837 2725 3879 2775 οἰ

608 2819 675 2873 δέ
714 2820 819 2874 ὑπὸ
859 2820 966 2874 τῶν
1030 2820 1320 2891 Ῥωμαίων
1371 2822 1696 2889 ἐκτείνοντο,
1762 2824 1950 2881 πολλοὶ
2001 2826 2060 2881 δὲ
2105 2830 2202 2883 καὶ
2251 2831 2454 2896 ζῶντες
2507 2827 2773 2893 ἑάλωσαν,
2836 2826 3030 2897 ἄνδρες
3075 2841 3136 2877 τε
3173 2822 3271 2879 καὶ
3300 2821 3619 2890 ἐλέφαντες.
3674 2816 3881 2887 Ἐπειδὴ

619 2913 727 2982 γὰρ
786 2912 916 2967 ἄνευ
985 2913 1095 2966 τιίν
1127 2912 1374 2983 συνήθων
1403 2914 1587 2982 σφίσιν
1629 2915 1837 2987 ἀνδρῶν
1871 2918 2024 2980 ὄντες
2060 2921 2428 2992 ἠγριαίνοντο,
2476 2921 2744 2993 κήρυγμα
2795 2921 2908 2981 τοῖς
2944 2916 3315 2988 αἰχμαλώτοις
3347 2918 3375 2970 ὁ
3400 2912 3675 2976 Μέτελλος
3709 2913 3882 2983 ἐποιή-

621 3026 777 3075 σατο,
840 3009 1116 3081 σωτηρίαν
1147 3010 1239 3062 καί
1262 3007 1449 3062 ἄδειαν
1482 3013 1594 3074 τοῖς
1631 3010 1988 3067 συλλαϐοῦσιν
2012 3016 2210 3081 αὐτοὺς
2254 3017 2467 3071 διδοῦν·
2511 3019 2606 3071 καὶ
2632 3015 2804 3079 οὕτως
2831 3012 3228 3085 προσελθόντες
3294 3012 3410 3073 τοῖς
3450 3009 3604 3079 σφῶν
3652 3008 3883 3077 πραοτὰ-

616 3119 755 3166 τοις,
810 3100 1053 3163 ἐκείνους
1112 3115 1172 3151 τε
1232 3097 1320 3151 διὰ
1357 3101 1459 3171 τὴν
1508 3102 1799 3172 συνήθειαν
1863 3104 2230 3176 ἐχειρώσαντο
2260 3108 2505 3174 καὶτοὺς
2533 3105 2725 3171 ἄλλους
2757 3103 3309 3177 προσεπεσπάσαντο,
3346 3100 3441 3164 οὓς
3490 3098 3589 3153 καὶ
3665 3099 3748 3162 εἰς
3790 3097 3883 3167 τὴν

627 3192 850 3263 Ῥώμην
896 3193 1182 3262 ἐκόμισαν,
1215 3192 1409 3246 ἑκατὸν
1472 3191 1631 3257 ὄντας
1681 3194 1774 3247 καὶ
1803 3196 2027 3264 εἴκοσιν,
2054 3198 2226 3264 οὕτως
2266 3202 2464 3266 αὐτοὺς
2495 3200 2589 3254 τὸν
2639 3198 2886 3271 πορθμὸν
2920 3196 3353 3270 περαιώσαντες.
3422 3193 3627 3255 Πίθους
3660 3190 3881 3246 πολλοὺς

619 3285 984 3354 συνδήσαντες
1016 3283 1290 3353 ἀλλήλοις,
1327 3284 1420 3337 καὶ
1452 3283 1631 3350 ξύλοις
1654 3284 1999 3355 διαλαϐόντες
2024 3293 2185 3361 σφᾶς,
2224 3294 2364 3349 ὥστε
2407 3294 2538 3367 μήτ’
2561 3290 2915 3364 ἀπαρτᾶσθαι
2946 3292 3108 3360 σφᾶς,
3144 3289 3283 3361 μήτε
3311 3287 3672 3357 συμπίπτειν,
3702 3285 3881 3347 δοκοὺς

618 3373 708 3426 ἐπ’
766 3374 946 3428 αὐτῶν
983 3373 1289 3436 ἐπέτειναν,
1333 3372 1429 3426 καὶ
1464 3372 1597 3444 ὓλην
1623 3375 1717 3428 καὶ
1745 3377 1850 3445 γῆν
1874 3379 2244 3457 ἐπεφόρησαν,
2277 3381 2588 3453 φράξαντές
2615 3397 2675 3436 τε
2706 3380 2867 3452 πέριξ
2893 3380 2953 3434 τὸ
2971 3380 3194 3452 χωρίον,
3224 3378 3301 3443 ώς
3330 3377 3466 3448 αὐλῇ
3494 3394 3603 3445 τινι
3627 3376 3880 3430 ἐοικέναιο

618 3467 702 3529 εἰς
727 3463 885 3519 τοῦτο
916 3465 1114 3527 αὐτοὺς
1154 3463 1508 3532 ἐπεϐίϐασαν,
1557 3468 1651 3520 καὶ
1717 3467 1908 3539 διεπόρ
1944 3470 2210 3542 θμευσαν,
2265 3476 2373 3529 οὐδ’
2430 3475 2857 3546 αἰσθανομένους
2909 3474 2993 3527 ὅτι
3062 3472 3303 3527 πλέοιεν.
3343 3470 3403 3523 Ὀ
3462 3468 3562 3540 μὲν
3600 3463 3697 3523 οὖν
3768 3466 3881 3522 Μὲο

615 3559 802 3624 τελλος
870 3560 1043 3624 οὕτως
1094 3563 1384 3635 ἐνίκησενο
1429 3571 1457 3618 ὀ
1508 3564 1553 3620 δ’
1598 3563 1930 3635 Ἀσδρούϐας
1985 3566 2013 3618 ὁ
2051 3566 2160 3619 τῶν
2224 3567 2613 3639 Καρχηδονίων
2678 3566 2984 3638 στρατηγὸς
3051 3565 3245 3629 σωθεὶς
3292 3563 3438 3627 τότε,
3511 3561 3747 3631 ὕστερον
3783 3562 3881 3615 ὑπ’)

616 3654 727 3707 τῶν
796 3653 1185 3726 Καρχηδονίων
1248 3656 1456 3728 ἐκλήθη
1492 3696 1511 3726 ,
1572 3656 1667 3711 καὶ
1730 3657 2194 3730 ἀνεσκολοπίσθη.
3404 3697 3415 3707 -

685 3745 804 3803 XV.
830 3744 1314 3817 Carthaginienses
1339 3763 1463 3801 cum
1495 3746 1620 3803 aliis
1649 3745 1718 3803 de
1739 3745 1943 3812 causis,
1964 3754 2081 3802 tum
2119 3745 2190 3802 ob

2365 3746 2466 3803 IE'.
2499 3748 2563 3801 Ol
2594 3747 2958 3818 Καρχηδόνιοι
2983 3746 3040 3801 δέ
3069 3745 3569 3819 διεκηρυκεύσαντο
3595 3750 3713 3812 τοῖς
3746 3746 3881 3802 Ῥω-

616 3840 958 3911 captivorum
1001 3837 1414 3893 multitudinem
1444 3876 1459 3903 ,
1494 3838 1725 3893 Romam
1770 3838 1981 3910 legatos
2026 3839 2196 3895 mise-

616 3939 771 3990 runt,
806 3928 1065 3999 adjuncto
1104 3928 1340 3999 Regulo,
1393 3944 1557 3999 quem
1593 3938 1820 4000 propter
1851 3929 2110 3985 virtutem
2142 3935 2198 3985 et

618 4023 1009 4078 auctoritatem
1030 4021 1168 4076 nihil
1193 4037 1302 4077 non
1322 4021 1741 4092 impetraturum
1762 4020 2194 4089 arbitrabantur,

616 4113 979 4188 jurejurando
1028 4114 1382 4188 obstrictum,
1439 4122 1500 4167 ut
1543 4113 1774 4168 rediret.
1823 4109 1872 4167 ls
1901 4122 1959 4169 et
1984 4112 2109 4170 aliis
2141 4115 2196 4170 in

619 4187 788 4261 rebus
830 4222 889 4261 se
915 4220 1014 4276 pro
1036 4187 1504 4274 'Carthaginiense
1527 4206 1719 4274 gessit.
1757 4218 1939 4273 neque
1974 4219 2199 4259 uxorem

616 4299 685 4353 ad
713 4298 1048 4368 colloquium
1072 4296 1299 4351 admisit
1325 4313 1340 4350 :
1364 4311 1543 4365 neque
1580 4304 1796 4361 urbem,
1822 4295 2077 4366 quamvis
2102 4309 2200 4351 vo-

618 4404 862 4457 caretur,
919 4391 1203 4461 ingressus
1257 4395 1364 4445 est.
1414 4387 1521 4442 Sed
1563 4397 1756 4443 senatu
1804 4397 1958 4442 extra
2004 4387 2196 4442 urbem

618 4491 813 4537 coacto
852 4482 950 4543 (ita
984 4481 1133 4536 enim
1167 4479 1502 4550 respondere
1533 4480 1727 4552 legatis
1756 4479 1995 4534 hostium
2026 4479 2199 4537 moris

619 4574 761 4643 erat)
797 4574 851 4628 in
897 4573 1193 4628 concilium
1223 4573 1603 4637 introductus,
1633 4572 1811 4627 dixit:
1852 4569 1990 4637 Nos,
2021 4571 2087 4628 P.
2122 4571 2186 4628 ϐ.

621 4666 1082 4738 Carthaginienses
1100 4668 1169 4720 ad
1188 4683 1275 4720 vos
1307 4667 1560 4719 miserunt
1590 4668 1739 4731 (nam
1766 4679 1858 4734 ego
1884 4678 2086 4734 quoque
2105 4664 2201 4735 ju-

622 4775 679 4813 re
703 4759 825 4813 belli
844 4776 1021 4814 servus
1050 4775 1231 4813 eorum
1263 4760 1435 4828 [actus
1462 4760 1603 4825 sum)
1641 4766 1877 4830 petentes
1897 4757 1952 4810 in
1986 4757 2195 4826 primis,

622 4859 681 4905 ut
720 4868 826 4923 pax
854 4853 917 4906 iis
937 4851 1342 4916 conditionibus,
1377 4867 1508 4921 quas
1540 4851 1792 4921 utrinque
1838 4848 2197 4918 probaveritis,

620 4944 762 5013 ﬁat:
790 4945 873 4998 sin
902 4945 955 4997 id
1000 4943 1199 5008 nolitis,
1249 4957 1305 4997 ut
1341 4942 1530 4997 saltem
1575 4942 1769 5011 captivi
1810 4948 2197 5012 permutentur.

624 5036 752 5092 Haec
793 5036 1032 5101 locutus,
1070 5051 1196 5091 cum
1223 5035 1418 5107 legatis
1447 5035 1700 5098 secessit,
1736 5040 1799 5087 ut
1828 5032 2060 5088 Romani
2094 5032 2197 5087 soli

2304 3841 2485 3911 μαίοις
2518 3839 2608 3895 διά
2628 3857 2687 3893 τε
2710 3840 2899 3907 τᾶλλα,
2928 3841 3022 3894 καὶ
3046 3839 3107 3893 τὸ
3130 3839 3334 3912 πλῆθος
3360 3839 3473 3892 τῶν
3496 3838 3881 3911 αἰχμαλώτων.

2300 3932 2545 3995 καὶτοῖς
2580 3930 2847 4003 πρέσϐεσι
2899 3930 2995 3984 καὶ
3042 3930 3204 3984 αὐτὸν
3249 3930 3342 3985 τὸν
3398 3929 3697 4001 Ῥηγοῦλον
3756 3948 3880 3983 συν-

2300 4024 2575 4094 έπεμψαν,
2602 4024 2710 4077 πᾶν
2744 4022 2813 4077 δι’
2837 4023 3006 4093 αὐτοῦ
3031 4022 3311 4096 οἰηθέντες
3337 4022 3768 4097 κατωρθωκέναι
3798 4023 3881 4076 διὰ

2298 4112 2399 4184 τὴν
2425 4113 2628 4183 ἀρετὴν
2651 4114 2746 4168 καὶ
2772 4114 2833 4168 τδ
2865 4114 3083 4179 ἀξίωμα
3112 4113 3207 4168 τοῦ
3246 4115 3459 4186 ἀνδρός.
3494 4114 3795 4187 Ὅρκωσὰν
3824 4131 3882 4168 τε

2300 4203 2485 4270 αὐτὸν,
2529 4202 2565 4277 ἢ
2614 4207 2723 4278 μὴν
2774 4207 3086 4280 ἐπανήξειν.
3131 4208 3240 4261 Καὶ
3273 4208 3332 4272 ὃς
3357 4208 3427 4262 τά
3452 4225 3511 4264 τε
3536 4209 3673 4263 ἄλλα
3698 4210 3772 4272 ὡς
3806 4203 3882 4271 εἰς

2300 4296 2411 4350 τῶν
2451 4297 2839 4368 Καρχηδονίων
2889 4298 3149 4370 ἔπραττε,
3183 4302 3276 4354 καὶ
3326 4298 3449 4354 οὔτε
3496 4303 3600 4373 τὴν
3649 4305 3883 4373 γυναῖκα

2301 4391 2382 4453 εἰς
2435 4389 2626 4459 λόγους
2659 4390 2898 4459 ἐδέξατο,
2950 4392 3076 4444 οὔτε
3122 4391 3224 4464 τὴν
3279 4393 3434 4446 πόλιν
3497 4393 3744 4465 εἰσῆλθε,
3792 4398 3885 4448 καὶ

2299 4483 2476 4539 ταῦτα
2506 4483 2862 4558 καλούμενος,
2894 4485 3010 4539 ἀλλ’
3043 4485 3148 4553 ἐξω
3174 4486 3269 4541 τοῦ
3304 4487 3519 4558 τείχους
3549 4489 3654 4558 τῆς
3686 4488 3885 4561 βουλῆς

2301 4576 2687 4647 ἀθροισθείσης
2714 4576 2810 4648 (ώς
2833 4577 2954 4642 ἔθος
2982 4573 3051 4649 ἦν
3072 4578 3435 4649 χρηματίζειν
3463 4579 3575 4634 τῶν
3601 4581 3884 4653 πολεμίων

2301 4669 2414 4732 τοῖς
2448 4668 2764 4740 πρέσϐεσιν)
2792 4669 3074 4741 εἰσαχθεὶς
3123 4674 3203 4735 εἰς
3234 4671 3294 4725 τὸ
3348 4673 3653 4745 συνέδριον,
3690 4671 3849 4729 εἶπεν
3870 4691 3883 4705 ·

2313 4759 2519 4830 Ἥμᾶς,
2542 4755 2590 4816 ὦ
2622 4761 2892 4831 πατέρες,
2919 4764 3069 4831 πρὸς
3099 4763 3255 4833 ὑμᾶς
3279 4764 3679 4835 Καρχηδόνιοι
3709 4768 3887 4835 ἐπεμ-

2302 4855 2433 4920 ψαν
2483 4851 2720 4919 (ἐκεῖνοι
2773 4852 2886 4922 γάρ
2932 4869 3011 4922 με
3064 4854 3419 4918 sardinam,
3471 4856 3604 4910 ἐπεί
3663 4857 3887 4921 δοῦλος

2304 4943 2504 4998 αὐτῶν
2550 4944 2712 5015 νόμῳ
2754 4946 3024 5014 πολέμου
3075 4947 3413 5019 γεγένημαι)
3476 4950 3575 5003 καὶ
3636 4951 3883 5015 ἀξιοῦσι

2300 5035 2569 5104 μάλιστα
2592 5036 2711 5107 μὲν
2734 5037 2830 5090 καί
2857 5038 2961 5091 τὸν
2988 5041 3264 5108 πόλεμον
3285 5042 3593 5097 λύσασθαι
3614 5044 3714 5097 ἐπὶ
3737 5059 3887 5097 συν-

622 5131 1016 5185 deliberarent.
1041 5128 1179 5185 Cum
1210 5139 1396 5184 autem
1438 5146 1467 5182 a
1510 5144 1653 5186 coss.
1690 5127 1958 5183 interesse
1989 5125 2198 5181 delibe-

2304 5127 2520 5197 θήκαις
2572 5129 2704 5197 ταῖς
2755 5130 3080 5197 δοκούσαις
3131 5132 3375 5201 ἀμφοῖν,
3423 5137 3478 5187 εί
3528 5134 3599 5187 δὲ
3647 5134 3737 5204 μὴ
3770 5132 3886 5188 τῶν

626 5225 825 5280 rationi
866 5224 1177 5294 iuberetur,
1226 5240 1336 5278 non
1366 5223 1568 5291 paruit.
1608 5220 1925 5291 priusquam
1977 5218 2031 5273 id
2073 5216 2208 5273 Car-

629 5318 1009 5388 thaginienses
1034 5313 1529 5387 permisissentQAc
1559 5313 1757 5369 tacitus
1780 5311 2047 5373 assidens,
2078 5326 2200 5365 cum

529 5422 532 5425 ‘
626 5412 954 5465 sententiam
979 5420 1283 5481 vagaretur,
1307 5411 1381 5463 ait
1410 5427 1423 5461 :
1455 5407 1597 5478 Ego,
1624 5404 1684 5460 Ρ.
1719 5404 1776 5459 C.
1807 5405 1851 5458 si
1903 5403 1983 5457 vel
2013 5403 2200 5457 millies

626 5514 811 5572 raptus
840 5503 1009 5573 fuero,
1030 5512 1256 5556 vestrum
1284 5517 1421 5553 unus
1451 5515 1588 5553 sum.
1628 5495 1771 5550 Nam
1807 5513 1978 5550 meum
2014 5513 2202 5565 corpus

625 5611 782 5666 penes
805 5586 1262 5668 Carthaginienses
1280 5604 1377 5656 est,
1398 5590 1602 5647 animus
1625 5605 1744 5643 vero
1764 5604 1906 5643 meus
1921 5588 2201 5642 vobiscum.

625 5682 849 5740 Acillnd
878 5684 1086 5755 quidem
1110 5681 1399 5736 alienatum
1418 5696 1448 5732 a
1472 5677 1641 5732 vobis:
1660 5677 1762 5741 hic,
1789 5691 1888 5745 quo
1915 5676 2084 5730 minus
2100 5676 2203 5730 Ro-

631 5789 910 5829 manorum
943 5774 1035 5839 sit,
1056 5772 1251 5841 efﬁcere
1281 5787 1431 5826 nemo
1452 5778 1618 5842 potest
1647 5785 1664 5823 :
1686 5783 1749 5821 ac
1772 5775 1826 5819 ιιι
1849 5766 2105 5834 captivus,
2131 5770 2201 5821 ad

2304 5220 2697 5289 αἰχμαλώτων
2732 5220 3109 5287 ποιήσασθαι
3143 5224 3447 5291 (alarm.
3470 5224 3661 5279 Ταῦτα
3691 5224 3883 5284 εἰπὼν,

2307 5311 2542 5380 μετέστη
2594 5314 2731 5381 μετά
2785 5311 2897 5365 τῶν
2950 5314 3255 5384 πρέσϐεων,
3288 5315 3360 5378 ὡς
3388 5318 3455 5370 ἂν
3491 5316 3615 5370 καθ’
3654 5318 3885 5375 ἑαυτοὺς

2303 5406 2351 5458 οἰ
2415 5404 2675 5467 Ῥωμαῖοι
2738 5405 3155 5476 βουλεύσωνται.
3220 5408 3563 5464 Κελευόντων
3612 5411 3671 5464 δὲ
3722 5410 3886 5464 αὐτὸν

2302 5500 2413 5552 τῶν
2444 5498 2667 5552 ὑπάτων
2694 5501 3105 5569 συμμετασχεῖν
3138 5499 3288 5567 σφίσι
3317 5500 3417 5571 τῆς
3445 5499 3793 5573 διαγνώμης,
3824 5500 3884 5550 οὐ

2308 5588 2439 5655 πρὶν
2464 5587 2717 5657 ἐπείσθη,
2746 5589 2851 5654 πρὸ
2885 5587 2978 5640 τοῦ
3014 5588 3385 5657 ἐπιτραπῆναι
3417 5590 3572 5660 παρά
3595 5589 3711 5642 τῶν
3734 5590 3889 5655 Καρ-

2308 5679 2589 5748 χηδονίων.
2632 5679 2691 5734 '0
2722 5679 2779 5733 δέ
2811 5679 2950 5741 τέως
2986 5680 3086 5750 μὲν
3121 5680 3351 5735 ἐσιώπα.
3392 5681 3545 5735 Ἐπεὶ
3576 5681 3624 5735 δ’
3658 5682 3709 5737 οἰ
3758 5680 3889 5749 βου·

2306 5768 2497 5824 λευταί
2527 5772 2704 5827 εἰπεῖν
2730 5772 2894 5829 αὐτὸν
2924 5772 3154 5847 γνώμην
3184 5773 3461 5844 ἐκέλευον,
3511 5769 3667 5829 εἶπεν
3690 5791 3705 5806 ο
3749 5770 3890 5835 ειμι
