4008 6250
189 303 295 371 6ἷῖ

1459 303 1865 367 ANNALIUM
1904 306 2052 367 LIB.
2098 304 2265 367 Vill.

3340 313 3447 373 (378

183 426 306 487 per
341 409 430 483 εις
453 414 522 480 ἐξ
557 413 743 485 ὑμῶν,
785 407 834 468 ὦ
866 412 1142 481 πατέρες,
1173 411 1288 467 κᾶν
1310 413 1595 481 μυριάκις
1622 412 1768 466 ἁλῶ.

1888 410 2339 483 Carthaginienses
2355 411 2612 483 per-tinea.
2641 412 2775 468 Cum
2805 421 2985 468 autem
3021 413 3173 469 nulla
3201 416 3455 489 improbi.

196 512 269 565 τὸ
289 508 407 580 μὲν
436 511 546 581 γὰρ
575 507 748 578 σῶμα
773 524 894 576 μου
927 504 1374 575 Καρχηδονίων,
1414 506 1453 573 ἡ
1494 505 1563 558 δὲ
1606 504 1773 574 ψυχή

182 619 306 669 μου
328 600 582 669 ὑμετέρα
617 599 811 651 ἐστίν.
851 597 1077 651 Ἐκεῖνο
1098 597 1218 666 μὲν
1245 596 1353 666 γὰρ
1388 597 1552 666 ὑμῶν
1587 598 1775 665 ’ἠλλο-

186 696 450 762 τρίωται,
476 694 703 761 ταύτην
743 691 812 746 δὲ
852 690 1053 754 οὐδεὶς
1078 691 1330 747 δύναται
1351 692 1439 761 μὴ
1467 694 1602 761 οὐχὶ
1638 694 1776 746 Ῥω-

182 787 377 853 μαίαν
420 781 575 838 εἶναι
621 780 871 849 ποιῆσαι
902 800 915 814 ·
969 781 1067 837 καὶ
1128 781 1204 847 ὡς
1236 780 1353 849 μὲν
1401 780 1778 849 αἰχμάλωτος

189 874 629 945 Καρχηδονίοις
660 874 971 941 προσήκω.
1012 873 1175 927 Ἐπεὶ
1225 872 1280 926 δ’
1301 874 1413 927 οὐκ
1441 874 1510 927 ἐκ
1541 872 1775 937 κακίας,

188 970 334 1024 ἀλλ’
363 970 430 1022 ἐκ
479 969 815 1036 προθυμίας
865 966 1283 1034 ἐδυστύχησα,
1333 966 1430 1021 καὶ
1495 963 1778 1034 Ῥωμαῖός

188 1066 331 1134 ειμι,
365 1061 465 1114 καὶ
514 1059 715 1129 φρονῶ
772 1057 846 1113 τὰ
901 1058 1180 1128 ὑμέτερα,
1230 1059 1328 1112 καὶ
1376 1056 1596 1121 οὐδ’ἐξ
1641 1055 1778 1120 ἐνὸς

191 1154 422 1221 τρόπον
447 1150 796 1206 λυσιτελεῖν
823 1149 965 1223 ὑμῖν
988 1150 1097 1216 τὰς
1124 1147 1514 1218 καταλλαγὰς
1541 1146 1774 1217 νομίζω.

193 1245 388 1301 Ταῦτα
421 1244 450 1294 ὁ
497 1242 792 1313 Ῥηγοῦλος
823 1241 1018 1306 εἰπὼν,
1066 1242 1162 1296 καὶ
1203 1244 1323 1307 τὰς,
1350 1244 1528 1305 αξτῖας
1577 1241 1778 1310 προσέ-

193 1335 360 1406 θηκε,
387 1335 454 1390 δι’
483 1335 550 1396 ἃς
582 1335 679 1398 τὰς
708 1335 1013 1405 συμϐάσεις
1046 1335 1384 1406 ἀπηγόρευε.
1423 1336 1530 1388 Καὶ
1559 1333 1776 1401 ἐπήγα-

192 1445 294 1495 γεν
338 1427 435 1491 ὡς,
498 1424 642 1482 Οἶδα
689 1425 809 1497 μὲν
865 1428 955 1481 ὅτι
1009 1443 1112 1497 μοι
1171 1421 1481 1495 προῦπτος
1533 1425 1779 1494 ὄλεθρος

192 1521 528 1588 πρόκειται.
570 1521 891 1573 Ἀδύνατον
926 1520 1030 1589 γὰρ
1061 1519 1271 1575 λαϐεῖν
1302 1519 1522 1585 αὐτοὺς
1559 1521 1597 1573 d
1630 1535 1778 1574 συν-

191 1613 558 1676 εϐούλευσα,
602 1613 764 1667 ἀλλὰ
809 1612 1120 1677 καὶοῦτως
1148 1612 1260 1680 τῆς
1279 1612 1544 1681 ἐμαυτοῦ
1587 1628 1778 1681 σωτη-

183 1705 332 1770 ρίας
384 1703 448 1756 τὸ
505 1701 679 1772 κοινῇ
732 1705 1049 1772 συμφέρον
1077 1704 1411 1771 προτίθημι.
1459 1706 1529 1757 Ei
1573 1702 1641 1756 δέ
1687 1719 1777 1767 τις

1879 512 2010 569 tate,
2044 505 2137 557 sed
2166 505 2242 557 rei
2284 503 2409 557 bene
2442 504 2684 574 gerenda:
2706 504 2882 559 studio
2914 503 3118 560 cladem
3145 510 3455 577 acceperim,

1879 594 2150 648 Romanus
2180 612 2297 649 sum
2327 610 2345 648 :
2387 597 2633 666 vobisque
2661 594 2959 650 consultum
2995 598 3167 667 cupio,
3200 607 3249 650 et
3271 598 3460 667 paci/i-

1877 689 2136 740 cationem
2181 687 2330 742 nullo
2377 689 2528 742 modo
2565 705 2592 742 e
2621 705 2677 742 re
2713 699 2886 743 vestra
2909 706 3019 744 esse
3044 690 3196 743 duco.
3236 690 3334 744 llis
3375 691 3461 744 di-

1879 779 2005 844 ctis,
2046 796 2268 852 sumque
2302 783 2592 837 sententia:
2630 782 2938 837 rationibus
2967 782 3242 847 adductis,
3274 783 3460 854 subje-

1878 874 1987 928 cit:
2015 872 2162 927 Scire
2180 890 2257 940 se,
2278 875 2420 928 haud
2440 874 2655 929 dubium
2679 876 2899 929 exitium
2916 876 3016 929 sibi
3033 877 3236 930 instare
3251 892 3269 928 :
3293 892 3459 947 neque

1878 966 2015 1021 enim
2052 964 2577 1037 Carthaginiensibus
2607 967 2744 1021 ciam
2777 984 2887 1021 esse
2919 984 3090 1037 posse,
3125 970 3249 1039 quid
3273 986 3457 1023 suasc-

1880 1056 1967 1108 rit.
2004 1055 2166 1127 395
2184 1055 2285 1110 Sed
2313 1060 2388 1111 sic
2411 1075 2615 1127 quoque
2645 1058 2949 1129 reipublicae
2968 1060 3299 1114 commodum
3347 1062 3459 1130 pri-

1878 1157 2002 1198 vata
2056 1145 2416 1201 incolumitate
2456 1149 2556 1202 sibi
2592 1165 2699 1203 esse
2728 1151 3020 1219 antiquius.
3069 1149 3220 1215 Quod
3256 1152 3302 1203 si
3341 1151 3458 1221 quis

1880 1236 2098 1301 dixerit,
2135 1236 2242 1293 Cur
2270 1255 2371 1292 non
2404 1240 2666 1311 aufugiat,
2696 1249 2790 1294 aut
2826 1240 3008 1295 Romae
3034 1252 3247 1296 maneat
3271 1243 3297 1296 ?
3325 1245 3373 1297 ei
3403 1260 3458 1297 se

1880 1344 2274 1400 responsurum,
2339 1348 2395 1385 se
2434 1333 2796 1402 jurejurando
2849 1333 3073 1387 reditum
3112 1337 3410 1404 promisisse
3439 1352 3458 1388 :

1879 1420 1935 1472 id
1966 1436 2022 1473 se
2054 1422 2283 1476 hostibus
2320 1423 2481 1477 etiam
2521 1440 2639 1476 cum
2690 1423 2754 1476 ob
2803 1423 2914 1479 alia
2958 1437 3295 1481 servaturum
3324 1445 3456 1492 esse,

1882 1518 1995 1564 tum
2035 1514 2173 1581 quod
2200 1525 2411 1568 servata
2438 1512 2563 1581 ﬁde,
2600 1513 2744 1568 solus
2773 1531 3069 1570 terunmam
3098 1534 3352 1587 passurus
3378 1535 3459 1573 es-

1880 1611 1997 1666 set;
2026 1602 2249 1669 violata,
2283 1613 2393 1657 tota
2430 1606 2611 1658 civitas
2635 1606 2860 1675 perjurii
2898 1608 3117 1661 crimine
3163 1609 3457 1681 obstringe-

1885 1703 2048 1748 retur.
2096 1694 2300 1749 Senatu
2337 1708 2518 1751 autem
2552 1697 2745 1753 salutis
2791 1698 2938 1754 illius
2982 1716 3169 1769 causa,
3218 1710 3333 1758 tum
3387 1704 3456 1757 ad

191 1797 405 1864 φήσει·
445 1796 506 1849 Τί
532 1791 648 1849 οὖν
686 1797 797 1849 οὐκ
827 1794 1269 1862 ἐκδιδράσκεις,
1304 1794 1342 1863 ἢ
1388 1794 1645 1849 ἐνταῦθα
1674 1812 1773 1850 κα-

1888 1801 2070 1854 pacem
2124 1786 2452 1852 faciendam,
2495 1797 2609 1843 tum
2659 1791 2725 1845 ad
2775 1795 3176 1861 permutandos
3211 1796 3461 1868 captivos

192 1889 476 1958 ταμένεις
499 1907 520 1955 ;
575 1891 928 1953 ἀκούσεται,
957 1890 1050 1945 ὅτι
1079 1889 1359 1959 ὁμώμοκα
1388 1888 1597 1956 αὐτοῖς
1632 1891 1777 1943 ἑπα-

190 1980 434 2048 νήξειν,
470 1982 566 2035 καί
593 1984 706 2036 οὐκ
752 1980 828 2035 ἂν
847 1980 1190 2049 παραϐαίην
1219 1979 1359 2044 τοὺς
1384 1979 1622 2047 ὅρκους,
1653 1981 1780 2035 οὐδ’

190 2079 245 2130 ιτι
297 2075 450 2143 πρὸς
499 2075 827 2144 πολεμίους
860 2075 1166 2146 γεγόνασι,
1202 2071 1304 2129 καὶ
1338 2072 1414 2125 δι’
1447 2072 1631 2139 ἄλλα,
1667 2073 1781 2142 uti-

191 2171 384 2222 Jw'za
405 2165 476 2220 δὲ
502 2167 592 2221 ὅτι
631 2168 697 2222 τὸ
730 2166 936 2221 δεινὸν
959 2165 1421 2236 ἐμπεδορκήσας
1454 2166 1572 2236 μὲν
1591 2167 1781 2234 μόνος

196 2258 486 2327 πείσομαι
509 2274 524 2289 ο
567 2258 645 2313 ἂν
672 2258 726 2311 δ’
751 2256 1117 2330 ἐπιορκήσω,
1145 2257 1313 2316 πᾶσα
1361 2260 1399 2330 ἡ
1431 2254 1610 2325 ἑτόλις
1637 2260 1784 2314 ἀνα-

196 2350 642 2419 πλησθήσεται.
688 2350 755 2404 Ἦ
793 2351 1054 2421 γερουσία
1098 2351 1156 2405 δὲ
1193 2351 1291 2421 τῆς
1340 2350 1552 2405 ἐκείνου
1603 2369 1781 2424 σωτη-

198 2446 329 2513 ρίας
361 2444 572 2508 ἕνεκεν,
614 2444 705 2496 καὶ
732 2442 830 2514 τὴν
859 2442 1084 2512 εἰρήνην
1113 2442 1468 2512 ποιήσασθαι,
1515 2443 1609 2496 καὶ
1655 2445 1784 2507 τοὺς

199 2533 587 2606 αἰχμαλώτους
639 2533 944 2589 ἀντιδοῦναι
1006 2533 1414 2607 προτεθύμητο.
1469 2535 1635 2600 Γνοὺς
1689 2536 1782 2590 οὖν

198 2626 365 2679 τοῦτο
416 2626 599 2691 αὐτὸς,
650 2626 736 2680 ἶνα
789 2624 866 2696 μὴ
895 2625 956 2678 τὸ
986 2626 1265 2696 συμφέρον
1309 2625 1378 2678 δι’
1411 2626 1574 2678 αὐτὸν
1617 2641 1783 2678 κατα-

202 2702 505 2787 πρόωνται,
553 2718 826 2772 ἐπλάσατο
874 2718 1191 2772 πεπωκέναι
1220 2718 1515 2787 φάρμακον
1548 2717 1787 2789 δηλητή-

199 2828 344 2879 ριον,
380 2810 473 2863 καὶ
504 2809 723 2878 μέλλειν
757 2808 979 2873 πάντως
1021 2808 1091 2863 δι’
1123 2808 1291 2862 αὐτοῦ
1329 2809 1646 2864 ἀπολέσθαι.
1676 2812 1787 2864 Καὶ

200 2902 331 2955 οὔτε
366 2904 402 2973 ἡ
458 2901 728 2973 σύμϐασις
780 2904 1026 2972 γέγονεν,
1061 2900 1185 2955 οὔτε
1214 2902 1320 2955 τῶν
1355 2902 1715 2974 αἰχμαλώτων
1750 2906 1785 2970 ἡ

201 2994 440 3064 ἀμοιϐή.
489 2994 767 3058 Ἀπιόντος
792 2994 836 3047 δ’
867 2994 1033 3051 αὑτοῦ
1063 2996 1159 3050 σὺν
1190 2999 1304 3060 τοῖς
1348 2999 1665 3067 πρέσϐεσιν,
1695 3003 1811 3052 div--

199 3087 505 3141 τελάεοντο.
547 3087 693 3142 ἄλλοι
748 3104 807 3140 τε
859 3091 953 3141 καὶ
1003 3090 1051 3141 οἱ
1088 3090 1278 3152 παῖδες
1310 3091 1405 3142 καὶ
1441 3092 1473 3160 ή
1526 3090 1684 3161 γυνή.
1719 3092 1783 3143 Οἱ

202 3179 250 3234 δ’
286 3178 487 3232 ὕπατοι
521 3179 650 3249 μήτ’
685 3178 940 3233 ἐθέλοντα
974 3183 1307 3251 καταμεῖναι
1332 3182 1496 3235 αὑτὸν
1524 3183 1783 3237 ἐκδώσειν

202 3273 447 3340 ἔφασαν,
490 3271 618 3342 μήτ’
643 3271 880 3329 ἀπιόντα
912 3274 1226 3341 κατασχεῖν.
1266 3273 1373 3324 Καὶ
1412 3273 1555 3329 οὕτω
1591 3289 1787 3345 προτιο

207 3363 396 3433 μήσας
428 3361 505 3433 μὴ
543 3361 857 3433 παραϐῆναι
883 3363 1011 3425 τοὺς
1040 3363 1266 3433 ὅρκους,
1301 3364 1659 3436 ἀνεκομίσθη*
1693 3367 1789 3419 καὶ

204 3456 487 3520 αἰκισθεὶς
521 3455 613 3508 ὑπ’
644 3454 846 3519 αὐτῶν,
876 3455 954 3517 ὡς
1001 3456 1035 3525 ἡ
1086 3455 1245 3527 φήμη
1309 3455 1480 3525 λέγει,
1521 3457 1785 3511 ἀπέθανε.

204 3546 292 3600 Τά
325 3546 435 3617 γὰρ
485 3544 730 3618 βλέφαρα
781 3547 952 3599 αὐτοῦ
995 3545 1414 3617 περιτεμόντες,
1456 3548 1555 3601 καὶ
1592 3549 1789 3620 χρόνον

205 3638 340 3709 τινὰ
394 3639 454 3691 ιν
502 3639 690 3695 σκότει
736 3637 1154 3709 καθείρξαντες,
1191 3634 1314 3695 εἶτα
1351 3641 1434 3705 εἰς
1488 3641 1681 3706 σκεῦός
1737 3660 1791 3697 τι

210 3731 544 3801 σύμπηκτον
578 3730 777 3802 κέντρα
805 3732 1147 3802 πανταχόθεν
1182 3731 1305 3802 ἔχον
1331 3732 1664 3803 ἐμϐαλόντες
1695 3735 1792 3787 αὐ-

211 3823 328 3891 τὸν,
364 3822 462 3877 καὶ
494 3824 794 3893 τρέψαντες
822 3827 959 3896 πρὸς
1005 3826 1096 3879 τὸν
1125 3826 1300 3895 ἥλιον,
1335 3825 1513 3892 οὕτως
1545 3828 1650 3882 ὑπὸ
1688 3846 1790 3882 κα-

209 3916 518 3978 κοπαθείας
546 3915 639 3970 καλ⁵
662 3917 971 3987 ἀγρυπνίας
999 3918 1077 3991 μὴ
1103 3918 1406 3990 δυνάμενόν
1433 3936 1506 3991 πη
1537 3920 1792 3991 κλιθῆναι

211 4011 305 4065 διὰ
335 4011 409 4063 τὰ
459 4012 681 4082 κέντρα,
730 4010 1063 4082 διέφθειραν.
1100 4013 1165 4066 Ἀ
1226 4012 1520 4084 πυθόμενοι
1560 4016 1612 4069 οἱ
1655 4016 1792 4072 Ῥω-

214 4108 372 4176 μαῖοι
403 4103 540 4176 (22),
562 4108 689 4168 τοὺς
718 4103 968 4172 πρώτους
994 4105 1105 4159 τῶν
1128 4108 1258 4177 παρ’
1286 4108 1471 4172 αὐτοῖς
1504 4109 1794 4179 αἰχμαλώ-

212 4222 330 4259 των
380 4200 689 4272 παρέδοσαν
736 4201 850 4264 τοῖς
885 4201 1097 4257 ἐκείνου
1142 4202 1306 4256 παισὶ,
1341 4204 1435 4257 καὶ
1480 4202 1796 4259 ἀνταικίσα-

214 4298 370 4359 σθαι,
422 4295 518 4349 καὶ
562 4294 1007 4349 ἀνταποκτεῖναι.
1059 4293 1199 4356 Τοὺς
1231 4293 1278 4351 δ’
1306 4294 1545 4358 ὑπάτους
1593 4296 1650 4359 ἐς
1693 4296 1794 4366 τὴν

214 4386 431 4455 Λιὸύην
479 4383 919 4454 στρατεύσασθαι
978 4384 1334 4455 ἐψηφίσαντο,
1382 4385 1474 4438 τόν
1522 4401 1581 4443 τε
1635 4385 1796 4441 Γάϊον

1883 1886 2076 1946 parato
2118 1894 2134 1934 :
2175 1895 2245 1932 ne
2290 1896 2320 1933 a
2363 1882 2572 1937 ratione
2600 1882 2851 1939 utilitatis
2890 1900 2987 1940 sua
3014 1902 3176 1942 causa
3223 1888 3458 1944 decede-

1883 1977 2025 2028 rent.
2058 1984 2330 2024 venenum
2351 1971 2452 2026 sibi
2473 1971 2660 2027 datum
2688 1989 2812 2030 esse
2844 1974 3100 2043 (insit,ex
3129 1994 3240 2049 quo
3270 1979 3454 2035 omni-

1880 2075 1952 2113 no
1992 2063 2271 2129 periturus
2314 2074 2479 2119 esset.
2526 2064 2602 2119 Ita
2643 2083 2820 2137 neque
2874 2085 3009 2138 pace
3067 2087 3250 2141 neque
3284 2076 3458 2143 capti-

1886 2167 2078 2205 vorum
2116 2156 2521 2221 permutatione
2573 2158 2710 2210 facta
2737 2198 2752 2221 ,
2775 2165 2916 2213 'cum
2945 2175 3071 2214 eum
3110 2177 3234 2216 cum
3263 2163 3457 2235 legatis

1883 2242 2203 2309 abeuntem,
2248 2253 2449 2313 praeter
2488 2246 2626 2300 alios
2660 2264 2796 2302 uxor
2826 2258 2883 2303 et
2911 2250 3070 2306 liberi
3106 2254 3406 2310 retinerent
3439 2274 3455 2314 :

1882 2337 2140 2389 Consules
2171 2350 2347 2404 neque
2387 2352 2610 2393 manere
2646 2340 2914 2396 volentem
2944 2342 3248 2407 dedituros.
3279 2363 3459 2417 neque

1883 2429 2161 2482 abiturum
2219 2429 2547 2485 detenturos
2594 2446 2716 2486 esse
2770 2420 3042 2499 dicerent,
3092 2436 3457 2509 jtlrisjurami

1883 2516 2149 2586 religione
2178 2517 2406 2587 privatis
2428 2518 2720 2574 aﬂ'ectibus
2739 2520 3071 2591 anteposita,
3093 2523 3366 2579 discessit.
3392 2527 3460 2579 lit

1883 2605 2484 2680 aCarthaginiensibus
2516 2626 2617 2680 per
2637 2614 2966 2677 cruciatum,
2997 2625 3057 2668 ut
3079 2615 3257 2678 aiunt,
3286 2615 3459 2671 inter-

1884 2696 2062 2752 iectus
2102 2707 2207 2753 est.
2251 2699 2388 2753 Nam
2419 2701 2697 2770 palpebris
2725 2703 2994 2775 praecisis,
3040 2720 3166 2759 eum
3206 2708 3461 2777 aliqum;-

1885 2790 1979 2844 diu
2014 2792 2066 2845 in
2094 2793 2336 2847 tenebris
2363 2795 2780 2851 concluserunt.
2830 2798 3034 2853 Deinde
3077 2801 3129 2853 in
3163 2816 3256 2856 vas
3284 2807 3461 2872 quod-

1885 2882 2010 2935 dam
2058 2882 2320 2938 ret‘ertum
2369 2886 2609 2941 stimulis
2651 2890 3001 2960 conjectum,
3058 2902 3114 2947 et
3169 2894 3239 2947 ad
3286 2897 3459 2949 solem

1886 2988 2237 3040 conversum,
2271 2976 2555 3034 doloribus
2577 2991 2632 3035 et
2662 2982 2881 3052 vigiliis,
2913 2998 3038 3037 cum
3072 3001 3340 3056 nusquam
3375 2988 3462 3041 in-

1888 3066 2095 3121 clinare
2129 3084 2189 3122 se
2214 3080 2422 3139 posset,
2460 3086 2837 3141 peremerunt.
2867 3076 3078 3142 Quibus
3104 3078 3337 3133 Romani
3366 3096 3464 3134 au-

1886 3158 2035 3220 ditis,
2065 3161 2343 3232 principes
2388 3165 2729 3234 captivorum
2777 3168 2895 3239 ejus
2918 3169 3106 3224 liberis
3136 3171 3375 3226 vicissim
3407 3179 3465 3226 et

1886 3255 2288 3312 cxcruciandos
2321 3269 2374 3312 et
2400 3259 2679 3313 necandos
2715 3261 3103 3320 tradiderunt:
3139 3275 3195 3319 et
3221 3280 3363 3320 coss.
3397 3266 3462 3321 Ω.

1888 3347 2101 3411 Attilio,
2136 3349 2330 3421 Reguli
2361 3352 2538 3418 lratri,
2571 3362 2627 3407 et
2660 3351 2727 3407 L.
2760 3353 2981 3417 Manlio,
3019 3356 3221 3410 bellum
3250 3356 3464 3411 Africa-

1892 3456 2023 3495 num
2075 3442 2464 3500 decreverunt.
2513 3447 2777 3513 Quicum
2825 3448 2877 3502 iu
2931 3446 3120 3503 Sicilia
3167 3449 3465 3522 Lilybmum

1890 3544 2313 3604 oppugnarent,
2350 3548 2404 3591 et
2430 3537 2591 3592 fossa:
2624 3549 2836 3609 partem
2867 3540 2934 3595 ad
2969 3543 3255 3598 machinas
3287 3546 3466 3599 addu-

1890 3627 2096 3681 cendas
2157 3630 2380 3698 explere
2431 3631 2671 3703 aggressi
2717 3642 2925 3698 essent,
2979 3634 3471 3708 Carthaginienses

1891 3719 2360 3776 subterfodientcs
2408 3732 2608 3777 terram
2661 3724 3053 3783 subtraxerunt
3097 3743 3113 3781 :
3165 3728 3261 3781 sed
3337 3744 3465 3782 cum

1893 3826 2186 3883 operarum
2223 3813 2577 3869 multitudine
2625 3816 2999 3879 vincerentur.
3031 3818 3203 3877 alium
3245 3836 3464 3881 murum

1895 3907 2047 3963 intus
2090 3907 2339 3962 lunatum
2392 3916 2735 3964 struxerunt.
2786 3911 3051 3968 Romanis
3093 3922 3278 3969 autem
3310 3918 3470 3970 cuni-

1895 3999 2051 4054 culos
2097 3998 2290 4052 subter
2318 4014 2511 4053 muros
2549 4000 2871 4070 agentibus,
2909 4012 2968 4057 ut
3007 4003 3074 4057 iis
3114 4004 3167 4057 in
3204 4020 3469 4063 cavernas

1897 4088 2310 4153 desidentibus,
2361 4090 2683 4145 irruerent:
2744 4091 3227 4163 Carthaginienses
3273 4109 3470 4154 contra

1894 4182 2197 4249 fodientes,
2225 4182 2431 4237 multos
2463 4182 2515 4237 id
2551 4184 2869 4258 ignorantes
2919 4197 3174 4256 exceptos
3221 4190 3462 4245 trucida-

1897 4286 2049 4339 runt,
2101 4275 2304 4330 multos
2334 4274 2444 4346 igni
2495 4276 2792 4331 sai-tuentis
2823 4276 3025 4348 injecto
3068 4279 3122 4333 in
3155 4279 3319 4336 fossis
3348 4298 3469 4337 cre-

1897 4380 2136 4423 marunt.
2164 4367 2271 4424 Sed
2296 4384 2421 4423 cum
2451 4368 2693 4439 quidam
2711 4384 2741 4423 e
2779 4371 2950 4425 sociis
2977 4387 3188 4426 moram
3218 4375 3467 4430 obsidio~

228 4481 502 4537 ’Δττίλιον
530 4480 620 4537 τδν
650 4479 746 4535 τοῦ
786 4478 1091 4549 Ῥηγούλου
1115 4479 1362 4547 ἀδελφὸν,
1397 4480 1491 4537 καὶ
1516 4479 1609 4533 τὸν
1640 4480 1786 4535 Μάλ·

1900 4462 2019 4526 nis,
2067 4470 2123 4515 et
2156 4460 2429 4533 stipendia
2476 4476 2587 4516 non
2620 4461 2832 4534 integra
2877 4476 3164 4522 numerata
3202 4482 3343 4539 aegre
3392 4470 3472 4526 leo

215 4576 338 4629 λιον
380 4575 474 4627 τὸν
515 4574 773 4645 Λούκιον.
799 4572 865 4628 Οἳ
900 4572 1085 4644 ἐςτὴν
1128 4572 1376 4627 Σικελίαν
1419 4571 1665 4636 ἐλθόντες
1713 4573 1794 4643 τῷ

217 4665 503 4736 Λιλυϐαίῳ
554 4663 915 4735 προσέϐαλον,
962 4663 1056 4719 καί
1108 4679 1160 4717 τι
1220 4663 1385 4735 μέρος
1430 4663 1534 4735 τῆς
1579 4664 1792 4736 τάφρου

220 4759 512 4830 αυτχῶσαι
549 4759 627 4823 εἰς
662 4758 762 4830 τὴν
818 4756 928 4810 τῶν
979 4756 1391 4827 μηχανημάτων
1426 4760 1796 4828 προσαγωγὴν

219 4856 613 4926 ἐπεχείρησαν.
674 4852 786 4907 Καὶ
841 4853 891 4905 οἱ
947 4850 1306 4921 Καρχηδόνιοι
1368 4850 1793 4921 ὑπορύσσοντες,

219 4950 318 5003 τὸν
341 4948 475 5020 χοῦν
503 4945 778 5016 ὑφείλκον.
819 4943 976 4998 Ἐπεὶ
1004 4942 1051 4996 δ’
1071 4940 1402 5013 ἠλαττοῦντο
1443 4944 1508 5012 τῇ
1543 4941 1794 5011 πολυχει-

224 5047 341 5117 ρίᾳ.
361 5044 539 5113 τεῖχος
565 5040 754 5111 ἓτερον
788 5038 938 5092 ἔνδον
966 5035 1248 5107 μηνοειδὲς
1276 5033 1654 5105 ᾠκοδόμησαν,
1685 5034 1795 5089 Καὶ

223 5136 277 5190 οἱ
308 5134 410 5206 μὲν
438 5132 746 5203 ὑπονόμους
775 5129 881 5186 ὑπὸ
909 5127 1000 5182 τὸν
1034 5125 1233 5185 κύκλον
1279 5123 1618 5195 εἰργάζοντο,
1647 5124 1796 5187 ὅπως

225 5227 374 5283 κατά
428 5225 495 5279 τὸ
548 5224 797 5279 διάκενον
849 5220 1030 5275 αὐτῶν
1063 5217 1350 5290 ἱζήσαντος
1409 5214 1504 5269 τοῦ
1563 5216 1795 5285 τείχους,

223 5322 578 5377 ιίσπέσωσιν.
605 5318 669 5371 Οἱ
710 5313 1071 5384 Καρχηδόνιοι
1100 5311 1157 5366 δὲ
1191 5307 1641 5380 ἀντορύσσοντες,
1670 5308 1798 5360 πολ-

224 5415 354 5479 λοὺς
426 5413 526 5485 μὲν
588 5408 921 5480 ἀγνοοῦντας
989 5405 1049 5459 τὸ
1111 5403 1394 5474 γινόμενον
1456 5398 1799 5470 ἐκδεχόμενοι

1903 4566 2110 4619 rentes,
2138 4555 2208 4611 de
2231 4556 2434 4627 oppido
2456 4555 2742 4628 prodendo
2769 4571 2895 4611 cum
2921 4557 3185 4621 Romanis
3206 4573 3470 4635 agerent:
3542 4556 3547 4561 ’

1902 4648 2144 4709 Amilcar
2167 4664 2237 4704 eo
2264 4649 2497 4704 consilio
2529 4647 2938 4713 animadverso,
2969 4651 3067 4709 sed
3101 4651 3469 4722 dissimulato,

1901 4759 1972 4799 ne
2028 4743 2107 4798 illi
2159 4742 2336 4812 palam
2388 4742 2713 4807 deﬁcerent,
2771 4743 3007 4812 pecunia
3060 4748 3478 4817 magistratibus

1902 4835 2050 4900 data,
2098 4834 2441 4889 multitudini
2476 4836 2773 4904 promissa,
2822 4836 2903 4893 sic
2942 4852 3041 4892 eos
3076 4840 3476 4905 reconciliavit,

1906 4943 1961 4984 ut
2009 4928 2380 4998 proditionem
2429 4944 2541 4983 non
2589 4928 2862 4994 iuticiati,
2906 4939 3218 5005 postremos
3271 4932 3478 5004 legatos

1903 5021 2201 5077 redeuntes
2238 5036 2346 5074 non
2396 5020 2706 5089 reciperent
2740 5037 2754 5076 :
2785 5023 2880 5092 qui
2913 5022 2980 5077 ad
3022 5023 3276 5079 consules
3316 5021 3480 5097 396

1904 5113 2160 5187 profugi,
2205 5127 2338 5189 agro
2422 5113 2480 5167 in
2538 5112 2724 5169 Sicilia
2781 5122 2839 5168 et
2889 5114 3016 5171 aliis
3072 5114 3240 5168 rebus
3290 5113 3479 5167 donati

1903 5215 2054 5264 sunt.
2089 5205 2574 5277 Carthaginienses
2605 5204 2701 5274 qui
2735 5205 2883 5263 domi
2909 5214 3092 5270 erant.
3125 5204 3215 5260 his
3255 5204 3476 5268 auditis,

1904 5297 2178 5356 Ardebant
2243 5312 2368 5352 cum
2411 5296 2665 5369 plurimis
2708 5296 2978 5360 navibus,
3019 5295 3357 5353 frumentum
3423 5306 3481 5351 et

1908 5392 2169 5464 pecunias
2232 5387 2532 5462 Lilybaeum
2597 5388 3002 5449 advehentibus
3073 5388 3368 5445 miserunt.
3431 5388 3482 5444 Is

223 5478 493 5572 εκτεινον,
524 5478 749 5564 πολλοὺς
781 5500 840 5553 δὲ
870 5496 1104 5568 καὶπῦρ
1148 5499 1208 5550 ἐν
1259 5493 1560 5566 φρυγάνοις
1609 5491 1690 5554 εἰς
1733 5488 1786 5542 τέ

1911 5492 2237 5554 tempestate
2289 5483 2582 5538 observata
2630 5480 2861 5555 appulit.
2927 5479 3083 5546 Quod
3137 5478 3337 5536 deinde
3389 5478 3485 5541 alii

1421 5631 1622 5693 Variae
1652 5628 1958 5691 lectiones
2005 5634 2066 5687 et
2105 5631 2296 5686 notia.

296 5772 414 5845 (22)
456 5767 848 5837 Ἃιυθόμενοι
892 5767 946 5821 ot
982 5758 1264 5832 Ῥωμαῖοι.
1291 5755 1424 5815 Vide
1444 5754 1713 5828 Excerpta
1737 5768 1786 5810 ex

1888 5750 2086 5808 iodoro
2119 5747 2327 5815 Siculo,
2358 5761 2413 5817 p.
2455 5743 2580 5811 274,
2611 5743 2735 5798 276.
