4008 6250
569 326 680 388 C79

1883 319 2208 382 JOANNIS
2242 317 2566 379 ZONARE

3703 309 3812 374 680

563 437 789 508 plurimi
836 436 1034 493 imitari
1082 434 1224 501 ausi,
1303 433 1504 506 partim
1560 448 1876 490 successum
1937 432 2143 487 habue-

2249 429 2536 502 ὀρύγματα
2567 427 2894 498 ἐμϐαλόντες
2922 425 3198 496 ἔφθειρον.
3235 421 3392 477 Ἐπεὶ
3421 421 3480 476 δέ
3530 440 3679 488 τινες
3713 423 3818 480 τῶν

564 539 714 592 runt,
763 529 960 600 partim
1009 528 1312 599 perierunt.
1343 527 1480 581 Dum
1513 525 1676 580 ambo
1717 525 1974 580 consules
2011 524 2142 578 ade—

567 631 709 683 rant,
735 636 895 690 mque
925 630 1098 673 marte
1135 618 1503 690 pugnabatur.
1555 617 1660 670 Sed
1699 631 1823 670 cum
1858 615 2049 669 morbo
2085 623 2141 669 et

567 713 707 766 fame
733 719 1147 780 premerentur,
1187 712 1362 780 iisque
1397 710 1464 764 de
1497 709 1679 764 causis
1714 707 1852 762 alter
1882 722 2011 762 suos
2035 707 2139 760 mi-

565 805 688 858 lites
722 803 946 856 domum
997 803 1312 866 reduceret,
1348 801 1590 856 Amilcar
1617 816 1914 870 erumpere
1949 814 2137 861 ausus,

565 895 847 948 machinas
876 894 1163 957 incendit,
1212 893 1535 948 defensores
1576 908 1764 947 earum
1802 889 2005 945 occidit
2036 907 2050 946 :
2085 899 2142 944 et

565 991 813 1060 equitatu
855 992 1106 1061 Deprano
1146 991 1376 1052 emisso,
1405 989 1684 1043 Retnanos
1707 985 2054 1056 pabulatione
2087 991 2144 1036 et

566 1095 878 1139 commeatu
920 1085 1286 1154 prohibendo,
1325 1097 1632 1152 eorumque
1663 1082 1842 1135 socios
1885 1079 2145 1133 infestan-

569 1177 661 1239 do,
695 1177 911 1230 Ardeba
950 1177 1174 1230 intetim
1207 1177 1344 1229 al'as
1371 1173 1595 1238 Sicilize,
1633 1173 1768 1226 alias
1799 1171 1966 1226 Italiae
1989 1185 2142 1224 oram

568 1269 895 1340 pepnlante,
929 1268 996 1322 ad
1029 1284 1304 1322 summam
1349 1267 1590 1336 inopiam
1628 1263 1861 1334 redegit.
1901 1261 2006 1316 Sed
2037 1261 2147 1316 Luc

567 1364 656 1415 cio
689 1359 856 1414 Junio
885 1361 1116 1415 classem
1152 1369 1402 1430 parante.
1428 1356 1694 1413 Claudius
1722 1355 1962 1410 Pulcher
2001 1355 2148 1428 Lily-

569 1452 747 1506 baeum
780 1469 1014 1522 propere
1056 1453 1194 1506 ahiit
1228 1469 1242 1505 :
1294 1462 1347 1506 et
1387 1451 1654 1504 militibus
1691 1449 1743 1503 in
1774 1465 1938 1503 naves
1972 1449 2148 1518 impo-

569 1545 712 1607 sitis,
754 1543 1075 1598 Hannonem
1105 1542 1617 1613 Carthaginiensem
1653 1545 1706 1594 in
1753 1539 2144 1610 quinqueremi

569 1633 919 1701 navigantem
975 1633 1434 1700 comprehendit:
1481 1630 1628 1686 unde
1676 1630 1908 1684 Romani
1957 1646 2150 1684 excto-

573 1725 720 1793 plum
763 1725 1205 1779 fabricandarum
1252 1726 1474 1780 navium
1508 1725 1846 1794 petiverunt.
1880 1723 1984 1778 Sed
2017 1738 2142 1777 cum

2243 522 2551 594 συμμάχων
2583 526 2649 592 τῇ
2681 536 2738 574 τε
2779 519 3085 592 παρατάσει
3135 517 3239 588 τῆς
3291 516 3616 588 πολιορκίας
3652 519 3816 588 ἀχθό-

2245 633 2418 686 μενοι,
2461 613 2554 668 καὶ
2592 612 2670 684 τῷ
2721 611 2795 683 μὴ
2831 613 2922 664 τὸν
2959 610 3152 681 μισῦδν
3188 611 3374 672 αὐτοῖς
3424 611 3616 680 ἐντεὶῆ
3648 629 3820 664 κατα-

2243 705 2573 770 ϐάλλεσθαι,
2632 703 2924 776 προδοῦναι
2984 703 3046 756 τὸ
3101 702 3302 772 χωρίον
3350 704 3462 762 τοῖς
3521 703 3820 771 Ῥωμαίοις

2241 795 2716 866 διεκηρυκεύοντο,
2749 795 3034 864 ἐφώρασεν
3069 794 3097 845 ὀ
3159 792 3427 862 Ἀμίλκας
3461 795 3520 846 τδ
3562 793 3817 861 βουλευό-

2247 907 2427 960 μενον,
2475 888 2574 940 οὐκ
2609 888 2837 958 ἐξέφηνε
2870 886 2947 952 δὲ,
2986 886 3073 940 ἵνα
3125 884 3202 955 μὴ
3255 885 3550 957 πολεμώσῃ
3601 885 3819 948 αύτού,·

2245 982 2504 1052 χρήματα
2537 981 2594 1034 δὲ
2622 983 2732 1041 τοῖς
2760 980 3025 1048 ἄρχουσιν
3057 977 3236 1030 αὐτῶν
3272 979 3591 1048 παρασχὼν,
3627 981 3723 1030 καὶ
3749 979 3820 1046 τῷ

2245 1073 2442 1141 πλήθει
2513 1072 3036 1141 προσυποσχὸμενος
3115 1069 3319 1139 ἐτερα,

2245 1163 2585 1234 ᾠκειώσατο,
2645 1163 2785 1217 ὥστε
2840 1162 2962 1233 μηδ’
2995 1161 3336 1232 ἀρνήσασθαι
3374 1162 3474 1230 τὴν
3509 1161 3818 1227 προδοσίαν,

2247 1254 2382 1308 ἀλλὰ
2435 1255 2528 1307 καὶ
2578 1254 2706 1318 τοὺς
2776 1253 3123 1316 τελευταίους
3179 1252 3443 1322 πρέσϐεις
3502 1249 3824 1314 ἐπανιόντας

2248 1344 2574 1398 ἀπώσασθαι
2607 1361 2621 1374 ·
2651 1345 2702 1398 οἳ
2739 1344 2872 1414 προς
2905 1345 3029 1406 τοὺς
3059 1345 3298 1404 ὑπάτους
3325 1339 3819 1411 αὐτομολήσαντες,

2246 1437 2349 1506 γῆν
2399 1455 2459 1490 τε
2509 1437 2568 1489 ἐν
2615 1437 2834 1508 Σικελίᾳ⁴
2872 1437 2964 1489 καὶ
3020 1435 3164 1505 ἕτερ’
3193 1435 3328 1488 ἄττα
3366 1434 3580 1487 ἔλαϐον.
3629 1432 3819 1486 ’Δκού-

2249 1547 2442 1592 σαντες
2484 1528 2540 1582 δὲ
2587 1527 2760 1580 ταῦτα
2806 1527 2856 1579 οἱ
2893 1527 3032 1579 οίκοι
3065 1525 3449 1596 Καρχηδόνιοι,
3512 1523 3821 1592 πέμπουσιν

2259 1620 2519 1692 Ἀρδέϐαν
2543 1621 2638 1672 σὺν
2661 1619 2818 1672 ναυσὶ
2851 1617 3134 1680 πλείσταις
3161 1619 3241 1680 είς
3264 1615 3326 1668 τὸ
3350 1614 3662 1672 Λιλύϐαιον,
3683 1618 3821 1667 σῖτον

2250 1716 2529 1782 ἁγούσαις,
2565 1717 2658 1766 καὶ
2689 1713 2963 1783 χρήματα.
3012 1712 3120 1764 Καὶ
3153 1710 3213 1774 ὃς
3261 1710 3508 1780 χειμῶνα
3556 1709 3822 1779 ἐπιτηρῖο

3392 1068 3566 1132 οὕτως
3628 1071 3821 1132 αὐτοὺς

571 1817 775 1872 classes
823 1833 966 1886 saepe
1025 1816 1506 1887 perieiitarentur,
1555 1832 1871 1888 quanquam
1952 1817 2144 1870 crebro

2251 1825 2370 1872 σας,
2421 1806 2762 1860 εἰσέπλευσε.
2796 1805 2921 1858 Κάκ
2955 1803 3146 1856 τούτου
3177 1803 3272 1856 καὶ
3309 1801 3457 1855 ἄλλοι
3512 1801 3700 1871 συχνοὶ
3733 1819 3826 1853 κα·-

573 1917 654 1962 ιοι
708 1909 931 1962 navium
966 1949 980 1972 ,
1031 1909 1086 1962 in
1146 1910 1348 1978 quibus
1399 1902 1558 1964 multi
1619 1910 1724 1962 viri
1780 1918 1836 1963 et
1901 1909 2147 1978 pecuniae

567 2007 759 2064 erant,
809 2001 1036 2054 interitu
1093 1999 1402 2057 dolebant:
1451 2011 1630 2056 tamen
1680 2017 1788 2054 non
1835 2011 2142 2062 cesserunt,

569 2089 664 2142 sed
693 2090 983 2160 quemdam
1021 2092 1074 2145 in
1100 2103 1292 2145 senatu
1323 2096 1390 2146 de
1422 2107 1554 2163 pace
1585 2107 1708 2146 cum
1731 2092 2150 2160 Carthaginien-

569 2183 722 2236 sibus
763 2183 1009 2238 facienda
1061 2185 1307 2239 locutum
1361 2187 1687 2240 occiderunt
1720 2227 1734 2250 ,
1787 2195 1844 2240 et
1912 2186 2148 2238 dictato-

569 2290 688 2328 rem
717 2274 979 2329 dixerunt
1017 2275 1372 2335 Collatinum,
1411 2277 1731 2345 magistrum
1760 2277 2008 2345 equitum
2035 2275 2146 2328 Me-

573 2369 764 2423 tellum
800 2389 814 2424 :
849 2368 986 2422 nihil
1009 2375 1188 2420 tamen
1217 2368 1570 2420 tnemomhilc
1590 2375 1900 2434 gesserunt.
1935 2365 2145 2418 Interea

567 2456 766 2510 Junius
791 2458 1007 2512 Ericem
1051 2457 1264 2525 Subegit
1295 2473 1309 2524 ;
1357 2467 1412 2510 et
1454 2456 1710 2512 Carthalo
1743 2456 2019 2528 {Egidmlo
2051 2471 2149 2525 po-

571 2549 728 2611 titus,
764 2547 989 2602 Junium
1019 2552 1188 2618 cepit.

2250 1902 2462 1972 ταίρειν
2490 1899 2686 1970 ὁμοίως
2721 1898 2980 1967 ἐτόλμων⁸
3016 1899 3108 1951 καὶ
3137 1897 3184 1949 oi
3215 1897 3316 1968 μὲν
3355 1894 3750 1965 ἐπετύγχανον,
3777 1895 3822 1948 cl

2247 1997 2303 2051 δὲ
2328 1995 2663 2048 ἀπώλλυντο.
2703 1993 2845 2056 Ἕως
2877 1992 2978 2058 μὲν
3011 1987 3106 2045 οὖν
3135 1991 3302 2061 ἄμφω
3327 1993 3584 2059 παρῆσαν
3607 1990 3658 2042 οἱ
3693 1989 3826 2041 ὓπα-

2249 2105 2354 2149 τοι,
2408 2085 2682 2148 ἱσοπαλείς
2733 2085 2781 2137 οί
2836 2083 3050 2152 ἀγῶνες
3102 2083 3361 2151 ἐγίνοντο.
3415 2083 3596 2135 Νόσου
3633 2081 3694 2135 δὲ
3738 2082 3826 2134 καὶ

2251 2178 2412 2248 λιμοῦ
2465 2178 2774 2249 τρυχόντων
2805 2175 3024 2238 αὐτοὺς,
3054 2175 3150 2228 καὶ
3177 2175 3271 2228 τοῦ
3311 2174 3499 2244 ἐτέρου
3525 2175 3711 2228 οἴκαδε
3744 2175 3826 2226 διὰ

2250 2270 2420 2324 ταῦτα
2458 2271 2554 2322 σὺν
2605 2269 2716 2331 τοῖς
2752 2267 2892 2338 ἀμφ’
2925 2267 3092 2320 αὐτὸν
3121 2266 3496 2338 ξστρατιώταις
3539 2266 3826 2336 ἀναχωρή-

2254 2379 2466 2425 σαντος,
2511 2361 2776 2429 ’Δμίλκας
2813 2361 3098 2432 θαρρήσας
3150 2359 3392 2430 ἐπεξῄει,
3441 2359 3536 2413 καὶ
3585 2360 3687 2422 τὰς
3723 2376 3823 2428 μη-

2253 2455 2424 2526 χανὰς
2463 2454 2832 2524 ἐνεπίμπρα,
2891 2455 2984 2507 καὶ
3029 2455 3156 2515 τοὺς
3219 2452 3599 2523 ἐπαμύνοντας
3641 2453 3825 2514 αύταῖς

2256 2549 2496 2619 ἔφθειρε,
2524 2549 2618 2600 καὶ
2648 2548 2680 2618 ἡ
2711 2546 2879 2610 ἵππος
2910 2546 3073 2600 αὐτοῦ
3104 2548 3168 2600 ἐκ
3197 2545 3291 2599 τοῦ
3326 2545 3610 2618 Δρεπάνου
3652 2545 3822 2616 ὁρμω-

574 2641 734 2712 μένη,
771 2643 840 2697 τά
869 2660 928 2694 τε
970 2642 1248 2711 ἐπιτήδεια
1293 2642 1614 2712 κομίζεσθαι
1661 2643 1787 2708 τοὺς
1833 2643 2143 2713 Ῥωμαίους
2181 2643 2412 2710 ἐκώλυε,
2471 2643 2566 2695 καὶ
2627 2642 2728 2712 τὴν
2759 2641 2937 2696 αὐτῶν
2973 2639 3288 2710 συμμαχίδα
3319 2639 3636 2709 κατέτρεχε,
3666 2632 3826 2705 καὶ,6

581 2735 840 2806 Ἀρδέϐας
869 2737 1000 2790 ποτὲ
1039 2738 1136 2806 μὲν
1169 2739 1264 2808 τῆς
1295 2738 1569 2804 Σικελίας,
1602 2737 1730 2791 ποτὲ
1769 2737 1827 2792 δὲ
1891 2739 1988 2808 τῆς
2042 2737 2272 2800 Ἰταλίας
2337 2739 2406 2790 τὰ
2473 2735 2715 2808 παράλια
2752 2736 2988 2806 ἔκειρεν,
3019 2733 3142 2788 ὅθεν
3165 2735 3216 2786 οί
3247 2733 3520 2803 Ῥωμαῖοι
3547 2733 3606 2784 ἐν
3634 2729 3826 2800 ἀπορίᾳ

571 2830 938 2898 κατέστησαν.
967 2830 1115 2891 Τέως
1143 2829 1324 2899 μέντοι
1355 2831 1586 2893 Λούκιος
1630 2828 1848 2893 Ἰούνιος
1914 2827 2177 2900 ἡτοίμαζε
2218 2828 2494 2893 ναυτικὸν,
2552 2827 2819 2887 Κλαύδιος
2890 2825 2949 2879 δὲ
3002 2825 3276 2896 Ποῦλχρος
3322 2825 3402 2888 είς
3435 2823 3492 2876 τὸ
3543 2822 3827 2877 Λιλύϐαιιν

569 2920 1248 2990 ἐπ;ιχθε“ις,καὶτριήρεις
1284 2919 1596 2990 πληρώσας,
1651 2922 1915 2975 συνέλαϐε
1954 2922 2023 2974 δι’
2081 2921 2263 2974 αὐτῶν
2335 2920 2585 2974 Ἀννωνα
2653 2919 2744 2972 τον
2803 2917 3176 2989 Καρχηδόνιον
3207 2916 3506 2970 ἐκπλέοντα
3551 2919 3824 3000 πεντήρει⁹

571 3013 663 3064 καὶ
691 3012 1043 3082 παράδειγμα
1070 3015 1183 3076 τοῖς
1220 3013 1515 3083 Ῥωμαίοις
1547 3014 1642 3084 τῆς
1670 3015 2016 3084 κατασκευῆς
2075 3015 2182 3066 τῶν
2221 3013 2356 3066 νεῶν
2422 3012 2660 3081 ἐγένετο.
2701 3011 2968 3074 Πολλάκις
3034 3010 3088 3064 δὲ
3139 3009 3233 3062 τοῦ
3272 3005 3526 3062 ναυτικοῦ
3562 3009 3828 3064 κινδυνεύ.

567 3121 744 3164 οντος,
769 3103 1098 3172 ἐϐαρύνοντο
1129 3105 1178 3155 οἱ
1217 3102 1479 3172 Ῥωμαῖοι
1509 3105 1576 3174 τῇ
1631 3107 1846 3174 συνεχεῖ
1907 3105 2016 3156 τῶν
2091 3103 2228 3156 νεῶν
2267 3103 2461 3176 φθορᾷ.
2499 3103 2726 3171 Ἄνδρας
2762 3104 2870 3174 γὰρ
2902 3103 3131 3172 συχνοὺς
3176 3101 3272 3155 καὶ
3313 3102 3571 3173 χρήματα
3608 3101 3825 3154 πλεῖστα

569 3193 628 3242 ἐν
661 3189 886 3250 ταύταις
915 3189 1262 3267 ἀπώλλυσαν.
1301 3189 1374 3242 Οὔ
1411 3191 1598 3258 μέντοι
1627 3208 1688 3258 γε
1722 3195 1813 3244 καὶ
1861 3193 2136 3255 ἐνέᾶοσαν,
2181 3193 2318 3244 ἀλλὰ
2386 3191 2478 3246 καί
2526 3209 2647 3244 τινα
2715 3189 3090 3258 φθεγξάμενον
3139 3189 3270 3259 περὶ
3301 3188 3663 3256 καταλλαγῶν
3700 3188 3824 3257 πρὸς

571 3283 978 3353 Καρχηδονίους
1013 3285 1070 3336 ἐν
1099 3285 1164 3355 τῇ
1201 3282 1368 3355 βουλῇ
1421 3285 1798 3354 διεχρήσαντο,
1869 3287 1965 3339 καὶ
2046 3285 2303 3356 λεχθῆναι
2386 3285 2682 3354 δικτάτορα
2735 3283 3090 3353 ἐψηφίσαντο.
3147 3283 3254 3336 Καὶ
3310 3283 3586 3354 δικτάτωρ
3647 3287 3744 3353 μὲν)
3799 3298 3825 3349 δ

572 3374 900 3436 Κολλατῖνος
929 3373 1148 3444 ἐλέχθη,
1179 3374 1493 3446 ἱππάρχησε
1525 3377 1579 3428 δὲ
1617 3377 1960 3442 ὁΜὲτελλος*
2026 3379 2177 3431 οὐδὲν
2248 3380 2305 3433 δὲ
2357 3380 2580 3450 μνήμης
2635 3376 2880 3448 ἔπραξαν
2933 3375 3104 3441 ἄξιον.
3149 3376 3237 3428 Ἑν
3283 3369 3328 3444 ᾧ
3383 3375 3440 3430 δὲ
3506 3377 3823 3438 Κολλατῖνες

570 3464 842 3536 δικτάτωρ
888 3463 1124 3533 ἐλέγετο,
1160 3466 1220 3518 ἐν
1264 3467 1439 3536 τούτῳ
1484 3467 1574 3520 τὸν
1635 3469 1845 3538 Ἔρυκα
1894 3471 2280 3542 παρεστήσατο
2349 3471 2376 3522 ὁ

567 3555 680 3616 λον,
711 3557 804 3608 καὶ
831 3555 1114 3624 ἐζώγρησε
1143 3557 1233 3606 τὶν
1271 3556 1514 3612 Ἰούνιον.

637 3641 774 3697 XVI.
807 3643 1067 3714 Sequenti
1095 3659 1240 3698 anno
1281 3644 1342 3700 C.
1379 3645 1639 3701 Aurelius
1672 3660 1727 3702 et
1761 3648 1821 3703 P.
1855 3649 2142 3712 Servilius,
2175 3661 2216 3716 c

565 3737 886 3806 magistratu
939 3735 1075 3790 inito
1113 3777 1128 3800 ,
1192 3737 1492 3810 Lilyhamm
1543 3749 1600 3794 et
1655 3741 1965 3811 Drepanum
2014 3745 2150 3800 inle-

566 3836 801 3894 stantes,
857 3838 998 3884 terra
1056 3828 1537 3902 Carthaginienses
1587 3833 2013 3903 prohibuerunt,
2057 3853 2151 3893 eo-

566 3933 800 3988 rumque
837 3919 1017 3974 socias
1061 3920 1314 3976 civitates
1363 3920 1698 3978 alllixerunt.
1728 3923 1985 3980 Carthalo
2022 3918 2146 3980 cum

563 4011 736 4066 variis
781 4011 1086 4067 rationibus
1125 4023 1312 4068 contra
1356 4029 1454 4070 eos
1500 4015 1725 4070 tentatis
1759 4017 1896 4072 nihil
1928 4017 2148 4075 eli‘ecis-

565 4114 670 4169 set,
703 4104 758 4158 in
790 4103 1000 4158 Italiam
1027 4105 1183 4169 abiit,
1224 4115 1282 4160 ut
1307 4114 1402 4159 aut
1431 4109 1686 4162 consules
1709 4125 1776 4163 eo
1809 4110 2146 4173 traduceret.

563 4191 658 4249 aut
693 4195 903 4250 interea
937 4211 1098 4266 agros
1137 4206 1400 4260 vastaret,
1449 4207 1505 4253 et
1557 4199 1723 4254 urbes
1751 4211 1970 4272 caperet
2001 4221 2016 4257 :
2051 4203 2146 4257 sed

564 4304 633 4342 ne
662 4289 736 4342 ibi
767 4289 992 4358 quidem
1048 4289 1098 4343 ei
1145 4291 1448 4360 quidquam
1496 4293 1784 4347 successit.
1833 4293 1966 4348 Nam
2023 4311 2146 4349 cum

565 4379 876 4450 Strategum
929 4382 1141 4436 aedilem
1189 4382 1488 4438 adventare
1533 4383 1837 4450 didicisset,
1909 4388 1964 4440 in
2009 4385 2149 4441 Sici-

561 4471 691 4526 llam
717 4473 902 4526 rediit.
942 4471 1042 4527 Ubi
1074 4489 1196 4528 cum
1227 4476 1602 4532 conductitios
1645 4477 1802 4532 miles
1835 4478 1906 4533 ob
1936 4479 2147 4550 stipen-

568 4563 719 4617 dium
773 4565 1246 4632 tumultuaretur,
1302 4568 1504 4624 multos
1555 4569 1608 4622 in
1672 4569 1906 4625 desertis
1955 4571 2152 4627 insulis

562 4654 840 4723 expositos
855 4655 1098 4726 reliquit,
1117 4659 1318 4714 multos
1329 4659 1714 4731 Carthaginem
1733 4662 1902 4718 misit.
1918 4662 2036 4730 Quo
2048 4680 2152 4720 cas.

559 4745 666 4797 teri
701 4746 920 4814 cognito
957 4745 1248 4816 indignati,
1298 4765 1388 4804 res
1439 4765 1610 4804 novas
1657 4753 2000 4819 spectabant.
2035 4755 2142 4809 Sed

561 4835 825 4899 Amilcar,
854 4852 1140 4893 successor
1171 4839 1489 4894 Carthaloni
1521 4841 1683 4912 397
1727 4846 1909 4909 datus,
1944 4845 2146 4900 multos

564 4941 758 4982 eorum
810 4941 976 4983 noctu
1032 4932 1259 4996 occidit,
1294 4933 1496 4988 multos
1555 4934 1609 4988 in
1658 4937 1792 4990 mari
1852 4935 2139 4992 demersit.

2463 3467 2703 3532 Ἰούνιος,
2773 3467 2865 3520 καὶ
2899 3467 2927 3518 ὁ
2960 3463 3263 3535 Καρθάλων
3311 3469 3579 3536 κατέσχεν
3610 3467 3825 3535 Αἱγξθει,

2327 3644 2438 3714 ICf'.
2465 3645 2558 3716 Τῷ
2592 3645 2638 3698 δ’
2669 3643 2794 3716 ἑξῆς
2819 3644 2929 3698 ἔτει
2969 3645 3238 3716 Αὐρήλιος
3267 3645 3427 3708 Γάῖος
3475 3646 3575 3700 καὶ
3611 3647 3822 3719 Σερουΐ-

2253 3737 2364 3798 λιος
2397 3733 2667 3799 Πούπλιος
2705 3734 2804 3804 τὴν
2834 3734 3014 3805 ἀρχὴν
3073 3735 3330 3798 λαϐόντες
3363 3737 3484 3790 τότε
3514 3736 3822 3796 Λιλύϐαιον.

2253 3830 2346 3882 καὶ
2393 3828 2455 3882 τὺ
2502 3828 2782 3898 Δρέπανον
2808 3828 3062 3894 ἐλύπουν,
3094 3830 3189 3882 καὶ
3237 3829 3364 3894 τοὺς
3419 3831 3824 3900 Καρχηδονίους

2249 3921 2350 3989 τῆς
2377 3921 2484 3990 γῆς
2512 3921 2798 3991 ἀπεῖργον,
2825 3922 2920 3974 καὶ
2965 3920 3064 3992 τὴν
3095 3921 3276 3974 αὐτῶν
3311 3923 3633 3992 συμμαχίδα
3669 3924 3822 3976 κατέ-

2251 4027 2458 4082 κειρον.
2497 4014 2558 4066 Ὀ
2591 4009 2685 4065 οὖν
2725 4013 3030 4082 Καρῦάλων
3065 4014 3420 4083 πολυτρόπως
3467 4017 3823 4086 ἐπιχειρήσας

2253 4101 2372 4153 κατ’
2393 4100 2593 4163 αὐτῶν,
2625 4101 2702 4163 ὼς
2727 4101 2880 4154 οὐδὲν
2908 4101 3124 4172 ἤνυσεν,
3159 4103 3238 4166 εἰς
3283 4103 3518 4157 Ἰταλίαν
3542 4103 3821 4174 ὥρμησεν,

2255 4191 2322 4244 ἶν’
2351 4190 2494 4245 οὕτω
2523 4193 2649 4256 τοὺς
2677 4193 2920 4256 ὑπάτους
2969 4195 3260 4269 μεταγάγῃ
3307 4197 3440 4260 ἐκεῖ,
3473 4199 3523 4249 εἰ
3557 4201 3696 4259 τέως
3734 4196 3824 4267 τὴν

2251 4285 2435 4355 χώραν
2471 4285 2722 4358 κακώσῃ,
2771 4287 2865 4340 καὶ
2911 4286 3096 4349 πόλεις
3145 4289 3371 4360 αἱρήσῃ.
3421 4287 3566 4340 Ἀλλ’
3595 4291 3709 4343 ο·;ὂ’
3743 4293 3825 4342 ἑν-

2249 4377 2426 4432 ταῦοά
2460 4395 2513 4432 τι
2553 4380 2702 4450 αὐτῷ
2733 4381 3164 4451 προσεχώρησε·
3214 4381 3305 4433 τὸν
3363 4383 3476 4451 γὰρ
3523 4383 3824 4452 στρατηγὸν

2251 4471 2341 4524 τὸν
2388 4471 2694 4543 ἀστυνόμον
2741 4471 2932 4542 μαθὼν
2985 4471 3375 4542 πλησιάζοντα,
3435 4476 3517 4539 εἰς
3573 4477 3824 4529 Σικελίαν

2253 4565 2606 4620 ἀνέπλευσεν.
2638 4565 2808 4618 Ἔνθα
2858 4565 2968 4617 τῶν
3016 4565 3362 4636 μισθοφόρων
3413 4569 3825 4621 στασιασάντων

2251 4657 2340 4708 διὰ
2365 4656 2455 4709 τὸν
2483 4657 2696 4726 μισθὸν,
2740 4659 2971 4726 συχνοὺς
3010 4659 3107 4726 μὲν
3145 4659 3198 4719 ἐς
3231 4659 3426 4727 νήσους
3456 4661 3704 4728 ἐρήμους
3735 4660 3824 4710 ἐκ-

2254 4749 2484 4814 ϐιϐάσας
2511 4749 2790 4811 κατέλιπε,
2826 4749 3050 4813 πολλοὺς
3080 4751 3138 4803 δὲ
3169 4753 3261 4802 καὶ
3287 4752 3344 4812 ἐς
3373 4751 3474 4820 τὴν
3501 4751 3824 4822 Καρχηδόνα

2253 4841 2596 4897 ἀπέστειλεν.
2638 4844 2704 4895 ⁸⁸0
2735 4845 2956 4912 γνόντες
2991 4843 3038 4894 οἱ
3073 4842 3254 4896 λοιποὶ
3283 4845 3701 4912 ἠγανάκτησαν,
3735 4844 3826 4898 καὶ

2251 4934 2598 5004 νεωτερίσειν
2629 4934 2874 5004 ἔμελλον.
2897 4929 2999 4987 Ὧν
3040 4935 3302 5004 Ἀμίλκας
3321 4935 3710 5006 διαδεξάμενος
3739 4937 3822 4989 τὸν

560 5019 775 5075 Interea
813 5021 1048 5077 Romani
1104 5035 1426 5094 perpetuam
1477 5041 1604 5081 cum
1665 5027 1902 5084 Hierone
1943 5031 2137 5086 amici-

2249 5027 2606 5096 Καρθάλωνα,
2651 5027 2880 5090 πολλοὺς
2907 5029 3005 5096 μὲν
3050 5029 3241 5092 νυκτὸς
3271 5030 3564 5098 κατέκοψε,
3603 5031 3821 5092 πολλοὺς

558 5110 692 5166 tiam
725 5125 1046 5180 sanxerunt,
1077 5117 1326 5171 remissis
1354 5118 1575 5173 tributis
1613 5120 1830 5174 annuis.
1863 5120 2134 5192 Sequenti

558 5214 706 5259 anno
744 5204 888 5260 bello
940 5205 1119 5260 navali
1173 5217 1400 5276 propter
1449 5209 1670 5264 crebras
1721 5210 1904 5264 clades
1939 5220 1995 5266 et
2037 5211 2138 5266 im-

558 5313 785 5366 pensas,
815 5297 1034 5368 publice
1062 5299 1470 5354 a’bstinuerunt.
1505 5299 1610 5355 Sed
1639 5299 1860 5370 quidam
1888 5305 2139 5371 privatim

559 5387 798 5443 navibus
831 5391 1140 5458 postulatis,
1193 5405 1332 5460 quas
1375 5392 1752 5454 restituerent,
1794 5404 1851 5448 et
1896 5395 2139 5464 prrcdam

557 5480 673 5536 sibi
703 5483 1082 5548 vendicarent,
1123 5501 1248 5540 cum
1289 5485 1423 5540 alias
1468 5485 1652 5540 clades
1691 5485 1944 5541 hostibus
1997 5487 2144 5542 intu-

559 5572 774 5640 lerunt,
809 5584 926 5631 tum
973 5577 1278 5648 Hipponem
1323 5579 1517 5632 urbem
1573 5578 1830 5650 Libycam
1887 5580 2138 5648 ingressi,

567 5663 781 5734 navigia
813 5667 996 5720 omnia
1025 5679 1082 5722 et
1123 5669 1322 5722 multas
1349 5668 1494 5724 mdes
1529 5677 1868 5723 cremarunt.
1913 5669 1979 5722 Et
2019 5685 2144 5724 cum

572 5754 722 5808 cives
751 5767 943 5824 portus
971 5758 1180 5814 aditum
1217 5758 1428 5813 catenis
1458 5758 1802 5825 clausissent,
1843 5774 1908 5813 ex
1949 5774 2147 5830 magno

2239 5121 2296 5173 δὲ
2328 5124 2419 5172 καὶ
2435 5123 2865 5176 κατεπόντωσεν.
2886 5121 2971 5174 Ἑν
2983 5123 3220 5192 τοσούτῳ
3239 5122 3283 5174 δ’
3304 5123 3354 5174 οί
3370 5123 3633 5191 Ῥωμαῖοι
3647 5124 3820 5192 φιλίαν

2245 5214 2412 5267 ἀΐδιον
2439 5215 2573 5284 πρὸς
2633 5213 2856 5284 Ἱέρωνα
2899 5213 3282 5284 διεπράξαντο,
3335 5217 3432 5268 καὶ
3463 5217 3818 5285 προσαφῐμαν

2249 5303 2350 5356 ὅσα
2385 5304 2512 5375 παρ’
2537 5303 2702 5357 αὐτοῦ
2735 5303 2963 5368 ἐπετίως
3011 5303 3337 5374 ἐλάμϐανον.
3375 5305 3465 5374 Τῷ
3485 5305 3682 5373 mes;
3714 5305 3816 5356 ἔτει

2248 5395 2343 5448 τοῦ
2372 5395 2661 5448 Θαλαττίου
2697 5396 2938 5464 πολέμου
2995 5395 3233 5466 δημοσία
3293 5397 3394 5466 μὲν
3449 5399 3498 5450 οί
3563 5399 3813 5466 Ῥωμαῖοι

2250 5487 2556 5555 ἀπέσχοντο
2613 5486 2702 5538 διὰ
2751 5486 2819 5540 τὰ
2865 5486 3219 5557 ἀναλώματα.
3263 5487 3390 5560 Ἱδίᾳ
3433 5489 3494 5541 δέ
3523 5507 3666 5552 τινες
3695 5488 3814 5554 νῆας

2250 5581 2596 5650 αἰτήσαντες,
2647 5577 2778 5632 ὥστ’
2805 5581 3022 5643 ἐκείνας
3075 5581 3173 5650 μὲν
3219 5582 3692 5651 ἀποκαταστῆσαι,
3723 5582 3814 5646 τὴν

2249 5669 2398 5722 λείαν
2428 5669 2484 5722 δὲ
2513 5667 2924 5733 οἰκειώσασθαι,
2951 5671 3086 5723 ἄλλα
3115 5687 3175 5723 τε
3199 5672 3325 5734 τοὺς
3369 5673 3658 5741 πολεμίους
3693 5674 3814 5725 ἐκα-

2250 5775 2456 5827 κωσαν,
2490 5760 2584 5814 καὶ
2623 5761 2680 5823 ἐς
2721 5757 2963 5833 ἰππῶινα
2987 5760 3228 5835 Λιϐυκὴν
3259 5762 3416 5818 πόλιν
3469 5763 3810 5819 εἰσπλεύσαν-
