2004 3125
151 133 199 167 681

758 131 959 164 ANNALIUM
977 131 1049 162 LIB.
1066 130 1151 163 VIII.

1725 132 1779 164 682

151 198 205 222 τις,
220 190 256 218 τά
267 198 297 217 τι
311 190 392 217 κλίτα
406 192 495 228 πάντα
513 189 560 217 καὶ
575 187 662 215 πολλὰ
681 187 736 215 τῶν
751 187 936 223 οἰκοδομημάο

992 185 1113 221 pericqu
1130 189 1190 213 arte
1204 189 1232 213 et
1256 186 1369 213 fortuna
1391 191 1548 214 evaserunt.
1564 184 1633 213 Nam
1647 187 1780 216 festinan-

150 244 202 263 των
219 236 407 271 κατέπρησαν.
434 235 496 263 Τῶν
519 235 543 262 δ’
558 234 715 270 ἐπιχωρίων
739 234 770 261 τὸ
785 234 873 269 στόμα
888 232 935 260 τοῦ

988 238 1030 261 ter
1063 233 1091 260 in
1121 236 1233 260 catenas
1259 232 1371 265 invecti,
1399 239 1462 260 cum
1485 239 1533 260 eas
1558 237 1646 260 rostra
1666 234 1778 261 navium

150 282 259 317 λιμένος
273 282 454 309 διαλαϐόντων
473 281 612 315 ἁλύσεσιν,
642 281 672 307 ιν
688 280 849 316 περιστάσει
874 279 936 314 ιγέ-

992 279 1096 314 iamjam
1122 278 1302 313 attingerent.
1329 278 1356 306 in
1382 286 1490 314 puppes
1518 279 1711 307 transierunt:
1742 281 1779 308 ita

150 336 234 360 νοντο,
254 327 335 363 σοφίᾳ
350 327 378 354 δὲ
390 327 436 354 καὶ
452 328 522 363 τύχῃ
534 327 735 362 περιεγένοντο.
765 327 869 360 Σπουδῇ
883 327 936 359 γὰρ

150 375 206 404 ταῖς
219 373 331 400 ἁλύσεσι
344 374 558 409 προσπεσόντας,
572 374 632 400 ἐπεὶ
646 372 838 408 προσάψασθαι
848 372 937 398 αὐτῶν

150 419 258 454 ἔμελλον
276 419 300 445 οἱ
314 419 424 454 ἑμΰολοι
450 419 504 445 τῶν
519 419 602 454 νηῶν,
624 419 803 454 μετέστησαν,
831 419 859 450 ἐς
888 419 937 449 τὰς

151 466 278 501 πρύμνας
292 466 316 492 οί
332 465 379 492 τοῦ
390 465 573 500 πληρώματος
584 472 591 479 ·
607 466 653 491 καὶ
668 464 753 496 οὕτως
771 465 799 491 αἱ
813 465 936 499 πρῶραι,

150 511 349 544 κουφισθεῖσαι,
366 512 511 547 ὑπερῆραν
523 511 571 541 τὰς
587 511 707 541 ἁλύσεις.
718 511 801 541 Αὖθις
817 511 839 537 δ’
850 512 878 542 ἐς
889 512 938 542 τὰς

150 556 260 591 πρώρας
278 556 368 583 αὐτῶν
387 557 649 592 μεταπηδησάντων,
681 556 709 582 αί
744 556 868 591 πρύμναι
883 557 937 583 τῶν

151 603 260 636 σκαφῶν
275 604 509 638 μετεωρίσθησαν,
524 604 570 629 καὶ
586 603 772 638 διεξέδραμον.
796 604 850 630 Καὶ
869 604 939 638 μετά

149 647 225 673 τοῦτο
242 648 306 682 περὶ
322 648 352 673 τὸ
373 648 515 683 Πάνορμον
532 649 611 675 ναυσὶ
627 649 828 683 Καρχηδονίους
845 649 937 685 ἐνίκη-

151 701 208 719 σαν.
224 693 256 719 Οἱ
272 692 294 719 δ’
310 692 419 724 ὕπατοι,
447 693 584 725 Μέτελλος
602 694 650 727 μὲν
666 694 806 725 Καικίλιος
829 695 893 730 περὶ
908 695 938 721 τὸ

150 739 293 765 Λιλύϐαιον
320 737 363 774 ἦν,
392 739 545 774 Νουμέριος
576 739 604 766 δὲ
630 740 729 771 Φάδιος
754 740 939 776 τῷΔρεπάνῳ

150 785 328 819 προσήδρευε,
347 785 395 811 καὶ
420 785 603 812 ἐπεϐούλευσε
630 787 662 821 τῇ
678 786 765 820 νησῖδι
779 788 812 822 τῇ
831 787 939 814 Πελιάδι

150 830 314 866 καλουμένῃ.
347 832 585 867 προκατειλημένῃ
621 833 697 867 παρὰ
732 833 939 868 Καρχηδονίων,

988 334 1076 360 prorae
1099 327 1194 354 levatae
1225 329 1335 353 catenas
1348 330 1525 361 superarunt.
1544 326 1669 361 Cumque
1684 334 1781 355 rursus

989 372 1016 398 in
1033 379 1128 406 proras
1140 371 1353 403 transiluissent.
1373 380 1479 407 puppes
1491 373 1586 400 levatae
1599 373 1780 401 transierunt.

988 418 1052 444 Post
1071 418 1128 445 haec
1149 417 1182 445 ad
1203 418 1369 445 Panormum
1386 418 1631 453 Carthaginienses
1641 420 1779 448 vicerunt.

988 463 1140 491 Consulum
1166 463 1236 490 alter
1261 462 1388 491 Cecilius
1410 464 1534 491 Metellus
1563 464 1598 492 ad
1628 464 1779 500 Lilybazum

989 510 1052 541 fuit,
1073 511 1142 537 alter
1164 509 1312 537 Numerius
1336 510 1436 538 Fabius
1461 511 1618 546 Drepanum
1646 511 1755 539 obsedit
1773 531 1781 544 ,

989 559 1016 582 et
1034 555 1129 582 insulae
1140 554 1333 587 Columbariaa,
1349 563 1364 582 a
1380 555 1658 592 Carthaginiensibus
1678 566 1782 592 prame—

989 605 1104 634 cupatze,
1125 604 1208 628 noctu
1230 600 1323 628 missis
1348 601 1481 629 militibus
1497 606 1540 629 cst
1560 602 1718 636 insidiatus,
1735 604 1781 638 qui

989 647 1079 673 occiso
1103 646 1229 681 prasidio
1244 647 1361 674 insulam
1383 653 1565 683 occuparunt.
1587 648 1657 676 Cum
1675 655 1783 683 autem,

990 692 1126 720 Amilcare
1143 700 1224 720 mane
1242 697 1338 720 contra
1358 693 1421 721 illos
1441 694 1576 729 profecto,
1603 695 1706 723 Fabius
1728 696 1782 723 illis

990 747 1069 773 opem
1085 739 1157 767 ferre
1180 747 1236 767 non
1260 744 1363 774 posset,
1381 740 1537 775 Drepanum
1555 740 1665 774 invasit,
1685 746 1715 769 ut
1734 747 1783 770 aut

992 783 1086 810 urbem
1102 791 1151 818 per
1170 783 1249 811 ducis
1268 784 1421 812 absentiam
1443 789 1565 820 caperet.
1585 790 1634 813 aut
1651 786 1727 815 illum
1748 788 1783 815 ab

991 828 1079 854 insula
1101 827 1285 856 abstraheret.
1309 828 1413 855 Horum
1443 828 1561 856 alterum
1586 829 1613 857 ei
1639 830 1783 857 successit.

151 875 319 912 στρατιώτας
334 876 446 911 πέμψας
457 877 564 909 νυκτὸς,
587 878 611 904 οἳ
635 878 698 909 τοὺς
714 879 849 913 φρουροὺς
864 880 939 906 κτεί-

992 874 1110 901 Amilcar
1124 874 1198 903 enim
1218 874 1341 907 territus,
1365 875 1393 902 in
1414 875 1597 903 munitionem
1617 883 1647 903 se
1667 877 1783 911 recepit.

150 930 256 954 ναντες,
273 922 322 957 τὴν
334 922 417 956 νῆσον
433 921 515 950 εἷλον.
537 924 569 950 '0
585 923 678 958 μαθὼν
698 924 839 959 Ἀμίλκας,
856 925 940 952 ἕωθεν

150 970 204 1000 τοῖς
219 969 410 1004 διαὸεὗηκόσιν
420 969 533 996 ἐπέθετο
547 978 553 984 ·
585 967 625 1001 οἷς
653 971 703 997 οὐκ
715 971 785 1006 ἔχων
811 972 914 1006 ἀμῦναι
927 974 941 999 ό

149 1014 256 1046 Φάσιος,
269 1013 308 1049 τῷ
320 1015 450 1050 Δρεπάνῳ
466 1015 641 1050 προσέμιξεν,
659 1016 697 1047 ὡς
718 1017 733 1051 ἢ
751 1016 799 1052 τὴν
816 1018 892 1044 πόλιν
907 1018 940 1044 δι’

151 1059 267 1094 ἐρημίαν
282 1060 441 1095 αἱρήσων,ἢ
456 1060 503 1094 τῆς
516 1061 596 1095 νήσου
611 1061 655 1086 τὸν
671 1061 804 1096 Ἀμίλκαν
815 1062 937 1095 ἀπάξων.

151 1105 203 1131 Καὶ
220 1104 322 1139 ἠνύσθη
335 1105 365 1131 τὸ
379 1106 408 1132 ἓν
419 1114 426 1121 ·
443 1105 572 1140 φοϐηθεὶς
588 1106 641 1140 γὰρ
658 1107 671 1132 ὁ
686 1106 827 1141 ’Δμίλκας,
837 1107 940 1142 ἀνεχώ⁹

154 1159 234 1186 ρησεν
250 1151 290 1182 είς
304 1150 333 1177 τὸ
344 1152 441 1186 τεῖχος.
463 1152 518 1178 Καὶ
532 1153 545 1178 ὁ
560 1151 658 1183 Φάϐιος
670 1152 718 1188 τὴν
733 1153 849 1180 Πελιάδα
874 1162 940 1179 κατ-

151 1197 225 1231 έσχε,
246 1197 293 1222 καὶ
318 1196 347 1222 τὸ
364 1196 464 1231 μεταξὺ
480 1197 582 1232 ταύτης
596 1197 704 1232 καὶτῆς
718 1198 832 1233 ἠπείρου
850 1199 941 1225 στενὸν

152 1243 198 1268 καὶ
218 1242 370 1276 τεναγῶδες
396 1242 530 1277 τυγχάνον
558 1243 703 1278 συγχώσας
726 1244 876 1279 ἠπειρωτε.
895 1246 941 1271 καὶ

152 1289 217 1324 ῥᾷον
231 1288 431 1323 προσεπολέμει
445 1289 489 1315 τοῦ
507 1289 613 1325 τείχους
630 1291 688 1316 ἐκεῖ
702 1290 757 1326 (25)
769 1291 845 1322 ὄντος
860 1291 940 1318 ἀσθε-

151 1334 290 1369 νεστέρου.
321 1335 375 1362 Καὶ
393 1336 418 1361 ol
446 1335 628 1371 Καρχηδόνιοι
655 1336 739 1370 συχνὰ
766 1335 940 1371 παρελύπουν

151 1379 261 1411 αὐτοὺς,
279 1380 318 1410 είς
334 1379 460 1406 Σικελίαν
480 1389 510 1406 τε
536 1380 740 1415 περιπλέοντες,
768 1381 815 1407 καὶ
839 1382 878 1411 είς
892 1381 941 1416 τὴν

157 1425 271 1452 Ἰταλίαν
287 1425 493 1461 περαιούμενοι.
507 1426 575 1458 Τοὺς
585 1427 606 1453 δ’
617 1427 806 1461 αἰχμαλώτους
818 1427 941 1462 ἀλλήλων

151 1470 237 1506 ἄνδρα
252 1472 308 1498 ἀντ’
326 1472 422 1505 ἀνδρὸς
435 1472 585 1506 ἠλλάξαντο
597 1480 603 1487 ·
621 1474 684 1503 τοὺς
704 1474 732 1500 δὲ
746 1473 867 1506 λοιποὺς,
880 1475 942 1501 ἐπεὶ

153 1518 192 1553 μὴ
205 1515 275 1553 ἦσαν
287 1518 452 1553 ἰσοπληθεῖς,
464 1518 598 1553 ἀργυρίου
612 1519 637 1545 οἱ
655 1519 835 1554 Καρχηδόνιοι
848 1520 941 1555 ὲκομί-
954 1537 976 1567 C

152 1571 244 1590 σαντο.
259 1562 371 1590 Ἔκτοτε
384 1564 411 1590 δὲ
426 1563 549 1598 διάφοροι
567 1564 617 1599 μὲν
633 1564 802 1597 ὑπάτευσαν,
818 1566 895 1593 οὐδὲν
913 1567 942 1593 δὲ

152 1608 274 1643 ἱστορίας
300 1609 421 1645 ἔπραξαν
435 1610 509 1643 ἄξιον
520 1618 526 1625 ·
556 1610 683 1645 μέγιστον
697 1612 751 1646 γὰρ
768 1613 792 1638 οἱ
812 1613 941 1647 Ῥωμαῖοι

151 1654 327 1688 ἐσφάλλοντο,
353 1656 394 1682 ὃτι
410 1657 471 1682 κατ’
501 1657 624 1683 ἐνιαυτὸν
645 1657 751 1689 ἄλλους,
768 1656 817 1685 εἷθ’
833 1659 942 1694 ἑτέρους

151 1700 286 1735 ἄρχοντας
302 1701 425 1736 ἑπεμπον
436 1709 443 1717 ·
462 1701 526 1736 ἄρτι
543 1702 571 1728 δὲ
586 1702 636 1737 τὴν
651 1703 820 1737 στρατηγίαν
838 1704 941 1739 μανθά-

152 1753 258 1778 νοντας,
272 1746 321 1781 τῆς
334 1746 420 1781 ἀρχῆς
435 1746 547 1779 ἔπαυον,
563 1746 659 1782 ὥσπερ
676 1748 714 1779 είς
731 1748 848 1783 ἄσκησιν
860 1750 941 1783 σφᾶς,

150 1791 210 1817 ἀλλ’
226 1792 276 1818 οὐκ
289 1792 329 1824 είς
347 1793 444 1828 χρῆσιν
467 1794 636 1829 αἱρούμενοι.
651 1794 682 1820 Οί
695 1795 814 1821 Γαλάται
829 1795 871 1828 δὲ,
886 1796 942 1827 τοῖς

153 1838 350 1874 Καρχηδονίοις
374 1841 582 1876 συμμαχοῦντες
597 1841 645 1867 καὶ
672 1840 817 1875 μισοῦντες
832 1842 942 1875 αὐτοὺς,

151 1883 194 1909 ὃτι
207 1884 299 1915 κακῶς
317 1885 535 1920 μετεχειρίζοντο
558 1886 639 1920 σφᾶς,
658 1886 788 1921 φρουρίου
805 1887 876 1918 τινὸς
891 1896 942 1921 φυ-

150 1929 238 1965 λακὴν
262 1931 489 1965 ὲμπιστευθέντες
524 1934 580 1964 τοῖς
611 1932 758 1967 Ῥωμαίοις
785 1932 851 1959 αὐτὸ
875 1942 942 1968 προ-

991 920 1092 948 Fabius
1108 920 1313 949 Columbariam
1336 921 1429 949 tenuit
1449 926 1457 949 :
1486 926 1515 950 et
1536 923 1678 957 angustias
1706 922 1781 958 paluv
1820 941 1822 944 ι

992 966 1094 1001 desque
1132 967 1291 1003 interiectas
1319 967 1467 1003 aggeribus
1500 968 1654 996 continenti
1680 969 1783 1004 junxft.

991 1014 1029 1040 Ita
1046 1015 1151 1042 facilior
1165 1014 1236 1043 facta
1252 1015 1434 1051 oppugnatio,
1449 1023 1512 1044 cum
1536 1015 1574 1043 ibi
1595 1024 1694 1045 murus
1708 1023 1783 1044 esset

992 1059 1137 1087 inﬁrmior.
1150 1059 1393 1096 Carthaginienses
1413 1066 1506 1089 autem
1519 1062 1560 1090 eis
1582 1062 1679 1090 crebra
1697 1062 1784 1090 detri-

992 1110 1083 1133 tnenta
1100 1106 1268 1141 inferebant,
1291 1115 1367 1135 nunc
1383 1108 1411 1135 in
1433 1107 1566 1140 Siciliam,
1585 1117 1660 1137 nunc
1680 1109 1707 1136 in
1729 1110 1784 1136 Ita-

991 1151 1056 1178 liam
1084 1152 1256 1188 trajiciendo.
1279 1153 1411 1189 Captivos
1434 1154 1539 1182 viritim
1565 1159 1781 1190 permutarunt:

992 1202 1118 1230 caeteros,
1143 1198 1208 1233 quia
1237 1203 1343 1227 tantum
1370 1207 1518 1228 numerum
1544 1208 1601 1228 non
1630 1200 1783 1234 habebant,

998 1243 1241 1279 Carthaginienses
1255 1245 1371 1280 pecunia
1392 1245 1579 1279 redemerunt,
1596 1245 1636 1274 Ab
1661 1254 1694 1274 eo
1715 1251 1785 1274 tem-

992 1297 1058 1324 pore
1075 1290 1176 1317 diversi
1195 1290 1324 1318 consules
1346 1291 1468 1324 fuerunt,
1491 1292 1540 1319 sed
1566 1292 1637 1319 nihil
1665 1292 1783 1320 historia

992 1336 1103 1371 dignum
1117 1340 1274 1370 gesserunt.
1289 1336 1357 1364 Nam
1380 1337 1448 1365 illud
1471 1338 1591 1365 maximo
1613 1338 1783 1367 detrimento

994 1382 1123 1409 Romanis
1151 1381 1214 1414 fuit,
1239 1382 1312 1417 quod
1336 1382 1421 1410 duces
1451 1384 1599 1418 quotannis
1628 1384 1783 1417 mutabant,

992 1434 1094 1461 eosque
1114 1427 1162 1462 qui
1188 1427 1367 1462 imperatoria
1391 1428 1487 1455 munia
1511 1429 1603 1456 adhuc
1627 1430 1784 1462 discebant,

993 1474 1158 1501 revocabant
1175 1480 1182 1499 :
1197 1473 1275 1509 quasi
1292 1481 1347 1501 non
1366 1474 1404 1501 rei
1419 1474 1557 1509 gerendae,
1573 1475 1621 1502 sed
1636 1476 1784 1503 exercendi

993 1527 1074 1547 causa
1093 1519 1242 1555 ablegatos.
1259 1519 1331 1547 Galli
1345 1519 1619 1555 Carthaginiensibus
1634 1521 1719 1549 sociis
1742 1521 1785 1549 in-

994 1565 1074 1595 fensi.
1092 1565 1165 1600 quod
1188 1564 1223 1592 ab
1243 1565 1285 1593 eis
1307 1565 1378 1593 male
1399 1565 1601 1600 acciperentur,
1623 1567 1783 1602 praesidium

994 1611 1131 1646 quoddam
1150 1618 1207 1638 suae
1223 1610 1287 1639 fidei
1302 1611 1489 1645 commissum,
1515 1611 1647 1640 Romanis
1666 1613 1784 1647 pecunia

994 1657 1076 1692 398
1091 1656 1272 1691 prodiderunt
1287 1665 1295 1683 :
1312 1657 1347 1684 ab
1360 1657 1456 1692 eisque
1472 1665 1527 1685 una
1543 1665 1606 1685 cum
1626 1658 1687 1686 aliis
1705 1659 1753 1694 qui
1767 1667 1784 1686 a

994 1703 1125 1730 societate
1148 1702 1418 1737 Carthaginiensium
1439 1703 1613 1737 defecerant,
1645 1705 1785 1740 stipendio

994 1748 1122 1775 conducti
1141 1752 1217 1780 sunt,
1235 1755 1296 1775 cum
1317 1748 1397 1783 prius
1412 1750 1588 1784 peregrinum
1610 1749 1684 1777 alere
1709 1751 1784 1777 mili-

995 1798 1048 1821 tem
1064 1793 1180 1821 Romani
1193 1800 1248 1820 non
1263 1795 1484 1822 consuevissent.
1501 1794 1549 1822 IIis
1564 1795 1640 1828 freti,
1654 1800 1683 1823 et
1697 1796 1784 1824 classe

994 1840 1165 1874 privatorum
1181 1839 1325 1867 hominum
1346 1840 1466 1868 Africam
1489 1840 1690 1873 infestantium,
1707 1850 1784 1870 mare

994 1886 1099 1913 diutius
1113 1885 1252 1921 negligere
1272 1885 1408 1919 nolentes,
1427 1886 1518 1914 denuo
1535 1895 1619 1915 naves
1641 1896 1785 1923 compara-

998 1936 1071 1959 runt.

150 1972 254 2009 ήκαντο
274 1976 320 2002 ἐπὶ
335 1977 467 2011 χρήμασι.
496 1978 688 2009 Μεταστάντας
713 1978 743 2004 δὲ
770 1978 824 2005 ἀπὸ
849 1979 903 2005 τῶν
918 1978 1110 2014 Καρχηδονίων
1140 1978 1276 2011 Γαλάτας,
1300 1978 1347 2005 καὶ
1358 1978 1456 2010 ἄλλους
1469 1978 1524 2006 τῶν
1540 1980 1614 2014 σφῶν
1630 1981 1785 2017 συμμάχων

149 2020 227 2052 τινὰς
238 2021 262 2047 οἱ
287 2022 414 2057 Ῥωμαῖοι
426 2024 472 2050 ἐπὶ
483 2024 851 2063 μισθοφορᾷτιροσιλάὸοντο,
863 2025 946 2060 μήπω
966 2025 1099 2059 πρότερον
1115 2024 1260 2060 τρέφοντες
1276 2024 1391 2058 ξενικόν.
1412 2024 1522 2057 Τούτοις
1537 2025 1583 2053 οὖν
1597 2026 1784 2063 ἐπαιρόμενοι,

150 2067 201 2095 καὶ
215 2068 292 2095 ὃτιοί
307 2070 356 2102 τὰς
385 2072 451 2102 ναῦς
484 2071 590 2106 ἔχοντες
607 2072 710 2100 ἰδιῶται
728 2073 776 2108 τὴν
791 2073 896 2109 meum
910 2073 1078 2108 ἐπόρθησαν,
1109 2072 1202 2100 οὐκέτι
1231 2072 1343 2108 ἀμελεῖν
1366 2073 1417 2109 τῆς
1431 2073 1569 2110 θαλάσσης
1591 2075 1697 2110 ἦθελον,
1716 2075 1785 2104 ἀλλὰ

151 2115 202 2141 καὶ
215 2113 294 2147 αὖθις
310 2118 437 2143 ναυτικὸν
452 2118 662 2152 συνεστήσαντο.

188 2161 238 2189 IZ'.
256 2162 310 2189 Καὶ
333 2163 479 2196 Λουτάτιος
505 2165 628 2197 Κατύλος
653 2165 757 2198 ὕπατος
782 2167 879 2203 ᾑρέθη,
899 2168 940 2195 κα]

1034 2167 1118 2195 XVII.
1135 2167 1262 2195 Luctatio
1278 2167 1376 2196 Catulo
1390 2168 1497 2196 consuli
1509 2168 1662 2205 designato,
1680 2171 1784 2206 collega

149 2207 240 2243 τούτῳ
271 2209 481 2246 συνεξεπέμφθη
511 2211 626 2244 Κύῐντος
650 2213 797 2248 Οὐαλέριος
820 2214 942 2245 Φλάκκος

149 2255 325 2289 ἀστυνομῶν.
342 2255 386 2287 Οἱ,
403 2257 430 2287 ὲς
445 2257 570 2283 Σικελίαν
586 2258 720 2290 ἐλθόντες,
743 2259 873 2285 καὶκατὰ
889 2260 941 2294 γῆν

150 2301 201 2327 καὶ
214 2298 362 2327 θάλασσαν¹
382 2301 421 2336 τῷ
438 2303 570 2338 Δρεπάνῳ
595 2304 776 2338 προσέϐαλον,
795 2305 840 2331 καί
854 2314 879 2331 τι
894 2305 941 2331 τυῦ

151 2347 261 2381 τείχους
275 2348 461 2382 κατήρειψαν
487 2350 534 2374 καὶ
548 2346 618 2375 εἶλον
639 2350 671 2376 ἂν
687 2350 764 2382 αὐτὸ,
789 2350 812 2375 εἰ
831 2350 879 2385 μὴ,
895 2350 941 2377 τοῦ

149 2393 258 2420 ὑπάτου
269 2393 430 2429 τρωθέντος,
447 2394 512 2428 περὶ
536 2395 639 2421 ἐκεῖνον
653 2396 677 2421 οί
696 2395 860 2431 στρατιῶται
889 2396 943 2422 ἀττ-

149 2439 354 2474 ησχολήθησαν.
368 2440 427 2467 Κάν
443 2441 530 2476 τούτῳ
550 2441 681 2475 μαθόντες
707 2442 769 2472 τοὺς
795 2442 942 2476 πολεμίους

147 2485 259 2512 οἴκοθεν
274 2485 353 2521 ἦκέιν
365 2486 485 2520 ναυτικῷ
503 2487 611 2521 πλήθει,
631 2488 764 2519 Ἀννωνος
775 2488 943 2523 ναυαρχοῦν-

148 2540 208 2564 τος,
224 2532 293 2568 πρὸς
304 2531 425 2564 ἐκείνους
441 2532 601 2568 ἐτράποντο.
617 2533 671 2560 Καὶ
684 2533 943 2568 ἀντιπαραταξαμέ-

148 2586 206 2605 νων
231 2578 332 2611 αὺτῶν,
361 2578 462 2613 ἄστρον
490 2586 517 2605 τι
541 2578 732 2613 λαμπαδῶδες,
751 2578 870 2614 ὕπερθεν
888 2579 942 2605 τῶν

153 2623 303 2659 Ῥωμαίων
311 2624 394 2658 φανὲν
405 2626 433 2658 ἐξ
446 2625 604 2660 ἀριστερᾶς,
617 2625 656 2655 είς
664 2625 726 2656 τοὺς
739 2624 939 2659 Καρχηδονίους

148 2669 238 2704 ἀρθὲν
257 2670 476 2705 ἐγκατέσκηψεν.
499 2671 623 2704 Ἐγένετο
651 2670 673 2697 δ’
687 2671 704 2705 ἡ
730 2670 869 2705 ναυμαχία
893 2670 940 2697 καὶ

148 2716 196 2742 ἐπ’
212 2716 314 2751 ἀμφοῖν
331 2717 462 2753 καρτερὰ,
477 2717 509 2743 δι’
525 2717 591 2744 ἄλλα
602 2725 631 2743 τε
643 2717 690 2744 καὶ
706 2716 749 2743 ἵνα
763 2717 788 2743 οί
803 2716 852 2752 μὲν
866 2717 941 2751 Καρ-

991 2214 1138 2249 adjunctus
1152 2217 1195 2241 est
1214 2213 1247 2247 Q.
1263 2213 1388 2242 Valerius
1413 2214 1529 2243 Flaccus
1550 2216 1648 2243 aedilis.
1675 2216 1728 2250 Qui
1757 2217 1784 2245 in

992 2259 1114 2287 Siciliam
1133 2258 1260 2295 profecti,
1277 2263 1306 2287 et
1322 2265 1397 2287 terra
1420 2261 1545 2296 marique
1565 2261 1722 2298 Drepanum
1738 2271 1786 2299 ag-

992 2306 1089 2340 gressi,
1106 2309 1212 2340 partem
1229 2306 1301 2332 muri
1323 2304 1485 2341 dejecerunt
1501 2315 1508 2333 :
1529 2307 1717 2343 oppidumque
1740 2316 1786 2336 ce-

993 2350 1117 2385 pissent,
1150 2350 1203 2378 nisi
1232 2350 1347 2378 consule
1381 2351 1544 2385 vulnerato,
1574 2353 1677 2382 milites
1711 2355 1784 2382 circa

993 2393 1069 2420 illum
1093 2394 1220 2429 occupati
1244 2394 1373 2422 fuissent.
1399 2395 1508 2424 Interea
1535 2398 1646 2432 cognito
1662 2398 1784 2425 hostium

993 2439 1124 2472 adventu,
1147 2439 1301 2467 Hannonne
1318 2448 1444 2474 magnam
1470 2442 1580 2470 turbam
1599 2443 1681 2470 domo
1695 2443 1784 2470 addu-

995 2489 1087 2517 ccnte,
1104 2490 1202 2513 contra
1218 2486 1280 2513 illos
1297 2493 1327 2513 se
1350 2492 1558 2515 converterunt.
1573 2488 1639 2516 Acie
1655 2489 1784 2523 utrinque

994 2531 1138 2563 instructa,
1153 2535 1259 2559 astrum
1273 2532 1424 2567 quoddam,
1439 2532 1507 2561 facis
1521 2533 1617 2566 instar,
1633 2541 1715 2568 supra
1731 2534 1779 2561 Ito-

995 2584 1092 2604 manos
1109 2577 1142 2604 ad
1161 2577 1256 2604 laevam
1274 2583 1415 2610 exortum,
1432 2586 1529 2606 versus
1542 2578 1784 2613 Carthaginienses

995 2632 1110 2652 acumen
1137 2624 1248 2652 direxit.
1277 2625 1370 2661 Pugna
1403 2630 1482 2653 atrox
1508 2625 1654 2653 commissa
1683 2630 1725 2654 est
1750 2627 1783 2654 ab

996 2672 1130 2706 utrisque,
1148 2677 1205 2699 tum
1224 2672 1260 2700 ob
1286 2673 1351 2706 alia,
1381 2678 1439 2700 tum
1454 2673 1527 2707 quod
1544 2673 1783 2709 Carthaginienses

995 2717 1134 2746 Romanos
1147 2718 1180 2745 ad
1199 2723 1352 2746 extremm
1372 2719 1508 2746 bell0rum
1534 2720 1671 2747 navalium
1689 2718 1782 2755 despe-

747 2785 847 2816 Varite
858 2785 1013 2817 lectiones
1036 2791 1066 2817 et
1082 2791 1176 2819 notio.

188 2849 247 2886 (2'5)
273 2849 327 2877 Τοῦ
344 2849 464 2883 τείχους
483 2848 555 2881 ἐκεῖ,
570 2854 623 2877 etc.
644 2848 767 2877 Mutilum
786 2849 876 2877 locum
895 2851 940 2883 put

992 2853 1008 2877 ll
1029 2849 1144 2878 Wolﬁus
1161 2859 1167 2877 :
1186 2850 1224 2878 sic
1240 2855 1332 2878 tamen
1347 2858 1442 2878 omnes
1458 2858 1523 2878 mss.

322 2896 461 2927 Panos.
478 2895 537 2927 Gn.
555 2896 727 2928 CXXXIV.

1588 2900 1627 2929 22
