4008 6250
451 276 559 340 683

1735 275 2072 337 .JOANNIS
2111 274 2305 335 ΖΟΝΛ
2317 275 2434 336 {LE

3599 281 3706 345 68d

457 392 724 447 rationem
755 393 973 466 adigere
1001 394 1312 449 voluerunt.
1347 393 1576 448 Romani
1606 394 1760 464 prius
1786 401 2022 464 acceptas

2137 392 2374 464 χηδὸνιοι
2408 395 2466 458 ἐς
2491 393 2704 448 τελείαν
2754 393 3065 463 ἀπόγνωσιν
3105 394 3234 460 τοὺς
3281 395 3590 468 Ῥωμαίους
3616 398 3710 452 τοῦ

455 483 636 538 clades
661 486 925 540 resarcire
949 485 1301 540 studuerunt.
1339 485 1445 540 Sed
1472 500 1640 555 penes
1668 486 1768 540 hos
1797 485 2027 540 victoria

451 576 574 633 fuit.
621 577 758 632 Nam
785 576 1317 648 Carthaginiensium
1372 594 1577 644 naves,
1641 587 1842 650 praeter
1891 579 2029 634 alias

451 667 716 734 sarcinss,
751 669 1088 724 frumentum
1125 679 1182 724 et
1241 671 1530 740 pecuniam
1587 670 1867 735 vehentes,
1903 684 2026 739 gra—

451 760 740 816 vabantur.
801 760 994 814 Hanno
1052 761 1311 830 elapsus,
1379 761 1562 814 statim
1639 759 2024 830 Carthaginem

451 850 785 918 properavit.
824 849 927 904 Sed
970 864 1001 903 a
1031 829 1248 904 civibus
1276 849 1559 905 iracundia
1594 859 1651 904 et
1694 829 2023 904 metuemu-

448 942 630 1007 motis,
681 942 735 994 in
778 957 997 996 crucem
1030 953 1186 997 actus
1229 952 1333 1003 est,
1369 951 1424 996 et
1464 943 1624 1012 legati
1668 941 1736 995 de
1785 956 1918 1011 pace
1955 941 2024 995 ad

447 1034 699 1088 Catulum
739 1037 910 1090 missi.
946 1035 1047 1101 Qui
1085 1035 1230 1105 quod
1272 1045 1326 1090 et
1390 1050 1571 1089 annus
1599 1036 1720 1104 ejus
1745 1035 1854 1105 jam
1886 1047 2025 1103 pene

447 1129 677 1191 exierat,
726 1143 904 1196 neque
948 1128 1101 1182 brevi
1139 1137 1386 1197 tempore
1420 1127 1766 1197 Carthaginis
1809 1128 2027 1180 exscin-

446 1221 641 1273 dendae
691 1236 841 1290 spem
897 1220 1157 1282 habebat.
1205 1229 1261 1274 et
1319 1221 1740 1274 successoribus
1791 1219 2022 1289 gloriam

446 1309 694 1364 laborum
729 1327 955 1366 suorum
984 1312 1291 1376 invidebat,
1325 1327 1355 1365 a
1393 1326 1528 1382 pace
1555 1327 1664 1365 non
1696 1312 2020 1374 abhorrens,

446 1404 696 1459 inducias
727 1405 875 1468 fecit,
913 1405 1169 1476 pecunia,
1202 1405 1478 1460 frumento
1495 1413 1549 1459 et
1569 1405 1854 1462 obsidibus
1869 1421 2025 1459 acce-

445 1498 574 1565 ptis,
617 1506 677 1552 ut
725 1497 952 1552 Romam
998 1499 1207 1569 legatos
1237 1499 1550 1562 mitterent;
1583 1514 1648 1553 ea
1681 1497 2018 1561 conditione,

447 1598 507 1642 ut
540 1599 650 1645 tota
681 1588 867 1645 Sicilia
899 1599 954 1644 et
978 1590 1240 1645 omnibus
1271 1591 1796 1662 circumjacentibus
1827 1589 2022 1644 insulis

2131 486 2389 541 ναυτικοῦ
2417 489 2837 556 καταστήσωσιν
2861 503 2876 516 ·
2908 487 2957 540 oi
2991 488 3035 540 δ’
3060 487 3146 541 ἵνα
3177 489 3272 541 καὶ
3309 489 3412 552 τὰς
3439 490 3711 561 προτέρας

2129 579 2578 644 ἀνακαλέσωνται
2611 580 2934 650 συμφοράς·
2976 579 3127 649 ὅμως
3149 578 3195 632 δ’
3217 578 3313 632 οὖν
3348 581 3398 632 οἱ
3445 581 3711 650 Ῥωμαῖοι

2128 673 2228 742 τὴν
2253 671 2410 742 νίκην
2441 673 2666 744 ἧραντο.
2685 673 2766 727 Τὰ
2792 673 2900 743 γὰρ
2936 673 3047 726 τῶν
3077 673 3466 742 Καρχηδονίων
3499 676 3711 745 σκάφη,

2128 765 2326 834 φορτία
2372 766 2609 835 φέροντα
2667 767 2801 838 πρλις
2861 769 2974 829 τοῖς
3030 767 3232 830 ἄλλοις,
3292 766 3385 820 καὶ
3415 771 3589 830 σῖτον,
3618 770 3710 821 καὶ

2129 858 2409 927 χρήματα,
2440 859 2793 928 ἐϐαρύνοντο.
2811 859 2870 912 Ὀ
2895 859 2939 913 δ’
2966 860 3199 924 Ἄννων,
3224 859 3528 930 διαφυγὼν,
3548 859 3710 923 εὐθὺς

2127 950 2208 1013 είς
2228 949 2326 1020 τὴν
2356 949 2683 1022 Καρχηδόνα
2706 949 2968 1021 ἠπείχθη.
2995 952 3055 1003 Οἱ
3080 950 3440 1020 Καρχηδόνιοι
3464 950 3521 1002 δὲ
3553 950 3708 1020 θυμῷ

2127 1041 2450 1110 ληφθέντες,
2484 1043 2579 1095 καὶ
2607 1042 2781 1112 φόϐῳ,
2811 1042 2905 1095 τὸν
2931 1041 3030 1112 μὲν
3060 1042 3508 1110 ἀνεσταύρωσαν,
3535 1044 3706 1114 πρέσο

2129 1131 2242 1194 ϐεις
2268 1131 2323 1184 δὲ
2355 1131 2492 1202 πρὸς
2519 1133 2741 1202 εἰρήνην
2766 1131 2843 1201 τῷ
2871 1132 3102 1203 Κατύλῳ
3123 1133 3466 1202 πεπόμφασι.
3500 1135 3609 1186 Καὶ
3631 1135 3708 1204 τῷ

2128 1221 2264 1294 πρὸς
2293 1221 2490 1292 βουλῆς
2523 1218 2592 1292 ἦν
2622 1223 2716 1275 τὸν
2747 1223 2984 1293 πόλεμον
3021 1221 3434 1276 καταλύσασθαι
3453 1264 3468 1289 ,
3503 1224 3588 1277 ὃτι
3617 1226 3708 1279 ἐπὶ

2125 1312 2292 1384 ἐξόδῳ
2318 1311 2486 1378 οὔσης
2512 1313 2660 1384 αὖτῷ
2683 1313 2782 1383 τῆς
2821 1314 2998 1385 ἀρχῆς
3027 1313 3150 1368 οὔτε
3189 1315 3257 1369 δι’
3283 1314 3467 1384 ὀλίγου
3492 1315 3710 1386 ἐξαιρῆ-

2127 1423 2236 1458 σεικ.
2261 1407 2357 1473 τὴν
2395 1407 2717 1477 Καρχηδόνα
2753 1406 3002 1476 ἤλπιζεν,
3033 1406 3157 1459 οὔτε
3181 1410 3289 1469 τοῖς
3312 1407 3580 1476 διαδόχοις
3610 1407 3707 1477 τὴν

2123 1497 2282 1564 δόξαν
2320 1498 2427 1552 τῶν
2451 1498 2647 1553 ἐαυτοῦ
2675 1501 2855 1553 πόνων
2886 1501 3210 1555 καταλιπεῖν
3247 1500 3427 1572 ἤθελε.
3455 1503 3546 1555 Διὸ
3576 1503 3707 1554 ἁνα-

2125 1590 2306 1662 κωχὴν
2331 1592 2649 1662 ἐποιήσατο,
2702 1594 2798 1646 καὶ
2846 1593 3106 1663 χρήματα
3139 1595 3234 1646 καὶ
3263 1595 3409 1647 σῖτον
3437 1595 3531 1646 καὶ
3561 1596 3703 1665 ὁμή-

445 1682 705 1736 Ilomanis
732 1683 1012 1748 cederent,
1045 1697 1219 1752 neque
1255 1681 1547 1737 Hieronem
1566 1682 1901 1737 lacesserent
1936 1691 2021 1737 :et

2132 1700 2258 1754 ρους
2292 1683 2442 1754 αὐτῷ
2473 1683 2677 1748 δόντες,
2713 1685 2780 1738 ἵν’
2814 1686 2872 1748 ἐς
2919 1686 3016 1756 τὴν
3062 1685 3281 1757 Ῥώμην
3318 1687 3702 1756 πρεσϐεύσωνο

443 1775 730 1841 pecuniam
758 1773 953 1843 partim
982 1788 1116 1843 pace
1145 1773 1288 1827 facta
1308 1776 1519 1839 statim,
1552 1773 1748 1842 partim
1780 1785 2022 1842 posmu-

2125 1753 2214 1828 ται
2279 1777 2373 1828 ἐπὶ
2417 1753 2503 1846 7τῷ
2553 1776 2803 1840 Σικελίας
2857 1794 2916 1830 τε
2952 1753 3384 1849 αὑτοὺς-πάσης
3443 1779 3701 1848 ἐκστῆναι

443 1878 720 1922 nierarcnt
758 1885 771 1922 :
814 1874 871 1922 et
911 1868 1192 1922 Romanos
1225 1866 1473 1938 captivos
1507 1866 1679 1936 gratis
1706 1865 2020 1932 redderent,

442 1977 568 2017 suos
589 1977 716 2015 vero
735 1959 1213 2015 redimerent.Tali
1227 1958 1480 2030 pactione
1498 1957 1638 2013 facta
1657 1957 1851 2028 (solam
1877 1958 2020 2012 enim

335 2082 339 2086 -
441 2055 544 2107 sub
561 2055 751 2124 jugum
778 2053 1057 2108 missionis
1076 2052 1430 2123 ignominiam
1447 2051 1683 2106 Amilcar
1700 2051 2026 2119 deprecatus

435 2148 546 2214 est)
581 2143 853 2198 militibus
884 2157 914 2198 e
961 2142 1365 2197 munitionibus
1395 2141 1634 2205 eductis,
1667 2139 1892 2193 domum
1934 2153 2024 2192 re-

439 2236 561 2299 diit,
607 2237 928 2304 priusquam
971 2234 1363 2306 jusjurandum
1407 2231 1652 2287 daretur.
1699 2229 1803 2297 Qui
1835 2231 2024 2286 Romae

438 2337 618 2390 erant,
668 2328 896 2382 victoria
949 2327 1210 2383 celeriter
1259 2325 1499 2395 cognita,
1551 2324 1627 2378 ita
1679 2333 1811 2377 sunt
1857 2321 2025 2392 399

440 2419 638 2473 animis
672 2419 824 2482 elati,
852 2421 1007 2488 quasi
1055 2418 1216 2487 plane
1264 2416 1598 2472 debellatum
1643 2424 1839 2470 esset:
1873 2415 2024 2484 lega-

443 2513 620 2582 tisque
659 2511 1048 2582 praisentibus,
1089 2524 1148 2564 se
1194 2525 1304 2565 non
1329 2510 1567 2578 amplius
1611 2509 1896 2563 continere
1925 2520 2023 2576 po-

442 2615 688 2666 tuerunt,
735 2619 832 2673 spe
888 2605 1057 2658 totius
1100 2601 1301 2656 Africa:
1348 2601 1686 2670 occupanda!
1725 2608 2017 2668 concepta.

441 2695 630 2764 Itaque
679 2694 1091 2749 conditionibus
1135 2710 1165 2748 a
1209 2709 1314 2747 con
1355 2692 1542 2747 ulibus
1580 2692 1882 2761 propositis
1907 2706 2020 2746 non

439 2788 878 2856 acquiescentes,
910 2796 962 2841 et
997 2786 1285 2857 pecuniam
1329 2785 1608 2855 promissa
1653 2787 1814 2855 longe
1847 2786 2022 2856 majo-

440 2896 550 2935 rem
587 2882 984 2951 postularunt:
1023 2889 1080 2935 et
1126 2878 1556 2947 interdixerttnt,
1587 2895 1658 2934 ne
1700 2879 1877 2949 longis
1922 2893 2020 2933 na-

438 2974 598 3028 vibus
635 2976 718 3029 vel
752 2974 818 3027 ad
851 2974 1085 3036 ltaliam,
1111 2972 1196 3026 vel
1229 2971 1296 3025 ad
1330 2972 1464 3025 alias
1491 2972 1673 3026 socias
1702 2971 2018 3040 provincias

438 3067 786 3130 accederent,
821 3075 914 3119 aut
949 3063 1307 3119 conductitiis
1339 3063 1465 3117 inde
1493 3063 1764 3117 militibus
1795 3072 2016 3117 uteren-
2041 3087 2086 3149 ρ

438 3171 544 3213 tur.
584 3159 760 3227 Atque
794 3157 867 3211 ita
901 3161 1078 3227 primo
1108 3157 1249 3210 bello
1288 3156 1523 3218 Punico,
1557 3171 1703 3209 anno
1736 3168 1932 3225 quarto
1961 3165 2018 3210 et

437 3253 701 3308 vicesimo
741 3269 770 3304 a
799 3250 1061 3304 Romanis
1102 3247 1381 3313 confecto,
1430 3247 1659 3302 Catulus
1711 3249 2020 3317 triumpha-

433 3349 534 3400 vit.
565 3346 804 3410 Quintus
836 3357 964 3397 vero
1008 3341 1318 3403 Luctalius,
1378 3347 1503 3409 post
1558 3339 1909 3395 consulatum
1961 3341 2019 3393 in

435 3436 678 3496 SiCiliam
729 3436 1031 3507 profectus,
1081 3450 1205 3489 cum
1260 3433 1431 3488 fratre
1478 3433 1674 3488 Catulo
1721 3433 1905 3487 omnia
1943 3433 2017 3486 ibi

433 3531 735 3586 ordinavit.
796 3528 999 3584 Siculis
1067 3543 1218 3582 arma
1277 3526 1575 3597 adempta:
1643 3534 1755 3580 tota
1815 3526 2015 3592 insula,

430 3623 692 3678 Hieronis
739 3630 971 3689 excepto
1021 3618 1276 3688 imperio,
1311 3632 1341 3671 a
1389 3616 1651 3671 Romanis
1679 3616 1926 3683 subacta,
1962 3625 2018 3671 ct

433 3714 676 3769 amicitia
733 3726 860 3766 eum
905 3707 1462 3779 Carthaginiensibus
1529 3707 1852 3762 constituta.
1909 3707 2017 3762 Sed

435 3811 653 3876 utrique
681 3805 845 3875 paulo
872 3813 999 3874 post
1029 3801 1263 3858 scorsim
1295 3801 1398 3854 alia
1429 3814 1647 3872 gessere
1681 3799 1845 3856 bella.
1879 3799 2016 3854 Nam

431 3901 936 3969 Carthaginienses,
957 3896 1153 3965 reliqui
1184 3909 1377 3948 eorum
1409 3893 1778 3963 stipendiarii,
1809 3901 1865 3948 et
1894 3909 2014 3947 ser-

419 3997 560 4050 rvltia
596 3991 854 4056 civitatis,
878 3998 934 4045 et
967 3989 1122 4041 multi
1149 4003 1214 4042 ex
1242 3986 1511 4052 finitimis,
1543 3988 1771 4041 adversa
1796 3986 2015 4039 illorum

432 4091 650 4142 fortuna
687 4084 835 4149 freti,
871 4084 1209 4135 invaserunt.
1241 4079 1469 4134 Romani
1501 4078 1623 4132 eum
1663 4078 1731 4131 ab
1763 4077 2017 4133 hostibus

410 4183 650 4237 villorum
695 4182 1138 4238 accerserentur,
1193 4171 1331 4225 adeo
1368 4187 1477 4224 non
1532 4178 1913 4235 assenserunt,
1958 4178 2019 4224 ut

429 4287 554 4325 cum
604 4285 701 4339 per
751 4269 961 4337 legatos
1016 4263 1377 4318 reconciliare
1433 4262 1554 4316 illos
1603 4277 1712 4314 non
1763 4270 2017 4333 possent,

429 4379 624 4418 omnes
662 4358 1205 4428 Carthaginiensium
1259 4356 1506 4425 captivos
1548 4355 1722 4426 gratis
1773 4355 2017 4409 dimitte-

2139 1867 2452 1936 Ῥωμαίοις,
2513 1869 2605 1924 καὶ
2656 1871 2838 1933 πάσας
2877 1871 2976 1934 τὰς
3023 1871 3184 1941 πέριξ
3211 1872 3412 1943 νήσους
3439 1871 3701 1935 ἐκλιπεῖν,

2124 1963 2220 2014 καὶ⁵
2247 1962 2384 2032 μήτε
2418 1960 2498 2033 τῷ
2533 1963 2741 2032 Ἱέρωνι
2773 1962 3053 2033 πολεμεῖνο
3088 1963 3181 2015 καὶ
3211 1964 3473 2035 χρήματα
3511 1961 3583 2017 τὰ
3605 1963 3703 2035 μὲν

2124 2050 2242 2121 ἅμα
2271 2052 2350 2122 τῷ
2402 2053 2732 2106 σπείσασθαι
2777 2053 2982 2116 δοῦναι,
3006 2053 3074 2106 τὰ
3108 2053 3164 2106 δὲ
3190 2053 3283 2106 καὶ
3314 2051 3544 2124 ὕστερον
3566 2068 3586 2087 ο
3613 2054 3703 2108 καὶ

2124 2143 2249 2205 τοὺς
2274 2143 2373 2213 μὲν
2396 2144 2619 2198 ἐκείνων
2645 2145 2980 2215 αὐτομόλους
3015 2146 3107 2198 καὶ
3136 2143 3520 2214 αἰχμαλώτους
3548 2147 3705 2217 προῖ-

2123 2251 2197 2288 κα
2218 2234 2524 2304 ἐκπέμψαι,
2549 2236 2675 2298 τοὺς
2699 2235 2746 2286 δ’
2769 2236 2979 2289 ἑαυτῶν
3020 2234 3307 2307 πρίασθαι.
3336 2235 3574 2306 Τοιαύτη
3606 2236 3704 2305 μὲν

2122 2321 2216 2378 οὖν
2246 2326 2278 2394 η
2309 2323 2582 2394 σύμϐασις
2610 2324 2934 2396 ὡμολόγητο
2971 2326 3176 2396 (μόνην
3219 2327 3328 2397 γὰρ
3352 2325 3450 2398 τὴν
3484 2325 3581 2380 τοῦ
3612 2324 3705 2390 ζυ-

2121 2415 2221 2485 γοῦ
2252 2417 2480 2486 ἀτιμίαν
2536 2419 2563 2470 ὁ
2621 2417 2889 2486 Ἀμίλκας
2943 2416 3358 2489 παρῃτήσατο)·
3415 2418 3571 2473 καὶὺ
3604 2418 3703 2490 μὲν

2120 2505 2290 2560 ταῦτα
2326 2506 2675 2576 συνθέμενος,
2712 2506 2806 2560 καὶ
2839 2507 2965 2571 τοὺς
2990 2506 3333 2578 στρατιώτας
3363 2509 3428 2562 ἐκ
3453 2509 3566 2562 τῶν
3589 2525 3698 2562 τει-

2122 2598 2234 2668 χῶν
2259 2593 2565 2666 ἐξαγαγὼν,
2592 2595 2935 2651 ἀπέπλευσεν
2957 2599 3160 2666 οἴκαδε,
3186 2600 3318 2671 πρὶν
3344 2600 3473 2664 τοὺς
3504 2601 3703 2671 ὅρκους

2120 2689 2502 2761 ἐπενεχθῆναι.
2547 2691 2613 2743 Oi
2663 2689 2709 2743 δ’
2748 2691 2807 2742 ὲν
2828 2693 2895 2761 τῇ
2949 2691 3137 2763 Ῥώμῃ
3171 2694 3272 2762 τήν
3327 2709 3386 2746 τε
3435 2694 3594 2766 νίκην
3613 2694 3702 2748 διὰ

2122 2785 2354 2857 βραχέος
2389 2783 2590 2855 ἔμαθον
2623 2785 2716 2838 καὶ
2763 2785 3084 2854 ἐπήρθησαν
3137 2784 3215 2846 ὡς
3263 2786 3584 2840 παντάπασι
3613 2805 3700 2840 κε-

2120 2876 2476 2947 κρατηκότες.
2524 2876 2635 2928 Καὶ⁵
2677 2873 2786 2929 τῶν
2837 2875 3120 2945 πρέσϐεων
3179 2875 3463 2944 ἐλθόντων,
3517 2879 3700 2933 οὐκέτι

2119 2971 2376 3042 κατέχειν
2409 2972 2638 3034 ἑαυτοὺς
2665 2970 2954 3040 ἠδύναντο,
3011 2971 3106 3024 καὶ
3157 2969 3256 3041 τὴν
3300 2971 3510 3042 Διϐύην
3555 2971 3702 3045 ἔχειν

2119 3063 2341 3118 ἃπασαν
2390 3063 2645 3133 ἤλπιζον.
2681 3063 2773 3115 Διδ
2820 3062 2941 3116 οὐδὲ
2974 3064 3094 3124 ταῖς
3145 3062 3240 3116 τοῦ
3269 3062 3483 3118 ὑπάτου
3511 3066 3706 3136 ὁμολο-

2120 3155 2269 3224 γίαις
2294 3155 2604 3225 ἐνέμειναν,
2641 3154 2778 3208 ἀλλὰ
2837 3154 2932 3207 καὶ⁵
2961 3155 3224 3224 χρήματα
3278 3157 3482 3219 αὐτοὺς
3522 3157 3704 3229 πολλῷ

2121 3247 2295 3300 πλείω
2325 3246 2436 3299 τῶν
2463 3246 2865 3316 ὑπεσχημένων
2896 3245 3236 3316 ἐπράξαντο·
3261 3247 3356 3299 καὶ
3387 3249 3704 3320 ἀπηγόρευ-

2121 3353 2222 3392 σαν
2253 3338 2406 3408 σφίσι
2462 3338 2600 3408 μήτε
2629 3337 2731 3408 τὴν
2773 3337 3025 3402 Ἰταλίαν,
3052 3339 3186 3408 μήτε
3219 3339 3318 3410 τὴν
3345 3339 3448 3407 ἔξω
3478 3357 3701 3412 συμμα-

2120 3430 2241 3501 χίδα
2280 3429 2430 3499 σφῶν
2460 3430 2700 3499 μακραῖς
2721 3429 2882 3482 ναυσὶ
2917 3431 3252 3498 παραπλεῖν,
3283 3431 3315 3500 ἢ
3345 3429 3703 3504 μισθοφόροις

2119 3521 2262 3575 τισὶν
2310 3519 2406 3573 ἀπ’
2466 3519 2647 3574 αὐτῶν
2711 3519 3039 3590 κεχρῆσθαι.
3111 3521 3170 3573 '0
3209 3521 3311 3591 μὲν
3363 3519 3456 3576 οὖν
3484 3524 3702 3596 πρῶτος

2119 3614 2232 3675 τοῖς
2267 3610 2666 3682 Καρχηδονίοις
2697 3611 2936 3680 πόλεμος
2963 3613 3078 3674 τοῖς
3109 3611 3404 3681 Ῥωμαίοις
3435 3617 3514 3677 εἰς
3542 3615 3702 3668 τοῦτο

2121 3703 2390 3775 κατέληξε
2435 3703 2682 3774 τετάρτῳ
2713 3704 2825 3756 ἔτει
2857 3704 2954 3757 καὶ
2988 3704 3243 3770 εἰκοστῷ,
3300 3707 3395 3760 καὶ
3423 3705 3513 3760 ἐπ’
3548 3701 3702 3778 αὑτῷ

2120 3797 2328 3867 ἤγαγεν
2354 3797 2382 3848 ὁ
2409 3798 2660 3860 Κατύλος
2692 3797 2759 3850 τὰ
2779 3797 3042 3862 ἐπινίκια,
3069 3798 3303 3863 Κύῖντος
3319 3799 3375 3853 δέ
3405 3801 3700 3866 Λουτάτιτς

2124 3888 2456 3954 ὑπατεύσας,
2478 3888 2725 3958 ἀπῆλθεν
2754 3891 2811 3952 ἐς
2838 3889 3115 3955 Σικελίαν,
3147 3890 3241 3943 καὶ
3265 3889 3407 3958 μετὰ
3427 3890 3521 3944 τοῦ
3547 3891 3700 3944 ἁδελ-

2121 3983 2222 4053 φοῦ
2277 3982 2524 4036 Κατύλου
2574 3983 2753 4035 πάντα
2784 3983 2853 4035 τὰ
2903 3984 3022 4035 ἐκεῖ
3067 3985 3467 4054 κατεστήσατο,
3510 3985 3607 4038 καὶ
3633 3987 3701 4037 τὰ

2119 4077 2258 4131 ὅπλα
2283 4075 2392 4128 τῶν
2419 4078 2476 4128 ἐν
2506 4075 2646 4144 αὐτῇ
2679 4074 2986 4144 ἀφείλοντο.
3021 4075 3242 4129 Σικελία
3275 4077 3373 4148 μὲν
3401 4073 3494 4131 οὖν
3526 4077 3699 4140 οὕτως

2120 4170 2225 4224 ὑπὸ
2268 4169 2556 4240 Ῥωμαίων
2601 4168 2897 4222 δεδούλωτο
2944 4167 3083 4240 πλὴν
3114 4170 3212 4238 τῆς
3247 4171 3421 4243 ἀρχῆς
3469 4170 3566 4224 τοῦ
3607 4171 3702 4224 Ἰἐ-

2124 4277 2315 4334 ρωνος·
2354 4263 2417 4314 ἐκ
2446 4260 2502 4313 δέ
2543 4261 2738 4312 τούτου
2775 4263 2911 4331 πρὸς
2949 4263 3074 4324 τοὺς
3107 4261 3514 4332 Καρχηδονίους
3543 4264 3698 4333 φιλία

2119 4352 2190 4425 ἦν
2209 4355 2414 4417 αὐτοῖς.
2475 4355 2681 4422 Ἄμφω
2732 4351 2778 4404 δ’
2839 4348 2999 4414 αὖθις
3030 4352 3110 4416 εἰς
3162 4352 3438 4421 πολέμους
3472 4353 3698 4423 ἐτέρους

431 4465 576 4519 rent,
636 4454 976 4506 frumentum
1031 4453 1337 4514 mitterent,
1388 4465 1420 4502 e
1483 4448 1650 4504 sociis
1708 4447 2011 4518 provinciis

2123 4421 2289 4519 ὶίωρὶς
2322 4444 2443 4517 μετ’
2476 4421 2658 4514 ὀλίγον
2706 4444 3073 4513 κατέστησαν.
3123 4443 3250 4506 Τοῖς
3275 4442 3383 4512 γὰρ
3413 4421 3699 4516 Καρκήδο-

429 4546 812 4603 coiiscribendi
850 4544 1041 4598 militis
1076 4552 1405 4613 potestatem
1441 4539 1660 4604 darent,
1701 4541 2009 4597 clementiae

2123 4541 2248 4603 νίοις
2282 4541 2336 4593 οῖ
2375 4557 2437 4592 τε
2469 4538 2776 4608 περίλοιποι
2807 4537 2916 4589 τῶν
2962 4535 3482 4606 μισθοφορησάντων
3518 4539 3694 4606 σφίσι,

429 4640 646 4694 laudem
689 4638 860 4707 magis
911 4646 1266 4706 occupantes,
1321 4649 1484 4704 quam
1531 4633 1648 4688 suis
1705 4634 2010 4689 rationibus

2123 4637 2211 4689 καὶ
2243 4634 2303 4686 τὸ
2337 4632 2588 4686 δουλεῦον
2613 4632 2670 4683 τὸ
2699 4633 2756 4682 ἐν
2789 4633 2854 4700 τῇ
2893 4631 3068 4695 πόλει,
3093 4629 3186 4682 καὶ
3211 4628 3320 4682 τῶν
3345 4629 3698 4699 ὁμορούντων

430 4735 800 4787 consulentes.
855 4730 1008 4785 Unde
1081 4741 1207 4799 pOSt
1266 4730 1322 4782 in
1382 4727 1598 4798 negotia
1675 4727 2008 4784 inciderunt.

2123 4729 2310 4784 πολλοὶ
2336 4727 2475 4796 πρὸς
2504 4725 2605 4787 τὰς
2653 4722 2938 4793 συμφορὰς
2986 4722 3166 4777 αὑτῶν
3217 4721 3599 4776 συνεπέθεντο.
3633 4722 3702 4776 Οἵ

429 4827 668 4884 Amilcar
699 4827 845 4882 enim
877 4824 1185 4879 Bareliinus
1225 4821 1336 4888 ille,
1370 4821 1532 4875 victis
1568 4820 1860 4886 hostibus,
1903 4821 2011 4875 Bo-

2123 4842 2181 4894 γε
2217 4824 2322 4893 μὴν
2361 4821 2650 4890 Ῥωμαῖοι,
2685 4817 3175 4886 ἐπικαλεσαμένων
3220 4815 3418 4878 αὐτοὺς
3461 4816 3572 4869 τῶν
3601 4833 3699 4869 πο-

430 4938 640 4986 manos,
684 4933 998 4990 quanquam
1030 4918 1110 4972 eis
1159 4915 1588 4981 infensissimus,
1634 4913 1776 4969 bello
1817 4923 2006 4984 petere

2123 4916 2425 4986 λεμούντων
2496 4911 2750 4975 ἐκείνοις,
2813 4908 2930 4961 οὔθ’
2987 4909 3340 4979 ὑπήκουσαν,
3377 4908 3544 4983 αλλὰ
3599 4910 3697 4960 καὶ

428 5032 538 5070 non
594 5031 781 5077 ausus,
837 5019 1029 5068 contra
1081 5008 1502 5079 magistratuum
1563 5007 1897 5062 voluntatem
1957 5007 2012 5061 in

2123 5003 2737 5076 ἅντιπρεσϐευσὰμενοι,
2767 5002 2861 5055 καὶ
2890 5002 2964 5070 μὴ
2995 5001 3319 5072 δυνηθέντες
3357 4999 3554 5054 καταλ)
3569 4998 3695 5064 ἆξαι

433 5111 748 5181 Hispaniam
779 5107 934 5161 abiit.
973 5105 1080 5160 Sed
1120 5103 1238 5158 hzec
1267 5107 1388 5172 post
1421 5101 1562 5156 facta
1592 5109 1742 5155 sunt.

2123 5098 2350 5162 αὐτοὺς,
2404 5095 2499 5148 καὶ
2531 5097 2657 5158 τοὺς
2707 5093 3090 5164 αἰχμαλώτους
3116 5093 3227 5146 τῶν
3283 5090 3694 5162 Καρχηδονίων,

431 5204 590 5264 ὅσους
623 5196 791 5271 εἶχον,
855 5196 1077 5267 ἀφῆκαν
1117 5197 1345 5266 προῖκα,
1388 5195 1482 5245 καὶ
1510 5196 1654 5246 σῖτον
1696 5191 1971 5261 ἔπεμψαν,
1997 5190 2091 5242 καὶ
2123 5186 2489 5259 μισθοφόρους
2519 5188 2582 5238 ἐκ
2615 5185 2714 5255 τῆς
2753 5185 2958 5246 οίκείας
2998 5182 3338 5254 συμμαχίδος
3391 5183 3576 5246 αὐτοῖς
3599 5183 3697 5232 ἐπ-

431 5297 736 5366 αγαγέσθαι
795 5292 1124 5365 ἐπέτρεψαν,
1156 5290 1314 5356 δόξαν
1372 5290 1667 5350 ἐπιεικείας
1722 5286 2027 5357 θηρώμενοι
2087 5283 2308 5354 μᾶλλον,
2346 5281 2380 5351 ἢ
2435 5280 2530 5333 τοῦ
2582 5279 2956 5350 συμφέροντος
2987 5277 3174 5340 αὐτοῖς
3212 5276 3694 5349 προμηθούμενοι·

429 5393 554 5446 ὅθεν
614 5392 920 5460 πράγματα
971 5385 1130 5455 ἔσχον
1174 5382 1479 5435 εἰσέπειτα.
1552 5381 1610 5432 Ὀ
1660 5379 1770 5448 γὰρ
1823 5376 2086 5445 Ἀμίλκας
2125 5373 2388 5436 ἐκεῖνοςό
2432 5372 2726 5442 Βαρχίδης,
2787 5369 2911 5423 ἐπεὶ
2939 5369 3062 5432 τοὺς
3111 5368 3389 5460 ὶναντίους
3418 5369 3704 5441 ἐνίκησεν,¹

412 5485 526 5545 ,επὶ
559 5459 809 5553 μὲντοὺς
881 5476 1206 5548 Ῥωμαίους,
1269 5475 1471 5544 καίπερ
1519 5472 1696 5542 κάρτα
1755 5468 1930 5538 μισῶν
1979 5467 2195 5532 αὐτοὺς,
2253 5466 2354 5518 οὐκ
2407 5464 2676 5532 ἐτόλμησε
2708 5460 3059 5532 στρατεῦσαι,
3110 5462 3166 5522 ἐς
3203 5459 3261 5514 δέ
3307 5459 3409 5532 τὴν
3459 5459 3696 5535 Ἰϐηρίαν

435 5577 591 5646 παρὰ
656 5577 883 5644 γνώμην
908 5573 1019 5626 τῶν
1049 5572 1188 5624 οἴκοι
1213 5568 1384 5623 τελῶν
1425 5566 1661 5634 ἀπῆρεν.
1723 5562 1885 5618 Ἀλλὰ
1912 5561 2093 5616 ταῦτα,
2131 5563 2227 5631 μὲν
2257 5561 2472 5628 ἐγένετο
2503 5557 2752 5628 ὕστερον.

496 5667 685 5723 XVIII.
717 5667 858 5721 Tum
889 5677 1072 5721 autem
1111 5663 1341 5719 Romani
1374 5675 1499 5715 cum
1532 5655 1760 5712 Faliscis
1792 5655 1999 5709 bellum

2188 5652 2298 5709 lll’.
2332 5653 2465 5707 Τότε
2496 5652 2552 5704 δέ
2591 5652 2682 5703 καὶ
2711 5652 2776 5703 οἱ.
2803 5651 3068 5718 Ῥωμαῖοι
3097 5649 3388 5729 Φαλίσκοις
3413 5648 3692 5720 ἐπολέμη-

423 5770 730 5834 gesserunt,
762 5760 958 5815 Manlio
986 5757 1266 5826 Torquato
1299 5768 1486 5824 agrum
1517 5751 1735 5806 illorum
1765 5757 1956 5803 urente
1983 5763 1996 5800 :

2123 5763 2232 5812 ταν,
2267 5748 2361 5805 καὶ
2420 5743 2628 5808 Μάλιος
2681 5743 3063 5814 Τουρκουᾶτος
3114 5741 3214 5813 τὴν
3265 5741 3452 5816 χώραν
3509 5742 3688 5796 αὐτῶν
