  <div class='ocr_page' id='page_1' title='image "/cluster/home/n/w/nwhite01/storage/ocr_20150623/134/mdp.39015032023197/350.png"; bbox 0 0 4008 6250; ppageno 0'>
   <div class='ocr_carea' id='block_1_1' title="bbox 335 327 436 390">
    <p class='ocr_par' dir='ltr' id='par_1_1' title="bbox 335 327 436 390">
     <span class='ocr_line' id='line_1_1' title="bbox 335 327 436 390; baseline 0.02 -2"><span class='ocrx_word' id='word_1_1' title='bbox 335 327 436 390; x_wconf 63' lang='grc'><strong>(85</strong></span> 
     </span>
    </p>
   </div>
   <div class='ocr_carea' id='block_1_2' title="bbox 1547 329 2322 394">
    <p class='ocr_par' dir='ltr' id='par_1_2' title="bbox 1547 329 2322 394">
     <span class='ocr_line' id='line_1_2' title="bbox 1547 329 2322 394; baseline 0.003 -5"><span class='ocrx_word' id='word_1_2' title='bbox 1547 330 1950 393; x_wconf 76' lang='lat' dir='ltr'><strong>ANNALIUM</strong></span> <span class='ocrx_word' id='word_1_3' title='bbox 1977 329 2122 392; x_wconf 81' lang='lat' dir='ltr'><strong>LIB.</strong></span> <span class='ocrx_word' id='word_1_4' title='bbox 2165 331 2322 394; x_wconf 72' lang='lat' dir='ltr'><strong>VIII.</strong></span> 
     </span>
    </p>
   </div>
   <div class='ocr_carea' id='block_1_3' title="bbox 3483 336 3588 400">
    <p class='ocr_par' dir='ltr' id='par_1_3' title="bbox 3483 336 3588 400">
     <span class='ocr_line' id='line_1_3' title="bbox 3483 336 3588 400; baseline 0 -1"><span class='ocrx_word' id='word_1_5' title='bbox 3483 336 3588 400; x_wconf 77' lang='lat'><strong>686</strong></span> 
     </span>
    </p>
   </div>
   <div class='ocr_carea' id='block_1_4' title="bbox 334 437 1887 520">
    <p class='ocr_par' dir='ltr' id='par_1_4' title="bbox 334 437 1887 512">
     <span class='ocr_line' id='line_1_4' title="bbox 334 437 1887 512; baseline -0.001 -18"><span class='ocrx_word' id='word_1_6' title='bbox 334 439 533 511; x_wconf 62' lang='grc' dir='ltr'>ἐδῄωσε</span> <span class='ocrx_word' id='word_1_7' title='bbox 561 454 573 467; x_wconf 91' lang='grc'><strong>·</strong></span> <span class='ocrx_word' id='word_1_8' title='bbox 606 438 700 492; x_wconf 70' lang='grc' dir='ltr'>καὶ</span> <span class='ocrx_word' id='word_1_9' title='bbox 727 437 1008 508; x_wconf 83' lang='grc' dir='ltr'>συμμίξας</span> <span class='ocrx_word' id='word_1_10' title='bbox 1048 437 1254 502; x_wconf 79' lang='grc' dir='ltr'>αὐτοῖς.</span> <span class='ocrx_word' id='word_1_11' title='bbox 1288 437 1600 511; x_wconf 66' lang='grc' dir='ltr'>ἔσφάληκεν</span> <span class='ocrx_word' id='word_1_12' title='bbox 1626 439 1703 512; x_wconf 83' lang='grc' dir='ltr'>τῷ</span> <span class='ocrx_word' id='word_1_13' title='bbox 1741 439 1887 494; x_wconf 83' lang='grc' dir='ltr'>ὀπλι·</span> 
     </span>
    </p>
   </div>
   <div class='ocr_carea' id='block_1_5' title="bbox 1989 437 3594 520">
    <p class='ocr_par' dir='ltr' id='par_1_5' title="bbox 2011 439 3594 520">
     <span class='ocr_line' id='line_1_5' title="bbox 2011 439 3594 520; baseline 0.009 -28"><span class='ocrx_word' id='word_1_14' title='bbox 2011 439 2105 510; x_wconf 92' lang='lat' dir='ltr'><strong>qui</strong></span> <span class='ocrx_word' id='word_1_15' title='bbox 2147 455 2274 494; x_wconf 91' lang='lat' dir='ltr'><strong>cum</strong></span> <span class='ocrx_word' id='word_1_16' title='bbox 2305 439 2388 496; x_wconf 89' lang='lat' dir='ltr'><strong>eis</strong></span> <span class='ocrx_word' id='word_1_17' title='bbox 2420 455 2750 514; x_wconf 87' lang='lat' dir='ltr'><strong>congressus</strong></span> <span class='ocrx_word' id='word_1_18' title='bbox 2798 441 3044 513; x_wconf 74' lang='lat' dir='ltr'><strong>peditatu</strong></span> <span class='ocrx_word' id='word_1_19' title='bbox 3077 443 3388 513; x_wconf 58' lang='lat' dir='ltr'><strong>succubuit,</strong></span> <span class='ocrx_word' id='word_1_20' title='bbox 3438 453 3594 520; x_wconf 83' lang='lat' dir='ltr'><strong>equi-</strong></span> 
     </span>
    </p>
   </div>
   <div class='ocr_carea' id='block_1_6' title="bbox 331 530 1907 602">
    <p class='ocr_par' dir='ltr' id='par_1_6' title="bbox 331 530 1907 602">
     <span class='ocr_line' id='line_1_6' title="bbox 331 530 1907 602; baseline -0.001 -16"><span class='ocrx_word' id='word_1_21' title='bbox 331 532 483 602; x_wconf 74' lang='grc' dir='ltr'>τικῷ,</span> <span class='ocrx_word' id='word_1_22' title='bbox 512 533 626 594; x_wconf 83' lang='grc' dir='ltr'>τοῖς</span> <span class='ocrx_word' id='word_1_23' title='bbox 658 530 704 586; x_wconf 81' lang='grc' dir='ltr'>δ’</span> <span class='ocrx_word' id='word_1_24' title='bbox 743 530 1006 585; x_wconf 72' lang='grc' dir='ltr'><strong>ἱππεῦσιν</strong></span> <span class='ocrx_word' id='word_1_25' title='bbox 1037 530 1332 602; x_wconf 76' lang='grc' dir='ltr'>ἐκράτησε,</span> <span class='ocrx_word' id='word_1_26' title='bbox 1385 532 1482 587; x_wconf 81' lang='grc' dir='ltr'>καὶ</span> <span class='ocrx_word' id='word_1_27' title='bbox 1512 531 1669 595; x_wconf 77' lang='grc' dir='ltr'>αὖθις</span> <span class='ocrx_word' id='word_1_28' title='bbox 1722 533 1907 593; x_wconf 82' lang='grc' dir='ltr'>αὐτοῖς</span> 
     </span>
    </p>
   </div>
   <div class='ocr_carea' id='block_1_7' title="bbox 335 623 1906 695">
    <p class='ocr_par' dir='ltr' id='par_1_7' title="bbox 335 623 1906 695">
     <span class='ocr_line' id='line_1_7' title="bbox 335 623 1906 695; baseline 0.001 -19"><span class='ocrx_word' id='word_1_29' title='bbox 335 623 714 695; x_wconf 82' lang='grc' dir='ltr'>μαχεσάμενος</span> <span class='ocrx_word' id='word_1_30' title='bbox 752 623 996 694; x_wconf 77' lang='grc' dir='ltr'>ὲνίκηαεο</span> <span class='ocrx_word' id='word_1_31' title='bbox 1038 625 1132 678; x_wconf 74' lang='grc' dir='ltr'>καὶ</span> <span class='ocrx_word' id='word_1_32' title='bbox 1186 625 1256 678; x_wconf 80' lang='grc' dir='ltr'><strong>τά</strong></span> <span class='ocrx_word' id='word_1_33' title='bbox 1284 644 1343 678; x_wconf 89' lang='grc' dir='ltr'><strong>τε</strong></span> <span class='ocrx_word' id='word_1_34' title='bbox 1404 625 1544 681; x_wconf 80' lang='grc' dir='ltr'>ὅπλα</span> <span class='ocrx_word' id='word_1_35' title='bbox 1575 626 1778 690; x_wconf 77' lang='grc' dir='ltr'>αὐτῶν,</span> <span class='ocrx_word' id='word_1_36' title='bbox 1811 624 1906 678; x_wconf 78' lang='grc' dir='ltr'>καὶ</span> 
     </span>
    </p>
   </div>
   <div class='ocr_carea' id='block_1_8' title="bbox 322 715 1906 788">
    <p class='ocr_par' dir='ltr' id='par_1_8' title="bbox 322 715 1906 788">
     <span class='ocr_line' id='line_1_8' title="bbox 322 715 1906 788; baseline 0.001 -20"><span class='ocrx_word' id='word_1_37' title='bbox 322 718 427 788; x_wconf 62' lang='lat' dir='ltr'><strong>stipi</strong></span> <span class='ocrx_word' id='word_1_38' title='bbox 454 718 620 769; x_wconf 81' lang='grc' dir='ltr'>ἵππον</span> <span class='ocrx_word' id='word_1_39' title='bbox 651 715 746 769; x_wconf 75' lang='grc' dir='ltr'>καὶ</span> <span class='ocrx_word' id='word_1_40' title='bbox 799 715 870 768; x_wconf 88' lang='grc' dir='ltr'>τὰ</span> <span class='ocrx_word' id='word_1_41' title='bbox 919 715 1130 770; x_wconf 73' lang='grc' dir='ltr'>ἔπιπλα</span> <span class='ocrx_word' id='word_1_42' title='bbox 1187 717 1374 772; x_wconf 76' lang='grc' dir='ltr'>καὶτὸ</span> <span class='ocrx_word' id='word_1_43' title='bbox 1422 717 1676 773; x_wconf 78' lang='grc' dir='ltr'><strong>δουλεῦον</strong></span> <span class='ocrx_word' id='word_1_44' title='bbox 1724 717 1906 772; x_wconf 76' lang='grc' dir='ltr'>καὶτὸ</span> 
     </span>
    </p>
   </div>
   <div class='ocr_carea' id='block_1_9' title="bbox 327 807 1906 882">
    <p class='ocr_par' dir='ltr' id='par_1_9' title="bbox 327 807 1906 882">
     <span class='ocr_line' id='line_1_9' title="bbox 327 807 1906 882; baseline 0.001 -21"><span class='ocrx_word' id='word_1_45' title='bbox 327 809 495 877; x_wconf 79' lang='grc' dir='ltr'>ἣμισυ</span> <span class='ocrx_word' id='word_1_46' title='bbox 529 807 628 876; x_wconf 82' lang='grc' dir='ltr'>τῆς</span> <span class='ocrx_word' id='word_1_47' title='bbox 673 807 859 880; x_wconf 70' lang='grc' dir='ltr'>χώρας</span> <span class='ocrx_word' id='word_1_48' title='bbox 894 809 1166 877; x_wconf 78' lang='grc' dir='ltr'>ἀφείλετο.</span> <span class='ocrx_word' id='word_1_49' title='bbox 1200 810 1468 881; x_wconf 77' lang='grc' dir='ltr'>’Υττερον</span> <span class='ocrx_word' id='word_1_50' title='bbox 1492 810 1550 864; x_wconf 80' lang='grc' dir='ltr'>δὲ</span> <span class='ocrx_word' id='word_1_51' title='bbox 1578 812 1610 882; x_wconf 84' lang='grc' dir='ltr'><strong>ή</strong></span> <span class='ocrx_word' id='word_1_52' title='bbox 1657 810 1758 879; x_wconf 78' lang='grc' dir='ltr'>μὲν</span> <span class='ocrx_word' id='word_1_53' title='bbox 1803 810 1906 879; x_wconf 87' lang='grc' dir='ltr'>άρ-</span> 
     </span>
    </p>
   </div>
   <div class='ocr_carea' id='block_1_10' title="bbox 327 899 1901 974">
    <p class='ocr_par' dir='ltr' id='par_1_10' title="bbox 327 899 1901 974">
     <span class='ocr_line' id='line_1_10' title="bbox 327 899 1901 974; baseline 0.003 -22"><span class='ocrx_word' id='word_1_54' title='bbox 327 901 456 968; x_wconf 82' lang='grc' dir='ltr'>χαία</span> <span class='ocrx_word' id='word_1_55' title='bbox 486 899 664 968; x_wconf 80' lang='grc' dir='ltr'>πόλις,</span> <span class='ocrx_word' id='word_1_56' title='bbox 702 903 782 964; x_wconf 85' lang='grc' dir='ltr'><strong>είς</strong></span> <span class='ocrx_word' id='word_1_57' title='bbox 815 901 940 972; x_wconf 78' lang='grc' dir='ltr'>ὅρος</span> <span class='ocrx_word' id='word_1_58' title='bbox 969 903 1208 973; x_wconf 75' lang='grc' dir='ltr'>ἐρυμνὸν</span> <span class='ocrx_word' id='word_1_59' title='bbox 1241 903 1525 974; x_wconf 79' lang='grc' dir='ltr'>ἱδρυμένη,</span> <span class='ocrx_word' id='word_1_60' title='bbox 1556 903 1901 972; x_wconf 75' lang='grc' dir='ltr'>κατεσκάφηο</span> 
     </span>
    </p>
   </div>
   <div class='ocr_carea' id='block_1_11' title="bbox 322 991 1902 1066">
    <p class='ocr_par' dir='ltr' id='par_1_11' title="bbox 322 991 1902 1066">
     <span class='ocr_line' id='line_1_11' title="bbox 322 991 1902 1066; baseline 0.002 -21"><span class='ocrx_word' id='word_1_61' title='bbox 322 993 483 1062; x_wconf 75' lang='grc' dir='ltr'>ἑτέρα</span> <span class='ocrx_word' id='word_1_62' title='bbox 513 991 559 1046; x_wconf 89' lang='grc' dir='ltr'>δ’</span> <span class='ocrx_word' id='word_1_63' title='bbox 587 993 914 1065; x_wconf 75' lang='grc' dir='ltr'><strong>ᾠκοδομήθη</strong></span> <span class='ocrx_word' id='word_1_64' title='bbox 937 994 1214 1066; x_wconf 77' lang='grc' dir='ltr'>εὐέφοδος.</span> <span class='ocrx_word' id='word_1_65' title='bbox 1240 997 1396 1050; x_wconf 69' lang='grc' dir='ltr'>Μετὰ</span> <span class='ocrx_word' id='word_1_66' title='bbox 1424 997 1481 1050; x_wconf 77' lang='grc' dir='ltr'>δὲ</span> <span class='ocrx_word' id='word_1_67' title='bbox 1515 997 1676 1050; x_wconf 82' lang='grc' dir='ltr'>τοῦτο</span> <span class='ocrx_word' id='word_1_68' title='bbox 1713 997 1902 1050; x_wconf 78' lang='grc' dir='ltr'>ἐπολέ-</span> 
     </span>
    </p>
   </div>
   <div class='ocr_carea' id='block_1_12' title="bbox 325 1082 1902 1160">
    <p class='ocr_par' dir='ltr' id='par_1_12' title="bbox 325 1082 1902 1160">
     <span class='ocr_line' id='line_1_12' title="bbox 325 1082 1902 1160; baseline 0.003 -23"><span class='ocrx_word' id='word_1_69' title='bbox 325 1101 509 1154; x_wconf 76' lang='grc' dir='ltr'>μησαν</span> <span class='ocrx_word' id='word_1_70' title='bbox 541 1082 703 1150; x_wconf 80' lang='grc' dir='ltr'>αὖθις</span> <span class='ocrx_word' id='word_1_71' title='bbox 763 1087 1038 1158; x_wconf 78' lang='grc' dir='ltr'><strong>πολέμους</strong></span> <span class='ocrx_word' id='word_1_72' title='bbox 1093 1089 1230 1159; x_wconf 73' lang='grc' dir='ltr'>πρὸς</span> <span class='ocrx_word' id='word_1_73' title='bbox 1285 1089 1560 1155; x_wconf 77' lang='grc' dir='ltr'>Βοουϊους,</span> <span class='ocrx_word' id='word_1_74' title='bbox 1622 1091 1715 1144; x_wconf 77' lang='grc' dir='ltr'>καὶ</span> <span class='ocrx_word' id='word_1_75' title='bbox 1765 1091 1902 1160; x_wconf 82' lang='grc' dir='ltr'>πρὸς</span> 
     </span>
    </p>
   </div>
   <div class='ocr_carea' id='block_1_13' title="bbox 322 1175 1902 1254">
    <p class='ocr_par' dir='ltr' id='par_1_13' title="bbox 322 1175 1902 1254">
     <span class='ocr_line' id='line_1_13' title="bbox 322 1175 1902 1254; baseline 0.005 -26"><span class='ocrx_word' id='word_1_76' title='bbox 322 1175 576 1240; x_wconf 77' lang='grc' dir='ltr'>Γαλάτας</span> <span class='ocrx_word' id='word_1_77' title='bbox 605 1177 841 1243; x_wconf 76' lang='grc' dir='ltr'>ἐκείνοις</span> <span class='ocrx_word' id='word_1_78' title='bbox 890 1178 1333 1253; x_wconf 76' lang='grc' dir='ltr'><strong>πλησιοχώρους,</strong></span> <span class='ocrx_word' id='word_1_79' title='bbox 1385 1183 1481 1237; x_wconf 81' lang='grc' dir='ltr'>καὶ</span> <span class='ocrx_word' id='word_1_80' title='bbox 1515 1183 1652 1254; x_wconf 67' lang='grc' dir='ltr'>πρὸς</span> <span class='ocrx_word' id='word_1_81' title='bbox 1683 1183 1902 1251; x_wconf 83' lang='grc' dir='ltr'><strong>Λιγύων</strong></span> 
     </span>
    </p>
   </div>
   <div class='ocr_carea' id='block_1_14' title="bbox 322 1269 1901 1346">
    <p class='ocr_par' dir='ltr' id='par_1_14' title="bbox 322 1269 1901 1346">
     <span class='ocr_line' id='line_1_14' title="bbox 322 1269 1901 1346; baseline 0.003 -24"><span class='ocrx_word' id='word_1_82' title='bbox 322 1270 494 1325; x_wconf 76' lang='grc' dir='ltr'>τινάς.</span> <span class='ocrx_word' id='word_1_83' title='bbox 551 1272 690 1334; x_wconf 77' lang='grc' dir='ltr'>Τοὺς</span> <span class='ocrx_word' id='word_1_84' title='bbox 742 1271 842 1342; x_wconf 76' lang='grc' dir='ltr'>μὲν</span> <span class='ocrx_word' id='word_1_85' title='bbox 873 1269 970 1326; x_wconf 86' lang='grc' dir='ltr'>οὖν</span> <span class='ocrx_word' id='word_1_86' title='bbox 1001 1274 1210 1343; x_wconf 86' lang='grc' dir='ltr'>Λίγυας</span> <span class='ocrx_word' id='word_1_87' title='bbox 1264 1274 1620 1346; x_wconf 76' lang='grc' dir='ltr'><strong>Σεμπρώνιος</strong></span> <span class='ocrx_word' id='word_1_88' title='bbox 1653 1275 1901 1346; x_wconf 80' lang='grc' dir='ltr'><strong>Γράκχος</strong></span> 
     </span>
    </p>
   </div>
   <div class='ocr_carea' id='block_1_15' title="bbox 327 1362 1900 1434">
    <p class='ocr_par' dir='ltr' id='par_1_15' title="bbox 327 1362 1900 1434">
     <span class='ocr_line' id='line_1_15' title="bbox 327 1362 1900 1434; baseline 0.005 -20"><span class='ocrx_word' id='word_1_89' title='bbox 327 1362 476 1432; x_wconf 81' lang='grc' dir='ltr'>μάχῃ</span> <span class='ocrx_word' id='word_1_90' title='bbox 507 1363 738 1434; x_wconf 80' lang='grc' dir='ltr'><strong>νικήσας</strong></span> <span class='ocrx_word' id='word_1_91' title='bbox 773 1365 996 1420; x_wconf 73' lang='grc' dir='ltr'>ἐκάκου.</span> <span class='ocrx_word' id='word_1_92' title='bbox 1029 1367 1138 1423; x_wconf 80' lang='grc' dir='ltr'><strong>Καὶ</strong></span> <span class='ocrx_word' id='word_1_93' title='bbox 1167 1368 1280 1431; x_wconf 78' lang='grc' dir='ltr'>τοῖς</span> <span class='ocrx_word' id='word_1_94' title='bbox 1317 1367 1590 1431; x_wconf 78' lang='grc' dir='ltr'>Γαλάταις</span> <span class='ocrx_word' id='word_1_95' title='bbox 1629 1369 1900 1433; x_wconf 75' lang='grc' dir='ltr'>Πούπλιος</span> 
     </span>
    </p>
   </div>
   <div class='ocr_carea' id='block_1_16' title="bbox 325 1450 1900 1532">
    <p class='ocr_par' dir='ltr' id='par_1_16' title="bbox 325 1450 1900 1532">
     <span class='ocr_line' id='line_1_16' title="bbox 325 1450 1900 1532; baseline 0.009 -30"><span class='ocrx_word' id='word_1_96' title='bbox 325 1450 621 1523; x_wconf 80' lang='grc' dir='ltr'>Οὐαλέριος</span> <span class='ocrx_word' id='word_1_97' title='bbox 665 1455 983 1522; x_wconf 79' lang='grc' dir='ltr'>συμόαλὼν,</span> <span class='ocrx_word' id='word_1_98' title='bbox 1013 1456 1074 1510; x_wconf 68' lang='grc' dir='ltr'>τὸ</span> <span class='ocrx_word' id='word_1_99' title='bbox 1107 1456 1206 1528; x_wconf 77' lang='grc' dir='ltr'>μὲν</span> <span class='ocrx_word' id='word_1_100' title='bbox 1237 1458 1455 1531; x_wconf 84' lang='grc' dir='ltr'>πρῶτον</span> <span class='ocrx_word' id='word_1_101' title='bbox 1494 1460 1703 1532; x_wconf 83' lang='grc' dir='ltr'>ήττήθη</span> <span class='ocrx_word' id='word_1_102' title='bbox 1728 1472 1746 1490; x_wconf 87' lang='grc'>⁶</span> <span class='ocrx_word' id='word_1_103' title='bbox 1779 1457 1900 1515; x_wconf 84' lang='grc' dir='ltr'>εἷτα</span> 
     </span>
    </p>
   </div>
   <div class='ocr_carea' id='block_1_17' title="bbox 322 1543 1901 1624">
    <p class='ocr_par' dir='ltr' id='par_1_17' title="bbox 322 1543 1901 1624">
     <span class='ocr_line' id='line_1_17' title="bbox 322 1543 1901 1624; baseline 0.008 -29"><span class='ocrx_word' id='word_1_104' title='bbox 322 1543 630 1613; x_wconf 79' lang='grc' dir='ltr'>πυθόμενος</span> <span class='ocrx_word' id='word_1_105' title='bbox 653 1546 734 1608; x_wconf 86' lang='grc' dir='ltr'><strong>είς</strong></span> <span class='ocrx_word' id='word_1_106' title='bbox 764 1547 1088 1620; x_wconf 74' lang='grc' dir='ltr'>ἐπικουρίαν</span> <span class='ocrx_word' id='word_1_107' title='bbox 1123 1551 1287 1604; x_wconf 85' lang='grc' dir='ltr'>αὐτοῦ</span> <span class='ocrx_word' id='word_1_108' title='bbox 1321 1569 1475 1618; x_wconf 88' lang='grc' dir='ltr'>τινας</span> <span class='ocrx_word' id='word_1_109' title='bbox 1504 1554 1569 1608; x_wconf 79' lang='grc' dir='ltr'>ὲκ</span> <span class='ocrx_word' id='word_1_110' title='bbox 1607 1554 1709 1624; x_wconf 84' lang='grc' dir='ltr'>τῆς</span> <span class='ocrx_word' id='word_1_111' title='bbox 1767 1555 1901 1610; x_wconf 81' lang='grc' dir='ltr'><strong>Ῥώ-</strong></span> 
     </span>
    </p>
   </div>
   <div class='ocr_carea' id='block_1_18' title="bbox 316 1636 1894 1717">
    <p class='ocr_par' dir='ltr' id='par_1_18' title="bbox 316 1636 1894 1717">
     <span class='ocr_line' id='line_1_18' title="bbox 316 1636 1894 1717; baseline 0.009 -32"><span class='ocrx_word' id='word_1_112' title='bbox 316 1652 429 1706; x_wconf 84' lang='grc' dir='ltr'><strong>μης</strong></span> <span class='ocrx_word' id='word_1_113' title='bbox 460 1636 640 1705; x_wconf 73' lang='grc' dir='ltr'>ἥκειν,</span> <span class='ocrx_word' id='word_1_114' title='bbox 677 1637 842 1706; x_wconf 73' lang='grc' dir='ltr'>ὁμόσε</span> <span class='ocrx_word' id='word_1_115' title='bbox 901 1636 1056 1704; x_wconf 83' lang='grc' dir='ltr'>αὖθις</span> <span class='ocrx_word' id='word_1_116' title='bbox 1090 1644 1200 1706; x_wconf 78' lang='grc' dir='ltr'>τοῖς</span> <span class='ocrx_word' id='word_1_117' title='bbox 1253 1644 1524 1708; x_wconf 78' lang='grc' dir='ltr'>Γαλάταις</span> <span class='ocrx_word' id='word_1_118' title='bbox 1579 1645 1894 1717; x_wconf 57' lang='grc' dir='ltr'>ἐχώρησεν</span> 
     </span>
    </p>
   </div>
   <div class='ocr_carea' id='block_1_19' title="bbox 319 1730 1966 1849">
    <p class='ocr_par' dir='ltr' id='par_1_19' title="bbox 319 1730 1966 1849">
     <span class='ocr_line' id='line_1_19' title="bbox 319 1730 1966 1849; baseline 0.009 -67"><span class='ocrx_word' id='word_1_119' title='bbox 319 1730 386 1784; x_wconf 80' lang='grc' dir='ltr'><strong>ἵν’</strong></span> <span class='ocrx_word' id='word_1_120' title='bbox 421 1731 454 1802; x_wconf 82' lang='grc' dir='ltr'><strong>ἢ</strong></span> <span class='ocrx_word' id='word_1_121' title='bbox 488 1732 610 1786; x_wconf 85' lang='grc' dir='ltr'>καθ’</span> <span class='ocrx_word' id='word_1_122' title='bbox 661 1734 854 1791; x_wconf 75' lang='grc' dir='ltr'>ἑαυτὸν</span> <span class='ocrx_word' id='word_1_123' title='bbox 903 1738 1140 1809; x_wconf 86' lang='grc' dir='ltr'>νικήσοι,</span> <span class='ocrx_word' id='word_1_124' title='bbox 1174 1738 1206 1810; x_wconf 75' lang='grc' dir='ltr'>ἢ</span> <span class='ocrx_word' id='word_1_125' title='bbox 1241 1739 1524 1796; x_wconf 78' lang='grc' dir='ltr'>ἀποθάνοι.</span> <span class='ocrx_word' id='word_1_126' title='bbox 1567 1740 1739 1795; x_wconf 73' lang='grc' dir='ltr'>Τοῦτο</span> <span class='ocrx_word' id='word_1_127' title='bbox 1787 1743 1895 1827; x_wconf 59' lang='grc' dir='ltr'>γᾴρ</span> <span class='ocrx_word' id='word_1_128' title='bbox 1929 1792 1966 1849; x_wconf 65' lang='grc' dir='ltr'><strong>η</strong></span> 
     </span>
     <span class='ocr_line' id='line_1_20' title="bbox 321 1827 1753 1849; baseline 0 0"><span class='ocrx_word' id='word_1_129' title='bbox 584 1829 610 1849; x_wconf 72' lang='grc' dir='ltr'><strong>,ι</strong></span> <span class='ocrx_word' id='word_1_130' title='bbox 652 1828 753 1849; x_wconf 42' lang='grc' dir='ltr'>μη</span> <span class='ocrx_word' id='word_1_131' title='bbox 829 1832 842 1849; x_wconf 86' lang='grc'><em>.</em></span> <span class='ocrx_word' id='word_1_132' title='bbox 933 1833 946 1848; x_wconf 92' lang='grc'><strong><em>.</em></strong></span> <span class='ocrx_word' id='word_1_133' title='bbox 1081 1834 1103 1849; x_wconf 91' lang='grc'>.</span> <span class='ocrx_word' id='word_1_134' title='bbox 1151 1835 1167 1849; x_wconf 83' lang='lat'><strong>.</strong></span> <span class='ocrx_word' id='word_1_135' title='bbox 1457 1836 1488 1849; x_wconf 80' lang='lat'><strong>..</strong></span> <span class='ocrx_word' id='word_1_136' title='bbox 1740 1837 1753 1849; x_wconf 95' lang='lat'><strong>.</strong></span> 
     </span>
    </p>
   </div>
   <div class='ocr_carea' id='block_1_20' title="bbox 315 1827 1893 1908">
    <p class='ocr_par' dir='ltr' id='par_1_20' title="bbox 315 1827 1893 1908">
     <span class='ocr_line' id='line_1_21' title="bbox 315 1827 1893 1908; baseline 0.009 -31"><span class='ocrx_word' id='word_1_137' title='bbox 315 1827 527 1896; x_wconf 81' lang='grc' dir='ltr'>μᾶλλον</span> <span class='ocrx_word' id='word_1_138' title='bbox 582 1829 615 1901; x_wconf 77' lang='grc' dir='ltr'>ἢ</span> <span class='ocrx_word' id='word_1_139' title='bbox 646 1828 755 1893; x_wconf 74' lang='grc' dir='ltr'><strong>ζῶν</strong></span> <span class='ocrx_word' id='word_1_140' title='bbox 785 1832 1052 1904; x_wconf 87' lang='grc' dir='ltr'>αίσχύνην</span> <span class='ocrx_word' id='word_1_141' title='bbox 1078 1834 1264 1905; x_wconf 79' lang='grc' dir='ltr'>δφλειν</span> <span class='ocrx_word' id='word_1_142' title='bbox 1310 1836 1595 1908; x_wconf 85' lang='grc' dir='ltr'>προείλετο</span> <span class='ocrx_word' id='word_1_143' title='bbox 1615 1853 1629 1869; x_wconf 83' lang='lat'><strong><em>°</em></strong></span> <span class='ocrx_word' id='word_1_144' title='bbox 1660 1837 1753 1892; x_wconf 83' lang='grc' dir='ltr'><strong>καί</strong></span> <span class='ocrx_word' id='word_1_145' title='bbox 1777 1856 1893 1902; x_wconf 78' lang='grc' dir='ltr'><strong>πως</strong></span> 
     </span>
    </p>
   </div>
   <div class='ocr_carea' id='block_1_21' title="bbox 317 1921 1894 1999">
    <p class='ocr_par' dir='ltr' id='par_1_21' title="bbox 317 1921 1894 1999">
     <span class='ocr_line' id='line_1_22' title="bbox 317 1921 1894 1999; baseline 0.006 -26"><span class='ocrx_word' id='word_1_146' title='bbox 317 1921 461 1975; x_wconf 85' lang='grc' dir='ltr'>κατὰ</span> <span class='ocrx_word' id='word_1_147' title='bbox 483 1921 653 1994; x_wconf 84' lang='grc' dir='ltr'>τύχην</span> <span class='ocrx_word' id='word_1_148' title='bbox 679 1925 972 1997; x_wconf 84' lang='grc' dir='ltr'>ἐκράτησε.</span> <span class='ocrx_word' id='word_1_149' title='bbox 1005 1927 1137 1982; x_wconf 75' lang='grc' dir='ltr'>Τότε</span> <span class='ocrx_word' id='word_1_150' title='bbox 1164 1927 1263 1999; x_wconf 78' lang='grc' dir='ltr'>μὲν</span> <span class='ocrx_word' id='word_1_151' title='bbox 1288 1927 1380 1982; x_wconf 81' lang='grc' dir='ltr'>οὖν</span> <span class='ocrx_word' id='word_1_152' title='bbox 1402 1927 1556 1982; x_wconf 78' lang='grc' dir='ltr'>ταῦθ’</span> <span class='ocrx_word' id='word_1_153' title='bbox 1581 1928 1756 1994; x_wconf 78' lang='grc' dir='ltr'>οὕτως</span> <span class='ocrx_word' id='word_1_154' title='bbox 1782 1932 1894 1992; x_wconf 64' lang='grc' dir='ltr'>τοῖς</span> 
     </span>
    </p>
   </div>
   <div class='ocr_carea' id='block_1_22' title="bbox 324 2014 1893 2095">
    <p class='ocr_par' dir='ltr' id='par_1_22' title="bbox 324 2014 1893 2095">
     <span class='ocr_line' id='line_1_23' title="bbox 324 2014 1893 2095; baseline 0.006 -29"><span class='ocrx_word' id='word_1_155' title='bbox 324 2014 624 2084; x_wconf 83' lang='grc' dir='ltr'>Ῥωμαίοις</span> <span class='ocrx_word' id='word_1_156' title='bbox 679 2020 1041 2090; x_wconf 82' lang='grc' dir='ltr'>συνήντησαν,</span> <span class='ocrx_word' id='word_1_157' title='bbox 1077 2022 1170 2074; x_wconf 69' lang='grc' dir='ltr'>καὶ</span> <span class='ocrx_word' id='word_1_158' title='bbox 1225 2021 1414 2094; x_wconf 73' lang='grc' dir='ltr'>Σαρδῶ</span> <span class='ocrx_word' id='word_1_159' title='bbox 1461 2022 1576 2095; x_wconf 72' lang='grc' dir='ltr'>(ει)</span> <span class='ocrx_word' id='word_1_160' title='bbox 1605 2023 1754 2093; x_wconf 79' lang='grc' dir='ltr'>παρὰ</span> <span class='ocrx_word' id='word_1_161' title='bbox 1784 2022 1893 2076; x_wconf 71' lang='grc' dir='ltr'>τῶν</span> 
     </span>
    </p>
   </div>
   <div class='ocr_carea' id='block_1_23' title="bbox 311 2104 1891 2181">
    <p class='ocr_par' dir='ltr' id='par_1_23' title="bbox 311 2104 1891 2181">
     <span class='ocr_line' id='line_1_24' title="bbox 311 2104 1891 2181; baseline 0.004 -23"><span class='ocrx_word' id='word_1_162' title='bbox 311 2104 710 2178; x_wconf 78' lang='grc' dir='ltr'>Καρχηδονίων</span> <span class='ocrx_word' id='word_1_163' title='bbox 750 2109 999 2180; x_wconf 70' lang='grc' dir='ltr'>ςὰμαχεὶ,</span> <span class='ocrx_word' id='word_1_164' title='bbox 1065 2111 1330 2181; x_wconf 78' lang='grc' dir='ltr'>χρήματά</span> <span class='ocrx_word' id='word_1_165' title='bbox 1379 2129 1440 2165; x_wconf 87' lang='grc' dir='ltr'><strong>τε</strong></span> <span class='ocrx_word' id='word_1_166' title='bbox 1493 2108 1647 2176; x_wconf 81' lang='grc' dir='ltr'>αὖθις</span> <span class='ocrx_word' id='word_1_167' title='bbox 1676 2112 1891 2178; x_wconf 78' lang='grc' dir='ltr'>ἔλαϐον,</span> 
     </span>
    </p>
   </div>
   <div class='ocr_carea' id='block_1_24' title="bbox 309 2199 1890 2274">
    <p class='ocr_par' dir='ltr' id='par_1_24' title="bbox 309 2199 1890 2274">
     <span class='ocr_line' id='line_1_25' title="bbox 309 2199 1890 2274; baseline 0.006 -23"><span class='ocrx_word' id='word_1_168' title='bbox 309 2199 717 2264; x_wconf 69' lang='grc' dir='ltr'>ἐγκαλέσαντες</span> <span class='ocrx_word' id='word_1_169' title='bbox 743 2203 928 2267; x_wconf 82' lang='grc' dir='ltr'>αὐτοῖς</span> <span class='ocrx_word' id='word_1_170' title='bbox 959 2202 1222 2274; x_wconf 81' lang='grc' dir='ltr'>βλάπτειν</span> <span class='ocrx_word' id='word_1_171' title='bbox 1256 2204 1408 2274; x_wconf 82' lang='grc' dir='ltr'>σφῶν</span> <span class='ocrx_word' id='word_1_172' title='bbox 1450 2206 1576 2269; x_wconf 78' lang='grc' dir='ltr'>τοὺς</span> <span class='ocrx_word' id='word_1_173' title='bbox 1605 2205 1890 2270; x_wconf 75' lang='grc' dir='ltr'>πλέοντας·</span> 
     </span>
    </p>
   </div>
   <div class='ocr_carea' id='block_1_25' title="bbox 307 2288 1894 2370">
    <p class='ocr_par' dir='ltr' id='par_1_25' title="bbox 307 2288 1894 2370">
     <span class='ocr_line' id='line_1_26' title="bbox 307 2288 1894 2370; baseline 0.007 -29"><span class='ocrx_word' id='word_1_174' title='bbox 307 2288 467 2346; x_wconf 73' lang='grc' dir='ltr'>οὔπω</span> <span class='ocrx_word' id='word_1_175' title='bbox 497 2291 608 2364; x_wconf 76' lang='grc' dir='ltr'><strong>γάρ</strong></span> <span class='ocrx_word' id='word_1_176' title='bbox 629 2293 1023 2365; x_wconf 81' lang='grc' dir='ltr'>κρατυνθὲντες</span> <span class='ocrx_word' id='word_1_177' title='bbox 1048 2299 1096 2350; x_wconf 83' lang='lat' dir='ltr'><strong>oi</strong></span> <span class='ocrx_word' id='word_1_178' title='bbox 1129 2298 1510 2370; x_wconf 77' lang='grc' dir='ltr'>Καρχηδόνιοι,</span> <span class='ocrx_word' id='word_1_179' title='bbox 1535 2298 1634 2363; x_wconf 79' lang='grc' dir='ltr'>τὰς</span> <span class='ocrx_word' id='word_1_180' title='bbox 1663 2299 1894 2364; x_wconf 69' lang='grc' dir='ltr'>ἀπειλὰς</span> 
     </span>
    </p>
   </div>
   <div class='ocr_carea' id='block_1_26' title="bbox 306 2383 1892 2460">
    <p class='ocr_par' dir='ltr' id='par_1_26' title="bbox 306 2383 1892 2460">
     <span class='ocr_line' id='line_1_27' title="bbox 306 2383 1892 2460; baseline 0.009 -26"><span class='ocrx_word' id='word_1_181' title='bbox 306 2383 500 2437; x_wconf 81' lang='grc' dir='ltr'>αὐτῶν</span> <span class='ocrx_word' id='word_1_182' title='bbox 531 2384 895 2442; x_wconf 72' lang='grc' dir='ltr'>ἐδεδοίκεσαν.</span> <span class='ocrx_word' id='word_1_183' title='bbox 929 2389 1020 2459; x_wconf 83' lang='grc' dir='ltr'><strong>Τῷ</strong></span> <span class='ocrx_word' id='word_1_184' title='bbox 1071 2389 1117 2443; x_wconf 78' lang='grc' dir='ltr'>δ’</span> <span class='ocrx_word' id='word_1_185' title='bbox 1155 2390 1280 2460; x_wconf 78' lang='grc' dir='ltr'><strong>ἑξῆς</strong></span> <span class='ocrx_word' id='word_1_186' title='bbox 1335 2392 1448 2446; x_wconf 80' lang='grc' dir='ltr'>ἔτει</span> <span class='ocrx_word' id='word_1_187' title='bbox 1488 2393 1724 2457; x_wconf 75' lang='grc' dir='ltr'>Λούκιος</span> <span class='ocrx_word' id='word_1_188' title='bbox 1757 2394 1892 2448; x_wconf 76' lang='grc' dir='ltr'><strong>Λὲνο</strong></span> 
     </span>
    </p>
   </div>
   <div class='ocr_carea' id='block_1_27' title="bbox 307 2474 1890 2557">
    <p class='ocr_par' dir='ltr' id='par_1_27' title="bbox 307 2474 1890 2557">
     <span class='ocr_line' id='line_1_28' title="bbox 307 2474 1890 2557; baseline 0.009 -30"><span class='ocrx_word' id='word_1_189' title='bbox 307 2474 501 2540; x_wconf 87' lang='grc' dir='ltr'>τουλος</span> <span class='ocrx_word' id='word_1_190' title='bbox 527 2479 620 2530; x_wconf 68' lang='grc' dir='ltr'>καὶ</span> <span class='ocrx_word' id='word_1_191' title='bbox 651 2479 880 2543; x_wconf 77' lang='grc' dir='ltr'>Κόϊντος</span> <span class='ocrx_word' id='word_1_192' title='bbox 907 2481 1152 2546; x_wconf 77' lang='grc' dir='ltr'>Φλάκκος</span> <span class='ocrx_word' id='word_1_193' title='bbox 1169 2483 1264 2540; x_wconf 69' lang='grc' dir='ltr'><strong>ἐπὶ</strong></span> <span class='ocrx_word' id='word_1_194' title='bbox 1294 2485 1420 2547; x_wconf 75' lang='grc' dir='ltr'>τοὺς</span> <span class='ocrx_word' id='word_1_195' title='bbox 1449 2485 1694 2551; x_wconf 85' lang='grc' dir='ltr'>Γαλάτας</span> <span class='ocrx_word' id='word_1_196' title='bbox 1724 2503 1890 2557; x_wconf 83' lang='grc' dir='ltr'>στρα-</span> 
     </span>
    </p>
   </div>
   <div class='ocr_carea' id='block_1_28' title="bbox 304 2566 1895 2650">
    <p class='ocr_par' dir='ltr' id='par_1_28' title="bbox 304 2566 1895 2650">
     <span class='ocr_line' id='line_1_29' title="bbox 304 2566 1895 2650; baseline 0.008 -30"><span class='ocrx_word' id='word_1_197' title='bbox 304 2566 628 2634; x_wconf 77' lang='grc' dir='ltr'>τεύσαντες,</span> <span class='ocrx_word' id='word_1_198' title='bbox 659 2571 765 2632; x_wconf 77' lang='grc' dir='ltr'>ἕως</span> <span class='ocrx_word' id='word_1_199' title='bbox 794 2571 894 2642; x_wconf 86' lang='grc' dir='ltr'>μὲν</span> <span class='ocrx_word' id='word_1_200' title='bbox 938 2573 1074 2640; x_wconf 80' lang='grc' dir='ltr'>ὁμοῦ</span> <span class='ocrx_word' id='word_1_201' title='bbox 1097 2573 1302 2646; x_wconf 82' lang='grc' dir='ltr'>διῆγον,</span> <span class='ocrx_word' id='word_1_202' title='bbox 1345 2571 1489 2650; x_wconf 75' lang='grc' dir='ltr'>ἦσαν</span> <span class='ocrx_word' id='word_1_203' title='bbox 1521 2579 1895 2647; x_wconf 79' lang='grc' dir='ltr'>ἀνανταγώνι-</span> 
     </span>
    </p>
   </div>
   <div class='ocr_carea' id='block_1_29' title="bbox 189 2663 1892 2741">
    <p class='ocr_par' dir='ltr' id='par_1_29' title="bbox 189 2663 1892 2741">
     <span class='ocr_line' id='line_1_30' title="bbox 189 2663 1892 2741; baseline 0.008 -27"><span class='ocrx_word' id='word_1_204' title='bbox 189 2683 201 2693; x_wconf 81' lang='grc'><strong>·</strong></span> <span class='ocrx_word' id='word_1_205' title='bbox 306 2679 468 2715; x_wconf 79' lang='grc' dir='ltr'>στοι·</span> <span class='ocrx_word' id='word_1_206' title='bbox 519 2664 643 2718; x_wconf 74' lang='grc' dir='ltr'>ἐπεὶ</span> <span class='ocrx_word' id='word_1_207' title='bbox 665 2663 723 2718; x_wconf 75' lang='grc' dir='ltr'>δὲ</span> <span class='ocrx_word' id='word_1_208' title='bbox 755 2663 878 2736; x_wconf 83' lang='grc' dir='ltr'>διχῆ</span> <span class='ocrx_word' id='word_1_209' title='bbox 915 2666 1138 2738; x_wconf 77' lang='grc' dir='ltr'>πορθεῖν</span> <span class='ocrx_word' id='word_1_210' title='bbox 1167 2686 1292 2725; x_wconf 85' lang='grc' dir='ltr'>τινα</span> <span class='ocrx_word' id='word_1_211' title='bbox 1344 2670 1599 2741; x_wconf 70' lang='grc' dir='ltr'>ἤρξαντο,</span> <span class='ocrx_word' id='word_1_212' title='bbox 1629 2672 1706 2736; x_wconf 84' lang='grc' dir='ltr'>ὡς</span> <span class='ocrx_word' id='word_1_213' title='bbox 1747 2673 1892 2727; x_wconf 74' lang='grc' dir='ltr'>οὕτω</span> 
     </span>
    </p>
   </div>
   <div class='ocr_carea' id='block_1_30' title="bbox 305 2755 1889 2833">
    <p class='ocr_par' dir='ltr' id='par_1_30' title="bbox 305 2755 1889 2833">
     <span class='ocr_line' id='line_1_31' title="bbox 305 2755 1889 2833; baseline 0.006 -25"><span class='ocrx_word' id='word_1_214' title='bbox 305 2755 486 2810; x_wconf 82' lang='grc' dir='ltr'>πλείω</span> <span class='ocrx_word' id='word_1_215' title='bbox 544 2756 696 2811; x_wconf 82' lang='grc' dir='ltr'>λείαν</span> <span class='ocrx_word' id='word_1_216' title='bbox 756 2759 1235 2833; x_wconf 81' lang='grc' dir='ltr'>περισαλούμενοι,</span> <span class='ocrx_word' id='word_1_217' title='bbox 1289 2764 1348 2828; x_wconf 76' lang='grc' dir='ltr'>ἐς</span> <span class='ocrx_word' id='word_1_218' title='bbox 1406 2763 1654 2820; x_wconf 81' lang='grc' dir='ltr'>κίνδυνον</span> <span class='ocrx_word' id='word_1_219' title='bbox 1700 2765 1762 2819; x_wconf 85' lang='grc' dir='ltr'><strong>τδ</strong></span> <span class='ocrx_word' id='word_1_220' title='bbox 1794 2764 1889 2820; x_wconf 62' lang='grc' dir='ltr'>τῦ</span> 
     </span>
    </p>
   </div>
   <div class='ocr_carea' id='block_1_31' title="bbox 300 2849 1887 2925">
    <p class='ocr_par' dir='ltr' id='par_1_31' title="bbox 300 2849 1887 2925">
     <span class='ocr_line' id='line_1_32' title="bbox 300 2849 1887 2925; baseline 0.007 -24"><span class='ocrx_word' id='word_1_221' title='bbox 300 2849 564 2905; x_wconf 77' lang='grc' dir='ltr'>Φλάκκου</span> <span class='ocrx_word' id='word_1_222' title='bbox 610 2850 852 2924; x_wconf 72' lang='grc' dir='ltr'>κατέστη</span> <span class='ocrx_word' id='word_1_223' title='bbox 913 2856 1299 2925; x_wconf 81' lang='grc' dir='ltr'>στρατόπεδον,</span> <span class='ocrx_word' id='word_1_224' title='bbox 1359 2857 1551 2920; x_wconf 77' lang='grc' dir='ltr'>νυκτὸς</span> <span class='ocrx_word' id='word_1_225' title='bbox 1583 2858 1887 2912; x_wconf 78' lang='grc' dir='ltr'><strong>κυκλωθέν.</strong></span> 
     </span>
    </p>
   </div>
   <div class='ocr_carea' id='block_1_32' title="bbox 316 2940 1890 3021">
    <p class='ocr_par' dir='ltr' id='par_1_32' title="bbox 316 2940 1890 3021">
     <span class='ocr_line' id='line_1_33' title="bbox 316 2940 1890 3021; baseline 0.006 -25"><span class='ocrx_word' id='word_1_226' title='bbox 316 2940 490 2997; x_wconf 72' lang='grc' dir='ltr'>Ἀλλὰ</span> <span class='ocrx_word' id='word_1_227' title='bbox 505 2945 630 2997; x_wconf 85' lang='grc' dir='ltr'>τότε</span> <span class='ocrx_word' id='word_1_228' title='bbox 664 2941 764 3014; x_wconf 70' lang='grc' dir='ltr'>μὶν</span> <span class='ocrx_word' id='word_1_229' title='bbox 794 2944 842 2997; x_wconf 83' lang='grc' dir='ltr'>οἱ</span> <span class='ocrx_word' id='word_1_230' title='bbox 883 2944 1148 3018; x_wconf 78' lang='grc' dir='ltr'>βάρϐαροι</span> <span class='ocrx_word' id='word_1_231' title='bbox 1185 2949 1552 3020; x_wconf 83' lang='grc' dir='ltr'>ἀνεκόπησαν,</span> <span class='ocrx_word' id='word_1_232' title='bbox 1585 2951 1890 3021; x_wconf 72' lang='grc' dir='ltr'>προσλαϐό-</span> 
     </span>
    </p>
   </div>
   <div class='ocr_carea' id='block_1_33' title="bbox 305 3036 1887 3115">
    <p class='ocr_par' dir='ltr' id='par_1_33' title="bbox 305 3036 1887 3115">
     <span class='ocr_line' id='line_1_34' title="bbox 305 3036 1887 3115; baseline 0.008 -27"><span class='ocrx_word' id='word_1_233' title='bbox 305 3051 468 3106; x_wconf 79' lang='grc' dir='ltr'>μενοι</span> <span class='ocrx_word' id='word_1_234' title='bbox 491 3036 546 3090; x_wconf 67' lang='grc' dir='ltr'>δὲ</span> <span class='ocrx_word' id='word_1_235' title='bbox 567 3038 910 3108; x_wconf 81' lang='grc' dir='ltr'>συμμάχους,</span> <span class='ocrx_word' id='word_1_236' title='bbox 936 3043 1079 3111; x_wconf 81' lang='grc' dir='ltr'>χειρὶ</span> <span class='ocrx_word' id='word_1_237' title='bbox 1104 3041 1270 3115; x_wconf 81' lang='grc' dir='ltr'>πολλῇ</span> <span class='ocrx_word' id='word_1_238' title='bbox 1294 3039 1451 3108; x_wconf 80' lang='grc' dir='ltr'>αὖθις</span> <span class='ocrx_word' id='word_1_239' title='bbox 1467 3044 1562 3098; x_wconf 72' lang='grc' dir='ltr'><strong>ἐπὶ</strong></span> <span class='ocrx_word' id='word_1_240' title='bbox 1591 3046 1718 3108; x_wconf 86' lang='grc' dir='ltr'>τοὺς</span> <span class='ocrx_word' id='word_1_241' title='bbox 1749 3045 1887 3099; x_wconf 85' lang='grc' dir='ltr'><strong>Ῥω-</strong></span> 
     </span>
    </p>
   </div>
   <div class='ocr_carea' id='block_1_34' title="bbox 2011 531 3591 607">
    <p class='ocr_par' dir='ltr' id='par_1_34' title="bbox 2011 531 3591 607">
     <span class='ocr_line' id='line_1_35' title="bbox 2011 531 3591 607; baseline 0.008 -23"><span class='ocrx_word' id='word_1_242' title='bbox 2011 539 2126 585; x_wconf 87' lang='lat' dir='ltr'><strong>tatu</strong></span> <span class='ocrx_word' id='word_1_243' title='bbox 2162 531 2362 591; x_wconf 87' lang='lat' dir='ltr'><strong>victor.</strong></span> <span class='ocrx_word' id='word_1_244' title='bbox 2410 533 2619 589; x_wconf 84' lang='lat' dir='ltr'><strong>Deinde</strong></span> <span class='ocrx_word' id='word_1_245' title='bbox 2649 536 2883 604; x_wconf 88' lang='lat' dir='ltr'><strong>repetita</strong></span> <span class='ocrx_word' id='word_1_246' title='bbox 2929 551 3131 607; x_wconf 89' lang='lat' dir='ltr'><strong>pugna,</strong></span> <span class='ocrx_word' id='word_1_247' title='bbox 3180 553 3278 594; x_wconf 91' lang='lat' dir='ltr'><strong>eos</strong></span> <span class='ocrx_word' id='word_1_248' title='bbox 3322 539 3539 596; x_wconf 89' lang='lat' dir='ltr'><strong>domuit</strong></span> <span class='ocrx_word' id='word_1_249' title='bbox 3575 580 3591 605; x_wconf 90' lang='lat'><strong>,</strong></span> 
     </span>
    </p>
   </div>
   <div class='ocr_carea' id='block_1_35' title="bbox 2008 623 3592 704">
    <p class='ocr_par' dir='ltr' id='par_1_35' title="bbox 2008 623 3592 704">
     <span class='ocr_line' id='line_1_36' title="bbox 2008 623 3592 704; baseline 0.008 -26"><span class='ocrx_word' id='word_1_250' title='bbox 2008 623 2198 689; x_wconf 85' lang='lat' dir='ltr'><strong>armis,</strong></span> <span class='ocrx_word' id='word_1_251' title='bbox 2253 625 2433 694; x_wconf 88' lang='lat' dir='ltr'><strong>equis,</strong></span> <span class='ocrx_word' id='word_1_252' title='bbox 2486 627 2946 698; x_wconf 88' lang='lat' dir='ltr'><strong>supellectilibus,</strong></span> <span class='ocrx_word' id='word_1_253' title='bbox 3016 630 3280 697; x_wconf 84' lang='lat' dir='ltr'><strong>servitiis,</strong></span> <span class='ocrx_word' id='word_1_254' title='bbox 3347 639 3404 688; x_wconf 90' lang='lat' dir='ltr'><strong>et</strong></span> <span class='ocrx_word' id='word_1_255' title='bbox 3470 634 3592 704; x_wconf 78' lang='lat' dir='ltr'><strong>agri</strong></span> 
     </span>
    </p>
   </div>
   <div class='ocr_carea' id='block_1_36' title="bbox 2007 717 3592 793">
    <p class='ocr_par' dir='ltr' id='par_1_36' title="bbox 2007 717 3592 793">
     <span class='ocr_line' id='line_1_37' title="bbox 2007 717 3592 793; baseline 0.007 -22"><span class='ocrx_word' id='word_1_256' title='bbox 2007 717 2234 772; x_wconf 84' lang='lat' dir='ltr'><strong>semisse</strong></span> <span class='ocrx_word' id='word_1_257' title='bbox 2267 718 2549 776; x_wconf 90' lang='lat' dir='ltr'><strong>multatos.</strong></span> <span class='ocrx_word' id='word_1_258' title='bbox 2597 719 2841 776; x_wconf 84' lang='lat' dir='ltr'><strong>Tandem</strong></span> <span class='ocrx_word' id='word_1_259' title='bbox 2870 723 3036 777; x_wconf 88' lang='lat' dir='ltr'><strong>etiam</strong></span> <span class='ocrx_word' id='word_1_260' title='bbox 3067 722 3290 793; x_wconf 88' lang='lat' dir='ltr'><strong>antiqua</strong></span> <span class='ocrx_word' id='word_1_261' title='bbox 3333 722 3488 790; x_wconf 86' lang='lat' dir='ltr'><strong>urbs,</strong></span> <span class='ocrx_word' id='word_1_262' title='bbox 3533 725 3592 782; x_wconf 78' lang='lat' dir='ltr'><strong>in</strong></span> 
     </span>
    </p>
   </div>
   <div class='ocr_carea' id='block_1_37' title="bbox 2005 808 3590 889">
    <p class='ocr_par' dir='ltr' id='par_1_37' title="bbox 2005 808 3590 889">
     <span class='ocr_line' id='line_1_38' title="bbox 2005 808 3590 889; baseline 0.008 -26"><span class='ocrx_word' id='word_1_263' title='bbox 2005 808 2181 866; x_wconf 86' lang='lat' dir='ltr'><strong>arduo</strong></span> <span class='ocrx_word' id='word_1_264' title='bbox 2211 811 2314 867; x_wconf 86' lang='lat' dir='ltr'><strong>sila</strong></span> <span class='ocrx_word' id='word_1_265' title='bbox 2344 820 2550 877; x_wconf 89' lang='lat' dir='ltr'><strong>monte,</strong></span> <span class='ocrx_word' id='word_1_266' title='bbox 2585 829 2776 871; x_wconf 88' lang='lat' dir='ltr'><strong>eversa</strong></span> <span class='ocrx_word' id='word_1_267' title='bbox 2813 835 2826 870; x_wconf 90' lang='lat'><strong>:</strong></span> <span class='ocrx_word' id='word_1_268' title='bbox 2876 817 3093 887; x_wconf 87' lang='lat' dir='ltr'><strong>aliaque</strong></span> <span class='ocrx_word' id='word_1_269' title='bbox 3129 818 3350 873; x_wconf 87' lang='lat' dir='ltr'><strong>condita</strong></span> <span class='ocrx_word' id='word_1_270' title='bbox 3385 819 3440 874; x_wconf 88' lang='lat' dir='ltr'><strong>in</strong></span> <span class='ocrx_word' id='word_1_271' title='bbox 3471 818 3590 889; x_wconf 78' lang='lat' dir='ltr'><strong>pla-</strong></span> 
     </span>
    </p>
   </div>
   <div class='ocr_carea' id='block_1_38' title="bbox 2007 903 3589 974">
    <p class='ocr_par' dir='ltr' id='par_1_38' title="bbox 2007 903 3589 974">
     <span class='ocr_line' id='line_1_39' title="bbox 2007 903 3589 974; baseline 0.006 -15"><span class='ocrx_word' id='word_1_272' title='bbox 2007 903 2162 966; x_wconf 87' lang='lat' dir='ltr'><strong>nitie,</strong></span> <span class='ocrx_word' id='word_1_273' title='bbox 2193 915 2510 974; x_wconf 88' lang='lat' dir='ltr'><strong>oppugnatu</strong></span> <span class='ocrx_word' id='word_1_274' title='bbox 2541 906 2740 962; x_wconf 82' lang='lat' dir='ltr'><strong>facilis.</strong></span> <span class='ocrx_word' id='word_1_275' title='bbox 2772 909 2923 971; x_wconf 88' lang='lat' dir='ltr'><strong>Post,</strong></span> <span class='ocrx_word' id='word_1_276' title='bbox 2961 909 3069 964; x_wconf 87' lang='lat' dir='ltr'><strong>alia</strong></span> <span class='ocrx_word' id='word_1_277' title='bbox 3112 909 3252 965; x_wconf 85' lang='lat' dir='ltr'><strong>bella</strong></span> <span class='ocrx_word' id='word_1_278' title='bbox 3284 925 3408 964; x_wconf 90' lang='lat' dir='ltr'><strong>cum</strong></span> <span class='ocrx_word' id='word_1_279' title='bbox 3441 911 3589 969; x_wconf 78' lang='lat' dir='ltr'><strong>Boiis</strong></span> 
     </span>
    </p>
   </div>
   <div class='ocr_carea' id='block_1_39' title="bbox 2003 995 3586 1074">
    <p class='ocr_par' dir='ltr' id='par_1_39' title="bbox 2003 995 3586 1074">
     <span class='ocr_line' id='line_1_40' title="bbox 2003 995 3586 1074; baseline 0.009 -24"><span class='ocrx_word' id='word_1_280' title='bbox 2003 1004 2059 1050; x_wconf 89' lang='lat' dir='ltr'><strong>et</strong></span> <span class='ocrx_word' id='word_1_281' title='bbox 2107 995 2279 1052; x_wconf 81' lang='lat' dir='ltr'><strong>Gallis</strong></span> <span class='ocrx_word' id='word_1_282' title='bbox 2323 1014 2517 1054; x_wconf 87' lang='lat' dir='ltr'><strong>eorum</strong></span> <span class='ocrx_word' id='word_1_283' title='bbox 2566 1001 2762 1058; x_wconf 85' lang='lat' dir='ltr'><strong>vicinis</strong></span> <span class='ocrx_word' id='word_1_284' title='bbox 2809 1013 2865 1058; x_wconf 88' lang='lat' dir='ltr'><strong>et</strong></span> <span class='ocrx_word' id='word_1_285' title='bbox 2913 1002 3211 1074; x_wconf 82' lang='lat' dir='ltr'><strong>Liguribus</strong></span> <span class='ocrx_word' id='word_1_286' title='bbox 3255 1003 3586 1074; x_wconf 78' lang='lat' dir='ltr'><strong>quibusdam</strong></span> 
     </span>
    </p>
   </div>
   <div class='ocr_carea' id='block_1_40' title="bbox 2003 1091 3588 1164">
    <p class='ocr_par' dir='ltr' id='par_1_40' title="bbox 2003 1091 3588 1164">
     <span class='ocr_line' id='line_1_41' title="bbox 2003 1091 3588 1164; baseline 0.008 -23"><span class='ocrx_word' id='word_1_287' title='bbox 2003 1099 2314 1159; x_wconf 81' lang='lat' dir='ltr'><strong>gesserunt.</strong></span> <span class='ocrx_word' id='word_1_288' title='bbox 2344 1091 2422 1147; x_wconf 85' lang='lat' dir='ltr'><strong>Ac</strong></span> <span class='ocrx_word' id='word_1_289' title='bbox 2473 1091 2704 1163; x_wconf 73' lang='lat' dir='ltr'><strong>Ligures</strong></span> <span class='ocrx_word' id='word_1_290' title='bbox 2762 1095 3124 1164; x_wconf 86' lang='lat' dir='ltr'><strong>Sempronius</strong></span> <span class='ocrx_word' id='word_1_291' title='bbox 3173 1095 3460 1152; x_wconf 79' lang='lat' dir='ltr'><strong>Gracchus</strong></span> <span class='ocrx_word' id='word_1_292' title='bbox 3504 1099 3588 1154; x_wconf 77' lang='lat' dir='ltr'><strong>vi-</strong></span> 
     </span>
    </p>
   </div>
   <div class='ocr_carea' id='block_1_41' title="bbox 2003 1179 3586 1262">
    <p class='ocr_par' dir='ltr' id='par_1_41' title="bbox 2003 1179 3586 1262">
     <span class='ocr_line' id='line_1_42' title="bbox 2003 1179 3586 1262; baseline 0.008 -28"><span class='ocrx_word' id='word_1_293' title='bbox 2003 1188 2124 1234; x_wconf 89' lang='lat' dir='ltr'><strong>ctor</strong></span> <span class='ocrx_word' id='word_1_294' title='bbox 2153 1179 2364 1238; x_wconf 79' lang='lat' dir='ltr'><strong>aﬂlixit.</strong></span> <span class='ocrx_word' id='word_1_295' title='bbox 2397 1183 2456 1239; x_wconf 87' lang='lat' dir='ltr'><strong>P.</strong></span> <span class='ocrx_word' id='word_1_296' title='bbox 2495 1183 2764 1251; x_wconf 83' lang='lat' dir='ltr'><strong>Valerius,</strong></span> <span class='ocrx_word' id='word_1_297' title='bbox 2805 1203 2836 1242; x_wconf 91' lang='lat' dir='ltr'><strong>a</strong></span> <span class='ocrx_word' id='word_1_298' title='bbox 2878 1187 3046 1245; x_wconf 78' lang='lat' dir='ltr'><strong>Gallis</strong></span> <span class='ocrx_word' id='word_1_299' title='bbox 3099 1190 3374 1260; x_wconf 90' lang='lat' dir='ltr'><strong>principio</strong></span> <span class='ocrx_word' id='word_1_300' title='bbox 3415 1206 3586 1262; x_wconf 74' lang='lat' dir='ltr'><strong>supe-</strong></span> 
     </span>
    </p>
   </div>
   <div class='ocr_carea' id='block_1_42' title="bbox 2004 1274 3586 1345">
    <p class='ocr_par' dir='ltr' id='par_1_42' title="bbox 2004 1274 3586 1345">
     <span class='ocr_line' id='line_1_43' title="bbox 2004 1274 3586 1345; baseline 0.011 -22"><span class='ocrx_word' id='word_1_301' title='bbox 2004 1278 2181 1333; x_wconf 88' lang='lat' dir='ltr'><strong>ratus,</strong></span> <span class='ocrx_word' id='word_1_302' title='bbox 2205 1287 2332 1326; x_wconf 90' lang='lat' dir='ltr'><strong>cum</strong></span> <span class='ocrx_word' id='word_1_303' title='bbox 2363 1274 2564 1329; x_wconf 78' lang='lat' dir='ltr'><strong>auxilia</strong></span> <span class='ocrx_word' id='word_1_304' title='bbox 2593 1275 2697 1330; x_wconf 90' lang='lat' dir='ltr'><strong>sibi</strong></span> <span class='ocrx_word' id='word_1_305' title='bbox 2725 1277 2867 1333; x_wconf 83' lang='lat' dir='ltr'><strong>milli</strong></span> <span class='ocrx_word' id='word_1_306' title='bbox 2895 1279 3066 1334; x_wconf 85' lang='lat' dir='ltr'><strong>Roma</strong></span> <span class='ocrx_word' id='word_1_307' title='bbox 3106 1281 3370 1345; x_wconf 88' lang='lat' dir='ltr'><strong>audisset,</strong></span> <span class='ocrx_word' id='word_1_308' title='bbox 3401 1282 3586 1340; x_wconf 72' lang='lat' dir='ltr'><strong>Gallos</strong></span> 
     </span>
    </p>
   </div>
   <div class='ocr_carea' id='block_1_43' title="bbox 2002 1362 3582 1444">
    <p class='ocr_par' dir='ltr' id='par_1_43' title="bbox 2002 1362 3582 1444">
     <span class='ocr_line' id='line_1_44' title="bbox 2002 1362 3582 1444; baseline 0.009 -27"><span class='ocrx_word' id='word_1_309' title='bbox 2002 1362 2186 1418; x_wconf 88' lang='lat' dir='ltr'><strong>denuo</strong></span> <span class='ocrx_word' id='word_1_310' title='bbox 2209 1364 2374 1436; x_wconf 68' lang='grc'><strong>400</strong></span> <span class='ocrx_word' id='word_1_311' title='bbox 2399 1376 2485 1422; x_wconf 84' lang='lat' dir='ltr'><strong>est</strong></span> <span class='ocrx_word' id='word_1_312' title='bbox 2516 1383 2808 1440; x_wconf 74' lang='lat' dir='ltr'><strong>aggressus</strong></span> <span class='ocrx_word' id='word_1_313' title='bbox 2851 1388 2865 1425; x_wconf 87' lang='lat'><strong>:</strong></span> <span class='ocrx_word' id='word_1_314' title='bbox 2909 1381 2970 1428; x_wconf 92' lang='lat' dir='ltr'><strong>ut</strong></span> <span class='ocrx_word' id='word_1_315' title='bbox 3006 1383 3103 1428; x_wconf 91' lang='lat' dir='ltr'><strong>aut</strong></span> <span class='ocrx_word' id='word_1_316' title='bbox 3131 1389 3229 1444; x_wconf 90' lang='lat' dir='ltr'><strong>per</strong></span> <span class='ocrx_word' id='word_1_317' title='bbox 3257 1389 3317 1431; x_wconf 89' lang='lat' dir='ltr'><strong>se</strong></span> <span class='ocrx_word' id='word_1_318' title='bbox 3351 1375 3582 1438; x_wconf 77' lang='lat' dir='ltr'><strong>victoria</strong></span> 
     </span>
    </p>
   </div>
   <div class='ocr_carea' id='block_1_44' title="bbox 2003 1453 3582 1538">
    <p class='ocr_par' dir='ltr' id='par_1_44' title="bbox 2003 1453 3582 1538">
     <span class='ocr_line' id='line_1_45' title="bbox 2003 1453 3582 1538; baseline 0.014 -34"><span class='ocrx_word' id='word_1_319' title='bbox 2003 1453 2292 1522; x_wconf 73' lang='lat' dir='ltr'><strong>potiretur,</strong></span> <span class='ocrx_word' id='word_1_320' title='bbox 2321 1466 2415 1512; x_wconf 87' lang='lat' dir='ltr'><strong>aut</strong></span> <span class='ocrx_word' id='word_1_321' title='bbox 2449 1471 2681 1516; x_wconf 88' lang='lat' dir='ltr'><strong>mortem</strong></span> <span class='ocrx_word' id='word_1_322' title='bbox 2713 1471 3021 1530; x_wconf 90' lang='lat' dir='ltr'><strong>oppeteret,</strong></span> <span class='ocrx_word' id='word_1_323' title='bbox 3069 1480 3233 1534; x_wconf 88' lang='lat' dir='ltr'><strong>quam</strong></span> <span class='ocrx_word' id='word_1_324' title='bbox 3268 1467 3392 1523; x_wconf 73' lang='lat' dir='ltr'><strong>vita:</strong></span> <span class='ocrx_word' id='word_1_325' title='bbox 3427 1469 3582 1538; x_wconf 80' lang='lat' dir='ltr'><strong>igno-</strong></span> 
     </span>
    </p>
   </div>
   <div class='ocr_carea' id='block_1_45' title="bbox 2001 1547 3576 1628">
    <p class='ocr_par' dir='ltr' id='par_1_45' title="bbox 2001 1547 3576 1628">
     <span class='ocr_line' id='line_1_46' title="bbox 2001 1547 3576 1628; baseline 0.012 -29"><span class='ocrx_word' id='word_1_326' title='bbox 2001 1547 2248 1604; x_wconf 59' lang='lat' dir='ltr'><strong>miniosa</strong></span> <span class='ocrx_word' id='word_1_327' title='bbox 2296 1551 2668 1620; x_wconf 81' lang='lat' dir='ltr'><strong>praeferebat:</strong></span> <span class='ocrx_word' id='word_1_328' title='bbox 2720 1570 2783 1609; x_wconf 91' lang='lat' dir='ltr'><strong>ac</strong></span> <span class='ocrx_word' id='word_1_329' title='bbox 2847 1555 3066 1612; x_wconf 79' lang='lat' dir='ltr'><strong>fortuna</strong></span> <span class='ocrx_word' id='word_1_330' title='bbox 3128 1559 3364 1628; x_wconf 85' lang='lat' dir='ltr'><strong>quadam</strong></span> <span class='ocrx_word' id='word_1_331' title='bbox 3420 1561 3576 1618; x_wconf 85' lang='lat' dir='ltr'><strong>vicit.</strong></span> 
     </span>
    </p>
   </div>
   <div class='ocr_carea' id='block_1_46' title="bbox 2001 1634 3579 1723">
    <p class='ocr_par' dir='ltr' id='par_1_46' title="bbox 2001 1634 3579 1723">
     <span class='ocr_line' id='line_1_47' title="bbox 2001 1634 3579 1723; baseline 0.013 -32"><span class='ocrx_word' id='word_1_332' title='bbox 2001 1634 2140 1694; x_wconf 81' lang='lat' dir='ltr'><strong>Tum</strong></span> <span class='ocrx_word' id='word_1_333' title='bbox 2167 1641 2335 1711; x_wconf 82' lang='lat' dir='ltr'><strong>igitur</strong></span> <span class='ocrx_word' id='word_1_334' title='bbox 2367 1643 2438 1697; x_wconf 87' lang='lat' dir='ltr'><strong>ita</strong></span> <span class='ocrx_word' id='word_1_335' title='bbox 2469 1660 2595 1700; x_wconf 90' lang='lat' dir='ltr'><strong>cum</strong></span> <span class='ocrx_word' id='word_1_336' title='bbox 2647 1647 2909 1704; x_wconf 78' lang='lat' dir='ltr'><strong>Romanis</strong></span> <span class='ocrx_word' id='word_1_337' title='bbox 2957 1660 3141 1705; x_wconf 88' lang='lat' dir='ltr'><strong>actum</strong></span> <span class='ocrx_word' id='word_1_338' title='bbox 3175 1668 3190 1707; x_wconf 88' lang='lat'><strong>:</strong></span> <span class='ocrx_word' id='word_1_339' title='bbox 3223 1652 3414 1723; x_wconf 88' lang='lat' dir='ltr'><strong>eisque</strong></span> <span class='ocrx_word' id='word_1_340' title='bbox 3445 1653 3579 1712; x_wconf 53' lang='lat' dir='ltr'><strong>Sara</strong></span> 
     </span>
    </p>
   </div>
   <div class='ocr_carea' id='block_1_47' title="bbox 1999 1733 3580 1812">
    <p class='ocr_par' dir='ltr' id='par_1_47' title="bbox 1999 1733 3580 1812">
     <span class='ocr_line' id='line_1_48' title="bbox 1999 1733 3580 1812; baseline 0.013 -27"><span class='ocrx_word' id='word_1_341' title='bbox 1999 1733 2149 1788; x_wconf 88' lang='lat' dir='ltr'><strong>dinia</strong></span> <span class='ocrx_word' id='word_1_342' title='bbox 2203 1737 2339 1790; x_wconf 88' lang='lat' dir='ltr'><strong>citra</strong></span> <span class='ocrx_word' id='word_1_343' title='bbox 2394 1753 2653 1808; x_wconf 86' lang='lat' dir='ltr'><strong>pugnam,</strong></span> <span class='ocrx_word' id='word_1_344' title='bbox 2702 1749 2758 1796; x_wconf 87' lang='lat' dir='ltr'><strong>et</strong></span> <span class='ocrx_word' id='word_1_345' title='bbox 2806 1744 3055 1812; x_wconf 77' lang='lat' dir='ltr'><strong>pecuniae</strong></span> <span class='ocrx_word' id='word_1_346' title='bbox 3105 1762 3295 1802; x_wconf 86' lang='lat' dir='ltr'><strong>rursus</strong></span> <span class='ocrx_word' id='word_1_347' title='bbox 3351 1748 3492 1804; x_wconf 68' lang='lat' dir='ltr'><strong>datae</strong></span> <span class='ocrx_word' id='word_1_348' title='bbox 3547 1765 3580 1805; x_wconf 78' lang='grc' dir='ltr'>ι</span> 
     </span>
    </p>
   </div>
   <div class='ocr_carea' id='block_1_48' title="bbox 1995 1823 3580 1907">
    <p class='ocr_par' dir='ltr' id='par_1_48' title="bbox 1995 1823 3580 1907">
     <span class='ocr_line' id='line_1_49' title="bbox 1995 1823 3580 1907; baseline 0.012 -27"><span class='ocrx_word' id='word_1_349' title='bbox 1995 1823 2542 1897; x_wconf 71' lang='lat' dir='ltr'><strong>Carthaginiensibus</strong></span> <span class='ocrx_word' id='word_1_350' title='bbox 2573 1848 2586 1886; x_wconf 90' lang='lat'>:</span> <span class='ocrx_word' id='word_1_351' title='bbox 2617 1831 2708 1901; x_wconf 90' lang='lat' dir='ltr'><strong>qui</strong></span> <span class='ocrx_word' id='word_1_352' title='bbox 2744 1848 2869 1888; x_wconf 89' lang='lat' dir='ltr'><strong>cum</strong></span> <span class='ocrx_word' id='word_1_353' title='bbox 2909 1839 3282 1907; x_wconf 80' lang='lat' dir='ltr'><strong>negotiatores</strong></span> <span class='ocrx_word' id='word_1_354' title='bbox 3306 1840 3580 1899; x_wconf 74' lang='lat' dir='ltr'><strong>Romanos</strong></span> 
     </span>
    </p>
   </div>
   <div class='ocr_carea' id='block_1_49' title="bbox 1993 1919 3577 1995">
    <p class='ocr_par' dir='ltr' id='par_1_49' title="bbox 1993 1919 3577 1995">
     <span class='ocr_line' id='line_1_50' title="bbox 1993 1919 3577 1995; baseline 0.011 -21"><span class='ocrx_word' id='word_1_355' title='bbox 1993 1919 2048 1974; x_wconf 86' lang='lat' dir='ltr'><strong>in</strong></span> <span class='ocrx_word' id='word_1_356' title='bbox 2077 1920 2212 1974; x_wconf 89' lang='lat' dir='ltr'><strong>mari</strong></span> <span class='ocrx_word' id='word_1_357' title='bbox 2236 1923 2651 1980; x_wconf 88' lang='lat' dir='ltr'><strong>maletractasse</strong></span> <span class='ocrx_word' id='word_1_358' title='bbox 2674 1942 3085 1995; x_wconf 87' lang='lat' dir='ltr'><strong>accusarentur,</strong></span> <span class='ocrx_word' id='word_1_359' title='bbox 3116 1933 3361 1988; x_wconf 87' lang='lat' dir='ltr'><strong>nondum</strong></span> <span class='ocrx_word' id='word_1_360' title='bbox 3392 1934 3577 1990; x_wconf 79' lang='lat' dir='ltr'><strong>ﬁrma-</strong></span> 
     </span>
    </p>
   </div>
   <div class='ocr_carea' id='block_1_50' title="bbox 1997 2011 3574 2098">
    <p class='ocr_par' dir='ltr' id='par_1_50' title="bbox 1997 2011 3574 2098">
     <span class='ocr_line' id='line_1_51' title="bbox 1997 2011 3574 2098; baseline 0.011 -32"><span class='ocrx_word' id='word_1_361' title='bbox 1997 2011 2068 2067; x_wconf 93' lang='lat' dir='ltr'><strong>tis</strong></span> <span class='ocrx_word' id='word_1_362' title='bbox 2125 2014 2343 2082; x_wconf 87' lang='lat' dir='ltr'><strong>opibus,</strong></span> <span class='ocrx_word' id='word_1_363' title='bbox 2395 2017 2574 2072; x_wconf 89' lang='lat' dir='ltr'><strong>minas</strong></span> <span class='ocrx_word' id='word_1_364' title='bbox 2623 2019 2841 2074; x_wconf 89' lang='lat' dir='ltr'><strong>illorum</strong></span> <span class='ocrx_word' id='word_1_365' title='bbox 2901 2022 3228 2079; x_wconf 89' lang='lat' dir='ltr'><strong>timuerunt.</strong></span> <span class='ocrx_word' id='word_1_366' title='bbox 3305 2027 3574 2098; x_wconf 85' lang='lat' dir='ltr'><strong>Sequenti</strong></span> 
     </span>
    </p>
   </div>
   <div class='ocr_carea' id='block_1_51' title="bbox 1996 2107 3574 2182">
    <p class='ocr_par' dir='ltr' id='par_1_51' title="bbox 1996 2107 3574 2182">
     <span class='ocr_line' id='line_1_52' title="bbox 1996 2107 3574 2182; baseline 0.013 -23"><span class='ocrx_word' id='word_1_367' title='bbox 1996 2120 2143 2160; x_wconf 88' lang='lat' dir='ltr'><strong>anno</strong></span> <span class='ocrx_word' id='word_1_368' title='bbox 2177 2108 2238 2159; x_wconf 90' lang='lat' dir='ltr'><strong>P.</strong></span> <span class='ocrx_word' id='word_1_369' title='bbox 2271 2107 2536 2166; x_wconf 67' lang='lat' dir='ltr'><strong>Lentulus</strong></span> <span class='ocrx_word' id='word_1_370' title='bbox 2566 2119 2622 2166; x_wconf 91' lang='lat' dir='ltr'><strong>et</strong></span> <span class='ocrx_word' id='word_1_371' title='bbox 2647 2111 2710 2179; x_wconf 87' lang='lat' dir='ltr'><strong>Q.</strong></span> <span class='ocrx_word' id='word_1_372' title='bbox 2745 2114 2995 2182; x_wconf 84' lang='lat' dir='ltr'><strong>Flaccus,</strong></span> <span class='ocrx_word' id='word_1_373' title='bbox 3029 2116 3176 2174; x_wconf 89' lang='lat' dir='ltr'><strong>bello</strong></span> <span class='ocrx_word' id='word_1_374' title='bbox 3205 2128 3400 2176; x_wconf 85' lang='lat' dir='ltr'><strong>contra</strong></span> <span class='ocrx_word' id='word_1_375' title='bbox 3443 2123 3574 2179; x_wconf 77' lang='lat' dir='ltr'><strong>Gal-</strong></span> 
     </span>
    </p>
   </div>
   <div class='ocr_carea' id='block_1_52' title="bbox 1994 2199 3571 2281">
    <p class='ocr_par' dir='ltr' id='par_1_52' title="bbox 1994 2199 3571 2281">
     <span class='ocr_line' id='line_1_53' title="bbox 1994 2199 3571 2281; baseline 0.013 -29"><span class='ocrx_word' id='word_1_376' title='bbox 1994 2199 2077 2256; x_wconf 85' lang='lat' dir='ltr'><strong>los</strong></span> <span class='ocrx_word' id='word_1_377' title='bbox 2103 2210 2378 2270; x_wconf 78' lang='lat' dir='ltr'><strong>suscepto,</strong></span> <span class='ocrx_word' id='word_1_378' title='bbox 2402 2201 2531 2257; x_wconf 87' lang='lat' dir='ltr'><strong>dum</strong></span> <span class='ocrx_word' id='word_1_379' title='bbox 2561 2220 2664 2258; x_wconf 87' lang='lat' dir='ltr'><strong>una</strong></span> <span class='ocrx_word' id='word_1_380' title='bbox 2687 2207 2939 2277; x_wconf 80' lang='lat' dir='ltr'><strong>agebant,</strong></span> <span class='ocrx_word' id='word_1_381' title='bbox 2973 2209 3372 2281; x_wconf 87' lang='lat' dir='ltr'><strong>insuperabiles</strong></span> <span class='ocrx_word' id='word_1_382' title='bbox 3392 2227 3571 2272; x_wconf 87' lang='lat' dir='ltr'><strong>erant.</strong></span> 
     </span>
    </p>
   </div>
   <div class='ocr_carea' id='block_1_53' title="bbox 1995 2291 3574 2380">
    <p class='ocr_par' dir='ltr' id='par_1_53' title="bbox 1995 2291 3574 2380">
     <span class='ocr_line' id='line_1_54' title="bbox 1995 2291 3574 2380; baseline 0.013 -33"><span class='ocrx_word' id='word_1_383' title='bbox 1995 2291 2102 2367; x_wconf 84' lang='lat' dir='ltr'><strong>Sed</strong></span> <span class='ocrx_word' id='word_1_384' title='bbox 2137 2310 2262 2350; x_wconf 88' lang='lat' dir='ltr'><strong>cum</strong></span> <span class='ocrx_word' id='word_1_385' title='bbox 2305 2298 2564 2366; x_wconf 83' lang='lat' dir='ltr'><strong>separati,</strong></span> <span class='ocrx_word' id='word_1_386' title='bbox 2611 2298 2730 2357; x_wconf 89' lang='lat' dir='ltr'><strong>loca</strong></span> <span class='ocrx_word' id='word_1_387' title='bbox 2782 2303 3055 2372; x_wconf 62' lang='lat' dir='ltr'><strong>quaedam,</strong></span> <span class='ocrx_word' id='word_1_388' title='bbox 3104 2305 3328 2377; x_wconf 81' lang='lat' dir='ltr'><strong>majoris</strong></span> <span class='ocrx_word' id='word_1_389' title='bbox 3377 2310 3574 2380; x_wconf 70' lang='lat' dir='ltr'><strong>praeda)</strong></span> 
     </span>
    </p>
   </div>
   <div class='ocr_carea' id='block_1_54' title="bbox 1994 2388 3570 2466">
    <p class='ocr_par' dir='ltr' id='par_1_54' title="bbox 1994 2388 3570 2466">
     <span class='ocr_line' id='line_1_55' title="bbox 1994 2388 3570 2466; baseline 0.013 -25"><span class='ocrx_word' id='word_1_390' title='bbox 1994 2388 2316 2458; x_wconf 87' lang='lat' dir='ltr'><strong>cupiditate,</strong></span> <span class='ocrx_word' id='word_1_391' title='bbox 2347 2400 2561 2449; x_wconf 80' lang='lat' dir='ltr'><strong>vastare</strong></span> <span class='ocrx_word' id='word_1_392' title='bbox 2592 2396 2912 2466; x_wconf 68' lang='lat' dir='ltr'><strong>coepissent,</strong></span> <span class='ocrx_word' id='word_1_393' title='bbox 2967 2399 3143 2455; x_wconf 87' lang='lat' dir='ltr'><strong>Flacci</strong></span> <span class='ocrx_word' id='word_1_394' title='bbox 3178 2412 3356 2458; x_wconf 88' lang='lat' dir='ltr'><strong>castra</strong></span> <span class='ocrx_word' id='word_1_395' title='bbox 3403 2414 3570 2462; x_wconf 87' lang='lat' dir='ltr'><strong>noctu</strong></span> 
     </span>
    </p>
   </div>
   <div class='ocr_carea' id='block_1_55' title="bbox 1993 2481 3570 2555">
    <p class='ocr_par' dir='ltr' id='par_1_55' title="bbox 1993 2481 3570 2555">
     <span class='ocr_line' id='line_1_56' title="bbox 1993 2481 3570 2555; baseline 0.011 -19"><span class='ocrx_word' id='word_1_396' title='bbox 1993 2481 2355 2544; x_wconf 87' lang='lat' dir='ltr'><strong>circumdata.</strong></span> <span class='ocrx_word' id='word_1_397' title='bbox 2389 2484 2442 2539; x_wconf 92' lang='lat' dir='ltr'><strong>in</strong></span> <span class='ocrx_word' id='word_1_398' title='bbox 2473 2487 2723 2555; x_wconf 88' lang='lat' dir='ltr'><strong>periculo</strong></span> <span class='ocrx_word' id='word_1_399' title='bbox 2756 2487 3002 2545; x_wconf 79' lang='lat' dir='ltr'><strong>fuerunt.</strong></span> <span class='ocrx_word' id='word_1_400' title='bbox 3033 2491 3257 2549; x_wconf 88' lang='lat' dir='ltr'><strong>Barbari</strong></span> <span class='ocrx_word' id='word_1_401' title='bbox 3287 2511 3419 2551; x_wconf 90' lang='lat' dir='ltr'><strong>vero</strong></span> <span class='ocrx_word' id='word_1_402' title='bbox 3451 2505 3570 2554; x_wconf 87' lang='lat' dir='ltr'><strong>tum</strong></span> 
     </span>
    </p>
   </div>
   <div class='ocr_carea' id='block_1_56' title="bbox 1995 2575 3570 2660">
    <p class='ocr_par' dir='ltr' id='par_1_56' title="bbox 1995 2575 3570 2660">
     <span class='ocr_line' id='line_1_57' title="bbox 1995 2575 3570 2660; baseline 0.012 -33"><span class='ocrx_word' id='word_1_403' title='bbox 1995 2575 2224 2645; x_wconf 85' lang='lat' dir='ltr'><strong>repulsi,</strong></span> <span class='ocrx_word' id='word_1_404' title='bbox 2276 2578 2463 2634; x_wconf 90' lang='lat' dir='ltr'><strong>multis</strong></span> <span class='ocrx_word' id='word_1_405' title='bbox 2503 2579 2666 2635; x_wconf 89' lang='lat' dir='ltr'><strong>sociis</strong></span> <span class='ocrx_word' id='word_1_406' title='bbox 2711 2582 2919 2646; x_wconf 86' lang='lat' dir='ltr'><strong>ascitis,</strong></span> <span class='ocrx_word' id='word_1_407' title='bbox 2970 2599 3094 2640; x_wconf 89' lang='lat' dir='ltr'><strong>cum</strong></span> <span class='ocrx_word' id='word_1_408' title='bbox 3148 2604 3340 2660; x_wconf 85' lang='lat' dir='ltr'><strong>magna</strong></span> <span class='ocrx_word' id='word_1_409' title='bbox 3404 2605 3570 2648; x_wconf 75' lang='lat' dir='ltr'><strong>manu</strong></span> 
     </span>
    </p>
   </div>
   <div class='ocr_carea' id='block_1_57' title="bbox 1993 2667 3573 2741">
    <p class='ocr_par' dir='ltr' id='par_1_57' title="bbox 1993 2667 3573 2741">
     <span class='ocr_line' id='line_1_58' title="bbox 1993 2667 3573 2741; baseline 0.013 -19"><span class='ocrx_word' id='word_1_410' title='bbox 1993 2667 2177 2723; x_wconf 89' lang='lat' dir='ltr'><strong>denuo</strong></span> <span class='ocrx_word' id='word_1_411' title='bbox 2206 2668 2482 2725; x_wconf 80' lang='lat' dir='ltr'><strong>Romanos</strong></span> <span class='ocrx_word' id='word_1_412' title='bbox 2517 2671 2853 2728; x_wconf 83' lang='lat' dir='ltr'><strong>invaserunt.</strong></span> <span class='ocrx_word' id='word_1_413' title='bbox 2890 2675 2958 2731; x_wconf 87' lang='lat' dir='ltr'><strong>Et</strong></span> <span class='ocrx_word' id='word_1_414' title='bbox 2986 2676 3043 2732; x_wconf 89' lang='lat' dir='ltr'><strong>P.</strong></span> <span class='ocrx_word' id='word_1_415' title='bbox 3076 2677 3312 2736; x_wconf 85' lang='lat' dir='ltr'><strong>Lentulo</strong></span> <span class='ocrx_word' id='word_1_416' title='bbox 3343 2691 3400 2738; x_wconf 89' lang='lat' dir='ltr'><strong>et</strong></span> <span class='ocrx_word' id='word_1_417' title='bbox 3424 2683 3573 2741; x_wconf 87' lang='lat' dir='ltr'><strong>Lici-</strong></span> 
     </span>
    </p>
   </div>
   <div class='ocr_carea' id='block_1_58' title="bbox 1995 2759 3568 2850">
    <p class='ocr_par' dir='ltr' id='par_1_58' title="bbox 1995 2759 3568 2850">
     <span class='ocr_line' id='line_1_59' title="bbox 1995 2759 3568 2850; baseline 0.013 -37"><span class='ocrx_word' id='word_1_418' title='bbox 1995 2759 2088 2815; x_wconf 88' lang='lat' dir='ltr'><strong>nio</strong></span> <span class='ocrx_word' id='word_1_419' title='bbox 2128 2761 2266 2816; x_wconf 79' lang='lat' dir='ltr'><strong>Varo</strong></span> <span class='ocrx_word' id='word_1_420' title='bbox 2296 2776 2356 2817; x_wconf 89' lang='lat' dir='ltr'><strong>se</strong></span> <span class='ocrx_word' id='word_1_421' title='bbox 2383 2763 2454 2818; x_wconf 87' lang='lat' dir='ltr'><strong>ob</strong></span> <span class='ocrx_word' id='word_1_422' title='bbox 2485 2764 2894 2822; x_wconf 88' lang='lat' dir='ltr'><strong>multitudinem</strong></span> <span class='ocrx_word' id='word_1_423' title='bbox 2932 2785 3086 2826; x_wconf 89' lang='lat' dir='ltr'><strong>suam</strong></span> <span class='ocrx_word' id='word_1_424' title='bbox 3117 2775 3202 2828; x_wconf 89' lang='lat' dir='ltr'><strong>vel</strong></span> <span class='ocrx_word' id='word_1_425' title='bbox 3241 2773 3362 2829; x_wconf 86' lang='lat' dir='ltr'><strong>sine</strong></span> <span class='ocrx_word' id='word_1_426' title='bbox 3387 2767 3568 2850; x_wconf 78' lang='lat' dir='ltr'><strong>pugna</strong></span> 
     </span>
    </p>
   </div>
   <div class='ocr_carea' id='block_1_59' title="bbox 1995 2853 3568 2937">
    <p class='ocr_par' dir='ltr' id='par_1_59' title="bbox 1995 2853 3568 2937">
     <span class='ocr_line' id='line_1_60' title="bbox 1995 2853 3568 2937; baseline 0.013 -32"><span class='ocrx_word' id='word_1_427' title='bbox 1995 2861 2263 2911; x_wconf 86' lang='lat' dir='ltr'><strong>terrorem</strong></span> <span class='ocrx_word' id='word_1_428' title='bbox 2296 2853 2620 2912; x_wconf 89' lang='lat' dir='ltr'><strong>incussuros</strong></span> <span class='ocrx_word' id='word_1_429' title='bbox 2643 2858 2922 2926; x_wconf 84' lang='lat' dir='ltr'><strong>arbitrati,</strong></span> <span class='ocrx_word' id='word_1_430' title='bbox 2977 2877 3075 2932; x_wconf 85' lang='lat' dir='ltr'><strong>per</strong></span> <span class='ocrx_word' id='word_1_431' title='bbox 3119 2865 3332 2937; x_wconf 78' lang='lat' dir='ltr'><strong>legatos</strong></span> <span class='ocrx_word' id='word_1_432' title='bbox 3365 2869 3568 2926; x_wconf 48' lang='lat' dir='ltr'><strong>Arimi‘</strong></span> 
     </span>
    </p>
   </div>
   <div class='ocr_carea' id='block_1_60' title="bbox 1993 2947 3566 3038">
    <p class='ocr_par' dir='ltr' id='par_1_60' title="bbox 1993 2947 3566 3038">
     <span class='ocr_line' id='line_1_61' title="bbox 1993 2947 3566 3038; baseline 0.015 -38"><span class='ocrx_word' id='word_1_433' title='bbox 1993 2962 2220 3002; x_wconf 82' lang='lat' dir='ltr'><strong>ncnsem</strong></span> <span class='ocrx_word' id='word_1_434' title='bbox 2245 2963 2433 3018; x_wconf 82' lang='lat' dir='ltr'><strong>agrum</strong></span> <span class='ocrx_word' id='word_1_435' title='bbox 2467 2952 2810 3021; x_wconf 84' lang='lat' dir='ltr'><strong>repetierunt</strong></span> <span class='ocrx_word' id='word_1_436' title='bbox 2843 2973 2856 3010; x_wconf 93' lang='lat'><strong>:</strong></span> <span class='ocrx_word' id='word_1_437' title='bbox 2887 2947 3067 3015; x_wconf 53' lang='lat' dir='ltr'><strong>et&#39;eos</strong></span> <span class='ocrx_word' id='word_1_438' title='bbox 3098 2963 3213 3032; x_wconf 87' lang='lat' dir='ltr'><strong>ipsa</strong></span> <span class='ocrx_word' id='word_1_439' title='bbox 3253 2963 3409 3032; x_wconf 88' lang='lat' dir='ltr'><strong>urbe,</strong></span> <span class='ocrx_word' id='word_1_440' title='bbox 3441 2983 3566 3038; x_wconf 64' lang='lat' dir='ltr'><strong>qua</strong></span> 
     </span>
    </p>
   </div>
   <div class='ocr_carea' id='block_1_61' title="bbox 1993 3041 3564 3118">
    <p class='ocr_par' dir='ltr' id='par_1_61' title="bbox 1993 3041 3564 3118">
     <span class='ocr_line' id='line_1_62' title="bbox 1993 3041 3564 3118; baseline 0.015 -24"><span class='ocrx_word' id='word_1_441' title='bbox 1993 3054 2092 3094; x_wconf 87' lang='lat' dir='ltr'><strong>sua</strong></span> <span class='ocrx_word' id='word_1_442' title='bbox 2132 3049 2301 3106; x_wconf 87' lang='lat' dir='ltr'><strong>esset,</strong></span> <span class='ocrx_word' id='word_1_443' title='bbox 2343 3041 2542 3098; x_wconf 86' lang='lat' dir='ltr'><strong>cedere</strong></span> <span class='ocrx_word' id='word_1_444' title='bbox 2565 3045 2868 3115; x_wconf 86' lang='lat' dir='ltr'><strong>jusserunt.</strong></span> <span class='ocrx_word' id='word_1_445' title='bbox 2903 3049 3168 3110; x_wconf 88' lang='lat' dir='ltr'><strong>Consules</strong></span> <span class='ocrx_word' id='word_1_446' title='bbox 3199 3072 3328 3112; x_wconf 81' lang='lat' dir='ltr'><strong>vero</strong></span> <span class='ocrx_word' id='word_1_447' title='bbox 3358 3073 3461 3115; x_wconf 90' lang='lat' dir='ltr'><strong>nec</strong></span> <span class='ocrx_word' id='word_1_448' title='bbox 3489 3061 3564 3118; x_wconf 85' lang='lat' dir='ltr'><strong>ob</strong></span> 
     </span>
    </p>
   </div>
   <div class='ocr_carea' id='block_1_62' title="bbox 302 3128 1887 3216">
    <p class='ocr_par' dir='ltr' id='par_1_62' title="bbox 302 3129 1884 3206">
     <span class='ocr_line' id='line_1_63' title="bbox 302 3129 1884 3206; baseline 0.009 -25"><span class='ocrx_word' id='word_1_449' title='bbox 302 3129 508 3198; x_wconf 81' lang='grc' dir='ltr'>μαίους</span> <span class='ocrx_word' id='word_1_450' title='bbox 529 3129 836 3204; x_wconf 71' lang='grc' dir='ltr'>ἐχώρησαν.</span> <span class='ocrx_word' id='word_1_451' title='bbox 864 3133 1320 3206; x_wconf 79' lang='grc' dir='ltr'>Ἀπαντησάντων</span> <span class='ocrx_word' id='word_1_452' title='bbox 1347 3137 1404 3193; x_wconf 74' lang='grc' dir='ltr'>δὲ</span> <span class='ocrx_word' id='word_1_453' title='bbox 1436 3137 1588 3204; x_wconf 80' lang='grc' dir='ltr'>σφίσι</span> <span class='ocrx_word' id='word_1_454' title='bbox 1610 3139 1884 3194; x_wconf 76' lang='grc' dir='ltr'>Πουπλίου</span> 
     </span>
    </p>
   </div>
   <div class='ocr_carea' id='block_1_63' title="bbox 1989 3128 3562 3216">
    <p class='ocr_par' dir='ltr' id='par_1_63' title="bbox 1991 3128 3562 3216">
     <span class='ocr_line' id='line_1_64' title="bbox 1991 3128 3562 3216; baseline 0.017 -34"><span class='ocrx_word' id='word_1_455' title='bbox 1991 3128 2317 3196; x_wconf 86' lang='lat' dir='ltr'><strong>paucitatem</strong></span> <span class='ocrx_word' id='word_1_456' title='bbox 2346 3132 2660 3205; x_wconf 84' lang='lat' dir='ltr'><strong>conﬂigere,</strong></span> <span class='ocrx_word' id='word_1_457' title='bbox 2697 3153 2873 3209; x_wconf 79' lang='lat' dir='ltr'><strong>neque</strong></span> <span class='ocrx_word' id='word_1_458' title='bbox 2923 3142 3014 3198; x_wconf 89' lang='lat' dir='ltr'><strong>illa</strong></span> <span class='ocrx_word' id='word_1_459' title='bbox 3065 3150 3369 3205; x_wconf 89' lang='lat' dir='ltr'><strong>concedere</strong></span> <span class='ocrx_word' id='word_1_460' title='bbox 3417 3153 3562 3216; x_wconf 85' lang='lat' dir='ltr'><strong>ausi.</strong></span> 
     </span>
    </p>
   </div>
   <div class='ocr_carea' id='block_1_64' title="bbox 298 3223 1884 3300">
    <p class='ocr_par' dir='ltr' id='par_1_64' title="bbox 298 3223 1884 3300">
     <span class='ocr_line' id='line_1_65' title="bbox 298 3223 1884 3300; baseline 0.005 -26"><span class='ocrx_word' id='word_1_461' title='bbox 298 3240 370 3275; x_wconf 84' lang='grc' dir='ltr'><strong>τε</strong></span> <span class='ocrx_word' id='word_1_462' title='bbox 398 3223 702 3277; x_wconf 83' lang='grc' dir='ltr'>Δεντούλου</span> <span class='ocrx_word' id='word_1_463' title='bbox 737 3227 832 3278; x_wconf 78' lang='grc' dir='ltr'>καὶ</span> <span class='ocrx_word' id='word_1_464' title='bbox 865 3225 1141 3281; x_wconf 77' lang='grc' dir='ltr'>Λικιννίου</span> <span class='ocrx_word' id='word_1_465' title='bbox 1176 3229 1393 3300; x_wconf 81' lang='grc' dir='ltr'>Οὐάρου</span> <span class='ocrx_word' id='word_1_466' title='bbox 1423 3231 1660 3300; x_wconf 74' lang='grc' dir='ltr'>ἧλπισαν</span> <span class='ocrx_word' id='word_1_467' title='bbox 1685 3232 1884 3294; x_wconf 60' lang='grc' dir='ltr'>αὐτοῦς</span> 
     </span>
    </p>
   </div>
   <div class='ocr_carea' id='block_1_65' title="bbox 299 3316 1884 3395">
    <p class='ocr_par' dir='ltr' id='par_1_65' title="bbox 299 3316 1884 3395">
     <span class='ocr_line' id='line_1_66' title="bbox 299 3316 1884 3395; baseline 0.005 -25"><span class='ocrx_word' id='word_1_468' title='bbox 299 3316 397 3370; x_wconf 62' lang='grc' dir='ltr'><strong>δά</strong></span> <span class='ocrx_word' id='word_1_469' title='bbox 447 3317 508 3370; x_wconf 76' lang='grc' dir='ltr'>τὸ</span> <span class='ocrx_word' id='word_1_470' title='bbox 566 3316 771 3387; x_wconf 81' lang='grc' dir='ltr'>πλῆθος</span> <span class='ocrx_word' id='word_1_471' title='bbox 809 3319 869 3371; x_wconf 83' lang='grc' dir='ltr'>τὸ</span> <span class='ocrx_word' id='word_1_472' title='bbox 906 3320 1168 3391; x_wconf 62' lang='grc' dir='ltr'>σφέτερον</span> <span class='ocrx_word' id='word_1_473' title='bbox 1218 3324 1312 3376; x_wconf 77' lang='grc' dir='ltr'>καὶ</span> <span class='ocrx_word' id='word_1_474' title='bbox 1341 3323 1470 3378; x_wconf 73' lang='grc' dir='ltr'>ἄνευ</span> <span class='ocrx_word' id='word_1_475' title='bbox 1499 3325 1682 3395; x_wconf 81' lang='grc' dir='ltr'>μάχης</span> <span class='ocrx_word' id='word_1_476' title='bbox 1717 3342 1884 3379; x_wconf 90' lang='grc' dir='ltr'>κατα-</span> 
     </span>
    </p>
   </div>
   <div class='ocr_carea' id='block_1_66' title="bbox 300 3408 1885 3488">
    <p class='ocr_par' dir='ltr' id='par_1_66' title="bbox 300 3408 1885 3488">
     <span class='ocr_line' id='line_1_67' title="bbox 300 3408 1885 3488; baseline 0.007 -27"><span class='ocrx_word' id='word_1_477' title='bbox 300 3408 570 3479; x_wconf 74' lang='grc' dir='ltr'>πλήξεινο</span> <span class='ocrx_word' id='word_1_478' title='bbox 603 3411 698 3464; x_wconf 79' lang='grc' dir='ltr'>καὶ</span> <span class='ocrx_word' id='word_1_479' title='bbox 727 3410 1065 3481; x_wconf 76' lang='grc' dir='ltr'>πέμψαντες,</span> <span class='ocrx_word' id='word_1_480' title='bbox 1096 3415 1198 3486; x_wconf 85' lang='grc' dir='ltr'><strong>τήν</strong></span> <span class='ocrx_word' id='word_1_481' title='bbox 1219 3433 1278 3468; x_wconf 84' lang='grc' dir='ltr'><strong>τε</strong></span> <span class='ocrx_word' id='word_1_482' title='bbox 1308 3413 1493 3486; x_wconf 85' lang='grc' dir='ltr'>χώραν</span> <span class='ocrx_word' id='word_1_483' title='bbox 1523 3417 1622 3488; x_wconf 82' lang='grc' dir='ltr'>τὴν</span> <span class='ocrx_word' id='word_1_484' title='bbox 1665 3417 1796 3488; x_wconf 73' lang='grc' dir='ltr'>περὶ</span> <span class='ocrx_word' id='word_1_485' title='bbox 1825 3419 1885 3472; x_wconf 78' lang='grc' dir='ltr'>τὸ</span> 
     </span>
    </p>
   </div>
   <div class='ocr_carea' id='block_1_67' title="bbox 312 3503 1880 3576">
    <p class='ocr_par' dir='ltr' id='par_1_67' title="bbox 312 3503 1880 3576">
     <span class='ocr_line' id='line_1_68' title="bbox 312 3503 1880 3576; baseline 0.003 -18"><span class='ocrx_word' id='word_1_486' title='bbox 312 3503 610 3576; x_wconf 70' lang='grc' dir='ltr'>’Δρίμενον</span> <span class='ocrx_word' id='word_1_487' title='bbox 633 3504 898 3576; x_wconf 72' lang='grc' dir='ltr'>ἀπῄτουν,</span> <span class='ocrx_word' id='word_1_488' title='bbox 929 3507 1026 3558; x_wconf 79' lang='grc' dir='ltr'>καὶ</span> <span class='ocrx_word' id='word_1_489' title='bbox 1057 3507 1158 3576; x_wconf 84' lang='grc' dir='ltr'>τῆς</span> <span class='ocrx_word' id='word_1_490' title='bbox 1201 3507 1432 3572; x_wconf 85' lang='grc' dir='ltr'>πόλεως,</span> <span class='ocrx_word' id='word_1_491' title='bbox 1475 3507 1549 3573; x_wconf 83' lang='grc' dir='ltr'>ὡς</span> <span class='ocrx_word' id='word_1_492' title='bbox 1576 3509 1754 3566; x_wconf 85' lang='grc' dir='ltr'>αὐτῶν</span> <span class='ocrx_word' id='word_1_493' title='bbox 1788 3509 1880 3566; x_wconf 67' lang='grc' dir='ltr'><strong>οὓς</strong></span> 
     </span>
    </p>
   </div>
   <div class='ocr_carea' id='block_1_68' title="bbox 299 3595 1884 3674">
    <p class='ocr_par' dir='ltr' id='par_1_68' title="bbox 299 3595 1884 3674">
     <span class='ocr_line' id='line_1_69' title="bbox 299 3595 1884 3674; baseline 0.005 -26"><span class='ocrx_word' id='word_1_494' title='bbox 299 3610 430 3665; x_wconf 79' lang='grc' dir='ltr'>σης,</span> <span class='ocrx_word' id='word_1_495' title='bbox 460 3595 830 3667; x_wconf 79' lang='grc' dir='ltr'>ὲξοικισθῆναι</span> <span class='ocrx_word' id='word_1_496' title='bbox 856 3597 1132 3655; x_wconf 67' lang='grc' dir='ltr'>ἐκέλευον.</span> <span class='ocrx_word' id='word_1_497' title='bbox 1164 3601 1228 3653; x_wconf 86' lang='lat' dir='ltr'><strong>Ol.</strong></span> <span class='ocrx_word' id='word_1_498' title='bbox 1247 3599 1293 3652; x_wconf 80' lang='grc' dir='ltr'>δ’</span> <span class='ocrx_word' id='word_1_499' title='bbox 1321 3600 1540 3669; x_wconf 80' lang='grc' dir='ltr'>ὕπατοι,</span> <span class='ocrx_word' id='word_1_500' title='bbox 1573 3604 1710 3672; x_wconf 87' lang='grc' dir='ltr'>μήτε</span> <span class='ocrx_word' id='word_1_501' title='bbox 1743 3618 1884 3674; x_wconf 78' lang='grc' dir='ltr'>συμ-</span> 
     </span>
    </p>
   </div>
   <div class='ocr_carea' id='block_1_69' title="bbox 296 3688 1883 3765">
    <p class='ocr_par' dir='ltr' id='par_1_69' title="bbox 296 3688 1883 3765">
     <span class='ocr_line' id='line_1_70' title="bbox 296 3688 1883 3765; baseline 0.005 -23"><span class='ocrx_word' id='word_1_502' title='bbox 296 3689 498 3742; x_wconf 71' lang='grc' dir='ltr'>δελείν</span> <span class='ocrx_word' id='word_1_503' title='bbox 553 3688 886 3763; x_wconf 70' lang='grc' dir='ltr'>θαρροῦντες</span> <span class='ocrx_word' id='word_1_504' title='bbox 938 3690 1006 3745; x_wconf 79' lang='grc' dir='ltr'><strong>δι’</strong></span> <span class='ocrx_word' id='word_1_505' title='bbox 1041 3691 1358 3762; x_wconf 81' lang='grc' dir='ltr'>ὀλιγότητα,</span> <span class='ocrx_word' id='word_1_506' title='bbox 1419 3693 1559 3764; x_wconf 89' lang='grc' dir='ltr'>μήτε</span> <span class='ocrx_word' id='word_1_507' title='bbox 1614 3694 1883 3765; x_wconf 70' lang='grc' dir='ltr'>προέσθαι</span> 
     </span>
    </p>
   </div>
   <div class='ocr_carea' id='block_1_70' title="bbox 296 3781 1882 3857">
    <p class='ocr_par' dir='ltr' id='par_1_70' title="bbox 296 3781 1882 3857">
     <span class='ocr_line' id='line_1_71' title="bbox 296 3781 1882 3857; baseline 0.004 -23"><span class='ocrx_word' id='word_1_508' title='bbox 296 3781 634 3853; x_wconf 78' lang='grc' dir='ltr'>τολμῶντες,</span> <span class='ocrx_word' id='word_1_509' title='bbox 690 3782 892 3854; x_wconf 73' lang='grc' dir='ltr'>άνοχάς</span> <span class='ocrx_word' id='word_1_510' title='bbox 936 3782 1203 3855; x_wconf 72' lang='grc' dir='ltr'>ἔπραξαν,</span> <span class='ocrx_word' id='word_1_511' title='bbox 1260 3783 1336 3847; x_wconf 83' lang='grc' dir='ltr'>ὡς</span> <span class='ocrx_word' id='word_1_512' title='bbox 1387 3784 1446 3848; x_wconf 73' lang='grc' dir='ltr'>ἐς</span> <span class='ocrx_word' id='word_1_513' title='bbox 1495 3785 1599 3857; x_wconf 80' lang='grc' dir='ltr'>τὴν</span> <span class='ocrx_word' id='word_1_514' title='bbox 1662 3785 1882 3857; x_wconf 82' lang='grc' dir='ltr'>Ῥώμην</span> 
     </span>
    </p>
   </div>
   <div class='ocr_carea' id='block_1_71' title="bbox 297 3873 1882 3946">
    <p class='ocr_par' dir='ltr' id='par_1_71' title="bbox 297 3873 1882 3946">
     <span class='ocr_line' id='line_1_72' title="bbox 297 3873 1882 3946; baseline 0.002 -18"><span class='ocrx_word' id='word_1_515' title='bbox 297 3873 774 3945; x_wconf 74' lang='grc' dir='ltr'>πρεσϐεύσωνται.</span> <span class='ocrx_word' id='word_1_516' title='bbox 825 3875 888 3928; x_wconf 78' lang='grc' dir='ltr'><strong>οι</strong></span> <span class='ocrx_word' id='word_1_517' title='bbox 931 3873 977 3928; x_wconf 80' lang='grc' dir='ltr'>δ’</span> <span class='ocrx_word' id='word_1_518' title='bbox 1026 3875 1120 3927; x_wconf 76' lang='grc' dir='ltr'><strong>ἐπὶ</strong></span> <span class='ocrx_word' id='word_1_519' title='bbox 1164 3874 1265 3946; x_wconf 81' lang='grc' dir='ltr'>τὴν</span> <span class='ocrx_word' id='word_1_520' title='bbox 1296 3875 1492 3945; x_wconf 79' lang='grc' dir='ltr'>βουλὴν</span> <span class='ocrx_word' id='word_1_521' title='bbox 1525 3875 1765 3940; x_wconf 72' lang='grc' dir='ltr'>ἐλθόντες</span> <span class='ocrx_word' id='word_1_522' title='bbox 1813 3879 1882 3932; x_wconf 71' lang='grc' dir='ltr'><strong>τά</strong></span> 
     </span>
    </p>
   </div>
   <div class='ocr_carea' id='block_1_72' title="bbox 293 3961 1880 4040">
    <p class='ocr_par' dir='ltr' id='par_1_72' title="bbox 293 3961 1880 4040">
     <span class='ocr_line' id='line_1_73' title="bbox 293 3961 1880 4040; baseline 0 -18"><span class='ocrx_word' id='word_1_523' title='bbox 293 3967 447 4022; x_wconf 68' lang='grc' dir='ltr'>αὐτὰ</span> <span class='ocrx_word' id='word_1_524' title='bbox 477 3961 654 4020; x_wconf 75' lang='grc' dir='ltr'>εἷπον.</span> <span class='ocrx_word' id='word_1_525' title='bbox 705 3965 796 4028; x_wconf 79' lang='grc' dir='ltr'>Ὠς</span> <span class='ocrx_word' id='word_1_526' title='bbox 845 3965 888 4020; x_wconf 86' lang='grc' dir='ltr'>δ’</span> <span class='ocrx_word' id='word_1_527' title='bbox 943 3965 1159 4029; x_wconf 77' lang='grc' dir='ltr'>οὐδενὸς</span> <span class='ocrx_word' id='word_1_528' title='bbox 1192 3966 1243 4020; x_wconf 88' lang='grc' dir='ltr'><strong>οί</strong></span> <span class='ocrx_word' id='word_1_529' title='bbox 1291 3965 1556 4037; x_wconf 78' lang='grc' dir='ltr'>πρέσϐεις</span> <span class='ocrx_word' id='word_1_530' title='bbox 1602 3961 1678 4020; x_wconf 82' lang='grc' dir='ltr'>ὧν</span> <span class='ocrx_word' id='word_1_531' title='bbox 1717 3968 1880 4040; x_wconf 72' lang='grc' dir='ltr'>ᾔτουν</span> 
     </span>
    </p>
   </div>
   <div class='ocr_carea' id='block_1_73' title="bbox 295 4055 1881 4129">
    <p class='ocr_par' dir='ltr' id='par_1_73' title="bbox 295 4055 1881 4129">
     <span class='ocr_line' id='line_1_74' title="bbox 295 4055 1881 4129; baseline 0.001 -17"><span class='ocrx_word' id='word_1_532' title='bbox 295 4055 625 4126; x_wconf 70' lang='grc' dir='ltr'>ἰτύγχανον,</span> <span class='ocrx_word' id='word_1_533' title='bbox 686 4057 766 4119; x_wconf 84' lang='grc' dir='ltr'><strong>είς</strong></span> <span class='ocrx_word' id='word_1_534' title='bbox 817 4056 879 4109; x_wconf 84' lang='grc' dir='ltr'><strong>τδ</strong></span> <span class='ocrx_word' id='word_1_535' title='bbox 933 4057 1297 4128; x_wconf 82' lang='grc' dir='ltr'>στρατόπεδον</span> <span class='ocrx_word' id='word_1_536' title='bbox 1345 4056 1728 4129; x_wconf 79' lang='grc' dir='ltr'>ἀνεχώρησαν,</span> <span class='ocrx_word' id='word_1_537' title='bbox 1786 4062 1881 4114; x_wconf 81' lang='grc' dir='ltr'><strong>καὶ</strong></span> 
     </span>
    </p>
   </div>
   <div class='ocr_carea' id='block_1_74' title="bbox 296 4144 1880 4224">
    <p class='ocr_par' dir='ltr' id='par_1_74' title="bbox 296 4144 1880 4224">
     <span class='ocr_line' id='line_1_75' title="bbox 296 4144 1880 4224; baseline 0.001 -19"><span class='ocrx_word' id='word_1_538' title='bbox 296 4144 468 4221; x_wconf 67' lang='grc' dir='ltr'>εὖρον</span> <span class='ocrx_word' id='word_1_539' title='bbox 503 4149 832 4222; x_wconf 73' lang='grc' dir='ltr'>ἑφθαρμάνα</span> <span class='ocrx_word' id='word_1_540' title='bbox 887 4149 1042 4220; x_wconf 80' lang='grc' dir='ltr'>σφίσι</span> <span class='ocrx_word' id='word_1_541' title='bbox 1092 4151 1163 4205; x_wconf 82' lang='grc' dir='ltr'><strong>τά</strong></span> <span class='ocrx_word' id='word_1_542' title='bbox 1225 4151 1552 4222; x_wconf 87' lang='grc' dir='ltr'>πράγματα.</span> <span class='ocrx_word' id='word_1_543' title='bbox 1589 4153 1746 4217; x_wconf 74' lang='grc' dir='ltr'>Τινὲς</span> <span class='ocrx_word' id='word_1_544' title='bbox 1771 4154 1880 4224; x_wconf 76' lang='grc' dir='ltr'><strong>γάρ</strong></span> 
     </span>
    </p>
   </div>
   <div class='ocr_carea' id='block_1_75' title="bbox 296 4241 1878 4312">
    <p class='ocr_par' dir='ltr' id='par_1_75' title="bbox 296 4241 1878 4312">
     <span class='ocr_line' id='line_1_76' title="bbox 296 4241 1878 4312; baseline 0.003 -18"><span class='ocrx_word' id='word_1_545' title='bbox 296 4241 414 4295; x_wconf 80' lang='grc' dir='ltr'><strong>τῶν</strong></span> <span class='ocrx_word' id='word_1_546' title='bbox 440 4241 748 4312; x_wconf 78' lang='grc' dir='ltr'>συμμάχων</span> <span class='ocrx_word' id='word_1_547' title='bbox 778 4242 983 4306; x_wconf 85' lang='grc' dir='ltr'>αὐτῶν,</span> <span class='ocrx_word' id='word_1_548' title='bbox 1033 4243 1418 4312; x_wconf 74' lang='grc' dir='ltr'>μεταγνόντες,</span> <span class='ocrx_word' id='word_1_549' title='bbox 1475 4245 1568 4298; x_wconf 73' lang='grc' dir='ltr'>καὶ</span> <span class='ocrx_word' id='word_1_550' title='bbox 1591 4244 1682 4299; x_wconf 76' lang='grc' dir='ltr'><strong>διά</strong></span> <span class='ocrx_word' id='word_1_551' title='bbox 1712 4245 1878 4312; x_wconf 71' lang='grc' dir='ltr'>φόϐου</span> 
     </span>
    </p>
   </div>
   <div class='ocr_carea' id='block_1_76' title="bbox 296 4332 1879 4408">
    <p class='ocr_par' dir='ltr' id='par_1_76' title="bbox 296 4332 1879 4408">
     <span class='ocr_line' id='line_1_77' title="bbox 296 4332 1879 4408; baseline 0.006 -24"><span class='ocrx_word' id='word_1_552' title='bbox 296 4332 430 4396; x_wconf 82' lang='grc' dir='ltr'>τοὺς</span> <span class='ocrx_word' id='word_1_553' title='bbox 469 4334 777 4404; x_wconf 74' lang='grc' dir='ltr'>Ῥωμαίους</span> <span class='ocrx_word' id='word_1_554' title='bbox 837 4334 1220 4405; x_wconf 78' lang='grc' dir='ltr'>πεποιημένοι,</span> <span class='ocrx_word' id='word_1_555' title='bbox 1276 4335 1578 4408; x_wconf 77' lang='grc' dir='ltr'>ἐτράποντο</span> <span class='ocrx_word' id='word_1_556' title='bbox 1626 4339 1720 4392; x_wconf 69' lang='grc' dir='ltr'><strong>ἐπὶ</strong></span> <span class='ocrx_word' id='word_1_557' title='bbox 1754 4340 1879 4403; x_wconf 84' lang='grc' dir='ltr'><strong>τούς</strong></span> 
     </span>
    </p>
   </div>
   <div class='ocr_carea' id='block_1_77' title="bbox 301 4424 1876 4503">
    <p class='ocr_par' dir='ltr' id='par_1_77' title="bbox 301 4424 1876 4503">
     <span class='ocr_line' id='line_1_78' title="bbox 301 4424 1876 4503; baseline 0.003 -23"><span class='ocrx_word' id='word_1_558' title='bbox 301 4424 583 4491; x_wconf 58' lang='grc' dir='ltr'>Βοουὴυς,</span> <span class='ocrx_word' id='word_1_559' title='bbox 609 4428 707 4480; x_wconf 82' lang='grc' dir='ltr'>καὶ</span> <span class='ocrx_word' id='word_1_560' title='bbox 739 4425 928 4497; x_wconf 79' lang='grc' dir='ltr'>συχνοὶ</span> <span class='ocrx_word' id='word_1_561' title='bbox 973 4427 1254 4484; x_wconf 82' lang='grc' dir='ltr'>ἀπώλοντο</span> <span class='ocrx_word' id='word_1_562' title='bbox 1281 4430 1696 4503; x_wconf 78' lang='grc' dir='ltr'>ἀμφοτέρωθεν.</span> <span class='ocrx_word' id='word_1_563' title='bbox 1731 4433 1876 4486; x_wconf 76' lang='grc' dir='ltr'>Κάν-</span> 
     </span>
    </p>
   </div>
   <div class='ocr_carea' id='block_1_78' title="bbox 1988 3219 3564 3310">
    <p class='ocr_par' dir='ltr' id='par_1_78' title="bbox 1988 3219 3564 3310">
     <span class='ocr_line' id='line_1_79' title="bbox 1988 3219 3564 3310; baseline 0.017 -37"><span class='ocrx_word' id='word_1_564' title='bbox 1988 3219 2238 3277; x_wconf 80' lang='lat' dir='ltr'><strong>inducias</strong></span> <span class='ocrx_word' id='word_1_565' title='bbox 2289 3223 2561 3286; x_wconf 83' lang='lat' dir='ltr'><strong>iecerunt.</strong></span> <span class='ocrx_word' id='word_1_566' title='bbox 2613 3237 2673 3282; x_wconf 91' lang='lat' dir='ltr'><strong>ut</strong></span> <span class='ocrx_word' id='word_1_567' title='bbox 2706 3230 2772 3284; x_wconf 90' lang='lat' dir='ltr'><strong>iis</strong></span> <span class='ocrx_word' id='word_1_568' title='bbox 2796 3231 2862 3287; x_wconf 90' lang='lat' dir='ltr'><strong>de</strong></span> <span class='ocrx_word' id='word_1_569' title='bbox 2894 3235 3063 3290; x_wconf 80' lang='lat' dir='ltr'><strong>rebus</strong></span> <span class='ocrx_word' id='word_1_570' title='bbox 3111 3238 3274 3310; x_wconf 77' lang='lat' dir='ltr'><strong>legati</strong></span> <span class='ocrx_word' id='word_1_571' title='bbox 3319 3257 3348 3297; x_wconf 90' lang='lat' dir='ltr'><strong>a</strong></span> <span class='ocrx_word' id='word_1_572' title='bbox 3391 3242 3564 3300; x_wconf 79' lang='lat' dir='ltr'><strong>Gallis</strong></span> 
     </span>
    </p>
   </div>
   <div class='ocr_carea' id='block_1_79' title="bbox 1986 3312 3560 3396">
    <p class='ocr_par' dir='ltr' id='par_1_79' title="bbox 1986 3312 3560 3396">
     <span class='ocr_line' id='line_1_80' title="bbox 1986 3312 3560 3396; baseline 0.016 -30"><span class='ocrx_word' id='word_1_573' title='bbox 1986 3312 2213 3368; x_wconf 80' lang='lat' dir='ltr'><strong>Romam</strong></span> <span class='ocrx_word' id='word_1_574' title='bbox 2241 3314 2607 3374; x_wconf 81' lang='lat' dir='ltr'><strong>mitterentur.</strong></span> <span class='ocrx_word' id='word_1_575' title='bbox 2639 3319 2742 3387; x_wconf 88' lang='lat' dir='ltr'><strong>Qui</strong></span> <span class='ocrx_word' id='word_1_576' title='bbox 2767 3338 2892 3378; x_wconf 88' lang='lat' dir='ltr'><strong>cum</strong></span> <span class='ocrx_word' id='word_1_577' title='bbox 2924 3327 3068 3396; x_wconf 80' lang='lat' dir='ltr'><strong>apud</strong></span> <span class='ocrx_word' id='word_1_578' title='bbox 3096 3339 3344 3387; x_wconf 88' lang='lat' dir='ltr'><strong>senatum</strong></span> <span class='ocrx_word' id='word_1_579' title='bbox 3371 3335 3560 3390; x_wconf 68' lang='lat' dir='ltr'><strong>talem</strong></span> 
     </span>
    </p>
   </div>
   <div class='ocr_carea' id='block_1_80' title="bbox 1986 3405 3557 3492">
    <p class='ocr_par' dir='ltr' id='par_1_80' title="bbox 1986 3405 3557 3492">
     <span class='ocr_line' id='line_1_81' title="bbox 1986 3405 3557 3492; baseline 0.018 -35"><span class='ocrx_word' id='word_1_580' title='bbox 1986 3405 2384 3473; x_wconf 79' lang='lat' dir='ltr'><strong>postulassent,</strong></span> <span class='ocrx_word' id='word_1_581' title='bbox 2443 3424 2623 3480; x_wconf 87' lang='lat' dir='ltr'><strong>neque</strong></span> <span class='ocrx_word' id='word_1_582' title='bbox 2679 3414 2978 3484; x_wconf 78' lang='lat' dir='ltr'><strong>quidquam</strong></span> <span class='ocrx_word' id='word_1_583' title='bbox 3025 3419 3447 3492; x_wconf 65' lang='lat' dir='ltr'><strong>impetrassent,</strong></span> <span class='ocrx_word' id='word_1_584' title='bbox 3503 3427 3557 3486; x_wconf 86' lang='lat' dir='ltr'><strong>in</strong></span> 
     </span>
    </p>
   </div>
   <div class='ocr_carea' id='block_1_81' title="bbox 1984 3503 3562 3587">
    <p class='ocr_par' dir='ltr' id='par_1_81' title="bbox 1984 3503 3562 3587">
     <span class='ocr_line' id='line_1_82' title="bbox 1984 3503 3562 3587; baseline 0.016 -37"><span class='ocrx_word' id='word_1_585' title='bbox 1984 3506 2160 3553; x_wconf 86' lang='lat' dir='ltr'><strong>castra</strong></span> <span class='ocrx_word' id='word_1_586' title='bbox 2192 3503 2420 3565; x_wconf 82' lang='lat' dir='ltr'><strong>reversi,</strong></span> <span class='ocrx_word' id='word_1_587' title='bbox 2462 3519 2553 3559; x_wconf 87' lang='lat' dir='ltr'><strong>res</strong></span> <span class='ocrx_word' id='word_1_588' title='bbox 2597 3519 2724 3562; x_wconf 84' lang='lat' dir='ltr'><strong>suas</strong></span> <span class='ocrx_word' id='word_1_589' title='bbox 2767 3509 3009 3577; x_wconf 88' lang='lat' dir='ltr'><strong>perditas</strong></span> <span class='ocrx_word' id='word_1_590' title='bbox 3055 3529 3396 3585; x_wconf 86' lang='lat' dir='ltr'><strong>repererunt.</strong></span> <span class='ocrx_word' id='word_1_591' title='bbox 3428 3517 3562 3587; x_wconf 83' lang='lat' dir='ltr'><strong>Qui-</strong></span> 
     </span>
    </p>
   </div>
   <div class='ocr_carea' id='block_1_82' title="bbox 1983 3597 3562 3685">
    <p class='ocr_par' dir='ltr' id='par_1_82' title="bbox 1983 3597 3562 3685">
     <span class='ocr_line' id='line_1_83' title="bbox 1983 3597 3562 3685; baseline 0.015 -34"><span class='ocrx_word' id='word_1_592' title='bbox 1983 3597 2108 3652; x_wconf 88' lang='lat' dir='ltr'><strong>dam</strong></span> <span class='ocrx_word' id='word_1_593' title='bbox 2138 3601 2285 3655; x_wconf 89' lang='lat' dir='ltr'><strong>enim</strong></span> <span class='ocrx_word' id='word_1_594' title='bbox 2315 3618 2381 3658; x_wconf 73' lang='lat' dir='ltr'><strong>ex</strong></span> <span class='ocrx_word' id='word_1_595' title='bbox 2409 3618 2599 3660; x_wconf 87' lang='lat' dir='ltr'><strong>eorum</strong></span> <span class='ocrx_word' id='word_1_596' title='bbox 2634 3609 2826 3675; x_wconf 89' lang='lat' dir='ltr'><strong>sociis,</strong></span> <span class='ocrx_word' id='word_1_597' title='bbox 2871 3621 3076 3668; x_wconf 86' lang='lat' dir='ltr'><strong>mutata</strong></span> <span class='ocrx_word' id='word_1_598' title='bbox 3109 3618 3400 3685; x_wconf 87' lang='lat' dir='ltr'><strong>sententia,</strong></span> <span class='ocrx_word' id='word_1_599' title='bbox 3452 3619 3562 3674; x_wconf 81' lang='lat' dir='ltr'><strong>Ro-</strong></span> 
     </span>
    </p>
   </div>
   <div class='ocr_carea' id='block_1_83' title="bbox 1985 3694 3562 3783">
    <p class='ocr_par' dir='ltr' id='par_1_83' title="bbox 1985 3694 3562 3783">
     <span class='ocr_line' id='line_1_84' title="bbox 1985 3694 3562 3783; baseline 0.016 -39"><span class='ocrx_word' id='word_1_600' title='bbox 1985 3706 2174 3747; x_wconf 87' lang='lat' dir='ltr'><strong>manos</strong></span> <span class='ocrx_word' id='word_1_601' title='bbox 2219 3694 2496 3762; x_wconf 87' lang='lat' dir='ltr'><strong>timentes,</strong></span> <span class='ocrx_word' id='word_1_602' title='bbox 2544 3698 2708 3755; x_wconf 87' lang='lat' dir='ltr'><strong>Boios</strong></span> <span class='ocrx_word' id='word_1_603' title='bbox 2735 3712 2865 3757; x_wconf 87' lang='lat' dir='ltr'><strong>sunt</strong></span> <span class='ocrx_word' id='word_1_604' title='bbox 2900 3706 3177 3776; x_wconf 77' lang='lat' dir='ltr'><strong>aggressi:</strong></span> <span class='ocrx_word' id='word_1_605' title='bbox 3209 3724 3273 3765; x_wconf 85' lang='lat' dir='ltr'><strong>ac</strong></span> <span class='ocrx_word' id='word_1_606' title='bbox 3301 3711 3562 3783; x_wconf 83' lang='lat' dir='ltr'><strong>utrinque</strong></span> 
     </span>
    </p>
   </div>
   <div class='ocr_carea' id='block_1_84' title="bbox 1984 3786 3556 3865">
    <p class='ocr_par' dir='ltr' id='par_1_84' title="bbox 1984 3786 3556 3865">
     <span class='ocr_line' id='line_1_85' title="bbox 1984 3786 3556 3865; baseline 0.014 -27"><span class='ocrx_word' id='word_1_607' title='bbox 1984 3786 2138 3839; x_wconf 89' lang='lat' dir='ltr'><strong>multi</strong></span> <span class='ocrx_word' id='word_1_608' title='bbox 2165 3787 2498 3845; x_wconf 84' lang='lat' dir='ltr'><strong>ceciderunt.</strong></span> <span class='ocrx_word' id='word_1_609' title='bbox 2539 3791 2690 3848; x_wconf 90' lang='lat' dir='ltr'><strong>Unde</strong></span> <span class='ocrx_word' id='word_1_610' title='bbox 2738 3794 2931 3865; x_wconf 87' lang='lat' dir='ltr'><strong>reliqui</strong></span> <span class='ocrx_word' id='word_1_611' title='bbox 2978 3796 3200 3855; x_wconf 90' lang='lat' dir='ltr'><strong>domum</strong></span> <span class='ocrx_word' id='word_1_612' title='bbox 3237 3803 3556 3862; x_wconf 88' lang='lat' dir='ltr'><strong>redierunt:</strong></span> 
     </span>
    </p>
   </div>
   <div class='ocr_carea' id='block_1_85' title="bbox 1982 3876 3559 3960">
    <p class='ocr_par' dir='ltr' id='par_1_85' title="bbox 1982 3876 3559 3960">
     <span class='ocr_line' id='line_1_86' title="bbox 1982 3876 3559 3960; baseline 0.015 -31"><span class='ocrx_word' id='word_1_613' title='bbox 1982 3876 2099 3931; x_wconf 87' lang='lat' dir='ltr'><strong>Boii</strong></span> <span class='ocrx_word' id='word_1_614' title='bbox 2131 3893 2228 3947; x_wconf 91' lang='lat' dir='ltr'><strong>per</strong></span> <span class='ocrx_word' id='word_1_615' title='bbox 2265 3881 2550 3948; x_wconf 87' lang='lat' dir='ltr'><strong>pactiones</strong></span> <span class='ocrx_word' id='word_1_616' title='bbox 2579 3900 2772 3956; x_wconf 85' lang='lat' dir='ltr'><strong>magna</strong></span> <span class='ocrx_word' id='word_1_617' title='bbox 2798 3887 2912 3957; x_wconf 87' lang='lat' dir='ltr'><strong>agri</strong></span> <span class='ocrx_word' id='word_1_618' title='bbox 2944 3889 3030 3944; x_wconf 89' lang='lat' dir='ltr'><strong>sui</strong></span> <span class='ocrx_word' id='word_1_619' title='bbox 3059 3900 3215 3960; x_wconf 88' lang='lat' dir='ltr'><strong>parte</strong></span> <span class='ocrx_word' id='word_1_620' title='bbox 3255 3902 3384 3949; x_wconf 87' lang='lat' dir='ltr'><strong>sunt</strong></span> <span class='ocrx_word' id='word_1_621' title='bbox 3416 3895 3559 3951; x_wconf 89' lang='lat' dir='ltr'><strong>mul-</strong></span> 
     </span>
    </p>
   </div>
   <div class='ocr_carea' id='block_1_86' title="bbox 1983 3968 3556 4047">
    <p class='ocr_par' dir='ltr' id='par_1_86' title="bbox 1983 3968 3556 4047">
     <span class='ocr_line' id='line_1_87' title="bbox 1983 3968 3556 4047; baseline 0.015 -26"><span class='ocrx_word' id='word_1_622' title='bbox 1983 3968 2098 4024; x_wconf 82' lang='lat' dir='ltr'><strong>tati.</strong></span> <span class='ocrx_word' id='word_1_623' title='bbox 2129 3969 2354 4027; x_wconf 84' lang='lat' dir='ltr'><strong>Gallicis</strong></span> <span class='ocrx_word' id='word_1_624' title='bbox 2390 3972 2552 4031; x_wconf 87' lang='lat' dir='ltr'><strong>bellis</strong></span> <span class='ocrx_word' id='word_1_625' title='bbox 2590 3975 2701 4046; x_wconf 84' lang='lat' dir='ltr'><strong>jam</strong></span> <span class='ocrx_word' id='word_1_626' title='bbox 2733 3979 3019 4047; x_wconf 78' lang='lat' dir='ltr'><strong>confectis,</strong></span> <span class='ocrx_word' id='word_1_627' title='bbox 3068 3983 3336 4040; x_wconf 88' lang='lat' dir='ltr'><strong>Lentulus</strong></span> <span class='ocrx_word' id='word_1_628' title='bbox 3363 3997 3556 4045; x_wconf 86' lang='lat' dir='ltr'><strong>contra</strong></span> 
     </span>
    </p>
   </div>
   <div class='ocr_carea' id='block_1_87' title="bbox 1981 4060 3554 4151">
    <p class='ocr_par' dir='ltr' id='par_1_87' title="bbox 1981 4060 3554 4151">
     <span class='ocr_line' id='line_1_88' title="bbox 1981 4060 3554 4151; baseline 0.014 -36"><span class='ocrx_word' id='word_1_629' title='bbox 1981 4060 2212 4133; x_wconf 83' lang='lat' dir='ltr'><strong>Ligures</strong></span> <span class='ocrx_word' id='word_1_630' title='bbox 2239 4079 2390 4122; x_wconf 86' lang='lat' dir='ltr'><strong>arma</strong></span> <span class='ocrx_word' id='word_1_631' title='bbox 2417 4069 2565 4138; x_wconf 86' lang='lat' dir='ltr'><strong>cepit</strong></span> <span class='ocrx_word' id='word_1_632' title='bbox 2594 4086 2608 4124; x_wconf 90' lang='lat'>:</span> <span class='ocrx_word' id='word_1_633' title='bbox 2645 4077 2700 4125; x_wconf 89' lang='lat' dir='ltr'><strong>et</strong></span> <span class='ocrx_word' id='word_1_634' title='bbox 2748 4071 2814 4126; x_wconf 91' lang='lat' dir='ltr'><strong>iis</strong></span> <span class='ocrx_word' id='word_1_635' title='bbox 2846 4073 2940 4143; x_wconf 89' lang='lat' dir='ltr'><strong>qui</strong></span> <span class='ocrx_word' id='word_1_636' title='bbox 2971 4077 3336 4135; x_wconf 88' lang='lat' dir='ltr'><strong>occurrebant</strong></span> <span class='ocrx_word' id='word_1_637' title='bbox 3362 4079 3554 4151; x_wconf 82' lang='lat' dir='ltr'><strong>proﬂi-</strong></span> 
     </span>
    </p>
   </div>
   <div class='ocr_carea' id='block_1_88' title="bbox 1982 4152 3552 4235">
    <p class='ocr_par' dir='ltr' id='par_1_88' title="bbox 1982 4152 3552 4235">
     <span class='ocr_line' id='line_1_89' title="bbox 1982 4152 3552 4235; baseline 0.015 -30"><span class='ocrx_word' id='word_1_638' title='bbox 1982 4152 2142 4220; x_wconf 84' lang='lat' dir='ltr'><strong>gatis,</strong></span> <span class='ocrx_word' id='word_1_639' title='bbox 2201 4156 2422 4211; x_wconf 86' lang='lat' dir='ltr'><strong>castella</strong></span> <span class='ocrx_word' id='word_1_640' title='bbox 2468 4159 2718 4229; x_wconf 63' lang='lat' dir='ltr'><strong>quaedam</strong></span> <span class='ocrx_word' id='word_1_641' title='bbox 2768 4163 3004 4235; x_wconf 80' lang='lat' dir='ltr'><strong>subegit.</strong></span> <span class='ocrx_word' id='word_1_642' title='bbox 3043 4167 3216 4225; x_wconf 85' lang='lat' dir='ltr'><strong>Varus</strong></span> <span class='ocrx_word' id='word_1_643' title='bbox 3268 4167 3552 4227; x_wconf 85' lang='lat' dir='ltr'><strong>Corsicam</strong></span> 
     </span>
    </p>
   </div>
   <div class='ocr_carea' id='block_1_89' title="bbox 1981 4246 3557 4331">
    <p class='ocr_par' dir='ltr' id='par_1_89' title="bbox 1981 4246 3557 4331">
     <span class='ocr_line' id='line_1_90' title="bbox 1981 4246 3557 4331; baseline 0.015 -33"><span class='ocrx_word' id='word_1_644' title='bbox 1981 4246 2279 4314; x_wconf 84' lang='lat' dir='ltr'><strong>petiturus,</strong></span> <span class='ocrx_word' id='word_1_645' title='bbox 2320 4262 2444 4304; x_wconf 88' lang='lat' dir='ltr'><strong>cum</strong></span> <span class='ocrx_word' id='word_1_646' title='bbox 2477 4261 2704 4321; x_wconf 90' lang='lat' dir='ltr'><strong>propter</strong></span> <span class='ocrx_word' id='word_1_647' title='bbox 2742 4256 3085 4328; x_wconf 81' lang='lat' dir='ltr'><strong>navigiorum</strong></span> <span class='ocrx_word' id='word_1_648' title='bbox 3113 4262 3402 4331; x_wconf 85' lang='lat' dir='ltr'><strong>penuriam</strong></span> <span class='ocrx_word' id='word_1_649' title='bbox 3440 4273 3557 4320; x_wconf 89' lang='lat' dir='ltr'><strong>tra-</strong></span> 
     </span>
    </p>
   </div>
   <div class='ocr_carea' id='block_1_90' title="bbox 1974 4335 3556 4428">
    <p class='ocr_par' dir='ltr' id='par_1_90' title="bbox 1974 4335 3556 4428">
     <span class='ocr_line' id='line_1_91' title="bbox 1974 4335 3556 4428; baseline 0.016 -39"><span class='ocrx_word' id='word_1_650' title='bbox 1974 4335 2145 4406; x_wconf 87' lang='lat' dir='ltr'><strong>jicere</strong></span> <span class='ocrx_word' id='word_1_651' title='bbox 2176 4354 2285 4394; x_wconf 89' lang='lat' dir='ltr'><strong>non</strong></span> <span class='ocrx_word' id='word_1_652' title='bbox 2323 4353 2534 4410; x_wconf 86' lang='lat' dir='ltr'><strong>posset,</strong></span> <span class='ocrx_word' id='word_1_653' title='bbox 2575 4343 2870 4402; x_wconf 85' lang='lat' dir='ltr'><strong>Claudiu-n</strong></span> <span class='ocrx_word' id='word_1_654' title='bbox 2916 4348 3153 4408; x_wconf 86' lang='lat' dir='ltr'><strong>Cliniam</strong></span> <span class='ocrx_word' id='word_1_655' title='bbox 3205 4356 3330 4409; x_wconf 78' lang='lat' dir='ltr'><strong>curii</strong></span> <span class='ocrx_word' id='word_1_656' title='bbox 3379 4360 3556 4428; x_wconf 81' lang='lat' dir='ltr'><strong>copiis</strong></span> 
     </span>
    </p>
   </div>
   <div class='ocr_carea' id='block_1_91' title="bbox 1980 4431 3553 4521">
    <p class='ocr_par' dir='ltr' id='par_1_91' title="bbox 1980 4431 3553 4521">
     <span class='ocr_line' id='line_1_92' title="bbox 1980 4431 3553 4521; baseline 0.017 -40"><span class='ocrx_word' id='word_1_657' title='bbox 1980 4431 2245 4498; x_wconf 61' lang='lat' dir='ltr'><strong>praemisit</strong></span> <span class='ocrx_word' id='word_1_658' title='bbox 2280 4449 2294 4490; x_wconf 85' lang='lat'><strong>:</strong></span> <span class='ocrx_word' id='word_1_659' title='bbox 2326 4435 2421 4504; x_wconf 89' lang='lat' dir='ltr'><strong>qui</strong></span> <span class='ocrx_word' id='word_1_660' title='bbox 2452 4435 2639 4493; x_wconf 89' lang='lat' dir='ltr'><strong>Corsis</strong></span> <span class='ocrx_word' id='word_1_661' title='bbox 2668 4440 2898 4498; x_wconf 89' lang='lat' dir='ltr'><strong>territis.</strong></span> <span class='ocrx_word' id='word_1_662' title='bbox 2930 4443 2986 4498; x_wconf 88' lang='lat' dir='ltr'><strong>iu</strong></span> <span class='ocrx_word' id='word_1_663' title='bbox 3017 4445 3356 4517; x_wconf 89' lang='lat' dir='ltr'><strong>colloquium</strong></span> <span class='ocrx_word' id='word_1_664' title='bbox 3381 4453 3553 4521; x_wconf 85' lang='lat' dir='ltr'><strong>venit,</strong></span> 
     </span>
    </p>
   </div>
   <div class='ocr_carea' id='block_1_92' title="bbox 299 4501 1887 4598">
    <p class='ocr_par' dir='ltr' id='par_1_92' title="bbox 299 4501 1878 4590">
     <span class='ocr_line' id='line_1_93' title="bbox 299 4501 1878 4590; baseline 0.003 -17"><span class='ocrx_word' id='word_1_665' title='bbox 299 4518 496 4573; x_wconf 82' lang='grc' dir='ltr'>τεῦθεν</span> <span class='ocrx_word' id='word_1_666' title='bbox 524 4520 766 4590; x_wconf 77' lang='grc' dir='ltr'>ἀπῆλθον</span> <span class='ocrx_word' id='word_1_667' title='bbox 788 4519 968 4573; x_wconf 74' lang='grc' dir='ltr'>οἴκαῖε</span> <span class='ocrx_word' id='word_1_668' title='bbox 993 4523 1042 4575; x_wconf 77' lang='grc' dir='ltr'>οἱ</span> <span class='ocrx_word' id='word_1_669' title='bbox 1063 4521 1260 4589; x_wconf 80' lang='grc' dir='ltr'>λοιποὶ,</span> <span class='ocrx_word' id='word_1_670' title='bbox 1289 4523 1383 4578; x_wconf 77' lang='grc' dir='ltr'><strong>καὶ</strong></span> <span class='ocrx_word' id='word_1_671' title='bbox 1399 4524 1448 4577; x_wconf 77' lang='grc' dir='ltr'>οἱ</span> <span class='ocrx_word' id='word_1_672' title='bbox 1479 4501 1686 4578; x_wconf 66' lang='lat' dir='ltr'><strong>Boaulia:</strong></span> <span class='ocrx_word' id='word_1_673' title='bbox 1714 4543 1878 4579; x_wconf 87' lang='grc' dir='ltr'>σπον-</span> 
     </span>
    </p>
   </div>
   <div class='ocr_carea' id='block_1_93' title="bbox 1989 4501 3555 4598">
    <p class='ocr_par' dir='ltr' id='par_1_93' title="bbox 1989 4501 3555 4598">
     <span class='ocr_line' id='line_1_94' title="bbox 1989 4501 3555 4598; baseline 0.016 -24"><span class='ocrx_word' id='word_1_674' title='bbox 1989 4529 2037 4575; x_wconf 81' lang='lat' dir='ltr'><strong>et</strong></span> <span class='ocrx_word' id='word_1_675' title='bbox 2064 4537 2164 4592; x_wconf 91' lang='lat' dir='ltr'><strong>pro</strong></span> <span class='ocrx_word' id='word_1_676' title='bbox 2189 4501 2516 4583; x_wconf 37' lang='lat' dir='ltr'><strong>aucto—ritate</strong></span> <span class='ocrx_word' id='word_1_677' title='bbox 2544 4544 2731 4598; x_wconf 86' lang='lat' dir='ltr'><strong>pacem</strong></span> <span class='ocrx_word' id='word_1_678' title='bbox 2761 4545 2887 4587; x_wconf 90' lang='lat' dir='ltr'><strong>cum</strong></span> <span class='ocrx_word' id='word_1_679' title='bbox 2915 4534 2997 4590; x_wconf 84' lang='lat' dir='ltr'><strong>eis</strong></span> <span class='ocrx_word' id='word_1_680' title='bbox 3038 4501 3195 4592; x_wconf 59' lang='lat' dir='ltr'><strong>fecit:</strong></span> <span class='ocrx_word' id='word_1_681' title='bbox 3230 4537 3407 4598; x_wconf 80' lang='lat' dir='ltr'><strong>Varus</strong></span> <span class='ocrx_word' id='word_1_682' title='bbox 3454 4501 3555 4598; x_wconf 58' lang='lat' dir='ltr'><strong>au:</strong></span> 
     </span>
    </p>
   </div>
   <div class='ocr_carea' id='block_1_94' title="bbox 297 4611 1871 4687">
    <p class='ocr_par' dir='ltr' id='par_1_94' title="bbox 297 4611 1871 4687">
     <span class='ocr_line' id='line_1_95' title="bbox 297 4611 1871 4687; baseline 0.006 -24"><span class='ocrx_word' id='word_1_683' title='bbox 297 4611 397 4674; x_wconf 67' lang='lat' dir='ltr'><strong>ea;</strong></span> <span class='ocrx_word' id='word_1_684' title='bbox 429 4612 524 4664; x_wconf 68' lang='grc' dir='ltr'><strong>ἐπὶ</strong></span> <span class='ocrx_word' id='word_1_685' title='bbox 552 4612 709 4683; x_wconf 85' lang='grc' dir='ltr'>μέρει</span> <span class='ocrx_word' id='word_1_686' title='bbox 740 4611 920 4682; x_wconf 87' lang='grc' dir='ltr'>πολλῷ</span> <span class='ocrx_word' id='word_1_687' title='bbox 947 4614 1045 4685; x_wconf 79' lang='grc' dir='ltr'>τῆς</span> <span class='ocrx_word' id='word_1_688' title='bbox 1077 4611 1263 4684; x_wconf 86' lang='grc' dir='ltr'>χώρας</span> <span class='ocrx_word' id='word_1_689' title='bbox 1320 4615 1471 4684; x_wconf 73' lang='grc' dir='ltr'>σφῶν</span> <span class='ocrx_word' id='word_1_690' title='bbox 1524 4616 1871 4687; x_wconf 78' lang='grc' dir='ltr'>ἐποιήσαντο.</span> 
     </span>
    </p>
   </div>
   <div class='ocr_carea' id='block_1_95' title="bbox 304 4702 1869 4778">
    <p class='ocr_par' dir='ltr' id='par_1_95' title="bbox 304 4702 1869 4778">
     <span class='ocr_line' id='line_1_96' title="bbox 304 4702 1869 4778; baseline 0.004 -22"><span class='ocrx_word' id='word_1_691' title='bbox 304 4703 448 4774; x_wconf 75' lang='grc' dir='ltr'>Ἤδη</span> <span class='ocrx_word' id='word_1_692' title='bbox 471 4702 527 4756; x_wconf 78' lang='grc' dir='ltr'>δὲ</span> <span class='ocrx_word' id='word_1_693' title='bbox 557 4705 667 4755; x_wconf 82' lang='grc' dir='ltr'>τῶν</span> <span class='ocrx_word' id='word_1_694' title='bbox 698 4703 1016 4759; x_wconf 84' lang='grc' dir='ltr'>Γαλατικῶν</span> <span class='ocrx_word' id='word_1_695' title='bbox 1063 4704 1332 4760; x_wconf 74' lang='grc' dir='ltr'>λυθέντων</span> <span class='ocrx_word' id='word_1_696' title='bbox 1366 4707 1638 4778; x_wconf 78' lang='grc' dir='ltr'>πολέμων,</span> <span class='ocrx_word' id='word_1_697' title='bbox 1674 4710 1702 4762; x_wconf 85' lang='grc' dir='ltr'>ὁ</span> <span class='ocrx_word' id='word_1_698' title='bbox 1738 4711 1869 4764; x_wconf 52' lang='grc' dir='ltr'>Λέν.</span> 
     </span>
    </p>
   </div>
   <div class='ocr_carea' id='block_1_96' title="bbox 298 4793 1874 4874">
    <p class='ocr_par' dir='ltr' id='par_1_96' title="bbox 298 4793 1874 4874">
     <span class='ocr_line' id='line_1_97' title="bbox 298 4793 1874 4874; baseline 0.006 -26"><span class='ocrx_word' id='word_1_699' title='bbox 298 4793 492 4857; x_wconf 85' lang='grc' dir='ltr'>τουλος</span> <span class='ocrx_word' id='word_1_700' title='bbox 540 4794 903 4864; x_wconf 70' lang='grc' dir='ltr'>εστράτευσεν</span> <span class='ocrx_word' id='word_1_701' title='bbox 957 4795 1052 4849; x_wconf 78' lang='grc' dir='ltr'><strong>ἐπὶ</strong></span> <span class='ocrx_word' id='word_1_702' title='bbox 1100 4796 1335 4865; x_wconf 85' lang='grc' dir='ltr'>Λίγυας,</span> <span class='ocrx_word' id='word_1_703' title='bbox 1370 4801 1610 4865; x_wconf 77' lang='grc' dir='ltr'>καὶτοὺς</span> <span class='ocrx_word' id='word_1_704' title='bbox 1641 4804 1874 4874; x_wconf 76' lang='grc' dir='ltr'>προσπί-</span> 
     </span>
    </p>
   </div>
   <div class='ocr_carea' id='block_1_97' title="bbox 304 4886 1866 4965">
    <p class='ocr_par' dir='ltr' id='par_1_97' title="bbox 304 4886 1866 4965">
     <span class='ocr_line' id='line_1_98' title="bbox 304 4886 1866 4965; baseline 0.008 -27"><span class='ocrx_word' id='word_1_705' title='bbox 304 4901 538 4949; x_wconf 82' lang='grc' dir='ltr'>πτοντας</span> <span class='ocrx_word' id='word_1_706' title='bbox 567 4886 827 4956; x_wconf 72' lang='grc' dir='ltr'>ἠμύνετο,</span> <span class='ocrx_word' id='word_1_707' title='bbox 864 4887 958 4941; x_wconf 87' lang='grc' dir='ltr'><strong>καί</strong></span> <span class='ocrx_word' id='word_1_708' title='bbox 987 4905 1108 4941; x_wconf 90' lang='grc' dir='ltr'>τινα</span> <span class='ocrx_word' id='word_1_709' title='bbox 1157 4889 1411 4959; x_wconf 72' lang='grc' dir='ltr'>ἐρύματα</span> <span class='ocrx_word' id='word_1_710' title='bbox 1463 4897 1866 4965; x_wconf 77' lang='grc' dir='ltr'>παρεστήσατο.</span> 
     </span>
    </p>
   </div>
   <div class='ocr_carea' id='block_1_98' title="bbox 304 4977 1872 5058">
    <p class='ocr_par' dir='ltr' id='par_1_98' title="bbox 304 4977 1872 5058">
     <span class='ocr_line' id='line_1_99' title="bbox 304 4977 1872 5058; baseline 0.008 -28"><span class='ocrx_word' id='word_1_711' title='bbox 304 4977 517 5049; x_wconf 81' lang='grc' dir='ltr'>οὐαρος</span> <span class='ocrx_word' id='word_1_712' title='bbox 549 4978 628 5043; x_wconf 87' lang='grc' dir='ltr'>δὲ,</span> <span class='ocrx_word' id='word_1_713' title='bbox 661 4980 756 5033; x_wconf 66' lang='grc' dir='ltr'><strong>ἐπὶ</strong></span> <span class='ocrx_word' id='word_1_714' title='bbox 789 4979 1002 5053; x_wconf 77' lang='grc' dir='ltr'>Κύρνον</span> <span class='ocrx_word' id='word_1_715' title='bbox 1030 4982 1304 5053; x_wconf 74' lang='grc' dir='ltr'>ὁρμήσας,</span> <span class='ocrx_word' id='word_1_716' title='bbox 1357 4985 1454 5040; x_wconf 72' lang='grc' dir='ltr'><strong>καὶ</strong></span> <span class='ocrx_word' id='word_1_717' title='bbox 1489 4985 1566 5058; x_wconf 83' lang='grc' dir='ltr'>μὴ</span> <span class='ocrx_word' id='word_1_718' title='bbox 1622 4987 1872 5058; x_wconf 73' lang='grc' dir='ltr'>δυνηθεὶς</span> 
     </span>
    </p>
   </div>
   <div class='ocr_carea' id='block_1_99' title="bbox 300 5070 1870 5144">
    <p class='ocr_par' dir='ltr' id='par_1_99' title="bbox 300 5070 1870 5144">
     <span class='ocr_line' id='line_1_100' title="bbox 300 5070 1870 5144; baseline 0.008 -22"><span class='ocrx_word' id='word_1_719' title='bbox 300 5070 508 5143; x_wconf 79' lang='grc' dir='ltr'>ἀπορίᾳ</span> <span class='ocrx_word' id='word_1_720' title='bbox 541 5072 742 5127; x_wconf 87' lang='grc' dir='ltr'>πλοίων</span> <span class='ocrx_word' id='word_1_721' title='bbox 772 5073 1175 5144; x_wconf 83' lang='grc' dir='ltr'>περαιωθῆναι,</span> <span class='ocrx_word' id='word_1_722' title='bbox 1199 5076 1436 5130; x_wconf 81' lang='grc' dir='ltr'>Κλινέαν</span> <span class='ocrx_word' id='word_1_723' title='bbox 1460 5078 1727 5134; x_wconf 68' lang='grc' dir='ltr'>Κλαωιὸν</span> <span class='ocrx_word' id='word_1_724' title='bbox 1747 5097 1870 5134; x_wconf 86' lang='grc' dir='ltr'>τινα</span> 
     </span>
    </p>
   </div>
   <div class='ocr_carea' id='block_1_100' title="bbox 302 5159 1869 5240">
    <p class='ocr_par' dir='ltr' id='par_1_100' title="bbox 302 5159 1869 5240">
     <span class='ocr_line' id='line_1_101' title="bbox 302 5159 1869 5240; baseline 0.01 -30"><span class='ocrx_word' id='word_1_725' title='bbox 302 5168 398 5213; x_wconf 62' lang='grc' dir='ltr'>σ’»ν</span> <span class='ocrx_word' id='word_1_726' title='bbox 445 5159 676 5234; x_wconf 86' lang='grc' dir='ltr'>δυνάμει</span> <span class='ocrx_word' id='word_1_727' title='bbox 711 5165 1058 5236; x_wconf 73' lang='grc' dir='ltr'>προέπεμψε.</span> <span class='ocrx_word' id='word_1_728' title='bbox 1102 5166 1390 5233; x_wconf 71' lang='grc' dir='ltr'>Κάκεῖνος,</span> <span class='ocrx_word' id='word_1_729' title='bbox 1421 5167 1546 5232; x_wconf 81' lang='grc' dir='ltr'><strong>τούς</strong></span> <span class='ocrx_word' id='word_1_730' title='bbox 1597 5171 1869 5240; x_wconf 80' lang='grc' dir='ltr'>Κυρνίους</span> 
     </span>
    </p>
   </div>
   <div class='ocr_carea' id='block_1_101' title="bbox 299 5251 1869 5334">
    <p class='ocr_par' dir='ltr' id='par_1_101' title="bbox 299 5251 1869 5334">
     <span class='ocr_line' id='line_1_102' title="bbox 299 5251 1869 5334; baseline 0.007 -31"><span class='ocrx_word' id='word_1_731' title='bbox 299 5253 680 5325; x_wconf 67' lang='grc' dir='ltr'>καταπλήξας,</span> <span class='ocrx_word' id='word_1_732' title='bbox 737 5255 794 5318; x_wconf 64' lang='grc' dir='ltr'>ις</span> <span class='ocrx_word' id='word_1_733' title='bbox 843 5255 1036 5324; x_wconf 69' lang='grc' dir='ltr'>λόγους</span> <span class='ocrx_word' id='word_1_734' title='bbox 1081 5251 1234 5325; x_wconf 76' lang='grc' dir='ltr'>ἦλθε,</span> <span class='ocrx_word' id='word_1_735' title='bbox 1268 5255 1362 5311; x_wconf 82' lang='grc' dir='ltr'><strong>καὶ</strong></span> <span class='ocrx_word' id='word_1_736' title='bbox 1394 5256 1472 5321; x_wconf 84' lang='grc' dir='ltr'>ὼς</span> <span class='ocrx_word' id='word_1_737' title='bbox 1508 5259 1869 5334; x_wconf 80' lang='grc' dir='ltr'>αὐτοκράτωρ,</span> 
     </span>
    </p>
   </div>
   <div class='ocr_carea' id='block_1_102' title="bbox 299 5345 1863 5421">
    <p class='ocr_par' dir='ltr' id='par_1_102' title="bbox 299 5345 1863 5421">
     <span class='ocr_line' id='line_1_103' title="bbox 299 5345 1863 5421; baseline 0.006 -27"><span class='ocrx_word' id='word_1_738' title='bbox 299 5345 583 5412; x_wconf 72' lang='grc' dir='ltr'>τυγχάνων</span> <span class='ocrx_word' id='word_1_739' title='bbox 635 5346 952 5402; x_wconf 72' lang='grc' dir='ltr'>ἐσπείσατο.</span> <span class='ocrx_word' id='word_1_740' title='bbox 1003 5347 1213 5417; x_wconf 74' lang='grc' dir='ltr'>Οὔαρος</span> <span class='ocrx_word' id='word_1_741' title='bbox 1243 5346 1299 5400; x_wconf 85' lang='grc' dir='ltr'>δὲ</span> <span class='ocrx_word' id='word_1_742' title='bbox 1328 5347 1439 5402; x_wconf 87' lang='grc' dir='ltr'><strong>τῶν</strong></span> <span class='ocrx_word' id='word_1_743' title='bbox 1462 5349 1746 5419; x_wconf 85' lang='grc' dir='ltr'>συνθηκῶν</span> <span class='ocrx_word' id='word_1_744' title='bbox 1787 5353 1863 5421; x_wconf 83' lang='grc' dir='ltr'>μὴ</span> 
     </span>
    </p>
   </div>
   <div class='ocr_carea' id='block_1_103' title="bbox 1981 4618 3555 4708">
    <p class='ocr_par' dir='ltr' id='par_1_103' title="bbox 1981 4618 3555 4708">
     <span class='ocr_line' id='line_1_104' title="bbox 1981 4618 3555 4708; baseline 0.017 -40"><span class='ocrx_word' id='word_1_745' title='bbox 1981 4624 2089 4669; x_wconf 91' lang='lat' dir='ltr'><strong>tem</strong></span> <span class='ocrx_word' id='word_1_746' title='bbox 2123 4618 2271 4672; x_wconf 88' lang='lat' dir='ltr'><strong>nulla</strong></span> <span class='ocrx_word' id='word_1_747' title='bbox 2305 4621 2574 4688; x_wconf 77' lang='lat' dir='ltr'><strong>pactionis</strong></span> <span class='ocrx_word' id='word_1_748' title='bbox 2607 4622 2796 4681; x_wconf 88' lang='lat' dir='ltr'><strong>habita</strong></span> <span class='ocrx_word' id='word_1_749' title='bbox 2823 4626 3058 4696; x_wconf 86' lang='lat' dir='ltr'><strong>ratione,</strong></span> <span class='ocrx_word' id='word_1_750' title='bbox 3090 4646 3188 4688; x_wconf 87' lang='lat' dir='ltr'><strong>eos</strong></span> <span class='ocrx_word' id='word_1_751' title='bbox 3231 4649 3555 4708; x_wconf 79' lang='lat' dir='ltr'><strong>oppugnare</strong></span> 
     </span>
    </p>
   </div>
   <div class='ocr_carea' id='block_1_104' title="bbox 1977 4709 3550 4789">
    <p class='ocr_par' dir='ltr' id='par_1_104' title="bbox 1977 4709 3550 4789">
     <span class='ocr_line' id='line_1_105' title="bbox 1977 4709 3550 4789; baseline 0.017 -29"><span class='ocrx_word' id='word_1_752' title='bbox 1977 4721 2084 4761; x_wconf 87' lang='lat' dir='ltr'><strong>non</strong></span> <span class='ocrx_word' id='word_1_753' title='bbox 2136 4709 2370 4776; x_wconf 87' lang='lat' dir='ltr'><strong>destitit,</strong></span> <span class='ocrx_word' id='word_1_754' title='bbox 2429 4713 2610 4771; x_wconf 90' lang='lat' dir='ltr'><strong>donec</strong></span> <span class='ocrx_word' id='word_1_755' title='bbox 2652 4715 2980 4789; x_wconf 76' lang='lat' dir='ltr'><strong>subegisset.</strong></span> <span class='ocrx_word' id='word_1_756' title='bbox 3037 4721 3270 4780; x_wconf 78' lang='lat' dir='ltr'><strong>Romani</strong></span> <span class='ocrx_word' id='word_1_757' title='bbox 3321 4743 3455 4785; x_wconf 87' lang='lat' dir='ltr'><strong>vero</strong></span> <span class='ocrx_word' id='word_1_758' title='bbox 3495 4729 3550 4786; x_wconf 88' lang='lat' dir='ltr'><strong>id</strong></span> 
     </span>
    </p>
   </div>
   <div class='ocr_carea' id='block_1_105' title="bbox 1971 4799 3547 4883">
    <p class='ocr_par' dir='ltr' id='par_1_105' title="bbox 1971 4799 3547 4883">
     <span class='ocr_line' id='line_1_106' title="bbox 1971 4799 3547 4883; baseline 0.017 -32"><span class='ocrx_word' id='word_1_759' title='bbox 1971 4799 2182 4855; x_wconf 86' lang='lat' dir='ltr'><strong>crimen</strong></span> <span class='ocrx_word' id='word_1_760' title='bbox 2221 4802 2405 4858; x_wconf 74' lang='lat' dir='ltr'><strong>violati</strong></span> <span class='ocrx_word' id='word_1_761' title='bbox 2432 4803 2653 4862; x_wconf 66' lang='lat' dir='ltr'><strong>hederis</strong></span> <span class='ocrx_word' id='word_1_762' title='bbox 2680 4822 2712 4862; x_wconf 87' lang='lat' dir='ltr'><strong>a</strong></span> <span class='ocrx_word' id='word_1_763' title='bbox 2739 4823 2859 4866; x_wconf 87' lang='lat' dir='ltr'><strong>sese</strong></span> <span class='ocrx_word' id='word_1_764' title='bbox 2889 4826 3226 4883; x_wconf 77' lang='lat' dir='ltr'><strong>amoventes,</strong></span> <span class='ocrx_word' id='word_1_765' title='bbox 3257 4817 3547 4878; x_wconf 84' lang='lat' dir='ltr'><strong>Claudium</strong></span> 
     </span>
    </p>
   </div>
   <div class='ocr_carea' id='block_1_106' title="bbox 1973 4887 3541 4975">
    <p class='ocr_par' dir='ltr' id='par_1_106' title="bbox 1973 4887 3541 4975">
     <span class='ocr_line' id='line_1_107' title="bbox 1973 4887 3541 4975; baseline 0.017 -34"><span class='ocrx_word' id='word_1_766' title='bbox 1973 4889 2057 4942; x_wconf 87' lang='lat' dir='ltr'><strong>eis</strong></span> <span class='ocrx_word' id='word_1_767' title='bbox 2081 4887 2415 4949; x_wconf 87' lang='lat' dir='ltr'><strong>dediderunt</strong></span> <span class='ocrx_word' id='word_1_768' title='bbox 2447 4912 2460 4950; x_wconf 89' lang='lat'><strong>:</strong></span> <span class='ocrx_word' id='word_1_769' title='bbox 2489 4912 2597 4952; x_wconf 88' lang='lat' dir='ltr'><strong>non</strong></span> <span class='ocrx_word' id='word_1_770' title='bbox 2634 4907 2918 4970; x_wconf 89' lang='lat' dir='ltr'><strong>receptum</strong></span> <span class='ocrx_word' id='word_1_771' title='bbox 2946 4907 3299 4975; x_wconf 75' lang='lat' dir='ltr'><strong>expulerunt.</strong></span> <span class='ocrx_word' id='word_1_772' title='bbox 3332 4911 3541 4968; x_wconf 89' lang='lat' dir='ltr'><strong>Bellum</strong></span> 
     </span>
    </p>
   </div>
   <div class='ocr_carea' id='block_1_107' title="bbox 1972 4979 3544 5060">
    <p class='ocr_par' dir='ltr' id='par_1_107' title="bbox 1972 4979 3544 5060">
     <span class='ocr_line' id='line_1_108' title="bbox 1972 4979 3544 5060; baseline 0.017 -27"><span class='ocrx_word' id='word_1_773' title='bbox 1972 4979 2240 5037; x_wconf 85' lang='lat' dir='ltr'><strong>adversus</strong></span> <span class='ocrx_word' id='word_1_774' title='bbox 2269 4983 2770 5058; x_wconf 81' lang='lat' dir='ltr'><strong>Carthaginienses,</strong></span> <span class='ocrx_word' id='word_1_775' title='bbox 2806 4992 2879 5050; x_wconf 91' lang='lat' dir='ltr'><strong>ob</strong></span> <span class='ocrx_word' id='word_1_776' title='bbox 2906 5007 3271 5055; x_wconf 87' lang='lat' dir='ltr'><strong>mercatorum</strong></span> <span class='ocrx_word' id='word_1_777' title='bbox 3318 5018 3544 5060; x_wconf 85' lang='lat' dir='ltr'><strong>suorum</strong></span> 
     </span>
    </p>
   </div>
   <div class='ocr_carea' id='block_1_108' title="bbox 1973 5070 3552 5162">
    <p class='ocr_par' dir='ltr' id='par_1_108' title="bbox 1973 5070 3552 5162">
     <span class='ocr_line' id='line_1_109' title="bbox 1973 5070 3552 5162; baseline 0.014 -37"><span class='ocrx_word' id='word_1_778' title='bbox 1973 5070 2205 5141; x_wconf 82' lang='lat' dir='ltr'><strong>injurias</strong></span> <span class='ocrx_word' id='word_1_779' title='bbox 2233 5085 2569 5146; x_wconf 78' lang='lat' dir='ltr'><strong>susceptum,</strong></span> <span class='ocrx_word' id='word_1_780' title='bbox 2605 5079 2980 5150; x_wconf 86' lang='lat' dir='ltr'><strong>deposuerunt</strong></span> <span class='ocrx_word' id='word_1_781' title='bbox 3010 5102 3024 5140; x_wconf 90' lang='lat'><strong>:</strong></span> <span class='ocrx_word' id='word_1_782' title='bbox 3057 5097 3358 5159; x_wconf 83' lang='lat' dir='ltr'><strong>exactaque</strong></span> <span class='ocrx_word' id='word_1_783' title='bbox 3381 5106 3552 5162; x_wconf 86' lang='lat' dir='ltr'><strong>pecu-</strong></span> 
     </span>
    </p>
   </div>
   <div class='ocr_carea' id='block_1_109' title="bbox 1971 5165 3542 5248">
    <p class='ocr_par' dir='ltr' id='par_1_109' title="bbox 1971 5165 3542 5248">
     <span class='ocr_line' id='line_1_110' title="bbox 1971 5165 3542 5248; baseline 0.015 -31"><span class='ocrx_word' id='word_1_784' title='bbox 1971 5165 2060 5218; x_wconf 85' lang='lat' dir='ltr'><strong>nia</strong></span> <span class='ocrx_word' id='word_1_785' title='bbox 2085 5165 2268 5223; x_wconf 73' lang='lat' dir='ltr'><strong>fmdus</strong></span> <span class='ocrx_word' id='word_1_786' title='bbox 2302 5181 2660 5240; x_wconf 82' lang='lat' dir='ltr'><strong>renovarunt,</strong></span> <span class='ocrx_word' id='word_1_787' title='bbox 2697 5191 2765 5230; x_wconf 88' lang='lat' dir='ltr'><strong>ne</strong></span> <span class='ocrx_word' id='word_1_788' title='bbox 2795 5177 2875 5232; x_wconf 88' lang='lat' dir='ltr'><strong>sic</strong></span> <span class='ocrx_word' id='word_1_789' title='bbox 2916 5179 3138 5248; x_wconf 88' lang='lat' dir='ltr'><strong>quidem</strong></span> <span class='ocrx_word' id='word_1_790' title='bbox 3169 5179 3264 5236; x_wconf 89' lang='lat' dir='ltr'><strong>diu</strong></span> <span class='ocrx_word' id='word_1_791' title='bbox 3305 5184 3542 5240; x_wconf 84' lang='lat' dir='ltr'><strong>duratu-</strong></span> 
     </span>
    </p>
   </div>
   <div class='ocr_carea' id='block_1_110' title="bbox 1969 5259 3542 5338">
    <p class='ocr_par' dir='ltr' id='par_1_110' title="bbox 1969 5259 3542 5338">
     <span class='ocr_line' id='line_1_111' title="bbox 1969 5259 3542 5338; baseline 0.015 -27"><span class='ocrx_word' id='word_1_792' title='bbox 1969 5274 2113 5314; x_wconf 89' lang='lat' dir='ltr'><strong>rum.</strong></span> <span class='ocrx_word' id='word_1_793' title='bbox 2143 5260 2223 5314; x_wconf 75' lang='lat' dir='ltr'><strong>Ac</strong></span> <span class='ocrx_word' id='word_1_794' title='bbox 2246 5259 2404 5334; x_wconf 60' lang='lat'><strong>401</strong></span> <span class='ocrx_word' id='word_1_795' title='bbox 2438 5262 2872 5337; x_wconf 77' lang='lat' dir='ltr'><strong>Carthaginiensi</strong></span> <span class='ocrx_word' id='word_1_796' title='bbox 2923 5268 3068 5326; x_wconf 82' lang='lat' dir='ltr'><strong>bello</strong></span> <span class='ocrx_word' id='word_1_797' title='bbox 3117 5273 3309 5338; x_wconf 88' lang='lat' dir='ltr'><strong>dilato,</strong></span> <span class='ocrx_word' id='word_1_798' title='bbox 3339 5273 3542 5334; x_wconf 65' lang='lat' dir='ltr'><strong>Sardos</strong></span> 
     </span>
    </p>
   </div>
   <div class='ocr_carea' id='block_1_111' title="bbox 1967 5351 3536 5435">
    <p class='ocr_par' dir='ltr' id='par_1_111' title="bbox 1967 5351 3536 5435">
     <span class='ocr_line' id='line_1_112' title="bbox 1967 5351 3536 5435; baseline 0.014 -31"><span class='ocrx_word' id='word_1_799' title='bbox 1967 5351 2115 5408; x_wconf 85' lang='lat' dir='ltr'><strong>dicto</strong></span> <span class='ocrx_word' id='word_1_800' title='bbox 2144 5369 2255 5409; x_wconf 89' lang='lat' dir='ltr'><strong>non</strong></span> <span class='ocrx_word' id='word_1_801' title='bbox 2282 5356 2570 5432; x_wconf 84' lang='lat' dir='ltr'><strong>audientes</strong></span> <span class='ocrx_word' id='word_1_802' title='bbox 2599 5359 2774 5414; x_wconf 81' lang='lat' dir='ltr'><strong>adorti</strong></span> <span class='ocrx_word' id='word_1_803' title='bbox 2819 5363 3067 5418; x_wconf 85' lang='lat' dir='ltr'><strong>vicerunt</strong></span> <span class='ocrx_word' id='word_1_804' title='bbox 3100 5379 3114 5417; x_wconf 90' lang='lat'><strong>:</strong></span> <span class='ocrx_word' id='word_1_805' title='bbox 3145 5366 3242 5435; x_wconf 88' lang='lat' dir='ltr'><strong>qui</strong></span> <span class='ocrx_word' id='word_1_806' title='bbox 3271 5367 3472 5425; x_wconf 88' lang='lat' dir='ltr'><strong>deinde</strong></span> <span class='ocrx_word' id='word_1_807' title='bbox 3504 5383 3536 5426; x_wconf 84' lang='lat' dir='ltr'><strong>a</strong></span> 
     </span>
    </p>
   </div>
   <div class='ocr_carea' id='block_1_112' title="bbox 1479 5507 2345 5586">
    <p class='ocr_par' dir='ltr' id='par_1_112' title="bbox 1479 5507 2345 5586">
     <span class='ocr_line' id='line_1_113' title="bbox 1479 5507 2345 5586; baseline 0.009 -15"><span class='ocrx_word' id='word_1_808' title='bbox 1479 5511 1684 5572; x_wconf 78' lang='lat' dir='ltr'><strong>Variae</strong></span> <span class='ocrx_word' id='word_1_809' title='bbox 1719 5507 2022 5586; x_wconf 80' lang='lat' dir='ltr'><strong>lectiones</strong></span> <span class='ocrx_word' id='word_1_810' title='bbox 2067 5520 2129 5576; x_wconf 88' lang='lat' dir='ltr'><strong>et</strong></span> <span class='ocrx_word' id='word_1_811' title='bbox 2159 5521 2345 5580; x_wconf 70' lang='lat' dir='ltr'><strong>notes.</strong></span> 
     </span>
    </p>
   </div>
   <div class='ocr_carea' id='block_1_113' title="bbox 364 5652 1856 5736">
    <p class='ocr_par' dir='ltr' id='par_1_113' title="bbox 364 5652 1856 5736">
     <span class='ocr_line' id='line_1_114' title="bbox 364 5652 1856 5736; baseline 0.007 -28"><span class='ocrx_word' id='word_1_812' title='bbox 364 5652 478 5736; x_wconf 51' lang='grc' dir='ltr'><strong>(ἓξ)</strong></span> <span class='ocrx_word' id='word_1_813' title='bbox 506 5657 614 5736; x_wconf 86' lang='lat' dir='ltr'><strong>K_al</strong></span> <span class='ocrx_word' id='word_1_814' title='bbox 641 5659 970 5736; x_wconf 77' lang='grc' dir='ltr'>Σαρδόνιοι.</span> <span class='ocrx_word' id='word_1_815' title='bbox 1015 5663 1092 5736; x_wconf 73' lang='lat' dir='ltr'><strong>Ita</strong></span> <span class='ocrx_word' id='word_1_816' title='bbox 1141 5679 1273 5720; x_wconf 87' lang='lat' dir='ltr'><strong>mss.</strong></span> <span class='ocrx_word' id='word_1_817' title='bbox 1330 5665 1554 5736; x_wconf 20' lang='lat' dir='ltr'><strong>Begtet</strong></span> <span class='ocrx_word' id='word_1_818' title='bbox 1598 5663 1754 5721; x_wconf 76' lang='lat' dir='ltr'><strong>Colb.</strong></span> <span class='ocrx_word' id='word_1_819' title='bbox 1787 5664 1856 5720; x_wconf 80' lang='lat' dir='ltr'><strong>At</strong></span> 
     </span>
    </p>
   </div>
   <div class='ocr_carea' id='block_1_114' title="bbox 298 5721 1851 5806">
    <p class='ocr_par' dir='ltr' id='par_1_114' title="bbox 298 5721 1851 5806">
     <span class='ocr_line' id='line_1_115' title="bbox 298 5721 1851 5806; baseline 0.007 -29"><span class='ocrx_word' id='word_1_820' title='bbox 298 5721 841 5806; x_wconf 52' lang='lat' dir='ltr'><strong>)b’Olljus_lege_ndtyn</strong></span> <span class='ocrx_word' id='word_1_821' title='bbox 890 5734 1154 5806; x_wconf 78' lang='lat' dir='ltr'><strong>censebat</strong></span> <span class='ocrx_word' id='word_1_822' title='bbox 1185 5721 1440 5806; x_wconf 15' lang='grc' dir='ltr'>,Σαρδώῗ</span> <span class='ocrx_word' id='word_1_823' title='bbox 1459 5735 1648 5806; x_wconf 68' lang='lat' dir='ltr'><strong>Neque</strong></span> <span class='ocrx_word' id='word_1_824' title='bbox 1681 5737 1851 5798; x_wconf 88' lang='lat' dir='ltr'><strong>enim,</strong></span> 
     </span>
    </p>
   </div>
   <div class='ocr_carea' id='block_1_115' title="bbox 261 5791 1853 5890">
    <p class='ocr_par' dir='ltr' id='par_1_115' title="bbox 261 5791 1853 5890">
     <span class='ocr_line' id='line_1_116' title="bbox 261 5791 1853 5890; baseline 0.01 -46"><span class='ocrx_word' id='word_1_825' title='bbox 261 5831 270 5836; x_wconf 77' lang='lat'><strong>.</strong></span> <span class='ocrx_word' id='word_1_826' title='bbox 295 5791 490 5866; x_wconf 87' lang='lat' dir='ltr'><strong>inquit,</strong></span> <span class='ocrx_word' id='word_1_827' title='bbox 518 5791 676 5852; x_wconf 61' lang='lat' dir='ltr'><strong>Sar&#39;di</strong></span> <span class='ocrx_word' id='word_1_828' title='bbox 699 5814 727 5854; x_wconf 87' lang='lat' dir='ltr'><strong>a</strong></span> <span class='ocrx_word' id='word_1_829' title='bbox 759 5791 1308 5875; x_wconf 66' lang='lat' dir='ltr'><strong>Carthaginiensibus</strong></span> <span class='ocrx_word' id='word_1_830' title='bbox 1331 5791 1618 5880; x_wconf 55' lang='lat' dir='ltr'><strong>pecuniam</strong></span> <span class='ocrx_word' id='word_1_831' title='bbox 1674 5791 1853 5890; x_wconf 29' lang='lat' dir='ltr'><strong>extor-i</strong></span> 
     </span>
    </p>
   </div>
   <div class='ocr_carea' id='block_1_116' title="bbox 1962 5671 3535 5751">
    <p class='ocr_par' dir='ltr' id='par_1_116' title="bbox 1962 5671 3535 5751">
     <span class='ocr_line' id='line_1_117' title="bbox 1962 5671 3535 5751; baseline 0.011 -30"><span class='ocrx_word' id='word_1_832' title='bbox 1962 5679 2174 5747; x_wconf 76' lang='lat' dir='ltr'><strong>serunt,</strong></span> <span class='ocrx_word' id='word_1_833' title='bbox 2230 5672 2328 5727; x_wconf 84' lang='lat' dir='ltr'><strong>sed</strong></span> <span class='ocrx_word' id='word_1_834' title='bbox 2373 5671 2603 5727; x_wconf 80' lang='lat' dir='ltr'><strong>Romani</strong></span> <span class='ocrx_word' id='word_1_835' title='bbox 2647 5680 2702 5728; x_wconf 90' lang='lat' dir='ltr'><strong>et</strong></span> <span class='ocrx_word' id='word_1_836' title='bbox 2731 5676 3024 5743; x_wconf 82' lang='lat' dir='ltr'><strong>pecuniam</strong></span> <span class='ocrx_word' id='word_1_837' title='bbox 3046 5687 3106 5736; x_wconf 72' lang='lat' dir='ltr'><strong>et</strong></span> <span class='ocrx_word' id='word_1_838' title='bbox 3134 5675 3303 5751; x_wconf 79' lang='lat' dir='ltr'><strong>ipsam</strong></span> <span class='ocrx_word' id='word_1_839' title='bbox 3343 5683 3535 5738; x_wconf 84' lang='lat' dir='ltr'><strong>Sardi—</strong></span> 
     </span>
    </p>
   </div>
   <div class='ocr_carea' id='block_1_117' title="bbox 1964 5738 2132 5792">
    <p class='ocr_par' dir='ltr' id='par_1_117' title="bbox 1964 5738 2132 5792">
     <span class='ocr_line' id='line_1_118' title="bbox 1964 5738 2132 5792; baseline 0.018 -3"><span class='ocrx_word' id='word_1_840' title='bbox 1964 5738 2132 5792; x_wconf 89' lang='lat' dir='ltr'><strong>niam.</strong></span> 
     </span>
    </p>
   </div>
  </div>
