4008 6250
443 335 548 399 (ἶΒἾ

1712 327 2040 390 JOANNIS
2079 324 2402 388 ZONARIE

3609 325 3715 390 688

445 444 985 514 Carthaginiensibus
1009 442 1146 498 clam
1164 440 1231 496 ad
1265 439 1619 496 rebellionem
1646 438 1857 494 incitati
1886 446 2036 492 sunt.

2153 439 2444 509 φροντίσας
2497 436 2806 508 ἐπολέμησε
2852 436 2962 501 τοῖς
3018 433 3299 506 Κυρνίοις,
3347 433 3458 499 ἓως
3521 435 3718 493 αὖτοὺς

446 541 778 612 Defecerunt
803 548 859 594 et
887 536 1039 593 Corsi
1078 552 1091 588 :
1130 550 1232 590 nec
1260 534 1490 605 Ligures
1530 533 1889 603 quieverunt.
1927 531 2030 586 Se-

443 633 638 706 quenti
670 647 818 687 anno
871 628 1106 684 Romani
1161 627 1337 698 copiis
1393 626 1660 682 trifariam
1707 625 1919 689 divisis,
1971 634 2035 680 ut

446 727 637 781 hostes
663 723 830 780 simul
876 721 1018 776 bello
1065 719 1334 784 infestati,
1382 719 1586 773 auxilia
1616 717 1850 773 invicem
1887 716 2034 772 ferre

445 835 558 875 non
594 826 840 889 possent,
866 814 1250 870 Posthumium
1279 812 1540 867 Albinum
1574 812 1628 865 in
1669 810 2034 882 Ligusticum,

445 909 544 981 Sp.
598 907 898 965 Carvilium
949 915 1142 962 contra
1206 902 1431 969 Corsos,
1491 901 1547 956 in
1604 902 1912 957 Sardiniam
1971 899 2034 954 P.

446 1003 766 1060 Corneiium
814 1000 1028 1056 aedilem
1079 999 1374 1054 miserunt.
1412 996 1682 1052 Consules
1712 997 1844 1050 licet
1889 993 2037 1048 haud

448 1095 589 1152 citra
619 1093 888 1159 laborem,
917 1092 1056 1148 citra
1102 1106 1312 1146 moram
1362 1098 1544 1145 tamen
1585 1087 1843 1144 mandata
1886 1103 2042 1144 exse-

449 1188 562 1244 cuti
596 1195 746 1242 sunt.
785 1185 988 1240 Sardos
1013 1183 1155 1238 nihil
1194 1182 1472 1237 modicum
1515 1181 1718 1236 animis
1751 1181 2038 1252 agitante,

449 1281 726 1337 Carvilius
763 1280 969 1350 ingenti
999 1278 1192 1348 praelia
1223 1277 1464 1344 subegit.
1493 1275 1790 1331 Cornelius
1810 1276 1959 1330 enim
1988 1283 2045 1330 ct

455 1375 613 1430 multi
645 1374 849 1428 milites
882 1371 1078 1428 morbo
1103 1370 1411 1439 perierunt.
1459 1368 1726 1424 Romanis
1757 1368 2044 1438 digressis,

453 1467 613 1525 Sardi
661 1474 718 1522 et
761 1465 1002 1535 Ligures
1074 1463 1143 1519 de
1219 1463 1434 1534 integro
1504 1461 1846 1517 defecerunt.
1906 1460 2049 1516 Con-

452 1570 536 1616 tra
628 1560 862 1630 Ligures
938 1556 1142 1612 missus
1220 1564 1305 1610 est
1379 1555 1442 1621 Q.
1503 1555 1706 1610 Fabius
1761 1554 2049 1616 Maximus,

454 1653 509 1707 in
565 1651 878 1706 Sardiniam
935 1647 1272 1718 Pomponius
1337 1645 1568 1700 Manius.
1636 1644 2054 1717 Carthaginien-

453 1760 582 1809 ses,
667 1751 728 1796 ut
839 1754 1033 1795 eorum
1136 1737 1406 1792 bellorum
1503 1749 1777 1803 auctores,
1868 1738 2055 1798 hostes

448 1835 701 1906 judicati,
779 1832 918 1904 jussi
1000 1844 1296 1886 numerare
1364 1829 1678 1901 pecuniam,
1749 1838 1804 1884 et
1877 1832 2055 1885 omni-

453 1927 559 1980 bus
615 1924 810 1979 cedere
869 1920 1088 1987 insulis,
1147 1929 1208 1972 ut
1248 1935 1369 1988 qua:
1430 1919 1804 1973 Romanorum
1845 1928 2052 1974 essent.

455 2019 524 2072 Et
553 2024 640 2086 ut‘
673 2015 1002 2070 sententiam
1044 2028 1198 2067 suam
1251 2015 1422 2081 magis
1451 2010 1812 2077 declararent,
1842 2013 2052 2067 hastam

457 2109 565 2164 illis
595 2115 652 2162 et
701 2107 1004 2162 caduceum
1061 2105 1349 2168 miserunt,
1390 2105 1612 2174 optione
1673 2103 1820 2171 data,
1868 2118 2053 2161 utrum

454 2201 698 2256 mallent.
823 2197 928 2252 Sed
989 2196 1500 2266 \Carthaginicnscs
1604 2197 1742 2250 nihil
1843 2198 2053 2269 territi,

464 2305 579 2348 tum
646 2290 715 2346 ad
793 2291 900 2344 alia
977 2288 1383 2358 responderunt
1451 2289 1722 2358 asperius,
1811 2299 1925 2343 tum
1995 2304 2054 2343 se

471 2391 732 2438 neutrum
762 2379 902 2434 velle
939 2377 1222 2442 dixerunt,
1273 2378 1368 2431 sed
1414 2377 1547 2431 illud
1597 2376 1850 2443 alacriter
1895 2392 2055 2434 acce—

458 2485 681 2543 pturos,
715 2470 864 2540 quod
901 2467 1064 2538 legati
1118 2467 1490 2537 reliquissent.
1533 2466 1631 2521 llic
1663 2467 1870 2522 mutuis
1907 2467 2054 2524 odiis

453 2561 769 2632 conceptis,
807 2560 991 2614 neutri
1021 2558 1224 2612 bellum
1261 2558 1536 2628 auspicari
1565 2565 1694 2612 sunt
1732 2559 1876 2616 ausi.
1910 2559 2054 2614 Con-

461 2650 776 2723 tra.Sardos
807 2657 992 2704 autem
1027 2648 1212 2702 denuo
1243 2648 1666 2713 tumultuantes,
1713 2647 1876 2703 ambo
1906 2663 2050 2704 coss.

457 2749 532 2804 Μ.
555 2747 840 2803 Malleolus
874 2755 931 2799 et
967 2743 1037 2798 Μ.
1087 2742 1345 2798 ,ιΕιιιὶΙίιιε
1384 2741 1560 2810 missi,
1608 2757 1858 2814 magnam
1913 2757 2054 2812 pm-

2133 530 2492 603 ἐχειρώσατο.
2529 532 2591 586 Οί
2621 531 2678 585 δέ
2720 531 2987 602 Ῥωμαῖοι
3011 527 3073 582 τδ
3104 526 3549 598 παρασπόνδημα
3579 530 3718 583 ἀπο-

2134 625 2596 696 προσποιούμενοι
2621 623 2873 694 ἔπεμψαν
2893 623 3075 684 αὐτοῖς
3097 621 3400 684 ἐκδιδόντες
3422 619 3512 674 τόι-
3539 621 3720 675 Κλαύ-

2135 713 2266 768 διον.
2308 716 2397 779 Ὢς
2429 715 2476 768 δ’
2506 716 2608 770 οὐκ
2667 715 2886 786 ἐδέχθη,
2932 713 3210 782 ἐξήλασαν
3261 711 3614 783 αύτόνηἙπὶ
3664 713 3720 766 δέ

2137 807 2550 879 Καρχηδονίους
2580 809 2870 879 μέλλοντες
2921 806 3293 879 στρατεύσειν.
3328 806 3406 870 ὡς
3435 809 3548 868 τοῖς
3574 805 3724 874 σφῶν

2139 902 2406 970 ἐμπόροις
2441 899 2902 972 λυμαινομένους,
2939 899 3101 954 τοῦτο
3158 899 3259 970 μὲν
3305 898 3409 952 οὑκ
3435 897 3723 968 ἐποίησαν,

2139 993 2402 1064 χρήματα
2446 993 2493 1047 δ’
2521 993 2987 1064 ἐπιπραξάμενοι,
3019 990 3396 1046 ἀνενεώσαντο
3424 989 3522 1054 τὰς
3555 1005 3724 1043 σπον-

2141 1086 2258 1150 δάς’
2294 1085 2521 1157 ἔμελλον
2577 1085 2636 1140 δὲ
2695 1086 2820 1156 μηδ’
2877 1083 2953 1149 ὣς
2985 1087 3042 1150 ἐς
3091 1085 3312 1156 μακρὰν
3366 1083 3423 1136 αἱ
3457 1081 3724 1150 συνθῆκαι

2146 1181 2352 1249 μένειν.
2407 1178 2490 1234 Τά
2541 1178 2642 1251 μέν
2673 1173 2770 1233 οὖν
2821 1177 2931 1232 τῶν
2957 1177 3347 1247 Καρχηδονίων
3373 1175 3725 1244 ἀνεϐέϐλητο·

2145 1271 2238 1324 ἐπὶ
2259 1271 2317 1324 δὲ
2333 1270 2461 1335 τοὺς
2485 1270 2810 1343 Σαρδονίους
2838 1269 2915 1341 μὴ
2939 1268 3300 1339 πειθομένους
3320 1267 3507 1326 αὐτοῖς
3529 1264 3727 1336 ἐστρά-

2146 1381 2348 1418 τευσαν
2402 1364 2501 1418 καὶ
2540 1363 2826 1435 ἐνίκησαν.
2861 1362 3022 1417 Μετὰ
3052 1361 3112 1415 δὲ
3147 1359 3320 1415 ταῦτα
3345 1360 3574 1413 ἔπεισαν
3601 1359 3729 1419 τοὺς

2150 1457 2476 1528 Σαρδονίους
2505 1456 2557 1510 ot
2608 1455 2970 1528 Καρχηδόνιοι
3024 1451 3212 1525 κρύφα
3259 1453 3375 1515 τοῖς
3438 1449 3732 1520 Ῥωμαίοις

2151 1551 2545 1622 ἐπαναστῆναι,
2567 1549 2665 1604 καὶ
2692 1548 2907 1613 τούτοις
2925 1549 2975 1600 οἱ
2999 1546 3226 1620 Κύρνιοι
3245 1545 3731 1617 προσ-ἀπέστησαν,

2154 1643 2251 1698 καὶ
2280 1645 2329 1696 οἱ
2368 1645 2570 1712 Λίγυες
2608 1641 2710 1714 οὐχ
2764 1641 3074 1713 ἡσύχασαν.
3126 1639 3217 1712 Τῷ
3263 1639 3308 1693 δ’
3361 1636 3734 1707 ἐπιγενομένῳ

2158 1735 2270 1790 ἔτει
2297 1734 2464 1806 τριχῆ
2493 1734 2593 1798 τὰς
2625 1733 2887 1804 δυνάμεις
2918 1732 3216 1802 διελόμενοι
3253 1731 3304 1783 οἱ
3348 1729 3632 1799 Ῥωμαῖοι,
3667 1723 3736 1779 ἶν’

2157 1831 2273 1900 ἅμα
2302 1827 2704 1900 πολεμούμενοι
2725 1828 2934 1892 πάντες
2963 1826 3040 1898 μὴ
3065 1824 3426 1894 συμϐοηθείεν
3453 1821 3734 1892 ἀλλήλοις,

2157 1921 2494 1993 Ποστούμιον
2518 1921 2620 1992 μὲν
2643 1921 2880 1977 Ἀλϐῖνον
2909 1921 2991 1984 είς
3021 1920 3122 1989 τὴν
3167 1917 3528 1987 Λιγυστικὴν,
3557 1914 3736 1967 Σπού-

2158 2031 2277 2086 ριον
2326 2013 2384 2067 δὲ
2434 2014 2764 2083 Καρουΐλιον
2814 2014 2907 2066 ἐπὶ
2961 2013 3088 2076 τοὺς
3119 2013 3415 2082 Κυρνίους,
3461 2013 3521 2073 ἐς
3552 2009 3736 2081 δὲτὴν

2155 2106 2345 2176 Σαρδὼ
2362 2106 2456 2158 τὸν
2474 2107 2780 2178 ἀστυνόμον
2813 2106 3086 2160 Πούπλιον
3123 2103 3550 2176 Κορνήλιον.ἐπε
3561 2101 3734 2172 μψαν.

2155 2199 2265 2251 Καὶ
2301 2200 2349 2251 ot
2391 2199 2491 2268 μὲν
2517 2197 2715 2252 ὕπατοι
2749 2199 2849 2252 οὐκ
2881 2197 3100 2258 ἀπόνως
3129 2197 3250 2268 μὲν,
3302 2197 3364 2249 οὐ
3406 2194 3647 2265 βραδέως
3676 2193 3735 2245 δέ

2153 2291 2224 2343 τὰ
2252 2291 2670 2362 προσταχθέντα
2688 2291 2842 2361 σφίσι
2869 2288 3243 2361 κατέπραξαν.
3274 2289 3413 2352 Τοὺς
3443 2286 3499 2340 δέ
3528 2285 3735 2356 Σαρδο-

2156 2379 2300 2440 νίους
2322 2380 2396 2450 μή
2419 2396 2473 2432 τι
2503 2379 2727 2450 μέτριον
2749 2378 3085 2450 φρονοῦντας
3112 2377 3309 2448 ἰσχυρᾷ
3327 2377 3479 2449 μάχῃ
3500 2374 3742 2445 Καρουΐ-

2154 2471 2268 2535 λιος
2287 2471 2698 2542 κατεστρέψατο
2717 2485 2736 2504 ⁸
2758 2474 2786 2524 ὁ
2816 2473 2929 2542 γὰρ
2961 2471 3260 2540 Κορνήλιος
3307 2469 3401 2524 καὶ
3430 2469 3541 2521 τῶν
3574 2485 3744 2539 στραο

2152 2563 2368 2617 τιωτῶν
2422 2563 2608 2617 πολλοὶ¹
2658 2565 2766 2618 sub
2817 2564 2976 2618 νόσου
3006 2562 3346 2636 ἐφθάρησαν.
3430 2563 3584 2615 Ἐπεὶ
3610 2562 3656 2615 δ’
3686 2562 3739 2615 οι

2166 2658 2430 2727 Ῥωμαῖοι
2451 2658 2515 2710 ὲκ
2529 2656 2632 2727 τῆς
2652 2657 2835 2728 χώρας
2855 2656 3038 2710 αὐτῶν
3057 2656 3475 2726 ἀπηλλάγησαν,
3496 2655 3741 2726 ἀπέστη-

2154 2765 2252 2803 σαν
2283 2749 2443 2814 αὖθις
2495 2751 2545 2803 ot
2579 2749 2860 2822 Σαρδόνιοι
2888 2751 2985 2805 καὶ
3017 2752 3066 2804 ot
3116 2751 3338 2820 Δίγυες.
3364 2750 3596 2814 Κύῖντος
3639 2750 3740 2818 μὲν

459 2843 582 2898 dam
611 2847 880 2912 ceperunt
907 2855 922 2892 :
953 2853 1074 2909 quae
1103 2843 1184 2892 eis
1218 2853 1246 2891 a
1271 2837 1478 2903 Corsis,
1516 2852 1641 2892 cum
1695 2852 1764 2892 eo
1807 2835 2050 2908 appulis-

2153 2839 2245 2895 οὖν
2271 2839 2471 2903 Φάϐιος
2505 2839 2759 2911 Μάξιμος
2797 2840 3055 2911 ἐπέμφθη
3081 2841 3219 2912 πρὸς
3239 2843 3470 2910 Λίγυας,
3503 2843 3559 2905 ἐς
3585 2840 3645 2895 δέ
3675 2858 3737 2911 γε

460 2943 604 3001 sent,
636 2941 724 2988 est
748 2943 958 3001 erepta.
999 2929 1116 2996 Qua
1147 2928 1213 2983 de
1249 2943 1410 2982 causa
1444 2938 1569 2998 post
1600 2927 1831 2983 Romani
1864 2937 2050 2983 utros-

2153 2935 2251 3004 τὴν
2277 2934 2467 3005 Σαρδὼ
2499 2935 2827 3005 Πομπώνιος
2853 2935 3084 3002 Μάνιος.
3117 2935 3347 3009 Τούςιγε
3375 2936 3487 3007 μὴν
3519 2938 3740 3008 Καρχη-

459 3043 567 3101 que
602 3028 943 3082 invaserunt.
975 3023 1044 3076 M.
1069 3020 1430 3090 Pomponius,
1463 3024 1558 3090 qui
1585 3019 1789 3075 Sardos
1822 3019 2050 3074 infesta-

2153 3026 2387 3092 δονίους,
2416 3027 2491 3090 ὡς
2522 3027 2731 3093 αίτίους
2753 3028 2936 3091 αὐτοῖς
2959 3028 3070 3082 τῶν
3084 3027 3347 3099 πολέμων
3375 3028 3560 3096 ὄντας,
3579 3030 3738 3082 πολε·

459 3122 570 3186 bat,
608 3135 732 3176 cum
787 3132 980 3174 eorum
1033 3115 1305 3185 plurimos
1353 3114 1409 3167 in
1464 3114 1723 3172 saltuosis
1771 3114 2049 3183 specubus

2156 3117 2313 3190 μίους
2338 3118 2580 3188 ἔκριναν,
2613 3118 2708 3173 καὶ
2737 3119 3059 3190 πέμψαντες
3087 3121 3218 3192 πρὶς
3246 3121 3740 3192 αὐτοὺς,χρήματά

461 3215 680 3280 abditos
725 3211 988 3281 indagare
1044 3225 1154 3263 non
1209 3216 1416 3276 posset,
1465 3221 1692 3276 sagaces
1753 3221 1918 3262 canes
1983 3223 2050 3262 ex

2153 3229 2211 3265 τε
2241 3211 2508 3284 ἀπῄτουν,
2551 3214 2643 3266 καὶ
2671 3212 2906 3268 ἁπασῶν
2929 3213 3150 3267 ἐκπλεῖν
3173 3214 3278 3267 τῶν
3299 3216 3480 3285 νήσων
3511 3215 3741 3268 ἐπέτατ-

463 3306 622 3372 ltalia
650 3301 944 3364 accersivit
977 3319 990 3355 ι
1025 3316 1123 3370 per
1154 3314 1364 3367 eosque
1413 3297 1731 3352 tramitibus
1761 3297 2050 3354 hominum

2154 3325 2270 3371 τον,
2307 3307 2383 3372 ὼς
2413 3307 2600 3371 αὐτοῖς
2653 3307 3054 3379 διαφερουσῶν.
3113 3307 3496 3376 Ἐκφαίνοντες
3549 3309 3609 3364 δέ
3645 3309 3739 3363 καὶ

462 3410 520 3452 ct
574 3394 850 3466 pecudum
905 3391 1267 3462 investigatis,
1344 3389 1548 3444 multos
1615 3390 1742 3444 inde
1791 3393 2050 3447 extraxit.

2154 3402 2256 3469 τὴν
2278 3401 2549 3472 σφετέραν
2579 3399 2843 3465 διάνοιαν,
2875 3402 3006 3472 δόρυ
3037 3402 3224 3464 αὐτοῖς
3250 3402 3599 3467 ἐπέστειλαν,
3647 3401 3740 3455 καὶ

462 3489 628 3547 Caius
648 3504 778 3543 vero
813 3486 1066 3556 Papirius
1093 3482 1297 3558 Cursor
1335 3483 1562 3551 planitie
1591 3483 1802 3554 pulsos,
1838 3499 1963 3538 cum
1995 3487 2050 3540 in

2156 3492 2444 3562 κηρύκιον,
2487 3491 2544 3545 ἓν
2574 3491 2794 3544 ἑλέσθαι
2825 3478 3142 3556 κελεύοντες
3169 3495 3353 3546 ὁποῖον
3375 3493 3441 3547 ἂν
3467 3492 3742 3563 ἐθεκήσω-

464 3593 680 3636 montes
709 3579 1000 3650 adegisset,
1051 3593 1152 3647 per
1208 3573 1436 3630 insidias
1470 3575 1676 3631 multos
1717 3579 1900 3632 amisit
1937 3598 1950 3634 :
1997 3589 2050 3635 et

2159 3601 2266 3638 σιν.
2287 3585 2349 3636 Οἱ
2371 3583 2450 3649 δὲ,
2476 3583 2641 3654 μηδὲν
2666 3583 3102 3654 ὑποπτήξαντες,
3129 3586 3197 3638 τά
3221 3603 3279 3638 τε
3302 3585 3438 3640 ἄλλα
3471 3586 3741 3656 τραχύτε-

467 3690 580 3745 prae
620 3673 710 3728 siti
764 3671 951 3743 plures
1004 3670 1302 3724 amisisset.
1347 3668 1403 3722 ni
1451 3683 1578 3724 sero
1631 3669 1849 3725 tandem
1910 3688 2050 3743 aqua

2162 3695 2255 3748 ρον
2289 3677 2681 3745 ἀπεκρίναντο,
2721 3677 2948 3730 καὶτῶν
2967 3676 3330 3746 πεμφθέντων
3362 3679 3547 3747 σφίσιν
3569 3679 3741 3746 αἱρεῖ-

469 3767 714 3844 inventa,
767 3761 954 3820 Corsis
1005 3769 1065 3816 ut
1109 3759 1449 3817 deditionem
1500 3760 1766 3826 facerent,
1823 3779 2050 3833 persua-

2163 3770 2287 3824 σθαι
2314 3768 2412 3840 μὲν
2439 3763 2594 3821 εἷπον
2629 3769 2934 3839 οὐδέτερον,
2987 3768 3244 3839 δέχεσθαι
3265 3769 3309 3824 δ’
3341 3770 3578 3840 ἑτοίμως
3608 3769 3739 3823 ὀπό-

463 3859 651 3913 Sisset.
2161 3879 2322 3935 τερον
2348 3860 2787 3930 καταλείψουσιν.
2842 3861 3127 3916 Ἐντεῦθεν
3165 3862 3265 3933 μὲν
3317 3862 3545 3932 ἐμίσουν
3575 3862 3741 3932 ἀλλη-

468 3950 615 4015 λους,
644 3947 854 4005 ὤκνουν
883 3950 940 4006 δέ
987 3949 1228 4020 πολέμου
1276 3945 1674 4018 κατάρξασθαι.
1701 3950 2046 4024 Κινηθέντων
2083 3959 2127 4012 δ’
2193 3953 2351 4020 αὖθις
2377 3955 2487 4009 τῶν
2510 3956 2834 4026 Σαρδονίων,
2871 3956 2960 4010 ἐπ’
2994 3958 3194 4021 αὐτοὺς
3223 3958 3270 4011 ol
3307 3955 3505 4010 ὕπατοι
3574 3958 3744 4029 ἄμφω

439 4043 860 4115 "hospitantem,
884 4043 1116 4114 Μάρκος
1147 4040 1204 4094 δέ
1237 4039 1516 4104 Μαλέολος
1571 4041 1666 4096 καὶ
1696 4043 1922 4114 Μάρκος
1951 4050 2238 4120 Δίμίλιος·
2302 4049 2400 4104 καὶ
2431 4047 2602 4103 πολλά
2657 4050 2758 4120 μὲν
2788 4049 3009 4122 λάφυρα
3035 4049 3253 4106 ἔλαϐον.
3324 4051 3369 4103 Π
3380 4051 3485 4122 ειρά
3544 4050 3602 4104 δέ
3637 4050 3743 4103 τῶν

472 4137 724 4205 Κυρνίων
750 4137 1105 4208 προσχόντες,
1129 4133 1316 4197 αὐτοῖς
1345 4132 1487 4188 αὐτὰ
1519 4134 1897 4206 ἀφῃρέθησαν.
1955 4140 2048 4195 Διὸ
2085 4141 2226 4212 μετὰ
2283 4139 2460 4196 ταῦτα
2484 4141 2572 4195 ἐπ’
2604 4143 2954 4214 ἀμφοτέρους
3018 4144 3068 4196 οί
3112 4144 3379 4214 Ῥωμαῖοι
3419 4143 3739 4214 ἐτράποντο·

475 4231 587 4284 Καὶ
621 4231 845 4300 Μάρκος
899 4227 1001 4298 μὲν
1038 4225 1365 4297 Πομπώνιος
1397 4225 1668 4295 Σαρδόνας
1713 4226 1830 4297 (25)
1899 4228 2083 4301 ἔφερε,
2125 4233 2221 4286 καὶ
2263 4232 2452 4304 μαθὼν
2504 4233 2631 4299 τοὺς
2677 4233 2934 4297 πλείονας
2965 4234 3146 4288 αὐτῶν
3169 4238 3228 4299 ἐς
3265 4235 3506 4307 σπήλαια
3565 4237 3743 4306 ὑλώδη

475 4327 570 4380 καὶ
623 4321 988 4392 δυσεξεύρετα
1021 4320 1383 4387 καταδύντας,
1429 4318 1514 4392 μὴ
1565 4321 1866 4390 δυνάμενός
1927 4341 1986 4376 τε
2051 4325 2254 4391 αὐτοὺς
2320 4329 2524 4401 εὑρεῖν,
2585 4327 2753 4394 κύνας
2812 4331 2878 4384 ἐκ
2933 4331 3033 4402 τῆς
3083 4327 3318 4398 Ἰταλίας
3353 4328 3746 4401 μετεπέμψατο

478 4414 724 4486 εΰρινας,
752 4413 849 4468 καὶ
878 4412 946 4466 δι’
979 4413 1204 4466 ἐκείνων
1233 4415 1326 4467 τὸν
1371 4412 1554 4466 στίϐον
1599 4412 1833 4468 καὶτῶν
1881 4415 2188 4488 ἀνθρώπων
2235 4423 2333 4474 καὶ
2393 4422 2504 4478 τῶν
2565 4422 2928 4493 βοσκημάτων
2955 4423 3152 4494 εὑρὼν,
3190 4423 3363 4476 πολλά
3415 4423 3742 4493 ἀπετέμετο.

477 4506 641 4569 Γάῖος
670 4505 727 4558 δὲ
759 4503 1056 4575 Παπείριος
1093 4504 1157 4556 ὲκ
1198 4504 1298 4575 μὲν
1332 4503 1440 4558 τῶν
1499 4504 1701 4557 πεδίων
1752 4506 1878 4570 τοὺς
1929 4509 2201 4578 Κυρνίους
2257 4513 2541 4582 ἀπήλασε·
2610 4514 2930 4586 βιαζόμενος
2978 4517 3035 4568 δὲ
3103 4515 3243 4585 πρὸς
3272 4516 3340 4569 τά
3360 4514 3483 4586 ὅρη,
3518 4520 3748 4585 συχνοὺς

479 4605 540 4671 ἐξ
571 4601 793 4670 ἐνέδρας
817 4598 1080 4666 ἀπέϐαλε,
1116 4599 1338 4662 πλείους
1369 4616 1430 4652 τε
1484 4598 1552 4670 ἂν
1605 4599 1800 4664 ὓδατος
1847 4602 2055 4676 ἀπορίᾳ
2094 4606 2395 4675 ἀπώλεσεν,
2445 4611 2495 4664 εί
2531 4611 2608 4682 μή
2680 4628 2785 4665 που
2849 4609 2996 4682 ὕδωρ
3037 4609 3138 4680 ὀψέ
3171 4626 3304 4664 ποτε
3355 4611 3624 4682 ἀνεφάνη,
3657 4612 3748 4666 καὶ

479 4701 664 4753 ἔπεισε
699 4696 816 4761 τοὺς
847 4695 1116 4769 Κυρνίους
1139 4694 1494 4766 ὁμολογῆσαι.

537 4790 694 4847 XIX.
719 4788 831 4844 Sub
859 4789 965 4844 hoc
984 4796 1203 4859 tempus
1225 4788 1465 4842 Amilcar
1490 4787 1602 4843 dux
1621 4786 2046 4860 Carthaginien—

2219 4793 2323 4848 18'.
2361 4795 2520 4850 Κατὰ
2549 4794 2738 4849 τοῦτον
2763 4796 2854 4849 τὸν
2891 4795 3085 4866 χρόνον
3138 4799 3234 4850 καὶ
3265 4796 3535 4866 Ἀμίλκας
3567 4798 3598 4850 δ
3631 4799 3746 4851 τῶν

478 4883 644 4948 sium,
666 4880 734 4934 ab
761 4879 1017 4948 Hispanis
1045 4878 1229 4933 victus
1257 4877 1542 4932 occubuit.
1564 4876 1700 4931 Nam
1726 4893 1850 4932 cum
1887 4881 2050 4936 aciem

2163 4887 2554 4961 Καρχηδονίων
2581 4889 2887 4961 στρατηγὸς
2922 4889 3060 4958 πρὸς
3100 4887 3330 4961 Ἰϐήρων
3353 4890 3604 4960 νικηθεὶς
3629 4890 3752 4943 ἐθα-

479 4981 797 5042 contraeos
837 4968 1231 5034 instruxisset,
1263 4967 1340 5021 illi
1376 4983 1578 5022 currus
1617 4966 1832 5022 facibus
1861 4980 1917 5024 et
1942 4970 2067 5041 pice

479 5046 672 5134 plenos
706 5071 833 5117 ante
888 5060 1051 5132 402
1100 5061 1289 5130 copias
1341 5058 1884 5128 Carthaginiensium
1939 5077 2066 5132 pro-

483 5156 758 5210 duxerunt
795 5172 812 5208 :
843 5169 1084 5224 cumque
1119 5168 1290 5223 prope
1323 5160 1550 5206 ventum
1582 5162 1758 5217 esset,
1785 5155 1853 5208 iis
1876 5154 2068 5210 incen-

482 5250 581 5316 sis,
611 5249 1114 5322 jumentaincitata
1146 5248 1202 5301 in
1237 5246 1448 5301 rabiem
1491 5255 1760 5317 egerunt:
1801 5263 1978 5318 eaque
2012 5264 2070 5303 re

482 5341 832 5397 advemrios
861 5340 1113 5397 turbatos
1133 5378 1147 5403 ,
1175 5337 1448 5401 divulsos,
1483 5346 1540 5391 et
1575 5339 1632 5392 itt
1665 5339 1846 5410 fugam
1874 5355 2066 5395 versos

483 5436 778 5500 assectati,
811 5442 868 5490 et
907 5432 1105 5487 ducem
1133 5439 1189 5485 et
1219 5420 1487 5499 plurimos
1527 5430 1666 5486 alios
1712 5431 2062 5487 ceciderunt.

472 5525 745 5582 .Amiicari
790 5534 915 5596 post
955 5523 1270 5579 diuturnam
1301 5522 1622 5578 felicitatem
1657 5526 1723 5578 ad
1758 5524 1908 5578 hunc
1943 5539 2062 5579 mo-

2162 4997 2273 5036 νεν.
2312 4980 2922 5053 Ἀντιπαραταξαμένου
2948 4985 3059 5053 γὰρ
3080 4982 3289 5050 σφίσιν,
3322 4980 3544 5052 ἀμάξας
3575 4982 3751 5053 δᾴδων

2164 5071 2259 5126 καὶ
2289 5071 2490 5142 πίσσης
2526 5075 2728 5143 μεστὰς
2761 5075 2866 5143 πρὸ
2899 5072 2993 5126 τοῦ
3045 5073 3279 5144 στρατοῦ
3313 5075 3424 5127 τῶν
3466 5075 3752 5144 Καρχηδο-

2164 5164 2295 5219 νίων
2332 5166 2673 5236 προήγαγον,
2709 5168 2802 5220 καὶ
2849 5143 3254 5237 πλησιάσαντες
3289 5165 3507 5236 ἀνῆψαν
3554 5143 3748 5232 αύτάς,
3801 5143 3811 5153 ’

2166 5256 2263 5308 καὶ
2291 5255 2359 5308 τὰ
2408 5255 2639 5309 ἕλκοντα
2691 5257 2862 5320 αὑτὰς
2890 5256 3165 5326 ὑποζύγια
3220 5257 3653 5326 ἐπισπέρχοντες
3672 5255 3751 5308 οῖ-

2174 5364 2437 5418 στρησαν.
2462 5349 2588 5402 Κάκ
2611 5349 2800 5401 τούτου
2827 5349 3311 5419 συνταραχθέντων
3330 5347 3438 5401 τῶν
3465 5347 3747 5412 ἐναντίων,

2169 5438 2614 5494 διασπασθέντων
2640 5459 2699 5494 τε
2729 5440 2826 5496 καὶ
2858 5442 3243 5513 τραπομένων,
3273 5441 3528 5512 ἑπόμενοι
3566 5442 3752 5495 κάκεῖ-

2173 5546 2262 5582 νον
2299 5524 2393 5582 κεί
2417 5529 2609 5595 ἄλλους
2636 5531 2919 5597 πλείστους
2945 5532 3267 5603 ἐφόνευσαν.
3290 5533 3400 5588 Καὶ
3445 5533 3472 5586 ό
3500 5532 3626 5604 μὲν,
3659 5529 3748 5584 ἐπὶ
3789 5542 3800 5552 ·

1689 5665 1898 5727 νει-ἕω
1939 5667 2249 5732 lectiones
2295 5679 2355 5734 et
2391 5681 2581 5736 not-te.

545 5785 672 5856 425)
715 5783 1053 5853 Σαρδῶνας.
1072 5785 1222 5843 Mss.
1241 5800 1436 5843 omnes
1465 5783 1733 5858 Σαρδόνας
1765 5784 1992 5845 habent.
