4008 6250
322 389 430 455 689'

1553 391 1959 455 ANNALIUM
1999 395 2140 456 LIB.
2178 395 2341 459 γιΠ.

3479 367 3580 462 690

325 498 572 550 πλεῖστον
600 495 864 567 ἀνθήσας,
901 495 1078 560 οὕτως
1107 494 1450 568 ἐτελεύτησε.
1486 497 1889 570 Τελευτήσαντα

2003 499 2133 553 dum
2201 499 2519 566 interfecto,
2577 516 2746 572 gener
2803 502 3072 559 A‘sdrub’al
3139 507 3456 567 successit:
3517 527 3580 568 ac

322 589 376 641 δὲ
405 587 568 641 αὐτὸν
607 588 942 658 ’Δσδρούόας
976 591 1004 642 ὁ
1033 589 1288 662 Γαμδρὸς
1331 589 1620 656 διεδέξατο,
1672 593 1767 645 καὶ
1798 593 1896 660 τῆς

331 680 571 750 Ἰδηρίας
625 680 798 734 πολλὰ
854 683 1290 753 προσεκτήσατο,
1355 683 1511 737 πόλιν
1545 701 1603 737 τε
1638 686 1697 738 ὲν
1754 685 1892 757 αὐτῇ

321 772 644 843 Καρχηδόνα
674 773 965 843 ὁμώνυμον
993 777 1058 845 τῇ
1092 776 1310 846 πατρίδι
1341 775 1545 830 ἔκτισε.
1591 777 1713 830 Τῶν
1738 778 1796 832 δέ
1829 795 1894 847 γε

320 862 553 914 Boeotum
576 863 672 915 καὶ
691 863 801 916 τῶν
819 862 995 916 ἄλλων
1022 865 1280 919 Γαλατῶν
1302 867 1473 920 πολλά
1497 868 1594 937 μὲν
1610 868 1710 921 καὶ
1735 869 1891 934 ἀλλα,

319 953 606 1017 πλείστους
630 955 686 1008 δὲ
715 955 810 1010 καὶ
841 956 1221 1027 αἰχμαλώτους
1249 959 1597 1024 πωλούντων,
1618 960 1896 1024 δείσαντες

314 1048 365 1099 oi
408 1047 670 1118 Ῥωμαῖοι
703 1049 914 1116 μήποτε
941 1051 1063 1102 κατ’
1094 1051 1275 1104 αὐτῶν
1306 1053 1418 1114 τοῖς
1471 1054 1717 1123 χρήμασι
1759 1053 1894 1125 χρη-

317 1156 538 1201 σωνται,
561 1141 792 1193 ἀπεῖπον
814 1140 1018 1211 μηδένα
1047 1142 1202 1212 ἀνδρὶ
1229 1143 1445 1214 Γαλάτῃ
1473 1145 1597 1215 μήτ’
1627 1146 1893 1215 ἀργύριον

316 1233 455 1302 μήτε
512 1231 733 1300 χρυσίον
791 1233 1018 1289 διδόναι.
1089 1234 1378 1288 Ἐντεῦθεν
1426 1238 1476 1289 οἱ
1529 1237 1893 1308 Καρχηδόνιοι

316 1323 577 1394 μαθόντες
606 1325 736 1387 τοὺς
759 1325 1002 1390 ὑπάτους
1027 1327 1254 1397 Μάρκον
1275 1328 1522 1399 Αἰμίλιον
1543 1329 1638 1383 καὶ
1663 1330 1892 1402 Μάρκον

321 1415 542 1469 Ἰούνιον
565 1418 644 1480 εἰς
670 1418 768 1487 τὴν
800 1418 1138 1490 Λιγυστικὴν
1166 1420 1508 1490 ἀπάραντας,
1543 1424 1892 1494 παρεσκευά-

311 1507 468 1571 ζοντο
499 1510 578 1572 είς
601 1509 712 1580 ,τὴν
752 1509 975 1580 Ῥώμην
1005 1511 1222 1567 ἐλάσαι.
1246 1513 1488 1566 Γνόντων
1511 1512 1565 1566 δὲ
1591 1513 1752 1567 τοῦτο
1780 1517 1891 1567 τῶν

309 1601 556 1666 ὑπάτων,
585 1602 682 1656 καὶ
709 1604 796 1656 ἐπ’
823 1604 1021 1668 αὐτοὺς
1050 1604 1246 1676 ἀθρόον
1279 1606 1640 1677 ὡρμηκότων,
1665 1607 1894 1673 ἐξεπλά-

308 1708 511 1762 γησαν,
547 1693 642 1746 καὶ
672 1694 998 1766 ἀπήντησαν
1022 1696 1210 1760 αὐτοῖς
1231 1697 1306 1761 ὡς
1329 1697 1518 1766 φίλιοι.
1543 1699 1803 1755 Κάκεῖνοι
1833 1702 1891 1754 δὲ

307 1785 692 1856 ὑπεκρίθησαν
736 1787 820 1840 ὅτι
877 1789 981 1843 οὐκ
1036 1789 1125 1843 ἐπ’
1164 1790 1407 1854 έκείνους
1448 1790 1716 1863 ἀπῄεσαν,
1753 1792 1887 1848 ἀλλά

307 1878 400 1932 διά
423 1879 524 1948 τῆς
558 1877 743 1950 χώρας
779 1880 962 1933 αὐτῶν
993 1883 1052 1945 ές
1090 1883 1217 1948 τοὺς
1249 1884 1482 1952 Λίγυας.
1537 1885 1892 1955 Ῥωμαῖοιδὲ

309 1969 406 2022 τόν
439 1985 500 2022 τε
547 1968 736 2024 Ἰόνιον
771 1970 1208 2043 ἐπεραιώθησαν,
1258 1978 1352 2028 καὶ
1383 1976 1484 2045 τῆς
1529 1978 1758 2047 ἠπείρου
1788 1978 1890 2048 τῆς

306 2060 604 2132 ἂληνικῆς
681 2062 926 2133 ἥψαντο·
995 2066 1269 2138 πρόφασις
1311 2067 1358 2122 δ’
1389 2070 1575 2132 αὐτοῖς
1625 2069 1716 2124 τοῦ
1754 2071 1887 2126 πλοῦ

305 2153 533 2220 ἐγένετο
558 2155 676 2226 ἥδε.
714 2157 869 2209 Ἴσσα
903 2156 1065 2224 νῆσός
1098 2160 1268 2224 ἐστιν,
1297 2162 1356 2214 έν
1390 2160 1468 2232 τῷ
1507 2162 1680 2233 Ἰονίῳ
1702 2163 1888 2234 κόλπῳ

310 2246 566 2317 κειμένη.
599 2249 665 2302 Οί
697 2250 833 2319 γοῦν
865 2250 1069 2323 ταύτης
1098 2254 1341 2310 κάτοικοι
1370 2254 1591 2310 Ἰσσαῖοι
1616 2255 1888 2328 καλούμε-

308 2355 416 2403 νοι,
459 2339 736 2395 ἐθελονταὶ
785 2344 902 2406 τοῖς
947 2342 1250 2415 Ῥωμαίοις
1271 2347 1726 2418 παραδεδώκασιν
1753 2351 1886 2404 έαυ-

305 2434 459 2498 τοὺς,
489 2433 569 2503 τῷ
592 2434 743 2504 σφῶν
769 2436 1061 2501 κρατοῦντι
1087 2439 1381 2510 ἀχθόμενοι
1409 2440 1644 2510 Ἀχρῶνι
1675 2443 1750 2513 τῷ
1779 2442 1888 2496 τῶν

309 2526 618 2597 Σαρδιαίων
659 2525 908 2597 βασιλεῖ,
948 2529 1141 2598 γένους
1191 2530 1512 2602 Ἰλλυρικοῦ.
1564 2533 1709 2604 Πρὸς
1747 2534 1806 2588 δν
1836 2535 1886 2588 oi

307 2618 511 2673 ὕπατοι
561 2618 820 2692 πρέσϐεις
871 2619 1146 2692 ἔπεμψαν.
1200 2623 1446 2676 Ἐκείνου
1477 2625 1534 2678 δὲ
1567 2625 1886 2693 τεθνεῶτος,

305 2712 404 2764 ἐπὶ
454 2712 557 2784 υίῷ
597 2712 825 2785 διαδόχῳ
867 2713 1023 2768 παιδὶ
1066 2713 1146 2768 ἔτι
1197 2716 1230 2784 ἡ
1265 2715 1476 2770 ἐκείνου
1508 2718 1670 2788 γυνὴ,
1704 2719 1799 2772 τοῦ
1831 2719 1888 2774 δὲ

306 2804 502 2869 παιδὸς
527 2808 785 2876 μητρυιὰ,
816 2805 916 2876 τὴν
944 2804 1054 2859 τῶν
1085 2805 1390 2877 Σαρδιαίων
1409 2806 1522 2878 (26)
1559 2809 1765 2862 διεῖπεν
1786 2811 1886 2881 ἀρ-

305 2894 454 2964 χήνο
476 2894 511 2966 ἢ
543 2897 656 2958 τοῖς
703 2897 1003 2968 πρέσϐεσιν
1046 2896 1202 2951 οὐδὲν
1257 2897 1482 2970 μέτριον
1516 2901 1882 2972 ἐχρημάτισε.

311 2987 880 3058 Παρῤησιασαμένους
913 2987 971 3041 δὲ
1006 2989 1132 3050 τοὺς
1167 2989 1269 3059 μὲν
1305 2988 1486 3061 ἔδησε,
1526 2993 1654 3055 τοὺς
1691 2990 1748 3044 δὲ
1776 2994 1886 3045 ἁπ-

308 3078 544 3132 έκτεινε.
590 3078 712 3132 Τῶν
760 3077 820 3132 δὲ
863 3079 1153 3151 Ῥωμαίων
1205 3080 1445 3150 πόλεμον
1487 3081 1886 3154 ψηφισαμένων

1999 592 2481 664 multiSIIispauitc
2511 597 2742 651 urbibus
2774 598 3040 660 subactis,
3068 599 3454 672 Carthaginem
3485 622 3581 676 pa-

2000 684 2116 739 triae
2146 685 2528 757 cognominem
2563 689 2834 744 condidit.
2861 691 3012 746 Boiis
3043 694 3368 764 exterisque
3412 695 3580 753 Gallis

1997 793 2063 832 ex
2093 780 2413 836 venditione
2438 789 2551 836 tum
2583 783 2813 837 aliarum
2839 799 3047 860 rerum,
3074 794 3187 840 tum
3212 787 3575 858 plurimorum

1995 871 2367 939 captivorum,
2396 888 2647 944 magnam
2679 875 2971 945 pecuniam
3002 870 3359 943 facientibus,
3411 880 3575 936 veriti

1995 962 2252 1030 Romani,
2285 979 2356 1018 ne
2389 963 2459 1020 iis
2492 965 2692 1035 Opibus
2717 976 2914 1021 contra
2944 983 3002 1022 se
3035 977 3349 1036 uterentur,
3387 971 3575 1026 edixe-

1994 1064 2159 1121 runt,
2189 1072 2259 1111 ne
2292 1057 2418 1126 quis
2453 1057 2663 1113 homini
2711 1058 2868 1114 Gallo
2898 1061 2981 1115 vel
3015 1077 3211 1116 aurum
3243 1063 3330 1118 vel
3377 1079 3576 1134 argen-

1995 1155 2112 1202 tum
2153 1147 2338 1206 daret.
2382 1149 2590 1206 Deinde
2629 1145 3115 1222 Carthaginienses
3160 1155 3229 1209 M.
3285 1155 3490 1211 IEmilii
3521 1167 3575 1214 et

1992 1237 2063 1292 M.
2095 1237 2248 1294 Junii
2288 1240 2344 1294 in
2396 1240 2737 1311 Ligusticum
2768 1246 3120 1315 expeditione
3147 1250 3388 1318 cognita,
3419 1265 3476 1304 se
3504 1250 3572 1305 ad

1992 1333 2221 1388 Romam
2243 1334 2608 1390 invadendam
2632 1348 2982 1406 paraverunt.
3000 1340 3119 1407 Quo
3136 1345 3387 1400 consules
3407 1345 3572 1399 intel-

1988 1424 2153 1490 lecto,
2190 1441 2259 1480 ex
2301 1427 2602 1496 improviso
2631 1444 2728 1483 eos
2759 1429 2939 1484 adorti
2977 1439 3341 1499 terruerunt,
3379 1442 3438 1487 ut
3473 1450 3573 1504 per

1990 1514 2251 1571 amicitias
2285 1517 2530 1586 speciem
2563 1518 2647 1572 eis
2680 1518 2898 1573 obviam
2925 1522 3344 1589 egrederentur.
3389 1525 3574 1578 Simu~

1989 1605 2177 1661 larunt
2205 1607 2285 1662 illi
2322 1623 2544 1680 quoque
2574 1625 2634 1664 se
2657 1626 2766 1664 non
2815 1621 3007 1666 contra
3054 1612 3180 1666 illos
3213 1627 3335 1668 esse
3387 1614 3568 1683 prole-

1991 1708 2146 1765 ctos,
2178 1702 2274 1757 sed
2314 1717 2415 1772 per
2462 1718 2656 1758 eorum
2705 1720 2894 1774 agrum
2941 1704 2994 1758 in
3037 1704 3317 1775 Liguriam
3369 1705 3568 1762 ituros.

1989 1793 2223 1848 Romani
2252 1794 2377 1849 sinu
2419 1795 2576 1850 Ionio
2611 1798 2940 1851 transmisso
2961 1838 2976 1863 ,
3030 1797 3095 1851 ad
3126 1797 3352 1854 Graeciae
3384 1801 3568 1854 conti-

1995 1895 2216 1940 nentem
2255 1886 2359 1941 bac
2402 1887 2472 1941 de
2523 1902 2689 1942 causa
2727 1888 3084 1958 appulerunt.
3135 1889 3243 1943 Issa
3296 1890 3473 1946 insula
3516 1892 3570 1946 in

1994 1977 2150 2032 Ionio
2189 1978 2315 2033 sinu
2349 1979 2457 2034 sita
2492 1989 2626 2035 est:
2673 1980 2832 2051 cujus
2882 1981 3074 2035 incolm
3119 1982 3262 2036 Issaai
3307 1983 3573 2039 Romanis

1995 2072 2142 2125 ultro
2173 2087 2232 2126 se
2260 2070 2612 2135 dediderunt,
2647 2086 2748 2127 suo
2770 2072 2994 2127 domino
3022 2073 3225 2142 Agroni
3269 2073 3571 2131 Sardiano-

1993 2179 2114 2217 rum
2149 2163 2287 2234 regi,
2321 2161 2504 2233 gentis
2530 2162 2766 2232 Illyricae
2824 2162 2970 2218 irati.
3013 2163 3094 2218 Ad
3140 2180 3266 2218 eum
3313 2168 3578 2224 consules

1990 2254 2201 2325 legatos
2229 2254 2523 2310 miserunt.
2549 2253 2654 2310 Sed
2697 2255 2792 2310 illo
2817 2266 3037 2310 mortuo
3063 2295 3077 2311 .
3107 2257 3218 2311 filio
3247 2259 3428 2314 adbuc
3463 2248 3570 2316 im—

1992 2347 2123 2417 pubi
2169 2345 2390 2402 hazrede
2429 2347 2664 2411 relicto,
2726 2362 2866 2402 uxor
2906 2349 3026 2418 eius
3073 2353 3228 2419 pueri
3285 2369 3519 2408 noverca
3553 2395 3576 2420 ,

1991 2438 2386 2494 Sardianorum
2417 2437 2714 2508 imperium
2763 2438 3197 2505 administravit,
3249 2457 3352 2496 nec
3395 2434 3566 2498 ullum

1988 2545 2204 2600 aequum
2243 2531 2440 2602 legatis
2473 2544 2799 2600 responsum
2833 2529 3008 2585 dedit.
3035 2530 3139 2597 Qui
3177 2547 3301 2587 cum
3337 2535 3569 2591 liberius

1989 2621 2159 2676 locuti
2185 2628 2395 2683 essent,
2424 2620 2562 2676 alios
2592 2620 2816 2686 occidit,
2837 2620 2974 2675 alios
2997 2621 3191 2675 vinxit.
3221 2622 3357 2677 Cum
3382 2635 3580 2679 autem.

1989 2709 2223 2763 Romani
2249 2709 2453 2764 bellum
2468 2709 2518 2764 ei
2538 2709 2938 2775 decrevissent,
2971 2709 3182 2776 territa,
3203 2721 3326 2766 seet
3345 2714 3396 2766 in
3417 2713 3542 2769 colu

1990 2804 2331 2876 tueslegatos
2362 2805 2702 2860 reddituram
2731 2802 3046 2874 pollicetur.
3085 2813 3142 2860 et
3169 2795 3420 2859 mortuos
3447 2805 3571 2858 ala.

1989 2899 2241 2954 trouibus
2262 2913 2384 2954 esse
2409 2913 2580 2954 caesos
2601 2900 2698 2952 ait.
2724 2896 2988 2953 Romanis
3019 2913 3149 2953 vero
3176 2897 3409 2952 caedium
3437 2911 3579 2950 ειυς-ί

1991 3000 2136 3047 tores
2178 2991 2564 3063 poscentibus,
2598 3006 2779 3060 neque
2813 3005 2873 3045 se
2900 2988 3570 3060 quemquamdedituram

1986 3100 2111 3141 esse
2131 3084 2293 3150 dixit,
2319 3093 2376 3140 et
2401 3083 2570 3138 Issam
2594 3084 2905 3139 exercitum
2931 3083 3108 3138 misit.
3134 3081 3344 3137 Deinde
3376 3097 3582 3136 rursus-

309 3169 472 3238 αὐτῇ,
501 3169 831 3241 κατέπτηξε,
872 3171 968 3225 καὶ
997 3169 1122 3236 τούς
1155 3189 1216 3226 τε
1257 3173 1598 3245 σωζομένους
1624 3175 1732 3228 τῶν
1758 3175 1888 3247 πρέ-

1993 3177 2210 3240 territa,
2240 3176 2578 3232 Demetrium
2607 3176 2676 3231 ad
2702 3175 2960 3231 consules
2991 3174 3162 3236 misit,
3188 3183 3446 3243 tanquam
3473 3189 3583 3242 pen

310 3259 490 3314 σσεων
522 3259 822 3317 ἀποδώσειν
856 3261 1145 3334 ὑπέσχετο,
1183 3265 1278 3319 καὶ
1311 3266 1437 3328 τοὺς
1480 3264 1744 3328 θανόντας
1771 3263 1884 3318 ἐλε-

309 3369 410 3422 γεν
441 3353 546 3408 ὑπὸ
566 3354 780 3426 λῃστῶν
805 3357 1191 3427 πεφονεῦσθαι.
1229 3358 1350 3412 Τῶν
1369 3358 1425 3411 δὲ
1461 3357 1746 3430 Ῥωμαίων
1761 3359 1888 3423 τοὺς

310 3444 641 3517 αὐτόχειρας
664 3445 1129 3520 ὲξαιτησαμένων,
1163 3448 1288 3504 οὔτε
1315 3451 1439 3506 τινὰ
1471 3451 1731 3505 ἐκδώσειν
1756 3452 1884 3523 ἔφη,

313 3537 412 3592 καὶ
431 3539 523 3592 ἐπὶ
546 3539 646 3610 τὴν
677 3539 865 3597 Ἴσσαν
913 3541 1120 3596 ἔστειλε
1153 3544 1490 3614 στράτευμα.
1545 3543 1679 3604 Εἶτα
1728 3543 1887 3608 αὖθις

314 3627 561 3695 δείσασα,
613 3635 925 3704 Δημήτριόν
952 3651 1076 3688 τινα
1107 3633 1251 3706 πρὸς
1299 3634 1427 3698 τοὺς
1457 3635 1697 3699 ὑπάτους
1723 3634 1891 3706 έπεμ-

318 3721 436 3789 ζιεν,
488 3721 561 3786 ὡς
614 3724 804 3796 έτοίμη
861 3725 1000 3797 πρὸς
1039 3727 1148 3793 πᾶν
1175 3725 1487 3780 ὑπακοῦσαι
1531 3726 1735 3783 αὐτῶν.
1780 3727 1890 3782 Καὶ

317 3813 545 3868 σπονδαὶ
583 3817 720 3884 πρὸς
749 3818 845 3872 τὸν
884 3817 1207 3890 πεμφθέντα
1234 3819 1503 3888 ἐγένοντο,
1548 3819 1648 3888 τὴν
1674 3821 1891 3890 Κέρκυ-

319 3923 421 3973 ραν
455 3907 637 3970 αὐτοῖς
661 3910 1097 3981 παρασχόμενον.
1144 3910 1268 3964 Τῶν
1309 3911 1368 3965 δὲ
1397 3911 1534 3983 πρὸς
1587 3913 1685 3982 τὴν
1731 3915 1892 3983 νῆσον

317 4003 762 4073 περαιωθέντων,
790 4003 1162 4075 ἀνεθάρσησεν
1186 3999 1362 4070 αὖθις,
1393 3999 1481 4058 οἷα
1514 4005 1653 4076 γυνὴ
1685 4006 1894 4075 κούφην

315 4093 518 4161 ἔχουσα
550 4095 800 4165 γνώμην,
828 4095 922 4150 καὶ
957 4095 1347 4166 εὐμετάϐολον,
1376 4096 1472 4150 καὶ
1510 4097 1646 4168 πρὸς
1669 4098 1893 4152 Ἐπίδα-

319 4201 450 4250 μνον
481 4185 574 4238 καὶ
621 4186 990 4240 Ἀπολλωνίαν
1037 4186 1318 4258 ἐξέπεμψε
1352 4188 1635 4258 στρατιάν.
1674 4190 1796 4243 Τῶν
1837 4187 1895 4242 δὲ

327 4275 616 4345 Ῥωμαίων
648 4276 748 4341 τὰς
779 4278 967 4342 πόλεις
998 4295 1058 4332 τε
1083 4279 1428 4350 ρυσαμένων,
1461 4280 1560 4334 καὶ
1609 4281 1768 4334 πλοῖα
1797 4282 1890 4336 αὐ-

319 4369 419 4437 τῆς
450 4370 837 4441 κατασχόντων
884 4371 1028 4441 μετά
1079 4372 1382 4444 χρημάτων
1427 4374 1493 4427 ὲκ
1515 4373 1894 4445 Πελοπονήσου

324 4461 720 4528 προσπλέοντα,
747 4461 942 4517 καὶτὰ
991 4463 1167 4535 χωρία
1213 4463 1646 4536 πορθησαμένων
1698 4463 1766 4518 τὰ
1799 4467 1899 4517 πά-

1987 3271 2173 3326 omnia
2223 3286 2435 3326 morem
2482 3269 2566 3325 eis
2601 3277 2846 3340 gestura.
2890 3270 2960 3324 Et
2990 3283 3094 3339 pax
3137 3267 3280 3322 facta
3325 3280 3407 3322 est
3442 3279 3585 3320 ωιτη-

1987 3361 2194 3430 legato,
2249 3359 2485 3430 Corcyra
2519 3359 2588 3414 ab
2627 3374 2694 3414 eo
2743 3365 2986 3427 accepta.
3018 3356 3124 3413 Sed
3166 3372 3292 3412 cum
3338 3357 3570 3412 Romani

1989 3452 2058 3506 ad
2130 3450 2366 3506 insulam
2419 3450 2769 3521 traiecissent
2801 3490 2816 3513 ,
2877 3456 3160 3517 resumpta
3212 3446 3411 3502 ﬁducia
3443 3487 3458 3511 ,
3511 3455 3574 3500 ut

1991 3545 2192 3600 mulier
2249 3545 2358 3600 levi
2431 3554 2488 3599 et
2572 3543 2826 3598 mutabili
2897 3541 3129 3610 praedita
3187 3538 3442 3609 ingenio,
3501 3538 3572 3592 ad

1992 3639 2357 3708 Epidamnum
2417 3645 2474 3691 et
2515 3636 2865 3705 Apolloniam
2926 3635 3078 3689 misit
3117 3634 3416 3688 exercitus.
3466 3633 3573 3687 νου

1992 3745 2114 3784 rum
2151 3730 2281 3798 quia
2330 3728 2564 3782 Romani
2601 3727 2670 3781 iis
2713 3725 2944 3781 urbibus
2980 3725 3267 3786 liberatis.
3314 3726 3581 3792 illiusque

1995 3819 2231 3874 navibus
2272 3833 2398 3873 cum
2431 3819 2665 3888 pecunia
2696 3832 2763 3870 ex
2793 3815 3134 3884 Pel0poneso
3157 3815 3317 3886 $03
3345 3815 3580 3870 venien-

1996 3913 2178 3979 tibus,
2208 3911 2417 3980 captis,
2462 3924 2617 3963 oram
2651 3907 2988 3964 maritimam
3025 3909 3348 3962 vastabant:
3379 3908 3573 3962 Demea

1995 4009 2135 4064 trius
2169 4013 2355 4061 autem
2387 4005 2458 4060 ob
2480 4003 2823 4059 mulierculas
2848 4003 3165 4057 vecordiam
3192 4005 3260 4056 ad
3294 4003 3582 4057 Romanos

1994 4111 2054 4154 se
2093 4096 2437 4157 contulerat,
2469 4093 2675 4172 _multis
2709 4092 3007 4162 transfugis
3039 4107 3228 4148 secum
3261 4091 3566 4146 adductis:

1995 4187 2211 4256 abjecto
2245 4187 2452 4251 animo,
2484 4184 2717 4254 imperio
2746 4182 3036 4247 abstinuit,
3069 4182 3217 4252 quod
3252 4182 3575 4238 Demetrius

2000 4278 2203 4332 tutorio
2240 4277 2466 4332 nomine
2502 4275 2766 4347 suscepit.
2815 4274 2928 4330 Hae
2968 4276 3036 4330 de
3064 4289 3226 4328 causa
3276 4273 3507 4330 Romani
3538 4289 3570 4328 a

1995 4369 2297 4425 Corinthiis
2326 4368 2534 4424 laudati
2588 4378 2751 4431 sunt,
2786 4371 2861 4422 'et
2909 4367 2976 4421 ad
3014 4365 3353 4436 Isthmiaeos
3410 4365 3572 4422 ludos

1999 4461 2247 4527 admissi,
2269 4461 2324 4514 in
2353 4460 2556 4531 quibus
2584 4459 2809 4514 Plautus
2835 4457 3069 4512 stadium
3094 4458 3248 4512 vicit.
3283 4457 3418 4512 Inita
3443 4471 3567 4510 cum

322 4553 481 4622 ραλα,
514 4555 608 4607 καὶ
634 4553 730 4606 τοῦ
755 4554 1073 4626 Δημητρίου
1104 4554 1194 4609 διὰ
1212 4556 1314 4626 τὴν
1343 4555 1650 4627 ἐμπληξίαν
1674 4557 1889 4626 ἐκείνης

1997 4553 2428 4609 Atheniensibus
2455 4566 2676 4622 quoque
2711 4550 3246 4614 amicitia,.civitale
3271 4549 3482 4614 donati,
3517 4559 3574 4604 et

318 4645 454 4712 πρὸς
496 4645 808 4716 Ῥωμαίους
842 4644 1265 4718 μεθεστηκότος,
1299 4646 1395 4701 καὶ
1418 4645 1614 4711 ἀλλους
1649 4649 1892 4718 αὐτομο-

317 4737 482 4806 ὶῆσαι
536 4737 885 4805 πεπεικότος,
939 4737 1276 4811 κατέπτηξε,
1315 4739 1419 4794 καὶ
1464 4740 1738 4811 ἀπέσχετο
1792 4741 1893 4811 τῆς

316 4831 513 4899 ἀρχῆς,
541 4830 635 4883 καὶ
672 4830 772 4896 τὴν
800 4830 901 4900 μὲν
939 4831 969 4884 ό
998 4831 1333 4902 Δημήτριος,
1365 4831 1444 4896 ὡς
1472 4832 1550 4904 τῷ
1578 4833 1731 4888 παιδὶ
1768 4833 1891 4886 ὲπι-

318 4922 634 4990 τρο-πεύσων
661 4923 898 4994 εἰλήφει.
926 4923 990 4977 Oi
1019 4922 1076 4976 δὲ
1115 4923 1378 4992 Ῥωμαῖοι
1404 4924 1492 4979 διά
1515 4923 1691 4980 ταῦτα
1738 4927 1892 4998 παρὰ

322 5015 627 5083 Κορινθίων
651 5013 1020 5087 ἐπῃνέθησαν,
1050 5015 1146 5069 καὶ
1183 5013 1280 5069 τοῦ
1306 5014 1584 5086 Ἰσθμικοῦ
1631 5017 1893 5087 μετέσχον

222 5163 231 5169 _
319 5105 546 5172 ἀγῶνος.
586 5104 696 5158 Καὶ
754 5104 968 5158 στάδιον
1004 5105 1062 5158 ὲν
1114 5103 1264 5173 αὐτῷ
1296 5103 1326 5157 ό
1354 5102 1597 5167 Πλαῦτος
1644 5103 1890 5176 ἐνίκησε.

321 5199 428 5251 Καὶ
475 5198 610 5268 πρὸς
662 5197 980 5268 Ἀθηναίους
1010 5197 1068 5250 δὲ
1121 5196 1304 5264 φιλίαν
1335 5195 1759 5266 ἐπεποιήκεσαν,
1792 5198 1888 5249 καὶ

317 5291 416 5356 τῆς
445 5289 722 5352 πολιτείας
773 5289 950 5359 σφῶν,
1003 5288 1115 5344 τῶν
1144 5305 1206 5342 τε
1234 5289 1552 5359 μυστηρίων
1602 5287 1885 5358 μετέσχον.

322 5383 389 5433 Τὸ
417 5384 461 5433 δ’
490 5381 790 5450 Ἰλλυρικὸν
847 5382 1018 5451 ὄνομα
1050 5380 1221 5434 πάλαι
1271 5380 1371 5450 μὲν
1397 5379 1456 5432 ὲν
1479 5378 1662 5443 ἄλλοις
1693 5379 1888 5433 ἐπεκέ-

319 5477 506 5546 κλητο,
533 5474 659 5529 ὖστε
671 5491 762 5544 ρον
801 5474 858 5528 δὲ
885 5475 944 5538 ἐς
964 5473 1064 5546 τὴν
1093 5473 1206 5528 ἀνω
1235 5470 1612 5544 μεταϐέὸηκεν
1636 5470 1882 5552 ἦεπειρον,

1993 4646 2061 4701 ad
2101 4645 2257 4700 initia
2295 4653 2427 4699 sunt
2471 4643 2719 4698 admissi.
2777 4641 2975 4714 Illyrici
3024 4656 3226 4696 nomen
3263 4640 3392 4696 olim
3447 4641 3572 4695 aliis

1994 4739 2133 4794 locis
2171 4737 2527 4792 attributum.
2560 4744 2687 4806 post
2719 4737 2774 4790 in
2808 4735 3156 4805 superiorem
3188 4734 3568 4789 continentem

1995 4847 2161 4902 supra
2192 4829 2564 4886 Macedoniam
2591 4839 2655 4884 et.
2677 4827 2972 4884 Thraciam
3001 4868 3016 4892 ,
3054 4827 3201 4882 intra
3237 4826 3482 4880 Haemum
3517 4837 3570 4880 et

1997 4923 2314 4992 Rhodopen.
2331 4921 2584 4976 transiit:
2617 4921 2832 4991 sitaque
2860 4929 2946 4975 est
2974 4917 3154 4992 Illyria
3179 4918 3235 4972 in
3267 4917 3449 4973 medio
3475 4918 3568 4970 bo-

1998 5031 2136 5070 rum.
2155 5014 2430 5070 montium
2447 5025 2504 5067 et
2529 5013 2772 5083 Alpium,
2793 5023 2852 5068 et
2882 5013 3025 5066 intra
3051 5011 3294 5066 Ilwmum
3322 5009 3570 5073 ﬂuvium,

1993 5115 2049 5161 et
2082 5105 2318 5171 Istrum,
2363 5118 2535 5173 usque
2577 5103 2646 5158 ad
2698 5103 2935 5158 Pontum
2989 5101 3310 5155 Euxinum:
3361 5097 3568 5151 alicubi

1991 5199 2155 5253 etiam
2203 5196 2345 5250 ultra
2370 5196 2568 5250 Istrum
2601 5203 2886 5264 evagatur.
2929 5193 3066 5248 Cum
3107 5189 3405 5258 aliquando
3454 5190 3560 5244 Ro-

1995 5290 2174 5344 manis
2203 5288 2490 5343 oraculum
2527 5297 2675 5342 esset
2707 5287 3005 5348 redditum,
3037 5284 3255 5338 Graecos
3300 5291 3355 5335 et
3383 5280 3569 5338 Gallos

1994 5377 2185 5432 urbem
2204 5385 2594 5445 occupaturos.
2621 5374 2761 5428 duos
2799 5372 2984 5426 Gallos
3009 5378 3065 5425 et
3108 5366 3323 5422 totitetn
3347 5367 3567 5425 Graecos

1996 5470 2283 5538 utriusque
2306 5483 2471 5522 sexus
2495 5467 2550 5521 in
2575 5465 2754 5521 medio
2772 5464 2892 5520 l‘oro
2917 5463 3070 5519 vivos
3103 5459 3432 5516 defoderunt
3458 5480 3472 5518 :
3509 5472 3578 5523 ut.

1505 5624 1714 5686 Variae
1744 5623 2054 5686 lectiones
2097 5629 2159 5684 et
2198 5630 2389 5694 notae.

388 5782 500 5842 £26)
536 5780 885 5848 Σαρδιαιων.
939 5780 1014 5835 Ita
1045 5795 1175 5834 mss.
1210 5780 1344 5849 Reg.
1378 5786 1433 5849 et
1467 5776 1622 5849 Golb.
1651 5782 1715 5849 at
1739 5775 1886 5831 Ilen-

320 5855 418 5910 τίς.
447 5846 694 5911 Valesius
727 5850 794 5906 ad
829 5851 1032 5907 Dionis.
1053 5846 1338 5920 Excerpta,
1389 5847 1674 5919 Ἀρδιαίων
1700 5846 1888 5917 legen-

1995 5775 2124 5828 dum
2151 5774 2425 5833 observat,
2485 5787 2548 5825 ex
2607 5769 2898 5833 Strabone,
2933 5770 3027 5825 lib.
3082 5785 3179 5836 vit,
3234 5768 3478 5840 Appiano
3508 5767 3576 5821 in‘

1996 5845 2232 5914 Illyrico,
2258 5852 2312 5898 et
2347 5843 2646 5908 Stephano.
3521 5847 3551 5859 ··
