4008 6250
435 349 536 412 εθι
1693 363 2022 426 JOANNIS
2047 363 2369 425 ZONAM
3587 353 3691 417 692

2043 509 2084 564 Δ
2113 475 2208 528 καὶ
2243 475 2384 546 ὑπὲρ
2405 473 2504 546 τὴν
2525 471 2889 564 Μακεδονίαν,
2909 471 3020 564 ,την
3137 469 3383 564 ΘρᾴκηνΔ
3405 466 3503 538 τὴν
3539 466 3690 564 ivre;

2111 564 2208 618 τοῦ
2232 565 2428 636 Αἴμου,
2453 563 2549 618 καὶ
2575 564 2675 635 τὴν
2696 563 2835 634 πρὸς
2857 563 2924 633 τῇ
2955 560 3206 631 Ῥοδόπη,
3237 559 3333 613 καὶ
3360 558 3510 612 ἔστιν
3536 558 3596 611 ὲν
3618 557 3696 628 τῷ

437 647 668 700 Romani
697 647 946 716 praetoris
997 651 1346 719 praesentiam
1397 667 1540 725 aegre
1590 655 1854 724 ferentes,
1913 671 2006 714 se-

2123 659 2273 729 μέσῳ
2317 657 2524 712 τούτων
2561 657 2671 712 τῶν
2729 657 2872 728 όρῶν
2927 655 3024 710 καὶ
3076 653 3183 707 τῶν
3215 650 3480 714 Ἀλπίων,
3511 649 3606 704 τοῦ
3637 665 3695 703 τε

436 737 696 792 ditionem
721 748 1014 794 moverunt
1046 758 1060 796 :
1087 742 1182 798 sed
1209 742 1393 800 denuo
1419 746 1634 803 subacti
1661 757 1813 804 sunt.

2123 753 2294 824 Αἴμου
2353 752 2602 823 ποταμοῦ
2655 752 2791 824 (‘27),
2837 750 2934 806 καὶ
2988 749 3084 803 τοῦ
3131 748 3349 818 Ἴστρου
3397 745 3562 816 μέχρι
3601 743 3696 797 τοῦ

437 832 689 898 Εὐξείνου
725 834 953 898 Πόντου,
984 835 1079 888 καί
1119 854 1196 908 πη
1241 839 1336 893 καὶ
1375 841 1633 897 ἐπέκεινα
1662 843 1758 898 τοῦ
1831 845 2046 916 Ἴστρου
2087 847 2334 918 νέμεται.
2391 848 2590 916 Λογίου
2623 847 2680 902 δέ
2747 863 2879 900 ποτε
2923 844 3038 906 τοῖς
3085 841 3380 911 Ῥωμαίοις
3428 839 3695 901 ἐλθόντος,

435 922 528 975 καὶ
555 923 826 996 Ἕλληνας
873 925 969 982 καὶ
1001 927 1248 995 Γαλάτας
1279 931 1340 984 τὸ
1383 933 1520 988 ἄστυ
1568 937 2007 1008 καταλήψεσθαι,
2049 941 2286 996 Γαλάται
2345 940 2456 994 δύω
2489 940 2584 995 καὶ
2656 937 2916 1011 ’Έλληνες
2948 937 3128 1007 ἕτεροι
3153 933 3218 988 εκ
3251 951 3310 988 τε
3346 931 3441 986 τοῦ
3466 931 3697 1000 spesve:

437 1018 532 1072 καὶ
560 1018 655 1072 τοῦ
684 1021 876 1090 θήλεος
908 1026 1100 1094 γένους
1131 1027 1335 1094 ζῶντες
1354 1031 1414 1086 ὲν
1457 1035 1522 1103 τῇ
1551 1034 1730 1107 ἀγορᾷ
1790 1037 2215 1108 κατωρὺγησαν,
2283 1039 2350 1092 ἵν’
2411 1038 2587 1102 οὕτως
2651 1036 2900 1100 ἐπιτελὲς
2935 1034 2996 1088 τὸ
3023 1030 3392 1100 πεπρωμένον
3439 1026 3696 1096 γενέσθαι

436 1112 590 1183 δοκῇ,
634 1115 728 1168 καί
761 1135 812 1170 τι
845 1119 1099 1193 κατέχειν
1127 1125 1227 1189 τῆς
1271 1124 1484 1188 πόλεως
1517 1129 2002 1200 κατορωρυγμένοι
2044 1131 2398 1201 νομίζωνται.
2465 1131 2621 1186 Μετὰ
2647 1129 2706 1185 δὲ
2767 1129 2926 1186 τοῦτο
2941 1125 3221 1197 Σαρδόνιοι
3245 1125 3302 1178 έν
3331 1120 3491 1191 δεινῷ
3517 1120 3697 1174 ποιούο

439 1224 610 1276 μενοι,
659 1211 740 1266 ὅτι
801 1217 1110 1287 στρατηγὸς
1176 1219 1468 1290 Ῥωμαίων
1517 1223 1606 1276 ἀεὶ
1653 1224 2011 1298 καθειστήκει
2049 1229 2258 1292 αὐτοῖς,
2299 1221 2886 1298 ἐπανέστησαν-αὗθις
2925 1223 2983 1278 δὲ
3013 1219 3410 1291 ἐδουλώθησαν.

505 1303 626 1362 XX.
646 1304 782 1362 Cum
817 1307 1078 1366 Insubres
1110 1311 1314 1369 Gallica
1346 1331 1517 1385 gens,
1539 1317 1761 1374 auxiliis
1783 1334 1812 1373 a
1841 1328 2020 1375 trans-

2191 1324 2276 1378 κθ.
2326 1322 2620 1394 Ἰνσοῦϐροι
2649 1319 2707 1374 δὲ
2735 1316 3035 1373 Γαλατικδν
3065 1315 3242 1384 γένος,
3277 1312 3604 1384 συμμάχους
3631 1311 3696 1364 ὲκ

437 1397 638 1467 alpinis
681 1400 1039 1470 popularibus
1087 1407 1374 1462 accersitis
1396 1449 1410 1472 ,
1442 1407 1709 1466 Romanis
1755 1427 1905 1466 arma
1933 1411 2016 1466 in-

2123 1416 2232 1470 τῶν
2281 1415 2424 1485 ὑπὲρ
2473 1412 2573 1477 τὰς
2619 1411 2848 1474 Ἀλπεις
2897 1405 3188 1479 ὁμοφύλων
3243 1402 3698 1476 προσειληφότες,

438 1493 718 1560 tulissent,
747 1503 804 1550 et
826 1496 1079 1566 quaedam
1104 1498 1222 1554 loca
1245 1501 1494 1570 populati
1527 1512 1754 1558 essent:
1793 1503 2015 1558 tandem

2123 1508 2258 1564 ὅπλα
2302 1509 2416 1571 τοῖς
2458 1505 2757 1576 Ῥωμαίοις
2795 1503 3130 1572 ἐπήνεγκαν·
3159 1497 3240 1552 διὸ
3283 1497 3380 1551 καὶ
3413 1495 3572 1550 αὐτοὶ
3602 1495 3701 1564 ηὐο

439 1594 608 1640 noctu
660 1602 855 1660 magna
904 1599 1234 1660 tempestate
1278 1603 1437 1661 orta,
1477 1595 1612 1651 deos
1639 1596 1746 1651 sibi
1783 1596 2018 1653 infestos

2123 1598 2460 1670 τρεπέζοντο.
2491 1594 2856 1667 Ληῖσαμένων
2886 1592 2943 1646 δὲ
2973 1591 3084 1646 τῶν
3115 1587 3412 1660 βαρϐάρων
3435 1584 3583 1653 τινὰ,
3610 1601 3699 1639 τε·-

438 1692 558 1732 esse
583 1678 707 1743 rati,
735 1680 963 1751 abjectis
986 1682 1207 1750 animis,
1238 1686 1438 1757 trepidi
1461 1686 1588 1758 fuga
1612 1688 1843 1744 salutem
1865 1705 2016 1760 quae-

2123 1690 2368 1744 λευταῖον
2389 1688 2662 1759 χειμῶνος
2693 1683 2930 1757 μεγάλου
2995 1680 3188 1744 νυκτὸς
3230 1677 3562 1787 συμϐάντος,
3595 1676 3697 1730 ὑπ-

442 463 515 517 ita
567 461 693 518 tatis
741 463 1083 522 satisfactum
1117 481 1240 522 esse
1267 507 1282 532 ,
1317 467 1502 539 itaque
1531 469 1758 539 defessi,
1797 480 2010 543 partem

439 554 594 608 urbis
617 555 854 625 aliquam
883 564 1070 611 tenere
1098 557 1440 616 viderentur.
1473 559 1632 617 Sardi
1662 572 1983 634 perpetuam

439 1782 560 1822 rere
594 1769 978 1828 instituerunt.
1017 1776 1259 1846 Regulus
1290 1794 1422 1834 vero
1453 1795 1552 1836 eos
1579 1793 1926 1851 persecutus,
1957 1790 2014 1838 et

438 1868 743 1918 extremum
807 1879 1002 1935 agmen
1082 1883 1408 1940 aggressus,
1483 1872 1666 1929 victus
1724 1875 2009 1930 occubuit.

439 1951 688 2011 Emilius
708 1971 834 2013 cum
863 1961 1134 2016 tumulum
1163 1965 1456 2032 quemdam
1501 1976 1848 2038 occupasset,
1873 1967 2013 2024 Galli

440 2045 581 2100 idem
611 2046 812 2102 imitati
835 2087 850 2111 ,
879 2066 978 2120 per
1011 2051 1131 2108 dies
1163 2055 1379 2124 aliquot
1415 2058 1771 2128 quieverunt.
1808 2059 2016 2116 Deinde

439 2135 516 2190 illi
547 2138 718 2194 cladis
746 2150 984 2211 accepta:
1005 2142 1218 2209 dolore,
1248 2145 1476 2202 Barbari
1507 2150 1754 2206 victoriae
1773 2150 2015 2206 insolen-

439 2229 512 2284 tia
543 2230 765 2301 impulsi
791 2273 805 2296 ,
841 2234 910 2289 de
953 2236 1182 2291 tumulis
1209 2237 1600 2294 decurrerunt.
1633 2239 1888 2311 Cumque
1919 2241 2015 2296 diu

438 2339 596 2394 aequo
640 2337 817 2381 marte
849 2336 1122 2383 certatum
1157 2338 1341 2397 esset,
1381 2330 1611 2387 Romani
1651 2333 1893 2404 denique
1919 2349 2018 2390 eos

439 2417 685 2485 equitatu
723 2419 1102 2477 circumdatos
1122 2423 1482 2492 occiderunt,
1514 2428 1714 2484 castris
1741 2427 1976 2498 direptis
2001 2468 2016 2495 ,

439 2517 494 2561 ιιι
519 2508 712 2578 spoliis
751 2514 1110 2582 recuperatis.
1154 2514 1280 2570 Post
1325 2515 1442 2572 haec
1464 2517 1722 2575 Emilius
1748 2519 1895 2575 Boiis
1921 2535 2021 2575 su-

441 2601 646 2668 peratis
672 2604 1052 2676 triumphans,
1084 2609 1430 2680 captivorum
1463 2613 1744 2685 principes
1780 2624 2020 2671 armatos

441 2696 497 2746 in
513 2694 845 2764 Capitolium
872 2700 1151 2770 perduxit,
1171 2704 1520 2760 insolentiam
1541 2722 1734 2762 eorum
1757 2709 2018 2776 irridens,

440 2787 587 2857 quod
605 2806 664 2844 se
681 2791 1056 2850 thoracesnon
1076 2796 1227 2865 prius
1250 2798 1834 2870 cxuturosjurassent,
1856 2818 2018 2872 quam

442 2885 496 2935 in
515 2880 843 2954 Capitolium
858 2887 1160 2946 venissent.
1176 2890 1260 2946 Ab
1275 2907 1342 2947 eo
1373 2903 1616 2964 tempore
1634 2895 1892 2951 Boiorum
1913 2906 2025 2952 ter-

441 2991 554 3030 ram
571 2992 790 3034 omnem
807 2992 1180 3052 occuparunt:
1204 2991 1261 3038 et
1281 2993 1394 3039 tum
1421 2986 1660 3056 primum
1675 2988 1914 3043 Eridano
1931 3003 2023 3044 su-

2117 1785 2390 1854 ετόπησαν
2414 1783 2475 1837 τὺ
2499 1781 2642 1836 θεῖον
2667 1774 3045 1834 ἐναντιοῦσθαι
3067 1775 3249 1836 αὐτοῖς
3270 1773 3364 1825 καὶ
3384 1770 3696 1843 ἠθύμησαν⁸

2117 1878 2215 1932 καὶ
2246 1874 2698 1947 καταπτήξαντες
2727 1873 2872 1944 φυγῇ
2922 1872 3024 1939 τὴν
3053 1867 3329 1938 σωτηρίαν
3369 1861 3698 1936 πορίσασθαι

2117 1972 2509 2042 ἐπεχείρησαν.
2562 1969 2673 2022 Καὶ
2724 1969 2754 2020 ό
2792 1961 3087 2035 Ῥηγοῦλος
3127 1961 3326 2022 αὐτοὺς
3378 1955 3697 2020 κατεδίωξε,

2118 2065 2211 2119 καὶ
2239 2065 2354 2128 τοῖς
2381 2058 2881 2131 όπισθοφυλακοῦσι
2913 2053 3246 2127 προσμίξας,
3282 2049 3487 2124 ἡττήθη
3517 2066 3577 2102 τε
3607 2047 3700 2100 καὶ

2117 2157 2409 2212 ἀπέθανεν.
2439 2154 2690 2226 Αἰμίλιος
2715 2153 2795 2218 δὲ,
2817 2151 2978 2220 λόφον
2995 2147 3118 2202 τινά
3141 2142 3454 2214 κατασχὼν,
3489 2142 3699 2212 ἡσύχαο

2120 2249 2234 2314 ςεν.
2278 2245 2816 2317 Ἀντικατασχόντων
2851 2241 2909 2296 δὲ
2943 2240 3036 2295 καὶ
3066 2237 3176 2292 τῶν
3207 2233 3466 2290 Γαλατῶν
3489 2233 3698 2303 ἓτερον,

2119 2341 2212 2395 ὲπί
2237 2357 2390 2404 τινας
2420 2338 2520 2409 μὲν
2550 2337 2765 2408 ἡμέρας
2796 2336 3037 2405 ἠρέμουν
3064 2347 3078 2363 ο
3129 2329 3321 2384 ἔπειτα
3345 2328 3397 2380 οἱ
3432 2324 3533 2397 μὲν
3559 2326 3699 2393 ὀργῇ

2118 2431 2214 2489 τοῦ
2247 2431 2559 2502 γεγονότος,
2586 2427 2864 2499 αὐχήματι
2907 2425 2964 2478 δὲ
2997 2425 3094 2494 τῆς
3127 2422 3286 2492 νίκης
3326 2421 3376 2473 oi
3410 2416 3704 2490 βάρϐαροι,

2122 2524 2572 2596 καταδραμόντες
2613 2521 2722 2576 ἀπδ
2767 2517 2877 2573 τῶν
2921 2516 3215 2589 μετεώρων
3243 2512 3559 2568 συνέϐαλον.
3591 2509 3704 2562 Καὶ

2122 2621 2217 2674 ἐπὶ
2249 2619 2385 2672 πολὺ
2423 2617 2522 2688 μὲν
2553 2613 2859 2687 ίσορρόπως
2886 2612 3157 2682 ἐμάχοντο
3179 2625 3190 2640 '
3215 2605 3378 2670 ’τέλος
3411 2605 3456 2659 δ’
3488 2605 3536 2657 oi
3570 2601 3706 2656 Ῥω-

2126 2715 2300 2784 μαῖοι,
2346 2709 2423 2782 τῷ
2456 2707 2667 2779 ἱππικῷ
2706 2705 3082 2777 περισχόντες,
3115 2701 3315 2764 αὐτοὺς
3370 2695 3704 2764 κατέκοψαν,

2123 2806 2219 2860 καὶ
2243 2803 2306 2857 τὸ
2333 2801 2696 2871 στρατόπεδον
2719 2795 2901 2852 αὐτῶν
2932 2791 3100 2860 εἷλον,
3133 2798 3229 2846 καὶ
3254 2792 3322 2845 τά
3347 2791 3565 2859 λάφυρα
3588 2788 3709 2840 ἱκο-

2128 2898 2378 2968 μίσαντο.
2415 2893 2525 2948 Καὶ
2557 2891 2697 2964 μετά
2723 2890 2898 2946 ταῦτα
2928 2889 3042 2950 τοῖς
3060 2886 3170 2940 τῶν
3204 2883 3440 2938 Βοουῖων
3472 2882 3502 2934 ό
3526 2878 3707 2950 Alpi—

2125 2989 2240 3051 λιος
2285 2986 2612 3057 ἐλυμήνατο,
2655 2984 2750 3037 καὶ
2805 2982 2875 3036 τά
2919 2978 3166 3033 ἐπινίκια
3211 2977 3410 3048 ἤγαγε,
3462 2972 3592 3036 τούς
3645 2985 3705 3023 τε

442 3079 652 3138 parato.
684 3070 848 3145 404
881 3074 1501 3142 lnsubresinvaserunt.
1525 3095 1830 3151 eorumque
1863 3097 2020 3146 agros

2128 3080 2378 3153 πρώτους
2415 3078 2526 3132 τῶν
2557 3075 2794 3131 ἁλόντων
2821 3071 3199 3142 ὡπλισμένους
3230 3067 3326 3122 ἐπὶ
3351 3066 3414 3119 τὺ
3440 3061 3705 3118 Καπιτώ-

441 3171 743 3218 vastarunt.
766 3166 978 3222 Interea
999 3168 1167 3224 Roma
1181 3171 1442 3242 prodigiis
1458 3175 1748 3242 perterrita
1765 3186 1873 3232 est.
1888 3175 2021 3229 Nam

440 3265 496 3309 et
522 3256 576 3310 in
593 3256 797 3311 Piceno
826 3257 1030 3314 ilurnen
1059 3262 1325 3332 sanguine
1362 3267 1636 3332 manavit,
1675 3277 1732 3323 et
1774 3269 1828 3323 in
1863 3268 2026 3324 Etru-

377 3379 380 3382 η
443 3348 524 3401 ria
549 3363 777 3418 magnus
793 3348 918 3406 οωΙί
953 3361 1164 3410 tractus
1185 3355 1380 3412 ardere
1407 3359 1578 3425 visus,
1598 3371 1652 3416 et
1674 3359 1906 3417 Arimini
1931 3364 2022 3419 lux

441 3448 613 3494 noctu
634 3439 932 3496 inslardici
957 3443 1130 3509 fulsit,
1161 3455 1217 3500 et
1237 3446 1368 3501 alibi
1387 3451 1437 3503 in
1457 3449 1609 3506 Italia
1635 3461 1745 3508 tres
1761 3454 1905 3509 lunae
1928 3471 2026 3510 no-

445 3542 535 3583 ctu
560 3546 960 3600 apparuerunt,
980 3545 1036 3590 et
1059 3539 1247 3594 vultur
1269 3540 1321 3594 in
1352 3541 1470 3596 foro
1507 3559 1608 3614 per
1632 3545 1752 3602 dies
1778 3549 2025 3619 complu-

446 3640 535 3678 res
557 3625 720 3680 sedit.
737 3625 1006 3684 Consules
1029 3629 1216 3701 igitur,
1236 3642 1349 3688 tum
1375 3634 1446 3689 ob
1472 3637 1584 3691 haec
1613 3639 1881 3712 prodigia,
1906 3650 2021 3696 tum

444 3717 590 3786 quod
626 3718 762 3774 vitio
789 3721 958 3776 creati
989 3721 1330 3792 dicerentur,
1358 3729 1614 3785 accersiti
1641 3742 1790 3786 sunt.
1821 3733 2022 3788 Verum

443 3823 552 3863 non
602 3811 784 3865 statim
824 3812 1037 3869 litteras
1078 3813 1374 3886 legerunt:
1421 3819 1515 3873 sed
1564 3834 1688 3874 cum
1743 3821 1908 3877 modo
1968 3822 2022 3876 in

443 3901 618 3956 aciem
649 3903 1069 3963 descendissent
1092 3949 1107 3974 ,
1137 3909 1433 3965 commisso
1455 3913 1610 3981 prius
1640 3914 1832 3983 prmlio
1877 3915 2027 3971 vice~

444 4005 592 4051 runt.
623 3997 866 4069 Epistula
899 4011 1024 4070 post
1046 4017 1281 4075 pugnam
1313 4004 1476 4070 lecta,
1512 4005 1711 4062 Furius
1735 4007 1878 4063 haud
1904 4024 2027 4080 gra-

443 4092 614 4146 vatim
638 4104 834 4162 paret:
871 4093 969 4149 sed
1017 4095 1321 4153 Flaminius
1367 4098 1598 4155 victoria
1641 4100 1855 4169 elatus,
1901 4117 2023 4156 eam

447 4195 777 4256 argttmento
797 4201 920 4242 esse
944 4186 1147 4254 aiebat,
1179 4203 1238 4245 se
1260 4189 1364 4246 rite
1389 4199 1605 4248 creatos
1630 4206 1772 4257 esse,
1793 4201 1850 4248 et
1880 4193 2027 4263 opti-

447 4287 622 4335 mates
639 4294 706 4334 ex
730 4279 939 4335 invidia
958 4280 1124 4335 etiam
1151 4280 1260 4337 diis
1279 4282 1538 4354 attingere
1562 4285 1847 4340 mendacia
1877 4301 2028 4341 asse-

2127 3175 2242 3229 λιον
2269 3171 2619 3243 ἀνεκόμισεν,
2643 3167 3007 3222 ἐπισκώπτων
3047 3165 3233 3226 αὐτοῖς
3268 3161 3344 3224 ὡς
3384 3158 3705 3230 ὀμωμοκόσι

2128 3267 2204 3340 μὴ
2229 3267 2496 3338 πρότερον
2524 3263 2653 3326 τοὺς
2681 3261 2937 3332 θώρακας
2966 3255 3342 3313 ἀποδύσασθαι
3385 3252 3518 3355 πρὶν
3549 3247 3707 3355 ἀνελ-

2127 3361 2242 3415 θεῖν
2285 3361 2365 3422 είς
2408 3358 2470 3412 τὸ
2502 3353 2868 3412 Καπιτώλιον.
2919 3351 3015 3406 Ἐκ
3049 3353 3108 3406 δὲ
3140 3349 3335 3403 τούτου
3365 3349 3465 3417 τὴν
3505 3361 3566 3397 τε
3597 3349 3707 3397 τῶν

2127 3455 2364 3508 Βοουΐων
2398 3451 2619 3506 ἅπασαν
2656 3447 3125 3519 προσεκτήσαντο,
3159 3441 3254 3494 καὶ
3287 3439 3380 3492 τὸν
3419 3434 3708 3506 Ἠριδανὸν

2126 3548 2247 3600 τότε
2273 3543 2492 3615 πρῶτον
2528 3542 2623 3596 ἐπὶ
2644 3541 2770 3605 τοὺς
2804 3535 3143 3606 Ἰνσοὺὄρους
3169 3530 3454 3601 διέϐησαν,
3483 3529 3580 3581 καὶ
3609 3525 3707 3596 τὴν

2126 3638 2312 3711 χώραν
2352 3635 2537 3690 αὐτῶν
2569 3633 2858 3702 ἐπόρθουν.
2889 3627 3146 3700 Τεράτων
3183 3623 3230 3676 δ’
3262 3624 3322 3676 ὲν
3347 3619 3526 3690 τούτῳ
3553 3634 3709 3686 γενο-

2130 3735 2328 3804 μένων,
2372 3731 2430 3795 ις
2470 3730 2613 3800 μέγα
2652 3726 2771 3789 δέος
2817 3724 2865 3777 οἱ
2899 3725 2958 3775 ὲν
2989 3723 3056 3791 τῇ
3101 3715 3292 3786 Ῥώμῃ
3335 3714 3703 3804 κατέστησαν.

2128 3801 2383 3895 Ϊιοταμός
2409 3839 2466 3876 τε
2499 3821 2608 3892 γάρ
2630 3821 2686 3872 ὲν
2706 3817 2784 3888 τῷ
2813 3813 3020 3886 Πικινῷ
3043 3810 3356 3882 αἱματώδης
3379 3803 3576 3881 ἐρρύη,
3601 3801 3704 3856 κάν

2125 3921 2190 3990 τῇ
2227 3916 2518 3990 Τυρσηνίδι
2551 3910 2800 3968 καίεσθαι
2839 3908 2934 3964 τοῦ
2977 3905 3211 3979 οὐρανοῦ
3243 3903 3378 3958 πολὺ
3403 3899 3575 3966 ἔδοξε,
3609 3896 3705 3990 καὶ

2126 3988 2187 4065 ἐν
2233 3988 2321 4080 τῷ.
2373 4007 2638 4079 Ἀριμίνῳ
2696 4003 2812 4074 φῶς
2865 4000 3084 4071 νύκτωρ
3140 3995 3324 4090 ἡμέρᾳ
3380 3988 3705 4090 προσεοικὸς

2127 4103 2362 4174 ἔλαμψε,
2409 4101 2507 4155 καὶ
2535 4097 2829 4170 πολλαχόθι
2876 4097 2977 4167 τῆς
3014 4085 3249 4155 Ἰταλίας
3280 4090 3432 4160 τρεῖς
3481 4085 3705 4155 σελῆναι

2126 4195 2318 4259 νυκτὸς
2344 4192 2782 4264 ὲφαντάσθησαν,
2817 4191 2921 4244 κάν
2945 4190 3012 4261 τῇ
3045 4185 3220 4257 ἀγορᾷ
3242 4183 3353 4254 γὺψ
3376 4179 3461 4249 ἐφ’
3489 4178 3706 4249 ἡμέρας

2131 4289 2382 4352 πλείονας
2431 4285 2704 4356 ἑνιδρύθη.
2738 4283 2838 4338 Διά
2891 4297 2949 4335 τε
2985 4279 3117 4349 γοῦν
3159 4279 3228 4332 τά
3268 4278 3475 4347 τέρατα
3505 4270 3706 4332 ταῦτα,

445 4372 692 4427 vetabat.
725 4371 837 4428 Nec
867 4373 1056 4444 igitur.
1079 4375 1188 4430 nisi
1227 4376 1394 4431 rebus
1413 4377 1674 4432 omnibus
1712 4377 1978 4434 confectis
2007 4420 2020 4445 ,

2132 4381 2226 4436 καὶ
2253 4382 2337 4435 ὅτι
2368 4379 2512 4444 τινὲς
2544 4376 2876 4449 παρανόμως
2901 4374 3089 4443 ελεγον
3121 4372 3248 4434 τοὺς
3278 4368 3520 4465 ὑπάτους
3551 4364 3704 4465 αἱρε-

446 4462 715 4518 recederc
742 4464 951 4520 voluit:
977 4475 1033 4520 et
1059 4481 1119 4521 se
1151 4466 1303 4522 cives
1343 4483 1473 4524 suos
1528 4468 1854 4524 educturum
1900 4486 2020 4527 esse

2132 4477 2315 4547 θῆναι,
2344 4473 2764 4548 μετεπέμψαντο
2787 4467 3006 4533 αὐτούς.
3033 4465 3330 4536 Δεξάμενοι
3355 4462 3412 4516 δὲ
3438 4459 3506 4513 τά
3527 4457 3707 4530 γράμο

445 4554 607 4619 dixit,
651 4571 722 4611 ne
749 4557 832 4611 vel
872 4557 1055 4613 avium
1079 4559 1166 4615 vel
1207 4559 1374 4616 ullius
1399 4561 1629 4617 alterius
1650 4562 1726 4616 rei
1757 4562 2022 4619 observa-

447 4645 596 4700 tione
637 4644 980 4703 l‘allerentur.
1009 4649 1203 4720 Itaque
1231 4666 1459 4706 manere
1480 4692 1494 4718 ,
1525 4664 1580 4709 et
1613 4654 1835 4725 collegae
1873 4656 2020 4711 idem

444 4735 783 4805 persuadere
832 4737 1092 4792 instituit.
1143 4739 1300 4806 Quod
1348 4757 1472 4796 cum
1513 4743 1606 4798 ille
1644 4743 2019 4814 detrectaret,

445 4828 699 4886 Flaminii
739 4828 945 4885 milites
977 4831 1174 4895 veriti,
1224 4847 1293 4887 ne
1322 4848 1352 4887 a
1377 4835 1591 4890 caeteris
1635 4835 1916 4906 destituti,
1955 4841 2024 4896 ab

445 4923 859 4979 hostibusmale
896 4931 1285 4991 tractarentur,
1310 4926 1569 4997 precibus
1589 4929 1658 4984 ab
1677 4945 1743 4986 eo
1763 4930 2025 5003 impetra-

445 5025 596 5082 runt,
634 5025 696 5072 ut
728 5017 850 5072 dies
878 5017 1091 5088 aliquot
1121 5031 1392 5086 maneret,
1427 5022 1522 5077 sed
1553 5024 1692 5079 nihil
1721 5025 1798 5078 rei
1832 5027 2021 5096 gessit.

445 5111 753 5167 Flaminius
804 5121 992 5168 autem
1043 5113 1324 5184 regionem
1379 5116 1585 5188 ubique
1646 5130 1974 5188 pervagatus
2006 5158 2021 5181 ,

445 5221 605 5274 agros
641 5207 900 5270 vastavit,
932 5214 988 5262 et
1015 5206 1228 5277 aliquot
1259 5211 1484 5267 castella
1523 5213 1672 5282 cepit
1701 5229 1715 5266 :
1745 5220 1802 5267 et
1834 5213 2025 5267 militi-

445 5294 570 5358 bus,
604 5305 665 5350 ut
697 5311 794 5352 eos
822 5297 926 5352 sibi
969 5300 1324 5364 conciliaret,
1360 5317 1554 5358 omnes
1585 5303 1873 5359 manubias
1921 5305 2025 5359 do-

449 5386 617 5440 navit.
647 5385 788 5443 Sero
806 5388 1031 5445 dom-um
1065 5394 1326 5458 reversis,
1359 5396 1718 5451 contumacia:
1751 5395 1962 5452 crimen
1991 5414 2021 5452 a

448 5485 644 5534 senatu
681 5491 766 5535 est
799 5483 1112 5553 obiectum:
1148 5495 1206 5542 et
1236 5486 1308 5542 ob
1358 5487 1501 5542 iram
1548 5488 1599 5542 in
1639 5489 1972 5544 Flaminium
2003 5532 2020 5556 ,

2134 4587 2279 4641 ματα
2305 4569 2354 4623 oi
2385 4566 2605 4631 ὕπατοι,
2632 4564 2733 4620 οὐκ
2758 4561 2921 4625 εὐθὺς
2951 4559 3092 4614 αὑτά
3117 4558 3382 4626 ἀνέγνων,
3416 4553 3542 4623 ἀρτι
3569 4549 3707 4620 πρὸς

2129 4661 2368 4732 πόλεμον
2399 4659 2816 4726 καθιστάμενοι,
2853 4653 2989 4708 ἀλλά
3021 4648 3506 4724 προσυμσαλόντες
3537 4641 3705 4713 ἐκρά-

2129 4773 2323 4826 τησαν.
2354 4753 2508 4808 Μετά
2540 4751 2598 4806 δὲ
2626 4750 2726 4821 τὴν
2757 4750 2939 4821 μάχην
2977 4743 3426 4815 ἀναγνωσθείσης
3450 4740 3553 4807 τῆς
3587 4739 3708 4790 ἑπι-

2132 4844 2349 4914 στολῆς,
2388 4846 2417 4897 ό
2452 4843 2552 4912 μὲν
2584 4841 2813 4914 Φούριος
2870 4839 3103 4912 ἑτοίμως
3145 4837 3434 4892 ἑπείθετοο
3480 4834 3511 4886 ό
3553 4830 3608 4887 δέ
3641 4843 3704 4897 γε

2129 4937 2443 5008 Φλαμίνιος,
2477 4933 2844 5007 ἐπαιρόμενος
2881 4937 2946 5005 τῇ
2981 4934 3144 5004 νίκῃ,
3163 4933 3263 5002 τήν
3288 4947 3347 4983 τε
3369 4929 3582 4996 αἵρεσιν
3610 4923 3707 4977 αὐ·-

2130 5029 2240 5084 τῶν
2269 5027 2560 5082 ἀπεδείκνυ
2590 5028 2658 5082 δι’
2691 5028 2862 5098 αὐτῆς
2887 5025 3066 5099 ὀρθῶς
3098 5025 3349 5096 ἔχουσαν,
3383 5021 3476 5076 καὶ
3503 5019 3591 5073 διὰ
3615 5016 3709 5071 τὸν

2130 5120 2268 5191 πρὸς
2307 5121 2473 5173 αὐτὸν
2503 5119 2697 5188 φθόνον
2725 5119 2966 5172 ἐνέκειτο
2986 5117 3082 5170 καὶ
3105 5114 3198 5169 τοῦ
3227 5113 3374 5167 θείου
3401 5111 3529 5183 τοὺς
3547 5111 3712 5163 δυνα-

2128 5215 2256 5277 τοὺς
2287 5211 2745 5282 καταψεύδεσθαι.
2786 5202 2913 5265 Οὕτ⁴
2942 5205 3036 5265 οὖν
3065 5206 3446 5276 ἀπαναστῆναι
3487 5206 3621 5273 πρὶν
3649 5202 3710 5255 τὺ

2130 5309 2240 5361 πᾶν
2272 5306 2718 5377 καταστήσεσθαι
2744 5305 2924 5377 ἤθελε,
2961 5304 3057 5358 καὶ
3079 5302 3314 5368 διδάξειν
3347 5301 3442 5357 καὶ
3471 5298 3599 5361 τοὺς
3623 5297 3706 5351 οτ-

2130 5419 2236 5466 κοι,
2293 5401 2418 5472 ἔφη,
2472 5399 2598 5472 μήτ’
2652 5398 2828 5469 δρνισι
2883 5399 3011 5470 μήτ’
3042 5397 3187 5467 ἄλλῳ
3230 5396 3293 5467 δή
3332 5412 3439 5448 τινι
3477 5392 3706 5463 τοιούτῳ

2132 5493 2499 5563 προσέχοντας
2523 5490 2861 5546 ἀπατᾶσθαι.
2891 5491 3000 5544 Καὶ
3034 5493 3062 5544 ό
3093 5490 3192 5560 μὲν
3220 5487 3361 5542 κατά
3385 5486 3574 5560 χώραν
3609 5483 3705 5556 μέο

1633 5579 1844 5642 Va-riaa
1877 5579 2191 5646 lectiones
2239 5591 2298 5645 et
2331 5592 2523 5646 notas.

521 5673 634 5747 (27)
674 5676 863 5747 Αἵμου
892 5677 1183 5746 ποταμοῦ.
1209 5679 1304 5733 Sic
1334 5687 1446 5732 tres
1475 5694 1605 5734 mss.
1643 5681 1772 5747 Reg.
1806 5683 2021 5738 Asteri-

450 5746 890 5820 scum’apposuit
919 5748 1172 5820 Wolfius,
1197 5751 1342 5817 quod
1375 5748 1573 5820 ﬂuvius
1593 5746 1822 5820 lmjusce
1843 5757 2026 5808 nomi-

455 5816 545 5877 nis
571 5829 684 5872 non
717 5826 971 5873 occurrat
989 5819 1131 5891 apud
1155 5816 1512 5890 ge’ographos.
1556 5816 1692 5878 Cum
1728 5839 1858 5881 vero
1885 5825 2029 5882 dicat

2125 5685 2382 5750 Zonaras,
2421 5683 2696 5755 Illyricum
2723 5685 2862 5738 intra
2891 5684 3138 5740 Haemum
3173 5685 3402 5740 ﬂuvium
3434 5687 3703 5743 etlstrttm

2130 5771 2306 5822 usque
2340 5755 2407 5808 ad
2453 5756 2688 5811 Pontum
2737 5755 3008 5810 Euxinum
3041 5757 3335 5820 contineri,
3363 5757 3586 5814 videtur
3619 5758 3703 5814 iu-

2137 5826 2409 5883 tellcxisse
2431 5834 2528 5882 aut
2560 5826 2799 5883 Dravum
2823 5836 2917 5883 aut
2941 5826 3144 5884 Savum
3169 5827 3386 5884 ﬂuvios.
