4008 6250
433 328 544 390 ίιθὸ

1700 337 2026 399 JOANNIS
2062 340 2389 402 ZONARE

3589 348 3694 410 696

440 458 617 514 puero
667 454 860 500 contra
910 446 1187 501 Romanos
1216 447 1574 504 exercitatus.
1619 448 1818 506 Aiebat
1865 451 2011 507 enim

2122 453 2276 518 νίϐας
2301 447 2457 518 οὗτος
2494 458 2624 522 παῖς
2654 456 2747 510 τοῦ
2783 457 3043 530 Ἀμίλκου
3074 459 3171 515 τοῦ
3212 461 3480 532 Βαρχίδου
3510 462 3698 530 ἐγίνε-

433 536 678 591 Amilcar
735 552 794 593 se
829 553 1020 594 omnes
1073 537 1234 606 ﬁlios,
1287 547 1545 611 tanquam
1567 543 1783 597 catulos
1835 558 2010 612 quos-

437 629 560 683 dam
597 638 785 684 contra
849 630 970 685 illos
998 631 1166 687 alere.
1201 630 1357 688 Illum
1383 645 1569 690 autem
1594 649 1759 706 quem
1788 635 2011 706 ingenio

437 721 597 792 longe
630 723 846 777 ca-teris
875 725 1202 781 antecellere
1234 727 1468 793 videret,
1499 729 1862 800 jurejurando
1884 729 2013 785 ade-

435 820 533 889 git,
568 835 626 874 se
656 819 872 874 hostem
921 820 1039 876 fore
1071 823 1276 892 populo
1323 825 1595 880 Romano.
1643 825 1720 880 Ea
1747 825 1816 880 de
1845 840 2010 880 causa

435 927 560 966 cum
595 913 719 967 aliis
759 927 886 968 cum
922 913 1256 985 disciplinis,
1298 928 1411 971 tum
1446 919 1502 972 in
1532 933 1592 972 re
1631 917 1856 972 militari
1886 917 2014 973 dili-

435 1013 632 1074 genter
661 1007 890 1071 erudiit,
929 1023 1101 1078 usque
1141 1008 1208 1064 ad
1240 1024 1444 1066 annum
1488 1011 1670 1068 aetatis
1706 1011 2013 1066 decimum-

433 1097 716 1167 quintum.
749 1099 906 1156 Unde
934 1103 1075 1171 patri
1107 1102 1161 1156 in
1193 1102 1426 1173 imperio
1457 1103 1756 1159 succedere
1781 1119 1891 1158 non
1917 1119 2013 1172 po-

435 1191 545 1246 tuit
608 1209 624 1249 :
677 1193 773 1248 sed
823 1205 947 1264 post
975 1194 1303 1251 Asdrubalis
1351 1196 1586 1259 obitum,
1639 1211 1844 1251 annum
1893 1203 2010 1250 tum

433 1294 648 1338 sextum
674 1293 728 1340 et
751 1287 1075 1341 vicesimum
1103 1303 1291 1358 agens,
1313 1288 1451 1344 nihil
1474 1297 1784 1348 cunctatus.
1818 1286 2012 1358 Hispa-

433 1377 680 1434 niensem
711 1380 1014 1436 exercitum
1048 1383 1235 1437 statim
1262 1382 1578 1452 occupavit.
1614 1381 1680 1436 Et
1712 1381 2013 1452 imperator

433 1485 462 1524 a
493 1471 762 1526 militibus
792 1473 1084 1537 salutatus,
1117 1473 1302 1528 eilccit
1338 1483 1400 1528 ut
1427 1474 1591 1528 etiam
1626 1473 1694 1529 ab
1728 1473 1895 1546 406
1921 1490 2010 1529 ur—

433 1563 594 1619 banis
617 1565 1033 1636 magistratibus
1055 1565 1158 1620 sibi
1186 1566 1533 1639 principatus
1561 1567 2009 1624 conﬁrmaretur.

435 1655 533 1709 llis
582 1655 868 1726 perfectis,
919 1657 1228 1726 speciosum
1273 1658 1554 1727 quaerebat
1585 1659 1802 1714 titulum
1857 1660 2011 1714 inva-

435 1745 600 1800 dendi
637 1746 937 1813 Romanus,
978 1763 1139 1817 quem
1170 1749 1218 1804 ei
1261 1749 1688 1822 Zacynthiorum
1739 1751 1919 1807 coloni
1956 1752 2010 1806 in

434 1839 696 1908 Hispania
749 1841 1191 1911 suppeditarunt.
1247 1844 1503 1910 Quicum
1558 1860 1667 1900 non
1708 1845 1902 1916 procul
1940 1844 2010 1900 ab

432 1949 592 1989 amne
623 1935 783 1990 lbero
817 1934 1152 1997 habitarent,
1178 1936 1402 2006 paulum
1427 1952 1457 1991 a
1481 1938 1617 1992 mari
1650 1931 1870 2004 remoti,
1903 1939 2013 1994 Ro-

432 2043 628 2082 manos
655 2042 850 2097 magno
877 2029 1062 2084 studio
1086 2038 1141 2084 et
1178 2030 1392 2086 honore
1426 2031 1704 2097 colebant,
1756 2043 1923 2104 atque
1953 2034 2010 2088 in

431 2119 876 2192 Carthaginiensi
903 2120 1111 2178 {cedere
1151 2123 1366 2194 excepti
1413 2134 1592 2180 erant.
1630 2125 1708 2180 Ea
1749 2126 1817 2181 de
1847 2143 2012 2182 causa

430 2214 635 2269 bellum
665 2215 749 2270 eis
783 2213 969 2270 intulit
1001 2215 1267 2280 Annibal,
1302 2216 1452 2271 haud
1521 2217 1771 2288 ignarus,
1805 2220 2012 2274 Roma-

429 2321 536 2363 nos
563 2315 659 2361 aut
681 2322 844 2377 opem
869 2307 952 2362 eis
972 2307 1205 2371 laturos,
1230 2315 1326 2362 aut
1349 2307 1533 2364 clades
1555 2323 1747 2365 eorum
1774 2311 2008 2367 ulturos.

431 2400 514 2454 Eo
537 2399 860 2463 accedebat,
887 2399 1033 2470 quod
1060 2415 1156 2456 eos
1187 2416 1412 2473 magnas
1439 2417 1574 2472 opes
1596 2403 1803 2459 habere
1828 2417 2011 2467 norat.

431 2490 635 2560 quibus
666 2491 720 2546 in
753 2492 949 2562 primis
974 2493 1172 2562 egebat
1209 2509 1223 2547 :
1255 2503 1310 2549 ct
1339 2493 1464 2548 aliis
1515 2496 1850 2558 rationibus,
1883 2499 2009 2567 qua?

431 2593 626 2641 contra
662 2584 943 2639 Romanos
977 2585 1146 2639 etiam
1179 2585 1228 2640 ei
1295 2585 1582 2655 profutura
1615 2597 1797 2655 erant,
1837 2588 2014 2643 addu-

431 2683 580 2739 ctus,
608 2673 944 2743 Saguntinos
967 2683 1052 2728 est
1081 2674 1329 2731 adortus.
1350 2675 1613 2746 Hispania
1644 2692 1796 2744 vero,
1823 2677 1878 2732 in
1903 2693 2011 2747 qua

431 2765 514 2820 illi
548 2765 819 2831 habitant,
873 2781 1000 2820 cum
1034 2766 1285 2824 ﬁnitimis
1336 2767 1789 2849 locis.omnibus
1819 2771 1873 2825 in
1905 2772 2015 2826 Eu-

432 2872 568 2927 ropa
605 2872 803 2914 versus
845 2857 1200 2916 Occidentem
1231 2861 1358 2927 sita,
1386 2861 1454 2917 ad
1489 2877 1640 2918 mare
1672 2863 1926 2930 interius.
1959 2876 2014 2922 et

430 2947 688 3007 Herculis
717 2952 1005 3008 columnas
1040 2961 1094 3008 et
1123 2952 1402 3012 Oceanum
1449 2955 1608 3026 longe
1635 2958 1899 3022 excurrit,
1931 2968 2014 3012 at-

431 3057 541 3111 que
568 3043 736 3098 etiam
766 3045 1146 3100 continentem
1176 3044 1501 3117 longissimo
1534 3057 1711 3102 tractu
1745 3063 1920 3118 usque
1942 3049 2009 3104 ad

2113 564 2199 611 το,
2230 547 2328 602 καὶ
2361 549 2425 602 ἐκ
2452 548 2658 604 παίδων
2691 549 2853 614 εὐθὺς
2890 551 2983 605 ἐπὶ
3016 555 3145 617 τοὺς
3177 552 3488 624 Ῥωμαίους
3518 555 3695 625 ἠσκή-

2116 637 2204 708 θη.
2243 638 2457 704 Πάντας
2481 640 2590 710 γὰρ
2620 640 2748 706 τοὺς
2776 642 2928 706 υἱοὺς
2955 644 2986 696 δ
3026 643 3291 714 ’Δμίλκας
3319 643 3510 714 ὥσπερ
3542 647 3694 706 τινας

2115 727 2392 799 σκύμνους
2415 730 2503 784 ἐπ’
2531 732 2727 796 αὐτοὺς
2753 734 2978 805 τρέφειν
2994 734 3200 803 ἔλεγεν,
3223 735 3431 790 ἐκεῖνον
3449 736 3530 802 δέ,
3554 737 3690 792 πολὺ

2119 823 2186 893 τῇ
2214 821 2373 892 φύσει
2405 824 2751 894 προφέροντα
2791 827 2958 897 ὁρῶν,
2989 829 3085 882 καὶ
3104 827 3335 899 ὥρκωσε
3359 828 3694 900 πολεμήσειν

2114 915 2318 979 αὐτοῖς.
2353 916 2465 969 Καὶ
2495 915 2583 969 διὰ
2602 917 2762 972 τοῦτο
2788 918 2857 972 τά
2878 936 2936 973 τε
2967 919 3102 975 ἄλλα
3128 921 3224 974 καὶ
3250 920 3318 975 τά
3349 921 3587 992 πολέμια
3613 923 3692 976 ἔτι

2116 1007 2321 1076 μᾶλλον
2375 1009 2542 1062 αὑτὸν
2598 1011 2929 1080 ἐξεδίδασκε,
2989 1017 3689 1088 πεντεκαιδεκαέτη,ϐντα.

2115 1097 2282 1152 Ὀθεν
2318 1101 2418 1154 οὐκ
2455 1101 2719 1174 ἠδυνήθη,
2757 1103 3011 1169 θανόντος
3043 1107 3192 1178 αύτῷ
3218 1108 3314 1162 τοῦ
3343 1110 3574 1181 πατρὸς,
3595 1112 3695 1183 τὴν

2116 1189 2456 1261 στρατηγίαν
2482 1191 2850 1260 διαδέξασθαι.
2886 1195 3043 1249 Ἐπεῖ⁵
3063 1197 3119 1250 δέ
3145 1199 3174 1251 ὁ
3217 1199 3546 1270 Ἀσδρούϐας
3576 1201 3694 1254 ἐτεο

2112 1276 2397 1346 λεύτησεν,
2434 1280 2616 1334 οὐκέτι
2641 1282 2960 1354 ἐμέλλησεν,
2988 1283 3048 1349 ἒξ
3081 1285 3173 1339 καὶ
3206 1286 3414 1340 είκοσιν
3435 1289 3575 1342 ἐτῶν
3601 1291 3692 1343 τό·

2111 1386 2172 1422 τε
2215 1370 2482 1439 γεγονὼς,
2529 1373 2667 1428 ἀλλὰ
2706 1374 2770 1429 τό
2808 1393 2866 1428 τε
2906 1378 3224 1448 στράτευμα
3274 1383 3333 1436 ἐν
3371 1383 3439 1453 τῇ
3483 1382 3694 1455 Ἰϐηρίᾳ

2114 1461 2311 1516 αὐτίκα
2354 1467 2768 1536 προσκατέλαϐε
2812 1469 2952 1540 (50),
2997 1473 3093 1525 καὶ
3126 1475 3433 1544 στρατηγὸς
3466 1475 3560 1528 ὑπ’
3594 1477 3691 1530 αύο

2113 1556 2225 1608 τῶν
2253 1557 2611 1628 ἀναδειχθεὶς,
2647 1560 2956 1633 διῳκήσατο
2986 1563 3082 1616 καὶ
3109 1565 3262 1632 παρὰ
3293 1564 3402 1618 τῶν
3432 1566 3573 1621 οῐκοι
3598 1584 3687 1620 τε-

2114 1650 2225 1705 λῶν
2259 1650 2624 1724 βεϐαιωθῆναι
2666 1654 2818 1725 αὐτῷ
2857 1655 2957 1725 τὴν
3009 1657 3332 1724 ἠγεμονίαν.
3382 1659 3604 1729 Πράξας
3637 1661 3696 1715 δέ

2115 1742 2313 1808 ταῦτα,
2357 1745 2687 1816 προφάσεως
2715 1746 3026 1818 εὐπρεποῦς
3072 1750 3246 1803 ἐδεῖτο
3292 1751 3374 1815 είς
3414 1752 3514 1824 τὴν
3550 1753 3694 1806 κατὰ

2129 1833 2419 1905 Ῥωμαίων
2451 1837 2654 1907 ὁρμὴν,
2685 1838 2782 1891 καὶ
2816 1837 3024 1908 ταύτην
3049 1841 3351 1910 ἐποιήσατο
3381 1845 3510 1907 τοὺς
3540 1845 3599 1897 ἐν
3625 1846 3692 1917 τῇ

2114 1928 2325 2000 Ἰϐηρίᾳ
2357 1929 2708 1993 Ζακυνθίους.
2737 1925 2897 1985 Οὗτοι
2926 1933 3063 2002 γὰρ,
3096 1934 3159 1989 οὺ
3186 1933 3376 2007 πόρρω
3406 1934 3501 1988 τοῦ
3529 1952 3696 1989 ποτα-

2118 2021 2220 2092 μοῦ
2250 2021 2525 2088 οἰκοῦντες
2546 2025 2641 2078 τοῦ
2673 2024 2888 2096 Ἴϐηρος
2921 2026 3034 2081 ἄνω
3058 2029 3156 2097 τῆς
3197 2028 3471 2100 θαλάσσης
3494 2029 3693 2102 βραχὺ,

2114 2115 2229 2177 τοῖς
2286 2114 2581 2186 Ῥωμαίοις
2633 2119 3014 2188 προσέκειντο,
3045 2119 3290 2174 κάκεῖνοι
3348 2122 3442 2176 καὶ
3489 2123 3694 2195 ἐτίμων

2116 2207 2313 2273 αὐτοὺς
2346 2210 2442 2263 καὶ
2479 2211 2538 2263 ἐν
2562 2212 2680 2274 ταῖς
2721 2212 2859 2282 πρὸς
2892 2215 3022 2277 τοὺς
3060 2215 3462 2286 Καρχηδονίους
3497 2217 3697 2288 συνθή-

2116 2318 2239 2367 καις
2256 2301 2584 2372 ,ἐξαιρέτους
2608 2304 3038 2371 ἐπεποιήκεσαν.
3075 2307 3176 2361 Διά
3204 2307 3356 2362 ταῦτ’
3388 2305 3483 2365 οὖν
3511 2309 3540 2363 ὁ
3576 2309 3697 2366 Ἀν-

2116 2395 2270 2459 νίϐας
2297 2395 2534 2466 πόλεμον
2563 2397 2734 2468 ἤρατο
2769 2398 2904 2468 πρὸς
2930 2400 3150 2465 αὐτοὺς,
3185 2399 3340 2466 εἰδὼς
3375 2402 3461 2457 ὅτι
3500 2403 3532 2474 ἢ
3569 2405 3694 2459 ἐπι·

2116 2488 2484 2556 κουρήσουσιν
2542 2487 2592 2539 oi
2642 2487 2903 2557 Ῥωμαῖοι
2934 2492 3047 2551 τοῖς
3080 2490 3401 2555 Ζακυνθίοις
3441 2491 3475 2563 ἦ
3507 2492 3606 2546 καί
3642 2511 3693 2548 τι

2116 2576 2353 2632 παθοῦσι
2383 2578 2782 2649 τιμωρήσουσι.
2813 2581 2910 2634 Διά
2935 2597 2995 2632 τε
3031 2576 3126 2635 οὖν
3146 2581 3318 2635 ταῦτα
3352 2581 3448 2637 καὶ
3485 2584 3568 2637 ὅτι
3600 2586 3693 2638 καὶ

2119 2670 2295 2741 μέγαν
2323 2669 2556 2723 πλοῦτον
2587 2670 2886 2741 κεκτῆσθαι
2925 2672 3120 2736 αὐτοὺς
3144 2673 3466 2742 ἐγίνωσκεν,
3495 2671 3559 2730 οῦ
3598 2674 3695 2730 καὶ

2118 2763 2355 2835 μάλιστα
2380 2763 2604 2836 ἔχρῃζε,
2636 2764 2731 2818 καὶ
2759 2764 2829 2817 δι’
2862 2764 3026 2836 ἕτερα
3063 2767 3215 2819 αῐτια
3243 2765 3340 2819 καὶ
3370 2766 3517 2820 κατά
3557 2767 3693 2821 Ῥω·

2118 2858 2299 2928 μαίων
2324 2857 2473 2926 αὐτῷ
2497 2856 2939 2927 συμϐαλλόμενοι,
2963 2858 3076 2918 τοῖς
3101 2857 3421 2922 Ζακυνθίοις
3443 2858 3690 2914 ἐπέθετο.

2128 2948 2190 3002 Ἦ
2215 2947 2261 3001 δ’
2289 2947 2519 3018 Ἰϐηρία,
2553 2942 2666 3018 ἐνῇ
2694 2948 2746 3000 oi
2779 2947 3068 3002 Ζακύνθιοι
3101 2947 3332 3014 οἰκοῦσι,
3375 2951 3468 3002 καὶ
3499 2951 3530 3020 ή
3560 2966 3696 3020 προ-

2118 3040 2282 3111 σεχὴς
2322 3039 2460 3110 αὐτῇ
2511 3041 2661 3094 πᾶσα
2723 3040 2782 3094 ἔν
2827 3058 2888 3094 τε
2933 3043 3000 3112 τῇ
3036 3039 3275 3116 Εὐρώπῃ
3306 3043 3444 3115 πρὸς
3481 3043 3694 3111 δυσμάς

433 3143 651 3190 montes
682 3135 972 3205 Pyrenaeos
1001 3145 1276 3206 occupat:
1304 3139 1454 3207 quia
1499 3139 1657 3203 mari,
1694 3140 1841 3210 quud
1881 3141 2011 3197 olim

2118 3135 2256 3200 ἐστι,
2283 3133 2376 3186 καὶ
2409 3135 2502 3186 ἐπὶ
2536 3134 2671 3188 πολὺ
2710 3135 2810 3204 μὲν
2841 3136 2995 3206 παρὰ
3017 3134 3115 3206 τὴν
3137 3134 3246 3189 ἔσω
3267 3135 3570 3204 θάλασσαν,
3599 3139 3698 3191 καὶ

432 3226 760 3297 Bebrycium
791 3227 1106 3294 dicebatur,
1149 3239 1273 3298 post
1299 3230 1656 3287 Narbonensc
1678 3233 2010 3303 appellatum

431 3329 541 3384 est,
581 3320 840 3389 usquead
868 3320 1114 3378 exterius
1141 3337 1292 3378 mare
1315 3339 1570 3396 magnum
1601 3323 1904 3396 pertinent,
1931 3335 2016 3382 to-

433 3422 658 3483 tamque
682 3413 1000 3483 Hispaniam
1029 3430 1057 3468 a
1088 3414 1262 3470 Gallia
1292 3415 1524 3470 ﬁnitima
1552 3416 1839 3472 dirimunt.
1867 3417 2010 3475 Intra

430 3517 531 3558 eos
562 3501 748 3558 multa:
779 3502 1010 3559 diversa:
1045 3513 1238 3576 gentes
1268 3505 1661 3573 consederunt,
1689 3522 1792 3562 nec
1823 3508 2010 3580 lingua

431 3593 652 3658 eadem,
705 3609 810 3649 nec
835 3593 1014 3650 forma
1069 3596 1391 3666 reipublicaa
1437 3604 1700 3652 utentes:
1737 3595 1884 3654 unde
1911 3614 2034 3666 nec.

431 3687 630 3744 eodem
680 3688 903 3745 nomine
935 3688 1304 3759 appellantur.
1353 3689 1490 3744 Nam
1533 3689 1766 3744 Romani
1815 3689 2013 3760 Hispa-

430 3796 553 3848 nos,
604 3780 782 3837 Graeci
821 3782 892 3836 ab
919 3782 1078 3837 Ibero
1111 3797 1276 3837 amne
1310 3782 1500 3837 lberos
1533 3791 1757 3837 vocant.
1795 3780 2012 3853 Sagun-

432 3874 534 3930 tini
584 3890 712 3930 cum
759 3875 1173 3941 obsiderentur,
1225 3876 1429 3930 auxilia
1460 3883 1515 3931 et
1558 3875 1922 3931 ﬁnitimorum
1957 3887 2013 3930 et

431 3971 806 4027 Romanorum
838 3973 1205 4041 implorarunt
1243 3990 1256 4023 :
1293 3985 1359 4025 ac
1390 3971 1516 4046 illos
1578 3971 1869 4041 prohibuit
1900 3973 2016 4027 An-

430 4064 602 4118 nibal.
648 4064 883 4119 Romani
915 4074 1102 4120 autem
1142 4063 1340 4135 legatis
1386 4065 1452 4118 ad
1483 4079 1611 4118 eum
1645 4063 1850 4130 missis,
1887 4080 2011 4136 pos-

432 4155 709 4222 tularunt,
744 4165 806 4210 ut
850 4153 1095 4226 Sagunto
1129 4155 1457 4210 abstineret.
1491 4154 1650 4222 Quod
1681 4157 1738 4211 ni
1782 4155 2010 4222 faceret,

429 4245 810 4312 minabantur,
837 4261 896 4301 se
918 4245 1308 4315 Carthaginem
1355 4245 1540 4300 statim
1575 4245 1642 4300 ad
1669 4261 1796 4302 eum
1843 4261 2011 4301 aecu-

431 4341 668 4395 sandum
749 4341 1125 4410 navigaturos.
1199 4339 1270 4394 At
1326 4339 1562 4395 Annibal
1619 4355 1688 4396 ex
1750 4340 2012 4410 Hispanis

429 4433 700 4504 quosdam
733 4432 904 4498 misit,
947 4433 1042 4502 qui
1071 4448 1172 4502 per
1205 4431 1332 4487 ﬁdei
1368 4443 1421 4487 ct
1451 4433 1711 4488 amicitia:
1767 4433 2008 4502 speciem

430 4521 630 4591 legatis
684 4521 1263 4591 appropinquantibus
1313 4521 1587 4586 dicerent,
1645 4537 1758 4576 non
1811 4522 2008 4578 adesse

429 4617 650 4680 ducem,
714 4615 908 4685 procul
961 4615 1016 4668 in
1064 4616 1180 4669 loca
1243 4615 1493 4685 quaedam
1552 4614 1827 4685 incognita
1881 4630 2010 4685 pro-

428 4709 634 4764 iectum
667 4725 680 4762 :
733 4716 1156 4776 monerentque,
1209 4716 1272 4763 ut
1311 4707 1720 4779 quamprimum
1756 4707 2008 4763 discede-

431 4807 577 4864 rent,
609 4813 679 4854 ne
714 4797 954 4852 adventu
993 4799 1216 4854 illorum
1248 4798 1492 4869 cognito,
1522 4813 1620 4868 per
1655 4797 2006 4867 imperatoris

428 4885 740 4942 absentiam
763 4888 830 4940 ab
856 4886 1144 4943 effrenatis
1171 4887 1442 4944 militibus
1465 4887 1780 4942 interirent.
1814 4885 2005 4957 Legati

427 4993 559 5033 vera
592 4978 684 5033 illa
709 4993 836 5034 esse
866 4979 990 5044 rati,
1023 4977 1411 5048 Carthaginem
1457 4977 1733 5034 abierunt.
1763 4977 2005 5034 indicto-

429 5087 538 5143 que
583 5073 840 5137 concilo,
867 5072 1412 5143 Carthaginiensium
1457 5070 1551 5125 alii
1583 5085 1776 5140 pacem
1823 5087 2012 5129 suase-

430 5176 600 5231 runt;
635 5164 802 5220 factio
874 5181 1006 5220 vero
1051 5163 1366 5229 Annibalis,
1406 5163 1740 5234 Saguntinos
1769 5179 1896 5219 esse
1927 5165 2011 5218 in-

425 5256 628 5326 jurios,
670 5268 727 5312 et
754 5257 1035 5311 Romanos
1081 5272 1144 5310 ea
1185 5269 1307 5325 quae
1343 5253 1483 5309 nihil
1528 5252 1594 5308 ad
1631 5255 1778 5326 ipsos
1811 5254 2011 5313 attine-

430 5358 576 5412 rent,
615 5349 836 5402 curiose
880 5347 1167 5417 complccti
1204 5346 1505 5400 asserebat.
1541 5344 1788 5414 Denique
1820 5346 1874 5400 in
1901 5361 1998 5400 co-

431 5459 552 5497 rum
579 5441 740 5514 407
776 5439 1110 5496 sententiam
1139 5439 1276 5492 itum
1313 5446 1421 5503 est,
1451 5437 1546 5508 qui
1577 5437 1706 5492 belli
1742 5437 2008 5494 Romanis

431 5534 704 5590 inferendi
755 5541 1009 5588 auctores
1047 5541 1228 5586 erant.
1279 5533 1495 5586 interea
1550 5529 1681 5584 dum
1769 5530 2007 5587 Annibal

2035 4480 2088 4540 D

2117 3225 2270 3295 παρὰ
2301 3225 2400 3289 τάς
2439 3225 2800 3295 ’Ἡρακλείους
2841 3227 3044 3299 στήλας
3087 3228 3181 3282 τόν
3221 3245 3280 3280 τε
3316 3228 3578 3282 Ὠκεανὸν
3605 3230 3697 3283 αύ-

2116 3316 2208 3369 τὸν
2249 3317 2503 3387 προήκει,
2536 3317 2633 3370 καὶ
2667 3317 2896 3388 προσέτι
2929 3317 3024 3372 καὶ
3053 3315 3153 3387 τὴν
3181 3317 3411 3390 ἤπειρον
3451 3318 3553 3389 τὴν
3584 3319 3696 3373 ἄνω

2114 3407 2204 3461 διὰ
2233 3408 2490 3462 πλείστου
2521 3409 2685 3480 μέχρι
2719 3409 2814 3464 τοῦ
2852 3411 3167 3482 Πυρηναίου
3197 3411 3443 3481 νέμεται.
3472 3411 3546 3464 Τὸ
3584 3415 3696 3482 γὰρ

2121 3499 2246 3569 δρος
2281 3500 2462 3566 τοῦτο,
2496 3503 2557 3554 ἐκ
2583 3505 2680 3568 τῆς
2709 3501 2987 3574 θαλάσσης
3006 3506 3105 3576 τῆς
3143 3504 3312 3558 πάλαι
3348 3505 3448 3574 μὲν
3482 3503 3697 3574 Βεϐρύ-

2115 3609 2248 3658 κων,
2297 3592 2525 3664 ὖστερον
2573 3593 2633 3646 δὲ
2676 3593 3088 3667 Ναρϐωνησίων
3121 3596 3453 3667 ἀρξάμενον,
3497 3599 3556 3660 ἐς
3594 3599 3696 3668 τὴν

2115 3683 2220 3750 ἔξω
2247 3684 2346 3756 τὴν
2381 3685 2628 3756 μεγάλην
2659 3686 2943 3752 διατείνει,
2994 3687 3166 3742 πολλὰ
3204 3688 3305 3758 μὲν
3340 3689 3494 3752 ἐντὸς
3527 3689 3696 3742 αὑτοῦ

2115 3778 2210 3834 καὶ
2237 3776 2527 3848 σύμμικτοι
2559 3779 2690 3848 ἔθνη
2715 3778 2861 3850 ἔχον,
2891 3781 3072 3834 πᾶσαν
3108 3779 3167 3833 δέ
3191 3781 3293 3853 τὴν
3312 3780 3561 3851 Ἰϐηρίαν
3588 3780 3700 3834 ἀπὸ

2113 3871 2212 3942 τῆς
2247 3870 2548 3941 προσοίκου
2583 3869 2856 3935 Γαλατίας
2885 3873 3166 3945 ἀφορίζον.
3191 3872 3329 3928 Οὔτε
3349 3874 3395 3926 δ’
3419 3874 3696 3944 ὁμόφωνοι

2113 3959 2275 4036 ἦσαν,
2309 3961 2434 4016 οὕτε
2463 3966 2616 4034 κοινῇ
2648 3965 3047 4030 ἐπολιτεύοντο,
3081 3964 3206 4019 ὅθεν
3235 3966 3354 4019 οὐδὲ
3383 3967 3463 4030 είς
3497 3965 3556 4019 ἐν
3577 3966 3699 4020 ὅνο-

2118 4075 2195 4129 μα
2235 4057 2472 4111 ἐτέλουν.
2515 4057 2580 4110 Ol
2629 4058 2730 4129 μὲν
2763 4058 2873 4130 γὰρ
2909 4059 3180 4129 Ῥωμαῖοι
3216 4059 3526 4124 Ἰσπανοὺς,
3557 4059 3610 4112 oi
3650 4057 3694 4112 δ’

2115 4149 2379 4221 Ἕλληνες
2415 4149 2641 4221 Ἴϐηρας
2673 4149 2786 4204 ἀπὸ
2827 4151 2920 4205 τοῦ
2949 4151 3199 4221 ποταμοῦ
3233 4150 3453 4221 Ἴϐηρος
3493 4152 3698 4217 αὐτοὺς

2113 4244 2478 4299 ἐπεκάλεσαν.
2535 4244 2600 4297 Ui
2651 4243 2752 4314 μέν
2802 4243 2896 4298 οὖν
2925 4243 3219 4298 Ζακύνθιοι
3247 4239 3394 4298 οὗτοι
3441 4244 3698 4316 ἐπολιορ-

2113 4339 2332 4405 κοῦντο,
2361 4337 2458 4391 καὶ
2480 4336 2734 4408 ἔπεμψαν
2765 4338 2903 4409 πρὸς
2928 4338 3057 4400 τοὺς
3087 4337 3409 4408 περιοίκους
3435 4338 3532 4391 καὶ
3557 4337 3698 4408 πρὸς

2115 4431 2242 4493 τοὺς
2293 4429 2602 4498 Ῥωμαίους
2649 4429 2976 4501 ἐπικουρίας
3025 4430 3294 4498 δεόμενοι.
3361 4429 3525 4483 Ἀλλά
3565 4429 3696 4492 τοὺς

2119 4525 2218 4594 μὲν
2246 4524 2275 4576 ὁ
2317 4524 2565 4587 Ἀννίϐας
2589 4522 2865 4576 ἐκώλυσεν
2893 4538 2909 4554 ο
2941 4522 2992 4574 οἱ
3015 4521 3072 4574 δὲ
3115 4521 3400 4590 Ῥωμαῖοι,
3429 4521 3695 4590 πρέσϐεις

2112 4617 2250 4688 πρὸς
2284 4617 2494 4670 ἐκεῖνον
2525 4615 2864 4686 πέμψαντες,
2903 4614 2980 4686 μὴ
3025 4613 3283 4679 πελάζειν
3324 4615 3441 4677 τοῖς
3487 4615 3697 4669 Ζακυν-

2113 4708 2250 4771 dict;
2290 4709 2565 4773 ἐκέλευον,
2605 4707 2702 4760 καὶ
2736 4709 2787 4760 εί
2819 4705 2896 4778 μὴ
2932 4705 3196 4773 πείθοιτο,
3233 4709 3290 4770 ἐς
3323 4707 3423 4776 τὴν
3465 4708 3696 4778 Καρχη-

2111 4800 2240 4854 δόνα
2266 4798 2502 4853 πλεῦσαι
2535 4799 2701 4862 εὐθὺς
2728 4799 2822 4852 καὶ
2850 4799 3230 4869 κατηγορῆσαι
3255 4796 3424 4854 αὑτοῦ
3456 4799 3695 4868 ἐπηπεί-

2110 4893 2301 4964 λησαν.
2350 4891 2407 4946 ’0
2439 4891 2483 4944 δ’
2547 4891 2821 4960 Ἀννίϐας,
2878 4894 2942 4946 ἐκ
2975 4891 3086 4947 τῶν
3117 4893 3431 4963 ἐπιχωρίων
3468 4893 3696 4962 πέμψας

2112 4986 2265 5049 τινὰς
2292 4984 2368 5048 ὡς
2395 4983 2611 5038 εὔνοιαν
2635 4984 2940 5055 τηροῦντας
2968 4986 3082 5048 τοῖς
3110 4983 3404 5055 πρέσϐεσιν
3426 4983 3529 5056 ήδη
3554 4984 3695 5056 πλη-

2114 5079 2233 5132 σίον
2275 5075 2417 5142 οὖσι,
2455 5076 2837 5147 παρεσκεύασε
2881 5074 3061 5145 λέγειν
3095 5075 3280 5140 αὐτοῖς
3317 5077 3395 5147 μὴ
3434 5078 3694 5147 παρεῖναι

2111 5171 2204 5224 τὸν
2237 5168 2564 5240 στρατηγὸν,
2607 5169 2798 5240 πόρρω
2826 5185 2928 5222 που
2973 5169 3029 5232 ἐς
3063 5168 3319 5236 ἄγνωστα
3349 5168 3529 5238 χωρία
3557 5170 3694 5222 ἀπο-

2110 5262 2453 5333 δημήσαντα,
2489 5259 2580 5315 καὶ
2615 5259 2893 5332 παρῄνουν
2923 5259 3308 5328 ἀπαλλαγῆναι
3332 5259 3408 5322 ὡς
3434 5259 3690 5330 τάχιστα,

2110 5353 2242 5424 πρὶν
2287 5351 2718 5421 καταγγελθεῖεν
2767 5352 2844 5413 ὡς
2899 5351 3178 5420 πάρεισιν,
3215 5350 3302 5406 ἵνα
3339 5351 3415 5423 μὴ
3461 5351 3553 5405 διὰ
3592 5351 3692 5420 τὴν

2111 5443 2402 5514 ᾀναρχίαν,
2435 5441 2532 5495 τοῦ
2573 5440 2888 5511 στρατηγοῦ
2917 5442 2993 5511 μὴ
3028 5441 3320 5512 παρόντος,
3350 5442 3687 5496 ἀπόλωνται.

2111 5534 2175 5587 Oi
2215 5535 2313 5605 μὲν
2335 5529 2429 5589 οὖν
2470 5534 2863 5596 πιστεύσαντες
2894 5533 3081 5596 αὐτοῖς
3108 5534 3188 5597 είς
3218 5533 3320 5605 τὴν
3361 5532 3688 5605 Καρχηδόνα

1635 5679 1840 5740 Varim
1870 5679 2188 5743 lectiones
2230 5688 2294 5743 et
2327 5688 2517 5744 notat.

499 5804 610 5866 (30)
643 5804 868 5859 Αὐτίκα
913 5809 1335 5872 προδιατέλαϐε.
1377 5809 1528 5865 Alter
1583 5809 1753 5865 codex
1785 5809 1989 5876 Wolﬁi,

2115 5810 2328 5866 οσέλαϐε
2361 5810 2472 5868 duo
2505 5811 2636 5882 lieg.
2669 5820 2725 5867 ct
2759 5811 2910 5868 Colb.
2947 5808 3384 5881 προσκατέλαϐε.
