4008 6250
314 353 414 416 697

1513 371 1797 435 ANNALI
1812 376 1924 437 ΗΜ
1963 379 2114 440 LIB.
2157 382 2326 443 VIII.

3415 464 3423 473 ,
3463 392 3568 453 698

316 472 580 576 ἐπῄεσαν.
607 476 912 549 Γενομένης
935 479 992 535 δέ
1027 482 1350 555 ἐκκλησίας,
1379 487 1429 541 οί
1463 487 1562 557 μέν
1594 491 1704 545 τῶν
1732 493 1884 566 Καρ-

2012 497 2188 552 ledqu
2237 497 2439 553 moenia
2470 497 2776 570 oppugnat,
2827 500 2985 558 multi
3034 493 3103 558 ex
3145 502 3266 576 ejus
3296 472 3568 563 militibus

313 567 576 638 χηδονίων
605 571 832 643 εἰρήνην
859 572 1017 642 ἄγειν
1077 576 1216 646 πρὸς
1244 578 1370 643 τοὺς
1407 577 1710 652 Ῥωμαίους
1755 601 1882 640 συνο

315 664 626 730 ςϐούλευον,
663 667 714 720 οῖ
744 665 825 732 δέ,
851 668 931 738 τῷ
956 669 1173 743 Ἀννίϐᾳ
1197 673 1582 746 προσκείμενοι
1605 677 1742 750 (3!),
1765 680 1892 744 τοὺς

322 757 422 828 μιν
449 758 784 824 Ζακυνθίους
806 761 1036 828 ἀδικεῖν,
1061 764 1187 828 τοὺς
1211 765 1267 820 δὲ
1303 767 1606 836 Ῥωμαίους
1634 772 1702 824 τὰ
1724 771 1892 842 μηδὲν

319 850 470 918 σφίσι
493 851 844 920 προσήκοντα
882 854 1365 927 πολυπραγμονεῖν
1405 859 1614 928 ἐλεγον.
1655 864 1768 916 Καὶ
1799 863 1892 917 τέ-

315 943 408 1000 λος
438 945 831 1015 ἐπεκράτησαν
859 947 909 1000 oi
943 949 1250 1019 πολεμῆσαι
1296 955 1436 1022 σφᾶς
1477 954 1890 1021 ἀναπείθοντες.

328 1034 418 1088 Ἐν
444 1035 623 1106 τούτῳ
651 1037 708 1090 δὲ
736 1038 766 1091 δ
808 1037 1058 1105 Ἀννίϐας
1084 1044 1288 1115 σπουδῇ
1329 1047 1429 1109 τὰς
1455 1047 1765 1118 προσϐολὰς
1793 1051 1894 1120 τῆς

313 1129 669 1199 τειχομαχίας
717 1132 977 1186 ἐποιεῖτο.
1031 1135 1253 1189 Πολλῶν
1310 1136 1366 1191 δέ
1419 1140 1752 1208 πιπτόντων,
1798 1142 1894 1194 καὶ

316 1221 585 1276 πλειόνων
621 1227 1082 1297 τιτρωσκομένων
1120 1229 1185 1284 ἐκ
1207 1230 1316 1283 τῶν
1352 1231 1447 1286 τοῦ
1497 1232 1770 1297 Ἀννίϐου,
1799 1232 1894 1287 καί

313 1331 448 1367 ποτε
484 1315 598 1367 τῶν
629 1317 1021 1388 Καρχηδονίων
1053 1323 1500 1378 κατασεισάντων
1527 1342 1580 1378 τι
1615 1324 1710 1378 τοῦ
1740 1343 1896 1397 περι-

313 1403 478 1458 ϐόλου
533 1406 630 1461 καὶ
681 1409 824 1460 κατά
853 1408 917 1462 τὸ
952 1411 1141 1481 ῥῆγμα
1176 1412 1446 1466 εἰσελθεῖν
1483 1413 1891 1486 τολμησάντων,

317 1495 694 1567 ἐπεξέδραμον
739 1501 791 1553 οί
831 1501 1120 1556 Ζακύνθιοι
1169 1505 1264 1558 καὶ
1311 1505 1664 1578 ἀπεσόϐησαν
1715 1509 1892 1577 σφᾶς·

312 1586 439 1640 ὅθεν
499 1590 656 1644 αὐτοὶ
703 1592 804 1661 μὲν
839 1594 1290 1667 ἐπερρώσθησαν,
1337 1597 1388 1650 οἱ
1430 1597 1793 1668 Καρχηδόνιοι
1839 1599 1898 1655 δέ

245 1697 249 1700 ·
315 1678 570 1734 ἐνέδοσαν
619 1681 1028 1753 ἀθυμήσαντες.
1061 1685 1177 1740 Οὐκ
1207 1687 1526 1760 ἀπέστησαν
1550 1689 1606 1742 δέ
1639 1690 1772 1760 πρὶν
1796 1690 1897 1762 τὴν

318 1771 478 1823 πόλιν
511 1771 676 1837 ἐλεῖν,
715 1774 894 1828 καίτοι
932 1775 1022 1831 ἐπ’
1050 1777 1235 1846 ὄγδοον
1269 1781 1413 1849 μῆνα
1447 1779 1548 1850 τῆς
1577 1779 1899 1852 πολιορκίας

318 1865 757 1936 παραταθείσης,
797 1869 854 1921 ἐν
885 1863 968 1932 οἷς
1010 1842 1147 1924 ἄλλα
1177 1889 1239 1926 τε
1269 1842 1445 1926 eam
1475 1842 1776 1946 σ-ύνηνέχθή
1804 1842 1897 1929 καί
1931 1842 1972 1902 Β

316 1954 519 2023 ἄτοπα,
553 1958 648 2012 καὶ
689 1961 717 2012 ὁ
753 1957 1015 2024 *Αννίϐας
1044 1962 1234 2026 δεινῶς
1271 1965 1507 2036 ἐτρώθη.
1540 1965 1695 2019 Ἥλω
1718 1965 1776 2019 δέ
1809 1966 1900 2020 οὖ-

317 2064 432 2113 τως
451 2063 466 2079 ⁸
509 2050 809 2124 μηχάνημα
842 2053 920 2125 τῷ
949 2055 1122 2126 τείχει
1152 2059 1523 2130 προσήγαγον,
1555 2059 1690 2114 πολύ
1719 2077 1776 2114 τε
1809 2061 1902 2114 αύ-

319 2140 417 2194 τού
452 2143 774 2215 ὑπεραῖρον,
810 2147 905 2201 καὶ
932 2148 1160 2213 ὁπλίτας
1188 2150 1316 2214 τοὺς
1345 2151 1440 2220 μὲν
1466 2153 1729 2221 ἐμφανεῖς
1750 2153 1896 2222 ἔχον,

319 2234 450 2297 τοὺς
479 2233 536 2287 δὲ
571 2233 956 2300 λανθάνοντας.
990 2238 1114 2293 Τῶν
1144 2235 1240 2294 οὖν
1268 2242 1588 2296 Ζακυνθίων
1615 2244 1731 2306 τοῖς
1757 2242 1899 2314 ὁρω-

323 2329 512 2396 μένοις
545 2327 622 2392 ὡς
657 2330 844 2400 μόνοις
879 2332 998 2386 οὖσι
1033 2332 1362 2406 μαχομένων
1393 2339 1892 2410 ἐρρωμενέστερον,

315 2419 372 2474 ὀί
400 2422 776 2494 κεκρυμμένοι
805 2423 864 2478 τὸ
895 2428 1072 2497 τεῖχος
1111 2427 1485 2498 ὑπορύξαντες
1519 2429 1896 2484 είσεϐιάσαντο

319 2513 419 2567 καὶ
455 2511 606 2569 ινδον
641 2516 912 2585 ἐγένοντο.
942 2518 1032 2588 Τῷ
1060 2518 1192 2587 γοῦν
1217 2520 1507 2593 παραδόξῳ
1533 2523 1582 2575 οἱ
1609 2521 1901 2576 Ζακύνθιοι

1991 589 2218 656 cadunt,
2270 591 2525 660 pluribus
2570 594 2878 651 vulneratis
2918 613 2933 649 :
2984 605 3041 652 et
3089 612 3216 652 cum
3265 598 3567 669 aliquando

1991 683 2478 754 Carthaginienses
2509 686 2655 742 muri
2713 696 2931 758 partem
2978 687 3329 760 dejecissent,
3373 699 3430 745 et
3473 705 3571 761 per

1993 777 2183 832 ruinas
2223 788 2515 848 penetrare
2558 789 2920 848 conarentur,
2965 797 2996 835 a
3077 781 3396 852 Saguntinis
3451 798 3576 836 eru-

1992 869 2178 939 plione
2206 867 2368 932 facta,
2395 870 2598 939 repulsi
2633 881 2922 926 cesserunt
2956 891 2970 927 :
2998 873 3287 928 imminuta
3319 874 3568 936 audacia.

1993 959 2396 1028 Oppidanorum
2429 977 2562 1016 vero
2592 963 2760 1018 animi
2803 963 2950 1018 aucti
2983 971 3132 1018 sunt.
3161 963 3351 1033 Neque
3385 973 3568 1018 tamen

1993 1051 2062 1106 ab
2089 1052 2381 1108 obsidione
2409 1053 2762 1120 destiterunt,
2791 1056 2845 1109 in
2891 1070 3139 1109 mensem
3185 1066 3439 1110 octavum
3474 1071 3567 1110 us-

1994 1160 2101 1215 que
2153 1155 2446 1216 prorogata
2493 1162 2508 1201 :
2567 1162 2678 1215 quo
2732 1147 2996 1216 temporis
3045 1149 3227 1217 spatio
3282 1163 3406 1202 cum
3465 1147 3570 1202 alia

1995 1239 2186 1300 multa,
2217 1254 2388 1307 eaque
2420 1238 2766 1293 incommoda
2797 1248 3126 1306 evenerunt,
3181 1251 3295 1295 tum
3339 1239 3575 1294 Annibal

1995 1330 2234 1401 graviter
2268 1330 2592 1386 vulneratus
2627 1340 2732 1386 est.
2763 1331 2904 1387 Urbs
2941 1343 3124 1386 autem
3167 1333 3248 1390 sic
3274 1342 3431 1402 capta
3465 1343 3570 1390 est.

1997 1420 2304 1477 Machinam
2336 1421 2706 1485 adduxerunt,
2747 1437 2870 1491 quae
2904 1423 3106 1476 muenia
3137 1425 3370 1477 multum
3395 1440 3532 1492 supe
3553 1454 3576 1463 -

1997 1523 2166 1577 raret,
2208 1512 2437 1567 armatis
2481 1512 2680 1582 partim
2719 1511 3058 1580 conspicuis,
3109 1515 3308 1583 partim
3341 1513 3575 1568 occultis

1999 1604 2282 1660 refertam.
2315 1603 2455 1657 Dum
2493 1611 2676 1657 autem
2708 1602 3000 1674 Saguntini
3055 1619 3181 1658 cum
3211 1603 3280 1658 iis
3311 1605 3573 1658 duntaxat

1999 1713 2139 1769 quos
2168 1697 2451 1761 videbant,
2482 1696 2666 1750 acrius
2698 1703 2964 1767 pugnant,
3001 1697 3150 1750 solos
3183 1712 3280 1751 eos
3305 1712 3428 1752 esse
3457 1697 3577 1765 opi-

2001 1791 2140 1858 nati,
2166 1790 2368 1846 occulti
2416 1789 2654 1846 suil‘osso
2699 1804 2883 1854 muro,
2915 1789 2966 1843 vi
3002 1789 3058 1843 in
3091 1788 3282 1844 urbem
3317 1799 3578 1860 penetra-

2002 1893 2152 1940 runt.
2190 1883 2483 1953 Saguntini
2533 1899 2593 1938 re
2625 1883 2907 1952 inopinata
2951 1883 3254 1953 perterriti,
3304 1883 3358 1937 in
3392 1897 3577 1936 arcem

1999 1985 2364 2035 accurrerunt
2413 1995 2426 2031 :
2482 1976 2784 2048 habitoque
2839 1976 3138 2046 colloquio,
3195 1976 3578 2031 tolerabilibus

1999 2069 2414 2127 conditionibus
2445 2069 2674 2123 salutem
2711 2070 3008 2138 impetrare
3048 2069 3403 2124 studuerunt.
3463 2069 3576 2122 An-

2001 2161 2179 2216 nibale
2212 2175 2339 2214 vero
2375 2158 2514 2213 nihil
2566 2159 2832 2213 moderati
2893 2160 3228 2228 postulante,
3251 2147 3435 2230 neque
3470 2159 3578 2212 lio-

2004 2252 2186 2308 manis
2236 2251 2538 2321 quidquam
2569 2249 2688 2318 opis
2735 2249 3058 2308 ferentibus.
3091 2248 3482 2320 eﬂlagitarunt,
3517 2257 3580 2302 ut

2009 2343 2416 2416 oppugnatione
2471 2341 2808 2404 intermissa,
2864 2339 3031 2395 rebus
3083 2339 3200 2395 suis
3249 2339 3579 2394 consulendi

2006 2435 2243 2505 spatium
2285 2431 2532 2487 daretur.
2568 2429 2786 2485 Interea
2818 2430 3235 2500 pretiosissimis
3268 2428 3581 2500 quibusque

2005 2529 2170 2582 rebus
2205 2526 2318 2597 igni,
2361 2523 2689 2593 absumptis,
2727 2523 2981 2578 homines
3048 2523 3297 2578 imbelles
3328 2521 3434 2576 sibi
3470 2520 3577 2587 ipsi

323 2605 704 2676 ἐκπλαγέντες
742 2611 827 2673 είς
867 2611 969 2681 τὴν
1003 2611 1304 2683 ἀκρόπολιν
1329 2613 1658 2687 ἀνέδραμον,
1693 2615 1789 2670 καὶ
1821 2615 1904 2678 είς

2012 2635 2207 2674 manus
2236 2617 2582 2672 attulerunt:
2609 2615 2704 2685 qui
2737 2625 2895 2670 erant
2927 2624 3095 2670 aelate
3121 2615 3355 2683 integra,
3396 2612 3584 2668 subito

321 2697 523 2764 λόγους
549 2695 739 2772 ἦλθον,
773 2703 828 2758 εῖ
871 2723 990 2770 πως
1025 2707 1263 2761 ἐπιεικεῖ
1292 2725 1398 2762 τινι
1437 2708 1699 2780 ὁμολογία
1749 2727 1908 2779 περι-

2012 2710 2066 2765 in
2093 2711 2285 2766 hostes
2328 2710 2537 2780 impetu
2569 2705 2735 2772 iacto,
2783 2717 3008 2763 strenue
3057 2705 3394 2762 dimicantes
3421 2718 3589 2759 occu-

323 2791 572 2851 σωθεῖεν.
617 2797 706 2860 Ὠς
733 2796 780 2851 δ’
810 2798 966 2853 οὐδὲν
990 2801 1019 2856 ό
1060 2800 1310 2865 Ἀννίϐας
1341 2800 1637 2874 προΐσχετο
1665 2801 1910 2872 μέτριον,
2011 2802 2272 2857 buerunt.

325 2887 453 2942 οὔτε
490 2907 576 2954 τις
606 2893 793 2957 αὐτοῖς
819 2892 1060 2965 ὠφέλεια
1093 2895 1230 2966 πρὸς
1253 2897 1364 2950 τῶν
1429 2893 1723 2966 Ῥωμαίων
1787 2896 2028 2964 ἐγίνετο,
2096 2893 2454 2964 ἐπισχεθῆναι
2501 2895 2602 2960 τὰς
2643 2890 2952 2965 προσϐολὰς
2993 2888 3348 2961 ἐξῃτήσαντο,
3418 2888 3493 2952 ὥς
3535 2906 3591 2945 τι

327 2984 463 3054 περὶ
511 2984 620 3038 τῶν
677 2983 822 3039 κατὰ
881 2987 1024 3054 σφᾶς
1083 2985 1520 3057 βουλευσόμενοι.
1593 2987 1713 3040 Κάν
1761 2983 1939 3056 τούτῳ
2014 2984 2083 3037 τὰ
2149 2983 2456 3054 τιμιώτατα
2511 2983 2964 3051 συμφορήσαντες
3019 2978 3130 3032 τῶν
3182 2979 3483 3049 χρημάτων
3532 2979 3591 3043 ἐς

328 3081 449 3153 πῦρ
494 3079 767 3137 ἐνέϐαλον.
809 3080 922 3136 Καὶ
987 3083 1038 3135 oi
1084 3081 1184 3152 μὲν
1217 3081 1500 3153 ἀπόμαχοι
1539 3081 1938 3153 διεχειρίσαντο
1972 3077 2238 3143 ἑαυτούς’
2286 3080 2337 3132 oi
2391 3078 2438 3134 δ’
2486 3079 2545 3132 ἐν
2592 3075 2781 3150 ἡλικίᾳ
2821 3073 3010 3147 ἀθρόοι
3051 3075 3189 3144 πρὸς
3260 3073 3390 3138 τοὺς
3433 3075 3591 3128 ἐναν·

331 3175 482 3236 τίους
510 3173 847 3245 ὡρμήκεσαν
871 3174 969 3230 καὶ
999 3174 1299 3248 προθύμως
1328 3175 1724 3248 ἀγωνιζόμενοι
1765 3174 2179 3246 κατεκόπησαν.

400 3269 532 3324 KB’.
562 3266 672 3322 Καὶ
696 3266 768 3321 δι’
809 3270 1008 3332 αὐτοὺς
1029 3269 1080 3320 οί
1123 3267 1384 3338 Ῥωμαῖοι
1420 3270 1516 3322 καὶ
1540 3272 1590 3321 ot
1623 3268 1907 3339 Καρχηδό-

2081 3263 2248 3320 XXII.
2285 3263 2409 3318 Haec
2461 3262 2722 3318 Romanis
2749 3269 2804 3314 et
2879 3256 3425 3329 Carthaginiensibus
3463 3258 3593 3313 belli

332 3377 440 3417 νιοι
469 3359 844 3431 ἐπολέμησαν.
893 3359 953 3414 Ὀ
991 3359 1101 3429 γὰρ
1144 3361 1420 3430 Ἀννίϐας,
1461 3360 1557 3414 καὶ
1585 3360 1911 3431 συμμάχους

2012 3373 2174 3414 causa
2211 3356 2330 3410 fuit.
2357 3355 2490 3410 Nam
2515 3369 2639 3409 cum
2701 3351 3029 3406 Annibalem
3065 3352 3252 3405 multis
3304 3351 3471 3406 sociis
3500 3365 3594 3407 as-

338 3453 573 3524 συχνοὺς
605 3450 952 3521 προσλαϐὼν,
981 3451 1060 3514 είς
1087 3453 1188 3520 τὴν
1219 3451 1456 3506 Ἰταλίαν
1488 3453 1766 3522 ἠπείγετο.
1800 3452 1911 3504 Πυ-

2017 3453 2144 3508 citis
2171 3450 2227 3503 in
2251 3449 2464 3504 Italiam
2497 3459 2800 3516 properare
2841 3443 3077 3499 Romani
3111 3441 3475 3508 audivissent,
3507 3443 3592 3496 in-

340 3546 564 3616 θόμενοι
591 3544 648 3598 δέ
673 3542 829 3597 ταῦθ’
858 3545 908 3596 oi
945 3543 1212 3614 Ῥωμαῖοι
1252 3544 1514 3615 συνῆλθον
1555 3547 1636 3607 εἰς
1676 3543 1737 3618 τὸ
1791 3560 1911 3597 συν-

2017 3542 2168 3598 dicto
2231 3540 2466 3596 concilio
2519 3537 2694 3592 multa
2749 3535 2915 3590 verba
2971 3535 3114 3589 facta
3179 3542 3327 3589 sunt.
3389 3533 3593 3588 Verum

341 3637 543 3710 έδριον,
581 3637 676 3691 καὶ
715 3637 912 3708 ἐλέχθη
957 3637 1056 3709 μὲν
1091 3637 1288 3692 πολλά.
1323 3638 1558 3702 Λούκιος
1595 3637 1653 3691 δέ
1704 3639 1911 3708 Κορνή-

2019 3633 2083 3688 L.
2115 3632 2406 3689 Cornelius
2440 3629 2705 3685 Lentulus
2734 3642 2834 3696 pro
2858 3627 3124 3680 concione
3149 3625 3308 3686 dixit.
3338 3638 3447 3677 non
3472 3637 3596 3678 esse

340 3731 450 3797 λιος
485 3729 783 3792 Λέντουλος
809 3728 1196 3799 ἐδημηγόρησε
1233 3730 1328 3782 καὶ
1359 3726 1478 3782 εἶπε
1545 3728 1622 3800 μὴ
1677 3728 1911 3798 μέλλειν,

2017 3723 2413 3786 cunctandum,
2465 3719 2564 3776 sed
2620 3719 2826 3774 bellum
2857 3726 3049 3772 contra
3104 3714 3600 3784 Carthaginienses

343 3824 481 3879 ἀλλὰ
506 3823 745 3893 πόλεμον
774 3822 915 3876 κατὰ
947 3821 1057 3875 τῶν
1106 3821 1498 3892 Καρχηδονίων
1549 3821 1911 3892 ψηφίσασθαι1

2019 3812 2455 3878 decernendum,
2487 3820 2543 3865 et
2572 3819 2679 3864 tam
2699 3809 2954 3864 consules
2973 3823 3132 3876 quam
3161 3804 3434 3860 exercitus
3473 3802 3604 3858 bifa-

347 3913 437 3965 καὶ
466 3910 587 3980 διχῆ
613 3909 809 3963 διελεῖν
831 3910 925 3963 καὶ
954 3909 1082 3973 τοὺς
1117 3909 1362 3974 ὑπάτους
1405 3910 1500 3964 καὶ
1528 3911 1628 3964 ’τὰ
1658 3911 1911 3982 στρατεύ·

2020 3911 2159 3966 riam
2220 3904 2571 3970 dividendus,
2606 3912 2665 3958 et
2720 3903 2952 3956 alterum
3003 3901 3058 3954 in
3091 3899 3428 3968 Hispaniam,
3463 3897 3603 3950 alte—

348 4016 520 4070 ματα·
540 4003 637 4054 καὶ
663 3999 789 4062 τοὺς
816 3999 918 4070 μὲν
948 4000 1027 4062 είς
1056 3999 1154 4069 τὴν
1187 3997 1448 4069 Ἰϐηρίαν,
1465 3999 1594 4062 τοὺς
1611 3998 1668 4053 δέ
1717 4001 1797 4062 είς
1826 3999 1911 4070 up

2022 4013 2148 4054 rum
2195 3997 2252 4050 in
2282 3994 2509 4068 Lybiam
2539 3989 2870 4046 mittendum
2898 4009 2912 4045 :
2959 3999 3017 4042 ut
3044 3988 3237 4043 eodem
3269 3996 3516 4057 tempore
3546 3995 3604 4040 et

350 4093 556 4166 Λιϐύην
585 4093 822 4165 πέμψαι,
852 4092 919 4147 ἵν’
955 4093 1060 4147 ὑπὸ
1083 4093 1174 4148 τὸν
1205 4094 1370 4147 αὐτὸν
1389 4092 1582 4163 χρόνον
1611 4092 1648 4164 ἦ
1684 4109 1742 4146 τε
1770 4091 1911 4163 χώρα

2024 4101 2153 4158 ager
2175 4099 2370 4142 eorum
2397 4091 2738 4147 vastaretur,
2772 4089 2830 4136 et
2854 4079 2991 4136 socii
3017 4085 3349 4134 vexarentur
3379 4093 3394 4130 :
3426 4092 3604 4146 neque

351 4187 534 4243 αὐτῶν
548 4186 814 4257 πορθῆται
835 4186 932 4240 καὶ
957 4187 1007 4239 oi
1034 4187 1317 4256 σύμμαχοι
1366 4183 1809 4256 κακουργῶνται,
1833 4184 1911 4236 κα¹

2027 4177 2303 4250 Hispania:
2324 4190 2486 4246 opem
2510 4172 2678 4238 ferre,
2697 4185 2880 4242 neque
2903 4169 3031 4224 inde
3054 4168 3260 4223 auxilia
3281 4177 3605 4237 exspectare

365 4279 504 4349 μήτε
519 4281 585 4350 τῇ
618 4277 827 4350 Ἰϐηρίᾳ
842 4277 1108 4348 βοηθῆσαι
1121 4276 1386 4331 δύνωνται
1405 4276 1533 4348 μήτ’
1547 4276 1759 4330 ἐκεῖθεν
1773 4276 1911 4330 αὐτο

2030 4272 2218 4326 hostes
2238 4276 2486 4340 possent.
2524 4265 2604 4320 Ad
2635 4265 2752 4320 haec
2805 4263 2870 4329 Ω.
2926 4261 3129 4316 Fabius
3190 4257 3464 4313 Maximus
3516 4273 3610 4311 re-

351 4347 779 4443 ἐπικουρηθῶσι.
800 4347 940 4440 Πρὸς
966 4347 1142 4423 ταῦτα
1169 4347 1415 4434 Κύῖντος
1437 4368 1635 4432 Φάϐιος
1675 4367 1911 4436 Μάξιμοι

2029 4363 2274 4435 spondit,
2311 4374 2422 4415 non
2471 4357 2610 4413 adeo
2642 4354 3054 4427 praecipitanter
3099 4350 3304 4405 bellum
3359 4363 3483 4404 esse.
3509 4347 3610 4402 de-

350 4440 622 4526 ὰντέθετο,
640 4462 715 4533 μὴ
731 4460 794 4514 οὗ
803 4477 908 4523 τως
936 4461 1001 4512 ἐκ
1017 4458 1432 4531 παντρςτρόπου
1453 4457 1543 4513 τὸν
1569 4458 1806 4528 πόλεμον
1821 4457 1911 4510 δεῖ·

2033 4453 2396 4518 cernendum,
2430 4451 2524 4506 sed
2567 4450 2779 4519 legatos
2821 4445 2976 4516 prius
3010 4442 3331 4498 mittendos.
3369 4440 3524 4507 Quod
3561 4440 3608 4496 si

350 4554 715 4626 ψηφίσασθαι,
738 4554 875 4609 ἀλλὰ
891 4553 1158 4625 πρεσϐείᾳ
1177 4551 1488 4624 χρήσασθαι
1509 4553 1796 4624 πρότερον.
1814 4552 1911 4606 Κᾶ·

2040 4548 2274 4606 crimina
2311 4545 2618 4616 purgarint,
2649 4539 3053 4612 quiescendum
3101 4554 3115 4590 :
3149 4539 3235 4592 sin
3287 4536 3610 4608 injuriarum

489 4615 755 4701 πείσωσιν
803 4647 886 4700 ὅτι
919 4615 1073 4701 ούδέν
1121 4615 1424 4714 ἀδικοῦσιν,
1465 4615 1698 4718 ήσύχίαν
1737 4645 1896 4712 ἄγειν

2012 4615 2461 4702 εοῐινίιιοειιιιιν,
2509 4633 2676 4707 408
2722 4639 2842 4685 tum
2896 4630 3118 4686 demum
3160 4627 3304 4683 bello
3345 4625 3614 4695 petendos

341 4739 422 4794 ’ἂν
449 4741 496 4794 δ’
530 4739 844 4802 ἀδικοῦντες
877 4739 1070 4805 ἁλῶσι,
1092 4740 1216 4794 τότε
1248 4739 1558 4810 πολεμῆσαι
1591 4739 1796 4801 αὐτοῖς,
1843 4737 1911 4791 iv:

2041 4748 2186 4796 esse,
2230 4740 2291 4786 ut
2321 4730 2487 4786 etiam
2512 4742 2676 4783 causa
2708 4725 2835 4781 belli
2871 4724 2926 4779 in
2964 4723 3086 4778 illos
3115 4720 3517 4776 transferatur.
3537 4718 3615 4773 Ac

361 4834 456 4887 καὶ
475 4831 576 4902 τὴν
603 4832 783 4887 αἰτίαν
815 4832 910 4886 τοῦ
944 4832 1186 4902 πολέμου
1221 4834 1280 4895 ἐς
1319 4831 1513 4894 αὐτοὺς
1558 4827 1934 4900 ἀπωσὼμεθα.

361 4927 422 4978 Δί
457 4923 556 4997 μιν
581 4919 676 4978 οὖν
699 4925 904 4994 ἀμφοῖν
932 4923 1080 4989 δόξαι
1115 4922 1365 4988 τοιαῦται
1405 4919 1572 4994 ἦσαν,
1612 4921 1689 4986 ὡς
1734 4923 1794 4975 ἐν
1845 4937 1937 4976 κε-

362 5015 578 5087 φαλαίῳ
605 5018 801 5072 εἰπεῖν.
830 5017 910 5088 Τῇ
938 5017 995 5070 δὲ
1025 5015 1188 5086 βουλῇ
1243 5014 1766 5087 παρασκευάζεσθαι
1839 5015 1939 5085 μὲν

363 5106 511 5174 εδοξε
545 5109 682 5180 πρὸς
711 5111 812 5178 τὴν
841 5108 1047 5179 μάχην,
1075 5107 1338 5178 πρέσϐεις
1375 5108 1433 5161 δέ
1472 5109 1553 5170 είς
1575 5108 1674 5178 τὴν
1711 5109 1942 5180 Καρχηο

367 5201 496 5256 δόνα
528 5201 758 5267 στεῖλαι,
795 5202 889 5255 καὶ
915 5199 1010 5254 τοῦ
1049 5199 1294 5254 Ἀννίϐου
1323 5200 1865 5271 κατηγορῆσαινΚαὶ
1895 5201 1945 5254 εί

373 5293 473 5362 μὲν
506 5292 583 5365 μὴ
607 5294 884 5347 ἐπαινοῖεν
909 5293 978 5346 τὰ
1001 5292 1344 5364 πραχθέντα,
1374 5292 1622 5346 δικάσαι·
1655 5293 1704 5346 εί
1766 5291 1811 5345 δ’
1862 5293 1942 5355 είς

370 5383 579 5438 ἐκεῖνον
607 5383 748 5437 αὐτὰ
775 5384 1118 5455 ἀναφέροιεν,
1153 5382 1547 5453 ἐξαιτήσασθαι
1596 5381 1760 5435 αὐτόν
1782 5398 1799 5416 ο
1837 5382 1944 5436 κᾶν

376 5473 450 5544 μὴ
479 5475 700 5539 ἐκδῶσι,
737 5475 828 5530 τὸν
877 5475 1119 5546 πόλεμον
1167 5475 1494 5543 ἐπαγγεῖλαι
1561 5475 1766 5537 αὐτοῖς.
1824 5475 1947 5528 Τῶν

371 5565 502 5635 γοῦν
530 5566 817 5636 πρέσϐεων
845 5566 1207 5634 ἀπελθόντων,
1232 5567 1282 5620 οί
1312 5565 1674 5638 Καρχηδόνιοι
1704 5564 1766 5617 τὸ
1795 5581 1952 5636 ποιη-

2044 4827 2333 4894 utriusque
2377 4820 2652 4878 sententia
2699 4815 3014 4874 summatim
3064 4815 3180 4870 haec
3204 4813 3309 4868 fuit
3345 4829 3360 4867 :
3397 4811 3611 4866 senatui

2046 4925 2232 4972 autem
2267 4913 2492 4984 placuit,
2541 4925 2601 4966 se
2626 4918 2684 4964 et
2738 4909 2805 4963 ad
2848 4907 3052 4962 bellum
3085 4919 3304 4975 parare,
3337 4909 3391 4955 et
3421 4901 3616 4967 legatis

2045 5005 2433 5074 Carthaginem
2464 5001 2650 5058 missis
2711 4999 3046 5053 Annibalem
3079 5006 3365 5050 accusare.
3392 4988 3546 5054 Quod
3571 4989 3616 5042 si

2047 5101 2140 5155 illa
2177 5099 2576 5168 improbarent,
2610 5095 2738 5164 jure
2766 5089 3040 5163 agendum
3071 5105 3084 5140 :
3137 5087 3222 5140 sin
3269 5083 3346 5136 illi
3379 5082 3620 5149 imputa—

2051 5203 2200 5260 rent,
2231 5207 2358 5249 eum
2389 5186 2799 5259 deposcendum
2835 5204 2848 5239 :
2883 5183 2929 5238 si
2963 5195 3075 5234 non
3099 5179 3388 5236 dederent,
3415 5171 3620 5226 bellum

2046 5292 2131 5345 eis
2159 5283 2538 5344 indicendum.
2564 5280 2785 5350 Legatis
2820 5273 3106 5347 digressis,
3139 5264 3623 5330 Carthaginienses

2051 5381 2186 5451 quid
2222 5378 2494 5451 agendum
2543 5380 2688 5426 esset
2716 5365 3116 5424 deliberabant.
3151 5357 3423 5414 Asdrubal
3490 5371 3623 5451 vero

2054 5446 2200 5529 unus
2245 5446 2312 5526 ex
2346 5446 2414 5525 iis
2445 5480 2586 5537 quos
2645 5458 2882 5515 Annibal
2913 5456 3262 5517 subornarat,
3294 5458 3487 5506 auctor
3519 5448 3624 5502 fuit

2063 5563 2271 5621 veteris
2297 5556 2569 5616 libertatis
2590 5548 2979 5621 recuperandae
3003 5565 3019 5604 ι
3048 5554 3105 5602 et
3134 5543 3439 5612 servitutis,
3463 5557 3628 5613 quam

1520 5683 1722 5746 Variae
1772 5684 2082 5747 lectiones
2121 5691 2182 5744 et
2221 5687 2406 5742 notae.

452 5814 566 5885 (5|)
597 5816 1055 5884 Προσκειμενοι.
1101 5813 1177 5871 lta
1219 5811 1565 5884 reposuimus
1595 5825 1662 5868 ex
1690 5825 1848 5878 mss.,
1889 5825 1911 5865 ll

2012 5805 2238 5864 Wolﬁus
2273 5802 2620 5875 προκείμενοι
2643 5790 2919 5850 ediderat.
