4008 6250
443 310 554 375 ϐθθ

1714 304 2044 368 JOANNIS
2081 303 2276 365 ZONA
2291 305 2410 367 [LE

3591 303 3704 372 Ὶθθ

439 441 542 495 pax
570 422 876 489 attulisset,
913 431 1027 476 tum
1059 421 1336 492 pecuniis,
1385 429 1498 475 tum
1530 419 1724 490 copiis,
1765 428 1878 472 tum
1928 431 2009 471 so-

2119 416 2240 469 τέον
2268 417 2557 472 ἐσκόπουν.
2603 415 2711 472 Καί
2764 433 2847 479 τις
2888 417 3242 488 Ἀσδρούϐας,
3290 413 3374 482 εἷς
3420 418 3530 474 τῶν
3595 422 3704 478 ὑπὸ

439 516 538 569 riis
583 516 918 583 comparatis
963 513 1360 583 repudiandaz;
1410 513 1754 583 subjecitque
1791 529 1803 564 ε
1845 508 1902 565 Si
1937 509 2018 562 vel

434 607 536 660 soli
557 604 809 660 Annibali
849 622 944 659 suo
977 607 1245 659 arbitratu
1286 622 1397 659 rem
1425 620 1606 675 gerere
1635 604 2014 674 permisissent,

437 699 616 753 omnia
651 701 748 752 rite
781 698 1216 752 administratum
1241 700 1327 760 iri,
1361 707 1406 752 et
1448 698 1588 767 ipsos
1634 697 1776 750 omni
1822 695 2016 748 laboris

438 790 677 846 molestia
713 793 990 844 carituros.
1038 791 1134 844 Illo
1171 791 1287 845 hmc
1315 791 1526 853 locuto,
1556 803 1786 860 magnus
1819 786 2015 841 Ilanno

436 892 648 944 contra,
681 898 789 936 non
828 890 1058 947 temere,
1091 898 1269 952 neque
1301 883 1372 937 ob
1409 899 1574 952 parva
1602 894 1658 936 et
1687 880 1863 937 aliena
1907 881 2018 934 cri-

439 976 587 1028 mina
634 975 836 1029 hellum
893 976 949 1030 in
1002 977 1396 1046 rempublicam
1445 975 1840 1030 retrahendum
1893 988 2015 1029 esse

436 1067 675 1132 censuit,
713 1081 838 1121 cum
881 1067 987 1121 alia
1013 1082 1266 1137 purgare,
1299 1068 1404 1122 alia
1460 1067 1513 1121 in
1535 1056 1792 1122 auctores
1835 1075 2014 1121 trans-

432 1159 579 1216 ferre
642 1160 826 1215 liceat.
861 1159 962 1226 Qui
1000 1175 1124 1214 cum
1157 1159 1376 1214 dicendi
1419 1158 1581 1214 ﬁnem
1619 1158 1857 1223 fecisset,
1883 1156 2017 1213 Car-

434 1250 864 1320 thaginiensium
889 1253 1158 1317 seniores,
1214 1251 1491 1322 primique
1538 1251 1671 1306 belli
1717 1264 2011 1315 memores,

434 1339 471 1394 iI
497 1339 512 1394 i
543 1346 671 1396 sunt
701 1341 911 1396 assensi
948 1358 960 1394 :
1000 1341 1184 1395 cmteri
1226 1341 1625 1406 adolescentes,
1659 1341 1810 1412 iique
1841 1341 2016 1410 potis-

435 1431 636 1485 simum
666 1434 757 1501 qui
818 1432 1107 1487 Annibalis
1141 1448 1363 1486 causam
1396 1425 1652 1503 agebant,
1683 1435 1888 1488 acriter
1913 1434 2012 1488 ad-

435 1523 639 1578 versati
677 1531 828 1578 sunt.
866 1523 936 1580 Ut
973 1533 1159 1578 autem
1200 1524 1338 1578 nihil
1385 1524 1524 1578 certi
1563 1525 1812 1594 responsi
1846 1524 2015 1580 dede-

433 1623 584 1679 runt,
633 1614 953 1686 legatosque
1000 1618 1380 1687 neglexerunt,
1419 1615 1490 1670 M.
1539 1617 1742 1673 Fabius
1787 1617 1913 1673 sinu
1945 1633 2013 1672 ex

433 1711 555 1776 trga
607 1705 752 1762 facto
802 1709 967 1772 :IIic,
1011 1709 1214 1779 inquit,
1268 1709 1408 1764 vobis
1469 1709 1662 1765 bellum
1719 1718 1769 1764 et
1827 1726 2010 1782 pacem

429 1807 622 1868 porto:
658 1810 834 1854 utrum
861 1801 1052 1871 placet,
1077 1804 1291 1856 sumite.
1326 1803 1461 1857 Cum
1497 1803 1914 1874 respondissent
1952 1819 2009 1859 se

427 1898 688 1945 neutrum
721 1892 942 1961 quidem
989 1909 1230 1961 sumere,
1261 1896 1353 1950 sed
1388 1905 1576 1950 utrum
1616 1894 1861 1950 dedisset
1892 1894 2010 1948 ala-

427 1981 596 2037 criter
643 1994 990 2055 accepturos.
1019 1987 1222 2042 bellum
1260 1988 1342 2044 eis
1387 1989 1573 2043 statim
1628 1990 1849 2044 indixit.
1895 1988 2010 2043 Hoc

427 2073 596 2142 igitur
625 2077 810 2143 modo,
843 2090 898 2133 et
922 2080 1011 2134 his
1042 2080 1110 2134 de
1141 2081 1325 2136 causis
1363 2081 1506 2138 inter
1525 2082 2010 2153 Carthaginienses

429 2174 485 2220 ct
518 2167 797 2226 Romanos
831 2172 1066 2226 alterum
1109 2173 1316 2228 bellum
1347 2185 1436 2231 est
1484 2173 1810 2239 conﬂatum,
1858 2174 2009 2228 futu-

431 2271 599 2326 raque
638 2258 906 2316 divinitus
952 2262 1280 2318 denuntiata
1320 2274 1469 2318 sunt.
1513 2266 1651 2320 Nam
1688 2268 1877 2324 Romae
1910 2271 2010 2324 bos

429 2347 671 2405 humana
717 2369 850 2409 voce
883 2355 1105 2410 locutus
1137 2366 1252 2424 est;
1297 2367 1353 2410 et
1385 2357 1528 2414 alius
1558 2358 1706 2416 ludis
1743 2360 2010 2416 Romanis

427 2444 496 2499 εἰ(
524 2442 738 2499 adibus
781 2461 839 2501 se
875 2446 929 2501 in
981 2447 1227 2503 Tiberim
1260 2450 1647 2521 praecipitavit,
1694 2469 1759 2509 ac
1809 2455 2006 2524 periit;

427 2533 659 2590 fulmina
698 2541 870 2594 multa
903 2551 1031 2596 sunt
1075 2543 1289 2610 delata;
1324 2545 1547 2614 sanguis
1592 2556 1707 2600 tum
1752 2562 1780 2601 c
1816 2547 2010 2602 statuis

435 2629 700 2693 manavit,
736 2641 850 2686 tum
892 2648 923 2688 e
960 2633 1152 2690 militis
1186 2637 1472 2707 cujusdam
1509 2638 1741 2710 clypeo;
1778 2640 2010 2696 alterius

432 2734 621 2775 ensem
647 2721 813 2793 lupus
844 2739 910 2779 ex
937 2725 1070 2796 ipsis
1102 2729 1300 2784 castris
1332 2729 1536 2800 rapuit.
1563 2732 1824 2787 Annibali
1875 2748 2006 2788 vero

429 2812 621 2868 multae
676 2815 881 2885 ignota:
945 2818 1134 2875 bestiae
1179 2821 1400 2876 Iberum
1457 2825 1785 2892 transeunti,
1837 2828 2008 2881 veluti

429 2907 574 2960 viam
608 2920 1025 2979 monstrarunt;
1073 2922 1128 2969 et
1165 2916 1441 2970 somnium
1495 2917 1809 2990 hujusmodi
1844 2934 2012 2989 appa-

428 2998 560 3052 ruit.
599 2998 912 3069 Aliquando
944 3005 1051 3059 sibi
1082 3007 1236 3062 visus
1264 3016 1351 3063 est
1380 3023 1412 3063 a
1440 3007 1546 3063 diis
1576 3008 1630 3062 in
1654 3009 1890 3064 concilio
1917 3026 2009 3066 se-

2119 507 2214 562 τοῦ
2256 509 2499 562 Ἀννίϐου
2557 512 3242 582 προπαρεσκευασμένων,
3303 513 3700 570 συνεϐούλευσε

2122 601 2274 670 σφίσι
2297 602 2492 673 χρῆναι
2516 603 2614 674 τήν
2653 620 2713 656 τε
2743 602 2981 674 ἀρχαίαν
3008 602 3324 673 ἐλευθερίαν
3348 604 3702 675 ἀνακτήσασ-

2120 694 2232 761 θαι,
2265 696 2360 749 καί
2393 696 2492 766 τὴν
2525 699 2588 749 ἐκ
2619 698 2719 765 τῆς
2760 697 2988 766 εἰρήνης
3011 695 3258 752 δουλείαν
3290 697 3702 770 ἀποτρίψασθαι

2119 789 2213 840 καὶ
2243 789 2514 858 χρήμασι,
2561 790 2656 842 καὶ
2687 789 2972 860 δυνάμεσι,
3011 790 3106 842 καί
3146 792 3459 860 συμμάχοις
3493 809 3696 860 συγκιο

2119 882 2499 950 κροτημὲνοις,
2524 880 2820 950 ἐπαγαγὼν
2852 882 2956 945 ὅτι,
2992 880 3123 936 Κᾶν
3143 880 3222 948 τῷ
3263 884 3504 950 Ἀννίϐᾳ
3529 886 3700 952 μόνῳ

2118 970 2234 1023 ὅσα
2261 972 2546 1037 βούλεται
2575 973 2792 1042 πρᾶξαι
2823 973 3204 1042 ἐπιτρέψητε,
3237 975 3336 1027 καὶ
3368 975 3439 1028 τὰ
3469 976 3702 1045 προσή-

2117 1080 2304 1118 κοντα
2330 1065 2523 1132 ἔσται,
2575 1066 2669 1121 καί
2699 1066 2880 1120 οὐδὲν
2907 1067 3078 1120 αὐτοὶ
3107 1067 3428 1131 πονήσετε.
3461 1067 3699 1121 Τοιαῦτα

2115 1153 2170 1207 δὲ
2195 1154 2362 1208 αὑτοῦ
2394 1157 2667 1221 εἰπόντος,
2715 1158 2922 1210 ’Ἀννων
2969 1157 2997 1210 ὀ
3059 1157 3234 1226 μέγας
3283 1157 3699 1227 ἐναντιούμενος

2115 1251 2226 1314 τοίς
2252 1248 2347 1302 τοῦ
2382 1249 2704 1321 Ἀσδρούϐου
2721 1249 2924 1318 λόγοις,
2953 1249 3180 1317 γνώμην
3211 1252 3519 1318 εἰσήνεγκε,
3557 1249 3696 1320 μήτε

2119 1341 2340 1413 ρᾳῑίως,
2385 1341 2522 1411 μήτε
2558 1341 2774 1413 μικρῶν
2808 1342 2905 1395 καὶ
2971 1340 3272 1410 ἀλλοτρίων
3331 1341 3698 1410 ἐγκλημάτων

2114 1433 2280 1487 ἕνεκα
2313 1435 2405 1487 τὸν
2437 1433 2675 1505 πόλεμον
2708 1435 2792 1503 ἐφ’
2836 1435 3063 1498 ἑαυτοὺς
3119 1433 3550 1500 ἐπισπάσασθαι,
3589 1451 3699 1488 παρ

2118 1527 2212 1597 ρον
2237 1526 2306 1579 τὰ
2337 1528 2436 1596 μὲν
2463 1527 2646 1594 λῦσαι,
2694 1527 2763 1580 τὰ
2793 1527 2849 1580 δέ
2911 1529 2970 1591 ἐς
3039 1528 3165 1590 τοὺς
3213 1527 3521 1598 δράσαντας
3559 1527 3698 1582 αύτά

2114 1620 2332 1692 τρέψαι.
2369 1621 2477 1674 Καὶ
2503 1623 2529 1674 ὁ
2563 1620 2665 1692 μὲν
2690 1621 2866 1677 ταῦτα
2899 1623 3068 1674 εἰπὼν
3112 1621 3417 1676 ἐπαύσατο.
3477 1622 3600 1676 Τῶν
3639 1621 3699 1675 δι

2115 1714 2506 1786 Καρχηδονίων
2539 1717 2588 1768 οἱ
2621 1715 2722 1788 μὲν
2747 1715 3107 1786 πρεσϐύτεροι
3138 1715 3232 1769 καὶ
3266 1715 3362 1769 τοῦ
3417 1714 3552 1784 πρὶν
3602 1733 3699 1785 με-

2118 1809 2384 1880 μνημένοι
2413 1808 2677 1876 πολέμου,
2717 1807 2867 1877 αὐτῷ
2899 1808 3242 1862 συνετίθεντο
3261 1824 3276 1838 ·
3301 1811 3375 1870 ,οἰ
3404 1807 3451 1861 δ’
3484 1808 3544 1860 ἐν
3575 1807 3696 1878 ἠλι-

2113 1902 2232 1974 κίᾳ,
2263 1904 2355 1956 καὶ
2405 1900 2624 1970 μάλισθ’
2675 1900 2789 1954 ὅσοι
2828 1900 2896 1954 τὰ
2945 1900 3040 1953 τοῦ
3109 1899 3352 1954 Ἀννίϐου
3395 1899 3694 1970 ἔπραττον,

2116 1994 2354 2066 ἰσχυρῶς
2385 1995 2696 2061 ἀντέλεγον.
2716 1993 2801 2056 Ὠς
2834 1991 2878 2045 δ’
2907 1992 3062 2046 οὐδὲν
3093 1993 3266 2061 σαφὲς
3295 1994 3694 2062 ἀπεκρίναντο,

2112 2089 2208 2140 καὶ
2237 2089 2294 2140 ἐν
2323 2087 2588 2156 ὀλιγωρία
2615 2087 2744 2148 τοὺς
2783 2083 3046 2156 πρέσϐεις
3096 2080 3264 2155 εἰχον,
3323 2087 3353 2138 ὁ
3400 2085 3630 2154 Μάρκος
3668 2086 3699 2138 δ

2111 2181 2336 2247 Φάϐιος,
2361 2181 2458 2242 τὰς
2487 2181 2678 2249 χεῖρας
2715 2177 2822 2230 ὑπὸ
2859 2177 2920 2229 τὸ
2950 2175 3164 2247 ἱμάτιον
3223 2176 3539 2241 ὑποϐαλὼν,
3600 2176 3698 2231 καὶ

2114 2274 2384 2336 ὑπτιάσας
2417 2271 2609 2335 αὐτὰς,
2640 2269 2742 2340 ἔφη
2765 2285 2778 2299 °
2824 2267 2972 2339 Ἐγὼ
2998 2268 3115 2337 μὲν
3165 2267 3424 2334 ἐνταῦθ’,
3451 2263 3498 2322 ὧ
3544 2272 3695 2336 Rap-

2112 2369 2404 2438 χηδόνιοι,
2431 2366 2528 2420 καί
2556 2367 2665 2419 τὸν
2693 2367 2963 2435 πόλεμον
2987 2365 3086 2418 καὶ
3111 2365 3226 2431 τὴν
3241 2361 3490 2432 εἰρήνην
3514 2363 3694 2432 φέρω·

2111 2459 2282 2530 ὑμεῖς
2313 2457 2364 2511 δ’
2396 2459 2686 2524 ὁπότερον
2711 2455 2910 2510 αὐτῶν
2951 2454 3265 2519 ,ϐούλεσθε
3317 2454 3558 2508 ἕλεσθε.
3607 2452 3697 2506 Ἀ-

2113 2550 2484 2621 ποκριθὲντων
2509 2548 2564 2601 δὲ
2598 2547 2897 2618 μηδέτερον
2948 2545 3046 2616 μὲν
3102 2544 3403 2615 αἱρεῖσθαι,
3435 2542 3695 2615 δέχεσθαι

2111 2623 2156 2696 δ’
2193 2643 2426 2711 ἑτοίμως
2451 2640 2715 2713 ὁπότερον
2746 2640 3207 2709 καταλείψουσινο
3237 2637 3572 2707 ἐπήγγειλεν
3594 2639 3696 2690 aii-

2111 2736 2221 2796 τοῖς
2255 2733 2454 2787 αὐτίκα
2493 2730 2586 2787 τὸν
2630 2731 2886 2802 πόλεμον.
2929 2731 3087 2786 Ούτω
3133 2730 3234 2801 μὲν
3282 2731 3379 2784 καὶ
3410 2731 3500 2784 διὰ
3525 2731 3699 2785 ταῦτα

2112 2827 2165 2881 οἵ
2205 2843 2264 2879 τε
2307 2826 2572 2895 Ἦωμαῖοι
2595 2825 2691 2878 καὶ
2725 2825 2776 2877 οἰ
2812 2824 3184 2897 Καρχηδόνιοι
3211 2822 3272 2878 τὸ
3299 2824 3553 2893 δεύτερον
3575 2825 3698 2878 ἐπο-

2111 2919 2380 2988 λέμησαν,
2419 2919 2600 2972 καὶτὸ
2647 2916 2926 2982 δαιμόνιον
2973 2915 3416 2988 τὰγενησόμενα
3458 2916 3698 2986 προεσή-

2116 3028 2307 3081 μηνεν.
2345 3011 2433 3063 Ἐν
2462 3010 2568 3080 γὰρ
2599 3012 2664 3081 τῇ
2693 3009 2885 3082 Ῥώμῃ
2907 3009 3265 3080 ἀνθρωπίνως
3287 3009 3517 3080 ἐλάλησε
3547 3007 3695 3079 βοῦς,

427 3088 690 3148 dentibus
719 3098 927 3152 accersi
968 3106 1023 3152 et
1053 3101 1461 3170 quamprimum
1513 3101 1567 3155 in
1613 3101 1824 3156 Italiam
1854 3118 2009 3158 exer-

2116 3107 2210 3162 καὶ
2231 3105 2421 3176 ἐτερος
2444 3105 2501 3157 ἐν
2529 3105 2595 3174 τῇ
2620 3101 2729 3156 τῶν
2773 3102 3067 3173 Ῥωμαίων
3094 3101 3409 3174 πανηγύρει
3436 3102 3495 3168 ἐξ
3519 3101 3696 3164 οἰκίας

429 3184 601 3236 citum
632 3187 836 3241 ducere
861 3189 1045 3260 juberi
1083 3208 1095 3244 :
1123 3193 1192 3247 ab
1225 3193 1413 3264 eisque
1448 3193 1646 3249 ducem
1677 3195 1895 3250 itineris
1919 3211 2009 3251 ac-

2116 3200 2192 3262 είς
2217 3197 2310 3251 τὸν
2358 3196 2582 3267 Τίϐεριν
2622 3195 2816 3249 ἑαυτὸν
2845 3195 3060 3266 ἔρριψε,
3094 3196 3188 3248 καὶ
3214 3194 3456 3266 ἐφθάρη,
3491 3211 3696 3265 κεραυ-

429 3272 666 3342 cepisse,
695 3293 856 3346 quem
882 3295 994 3333 non
1021 3292 1340 3352 respectans
1367 3295 1712 3355 sequeretur.
1751 3287 1857 3342 Sed
1885 3304 2009 3344 cum

2116 3289 2194 3342 νοί
2219 3306 2277 3342 τε
2309 3287 2494 3342 πολλοὶ
2529 3287 2811 3358 ἐφέροντο,
2843 3287 2940 3338 καὶ
2975 3281 3116 3356 αἷμα
3160 3285 3220 3338 τὸ
3255 3287 3355 3356 μὲν
3413 3285 3474 3350 ἐξ
3531 3285 3699 3352 ἀγαλ-

430 3379 488 3418 se
518 3364 688 3438 409
719 3374 1110 3442 convertisset,
1165 3392 1416 3448 magnam
1453 3378 1714 3449 ingruere
1769 3389 2009 3452 tempes-

2116 3383 2303 3454 μάτων
2329 3380 2509 3450 ὤφθη,
2553 3380 2612 3433 τὸ
2654 3379 2711 3431 δὲ
2744 3377 2805 3443 ἐξ
2847 3377 3076 3441 ἀσπίδος
3115 3378 3458 3448 στρατιώτου
3502 3374 3696 3448 ἐρρύη,

429 3463 598 3513 ιειιιάιη
639 3462 864 3530 vidisse,
905 3465 1315 3540 draconemque
1344 3471 1501 3542 sequi
1535 3472 1773 3543 ingentis
1803 3453 2009 3546 magni-

2116 3453 2298 3548 ἐτέρου
2329 3493 2387 3527 τε
2419 3474 2572 3543 ξίφος
2595 3475 2652 3540 ἐξ
2684 3472 2850 3528 αὑτοῦ
2883 3471 2978 3525 τοῦ
3010 3472 3376 3542 στρατοπέδου
3401 3470 3568 3532 λύκος
3593 3470 3695 3540 ἤρ-

431 3550 661 3608 tudinis.
697 3555 829 3622 Quae
880 3573 1007 3613 cum
1039 3562 1356 3629 miraretur,
1417 3565 1704 3622 ductorem
1761 3583 2007 3637 rogasse,

2116 3589 2274 3626 πασς.
2303 3568 2394 3639 Τῷ
2426 3567 2470 3621 δ’
2511 3567 2731 3636 Ἀννίϐα
2760 3565 2922 3635 θηρία
2960 3564 3132 3617 πολλὰ
3166 3564 3263 3617 καὶ
3314 3563 3575 3630 ἄγνωστα
3605 3564 3697 3615 τὸν

427 3643 688 3710 quidnam
727 3664 793 3703 ea
827 3651 934 3704 sibi
965 3653 1207 3708 vellent?
1239 3657 1334 3726 qui
1367 3647 1721 3730 responderit
1767 3677 1780 3714 :
1816 3660 1899 3716 Ea
1929 3663 2009 3718 illi

2116 3664 2310 3732 Ἴϐηρα
2339 3658 2672 3711 διαϐαίνοντι
2731 3653 3217 3725 προκαθηγήσατο,
3269 3654 3364 3705 καὶ
3393 3652 3517 3722 ὄψις
3563 3651 3698 3705 ὀνεί-

427 3733 500 3785 ad
530 3739 828 3795 vastitatem
860 3739 1041 3799 Italiae
1064 3746 1372 3816 adjumento
1397 3749 1579 3819 futura
1605 3769 1736 3808 esse.

2116 3774 2206 3830 ρου
2233 3754 2431 3824 ἐφάνη.
2467 3749 2657 3814 Ἔδοξε
2691 3748 2800 3818 γάρ
2834 3764 2966 3800 ποτε
2991 3747 3118 3809 τοὺς
3153 3746 3309 3807 θεους
3343 3747 3400 3797 ὲν
3430 3743 3697 3814 ἐκκλησία

434 3828 780 3898 καθημένους
816 3839 1283 3907 μεταπέμψασθαι
1308 3858 1366 3896 τε
1395 3843 1562 3898 αὑτὸν
1631 3846 1728 3900 καὶ
1778 3828 2121 3919 στρατεῦσαι
2175 3851 2258 3904 ὅτι
2313 3844 2545 3915 τάχιστα
2592 3842 2675 3904 εἰς
2733 3839 2832 3909 τὴν
2887 3837 3123 3892 Ἰταλίαν
3200 3836 3528 3908 προστάξαι,
3608 3830 3700 3892 καὶ

433 3923 776 4023 λαϐεῖν-παρ’
806 3934 988 3990 αὐτῶν
1016 3937 1114 4008 τῆς
1145 3938 1268 3992 (δδοῦ
1318 3940 1585 4011 ἡγεμόνα,
1643 3944 1739 3998 καὶ
1797 3949 2222 4023 ἀμεταστρεπτὶ
2284 3945 2374 3999 ὑπ’
2408 3940 2576 3995 αὐτοῦ
2633 3936 2998 4006 κελευσθῆναι
3059 3933 3318 3988 ἕπεσθαι.
3361 3934 3699 4001 Μεταστρα-

427 4018 594 4116 φῆναι
622 4021 679 4075 δὲ
727 4027 825 4080 καὶ
853 4025 982 4082 ἰδεῖν
1042 4030 1288 4100 χειμῶνα
1325 4032 1505 4102 μέγαν
1565 4035 1876 4108 χωροῦντα,
1914 4046 2008 4096 καὶ
2043 4018 2319 4116 δράκοντα
2377 4034 2528 4105 αύτῷ
2593 4029 3072 4086 ἐπακολουθοῦντα
3106 4029 3411 4099 ἀμήχανον,
3439 4029 3536 4079 καὶ
3565 4028 3698 4080 θαυ-

426 4113 601 4178 μάσαι
639 4116 864 4190 ἔρεσθαι
893 4139 952 4175 τε
983 4124 1074 4178 τὸν
1096 4126 1336 4196 ἀγωγὸν,
1387 4128 1440 4182 τί
1500 4129 1676 4186 ταῦτα
1739 4129 1886 4190 εῐεν·
1951 4140 2046 4193 καὶ
2079 4113 2176 4194 -τδν
2229 4138 2439 4192 εἰπεῖν’
2491 4128 2570 4188 Ὦ
2641 4128 2898 4193 Ἀννίϐα,
2941 4126 3131 4181 ταῦτα
3187 4123 3701 4196 συμπορθήσοντὰ

424 4216 526 4258 σοι
555 4205 670 4275 τὴν
714 4209 978 4268 Ἰταλίαν
1005 4213 1262 4284 ἔρχεται.

495 4299 686 4358 XXIII.
753 4305 878 4364 Haec
931 4310 1134 4367 bonam
1185 4329 1342 4386 spem
1393 4316 1695 4406 Annibaii,‘
1735 4291 2004 4380 Romanis

425 4413 686 4470 magnum
746 4403 1001 4461 timorem
1057 4409 1388 4466 attulerunt.
1423 4413 1528 4480 Qui
1553 4403 1727 4486 copiis
1780 4428 1837 4473 et
1864 4434 2005 4475 coss.

428 4491 684 4546 bifariam
727 4493 1062 4566 distributis,
1095 4499 1486 4574 Sempronium
1539 4507 1787 4577 Longum
1827 4509 1884 4564 in
1915 4510 2002 4566 Si-

2116 4506 2290 4568 δὲτὰς
2319 4503 2584 4574 δυνάμεις
2639 4499 2691 4553 οἰ
2731 4498 3004 4568 Ῥωμαῖοι
3057 4496 3349 4560 διελόντες,

425 4583 614 4639 ciliam
645 4585 936 4654 miserunt,
968 4589 1023 4645 in
1046 4591 1360 4663 Hispaniam
1387 4597 1451 4652 P.
1473 4597 1806 4668 Scipionem.
1835 4600 2006 4658 Anni‘

431 4677 520 4732 bal
578 4693 714 4734 vero
771 4680 1157 4752 impressiouis
1208 4687 1260 4742 in
1293 4689 1506 4744 Italiam
1547 4692 1730 4760 primo
1786 4709 2007 4764 quoque

430 4779 681 4841 tempore
723 4773 989 4831 faciendae
1043 4779 1317 4850 cupidus.
1351 4782 1457 4837 iter
1529 4784 1904 4841 acceleravit:
1943 4803 2009 4844 ac

430 4863 684 4929 Galliam,
708 4881 830 4936 quae
869 4869 1012 4924 intra
1076 4871 1399 4941 Pyrenaeum
1429 4881 1486 4928 et
1523 4874 1850 4932 Rhodanum
1899 4887 2005 4946 est,

431 4955 573 5010 citra
599 4956 1012 5014 dimicationem
1050 4964 1308 5018 transiit:
1335 4980 1517 5036 neque
1555 4967 1852 5037 quisquam
1879 4984 2006 5025 cum

424 5062 496 5104 eo
530 5064 858 5121 congressune
884 5059 992 5117 est,
1016 5055 1336 5124 priusquam
1364 5055 1432 5110 ad
1463 5057 1795 5114 Rhodanum
1824 5062 2008 5118 venis-

423 5151 534 5198 set.
569 5141 648 5198 Ibi
674 5159 735 5200 se
771 5144 848 5198 illi
873 5147 1116 5202 ostendit
1143 5146 1330 5219 Scipio
1363 5168 1377 5202 :
1409 5159 1467 5204 et
1500 5166 1821 5223 quanquam
1884 5157 2007 5226 ejus

423 5237 598 5307 copiae
620 5238 866 5293 nondum
885 5239 1259 5306 advenissent,
1282 5249 1460 5298 tamen
1483 5260 1606 5299 cum
1625 5249 2004 5318 popularibus,

427 5345 732 5399 eorumque
758 5331 1028 5398 ﬁnitimis,
1079 5347 1250 5388 naves
1299 5349 1420 5404 qua:
1452 5337 1506 5390 in
1541 5337 1767 5394 ﬂumine
1822 5347 2003 5404 erant,

429 5422 782 5487 communiit,
865 5425 1196 5495 alveumque
1254 5427 1536 5485 cnstodilt.
1586 5415 1846 5497 Annibal,
1899 5432 2003 5486 etsi

433 5514 703 5582 temporis
731 5515 940 5585 aliquid
995 5517 1337 5574 instruendis
1379 5521 1612 5586 ratibus,
1678 5523 1902 5592 scaphis
1949 5531 2006 5577 et

429 5601 690 5658 lintribus
733 5607 1077 5676 consumpsit
1124 5647 1138 5672 ,
1177 5615 1356 5663 tamen
1387 5611 1572 5665 omnia
1604 5611 1671 5666 ad
1717 5613 2003 5683 trajectum

432 5696 766 5763 necessaria,
827 5699 1183 5756 multitudine
1231 5716 1526 5771 operarum
1588 5704 1741 5773 prius
1772 5705 2002 5774 paravit,

425 5801 590 5855 quam
627 5787 872 5860 Scipioni
904 5805 1013 5847 sua:
1047 5792 1292 5863 legiones
1324 5793 1696 5851 advenissent.
1733 5796 2006 5853 Fratrem;

2185 4320 2316 4375 KI".
2347 4316 2535 4370 Ταῦτα
2573 4313 2653 4386 τῷ
2703 4314 2803 4385 μὲν
2872 4310 3096 4382 Ἀννίϐᾳ
3163 4307 3412 4381 χρηστὴν
3479 4308 3700 4365 ἐλπίδα.

2115 4415 2232 4476 τοῖς
2268 4411 2326 4464 δὲ
2365 4407 2663 4479 Ῥωμαίοις
2689 4405 2870 4474 δεινὴν
2912 4403 3155 4457 ἐνεποίει
3199 4402 3524 4472 ἐκφόϐησιν.
3565 4403 3698 4472 Διχῆ

3415 4496 3514 4549 καὶ
3573 4482 3717 4615 τοὺςῖ

3415 4587 3497 4615 1....
3531 4587 3669 4615 1--..

2114 4597 2358 4660 ὑπάτους
2391 4591 2750 4664 Σεμπρώνιον
2783 4589 2885 4660 μὲν
2909 4589 3121 4657 Λόγγον
3153 4589 3213 4650 ἐς
3247 4587 3497 4642 Σικελίαν
3529 4587 3708 4668 ἐπεμῆ

2109 4691 2240 4761 ψαν,
2285 4691 2342 4746 ἐς
2367 4688 2424 4740 δὲ
2453 4685 2551 4756 τὴν
2597 4683 2841 4754 Ἰϐηρίαν
2873 4679 3158 4734 Σκιπίωνα
3193 4679 3488 4736 Πούπλιον.
3541 4679 3599 4732 '0
3644 4679 3700 4732 δὲ

2123 4781 2396 4846 Ἀννίϐας,
2444 4781 2526 4842 εἰς
2562 4777 2663 4848 τὴν
2711 4774 2944 4830 Ἰταλίαν
2990 4774 3066 4836 ὡς
3121 4772 3354 4843 τάχιστα
3408 4771 3696 4842 ἐπιθυμῶν

2111 4873 2404 4935 εἰσϐαλεῖν,
2439 4869 2644 4938 σπουδῇ
2673 4868 2895 4939 ἐχώρει,
2929 4866 3026 4920 καὶ
3068 4867 3254 4919 πᾶσαν
3282 4864 3385 4934 τὴν
3424 4864 3698 4918 Γαλατίαν

2110 4967 2210 5036 τὴν
2237 4961 2440 5035 μεταξὺ
2469 4960 2566 5014 τοῦ
2605 4958 2915 5031 Πυρηναίου
2965 4957 3060 5010 καὶ
3089 4955 3186 5009 τοῦ
3237 4955 3497 5009 Ῥοδανοῦ
3532 4955 3698 5009 οὖσαν

2111 5057 2319 5130 ἀμαχεὶ
2358 5055 2564 5127 διῆλθε,
2603 5054 2702 5108 καὶ
2743 5052 2909 5123 μέχρι
2943 5050 3044 5120 μὲν
3077 5048 3173 5102 τοῦ
3209 5048 3458 5119 ποταμοῦ
3509 5050 3700 5103 Ῥοδα-

2111 5149 2203 5203 νοῦ
2232 5147 2406 5209 οὐδεὶς
2443 5147 2525 5209 εἰς
2564 5145 2755 5215 χεῖρας
2781 5138 2918 5215 ἧκεν
2971 5138 3144 5210 αὐτῷ.
3219 5140 3369 5192 Ἐκεῖ
3406 5137 3451 5190 δ’
3489 5140 3518 5192 ὁ
3574 5140 3699 5193 Σκι-

2115 5241 2258 5295 πίων
2288 5238 2557 5307 ἐπεφάνη,
2590 5234 2794 5304 καίπερ
2831 5232 2908 5303 μὴ
2935 5230 3226 5300 παρούσης
3278 5229 3428 5300 αὐτῷ
3472 5232 3573 5298 τῆς
3604 5232 3698 5283 δυ-

2112 5333 2351 5404 νάμεως,
2376 5331 2526 5400 ὅμως
2560 5328 2702 5398 μετά
2723 5325 2833 5378 τῶν
2863 5323 3179 5394 ἐπιχωρίων
3227 5324 3322 5376 καὶ
3353 5324 3461 5375 τῶν
3510 5324 3698 5385 αὐτοῖς

2115 5425 2428 5495 προσοίκων
2458 5423 2528 5476 τά
2548 5439 2605 5475 τε
2635 5419 2791 5474 πλοῖα
2816 5418 2884 5472 τὰ
2913 5419 2971 5472 ἐν
2990 5415 3068 5486 τῷ
3091 5415 3326 5486 ποταμῷ
3346 5415 3694 5485 προδιὲφθει-

2113 5533 2194 5588 ρε,
2228 5518 2321 5570 καὶ
2348 5516 2409 5568 τὸ
2444 5513 2626 5585 ῥεῦμα
2648 5509 2817 5564 αὐτοῦ
2871 5510 2961 5563 διὰ
2993 5506 3244 5577 φυλακῆς
3265 5509 3587 5574 ἐποιήσατο.
3632 5505 3691 5557 '0

2111 5608 2204 5662 οὖν
2247 5607 2498 5671 Ἀννίϐας
2525 5605 2714 5680 ἐτριψε
2751 5603 2851 5669 μέν
2880 5619 3003 5656 τινα
3057 5603 3276 5670 χρόνον,
3315 5600 3411 5652 καὶ
3449 5599 3690 5669 σχεδίας,

2112 5700 2208 5754 καὶ
2234 5699 2441 5768 σκάςη,
2478 5697 2615 5750 ἄλλα
2643 5712 2702 5748 τε
2762 5694 2858 5749 καὶ
2923 5691 3192 5763 μονόξυλα
3235 5690 3687 5754 κατασκευάζων.

2116 5793 2294 5863 Ἔφθη
2327 5793 2373 5846 δ’
2403 5790 2496 5846 οὖν
2540 5790 2648 5844 ὑπὸ
2679 5786 3032 5857 πολυχειρίας
3073 5785 3142 5839 τὰ
3192 5783 3331 5849 πρὸς
3383 5783 3689 5848 περαίωσιν
