  <div class='ocr_page' id='page_1' title='image "/cluster/home/n/w/nwhite01/storage/ocr_20150623/134/mdp.39015032023197/358.png"; bbox 0 0 4008 6250; ppageno 0'>
   <div class='ocr_carea' id='block_1_1' title="bbox 351 297 447 365">
    <p class='ocr_par' dir='ltr' id='par_1_1' title="bbox 351 297 447 365">
     <span class='ocr_line' id='line_1_1' title="bbox 351 297 447 365; baseline 0.021 -2"><span class='ocrx_word' id='word_1_1' title='bbox 351 297 447 365; x_wconf 78' lang='grc'><strong>701</strong></span> 
     </span>
    </p>
   </div>
   <div class='ocr_carea' id='block_1_2' title="bbox 1570 315 2400 386">
    <p class='ocr_par' dir='ltr' id='par_1_2' title="bbox 1570 315 2400 386">
     <span class='ocr_line' id='line_1_2' title="bbox 1570 315 2400 386; baseline 0.008 -7"><span class='ocrx_word' id='word_1_2' title='bbox 1570 315 1996 384; x_wconf 75' lang='lat' dir='ltr'><strong>ANNALIUM</strong></span> <span class='ocrx_word' id='word_1_3' title='bbox 2038 321 2189 382; x_wconf 87' lang='lat' dir='ltr'><strong>LIB.</strong></span> <span class='ocrx_word' id='word_1_4' title='bbox 2232 321 2400 386; x_wconf 86' lang='lat' dir='ltr'><strong>VIII.</strong></span> 
     </span>
    </p>
   </div>
   <div class='ocr_carea' id='block_1_3' title="bbox 3505 328 3612 396">
    <p class='ocr_par' dir='ltr' id='par_1_3' title="bbox 3505 328 3612 396">
     <span class='ocr_line' id='line_1_3' title="bbox 3505 328 3612 396; baseline -0.075 1"><span class='ocrx_word' id='word_1_5' title='bbox 3505 328 3612 396; x_wconf 64' lang='grc'><strong>’102</strong></span> 
     </span>
    </p>
   </div>
   <div class='ocr_carea' id='block_1_4' title="bbox 350 414 1927 514">
    <p class='ocr_par' dir='ltr' id='par_1_4' title="bbox 350 414 1927 502">
     <span class='ocr_line' id='line_1_4' title="bbox 350 414 1927 502; baseline 0.013 -34"><span class='ocrx_word' id='word_1_6' title='bbox 350 415 625 484; x_wconf 78' lang='grc' dir='ltr'>ἀναγκαία</span> <span class='ocrx_word' id='word_1_7' title='bbox 662 414 860 483; x_wconf 84' lang='grc' dir='ltr'>πάντα,</span> <span class='ocrx_word' id='word_1_8' title='bbox 897 415 1033 490; x_wconf 70' lang='grc' dir='ltr'>πρὶν</span> <span class='ocrx_word' id='word_1_9' title='bbox 1087 419 1163 492; x_wconf 82' lang='grc' dir='ltr'>τῷ</span> <span class='ocrx_word' id='word_1_10' title='bbox 1203 421 1468 481; x_wconf 74' lang='grc' dir='ltr'><strong>Σκιπίωνι</strong></span> <span class='ocrx_word' id='word_1_11' title='bbox 1501 428 1564 482; x_wconf 84' lang='grc' dir='ltr'>τὸ</span> <span class='ocrx_word' id='word_1_12' title='bbox 1591 431 1793 486; x_wconf 77' lang='grc' dir='ltr'>οἰκεῖον</span> <span class='ocrx_word' id='word_1_13' title='bbox 1833 433 1927 502; x_wconf 76' lang='grc' dir='ltr'><strong>ἀφ-</strong></span> 
     </span>
    </p>
   </div>
   <div class='ocr_carea' id='block_1_5' title="bbox 2031 414 3610 514">
    <p class='ocr_par' dir='ltr' id='par_1_5' title="bbox 2039 436 3610 514">
     <span class='ocr_line' id='line_1_5' title="bbox 2039 436 3610 514; baseline 0.006 -27"><span class='ocrx_word' id='word_1_14' title='bbox 2039 449 2146 504; x_wconf 86' lang='lat' dir='ltr'><strong>qne</strong></span> <span class='ocrx_word' id='word_1_15' title='bbox 2173 436 2454 506; x_wconf 80' lang='lat' dir='ltr'><strong>Magonem</strong></span> <span class='ocrx_word' id='word_1_16' title='bbox 2486 449 2610 514; x_wconf 89' lang='lat' dir='ltr'><strong>cum</strong></span> <span class='ocrx_word' id='word_1_17' title='bbox 2631 436 2914 508; x_wconf 87' lang='lat' dir='ltr'><strong>equitibus</strong></span> <span class='ocrx_word' id='word_1_18' title='bbox 2938 447 2993 494; x_wconf 91' lang='lat' dir='ltr'><strong>et</strong></span> <span class='ocrx_word' id='word_1_19' title='bbox 3011 440 3272 496; x_wconf 73' lang='lat' dir='ltr'><strong>velitibus</strong></span> <span class='ocrx_word' id='word_1_20' title='bbox 3303 445 3610 500; x_wconf 78' lang='lat' dir='ltr'><strong>nonnullis.</strong></span> 
     </span>
    </p>
   </div>
   <div class='ocr_carea' id='block_1_6' title="bbox 354 509 1937 588">
    <p class='ocr_par' dir='ltr' id='par_1_6' title="bbox 354 509 1937 588">
     <span class='ocr_line' id='line_1_6' title="bbox 354 509 1937 588; baseline 0.008 -25"><span class='ocrx_word' id='word_1_21' title='bbox 354 510 567 564; x_wconf 82' lang='grc' dir='ltr'>ικέσθαι</span> <span class='ocrx_word' id='word_1_22' title='bbox 598 509 940 582; x_wconf 87' lang='grc' dir='ltr'>στράτευμα,</span> <span class='ocrx_word' id='word_1_23' title='bbox 969 516 1535 588; x_wconf 79' lang='grc' dir='ltr'>προττοιμασάμενος,</span> <span class='ocrx_word' id='word_1_24' title='bbox 1555 522 1648 576; x_wconf 75' lang='grc' dir='ltr'>καὶ</span> <span class='ocrx_word' id='word_1_25' title='bbox 1671 522 1764 576; x_wconf 79' lang='grc' dir='ltr'><strong>τὸν</strong></span> <span class='ocrx_word' id='word_1_26' title='bbox 1786 523 1937 578; x_wconf 82' lang='grc' dir='ltr'>ἀδελ-</span> 
     </span>
    </p>
   </div>
   <div class='ocr_carea' id='block_1_7' title="bbox 352 597 1934 692">
    <p class='ocr_par' dir='ltr' id='par_1_7' title="bbox 352 597 1934 692">
     <span class='ocr_line' id='line_1_7' title="bbox 352 597 1934 692; baseline 0.018 -50"><span class='ocrx_word' id='word_1_27' title='bbox 352 604 452 673; x_wconf 69' lang='grc' dir='ltr'><strong>φδν</strong></span> <span class='ocrx_word' id='word_1_28' title='bbox 484 602 733 670; x_wconf 79' lang='grc' dir='ltr'>Μάγωνα</span> <span class='ocrx_word' id='word_1_29' title='bbox 764 602 861 656; x_wconf 79' lang='grc' dir='ltr'>σὺν</span> <span class='ocrx_word' id='word_1_30' title='bbox 886 605 1001 668; x_wconf 79' lang='grc' dir='ltr'>τοῖς</span> <span class='ocrx_word' id='word_1_31' title='bbox 1039 606 1273 662; x_wconf 77' lang='grc' dir='ltr'>ἱππεῦσι</span> <span class='ocrx_word' id='word_1_32' title='bbox 1332 613 1428 664; x_wconf 84' lang='grc' dir='ltr'>καὶ</span> <span class='ocrx_word' id='word_1_33' title='bbox 1475 597 1663 682; x_wconf 71' lang='grc' dir='ltr'>ψιλοῖς</span> <span class='ocrx_word' id='word_1_34' title='bbox 1694 632 1858 683; x_wconf 90' lang='grc' dir='ltr'>τισιν,</span> 
     </span>
    </p>
   </div>
   <div class='ocr_carea' id='block_1_8' title="bbox 355 692 1937 777">
    <p class='ocr_par' dir='ltr' id='par_1_8' title="bbox 355 692 1937 777">
     <span class='ocr_line' id='line_1_8' title="bbox 355 692 1937 777; baseline 0.011 -34"><span class='ocrx_word' id='word_1_35' title='bbox 355 692 711 745; x_wconf 71' lang='grc' dir='ltr'><strong>σκεδάννυται</strong></span> <span class='ocrx_word' id='word_1_36' title='bbox 739 694 768 746; x_wconf 99' lang='lat'><strong>6</strong></span> <span class='ocrx_word' id='word_1_37' title='bbox 800 694 1045 765; x_wconf 77' lang='grc' dir='ltr'>ποταμὸς</span> <span class='ocrx_word' id='word_1_38' title='bbox 1073 699 1167 751; x_wconf 73' lang='grc' dir='ltr'><strong>ἐπὶ</strong></span> <span class='ocrx_word' id='word_1_39' title='bbox 1194 697 1328 753; x_wconf 83' lang='grc' dir='ltr'>πολὺ</span> <span class='ocrx_word' id='word_1_40' title='bbox 1350 703 1444 754; x_wconf 71' lang='grc' dir='ltr'><strong>καὶ</strong></span> <span class='ocrx_word' id='word_1_41' title='bbox 1479 703 1666 774; x_wconf 77' lang='grc' dir='ltr'><strong>νήσοις</strong></span> <span class='ocrx_word' id='word_1_42' title='bbox 1689 705 1937 777; x_wconf 82' lang='grc' dir='ltr'>διαλαμ-</span> 
     </span>
    </p>
   </div>
   <div class='ocr_carea' id='block_1_9' title="bbox 351 782 1934 860">
    <p class='ocr_par' dir='ltr' id='par_1_9' title="bbox 351 782 1934 860">
     <span class='ocr_line' id='line_1_9' title="bbox 351 782 1934 860; baseline 0.012 -26"><span class='ocrx_word' id='word_1_43' title='bbox 351 782 597 848; x_wconf 82' lang='grc' dir='ltr'>ϐάνεται,</span> <span class='ocrx_word' id='word_1_44' title='bbox 627 783 1030 855; x_wconf 85' lang='grc' dir='ltr'>διαϐησόμενον</span> <span class='ocrx_word' id='word_1_45' title='bbox 1051 788 1316 860; x_wconf 79' lang='grc' dir='ltr'>ἐπεμψεν.</span> <span class='ocrx_word' id='word_1_46' title='bbox 1350 793 1522 859; x_wconf 79' lang='grc' dir='ltr'>Δύτὸς</span> <span class='ocrx_word' id='word_1_47' title='bbox 1572 797 1628 851; x_wconf 84' lang='grc' dir='ltr'>δὲ</span> <span class='ocrx_word' id='word_1_48' title='bbox 1667 799 1809 851; x_wconf 76' lang='grc' dir='ltr'>κατὰ</span> <span class='ocrx_word' id='word_1_49' title='bbox 1842 799 1934 853; x_wconf 79' lang='grc' dir='ltr'>τὸν</span> 
     </span>
    </p>
   </div>
   <div class='ocr_carea' id='block_1_10' title="bbox 347 876 1934 961">
    <p class='ocr_par' dir='ltr' id='par_1_10' title="bbox 347 876 1934 961">
     <span class='ocr_line' id='line_1_10' title="bbox 347 876 1934 961; baseline 0.011 -33"><span class='ocrx_word' id='word_1_50' title='bbox 347 876 566 946; x_wconf 61' lang='grc' dir='ltr'>ἔμφανῆ</span> <span class='ocrx_word' id='word_1_51' title='bbox 598 877 768 942; x_wconf 82' lang='grc' dir='ltr'>πόρον</span> <span class='ocrx_word' id='word_1_52' title='bbox 797 879 995 950; x_wconf 72' lang='grc' dir='ltr'>ἐχώρει</span> <span class='ocrx_word' id='word_1_53' title='bbox 1023 882 1208 952; x_wconf 77' lang='grc' dir='ltr'>δῆθεν,</span> <span class='ocrx_word' id='word_1_54' title='bbox 1242 883 1310 937; x_wconf 73' lang='grc' dir='ltr'><strong>ἵν’</strong></span> <span class='ocrx_word' id='word_1_55' title='bbox 1343 887 1392 939; x_wconf 88' lang='grc' dir='ltr'><strong>οί</strong></span> <span class='ocrx_word' id='word_1_56' title='bbox 1431 888 1671 943; x_wconf 82' lang='grc' dir='ltr'><strong>Γαλάται</strong></span> <span class='ocrx_word' id='word_1_57' title='bbox 1720 893 1934 961; x_wconf 84' lang='grc' dir='ltr'>ἀπατη-</span> 
     </span>
    </p>
   </div>
   <div class='ocr_carea' id='block_1_11' title="bbox 351 968 1933 1053">
    <p class='ocr_par' dir='ltr' id='par_1_11' title="bbox 351 968 1933 1053">
     <span class='ocr_line' id='line_1_11' title="bbox 351 968 1933 1053; baseline 0.011 -33"><span class='ocrx_word' id='word_1_58' title='bbox 351 968 516 1034; x_wconf 77' lang='grc' dir='ltr'>θεῖεν,</span> <span class='ocrx_word' id='word_1_59' title='bbox 554 970 692 1039; x_wconf 82' lang='grc' dir='ltr'>πρὸς</span> <span class='ocrx_word' id='word_1_60' title='bbox 739 971 903 1026; x_wconf 80' lang='grc' dir='ltr'>αὐτὸν</span> <span class='ocrx_word' id='word_1_61' title='bbox 936 973 1404 1046; x_wconf 76' lang='grc' dir='ltr'><strong>ἀντιταττόμενοι,</strong></span> <span class='ocrx_word' id='word_1_62' title='bbox 1435 980 1530 1034; x_wconf 69' lang='grc' dir='ltr'><strong>κα)⁵</strong></span> <span class='ocrx_word' id='word_1_63' title='bbox 1565 981 1933 1053; x_wconf 81' lang='grc' dir='ltr'>ἀμελέστερον</span> 
     </span>
    </p>
   </div>
   <div class='ocr_carea' id='block_1_12' title="bbox 350 1062 1932 1143">
    <p class='ocr_par' dir='ltr' id='par_1_12' title="bbox 350 1062 1932 1143">
     <span class='ocr_line' id='line_1_12' title="bbox 350 1062 1932 1143; baseline 0.009 -29"><span class='ocrx_word' id='word_1_64' title='bbox 350 1063 407 1114; x_wconf 76' lang='grc' dir='ltr'>ὲν</span> <span class='ocrx_word' id='word_1_65' title='bbox 426 1062 610 1126; x_wconf 66' lang='grc' dir='ltr'>ἄλλοις</span> <span class='ocrx_word' id='word_1_66' title='bbox 638 1062 734 1116; x_wconf 88' lang='grc' dir='ltr'><strong>τοῦ</strong></span> <span class='ocrx_word' id='word_1_67' title='bbox 758 1065 1010 1135; x_wconf 75' lang='grc' dir='ltr'><strong>ποταμοῦ</strong></span> <span class='ocrx_word' id='word_1_68' title='bbox 1030 1067 1130 1138; x_wconf 77' lang='grc' dir='ltr'>τὴν</span> <span class='ocrx_word' id='word_1_69' title='bbox 1159 1070 1413 1143; x_wconf 80' lang='grc' dir='ltr'>φυλακὴν</span> <span class='ocrx_word' id='word_1_70' title='bbox 1444 1071 1663 1127; x_wconf 83' lang='grc' dir='ltr'>θῶνται.</span> <span class='ocrx_word' id='word_1_71' title='bbox 1718 1075 1784 1128; x_wconf 83' lang='lat'>&#39;0</span> <span class='ocrx_word' id='word_1_72' title='bbox 1836 1075 1932 1129; x_wconf 81' lang='grc' dir='ltr'>καὶ</span> 
     </span>
    </p>
   </div>
   <div class='ocr_carea' id='block_1_13' title="bbox 347 1156 1928 1235">
    <p class='ocr_par' dir='ltr' id='par_1_13' title="bbox 347 1156 1928 1235">
     <span class='ocr_line' id='line_1_13' title="bbox 347 1156 1928 1235; baseline 0.009 -28"><span class='ocrx_word' id='word_1_73' title='bbox 347 1157 562 1223; x_wconf 78' lang='grc' dir='ltr'>γέγονε.</span> <span class='ocrx_word' id='word_1_74' title='bbox 591 1156 759 1210; x_wconf 78' lang='grc' dir='ltr'><strong>Καὶὸ</strong></span> <span class='ocrx_word' id='word_1_75' title='bbox 814 1159 1024 1228; x_wconf 81' lang='grc' dir='ltr'>Μάγων</span> <span class='ocrx_word' id='word_1_76' title='bbox 1071 1161 1222 1232; x_wconf 79' lang='grc' dir='ltr'>διέϐη</span> <span class='ocrx_word' id='word_1_77' title='bbox 1276 1162 1370 1217; x_wconf 80' lang='grc' dir='ltr'>τὸν</span> <span class='ocrx_word' id='word_1_78' title='bbox 1424 1165 1673 1235; x_wconf 80' lang='grc' dir='ltr'>ποταμόν</span> <span class='ocrx_word' id='word_1_79' title='bbox 1721 1181 1735 1196; x_wconf 87' lang='grc'><strong>·</strong></span> <span class='ocrx_word' id='word_1_80' title='bbox 1772 1169 1801 1220; x_wconf 91' lang='lat'><strong>6</strong></span> <span class='ocrx_word' id='word_1_81' title='bbox 1871 1167 1928 1221; x_wconf 79' lang='grc' dir='ltr'>δὲ</span> 
     </span>
    </p>
   </div>
   <div class='ocr_carea' id='block_1_14' title="bbox 358 1245 1931 1329">
    <p class='ocr_par' dir='ltr' id='par_1_14' title="bbox 358 1245 1931 1329">
     <span class='ocr_line' id='line_1_14' title="bbox 358 1245 1931 1329; baseline 0.007 -30"><span class='ocrx_word' id='word_1_82' title='bbox 358 1245 613 1310; x_wconf 81' lang='grc' dir='ltr'>Ἀννίϐας</span> <span class='ocrx_word' id='word_1_83' title='bbox 645 1249 740 1302; x_wconf 80' lang='grc' dir='ltr'>καὶ</span> <span class='ocrx_word' id='word_1_84' title='bbox 763 1251 811 1302; x_wconf 86' lang='grc' dir='ltr'><strong>οί</strong></span> <span class='ocrx_word' id='word_1_85' title='bbox 843 1252 974 1322; x_wconf 79' lang='grc' dir='ltr'>περὶ</span> <span class='ocrx_word' id='word_1_86' title='bbox 1002 1251 1166 1306; x_wconf 80' lang='grc' dir='ltr'>αὐτὸν</span> <span class='ocrx_word' id='word_1_87' title='bbox 1205 1253 1348 1308; x_wconf 78' lang='grc' dir='ltr'>κατὰ</span> <span class='ocrx_word' id='word_1_88' title='bbox 1379 1256 1472 1308; x_wconf 75' lang='grc' dir='ltr'><strong>τὸν</strong></span> <span class='ocrx_word' id='word_1_89' title='bbox 1501 1257 1669 1326; x_wconf 78' lang='grc' dir='ltr'>πόρον</span> <span class='ocrx_word' id='word_1_90' title='bbox 1703 1259 1931 1329; x_wconf 73' lang='grc' dir='ltr'>ἐπεραι-</span> 
     </span>
    </p>
   </div>
   <div class='ocr_carea' id='block_1_15' title="bbox 346 1333 1930 1415">
    <p class='ocr_par' dir='ltr' id='par_1_15' title="bbox 346 1333 1930 1415">
     <span class='ocr_line' id='line_1_15' title="bbox 346 1333 1930 1415; baseline 0.008 -27"><span class='ocrx_word' id='word_1_91' title='bbox 346 1333 507 1389; x_wconf 76' lang='grc' dir='ltr'>οῦντο</span> <span class='ocrx_word' id='word_1_92' title='bbox 525 1351 540 1366; x_wconf 74' lang='grc' dir='ltr'><strong>ο</strong></span> <span class='ocrx_word' id='word_1_93' title='bbox 570 1337 666 1390; x_wconf 81' lang='grc' dir='ltr'>καὶ</span> <span class='ocrx_word' id='word_1_94' title='bbox 695 1338 980 1408; x_wconf 85' lang='grc' dir='ltr'>γενόμενοι</span> <span class='ocrx_word' id='word_1_95' title='bbox 1006 1342 1149 1394; x_wconf 84' lang='grc' dir='ltr'>κατὰ</span> <span class='ocrx_word' id='word_1_96' title='bbox 1174 1342 1233 1395; x_wconf 83' lang='grc' dir='ltr'>τὸ</span> <span class='ocrx_word' id='word_1_97' title='bbox 1268 1345 1454 1414; x_wconf 82' lang='grc' dir='ltr'><strong>μέσον,</strong></span> <span class='ocrx_word' id='word_1_98' title='bbox 1503 1345 1799 1415; x_wconf 71' lang='grc' dir='ltr'>ἠλάλαξαν,</span> <span class='ocrx_word' id='word_1_99' title='bbox 1835 1348 1930 1401; x_wconf 76' lang='grc' dir='ltr'>καὶ</span> 
     </span>
    </p>
   </div>
   <div class='ocr_carea' id='block_1_16' title="bbox 346 1428 1928 1504">
    <p class='ocr_par' dir='ltr' id='par_1_16' title="bbox 346 1428 1928 1504">
     <span class='ocr_line' id='line_1_16' title="bbox 346 1428 1928 1504; baseline 0.009 -24"><span class='ocrx_word' id='word_1_100' title='bbox 346 1429 396 1480; x_wconf 75' lang='grc' dir='ltr'><strong>σί</strong></span> <span class='ocrx_word' id='word_1_101' title='bbox 421 1428 821 1497; x_wconf 72' lang='grc' dir='ltr'>σαλπιγκταὶδὲ</span> <span class='ocrx_word' id='word_1_102' title='bbox 837 1432 1167 1502; x_wconf 78' lang='grc' dir='ltr'>συνήχησαν’</span> <span class='ocrx_word' id='word_1_103' title='bbox 1197 1437 1298 1488; x_wconf 79' lang='grc' dir='ltr'>καὶ·</span> <span class='ocrx_word' id='word_1_104' title='bbox 1313 1437 1340 1488; x_wconf 90' lang='lat'><strong>6</strong></span> <span class='ocrx_word' id='word_1_105' title='bbox 1357 1437 1568 1504; x_wconf 80' lang='grc' dir='ltr'><strong>Μάγων</strong></span> <span class='ocrx_word' id='word_1_106' title='bbox 1589 1438 1733 1492; x_wconf 82' lang='grc' dir='ltr'>κατὰ</span> <span class='ocrx_word' id='word_1_107' title='bbox 1750 1439 1928 1495; x_wconf 67' lang='grc' dir='ltr'>,νώτου</span> 
     </span>
    </p>
   </div>
   <div class='ocr_carea' id='block_1_17' title="bbox 344 1520 1928 1596">
    <p class='ocr_par' dir='ltr' id='par_1_17' title="bbox 344 1520 1928 1596">
     <span class='ocr_line' id='line_1_17' title="bbox 344 1520 1928 1596; baseline 0.009 -24"><span class='ocrx_word' id='word_1_108' title='bbox 344 1521 458 1584; x_wconf 75' lang='grc' dir='ltr'>τοῖς</span> <span class='ocrx_word' id='word_1_109' title='bbox 492 1520 862 1592; x_wconf 75' lang='grc' dir='ltr'>ἀνθεστηκόσι</span> <span class='ocrx_word' id='word_1_110' title='bbox 893 1527 1232 1596; x_wconf 79' lang='grc' dir='ltr'>προσέπεσε,</span> <span class='ocrx_word' id='word_1_111' title='bbox 1269 1529 1364 1580; x_wconf 83' lang='grc' dir='ltr'>καὶ</span> <span class='ocrx_word' id='word_1_112' title='bbox 1391 1527 1566 1594; x_wconf 76' lang='grc' dir='ltr'>οὕτως</span> <span class='ocrx_word' id='word_1_113' title='bbox 1599 1530 1655 1584; x_wconf 71' lang='lat' dir='ltr'><strong>ot</strong></span> <span class='ocrx_word' id='word_1_114' title='bbox 1675 1547 1734 1584; x_wconf 85' lang='grc' dir='ltr'><strong>τε</strong></span> <span class='ocrx_word' id='word_1_115' title='bbox 1779 1531 1928 1587; x_wconf 78' lang='grc' dir='ltr'>ἄλλοι</span> 
     </span>
    </p>
   </div>
   <div class='ocr_carea' id='block_1_18' title="bbox 346 1613 1927 1694">
    <p class='ocr_par' dir='ltr' id='par_1_18' title="bbox 346 1613 1927 1694">
     <span class='ocr_line' id='line_1_18' title="bbox 346 1613 1927 1694; baseline 0.009 -30"><span class='ocrx_word' id='word_1_116' title='bbox 346 1613 442 1665; x_wconf 68' lang='grc' dir='ltr'>καὶ</span> <span class='ocrx_word' id='word_1_117' title='bbox 470 1613 522 1665; x_wconf 85' lang='grc' dir='ltr'><strong>οί</strong></span> <span class='ocrx_word' id='word_1_118' title='bbox 543 1613 838 1684; x_wconf 73' lang='grc' dir='ltr'>ἐλέφαντες</span> <span class='ocrx_word' id='word_1_119' title='bbox 896 1618 1199 1684; x_wconf 74' lang='grc' dir='ltr'><strong>ἀκινδύνως</strong></span> <span class='ocrx_word' id='word_1_120' title='bbox 1265 1621 1715 1693; x_wconf 72' lang='grc' dir='ltr'>ἐπεραιώθησαν.</span> <span class='ocrx_word' id='word_1_121' title='bbox 1767 1625 1927 1694; x_wconf 81' lang='grc' dir='ltr'>Ἀρτι</span> 
     </span>
    </p>
   </div>
   <div class='ocr_carea' id='block_1_19' title="bbox 342 1704 1925 1785">
    <p class='ocr_par' dir='ltr' id='par_1_19' title="bbox 342 1704 1925 1785">
     <span class='ocr_line' id='line_1_19' title="bbox 342 1704 1925 1785; baseline 0.008 -28"><span class='ocrx_word' id='word_1_122' title='bbox 342 1704 402 1758; x_wconf 71' lang='grc' dir='ltr'>δὲ</span> <span class='ocrx_word' id='word_1_123' title='bbox 433 1706 856 1777; x_wconf 80' lang='grc' dir='ltr'>περαιωθέντων</span> <span class='ocrx_word' id='word_1_124' title='bbox 897 1710 1098 1777; x_wconf 84' lang='grc' dir='ltr'>αὐτῶν,</span> <span class='ocrx_word' id='word_1_125' title='bbox 1155 1714 1249 1766; x_wconf 77' lang='grc' dir='ltr'>καὶ</span> <span class='ocrx_word' id='word_1_126' title='bbox 1290 1713 1369 1785; x_wconf 80' lang='grc' dir='ltr'>τῷ</span> <span class='ocrx_word' id='word_1_127' title='bbox 1426 1714 1692 1770; x_wconf 80' lang='grc' dir='ltr'>Σκιπίωνι</span> <span class='ocrx_word' id='word_1_128' title='bbox 1748 1719 1925 1771; x_wconf 86' lang='grc' dir='ltr'>οίκεία</span> 
     </span>
    </p>
   </div>
   <div class='ocr_carea' id='block_1_20' title="bbox 2040 528 3609 606">
    <p class='ocr_par' dir='ltr' id='par_1_20' title="bbox 2040 528 3609 606">
     <span class='ocr_line' id='line_1_20' title="bbox 2040 528 3609 606; baseline 0.006 -25"><span class='ocrx_word' id='word_1_129' title='bbox 2040 542 2147 597; x_wconf 89' lang='lat' dir='ltr'><strong>qua</strong></span> <span class='ocrx_word' id='word_1_130' title='bbox 2183 528 2362 584; x_wconf 89' lang='lat' dir='ltr'><strong>amnis</strong></span> <span class='ocrx_word' id='word_1_131' title='bbox 2416 530 2519 585; x_wconf 92' lang='lat' dir='ltr'><strong>late</strong></span> <span class='ocrx_word' id='word_1_132' title='bbox 2551 531 2847 600; x_wconf 74' lang='lat' dir='ltr'><strong>spargitur,</strong></span> <span class='ocrx_word' id='word_1_133' title='bbox 2909 541 2965 588; x_wconf 90' lang='lat' dir='ltr'><strong>et</strong></span> <span class='ocrx_word' id='word_1_134' title='bbox 3000 533 3194 588; x_wconf 83' lang='lat' dir='ltr'><strong>insulis</strong></span> <span class='ocrx_word' id='word_1_135' title='bbox 3229 534 3609 606; x_wconf 81' lang='lat' dir='ltr'><strong>distinguitur,</strong></span> 
     </span>
    </p>
   </div>
   <div class='ocr_carea' id='block_1_21' title="bbox 2039 618 3607 692">
    <p class='ocr_par' dir='ltr' id='par_1_21' title="bbox 2039 618 3607 692">
     <span class='ocr_line' id='line_1_21' title="bbox 2039 618 3607 692; baseline 0.006 -18"><span class='ocrx_word' id='word_1_136' title='bbox 2039 618 2297 687; x_wconf 75' lang='lat' dir='ltr'><strong>trajicere</strong></span> <span class='ocrx_word' id='word_1_137' title='bbox 2318 620 2502 692; x_wconf 77' lang='lat' dir='ltr'><strong>jussit.</strong></span> <span class='ocrx_word' id='word_1_138' title='bbox 2550 623 2672 692; x_wconf 88' lang='lat' dir='ltr'><strong>Ipse</strong></span> <span class='ocrx_word' id='word_1_139' title='bbox 2705 626 2770 678; x_wconf 89' lang='lat' dir='ltr'><strong>ad</strong></span> <span class='ocrx_word' id='word_1_140' title='bbox 2803 626 3033 680; x_wconf 83' lang='lat' dir='ltr'><strong>evidens</strong></span> <span class='ocrx_word' id='word_1_141' title='bbox 3051 627 3252 681; x_wconf 86' lang='lat' dir='ltr'><strong>vadum</strong></span> <span class='ocrx_word' id='word_1_142' title='bbox 3283 629 3607 684; x_wconf 77' lang='lat' dir='ltr'><strong>contendit:</strong></span> 
     </span>
    </p>
   </div>
   <div class='ocr_carea' id='block_1_22' title="bbox 2035 713 3609 787">
    <p class='ocr_par' dir='ltr' id='par_1_22' title="bbox 2035 713 3609 787">
     <span class='ocr_line' id='line_1_22' title="bbox 2035 713 3609 787; baseline 0.006 -23"><span class='ocrx_word' id='word_1_143' title='bbox 2035 713 2296 766; x_wconf 87' lang='lat' dir='ltr'><strong>nimirum</strong></span> <span class='ocrx_word' id='word_1_144' title='bbox 2331 723 2389 768; x_wconf 93' lang='lat' dir='ltr'><strong>ut</strong></span> <span class='ocrx_word' id='word_1_145' title='bbox 2419 714 2579 780; x_wconf 84' lang='lat' dir='ltr'><strong>Galli,</strong></span> <span class='ocrx_word' id='word_1_146' title='bbox 2604 715 2732 770; x_wconf 89' lang='lat' dir='ltr'><strong>dum</strong></span> <span class='ocrx_word' id='word_1_147' title='bbox 2759 716 2858 787; x_wconf 91' lang='lat' dir='ltr'><strong>ipsi</strong></span> <span class='ocrx_word' id='word_1_148' title='bbox 2883 717 3236 784; x_wconf 89' lang='lat' dir='ltr'><strong>obsisterent,</strong></span> <span class='ocrx_word' id='word_1_149' title='bbox 3264 720 3609 787; x_wconf 84' lang='lat' dir='ltr'><strong>fallerentur,</strong></span> 
     </span>
    </p>
   </div>
   <div class='ocr_carea' id='block_1_23' title="bbox 2035 805 3610 879">
    <p class='ocr_par' dir='ltr' id='par_1_23' title="bbox 2035 805 3610 879">
     <span class='ocr_line' id='line_1_23' title="bbox 2035 805 3610 879; baseline 0.004 -21"><span class='ocrx_word' id='word_1_150' title='bbox 2035 811 2090 859; x_wconf 88' lang='lat' dir='ltr'><strong>et</strong></span> <span class='ocrx_word' id='word_1_151' title='bbox 2125 805 2179 858; x_wconf 92' lang='lat' dir='ltr'><strong>in</strong></span> <span class='ocrx_word' id='word_1_152' title='bbox 2203 805 2326 859; x_wconf 84' lang='lat' dir='ltr'><strong>aliis</strong></span> <span class='ocrx_word' id='word_1_153' title='bbox 2352 806 2488 876; x_wconf 88' lang='lat' dir='ltr'><strong>ripis</strong></span> <span class='ocrx_word' id='word_1_154' title='bbox 2503 807 2745 863; x_wconf 81' lang='lat' dir='ltr'><strong>fluminis</strong></span> <span class='ocrx_word' id='word_1_155' title='bbox 2777 809 3145 879; x_wconf 80' lang='lat' dir='ltr'><strong>negligentius</strong></span> <span class='ocrx_word' id='word_1_156' title='bbox 3181 811 3470 865; x_wconf 76' lang='lat' dir='ltr'><strong>custodias</strong></span> <span class='ocrx_word' id='word_1_157' title='bbox 3508 811 3610 865; x_wconf 86' lang='lat' dir='ltr'><strong>ha-</strong></span> 
     </span>
    </p>
   </div>
   <div class='ocr_carea' id='block_1_24' title="bbox 2037 895 3612 972">
    <p class='ocr_par' dir='ltr' id='par_1_24' title="bbox 2037 895 3612 972">
     <span class='ocr_line' id='line_1_24' title="bbox 2037 895 3612 972; baseline 0.005 -23"><span class='ocrx_word' id='word_1_158' title='bbox 2037 895 2248 950; x_wconf 90' lang='lat' dir='ltr'><strong>berent.</strong></span> <span class='ocrx_word' id='word_1_159' title='bbox 2281 898 2469 968; x_wconf 81' lang='lat' dir='ltr'><strong>Itaque</strong></span> <span class='ocrx_word' id='word_1_160' title='bbox 2497 900 2745 971; x_wconf 83' lang='lat' dir='ltr'><strong>contigit.</strong></span> <span class='ocrx_word' id='word_1_161' title='bbox 2785 901 2921 954; x_wconf 84' lang='lat' dir='ltr'><strong>Cum</strong></span> <span class='ocrx_word' id='word_1_162' title='bbox 2953 900 3144 972; x_wconf 79' lang='lat' dir='ltr'><strong>Magon</strong></span> <span class='ocrx_word' id='word_1_163' title='bbox 3185 899 3390 955; x_wconf 84' lang='lat' dir='ltr'><strong>ﬂumen</strong></span> <span class='ocrx_word' id='word_1_164' title='bbox 3432 912 3612 957; x_wconf 87' lang='lat' dir='ltr'><strong>trans-</strong></span> 
     </span>
    </p>
   </div>
   <div class='ocr_carea' id='block_1_25' title="bbox 2036 989 3610 1062">
    <p class='ocr_par' dir='ltr' id='par_1_25' title="bbox 2036 989 3610 1062">
     <span class='ocr_line' id='line_1_25' title="bbox 2036 989 3610 1062; baseline 0.003 -20"><span class='ocrx_word' id='word_1_165' title='bbox 2036 989 2293 1051; x_wconf 85' lang='lat' dir='ltr'><strong>misisset,</strong></span> <span class='ocrx_word' id='word_1_166' title='bbox 2312 989 2544 1046; x_wconf 81' lang='lat' dir='ltr'><strong>Annibal</strong></span> <span class='ocrx_word' id='word_1_167' title='bbox 2573 993 2768 1062; x_wconf 86' lang='lat' dir='ltr'><strong>suique</strong></span> <span class='ocrx_word' id='word_1_168' title='bbox 2790 993 2991 1048; x_wconf 85' lang='lat' dir='ltr'><strong>vadum</strong></span> <span class='ocrx_word' id='word_1_169' title='bbox 3018 993 3268 1057; x_wconf 73' lang='lat' dir='ltr'><strong>ingressi,</strong></span> <span class='ocrx_word' id='word_1_170' title='bbox 3291 994 3382 1047; x_wconf 91' lang='lat' dir='ltr'><strong>ubi</strong></span> <span class='ocrx_word' id='word_1_171' title='bbox 3407 993 3471 1047; x_wconf 91' lang='lat' dir='ltr'><strong>ad</strong></span> <span class='ocrx_word' id='word_1_172' title='bbox 3493 1010 3610 1048; x_wconf 83' lang='lat' dir='ltr'><strong>me-</strong></span> 
     </span>
    </p>
   </div>
   <div class='ocr_carea' id='block_1_26' title="bbox 2034 1079 3609 1151">
    <p class='ocr_par' dir='ltr' id='par_1_26' title="bbox 2034 1079 3609 1151">
     <span class='ocr_line' id='line_1_26' title="bbox 2034 1079 3609 1151; baseline 0.001 -15"><span class='ocrx_word' id='word_1_173' title='bbox 2034 1079 2187 1136; x_wconf 87' lang='lat' dir='ltr'><strong>dium</strong></span> <span class='ocrx_word' id='word_1_174' title='bbox 2216 1096 2517 1151; x_wconf 90' lang='lat' dir='ltr'><strong>pervenere</strong></span> <span class='ocrx_word' id='word_1_175' title='bbox 2549 1125 2562 1149; x_wconf 93' lang='lat'><strong>,</strong></span> <span class='ocrx_word' id='word_1_176' title='bbox 2596 1083 2888 1138; x_wconf 86' lang='lat' dir='ltr'><strong>clamorem</strong></span> <span class='ocrx_word' id='word_1_177' title='bbox 2917 1085 3259 1139; x_wconf 88' lang='lat' dir='ltr'><strong>sustulerunt</strong></span> <span class='ocrx_word' id='word_1_178' title='bbox 3291 1093 3347 1139; x_wconf 92' lang='lat' dir='ltr'><strong>et</strong></span> <span class='ocrx_word' id='word_1_179' title='bbox 3377 1083 3609 1139; x_wconf 89' lang='lat' dir='ltr'><strong>classico</strong></span> 
     </span>
    </p>
   </div>
   <div class='ocr_carea' id='block_1_27' title="bbox 2034 1173 3606 1246">
    <p class='ocr_par' dir='ltr' id='par_1_27' title="bbox 2034 1173 3606 1246">
     <span class='ocr_line' id='line_1_27' title="bbox 2034 1173 3606 1246; baseline 0.002 -19"><span class='ocrx_word' id='word_1_180' title='bbox 2034 1173 2358 1227; x_wconf 80' lang='lat' dir='ltr'><strong>cecinerunt</strong></span> <span class='ocrx_word' id='word_1_181' title='bbox 2387 1191 2400 1227; x_wconf 86' lang='lat'><strong>:</strong></span> <span class='ocrx_word' id='word_1_182' title='bbox 2426 1183 2482 1228; x_wconf 90' lang='lat' dir='ltr'><strong>et</strong></span> <span class='ocrx_word' id='word_1_183' title='bbox 2508 1174 2733 1245; x_wconf 82' lang='lat' dir='ltr'><strong>Magone</strong></span> <span class='ocrx_word' id='word_1_184' title='bbox 2764 1175 3106 1230; x_wconf 81' lang='lat' dir='ltr'><strong>adversarios</strong></span> <span class='ocrx_word' id='word_1_185' title='bbox 3147 1191 3176 1229; x_wconf 91' lang='lat' dir='ltr'><strong>a</strong></span> <span class='ocrx_word' id='word_1_186' title='bbox 3206 1182 3356 1246; x_wconf 79' lang='lat' dir='ltr'><strong>tergo</strong></span> <span class='ocrx_word' id='word_1_187' title='bbox 3391 1177 3606 1240; x_wconf 77' lang='lat' dir='ltr'><strong>adorto,</strong></span> 
     </span>
    </p>
   </div>
   <div class='ocr_carea' id='block_1_28' title="bbox 2033 1263 3605 1334">
    <p class='ocr_par' dir='ltr' id='par_1_28' title="bbox 2033 1263 3605 1334">
     <span class='ocr_line' id='line_1_28' title="bbox 2033 1263 3605 1334; baseline 0.003 -17"><span class='ocrx_word' id='word_1_188' title='bbox 2033 1271 2090 1317; x_wconf 89' lang='lat' dir='ltr'><strong>et</strong></span> <span class='ocrx_word' id='word_1_189' title='bbox 2122 1263 2301 1318; x_wconf 60' lang='lat' dir='ltr'><strong>exteri</strong></span> <span class='ocrx_word' id='word_1_190' title='bbox 2328 1273 2384 1318; x_wconf 86' lang='lat' dir='ltr'><strong>et</strong></span> <span class='ocrx_word' id='word_1_191' title='bbox 2407 1263 2728 1334; x_wconf 83' lang='lat' dir='ltr'><strong>elephantes</strong></span> <span class='ocrx_word' id='word_1_192' title='bbox 2764 1266 2900 1319; x_wconf 90' lang='lat' dir='ltr'><strong>citra</strong></span> <span class='ocrx_word' id='word_1_193' title='bbox 2921 1265 3224 1334; x_wconf 88' lang='lat' dir='ltr'><strong>periculum</strong></span> <span class='ocrx_word' id='word_1_194' title='bbox 3250 1265 3605 1322; x_wconf 89' lang='lat' dir='ltr'><strong>transierunt.</strong></span> 
     </span>
    </p>
   </div>
   <div class='ocr_carea' id='block_1_29' title="bbox 2033 1355 3606 1428">
    <p class='ocr_par' dir='ltr' id='par_1_29' title="bbox 2033 1355 3606 1428">
     <span class='ocr_line' id='line_1_29' title="bbox 2033 1355 3606 1428; baseline 0 -16"><span class='ocrx_word' id='word_1_195' title='bbox 2033 1355 2134 1412; x_wconf 82' lang='lat' dir='ltr'><strong>Vix</strong></span> <span class='ocrx_word' id='word_1_196' title='bbox 2167 1355 2522 1422; x_wconf 87' lang='lat' dir='ltr'><strong>transierant,</strong></span> <span class='ocrx_word' id='word_1_197' title='bbox 2557 1371 2682 1410; x_wconf 87' lang='lat' dir='ltr'><strong>cum</strong></span> <span class='ocrx_word' id='word_1_198' title='bbox 2714 1357 2988 1426; x_wconf 87' lang='lat' dir='ltr'><strong>Scipionis</strong></span> <span class='ocrx_word' id='word_1_199' title='bbox 3037 1357 3208 1428; x_wconf 76' lang='lat' dir='ltr'><strong>copiae</strong></span> <span class='ocrx_word' id='word_1_200' title='bbox 3240 1358 3606 1412; x_wconf 82' lang='lat' dir='ltr'><strong>advenerunt.</strong></span> 
     </span>
    </p>
   </div>
   <div class='ocr_carea' id='block_1_30' title="bbox 2030 1446 3606 1519">
    <p class='ocr_par' dir='ltr' id='par_1_30' title="bbox 2030 1446 3606 1519">
     <span class='ocr_line' id='line_1_30' title="bbox 2030 1446 3606 1519; baseline 0.002 -18"><span class='ocrx_word' id='word_1_201' title='bbox 2030 1446 2166 1502; x_wconf 91' lang='lat' dir='ltr'><strong>Cum</strong></span> <span class='ocrx_word' id='word_1_202' title='bbox 2196 1447 2364 1519; x_wconf 79' lang='lat' dir='ltr'><strong>igitur</strong></span> <span class='ocrx_word' id='word_1_203' title='bbox 2390 1448 2652 1518; x_wconf 89' lang='lat' dir='ltr'><strong>utrinque</strong></span> <span class='ocrx_word' id='word_1_204' title='bbox 2683 1449 3027 1519; x_wconf 83' lang='lat' dir='ltr'><strong>speculatum</strong></span> <span class='ocrx_word' id='word_1_205' title='bbox 3061 1449 3278 1518; x_wconf 89' lang='lat' dir='ltr'><strong>equites</strong></span> <span class='ocrx_word' id='word_1_206' title='bbox 3308 1451 3606 1515; x_wconf 90' lang='lat' dir='ltr'><strong>misissent,</strong></span> 
     </span>
    </p>
   </div>
   <div class='ocr_carea' id='block_1_31' title="bbox 2030 1538 3609 1611">
    <p class='ocr_par' dir='ltr' id='par_1_31' title="bbox 2030 1538 3609 1611">
     <span class='ocr_line' id='line_1_31' title="bbox 2030 1538 3609 1611; baseline 0.001 -18"><span class='ocrx_word' id='word_1_207' title='bbox 2030 1538 2076 1593; x_wconf 85' lang='lat' dir='ltr'><strong>is</strong></span> <span class='ocrx_word' id='word_1_208' title='bbox 2109 1539 2382 1608; x_wconf 87' lang='lat' dir='ltr'><strong>equestris</strong></span> <span class='ocrx_word' id='word_1_209' title='bbox 2417 1539 2589 1609; x_wconf 58' lang='lat' dir='ltr'><strong>pravlii</strong></span> <span class='ocrx_word' id='word_1_210' title='bbox 2625 1539 2727 1595; x_wconf 77' lang='lat' dir='ltr'><strong>fuit</strong></span> <span class='ocrx_word' id='word_1_211' title='bbox 2753 1540 2956 1603; x_wconf 83' lang='lat' dir='ltr'><strong>exitus,</strong></span> <span class='ocrx_word' id='word_1_212' title='bbox 2983 1539 3078 1611; x_wconf 88' lang='lat' dir='ltr'><strong>qui</strong></span> <span class='ocrx_word' id='word_1_213' title='bbox 3114 1541 3248 1595; x_wconf 87' lang='lat' dir='ltr'><strong>belli</strong></span> <span class='ocrx_word' id='word_1_214' title='bbox 3276 1541 3466 1594; x_wconf 87' lang='lat' dir='ltr'><strong>totius.</strong></span> <span class='ocrx_word' id='word_1_215' title='bbox 3497 1541 3609 1594; x_wconf 76' lang='lat' dir='ltr'><strong>Ro~</strong></span> 
     </span>
    </p>
   </div>
   <div class='ocr_carea' id='block_1_32' title="bbox 2030 1631 3610 1702">
    <p class='ocr_par' dir='ltr' id='par_1_32' title="bbox 2030 1631 3610 1702">
     <span class='ocr_line' id='line_1_32' title="bbox 2030 1631 3610 1702; baseline 0 -18"><span class='ocrx_word' id='word_1_216' title='bbox 2030 1631 2175 1685; x_wconf 89' lang='lat' dir='ltr'><strong>mani</strong></span> <span class='ocrx_word' id='word_1_217' title='bbox 2206 1631 2352 1686; x_wconf 89' lang='lat' dir='ltr'><strong>enim</strong></span> <span class='ocrx_word' id='word_1_218' title='bbox 2380 1631 2652 1702; x_wconf 88' lang='lat' dir='ltr'><strong>principio</strong></span> <span class='ocrx_word' id='word_1_219' title='bbox 2682 1631 2993 1700; x_wconf 78' lang='lat' dir='ltr'><strong>inferiores,</strong></span> <span class='ocrx_word' id='word_1_220' title='bbox 3028 1632 3220 1687; x_wconf 89' lang='lat' dir='ltr'><strong>multis</strong></span> <span class='ocrx_word' id='word_1_221' title='bbox 3248 1631 3484 1695; x_wconf 87' lang='lat' dir='ltr'><strong>amissis,</strong></span> <span class='ocrx_word' id='word_1_222' title='bbox 3526 1632 3610 1684; x_wconf 87' lang='lat' dir='ltr'><strong>vi-</strong></span> 
     </span>
    </p>
   </div>
   <div class='ocr_carea' id='block_1_33' title="bbox 2029 1722 3611 1794">
    <p class='ocr_par' dir='ltr' id='par_1_33' title="bbox 2029 1722 3611 1794">
     <span class='ocr_line' id='line_1_33' title="bbox 2029 1722 3611 1794; baseline -0.003 -15"><span class='ocrx_word' id='word_1_223' title='bbox 2029 1735 2244 1779; x_wconf 91' lang='lat' dir='ltr'><strong>cerunt.</strong></span> <span class='ocrx_word' id='word_1_224' title='bbox 2276 1725 2654 1780; x_wconf 82' lang='lat' dir='ltr'><strong>ImleAnnibal</strong></span> <span class='ocrx_word' id='word_1_225' title='bbox 2681 1726 2734 1780; x_wconf 90' lang='lat' dir='ltr'><strong>in</strong></span> <span class='ocrx_word' id='word_1_226' title='bbox 2757 1726 2964 1780; x_wconf 87' lang='lat' dir='ltr'><strong>Italiam</strong></span> <span class='ocrx_word' id='word_1_227' title='bbox 2995 1739 3317 1794; x_wconf 85' lang='lat' dir='ltr'><strong>properans,</strong></span> <span class='ocrx_word' id='word_1_228' title='bbox 3337 1737 3460 1777; x_wconf 91' lang='lat' dir='ltr'><strong>cum</strong></span> <span class='ocrx_word' id='word_1_229' title='bbox 3496 1722 3611 1775; x_wconf 86' lang='lat' dir='ltr'><strong>vias</strong></span> 
     </span>
    </p>
   </div>
   <div class='ocr_carea' id='block_1_34' title="bbox 342 1787 1927 1886">
    <p class='ocr_par' dir='ltr' id='par_1_34' title="bbox 342 1799 1924 1882">
     <span class='ocr_line' id='line_1_34' title="bbox 342 1799 1924 1882; baseline 0.008 -31"><span class='ocrx_word' id='word_1_230' title='bbox 342 1799 574 1868; x_wconf 78' lang='grc' dir='ltr'>ἀφίκετο</span> <span class='ocrx_word' id='word_1_231' title='bbox 603 1800 856 1871; x_wconf 85' lang='grc' dir='ltr'>δύναμις.</span> <span class='ocrx_word' id='word_1_232' title='bbox 905 1805 1232 1874; x_wconf 82' lang='grc' dir='ltr'>Πέμψαντες</span> <span class='ocrx_word' id='word_1_233' title='bbox 1299 1803 1394 1861; x_wconf 83' lang='grc' dir='ltr'><strong>οῦν</strong></span> <span class='ocrx_word' id='word_1_234' title='bbox 1457 1811 1539 1872; x_wconf 83' lang='grc' dir='ltr'><strong>είς</strong></span> <span class='ocrx_word' id='word_1_235' title='bbox 1604 1811 1924 1882; x_wconf 84' lang='grc' dir='ltr'>προσκοπὴν</span> 
     </span>
    </p>
   </div>
   <div class='ocr_carea' id='block_1_35' title="bbox 2031 1787 3606 1886">
    <p class='ocr_par' dir='ltr' id='par_1_35' title="bbox 2036 1814 3606 1886">
     <span class='ocr_line' id='line_1_35' title="bbox 2036 1814 3606 1886; baseline -0.002 -16"><span class='ocrx_word' id='word_1_236' title='bbox 2036 1816 2542 1886; x_wconf 88' lang='lat' dir='ltr'><strong>compendiosiores</strong></span> <span class='ocrx_word' id='word_1_237' title='bbox 2593 1826 2878 1886; x_wconf 89' lang='lat' dir='ltr'><strong>suspectas</strong></span> <span class='ocrx_word' id='word_1_238' title='bbox 2936 1817 3211 1872; x_wconf 89' lang='lat' dir='ltr'><strong>haberet:</strong></span> <span class='ocrx_word' id='word_1_239' title='bbox 3247 1816 3354 1870; x_wconf 88' lang='lat' dir='ltr'><strong>illis</strong></span> <span class='ocrx_word' id='word_1_240' title='bbox 3400 1814 3606 1879; x_wconf 73' lang='lat' dir='ltr'><strong>vitatis,</strong></span> 
     </span>
    </p>
   </div>
   <div class='ocr_carea' id='block_1_36' title="bbox 345 1891 1934 1972">
    <p class='ocr_par' dir='ltr' id='par_1_36' title="bbox 345 1891 1934 1972">
     <span class='ocr_line' id='line_1_36' title="bbox 345 1891 1934 1972; baseline 0.008 -30"><span class='ocrx_word' id='word_1_241' title='bbox 345 1891 551 1953; x_wconf 83' lang='grc' dir='ltr'>ίππέας</span> <span class='ocrx_word' id='word_1_242' title='bbox 582 1893 912 1966; x_wconf 78' lang='grc' dir='ltr'>ἀμφότεροι,</span> <span class='ocrx_word' id='word_1_243' title='bbox 954 1897 1180 1967; x_wconf 80' lang='grc' dir='ltr'>τοιούτῳ</span> <span class='ocrx_word' id='word_1_244' title='bbox 1234 1897 1379 1951; x_wconf 85' lang='grc' dir='ltr'>τέλει</span> <span class='ocrx_word' id='word_1_245' title='bbox 1438 1900 1538 1970; x_wconf 81' lang='grc' dir='ltr'>τῆς</span> <span class='ocrx_word' id='word_1_246' title='bbox 1588 1901 1934 1972; x_wconf 77' lang='grc' dir='ltr'>ἱππομαχίας</span> 
     </span>
    </p>
   </div>
   <div class='ocr_carea' id='block_1_37' title="bbox 339 1981 1931 2066">
    <p class='ocr_par' dir='ltr' id='par_1_37' title="bbox 339 1981 1931 2066">
     <span class='ocr_line' id='line_1_37' title="bbox 339 1981 1931 2066; baseline 0.011 -36"><span class='ocrx_word' id='word_1_247' title='bbox 339 1981 663 2050; x_wconf 62' lang='grc' dir='ltr'>ἐχρήσαντο,</span> <span class='ocrx_word' id='word_1_248' title='bbox 690 1982 878 2038; x_wconf 79' lang='grc' dir='ltr'>ὁποῖον</span> <span class='ocrx_word' id='word_1_249' title='bbox 905 1987 934 2038; x_wconf 84' lang='grc' dir='ltr'>ὁ</span> <span class='ocrx_word' id='word_1_250' title='bbox 962 1987 1185 2058; x_wconf 80' lang='grc' dir='ltr'>σύμπας</span> <span class='ocrx_word' id='word_1_251' title='bbox 1206 1987 1410 2060; x_wconf 78' lang='grc' dir='ltr'><strong>ἔσχηκε</strong></span> <span class='ocrx_word' id='word_1_252' title='bbox 1447 1991 1705 2061; x_wconf 84' lang='grc' dir='ltr'>πόλεμος.</span> <span class='ocrx_word' id='word_1_253' title='bbox 1726 1993 1791 2046; x_wconf 83' lang='grc' dir='ltr'>Οί</span> <span class='ocrx_word' id='word_1_254' title='bbox 1823 1994 1931 2066; x_wconf 82' lang='grc' dir='ltr'><strong>γὰρ</strong></span> 
     </span>
    </p>
   </div>
   <div class='ocr_carea' id='block_1_38' title="bbox 348 2071 1932 2155">
    <p class='ocr_par' dir='ltr' id='par_1_38' title="bbox 348 2071 1932 2155">
     <span class='ocr_line' id='line_1_38' title="bbox 348 2071 1932 2155; baseline 0.008 -30"><span class='ocrx_word' id='word_1_255' title='bbox 348 2071 619 2143; x_wconf 77' lang='grc' dir='ltr'>Ῥωμαῖοι</span> <span class='ocrx_word' id='word_1_256' title='bbox 657 2076 754 2129; x_wconf 77' lang='grc' dir='ltr'>καὶ</span> <span class='ocrx_word' id='word_1_257' title='bbox 789 2077 1011 2134; x_wconf 75' lang='grc' dir='ltr'>ἔλαττον</span> <span class='ocrx_word' id='word_1_258' title='bbox 1040 2080 1141 2152; x_wconf 84' lang='grc' dir='ltr'>τὴν</span> <span class='ocrx_word' id='word_1_259' title='bbox 1179 2082 1408 2151; x_wconf 85' lang='grc' dir='ltr'>πρώτην</span> <span class='ocrx_word' id='word_1_260' title='bbox 1432 2084 1814 2155; x_wconf 72' lang='grc' dir='ltr'>ὲνεγκάμενοι,</span> <span class='ocrx_word' id='word_1_261' title='bbox 1837 2091 1932 2140; x_wconf 81' lang='grc' dir='ltr'>καὶ</span> 
     </span>
    </p>
   </div>
   <div class='ocr_carea' id='block_1_39' title="bbox 342 2165 1926 2242">
    <p class='ocr_par' dir='ltr' id='par_1_39' title="bbox 342 2165 1926 2242">
     <span class='ocr_line' id='line_1_39' title="bbox 342 2165 1926 2242; baseline 0.01 -27"><span class='ocrx_word' id='word_1_262' title='bbox 342 2165 573 2235; x_wconf 80' lang='grc' dir='ltr'>συχνοὺς</span> <span class='ocrx_word' id='word_1_263' title='bbox 605 2167 974 2234; x_wconf 75' lang='grc' dir='ltr'>ἀποϐαλόντες</span> <span class='ocrx_word' id='word_1_264' title='bbox 1029 2172 1294 2242; x_wconf 68' lang='grc' dir='ltr'>ἐνίκησαν</span> <span class='ocrx_word' id='word_1_265' title='bbox 1314 2188 1330 2202; x_wconf 91' lang='grc'><strong>·</strong></span> <span class='ocrx_word' id='word_1_266' title='bbox 1364 2174 1618 2228; x_wconf 78' lang='grc' dir='ltr'>ἐντεῦθεν</span> <span class='ocrx_word' id='word_1_267' title='bbox 1653 2176 1926 2242; x_wconf 83' lang='grc' dir='ltr'>Ἀννίϐας,</span> 
     </span>
    </p>
   </div>
   <div class='ocr_carea' id='block_1_40' title="bbox 338 2255 1931 2335">
    <p class='ocr_par' dir='ltr' id='par_1_40' title="bbox 338 2255 1931 2335">
     <span class='ocr_line' id='line_1_40' title="bbox 338 2255 1931 2335; baseline 0.009 -26"><span class='ocrx_word' id='word_1_268' title='bbox 338 2255 563 2311; x_wconf 76' lang='grc' dir='ltr'>ἀπιέναι</span> <span class='ocrx_word' id='word_1_269' title='bbox 597 2261 733 2330; x_wconf 70' lang='grc' dir='ltr'>πρὸς</span> <span class='ocrx_word' id='word_1_270' title='bbox 776 2261 1010 2316; x_wconf 83' lang='grc' dir='ltr'>Ἰταλίαν</span> <span class='ocrx_word' id='word_1_271' title='bbox 1041 2265 1320 2333; x_wconf 85' lang='grc' dir='ltr'>σπεύδων,</span> <span class='ocrx_word' id='word_1_272' title='bbox 1351 2267 1680 2322; x_wconf 80' lang='grc' dir='ltr'>ὑποπτεύων</span> <span class='ocrx_word' id='word_1_273' title='bbox 1727 2269 1783 2324; x_wconf 85' lang='grc' dir='ltr'>δὲ</span> <span class='ocrx_word' id='word_1_274' title='bbox 1830 2271 1931 2335; x_wconf 82' lang='grc' dir='ltr'><strong>τὰς</strong></span> 
     </span>
    </p>
   </div>
   <div class='ocr_carea' id='block_1_41' title="bbox 341 2352 1929 2438">
    <p class='ocr_par' dir='ltr' id='par_1_41' title="bbox 341 2352 1929 2438">
     <span class='ocr_line' id='line_1_41' title="bbox 341 2352 1929 2438; baseline 0.013 -37"><span class='ocrx_word' id='word_1_275' title='bbox 341 2352 762 2425; x_wconf 69' lang='grc' dir='ltr'>ἑπιτομωτέρας</span> <span class='ocrx_word' id='word_1_276' title='bbox 783 2355 894 2409; x_wconf 86' lang='grc' dir='ltr'><strong>τῶν</strong></span> <span class='ocrx_word' id='word_1_277' title='bbox 917 2357 1076 2423; x_wconf 82' lang='grc' dir='ltr'>ὁδῶν,</span> <span class='ocrx_word' id='word_1_278' title='bbox 1129 2361 1350 2424; x_wconf 85' lang='grc' dir='ltr'>ἐκείνας</span> <span class='ocrx_word' id='word_1_279' title='bbox 1408 2362 1507 2430; x_wconf 83' lang='grc' dir='ltr'>μὲν</span> <span class='ocrx_word' id='word_1_280' title='bbox 1569 2366 1929 2438; x_wconf 81' lang='grc' dir='ltr'>παρεξῆλθεν,</span> 
     </span>
    </p>
   </div>
   <div class='ocr_carea' id='block_1_42' title="bbox 341 2442 1958 2531">
    <p class='ocr_par' dir='ltr' id='par_1_42' title="bbox 341 2442 1958 2531">
     <span class='ocr_line' id='line_1_42' title="bbox 341 2442 1958 2531; baseline 0.013 -37"><span class='ocrx_word' id='word_1_281' title='bbox 341 2442 542 2514; x_wconf 70' lang='grc' dir='ltr'>ἑτέραν</span> <span class='ocrx_word' id='word_1_282' title='bbox 569 2445 625 2498; x_wconf 80' lang='grc' dir='ltr'>δὲ</span> <span class='ocrx_word' id='word_1_283' title='bbox 651 2449 942 2518; x_wconf 74' lang='grc' dir='ltr'>πορευθεὶς</span> <span class='ocrx_word' id='word_1_284' title='bbox 987 2450 1229 2522; x_wconf 69' lang='grc' dir='ltr'>ἰσχυρῶς</span> <span class='ocrx_word' id='word_1_285' title='bbox 1276 2453 1549 2526; x_wconf 79' lang='grc' dir='ltr'>ἐπόνησε·</span> <span class='ocrx_word' id='word_1_286' title='bbox 1603 2458 1673 2511; x_wconf 88' lang='grc' dir='ltr'><strong>τά</strong></span> <span class='ocrx_word' id='word_1_287' title='bbox 1714 2475 1773 2513; x_wconf 90' lang='grc' dir='ltr'><strong>τε</strong></span> <span class='ocrx_word' id='word_1_288' title='bbox 1821 2459 1958 2531; x_wconf 75' lang='grc' dir='ltr'>γὰρ’</span> 
     </span>
    </p>
   </div>
   <div class='ocr_carea' id='block_1_43' title="bbox 337 2532 1931 2623">
    <p class='ocr_par' dir='ltr' id='par_1_43' title="bbox 337 2532 1931 2623">
     <span class='ocr_line' id='line_1_43' title="bbox 337 2532 1931 2623; baseline 0.013 -39"><span class='ocrx_word' id='word_1_289' title='bbox 337 2532 441 2605; x_wconf 78' lang='grc' dir='ltr'>ὅρη</span> <span class='ocrx_word' id='word_1_290' title='bbox 473 2535 657 2590; x_wconf 73' lang='grc' dir='ltr'>ἐκεῖνα</span> <span class='ocrx_word' id='word_1_291' title='bbox 686 2540 1090 2612; x_wconf 77' lang='grc' dir='ltr'>ἀποτομώτατά</span> <span class='ocrx_word' id='word_1_292' title='bbox 1124 2547 1264 2610; x_wconf 75' lang='grc' dir='ltr'>ἐστι,</span> <span class='ocrx_word' id='word_1_293' title='bbox 1328 2547 1424 2600; x_wconf 79' lang='grc' dir='ltr'>καὶ</span> <span class='ocrx_word' id='word_1_294' title='bbox 1476 2547 1508 2617; x_wconf 78' lang='grc' dir='ltr'>ἡ</span> <span class='ocrx_word' id='word_1_295' title='bbox 1563 2548 1696 2618; x_wconf 83' lang='grc' dir='ltr'>χιὼν</span> <span class='ocrx_word' id='word_1_296' title='bbox 1761 2549 1931 2623; x_wconf 79' lang='grc' dir='ltr'>πολλὴ</span> 
     </span>
    </p>
   </div>
   <div class='ocr_carea' id='block_1_44' title="bbox 339 2627 1928 2712">
    <p class='ocr_par' dir='ltr' id='par_1_44' title="bbox 339 2627 1928 2712">
     <span class='ocr_line' id='line_1_44' title="bbox 339 2627 1928 2712; baseline 0.014 -36"><span class='ocrx_word' id='word_1_297' title='bbox 339 2627 631 2698; x_wconf 79' lang='grc' dir='ltr'>γενομένη,</span> <span class='ocrx_word' id='word_1_298' title='bbox 655 2629 751 2683; x_wconf 59' lang='grc' dir='ltr'><strong>καὶ⁸</strong></span> <span class='ocrx_word' id='word_1_299' title='bbox 773 2632 870 2695; x_wconf 76' lang='grc' dir='ltr'><strong>τὰς</strong></span> <span class='ocrx_word' id='word_1_300' title='bbox 899 2633 1188 2704; x_wconf 73' lang='grc' dir='ltr'>φάραγγας</span> <span class='ocrx_word' id='word_1_301' title='bbox 1215 2636 1544 2709; x_wconf 81' lang='grc' dir='ltr'>ὑπ’ἀνέμων</span> <span class='ocrx_word' id='word_1_302' title='bbox 1564 2640 1672 2712; x_wconf 82' lang='grc' dir='ltr'><strong>πλη</strong></span> <span class='ocrx_word' id='word_1_303' title='bbox 1682 2641 1928 2712; x_wconf 83' lang='grc' dir='ltr'>ρὼσασα,</span> 
     </span>
    </p>
   </div>
   <div class='ocr_carea' id='block_1_45' title="bbox 339 2718 1923 2806">
    <p class='ocr_par' dir='ltr' id='par_1_45' title="bbox 339 2718 1923 2806">
     <span class='ocr_line' id='line_1_45' title="bbox 339 2718 1923 2806; baseline 0.015 -38"><span class='ocrx_word' id='word_1_304' title='bbox 339 2718 439 2770; x_wconf 72' lang='grc' dir='ltr'>καὶ</span> <span class='ocrx_word' id='word_1_305' title='bbox 468 2719 497 2772; x_wconf 90' lang='lat'><strong>6</strong></span> <span class='ocrx_word' id='word_1_306' title='bbox 534 2721 875 2790; x_wconf 86' lang='grc' dir='ltr'>κρύσταλλος</span> <span class='ocrx_word' id='word_1_307' title='bbox 905 2726 1239 2798; x_wconf 76' lang='grc' dir='ltr'>ἰσχυρότατα</span> <span class='ocrx_word' id='word_1_308' title='bbox 1275 2733 1496 2800; x_wconf 76' lang='grc' dir='ltr'>παγεὶς,</span> <span class='ocrx_word' id='word_1_309' title='bbox 1528 2733 1720 2799; x_wconf 85' lang='grc' dir='ltr'>δεινῶς</span> <span class='ocrx_word' id='word_1_310' title='bbox 1782 2745 1923 2806; x_wconf 78' lang='grc' dir='ltr'>σφᾶς</span> 
     </span>
    </p>
   </div>
   <div class='ocr_carea' id='block_1_46' title="bbox 339 2809 1928 2901">
    <p class='ocr_par' dir='ltr' id='par_1_46' title="bbox 339 2809 1928 2899">
     <span class='ocr_line' id='line_1_46' title="bbox 339 2809 1928 2899; baseline 0.014 -39"><span class='ocrx_word' id='word_1_311' title='bbox 339 2809 797 2886; x_wconf 73' lang='grc' dir='ltr'>ἐταλαιπώρησεο</span> <span class='ocrx_word' id='word_1_312' title='bbox 834 2817 929 2871; x_wconf 78' lang='grc' dir='ltr'><strong>καὶ</strong></span> <span class='ocrx_word' id='word_1_313' title='bbox 972 2818 1160 2874; x_wconf 78' lang='grc' dir='ltr'>πολλοὶ</span> <span class='ocrx_word' id='word_1_314' title='bbox 1207 2821 1316 2877; x_wconf 86' lang='grc' dir='ltr'><strong>τῶν</strong></span> <span class='ocrx_word' id='word_1_315' title='bbox 1355 2825 1522 2878; x_wconf 82' lang='grc' dir='ltr'>αὑτοῦ</span> <span class='ocrx_word' id='word_1_316' title='bbox 1576 2829 1928 2899; x_wconf 83' lang='grc' dir='ltr'>στρατιωτῶν</span> 
     </span>
    </p>
   </div>
   <div class='ocr_carea' id='block_1_47' title="bbox 340 2902 1928 2992">
    <p class='ocr_par' dir='ltr' id='par_1_47' title="bbox 340 2902 1928 2992">
     <span class='ocr_line' id='line_1_47' title="bbox 340 2902 1928 2992; baseline 0.014 -37"><span class='ocrx_word' id='word_1_317' title='bbox 340 2902 448 2956; x_wconf 76' lang='grc' dir='ltr'><strong>ὑπό</strong></span> <span class='ocrx_word' id='word_1_318' title='bbox 473 2921 532 2958; x_wconf 91' lang='grc' dir='ltr'><strong>τε</strong></span> <span class='ocrx_word' id='word_1_319' title='bbox 561 2905 658 2960; x_wconf 90' lang='grc' dir='ltr'><strong>τοῦ</strong></span> <span class='ocrx_word' id='word_1_320' title='bbox 686 2911 981 2978; x_wconf 85' lang='grc' dir='ltr'>χειμῶνος,</span> <span class='ocrx_word' id='word_1_321' title='bbox 1033 2913 1127 2966; x_wconf 73' lang='grc' dir='ltr'>καὶ</span> <span class='ocrx_word' id='word_1_322' title='bbox 1176 2916 1280 2969; x_wconf 79' lang='grc' dir='ltr'>ὑπὸ</span> <span class='ocrx_word' id='word_1_323' title='bbox 1315 2918 1581 2984; x_wconf 82' lang='grc' dir='ltr'>σιτοδείας</span> <span class='ocrx_word' id='word_1_324' title='bbox 1620 2922 1928 2992; x_wconf 82' lang='grc' dir='ltr'>ἀπώλοντο,</span> 
     </span>
    </p>
   </div>
   <div class='ocr_carea' id='block_1_48' title="bbox 345 2994 1928 3082">
    <p class='ocr_par' dir='ltr' id='par_1_48' title="bbox 345 2994 1928 3082">
     <span class='ocr_line' id='line_1_48' title="bbox 345 2994 1928 3082; baseline 0.013 -34"><span class='ocrx_word' id='word_1_325' title='bbox 345 2994 528 3050; x_wconf 78' lang='grc' dir='ltr'>πολλοὶ</span> <span class='ocrx_word' id='word_1_326' title='bbox 549 2995 609 3051; x_wconf 75' lang='grc' dir='ltr'>δὲ</span> <span class='ocrx_word' id='word_1_327' title='bbox 671 3000 768 3054; x_wconf 73' lang='grc' dir='ltr'><strong>καὶ</strong></span> <span class='ocrx_word' id='word_1_328' title='bbox 812 3000 994 3057; x_wconf 74' lang='grc' dir='ltr'>οἴκαδε</span> <span class='ocrx_word' id='word_1_329' title='bbox 1041 3003 1421 3078; x_wconf 77' lang='grc' dir='ltr'>ἀνεχώρησαν.</span> <span class='ocrx_word' id='word_1_330' title='bbox 1460 3011 1613 3080; x_wconf 86' lang='grc' dir='ltr'>Ἔχει</span> <span class='ocrx_word' id='word_1_331' title='bbox 1663 3011 1719 3067; x_wconf 81' lang='grc' dir='ltr'>δὲ</span> <span class='ocrx_word' id='word_1_332' title='bbox 1771 3013 1928 3082; x_wconf 78' lang='grc' dir='ltr'>λόγος</span> 
     </span>
    </p>
   </div>
   <div class='ocr_carea' id='block_1_49' title="bbox 2034 1907 3608 1977">
    <p class='ocr_par' dir='ltr' id='par_1_49' title="bbox 2034 1907 3608 1977">
     <span class='ocr_line' id='line_1_49' title="bbox 2034 1907 3608 1977; baseline -0.001 -16"><span class='ocrx_word' id='word_1_333' title='bbox 2034 1917 2198 1976; x_wconf 86' lang='lat' dir='ltr'><strong>atque</strong></span> <span class='ocrx_word' id='word_1_334' title='bbox 2250 1908 2374 1962; x_wconf 90' lang='lat' dir='ltr'><strong>aliis</strong></span> <span class='ocrx_word' id='word_1_335' title='bbox 2397 1908 2707 1962; x_wconf 87' lang='lat' dir='ltr'><strong>tramitibus</strong></span> <span class='ocrx_word' id='word_1_336' title='bbox 2763 1907 3028 1977; x_wconf 78' lang='lat' dir='ltr'><strong>quaesitis,</strong></span> <span class='ocrx_word' id='word_1_337' title='bbox 3081 1921 3304 1976; x_wconf 79' lang='lat' dir='ltr'><strong>magnas</strong></span> <span class='ocrx_word' id='word_1_338' title='bbox 3336 1913 3608 1960; x_wconf 69' lang='lat' dir='ltr'><strong>aerumnas</strong></span> 
     </span>
    </p>
   </div>
   <div class='ocr_carea' id='block_1_50' title="bbox 2036 1996 3609 2067">
    <p class='ocr_par' dir='ltr' id='par_1_50' title="bbox 2036 1996 3609 2067">
     <span class='ocr_line' id='line_1_50' title="bbox 2036 1996 3609 2067; baseline -0.003 -15"><span class='ocrx_word' id='word_1_339' title='bbox 2036 1999 2309 2053; x_wconf 80' lang='lat' dir='ltr'><strong>toleravit.</strong></span> <span class='ocrx_word' id='word_1_340' title='bbox 2361 1999 2497 2053; x_wconf 89' lang='lat' dir='ltr'><strong>Nam</strong></span> <span class='ocrx_word' id='word_1_341' title='bbox 2545 2007 2602 2055; x_wconf 89' lang='lat' dir='ltr'><strong>et</strong></span> <span class='ocrx_word' id='word_1_342' title='bbox 2635 2009 2849 2058; x_wconf 85' lang='lat' dir='ltr'><strong>montes</strong></span> <span class='ocrx_word' id='word_1_343' title='bbox 2879 1998 3172 2052; x_wconf 87' lang='lat' dir='ltr'><strong>admodum</strong></span> <span class='ocrx_word' id='word_1_344' title='bbox 3209 1996 3495 2067; x_wconf 58' lang='lat' dir='ltr'><strong>praerupti,</strong></span> <span class='ocrx_word' id='word_1_345' title='bbox 3552 2002 3609 2050; x_wconf 87' lang='lat' dir='ltr'><strong>et</strong></span> 
     </span>
    </p>
   </div>
   <div class='ocr_carea' id='block_1_51' title="bbox 2032 2089 3610 2158">
    <p class='ocr_par' dir='ltr' id='par_1_51' title="bbox 2032 2089 3610 2158">
     <span class='ocr_line' id='line_1_51' title="bbox 2032 2089 3610 2158; baseline -0.001 -15"><span class='ocrx_word' id='word_1_346' title='bbox 2032 2091 2206 2144; x_wconf 80' lang='lat' dir='ltr'><strong>valles</strong></span> <span class='ocrx_word' id='word_1_347' title='bbox 2238 2090 2367 2144; x_wconf 85' lang='lat' dir='ltr'><strong>ﬂatu</strong></span> <span class='ocrx_word' id='word_1_348' title='bbox 2404 2099 2694 2145; x_wconf 86' lang='lat' dir='ltr'><strong>ventorum</strong></span> <span class='ocrx_word' id='word_1_349' title='bbox 2730 2090 3015 2158; x_wconf 82' lang='lat' dir='ltr'><strong>profundis</strong></span> <span class='ocrx_word' id='word_1_350' title='bbox 3041 2090 3264 2144; x_wconf 84' lang='lat' dir='ltr'><strong>nivibus</strong></span> <span class='ocrx_word' id='word_1_351' title='bbox 3283 2089 3530 2156; x_wconf 68' lang='lat' dir='ltr'><strong>expletat,</strong></span> <span class='ocrx_word' id='word_1_352' title='bbox 3551 2097 3610 2144; x_wconf 84' lang='lat' dir='ltr'><strong>et</strong></span> 
     </span>
    </p>
   </div>
   <div class='ocr_carea' id='block_1_52' title="bbox 2033 2176 3610 2251">
    <p class='ocr_par' dir='ltr' id='par_1_52' title="bbox 2033 2176 3610 2251">
     <span class='ocr_line' id='line_1_52' title="bbox 2033 2176 3610 2251; baseline -0.001 -18"><span class='ocrx_word' id='word_1_353' title='bbox 2033 2179 2235 2251; x_wconf 77' lang='lat' dir='ltr'><strong>glacies</strong></span> <span class='ocrx_word' id='word_1_354' title='bbox 2281 2180 2613 2235; x_wconf 87' lang='lat' dir='ltr'><strong>densissima</strong></span> <span class='ocrx_word' id='word_1_355' title='bbox 2654 2180 2820 2251; x_wconf 64' lang='grc'><strong>410</strong></span> <span class='ocrx_word' id='word_1_356' title='bbox 2846 2180 3086 2250; x_wconf 81' lang='lat' dir='ltr'><strong>graviter</strong></span> <span class='ocrx_word' id='word_1_357' title='bbox 3141 2179 3444 2234; x_wconf 81' lang='lat' dir='ltr'><strong>exercitum</strong></span> <span class='ocrx_word' id='word_1_358' title='bbox 3471 2176 3610 2232; x_wconf 73' lang='lat' dir='ltr'><strong>adli-</strong></span> 
     </span>
    </p>
   </div>
   <div class='ocr_carea' id='block_1_53' title="bbox 2031 2270 3610 2341">
    <p class='ocr_par' dir='ltr' id='par_1_53' title="bbox 2031 2270 3610 2341">
     <span class='ocr_line' id='line_1_53' title="bbox 2031 2270 3610 2341; baseline 0.001 -17"><span class='ocrx_word' id='word_1_359' title='bbox 2031 2281 2232 2325; x_wconf 78' lang='lat' dir='ltr'><strong>xernnt</strong></span> <span class='ocrx_word' id='word_1_360' title='bbox 2270 2289 2284 2324; x_wconf 91' lang='lat'><strong>:</strong></span> <span class='ocrx_word' id='word_1_361' title='bbox 2318 2271 2586 2341; x_wconf 89' lang='lat' dir='ltr'><strong>multique</strong></span> <span class='ocrx_word' id='word_1_362' title='bbox 2641 2272 2847 2325; x_wconf 87' lang='lat' dir='ltr'><strong>milites</strong></span> <span class='ocrx_word' id='word_1_363' title='bbox 2901 2272 2991 2326; x_wconf 86' lang='lat' dir='ltr'><strong>vel</strong></span> <span class='ocrx_word' id='word_1_364' title='bbox 3047 2270 3249 2335; x_wconf 83' lang='lat' dir='ltr'><strong>hicne,</strong></span> <span class='ocrx_word' id='word_1_365' title='bbox 3284 2271 3368 2324; x_wconf 86' lang='lat' dir='ltr'><strong>vel</strong></span> <span class='ocrx_word' id='word_1_366' title='bbox 3425 2270 3610 2325; x_wconf 86' lang='lat' dir='ltr'><strong>inedia</strong></span> 
     </span>
    </p>
   </div>
   <div class='ocr_carea' id='block_1_54' title="bbox 2032 2361 3608 2430">
    <p class='ocr_par' dir='ltr' id='par_1_54' title="bbox 2032 2361 3608 2430">
     <span class='ocr_line' id='line_1_54' title="bbox 2032 2361 3608 2430; baseline -0.003 -12"><span class='ocrx_word' id='word_1_367' title='bbox 2032 2363 2319 2430; x_wconf 86' lang='lat' dir='ltr'><strong>perierunt</strong></span> <span class='ocrx_word' id='word_1_368' title='bbox 2349 2381 2360 2416; x_wconf 93' lang='lat'>:</span> <span class='ocrx_word' id='word_1_369' title='bbox 2389 2363 2548 2418; x_wconf 86' lang='lat' dir='ltr'><strong>multi</strong></span> <span class='ocrx_word' id='word_1_370' title='bbox 2581 2363 2748 2418; x_wconf 86' lang='lat' dir='ltr'><strong>etiam</strong></span> <span class='ocrx_word' id='word_1_371' title='bbox 2783 2363 3006 2418; x_wconf 90' lang='lat' dir='ltr'><strong>domum</strong></span> <span class='ocrx_word' id='word_1_372' title='bbox 3063 2361 3368 2417; x_wconf 88' lang='lat' dir='ltr'><strong>redierunt.</strong></span> <span class='ocrx_word' id='word_1_373' title='bbox 3409 2361 3608 2416; x_wconf 87' lang='lat' dir='ltr'><strong>Fertur</strong></span> 
     </span>
    </p>
   </div>
   <div class='ocr_carea' id='block_1_55' title="bbox 2031 2451 3608 2524">
    <p class='ocr_par' dir='ltr' id='par_1_55' title="bbox 2031 2451 3608 2524">
     <span class='ocr_line' id='line_1_55' title="bbox 2031 2451 3608 2524; baseline -0.004 -15"><span class='ocrx_word' id='word_1_374' title='bbox 2031 2464 2086 2509; x_wconf 88' lang='lat' dir='ltr'><strong>et</strong></span> <span class='ocrx_word' id='word_1_375' title='bbox 2113 2455 2229 2524; x_wconf 88' lang='lat' dir='ltr'><strong>ipse</strong></span> <span class='ocrx_word' id='word_1_376' title='bbox 2281 2454 2517 2509; x_wconf 85' lang='lat' dir='ltr'><strong>Annibal</strong></span> <span class='ocrx_word' id='word_1_377' title='bbox 2558 2454 2758 2509; x_wconf 75' lang='lat' dir='ltr'><strong>reverti</strong></span> <span class='ocrx_word' id='word_1_378' title='bbox 2821 2454 3083 2518; x_wconf 85' lang='lat' dir='ltr'><strong>voluisse,</strong></span> <span class='ocrx_word' id='word_1_379' title='bbox 3134 2452 3240 2507; x_wconf 88' lang='lat' dir='ltr'><strong>nisi</strong></span> <span class='ocrx_word' id='word_1_380' title='bbox 3296 2451 3608 2507; x_wconf 81' lang='lat' dir='ltr'><strong>conlectum</strong></span> 
     </span>
    </p>
   </div>
   <div class='ocr_carea' id='block_1_56' title="bbox 2032 2543 3606 2618">
    <p class='ocr_par' dir='ltr' id='par_1_56' title="bbox 2032 2543 3606 2618">
     <span class='ocr_line' id='line_1_56' title="bbox 2032 2543 3606 2618; baseline -0.003 -17"><span class='ocrx_word' id='word_1_381' title='bbox 2032 2549 2140 2602; x_wconf 88' lang='lat' dir='ltr'><strong>iter</strong></span> <span class='ocrx_word' id='word_1_382' title='bbox 2178 2547 2398 2618; x_wconf 77' lang='lat' dir='ltr'><strong>longius</strong></span> <span class='ocrx_word' id='word_1_383' title='bbox 2422 2554 2478 2601; x_wconf 90' lang='lat' dir='ltr'><strong>et</strong></span> <span class='ocrx_word' id='word_1_384' title='bbox 2503 2547 2781 2601; x_wconf 79' lang='lat' dir='ltr'><strong>diliicilius</strong></span> <span class='ocrx_word' id='word_1_385' title='bbox 2805 2546 2996 2600; x_wconf 77' lang='lat' dir='ltr'><strong>fuisset</strong></span> <span class='ocrx_word' id='word_1_386' title='bbox 3034 2561 3102 2600; x_wconf 85' lang='lat' dir='ltr'><strong>eo</strong></span> <span class='ocrx_word' id='word_1_387' title='bbox 3151 2544 3297 2615; x_wconf 88' lang='lat' dir='ltr'><strong>quod</strong></span> <span class='ocrx_word' id='word_1_388' title='bbox 3345 2543 3606 2598; x_wconf 85' lang='lat' dir='ltr'><strong>restabat.</strong></span> 
     </span>
    </p>
   </div>
   <div class='ocr_carea' id='block_1_57' title="bbox 2032 2636 3608 2711">
    <p class='ocr_par' dir='ltr' id='par_1_57' title="bbox 2032 2636 3608 2711">
     <span class='ocr_line' id='line_1_57' title="bbox 2032 2636 3608 2711; baseline -0.004 -17"><span class='ocrx_word' id='word_1_389' title='bbox 2032 2641 2220 2710; x_wconf 85' lang='lat' dir='ltr'><strong>anue</strong></span> <span class='ocrx_word' id='word_1_390' title='bbox 2246 2640 2312 2694; x_wconf 83' lang='lat' dir='ltr'><strong>de</strong></span> <span class='ocrx_word' id='word_1_391' title='bbox 2348 2655 2514 2694; x_wconf 84' lang='lat' dir='ltr'><strong>causa</strong></span> <span class='ocrx_word' id='word_1_392' title='bbox 2553 2640 2748 2708; x_wconf 77' lang='lat' dir='ltr'><strong>cteptis</strong></span> <span class='ocrx_word' id='word_1_393' title='bbox 2777 2655 2886 2711; x_wconf 85' lang='lat' dir='ltr'><strong>non</strong></span> <span class='ocrx_word' id='word_1_394' title='bbox 2917 2638 3128 2693; x_wconf 83' lang='lat' dir='ltr'><strong>destitit</strong></span> <span class='ocrx_word' id='word_1_395' title='bbox 3164 2655 3180 2692; x_wconf 88' lang='lat'><strong>:</strong></span> <span class='ocrx_word' id='word_1_396' title='bbox 3205 2653 3269 2691; x_wconf 89' lang='lat' dir='ltr'><strong>ac</strong></span> <span class='ocrx_word' id='word_1_397' title='bbox 3298 2636 3482 2691; x_wconf 85' lang='lat' dir='ltr'><strong>subito</strong></span> <span class='ocrx_word' id='word_1_398' title='bbox 3511 2649 3608 2689; x_wconf 82' lang='lat' dir='ltr'><strong>ex-</strong></span> 
     </span>
    </p>
   </div>
   <div class='ocr_carea' id='block_1_58' title="bbox 2031 2729 3610 2802">
    <p class='ocr_par' dir='ltr' id='par_1_58' title="bbox 2031 2729 3610 2802">
     <span class='ocr_line' id='line_1_58' title="bbox 2031 2729 3610 2802; baseline -0.003 -16"><span class='ocrx_word' id='word_1_399' title='bbox 2031 2739 2112 2786; x_wconf 89' lang='lat' dir='ltr'><strong>tra</strong></span> <span class='ocrx_word' id='word_1_400' title='bbox 2135 2732 2299 2802; x_wconf 84' lang='lat' dir='ltr'><strong>Alpes</strong></span> <span class='ocrx_word' id='word_1_401' title='bbox 2327 2741 2677 2802; x_wconf 87' lang='lat' dir='ltr'><strong>conspectus,</strong></span> <span class='ocrx_word' id='word_1_402' title='bbox 2733 2731 3157 2785; x_wconf 84' lang='lat' dir='ltr'><strong>admirationem</strong></span> <span class='ocrx_word' id='word_1_403' title='bbox 3207 2729 3371 2784; x_wconf 87' lang='lat' dir='ltr'><strong>simul</strong></span> <span class='ocrx_word' id='word_1_404' title='bbox 3410 2737 3468 2783; x_wconf 90' lang='lat' dir='ltr'><strong>et</strong></span> <span class='ocrx_word' id='word_1_405' title='bbox 3497 2736 3610 2781; x_wconf 88' lang='lat' dir='ltr'><strong>ter-</strong></span> 
     </span>
    </p>
   </div>
   <div class='ocr_carea' id='block_1_59' title="bbox 2030 2818 3607 2894">
    <p class='ocr_par' dir='ltr' id='par_1_59' title="bbox 2030 2818 3607 2894">
     <span class='ocr_line' id='line_1_59' title="bbox 2030 2818 3607 2894; baseline -0.005 -15"><span class='ocrx_word' id='word_1_406' title='bbox 2030 2839 2214 2879; x_wconf 84' lang='lat' dir='ltr'><strong>rorem</strong></span> <span class='ocrx_word' id='word_1_407' title='bbox 2262 2824 2526 2878; x_wconf 80' lang='lat' dir='ltr'><strong>Romanis</strong></span> <span class='ocrx_word' id='word_1_408' title='bbox 2571 2824 2781 2894; x_wconf 85' lang='lat' dir='ltr'><strong>injecit.</strong></span> <span class='ocrx_word' id='word_1_409' title='bbox 2832 2825 3084 2891; x_wconf 87' lang='lat' dir='ltr'><strong>interque</strong></span> <span class='ocrx_word' id='word_1_410' title='bbox 3142 2818 3607 2891; x_wconf 83' lang='lat' dir='ltr'><strong>progrediendum</strong></span> 
     </span>
    </p>
   </div>
   <div class='ocr_carea' id='block_1_60' title="bbox 2029 2915 3606 2987">
    <p class='ocr_par' dir='ltr' id='par_1_60' title="bbox 2029 2915 3606 2987">
     <span class='ocr_line' id='line_1_60' title="bbox 2029 2915 3606 2987; baseline -0.004 -15"><span class='ocrx_word' id='word_1_411' title='bbox 2029 2917 2190 2972; x_wconf 89' lang='lat' dir='ltr'><strong>obvia</strong></span> <span class='ocrx_word' id='word_1_412' title='bbox 2211 2932 2442 2987; x_wconf 73' lang='lat' dir='ltr'><strong>quaeque</strong></span> <span class='ocrx_word' id='word_1_413' title='bbox 2459 2917 2696 2987; x_wconf 84' lang='lat' dir='ltr'><strong>subegit.</strong></span> <span class='ocrx_word' id='word_1_414' title='bbox 2723 2917 2906 2987; x_wconf 90' lang='lat' dir='ltr'><strong>Scipio</strong></span> <span class='ocrx_word' id='word_1_415' title='bbox 2929 2917 3154 2971; x_wconf 82' lang='lat' dir='ltr'><strong>fratrem</strong></span> <span class='ocrx_word' id='word_1_416' title='bbox 3180 2916 3239 2971; x_wconf 89' lang='lat' dir='ltr'><strong>C.</strong></span> <span class='ocrx_word' id='word_1_417' title='bbox 3269 2915 3606 2985; x_wconf 84' lang='lat' dir='ltr'><strong>Scipionem,</strong></span> 
     </span>
    </p>
   </div>
   <div class='ocr_carea' id='block_1_61' title="bbox 2030 3007 3610 3079">
    <p class='ocr_par' dir='ltr' id='par_1_61' title="bbox 2030 3007 3610 3079">
     <span class='ocr_line' id='line_1_61' title="bbox 2030 3007 3610 3079; baseline -0.001 -16"><span class='ocrx_word' id='word_1_418' title='bbox 2030 3008 2269 3079; x_wconf 89' lang='lat' dir='ltr'><strong>legatum</strong></span> <span class='ocrx_word' id='word_1_419' title='bbox 2303 3023 2486 3074; x_wconf 83' lang='lat' dir='ltr'><strong>suum,</strong></span> <span class='ocrx_word' id='word_1_420' title='bbox 2521 3009 2575 3062; x_wconf 92' lang='lat' dir='ltr'><strong>in</strong></span> <span class='ocrx_word' id='word_1_421' title='bbox 2605 3007 2918 3077; x_wconf 85' lang='lat' dir='ltr'><strong>Hispaniam</strong></span> <span class='ocrx_word' id='word_1_422' title='bbox 2950 3009 3120 3066; x_wconf 84' lang='lat' dir='ltr'><strong>misit.</strong></span> <span class='ocrx_word' id='word_1_423' title='bbox 3155 3016 3222 3079; x_wconf 81' lang='lat' dir='ltr'><strong>ut</strong></span> <span class='ocrx_word' id='word_1_424' title='bbox 3242 3015 3338 3062; x_wconf 88' lang='lat' dir='ltr'><strong>aut</strong></span> <span class='ocrx_word' id='word_1_425' title='bbox 3363 3022 3483 3060; x_wconf 89' lang='lat' dir='ltr'><strong>eam</strong></span> <span class='ocrx_word' id='word_1_426' title='bbox 3515 3022 3610 3061; x_wconf 87' lang='lat' dir='ltr'><strong>oc—</strong></span> 
     </span>
    </p>
   </div>
   <div class='ocr_carea' id='block_1_62' title="bbox 336 3087 1927 3174">
    <p class='ocr_par' dir='ltr' id='par_1_62' title="bbox 336 3087 1924 3172">
     <span class='ocr_line' id='line_1_62' title="bbox 336 3087 1924 3172; baseline 0.014 -33"><span class='ocrx_word' id='word_1_427' title='bbox 336 3087 422 3140; x_wconf 85' lang='grc' dir='ltr'><strong>δτι</strong></span> <span class='ocrx_word' id='word_1_428' title='bbox 453 3089 546 3144; x_wconf 75' lang='grc' dir='ltr'>καὶ</span> <span class='ocrx_word' id='word_1_429' title='bbox 577 3089 741 3154; x_wconf 78' lang='grc' dir='ltr'>αὐτὸς</span> <span class='ocrx_word' id='word_1_430' title='bbox 764 3091 1105 3166; x_wconf 76' lang='grc' dir='ltr'>ἀνέστρεψεν</span> <span class='ocrx_word' id='word_1_431' title='bbox 1131 3097 1219 3162; x_wconf 83' lang='grc' dir='ltr'>ἂν,</span> <span class='ocrx_word' id='word_1_432' title='bbox 1245 3101 1294 3152; x_wconf 77' lang='grc' dir='ltr'><strong>εί</strong></span> <span class='ocrx_word' id='word_1_433' title='bbox 1334 3100 1412 3172; x_wconf 80' lang='grc' dir='ltr'>μὴ</span> <span class='ocrx_word' id='word_1_434' title='bbox 1443 3100 1645 3162; x_wconf 83' lang='grc' dir='ltr'>πλείων</span> <span class='ocrx_word' id='word_1_435' title='bbox 1669 3107 1763 3159; x_wconf 84' lang='grc' dir='ltr'>καὶ</span> <span class='ocrx_word' id='word_1_436' title='bbox 1789 3107 1924 3160; x_wconf 79' lang='grc' dir='ltr'>ἀπο-</span> 
     </span>
    </p>
   </div>
   <div class='ocr_carea' id='block_1_63' title="bbox 2031 3087 3607 3174">
    <p class='ocr_par' dir='ltr' id='par_1_63' title="bbox 2031 3101 3607 3171">
     <span class='ocr_line' id='line_1_63' title="bbox 2031 3101 3607 3171; baseline -0.001 -15"><span class='ocrx_word' id='word_1_437' title='bbox 2031 3108 2276 3171; x_wconf 88' lang='lat' dir='ltr'><strong>cuparet,</strong></span> <span class='ocrx_word' id='word_1_438' title='bbox 2305 3109 2400 3155; x_wconf 88' lang='lat' dir='ltr'><strong>aut</strong></span> <span class='ocrx_word' id='word_1_439' title='bbox 2447 3101 2770 3156; x_wconf 81' lang='lat' dir='ltr'><strong>Annibalem</strong></span> <span class='ocrx_word' id='word_1_440' title='bbox 2801 3116 2868 3156; x_wconf 90' lang='lat' dir='ltr'><strong>eo</strong></span> <span class='ocrx_word' id='word_1_441' title='bbox 2902 3102 3210 3156; x_wconf 85' lang='lat' dir='ltr'><strong>retraheret</strong></span> <span class='ocrx_word' id='word_1_442' title='bbox 3249 3120 3262 3154; x_wconf 90' lang='lat'><strong>:</strong></span> <span class='ocrx_word' id='word_1_443' title='bbox 3297 3102 3416 3171; x_wconf 88' lang='lat' dir='ltr'><strong>ipse</strong></span> <span class='ocrx_word' id='word_1_444' title='bbox 3470 3115 3607 3155; x_wconf 88' lang='lat' dir='ltr'><strong>con—</strong></span> 
     </span>
    </p>
   </div>
   <div class='ocr_carea' id='block_1_64' title="bbox 341 3180 1925 3269">
    <p class='ocr_par' dir='ltr' id='par_1_64' title="bbox 341 3180 1925 3269">
     <span class='ocr_line' id='line_1_64' title="bbox 341 3180 1925 3269; baseline 0.006 -35"><span class='ocrx_word' id='word_1_445' title='bbox 341 3180 557 3252; x_wconf 80' lang='grc' dir='ltr'>ρωτέρα</span> <span class='ocrx_word' id='word_1_446' title='bbox 585 3184 618 3253; x_wconf 77' lang='grc' dir='ltr'>ἡ</span> <span class='ocrx_word' id='word_1_447' title='bbox 650 3185 1090 3260; x_wconf 82' lang='grc' dir='ltr'>προδιηνυσμένη</span> <span class='ocrx_word' id='word_1_448' title='bbox 1119 3188 1240 3251; x_wconf 81' lang='grc' dir='ltr'>ὁδὸς</span> <span class='ocrx_word' id='word_1_449' title='bbox 1276 3191 1379 3262; x_wconf 85' lang='grc' dir='ltr'>τῆς</span> <span class='ocrx_word' id='word_1_450' title='bbox 1405 3192 1733 3268; x_wconf 78' lang='grc' dir='ltr'>λειπομένης</span> <span class='ocrx_word' id='word_1_451' title='bbox 1762 3197 1925 3269; x_wconf 77' lang='grc' dir='ltr'>ὲτύγ-</span> 
     </span>
    </p>
   </div>
   <div class='ocr_carea' id='block_1_65' title="bbox 341 3278 1925 3362">
    <p class='ocr_par' dir='ltr' id='par_1_65' title="bbox 341 3278 1925 3362">
     <span class='ocr_line' id='line_1_65' title="bbox 341 3278 1925 3362; baseline 0.012 -34"><span class='ocrx_word' id='word_1_452' title='bbox 341 3292 494 3344; x_wconf 79' lang='grc' dir='ltr'>χανε.</span> <span class='ocrx_word' id='word_1_453' title='bbox 535 3278 635 3331; x_wconf 77' lang='grc' dir='ltr'><strong>Διὰ</strong></span> <span class='ocrx_word' id='word_1_454' title='bbox 665 3278 766 3350; x_wconf 74' lang='grc' dir='ltr'>μὲν</span> <span class='ocrx_word' id='word_1_455' title='bbox 805 3279 869 3351; x_wconf 80' lang='grc' dir='ltr'>δὴ</span> <span class='ocrx_word' id='word_1_456' title='bbox 889 3279 1046 3335; x_wconf 89' lang='grc' dir='ltr'>τοῦτο</span> <span class='ocrx_word' id='word_1_457' title='bbox 1075 3283 1174 3337; x_wconf 83' lang='grc' dir='ltr'>οὐκ</span> <span class='ocrx_word' id='word_1_458' title='bbox 1215 3286 1568 3357; x_wconf 84' lang='grc' dir='ltr'>ἀπετράπετο</span> <span class='ocrx_word' id='word_1_459' title='bbox 1593 3305 1608 3319; x_wconf 79' lang='grc'>⁸</span> <span class='ocrx_word' id='word_1_460' title='bbox 1659 3291 1925 3362; x_wconf 76' lang='grc' dir='ltr'>ἐξαπίνης</span> 
     </span>
    </p>
   </div>
   <div class='ocr_carea' id='block_1_66' title="bbox 338 3367 1924 3450">
    <p class='ocr_par' dir='ltr' id='par_1_66' title="bbox 338 3367 1924 3450">
     <span class='ocr_line' id='line_1_66' title="bbox 338 3367 1924 3450; baseline 0.011 -29"><span class='ocrx_word' id='word_1_461' title='bbox 338 3367 395 3421; x_wconf 65' lang='grc' dir='ltr'>δὲ</span> <span class='ocrx_word' id='word_1_462' title='bbox 436 3367 597 3434; x_wconf 69' lang='grc' dir='ltr'>ἐκτὸς</span> <span class='ocrx_word' id='word_1_463' title='bbox 625 3369 738 3422; x_wconf 83' lang='grc' dir='ltr'><strong>τῶν</strong></span> <span class='ocrx_word' id='word_1_464' title='bbox 770 3371 1028 3426; x_wconf 71' lang='grc' dir='ltr'>Ἄλπεων</span> <span class='ocrx_word' id='word_1_465' title='bbox 1083 3376 1364 3444; x_wconf 73' lang='grc' dir='ltr'>ἐκφανεὶς,</span> <span class='ocrx_word' id='word_1_466' title='bbox 1417 3378 1604 3450; x_wconf 88' lang='grc' dir='ltr'>θαῦμα</span> <span class='ocrx_word' id='word_1_467' title='bbox 1658 3384 1754 3436; x_wconf 77' lang='grc' dir='ltr'>καὶ</span> <span class='ocrx_word' id='word_1_468' title='bbox 1803 3384 1924 3449; x_wconf 83' lang='grc' dir='ltr'>δέος</span> 
     </span>
    </p>
   </div>
   <div class='ocr_carea' id='block_1_67' title="bbox 338 3462 1922 3545">
    <p class='ocr_par' dir='ltr' id='par_1_67' title="bbox 338 3462 1922 3545">
     <span class='ocr_line' id='line_1_67' title="bbox 338 3462 1922 3545; baseline 0.009 -31"><span class='ocrx_word' id='word_1_469' title='bbox 338 3463 453 3525; x_wconf 82' lang='grc' dir='ltr'>τοῖς</span> <span class='ocrx_word' id='word_1_470' title='bbox 487 3462 785 3534; x_wconf 84' lang='grc' dir='ltr'>Ῥωμαίοις</span> <span class='ocrx_word' id='word_1_471' title='bbox 822 3465 1067 3520; x_wconf 72' lang='grc' dir='ltr'>ἐνέϐαλε.</span> <span class='ocrx_word' id='word_1_472' title='bbox 1105 3469 1217 3522; x_wconf 77' lang='grc' dir='ltr'>Καὶ</span> <span class='ocrx_word' id='word_1_473' title='bbox 1249 3469 1276 3522; x_wconf 92' lang='lat'><strong>6</strong></span> <span class='ocrx_word' id='word_1_474' title='bbox 1301 3470 1400 3539; x_wconf 88' lang='grc' dir='ltr'>μὲν</span> <span class='ocrx_word' id='word_1_475' title='bbox 1433 3471 1742 3545; x_wconf 83' lang='grc' dir='ltr'>προεχώρει</span> <span class='ocrx_word' id='word_1_476' title='bbox 1768 3476 1836 3529; x_wconf 80' lang='grc' dir='ltr'><strong>τὰ</strong></span> <span class='ocrx_word' id='word_1_477' title='bbox 1865 3478 1922 3529; x_wconf 72' lang='grc' dir='ltr'>ἐν</span> 
     </span>
    </p>
   </div>
   <div class='ocr_carea' id='block_1_68' title="bbox 339 3554 1924 3638">
    <p class='ocr_par' dir='ltr' id='par_1_68' title="bbox 339 3554 1924 3638">
     <span class='ocr_line' id='line_1_68' title="bbox 339 3554 1924 3638; baseline 0.01 -31"><span class='ocrx_word' id='word_1_478' title='bbox 339 3554 471 3608; x_wconf 77' lang='grc' dir='ltr'>ποσὶ</span> <span class='ocrx_word' id='word_1_479' title='bbox 508 3557 1000 3627; x_wconf 86' lang='grc' dir='ltr'>προσποιούμενος.</span> <span class='ocrx_word' id='word_1_480' title='bbox 1038 3561 1286 3616; x_wconf 83' lang='grc' dir='ltr'>Σκιπίων</span> <span class='ocrx_word' id='word_1_481' title='bbox 1335 3564 1392 3618; x_wconf 82' lang='grc' dir='ltr'>δὲ</span> <span class='ocrx_word' id='word_1_482' title='bbox 1429 3565 1522 3619; x_wconf 74' lang='grc' dir='ltr'>τὸν</span> <span class='ocrx_word' id='word_1_483' title='bbox 1552 3567 1653 3637; x_wconf 83' lang='grc' dir='ltr'>μὲν</span> <span class='ocrx_word' id='word_1_484' title='bbox 1693 3569 1924 3638; x_wconf 70' lang='grc' dir='ltr'>ἀδελφὸν</span> 
     </span>
    </p>
   </div>
   <div class='ocr_carea' id='block_1_69' title="bbox 340 3648 1924 3731">
    <p class='ocr_par' dir='ltr' id='par_1_69' title="bbox 340 3648 1924 3731">
     <span class='ocr_line' id='line_1_69' title="bbox 340 3648 1924 3731; baseline 0.008 -29"><span class='ocrx_word' id='word_1_485' title='bbox 340 3648 503 3730; x_wconf 70' lang='grc' dir='ltr'>Γάϊον</span> <span class='ocrx_word' id='word_1_486' title='bbox 552 3649 834 3706; x_wconf 76' lang='grc' dir='ltr'>Σκιπίωνα</span> <span class='ocrx_word' id='word_1_487' title='bbox 890 3651 1419 3726; x_wconf 79' lang='grc' dir='ltr'>ὑποστρατηγοῦντα</span> <span class='ocrx_word' id='word_1_488' title='bbox 1494 3659 1644 3730; x_wconf 79' lang='grc' dir='ltr'>αὐτῷ</span> <span class='ocrx_word' id='word_1_489' title='bbox 1701 3662 1782 3720; x_wconf 75' lang='grc' dir='ltr'><strong>εἰς</strong></span> <span class='ocrx_word' id='word_1_490' title='bbox 1824 3660 1924 3731; x_wconf 84' lang='grc' dir='ltr'>τὴν</span> 
     </span>
    </p>
   </div>
   <div class='ocr_carea' id='block_1_70' title="bbox 352 3737 1923 3824">
    <p class='ocr_par' dir='ltr' id='par_1_70' title="bbox 352 3737 1923 3824">
     <span class='ocr_line' id='line_1_70' title="bbox 352 3737 1923 3824; baseline 0.008 -29"><span class='ocrx_word' id='word_1_491' title='bbox 352 3737 593 3812; x_wconf 84' lang='grc' dir='ltr'>Ἰϐηρίαν</span> <span class='ocrx_word' id='word_1_492' title='bbox 617 3741 889 3815; x_wconf 73' lang='grc' dir='ltr'>επεμψεν,</span> <span class='ocrx_word' id='word_1_493' title='bbox 925 3746 1002 3811; x_wconf 84' lang='grc' dir='ltr'><strong>ὡς</strong></span> <span class='ocrx_word' id='word_1_494' title='bbox 1041 3748 1497 3820; x_wconf 72' lang='grc' dir='ltr'>καταληψόμενον</span> <span class='ocrx_word' id='word_1_495' title='bbox 1557 3751 1728 3823; x_wconf 80' lang='grc' dir='ltr'>αὐτὴν</span> <span class='ocrx_word' id='word_1_496' title='bbox 1763 3753 1794 3824; x_wconf 82' lang='grc' dir='ltr'>ἢ</span> <span class='ocrx_word' id='word_1_497' title='bbox 1829 3753 1923 3806; x_wconf 66' lang='grc' dir='ltr'>τὶν</span> 
     </span>
    </p>
   </div>
   <div class='ocr_carea' id='block_1_71' title="bbox 351 3833 1924 3904">
    <p class='ocr_par' dir='ltr' id='par_1_71' title="bbox 351 3833 1924 3904">
     <span class='ocr_line' id='line_1_71' title="bbox 351 3833 1924 3904; baseline 0.006 -17"><span class='ocrx_word' id='word_1_498' title='bbox 351 3833 603 3888; x_wconf 82' lang='grc' dir='ltr'>’Δννίϐαν</span> <span class='ocrx_word' id='word_1_499' title='bbox 633 3837 998 3904; x_wconf 76' lang='grc' dir='ltr'>ἐπανάξοντα.</span> <span class='ocrx_word' id='word_1_500' title='bbox 1051 3840 1226 3904; x_wconf 75' lang='grc' dir='ltr'>Αύτδς</span> <span class='ocrx_word' id='word_1_501' title='bbox 1272 3840 1320 3895; x_wconf 84' lang='grc' dir='ltr'>δ’</span> <span class='ocrx_word' id='word_1_502' title='bbox 1377 3841 1469 3895; x_wconf 79' lang='grc' dir='ltr'>ἐπὶ</span> <span class='ocrx_word' id='word_1_503' title='bbox 1515 3842 1609 3897; x_wconf 84' lang='grc' dir='ltr'>τὸν</span> <span class='ocrx_word' id='word_1_504' title='bbox 1673 3842 1924 3899; x_wconf 84' lang='grc' dir='ltr'>Ἀννίϐαν</span> 
     </span>
    </p>
   </div>
   <div class='ocr_carea' id='block_1_72' title="bbox 338 3925 1923 4005">
    <p class='ocr_par' dir='ltr' id='par_1_72' title="bbox 338 3925 1923 4005">
     <span class='ocr_line' id='line_1_72' title="bbox 338 3925 1923 4005; baseline 0.006 -25"><span class='ocrx_word' id='word_1_505' title='bbox 338 3925 524 3997; x_wconf 68' lang='grc' dir='ltr'>ῆλασε,</span> <span class='ocrx_word' id='word_1_506' title='bbox 561 3931 655 3982; x_wconf 79' lang='grc' dir='ltr'>καὶ</span> <span class='ocrx_word' id='word_1_507' title='bbox 687 3930 900 4001; x_wconf 84' lang='grc' dir='ltr'>ἡμέρας</span> <span class='ocrx_word' id='word_1_508' title='bbox 932 3931 1032 4002; x_wconf 84' lang='grc' dir='ltr'><strong>μέν</strong></span> <span class='ocrx_word' id='word_1_509' title='bbox 1055 3950 1209 3996; x_wconf 89' lang='grc' dir='ltr'>τινας</span> <span class='ocrx_word' id='word_1_510' title='bbox 1239 3933 1494 4005; x_wconf 79' lang='grc' dir='ltr'>ἐπέσχον,</span> <span class='ocrx_word' id='word_1_511' title='bbox 1530 3934 1724 3988; x_wconf 71' lang='grc' dir='ltr'>ἔπειτα</span> <span class='ocrx_word' id='word_1_512' title='bbox 1755 3935 1923 4005; x_wconf 77' lang='grc' dir='ltr'>ἄμφω</span> 
     </span>
    </p>
   </div>
   <div class='ocr_carea' id='block_1_73' title="bbox 339 4017 1922 4098">
    <p class='ocr_par' dir='ltr' id='par_1_73' title="bbox 339 4017 1922 4098">
     <span class='ocr_line' id='line_1_73' title="bbox 339 4017 1922 4098; baseline 0.006 -28"><span class='ocrx_word' id='word_1_513' title='bbox 339 4017 473 4088; x_wconf 72' lang='grc' dir='ltr'>πρὸς</span> <span class='ocrx_word' id='word_1_514' title='bbox 500 4018 598 4088; x_wconf 82' lang='grc' dir='ltr'>τὴν</span> <span class='ocrx_word' id='word_1_515' title='bbox 623 4019 803 4092; x_wconf 87' lang='grc' dir='ltr'>μάχην</span> <span class='ocrx_word' id='word_1_516' title='bbox 827 4021 1119 4096; x_wconf 81' lang='grc' dir='ltr'>ὥρμησαν.</span> <span class='ocrx_word' id='word_1_517' title='bbox 1140 4025 1276 4095; x_wconf 77' lang='grc' dir='ltr'>Πρὶν</span> <span class='ocrx_word' id='word_1_518' title='bbox 1297 4025 1354 4079; x_wconf 83' lang='grc' dir='ltr'>δὲ</span> <span class='ocrx_word' id='word_1_519' title='bbox 1377 4025 1442 4096; x_wconf 84' lang='grc' dir='ltr'>δὴ</span> <span class='ocrx_word' id='word_1_520' title='bbox 1470 4024 1634 4097; x_wconf 75' lang='grc' dir='ltr'>ἔργου</span> <span class='ocrx_word' id='word_1_521' title='bbox 1668 4026 1922 4098; x_wconf 75' lang='grc' dir='ltr'>ἔχεσθαι,</span> 
     </span>
    </p>
   </div>
   <div class='ocr_carea' id='block_1_74' title="bbox 339 4113 1924 4190">
    <p class='ocr_par' dir='ltr' id='par_1_74' title="bbox 339 4113 1924 4190">
     <span class='ocr_line' id='line_1_74' title="bbox 339 4113 1924 4190; baseline 0.006 -26"><span class='ocrx_word' id='word_1_522' title='bbox 339 4113 681 4182; x_wconf 78' lang='grc' dir='ltr'>συγκαλέσας</span> <span class='ocrx_word' id='word_1_523' title='bbox 707 4115 736 4168; x_wconf 89' lang='lat'><strong>6</strong></span> <span class='ocrx_word' id='word_1_524' title='bbox 777 4116 1030 4180; x_wconf 83' lang='grc' dir='ltr'>Ἀννίϐας</span> <span class='ocrx_word' id='word_1_525' title='bbox 1073 4114 1201 4181; x_wconf 78' lang='grc' dir='ltr'>τοὺς</span> <span class='ocrx_word' id='word_1_526' title='bbox 1230 4117 1594 4187; x_wconf 81' lang='grc' dir='ltr'>στρατιώτας,</span> <span class='ocrx_word' id='word_1_527' title='bbox 1627 4120 1924 4190; x_wconf 82' lang='grc' dir='ltr'>παρήγαγε</span> 
     </span>
    </p>
   </div>
   <div class='ocr_carea' id='block_1_75' title="bbox 337 4208 1925 4283">
    <p class='ocr_par' dir='ltr' id='par_1_75' title="bbox 337 4208 1925 4283">
     <span class='ocr_line' id='line_1_75' title="bbox 337 4208 1925 4283; baseline 0.004 -23"><span class='ocrx_word' id='word_1_528' title='bbox 337 4209 461 4272; x_wconf 77' lang='grc' dir='ltr'>τοὺς</span> <span class='ocrx_word' id='word_1_529' title='bbox 489 4209 899 4280; x_wconf 79' lang='grc' dir='ltr'>αἰχμαλώτους,</span> <span class='ocrx_word' id='word_1_530' title='bbox 943 4208 1037 4274; x_wconf 86' lang='grc' dir='ltr'>οὓς</span> <span class='ocrx_word' id='word_1_531' title='bbox 1077 4209 1224 4265; x_wconf 80' lang='grc' dir='ltr'>κατὰ</span> <span class='ocrx_word' id='word_1_532' title='bbox 1258 4211 1358 4282; x_wconf 83' lang='grc' dir='ltr'>τὴν</span> <span class='ocrx_word' id='word_1_533' title='bbox 1393 4211 1510 4265; x_wconf 80' lang='grc' dir='ltr'>ὁδὸν</span> <span class='ocrx_word' id='word_1_534' title='bbox 1561 4211 1799 4283; x_wconf 76' lang='grc' dir='ltr'>εἰλήφει,</span> <span class='ocrx_word' id='word_1_535' title='bbox 1831 4213 1925 4267; x_wconf 80' lang='grc' dir='ltr'>καὶ</span> 
     </span>
    </p>
   </div>
   <div class='ocr_carea' id='block_1_76' title="bbox 338 4295 1922 4374">
    <p class='ocr_par' dir='ltr' id='par_1_76' title="bbox 338 4295 1922 4374">
     <span class='ocr_line' id='line_1_76' title="bbox 338 4295 1922 4374; baseline 0.003 -21"><span class='ocrx_word' id='word_1_536' title='bbox 338 4295 500 4372; x_wconf 69' lang='grc' dir='ltr'>ἤρετο</span> <span class='ocrx_word' id='word_1_537' title='bbox 530 4301 729 4366; x_wconf 80' lang='grc' dir='ltr'>αὐτοὺς</span> <span class='ocrx_word' id='word_1_538' title='bbox 762 4303 998 4374; x_wconf 79' lang='grc' dir='ltr'>πότερον</span> <span class='ocrx_word' id='word_1_539' title='bbox 1019 4301 1268 4356; x_wconf 78' lang='grc' dir='ltr'>δεδέσθαι</span> <span class='ocrx_word' id='word_1_540' title='bbox 1294 4305 1389 4356; x_wconf 76' lang='grc' dir='ltr'>καὶ</span> <span class='ocrx_word' id='word_1_541' title='bbox 1416 4302 1693 4358; x_wconf 82' lang='grc' dir='ltr'>δουλεύειν</span> <span class='ocrx_word' id='word_1_542' title='bbox 1735 4304 1922 4370; x_wconf 85' lang='grc' dir='ltr'>κακῶς</span> 
     </span>
    </p>
   </div>
   <div class='ocr_carea' id='block_1_77' title="bbox 2027 3191 3607 3263">
    <p class='ocr_par' dir='ltr' id='par_1_77' title="bbox 2027 3191 3607 3263">
     <span class='ocr_line' id='line_1_77' title="bbox 2027 3191 3607 3263; baseline -0.001 -18"><span class='ocrx_word' id='word_1_543' title='bbox 2027 3200 2107 3246; x_wconf 90' lang='lat' dir='ltr'><strong>tra</strong></span> <span class='ocrx_word' id='word_1_544' title='bbox 2135 3192 2462 3246; x_wconf 78' lang='lat' dir='ltr'><strong>Annibalem</strong></span> <span class='ocrx_word' id='word_1_545' title='bbox 2485 3201 2566 3247; x_wconf 89' lang='lat' dir='ltr'><strong>est</strong></span> <span class='ocrx_word' id='word_1_546' title='bbox 2600 3192 2902 3263; x_wconf 82' lang='lat' dir='ltr'><strong>profectus.</strong></span> <span class='ocrx_word' id='word_1_547' title='bbox 2939 3193 3017 3248; x_wconf 82' lang='lat' dir='ltr'><strong>Ac</strong></span> <span class='ocrx_word' id='word_1_548' title='bbox 3065 3192 3186 3248; x_wconf 84' lang='lat' dir='ltr'><strong>dies</strong></span> <span class='ocrx_word' id='word_1_549' title='bbox 3237 3191 3460 3262; x_wconf 86' lang='lat' dir='ltr'><strong>quidem</strong></span> <span class='ocrx_word' id='word_1_550' title='bbox 3505 3191 3607 3244; x_wconf 81' lang='lat' dir='ltr'><strong>ali-</strong></span> 
     </span>
    </p>
   </div>
   <div class='ocr_carea' id='block_1_78' title="bbox 2025 3285 3605 3357">
    <p class='ocr_par' dir='ltr' id='par_1_78' title="bbox 2025 3285 3605 3357">
     <span class='ocr_line' id='line_1_78' title="bbox 2025 3285 3605 3357; baseline -0.001 -18"><span class='ocrx_word' id='word_1_551' title='bbox 2025 3297 2161 3356; x_wconf 88' lang='lat' dir='ltr'><strong>quot</strong></span> <span class='ocrx_word' id='word_1_552' title='bbox 2217 3286 2569 3357; x_wconf 82' lang='lat' dir='ltr'><strong>quieverunt,</strong></span> <span class='ocrx_word' id='word_1_553' title='bbox 2631 3285 2830 3342; x_wconf 88' lang='lat' dir='ltr'><strong>deinde</strong></span> <span class='ocrx_word' id='word_1_554' title='bbox 2885 3296 3068 3341; x_wconf 89' lang='lat' dir='ltr'><strong>autem</strong></span> <span class='ocrx_word' id='word_1_555' title='bbox 3117 3285 3279 3340; x_wconf 89' lang='lat' dir='ltr'><strong>ambo</strong></span> <span class='ocrx_word' id='word_1_556' title='bbox 3327 3298 3522 3354; x_wconf 65' lang='lat' dir='ltr'><strong>pugnae</strong></span> <span class='ocrx_word' id='word_1_557' title='bbox 3546 3295 3605 3337; x_wconf 83' lang='lat' dir='ltr'><strong>se</strong></span> 
     </span>
    </p>
   </div>
   <div class='ocr_carea' id='block_1_79' title="bbox 2023 3377 3604 3450">
    <p class='ocr_par' dir='ltr' id='par_1_79' title="bbox 2023 3377 3604 3450">
     <span class='ocr_line' id='line_1_79' title="bbox 2023 3377 3604 3450; baseline -0.004 -17"><span class='ocrx_word' id='word_1_558' title='bbox 2023 3389 2309 3450; x_wconf 86' lang='lat' dir='ltr'><strong>pararunt.</strong></span> <span class='ocrx_word' id='word_1_559' title='bbox 2374 3379 2482 3434; x_wconf 85' lang='lat' dir='ltr'><strong>Sed</strong></span> <span class='ocrx_word' id='word_1_560' title='bbox 2535 3379 2855 3450; x_wconf 88' lang='lat' dir='ltr'><strong>priusquam</strong></span> <span class='ocrx_word' id='word_1_561' title='bbox 2932 3381 2999 3433; x_wconf 91' lang='lat' dir='ltr'><strong>ad</strong></span> <span class='ocrx_word' id='word_1_562' title='bbox 3049 3393 3244 3432; x_wconf 89' lang='lat' dir='ltr'><strong>manus</strong></span> <span class='ocrx_word' id='word_1_563' title='bbox 3299 3377 3604 3435; x_wconf 85' lang='lat' dir='ltr'><strong>veniretur.</strong></span> 
     </span>
    </p>
   </div>
   <div class='ocr_carea' id='block_1_80' title="bbox 2023 3468 3614 3535">
    <p class='ocr_par' dir='ltr' id='par_1_80' title="bbox 2023 3468 3614 3535">
     <span class='ocr_line' id='line_1_80' title="bbox 2023 3468 3614 3535; baseline -0.004 -11"><span class='ocrx_word' id='word_1_564' title='bbox 2023 3469 2284 3535; x_wconf 86' lang='lat' dir='ltr'><strong>Annibal,</strong></span> <span class='ocrx_word' id='word_1_565' title='bbox 2322 3470 2604 3525; x_wconf 83' lang='lat' dir='ltr'><strong>militibus</strong></span> <span class='ocrx_word' id='word_1_566' title='bbox 2655 3470 2991 3534; x_wconf 79' lang='lat' dir='ltr'><strong>convocatis,</strong></span> <span class='ocrx_word' id='word_1_567' title='bbox 3051 3473 3106 3524; x_wconf 90' lang='lat' dir='ltr'><strong>in</strong></span> <span class='ocrx_word' id='word_1_568' title='bbox 3158 3468 3359 3522; x_wconf 79' lang='lat' dir='ltr'><strong>itinere</strong></span> <span class='ocrx_word' id='word_1_569' title='bbox 3416 3474 3614 3534; x_wconf 78' lang='lat' dir='ltr'><strong>captos</strong></span> 
     </span>
    </p>
   </div>
   <div class='ocr_carea' id='block_1_81' title="bbox 2028 3557 3603 3636">
    <p class='ocr_par' dir='ltr' id='par_1_81' title="bbox 2028 3557 3603 3636">
     <span class='ocr_line' id='line_1_81' title="bbox 2028 3557 3603 3636; baseline -0.006 -18"><span class='ocrx_word' id='word_1_570' title='bbox 2028 3567 2287 3636; x_wconf 84' lang='lat' dir='ltr'><strong>produxit</strong></span> <span class='ocrx_word' id='word_1_571' title='bbox 2320 3566 2374 3619; x_wconf 91' lang='lat' dir='ltr'><strong>in</strong></span> <span class='ocrx_word' id='word_1_572' title='bbox 2398 3563 2664 3630; x_wconf 90' lang='lat' dir='ltr'><strong>medium,</strong></span> <span class='ocrx_word' id='word_1_573' title='bbox 2724 3578 2924 3632; x_wconf 83' lang='lat' dir='ltr'><strong>rogans</strong></span> <span class='ocrx_word' id='word_1_574' title='bbox 2961 3572 3148 3616; x_wconf 87' lang='lat' dir='ltr'><strong>utrum</strong></span> <span class='ocrx_word' id='word_1_575' title='bbox 3206 3559 3373 3614; x_wconf 88' lang='lat' dir='ltr'><strong>vincti</strong></span> <span class='ocrx_word' id='word_1_576' title='bbox 3407 3557 3603 3611; x_wconf 82' lang='lat' dir='ltr'><strong>durant</strong></span> 
     </span>
    </p>
   </div>
   <div class='ocr_carea' id='block_1_82' title="bbox 2024 3647 3604 3724">
    <p class='ocr_par' dir='ltr' id='par_1_82' title="bbox 2024 3647 3604 3724">
     <span class='ocr_line' id='line_1_82' title="bbox 2024 3647 3604 3724; baseline -0.006 -16"><span class='ocrx_word' id='word_1_577' title='bbox 2024 3655 2235 3724; x_wconf 88' lang='lat' dir='ltr'><strong>perpeti</strong></span> <span class='ocrx_word' id='word_1_578' title='bbox 2265 3654 2590 3709; x_wconf 84' lang='lat' dir='ltr'><strong>servitutem</strong></span> <span class='ocrx_word' id='word_1_579' title='bbox 2627 3652 2877 3716; x_wconf 88' lang='lat' dir='ltr'><strong>mallent,</strong></span> <span class='ocrx_word' id='word_1_580' title='bbox 2911 3667 2980 3704; x_wconf 89' lang='lat' dir='ltr'><strong>an</strong></span> <span class='ocrx_word' id='word_1_581' title='bbox 3015 3651 3162 3704; x_wconf 76' lang='lat' dir='ltr'><strong>inter</strong></span> <span class='ocrx_word' id='word_1_582' title='bbox 3200 3663 3320 3704; x_wconf 89' lang='lat' dir='ltr'><strong>sese</strong></span> <span class='ocrx_word' id='word_1_583' title='bbox 3356 3647 3604 3717; x_wconf 85' lang='lat' dir='ltr'><strong>singula-</strong></span> 
     </span>
    </p>
   </div>
   <div class='ocr_carea' id='block_1_83' title="bbox 2025 3726 3603 3815">
    <p class='ocr_par' dir='ltr' id='par_1_83' title="bbox 2025 3726 3603 3815">
     <span class='ocr_line' id='line_1_83' title="bbox 2025 3726 3603 3815; baseline -0.006 -16"><span class='ocrx_word' id='word_1_584' title='bbox 2025 3746 2068 3799; x_wconf 89' lang='lat' dir='ltr'><strong>ri</strong></span> <span class='ocrx_word' id='word_1_585' title='bbox 2101 3726 2406 3801; x_wconf 60' lang='lat' dir='ltr'><strong>certamine</strong></span> <span class='ocrx_word' id='word_1_586' title='bbox 2461 3744 2746 3815; x_wconf 80' lang='lat' dir='ltr'><strong>congredi,</strong></span> <span class='ocrx_word' id='word_1_587' title='bbox 2781 3753 2844 3798; x_wconf 91' lang='lat' dir='ltr'><strong>ut</strong></span> <span class='ocrx_word' id='word_1_588' title='bbox 2883 3743 3122 3797; x_wconf 82' lang='lat' dir='ltr'><strong>victores</strong></span> <span class='ocrx_word' id='word_1_589' title='bbox 3182 3739 3354 3810; x_wconf 86' lang='lat' dir='ltr'><strong>gratis</strong></span> <span class='ocrx_word' id='word_1_590' title='bbox 3408 3753 3603 3791; x_wconf 72' lang='lat' dir='ltr'><strong>manu~</strong></span> 
     </span>
    </p>
   </div>
   <div class='ocr_carea' id='block_1_84' title="bbox 2026 3835 3610 3906">
    <p class='ocr_par' dir='ltr' id='par_1_84' title="bbox 2026 3835 3610 3906">
     <span class='ocr_line' id='line_1_84' title="bbox 2026 3835 3610 3906; baseline -0.007 -14"><span class='ocrx_word' id='word_1_591' title='bbox 2026 3839 2432 3892; x_wconf 86' lang='lat' dir='ltr'><strong>mitterentur?</strong></span> <span class='ocrx_word' id='word_1_592' title='bbox 2471 3837 2541 3894; x_wconf 88' lang='lat' dir='ltr'><strong>Ut</strong></span> <span class='ocrx_word' id='word_1_593' title='bbox 2571 3836 2849 3906; x_wconf 88' lang='lat' dir='ltr'><strong>posterius</strong></span> <span class='ocrx_word' id='word_1_594' title='bbox 2882 3835 3266 3906; x_wconf 77' lang='lat' dir='ltr'><strong>praetulerunt,</strong></span> <span class='ocrx_word' id='word_1_595' title='bbox 3317 3843 3415 3886; x_wconf 80' lang='lat' dir='ltr'><strong>eos</strong></span> <span class='ocrx_word' id='word_1_596' title='bbox 3457 3837 3610 3882; x_wconf 79' lang='lat' dir='ltr'><strong>mter</strong></span> 
     </span>
    </p>
   </div>
   <div class='ocr_carea' id='block_1_85' title="bbox 2025 3921 3602 4000">
    <p class='ocr_par' dir='ltr' id='par_1_85' title="bbox 2025 3921 3602 4000">
     <span class='ocr_line' id='line_1_85' title="bbox 2025 3921 3602 4000; baseline -0.008 -15"><span class='ocrx_word' id='word_1_597' title='bbox 2025 3945 2148 3986; x_wconf 70' lang='lat' dir='ltr'><strong>sese</strong></span> <span class='ocrx_word' id='word_1_598' title='bbox 2213 3930 2532 3986; x_wconf 77' lang='lat' dir='ltr'><strong>commisit:</strong></span> <span class='ocrx_word' id='word_1_599' title='bbox 2567 3938 2905 4000; x_wconf 77' lang='lat' dir='ltr'><strong>peractoque</strong></span> <span class='ocrx_word' id='word_1_600' title='bbox 2985 3926 3305 3990; x_wconf 89' lang='lat' dir='ltr'><strong>certamine,</strong></span> <span class='ocrx_word' id='word_1_601' title='bbox 3363 3921 3602 3976; x_wconf 84' lang='lat' dir='ltr'><strong>militum</strong></span> 
     </span>
    </p>
   </div>
   <div class='ocr_carea' id='block_1_86' title="bbox 2026 4015 3604 4092">
    <p class='ocr_par' dir='ltr' id='par_1_86' title="bbox 2026 4015 3604 4092">
     <span class='ocr_line' id='line_1_86' title="bbox 2026 4015 3604 4092; baseline -0.008 -14"><span class='ocrx_word' id='word_1_602' title='bbox 2026 4037 2255 4078; x_wconf 85' lang='lat' dir='ltr'><strong>suorum</strong></span> <span class='ocrx_word' id='word_1_603' title='bbox 2297 4022 2514 4078; x_wconf 86' lang='lat' dir='ltr'><strong>animos</strong></span> <span class='ocrx_word' id='word_1_604' title='bbox 2546 4036 2646 4092; x_wconf 88' lang='lat' dir='ltr'><strong>pro</strong></span> <span class='ocrx_word' id='word_1_605' title='bbox 2703 4019 2970 4076; x_wconf 85' lang='lat' dir='ltr'><strong>concione</strong></span> <span class='ocrx_word' id='word_1_606' title='bbox 3033 4015 3405 4074; x_wconf 85' lang='lat' dir='ltr'><strong>conﬁrmavit,</strong></span> <span class='ocrx_word' id='word_1_607' title='bbox 3438 4021 3604 4081; x_wconf 88' lang='lat' dir='ltr'><strong>atque</strong></span> 
     </span>
    </p>
   </div>
   <div class='ocr_carea' id='block_1_87' title="bbox 2027 4109 3617 4180">
    <p class='ocr_par' dir='ltr' id='par_1_87' title="bbox 2027 4109 3617 4180">
     <span class='ocr_line' id='line_1_87' title="bbox 2027 4109 3617 4180; baseline -0.007 -11"><span class='ocrx_word' id='word_1_608' title='bbox 2027 4114 2094 4169; x_wconf 89' lang='lat' dir='ltr'><strong>ad</strong></span> <span class='ocrx_word' id='word_1_609' title='bbox 2123 4115 2328 4169; x_wconf 90' lang='lat' dir='ltr'><strong>bellum</strong></span> <span class='ocrx_word' id='word_1_610' title='bbox 2372 4117 2542 4170; x_wconf 90' lang='lat' dir='ltr'><strong>acuit.</strong></span> <span class='ocrx_word' id='word_1_611' title='bbox 2598 4113 2747 4168; x_wconf 89' lang='lat' dir='ltr'><strong>Idem</strong></span> <span class='ocrx_word' id='word_1_612' title='bbox 2776 4120 2832 4167; x_wconf 89' lang='lat' dir='ltr'><strong>et</strong></span> <span class='ocrx_word' id='word_1_613' title='bbox 2883 4111 3070 4180; x_wconf 90' lang='lat' dir='ltr'><strong>Scipio</strong></span> <span class='ocrx_word' id='word_1_614' title='bbox 3102 4125 3170 4164; x_wconf 85' lang='lat' dir='ltr'><strong>ex</strong></span> <span class='ocrx_word' id='word_1_615' title='bbox 3220 4109 3391 4162; x_wconf 90' lang='lat' dir='ltr'><strong>altera</strong></span> <span class='ocrx_word' id='word_1_616' title='bbox 3446 4112 3617 4174; x_wconf 84' lang='lat' dir='ltr'><strong>parte:</strong></span> 
     </span>
    </p>
   </div>
   <div class='ocr_carea' id='block_1_88' title="bbox 2027 4197 3604 4275">
    <p class='ocr_par' dir='ltr' id='par_1_88' title="bbox 2027 4197 3604 4275">
     <span class='ocr_line' id='line_1_88' title="bbox 2027 4197 3604 4275; baseline -0.007 -16"><span class='ocrx_word' id='word_1_617' title='bbox 2027 4207 2178 4262; x_wconf 79' lang='lat' dir='ltr'><strong>fecit.</strong></span> <span class='ocrx_word' id='word_1_618' title='bbox 2214 4207 2422 4261; x_wconf 90' lang='lat' dir='ltr'><strong>Deinde</strong></span> <span class='ocrx_word' id='word_1_619' title='bbox 2455 4207 2529 4261; x_wconf 90' lang='lat' dir='ltr'><strong>ita</strong></span> <span class='ocrx_word' id='word_1_620' title='bbox 2562 4204 2840 4275; x_wconf 81' lang='lat' dir='ltr'><strong>congressi</strong></span> <span class='ocrx_word' id='word_1_621' title='bbox 2898 4213 3049 4268; x_wconf 88' lang='lat' dir='ltr'><strong>sunt,</strong></span> <span class='ocrx_word' id='word_1_622' title='bbox 3101 4200 3258 4270; x_wconf 90' lang='lat' dir='ltr'><strong>quasi</strong></span> <span class='ocrx_word' id='word_1_623' title='bbox 3289 4214 3414 4253; x_wconf 87' lang='lat' dir='ltr'><strong>cum</strong></span> <span class='ocrx_word' id='word_1_624' title='bbox 3471 4197 3604 4251; x_wconf 80' lang='lat' dir='ltr'><strong>totis</strong></span> 
     </span>
    </p>
   </div>
   <div class='ocr_carea' id='block_1_89' title="bbox 2028 4287 3604 4360">
    <p class='ocr_par' dir='ltr' id='par_1_89' title="bbox 2028 4287 3604 4360">
     <span class='ocr_line' id='line_1_89' title="bbox 2028 4287 3604 4360; baseline -0.008 -8"><span class='ocrx_word' id='word_1_625' title='bbox 2028 4297 2372 4354; x_wconf 83' lang='lat' dir='ltr'><strong>exercitibus</strong></span> <span class='ocrx_word' id='word_1_626' title='bbox 2405 4297 2715 4352; x_wconf 81' lang='lat' dir='ltr'><strong>conﬂicturi</strong></span> <span class='ocrx_word' id='word_1_627' title='bbox 2747 4304 2952 4350; x_wconf 86' lang='lat' dir='ltr'><strong>essent.</strong></span> <span class='ocrx_word' id='word_1_628' title='bbox 2981 4293 3087 4348; x_wconf 88' lang='lat' dir='ltr'><strong>Sed</strong></span> <span class='ocrx_word' id='word_1_629' title='bbox 3129 4292 3313 4360; x_wconf 91' lang='lat' dir='ltr'><strong>Scipio</strong></span> <span class='ocrx_word' id='word_1_630' title='bbox 3359 4287 3604 4358; x_wconf 81' lang='lat' dir='ltr'><strong>equestri</strong></span> 
     </span>
    </p>
   </div>
   <div class='ocr_carea' id='block_1_90' title="bbox 338 4385 1927 4468">
    <p class='ocr_par' dir='ltr' id='par_1_90' title="bbox 338 4391 1917 4468">
     <span class='ocr_line' id='line_1_90' title="bbox 338 4391 1917 4468; baseline 0.003 -22"><span class='ocrx_word' id='word_1_631' title='bbox 338 4391 634 4464; x_wconf 81' lang='grc' dir='ltr'>βούλοιντο,</span> <span class='ocrx_word' id='word_1_632' title='bbox 674 4393 707 4465; x_wconf 79' lang='grc' dir='ltr'>ἦ</span> <span class='ocrx_word' id='word_1_633' title='bbox 743 4394 1129 4466; x_wconf 85' lang='grc' dir='ltr'>μονομαχῆσαι</span> <span class='ocrx_word' id='word_1_634' title='bbox 1165 4395 1447 4466; x_wconf 79' lang='grc' dir='ltr'>ἀλλήλοις,</span> <span class='ocrx_word' id='word_1_635' title='bbox 1479 4395 1611 4449; x_wconf 84' lang='grc' dir='ltr'>ὥστ’</span> <span class='ocrx_word' id='word_1_636' title='bbox 1643 4395 1917 4468; x_wconf 72' lang='grc' dir='ltr'>ἀφεθῆναι</span> 
     </span>
    </p>
   </div>
   <div class='ocr_carea' id='block_1_91' title="bbox 2031 4385 3605 4468">
    <p class='ocr_par' dir='ltr' id='par_1_91' title="bbox 2031 4385 3605 4464">
     <span class='ocr_line' id='line_1_91' title="bbox 2031 4385 3605 4464; baseline -0.008 -20"><span class='ocrx_word' id='word_1_637' title='bbox 2031 4391 2221 4464; x_wconf 81' lang='lat' dir='ltr'><strong>praelia</strong></span> <span class='ocrx_word' id='word_1_638' title='bbox 2275 4391 2333 4446; x_wconf 88' lang='lat' dir='ltr'><strong>in</strong></span> <span class='ocrx_word' id='word_1_639' title='bbox 2368 4390 2562 4462; x_wconf 88' lang='lat' dir='ltr'><strong>primis</strong></span> <span class='ocrx_word' id='word_1_640' title='bbox 2622 4397 2850 4454; x_wconf 89' lang='lat' dir='ltr'><strong>tentato,</strong></span> <span class='ocrx_word' id='word_1_641' title='bbox 2882 4387 3072 4442; x_wconf 87' lang='lat' dir='ltr'><strong>multis</strong></span> <span class='ocrx_word' id='word_1_642' title='bbox 3110 4385 3326 4440; x_wconf 84' lang='lat' dir='ltr'><strong>amissis</strong></span> <span class='ocrx_word' id='word_1_643' title='bbox 3351 4393 3528 4436; x_wconf 79' lang='lat' dir='ltr'><strong>victus</strong></span> <span class='ocrx_word' id='word_1_644' title='bbox 3548 4385 3605 4434; x_wconf 87' lang='lat' dir='ltr'><strong>et</strong></span> 
     </span>
    </p>
   </div>
   <div class='ocr_carea' id='block_1_92' title="bbox 342 4473 1927 4576">
    <p class='ocr_par' dir='ltr' id='par_1_92' title="bbox 342 4485 1922 4560">
     <span class='ocr_line' id='line_1_92' title="bbox 342 4485 1922 4560; baseline 0.003 -21"><span class='ocrx_word' id='word_1_645' title='bbox 342 4487 542 4556; x_wconf 84' lang='grc' dir='ltr'>προῖκα</span> <span class='ocrx_word' id='word_1_646' title='bbox 576 4488 706 4550; x_wconf 84' lang='grc' dir='ltr'>τοὺς</span> <span class='ocrx_word' id='word_1_647' title='bbox 741 4486 1098 4558; x_wconf 82' lang='grc' dir='ltr'>νικήσαντας.</span> <span class='ocrx_word' id='word_1_648' title='bbox 1138 4487 1251 4540; x_wconf 73' lang='grc' dir='ltr'><strong>Καὶ</strong></span> <span class='ocrx_word' id='word_1_649' title='bbox 1300 4485 1377 4547; x_wconf 81' lang='grc' dir='ltr'><strong>ὡς</strong></span> <span class='ocrx_word' id='word_1_650' title='bbox 1416 4486 1476 4538; x_wconf 75' lang='grc' dir='ltr'>τὸ</span> <span class='ocrx_word' id='word_1_651' title='bbox 1537 4485 1792 4560; x_wconf 88' lang='grc' dir='ltr'>δεύτερον</span> <span class='ocrx_word' id='word_1_652' title='bbox 1843 4489 1922 4543; x_wconf 79' lang='grc' dir='ltr'><strong>εῖ-</strong></span> 
     </span>
    </p>
   </div>
   <div class='ocr_carea' id='block_1_93' title="bbox 2031 4473 3606 4576">
    <p class='ocr_par' dir='ltr' id='par_1_93' title="bbox 2031 4473 3606 4576">
     <span class='ocr_line' id='line_1_93' title="bbox 2031 4473 3606 4576; baseline -0.01 -37"><span class='ocrx_word' id='word_1_653' title='bbox 2031 4485 2374 4547; x_wconf 88' lang='lat' dir='ltr'><strong>vulneratus,</strong></span> <span class='ocrx_word' id='word_1_654' title='bbox 2404 4492 2570 4551; x_wconf 87' lang='lat' dir='ltr'><strong>atque</strong></span> <span class='ocrx_word' id='word_1_655' title='bbox 2600 4481 2739 4576; x_wconf 48' lang='lat' dir='ltr'><strong>aJdeo</strong></span> <span class='ocrx_word' id='word_1_656' title='bbox 2764 4477 3140 4548; x_wconf 87' lang='lat' dir='ltr'><strong>perimendus,</strong></span> <span class='ocrx_word' id='word_1_657' title='bbox 3174 4475 3280 4530; x_wconf 89' lang='lat' dir='ltr'><strong>nisi</strong></span> <span class='ocrx_word' id='word_1_658' title='bbox 3316 4489 3346 4528; x_wconf 72' lang='grc' dir='ltr'><strong>ιι</strong></span> <span class='ocrx_word' id='word_1_659' title='bbox 3375 4473 3485 4526; x_wconf 82' lang='lat' dir='ltr'><strong>filio</strong></span> <span class='ocrx_word' id='word_1_660' title='bbox 3518 4487 3606 4525; x_wconf 83' lang='lat' dir='ltr'><strong>se-</strong></span> 
     </span>
    </p>
   </div>
   <div class='ocr_carea' id='block_1_94' title="bbox 336 4568 1927 4652">
    <p class='ocr_par' dir='ltr' id='par_1_94' title="bbox 336 4578 1921 4652">
     <span class='ocr_line' id='line_1_94' title="bbox 336 4578 1921 4652; baseline 0.003 -22"><span class='ocrx_word' id='word_1_661' title='bbox 336 4580 508 4646; x_wconf 85' lang='grc' dir='ltr'>λοντο,</span> <span class='ocrx_word' id='word_1_662' title='bbox 546 4578 842 4634; x_wconf 90' lang='grc' dir='ltr'>συνέϐαλεν</span> <span class='ocrx_word' id='word_1_663' title='bbox 874 4579 1097 4644; x_wconf 76' lang='grc' dir='ltr'>αὐτοὺς,</span> <span class='ocrx_word' id='word_1_664' title='bbox 1133 4579 1229 4632; x_wconf 70' lang='grc' dir='ltr'><strong>καὶ</strong></span> <span class='ocrx_word' id='word_1_665' title='bbox 1281 4579 1684 4651; x_wconf 79' lang='grc' dir='ltr'>μαχεσαμένων</span> <span class='ocrx_word' id='word_1_666' title='bbox 1713 4581 1921 4652; x_wconf 81' lang='grc' dir='ltr'>ἐδημη-</span> 
     </span>
    </p>
   </div>
   <div class='ocr_carea' id='block_1_95' title="bbox 2031 4568 3637 4652">
    <p class='ocr_par' dir='ltr' id='par_1_95' title="bbox 2032 4568 3637 4648">
     <span class='ocr_line' id='line_1_95' title="bbox 2032 4568 3637 4648; baseline -0.009 -17"><span class='ocrx_word' id='word_1_667' title='bbox 2032 4575 2366 4648; x_wconf 85' lang='lat' dir='ltr'><strong>ptemdecim</strong></span> <span class='ocrx_word' id='word_1_668' title='bbox 2393 4588 2570 4628; x_wconf 86' lang='lat' dir='ltr'><strong>annos</strong></span> <span class='ocrx_word' id='word_1_669' title='bbox 2593 4568 2722 4626; x_wconf 74' lang='lat' dir='ltr'><strong>nato</strong></span> <span class='ocrx_word' id='word_1_670' title='bbox 2755 4580 3052 4640; x_wconf 45' lang='lat' dir='ltr'><strong>protectus;</strong></span> <span class='ocrx_word' id='word_1_671' title='bbox 3073 4577 3222 4623; x_wconf 88' lang='lat' dir='ltr'><strong>esset</strong></span> <span class='ocrx_word' id='word_1_672' title='bbox 3255 4583 3270 4620; x_wconf 89' lang='lat'><strong>:</strong></span> <span class='ocrx_word' id='word_1_673' title='bbox 3303 4568 3506 4618; x_wconf 79' lang='lat' dir='ltr'><strong>timens</strong></span> <span class='ocrx_word' id='word_1_674' title='bbox 3535 4578 3606 4617; x_wconf 86' lang='lat' dir='ltr'><strong>ne</strong></span> <span class='ocrx_word' id='word_1_675' title='bbox 3633 4587 3637 4590; x_wconf 48' lang='grc' dir='ltr'><strong>λ</strong></span> 
     </span>
    </p>
   </div>
   <div class='ocr_carea' id='block_1_96' title="bbox 338 4656 1927 4743">
    <p class='ocr_par' dir='ltr' id='par_1_96' title="bbox 338 4671 1924 4743">
     <span class='ocr_line' id='line_1_96' title="bbox 338 4671 1924 4743; baseline 0.003 -20"><span class='ocrx_word' id='word_1_676' title='bbox 338 4672 574 4743; x_wconf 80' lang='grc' dir='ltr'>γὸρησε,</span> <span class='ocrx_word' id='word_1_677' title='bbox 623 4673 751 4735; x_wconf 83' lang='grc' dir='ltr'>τοὺς</span> <span class='ocrx_word' id='word_1_678' title='bbox 793 4672 1029 4734; x_wconf 79' lang='grc' dir='ltr'>οἰκείους</span> <span class='ocrx_word' id='word_1_679' title='bbox 1072 4671 1412 4742; x_wconf 87' lang='grc' dir='ltr'>στρατιώτας</span> <span class='ocrx_word' id='word_1_680' title='bbox 1467 4672 1771 4742; x_wconf 80' lang='grc' dir='ltr'>ὲπιρωννὺς</span> <span class='ocrx_word' id='word_1_681' title='bbox 1827 4675 1924 4728; x_wconf 71' lang='grc' dir='ltr'>καὶ</span> 
     </span>
    </p>
   </div>
   <div class='ocr_carea' id='block_1_97' title="bbox 2031 4656 3600 4743">
    <p class='ocr_par' dir='ltr' id='par_1_97' title="bbox 2031 4656 3600 4740">
     <span class='ocr_line' id='line_1_97' title="bbox 2031 4656 3600 4740; baseline -0.009 -16"><span class='ocrx_word' id='word_1_682' title='bbox 2031 4669 2242 4740; x_wconf 89' lang='lat' dir='ltr'><strong>pedites</strong></span> <span class='ocrx_word' id='word_1_683' title='bbox 2265 4669 2429 4722; x_wconf 88' lang='lat' dir='ltr'><strong>etiam</strong></span> <span class='ocrx_word' id='word_1_684' title='bbox 2455 4664 2903 4730; x_wconf 88' lang='lat' dir='ltr'><strong>succumberent,</strong></span> <span class='ocrx_word' id='word_1_685' title='bbox 2941 4662 3126 4719; x_wconf 81' lang='lat' dir='ltr'><strong>statim</strong></span> <span class='ocrx_word' id='word_1_686' title='bbox 3158 4659 3404 4726; x_wconf 85' lang='lat' dir='ltr'><strong>receptui</strong></span> <span class='ocrx_word' id='word_1_687' title='bbox 3455 4656 3600 4712; x_wconf 87' lang='lat' dir='ltr'><strong>ccci-</strong></span> 
     </span>
    </p>
   </div>
   <div class='ocr_carea' id='block_1_98' title="bbox 338 4759 1927 4834">
    <p class='ocr_par' dir='ltr' id='par_1_98' title="bbox 338 4759 1921 4834">
     <span class='ocr_line' id='line_1_98' title="bbox 338 4759 1921 4834; baseline 0.002 -20"><span class='ocrx_word' id='word_1_688' title='bbox 338 4763 674 4834; x_wconf 83' lang='grc' dir='ltr'>παραθήγων</span> <span class='ocrx_word' id='word_1_689' title='bbox 713 4763 794 4826; x_wconf 78' lang='grc' dir='ltr'><strong>είς</strong></span> <span class='ocrx_word' id='word_1_690' title='bbox 852 4762 1114 4830; x_wconf 83' lang='grc' dir='ltr'>πόλεμον.</span> <span class='ocrx_word' id='word_1_691' title='bbox 1146 4759 1320 4815; x_wconf 88' lang='grc' dir='ltr'>Τοῦτο</span> <span class='ocrx_word' id='word_1_692' title='bbox 1375 4761 1420 4815; x_wconf 77' lang='grc' dir='ltr'>δ’</span> <span class='ocrx_word' id='word_1_693' title='bbox 1450 4761 1718 4832; x_wconf 81' lang='grc' dir='ltr'>ἑτέρωθεν</span> <span class='ocrx_word' id='word_1_694' title='bbox 1771 4765 1866 4816; x_wconf 72' lang='grc' dir='ltr'>καὶ</span> <span class='ocrx_word' id='word_1_695' title='bbox 1893 4765 1921 4818; x_wconf 92' lang='lat'><strong>6</strong></span> 
     </span>
    </p>
   </div>
   <div class='ocr_carea' id='block_1_99' title="bbox 2031 4759 2729 4834">
    <p class='ocr_par' dir='ltr' id='par_1_99' title="bbox 2031 4759 2729 4826">
     <span class='ocr_line' id='line_1_99' title="bbox 2031 4759 2729 4826; baseline -0.004 -9"><span class='ocrx_word' id='word_1_696' title='bbox 2031 4764 2133 4826; x_wconf 91' lang='lat' dir='ltr'><strong>nit,</strong></span> <span class='ocrx_word' id='word_1_697' title='bbox 2168 4776 2233 4816; x_wconf 89' lang='lat' dir='ltr'><strong>ac</strong></span> <span class='ocrx_word' id='word_1_698' title='bbox 2279 4768 2446 4815; x_wconf 91' lang='lat' dir='ltr'><strong>noctu</strong></span> <span class='ocrx_word' id='word_1_699' title='bbox 2483 4759 2729 4815; x_wconf 83' lang='lat' dir='ltr'><strong>recessit.</strong></span> 
     </span>
    </p>
   </div>
   <div class='ocr_carea' id='block_1_100' title="bbox 337 4845 3588 4927">
    <p class='ocr_par' dir='ltr' id='par_1_100' title="bbox 337 4845 3588 4927">
     <span class='ocr_line' id='line_1_100' title="bbox 337 4845 3588 4927; baseline -0.004 -22"><span class='ocrx_word' id='word_1_700' title='bbox 337 4852 574 4909; x_wconf 78' lang='grc' dir='ltr'>Σκιπίων</span> <span class='ocrx_word' id='word_1_701' title='bbox 609 4855 886 4924; x_wconf 76' lang='grc' dir='ltr'>ἐποίησεν.</span> <span class='ocrx_word' id='word_1_702' title='bbox 917 4850 1053 4909; x_wconf 74' lang='grc' dir='ltr'>Εἶτα</span> <span class='ocrx_word' id='word_1_703' title='bbox 1086 4853 1349 4926; x_wconf 84' lang='grc' dir='ltr'>συνῆλθον</span> <span class='ocrx_word' id='word_1_704' title='bbox 1383 4853 1483 4924; x_wconf 78' lang='grc' dir='ltr'>μὲν</span> <span class='ocrx_word' id='word_1_705' title='bbox 1532 4855 1610 4918; x_wconf 83' lang='grc' dir='ltr'>ὡς</span> <span class='ocrx_word' id='word_1_706' title='bbox 1638 4853 1781 4918; x_wconf 81' lang='grc' dir='ltr'>ὅλοις</span> <span class='ocrx_word' id='word_1_707' title='bbox 1807 4857 1920 4919; x_wconf 85' lang='grc' dir='ltr'>τοῖς</span> <span class='ocrx_word' id='word_1_708' title='bbox 1959 4852 2347 4927; x_wconf 85' lang='grc' dir='ltr'>στρατοπέδοις</span> <span class='ocrx_word' id='word_1_709' title='bbox 2427 4850 2784 4921; x_wconf 73' lang='grc' dir='ltr'>μαχούμενοι.</span> <span class='ocrx_word' id='word_1_710' title='bbox 2836 4846 2900 4903; x_wconf 86' lang='grc' dir='ltr'>Ὃ</span> <span class='ocrx_word' id='word_1_711' title='bbox 2955 4848 3198 4902; x_wconf 89' lang='grc' dir='ltr'>Σκιπίων</span> <span class='ocrx_word' id='word_1_712' title='bbox 3234 4845 3316 4913; x_wconf 76' lang='grc' dir='ltr'>δὲ,</span> <span class='ocrx_word' id='word_1_713' title='bbox 3351 4855 3588 4912; x_wconf 71' lang='grc' dir='ltr'>προσυμο</span> 
     </span>
    </p>
   </div>
   <div class='ocr_carea' id='block_1_101' title="bbox 337 4929 3611 5020">
    <p class='ocr_par' dir='ltr' id='par_1_101' title="bbox 337 4929 3611 5020">
     <span class='ocr_line' id='line_1_101' title="bbox 337 4929 3611 5020; baseline -0.002 -18"><span class='ocrx_word' id='word_1_714' title='bbox 337 4947 496 5014; x_wconf 78' lang='grc' dir='ltr'>μίξας</span> <span class='ocrx_word' id='word_1_715' title='bbox 525 4947 602 5019; x_wconf 86' lang='grc' dir='ltr'><strong>τῷ</strong></span> <span class='ocrx_word' id='word_1_716' title='bbox 629 4947 839 5020; x_wconf 77' lang='grc' dir='ltr'>ἱππικῷ</span> <span class='ocrx_word' id='word_1_717' title='bbox 867 4947 1234 5020; x_wconf 71' lang='grc' dir='ltr'>καὶήττηθεὶς</span> <span class='ocrx_word' id='word_1_718' title='bbox 1259 4947 1492 5018; x_wconf 90' lang='grc' dir='ltr'>συχνούς</span> <span class='ocrx_word' id='word_1_719' title='bbox 1518 4965 1578 5001; x_wconf 88' lang='grc' dir='ltr'><strong>τε</strong></span> <span class='ocrx_word' id='word_1_720' title='bbox 1607 4947 1903 5004; x_wconf 76' lang='grc' dir='ltr'>ἀποϐαλὼν</span> <span class='ocrx_word' id='word_1_721' title='bbox 1942 4951 2036 5003; x_wconf 83' lang='grc' dir='ltr'>καὶ</span> <span class='ocrx_word' id='word_1_722' title='bbox 2094 4947 2258 5010; x_wconf 77' lang='grc' dir='ltr'>αὐτὸς</span> <span class='ocrx_word' id='word_1_723' title='bbox 2297 4946 2554 5018; x_wconf 75' lang='grc' dir='ltr'>τρωθεὶς,</span> <span class='ocrx_word' id='word_1_724' title='bbox 2587 4943 2880 4998; x_wconf 84' lang='grc' dir='ltr'>ἀποθανών</span> <span class='ocrx_word' id='word_1_725' title='bbox 2908 4941 2956 4996; x_wconf 89' lang='grc' dir='ltr'>τ’</span> <span class='ocrx_word' id='word_1_726' title='bbox 2997 4942 3086 5007; x_wconf 84' lang='grc' dir='ltr'>ἂν,</span> <span class='ocrx_word' id='word_1_727' title='bbox 3118 4943 3168 4992; x_wconf 82' lang='grc' dir='ltr'>εἰ</span> <span class='ocrx_word' id='word_1_728' title='bbox 3196 4939 3272 5010; x_wconf 80' lang='grc' dir='ltr'>μή</span> <span class='ocrx_word' id='word_1_729' title='bbox 3309 4951 3411 4997; x_wconf 84' lang='grc' dir='ltr'>περ</span> <span class='ocrx_word' id='word_1_730' title='bbox 3450 4929 3611 5000; x_wconf 74' lang='grc' dir='ltr'><strong>αὖτῷ</strong></span> 
     </span>
    </p>
   </div>
   <div class='ocr_carea' id='block_1_102' title="bbox 337 5023 3607 5113">
    <p class='ocr_par' dir='ltr' id='par_1_102' title="bbox 337 5023 3607 5113">
     <span class='ocr_line' id='line_1_102' title="bbox 337 5023 3607 5113; baseline -0.004 -19"><span class='ocrx_word' id='word_1_731' title='bbox 337 5040 579 5094; x_wconf 85' lang='grc' dir='ltr'>Σκιπίων</span> <span class='ocrx_word' id='word_1_732' title='bbox 612 5041 641 5094; x_wconf 88' lang='lat'><strong>6</strong></span> <span class='ocrx_word' id='word_1_733' title='bbox 669 5039 810 5106; x_wconf 81' lang='grc' dir='ltr'>υίὸς,</span> <span class='ocrx_word' id='word_1_734' title='bbox 841 5038 1046 5110; x_wconf 86' lang='grc' dir='ltr'>καίπερ</span> <span class='ocrx_word' id='word_1_735' title='bbox 1081 5037 1156 5092; x_wconf 83' lang='grc' dir='ltr'>ὥν</span> <span class='ocrx_word' id='word_1_736' title='bbox 1197 5040 1723 5109; x_wconf 81' lang='grc' dir='ltr'>ὲπτακαιδεκαέτης,</span> <span class='ocrx_word' id='word_1_737' title='bbox 1784 5043 2068 5113; x_wconf 66' lang='grc' dir='ltr'>ἐπήμυνε,</span> <span class='ocrx_word' id='word_1_738' title='bbox 2134 5039 2419 5093; x_wconf 84' lang='grc' dir='ltr'>κατέδεισε</span> <span class='ocrx_word' id='word_1_739' title='bbox 2469 5037 2546 5109; x_wconf 83' lang='grc' dir='ltr'>μὴ</span> <span class='ocrx_word' id='word_1_740' title='bbox 2613 5035 2708 5090; x_wconf 81' lang='grc' dir='ltr'>καὶ</span> <span class='ocrx_word' id='word_1_741' title='bbox 2767 5035 2845 5108; x_wconf 83' lang='grc' dir='ltr'><strong>τῷ</strong></span> <span class='ocrx_word' id='word_1_742' title='bbox 2876 5033 3026 5103; x_wconf 83' lang='grc' dir='ltr'><strong>πεζῷ</strong></span> <span class='ocrx_word' id='word_1_743' title='bbox 3049 5031 3249 5100; x_wconf 71' lang='grc' dir='ltr'>σφαλῇ,</span> <span class='ocrx_word' id='word_1_744' title='bbox 3281 5028 3374 5082; x_wconf 70' lang='grc' dir='ltr'><strong>καὶ</strong></span> <span class='ocrx_word' id='word_1_745' title='bbox 3398 5023 3607 5080; x_wconf 77' lang='grc' dir='ltr'>αὐτίκα.</span> 
     </span>
    </p>
   </div>
   <div class='ocr_carea' id='block_1_103' title="bbox 338 5130 2031 5202">
    <p class='ocr_par' dir='ltr' id='par_1_103' title="bbox 338 5130 2031 5202">
     <span class='ocr_line' id='line_1_103' title="bbox 338 5130 2031 5202; baseline 0.001 -17"><span class='ocrx_word' id='word_1_746' title='bbox 338 5151 395 5188; x_wconf 85' lang='grc' dir='ltr'><strong>τε</strong></span> <span class='ocrx_word' id='word_1_747' title='bbox 425 5132 749 5199; x_wconf 74' lang='grc' dir='ltr'>ἐπανήγαγε</span> <span class='ocrx_word' id='word_1_748' title='bbox 774 5133 868 5185; x_wconf 74' lang='grc' dir='ltr'>καὶ</span> <span class='ocrx_word' id='word_1_749' title='bbox 907 5132 1008 5202; x_wconf 84' lang='grc' dir='ltr'>τῆς</span> <span class='ocrx_word' id='word_1_750' title='bbox 1052 5131 1248 5194; x_wconf 83' lang='grc' dir='ltr'>νυκτὸς</span> <span class='ocrx_word' id='word_1_751' title='bbox 1285 5130 1669 5202; x_wconf 87' lang='grc' dir='ltr'>ὑπεχώρησεν.</span> <span class='ocrx_word' id='word_1_752' title='bbox 2029 5139 2031 5142; x_wconf 55' lang='grc'><em>⁴</em></span> 
     </span>
    </p>
   </div>
   <div class='ocr_carea' id='block_1_104' title="bbox 400 5219 1921 5294">
    <p class='ocr_par' dir='ltr' id='par_1_104' title="bbox 400 5219 1921 5294">
     <span class='ocr_line' id='line_1_104' title="bbox 400 5219 1921 5294; baseline -0.004 -14"><span class='ocrx_word' id='word_1_753' title='bbox 400 5227 527 5281; x_wconf 77' lang='lat' dir='ltr'><strong>KA&#39;.</strong></span> <span class='ocrx_word' id='word_1_754' title='bbox 581 5223 832 5286; x_wconf 86' lang='grc' dir='ltr'>Ἀννίϐας</span> <span class='ocrx_word' id='word_1_755' title='bbox 869 5221 926 5276; x_wconf 81' lang='grc' dir='ltr'>δὲ</span> <span class='ocrx_word' id='word_1_756' title='bbox 989 5221 1111 5292; x_wconf 85' lang='grc' dir='ltr'>μεθ’</span> <span class='ocrx_word' id='word_1_757' title='bbox 1163 5220 1382 5292; x_wconf 78' lang='grc' dir='ltr'>ἡμέραν</span> <span class='ocrx_word' id='word_1_758' title='bbox 1431 5219 1529 5290; x_wconf 81' lang='grc' dir='ltr'>τὴν</span> <span class='ocrx_word' id='word_1_759' title='bbox 1563 5219 1921 5294; x_wconf 84' lang='grc' dir='ltr'>ἀποχώρησιν</span> 
     </span>
    </p>
   </div>
   <div class='ocr_carea' id='block_1_105' title="bbox 335 5308 1919 5388">
    <p class='ocr_par' dir='ltr' id='par_1_105' title="bbox 335 5308 1919 5388">
     <span class='ocr_line' id='line_1_105' title="bbox 335 5308 1919 5388; baseline -0.007 -14"><span class='ocrx_word' id='word_1_760' title='bbox 335 5318 498 5374; x_wconf 85' lang='grc' dir='ltr'>αὑτοῦ</span> <span class='ocrx_word' id='word_1_761' title='bbox 539 5316 753 5388; x_wconf 87' lang='grc' dir='ltr'>μαθὼν,</span> <span class='ocrx_word' id='word_1_762' title='bbox 785 5313 922 5383; x_wconf 83' lang='grc' dir='ltr'>πρὸς</span> <span class='ocrx_word' id='word_1_763' title='bbox 950 5316 1044 5368; x_wconf 80' lang='grc' dir='ltr'>τὸν</span> <span class='ocrx_word' id='word_1_764' title='bbox 1088 5313 1374 5383; x_wconf 77' lang='grc' dir='ltr'>Ἠριδανὸν</span> <span class='ocrx_word' id='word_1_765' title='bbox 1423 5308 1580 5384; x_wconf 83' lang='grc' dir='ltr'>ἦλθε,</span> <span class='ocrx_word' id='word_1_766' title='bbox 1627 5315 1721 5367; x_wconf 76' lang='grc' dir='ltr'>καὶ</span> <span class='ocrx_word' id='word_1_767' title='bbox 1781 5316 1919 5384; x_wconf 81' lang='grc' dir='ltr'>μήτε</span> 
     </span>
    </p>
   </div>
   <div class='ocr_carea' id='block_1_106' title="bbox 338 5405 1920 5480">
    <p class='ocr_par' dir='ltr' id='par_1_106' title="bbox 338 5405 1920 5480">
     <span class='ocr_line' id='line_1_106' title="bbox 338 5405 1920 5480; baseline -0.001 -18"><span class='ocrx_word' id='word_1_768' title='bbox 338 5408 554 5480; x_wconf 80' lang='grc' dir='ltr'>σχεδίας</span> <span class='ocrx_word' id='word_1_769' title='bbox 579 5409 614 5479; x_wconf 77' lang='grc' dir='ltr'>ἢ</span> <span class='ocrx_word' id='word_1_770' title='bbox 653 5407 812 5460; x_wconf 85' lang='grc' dir='ltr'>πλοῖα</span> <span class='ocrx_word' id='word_1_771' title='bbox 847 5405 1024 5474; x_wconf 73' lang='grc' dir='ltr'>εὑρὼν</span> <span class='ocrx_word' id='word_1_772' title='bbox 1065 5407 1470 5476; x_wconf 82' lang='grc' dir='ltr'>(ἐνεπέπρηστο</span> <span class='ocrx_word' id='word_1_773' title='bbox 1502 5406 1612 5476; x_wconf 85' lang='grc' dir='ltr'>γὰρ</span> <span class='ocrx_word' id='word_1_774' title='bbox 1649 5406 1799 5475; x_wconf 80' lang='grc' dir='ltr'>παρᾶ</span> <span class='ocrx_word' id='word_1_775' title='bbox 1825 5405 1920 5460; x_wconf 87' lang='grc' dir='ltr'><strong>τοῦ</strong></span> 
     </span>
    </p>
   </div>
   <div class='ocr_carea' id='block_1_107' title="bbox 334 5497 1918 5571">
    <p class='ocr_par' dir='ltr' id='par_1_107' title="bbox 334 5497 1918 5571">
     <span class='ocr_line' id='line_1_107' title="bbox 334 5497 1918 5571; baseline -0.003 -14"><span class='ocrx_word' id='word_1_776' title='bbox 334 5498 682 5571; x_wconf 86' lang='grc' dir='ltr'>Σκιπίωνος),</span> <span class='ocrx_word' id='word_1_777' title='bbox 710 5499 802 5553; x_wconf 85' lang='grc' dir='ltr'>τὸν</span> <span class='ocrx_word' id='word_1_778' title='bbox 838 5499 938 5571; x_wconf 83' lang='grc' dir='ltr'>μὲν</span> <span class='ocrx_word' id='word_1_779' title='bbox 962 5498 1187 5569; x_wconf 81' lang='grc' dir='ltr'>ἀδελφὸν</span> <span class='ocrx_word' id='word_1_780' title='bbox 1223 5497 1468 5567; x_wconf 84' lang='grc' dir='ltr'>Μάγωνα</span> <span class='ocrx_word' id='word_1_781' title='bbox 1499 5497 1599 5551; x_wconf 84' lang='grc' dir='ltr'>σὺν</span> <span class='ocrx_word' id='word_1_782' title='bbox 1652 5500 1766 5562; x_wconf 82' lang='grc' dir='ltr'>τοῖς</span> <span class='ocrx_word' id='word_1_783' title='bbox 1825 5500 1918 5552; x_wconf 79' lang='lat' dir='ltr'><strong>l1:-</strong></span> 
     </span>
    </p>
   </div>
   <div class='ocr_carea' id='block_1_108' title="bbox 337 5576 1927 5664">
    <p class='ocr_par' dir='ltr' id='par_1_108' title="bbox 337 5589 1913 5664">
     <span class='ocr_line' id='line_1_108' title="bbox 337 5589 1913 5664; baseline -0.003 -16"><span class='ocrx_word' id='word_1_784' title='bbox 337 5594 498 5648; x_wconf 87' lang='grc' dir='ltr'>πεῦσι</span> <span class='ocrx_word' id='word_1_785' title='bbox 527 5591 888 5664; x_wconf 76' lang='grc' dir='ltr'>διανήξασθαι</span> <span class='ocrx_word' id='word_1_786' title='bbox 939 5591 1036 5647; x_wconf 71' lang='grc' dir='ltr'>καὶ</span> <span class='ocrx_word' id='word_1_787' title='bbox 1068 5589 1355 5656; x_wconf 79' lang='grc' dir='ltr'>ἐπιδιῶξαι</span> <span class='ocrx_word' id='word_1_788' title='bbox 1380 5636 1384 5639; x_wconf 91' lang='lat'><strong>.</strong></span> <span class='ocrx_word' id='word_1_789' title='bbox 1409 5589 1537 5654; x_wconf 83' lang='grc' dir='ltr'>τοὺς</span> <span class='ocrx_word' id='word_1_790' title='bbox 1607 5589 1913 5660; x_wconf 80' lang='grc' dir='ltr'>Ῥωμαίους</span> 
     </span>
    </p>
   </div>
   <div class='ocr_carea' id='block_1_109' title="bbox 2031 5576 3602 5664">
    <p class='ocr_par' dir='ltr' id='par_1_109' title="bbox 2031 5576 3602 5658">
     <span class='ocr_line' id='line_1_109' title="bbox 2031 5576 3602 5658; baseline -0.01 -14"><span class='ocrx_word' id='word_1_791' title='bbox 2031 5588 2405 5658; x_wconf 77' lang='lat' dir='ltr'><strong>Romanosque</strong></span> <span class='ocrx_word' id='word_1_792' title='bbox 2459 5583 2717 5657; x_wconf 83' lang='lat' dir='ltr'><strong>persequi</strong></span> <span class='ocrx_word' id='word_1_793' title='bbox 2759 5600 2774 5637; x_wconf 92' lang='lat'><strong>:</strong></span> <span class='ocrx_word' id='word_1_794' title='bbox 2826 5583 2940 5652; x_wconf 91' lang='lat' dir='ltr'><strong>ipse</strong></span> <span class='ocrx_word' id='word_1_795' title='bbox 2992 5593 3208 5635; x_wconf 89' lang='lat' dir='ltr'><strong>sursum</strong></span> <span class='ocrx_word' id='word_1_796' title='bbox 3268 5577 3333 5632; x_wconf 90' lang='lat' dir='ltr'><strong>ad</strong></span> <span class='ocrx_word' id='word_1_797' title='bbox 3409 5576 3602 5631; x_wconf 79' lang='lat' dir='ltr'><strong>fontes</strong></span> 
     </span>
    </p>
   </div>
   <div class='ocr_carea' id='block_1_110' title="bbox 299 5670 1927 5757">
    <p class='ocr_par' dir='ltr' id='par_1_110' title="bbox 299 5682 1911 5757">
     <span class='ocr_line' id='line_1_110' title="bbox 299 5682 1911 5757; baseline -0.001 -17"><span class='ocrx_word' id='word_1_798' title='bbox 299 5749 302 5751; x_wconf 22' lang='grc' dir='ltr'>λ</span> <span class='ocrx_word' id='word_1_799' title='bbox 333 5684 624 5741; x_wconf 76' lang='grc' dir='ltr'>ἐκέλευσεν</span> <span class='ocrx_word' id='word_1_800' title='bbox 643 5702 658 5716; x_wconf 92' lang='grc'><strong>·</strong></span> <span class='ocrx_word' id='word_1_801' title='bbox 698 5686 862 5749; x_wconf 78' lang='grc' dir='ltr'>αὑτὸς</span> <span class='ocrx_word' id='word_1_802' title='bbox 890 5685 970 5752; x_wconf 82' lang='grc' dir='ltr'>δὲ,</span> <span class='ocrx_word' id='word_1_803' title='bbox 997 5684 1110 5740; x_wconf 77' lang='grc' dir='ltr'>ἄνω</span> <span class='ocrx_word' id='word_1_804' title='bbox 1143 5685 1279 5757; x_wconf 79' lang='grc' dir='ltr'>πρὸς</span> <span class='ocrx_word' id='word_1_805' title='bbox 1308 5685 1408 5746; x_wconf 83' lang='grc' dir='ltr'>τὰς</span> <span class='ocrx_word' id='word_1_806' title='bbox 1443 5682 1626 5754; x_wconf 87' lang='grc' dir='ltr'>πηγὰς</span> <span class='ocrx_word' id='word_1_807' title='bbox 1654 5684 1911 5756; x_wconf 81' lang='grc' dir='ltr'>χωρήσας</span> 
     </span>
    </p>
   </div>
   <div class='ocr_carea' id='block_1_111' title="bbox 2031 5670 3588 5757">
    <p class='ocr_par' dir='ltr' id='par_1_111' title="bbox 2031 5670 3588 5757">
     <span class='ocr_line' id='line_1_111' title="bbox 2031 5670 3588 5757; baseline -0.01 -23"><span class='ocrx_word' id='word_1_808' title='bbox 2031 5680 2196 5734; x_wconf 72' lang='lat' dir='ltr'><strong>amnis</strong></span> <span class='ocrx_word' id='word_1_809' title='bbox 2223 5678 2526 5749; x_wconf 80' lang='lat' dir='ltr'><strong>profectus,</strong></span> <span class='ocrx_word' id='word_1_810' title='bbox 2559 5673 2902 5744; x_wconf 81' lang='lat' dir='ltr'><strong>elephantes,</strong></span> <span class='ocrx_word' id='word_1_811' title='bbox 2949 5686 3055 5742; x_wconf 85' lang='lat' dir='ltr'><strong>qua</strong></span> <span class='ocrx_word' id='word_1_812' title='bbox 3080 5671 3282 5727; x_wconf 81' lang='lat' dir='ltr'><strong>ﬂumen</strong></span> <span class='ocrx_word' id='word_1_813' title='bbox 3330 5670 3588 5757; x_wconf 86' lang='lat' dir='ltr'><strong>concita-</strong></span> 
     </span>
    </p>
   </div>
   <div class='ocr_carea' id='block_1_112' title="bbox 335 5756 1927 5846">
    <p class='ocr_par' dir='ltr' id='par_1_112' title="bbox 335 5756 1910 5846">
     <span class='ocr_line' id='line_1_112' title="bbox 335 5756 1910 5846; baseline 0 -18"><span class='ocrx_word' id='word_1_814' title='bbox 335 5775 426 5831; x_wconf 82' lang='grc' dir='ltr'><strong>τοῦ</strong></span> <span class='ocrx_word' id='word_1_815' title='bbox 459 5772 732 5846; x_wconf 84' lang='grc' dir='ltr'>ποταμοῦ,</span> <span class='ocrx_word' id='word_1_816' title='bbox 788 5773 916 5839; x_wconf 79' lang='grc' dir='ltr'>τοὺς</span> <span class='ocrx_word' id='word_1_817' title='bbox 974 5756 1270 5844; x_wconf 76' lang='grc' dir='ltr'>ἐλέφαντας</span> <span class='ocrx_word' id='word_1_818' title='bbox 1325 5772 1469 5828; x_wconf 69' lang='grc' dir='ltr'>κατὰ</span> <span class='ocrx_word' id='word_1_819' title='bbox 1507 5773 1598 5828; x_wconf 78' lang='grc' dir='ltr'>τὸν</span> <span class='ocrx_word' id='word_1_820' title='bbox 1645 5774 1910 5846; x_wconf 76' lang='grc' dir='ltr'>ὲπίρρονν</span> 
     </span>
    </p>
   </div>
   <div class='ocr_carea' id='block_1_113' title="bbox 2031 5756 3594 5846">
    <p class='ocr_par' dir='ltr' id='par_1_113' title="bbox 2031 5756 3594 5838">
     <span class='ocr_line' id='line_1_113' title="bbox 2031 5756 3594 5838; baseline -0.01 -12"><span class='ocrx_word' id='word_1_821' title='bbox 2031 5771 2130 5828; x_wconf 71' lang='lat' dir='ltr'><strong>tius</strong></span> <span class='ocrx_word' id='word_1_822' title='bbox 2159 5770 2360 5836; x_wconf 82' lang='lat' dir='ltr'><strong>fertur,</strong></span> <span class='ocrx_word' id='word_1_823' title='bbox 2395 5766 2630 5825; x_wconf 87' lang='lat' dir='ltr'><strong>traducit</strong></span> <span class='ocrx_word' id='word_1_824' title='bbox 2669 5783 2682 5821; x_wconf 90' lang='lat'><strong>:</strong></span> <span class='ocrx_word' id='word_1_825' title='bbox 2720 5775 2777 5822; x_wconf 88' lang='lat' dir='ltr'><strong>et</strong></span> <span class='ocrx_word' id='word_1_826' title='bbox 2821 5781 2962 5838; x_wconf 85' lang='lat' dir='ltr'><strong>aqua</strong></span> <span class='ocrx_word' id='word_1_827' title='bbox 2988 5764 3045 5822; x_wconf 88' lang='lat' dir='ltr'><strong>in</strong></span> <span class='ocrx_word' id='word_1_828' title='bbox 3107 5763 3412 5821; x_wconf 88' lang='lat' dir='ltr'><strong>belluarum</strong></span> <span class='ocrx_word' id='word_1_829' title='bbox 3441 5756 3594 5813; x_wconf 72' lang='lat' dir='ltr'><strong>mole</strong></span> 
     </span>
    </p>
   </div>
   <div class='ocr_carea' id='block_1_114' title="bbox 2094 5206 3606 5287">
    <p class='ocr_par' dir='ltr' id='par_1_114' title="bbox 2094 5206 3606 5287">
     <span class='ocr_line' id='line_1_114' title="bbox 2094 5206 3606 5287; baseline -0.009 -12"><span class='ocrx_word' id='word_1_830' title='bbox 2094 5219 2278 5275; x_wconf 81' lang='lat' dir='ltr'><strong>XXIV.</strong></span> <span class='ocrx_word' id='word_1_831' title='bbox 2303 5217 2562 5282; x_wconf 83' lang='lat' dir='ltr'><strong>Annibal,</strong></span> <span class='ocrx_word' id='word_1_832' title='bbox 2587 5217 2708 5287; x_wconf 83' lang='lat' dir='ltr'><strong>ejus</strong></span> <span class='ocrx_word' id='word_1_833' title='bbox 2762 5216 3008 5270; x_wconf 84' lang='lat' dir='ltr'><strong>discessu</strong></span> <span class='ocrx_word' id='word_1_834' title='bbox 3034 5225 3192 5265; x_wconf 85' lang='lat' dir='ltr'><strong>mane</strong></span> <span class='ocrx_word' id='word_1_835' title='bbox 3248 5206 3490 5277; x_wconf 67' lang='lat' dir='ltr'><strong>cognito,</strong></span> <span class='ocrx_word' id='word_1_836' title='bbox 3527 5206 3606 5261; x_wconf 67' lang='lat' dir='ltr'><strong>ad</strong></span> 
     </span>
    </p>
   </div>
   <div class='ocr_carea' id='block_1_115' title="bbox 2020 5300 3606 5369">
    <p class='ocr_par' dir='ltr' id='par_1_115' title="bbox 2020 5300 3606 5369">
     <span class='ocr_line' id='line_1_115' title="bbox 2020 5300 3606 5369; baseline -0.01 -2"><span class='ocrx_word' id='word_1_837' title='bbox 2020 5311 2320 5367; x_wconf 82' lang='lat' dir='ltr'><strong>Eridanum</strong></span> <span class='ocrx_word' id='word_1_838' title='bbox 2352 5310 2504 5364; x_wconf 87' lang='lat' dir='ltr'><strong>venit</strong></span> <span class='ocrx_word' id='word_1_839' title='bbox 2533 5327 2545 5362; x_wconf 86' lang='lat'><strong>:</strong></span> <span class='ocrx_word' id='word_1_840' title='bbox 2580 5309 2670 5363; x_wconf 91' lang='lat' dir='ltr'><strong>ubi</strong></span> <span class='ocrx_word' id='word_1_841' title='bbox 2703 5324 2826 5364; x_wconf 88' lang='lat' dir='ltr'><strong>cum</strong></span> <span class='ocrx_word' id='word_1_842' title='bbox 2853 5321 2920 5359; x_wconf 92' lang='lat' dir='ltr'><strong>ne</strong></span> <span class='ocrx_word' id='word_1_843' title='bbox 2957 5318 3120 5358; x_wconf 90' lang='lat' dir='ltr'><strong>unam</strong></span> <span class='ocrx_word' id='word_1_844' title='bbox 3146 5300 3365 5369; x_wconf 68' lang='lat' dir='ltr'><strong>quidem</strong></span> <span class='ocrx_word' id='word_1_845' title='bbox 3419 5306 3606 5352; x_wconf 80' lang='lat' dir='ltr'><strong>ratem</strong></span> 
     </span>
    </p>
   </div>
   <div class='ocr_carea' id='block_1_116' title="bbox 2019 5387 3596 5471">
    <p class='ocr_par' dir='ltr' id='par_1_116' title="bbox 2019 5387 3596 5471">
     <span class='ocr_line' id='line_1_116' title="bbox 2019 5387 3596 5471; baseline -0.01 -13"><span class='ocrx_word' id='word_1_846' title='bbox 2019 5403 2322 5459; x_wconf 82' lang='lat' dir='ltr'><strong>invenisset</strong></span> <span class='ocrx_word' id='word_1_847' title='bbox 2369 5403 2664 5471; x_wconf 89' lang='lat' dir='ltr'><strong>(cremarat</strong></span> <span class='ocrx_word' id='word_1_848' title='bbox 2693 5399 2838 5453; x_wconf 89' lang='lat' dir='ltr'><strong>enim</strong></span> <span class='ocrx_word' id='word_1_849' title='bbox 2872 5395 3053 5450; x_wconf 86' lang='lat' dir='ltr'><strong>omnia</strong></span> <span class='ocrx_word' id='word_1_850' title='bbox 3109 5390 3323 5461; x_wconf 73' lang='lat' dir='ltr'><strong>navigia</strong></span> <span class='ocrx_word' id='word_1_851' title='bbox 3358 5387 3596 5459; x_wconf 87' lang='lat' dir='ltr'><strong>Scipio),</strong></span> 
     </span>
    </p>
   </div>
   <div class='ocr_carea' id='block_1_117' title="bbox 2016 5485 3602 5567">
    <p class='ocr_par' dir='ltr' id='par_1_117' title="bbox 2016 5485 3602 5567">
     <span class='ocr_line' id='line_1_117' title="bbox 2016 5485 3602 5567; baseline -0.01 -14"><span class='ocrx_word' id='word_1_852' title='bbox 2016 5498 2245 5554; x_wconf 80' lang='lat' dir='ltr'><strong>fratrem</strong></span> <span class='ocrx_word' id='word_1_853' title='bbox 2301 5497 2583 5567; x_wconf 84' lang='lat' dir='ltr'><strong>Magonem</strong></span> <span class='ocrx_word' id='word_1_854' title='bbox 2639 5510 2761 5548; x_wconf 90' lang='lat' dir='ltr'><strong>cum</strong></span> <span class='ocrx_word' id='word_1_855' title='bbox 2817 5490 3097 5561; x_wconf 90' lang='lat' dir='ltr'><strong>equitibus</strong></span> <span class='ocrx_word' id='word_1_856' title='bbox 3166 5485 3602 5557; x_wconf 75' lang='lat' dir='ltr'><strong>tranarejussit,</strong></span> 
     </span>
    </p>
   </div>
  </div>
