4008 6250
439 305 547 360 ’ωδ

1705 292 2029 356 JUANNIS
2071 293 2394 354 ZUNAR/E

3575 297 3683 362 704

439 408 727 464 resistente
763 416 820 461 et
849 422 1059 478 sparsa,
1083 405 1299 464 facilius
1324 407 1584 466 infra‘eos
1610 410 1855 464 transiit.
1891 407 2006 463 Sci-

2114 408 2373 479 διαϐῆναι
2410 407 2735 480 προσέταξε.
2763 408 2872 464 Καὶ
2889 407 3035 463 οὕτω
3071 406 3165 463 τοῦ
3195 406 3386 473 ὓδατος
3419 409 3547 481 περ)
3579 414 3693 476 τοῖς

437 503 529 571 pio
554 501 621 556 ab
660 499 914 554 hostibus
963 499 1361 568 deprehensus,
1417 518 1479 558 se
1503 503 1628 559 loco
1671 519 1781 558 non
1811 501 2004 555 movit.

436 588 513 644 Ac
541 604 777 660 pugnam
819 588 1054 654 iniisset,
1109 588 1214 644 nisi
1245 590 1452 645 Gallica
1497 592 1701 646 auxilia
1745 597 1910 646 noctu
1939 589 2007 644 ad

438 683 626 756 hostes
681 679 1123 749 transfugissent.
1188 682 1263 735 Ea
1321 697 1378 737 re
1410 682 1683 749 turbatus,
1725 690 1782 737 et
1817 681 2008 736 dolore

435 774 681 829 vulneris
708 781 958 836 vexatus,
993 774 1096 828 sub
1143 785 1358 829 noctem
1391 785 1572 830 castra
1604 777 1657 831 in
1710 775 2005 831 editiorem

433 868 614 922 locum
669 865 973 924 transtulit.
1034 866 1352 936 vallumque
1415 867 1764 932 communiit,
1817 881 2010 936 perse-

434 966 636 1029 quente
683 958 924 1012 nemine.
954 959 1165 1014 Deinde
1201 960 1690 1030 Carthaginienses
1713 967 2008 1023 venerunt,

432 1063 488 1108 ct
510 1052 733 1106 ﬂumine
766 1051 1058 1121 interiecto
1083 1051 1242 1124 41],
1273 1053 1647 1108 castrametati
1680 1063 1828 1108 sunt.
1863 1052 2004 1106 Dum

432 1142 619 1212 Scipio
651 1152 766 1196 tum
825 1158 890 1196 ex
922 1142 1115 1198 dolore
1166 1143 1433 1208 vulneris,
1468 1154 1581 1199 tum
1624 1143 1696 1199 ob
1723 1154 2005 1214 acceptam

430 1235 640 1290 cladem
701 1250 823 1290 sese
859 1236 1172 1297 continens,
1226 1241 1412 1304 plures
1451 1236 1640 1307 capias
1696 1243 2006 1307 exspectat,

431 1326 669 1382 Annibal
695 1327 881 1382 multis
912 1326 1110 1381 frustra
1143 1326 1386 1395 tentatis;
1436 1336 1494 1382 ut
1517 1342 1643 1382 eum
1673 1328 1741 1383 ad
1769 1344 2007 1399 pugnam

429 1421 681 1486 eliceret,
708 1435 836 1475 cum
863 1419 1090 1490 penuria
1116 1429 1456 1476 commeat-us
1480 1421 1781 1486 laboraret,
1809 1422 2008 1478 castel-

429 1514 542 1570 lum
573 1517 846 1586 quoddam
880 1525 966 1571 est
989 1515 1236 1580 adortus,
1262 1515 1317 1570 in
1341 1533 1452 1587 quo
1491 1516 1724 1573 Romani
1773 1519 2007 1575 multum

431 1607 695 1662 frumenti
741 1609 1043 1677 repositum
1095 1608 1506 1664 habebantzet
1561 1607 1691 1678 quia
1751 1608 1804 1664 vi
1867 1608 2006 1664 nihil

432 1697 773 1766 proﬁciebat,
809 1700 1171 1755 castellanum
1203 1701 1439 1771 pecunia
1479 1702 1803 1772 corrumpit,
1861 1709 1923 1756 ut
1951 1699 2006 1755 id

431 1791 532 1845 sibi
559 1790 754 1861 prodat
791 1809 805 1846 :
839 1807 951 1861 quo
978 1803 1275 1862 occupato,
1317 1794 1482 1849 etiam
1541 1794 1756 1849 caeteris
1808 1793 2008 1862 partim

442 1883 517 1948 vi,
569 1885 766 1952 partim
825 1899 961 1938 auro
987 1900 1045 1939 se
1100 1886 1404 1955 potiturum
1464 1886 1726 1955 speravit.
1798 1886 2009 1941 Interea

434 1973 676 2043 Longus,
716 1975 959 2031 Siciliam
992 1977 1170 2046 legato
1192 1977 1422 2042 credita,
1455 1978 1757 2032 accersitus
1783 1976 1850 2032 ad
1887 1975 2010 2032 Sc?-

432 2071 650 2135 pionem
699 2068 895 2122 venit:
937 2083 1038 2122 nec
1086 2069 1260 2122 multo
1313 2078 1435 2138 post
1483 2085 1550 2128 ex
1597 2069 1920 2135 ambitione,
1952 2078 2010 2124 et

430 2159 577 2227 quod
613 2160 949 2230 praedatores
996 2161 1265 2231 quosdam
1298 2171 1611 2232 superarat,
1656 2161 1787 2216 dum
1823 2161 1878 2216 in
1908 2177 2010 2232 pu-

430 2267 593 2320 gnam
654 2254 786 2312 ruit.
845 2253 900 2308 in
947 2253 1180 2308 insidias
1225 2255 1486 2324 delapsus
1519 2255 1790 2326 impingit,
1828 2267 1882 2310 et
1940 2256 2008 2311 ab

428 2343 697 2400 Annibale
755 2361 881 2401 cum
913 2347 1212 2416 .eqnitibus
1263 2357 1318 2404 et
1369 2347 1678 2416 elephantis
1737 2349 1790 2400 in
1825 2347 2008 2418 fugam

429 2439 772 2492 convertitur
809 2455 823 2491 :
856 2439 910 2492 in
967 2454 1076 2508 qua
1113 2439 1269 2492 multi
1322 2439 1473 2505 caesi,
1498 2438 1661 2494 multi
1716 2449 1922 2495 temere
1953 2442 2009 2497 in

429 2524 656 2582 ﬂuvium
705 2531 1030 2600 prmcipitati
1082 2521 1388 2602 perierunt,
1422 2531 1584 2602 pauci
1634 2547 1758 2588 cum
1822 2532 2010 2603 Longo

426 2634 677 2674 evasere.
702 2619 940 2676 Annibal
992 2636 1125 2676 vero
1153 2637 1218 2677 ea
1270 2622 1502 2677 victoria
1523 2638 1632 2679 non
1665 2633 1751 2679 est
1773 2623 2008 2692 laetatus,

426 2711 571 2781 quod
599 2720 655 2767 et
677 2713 881 2768 milites
901 2713 1105 2769 multos
1137 2722 1192 2770 et
1215 2713 1542 2784 elephantos
1565 2731 1760 2773 omnes
1807 2728 2011 2788 praeter

428 2819 622 2868 unum,
683 2804 884 2875 frigore
941 2813 998 2860 et
1033 2805 1356 2861 vulneribus
1385 2807 1670 2864 confectos
1725 2808 2007 2865 amiserat.

427 2892 609 2950 Factis
636 2892 804 2965 igitur
829 2894 950 2951 sine
985 2894 1193 2956 foedere
1236 2896 1498 2953 induciis.
1528 2898 1748 2969 utrique
1799 2899 1867 2954 ad
1921 2914 2012 2954 so-

425 2985 544 3041 cios
569 3001 629 3042 se
657 2986 1037 3050 contulerunt,
1076 2995 1133 3043 et
1164 2986 1219 3042 in
1241 3003 1437 3042 eorum
1465 2989 1698 3045 urbibus
1749 2989 2011 3045 hiberna-

2111 497 2296 564 ὄγκοις
2329 499 2439 553 τῶν
2467 498 2620 566 ζώων
2650 498 3104 569 ἐμποδιζομένου,
3131 499 3226 554 καὶ
3258 499 3693 570 σκεδαννυμένου

2114 590 2245 660 ῥᾷον
2278 589 2434 644 κάτω
2473 589 2626 660 σφῶν
2653 592 3050 663 διεπεραιώθη.
3086 590 3477 661 Καταληφθεὶς
3515 592 3610 646 οὖν
3663 594 3692 646 δ

2110 680 2353 735 Σκιπίων
2383 685 2526 737 κατὰ
2558 683 2744 754 χώραν
2773 684 2981 755 ἔμεινε.
3031 686 3144 740 Καὶ
3169 685 3469 755 ἐμαχέσατ’
3503 685 3592 750 ἂν,
3643 687 3694 741 εί

2113 776 2186 844 μὴ
2224 776 2420 839 νυκτὸς
2449 777 2500 829 οι
2533 777 2795 842 Γαλάται,
2825 778 2877 831 οἱ
2912 777 3031 848 μετ’
3077 776 3248 831 αὐτοῦ
3289 777 3690 848 ηὐτομόλησαν.

2121 867 2179 921 '0
2212 868 2258 922 δ’
2285 869 2380 924 οὖν
2411 869 2676 938 Σκιπίων,
2709 871 2803 924 ἐπὶ
2850 870 3026 942 τούτῳ
3071 870 3387 942 ταραχθεὶς,
3434 870 3530 925 καὶ
3584 871 3692 924 ὑπὸ

2109 959 2204 1014 τοῦ
2253 960 2572 1033 τραύματος
2638 961 3092 1033 ταλαιπωρήσας,
3141 962 3246 1015 ὑπὸ
3285 963 3462 1020 νύκτα
3531 959 3691 1030 αὖθις

2109 1050 2396 1122 ἐξανέστη,
2422 1052 2516 1106 καὶ
2543 1053 2638 1106 ἐπὶ
2657 1051 2933 1125 μετεώρου
2961 1052 3024 1106 τδ
3038 1053 3334 1123 τάφρευμα
3366 1055 3686 1124 ἐποιήσατο.

2110 1142 2304 1209 Δίωξις
2321 1143 2377 1197 δέ
2397 1143 2566 1197 αὑτοῦ
2597 1143 2696 1198 οὐκ
2719 1143 2956 1212 ἐγένετο.
2982 1145 3135 1198 Μετὰ
3167 1143 3224 1198 δέ
3247 1144 3407 1198 τοῦτο
3430 1144 3694 1213 ἀφίκοντο

2111 1232 2206 1284 καὶ
2233 1234 2282 1286 οἱ
2315 1233 2704 1304 Καρχηδόνιοι,
2729 1234 2826 1288 καὶ
2852 1233 2946 1286 τὸν
2975 1233 3225 1302 ποταμδν
3248 1233 3339 1287 διὰ
3355 1233 3520 1302 μέσου
3537 1251 3694 1304 ποιηο
3797 1257 3800 1260 ’

2112 1323 2362 1395 σάμενοι,
2396 1327 2982 1401 ἐστρατοπεδεύσαντο,
3026 1327 3084 1380 '0
3138 1327 3238 1396 μὲν
3299 1323 3394 1381 οὖν
3447 1327 3693 1380 Σκιπίων

2111 1417 2201 1472 διά
2233 1435 2291 1472 τε
2324 1418 2387 1473 τὸ
2414 1419 2641 1492 τραῦμα
2673 1421 2765 1474 καὶ
2812 1419 2902 1474 διὰ
2951 1419 3021 1474 τὰ
3066 1419 3457 1490 συμϐεϐηκότα
3507 1419 3691 1488 ἀνεῖχε

2110 1509 2206 1562 καὶ
2229 1509 2460 1581 δύναμιν
2485 1515 2898 1582 μετεπέμπετοο
2943 1510 3193 1572 Ἀννίϐας
3232 1510 3310 1576 δέ,
3346 1510 3518 1564 πολλὰ
3570 1527 3694 1564 πει-

2111 1601 2284 1674 ράσας
2313 1604 2692 1675 παρακινῆσαι
2721 1603 2859 1672 πρὸς
2896 1602 3093 1674 μάχην
3128 1601 3317 1668 αὑτὸν,
3374 1603 3500 1656 ἐπεὶ
3558 1601 3686 1656 οὕτε

2113 1693 2260 1748 τοῦτ’
2287 1693 2554 1764 ἠδυνήθη,
2586 1697 2678 1750 καὶ
2702 1696 2913 1765 τροφῆς
2941 1695 3228 1758 ἐσπάνισε,
3255 1693 3501 1766 φρουρίῳ
3524 1711 3693 1766 προσ-

2041 1755 2082 1814 B
2111 1755 2325 1853 ἐϐαλεν,
2357 1788 2415 1842 ἐν
2509 1755 2656 1851 diro;
2708 1755 2880 1851 τέυλῦέ
2895 1755 3012 1842 ⁷τῶν
3040 1755 3332 1858 Ῥωμαίων
3361 1755 3692 1841 enatam-Kal

2113 1877 2281 1949 μηδὲν
2340 1879 2636 1950 περαίνων,
2691 1879 2786 1932 τὸν
2831 1880 3184 1951 φρούραρχον
3237 1878 3515 1951 διέφθειρε
3559 1882 3694 1951 χρή·

2112 1987 2267 2039 μασι,
2305 1971 2527 2025 κάκεῖνό
2555 1988 2614 2024 τε
2644 1971 2906 2042 προδοθέν
2935 1972 3116 2035 ἔλαϐε,
3155 1971 3343 2026 καὶτὰ
3372 1972 3510 2027 ἄλλα
3544 1974 3694 2042 σχεῖν

2107 2061 2177 2114 τὰ
2224 2060 2319 2130 μέν
2353 2061 2558 2127 ὅπλοις,
2602 2062 2668 2115 τὰ
2694 2062 2749 2116 δέ
2782 2063 2992 2133 χρυσίῳ
3038 2064 3331 2132 ἐπήλπισε.
3367 2064 3487 2118 Κάν
3519 2063 3694 2135 τούτῳ

2108 2151 2138 2204 ὁ
2165 2153 2400 2221 Λόγγος,
2423 2153 2522 2224 τὴν
2545 2153 2794 2208 Σικελίαν
2821 2154 2902 2225 τῷ
2931 2153 3335 2226 ὑποστρατήγῳ
3368 2154 3690 2223 πιστεύσας,

2110 2240 2250 2310 πρὸς
2285 2241 2377 2294 τὸν
2425 2243 2708 2296 Σκιπίωνα
2761 2244 3105 2316 κεκλημένος
3165 2246 3416 2315 άφίκετο⁶
3480 2246 3578 2300 καὶ
3628 2247 3689 2299 οὐ

2110 2333 2293 2404 πολλῴ
2324 2333 2554 2406 ὕστερον
2583 2336 2687 2389 ὑπὸ
2725 2337 3066 2408 φιλοτιμίας,
3103 2338 3200 2391 καὶ
3225 2339 3306 2391 ὅτι
3339 2338 3494 2401 τινὰς
3520 2355 3692 2392 κατα-

2109 2427 2408 2498 τρέχοντας
2430 2427 2532 2498 τὴν
2555 2427 2746 2500 χώραν
2775 2430 3107 2500 ἐκράτησεν,
3132 2431 3212 2494 είς
3242 2420 3556 2503 παράταξιν
3583 2430 3691 2502 ῶρο

2112 2533 2276 2586 μησε,
2329 2517 2424 2571 καὶ
2479 2518 2690 2590 ἐσφάλη
2761 2519 3010 2589 ἐνέδραις
3061 2520 3399 2593 περιπεσών·
3453 2522 3547 2576 καὶ
3593 2521 3690 2576 τοῦ

2120 2607 2341 2663 Ἀννίϐα
2403 2608 2784 2676 ἐπεξελθόντος
2837 2611 2977 2681 μετὰ
3027 2612 3137 2665 τῶν
3195 2611 3380 2678 πεζῶν
3424 2614 3522 2668 καὶ
3583 2612 3690 2669 τῶν

2109 2698 2442 2768 ἐλεφάντων,
2469 2701 2520 2753 οί
2556 2702 2675 2770 μετ’
2700 2700 2866 2756 αὑτοῦ
2895 2703 3219 2775 ἐτράπησαν
3243 2707 3324 2768 είς
3350 2705 3556 2778 φυγὴν,
3594 2711 3690 2762 καὶ

2111 2789 2303 2844 πολλοὶ
2325 2789 2704 2861 διεφθάρησαν
2733 2792 2903 2865 φόνῳ,
2927 2792 3117 2847 πολλοὶ
3149 2796 3207 2849 δὲ
3237 2797 3333 2850 καὶ
3363 2799 3446 2861 είς
3470 2797 3575 2851 τὸν·
3595 2815 3691 2853 πο·

2109 2884 2287 2954 ταμὸν
2309 2882 2736 2954 ἀπερισκέπτως
2763 2886 3098 2956 ἐμπεσόντες
3119 2887 3446 2957 ἐπνίγησαν,
3475 2889 3551 2952 ώς
3579 2891 3690 2943 ὀλί-

2112 2989 2241 3042 γους
2282 2973 2423 3043 μετὰ
2452 2973 2546 3028 τοῦ
2583 2975 2798 3044 Λόγγου
2845 2977 3239 3049 περισωθῆναι.
3267 2979 3514 3049 Νικήσας
3557 2982 3688 3052 μένε

425 3087 570 3133 runt.
600 3080 678 3134 Ac
710 3079 973 3134 Romanis
999 3091 1342 3134 commeatus
1380 3081 1598 3135 abunde
1646 3082 1997 3151 Suppetebat.

2114 3081 2197 3118 τοι
2225 3069 2254 3120 ὁ
2285 3066 2556 3133 Ἀννίϐας,
2582 3067 2682 3121 οὐκ
2713 3066 2953 3139 ἔχαιρεν,
2986 3071 3069 3122 ὅτι
3093 3071 3434 3142 στρατιώτας
3468 3090 3529 3125 τε
3563 3075 3692 3128 πολ-

423 3168 657 3224 Annibal
685 3177 868 3224 autem
901 3184 1028 3224 cum
1052 3185 1115 3226 ea
1145 3186 1267 3240 quae
1287 3171 1420 3225 socii
1451 3171 1682 3236 dabant,
1716 3172 1852 3227 satis
1893 3188 2004 3228 non

2112 3157 2237 3222 λοὺς
2263 3161 2505 3224 καὶτοὺς
2533 3159 2846 3229 ’ἐλέφαντας
2880 3161 3019 3231 πλὴν
3069 3163 3186 3226 ἐνὸς
3211 3163 3316 3216 ὑπὸ
3353 3164 3448 3217 τοῦ
3477 3166 3688 3236 χειμῶ-

423 3269 631 3323 essent,
669 3259 1044 3312 Romanorum
1096 3273 1263 3328 pagos
1288 3266 1346 3312 et
1413 3259 1614 3330 oppida
1673 3259 2005 3331 invadendo,

422 3349 559 3404 alias
589 3349 867 3412 vincebat,
895 3349 1033 3404 alias
1055 3349 1426 3419 repellebatur
1460 3369 1476 3407 :
1506 3351 1808 3421 aliquando
1840 3368 2010 3424 eque-

424 3441 526 3498 atri
576 3441 878 3497 certamine
918 3457 946 3496 a
1001 3441 1189 3512 Longo
1249 3441 1450 3510 victus,
1516 3445 1717 3501 vulnus
1773 3447 2006 3517 accepit.

427 3535 585 3593 Unde
611 3535 834 3605 quidam
857 3551 924 3590 ex
955 3535 1220 3591 Romanis
1250 3545 1468 3608 sumpta
1498 3536 1716 3602 ﬁducia,
1756 3554 1855 3609 per
1888 3555 2009 3598 sese

424 3635 620 3682 contra
659 3642 785 3683 eum
821 3628 1024 3682 moenia
1075 3639 1856 3699 oppugnantem.ernperunt.
1895 3631 2006 3686 Sed

421 3729 478 3774 et
528 3719 603 3774 illi
637 3719 762 3774 caesi
789 3729 939 3782 sunt,
965 3726 1021 3773 et
1053 3717 1316 3788 oppidum
1341 3717 1484 3774 facta
1542 3720 1822 3777 deditione
1851 3738 2008 3777 ever-

423 3823 545 3864 sum
572 3825 588 3863 :
613 3818 670 3864 et
702 3825 770 3863 ex
799 3808 1034 3878 captivis
1063 3809 1294 3863 Romani
1333 3822 1526 3865 omnes
1569 3810 1868 3877 interfecti,
1902 3827 2008 3867 cae-

422 3897 532 3952 teri
547 3897 780 3952 dimissi.
807 3897 1066 3953 Eamdem
1099 3899 1369 3955 rationem
1407 3900 1463 3954 in
1485 3900 1745 3957 omnibus
1772 3903 2005 3971 captivis

421 3988 754 4054 observavit,
791 3999 853 4044 ut
877 4005 976 4058 per
1008 4005 1105 4045 eos
1128 3989 1296 4046 urbes
1323 3991 1430 4047 sibi
1481 3993 1824 4048 conciliaret.
1853 3993 2003 4061 Quin

419 4095 489 4134 ex
516 4080 743 4150 reliquis
775 4081 942 4136 etiam
955 4080 1147 4145 Gallis,
1169 4080 1466 4154 Liguribus
1478 4092 1535 4138 et
1557 4083 2001 4152 Etrusciszmulti,

420 4173 685 4228 Romanis
719 4173 777 4226 in
813 4171 930 4228 suis
956 4173 1176 4242 oppidis
1197 4175 1398 4244 partim
1421 4176 1640 4243 occisis,
1685 4178 1885 4247 partim
1909 4179 2006 4234 de-

422 4263 582 4329 ditis,
605 4263 955 4319 defecerunt.
1007 4264 1242 4320 Annibal
1283 4265 1338 4320 in
1386 4267 1666 4323 Etruriam
1713 4269 1914 4335 iturus,
1971 4287 2004 4328 α

425 4352 614 4423 Longo
645 4368 844 4424 magna
877 4361 1204 4424 tempestate
1233 4355 1524 4412 lacessitus
1544 4367 1630 4412 est
1662 4374 1676 4411 :
1713 4367 1769 4414 et
1811 4360 2002 4416 multis

2111 3267 2200 3314 νος
2247 3251 2344 3306 καὶ
2412 3251 2522 3305 τῶν
2578 3253 2918 3324 τραυμάτων
2974 3254 3276 3312 ἀπέϐαλεν.
3328 3256 3557 3328 Ἀνοχὴν
3597 3257 3688 3312 οὖν

2109 3342 2379 3397 ἄσπονδον
2409 3346 2795 3416 ποιησάμενοι,
2847 3345 2983 3416 πρὸς
3029 3347 3129 3415 τὴν
3161 3349 3481 3418 συμμαχίδα
3535 3351 3687 3418 σφῶν

2110 3433 2361 3506 ἑκάτεροι
2386 3435 2700 3508 ἐχώρησαν,
2728 3439 2830 3491 κάν
2861 3441 2980 3502 ταῖς
3024 3439 3245 3494 πόλεσιν
3304 3441 3482 3493 αὐτῶν
3540 3441 3686 3512 ἐχεί-

2113 3526 2308 3596 μαζον.
2336 3528 2446 3580 Καὶ
2475 3530 2589 3592 τοῖς
2635 3528 2736 3597 μὲν
2777 3530 3073 3599 Ῥωμαίοις
3120 3530 3329 3598 ἄφθονα
3375 3532 3568 3601 ἐφοίτα
3617 3531 3685 3586 τὰ

2108 3620 2413 3689 ἐπιτήδεια·
2433 3619 2491 3674 '0
2512 3619 2560 3674 δ’
2588 3621 2860 3689 Ἀννίϐας,
2889 3623 2989 3676 οὐκ
3012 3623 3353 3695 ἀρκούμενος
3391 3627 3508 3688 τοῖς
3534 3625 3685 3696 παρά

2106 3708 2216 3762 τῶν
2243 3709 2551 3782 συμμάχων
2577 3711 2905 3782 διδομένοις,
2939 3715 3058 3777 ταῖς
3080 3730 3141 3767 τε
3182 3714 3399 3787 κώμαις
3438 3717 3533 3771 καὶ
3563 3720 3686 3779 ταῖς

2108 3801 2299 3855 πόλεσι
2336 3802 2444 3856 τῶν
2486 3803 2776 3874 Ῥωμαίων
2805 3807 3188 3876 προσπίπτων,
3213 3807 3281 3860 τὰ
3301 3808 3402 3878 μὲν
3425 3811 3677 3882 ἐκράτει,

2105 3891 2173 3946 τὰ
2198 3893 2243 3947 δ’
2292 3894 2653 3963 ἀπεκρούετο,
2708 3896 2803 3950 καί
2863 3914 2999 3951 ποτε
3047 3898 3126 3970 τῷ
3174 3899 3387 3972 ίππικῷ
3423 3902 3531 3955 ὑπὸ
3586 3902 3682 3955 τοῦ

2106 3987 2318 4054 Λόγγου
2350 3987 2593 4058 νικηθεὶς
2627 3987 2867 4061 ἐτρώθη.
2902 3990 3294 4062 Θαρσήσαντες
3338 3989 3432 4048 οὖν
3466 3997 3530 4048 ἐκ
3560 3995 3686 4049 τού-

2103 4093 2198 4130 του
2227 4075 2374 4140 τινές
2404 4077 2515 4130 τῶν
2561 4075 2872 4147 Ῥωμαίων,
2896 4078 2991 4134 καὶ
3039 4081 3160 4136 καθ’
3225 4084 3455 4147 ἑαυτούς
3509 4102 3684 4151 προσ-

2105 4167 2354 4223 ϐάλλοντι
2409 4166 2594 4231 αὐτοῖς
2625 4168 2922 4238 ἐπεξῆλθον
2952 4208 2968 4235 ,
3000 4170 3287 4236 κάκείνους
3347 4191 3407 4226 τε
3438 4174 3684 4248 ἔφθειρε,
3750 4202 3754 4206 -

2105 4259 2201 4314 καὶ
2227 4257 2324 4312 τοῦ
2355 4259 2559 4332 χωρίου
2591 4259 2856 4332 ὁμολογίᾳ
2896 4261 3194 4335 ἐκράτησε.
3224 4263 3335 4318 Καὶ
3389 4265 3521 4319 αὐτὸ
3583 4267 3685 4336 μὲν

2105 4349 2419 4421 κατέσκαψε
2440 4366 2456 4382 ⁶
2487 4349 2597 4406 τῶν
2629 4351 2675 4405 δ’
2703 4353 3066 4424 αἰχμαλώτων
3091 4355 3218 4419 τοὺς
3245 4355 3345 4426 μὲν
3378 4354 3685 4427 Ῥωμαίους

424 4445 691 4514 utrinque
742 4444 922 4509 ca'sis,
964 4445 1019 4499 in
1047 4445 1324 4515 Liguriam
1368 4448 1672 4518 profectus,
1707 4449 1802 4505 diu
1835 4450 1910 4505 ibi
1941 4467 2000 4508 se

2108 4445 2421 4512 ἀπέκτεινε,
2447 4445 2577 4510 τοὺς
2605 4447 2652 4501 δ’
2682 4446 2876 4512 ἄλλους
2899 4449 3100 4518 ἀφῆκεο
3123 4448 3280 4502 τοῦτο
3309 4448 3364 4502 δέ
3389 4448 3474 4519 ἐφ’
3504 4450 3681 4505 ἅπασι

420 4537 718 4603 continuit,
742 4552 873 4592 suos
905 4553 1126 4607 quoque
1175 4548 1463 4607 suspectos
1502 4539 1735 4606 habens,
1785 4542 1998 4601 nemini

422 4643 628 4683 temere
661 4628 932 4684 credens:
956 4629 1051 4684 sed
1074 4639 1129 4686 ct
1173 4643 1323 4688 veste
1354 4642 1564 4690 mutata
1618 4645 1674 4690 et
1710 4651 1866 4690 coma
1897 4652 1998 4708 ap-

2103 4541 2218 4604 τοϊς
2249 4538 2659 4612 ξωγρουμένοις
2693 4539 2897 4605 ἐποίει,
2920 4539 3021 4604 τὰς
3047 4539 3235 4604 πόλεις
3276 4539 3345 4594 δι’
3390 4540 3575 4596 αὐτῶν
3599 4545 3682 4596 ol-

2106 4633 2449 4704 κειούμενος.
2494 4632 2716 4701 ’Λμέλει
2743 4633 2973 4686 καὶτῶν
3007 4631 3211 4685 λοιπῶν
3256 4632 3514 4688 Γαλατῶν
3551 4633 3684 4689 πολ-

421 4718 666 4789 posititia
703 4728 882 4785 utens,
905 4732 962 4776 et
987 4721 1122 4776 alias
1149 4723 1258 4778 alia
1295 4725 1475 4797 lingua
1527 4727 1760 4797 loquens
1793 4726 2004 4798 (plures

2108 4724 2186 4779 λοὶ
2218 4725 2312 4778 καὶ
2338 4723 2559 4795 Λιγύων
2590 4725 2685 4779 καὶ
2713 4723 3013 4796 Τυρσηνῶν
3044 4726 3171 4790 τοὺς
3214 4725 3522 4795 Ῥωμαίους
3557 4729 3686 4792 τοὺς

418 4811 567 4866 enim
603 4821 786 4877 norat,
823 4813 1106 4884 ipsamque
1146 4815 1419 4886 Latinam)
1447 4801 1504 4872 et
1550 4827 1714 4872 noctu
1747 4827 1804 4873 et
1837 4819 2004 4875 inter-

2108 4817 2236 4888 παρ’
2266 4815 2454 4878 αὐτοῖς
2476 4815 2638 4880 ὄντας
2655 4820 2704 4870 οί
2736 4817 2834 4888 μέν
2857 4818 3217 4887 φονεύσαντες
3264 4822 3312 4874 οί
3342 4819 3398 4874 δέ
3434 4822 3686 4888 ἐκδόντες

420 4904 514 4957 δίο
545 4903 784 4974 plurima
809 4911 866 4959 et
896 4904 1118 4961 videbat
1143 4905 1305 4977 412
1329 4919 1386 4963 et
1413 4906 1673 4962 audiebat
1705 4925 1719 4963 :
1750 4910 2000 4978 quaedam

2108 4908 2467 4980 μετέστησανο
2497 4909 2554 4972 ἐς
2581 4909 2764 4981 δὲτὴν
2813 4911 3125 4983 Τυρσηνίδα
3179 4911 3257 4985 τῷ
3317 4913 3549 4987 ’Λννίϐᾳ-
3585 4933 3685 4969 πο-

418 5008 586 5051 ettam
612 4995 964 5066 loquebatur,
992 5011 1224 5067 persona
1255 5011 1352 5052 sua
1377 4997 1745 5054 dissimulata.

2108 4997 2378 5068 ρευομένῳ
2399 4999 2427 5051 ὁ
2455 4998 2664 5068 Λόγγος
2693 4999 2938 5067 ἐπέθετο,
2975 5001 3245 5072 χειμῶνος
3278 5003 3476 5057 πολλοῦ
3528 5022 3686 5073 γενο-

425 5087 611 5156 μένου.
635 5088 924 5142 Πεσόντων
951 5087 1010 5142 δέ
1039 5088 1373 5160 ἀμφοτέροις
1404 5089 1634 5154 πολλῶν,
1664 5091 1693 5143 δ
1735 5090 2006 5161 Ἀννίϐας,
2047 5093 2106 5156 ἐς
2146 5090 2248 5161 τὴν
2320 5090 2661 5162 Λιγυστικὴν
2683 5090 2876 5156 ἐλθὼν,
2931 5093 3290 5168 ἐνδιέτριψεν·
3354 5096 3684 5152 ὑποπτεύων

420 5177 477 5230 δέ
500 5181 596 5231 καὶ
623 5179 750 5242 τοὺς
795 5178 1116 5250 σφετέρους,
1171 5179 1348 5233 οὐδενὶ
1417 5179 1615 5251 ῥᾳδίως
1673 5181 1982 5248 ἐπίστευεν,
2024 5181 2160 5236 ἀλλὰ
2205 5183 2305 5253 τὴν
2359 5183 2564 5253 ἐσθῆτά
2625 5200 2682 5236 τε
2719 5184 3071 5256 μεταϐάλλων
3108 5190 3203 5242 καὶ
3236 5190 3437 5260 κόμαις.
3465 5187 3686 5262 χρώμε-

425 5287 513 5332 νος
542 5271 872 5342 περιθέτοις,
903 5271 1005 5342 τήν
1028 5289 1086 5325 τε
1117 5271 1354 5338 διάλεξιν
1387 5272 1577 5328 ἄλλοτε
1629 5273 1797 5346 ἄλλην
1820 5275 2144 5348 ποιούμενος
2206 5277 2344 5348 (ᾔδει
2403 5277 2514 5346 γὰρ
2585 5276 2829 5343 πλείους,
2859 5279 2953 5333 καὶ
2981 5280 3080 5352 τὴν
3111 5283 3221 5337 τῶν
3263 5284 3534 5357 Λατίνων)
3591 5296 3682 5349 καὶ

425 5368 640 5435 νύκτωρ
663 5367 759 5419 καὶ
813 5367 933 5437 μεθ’
963 5367 1179 5439 ¹ἡμέραν
1208 5367 1378 5422 πολλὰ
1411 5368 1706 5422 ἐπεσκόπει
1755 5369 1922 5441 ἥκουέ
1950 5387 2010 5425 τε
2041 5371 2272 5427 πλεῖστα
2307 5373 2382 5436 ώς
2446 5375 2547 5428 οὐκ
2589 5373 2862 5440 Ἀννίϐας,
2908 5376 3002 5429 καί
3057 5394 3180 5432 τινα
3230 5379 3306 5444 ὡς
3361 5379 3553 5452 ἐτερός
3598 5402 3680 5448 τις

424 5453 748 5525 ἐφθέγγετο.

499 5545 665 5602 XXV.
697 5548 836 5602 Dum
861 5549 981 5605 haec
1012 5549 1067 5605 in
1104 5550 1260 5607 Italia
1296 5559 1585 5623 geruntur,
1621 5551 1762 5608 alter
1817 5551 2002 5623 Scipio

429 5638 596 5695 Caius
628 5641 682 5694 in
717 5638 993 5711 Hispaniis
1026 5644 1238 5714 appulit
1284 5660 1298 5702 :
1345 5652 1401 5699 et
1441 5659 1593 5698 oram
1627 5645 1746 5712 ejus
1793 5646 2004 5702 mariti-

438 5745 578 5788 mam
613 5746 834 5790 omnem
867 5749 1040 5804 usque
1065 5734 1130 5790 ad
1160 5735 1401 5805 lbcrum,
1427 5737 1596 5793 multa
1622 5738 1787 5795 etiam
1840 5753 2000 5810 supe-

2185 5551 2317 5608 KE'.
2358 5553 2446 5606 Ἐν
2478 5553 2576 5624 μὲν
2601 5547 2694 5605 οὖν
2725 5554 2790 5623 τῇ
2839 5552 3042 5625 Ἰταλίᾳ
3088 5555 3262 5618 ταῦτα
3318 5560 3550 5629 ἐγίνετο.
3622 5564 3681 5619 '0

2109 5645 2155 5699 δ’
2182 5644 2365 5715 ἔτερος
2397 5645 2637 5698 Σκιπίων
2671 5646 2699 5697 ὁ
2755 5644 2793 5696 Γ
2798 5645 2917 5708 ἁῖος
2961 5648 3042 5710 εἰς
3090 5648 3187 5720 τὴν
3233 5650 3472 5723 Ἰϐηρίαν
3521 5659 3681 5730 περέ-

2111 5739 2332 5806 πλευσε,
2363 5739 2454 5793 καὶ
2485 5737 2550 5793 τὰ
2586 5737 3003 5808 παραθαλάσσια
3027 5741 3198 5814 αὐτῆς
3223 5744 3383 5819 μέχρι
3403 5747 3498 5802 τοῦ
3533 5752 3652 5820 ’16η
