4008 6250
333 302 444 369 7‘05

1581 304 1994 367 ANNALIUM
2039 307 2195 369 LIB.
2234 308 2407 372 VllI.

3489 326 3597 390 706

334 436 428 489 ρος
462 414 643 471 πάντα
681 413 776 469 καὶ
808 412 921 468 τῶν
978 413 1092 469 ἀνω
1119 411 1292 484 συχνά
1342 411 1415 467 τὰ
1472 412 1573 485 μὲν
1608 415 1720 486 βίᾳ,
1753 414 1823 469 τὰ
1872 414 1913 467 δ’

2035 416 2179 471 riora
2220 417 2360 482 loca,
2413 418 2612 488 partim
2643 420 2716 487 vi,
2765 423 2965 493 partim
3023 425 3325 493 deditione,
3379 433 3595 494 Bauno-

330 509 529 563 ἑκόντα
570 505 930 577 προσείληφε,
959 507 1055 559 καὶ
1071 507 1162 559 τδν
1207 505 1465 560 Βαννῶνα
1493 506 1609 576 (52)
1664 508 1810 578 μάχῃ
1835 525 1915 560 νι-

329 604 505 672 κήσας
559 596 902 668 ἐζώγρησεν.
971 598 1038 651 '0
1092 597 1149 651 δὲ
1201 597 1297 651 τοῦ
1350 599 1598 651 Ἀννίϐου
1653 599 1910 670 ὁμαίμων

341 691 704 761 Ἀσδρούϐας,
750 688 945 760 μαθὼν
974 688 1171 753 ταῦτα,
1205 689 1360 755 διέϐη
1416 689 1509 743 τὸν
1554 690 1773 761 Ἴϐηρα,
1818 690 1913 743 καὶ

327 785 437 838 τῶν
469 784 858 856 μεταστάντων
888 782 1044 846 τινὰς
1071 782 1410 853 ἐπηγάγετοο
1438 782 1535 837 τοῦ
1571 782 1626 836 δὲ
1670 782 1911 836 Σκιπίω-

330 894 420 940 νος
490 875 819 938 ἐπελθόντος
880 874 1053 945 αὐτῷ,
1119 875 1497 947 ἀνεχώρησεν.
1532 877 1595 930 Ol
1661 877 1708 929 δ’
1755 877 1813 929 ὲν
1842 877 1908 947 τῇ

334 967 529 1038 Ῥώμη
553 966 646 1020 τὸν
676 964 974 1036 Φλαμίνιον
1007 968 1100 1020 καὶ
1127 967 1220 1021 τὸν
1265 967 1425 1020 Γάϊον
1468 966 1625 1030 αὖθις
1665 965 1909 1030 ὑπάτους

331 1062 558 1118 εἴλοντο.
594 1061 844 1124 Ἀννίϐας
873 1061 919 1115 δ’
952 1062 1080 1132 ἄρτι
1105 1061 1198 1114 τοῦ
1234 1060 1396 1131 ἔαρος
1452 1063 1797 1127 ἐπιστάντος,
1827 1061 1905 1127 ὡς

330 1155 476 1225 ἔγνω
505 1155 599 1209 τδν
648 1154 947 1224 Φλαμίνιον
990 1154 1130 1225 μετὰ
1195 1153 1292 1207 τοῦ
1328 1153 1640 1225 Σερουϊλίου
1675 1154 1908 1225 Γεμίνου

327 1251 475 1321 χειρὶ
506 1247 676 1320 πολλῇ
713 1244 800 1301 ἐπ’
829 1247 996 1302 αὐτὸν
1031 1247 1198 1313 ίόντα,
1236 1251 1374 1318 προς
1417 1246 1700 1319 ἐξαπάτην
1730 1246 1909 1301 αὐτῶν

328 1341 567 1411 ἐτράπη,
601 1338 699 1393 καὶ
731 1339 1103 1408 πλαττόμενος
1134 1338 1506 1410 ὲνδιατρίψειν
1531 1339 1650 1392 ἐκεῖ
1679 1339 1775 1392 καὶ
1805 1338 1909 1410 μά-

325 1448 431 1502 χην
468 1429 753 1499 συνάψειν,
784 1430 909 1484 ἐπεὶ
944 1432 1271 1501 νομίσαντες
1330 1430 1494 1484 αὐτὸν
1523 1430 1569 1484 cl
1642 1428 1907 1500 Ῥωμαῖοι

326 1525 472 1580 κατὰ
500 1525 687 1597 χώραν
718 1524 927 1596 μένειν,
956 1523 1176 1596 ἀμελῶς
1218 1523 1331 1577 τῶν
1383 1523 1521 1578 ὁδῶν
1573 1523 1755 1595 ἔσχον,
1812 1524 1908 1577 ἐπὶ

324 1617 422 1671 τοῦ
462 1618 836 1688 στρατοπέδου
868 1616 996 1679 τοὺς
1033 1616 1239 1679 ἱππέας
1281 1615 1599 1670 κατέλιπεν.
1638 1614 1811 1681 Δύτδς
1858 1612 1906 1669 δ’

326 1708 434 1762 ὑπὸ
481 1709 651 1763 νύκτα
708 1710 848 1779 ἄρας
884 1710 953 1764 τά
1014 1727 1075 1762 τε
1134 1709 1436 1781 στενόπορα
1502 1707 1621 1779 μεθ’
1673 1707 1907 1779 ἡσυχίας

325 1801 511 1873 διῆλθε
543 1802 805 1873 καὶπρὸς
848 1800 1084 1873 Ἀρίτιον
1121 1802 1407 1871 ἠπείγετο.
1465 1802 1576 1854 Καὶ
1604 1801 1654 1854 οἱ
1691 1801 1903 1867 ἱππεῖς,

326 1895 452 1947 ἐπεὶ
479 1893 617 1948 πολὺ
643 1893 937 1964 προῆλθεν,
991 1891 1243 1964 ἀπῄεσαν
1282 1892 1432 1963 αὐτῷ
1473 1893 1824 1965 ἐφεπόμενοι·
1857 1895 1907 1946 oi

331 1987 378 2040 δ’
406 1984 628 2052 ὕπατοι,
665 1987 887 2055 γνόντες
936 1987 1303 2057 ἠπατημένοι,
1336 1987 1564 2056 Γεμῖνος
1596 1986 1695 2057 μὲν
1740 1984 1907 2039 αὐτοῦ

328 2079 620 2150 ὑπέμεινε,
650 2083 786 2146 τούς
816 2081 865 2133 τ’
888 2082 1269 2151 ἀφεστηκότας
1296 2083 1565 2136 κακώσων
1605 2085 1700 2137 καὶ
1725 2081 1909 2136 κωλύ-

328 2189 439 2226 σων
471 2174 838 2245 ἐπικουρῆσαι
869 2174 1268 2244 Καρχηδονίοις
1291 2189 1305 2203 ⁶
1344 2175 1638 2246 Φλαμίνιος
1663 2172 1720 2227 δὲ
1747 2176 1910 2245 μόνος

329 2265 579 2329 ἐδίωκεν,
622 2266 693 2319 ἶν’
731 2266 899 2321 αὑτοῦ
951 2268 1115 2337 μόνου
1172 2268 1233 2321 τὸ
1273 2267 1434 2339 ἔργον
1482 2269 1584 2339 τῆς
1624 2269 1802 2340 νίκης,
1833 2268 1906 2333 ὡς

329 2357 490 2429 ᾤετο,
527 2357 774 2428 γένηται,
835 2358 929 2413 καὶ
957 2361 1019 2414 τδ
1051 2360 1288 2426 ’Δρίτιον
1336 2363 1772 2433 προκατέλαϐεν.
1849 2362 1908 2415 ὐ

327 2450 442 2523 γάρ
471 2449 748 2517 Ἀννίϐας,
785 2452 1203 2523 συντομωτέραν
1243 2455 1611 2524 τραπόμενος,
1668 2453 1909 2518 δυσὸδοις

328 2543 575 2614 ἐνέτυχε,
606 2545 700 2598 καὶ
730 2544 1061 2617 ἀνθρώπους
1094 2538 1361 2617 συχνοὺς,
1405 2547 1500 2600 καὶ
1553 2544 1723 2600 πολλὰ
1773 2547 1910 2600 ὑπο-

330 2632 520 2704 ζύγια,
547 2635 643 2689 καὶ
674 2637 767 2690 τὸν
785 2636 976 2708 ἕτερον
992 2637 1102 2691 τῶν
1134 2636 1435 2707 ὀφθαλμῶν
1459 2637 1754 2693 ἀπέϐαλεν.
1780 2638 1910 2707 Ὀψὲ

330 2727 379 2782 δ’
415 2727 511 2783 οὖν
551 2729 689 2801 πρὸς
721 2731 783 2783 τὸ
814 2730 1051 2801 Ἀρίτιον
1078 2730 1274 2796 ἐλθὼν,
1307 2731 1404 2786 καὶ
1434 2730 1615 2803 εὑρὼν
1652 2734 1768 2784 ἐκεῖ
1818 2732 1911 2786 τὸν

330 2822 650 2891 ⁴ὶλαμίνιον,
690 2823 1103 2895 κατεφρόνησεν
1123 2821 1314 2889 αὑτοῦ,
1350 2824 1445 2877 καὶ
1487 2823 1637 2894 μάχῃ
1691 2823 1791 2893 μὲν
1846 2822 1908 2877 οὗ

332 2913 599 2968 συνέϐαλε
629 2913 709 2985 (τὺ
749 2913 860 2984 γὰρ
890 2915 1092 2986 χωρίον
1143 2915 1528 2985 ἀνεπιτήδειόν
1582 2917 1632 2968 οί
1691 2915 1909 2985 ἐδόκει),

332 3009 535 3078 πεῖραν
557 3007 615 3061 δι
638 3007 806 3062 αὐτοῦ
840 3008 1187 3079 ποιούμενος,
1232 3007 1415 3079 ἔκειρε
1448 3007 1550 3080 τὴν
1570 3008 1774 3081 χώραν·
1808 3010 1912 3063 κάν

1934 1764 1983 1825 Β

2018 524 2143 562 nem
2174 524 2394 579 quoque
2426 514 2617 582 praelia
2646 513 2853 570 victum
2888 520 3053 587 cepit.
3084 518 3296 587 Quibus
3317 524 3595 587 Asdrubal

2019 599 2192 691 irater
2256 603 2547 659 Annibalis
2569 608 2827 678 cognitis,
2867 610 3021 667 Ibero
3063 630 3345 687 superato,
3372 627 3430 676 ει
3468 624 3595 691 quis

2014 690 2247 749 busdam
2281 712 2345 750 ex
2394 696 2461 751 iis
2511 700 2605 768 qui
2662 702 2985 758 defecerant
3036 710 3295 778 receptis,
3347 690 3591 782 Scipioni

2013 794 2203 840 contra
2223 802 2281 843 se
2315 790 2469 843 eunti
2492 792 2679 845 cessit.
2712 793 2947 851 Romani
2978 795 3309 856 Flaminium
3327 804 3589 861 etCaium

2013 878 2199 933 denuo
2223 882 2479 938 consules
2502 895 2781 940 crearunt.
2808 887 3043 944 Annibal
3070 891 3159 946 ubi
3192 891 3414 951 ineunte
3438 914 3590 961 vere,

2012 970 2341 1027 Flaminium
2401 983 2458 1029 ct
2508 974 2802 1032 Servilium
2859 980 3151 1038 Geminum
3212 1001 3337 1040 cum
3396 1004 3590 1059 magna

2012 1076 2176 1116 manu
2201 1064 2499 1120 adventare
2529 1069 2808 1137 cognovit,
2842 1071 2911 1125 ad
2958 1089 3053 1128 eos
3083 1074 3438 1147 decipiendos
3462 1096 3593 1135 cons

2012 1164 2227 1216 versus,
2286 1168 2457 1223 seque
2506 1154 2579 1210 ibi
2642 1169 2983 1215 moraturum
3043 1172 3322 1235 etpugnze
3377 1172 3591 1240 c0piam

2011 1241 2121 1298 illis
2167 1242 2442 1300 facturum
2503 1248 2841 1315 simulando,
2876 1252 3006 1308 dum
3043 1255 3279 1312 Romani
3312 1275 3503 1315 verum
3534 1262 3587 1316 id

2013 1348 2137 1391 esse
2172 1336 2301 1402 rati,
2336 1338 2451 1393 vias
2502 1339 2850 1411 negligenter
2901 1347 3246 1415 custodiunt,
3305 1351 3589 1421 equitibus

2012 1426 2067 1481 in
2122 1428 2321 1486 castris
2362 1430 2589 1499 relictis,
2649 1443 2933 1507 noctuque
2961 1440 3198 1495 sarcinis
3243 1443 3508 1509 collectis,
3531 1453 3590 1499 et

2010 1522 2281 1591 angustiis
2305 1538 2406 1594 per
2432 1524 2608 1580 otium
2636 1529 2935 1597 superatis,
2967 1530 3216 1587 Aretium
3257 1534 3541 1589 contendit
3570 1554 3584 1588 :

2012 1611 2293 1682 equitibus
2313 1614 2503 1684 etiam,
2523 1632 2648 1672 cum
2666 1619 2825 1692 longe
2845 1623 3231 1691 processisset,
3254 1625 3592 1683 consecutis.

2011 1703 2281 1764 Consules
2331 1717 2394 1764 ut
2424 1724 2483 1766 se
2523 1711 2785 1783 deceptos
2831 1730 2952 1769 esse
2980 1725 3296 1781 senserunt.
3327 1718 3591 1773 Geminus

2011 1797 2086 1853 ibi
2117 1801 2408 1865 mansit,ul
2458 1792 2555 1859 eOs
2593 1805 2689 1875 qui
2726 1805 3044 1862 defecerant
3082 1819 3325 1876 vexaret,
3368 1819 3424 1864 et
3460 1810 3594 1866 Car-

2012 1891 2449 1963 thaginiensibus
2486 1911 2643 1967 opem
2698 1897 2844 1953 ferre
2889 1901 3233 1970 prohiberet.
3293 1903 3594 1959 Flaminius

2009 2000 2141 2039 vero
2173 1986 2324 2042 solus
2352 1988 2622 2045 abeuntes
2664 2003 3015 2061 persecutus,
3043 2002 3099 2048 ut
3122 1994 3354 2049 victoria
3379 1995 3594 2051 scilicet

2010 2078 2095 2131 sui
2134 2080 2298 2134 unius
2327 2094 2495 2144 esset,
2532 2082 2778 2138 Aretium
2808 2094 2933 2141 ante
2964 2088 3279 2157 occupavit.
3311 2088 3445 2142 Nam
3478 2088 3595 2143 Anv

2010 2168 2174 2248 nibal.
2216 2171 2348 2226 dum
2402 2173 2725 2242 compendia
2778 2178 2996 2245 qumrit,
3059 2178 3116 2231 in
3171 2178 3594 2238 lnviaincidit;

2011 2261 2325 2331 multosque
2372 2265 2651 2333 mortales,
2714 2267 2887 2322 multa
2964 2267 3236 2338 iumenta,
3278 2279 3333 2323 et
3358 2269 3592 2325 alterum

2011 2354 2234 2408 oculum
2267 2355 2475 2409 amisit.
2510 2355 2646 2411 Sero
2678 2357 2898 2414 tandem
2930 2360 2997 2413 ad
3031 2360 3281 2414 Are-tium
3338 2376 3595 2430 progres-

2012 2463 2126 2515 sus,
2158 2448 2487 2503 Flaminium
2513 2450 2626 2505 illic
2658 2450 2946 2507 inventum
2990 2453 3324 2524 contempsit
3357 2469 3459 2508 :ae
3491 2469 3597 2524 pu-

2013 2555 2116 2611 gna
2148 2540 2372 2611 quidem
2403 2541 2674 2596 abstinuit
2702 2543 2877 2613 (locus
2905 2543 3054 2598 enim
3094 2544 3481 2599 incommodus
3509 2546 3595 2597 vi-

2014 2634 2292 2703 debatur),
2320 2635 2416 2690 sed
2447 2634 2691 2690 hominis
2709 2628 2990 2707 ingenium
3021 2637 3366 2708 periclitans,
3398 2653 3591 2708 agrum

2013 2730 2272 2786 vastavit.
2303 2729 2440 2785 Cum
2476 2746 2609 2784 vero
2641 2730 2876 2785 Romani
2905 2732 3306 2797 excurrissent,
3338 2730 3600 2788 simulato

2016 2832 2163 2877 metu
2198 2821 2418 2875 reduxit
2447 2822 2751 2877 exercitum
2786 2839 2799 2875 :
2834 2831 2889 2876 et
2918 2834 3088 2877 noctu
3141 2822 3338 2878 castris
3378 2838 3600 2893 promo-

2016 2914 2109 2979 tis,
2146 2913 2380 2984 locoque
2406 2929 2601 2984 pugnae
2634 2913 2835 2968 idoneo
2865 2923 3046 2983 capto,
3083 2914 3331 2985 peditum
3385 2922 3597 2984 partem

2014 3008 2308 3063 maximam
2341 3006 2396 3061 in
2444 3005 2725 3061 montibus
2755 3005 2808 3060 in
2846 3004 3063 3064 insidiis
3096 3005 3404 3071 collocavit,
3437 3004 3598 3075 equi-

330 3100 510 3172 τούτῳ
537 3100 999 3173 ἐπεκδραμόντων
1033 3101 1143 3154 τῶν
1190 3100 1502 3171 Ῥωμαίων,
1532 3101 1907 3170 ἐπανήγαγεν,

2018 3108 2189 3157 latum
2238 3112 2459 3154 omnem
2512 3107 2667 3153 extra
2723 3099 3007 3169 angustias
3067 3097 3205 3153 clam
3235 3097 3291 3152 in
3333 3096 3599 3152 subsidiis

334 3193 423 3247 ἵνα
455 3193 742 3263 φοϐεῖσθαι
770 3193 923 3265 δόξῃ.
952 3193 1066 3262 Τῆς
1093 3192 1151 3247 δὲ
1172 3191 1369 3257 νυκτὸς
1399 3191 1720 3259 ἐξαναστὰς,
1784 3193 1910 3246 ἑπι-

330 3287 547 3359 τήδειόν
564 3305 618 3341 τι
641 3287 997 3360 χωρίοχπρδς
1019 3288 1117 3356 τὴν
1139 3286 1321 3359 μάχην
1341 3287 1540 3358 εὑρὼν,
1569 3287 1776 3358 ἔμεινε.
1799 3286 1911 3340 Καὶ

332 3377 431 3431 τοῦ
464 3377 564 3446 μὲν
590 3378 758 3442 πεζοῦ
787 3379 848 3431 τδ
888 3378 1076 3432 πλεῖον
1116 3380 1260 3432 κατά
1297 3379 1364 3432 τὰ
1389 3378 1490 3449 ὅρη
1532 3378 1697 3451 λοχᾷν
1728 3378 1909 3447 ἔταξε,

331 3470 396 3521 τὸ
422 3470 471 3522 δ’
508 3470 737 3524 ἱππικὸν
769 3469 993 3541 σύμπαν
1023 3469 1127 3535 ἔξω
1165 3470 1275 3524 τῶν
1302 3472 1505 3526 στενῶν
1533 3471 1756 3541 ἀφανῶς
1808 3474 1909 3541 ὲφ-

333 3559 576 3631 εδρεύειν
606 3559 875 3625 ἐκέλευσε,
910 3561 1002 3613 καὶ
1051 3560 1214 3624 αὐτὸς
1242 3560 1335 3613 ἐπὶ
1378 3559 1471 3615 τοῦ
1516 3560 1756 3631 γηλόφου
1794 3556 1912 3630 μετ’

334 3652 537 3720 ὀλίγων
563 3650 1128 3721 ἐστρατοπεδεύσατο.
1173 3651 1234 3706 '0
1251 3652 1309 3707 δὲ
1338 3651 1636 3723 Φλαμίνιος
1672 3654 1731 3705 ὲν
1782 3667 1914 3721 φρο-

338 3746 546 3815 νήματι
573 3743 669 3812 ὣν,
701 3746 797 3800 καὶ
819 3746 912 3798 ἐπὶ
933 3744 1209 3816 μετεώρου
1232 3745 1330 3798 σὺν
1353 3743 1553 3812 ὀλίγοις
1578 3743 1741 3798 αὑτὸν
1764 3741 1908 3807 ἰδὼν,

335 3839 439 3910 τήν
466 3855 526 3891 τε
568 3838 762 3909 λοιπὴν
788 3838 1051 3908 στρατιὰν
1082 3838 1274 3910 πόρρω
1308 3853 1403 3890 ποι
1439 3837 1793 3905 πεπομφέναι
1823 3850 1914 3888 νο-

342 3932 529 4001 μίσας,
569 3930 767 4001 ῥᾳδίως
799 3930 1188 4001 μεμονωμένον
1238 3930 1492 4000 αἱρήσειν
1547 3930 1770 4001 ἦλπισε,
1818 3933 1914 3987 καὶ

336 4024 397 4085 ἐς
425 4021 485 4075 τὸ
510 4024 693 4075 στενὸν
719 4021 1144 4092 ἀπερισκέπτως
1175 4020 1415 4092 είσῆλθε,
1456 4021 1733 4076 κάνταῦθα
1794 4022 1914 4095 (ὀψὲ

286 4097 293 4103 ’
337 4114 451 4186 γὰρ
479 4110 569 4187 ἦν)
592 4115 875 4187 ηὐλίσατο,
913 4116 1006 4168 καὶ
1043 4115 1151 4168 ὑπὸ
1185 4115 1359 4185 μέσας
1386 4114 1591 4181 νύκτας
1615 4115 1720 4169 ὑπδ
1748 4133 1916 4171 κατα-

342 4203 660 4277 φρονήσεως
701 4202 900 4266 αὐτοὺς
931 4201 1280 4271 ἀφυλάκτους
1306 4203 1671 4269 καθεύδοντας
1701 4221 1913 4262 παντα-

340 4293 499 4365 χόθεν
528 4292 666 4363 ὁμοῦ
699 4295 996 4365 περιέσχον
1050 4295 1105 4348 οίι
1140 4294 1506 4366 Καρχηδόνιοι
1562 4298 1660 4351 καὶ
1701 4298 1918 4371 πόρρω-

342 4387 435 4441 θεν
461 4387 735 4450 ἀκοντίοις
768 4386 866 4440 καὶ
888 4386 1205 4457 σφενδόναις
1254 4388 1351 4443 καλ⁵
1406 4388 1730 4461 τοξεύμασι,
1791 4393 1917 4456 τοὺς

348 4482 449 4553 μὲν
470 4472 869 4552 εὐναζομένους
892 4482 996 4550 ἔτι,
1026 4483 1151 4545 τοὺς
1175 4482 1231 4535 δὲ
1259 4482 1331 4536 τὰ
1366 4484 1508 4536 ὅπλα
1538 4483 1916 4554 λαμϐάνοντας
1941 4465 1996 4527 D

341 4573 606 4637 ἔκτεινον,
629 4574 784 4628 αὐτοὶ
809 4574 882 4645 μή
910 4591 961 4627 τι
992 4574 1165 4628 δεινὸν
1210 4576 1658 4646 ἀντιπάσχοντες·
1715 4576 1766 4629 ei
1806 4578 1917 4647 γὰρ

359 4668 645 4740 Ῥωμαῖοι,
683 4666 912 4738 μηδενὸς
940 4669 1123 4731 αὐτοῖς
1156 4669 1632 4740 συμπλεκομένου,
1694 4669 1918 4735 σκότους

340 4776 402 4814 τε
440 4762 535 4814 atati.
564 4760 798 4832 ὁμίχλης
824 4758 1016 4827 οὔσης,
1068 4761 1168 4813 οὑκ
1202 4757 1348 4831 εἶχον
1376 4763 1442 4832 τῇ
1497 4762 1739 4833 σφετέρα
1784 4763 1920 4835 χρή-

345 4852 542 4907 σασθαι
581 4854 773 4924 ἀρετῇ.
829 4851 1098 4915 Τοσοῦτος
1140 4853 1185 4906 δ’
1236 4852 1455 4921 ἐγένετο
1525 4853 1774 4926 θόρυϐος,
1825 4854 1919 4907 καὶ

344 4946 571 5016 τοιαύτη
613 4945 939 5018 ταραχώδης
972 4944 1233 5014 ἔκπληξις
1258 4946 1523 5016 κατέσχεν
1566 4946 1783 5010 αὐτοὺς,
1844 4945 1919 5008 ὡς

350 5038 612 5109 μηδὲτῶν
637 5038 884 5108 σεισμῶν
931 5038 1041 5090 τῶν
1090 5038 1212 5091 τότε
1254 5039 1566 5108 γενομένων
1610 5037 1917 5101 αἰσθέσθαι,

346 5129 551 5199 καίπερ
582 5129 754 5181 πολλὰ
791 5118 1330 5200 μὲνόίκοδομήματα
1376 5130 1714 5200 κατερράγη,
1749 5128 1921 5182 πολλὰ

346 5221 404 5275 δὲ
427 5222 523 5274 καὶ
554 5222 664 5275 τῶν
703 5221 846 5291 δρῶν
879 5221 945 5275 τὰ
985 5220 1086 5291 μὲν
1115 5222 1321 5292 διέσχε,
1355 5222 1423 5273 τὰ
1457 5220 1513 5273 δὲ
1544 5220 1642 5273 καὶ
1695 5222 1927 5273 συνέπε-

349 5328 464 5374 σεν,
492 5312 567 5375 ὡς
600 5313 694 5365 καὶ
724 5314 825 5374 τὰς
851 5314 1145 5382 φάραγγας
1188 5311 1493 5383 ἐμφράξαι,
1545 5311 1641 5365 καὶ
1687 5311 1925 5382 ποταμοὶ

348 5403 405 5456 δὲ
431 5405 532 5474 τῆς
561 5404 799 5476 ἀρχαίας
826 5405 1004 5472 ἐξόδου
1035 5405 1492 5467 ἀποκλεισθέντες
1532 5403 1700 5474 ἄλλην
1763 5404 1926 5475 ἐτρά-

350 5509 533 5547 ποντο.
570 5493 815 5547 Τοοῦτοι
872 5494 1085 5564 σεισμοὶ
1151 5493 1252 5565 μὲν
1292 5495 1393 5564 τὴν
1429 5493 1736 5567 Τυρσηνίδα
1791 5510 1924 5546 κατ-

2015 3207 2139 3249 esse
2181 3189 2367 3263 jussit,
2390 3190 2527 3262 ipse'
2567 3190 2624 3245 in
2660 3190 2872 3245 tumulo
2912 3204 3037 3245 eum
3073 3189 3267 3260 paucis
3303 3180 3600 3245 castraba-

2016 3284 2157 3341 buit.
2180 3283 2249 3340 At
2286 3283 2588 3339 Flaminius
2613 3283 2718 3339 sibi
2753 3283 2947 3351 fidens,
2976 3300 3102 3339 cum
3150 3299 3278 3339 eum
3305 3300 3430 3339 cum
3465 3300 3600 3355 pau-

2017 3378 2097 3434 cis
2123 3378 2179 3432 in
2226 3377 2364 3433 colle
2390 3376 2640 3442 vidisset,
2684 3385 2740 3431 et
2772 3376 2935 3446 longe
2987 3376 3273 3448 ablegasse
3321 3375 3600 3451 reliquum

2018 3468 2329 3524 exercitum
2358 3476 2601 3538 putaret,
2629 3481 2724 3537 spe
2754 3467 2874 3538 ejus
2897 3466 2973 3524 ita
3010 3466 3263 3523 destituti
3297 3460 3459 3523 facile
3505 3483 3599 3522 ca-

2017 3560 2206 3634 piendi
2250 3569 2542 3630 concepta,
2603 3568 2810 3614 temere
2869 3558 3151 3628 angustias
3235 3566 3320 3613 est
3388 3559 3601 3628 ingres-

2019 3672 2138 3724 sus,
2193 3656 2382 3724 ibique
2422 3654 2633 3724 (serum
2691 3652 2839 3706 enim
2895 3652 3006 3707 diei
3050 3650 3187 3720 erat)
3222 3649 3453 3719 quievit.
3484 3650 3600 3706 Sub

2018 3761 2241 3808 noctem
2282 3748 2515 3803 mediam
2579 3743 3065 3815 Carthaginienses
3106 3759 3203 3798 eos
3253 3743 3372 3797 sine
3428 3759 3600 3798 excu-

2017 3844 2127 3900 biis
2198 3841 2360 3914 (adeo
2422 3839 2529 3895 sibi
2588 3835 2964 3909 praetidebant)
3030 3833 3370 3890 dormientes
3401 3873 3418 3900 ,
3473 3849 3600 3889 cum

2018 3937 2181 4010 5.13
2208 3933 2403 3990 eodem
2435 3940 2681 4002 tempore
2728 3929 2797 3984 ab
2830 3926 2983 3983 omni
3025 3936 3181 3997 parte
3213 3926 3264 3983 ci
3278 3925 3605 3983 reumdede-

2020 4038 2152 4085 runt
2182 4046 2195 4081 :
2233 4036 2398 4096 atque
2423 4024 2644 4080 eminus
2672 4021 2893 4094 jaculis,
2953 4017 3160 4082 fundis,
3197 4016 3430 4089 sagittis,
3461 4017 3603 4073 alios

2019 4120 2288 4178 cubantes
2312 4117 2515 4181 adhuc,
2546 4115 2686 4171 alios
2713 4128 2866 4170 arma
2903 4111 3219 4181 induentes,
3249 4111 3476 4181 impune
3506 4124 3605 4165 oc-

2022 4197 2297 4270 ciderunt.
2340 4208 2573 4266 Romani
2613 4210 2759 4264 enim
2797 4208 2853 4262 in
2891 4205 3136 4261 tenebris
3172 4211 3230 4259 et
3277 4203 3480 4258 nebula
3506 4218 3611 4257 ne-

2022 4306 2171 4361 mine
2202 4303 2455 4360 cominus
2495 4314 2814 4369 congresso,
2866 4297 3071 4353 virtute
3117 4310 3215 4351 sua
3255 4293 3336 4348 uti
3364 4308 3473 4348 non
3506 4306 3608 4363 po-
3682 4316 3687 4319 -

2023 4405 2271 4454 tuerunt.
2318 4394 2530 4449 Tantus
2578 4402 2764 4447 autem
2818 4389 3088 4445 tumultus
3139 4387 3265 4453 fuit,
3307 4395 3454 4441 tanta
3481 4401 3608 4455 per-

2024 4489 2289 4548 turbatio.
2327 4495 2516 4542 tantus
2544 4492 2727 4539 terror
2749 4498 2845 4537 eos
2875 4480 3097 4546 invasit,
3137 4488 3195 4533 ut
3261 4485 3607 4533 terramotus

2023 4581 2118 4652 qui
2144 4589 2259 4634 tum
2285 4576 2508 4641 ﬁebant,
2537 4591 2644 4631 non
2681 4574 2974 4638 sentirent,
3005 4572 3254 4644 quamvis
3279 4571 3449 4624 multa
3474 4568 3609 4625 aedi-

2025 4671 2148 4726 ﬁcia
2177 4677 2525 4734 corruerent,
2560 4668 2719 4723 multi
2756 4677 2973 4722 montes
3007 4667 3205 4738 partim
3239 4664 3607 4729 ﬁnderentur,

2025 4761 2223 4833 partim
2277 4760 2507 4830 collapsi
2559 4760 2729 4814 valles
2774 4760 3212 4831 complanarcnt,
3267 4767 3324 4812 et
3381 4756 3607 4810 ﬂumina

2026 4851 2311 4907 veteribus
2361 4852 2532 4906 alveis
2580 4851 2847 4914 exclusa,
2899 4851 3008 4904 alio
3057 4856 3427 4903 verterentur.
3477 4845 3608 4909 Qua

2026 4958 2150 4998 cum
2173 4943 2227 4995 in
2258 4942 2479 4996 Etruria
2505 4940 2719 5007 ﬁerent,
2749 4956 2778 4995 a
2804 4939 3177 5012 pugnantibus
3206 4953 3312 4991 non
3338 4945 3464 4990 sunt
3490 4934 3609 4987 ani-

2027 5034 2332 5088 madversa.
2367 5034 2583 5088 Cecidit
2610 5034 2724 5104 ipse
2763 5032 3085 5094 Flaminius,
3115 5040 3170 5084 et
3204 5028 3438 5082 maxima
3471 5025 3611 5077 mul-

2031 5125 2245 5182 titudo:
2289 5126 2602 5195 complures
2625 5125 2789 5180 etiam
2819 5123 3029 5177 tumulo
3046 5119 3280 5189 quodam
3314 5126 3609 5184 occupato.
3660 5178 3672 5187 _

2026 5218 2123 5272 ubi
2151 5216 2371 5282 diluxit,
2406 5217 2531 5287 fuga
2557 5218 2787 5272 salutem
2812 5213 3119 5287 quaesituri,
3167 5210 3333 5279 capti,
3365 5223 3514 5261 arma
3550 5214 3608 5261 et

2024 5310 2376 5379 semetipsos,
2417 5310 2742 5378 impunitate
2783 5307 3073 5377 promissa,
3107 5301 3461 5358 dediderunt.
3500 5297 3609 5354 Sed

2020 5403 2259 5458 Annibal
2289 5401 2651 5473 iurisiurandi
2691 5415 2882 5469 parum
2936 5411 3167 5455 memor,
3205 5408 3397 5448 omnes
3427 5393 3604 5461 capti-

2020 5510 2121 5550 vos
2150 5494 2245 5565 qui
2288 5492 2343 5547 in
2397 5492 2592 5546 castris
2616 5496 2795 5556 erant,
2834 5502 2898 5544 ex
2940 5484 3178 5544 subditis
3207 5493 3261 5540 et
3286 5485 3453 5540 sociis
3497 5483 3613 5539 Ro-

1539 5650 1737 5714 Varize
1772 5651 2080 5715 lectiones
2123 5657 2184 5715 et
2217 5660 2413 5715 notua.

418 5776 530 5853 (32)
564 5775 874 5838 Βαννῶνα.
938 5778 1018 5835 Ita
1069 5779 1223 5852 Regii
1269 5788 1325 5836 et
1385 5776 1629 5835 Colbert.
1684 5776 1913 5835 Wolﬁus

2016 5779 2220 5835 ιανῶνα
2252 5776 2519 5833 ediderat.
