2004 3125
195 128 248 162 707

803 134 807 138 ι
830 116 992 150 IOANNIS
1010 114 1170 147 ZONAIH!
1182 129 1185 136 ε

1768 108 1821 142 703

194 190 338 213 manorum
350 179 473 209 dimisit:
488 179 626 206 Romanos
637 175 711 211 ipsos
724 174 751 202 in
764 174 880 211 vinculis
892 180 981 201 asser-

1044 180 1109 207 ιχον,
1123 171 1154 197 οὑ
1172 170 1264 206 μέντοι
1277 170 1323 196 καὶ
1330 170 1354 196 οἱ
1373 168 1522 204 μαχόμενοι
1532 167 1562 194 ιν
1576 165 1666 202 ἑννοίᾳ
1678 166 1755 202 σφῶν
1763 167 1823 202 ὶγέ-

194 230 279 259 vavit.
302 228 350 256 His
371 227 450 258 actis,
466 225 565 252 itinere
588 222 703 249 Romam
720 221 836 251 intento,
851 219 981 247 Narniam

194 283 283 311 usque
298 281 378 310 agros
402 270 545 301 vastando,
572 273 599 296 et
622 267 704 295 urbes
732 264 896 300 subigendo,
914 263 983 299 ερον

194 323 250 350 leto
268 324 392 354 excepto,
410 322 582 353 progressus,
606 313 637 342 C.
656 312 820 340 Centenium
838 315 982 346 praetorem

196 369 426 395 circumventum,
438 361 546 389 evitatis
556 358 742 395 ejuszinsidiis,
753 356 864 384 occidit.
880 356 901 383 Α
915 355 985 390 Spo-

197 414 252 441 leto
274 411 411 446 repulsus,
435 417 498 436 cum
527 411 639 442 pontem
656 405 737 432 Naris
751 403 887 438 deiectum
902 401 986 429 vidis—

197 463 250 491 set,
267 459 394 492 idemque
411 455 518 484 caeteris
533 452 705 483 iiuntinibus.
726 458 788 486 qua:
805 449 923 478 transire
939 456 987 476 ne-

196 512 272 532 cesse
297 502 428 536 habebat,
442 508 503 528 esse
523 500 626 528 factum
647 497 791 526 audisset:
812 496 914 524 omisso
931 495 986 522 Ro-

197 559 277 579 tnano
294 550 403 582 itinere,
431 548 458 575 in
479 546 657 582 Campaniam
682 552 711 572 se
734 543 882 574 convertit,
907 542 987 577 cujus

196 598 285 626 solum
303 594 514 627 fertilissimum,
529 597 558 621 et
578 590 821 627 urbem/Capuam
840 588 986 616 maximam

197 650 259 670 esse
278 640 419 668 audiebat.
431 639 505 673 Quas
519 638 541 666 si
555 641 728 673 occupasset,
754 643 783 663 se
797 638 896 662 caetera
911 633 987 661 brevi

199 694 322 723 tempore
336 687 509 722 adiecturum
524 683 649 720 putabat.
664 681 782 711 Romani
799 681 878 709 clade
893 679 987 708 audita

199 733 289 761 moesti
303 738 385 767 atque
402 730 487 763 anxii,
511 733 538 757 et
559 728 723 763 semetipsos
747 731 774 754 et
791 733 876 753 caesos
892 725 989 760 lugen-

199 786 251 813 tes,
275 783 371 813 pontes
396 776 515 808 Tiberis,
533 779 635 810 prater
653 780 750 804 unum,
772 771 945 806 dejecerunt,
960 774 989 797 et

199 826 299 854 mamia
316 823 410 852 multis
426 823 452 849 in
465 821 535 849 locis
546 821 658 848 ruinosa
675 818 803 846 celeriter
820 817 988 847 refecerunt.

1034 225 1122 245 νοντο.
1138 216 1225 248 Αὐτός
1245 225 1273 242 τε
1291 213 1342 243 οὖν
1355 216 1368 242 ὁ
1387 214 1543 249 Φλαμίνιος.
1563 213 1611 240 καὶ
1641 212 1718 240 ἄλλοι
1747 221 1824 249 παμ.

1038 263 1152 300 πληθεῖς
1167 263 1275 290 ἔπεσον·
1295 262 1388 297 συχνοὶ
1404 261 1432 288 δὲ
1446 260 1492 287 ὲπί
1505 268 1567 288 τινα
1577 259 1660 294 λόφον
1672 259 1822 294 ἀνέϐησαν·

1035 310 1098 337 litat
1115 309 1137 336 δ’
1150 310 1241 344 ἡμέρα
1256 309 1377 343 ἐγένετο,
1389 309 1430 340 είς
1451 306 1540 341 φυγὴν
1553 305 1701 341 ὥρμησαν,
1710 305 1758 332 καὶ
1773 313 1824 333 κα-

1034 355 1230 392 ταληφθέντες,
1242 355 1276 382 τά
1289 363 1319 381 τε
1334 355 1405 382 ὅπλα
1417 353 1464 381 καὶ
1479 353 1592 384 ἑαυτοὺς
1605 351 1649 378 ἕατ’
1662 351 1740 387 ἀδείᾳ
1751 359 1825 387 παρ-

1036 401 1141 428 έδοσαν.
1157 401 1191 427 Ὃ
1206 408 1238 434 γε
1255 400 1307 435 μὴν
1329 398 1453 428 Ἀννίῦας
1477 396 1566 432 βραχὺ
1594 395 1649 422 τῶν
1663 394 1827 430 ὀμωμοσμέ-

1038 456 1091 474 νων
1105 447 1259 482 ἐφρόντισε,
1282 445 1392 472 πάντων
1415 444 1443 470 δὲ
1458 443 1512 470 τῶν
1537 443 1567 469 ὲν
1588 441 1628 477 τῷ
1649 440 1826 476 στρατοπέδῳ

1039 493 1169 525 ἁλόντων,
1184 492 1214 519 τὸ
1227 491 1276 527 μὲν
1305 491 1439 527 ὑπήκοον,
1466 489 1496 515 τό
1509 497 1539 514 τε
1574 486 1749 523 συμμαχικδν
1773 486 1828 513 τῶν

1042 537 1186 572 Ῥωμαίων
1201 537 1321 571 ἀφῆκεν,
1339 534 1439 566 αὐτοὺς
1456 533 1485 560 δὲ
1507 532 1629 564 ἐκείνους
1653 531 1740 567 δήσας
1763 530 1829 565 lqui-

1038 582 1134 609 λασσε.
1145 582 1255 616 Πράξας
1266 581 1295 608 δὲ
1306 580 1405 612 ταῦτα,
1420 580 1467 605 ἐπὶ
1480 578 1530 614 τὴν
1552 577 1668 613 Ῥώμην
1684 576 1828 612 ﬁneﬁne,

1039 629 1087 656 xui
1103 629 1186 664 μέχρι
1203 628 1252 663 μὲν
1265 627 1389 662 Ναρνιᾶς
1402 626 1452 661 τήν
1469 633 1499 652 τε
1510 625 1562 660 γῆν
1578 624 1696 660 τέμνων,
1713 623 1763 650 καὶ
1778 623 1828 654 τας

1039 675 1135 706 πόλεις
1162 674 1370 710 προσαγόμενος
1403 672 1473 707 πλὴν
1505 671 1664 704 Σπολιτίου,
1699 669 1828 706 προῆλθε,

1039 721 1119 749 Γάῖὸν
1139 730 1168 747 τε
1180 719 1302 748 ἐνταῦθα
1321 719 1468 753 Κεντήνιον
1484 716 1637 752 στρατηγὸν
1653 715 1829 751 ἐνεδρεύοντα

1039 767 1179 803 περισχὼν
1195 766 1330 793 ἔκτεινεν.
1352 765 1396 796 Ὡς
1413 765 1442 791 δὲ
1455 763 1495 800 τῷ
1513 762 1648 798 Σπολιτίῳ
1665 760 1829 798 προσϐαλὼν

1040 814 1216 850 ἀπεκρούσθη
1232 833 1240 845 ,
1257 813 1304 839 καὶ
1333 812 1382 847 τὴν
1399 811 1446 838 τοῦ
1471 810 1591 846 Ναείρου
1615 809 1742 845 γέφυραν
1763 807 1830 835 καθ-

198 877 225 900 et
239 871 400 899 dictatorem
415 870 442 896 in
460 868 594 896 concione
603 866 732 893 dixerunt
743 873 750 892 :
763 871 795 891 ac
807 864 876 891 bene
891 870 987 890 secum

1044 860 1188 896 ῃρημένην
1204 857 1269 892 εἶδε,
1283 859 1331 885 καὶ
1347 867 1381 885 πε
1387 858 1413 894 pl.
1425 857 1488 889 τοὺς
1499 856 1596 888 ἄλλους
1619 855 1772 891 ποταμοὺς,
1784 854 1830 887 οὓς

199 919 242 953 agi
260 916 460 946 existimantes,
479 914 501 941 si
517 913 568 948 ipsi
582 914 726 939 manerent
738 909 900 941 incolumes,
913 907 990 935 nulla

199 964 282 991 sociis
296 963 396 990 auxilia
423 961 569 988 miserunt.
594 957 647 986 Sed
670 956 814 984 Annibalis
831 955 859 983 in
873 954 990 989 Campa-

199 1010 272 1037 niam
291 1007 462 1044 profectione
482 1005 585 1038 audita,
603 1004 686 1032 etiam
711 1002 794 1030 sociis
817 1007 897 1036 opem
914 1000 988 1028 ferre

199 1055 395 1082 decreverunt.
431 1050 561 1080 Annibali
585 1049 748 1077 dictatorem
768 1047 882 1076 Fabium
904 1051 933 1074 et
953 1045 989 1073 Ii.

199 1101 347 1128 minutium
374 1099 535 1134 magistrum
559 1096 683 1131 equitum
707 1096 917 1129 opposuerunt:
942 1091 990 1127 qui

200 1155 262 1175 cum
288 1154 321 1173 eo
345 1145 497 1177 venissent,
523 1151 586 1171 cum
606 1142 652 1169 illo
679 1148 733 1168 non
758 1139 899 1174 congressi
915 1142 990 1172 sunt,

201 1193 248 1220 sed
265 1191 351 1227 tergis
367 1191 544 1222 inhaerentes,
569 1188 754 1216 observarunt
768 1186 879 1221 quando
894 1192 923 1213 se
939 1192 990 1219 puo

200 1246 260 1274 gnat
284 1238 397 1266 oll'erret
419 1235 540 1263 occasio.
569 1233 673 1263 Fabius
688 1232 762 1260 enim
776 1239 838 1259 cum
856 1230 992 1258 militibus

202 1284 317 1319 trepidis
331 1288 359 1310 et
373 1282 453 1310 victis
471 1286 568 1309 contra
591 1280 675 1317 414
693 1280 796 1315 plures,
818 1281 847 1305 et
860 1277 990 1308 victores.

202 1328 295 1356 llartis
321 1327 408 1355 aleam
429 1325 550 1362 experiri
581 1325 690 1352 noluit:
712 1323 849 1358 simulque
866 1321 991 1357 putabat,

202 1382 257 1409 quo
271 1373 357 1409 magis
374 1380 469 1408 agrum
482 1375 644 1403 vastassent,
669 1378 703 1398 eo
723 1369 806 1398 citius
822 1372 993 1396 commeatus

202 1420 318 1456 penuria
334 1418 517 1446 laboraturos.
537 1416 584 1444 liis
599 1415 755 1443 rationibus
780 1415 926 1446 adductus,
945 1420 994 1440 ue-

203 1474 256 1502 que
272 1464 352 1493 alteri
369 1464 475 1501 regioni
494 1461 553 1495 ulli,
569 1469 658 1497 neque
678 1460 835 1496 Campaniae
853 1466 934 1495 opem
950 1462 995 1485 tu-

203 1513 254 1540 lit:
280 1516 309 1539 et
329 1518 426 1538 omnes
448 1510 542 1537 hostes
565 1509 591 1535 in
611 1506 761 1543 Campania
784 1506 941 1536 conclusos,
965 1508 993 1532 et

204 1557 326 1593 undique
350 1551 511 1591 ignorantes
531 1553 719 1581 circumdatos
743 1551 909 1579 observavit.
925 1550 993 1578 Nam

204 1603 256 1638 ipsi
284 1601 395 1637 quidem
419 1605 447 1628 et
467 1608 501 1627 ex
526 1598 595 1626 mari
617 1603 645 1626 et
669 1605 703 1626 ex
729 1597 811 1625 sociis
835 1595 994 1624 civitatibus

203 1651 375 1675 commeatus
386 1644 495 1672 abunde
509 1643 672 1679 suppetebat
685 1652 692 1670 :
711 1642 764 1670 illis
777 1650 842 1670 vero
853 1641 921 1669 nihil
932 1648 993 1668 esse

205 1693 257 1720 nisi
283 1701 317 1720 ex
343 1698 471 1727 agrorum
493 1689 647 1716 vastatione
674 1693 764 1716 norat.
792 1687 840 1715 His
855 1687 890 1715 de
905 1686 997 1714 causis

204 1746 310 1766 moram
325 1745 404 1773 aequo
428 1736 534 1764 terebat
548 1735 653 1769 animo,
670 1740 698 1763 et
713 1742 728 1762 a
741 1734 847 1762 civibus
861 1741 916 1762 non
936 1733 996 1760 sint.

204 1783 326 1819 querelis
342 1783 494 1811 Cunctator
509 1780 664 1809 dicebatur.

1041 906 1190 939 ἀναγκαῖον
1204 904 1330 937 διελθεῖν,
1343 904 1422 931 τοῦτο
1436 902 1548 938 γεγονὸς
1569 901 1696 935 ἐπύθετο,
1713 901 1765 936 τῆς
1781 901 1830 936 μὲν

1041 953 1086 979 ἐπὶ
1101 952 1149 987 τὴν
1170 951 1282 987 Ῥώμην
1298 951 1388 986 ὁρμῆς
1412 950 1544 985 ἐπέσχεν·
1569 949 1599 980 ις
1628 948 1658 975 δι
1676 948 1727 983 τὴν
1750 947 1831 982 Καμ-

1041 999 1141 1027 πανίαν
1153 999 1300 1033 ὲτράπετο,
1318 997 1369 1032 τήν
1382 1005 1411 1023 τε
1428 995 1521 1032 χώραν
1532 995 1649 1031 ἀρίστην
1661 995 1710 1022 καὶ
1721 993 1771 1030 τὴν
1781 993 1831 1021 πό-

1041 1045 1083 1072 λιν
1096 1044 1145 1080 τὴν
1162 1044 1279 1079 Καπύην
1298 1043 1431 1078 μεγίστην
1446 1041 1528 1070 οὖσαν
1545 1041 1665 1073 ἀκούων,
1692 1039 1831 1075 ενόμιζεν,

1041 1091 1065 1117 εί
1086 1091 1156 1125 σφᾶς
1170 1088 1387 1125 προκαταλάϐοι,
1411 1088 1458 1115 καὶ
1475 1086 1559 1114 τᾶλλα
1570 1086 1604 1113 δι’
1631 1085 1725 1119 ὀλίγου
1744 1091 1830 1120 προσ

1042 1136 1210 1172 κτήσασθαι.
1228 1135 1293 1162 Οίδ’
1308 1136 1336 1162 ἐν
1349 1136 1382 1171 τῇ
1401 1133 1500 1170 Ῥώμῃ
1512 1133 1662 1167 πυθόμενοι
1689 1132 1756 1167 περὶ
1782 1129 1831 1165 τῆς

1041 1184 1125 1219 ἥττης
1131 1183 1252 1218 ἧλγησαν
1259 1182 1307 1210 καὶ
1319 1181 1363 1208 διὰ
1377 1181 1498 1212 ἐκείνους
1508 1179 1557 1206 καὶ
1570 1179 1604 1206 δι’
1618 1177 1732 1209 ἑαυτοὺς
1740 1177 1835 1212 ὀδυρό-

1044 1236 1120 1264 μενοι
1131 1228 1179 1254 καὶ
1187 1229 1215 1254 ἐν
1226 1227 1322 1262 ἀπόρῳ
1331 1224 1401 1263 ἦσαν
1410 1226 1459 1258 τάς
1470 1234 1500 1253 τε
1509 1225 1630 1261 γεφύρας
1639 1223 1686 1251 τοῦ
1695 1222 1833 1258 Τιϐέριδος

1043 1274 1114 1309 πλὴν
1125 1274 1189 1309 μιᾶς
1201 1273 1336 1305 καθεῖλον,
1347 1272 1395 1299 καὶ
1401 1273 1436 1299 τὰ
1443 1271 1520 1308 τείχη
1530 1271 1651 1307 πολλαχῆ
1660 1271 1833 1305 πεπονηκίτα

1045 1320 1147 1355 σπουδῇ
1164 1318 1363 1350 ἐπεσκεύαζον.
1381 1319 1536 1354 Δικτάτορά
1555 1326 1586 1345 τε
1601 1314 1834 1353 προχειρίσασθαι

1044 1364 1235 1400 βουληθέντες,
1245 1365 1323 1391 αὐτοὶ
1337 1365 1366 1391 ὲν
1376 1364 1510 1400 ἐκκλησίᾳ
1522 1364 1603 1391 αὑτὸν
1613 1364 1736 1392 ἀνεῖπον.
1753 1363 1832 1397 ’Δγαο

1044 1410 1150 1442 πῶντες
1165 1410 1194 1437 δὲ
1211 1411 1235 1437 εί
1247 1410 1326 1437 αὐτοὶ
1341 1411 1418 1445 μόνοι
1434 1410 1560 1444 σωθεῖεν,
1575 1410 1626 1437 οὐκ
1638 1409 1766 1437 ἔστειλαν
1775 1409 1832 1440 τοῖς

1046 1455 1203 1492 συμμάχοις
1218 1456 1359 1491 βοήθειαν.
1374 1456 1528 1492 Πυθόμενοι
1546 1456 1575 1483 δὲ
1598 1456 1645 1483 τὸν
1663 1454 1791 1483 ’Δννίσαν
1805 1455 1833 1487 ις

1047 1502 1215 1538 Καμπανίαν
1231 1503 1398 1538 ὁρμηθῆναι,
1419 1503 1450 1529 τό
1470 1511 1500 1529 τε
1520 1503 1568 1529 καὶ
1592 1502 1649 1534 τοῖς
1677 1501 1833 1537 συμμάχοις

1047 1548 1228 1585 ἐπικουρῆσαι
1244 1548 1379 1584 ἔγνωσαν
1394 1548 1434 1584 τῷ
1451 1549 1474 1576 δ’
1497 1548 1607 1583 Ἀννίϐᾳ
1623 1547 1669 1574 τον
1686 1547 1834 1582 δικτάτορα

1046 1594 1092 1620 τὸν
1105 1593 1216 1626 Φάϐιον,
1235 1594 1282 1621 καὶ
1304 1594 1349 1621 τὸν
1368 1594 1510 1630 ἵππαρχον
1526 1593 1572 1621 τὸν
1587 1593 1703 1628 Μάρκον
1717 1593 1763 1620 τὸν
1779 1592 1833 1620 Μι-

1046 1639 1156 1666 νούκιον
1172 1639 1417 1675 ἀντικατέστησαν.
1433 1640 1464 1666 Οἳ
1483 1640 1526 1667 ἐπ’
1541 1641 1645 1666 ἐκεῖνον
1658 1637 1794 1670 ἐλθόντες,
1806 1637 1835 1669 ἐς

1046 1685 1095 1720 μὲν
1106 1686 1202 1721 χεῖρας
1219 1685 1293 1720 αὺτῷ
1306 1686 1356 1712 οὐκ
1366 1685 1462 1721 ᾔεσαν
1482 1685 1672 1720 παρεπόμενοι
1685 1684 1714 1711 δδ
1730 1683 1832 1719 hvmi]-

1046 1739 1123 1766 ρουν,
1148 1732 1227 1759 είπου
1240 1731 1342 1767 καιρὸς
1352 1732 1443 1767 μάχης
1460 1732 1625 1767 παραπέσοι·
1641 1728 1838 1758 ἀποκινδυνιῶ

1046 1786 1090 1803 σαι
1106 1779 1161 1813 γὰρ
1174 1778 1188 1804 ὁ
1204 1777 1304 1809 Φάϐιος
1322 1778 1506 1813 κατεπτηχόσι
1522 1776 1705 1813 στρατιώταις
1725 1775 1773 1802 καὶ
1786 1775 1836 1811 ἠτ-

203 1830 346 1874 τηΙμένοις,
363 1828 431 1864 πρὸς
444 1828 555 1859 πλείους
571 1827 618 1855 καλ.
632 1826 813 1863 νενικηκότας
830 1826 881 1853 οὐκ
898 1825 991 1862 ἤθελε,
1009 1825 1056 1851 καὶ
1087 1824 1147 1860 ἅμα
1176 1824 1232 1860 ὅσῳ
1247 1824 1347 1860 μᾶλλον
1366 1823 1416 1860 τὴν
1425 1824 1517 1860 χώραν
1530 1824 1697 1856 κακώσειαν,
1716 1821 1836 1858 τοσούτῳ

202 1870 306 1903 θᾶσσον
321 1875 461 1911 ἀπορῆσαι
474 1874 578 1910 τροφῆς
605 1873 705 1906 αὐτοὺς
738 1872 847 1909 ἧλπισε.
874 1871 1012 1903 Τοιούτοις
1033 1870 1176 1906 χρώμενος
1199 1871 1352 1906 λογισμοῖς,
1389 1870 1446 1897 οὔτ’
1479 1870 1547 1907 ἄλλῃ
1575 1870 1654 1907 χώρᾳ
1684 1870 1837 1907 ιπήμυνεν,

201 1925 268 1953 οὕτε
285 1925 318 1960 τῇ
339 1921 502 1958 Καμπανίᾳ·
519 1920 697 1949 κατέκλεισεν
712 1918 760 1947 οὖν
774 1919 819 1947 διὰ
832 1918 921 1947 ταῦτα
939 1918 995 1946 πᾶν
1013 1918 1043 1945 τὸ
1073 1918 1206 1953 πολέμιον
1226 1918 1267 1949 είς
1279 1917 1330 1953 τὴν
1343 1918 1524 1954 Καμπανίαν.
1556 1917 1703 1955 Περισχὼν
1717 1917 1774 1954 γὰρ
1788 1919 1836 1946 αὑ-

205 1971 268 2003 τοὺς
283 1970 472 2006 ἁπανταχόθεν
487 1969 538 1996 οὐκ
551 1967 656 2000 εἰδότας
668 1968 698 1995 ἒν
713 1967 823 2003 φυλακῇ
835 1966 994 2002 ἐποιήσατο.
1015 1964 1103 1997 Αὑτὺς
1139 1965 1190 2001 μὶν
1208 1964 1263 2000 γὰρ
1291 1965 1347 1992 κάκ
1365 1965 1415 2000 τῆς
1431 1964 1582 2001 θαλάσσης,
1594 1964 1643 1992 καὶ
1658 1965 1691 1991 ἐκ
1701 1963 1753 1999 τῆς
1770 1970 1840 1998 συμ-

208 2016 323 2054 μαχίδος
335 2017 390 2044 τῶν
407 2015 572 2051 ἐπιτηδείων
589 2014 712 2050 εὐπορεῖ·
745 2014 862 2046 ἐκείνοις
883 2013 912 2040 δὲ
945 2012 1015 2048 μόνα
1033 2012 1068 2039 τὰ
1101 2012 1134 2038 ἐκ
1148 2011 1198 2047 τῆς
1215 2011 1267 2046 γῆς
1283 2010 1316 2047 ἣν
1332 2010 1452 2047 ἔκειρον,
1466 2011 1626 2046 ὑπάρχοντα
1639 2010 1709 2047 ᾔδει,
1723 2011 1779 2039 Καὶ
1795 2011 1840 2038 δια

206 2064 287 2091 τοῦτο
301 2063 392 2099 ἀνεῖχε
408 2063 457 2090 καὶ
475 2061 526 2097 τῆς
545 2060 700 2097 μελλήσεως
714 2059 765 2087 οὐκ
779 2059 934 2096 ἐφρόντισε.
950 2058 997 2086 Διὸ
1013 2058 1061 2086 καὶ
1095 2057 1172 2094 παρὰ
1198 2057 1254 2084 τῶν
1267 2056 1386 2084 πολιτῶν
1401 2057 1496 2084 αἰτίαν
1515 2054 1587 2092 εῖχεν
1616 2056 1655 2090 ὡς
1691 2057 1740 2085 καὶ
1766 2057 1826 2086 Μελ

205 2111 291 2146 λητὴς
305 2108 547 2144 έπωνομασίιῆναι.

242 2155 339 2185 XXVI.
360 2154 480 2183 Annibal
499 2158 602 2188 autem,
619 2154 740 2182 instante
766 2153 867 2186 hieme,
887 2159 951 2180 eum
964 2151 992 2179 ol

1091 2149 1164 2184 KG’.
1182 2149 1212 2176 '0
1228 2148 1251 2176 δ’
1274 2147 1400 2179 ’Δννίὸας
1416 2147 1479 2175 ἐπεὶ
1493 2147 1562 2183 πρὸς
1575 2147 1700 2183 χειμῶνα
1720 2148 1838 2184 ιγίνιτο.

204 2205 381 2231 commeatus
399 2199 543 2235 penuriam
570 2208 605 2228 eo
625 2200 687 2228 loco
704 2200 853 2228 hibernare
866 2207 921 2226 non
939 2205 992 2234 pos

1053 2196 1101 2223 καὶ
1115 2195 1178 2223 οὕτε
1190 2195 1261 2223 κατὰ
1275 2195 1368 2231 χώραν
1387 2194 1520 2230 χειμάσαι
1547 2194 1646 2221 σπάνει
1671 2194 1727 2222 τῶν
1755 2195 1827 2230 ινατ

206 2253 261 2281 set,
277 2253 305 2276 et
319 2248 411 2275 varias
428 2246 550 2274 rationes
573 2245 730 2282 Campaniae
752 2245 872 2274 exeundi
897 2245 1000 2272 frustra

210 2296 354 2325 tentasset,
367 2291 526 2327 hujusmodi
541 2291 689 2320 consilium
702 2291 787 2326 cepit.
798 2290 928 2326 Captivos
942 2297 1001 2317 om-

210 2346 262 2366 nes
278 2341 454 2368 convocatos,
479 2344 514 2365 ne
530 2337 593 2372 quis
616 2344 712 2364 eorum
724 2335 869 2372 eﬂ'ugeret,
888 2339 916 2363 et
933 2335 999 2371 quid

209 2388 340 2420 ageretur
361 2382 494 2411 Romanis
516 2383 692 2418 signiﬁcaret,
716 2381 836 2410 occidit:
857 2385 885 2409 et
905 2381 1000 2413 boum.

209 2437 281 2466 quos
301 2430 330 2457 in
354 2429 453 2457 castris
478 2428 609 2462 habebat,
631 2428 764 2456 cornibus
778 2427 852 2455 faces
866 2427 999 2464 alligavit,

209 2480 351 2511 noctuque
366 2474 400 2502 ad
415 2474 581 2502 Samniticos
608 2478 717 2502 montes
729 2474 879 2510 profectus,
896 2473 1002 2501 facibus

211 2522 334 2550 incensis
355 2521 441 2549 boves
456 2519 642 2552 extimulavit,
665 2519 711 2556 qui
726 2519 780 2555 igni
793 2524 821 2547 et
841 2519 1002 2547 verberibus

213 2567 242 2592 in
257 2565 362 2593 rabiem
381 2564 447 2598 acti,
470 2563 565 2591 multis
580 2563 607 2591 in
624 2563 693 2591 locis
714 2562 782 2590 silva
798 2563 921 2596 incensa,
935 2562 1002 2591 faci-

213 2612 267 2639 lem
280 2610 308 2639 ei
325 2611 469 2639 transitum
485 2609 674 2645 praebuerunt.
690 2609 759 2638 Nam
779 2609 894 2637 Romani
910 2609 958 2644 qui
974 2609 1002 2636 in

214 2657 313 2684 castris
335 2661 365 2684 et
384 2656 504 2684 collibus
530 2659 620 2689 erant,
645 2655 762 2683 insidias
785 2655 878 2689 veriti,
900 2663 930 2683 se
947 2663 1002 2683 non

216 2706 434 2730 conuuoverunt.
450 2701 496 2730 Sic
511 2701 630 2729 Annibal
653 2702 687 2729 ad
710 2701 848 2729 Samnites
866 2701 1001 2737 pervenit.

216 2747 254 2776 Ea
268 2755 297 2774 re
312 2747 412 2775 Fabius
433 2755 512 2776 mane
533 2748 654 2784 cognita,
677 2747 810 2776 abeuntes
821 2755 1001 2783 persequens,

218 2794 252 2820 iis
268 2793 315 2828 qui
331 2793 365 2820 ad
382 2793 476 2820 hostes
500 2793 673 2828 repellendos
695 2794 724 2821 in
741 2794 785 2820 via
809 2793 898 2821 relicti
911 2796 1002 2823 erant.

218 2838 329 2875 fugatis,
344 2846 495 2873 eorumque
519 2838 601 2867 sociis
620 2840 777 2875 superatis:
797 2846 851 2866 non
879 2838 1001 2873 procula

1052 2242 1137 2269 καίων
1151 2241 1278 2278 ἠδύνατο,
1294 2241 1342 2268 καὶ
1358 2240 1481 2276 πολλαχῆ
1509 2240 1645 2276 πειράσας
1662 2241 1765 2274 ἐξιέναι
1789 2243 1848 2278 τῆς.

1051 2287 1219 2323 Καμπανίας
1248 2286 1398 2319 κεκώλυτο,
1422 2285 1545 2314 τοιοῦτόν
1577 2294 1602 2312 τι
1630 2287 1838 2324 ἐμηχανήσατο.

1051 2334 1122 2366 Τοὺς
1137 2332 1329 2369 αίχμαλώτους
1346 2332 1464 2366 πάντας,
1481 2332 1525 2359 ῐνα
1546 2332 1584 2368 μή
1598 2341 1641 2364 τις
1662 2332 1754 2360 αὐτῶν
1779 2333 1839 2366 ομ..

1051 2379 1135 2414 φύγῃ.
1154 2379 1201 2405 καί¹
1220 2377 1251 2405 τὸ
1271 2377 1416 2413 γινόμενον
1448 2377 1571 2414 γνωρίσῃ
1596 2379 1655 2410 τοῖς
1679 2378 1839 2414 Ῥωμαιοις,

1051 2424 1204 2460 κατέσφαξε
1221 2432 1229 2441 ·
1247 2425 1294 2452 καὶ
1308 2425 1357 2457 τὰς
1370 2425 1399 2451 ἑν
1411 2424 1448 2460 τῷ
1461 2424 1636 2461 στρατοπέδῳ
1655 2424 1720 2461 βοῦς
1747 2425 1840 2462 ἀθροί-

1052 2480 1113 2506 σας,
1127 2471 1208 2507 δᾷδας
1223 2472 1280 2504 τοῖς
1297 2471 1387 2499 αὐτῶν
1402 2471 1554 2507 προσέδησε
1569 2470 1680 2507 κέρασι,
1694 2471 1743 2499 καὶ
1769 2471 1838 2508 πρὸς

1051 2519 1086 2546 τὰ
1098 2519 1170 2546 κατὰ
1182 2519 1245 2550 τοὺς
1260 2518 1399 2553 Σαμνίτας
1423 2518 1475 2554 ὄρη
1502 2518 1556 2545 ὑπὸ
1586 2517 1673 2545 νύκτα
1698 2518 1840 2554 χωρήσας.

1052 2565 1102 2596 τάς
1119 2572 1150 2590 τι
1168 2564 1250 2600 δᾷδας
1265 2564 1351 2600 ἀνῆψε
1367 2565 1416 2592 καὶ
1430 2565 1479 2596 τὰς
1501 2564 1565 2600 βοῦς
1593 2565 1772 2601 ιπετάραξεν.
1795 2566 1841 2594 οι-

1054 2610 1215 2646 στρηθεῖσαι
1229 2611 1251 2637 δ’
1268 2611 1371 2638 ἐκεῖναι
1385 2610 1430 2638 διὰ
1456 2610 1488 2637 τὸ
1500 2610 1556 2646 πῦρ
1581 2611 1631 2638 καὶ
1658 2611 1709 2647 τὴν
1733 2611 1842 2644 metu.

1054 2655 1179 2691 πολλαχῆ
1194 2656 1244 2692 τὴν
1259 2655 1327 2691 ὓλην
1345 2656 1513 2692 ἐνέπρησαν,
1537 2656 1593 2684 κὰκ
1615 2656 1714 2684 τούτου
1743 2658 1840 2694 ῥᾳδίαν

1054 2701 1193 2737 παρέσχον
1207 2701 1283 2736 αὐτῷ
1295 2701 1346 2736 τὴν
1360 2700 1523 2736 ὑπέρϐασιν.
1539 2700 1571 2727 οι
1586 2700 1642 2736 γὰρ
1655 2701 1685 2728 ιν
1701 2699 1741 2737 τῷ
1757 2700 1841 2735 πεδίῳ

1062 2747 1194 2781 Ῥωμαῖοι
1210 2747 1256 2774 καὶ
1271 2747 1297 2774 οί
1313 2747 1342 2773 ὲν
1360 2748 1416 2778 τοῖς
1437 2746 1598 2783 μετεώροις,
1619 2746 1731 2783 ινέδρας
1758 2755 1842 2781 πτοη-

1055 2794 1158 2825 θέντες,
1185 2793 1236 2820 οὺκ
1263 2793 1443 2828 εκινήθησαν.
1472 2793 1529 2820 Καὶ
1552 2793 1639 2826 οὕτως
1670 2793 1684 2820 ό
1718 2792 1841 2822 ’Δννίδας

1058 2839 1163 2875 διῆλθε,
1179 2840 1226 2866 καὶ
1238 2839 1266 2871 ις
1277 2838 1327 2874 τὴν
1340 2839 1489 2875 Σαμνίτιδα
1504 2838 1649 2875 ἒκομίσθη.
1671 2838 1700 2866 '0
1717 2838 1765 2866 οὖν
1790 2839 1840 2868 Φά-
