4008 6250
289 295 387 361 ’109

300 505 386 558 καὶ
417 497 540 560 τούς
561 512 622 548 τε
655 491 1187 560 καταλελειμμένους
1237 494 1294 545 ἐν
1341 494 1408 563 τῇ
1441 491 1547 562 ὀδῷ
1582 492 1672 546 ἵνα
1712 491 1852 561 σφᾶς

297 591 498 664 εἴρξασι
528 586 887 658 τρεψάμενος,
926 583 1020 636 καὶ
1063 584 1190 647 τοὺς
1247 583 1622 654 βοηθήσαντας
1672 583 1857 645 αὺτοῖς

301 685 590 756 κρατήσας,
638 676 1181 749 ἐστρατοπεδεύσατο
1229 675 1330 746 μὲν
1383 677 1444 729 οὐ
1511 677 1702 747 πόρρω
1749 674 1856 727 τῶν

297 774 582 845 πολεμίων,
613 772 673 824 ού
701 773 885 839 μέντοι
919 771 1012 823 καὶ
1062 771 1117 833 ἐς
1153 771 1344 841 χεῖρας
1375 768 1609 830 ἐκείνοις
1664 762 1852 836 ἦλθεν,

297 867 402 922 ἀλλ’
457 860 892 917 ἀποσκίδνχσῡαί
948 879 1007 913 τε
1077 860 1277 922 αὐτοὺς
1339 859 1435 912 καὶ
1491 857 1855 929 προνομεύειν

291 956 539 1012 ἐκώλυεν.
573 955 739 1007 Ὥστε
782 951 876 1006 τὸν
915 949 1186 1016 Ἀννίϐαν,
1220 951 1595 1019 ἀπορήσαντα,
1645 949 1705 1000 τὸ
1754 947 1851 1016 μὲν

295 1048 500 1119 πρῶτον
530 1047 625 1099 ἐπὶ
650 1044 751 1116 τὴν
789 1041 1012 1114 Ῥώμην
1042 1042 1308 1112 ὁρμῆσαι·
1369 1042 1446 1104 ὡς
1488 1041 1534 1094 δ’
1583 1042 1683 1094 οὐκ
1722 1039 1858 1110 ἐμά-

290 1140 516 1214 χετο,δι’
545 1139 780 1209 ἡσυχίας
813 1137 870 1191 δὲ
905 1137 1316 1208 παρηκολούθει
1344 1136 1373 1187 6
1419 1134 1644 1198 Φάϐιος,
1699 1132 1856 1196 αὖθις

292 1231 622 1303 ὑπέστρεψεν
679 1233 761 1293 είς
816 1230 880 1283 τὸ
927 1229 1185 1301 Σάμνιον.
1228 1231 1340 1283 Καὶ
1380 1230 1408 1282 6
1455 1227 1657 1290 Φάϐιος
1705 1223 1855 1295 αὐτῷ

287 1322 692 1395 ἐφεπόμενοςδι’
711 1323 1014 1390 ἀσφαλείας
1035 1321 1376 1393 προσήδρευε
1400 1317 1855 1390 προμηθούμενος

290 1419 417 1488 μήτε
459 1415 570 1469 τῶν
598 1415 817 1468 οἰκείων
843 1413 1140 1466 ἀποϐαλεῖν
1167 1429 1343 1478 τινας,
1361 1412 1456 1465 καὶ
1484 1411 1646 1474 αὐτὸς
1683 1409 1779 1480 μὲν
1797 1411 1854 1462 ἐν

286 1503 509 1574 εὐπορίᾳ
552 1502 664 1555 τῶν
684 1503 1001 1570 ἀναγκαίων
1027 1502 1334 1572 τυγχάνων,
1395 1501 1589 1571 ἐκείνῳ
1633 1501 1690 1552 δέ
1745 1499 1854 1554 τῶν

283 1597 456 1650 ὅπλων
493 1595 653 1658 ἐκτὸς
679 1596 831 1648 ούδέν
853 1597 1144 1666 προσεῖναι
1192 1594 1360 1666 ὀρῶν,
1390 1594 1486 1647 καὶ
1547 1594 1669 1664 μηδ’
1709 1592 1856 1646 οἴκο-

284 1688 371 1742 θεν
399 1687 740 1759 προσιοῦσαν
793 1689 1142 1757 ἐπικουρίαν.
1204 1691 1266 1741 Οἱ
1325 1688 1436 1759 γὰρ
1493 1687 1852 1757 Καρχηδόνιοι

1480 277 1888 345 ANNAL'IUM
1929 283 2081 346 LIB.
2120 273 2293 347 Vill.
2745 353 2750 366 ν

288 417 415 478 ϐιος,
449 403 582 478 μεθ’
621 400 842 473 ἡμέραν
871 397 934 453 τὸ
979 397 1278 470 γενόμενον
1311 399 1499 467 γνοὺς,
1539 398 1850 465 κατεδίωξε1

1966 397 2150 454 Poenis
2181 399 2595 471 castraposuit,
2626 400 2723 458 sed
2757 415 2936 476 pugna
2967 393 3289 469 detrectata.
3323 423 3419 466 eos
3453 431 3544 469 va-

3409 266 3519 361 iui

1964 491 2076 561 gari
2109 499 2165 546 et
2193 492 2404 562 prmdas
2434 509 2591 562 agere
2622 495 2928 566 prohibuit.
2962 497 3156 568 Itaque
3205 499 3442 557 Annibal
3473 505 3542 560 ob

1964 582 2298 637 cibariorum
2341 585 2637 654 .penuriam
2695 589 2933 656 primum
2992 588 3220 645 Romam
3283 592 3544 652 invadere

1964 675 2172 728 statuit.
2200 674 2270 731 Ut
2297 685 2480 731 autem
2511 676 2715 732 Fabius
2747 695 2941 749 pugnae
2973 682 3131 751 copia
3154 693 3371 753 negata,
3416 702 3542 744 eum

1964 765 2303 834 pedetentim
2331 768 2730 834 assectabatur,
2788 771 2842 825 in
2889 772 3174 828 Samnium
3211 777 3416 832 rediit:
3461 780 3547 834 di-

1964 864 2173 912 ctatore
2203 874 2482 928 nunquam
2516 861 2585 915 ab
2615 877 2681 916 eo
2713 861 3069 932 discedente,
3099 879 3265 938 atque
3296 869 3349 924 in
3383 871 3436 925 id
3462 872 3543 926 in-

1967 955 2140 1014 tento,
2167 965 2234 1004 ne
2265 967 2405 1021 quos
2439 968 2664 1007 suorum
2693 955 2994 1020 amitteret,
3051 967 3220 1028 utque
3251 963 3366 1031 ipse
3397 980 3544 1018 com-

1963 1050 2143 1096 meatu
2194 1043 2540 1099 abundaret:
2598 1045 2689 1101 ille
2730 1058 2914 1102 autem
2968 1060 3170 1119 praeter
3221 1067 3370 1109 arma
3406 1057 3544 1112 nihil

1964 1131 2214 1199 haberet,
2247 1151 2425 1206 neque
2464 1136 2629 1192 domo
2678 1142 2880 1196 auxilia
2917 1151 3213 1216 acciperet.
3244 1147 3376 1202 Nam
3408 1149 3545 1204 Car-

1965 1225 2335 1296 thaginienses
2377 1245 2504 1284 eum
2559 1230 2908 1301 deridebant,
2944 1240 3286 1295 scribentem
3313 1258 3370 1297 se
3401 1241 3543 1298 bcne

1961 1330 2078 1370 rem
2111 1331 2322 1385 gerere,
2349 1326 2404 1372 et
2434 1321 2718 1390 prosperis
2757 1327 2832 1378 uti
2866 1330 3240 1396 successibus,
3273 1341 3328 1386 et
3359 1343 3540 1388 tamen

1961 1405 2249 1473 pecuniam
2277 1415 2333 1460 et
2361 1408 2565 1463 milites
2593 1409 2926 1482 ﬂagitantem
2954 1433 2972 1470 :
3015 1434 3194 1487 neque
3223 1423 3370 1476 enim
3403 1425 3545 1494 peti-

1963 1497 2138 1552 tiones
2169 1513 2291 1552 cum
2321 1503 2671 1558 successibus
2725 1508 3058 1564 consentire.
3111 1512 3361 1569 Victores
3393 1517 3541 1572 enim

1962 1587 2179 1651 decere,
2218 1590 2560 1645 exercitibus
2589 1610 2728 1663 quos
2761 1595 3000 1654 habeant
3031 1611 3341 1666 contentos,
3374 1621 3544 1675 pecu-

1961 1679 2106 1734 niam
2145 1683 2365 1736 domum
2397 1685 2638 1751 mittere,
2673 1687 2834 1760 415
2891 1705 3001 1746 non
3056 1696 3426 1751 emendicarc.
3465 1698 3543 1753 Ac

281 1782 373 1836 καὶ
400 1783 458 1836 ἐν
485 1782 686 1851 γέλωτι
718 1780 880 1835 αὐτὸν
912 1781 1215 1847 ἐποιοῦντο,
1262 1782 1549 1854 γράφοντα
1594 1776 1652 1833 εὖ
1683 1781 1850 1851 πράτ-

1959 1773 2088 1827 dum
2118 1774 2320 1830 Fabius
2348 1778 2491 1846 apud
2526 1783 2829 1835 exercitum
2864 1782 2986 1846 fuit.
3014 1784 3152 1839 nihil
3181 1787 3396 1843 adversi
3432 1785 3544 1844 Ro-

279 1892 389 1928 τειν
415 1875 512 1928 καὶ
565 1873 740 1928 πολλά
771 1873 1094 1944 κατορθοῦν.
1145 1875 1241 1927 καὶ
1331 1871 1670 1945 στρατιώτας
1719 1871 1851 1942 παρ’

279 1970 454 2024 αὐτῶν
486 1967 774 2034 αίτοῦντα,
803 1970 896 2021 καὶ
925 1968 1208 2038 χρήματα,
1236 1967 1491 2034 λέγοντες
1521 1967 1595 2037 μὴ
1629 1983 1854 2036 συμφω-

280 2065 388 2116 νεῖν
416 2062 518 2126 τάς
549 2063 802 2131 αἰτήσεις
833 2062 956 2122 ταῖς
988 2059 1388 2128 κατορθώσεσι.
1429 2058 1568 2120 Τοὺς
1621 2056 1730 2128 γὰρ
1774 2074 1851 2110 νι-

275 2156 483 2218 κῶντας
511 2154 787 2225 προσήκει
823 2151 1015 2222 καὶτῷ
1065 2151 1298 2221 παρόντι
1339 2149 1630 2220 ἀρκεῖσθαι
1685 2165 1852 2220 στρα-

277 2246 523 2319 τεύματι,
575 2249 672 2302 καὶ
727 2247 990 2318 χρήματα
1047 2244 1286 2298 στέλλειν
1343 2241 1550 2308 οἴκαδε,
1614 2241 1730 2296 ἀλλ’
1789 2241 1849 2293 ού

275 2342 616 2411 προσαιτεῖν.
657 2340 800 2401 Ἕως
835 2339 933 2409 μὲν
953 2336 1049 2391 οὖν
1072 2336 1326 2407 ἐνεδήμει
1353 2335 1380 2388 6
1417 2334 1637 2398 Φάϐιος,
1679 2333 1851 2387 δεινὸν

273 2431 426 2484 οὐδὲν
446 2434 566 2494 τοῖς
611 2429 905 2500 Ῥωμαίοις
937 2428 1173 2493 ἐγένετο’
1200 2426 1275 2489 ὡς
1299 2427 1344 2480 δ’
1376 2427 1584 2488 ἐκεῖνος
1628 2426 1709 2488 είς
1751 2425 1849 2490 τὴν

282 2523 496 2593 Ῥώμην
523 2523 714 2591 ἀπῆρε
747 2521 890 2574 κατά
912 2537 963 2573 τι
994 2520 1277 2590 δημόσιον,
1309 2517 1601 2571 ἔπταισαν.
1662 2517 1720 2570 '0
1741 2517 1848 2586 γὰρ

282 2615 505 2685 Ῥοῦφος
541 2616 577 2669 ὁ
606 2617 904 2684 ίππαρχος,
934 2612 1198 2683 φρόνημα
1257 2610 1416 2662 κενὸν
1466 2611 1572 2662 ὑπὸ
1595 2611 1847 2681 νεότητος

270 2709 403 2780 ἔχων
426 2709 524 2763 καὶ
587 2706 696 2761 τῶν
752 2703 1071 2774 πολεμικῶν
1125 2703 1464 2773 σφαλμάτων
1512 2703 1846 2773 ἀπερίοπτος

269 2800 340 2852 ὢν
369 2801 462 2855 καί⁵
489 2803 564 2872 τῇ
605 2799 863 2870 μελλήσει
897 2797 994 2850 τοῦ
1017 2795 1224 2848 Φαϐίου
1251 2796 1572 2868 ἀχθόμενος,
1593 2798 1716 2848 ἐπεὶ
1751 2798 1850 2867 τὴν

268 2896 611 2966 προστασίαν
644 2894 743 2964 τῆς
775 2891 1038 2962 στρατιᾶς
1089 2887 1247 2958 μόνος
1279 2889 1426 2960 ἔσχε,
1474 2890 1582 2943 τῶν
1621 2891 1719 2958 μὲν
1762 2892 1850 2942 ἐν·

267 2989 434 3042 τολῶν
461 2988 563 3042 τοῦ
596 2987 913 3056 δικτάτορος
937 2985 1329 3059 ὠλιγώρησεν·
1370 2987 1621 3056 ὁρμήσας
1672 2985 1719 3036 δ’
1769 2986 1849 3048 είς

267 3083 607 3154 παράταξιν.
643 3081 702 3134 τὸ
739 3081 838 3150 μὲν
879 3083 1096 3151 πρῶτον
1122 3082 1282 3154 νικᾷν
1321 3079 1523 3144 ἔδοξεν,
1580 3073 1699 3131 εἶτα
1749 3079 1842 3148 ητ-

264 3175 422 3245 τὴθη.
455 3175 588 3228 Κᾶν
617 3173 853 3226 πανσυδῖ¹
875 3173 1165 3244 διεφθάρη,
1203 3174 1252 3224 εί
1277 3173 1352 3243 μή
1378 3188 1525 3234 τινες
1557 3171 1844 3241 Σαμνιτῶν

263 3269 403 3322 κατὰ
431 3269 612 3338 τύχην
648 3270 760 3330 τοῖς
805 3267 1100 3336 Ῥωμαῖοις
1141 3267 1424 3338 ἐπίκουροι
1454 3264 1846 3335 ἀφικνούμενοι

262 3361 415 3426 δόξαν
463 3364 588 3423 τοῖς
641 3361 1036 3431 Καρχηδονίοις
1084 3360 1361 3430 παρέσχον
1413 3358 1696 3430 προσιέναι
1751 3360 1842 3412 τὸν

261 3451 482 3508 Φάϐιον.
524 3451 1042 3521 Ἀναχωρησάντων
1070 3445 1162 3502 οὖν
1191 3449 1278 3502 διὰ
1306 3447 1485 3517 τοῦτο,
1511 3448 1846 3519 κεκρατηκέ-

260 3562 347 3598 ναι
372 3545 628 3616 ἐνόμισε,
655 3543 750 3597 καὶ
780 3545 837 3605 ἐς
865 3543 964 3612 τὴν
1000 3541 1218 3611 Ῥώμην
1250 3540 1309 3593 τὸ
1335 3540 1495 3609 ἔργον
1524 3537 1844 3609 μεγαλύνων

259 3634 352 3688 καὶ
386 3635 478 3688 τὸν
509 3634 821 3701 δικτάτορα
839 3630 1282 3702 προσδιαϐάλλων
1315 3628 1648 3694 ἐπέστειλεν,
1679 3629 1844 3698 ὀκνη-

261 3731 351 3800 ρὸν
376 3732 474 3784 καὶ
502 3727 802 3799 Μελλητὴν
830 3726 994 3779 αὑτὸν
1016 3723 1217 3784 καλῶν,
1248 3722 1342 3776 καὶ
1372 3722 1439 3775 τά
1458 3722 1569 3774 τῶν
1590 3720 1845 3774 ἐναντίων

257 3822 594 3892 φρονοῦντα.
628 3821 692 3874 Oi
721 3819 768 3872 δ’
797 3821 856 3872 ἐν
877 3821 944 3890 τῇ
977 3816 1166 3888 Ῥώμῃ
1191 3814 1536 3886 νενικηκέναι
1565 3814 1658 3867 τὸν
1692 3813 1848 3867 Ῥοῦ-

259 3932 356 3984 φον
390 3916 574 3978 ὅντως
607 3913 888 3982 ἐνόμισαν,
925 3911 1019 3965 καὶ
1047 3905 1134 3963 οἷα
1165 3909 1316 3980 παρά
1344 3907 1500 3974 δόξαν
1535 3907 1846 3980 θαρσήσαν-

260 4024 371 4073 τες,
411 4008 510 4061 xui.
552 4006 790 4078 ἐπῄνουν
817 4003 982 4057 αὐτὸν
1020 4003 1115 4056 καὶ
1137 4000 1362 4071 ἐτίμων.
1395 4001 1508 4054 Καὶ
1535 3999 1628 4054 τδν
1647 4001 1846 4057 Φάϐιον

261 4101 316 4150 ἐν
341 4097 554 4167 ὑποψίᾳ
585 4096 808 4165 σχόντες
838 4093 924 4146 διὰ
959 4090 1153 4157 ταῦτα,
1186 4093 1280 4146 καὶ⁸
1312 4091 1394 4144 ὅτι
1417 4093 1485 4145 τὰ
1517 4094 1574 4145 ἐν
1609 4093 1849 4164 Καμπα-

259 4191 346 4261 vlg
371 4191 557 4262 χωρία
580 4188 750 4244 αὐτοῦ
781 4189 882 4241 οὐκ
904 4186 1168 4257 ἐδῄωσαν,
1196 4185 1398 4256 μικροῦ
1421 4186 1515 4239 καὶ
1537 4185 1637 4256 τῆς
1664 4185 1846 4258 ἀρχῆς

257 4283 322 4335 ἂν
354 4283 704 4354 παρέλυσαν.
750 4279 892 4334 Ἀλλ’
921 4280 1129 4331 ἐκεῖνον
1166 4278 1264 4350 μὲν
1288 4279 1561 4350 χρήσιμον
1591 4279 1849 4348 νομίζον.

256 4392 348 4439 τες
381 4373 556 4442 εἶναι,
591 4375 695 4428 οὐκ
740 4373 1008 4440 ἔπαυσαν,
1037 4373 1114 4443 τῷ
1159 4371 1204 4425 δ’
1241 4373 1502 4443 ίππάρχῳ
1548 4371 1646 4444 τὴν
1676 4373 1848 4444 αὐτὴν

257 4472 520 4537 ἐξουσίαν
551 4470 947 4540 προσένειμαν,
981 4465 1109 4518 ὥστ’
1137 4465 1304 4537 ἄμφω
1354 4466 1464 4519 ἀπὸ
1485 4465 1584 4536 τῆς
1607 4466 1728 4534 ῐσης
1751 4466 1850 4536 ἀρ-
1885 4493 1925 4546 υ

211 4543 223 4552 ’
256 4583 395 4637 χειν.
444 4563 739 4627 Δοξάντων
781 4559 838 4612 δὲ
876 4559 1107 4625 τούτων,
1137 4562 1166 4613 6
1200 4561 1297 4630 μὲν
1325 4558 1525 4620 ⁴Ῑιάϐιος
1572 4557 1696 4611 οὔτε
1737 4560 1848 4621 τοῖς

257 4659 536 4725 πολίταις,
580 4657 704 4711 οὕτε
732 4654 813 4724 τῷ
847 4655 1064 4726 Ῥούφῳ
1093 4654 1250 4726 ἔσχεν
1279 4653 1470 4725 ὀργήν.
1513 4652 1572 4705 Ὀ
1604 4650 1660 4704 δέ
1698 4649 1849 4702 Ῥοῦσ

259 4769 384 4820 (ρος,
411 4753 546 4807 οὐδὲ
573 4753 706 4818 πρὶν
735 4749 913 4823 ὀρθῶς
948 4747 1186 4819 φρονῶν,
1212 4747 1334 4800 τότε
1377 4746 1614 4816 μάλιστα
1643 4742 1848 4812 ἐπεφύ-

257 4863 417 4917 σητο,
441 4847 546 4901 καὶ
578 4845 836 4916 κατέχειν
866 4843 1060 4898 ἐαυτὸν
1086 4842 1186 4896 οὐκ
1213 4839 1467 4912 ἠδύνατο,
1496 4838 1611 4893 ἀλλ’
1635 4836 1850 4909 ἡμέραν

253 4939 411 5011 ἠξίου
472 4939 614 5010 παρ’
655 4939 873 5010 ἡμέραν
925 4935 1084 5008 ἢκαὶ
1137 4935 1355 4998 πλείους
1395 4933 1595 5005 ἐφεξῆς
1624 4929 1852 4997 ἐναλλὰξ

255 5035 425 5102 μόνος
460 5032 684 5104 ἄρχειν.
719 5031 914 5092 Δείσας
945 5028 990 5082 δ’
1020 5030 1048 5082 6
1074 5027 1271 5091 Φάϐιος
1299 5027 1375 5098 μή
1408 5043 1462 5079 τι
1493 5025 1664 5079 κακὸν
1695 5021 1852 5096 ἐξερ-

254 5125 532 5196 γάσηται,
573 5121 632 5175 ἐι
661 5121 846 5190 πάσης
872 5118 974 5188 τῆς
997 5119 1283 5187 δυνάμεως
1298 5116 1518 5186 ’γένοιτο
1548 5115 1849 5188 ἐγκρατὴς,

251 5216 398 5287 πρὸς
447 5211 748 5284 οὐδέτερον
796 5211 945 5283 αὑτῷ
992 5211 1303 5284 συνῄνεσεν,
1337 5208 1454 5262 ἀλλ’
1487 5207 1743 5278 ἐνείματο
1791 5208 1852 5260 τὸ

253 5303 668 5374 στρατόπεδον,
699 5301 841 5357 ῶστιι
877 5305 990 5366 τοῖς
1025 5300 1256 5362 ὑπάτοις
1300 5298 1497 5370 ἐπίσης
1546 5297 1682 5352 ίδίαν
1712 5297 1853 5351 ἐκά-

248 5413 416 5469 τερον
452 5396 626 5466 ίσχὺν
654 5396 834 5468 ἔχειν·
877 5396 972 5449 καὶ
1009 5391 1354 5466 παραχρῆμα
1384 5393 1413 5445 6
1473 5387 1703 5460 Ῥοῦφος
1743 5389 1851 5442 ἀπ·-

256 5487 844 5560 ιστρατοπεδεύσατο,
896 5489 985 5543 ίνα
1028 5479 1336 5559 διάδηλοςῇ
1370 5483 1452 5537 ὅτι
1493 5481 1616 5536 καθ’
1660 5481 1852 5535 ἐαυτὸν

248 5583 442 5654 ἄρχει,
484 5580 615 5637 ἀλλ’
639 5585 738 5653 οὐχ
759 5583 865 5638 ὑπὸ
899 5582 976 5654 τῷ
1003 5581 1301 5649 δικτάτορι.
1345 5578 1404 5632 '0
1443 5573 1538 5630 οὖν
1575 5574 1850 5640 ’Δννίϐας,

247 5674 419 5729 τοῦτο
452 5674 812 5746 αἰσθόμενος,
868 5678 926 5740 ἐς
960 5675 1138 5747 μάχην
1180 5671 1344 5725 αὐτὸν
1391 5671 1726 5742 ὑπηγάγετο,
1777 5668 1854 5733 ὠς

251 5770 345 5822 ἐπὶ
379 5767 704 5836 καταλήψει
731 5768 824 5822 τοῦ
847 5771 1048 5836 χωρίου
1078 5763 1392 5835 προσελθών
1413 5779 1427 5795 ’
1460 5764 1554 5817 καὶ
1577 5777 1853 5830 περιστοι-

1958 1868 2133 1923 manis
2158 1869 2376 1924 accidit.
2403 1870 2481 1925 Eo
2511 1881 2695 1927 autem
2731 1875 2963 1931 Romam
3001 1877 3071 1932 ob
3127 1881 3544 1954 publira-nego.

1955 1959 2027 2011 tia
2085 1960 2351 2029 profecto,
2414 1962 2785 2034 impegeruut.
2842 1967 3020 2023 Rufus
3071 1970 3221 2025 enim
3279 1973 3540 2045 magister

1953 2047 2200 2115 equitum
2235 2050 2467 2121 juvenili
2502 2055 2732 2109 audacia
2759 2057 3063 2121 exsultans,
3096 2059 3338 2132 bellique
3373 2081 3537 2120 casus

1955 2151 2064 2190 non
2118 2138 2483 2208 prospiciens,
2526 2154 2581 2197 et
2636 2143 2792 2198 Fabii
2839 2149 3247 2204 cunctationem
3279 2169 3422 2224 πει-ε
3454 2155 3541 2208 fe-

1955 2241 2100 2291 rens,
2136 2243 2261 2281 cum
2286 2231 2436 2285 solus
2465 2232 2759 2302 imperium
2791 2235 3024 2306 adeptus
3052 2249 3219 2306 esset,
3251 2242 3539 2298 mandato-

1953 2334 2072 2372 rum
2111 2320 2401 2378 dictatoris
2427 2323 2733 2391 immemor,
2777 2329 2895 2384 acie
2928 2345 3054 2384 cum
3092 2332 3250 2388 hoste
3283 2351 3541 2406 congres-

1952 2426 2045 2466 sus
2097 2414 2373 2484 principio
2405 2416 2545 2472 bene
2580 2420 2864 2490 pugnavit,
2911 2423 3008 2478 sed
3067 2425 3284 2482 tandem
3338 2443 3540 2484 succu-

1953 2504 2118 2559 buit:
2162 2521 2228 2561 ac
2260 2509 2642 2567 internecione
2669 2511 2884 2568 deletus
2916 2527 3084 2580 essct,
3111 2519 3216 2574 nisi
3248 2519 3386 2575 forte
3422 2523 3538 2575 for-

1952 2604 2083 2649 tuna
2109 2597 2418 2654 Samnitum
2436 2603 2637 2657 auxilia
2661 2603 2727 2659 ad
2746 2605 3023 2662 Romanos
3048 2609 3363 2664 accedentia
3387 2610 3538 2667 Car-

1953 2689 2394 2761 thaginiensibus
2441 2694 2712 2750 adventus
2761 2697 2913 2752 Fabii
2967 2700 3284 2770 Opinionem
3317 2703 3535 2758 attulis-

1951 2795 2098 2836 sent.
2133 2782 2236 2849 Qui
2268 2799 2393 2839 cum
2428 2785 2531 2840 hac
2559 2787 2628 2841 de
2661 2803 2827 2843 causa
2859 2791 3240 2856 recessissent,
3275 2805 3333 2848 se
3363 2795 3538 2850 victo-

1952 2886 2068 2925 rem
2114 2887 2242 2927 esse
2269 2873 2590 2941 arbitratus,
2620 2877 2848 2932 Romam
2891 2880 3102 2935 litteras
3136 2883 3305 2948 m'sit,
3335 2886 3540 2954 quibus

1955 2975 2013 3019 et
2040 2981 2153 3021 rem
2189 2978 2401 3037 gestam
2435 2971 2817 3040 exaggerabat.
2867 2981 2926 3028 et
2971 2971 3322 3040 dictatorem,
3353 2986 3409 3031 ut
3445 2993 3540 3032 se-

1952 3074 2110 3129 gnem
2142 3068 2196 3115 et
2231 3071 2609 3116 cunctatorem
2641 3073 2697 3118 et
2735 3065 2976 3120 hostium
3016 3070 3317 3126 studiosum
3339 3073 3539 3128 crimi-

1948 3151 2200 3208 nabatur.
2235 3153 2467 3208 Romani
2499 3170 2628 3210 vere
2663 3155 2859 3212 vicisse
2897 3157 3095 3214 Rufum
3127 3162 3366 3231 opinati,
3399 3180 3544 3235 prae-

1951 3252 2037 3299 ter
2069 3247 2538 3316 exspectationem
2571 3251 2812 3320 receptis
2858 3251 3078 3317 animis,
3109 3269 3176 3308 eo
3223 3257 3543 3315 collaudato

1947 3346 2004 3390 et
2029 3337 2320 3402 honorato,
2349 3337 2579 3393 Fabium
2606 3351 2661 3394 et
2681 3341 2752 3395 ob
2777 3342 3112 3398 calumniam
3141 3361 3281 3411 eam,
3305 3359 3360 3402 et
3387 3353 3538 3421 quod

1946 3428 2137 3484 hostes
2166 3431 2282 3500 ejus
2313 3430 2518 3500 przcdia
2551 3431 2605 3486 in
2634 3431 2930 3503 Campania
2969 3452 3074 3491 non
3128 3438 3532 3510 incendissent,

1945 3533 2260 3589 suSpcctnm
2296 3522 2583 3589 habentes,
2617 3540 2808 3593 parum
2841 3526 3018 3581 abl'uit
3047 3531 3182 3597 quin
3217 3534 3534 3602 magistratu

1946 3610 2248 3680 privarent.
2282 3611 2385 3668 Sed
2435 3631 2560 3669 cum
2591 3632 2717 3669 eum
2759 3621 2880 3672 usui
2927 3623 3248 3690 reipublicae
3278 3641 3400 3680 esse
3432 3645 3536 3696 pu-

1947 3710 2146 3762 tarent,
2167 3702 2220 3756 id
2235 3703 2457 3772 quidem
2476 3719 2582 3760 non
2602 3705 2874 3774 fecerunt,
2894 3710 2985 3764 scd
3007 3714 3266 3778 magistro
3283 3717 3533 3786 equitum

1947 3793 2194 3848 eamdem
2228 3801 2550 3862 potestatem
2579 3795 2875 3864 dederunt,
2934 3812 2950 3854 :
2994 3809 3053 3856 ut
3081 3804 3246 3858 ambo
3284 3821 3349 3860 ex
3376 3823 3535 3878 aequo

1949 3885 2302 3956 imperarent.
2335 3886 2430 3942 His
2454 3888 2689 3945 decretis
2711 3933 2724 3954 ,
2752 3889 2951 3948 Fabius
2980 3909 3160 3966 neque
3193 3895 3408 3952 civibus
3436 3916 3536 3955 uc-

1948 3996 2056 4050 que
2077 3981 2298 4052 collegae
2322 3983 2658 4038 succensuit.
2688 3984 2864 4040 Rufus
2893 4003 3025 4044 vero
3048 3989 3161 4061 jam
3186 4001 3314 4047 ante
3335 4010 3531 4064 parum

1951 4072 2217 4142 prudens,
2258 4083 2371 4129 tum
2409 4075 2580 4145 magis
2610 4077 2774 4131 etiam
2806 4077 3049 4148 inflatus,
3085 4089 3395 4153 temperare
3424 4087 3534 4142 sibi

1951 4179 2059 4218 non
2094 4167 2292 4234 potuit,
2321 4167 2454 4236 quin
2489 4167 2794 4237 postularet
2827 4179 2887 4224 ut
2931 4171 3127 4228 diebus
3156 4175 3405 4244 alternis,
3435 4165 3533 4234 aut

1951 4257 2115 4313 etiam
2167 4259 2418 4329 pluribus
2461 4259 2658 4316 diebus
2701 4277 2800 4332 per
2825 4263 2977 4319 vices
3017 4267 3167 4322 solus
3210 4268 3529 4341 imperaret.

1951 4347 2154 4402 Fabius
2193 4361 2377 4403 autem
2408 4350 2640 4416 veritus,
2708 4365 2776 4405 ne
2809 4353 2977 4408 totius
3008 4355 3283 4411 exercitus
3307 4369 3536 4430 accepto

1954 4439 2186 4509 imperio
2217 4455 2332 4495 rem
2363 4441 2502 4495 male
2536 4455 2751 4512 gereret
2780 4484 2795 4509 ,
2828 4455 3087 4501 neutrum
3114 4447 3408 4515 concessit.
3434 4452 3532 4508 sed
3562 4493 3566 4495 μ

1953 4532 2139 4588 divisit
2169 4534 2496 4600 exercitum,
2530 4544 2588 4588 ut
2635 4550 2785 4591 more
2813 4553 2956 4593 coss.
3006 4548 3240 4612 uterque
3280 4560 3347 4598 ex
3376 4563 3536 4617 aequo

1953 4623 2195 4693 privatas
2241 4623 2385 4679 vires
2433 4625 2684 4682 haberet.
2723 4627 2898 4685 Rufus
2943 4631 3113 4701 igitur
3139 4637 3322 4689 statim
3355 4649 3536 4695 castra

1953 4717 2261 4783 transtulit,
2292 4726 2354 4773 ut
2384 4730 2696 4789 appareret,
2751 4738 2812 4779 se
2842 4733 3034 4794 suapte
3068 4729 3401 4786 auctoritate
3429 4732 3536 4786 im-

1953 4825 2166 4878 perare,
2202 4825 2313 4865 non
2362 4812 2592 4868 subesse
2644 4815 2925 4871 dictatori.
2985 4818 3106 4884 Quo
3145 4820 3382 4876 Annibal
3412 4823 3537 4878 ani-

1951 4905 2261 4972 madverso,
2283 4920 2411 4960 eum
2433 4907 2499 4961 ad
2528 4923 2766 4978 pugnam
2789 4911 2983 4967 elicuit
3015 4929 3113 4983 per
3144 4915 3381 4990 speciem
3415 4919 3536 4986 ejus

1951 4994 2056 5049 loci
2089 4996 2442 5066 occupandi:
2498 5007 2556 5052 et
2602 5000 2846 5068 undique
2898 5018 2997 5071 per
3041 5003 3273 5059 insidias
3302 5004 3538 5059 circum-

1952 5095 2200 5153 ventum,
2260 5089 2315 5143 in
2371 5089 2672 5146 discrimen
2727 5092 2955 5149 adduxit
3013 5096 3186 5150 totius
3246 5095 3534 5151 amittendi

1952 5179 2248 5246 exercitus,
2281 5180 2388 5234 nisi
2429 5181 2634 5238 Fabius
2667 5183 2883 5238 hostem
2915 5199 2944 5238 a
2973 5194 3126 5255 tergo
3151 5185 3383 5240 adortus
3432 5187 3534 5241 oh-

1954 5271 2208 5327 stitisset.
2244 5271 2357 5326 Hac
2404 5273 2558 5345 plaga
2611 5285 2858 5346 accepta,
2912 5276 3089 5330 Rufus
3140 5277 3371 5333 mutavit
3419 5279 3537 5334 ani-

1955 5379 2104 5419 mum
2137 5383 2152 5420 :
2182 5379 2238 5421 et
2273 5367 2520 5436 reliquiis
2543 5370 2822 5439 exercitus
2852 5369 3038 5426 statim
3073 5369 3142 5425 ad
3176 5370 3406 5426 Fabium
3437 5376 3538 5428 ad.

1954 5456 2157 5523 ductis,
2199 5457 2495 5529 imperium
2531 5476 2662 5526 una,
2701 5478 2812 5516 non
2841 5462 3175 5532 exspectatis
3202 5465 3389 5535 populi
3416 5468 3537 5522 suf-

1953 5551 2161 5622 fragiis,
2191 5553 2334 5606 ultro
2363 5552 2412 5606 ei
2445 5553 2694 5618 tradidit,
2748 5551 2915 5626 416
2951 5554 3097 5624 quod
3147 5557 3298 5612 solus
3327 5575 3392 5614 ex
3422 5576 3539 5614 ma-

1955 5643 2142 5716 gistris
2161 5645 2407 5714 equitum
2435 5654 2753 5714 acceperat:
2791 5662 2904 5717 quo
2931 5647 3156 5703 nomine
3184 5650 3253 5703 ab
3276 5651 3536 5708 omnibus

1955 5747 2038 5792 est
2071 5737 2343 5791 laudatus.
2375 5736 2544 5804 quue
2578 5733 2778 5793 Fabius
2808 5738 2994 5794 Statim
3021 5739 3158 5795 citra
3186 5742 3351 5795 ullam
3373 5739 3535 5794 dubi-
