2004 3125
226 131 279 164 7H

852 127 1017 159 IOANNIS
1035 126 1197 157 ΖΟΝΑΗΜ

1801 128 1856 161 112

227 187 360 216 tationem
387 185 547 213 universum
567 183 684 219 recepit,
709 183 879 218 approbante
903 182 1015 223 populo.

1070 181 1218 217 χισάμενος
1234 180 1265 214 ἐξ
1281 180 1406 216 ἐνέδρας,
1421 180 1462 212 είς
1477 179 1603 207 κίνδυνον
1619 180 1799 217 κατέστησεν,
1817 183 1856 215 ὥς

226 231 331 260 Deinde
348 231 451 259 milites
465 229 625 258 cautissime
641 229 730 262 duxit,
741 234 770 256 et
785 229 945 264 magistratu
955 229 1016 256 abi—

226 283 316 310 turus,
332 278 470 309 consules,
489 276 591 303 tradito
604 275 740 307 exercitu,
768 275 962 303 candidissime
981 275 1015 302 de

224 325 353 352 omnibus
369 323 452 350 rebus
467 323 574 349 monuit
589 331 596 349 :
619 321 665 356 qui
680 321 851 349 conﬁdenter
870 321 952 353 nihil,
967 320 1016 348 sed

225 378 257 398 ex
274 369 360 397 Fabiii
376 368 500 396 consiliis
521 368 613 395 omnia
635 367 875 399 administrarunt,
888 367 1015 401 quamvis

225 415 358 443 Geminus
387 422 444 441 rem
473 414 543 441 bene
570 417 701 448 gesserat.
730 412 798 439 Nam
823 419 885 439 cum
901 412 1016 439 classem

225 459 492 495 Carthaginiensium
511 459 624 486 tendere
636 458 663 485 in
671 457 788 490 Italiam,
800 457 848 484 sed
864 456 899 484 ob
914 456 1017 483 Roma-

225 514 324 534 norum
342 505 556 532 instructionem
573 511 628 531 non
646 504 785 538 appellere
801 503 927 535 vidisset,
943 502 1017 529 inter

226 553 408 588 navigandum
435 551 574 579 Corsicam
598 557 626 579 et
649 550 805 578 Sardiniam
828 549 971 576 ﬁrmavit:
991 554 1019 576 et

225 606 358 626 exscensu
384 597 411 624 in
426 597 518 624 Africa
543 596 625 629 facto,
644 604 678 624 ex
693 604 741 624 ora
761 596 898 623 maritima
915 596 1019 630 pra:st

224 644 289 679 egit.
313 643 378 676 Qua:
400 651 462 671 cum
483 643 584 678 egisset
596 663 602 675 ,
618 651 674 669 non
693 647 783 670 tamen
798 642 886 669 elatus
903 641 974 675 fuit,
989 645 1019 669 ut

227 693 330 717 temere
354 689 520 716 Annibalem
547 689 758 724 aggrederetur:
778 688 826 715 sed
849 687 924 715 Fabii
942 696 1020 715 man-

226 734 298 762 datis
313 736 415 770 paruit.
443 735 521 762 Unde
544 735 628 762 urbes
651 742 707 762 non
725 738 780 761 tam
799 734 879 762 facile
895 739 926 761 ut
943 734 1020 770 prius

226 782 258 807 ad
271 781 511 817 Carthaginienses
523 780 695 810 defecerunt.
707 785 872 813 metuentes,
886 788 921 808 ne
933 779 1020 808 Anni-
1036 796 1056 823 Β

226 824 289 852 bale
303 825 380 853 ltalia
394 826 485 860 pulso,
510 833 525 852 a
541 826 674 853 Romanis
690 825 815 852 ﬁnitimis
830 824 901 852 male
917 829 1018 852 tracta-

226 876 332 898 rentur.
361 871 400 899 Ac
431 871 557 907 plerique
585 871 678 899 futura
711 871 936 904 considerabant,
968 871 1016 898 sed

228 918 308 952 pauci
323 917 356 944 ad
372 918 559 945 Romanorum
574 917 735 945 societatem
750 916 888 948 redibant,
905 915 1017 951 quidam

226 964 311 990 etiam
326 963 439 990 donaria
455 964 600 991 miserunt.
625 963 665 990 Ex
679 962 773 990 multis
786 967 878 990 autem
893 962 1021 990 Hieronis

225 1009 401 1041 muneribus,
414 1009 582 1037 frumentum
592 1009 725 1036 duntaxat
734 1014 762 1036 et
775 1008 897 1036 victoria:
913 1008 1021 1044 signqu

225 1061 413 1089 acceperunt:
444 1063 602 1090 quanquam
622 1055 691 1082 adeo
715 1054 841 1089 pecuniae
868 1054 975 1089 inopes,
991 1059 1022 1082 ut

223 1106 384 1135 argenteum
402 1109 547 1128 nummum
562 1101 641 1136 prius
653 1101 855 1136 impermistutn
866 1104 894 1128 et
906 1108 1020 1136 purum,

223 1154 275 1173 aere
288 1146 405 1174 adtuisto
421 1147 618 1174 adulterarent.

1067 227 1240 262 πανστρατιᾷ
1255 226 1369 260 ἐξελεῖν,
1385 227 1410 252 εί
1424 226 1463 262 μὴ
1479 227 1493 253 6
1506 226 1605 259 Φάϐιος
1620 227 1691 254 κατὰ
1703 227 1790 255 νώτου
1806 229 1857 255 αὺ-

1066 272 1105 307 τῷ
1120 272 1282 308 προσπεσὼν
1295 272 1428 299 ἐκώλυσε.
1443 271 1541 299 Παθὼν
1552 272 1599 299 οὖν
1611 273 1691 300 τοῦτο
1703 274 1716 300 6
1731 274 1857 308 Ῥοῦφος,

1068 319 1246 353 μετεϐάλετο,
1259 318 1307 345 καὶ
1323 318 1355 345 τὸ
1374 319 1535 354 στράτευμά.
1550 327 1580 345 τε
1604 318 1634 345 τὸ
1652 319 1814 355 περίλοιπον
1829 321 1858 352 ἐς

1067 365 1112 391 τὸν
1131 365 1232 392 Φάϐιον
1246 365 1328 397 εὐθὺς
1341 365 1440 400 ἧγαγε,
1455 365 1503 391 καὶ
1517 364 1567 399 τὴν
1586 365 1676 401 ἀρχὴν
1699 366 1860 401 παραδέδω-

1068 418 1127 443 κεν,
1149 410 1204 436 οὐδ’
1220 409 1347 445 ἀνέμεινε
1369 411 1415 436 τὸν
1433 409 1520 445 δῆμον
1542 410 1779 446 ἁναψηφίσασθαι,
1801 412 1857 439 ἀλλ’

1067 455 1212 491 ἐθελοντὴς
1226 456 1275 491 τὴν
1294 455 1453 491 ἡγεμονίαν,
1470 456 1503 491 ἣν
1519 456 1678 492 παράὑτοῠ
1694 457 1775 492 μόνος
1793 459 1860 485 tmt-

1068 502 1161 537 άρχων
1178 502 1235 537 (53)
1261 502 1360 529 ἔλαϐεν
1384 502 1492 536 ἀφῆκε·
1519 503 1568 529 καὶ
1595 503 1677 530 αὑτὸν
1707 503 1754 530 ἐπὶ
1772 503 1860 539 τούτῳ

1068 548 1171 579 πάντες
1180 547 1263 583 ὲπῄνε
1268 556 1328 575 σαν.
1340 548 1396 575 Kal.
1405 548 1419 574 6
1429 547 1527 578 Φάϐιος
1535 548 1647 581 αὐτίκα,
1664 549 1747 583 μηδὲν
1758 549 1862 575 ἐνδοιά-

1069 602 1130 625 σας,
1148 595 1240 622 πᾶσαν
1265 594 1386 627 ἐδέξατο,
1410 595 1458 622 καὶ
1476 595 1490 621 ὁ
1506 595 1591 629 δῆμος
1610 595 1675 621 αὐτὸ
1696 595 1859 627 ἀπεδέξατο.

1069 640 1125 666 Καὶ
1142 640 1211 675 μετὰ
1226 639 1312 666 ταῦτα
1326 640 1409 672 αὐτός
1424 648 1454 667 τε
1468 640 1663 674 ἀσφαλέστατα
1678 640 1800 674 προέστη
1814 640 1859 666 τοῦ

1070 686 1277 722 στρατεύματος
1287 693 1295 700 ·
1309 686 1357 713 καὶ
1372 685 1478 721 μέλλων
1490 686 1734 719 ἀπαλλαγήσεσθαι
1749 686 1798 718 τῆς
1812 686 1861 720 ἀρ-

1069 731 1133 767 χῆς,
1151 732 1214 764 τοὺς
1229 732 1350 765 ὑπάτους
1372 732 1578 767 μετεπέμψατο,
1592 732 1640 758 καὶ
1654 731 1684 757 τὸ
1700 732 1860 766 στράτευμα

1071 776 1148 810 σφίσι
1174 777 1330 812 παρέδωκε,
1353 777 1402 804 καὶ
1425 777 1506 804 πάνθ’
1528 777 1578 803 ὅσα
1594 776 1751 812 πραχθῆναι
1774 777 1861 811 ἐχρῆν

1071 822 1227 859 παρῄνεσεν
1253 822 1447 857 ἁφθονὼταταυ
1475 823 1597 850 κάκεῖνοι
1624 822 1747 857 θρασέως
1772 822 1859 856 οὐδὲν,

1070 869 1139 897 ἀλλὰ
1158 869 1229 897 κατὰ
1243 869 1293 905 τὴν
1312 870 1454 906 ὑποθήκην
1468 869 1515 897 τοῦ
1528 870 1629 897 Φαϐίου
1644 869 1754 897 ἅπαντα
1773 870 1861 905 ἐπρα-

1070 916 1130 950 ξαν,
1149 916 1250 952 καίπερ
1266 915 1281 942 ὀ
1297 916 1412 951 Γεμῖνος
1435 916 1483 943 καὶ
1500 916 1735 952 προκατωρθώκει
1761 925 1799 943 τι.
1824 917 1861 942 Τδ

1069 961 1125 998 γὰρ
1141 963 1269 989 ναυτικὸν
1289 963 1344 989 τῶν
1364 962 1559 998 Καρχηδονίων
1581 962 1644 989 ἰδὼν
1664 962 1792 998 ὁρμῆσαν
1811 963 1861 997 μὶν

1071 1008 1118 1034 ἐπὶ
1134 1007 1184 1044 τὴν
1203 1007 1333 1040 Ἰταλίαν,
1345 1008 1389 1035 διὰ
1404 1008 1432 1034 δὲ
1448 1009 1498 1043 τὴν
1514 1009 1756 1043 ἀντιπαρασκευὴν
1769 1008 1862 1034 αὐτῶν

1072 1054 1111 1090 μὴ
1127 1054 1283 1090 προσμίξαν
1298 1054 1378 1089 αὐτῇ,
1396 1055 1589 1086 ἐπεκπλεύσας
1607 1055 1641 1081 τά
1658 1063 1688 1080 τε
1713 1054 1769 1080 τῶν
1785 1055 1861 1089 Κυρο

1070 1099 1145 1131 νίων,
1161 1100 1211 1126 καὶ
1234 1100 1269 1126 τὰ
1284 1100 1339 1126 τῶν
1360 1100 1512 1135 Σαρδονίων
1535 1101 1564 1126 ἐν
1584 1100 1623 1135 τῷ
1641 1100 1778 1135 παράπλῳ
1801 1100 1861 1126 ἐϐε-

1072 1144 1221 1172 ϐαιώσατο.
1237 1145 1291 1171 Καὶ
1306 1147 1333 1177 ἐς
1345 1144 1394 1180 τὴν
1409 1145 1512 1180 Λιϐύην
1535 1145 1796 1181 ἐκϐὰς,ἐὶ.εηλάτησε
1813 1145 1861 1179 τὴν

224 1192 361 1227 παραλίαν
382 1194 476 1228 αὐτῆς.
493 1193 587 1220 Ταῦτα
606 1192 654 1228 μὶν
662 1191 791 1227 ἔπραξεν,
809 1193 839 1219 οὐ
863 1191 956 1227 μέντοι
970 1192 1005 1219 δι’
1020 1191 1090 1218 αὐτὰ
1105 1191 1262 1228 ἐπεφύσητο
1273 1191 1343 1218 ὥστε
1357 1191 1424 1226 πρὸς
1437 1192 1481 1218 τὸν
1501 1191 1622 1218 Ἀννίϐαν
1634 1192 1860 1224 διακινδυνεῦσαι,

223 1240 292 1266 ἀλλὰ
314 1242 375 1272 ταῖς
413 1241 534 1272 ἐντολαῖς
558 1241 605 1268 τοῦ
621 1241 722 1268 Φαϐίου
741 1241 890 1276 ἐνέμεινεν.
904 1241 986 1268 Ὅθεν
999 1249 1051 1277 περ
1068 1240 1114 1268 καὶ
1130 1241 1158 1268 al
1176 1240 1267 1273 πόλεις
1281 1240 1371 1268 οὐκέθ’
1383 1242 1483 1275 ὁμοίως
1501 1242 1555 1272 τοῖς
1573 1241 1768 1276 Καρχηδονίοις
1780 1250 1861 1274 προσ-

224 1287 352 1313 ετίθεντο.
374 1287 537 1321 Ἐφοϐοὖντο
560 1287 615 1323 γὰρ
639 1287 677 1323 μὴ
690 1288 704 1314 6
723 1287 847 1320 ⁹Δννίϐας
859 1288 910 1323 τῆς
924 1287 1039 1319 Ἰταλίας
1057 1287 1173 1323 ἐκπέσῃ,
1189 1287 1237 1313 καὶ
1250 1286 1334 1314 κακόν
1356 1295 1382 1313 τι
1402 1287 1478 1313 αὐτοὶ
1493 1288 1544 1314 ὑπὸ
1561 1288 1704 1322 Ῥωμαίων
1714 1288 1761 1314 ἆτε
1778 1297 1861 1322 προσ-

223 1335 304 1360 οίκων
324 1333 441 1362 πάθωσι.
463 1335 518 1361 Καὶ
545 1335 569 1361 οί
606 1335 655 1370 μέν
680 1335 788 1367 πλείους
808 1336 840 1362 τὸ
860 1335 1068 1370 ἀποϐησόμενον
1095 1335 1240 1367 ἐσκόπουν,
1269 1333 1355 1367 ὀλίγοι
1384 1334 1412 1360 δέ
1444 1334 1510 1369 πρὸς
1535 1334 1597 1366 τοὺς
1622 1333 1775 1370 Ῥωμαίους
1787 1334 1861 1364 αὖθις

225 1380 406 1416 μετέστησαν,
440 1382 489 1408 καὶ
520 1382 685 1417 ἀναθήματά
705 1391 777 1414 τινες
796 1383 888 1414 αὐτοίς
908 1382 1048 1418 ἔπεμψαν.
1072 1382 1127 1408 Καὶ
1156 1381 1203 1408 τοῦ
1223 1381 1345 1417 Ἱέρωνος
1366 1381 1452 1408 πολλὰ
1483 1381 1668 1416 πεπομφότος.
1709 1383 1783 1408 σῖτον
1815 1381 1862 1408 καὶ

223 1428 301 1464 νίκης
328 1428 441 1465 ἄγαλμα
454 1430 479 1456 ot
502 1428 633 1464 Ῥωμαῖοι
651 1430 721 1465 μόνα
749 1429 861 1463 ἔλαϐον,
878 1430 980 1465 καίπερ
996 1430 1024 1456 ἐν
1039 1427 1199 1464 ἀχρηματίᾳ
1214 1427 1303 1461 ὅντες,
1319 1428 1390 1455 ὥστε
1404 1427 1435 1455 τὸ
1448 1427 1585 1464 ἀργυροῦν
1601 1427 1735 1464 νόμισμα,
1761 1427 1859 1463 ἀμιγὲς

223 1475 270 1502 καὶ
308 1474 427 1511 καθαρὸν
464 1476 607 1512 γινόμινον
630 1476 774 1512 πρότερον,
796 1477 892 1513 χαλκῷ
906 1474 1069 1512 προσμίξαι.

827 1552 930 1585 Variae
945 1550 1101 1586 lectiones
1121 1557 1260 1586 etnotae.

260 1612 317 1648 (ὅὸ)
336 1613 435 1647 Μόνος
453 1614 624 1650 ἱππάρχων.
635 1615 770 1651 Excerpta
782 1615 878 1645 Dionis
900 1617 1020 1646 Valesiat

1073 1625 1102 1654 p.
1119 1617 1183 1645 597.

812 1787 993 1831 LIBER
1039 1786 1265 1833 NONUS.

263 1881 285 1909 Ι.
306 1881 368 1909 Haec
385 1885 442 1909 tum
458 1880 486 1908 in
499 1881 578 1910 ltalia
593 1886 653 1910 acta
665 1887 741 1917 sunt,
755 1890 788 1911 ac
802 1883 897 1911 Romae
912 1883 1020 1912 servilis

1109 1885 1150 1911 A’.
1165 1883 1259 1911 Ταῦτα
1273 1884 1303 1911 ἐν
1318 1885 1351 1919 τῇ
1374 1883 1475 1920 Ἰταλίᾳ
1485 1884 1546 1911 τότε
1565 1884 1701 1922 ἐπράχθη.
1718 1886 1774 1913 Καί
1791 1896 1860 1919 τινες

227 1927 383 1962 conjuratio
399 1932 506 1955 mature
526 1936 669 1963 oppressa.
686 1928 852 1964 Esplorator
865 1929 977 1965 quidam
990 1929 1019 1957 in

226 1974 295 2001 urbe
322 1974 530 2009 deprehensus,
560 1975 710 2010 amputatis
733 1976 862 2003 manibus
889 1976 1019 2004 dimissus

222 2024 274 2050 est.
304 2024 334 2047 ut
361 2021 419 2055 ipse
435 2020 711 2056 Carthaginiensibus
727 2030 784 2049 sua:
805 2022 892 2050 cladis
906 2023 1021 2050 nuntius

225 2070 307 2093 esset.
335 2065 364 2093 ln
380 2066 509 2101 Hispania
536 2066 630 2102 Scipio
652 2068 743 2096 navali
768 2069 874 2104 pralio,
896 2069 931 2097 ad
946 2069 1019 2096 lberi

224 2113 294 2139 ostia
308 2112 385 2139 vicit.
400 2113 468 2140 Nam
483 2121 544 2140 cum
559 2121 649 2149 pugna
661 2114 797 2149 principio
815 2122 917 2150 anceps
933 2119 1016 2148 esset,

224 2157 293 2185 velis
309 2159 422 2185 navium
440 2159 562 2192 refectis,
579 2167 646 2187 suos
662 2159 695 2187 ad
710 2160 867 2195 promptius
880 2160 1018 2188 dimican-

227 2202 293 2230 dum
319 2204 459 2232 cohortari
479 2206 588 2233 voluit:
606 2214 657 2234 nec
670 2214 752 2243 agros
772 2207 904 2235 duntaxat
929 2212 1020 2235 vasta-

227 2248 279 2280 vit,
304 2250 353 2277 sed
371 2250 456 2278 etiam
473 2252 559 2279 multa
574 2252 634 2280 loca
651 2254 756 2281 munita
775 2254 903 2288 subegit:
923 2257 951 2280 et
970 2261 1020 2288 per

227 2294 340 2322 fratrem
369 2295 399 2322 P.
426 2296 583 2332 Scipionom
608 2298 690 2325 urbes
714 2298 875 2333 Hispanicas
896 2298 1020 2326 Romano

228 2341 345 2375 imperio
369 2342 479 2377 adjecit.
505 2343 609 2371 Abelus
632 2344 706 2371 enim
736 2344 848 2379 quidam
870 2344 1017 2379 Hispanus,

226 2394 288 2414 cum
300 2386 574 2423 Carthaginiensibus
587 2390 657 2418 ﬁdus
668 2398 729 2418 esse
740 2390 911 2423 crederetur,
924 2397 1019 2418 revera

227 2433 361 2461 Romanis
375 2433 481 2465 favens,
498 2437 636 2470 persuasit
649 2436 674 2463 ei
689 2436 736 2471 qui
750 2435 864 2463 obsides
881 2435 1018 2470 Hispano-

227 2487 290 2506 rum
307 2480 492 2514 custodiebat,
510 2486 540 2509 ut
556 2489 604 2509 eos
616 2482 728 2509 domum
743 2482 820 2509 abire
835 2482 949 2515 sineret,
964 2490 1019 2517 quo

227 2521 341 2552 facilius
353 2525 481 2553 civitates
502 2526 537 2554 ad
559 2526 780 2555 benevolentiam
802 2527 1017 2556 adducerentur.

226 2569 301 2602 Quos
319 2578 392 2603 cum,
418 2576 447 2599 ut
470 2572 544 2600 illius
563 2573 671 2600 consilii
697 2573 778 2609 41⁵1
794 2579 903 2606 auctor,
920 2573 1018 2609 legatis
1035 2562 1057 2591 θ

228 2615 304 2649 prius
320 2616 353 2643 ad
367 2616 523 2651 Scipionem
535 2618 637 2652 missis,
648 2622 675 2646 ct
690 2619 899 2647 communicatis
910 2619 944 2647 iis
956 2627 1017 2655 qua:

226 2660 347 2693 volebat,
363 2667 446 2690 noctu
462 2663 623 2697 abduceret,
640 2670 738 2701 captus
761 2669 803 2693 est
816 2666 941 2694 scilicet:
962 2666 1017 2693 Ro-

229 2706 303 2733 mani
321 2707 355 2734 iis
369 2708 480 2735 domum
505 2710 636 2744 remissis,
655 2711 759 2746 patrias
782 2719 878 2739 eorum
894 2712 921 2738 in
938 2711 1018 2738 dedi-

229 2752 334 2779 tionem
349 2760 523 2789 acceperunt.
540 2755 605 2789 Quae
617 2765 679 2785 cum
695 2757 813 2786 feliciter
824 2758 1016 2790 succederent,

229 2796 258 2823 in
274 2803 334 2823 eam
348 2798 453 2826 cladem
475 2800 643 2836 inciderunt,
669 2810 724 2838 qua
742 2810 792 2830 nec
805 2807 869 2830 ante
889 2809 941 2830 nec
956 2806 1019 2838 post

228 2842 383 2877 graviorem
408 2851 575 2875 senserunt:
599 2855 686 2883 eaque
703 2848 835 2883 prodigiis
855 2848 1017 2883 prwsigniﬁ-

1071 1930 1161 1958 δοῦλοι
1177 1932 1349 1966 συνωμοοίαν
1365 1931 1413 1957 ἐπὶ
1427 1932 1459 1966 τῇ
1480 1931 1574 1967 Ῥώμῃ
1594 1933 1779 1967 πεποιηκότες
1790 1942 1857 1968 προ-

1070 1977 1292 2012 κατελήφθησαν.
1314 1977 1496 2009 Κατάσκοπός
1520 1978 1550 2004 τέ
1571 1986 1613 2009 τις
1640 1978 1722 2010 ἁλοὺς
1740 1979 1771 2005 ἐν
1791 1980 1858 2015 αὐτῇ

1070 2025 1119 2056 τὰς
1139 2025 1236 2060 χεῖρας
1251 2024 1394 2058 ἀπεκόπη,
1410 2024 1457 2050 καὶ
1474 2024 1587 2059 ἀφείθη,
1608 2024 1651 2051 ἵνα
1672 2025 1731 2056 τοῖς
1746 2026 1858 2061 Καρχη-

1070 2069 1167 2101 δονίοις
1183 2069 1298 2104 γένηται
1311 2068 1358 2095 τοῦ
1383 2068 1487 2101 πάθους
1512 2069 1693 2104 αὐτάγγελος.
1719 2070 1764 2096 Ἐν
1786 2071 1858 2106 δέτῇ

1076 2114 1192 2151 Ἰϐηρίᾳ,
1217 2114 1356 2150 ναυμαχίᾳ
1381 2114 1450 2150 πρὸς
1476 2116 1509 2151 τῇ
1536 2114 1583 2142 τοῦ
1601 2115 1712 2151 Ἴϐηρος
1732 2116 1859 2151 ἐκϐολῇό

1069 2161 1190 2187 Σκιπίων
1218 2160 1357 2195 ἐνίκησεν.
1384 2159 1532 2192 ’ἰσοπαλῶς
1554 2160 1609 2196 γὰρ
1635 2160 1857 2197 ἀγωνιζομένων,

1069 2208 1105 2235 τὰ
1135 2208 1208 2235 ἱστία
1237 2207 1292 2234 τῶν
1321 2207 1392 2234 νεῶν
1408 2206 1571 2242 ὑπιτέμετο,
1597 2207 1671 2239 ὅπως
1694 2207 1859 2242 ἀπογνόντες

1069 2254 1273 2290 προθυμότερον
1288 2252 1488 2287 ἀγωνίσωνται,
1506 2253 1554 2279 καὶ
1565 2253 1616 2288 τήν
1624 2262 1654 2279 τε
1668 2252 1762 2289 χώραν
1777 2254 1859 2290 ἐπόρ-

1070 2299 1148 2335 θησε,
1175 2299 1223 2327 καὶ
1244 2300 1322 2334 τείχη
1348 2299 1434 2334 συχνὰ
1461 2298 1646 2334 ἐχειρώσατο,
1665 2299 1712 2326 καὶ
1739 2300 1784 2327 διὰ
1812 2300 1858 2327 τοῦ

1071 2345 1188 2379 ἀδελφοῦ
1215 2344 1351 2371 Πουπλίου
1378 2343 1532 2376 Σκιπίωνος
1560 2344 1652 2376 πόλεις
1673 2345 1727 2372 τῶν
1746 2345 1858 2381 Ἰϐήρων

1071 2391 1291 2426 προσεκτήσατο.
1316 2389 1431 2421 ’Δϐελος
1461 2389 1516 2425 γάρ
1541 2398 1584 2421 τις
1604 2390 1684 2426 Ἴϐηρ
1704 2390 1794 2418 δοκῶν
1811 2391 1859 2426 μὲν

1068 2436 1123 2466 τοῖς
1138 2434 1336 2469 Καρχηδονίοις
1354 2434 1460 2468 πιστὸς,
1476 2434 1512 2461 τὰ
1530 2435 1585 2462 τῶν
1607 2436 1750 2471 Ῥωμαίων
1770 2436 1799 2463 δὲ
1815 2436 1859 2463 θε-

1069 2479 1210 2516 ραπεύων,
1223 2480 1352 2507 ἀνέπεισε
1376 2481 1423 2507 τὸν
1447 2481 1621 2517 φρουροῦντα
1633 2482 1697 2514 τοὺς
1713 2483 1767 2509 τῶν
1791 2483 1859 2518 Ἰϐή-

1074 2535 1127 2562 ρων
1140 2527 1273 2562 δμήρους,
1289 2526 1381 2553 οἴκαδε
1403 2527 1504 2559 αὐτοὺς
1527 2528 1701 2563 ἀποπέμψαι,
1720 2528 1753 2555 ἵν’
1768 2530 1797 2561 ἐς
1814 2528 1860 2556 εὖ·

1072 2581 1147 2600 νοιαν
1174 2573 1245 2608 τάχα
1273 2573 1319 2600 ὑπ’
1341 2573 1432 2600 αὐτῶν
1457 2574 1485 2600 αί
1502 2573 1595 2606 πόλεις
1624 2574 1784 2609 ὑπαχθῶσι·
1814 2576 1860 2602 καὶ

1072 2618 1239 2655 παραλαϐὼν
1257 2619 1327 2653 σφᾶς
1349 2618 1397 2645 ἆτε
1420 2618 1468 2645 καὶ
1489 2619 1539 2654 τῆς
1561 2619 1685 2650 ἐπινοίας
1710 2620 1859 2656 εἰσηγητὴς

1071 2663 1203 2698 γεγονὼς,
1217 2663 1286 2699 πρὸς
1294 2664 1358 2695 τοὺς
1374 2664 1529 2696 Σκιπίωνας
1539 2664 1570 2691 τὸ
1586 2665 1721 2700 πρότερον
1737 2666 1858 2701 πέμψας,

1072 2711 1118 2735 καὶ
1139 2709 1407 2745 κοινολογησάμενος
1434 2710 1498 2745 napi
1511 2707 1550 2737 ὧν
1577 2710 1667 2745 ἠξίου,
1685 2709 1745 2737 εἶτα
1764 2712 1859 2743 νυκτὸς

1071 2756 1267 2791 ὑπεκκομίζων
1284 2756 1394 2790 αὐτοὺς,
1409 2757 1480 2784 ἑάλω
1503 2757 1583 2793 δῆθεν
1596 2767 1602 2773 ·
1619 2758 1665 2785 καὶ
1682 2758 1771 2791 οὕτως
1785 2759 1858 2785 ἐκεί-

1072 2810 1126 2829 νων
1151 2811 1182 2829 τε
1210 2803 1355 2838 ἐγκρατεῖς
1381 2804 1506 2837 ἐγένοντο
1531 2805 1556 2831 οί
1572 2805 1715 2840 Ῥωμαῖοι,
1734 2806 1783 2832 καὶ
1811 2804 1857 2836 τὰς

1074 2848 1205 2883 πατρίδας
1234 2848 1325 2877 αὐτῶν
1352 2849 1592 2885 ἀνακομισθέντων
1611 2850 1703 2879 οἶκαδε
1724 2851 1857 2883 κατεκτή-
