4008 6250
319 310 428 371 713

1548 322 1956 386 ANNALIUM
1996 326 2143 388 LIB.
2196 330 2298 388 lX.

3461 345 3564 408 714

318 443 506 479 σαντο.
540 427 631 481 Ἑν
672 428 770 496 μὲν
803 425 895 483 οὖν
929 431 1139 495 τούτοις
1162 435 1444 504 εύτὶχουν,
1479 441 1736 511 συμφρᾷ
1753 439 1796 492 δ’
1825 437 1884 493 αὖ

1996 451 2115 496 cata
2151 450 2254 508 est,
2310 452 2365 499 et
2399 442 2683 517 Sibyllinis
2732 451 2967 506 oraculis
3013 461 3269 521 tetrante
3317 460 3571 516 ςιιιοιίυιις

317 518 649 589 τεριέπεσον
679 513 742 588 ἧς
775 518 897 572 οὔτε
943 522 1180 592 πρόσθεν
1207 524 1324 578 οὗθ’
1363 526 1587 597 ὕστερον
1615 529 1892 598 δεινοτέρᾳ

310 610 439 662 οὐδὲ
476 610 596 680 μιᾷ.
640 611 1002 682 Προηγήσατο
1038 613 1092 665 δὲ
1131 616 1334 686 ταύτης
1375 619 1466 670 καί
1516 636 1638 671 τινα
1690 621 1892 690 τέρατα

315 704 412 753 καὶ
445 701 513 753 τὰ
546 700 647 770 τῆς
678 701 939 771 Σιϐύλλης
981 703 1159 772 λόγια,
1184 707 1305 775 ἥτις
1329 708 1434 779 πρὸ
1464 708 1731 762 τοσούτων
1757 712 1891 762 ὲτῶν

314 791 415 857 τὴν
466 789 754 858 συμφορὰν
805 793 990 856 αὐτοῖς
1031 797 1424 863 ἐμαντεύσατο.
1465 799 1792 868 θαυμαστὸν
1833 800 1891 852 δὲ

313 886 408 934 καὶ
439 881 501 934 τὸ
536 882 630 934 τοῦ
664 883 894 955 Μάρκου
923 888 1322 956 προμᾶντευμα
1343 907 1354 918 ·
1382 892 1762 963 χρησμολόγος
1783 893 1892 962 γάρ

310 991 397 1036 ’τις
452 975 548 1027 καὶ
599 969 754 1038 οὗτος
799 978 1094 1050 γενόμενος
1146 980 1203 1033 ὲν
1243 982 1318 1053 τῷ
1381 984 1684 1055 Διομηδείῳ
1722 985 1893 1054 πεδίῳ

312 1064 569 1118 πταίσειν
598 1066 796 1132 αὐτοὺς
848 1068 943 1121 ἆτε
998 1071 1092 1122 καὶ
1145 1072 1340 1143 Τρῶας
1360 1073 1430 1126 ’τὸ
1473 1076 1701 1144 ἀρχαῖον
1728 1074 1890 1138 ὄντας

313 1156 595 1225 ἐφοίίὶασε.
655 1158 829 1214 Τοῦτο
873 1159 921 1214 δ’
958 1163 1015 1216 ὲν
1051 1163 1312 1236 Ἀπουλίᾳ
1348 1167 1413 1237 τῇ
1466 1166 1712 1220 Δαυνίων
1749 1166 1890 1233 ἐστὶ,

310 1251 408 1303 καὶ
438 1252 497 1303 τὶ
530 1251 701 1322 ὄνομα
727 1254 836 1307 ἀπὸ
872 1255 973 1326 τῆς
1006 1257 1101 1309 τοῦ
1155 1258 1455 1329 Διομήδους
1492 1258 1887 1330 κατοικήσεως,

313 1343 383 1413 ἥν
418 1345 538 1397 ἐκεῖ
568 1344 872 1415 ἀλητεύσας
898 1350 1212 1419 ἐποιήσατο,
1257 1349 1509 1422 ἔσχηκεν,
1554 1351 1644 1405 Ἐν
1676 1351 1786 1423 γὰρ
1813 1351 1890 1422 τῷ

307 1433 481 1504 πεδίῳ
510 1434 703 1505 ἐκείνῳ
732 1437 826 1489 καὶ
847 1437 903 1490 αἱ
922 1438 1154 1503 Κάνναι,
1179 1438 1307 1493 ἔνθα
1333 1442 1456 1494 τότε
1491 1440 1886 1513 ἐδυστύχησαν,

310 1529 465 1599 παρά
487 1546 546 1581 τε
572 1528 649 1600 τῷ
700 1531 871 1602 Ἰονίῳ
904 1531 1113 1604 κόλπῳ,
1154 1535 1254 1588 καὶ
1304 1536 1433 1607 περὶ
1454 1536 1553 1600 τὰς
1588 1536 1684 1590 τοῦ
1713 1538 1888 1608 Αὐφι-

305 1618 424 1671 δίου
449 1618 680 1682 ἐκϐολάς
718 1622 879 1674 εἰσιν.
924 1621 987 1674 Ἢ
1019 1622 1074 1676 δὲ
1122 1623 1358 1679 Σιϐύλλα
1391 1625 1759 1694 φυλάττεσθαι
1792 1629 1891 1698 μὲν

308 1711 369 1762 τὸ
439 1709 641 1782 χωρίον
710 1711 1040 1784 παρῄνεσεν,
1094 1717 1156 1768 ού
1197 1717 1382 1786 μέντοι
1450 1717 1545 1772 καὶ
1600 1719 1784 1773 πλεῖόν
1838 1737 1889 1774 τι

309 1804 642 1874 γενήσεσθαι
687 1804 814 1876 ἔφη,
842 1806 953 1860 οὐδ’
980 1809 1029 1862 εί
1052 1808 1142 1863 διὰ
1173 1810 1355 1881 πάσης
1397 1810 1530 1865 αὐτὸ
1564 1813 1888 1882 ποιήσαιντο
1917 1800 1963 1859 Β

306 1893 586 1967 φυλακῆς.
609 1896 846 1952 Τοιαῦτα
873 1899 970 1970 μὲν
997 1898 1090 1952 οῦν
1110 1896 1250 1972 ἦσαν
1272 1903 1340 1955 τὰ
1361 1903 1884 1974 χρησμοδοτήματα,

302 1988 376 2043 τὰ
434 1990 491 2044 δὲ
552 1992 667 2055 τοῖς
726 1991 1018 2061 Ῥωμαίοις
1076 1992 1363 2064 συμϐάντα
1411 1994 1584 2057 οὕτως
1647 1996 1884 2065 ιγένετο.

303 2078 517 2153 Ἧρχον
551 2083 650 2152 μὲν
706 2083 919 2147 Παῦλος
953 2083 1204 2156 Αἰμίλιος
1244 2086 1339 2139 καὶ
1378 2087 1670 2156 Τερέντιος
1700 2091 1885 2164 Οὐάρ-

305 2176 439 2240 ρων,
472 2174 667 2247 ἄνδρες
689 2176 788 2246 οὐχ
810 2176 1179 2247 ὁμοιότροποι.
1219 2177 1279 2230 Ὀ
1307 2178 1404 2249 μὲν
1420 2179 1529 2249 γὰρ
1552 2180 1887 2255 εὐπατρίδης

301 2263 486 2337 ἦνκαὶ
512 2268 734 2341 παιδείᾳ
768 2269 1079 2340 κεκόσμητο
1116 2271 1209 2324 καὶ
1248 2270 1307 2322 τὸ
1343 2270 1586 2341 ἀσφαλὲς
1612 2272 1885 2344 προετίμα

299 2358 400 2412 τοῦ
424 2360 731 2431 προπετοῦς
762 2379 775 2391 ·
811 2363 1096 2434 Τερέντιος
1114 2361 1167 2414 δὲ
1199 2364 1255 2415 ὲν
1278 2361 1354 2433 τῷ
1377 2362 1549 2433 ὁμίλῳ
1587 2363 1885 2433 ἐτέθραπτο

300 2454 398 2504 καὶ
431 2454 487 2503 ἐν
520 2452 825 2524 βαναυσικῇ
859 2454 1157 2526 θρασύτητι
1199 2456 1430 2526 ﬁexa-to,
1473 2454 1568 2507 καὶ
1600 2454 1769 2509 τᾶλλα
1825 2474 1883 2509 τε

301 2545 611 2616 εξειρρόνει,
650 2547 742 2598 καὶ
772 2549 870 2616 τὴν
895 2547 1193 2616 ἠγεμονίαν
1225 2546 1383 2615 μόνος
1415 2545 1560 2617 ἔχειν
1589 2548 1779 2617 ἡγεῖτο
1799 2547 1886 2601 διὰ

301 2637 404 2707 τὴν
437 2636 531 2689 τοῦ
573 2637 939 2708 συνάρχοντος
981 2638 1308 2691 ἐπιείκειαν.
1339 2633 1543 2691 Ἦλθον
1584 2635 1677 2692 οὖν
1718 2639 1886 2708 ἄμφω

305 2731 388 2792 είς
424 2729 484 2781 τὸ
529 2729 896 2800 στρατόπεδον
939 2729 1324 2800 εὐκαιρότατα.
1375 2729 1514 2782 υῧτε
1564 2729 1673 2800 γὰρ
1706 2732 1884 2801 τροφὴ

301 2817 388 2871 ἐτι
437 2814 505 2888 ἦν
546 2818 624 2890 τῷ
689 2818 928 2892 ’Δννίϐςμ
961 2824 1054 2874 καί
1094 2820 1162 2872 τὰ
1194 2820 1303 2872 τῶν
1340 2818 1565 2892 Ἰϐήρων
1604 2822 1884 2892 κεκίνητο,

300 2912 373 2965 τά
403 2928 462 2965 τε
489 2911 599 2965 τῶν
627 2913 936 2983 συμμάχων
986 2912 1150 2967 αὐτοῦ
1189 2911 1538 2983 ⁴ηλλοτριοῦτο
1563 2925 1576 2939 '
1625 2913 1719 2963 καὶ
1750 2912 1803 2964 εί
1820 2928 1885 2979 γε

304 3005 402 3056 καὶ
432 3004 492 3056 τὸ
534 3004 873 3076 βραχύτατον
902 3007 1300 3076 ἐπεσχήκεσαν,
1331 3005 1546 3068 ἀπόνως
1568 3006 1884 3076 ἐκράτησαν

301 3099 389 3151 ἄν.
429 3095 543 3149 Νῦν
565 3096 621 3150 δέ
654 3113 717 3165 γε
766 3096 860 3150 τοῦ
907 3097 1199 3167 Τερεντίου
1233 3096 1294 3149 τὸ
1331 3097 1667 3169 ἀπερίοπτον
1686 3098 1782 3150 καὶ
1825 3099 1883 3150 τὸ

303 3187 398 3241 τοῦ
431 3188 640 3242 Παύλου
680 3189 923 3252 ἐπιεικὲς
952 3191 1191 3261 ἥττησεν
1232 3189 1450 3254 αὐτούς.
1503 3190 1564 3243 '0
1603 3189 1714 3262 γὰρ
1759 3191 1878 3243 'Av-
1905 3163 1953 3229 ο

302 3278 460 3342 v.6a;
524 3280 851 3350 ἐπεχείρησε
894 3279 993 3350 μὲν
1026 3283 1120 3333 καὶ
1159 3280 1509 3352 παραχρῆμα
1532 3279 1668 3352 πρὸς
1696 3280 1878 3351 μάχην

301 3371 501 3434 αὐτοὺς
541 3370 949 3440 ὑπαγαγέσθαι,
993 3372 1088 3425 καὶ
1116 3372 1215 3425 σὺν
1252 3372 1457 3442 ὀλίγοις
1483 3371 1880 3441 προσπελάσας

302 3462 486 3516 αὐτῶν
538 3462 616 3533 τῷ
662 3464 919 3535 ἐρύματι,
973 3465 1098 3519 ἐπεὶ
1147 3464 1390 3537 ἐκδρομὴ
1441 3466 1685 3536 ἐγένετο,
1737 3466 1879 3520 ἑκὼν

303 3557 686 3631 ὑπεχώρησεν,
718 3560 863 3624 ὅπως
904 3561 1136 3615 δεδιέναι
1164 3561 1464 3632 νομισθεὶς,
1509 3563 1878 3615 ὲπ.σπάσαιτο

304 3653 508 3723 μᾶλλον
536 3654 733 3718 αὐτοὺς
789 3653 870 3717 είς
923 3653 1251 3726 παράταξιν.
1284 3653 1392 3705 Τοῦ
1431 3654 1491 3706 δὲ
1522 3652 1735 3706 Παύλου
1765 3656 1879 3716 τοῖς

301 3744 527 3809 οἰκείοις
557 3745 922 3817 στρατιώταις
965 3744 1280 3814 ἐπισχόντος
1321 3743 1420 3815 τὴν
1449 3742 1654 3808 δίωξιν,
1683 3744 1710 3795 6
1758 3741 1878 3795 Ἀν-

301 3835 459 3898 νίϐας
522 3837 961 3908 προσεποιήσατο
1007 3835 1320 3906 φοϐεῖσθαι*
1378 3837 1474 3890 καὶ
1539 3836 1639 3907 τῆς
1685 3835 1876 3889 νυκτὸ;

302 3927 819 3998 ανασκευασάμενος
854 3926 927 3993 tit;
959 3925 1158 3992 ἀπιὼν,
1186 3924 1355 3996 σκεύη
1389 3943 1447 3977 τε
1483 3925 1652 3997 συχνὰ
1669 3925 1882 3979 κατέλι-

307 4035 412 4071 πεν
452 4020 510 4072 ἐν
538 4018 616 4089 τῷ
666 4019 1054 4090 χαρακώματι,
1087 4020 1181 4072 καὶ
1211 4019 1276 4071 τὸ.
1320 4018 1482 4072 λοιπὰ
1514 4017 1879 4088 ἀμελέστερον

304 4110 629 4182 κομίζεσθαι
654 4111 981 4175 ἐνετείλατο,
1021 4110 1108 4163 ἵνα
1129 4109 1238 4162 τῶν
1277 4109 1568 4180 Ῥωμαίων
1589 4107 1676 4178 ἐφ’
1698 4110 1879 4179 ἁρπα-

304 4204 409 4272 γὴν
451 4201 634 4257 αὐτῶν
682 4203 1047 4273 τραπομένων
1107 4200 1367 4272 ἐπίθηται
1409 4199 1583 4270 σφίσι.
1635 4201 1745 4253 Kal
1798 4200 1878 4264 εἰς

306 4297 469 4364 ἔργον
497 4295 564 4348 ἂν
594 4294 654 4348 τὸ
704 4293 979 4364 βούλευμα
1011 4295 1239 4365 ἤγαγεν,
1279 4297 1326 4346 εί
1379 4294 1456 4363 μὴ
1481 4295 1509 4346 6
1537 4292 1748 4355 Παῦλος
1781 4293 1878 4347 καὶ

302 4388 537 4450 ἄκοντας
589 4389 925 4456 κατεσχήκει
977 4390 1104 4449 τοὺς
1162 4385 1502 4459 στρατιώτας
1538 4384 1750 4438 καὶτὸν
1778 4385 1879 4437 Τε-

1995 533 2278 600 prredieta.
2316 535 2583 593 Mirabilis
2618 540 2725 594 fuit
2772 549 2827 596 et
2887 542 3051 599 Marci
3104 549 3244 603 vatis
3275 547 3568 615 divinatio,

1995 623 2088 692 qui
2122 640 2235 688 eos,
2270 627 2472 698 quippe
2504 645 2531 682 a
2562 631 2738 699 prima
2773 633 2942 704 sirpe
2977 636 3260 707 Trojanos,
3294 643 3345 695 in
3379 658 3573 714 eampo

1997 714 2307 771 Diomedteo
2353 720 2562 774 cladem
2616 734 2938 800 accepturos
2968 732 3240 797 prredixit.
3272 734 3322 787 Is
3357 751 3486 789 vero
3519 740 3570 790 in

1994 804 2188 875 Apulia
2222 807 2556 866 Dauuioruui
2591 824 2695 881 est,
2732 832 2929 872 nomen
2963 821 3032 873 ab
3070 821 3410 879 habitatione
3448 826 3575 881 Dio-

1997 898 2170 954 medis
2217 904 2463 965 sortitus,
2518 919 2643 960 cum
2699 908 2809 963 illic
2860 909 3162 968 oberraret.
3223 914 3281 970 ln
3321 932 3388 973 eo
3422 920 3570 974 enim

1995 1006 2192 1060 campo
2223 992 2425 1048 Canna:
2458 1004 2606 1063 sunt,
2644 997 2736 1052 tibi
2775 1001 2898 1054 etesi
2928 1001 3173 1068 fuerunt,
3206 1006 3360 1077 juxta
3389 1009 3571 1065 sinum

1996 1079 2234 1145 Ionium,
2275 1089 2331 1134 et
2364 1083 2544 1137 Aufidi
2584 1087 2746 1141 ostia.
2811 1086 3017 1161 Sibylla
3058 1102 3242 1148 autem
3273 1097 3488 1152 monuit
3513 1108 3572 1153 ut

1927 1224 1932 1233 ,
1992 1187 2116 1225 eum
2153 1171 2334 1227 locum
2365 1186 2642 1244 caverent,
2689 1196 2866 1250 neque
2900 1192 3078 1240 tamen
3109 1187 3409 1258 quidquam
3442 1206 3573 1246 cau-

1995 1263 2145 1318 tione
2197 1265 2283 1320 vel
2326 1266 2744 1338 diligentissima
2814 1276 3162 1344 profecturos
3214 1282 3434 1354 adjecit.
3494 1289 3572 1340 Ac

1994 1356 2121 1410 talia
2153 1357 2378 1413 fuerunt
2408 1361 2630 1416 oracula
2662 1381 2675 1415 :
2721 1380 2809 1419 res
2834 1377 3016 1422 autem
3054 1371 3127 1426 ita
3153 1384 3303 1443 gesta
3329 1384 3434 1431 est.
3471 1377 3573 1432 Le-

1991 1445 2250 1515 gioriibus
2300 1459 2576 1519 praeerant
2617 1451 2820 1509 Paulus
2865 1456 3122 1516 manilius
3166 1473 3222 1518 et
3277 1465 3572 1522 Terentius

1995 1538 2186 1602 Varro,
2219 1540 2321 1593 viri
2358 1540 2725 1599 dissimilibus
2753 1544 3006 1619 ingeniis.
3060 1552 3194 1607 Nam
3229 1555 3368 1611 alter
3399 1559 3569 1628 patri-

1992 1632 2110 1686 cius
2135 1640 2277 1697 erat,
2309 1631 2558 1689 doctrina
2584 1646 2833 1705 ornatus,
2858 1652 3110 1713 tutasque
3141 1649 3383 1703 rationes
3403 1652 3572 1707 auda-

1993 1724 2089 1776 ei:e
2138 1725 2516 1794 praeponebat.
2570 1727 2865 1785 Terentius
2922 1748 3054 1789 vero
3121 1735 3266 1791 inter
3325 1739 3572 1810 plebeios

1991 1814 2281 1883 educatus,
2303 1826 2359 1873 et
2386 1818 2717 1889 importuna:
2739 1824 2981 1880 audacia:
3004 1839 3276 1893 assuetus,
3305 1842 3417 1886 tum
3446 1834 3570 1892 aliis

1992 1909 2056 1962 ile
2083 1909 2249 1964 rebus
2275 1926 2564 1981 perperam
2599 1916 2894 1982 sentiebat,
2931 1929 3044 1974 tum
3071 1938 3129 1976 se
3155 1925 3331 1978 solum
3364 1926 3570 1984 habere

1993 2001 2282 2070 imperium
2331 2003 2402 2057 ob
2448 2005 2671 2077 collega:
2730 2010 3164 2069 moderationem
3216 2019 3566 2086 op’nabatur.

1989 2093 2163 2149 Ambo
2192 2103 2381 2151 autem
2412 2113 2676 2168 perquam
2724 2102 2775 2154 in
2815 2110 3062 2174 tempore
3106 2108 3160 2162 in
3193 2122 3368 2164 castra
3400 2127 3564 2167 vene-

1991 2193 2138 2238 runt.
2191 2186 2381 2257 Neque
2432 2190 2581 2261 enim
2637 2204 3002 2251 commeatum
3046 2198 3568 2265 liabebatAnnibal.

1987 2287 2044 2332 et
2080 2293 2166 2332 res
2194 2276 2501 2349 Hispanicae
2530 2283 2763 2340 turbatae
2792 2298 2972 2352 erant,
2999 2299 3055 2344 et
3077 2292 3211 2347 socii
3243 2296 3310 2348 ab
3337 2310 3404 2350 eo
3433 2298 3569 2352 alie—

1990 2369 2285 2425 iabantur.
2316 2371 2473 2436 Quod
2505 2371 2549 2427 si
2583 2378 2944 2445 perpusillum
2976 2383 3167 2436 morati
3205 2388 3566 2448 issem,citra

1989 2462 2231 2518 laborem
2257 2465 2541 2520 vicissent.
2565 2464 2722 2522 Nunc
2750 2468 2994 2541 Terentii
3024 2474 3305 2530 temeritas
3333 2486 3385 2532 et
3414 2479 3566 2534 Pauli

1990 2555 2296 2611 moderatio
2342 2572 2520 2611 causa:
2553 2558 2726 2614 cladis
2751 2561 3103 2619 exstiterunt.
3146 2567 3283 2623 Nam
3331 2569 3566 2627 Annibal

1986 2648 2169 2701 statim
2202 2663 2298 2702 eos
2328 2648 2394 2701 ad
2433 2664 2672 2721 pugnam
2705 2651 2906 2709 elicere
2930 2657 3181 2724 studens,
3214 2674 3340 2715 cum
3379 2667 3567 2732 pauci.-

1986 2740 2351 2796 munitionem
2380 2758 2672 2815 aggressus
2718 2757 2802 2801 est
2843 2763 2857 2801 :
2915 2748 3169 2821 factaque
3215 2757 3566 2821 extursionv,

1986 2842 2184 2905 sponte
2212 2835 2462 2899 recessit,
2503 2843 2560 2888 ut
2600 2839 2794 2893 timore
2843 2840 3102 2896 simulato
3134 2844 3351 2902 facilius
3388 2864 3485 2903 cos
3510 2852 3563 2904 in

1987 2925 2231 2995 praelium
2277 2928 2601 2983 attraheret.
2652 2928 2898 3001 Cumque
2947 2933 3152 2989 Paulus
3199 2951 3331 2993 suos
3362 2941 3567 2997 milites

1985 3019 2055 3074 ab
2087 3019 2245 3075 hoste
2270 3020 2653 3091 persequendo
2684 3035 3018 3089 revocasset,
3056 3027 3253 3083 timore
3282 3029 3564 3091 simulato.

1987 3112 2132 3167 vasis
2181 3124 2349 3168 noctu
2397 3114 2662 3172 collectis.
2702 3125 2957 3187 tanquam
3006 3119 3279 3185 abiturus,
3310 3125 3480 3179 multa
3508 3128 3563 3180 in

1986 3202 2127 3257 vallo
2161 3204 2402 3275 reliquit,
2435 3213 2745 3276 caeteraque
2793 3209 3161 3280 negligentius
3211 3217 3416 3283 portari
3442 3219 3564 3288 jus~

1984 3294 2078 3362 sit,
2103 3303 2163 3351 ut
2184 3295 2466 3351 Romanos
2488 3298 2544 3351 in
2577 3299 2826 3368 rapinam
2854 3301 3098 3359 intentos
3131 3308 3522 3377 aggrederetur
3543 3326 3563 3367 :

1983 3405 2046 3444 ac
2073 3387 2126 3442 id
2161 3391 2387 3443 omnino
2415 3389 2731 3452 accidisset,
2766 3391 2873 3448 nisi
2908 3391 3111 3450 Paulus
3132 3396 3331 3453 milites
3362 3407 3419 3454 et
3461 3399 3567 3456 Te-

1984 3479 2223 3534 rentium
2247 3480 2332 3535 vel
2363 3479 2566 3535 invitos
2589 3481 2952 3539 cohibuisset.
2979 3484 3239 3556 Annibal,
3261 3488 3425 3544 etiam
3458 3490 3565 3546 lioe

1982 3570 2213 3626 consilio
2238 3570 2557 3638 frustratus,
2590 3581 2755 3627 noctu
2782 3574 2850 3629 ad
2887 3576 3105 3631 Cannas
3134 3578 3287 3633 venit
3314 3597 3329 3634 :
3370 3583 3564 3652 cogni-

1984 3674 2149 3734 toque
2183 3664 2288 3718 loci
2336 3664 2466 3730 situ,
2502 3674 2558 3719 et
2604 3664 2670 3719 ad
2702 3667 2976 3735 parandas
2999 3667 3167 3740 418
3210 3670 3461 3739 insidias,
3506 3685 3564 3729 et

1982 3755 2047 3809 ad
2085 3755 2331 3826 praelium
2359 3755 2818 3811 committendum
2870 3757 3093 3823 idoneo,
3131 3769 3310 3817 castra
3343 3763 3419 3818 ibi
3457 3779 3558 3834 po-

1983 3848 2114 3910 suit,
2151 3862 2213 3901 ac
2259 3862 2476 3901 omnem
2524 3863 2651 3902 eum
2701 3864 2893 3919 agrum
2930 3849 3329 3907 subarenosum
3374 3865 3559 3911 aratro

1985 3938 2271 4010 proscidit,
2302 3948 2357 3992 ut
2400 3939 2452 3992 in
2484 3954 2661 4009 pugna
2685 3940 2867 4009 pulvis
2895 3942 3222 3999 tolleretur:
3264 3943 3318 3997 id
3347 3946 3559 4000 machi-

1983 4040 2164 4094 natus,
2202 4040 2261 4083 ut
2290 4038 2510 4082 ventum
2551 4028 2645 4097 qui
2678 4029 2752 4083 ibi
2786 4028 2888 4083 sub
2928 4031 3215 4086 meridiem
3255 4030 3390 4086 ﬂare
3424 4046 3559 4087 con-

1983 4120 2164 4174 suevit
2210 4135 2239 4173 a
2282 4132 2436 4190 tergo
2485 4120 2733 4176 haberet.
2805 4120 2962 4178 Coss.
3019 4138 3144 4177 eum
3190 4138 3350 4179 mane
3379 4135 3562 4182 castra

1982 4210 2116 4263 viris
2160 4223 2334 4269 vacua
2378 4208 2684 4278 vidissent,
2743 4211 2982 4281 primum
3038 4227 3096 4268 se
3150 4226 3558 4284 represserunt,

1982 4303 2211 4358 insidias
2237 4300 2419 4358 veriti.
2449 4302 2723 4360 Postridie
2751 4305 2818 4359 ad
2848 4304 3067 4361 Cannas
3088 4316 3381 4376 venerunt,
3405 4310 3563 4379 juxta

1980 4396 2186 4452 ﬂumen
2214 4408 2446 4467 uterque
2471 4397 2702 4451 seorsim
2751 4404 3194 4455 castrametatus.
3223 4399 3307 4457 οι)
3339 4417 3558 4458 morum

309 4480 542 4551 ρέντιον.
586 4479 643 4534 '0
680 4479 774 4532 οὖν
829 4478 1104 4546 ’Δννίόας,
1160 4480 1256 4531 καὶ
1300 4478 1494 4531 τούτου
1530 4477 1870 4549 διαμαρτὼν,

1984 4490 2129 4544 enim
2181 4485 2554 4544 diversitatem
2608 4490 2749 4544 alter
2797 4490 3026 4547 alterius
3093 4495 3560 4553 consuetudinem

301 4573 497 4633 vultth
560 4570 697 4641 πρὸς
746 4570 843 4633 τὰς
906 4571 1122 4634 Κάννας
1179 4571 1427 4639 ἀφίκετο.
1481 4571 1589 4623 Kal
1617 4573 1779 4638 γνοὺς
1814 4573 1876 4624 τὸ

298 4663 499 4732 χωρίον
525 4665 619 4716 καὶ
644 4663 780 4732 πρὸς
804 4663 1047 4732 ἐνέδρας,
1092 4662 1186 4715 καὶ
1245 4661 1382 4733 πρὸς
1419 4661 1729 4730 παράταξιν
1756 4664 1875 4715 ὲπι-

298 4755 532 4826 τήδειον,
597 4755 1135 4827 ἐστρατοπεδεύσατο
1190 4757 1288 4811 καὶ
1344 4757 1620 4827 προήροσε

298 4849 389 4902 τὸν
454 4848 619 4900 τόπον
670 4848 1004 4920 ὑπόψαμμον
1053 4849 1202 4917 ὄντα,
1251 4851 1335 4904 ἵνα
1387 4849 1667 4922 κονιορτὸς
1706 4851 1765 4905 ἐν
1805 4853 1874 4924 τῇ

301 4943 453 5017 μάχῃ
487 4945 649 5016 ἀρθῇ.
681 4943 785 4995 Τὸν
824 4943 934 5014 γὰρ
966 4942 1170 5015 ἄνεμον
1191 4943 1250 5007 ὃς
1275 4945 1333 4997 ἐν
1366 4944 1516 5015 θέρει
1543 4946 1723 4998 ἐκεῖσε
1748 4946 1877 5015 περὶ

296 5039 397 5110 τὴν
422 5036 777 5109 μεσημϐρίαν
825 5035 1009 5091 εἰώθει
1054 5037 1327 5106 γίνεσθαι,
1359 5038 1500 5090 κατὰ
1531 5036 1703 5090 νώτου
1731 5036 1877 5108 ἔχειν

298 5132 709 5204 ἐμηχανήσατο.
765 5131 830 5184 Οἱ
887 5129 943 5183 δὲ
1006 5129 1208 5184 ὕπατοι
1253 5129 1423 5182 ἔωθεν
1471 5129 1629 5185 κενὸν
1664 5131 1876 5202 ἀνδρῶν

299 5227 503 5289 ίδὸντες
536 5224 700 5278 αὑτοῦ
746 5225 809 5278 τὸ
847 5224 1176 5296 χαράκωμα,
1215 5223 1431 5292 πρῶτον
1470 5224 1571 5292 μὲν
1619 5226 1874 5294 ἐπέσχον,

297 5318 677 5390 ὶνεδρεύεσθαι
703 5317 948 5383 δόξαντες
974 5333 988 5349 ·
1032 5313 1155 5371 εἶτα
1199 5317 1320 5388 μεθ’
1351 5317 1563 5394 ἡμέρας
1603 5317 1738 5388 πρὸς
1776 5320 1874 5381 τὰς

298 5413 515 5475 Κάννας
567 5411 852 5480 ἀφίκοντο,
886 5413 980 5464 καὶ
1012 5409 1163 5482 παρὰ
1202 5409 1283 5482 τῷ
1331 5409 1564 5481 ποταμῷ
1614 5411 1874 5481 ἑκάτερος

299 5504 407 5575 ἰδίᾳ
458 5502 740 5574 ηὐλίσατο.
808 5503 924 5556 Οὐκ
962 5502 1115 5566 ὄντες
1152 5502 1262 5571 γὰρ
1297 5502 1553 5574 ὀμοήθεις
1596 5502 1698 5573 τὴν
1738 5502 1874 5574 πρὸς

294 5597 569 5667 ἀλλήλους
627 5596 918 5650 συνουσίαν
974 5594 1269 5662 ὲξέκλινον.
1309 5597 1419 5649 Kal
1461 5599 1489 5649 6
1535 5595 1633 5667 μὲν
1664 5595 1872 5657 Παῦλος

293 5690 595 5761 ἡσύχασεν,
618 5691 647 5742 6
676 5689 733 5742 δέ
753 5705 818 5759 γε
867 5690 1156 5759 Τερέντιος
1199 5690 1359 5760 ἧθελε
1394 5688 1693 5760 συμϐαλεῖν
1714 5703 1727 5717 ο
1761 5691 1869 5758 ἀμ.

295 5782 595 5853 ϐλυτὲρους
623 5780 681 5834 δὲ
706 5786 831 5845 τους
860 5782 1196 5853 στρατιώτας
1230 5782 1393 5850 ὀρῶν,
1424 5783 1771 5838 ἁνεκόπτετο.
1814 5784 1872 5836 Ὀ

496 5877 772 5938 Patitor.
819 5877 936 5936 Gn.
986 5877 1308 5938 CXXXll’.

1696 4756 1876 4810 πάντα

1980 4578 2314 4634 declinabat.
2349 4579 2519 4634 Paulo
2563 4579 2909 4649 quiescente,
2943 4580 3236 4639 Terentius
3260 4584 3561 4657 conﬂigere

1979 4671 2192 4725 voluit:
2235 4685 2339 4725 nec
2371 4679 2556 4725 tamen
2606 4669 2755 4736 fecit,
2791 4685 2918 4725 cum
2967 4672 3172 4729 milites
3206 4689 3399 4745 parum
3438 4692 3561 4733 esse

1980 4764 2191 4818 alacres
2221 4762 2469 4818 vidisset.
2509 4763 2579 4816 At
2604 4761 2845 4818 Annibal
2871 4763 2959 4818 vel
2980 4764 3186 4821 invitos
3217 4766 3283 4821 ad
3318 4783 3558 4838 pugnam

1979 4856 2227 4921 eliciens,
2255 4856 2551 4926 aquatione
2603 4856 2953 4925 prohibebat,
2983 4872 3087 4912 nec
3112 4859 3285 4929 palari
3316 4862 3557 4925 sinebat,

1980 4958 2037 5006 et
2066 4951 2332 5005 cadavera
2376 4962 2645 5003 etesorum
2692 4963 2859 5019 supra
2909 4950 2966 5004 in
3019 4949 3380 5020 proﬂuentem
3430 4958 3558 5005 ante

1978 5039 2182 5094 vallum
2228 5053 2423 5094 eorum
2460 5038 2805 5111 projiciebat,
2841 5049 2957 5095 uta
2988 5050 3116 5109 potu
3166 5040 3550 5095 abhorrerent.

1978 5132 2076 5187 llis
2119 5131 2286 5186 rebus
2315 5131 2548 5186 Romani
2599 5133 2884 5197 concitati,
2917 5132 3093 5187 aciein
3150 5132 3551 5188 instruxerunt.

1975 5224 2096 5292 Quo
2133 5224 2370 5280 Annibal
2395 5228 2751 5297 praecognita,
2806 5225 3021 5281 insidiis
3051 5224 3154 5279 sub
3189 5227 3413 5280 tumulis
3438 5229 3557 5282 col-

1974 5319 2192 5383 locatis,
2243 5329 2298 5371 et
2352 5316 2571 5387 reliquo
2621 5317 2869 5372 exercitu
2915 5315 3206 5380 ordinato,
3258 5319 3556 5375 nonnullos

1978 5412 2289 5483 transfugas
2341 5411 2685 5477 subornavit,
2745 5426 2884 5481 quos
2933 5411 3089 5482 signo
3137 5411 3267 5466 dato
3323 5415 3552 5485 clypeis,

1977 5504 2150 5559 hastis
2184 5513 2241 5560 et
2266 5502 2495 5559 ensibus
2525 5503 2870 5573 gravioribus
2895 5501 3145 5573 abjectis,
3174 5504 3322 5560 solos
3361 5507 3557 5576 pugio-

1975 5612 2075 5651 nes
2122 5596 2363 5651 retinere
2396 5595 2583 5665 jussit,
2619 5601 2679 5648 ut
2721 5594 2792 5648 ab
2822 5594 3156 5652 adversariis
3188 5613 3288 5669 pro
3326 5600 3555 5655 inermi-

1976 5686 2078 5741 bus
2113 5686 2346 5755 accepti,
2395 5698 2491 5739 eos
2533 5700 2599 5740 ex
2632 5686 2931 5754 improviso
2958 5690 3408 5759 aggrederentur.
3445 5692 3554 5749 Bo-

1979 5780 2147 5848 maui,
2182 5794 2305 5834 cum
2334 5777 2622 5833 Annibalis
2647 5779 2954 5835 exercitum
2988 5798 3145 5837 mane
3179 5784 3233 5838 in
3264 5786 3551 5856 procinctu
