4008 6250
343 347 448 416 717

353 556 592 624 Ἰούνιος,
625 561 897 637 ἵππαρχος
920 571 977 624 δὲ
1005 573 1257 646 Τιϐέριος
1286 556 1646 651 Σεμπρώνιος
1667 556 1917 658 Γράκχος

338 649 663 723 ἐλέχθησαν.
689 658 797 711 Καὶ
828 669 1174 737 παραχρῆμα
1202 669 1312 723 τῶν
1333 688 1394 724 τε
1428 675 1666 731 πολιτῶν
1698 679 1760 731 οὐ
1790 684 1915 745 τοὺς

338 742 587 810 ἡϐῶντας
613 748 793 817 μόνον,
828 753 965 808 ἀλλά
1002 760 1099 812 καὶ
1131 763 1530 834 παρηϐηκότας
1557 769 1657 842 ῆὸη
1693 742 1916 827 κατέλεξ-

334 833 457 900 ξαν,
483 839 575 891 καὶ
613 839 899 913 δεσμώτας
933 848 1022 900 ἐπ’
1046 851 1224 925 ἀδείᾳ,
1266 856 1362 908 καὶ
1386 856 1613 924 δούλους
1639 863 1727 915 ἐπ’
1752 863 1911 917 ἑλευο

330 928 516 1000 θερίᾳ,
548 931 751 1004 λῃστάς
777 938 835 990 τέ
859 956 1010 1005 τινας
1051 944 1472 1016 προσελάϐοντο,
1503 953 1598 1006 καὶ
1622 956 1750 1018 τοὺς
1772 972 1912 1025 cup.-

334 1018 545 1088 μάχους
568 1030 1079 1100 πῳσπαρεκάλουν,
1104 1036 1617 1108 ἀναμιμνήσκοντες
1651 1044 1707 1097 εἴ
1730 1046 1785 1099 τί
1807 1063 1910 1100 που

325 1108 722 1183 εὖηργέτηντο,
774 1120 870 1172 καὶ
937 1129 1514 1201 προσυπισχνυύμενοι
1546 1133 1745 1190 δώσειν
1794 1137 1910 1205 τοῖς

329 1200 432 1265 μὲν
491 1204 660 1270 σῖτον,
701 1211 813 1273 τοῖς
859 1211 919 1265 δὲ
970 1216 1237 1287 ἀργύρια,
1282 1200 1420 1295 ὅπερ
1455 1223 1609 1280 οῠπω
1671 1200 1909 1296 πρόσθεν

323 1291 626 1362 ἐποίησαν·
658 1300 754 1355 καὶ
808 1303 992 1375 ἐς⁶τὴν
1033 1306 1262 1364 Ἑλλάδα
1295 1316 1677 1385 πεπόμφασιν,
1715 1321 1746 1393 ἢ
1781 1325 1907 1378 πεί·

323 1387 517 1450 σοντές
562 1405 720 1456 τινας
754 1399 1119 1468 συμμαχῆσαι
1156 1404 1369 1475 αὐτοῖς,
1402 1409 1436 1476 ἢ
1473 1387 1901 1486 μισθωσόμενοι.

335 1476 587 1543 Ἀννίϐας
643 1483 700 1535 δὲ
761 1494 1153 1560 συνεστηκέναι
1230 1501 1359 1562 τοὺς
1422 1501 1735 1573 Ῥωμαίους
1806 1512 1902 1563 καὶ

319 1574 846 1638 παρασκευάζεσθαι
884 1584 1096 1651 μαθὼν,
1126 1588 1184 1641 ἐν
1214 1594 1335 1655 ταῖς
1368 1594 1607 1660 Κάνναις
1638 1599 1897 1670 διέτριϐε,

316 1659 418 1727 τὴν
468 1662 527 1727 ἐξ
568 1663 873 1738 ἐπιδρομῆς
938 1671 1143 1729 ἅλωσιν
1214 1681 1590 1751 ἀπεγνωκώ;”
1648 1692 1742 1742 καὶ
1789 1692 1900 1747 τῶν

314 1751 683 1819 αἰχμαλώτων
713 1760 775 1811 τὸ
805 1761 903 1830 μὲν
949 1772 1304 1838 συμμαχικὸν
1344 1775 1475 1830 ἄνευ
1511 1776 1724 1852 λύτρων
1749 1784 1895 1856 ἀφῆ·

316 1858 434 1905 κεν,
478 1844 554 1908 ὡς
608 1850 703 1902 καὶ
755 1853 1042 1927 πρότερον,
1080 1864 1208 1928 τοὺς
1248 1865 1307 1918 δὲ
1344 1866 1650 1944 Ῥωμαίους
1685 1879 1894 1950 ἐτήρει,
1934 1858 1971 1910 Β

309 1933 611 1991 ἀποδόσθαι
633 1941 871 2009 ἐλπίζων
904 1951 1127 2018 αὐτοὺς,
1169 1956 1236 2009 ἵν’
1270 1960 1467 2015 ἑαυτὸν
1511 1965 1897 2041 εὐπορώτερον

312 2027 570 2081 ἐντεῦθεν
610 2037 837 2110 ποιήσῃ,
881 2044 1007 2108 τοὺς
1041 2046 1098 2099 δὲ
1144 2050 1449 2121 Ῥωμαίους
1482 2058 1893 2134 ἀπορωτέρους.

328 2116 386 2134 ..μ
465 2119 477 2134 ι
516 2121 554 2134 ε..
722 2128 740 2134 -
776 2130 785 2134 -

328 2116 483 2170 Ἐπεὶ
509 2121 565 2173 δὲ
635 2128 826 2196 μηδεὶς
863 2133 923 2198 ἐξ
968 2137 1154 2192 αὐτῶν
1201 2141 1434 2213 ἀερίκετο
1461 2149 1584 2214 τοὺς
1607 2154 1897 2225 αἰχμαλώ-

306 2223 441 2272 τους
469 2209 671 2281 ζητῶν,
697 2221 994 2279 ἐκέλευσεν
1029 2230 1220 2296 αὐτοῖς
1266 2235 1483 2306 πέμψαι
1524 2244 1680 2305 τινὰς
1709 2244 1894 2300 οἴκαδε

308 2301 404 2351 ἐπὶ
435 2301 629 2372 λύτρα,
658 2315 1074 2383 προομόσαντας
1102 2301 1415 2395 ἐπανήξειν.
1436 2329 1520 2393 Ὠς
1541 2330 1599 2384 δὲ
1626 2333 1894 2391 οὐδὀὓτω

306 2389 581 2452 λύσασθαι
612 2418 682 2469 σφ
693 2408 746 2464 1,
780 2405 1072 2481 ἠθέλησαν,
1096 2415 1219 2478 τοὺς
1243 2389 1342 2487 μὲν
1361 2389 1520 2489 λόγου
1538 2426 1683 2489 τινος
1711 2389 1893 2495 ἀξίους

303 2484 367 2544 ὲς
396 2488 499 2550 τὴν
570 2492 896 2566 Καρχηδόνα
952 2504 1266 2574 ἀπέστειλε,
1327 2513 1437 2566 τῶν
1476 2515 1521 2568 δ’
1563 2517 1892 2587 ἄλλωντοὺς

306 2574 414 2641 μὲν
460 2582 826 2654 αἰκισάμενος
887 2595 1203 2666 ἀπέκτεινε,
1249 2602 1379 2666 τοὺς
1405 2603 1462 2657 δὲ
1503 2612 1890 2682 μονομαχῆσαι

302 2670 614 2740 ἠνάγκαζε,
647 2681 773 2743 τοὺς
800 2683 989 2752 φίλους
1031 2690 1128 2742 καὶ
1154 2691 1283 2756 τοὺς
1329 2702 1611 2764 συγγενεῖς
1638 2703 1891 2775 ἀλλήλοις

303 2764 626 2831 συμϐαλών.
651 2771 714 2824 Οἱ
740 2772 796 2826 δὲ
825 2777 1173 2847 πεμφθέντες
1213 2785 1308 2837 ἐπὶ
1335 2787 1401 2841 τὰ
1434 2788 1628 2861 λύτρα,
1661 2764 1888 2851 ἐπείνελζ

301 2852 519 2924 θόντες,
563 2860 631 2914 ἶν’
682 2866 1055 2943 εὐορκησωσι,
1111 2879 1374 2945 φυγόντες
1410 2882 1469 2935 δὲ
1511 2891 1652 2956 μετὰ
1706 2892 1885 2959 τοῦτο,

298 2944 493 3013 ἄτιμοι
544 2949 651 3004 ὑπὸ
714 2955 825 3009 τῶν
887 2964 1137 3031 τιμητῶν
1181 2970 1466 3042 ἐγένοντο,
1506 2979 1600 3032 καὶ
1657 2981 1887 3047 ἑαυτοὺς

292 3035 663 3140 διεχρήσαντο
687 3044 820 3117 (54).
843 3050 1091 3120 Μάγωνα
1120 3058 1177 3112 δὲ
1206 3035 1298 3115 τὸν
1315 3035 1544 3138 eadem
1571 3072 1600 3125 ὁ
1636 3035 1886 3141 Ἀννίϐας

296 3129 644 3197 ἀγγελοῦντα
675 3140 789 3217 τρῖς
816 3141 1210 3214 Καρχηδονίοις
1233 3152 1330 3206 ἐπε

296 3240 313 3273 ι
334 3223 395 3274 αἱ
427 3225 690 3295 χρήματα
726 3230 858 3304 παρῗ
888 3236 1071 3292 αὐτῶν
1105 3243 1210 3296 ,καὶ
1255 3243 1404 3318 δυνάμι
1433 3265 1512 3313 εις
1550 3252 1879 3325 αἰτήσοντα-

292 3317 393 3368 γαὶ
443 3318 471 3369 ὁ
531 3320 632 3387 μὲν
668 3324 946 3388 ,ἀπελθὼν
978 3331 1104 3395 τούς
1130 3351 1190 3387 τε
1221 3317 1545 3407 δακτυλίους
1569 3317 1871 3418 ἠρίθμησε,

296 3411 395 3461 καὶ
426 3412 520 3465 ἐπὶ
549 3417 735 3484 μεῖζον
764 3419 926 3492 ἐξῆρε
956 3423 1021 3495 δὴ
1072 3426 1132 3479 τὸ
1163 3431 1520 3503 κατόρθωμα,
1553 3411 1648 3490 καὶ
1687 3411 1884 3510 ἐψηφίζ-

294 3506 399 3571 σθη
433 3505 616 3560 πάντα
645 3509 747 3564 ὅσα
778 3513 1022 3584 ⁴ᾐτήσατο
1046 3534 1060 3548 ·
1085 3518 1164 3590 τῷ
1200 3522 1308 3594 γὰρ
1347 3525 1583 3581 ’Δννωνι
1618 3505 1882 3590 τάναντία

291 3592 537 3662 λέγοντι,
569 3601 662 3653 καὶ
701 3606 1117 3665 καταλύσασθαι
1142 3615 1234 3667 τὸν
1272 3617 1534 3689 πόλεμον,
1566 3622 1671 3688 ἕως
1706 3627 1877 3679 καθυο

292 3687 558 3762 πέρτεροι
588 3693 832 3765 δοκοῦσι,
875 3703 1325 3775 συμϐουλεύοντι,
1377 3713 1479 3765 οὐκ
1516 3716 1875 3788 ἐπείσθησαν

288 3782 354 3833 ού
383 3782 571 3847 μέντοι
605 3790 675 3841 τὰ
700 3790 1043 3861 ψηφισθέντα
1077 3798 1171 3852 καὶ
1203 3803 1281 3865 εἰς
1305 3802 1472 3872 ἔργον
1500 3782 1738 3877 ἤγαγον,
1761 3810 1877 3865 ἀλλ’

300 3872 608 3944 ἠμέλησαν.
644 3880 902 3950 ,Ἂννίϐας
923 3886 969 3940 δ’
996 3887 1053 3941 ἐν
1101 3889 1276 3963 τούτῳ
1302 3895 1384 3958 εἰς
1416 3872 1878 3971 τὴν-Καμπανίαν

289 3968 682 4044 προύχώρησε,
717 3980 814 4031 καὶ
872 3981 1119 4055 πόλισμά
1144 4003 1197 4039 τι
1236 3983 1351 4041 εἷλε
1401 3990 1750 4063 Σαμνιτικὸν,
1781 3999 1876 4053 καὶ

287 4061 385 4110 ἐπὶ
409 4061 558 4115 Νέαν
586 4064 818 4139 ὥρμησε
846 4072 1023 4140 πόλιν,
1060 4078 1399 4151 προπέμψας
1433 4086 1572 4150 μετά
1597 4086 1702 4158 τῆς
1729 4061 1875 4155 λείας

286 4151 509 4229 ὀλίγους
543 4160 697 4223 τινάς
727 4175 740 4189 ‘
779 4166 917 4233 πρὸς
951 4167 1046 4233 οὓς
1090 4169 1167 4234 ὡς
1217 4174 1412 4242 μόνους
1446 4177 1608 4242 ὄντας
1772 4187 1875 4256 τῆς

285 4241 501 4307 πόλεω,
524 4248 934 4323 ἐκδραμόντων,
963 4241 1400 4333 ὲπφάνηίαὺτὸς
1430 4241 1869 4343 ἀπροσδόκητος,

290 4336 388 4388 καὶ
414 4343 642 4410 συχνοὺς
674 4348 998 4417 ἁπέκτει·.ε,
1026 4353 1128 4424 τὴν
1154 4356 1213 4408 δὲ
1246 4360 1404 4413 πόλιν
1429 4363 1529 4433 οὐχ
1564 4359 1731 4431 εἷλεν,
1757 4367 1870 4422 οὒτ’

287 4430 381 4482 ἐπὶ
411 4433 548 4486 πολὺ
578 4436 755 4509 ταύτῃ
788 4445 1228 4518 προσήδρευσεν.
1272 4454 1335 4505 Ui
1361 4454 1470 4525 γὰρ
1633 4460 1869 4533 Καπύην

282 4522 564 4588 οἰκοῦντες
595 4528 919 4599 Καμπανοὶ,
983 4541 1032 4591 οι
1088 4543 1200 4608 ,μὲν
1254 4547 1324 4615 τῇ
1394 4522 1681 4618 Ῥωμαίων
1713 4522 1867 4628 φιλίᾳ
1898 4538 1941 4593 Ῑ)

283 4614 591 4687 ἐνέμειναν,
626 4624 675 4676 oi
705 4625 763 4678 δὲ
796 4629 933 4699 πρὸς
961 4631 1053 4685 τὸν
1085 4614 1336 4691 ’Δννίϐαν
1354 4614 1678 4701 ἀπέκλιναν.
1711 4614 1866 4702 ’ἐπεὶ

281 4707 338 4762 δὲ
368 4712 431 4764 ἐν
459 4715 582 4778 ταῖς
621 4716 864 4784 Κάνναις
900 4724 1194 4797 εὐτύχησε,
1238 4732 1331 4786 καί
1356 4751 1503 4800 τινες
1537 4739 1732 4811 ἄνδρες
1754 4746 1858 4797 αὺ-

282 4800 392 4853 τῶν
443 4802 665 4870 ἁλόντες
704 4810 1011 4884 ἀφέθησαν,
1064 4821 1126 4872 τὸ
1189 4823 1290 4891 μὲν
1357 4826 1564 4897 πλῆθος
1621 4800 1853 4904 ώρμησε

285 4896 621 4967 μεταστῆναι
657 4902 794 4974 πρὸς
832 4907 927 4962 τὸν
978 4911 1227 4970 ’Δννίϐαν
1251 4932 1266 4950 ·
1313 4920 1362 4972 οἱ
1394 4896 1859 4998 δὲδυνατοῖχρό-

281 5002 371 5040 νον
409 4990 512 5059 μέν
568 5011 690 5050 τινα
744 4998 999 5071 ἐπέσχον.
1048 5001 1161 5059 Εἶτ’
1218 5009 1307 5060 ἐπ’
1335 5012 1535 5076 αὐτοὺς
1562 5014 1625 5067 τὸ
1649 5017 1857 5087 πλῆθος

278 5080 531 5152 ὁρμῆσαν
555 5091 930 5160 συνηγμένους
971 5098 1031 5149 ὲν
1083 5096 1156 5167 τῷ
1203 5096 1598 5174 βουλευτηρίῳ,
1644 5080 1858 5171 πάντας

281 5177 347 5231 ἂν
372 5183 777 5254 κατεχρήσατο,
807 5188 857 5240 εί
880 5192 954 5259 μή
986 5206 1069 5254 τις
1132 5193 1198 5246 ὲκ
1222 5194 1319 5248 τοῦ
1347 5195 1582 5268 πλήθους
1602 5200 1663 5254 τὸ
1693 5203 1858 5271 μέγε-

282 5269 372 5334 θος
420 5276 649 5328 συνιδὼν
690 5279 783 5331 τοῦ
826 5282 1023 5349 κακοῦ,
1064 5288 1414 5358 κατηγόρησε
1447 5290 1547 5358 μὲν
1585 5269 1704 5344 τῶν
1726 5269 1854 5363 βου-

280 5362 479 5420 λευτὼν
497 5369 572 5432 ώς
590 5372 809 5435 πάντως
831 5375 1109 5448 φθαρῆναι
1136 5378 1303 5444 ἀξίων
1322 5399 1333 5411 ι
1354 5382 1459 5453 ἔφη
1483 5384 1541 5436 δὲ
1590 5386 1855 5458 πρότερον

282 5456 471 5525 ἄλλους
498 5461 614 5515 ἀντ’
639 5466 866 5522 ἐκείνων
898 5470 1220 5527 ἀνθελέσθαι
1265 5475 1587 5547 προσήκειν,
1612 5481 1712 5547 τὴν
1745 5456 1854 5552 γὰρ

281 5551 431 5604 πόλιν
476 5555 553 5627 μὴ
595 5556 882 5630 δύνασθαι,
914 5564 988 5635 μὴ
1030 5565 1511 5638 προϐουλεύοντων
1556 5571 1719 5624 τινῶν
1744 5573 1852 5626 σώ-

1566 375 1977 441 ANNAIJUM
2022 386 2167 445 LIB.
2205 390 2309 449 1X.

346 468 545 535 μικρὸν
578 469 990 546 ἀνεθάρςησανο
1060 482 1154 535 καὶ.
1207 485 1479 560 δικτάτωρ
1538 492 1638 560 μὲν
1687 495 1914 565 Μάρκος
1946 508 1986 560 Α

3501 414 3604 478 718

2021 501 2194 565 nium,
2228 503 2507 561 Tiberium
2529 509 2914 581 Sempronium
2946 516 3254 576 Gracchum
3281 527 3600 597 magistrum

2021 593 2268 661 equitum
2294 597 2573 655 dixerunt.
2616 604 2680 658 Et
2747 609 3013 680 evestigio
3042 628 3153 667 non
3197 593 3432 686 juvenes
3456 622 3601 680 dun-

2022 694 2188 751 taxat,
2219 690 2312 742 sed
2340 691 2505 746 etiam
2544 694 2738 752 eil‘etos
2786 714 2949 756 senes
2993 708 3487 779 conscripserunt:
3545 728 3602 771 et

2018 792 2237 834 carcere
2263 793 2455 852 aperto
2476 788 2737 845 maleﬁcis
2766 791 3114 863 impunitate,
3138 803 3317 857 servis
3339 805 3598 865 libertate

2018 870 2308 942 promissa,
2361 877 2528 932 eiiam
2582 881 2823 939 latrones
2853 885 3066 957 aliquot
3102 890 3156 945 in
3182 893 3419 951 militum
3449 908 3601 954 cate-

2015 958 2167 1031 iogos
2210 967 2542 1023 retulerunt.
2605 973 2688 1027 Ad
2744 973 2861 1030 haec
2919 978 3101 1035 socios
3159 987 3595 1055 accersiverunt,

2014 1050 2405 1111 beneficiorum
2436 1075 2560 1129 qua:
2598 1064 2944 1134 accepissent
2974 1070 3306 1140 admonitos,
3339 1078 3461 1133 aliis
3485 1080 3600 1134 l‘tn-

2012 1154 2279 1209 mentum,
2313 1147 2438 1202 aliis
2462 1161 2752 1222 argentum
2774 1156 3028 1223 polliciti,
3062 1162 3209 1230 quod
3231 1168 3384 1234 prius
3411 1168 3593 1227 facere

2010 1248 2120 1288 non
2155 1236 2301 1292 soliti
2326 1250 2484 1295 erant
2517 1261 2530 1297 :
2560 1254 2614 1299 et
2646 1246 2700 1299 in
2728 1246 2993 1305 Graeciam
3052 1255 3338 1324 miserunt,
3390 1265 3592 1318 auxilia

2007 1326 2093 1381 vel
2144 1328 2515 1399 impetraturi,
2554 1337 2636 1391 vel
2666 1341 2919 1396 mercede
2956 1345 3302 1405 conductori.
3331 1353 3592 1420 Annibai,

2008 1418 2380 1479 Romanorum
2431 1429 2839 1497 conspiratione
2868 1446 2922 1487 et
2951 1449 3215 1505 apparatu
3267 1447 3507 1514 cognito,
3539 1450 3593 1503 in

2003 1510 2207 1568 Ca:.nis
2234 1530 2292 1569 se
2338 1518 2535 1584 tenuit,
2573 1520 2861 1591 desperata
2900 1530 3211 1596 repenttina
3243 1536 3398 1591 urbis
3424 1555 3596 1609 expc-

2003 1606 2284 1673 gnatione,
2317 1620 2374 1663 ct
2406 1610 2724 1679 foederatos.
2754 1629 2814 1671 ut
2869 1621 3025 1689 prius
3059 1623 3251 1693 etiam,
3282 1631 3452 1698 gratis
3497 1606 3586 1686 di-

2005 1696 2174 1763 misit,
2214 1701 2490 1758 Romanos
2518 1704 2683 1777 420
2729 1724 2857 1763 vero
2901 1727 2998 1781 spe
3031 1716 3367 1776 venditionis
3408 1737 3597 1779 asser-

2004 1791 2170 1856 vavit,
2220 1801 2280 1847 ut
2310 1809 2374 1848 ea
2429 1811 2488 1850 re
2534 1814 2661 1853 suas
2716 1816 2850 1871 opes
2901 1815 3150 1876 augeret,
3205 1810 3581 1870 Romanorun

2005 1881 2383 1940 imminueret.
2420 1886 2530 1943 Sed
2565 1876 2693 1944 cum
2735 1908 2898 1948 nemo
2928 1898 3142 1953 veniret
3191 1903 3286 1972 qui
3342 1908 3589 1975 captiv..s

2003 1973 2331 2042 requireret,
2385 1992 2483 2033 eos
2506 1980 2717 2050 aliquot
2760 1983 2985 2041 domum
3043 1992 3263 2048 mittere
3294 1996 3481 2065 juSsit,
3510 2002 3593 2052 af-

2001 2063 2239 2122 ferendae
2266 2070 2514 2137 pecuniae
2552 2087 2741 2137 causa,
2793 2077 2948 2145 prius
2970 2081 3335 2154 jurejurando
3364 2088 3591 2145 adactos

1998 2169 2056 2209 se
2093 2156 2366 2212 redituros
2390 2174 2533 2215 esse.
2563 2160 2669 2218 Sed
2703 2180 2827 2220 cum
2870 2183 2967 2224 eos
2995 2186 3065 2225 ne
3093 2179 3206 2226 tum
3234 2175 3459 2244 quidem
3499 2196 3584 2233 rc-

1996 2246 2209 2305 dimere
2272 2252 2499 2322 vellent,
2547 2270 2645 2312 eos
2691 2261 2785 2329 qui
2845 2263 3088 2321 nominis
3124 2267 3359 2339 alicujus
3403 2284 3582 2333 rranl.

1992 2337 2382 2415 Carthaginem
2440 2347 2609 2403 misit.
2677 2350 2918 2409 αιτιοι-οε
2988 2357 3182 2424 partim
3236 2337 3586 2419 excruciatos

1993 2434 2231 2501 necavit,
2262 2440 2461 2507 partim
2494 2441 2637 2498 inter
2669 2459 2791 2500 sese
2817 2445 3084 2504 dimicare
3142 2453 3346 2522 coegit,
3381 2455 3579 2510 amicis

1992 2538 2050 2583 et
2079 2531 2328 2601 cognatis
2361 2531 2507 2589 inter
2546 2551 2605 2591 se
2639 2538 2972 2596 commissis.
3014 2541 3116 2609 Qui
3163 2559 3294 2603 vero
3335 2548 3588 2616 petendae

1991 2626 2242 2693 pecunia:
2259 2641 2425 2682 causa
2452 2629 2600 2685 missi
2624 2629 2864 2695 fuerant.
2889 2636 3119 2703 reversi,
3146 2640 3581 2711 utjurejurando

1990 2716 2323 2773 satisfecisse
2355 2719 2698 2787 viderentur,
2730 2732 2786 2778 et
2823 2736 2950 2796 post
2981 2726 3107 2798 fuga
3133 2728 3351 2800 "elapsi,
3383 2748 3412 2786 ιι
3445 2749 3580 2789 ceno

1990 2811 2212 2864 scribus
2258 2813 2454 2878 notati,
2513 2815 2846 2884 semetipsos
2896 2832 3276 2888 peremerunt.
3311 2823 3572 2892 Annibal,

1988 2900 2158 2956 fratre
2203 2901 2432 2972 Magone
2476 2904 2869 2978 Carthaginem
2905 2927 2992 2966 res
3037 2922 3222 2982 gestas
3249 2917 3574 2972 nuntiatum

1989 2993 2179 3059 misso,
2212 3005 2270 3048 et
2296 2994 2364 3048 ad
2421 2996 2716 3067 pecuniam
2768 3002 3084 3072 miiitesque
3115 3008 3406 3074 petendos,
3446 3023 3573 3063 cum

1990 3083 2037 3137 is
2061 3097 2446 3155 exaggerassct
2500 3101 2687 3145 omnia
2741 3100 2803 3147 et
2841 3094 3077 3152 annulos
3129 3097 3572 3165 adnumerasset,

1339 3156 1448 3225 μψε
1491 3162 1558 3213 τὰ
1599 3163 1883 3233 γινόμενα,

1989 3178 2358 3237 decreverunt
2420 3183 2605 3239 omnia
2653 3201 2775 3256 quae
2811 3187 3064 3257 petierat.
3118 3194 3371 3248 Hannoni
3424 3195 3574 3251 enim

1987 3271 2113 3326 belli
2146 3271 2480 3344 deponendi,
2505 3282 2563 3331 et
2583 3275 2715 3332 dum
2735 3279 3055 3349 superiores
3072 3291 3280 3352 essent,
3307 3284 3575 3342 faciendae

1984 3367 2137 3434 pacis
2162 3368 2397 3431 auctori,
2437 3383 2545 3427 non
2602 3373 2988 3428 auscultarent
3023 3391 3039 3430 :
3083 3390 3195 3431 non
3232 3385 3417 3435 tamen
3470 3379 3573 3434 dc—

1983 3466 2135 3511 creta
2180 3460 2427 3513 exsecuti
2500 3470 2654 3528 sunt,
2727 3462 2825 3519 sed
2890 3465 3274 3536 neglexerunt.
3341 3468 3571 3534 Interim

1980 3549 2216 3603 Annibal
2251 3550 2304 3602 in
2321 3550 2673 3621 Campaniam
2694 3556 2985 3624 processit,
3008 3567 3062 3611 et
3093 3558 3302 3628 oppido
3318 3562 3561 3631 quodam

1982 3638 2283 3695 Samnitico
2317 3651 2500 3711 capto,
2536 3642 2820 3714 Neapolim
2866 3647 3174 3714 contendit,
3222 3651 3414 3717 paucis
3442 3668 3570 3710 cum

1981 3730 2159 3800 praeda
2195 3732 2520 3801 praemissis,
2554 3744 2749 3791 contra
2784 3752 2924 3808 quos
2953 3740 3240 3810 oppidani,
3274 3752 3336 3798 ut
3397 3748 3567 3812 solos,

1977 3824 2305 3880 excursione
2335 3827 2497 3894 facta,
2537 3828 2840 3899 improviso
2914 3832 3062 3899 illius
3110 3835 3376 3902 adventu,
3427 3840 3554 3895 caesi

1978 3924 2108 3969 sunt
2160 3931 2352 3988 magna
2377 3933 2446 3973 ex
2489 3930 2688 3990 parte:
2738 3924 2933 3981 urbem
2992 3935 3175 3983 tamen
3214 3944 3326 3985 non
3377 3931 3563 4002 cepit,

1976 4022 2156 4077 neque
2212 4008 2491 4064 obsidioni
2537 4011 2691 4068 illius
2746 4014 2840 4070 diu
2904 4018 3228 4076 immoratus
3267 4030 3373 4077 est.
3422 4023 3565 4080 Nam

1973 4100 2218 4170 (Σεμιοηὶ
2253 4115 2377 4157 cum
2405 4102 2603 4173 partim
2638 4106 3014 4165 Romanorum
3062 4113 3365 4170 amicitiam
3404 4117 3559 4173 colc-

1975 4201 2117 4255 rent,
2151 4194 2348 4264 partim
2388 4194 2651 4252 Annibali
2692 4198 3002 4266 studerent,
3059 4211 3349 4274 postquam
3397 4205 3447 4260 is
3496 4207 3555 4262 in

1970 4286 2175 4344 Cannis
2196 4289 2390 4354 victor,
2430 4290 2642 4361 aliquot
2667 4306 2860 4348 eorum
2886 4295 3040 4352 cives
3086 4307 3277 4368 captos
3315 4298 3544 4356 dimise-
3606 4305 3614 4313 '

1974 4388 2099 4435 rat:
2135 4380 2435 4436 multitudo
2463 4381 2533 4436 ad
2559 4397 2687 4437 eum
2734 4382 2974 4442 deﬁcere
3025 4386 3220 4453 voluit,
3270 4388 3566 4458 optimates

1971 4481 2154 4527 autem
2181 4474 2505 4545 aliquandiu
2535 4476 2893 4536 distulerunt.
2925 4481 3132 4538 Deinde
3159 4498 3285 4538 cum
3311 4485 3367 4539 in
3407 4487 3562 4543 curia

1970 4565 2341 4630 convenisset,
2372 4567 2578 4638 impetu
2635 4569 2819 4640 populi
2877 4585 3070 4627 omnes
3119 4571 3288 4627 occisi
3350 4584 3560 4639 essent,

1969 4658 2072 4712 nisi
2129 4660 2358 4730 quidam
2378 4677 2446 4716 ex
2467 4663 2652 4733 plebe,
2708 4664 3056 4721 considerata
3104 4665 3230 4723 mali
3278 4672 3560 4738 magnitu-

1967 4749 2119 4815 dine,
2171 4763 2457 4808 senatores
2506 4764 2566 4809 ut
2601 4755 2771 4811 exitio
2811 4756 3009 4828 dignos
3061 4767 3401 4823 accusasset,
3462 4759 3558 4813 sed

1968 4842 2123 4910 prius
2150 4843 2286 4898 alios
2309 4845 2392 4900 eis
2414 4847 2794 4919 subrogandos
2817 4849 3215 4913 essedixisset,
3248 4851 3397 4921 quod
3425 4850 3557 4906 urbs

1965 4934 2085 4988 sine
2113 4936 2347 4991 consilio
2377 4939 2526 4994 salva
2574 4955 2697 4995 esse
2742 4956 2853 4996 non
2885 4955 3086 5012 posset.
3144 4942 3245 4999 Cui
3279 4959 3403 4998 cum
3454 4943 3556 4996 Ca—

1968 5025 2132 5092 puani
2175 5027 2684 5099 obtemperassent,
2743 5034 2973 5105 singulis
3008 5050 3038 5089 e
3091 5034 3243 5088 curia
3271 5033 3554 5103 ejiciendis

1967 5117 2377 5190 multitudinem
2406 5123 2652 5192 rogabat,
2685 5140 2955 5194 quosnam
2983 5126 3195 5180 illorum
3223 5125 3346 5178 loco
3397 5139 3553 5178 crea—

1966 5220 2132 5275 rent,
2169 5221 2374 5270 etcum
2418 5200 2618 5285 eiiguo
2666 5230 2915 5288 tempore
2972 5218 3116 5272 alios
3156 5215 3403 5272 sufﬁcere
3438 5232 3547 5270 non

1965 5314 2209 5371 possent,
2260 5319 2455 5360 omnes
2496 5290 2645 5362 illos
2673 5317 2737 5363 ut
2786 5309 3133 5364 necessarios
3161 5307 3495 5362 dimiserunt
3529 5326 3543 5362 ε

1961 5403 2017 5447 et
2046 5394 2188 5448 inter
2213 5411 2273 5452 se
2302 5400 2657 5462 reconciliati,
2692 5416 2884 5469 pacem
2904 5415 3032 5454 cum
3072 5399 3344 5468 Annibale
3400 5402 3548 5456 l’cce-

1962 5496 2110 5538 runt.
2146 5486 2250 5553 Qui
2276 5491 2553 5558 celeriter,
2590 5491 2781 5546 relicta
2807 5492 3056 5560 Neapoli,
3091 5489 3331 5561 Capuam
3370 5495 3542 5559 venit,

1960 5585 2013 5631 et
2043 5593 2144 5647 pro
2170 5580 2436 5637 concione
2486 5593 2610 5652 post
2639 5585 2807 5638 multa
2841 5583 3003 5655 421
3045 5585 3148 5638 alia
3179 5594 3330 5654 grata
3393 5588 3544 5639 auri-

1461 5724 1670 5788 Varite
1709 5727 2021 5791 lection..-s
2057 5741 2118 5793 et
2156 5743 2348 5798 noue.

350 5837 461 5901 (54)
495 5837 785 5904 Ἑαυτοὺς
846 5845 1297 5914 κατεχρήσαντο
1363 5852 1828 5925 Κατειχρησατθαι
1871 5875 1888 5928 ι

2004 5861 2405 5929 anuis-.2591:
2442 5878 2673 5932 usurpat
2710 5867 2965 5925 crebrius
2999 5869 3261 5926 Zonaras.
