4008 6250
451 358 557 421 ’ἱίθ

1718 348 1963 411 IOANN
1976 347 2045 406 IS
2076 342 2400 406 ZONARJE

3620 339 3722 403 $20

453 472 575 535 bus,
614 470 780 525 Italiae
804 469 1169 540 principatum
1197 468 1279 522 eis
1313 465 1585 537 promisit,
1619 474 1679 519 ut
1707 479 1801 532 spe
1828 460 2028 523 erecti,

2139 457 2346 521 ζεσθαι.
2374 453 2717 507 Πεισθέντων
2747 452 2803 505 δὲ
2844 451 2955 504 τῶν
2985 450 3043 504 ὲν
3068 452 3133 522 τῇ
3177 449 3406 521 Καπύῃ,
3441 448 3722 505 ἐκϐάλλων

448 580 505 616 se
530 580 627 633 pro
659 564 967 632 semetipsis
991 561 1240 616 laborare
1274 559 1511 613 alacrius
1538 566 1868 627 pugnarem.
1899 554 2029 607 Post

447 652 647 727 Capuae
701 657 1068 711 defeetionem
1121 655 1286 709 etiam
1361 653 1571 721 reliqua
1618 647 1915 717 Campania
1976 644 2030 698 in

448 759 598 803 motu
630 750 730 804 fuit
757 765 771 804 :
803 750 961 818 cujus
992 747 1358 802 defectionem
1384 744 1646 798 Romanis
1674 757 1815 811 aegre
1851 738 2036 793 fcren-

451 844 617 903 libus,
666 840 903 894 Annibal
971 838 1284 894 Nucerinos
1324 833 1702 906 .oppUgnavit.
1763 830 1866 897 Qui
1909 844 2032 883 cum

446 933 856 992 obsiderentur,
892 932 1147 985 inutilem
1196 938 1414 983 aetatem
1448 928 1517 981 ob
1568 925 1910 979 cibariorum
1941 935 2036 991 pc-

448 1025 663 1078 nuriam
694 1023 1027 1092 expulerunt
1059 1039 1072 1075 :
1108 1037 1247 1091 quos
1278 1018 1514 1074 Annibal
1543 1033 1653 1072 non
1688 1015 1916 1085 recepit,
1940 1028 2038 1067 ne—

448 1134 554 1185 que
593 1118 701 1172 alio
731 1133 895 1188 quam
930 1120 983 1171 in
1032 1117 1222 1170 urbem
1264 1112 1531 1168 redeundi
1566 1119 1891 1181 potestatem
1941 1107 2039 1160 dc-

447 1214 550 1266 dit.
581 1212 948 1277 Quamobrem
978 1210 1159 1264 caeleri
1208 1223 1431 1278 quoque
1461 1220 1587 1260 eum
1618 1219 1723 1259 una
1771 1210 1925 1258 veste
1976 1216 2035 1255 se

446 1305 584 1359 urbe
625 1318 953 1359 excessurus
1004 1309 1353 1370 pepigerunt.
1394 1298 1465 1350 At
1509 1296 1598 1351 ille
1630 1295 1765 1349 urbe
1799 1293 2032 1363 potitus,

453 1408 740 1452 senatores
783 1396 837 1449 in
899 1393 1111 1448 balneis
1153 1391 1398 1445 inclusos
1429 1387 1761 1443 sufloeavit:
1797 1385 2039 1454 reliquos

448 1508 570 1547 cum
602 1490 885 1545 discedere
909 1503 1019 1556 quo
1048 1485 1245 1539 vellem
1276 1483 1554 1554 jussisset,
1593 1479 1800 1533 multos
1833 1477 1889 1531 in
1949 1476 2038 1531 iti—

447 1596 582 1634 nere
608 1576 935 1633 interfecit:
981 1574 1076 1628 sed
1120 1584 1303 1627 tamen
1349 1586 1543 1626 eorum
1593 1568 1749 1623 multi
1777 1568 1832 1621 in
1874 1566 2039 1621 silvas

447 1667 661 1737 profugi
680 1674 994 1720 evaserunt.
1024 1664 1097 1717 Ea
1131 1662 1464 1717 crudelitate
1484 1660 1669 1715 caueri
1696 1657 1900 1721 territi,
1926 1673 2037 1710 non

446 1759 684 1829 amplius
709 1758 829 1828 ejus
863 1755 987 1811 fidei
1020 1769 1078 1811 se
1122 1753 1516 1824 permiserunt,
1548 1752 1645 1806 sed
1701 1750 2037 1806 resistebant

445 1853 577 1905 dum
624 1860 898 1920 poterant.
960 1848 1267 1917 Nolanique
1318 1848 1387 1901 de
1440 1846 1694 1901 facienda
1751 1844 2032 1899 deditione

446 1944 846 2006 consultantes,
902 1939 993 1993 illo
1043 1939 1287 1994 facinore
1310 1928 1465 2001 viso,
1523 1936 1846 1991 Marcellum
1891 1934 2032 1989 clam

445 2034 880 2097 accersiverunt,
941 2030 1213 2086 Annibale
1272 2029 1342 2083 ab
1411 2028 1565 2083 urbis
1624 2026 2034 2097 Oppugnatione

448 2128 690 2197 repulso.
753 2125 883 2179 Inde
928 2124 1227 2194 digressus,
1258 2121 1566 2175 Acerranos
1621 2118 1763 2173 fame
1798 2120 2031 2182 domuit,

449 2222 640 2273 iisdem
672 2217 876 2287 quibus
908 2216 1215 2269 Nucerinos
1246 2212 1683 2276 conditionibus,
1725 2211 2033 2279 eodemque

448 2309 705 2364 tractavit
739 2307 921 2361 modo.
947 2306 1157 2360 Deinde
1181 2307 1446 2360 Basilinas
1478 2315 1563 2359 est
1590 2318 1901 2374 aggressus,
1921 2318 2032 2372 quo

450 2400 683 2455 Romani
737 2412 1043 2467 eorumque
1105 2397 1239 2451 socii
1296 2396 1519 2451 circiter
1566 2411 1601 2448 ιι
1646 2395 2030 2466 confugerant,

449 2495 543 2564 qui
574 2492 790 2547 civibus
813 2492 1184 2561 proditionem
1224 2490 1579 2545 molientibus
1611 2490 1831 2555 occisis,
1863 2490 2038 2545 Anni-

449 2587 683 2657 baleque
713 2600 855 2657 sape
879 2584 1185 2655 proﬂigato,
1220 2583 1418 2638 famem
1454 2598 1673 2653 quoque
1696 2583 1913 2638 fortiter
1947 2592 2032 2638 to-

452 2678 717 2735 lerarunt.
747 2676 885 2731 Cum
915 2687 1099 2731 autem
1125 2686 1468 2730 commeatus
1497 2675 1818 2740 defecisset,
1839 2691 2038 2744 quem-

453 2774 577 2826 dam
640 2773 694 2825 in
725 2782 848 2825 utre
903 2769 972 2823 ad
1008 2769 1340 2823 dictatorem
1395 2768 1664 2822 miserunt
1698 2783 1712 2820 :
1741 2767 1834 2836 qui
1870 2776 2034 2820 noctu

451 2864 597 2917 dolia
630 2862 805 2917 lariua
833 2861 990 2930 plena
1016 2864 1071 2913 in
1108 2858 1314 2912 ﬂumen
1336 2861 1608 2927 conjecta,
1662 2873 1761 2912 eos
1789 2857 1845 2911 in
1883 2867 2037 2912 tene-

453 2956 569 3009 bris
594 2954 889 3009 observare
909 2952 1095 3024 jussit.
1136 2950 1250 3005 Hoc
1279 2951 1441 3005 modo
1472 2952 1612 3004 clam
1644 2965 1742 3005 eos
1778 2950 1847 3004 ad
1894 2960 2034 3004 tem—

450 3065 554 3120 pus
579 3050 715 3103 aluit
746 3064 762 3102 :
795 3047 889 3101 sed
925 3049 1143 3100 tandem
1170 3059 1281 3099 uno
1312 3043 1463 3098 dolio
1497 3059 1561 3097 ex
1587 3043 1844 3098 allisione
1898 3058 2035 3097 con-

2136 551 2233 604 ἕνα
2261 549 2494 603 ἕκαστον
2540 547 2604 599 ἐκ
2672 545 2766 597 τοῦ
2804 543 3110 614 συνεδρίου,
3163 543 3358 613 ἠρώτα
3399 542 3462 595 τὸ
3495 543 3724 613 πλῆθος,

2135 643 2322 694 ὅντινα
2351 640 2520 693 αὐτοῦ
2553 638 2900 708 ἀνθαιρεῖται
2921 654 2934 667 ·
2969 640 3059 689 καὶ
3101 636 3246 689 οὓτω
3282 637 3358 706 μὴ
3380 635 3725 705 δυνηθέντων

2136 732 2316 786 αὐτῶν
2336 733 2559 802 ἑτέρους
2592 731 2659 783 δι’
2699 730 2884 796 ὀλίγου
2926 727 3278 791 ἀνθελέσθαι,
3329 726 3543 791 πάντας
3579 728 3720 781 ὲκεί-

2139 842 2265 886 νους
2290 824 2364 887 ὡς
2389 824 2724 890 ἀναγκαίους
2741 821 2950 891 ἀφῆκε,
2968 822 3065 873 καί
3093 820 3535 888 καταλλαγέντες
3560 821 3727 890 am-

2138 917 2274 983 λοις,
2325 917 2654 969 ἐσπείσαντο
2696 914 2775 983 τῷ
2816 914 3055 985 Ἀννίϐα.
3108 914 3215 965 Καὶ
3259 912 3319 976 ὃς
3373 913 3462 966 διὰ
3513 913 3727 984 ταχέων

2138 1011 2453 1072 ἐπαναστὰς
2475 1011 2539 1062 ὲκ
2552 1010 2649 1079 τῆς
2675 1009 3007 1070 Νεαπόλεως
3037 1002 3204 1079 ἦλθεν
3228 1007 3308 1068 είς
3327 1005 3427 1075 τὴν
3456 1006 3692 1076 Καπύην
3711 1022 3724 1036 ⁸

2138 1095 2236 1158 καὶ
2278 1104 2587 1175 διαλεχθεὶς
2629 1103 2812 1163 αὐτοῖς
2858 1102 2995 1156 ἄλλα
3024 1118 3083 1153 τε
3125 1099 3298 1152 πολλὰ
3328 1095 3484 1151 εἶπεν
3509 1094 3731 1166 ἐπαγω-

2139 1200 2231 1266 γά,
2271 1199 2365 1252 καὶ
2409 1198 2510 1267 τὴν
2565 1197 2865 1268 ἡγεμονίαν
2913 1198 3067 1262 σφίσι
3114 1193 3217 1263 τῆς
3258 1192 3496 1255 Ἰταλίας
3535 1192 3730 1245 δώσειν

2140 1293 2429 1362 ὑπέσχετο,
2452 1291 2518 1344 ἵν’
2547 1294 2603 1344 ἐν
2621 1290 2804 1343 ἐλπίσι
2832 1288 3136 1357 γενόμενοι,
3162 1288 3236 1350 ὡς
3264 1286 3358 1339 καὶ
3387 1287 3604 1341 ἑαυτοῖς
3634 1301 3733 1338 πο-

2138 1384 2426 1454 νήσαντες,
2459 1383 2876 1454 προθυμὸτερον
2918 1379 3317 1448 ἀγωνίσωνται.
3357 1376 3729 1443 Μεταστάσης

2136 1477 2192 1529 δὲ
2218 1476 2314 1544 τῆς
2341 1476 2601 1545 Καπύης,
2631 1476 2728 1529 καὶ
2751 1476 2783 1545 ἡ
2808 1474 2943 1544 ἄλλη
2971 1471 3278 1542 Καμπανία
3307 1470 3585 1540 κεκίνητο.
3618 1468 3733 1522 Καὶ

2139 1570 2187 1621 oi
2219 1568 2511 1638 Ῥωμαῖοι,
2530 1569 2628 1638 τὴν
2652 1569 2957 1621 ἀπόστασιν
2981 1566 3150 1634 αὐτῆς
3175 1564 3458 1635 μαθόντες,
3478 1562 3729 1633 ἤχθοντο.

2141 1659 2210 1712 ’Ὀ
2241 1676 2304 1727 γε
2340 1658 2448 1729 μὴν
2498 1660 2748 1723 Ἀννίϐας
2808 1660 2903 1712 ἐπὶ
2959 1656 3332 1727 Νουκερίνους
3377 1656 3489 1726 (55)
3525 1654 3726 1724 ὲστράσ

2141 1769 2334 1806 τευσεν
2360 1768 2371 1782 ο
2402 1754 2455 1806 οἱ
2517 1752 2572 1805 δὲ
2637 1752 3097 1822 πολιορκούμενοι
3130 1752 3230 1821 τὴν
3267 1755 3546 1821 ἄχρηστον
3578 1749 3728 1817 σφῶν

2071 1819 2109 1872 Β
2138 1843 2357 1913 ἡλικίαν
2408 1843 2614 1913 ἀπορία
2646 1844 2863 1912 τροφῶν
2906 1841 3210 1906 ὲξεώσαντο
3235 1856 3249 1870 ·
3278 1840 3373 1904 οὓς
3411 1841 3439 1892 ὁ
3478 1839 3730 1902 Ἀννίϐας

2135 1936 2196 1988 ού
2225 1937 2565 2005 προσήκατο,
2601 1935 2738 1987 ἀλλά
2762 1939 2858 1988 καὶ
2890 1938 2968 1998 εἰς
3001 1937 3102 2004 τὴν
3131 1935 3287 1988 πόλιν
3312 1932 3538 1987 ἀπιοῦσι
3568 1934 3728 2002 μόνον

2135 2033 2445 2101 ἀσφάλειαν
2493 2033 2684 2085 ἔδωκε.
2718 2032 2811 2084 Διὸ
2843 2032 2936 2084 καὶ
2967 2032 3015 2084 oi
3065 2030 3247 2084 λοιποὶ
3289 2030 3411 2100 μεθ’
3442 2029 3563 2093 ἐνὸς
3595 2030 3729 2097 ίμα-

2135 2127 2253 2179 τίου
2297 2125 2619 2196 ἐκχωρῆσαι
2659 2124 2754 2178 τοῦ
2803 2124 2993 2187 ἄστεος
3040 2124 3421 2194 ὡμολόγησαν.
3488 2121 3645 2174 Ἐπεὶ
3680 2120 3727 2173 δ’

2137 2220 2416 2288 ἐγκρατὴς
2473 2219 2655 2270 αὐτῶν
2705 2218 2946 2286 ἐγένετο,
3002 2217 3128 2279 τοὺς
3177 2216 3275 2286 μὲν
3315 2214 3618 2285 βουλευτὰς
3667 2216 3727 2276 ἐς

2141 2313 2400 2383 βιλανεῖα
2474 2310 2851 2373 κατακλείσας
2905 2310 3223 2375 ἀπέπνιξε·
3290 2312 3403 2372 τοῖς
3448 2309 3493 2362 δ’
3545 2307 3728 2369 ἄλλοις

2138 2406 2400 2458 ἀπελθεῖν
2449 2403 2620 2458 εἰπὼν
2655 2406 2763 2475 ὅπη
2798 2403 3102 2475 βούλοιντο,
3144 2402 3377 2465 πολλοὺς
3413 2403 3473 2453 ἐν
3505 2404 3570 2473 τῇ
3623 2401 3728 2470 ὀδῷ

2138 2497 2408 2551 κάκείνων
2440 2496 2720 2565 ἐφόνευσε.
2744 2497 2935 2567 Συχνο“ι
2957 2495 3001 2549 δ’
3032 2494 3126 2548 οὖν
3150 2494 3332 2547 αὐτῶν
3354 2495 3447 2547 καὶ
3468 2493 3729 2562 περιεγέ-

2139 2605 2292 2641 νοντο
2324 2592 2404 2651 εἰς
2459 2588 2595 2651 ὕλας
2643 2588 3197 2658 προκαταφυγόντες.
3228 2585 3324 2639 Ἐκ
3357 2585 3554 2638 τούτου
3596 2583 3652 2637 δὲ
3675 2585 3725 2635 οξ

2138 2682 2314 2734 λοιποὶ
2342 2680 2676 2749 φοϐηθέντες
2699 2682 2761 2734 οὐ
2778 2681 3092 2735 συνέϐαινον
3119 2680 3200 2732 ἔτι
3230 2679 3399 2748 αὐτῷ,
3429 2679 3548 2733 ἀλλ’
3583 2680 3716 2732 ἀντ’

2153 2777 2297 2843 εἰχον
2343 2766 2450 2837 ἕως
2506 2774 2793 2843 ἠδύναντο.
2845 2775 2955 2827 Καὶ
2982 2776 3031 2825 οί
3063 2773 3312 2826 Νωλανοὶ
3339 2763 3727 2841 βουλειΐόμενοι

2144 2869 2541 2935 προσχωρῆσαι
2598 2865 2788 2935 αὐτῷ,
2854 2865 2980 2916 ἐπεὶ
3035 2864 3095 2917 τὸ
3160 2865 3239 2925 είς
3296 2861 3543 2924 ἐκείνους
3587 2855 3727 2912 εἶδον

2141 2961 2410 3031 πραχθὲν,
2450 2961 2803 3029 ἐπηγάγοντο
2863 2959 3041 3030 λάθρα
3096 2957 3189 3011 τὸν
3237 2956 3583 3027 Μάρκελλον,
3632 2955 3725 3007 καὶ

2141 3053 2234 3105 τὸν
2293 3050 2542 3103 Ἀννίϐαν
2599 3048 2987 3121 προσϐαλόντα
3041 3052 3180 3121 μετά
3226 3048 3402 3100 ταῦτα
3449 3049 3517 3118 τῇ
3573 3045 3723 3098 πόλει

451 3144 647 3203 fracto,
725 3137 1209 3206 Carthaginienses
1275 3151 1334 3190 re
1383 3135 1760 3192 animadversa
1822 3135 2032 3190 catenis

2139 3143 2446 3199 ἀπώσαντο.
2489 3143 2920 3213 Ἀποκρουσθεὶς
2972 3143 3029 3196 δὲ
3072 3144 3170 3212 τῆς
3230 3139 3447 3211 Νώλης,
3490 3141 3724 3209 Ἀκερά-

451 3231 681 3285 ﬂuvium
712 3230 1052 3281 munierunt.
1083 3226 1151 3282 Ut
1190 3239 1373 3280 autem
1419 3226 1564 3280 fame
1598 3236 1655 3280 et
1711 3226 2034 3282 vulneribus

454 3320 610 3373 multi
665 3319 970 3388 perierunt,
1037 3316 1211 3370 altera
1286 3316 1439 3370 urbis
1498 3325 1654 3385 parte
1707 3315 1924 3371 deserta
1980 3327 2037 3371 et

454 3423 620 3484 ponte
659 3412 970 3480 interrupto
995 3449 1010 3474 ,
1045 3410 1100 3462 in
1126 3409 1298 3463 altera
1326 3408 1672 3464 obsidionem
1708 3410 2031 3465 tolerarunt.

453 3508 647 3561 Postea
690 3518 877 3558 semen
914 3517 1171 3572 raporum
1199 3502 1253 3555 in
1302 3501 1597 3571 quemdam
1638 3502 1819 3557 locum
1877 3513 2034 3559 extra

454 3613 676 3657 murum
727 3597 1070 3666 ahjeccrunt,
1133 3605 1192 3649 ut
1238 3594 1429 3649 hostes
1457 3609 1555 3649 eos
1592 3594 1686 3649 diu
1748 3596 2036 3652 habituros

452 3690 744 3746 crederent
775 3689 917 3743 unde
958 3690 1208 3741 viverent
1269 3686 1386 3753 Qua
1422 3688 1615 3742 eadem
1656 3688 1916 3758 opinione
1943 3689 2041 3744 de-

450 3791 644 3852 ceptus
661 3780 918 3843 Annibal,
950 3794 1258 3849 eorumque
1286 3778 1671 3834 fortitudinem
1697 3779 2031 3846 admiratus,

454 3888 551 3928 eos
585 3872 654 3926 ad
708 3871 1018 3941 pactionem
1071 3877 1400 3939 provocatos
1453 3870 1686 3937 pecunia
1730 3870 2031 3926 vendidit:

451 3979 591 4035 quos
620 3964 851 4019 Romani
881 3978 989 4016 non
1027 3961 1192 4015 modo
1240 3960 1439 4031 cupide
1486 3961 1864 4031 redemerunt,
1932 3964 2031 4021 sed

450 4058 614 4111 etiam
648 4057 1009 4111 honorarunt.

2144 3255 2266 3301 νους
2301 3237 2413 3306 (56)
2447 3231 2559 3289 εἷλε
2594 3236 2739 3307 λιμῷ
2778 3237 2873 3290 ἐπὶ
2905 3238 3029 3300 ταῖς
3085 3238 3280 3299 αὐταῖς
3313 3238 3425 3298 τοῖς
3457 3233 3726 3304 Νουκερί·

2143 3347 2255 3393 νοις
2284 3330 2609 3399 συνθήκαις,
2634 3331 2729 3382 καὶ
2765 3330 2833 3382 τὰ
2870 3329 3011 3383 αύτά
3045 3328 3358 3399 εἰργάσατο
3375 3326 3471 3379 καὶ
3502 3324 3725 3386 αὐτούς.

2145 3417 2277 3475 Εἶτα
2302 3424 2395 3476 καὶ
2438 3423 2530 3474 ἐπὶ
2557 3421 2847 3484 Βασιλίνας
2879 3422 3262 3492 ἐστράτευσεν,
3297 3422 3353 3472 ἐν
3373 3412 3416 3487 ᾧ
3459 3416 3724 3487 Ῥωμαῖοί

2143 3531 2201 3567 τε
2240 3516 2336 3567 καὶ
2388 3515 2701 3583 συμμάχων
2761 3512 2896 3565 ὡσεὶ
2950 3512 3115 3583 χίλιοι
3170 3514 3613 3580 συγκατέφυγον.
3663 3507 3724 3562 Οἶ

2142 3607 2269 3669 τοὺς
2304 3607 2401 3676 μὲν
2426 3606 2757 3677 ἐπιχωρίους
2790 3603 3083 3676 προδοῦναι
3127 3605 3270 3673 σφᾶς
3318 3603 3725 3674 μελετήσαντας

2141 3695 2498 3761 ἀπέκτειναν,
2534 3697 2629 3750 καὶ
2657 3696 2750 3749 τὸν
2797 3695 3050 3750 Ἀννίϐαν
3104 3695 3374 3756 πολλάκις
3403 3692 3722 3754 ἀπώσαντο,

2139 3784 2234 3836 καὶ
2287 3785 2425 3856 πρὸς
2486 3786 2647 3855 λιμὸν
2714 3785 2980 3853 γενναίως
3026 3784 3500 3857 διεκαρτέρησανο
3552 3781 3726 3836 δπιλι·

2141 3877 2352 3947 πούσης
2396 3876 2453 3930 δὲ
2501 3878 2600 3946 τῆς
2643 3877 3117 3947 τροφῆςλαὺτοὺς,
3153 3876 3242 3932 ἐπ’
3272 3876 3447 3928 ἀσκοῦ
3484 3891 3611 3929 τινα
3638 3872 3725 3926 διὰ

2141 3969 2236 4021 τοῦ
2274 3970 2525 4039 ποταμοῦ
2576 3969 2717 4040 πρὸς
2746 3971 2837 4023 τὸν
2899 3969 3198 4039 δικτάτορα
3243 3968 3526 4040 ἔπεμψαν.
3573 3966 3633 4023 Ὀ
3671 3965 3726 4018 δὲ

2144 4061 2339 4125 πίθους
2369 4063 2620 4134 ἀλεύρων
2685 4064 2917 4134 πλήρεις
2948 4066 3146 4125 νυκτὸς
3195 4062 3485 4117 ἐνέϐαλλεν
3530 4064 3613 4126 είς
3637 4061 3726 4113 τὸν

452 4155 723 4224 ποταμὸν,
768 4151 1149 4221 ἐντειλάμενος
1197 4150 1382 4212 αὐτοῖς
1446 4153 1790 4221 παρατηρεῖν
1839 4153 1898 4205 ἐν
1948 4152 2030 4223 τῷ
2070 4157 2255 4210 σκότει
2313 4159 2371 4210 τὸ
2422 4159 2638 4229 ῥεῦμα’
2707 4162 2802 4213 καὶ
2853 4159 3047 4228 χρόνον
3088 4158 3189 4229 μέν
3239 4175 3364 4210 τινα
3430 4156 3727 4209 ἐλάνθανεν

451 4247 627 4310 οὕτως
657 4250 865 4318 τροφᾶς
902 4245 1086 4307 αὐτοῖς
1114 4243 1389 4313 χορηγῶν.
1420 4244 1655 4299 Ἔπειτα
1683 4245 1845 4298 πίθου
1882 4247 2030 4311 τινὸς
2072 4253 2481 4321 προσραγέντος
2547 4269 2661 4318 ποι,
2732 4257 2827 4306 καὶ
2866 4253 3267 4324 συντριϐέντος,
3295 4252 3468 4318 ἔγνων
3496 4253 3548 4302 ιιι
3583 4253 3726 4319 Καρ·

452 4344 690 4415 χηδόνιοι
734 4342 796 4394 τὸ
850 4342 1159 4410 γινόμενον,
1222 4339 1314 4392 καὶ
1371 4340 1598 4393 ἁλύσεσι
1649 4343 1742 4394 τὸν
1786 4343 2037 4413 ποταμὸν
2073 4345 2437 4415 διειλήφασιν.
2523 4348 2611 4413 Ὧς
2657 4349 2715 4403 δὲ
2764 4349 2843 4421 τῷ
2899 4349 3047 4422 λιμῷ
3100 4350 3194 4403 καὶ
3270 4350 3386 4411 τοῖς
3444 4346 3725 4418 τραύμασι

455 4438 644 4507 συχνοὶ
700 4436 1099 4504 διεφθάρησαν,
1134 4435 1195 4487 τὸ
1228 4433 1415 4503 ἓτερον
1463 4434 1631 4503 μέρος
1678 4435 1775 4504 τῆς
1821 4436 2030 4501 πόλεως
2070 4437 2342 4506 ἐξέλιπον,
2382 4442 2484 4494 κάν
2514 4440 2593 4512 τῷ
2635 4426 2809 4513 λοιπῷ
2834 4443 3252 4514 διεκαρτέρουν,
3308 4441 3411 4512 τὴν
3478 4440 3725 4509 γέφυραν

452 4532 833 4599 διακόψαντες·
864 4528 998 4582 Εἶτα
1034 4527 1258 4597 σπέρμα
1293 4528 1612 4596 γογγυλίδος
1643 4529 1754 4580 ἀπὺ
1781 4529 1878 4582 τοῦ
1943 4531 2163 4601 τείχους
2231 4534 2313 4597 είς
2381 4550 2437 4586 τι
2500 4536 2701 4606 χωρίον
2731 4535 2930 4599 ἔξωθεν
2956 4534 3122 4590 αὐτοῦ
3150 4533 3475 4588 κατέϐαλον.
3513 4533 3724 4601 Ἐποίη-

457 4644 559 4681 σαν
579 4626 638 4679 δὲ
698 4624 859 4678 τοῦτο
922 4624 1012 4678 ἶνα
1060 4623 1454 4693 καταπλήξωσι
1511 4624 1641 4687 τοὺς
1708 4624 2003 4695 πολεμίους
2030 4626 2107 4691 ὡς
2146 4629 2245 4681 καὶ
2306 4630 2401 4682 ἐπὶ
2451 4630 2590 4683 πολὺ
2645 4630 3115 4699 αύταρκίσοντας.
3156 4628 3322 4680 Ὅθεν
3363 4628 3392 4680 ὁ
3450 4626 3671 4680 Ἀννίϐα
3704 4662 3723 4691 ,

453 4721 686 4793 ἄφθονον
735 4721 933 4783 αὐτοὺς
982 4718 1128 4789 ἔχειν
1157 4718 1257 4790 τὴν
1303 4715 1514 4788 τροφὴν
1543 4716 1774 4788 οἰηθεὶς,
1805 4719 1902 4771 καὶ
1971 4722 2068 4773 ἐπὶ
2106 4723 2173 4792 τῇ
2239 4723 2511 4794 καρτερίᾳ
2540 4722 2955 4794 θαυμάσας,είς
2973 4721 3269 4793 ὁμολογίαν
3292 4719 3720 4791 προεκαλέσατο,

448 4820 547 4872 καὶ
601 4812 1186 4887 χρημάτων-ἀπέδοτο
1227 4812 1391 4882 σφᾶς.
1436 4809 1735 4863 Ἐλύσαντο
1769 4809 1883 4881 γὰρ
1933 4813 2135 4879 αὐτοὺς
2164 4814 2213 4867 οι
2279 4814 2386 4881 ἔξω
2448 4814 2711 4886 Ῥωμαῖοι
2760 4816 3038 4887 ἀσμένως,
3089 4814 3227 4868 ἀλλά
3276 4815 3386 4886 μὴν
3452 4812 3554 4866 καὶ
3615 4813 3721 4866 ἐτί·

537 4927 657 4966 σαν.

572 4930 657 4966 αν.

454 4930 617 5059 μτῗίι.
652 5004 787 5057 Dum
824 4999 940 5053 ha'e
1001 5003 1289 5066 geruntur,
1341 4997 1505 5068 legati
1544 4996 1769 5068 Delphis
1823 4998 2033 5054 reversi

2210 4996 2288 5054 I".
2322 4997 2411 5051 Ἐν
2433 4992 2476 5066 ᾧ
2503 4997 2561 5052 δὲ
2585 4997 2756 5052 ταῦτα
2777 4998 3014 5066 ἐγένετο,
3044 4997 3137 5052 καὶ
3169 4995 3476 5069 ἱκιΔελφῶν
3499 4999 3563 5050 οί-
3581 5014 3713 5066 πεμο

450 5096 730 5160 nuntiant,
776 5092 971 5163 jubere
1007 5089 1259 5161 Pythiam
1317 5099 1399 5151 ut,
1441 5090 1728 5160 repudiata
1792 5089 2030 5161 ignavia,

450 5191 615 5264 5.22
668 5186 812 5243 bello
856 5187 968 5239 sint
1017 5183 1235 5237 intenti.
1264 5181 1341 5235 Ex
1373 5196 1442 5237 eo
1496 5182 1802 5237 continuati
1868 5192 2032 5252 atque

454 5282 688 5339 assecuti
720 5277 1068 5339 Annibalem,
1122 5276 1274 5345 juxta
1318 5289 1446 5327 eum
1478 5283 1656 5327 castra
1701 5285 2029 5342 posuerunt,

457 5385 517 5429 ut
567 5354 698 5443 quid
753 5378 940 5441 ageret
981 5368 1363 5423 observarent.
1419 5367 1498 5419 Ac
1528 5364 1725 5419 Junius
1773 5366 2030 5431 dictator,

456 5482 577 5537 quae
644 5463 1124 5534 Carthaginienses
1175 5458 1357 5513 facere
1429 5456 1790 5528 jubebantur,
1838 5458 2031 5514 eadem

2138 5089 2365 5159 φθὲντες
2391 5090 2856 5159 ἀνεκομίσθησαν,
2884 5090 3137 5158 λέγοντες
3160 5087 3260 5160 τὴν
3285 5088 3493 5142 Πυθίαν
3524 5089 3721 5159 χρῆσαι

2138 5181 2322 5244 αὐτοῖς
2382 5179 2699 5235 παύσασθαι
2734 5182 2833 5251 τῆς
2872 5180 3168 5251 ῥᾳθυμίας,
3214 5181 3304 5233 καὶ
3359 5180 3439 5249 τῷ
3497 5182 3719 5250 πολέμῳ

2140 5275 2447 5346 προσέχειν.
2489 5273 2769 5327 Ἐντεῦθεν
2797 5272 3245 5346 ἀνερῤώσθησαν,
3291 5275 3385 5325 καὶ
3418 5273 3720 5327 κατέλαϐον

2142 5370 2234 5420 τὸν
2288 5366 2558 5431 Ἀννίϐαν,
2614 5367 2711 5420 καί
2747 5366 2797 5418 οἱ
2828 5365 3533 5436 παρεστρατοπεδεύσαντο,
3576 5369 3717 5430 ὅπως

2143 5461 2212 5514 τά
2270 5459 2623 5531 πραττόμενα
2701 5458 2833 5531 παρ’
2875 5458 3041 5512 αὐτοῦ
3098 5459 3486 5529 παρατηριῖηι.
3539 5461 3648 5514 Καὶ
3689 5460 3717 5512 ὅ

1660 5594 1869 5656 Varim
1900 5594 2211 5658 lectiones
2246 5604 2308 5656 et
2338 5605 2529 5656 notua.

672 5729 1099 5855 Ιξῧιίκερίνους.
1146 5725 1433 5797 ,Ειοετριιι
1474 5720 1663 5781 Dionis
1709 5719 2022 5789 Valesiana,

456 5817 513 5871 p.
538 5817 663 5868 υυδ,
693 5817 815 5855 ovi.

1872 5861 1901 5898 _.
1928 5860 1935 5867 .

2208 5719 2320 5793 (36)
2365 5716 2772 5793 Ἀκερράνουᾳ
2828 5716 2965 5774 Vide
2995 5716 3270 5789 Excerpta
3317 5718 3513 5776 Dionis
3566 5718 3714 5776 Vale-

2133 5789 2307 5858 siaua,
2340 5806 2394 5860 p.
2424 5789 2549 5843 601.
