4008 6250
1563 276 1977 341 ANNALIUM
2014 279 2163 339 LIB.
2208 278 2314 339 IX.

3469 275 3578 335 ’ἴῃ

317 412 383 462 γε
432 394 646 458 Ἰούνιος
678 395 705 449 ό
728 395 1001 467 δικτάτωρ
1030 396 1098 451 τᾶ
1131 398 1243 462 τοῖς
1270 398 1662 469 Καρχηδονίοις
1693 411 1898 465 παραγ-

2008 414 2135 451 suos
2164 405 2217 452 et
2254 398 2369 467 ipse
2394 396 2687 451 observare
2718 403 2881 464 atque
2911 393 3091 451 facere
3122 394 3363 462 iubebat.
3392 394 3582 463 Itaque

316 488 646 556 γελλόμενα,
691 492 784 541 καὶ
809 490 937 552 τοὺς
980 486 1288 558 Ῥωμαίους
1338 493 1512 543 ποιεῖν
1540 491 1740 561 ὁμοίως
1773 492 1895 543 ὲκε-

317 580 465 645 λευε,
492 580 585 632 καὶ
627 582 749 632 σῖτα
782 580 877 632 καὶ
905 580 1071 633 ὕπνον
1094 583 1150 634 ἐν
1172 581 1249 652 τῷ
1268 583 1415 652 αὐτῷ
1443 583 1619 655 καιρῷ
1643 584 1889 655 ᾑροῦντο,

318 672 542 734 καὶτὰς
588 671 838 739 φυλακὰς
883 671 1086 741 ὁμοίως
1150 675 1515 741 ἐπεσκόπουν,
1580 676 1677 729 καὶ
1725 676 1892 729 τᾶλλα

316 763 517 832 ἐπίσης
550 761 843 833 ἔπραττον.
883 764 1233 834 Καταμαθὼν
1296 761 1390 819 οῦν
1435 767 1596 820 τοῦτο
1645 768 1893 829 Ἀννίϐας

314 857 597 923 χειμέριον
628 856 866 926 ἐτήρησε
885 857 1077 921 νύκτα,
1106 859 1197 912 καὶ
1225 861 1336 923 τοίς
1356 859 1454 927 μὲν
1482 861 1589 913 τῶν
1626 877 1893 929 στρατιωα

312 947 423 1000 τῶν
457 948 544 999 ἐπ’
565 947 744 1011 ἔξοδον
768 949 1120 1021 ἀρ’ἐσπέρας
1152 953 1364 1004 ἀνεῖπε.
1414 952 1519 1005 Τοῦ
1566 952 1623 1005 δὲ
1672 953 1892 1007 Ἰουνίου

312 1042 376 1092 τὸ
406 1040 538 1093 αὐτὸ
566 1042 915 1112 ποιήσαντος,
948 1045 1011 1096 ἐκ
1043 1045 1293 1117 διαδοχῆς
1309 1046 1499 1100 ἄλλοτε
1528 1047 1718 1111 ἄλλους
1743 1048 1892 1117 αὐτῷ

314 1133 682 1201 προσϐάλλειν
710 1135 1016 1199 ἐκέλευσεν,
1062 1137 1127 1190 ἵν’
1165 1139 1224 1190 ἐν
1270 1143 1481 1208 συνεχεί
1522 1141 1668 1208 πόνῳ
1710 1141 1773 1194 ἐκ
1795 1141 1893 1209 τῆς

313 1225 623 1294 ἀγρυπνίας
652 1228 745 1280 καὶ
780 1228 873 1280 τοῦ
905 1229 1176 1298 χειμῶνος
1208 1232 1400 1300 εἴησαν
1423 1249 1437 1263 ·
1467 1231 1630 1292 αὐτὸς
1661 1231 1717 1284 δὲ
1755 1234 1893 1302 μετὰ

312 1312 425 1366 τῶν
465 1314 671 1368 λοιπῶν
709 1316 1033 1373 ἀνεπαύετο.
1073 1319 1229 1373 Ἐπεὶ
1264 1319 1310 1372 δ’
1353 1321 1535 1392 ἡμέρα
1562 1321 1893 1392 ὲπιλάμψειν

313 1406 530 1476 ἔμελλε,
566 1406 627 1462 τὸ
664 1410 981 1481 στράτευμά
1025 1428 1083 1464 τε
1145 1411 1307 1481 δῆθεν
1350 1412 1741 1479 ἀνεκαλέσατο,
1799 1417 1893 1468 καὶ

311 1500 423 1551 τῶν
470 1497 752 1569 Ῥωμαίων
797 1502 865 1554 τὰ
890 1502 1028 1556 ὅπλα
1060 1502 1438 1573 ἀποθεμένων,
1470 1504 1564 1558 καὶ
1594 1505 1730 1575 πρὸς
1760 1507 1890 1561 ἀνά-

313 1592 528 1645 παυλαν
585 1594 982 1664 τραπομένων,
1037 1595 1274 1664 ἐπῆλθεν
1328 1597 1510 1659 αὐτοῖς
1573 1597 1748 1665 ἄφνω,
1799 1601 1894 1653 καὶ

316 1683 546 1752 συχνοὺς
576 1685 884 1750 ἀπέκτεινε,
910 1688 1002 1740 καὶ
1037 1687 1096 1739 τὸ
1129 1688 1418 1759 τάφρευμα
1449 1690 1734 1759 ἐκλειφθὲν
1756 1685 1888 1744 εἷλε.

316 1774 400 1828 Τὰ
426 1775 469 1827 δ’
525 1777 581 1828 ὲν
608 1780 673 1848 τῇ
714 1779 934 1850 Σικελίᾳ
962 1780 1134 1850 καὶτῇ
1172 1781 1363 1851 Σαρδοῖ
1396 1783 1645 1849 ἐκινεῖτο,
1678 1782 1738 1835 ού
1766 1784 1895 1852 μέν·

310 1883 398 1920 τοι
428 1869 523 1921 καὶ⁹
550 1871 885 1940 ἐπιστροφῆς
908 1890 1050 1935 τινος
1081 1874 1229 1941 παρὰ
1249 1873 1356 1924 τῶν
1371 1872 1655 1943 Ῥωμαίων
1687 1876 1892 1947 ἔτυχον.

218 2026 229 2037 Ι
315 1959 556 2013 ’Ὑπατοι
579 1962 635 2014 δὲ
661 1962 689 2015 ὅ
717 1980 774 2015 τε
803 1963 1049 2033 Γράκχος
1079 1967 1104 2015 ό
1135 1964 1404 2035 ἵππαρχος
1439 1968 1532 2018 καὶ
1564 1967 1897 2035 Ποστούμιος

314 2047 562 2114 ⁹Αλϐῖνος
599 2052 894 2123 ᾑρέθησαν.
920 2055 1029 2107 Καὶ
1068 2057 1095 2108 ὁ
1129 2056 1225 2126 μὲν
1259 2056 1497 2121 Ἀλϐῖνος
1536 2058 1672 2127 μετὰ
1702 2061 1898 2123 παντὸς

311 2141 410 2194 τοῦ
442 2142 675 2211 στρατοῦ
702 2144 806 2197 ὑπὸ
827 2144 936 2198 τῶν
957 2145 1189 2199 Βοουῖων
1220 2148 1451 2219 ἐφθάρη,
1484 2151 1549 2203 δι’
1576 2151 1736 2220 ὅρους
1760 2154 1898 2205 ὑλώ-

310 2232 439 2297 δους
488 2237 853 2306 πορευόμενος
884 2239 975 2291 καὶ
1024 2240 1376 2311 ἐνεδρευθεὶς,
1426 2235 1486 2293 οὗ
1537 2244 1633 2314 τὴν
1660 2245 1898 2316 κεφαλὴν

311 2327 687 2394 ἀποτεμόντες
730 2329 780 2381 οἱ
830 2328 1120 2400 βάρϐαροι,
1186 2334 1280 2385 καὶ
1335 2334 1740 2403 ἐκκαθάραντες
1804 2338 1897 2391 κσιλ⁵

313 2420 850 2490 περιχρυσώσαντες,
902 2425 1037 2494 πρὸς
1082 2425 1145 2477 τὰ
1173 2426 1293 2494 ἱερὰ
1324 2427 1504 2479 αὐτῶν
1536 2430 1657 2480 ἀντὶ
1698 2432 1897 2501 φιάλης

310 2511 634 2581 ἐκέχρηντο.
695 2513 957 2581 Γεγόνασι
987 2514 1041 2567 δὲ
1074 2516 1190 2567 τότε
1233 2516 1457 2587 τέρατα·
1507 2518 1634 2588 βοῦς
1669 2538 1728 2572 τε
1787 2522 1895 2593 γὰρ

314 2602 489 2655 ἵππον
522 2602 698 2669 ἔτεκε,
748 2607 840 2660 καὶ
872 2608 929 2658 ἐν
968 2606 1214 2678 θαλάσσῃ
1246 2609 1517 2679 ἐξέλαμψε
1563 2612 1693 2683 πῦρ.
1746 2615 1807 2667 Οἱ
1840 2615 1899 2668 δ’

314 2694 519 2748 ὕπατοι
562 2697 806 2767 Γράκχος
873 2698 965 2752 καὶ
1018 2699 1237 2763 Φάϐιος,
1272 2703 1892 2775 στρατοπεδευσάμενοι,

312 2787 408 2839 τόν
430 2805 490 2841 τε
559 2789 804 2842 Ἀννίϐαν
856 2791 915 2843 ὲν
964 2791 1164 2864 Καπύῃ
1218 2792 1345 2845 ὄντα
1393 2796 1718 2865 ἐπετήρουν,
1776 2797 1802 2849 ὅ
1843 2817 1892 2850 τι

315 2881 578 2951 πράσσει.
608 2881 718 2936 Καὶ
744 2882 1110 2953 διεπέμποντο
1142 2886 1497 2956 ἑκασταχόσε,
1536 2890 1647 2948 τοῖς
1671 2905 1729 2940 τε
1760 2906 1894 2957 συμο

322 2973 519 3041 μάχοις
562 2975 862 3043 ἐπήμυνον,
908 2976 1002 3028 καὶ
1046 2977 1169 3038 τοὺς
1220 2977 1598 3049 ἀφεστηκότας
1656 2980 1891 3033 οἰκειοῦ-

1995 501 2051 544 ct
2084 490 2268 543 cibum
2305 499 2363 544 et
2417 504 2670 543 somnum
2719 488 2912 542 eodem
2973 497 3218 555 tempore
3263 486 3577 553 (tardabant.

1994 580 2257 635 excubias
2274 580 2464 635 eodem
2502 580 2665 634 modo
2695 579 2965 643 visebant,
2994 587 3298 647 czcteraque
3330 595 3395 631 ex
3424 593 3572 645 a‘quc

1998 673 2291 729 faciebant.
2325 674 2445 739 Quo
2476 673 2710 726 Annibal
2736 674 2976 741 cognito,
3018 679 3386 741 tempestuosa
3417 680 3576 725 nocte

1995 774 2237 836 captata,
2269 765 2411 835 parti
2447 765 2683 819 militum
2714 781 2741 818 a
2774 780 3000 834 vespera
3047 763 3443 834 profectionem
3480 764 3571 816 (IC-

1994 860 2234 914 nuntiat.
2270 859 2434 914 Junio
2465 858 2516 912 id
2543 857 2775 922 imitato,
2801 872 2897 926 per
2922 857 3071 912 vices
3102 856 3238 910 alios
3259 865 3422 924 atque
3441 855 3576 907 alios

1997 955 2258 1022 impetum
2301 953 2354 1006 in
2390 953 2666 1025 Romanos
2695 950 2874 1005 facere
2902 949 3089 1021 jussit.
3116 959 3176 1003 ut
3214 950 3567 1003 continenter

1995 1046 2195 1116 vigiliis
2212 1053 2605 1112 ettcmpestate
2623 1044 3014 1114 fatigarentur:
3047 1043 3161 1112 ipse
3186 1056 3309 1095 cum
3343 1040 3578 1109 reliquis

1993 1140 2224 1210 quievit.
2245 1138 2380 1192 Cum
2395 1138 2717 1195 lucesceret.
2737 1135 2977 1190 exercitu
2998 1143 3271 1195 revocato,
3301 1133 3575 1188 Rullianus

1997 1234 2093 1303 qui
2127 1232 2298 1286 armis
2333 1231 2531 1302 positis
2557 1228 2623 1283 ad
2655 1228 2893 1298 quietem
2914 1243 2970 1281 sc
2997 1225 3373 1287 conferebant,
3394 1223 3577 1277 subito

1993 1338 2300 1395 aggressus.
2338 1322 2538 1377 tunltos
2557 1320 2779 1382 occidit,
2812 1330 2869 1374 et
2908 1320 3111 1372 vallum
3144 1317 3212 1371 ab
3247 1317 3328 1372 eis
3389 1317 3578 1370 descr-

1996 1427 2110 1471 tum
2146 1417 2312 1485 cepit.
2354 1414 2606 1469 Sardinia
2638 1422 2693 1467 et
2719 1411 2900 1467 Sicilia
2927 1411 3177 1481 quamvis
3204 1410 3256 1464 in
3288 1418 3437 1463 motu
3489 1424 3579 1460 cs-

1995 1518 2137 1572 sent,
2169 1524 2198 1563 a
2226 1509 2489 1565 Romanis
2519 1523 2625 1561 non
2660 1505 3015 1560 curabantnr.
3047 1503 3204 1559 Coss.
3233 1501 3402 1556 creati
3427 1509 3576 1560 Sunt,

1994 1600 2274 1657 Gracchus
2325 1601 2583 1670 magister
2625 1597 2874 1667 equitum
2937 1605 2993 1650 et
3027 1595 3384 1650 Posthumius
3427 1592 3579 1647 Albi-
3666 1596 3669 1601 ’

1996 1708 2101 1745 nus
2127 1708 2141 1745 :
2166 1706 2398 1761 quorum
2437 1689 2526 1743 hic
2550 1704 2674 1743 cum
2707 1689 2855 1740 omni
2888 1686 3130 1740 exercitu
3166 1700 3193 1738 a
3230 1684 3378 1737 Boiis
3405 1698 3580 1738 caesus

2003 1793 2106 1843 est.
2158 1782 2212 1836 in
2262 1781 2492 1835 transitu
2549 1780 2735 1833 silvosi
2768 1779 2971 1833 montis
3036 1777 3248 1831 insidiis
3291 1784 3575 1845 exceptus.

2002 1878 2161 1945 cujus
2218 1876 2397 1944 capite
2451 1873 2667 1927 barbari
2699 1880 2981 1927 excavata.
3032 1886 3276 1940 auroque
3328 1869 3576 1929 inducto.

2004 1983 2099 2035 pro
2131 1966 2314 2036 phiala
2344 1966 2397 2019 in
2434 1965 2603 2019 sacris
2628 1965 2709 2018 usi
2735 1974 2884 2018 sunt.
2903 1963 3157 2032 Prodigia
3188 1973 3301 2015 tum
3330 1963 3577 2015 fuerunt.

2000 2060 2133 2113 Nam
2168 2059 2270 2112 bos
2316 2074 2515 2128 equum
2567 2058 2799 2128 peperit,
2840 2064 2895 2110 et
2937 2056 3151 2109 ﬂamma
3188 2070 3216 2106 0
3259 2055 3395 2108 mari
3442 2054 3579 2107 emi-

2001 2150 2322 2209 cuit.,Cnss.
2366 2150 2648 2205 Gracchus
2678 2159 2734 2204 et
2786 2148 3008 2210 Fabius,
3044 2146 3176 2217 quid
3212 2146 3446 2201 Annibal
3477 2145 3580 2199 Ca-

2001 2256 2123 2308 pum
2158 2250 2365 2308 ageret,
2397 2241 2775 2301 observantes,
2834 2238 3084 2307 quolibet
3135 2238 3343 2305 legatos
3396 2236 3582 2289 mitte-

2003 2334 2153 2397 bant,
2207 2333 2371 2387 sociis
2428 2348 2585 2401 opem
2641 2331 2912 2394 ferebant,
2969 2346 3066 2384 eos
3121 2331 3211 2399 qui
3268 2331 3581 2384 deici-crant

2003 2428 2367 2481 reconciliare
2436 2427 2802 2491 conabantur,
2876 2433 2933 2480 et
2985 2424 3362 2479 resistentium
3420 2437 3579 2492 agros

2000 2517 2425 2587 populabantur.
2458 2517 2691 2571 Annibal
2720 2533 2850 2571 vero
2878 2517 3006 2570 dum
3044 2522 3352 2569 commeatu
3403 2529 3579 2581 eoque

1999 2613 2165 2665 armis
2232 2624 2389 2681 parto
2426 2626 2536 2665 non
2598 2610 2932 2673 abundabat,
2970 2608 3217 2662 modeste
3266 2622 3389 2661 cum
3426 2621 3583 2659 exer-

1998 2704 2109 2758 citu
2157 2703 2396 2757 vivebat.
2429 2701 2499 2757 Ut
2534 2717 2697 2766 vero,
2726 2702 2911 2769 Capua
2955 2705 3244 2767 occupata.
3277 2696 3329 2749 in
3384 2711 3576 2765 magna

1998 2809 2178 2847 rerum
2211 2792 2486 2847 afﬂuentia
2519 2791 2680 2846 otiosi
2707 2791 3074 2845 hibernarunt
3100 2808 3112 2843 :
3139 2799 3193 2843 ct
3217 2789 3358 2842 vires
3385 2803 3580 2857 corpo-

1998 2900 2119 2937 rum
2193 2883 2426 2942 dcsidia.
2471 2892 2526 2936 ct
2583 2881 2752 2935 robur
2808 2880 3118 2935 animorum
3181 2878 3397 2931 deliciis
3448 2887 3579 2930 sunt

2000 2976 2286 3030 imminuta
2319 2993 2332 3034 :
2368 2983 2681 3043 mutatoque
2711 2973 2857 3026 victu
2895 2972 3094 3042 patrio,
3125 2971 3176 3023 in
3214 2970 3417 3039 praeliis
3453 2969 3573 3021 vin—

319 3062 447 3114 σθαι
481 3063 804 3133 ἐπειρῶντο,
846 3066 915 3117 τά
951 3082 1004 3116 τε
1042 3065 1148 3118 τῶν
1180 3064 1598 3136 ἀνθισταμένων
1635 3071 1891 3126 ἐκάκουν.

2002 3071 2045 3126 ci
2082 3069 2415 3125 didicerunt.
2446 3068 2596 3122 Bello
2622 3068 2734 3137 jam
2772 3065 3035 3129 instante,
3063 3065 3118 3118 in
3158 3071 3370 3115 montes
3398 3069 3578 3115 trans'

328 3154 390 3205 Ὁ
420 3153 465 3206 δ’
499 3154 771 3223 ’Λννίϐας,
798 3157 902 3220 ἕως
933 3159 1031 3226 μὲν
1062 3160 1156 3228 τῆς
1187 3159 1396 3228 τροφῆς
1418 3160 1611 3225 ἐνδεῶς
1641 3164 1893 3234 ηὐπόρει,

318 3245 416 3299 καὶ
437 3245 879 3314 διακινδυνεύων,
913 3251 1208 3321 σωφρόνως
1236 3250 1376 3320 μετὰ
1402 3250 1495 3303 τοῦ
1523 3255 1755 3322 στρατοῦ
1783 3256 1899 3327 διῆ-

313 3356 415 3399 γεν
439 3357 453 3373 ⁸
482 3340 559 3404 ὡς
585 3340 640 3392 δὲ
674 3340 770 3410 τὴν
809 3341 1039 3413 Καπύην
1070 3340 1282 3406 ἔλαϐον,
1337 3344 1431 3396 καὶ
1467 3344 1678 3409 πολλοῖς
1709 3348 1899 3418 ἐπιτη-

314 3430 486 3492 δείοις
524 3431 580 3482 ὲν
616 3431 870 3503 ῥᾳστώνῃ
917 3432 1298 3501 διεχείμασαν,
1347 3435 1446 3503 τήν
1485 3451 1544 3486 τε
1589 3437 1743 3506 ἰσχὺν
1791 3439 1899 3491 τῶν

322 3524 595 3590 οωμάτων
654 3522 727 3594 μὴ
788 3523 1150 3595 πονούμενοι,
1216 3528 1308 3578 καὶ
1386 3528 1483 3598 τὴν
1551 3531 1744 3598 ῥώμην
1801 3531 1899 3599 τῆς

319 3613 551 3684 γνώμης
590 3615 696 3668 ὑπὸ
738 3619 839 3686 τῆς
886 3615 1156 3681 εὐθυμίας
1190 3618 1610 3689 ἠλαττώθησαν,
1661 3624 1754 3675 καὶ
1801 3625 1900 3693 τὴν

321 3706 557 3776 πάτριον
587 3705 924 3776 ἀμείψαντες
985 3708 1218 3775 δίαιταν,
1273 3712 1582 3780 μετέμαθον
1635 3711 1900 3784 ἡττᾶσθαι

324 3798 650 3867 μαχόμενοι.
697 3800 851 3851 Ἐπεὶ
875 3800 931 3853 δὲ
957 3802 983 3854 ὀ
1016 3801 1253 3871 πόλεμος
1281 3803 1380 3873 ἤδη
1410 3803 1685 3868 ἐπέκειτο,
1718 3808 1773 3871 ἐς
1800 3808 1900 3879 ὅρη

326 3892 587 3960 μετέστη,
616 3891 709 3943 καὶ
737 3891 1013 3964 ἐγύμναζε
1048 3894 1107 3946 τὸ
1139 3895 1479 3966 στράτευμα.
1511 3899 1572 3950 Οἱ
1602 3897 1648 3950 δ’
1680 3899 1777 3971 ούχ
1800 3896 1902 3954 οἷοί

320 3999 383 4033 τε
419 3981 486 4035 δι’
529 3983 711 4051 ὀλίγου
745 3983 1022 4055 ῥωσθῆναι
1054 3986 1337 4053 γεγόνασι.
1375 3988 1639 4057 Βοηθείας
1667 3990 1724 4043 δὲ
1755 3991 1903 4062 αὐτῷ

321 4074 539 4128 οἴκοθεν
575 4076 743 4145 ἄλλης
786 4093 846 4129 τε
880 4078 974 4129 καὶ
1007 4078 1324 4147 ἐλεφάντων
1354 4080 1637 4152 ἐλθούσης,
1667 4084 1901 4154 ἀνεθάρ-

325 4182 461 4234 σησε
497 4181 512 4195 ⁶
546 4168 642 4219 καὶ
671 4168 766 4219 ἐπὶ
801 4165 899 4236 τὴν
930 4165 1147 4230 Νώλλν,
1173 4168 1249 4231 ὡς
1272 4170 1518 4239 αἱρήσων
1539 4171 1729 4243 αὐτὴν,
1756 4173 1788 4242 ἢ
1813 4172 1902 4227 τόν

323 4276 388 4326 γε
421 4260 770 4329 ’Μάρκελλον
823 4260 921 4331 τὴν
981 4260 1277 4330 Σαμνίτιδα
1326 4263 1658 4335 πορθοῦντα,
1699 4268 1904 4339 ταύτης

323 4353 574 4419 ἀπάξων,
608 4353 891 4424 ὥρμησεν.
953 4352 1037 4416 Ὠς
1079 4353 1124 4406 δ’
1160 4354 1315 4408 οὐδὲν
1350 4357 1627 4426 ἐπέραινε,
1672 4363 1770 4432 τῆς
1802 4361 1902 4432 μὲν

2001 3164 2084 3229 iit,
2145 3163 2427 3218 etmilitcs
2457 3161 2700 3216 exercuit
2740 3177 2751 3212 :
2785 3158 2880 3213 sed
2931 3173 3056 3212 cum
3098 3157 3297 3226 exiguo
3330 3164 3578 3223 tempore

2001 3256 2205 3310 ﬁrmari
2240 3270 2347 3308 non
2377 3263 2620 3323 possent,
2651 3250 2963 3320 elephantis
3021 3249 3250 3317 aliisque
3313 3244 3582 3299 militibus

2001 3347 2163 3402 domo
2192 3347 2454 3408 advectis,
2493 3346 2736 3399 animum
2783 3341 3010 3412 recepit.
3057 3341 3361 3411 Nolamque
3404 3355 3582 3409 oppu-

1999 3440 2203 3509 gnavit,
2257 3449 2311 3493 ut
2369 3439 2456 3493 vel
2513 3437 2703 3492 urbem
2755 3442 3000 3505 caperet,
3058 3433 3144 3486 vel
3209 3430 3518 3485 Marcellum
3551 3445 3582 3484 a

2003 3531 2211 3586 Samnii
2253 3532 2556 3585 vastatione
2589 3536 2894 3583 revocaret.
2924 3526 3061 3581 Cum
3097 3524 3241 3580 nihil
3267 3524 3577 3593 proficeret,

2002 3626 2140 3679 urbe
2181 3624 2391 3686 relicta,
2423 3637 2581 3693 agros
2602 3619 2857 3680 vastavit,
2926 3621 3105 3673 donec
3132 3617 3283 3687 justo
3312 3606 3501 3686 praelia
3528 3615 3580 3666 vi

2002 3729 2321 3783 superatus,
2398 3732 2463 3770 ex
2516 3713 2886 3783 Hispanorum
2936 3718 2992 3764 et
3062 3710 3320 3764 Afrorum
3387 3707 3582 3761 crebra

2003 3808 2067 3863 aii
2112 3807 2388 3861 Romanos
2445 3805 2755 3860 defectione
2785 3801 2952 3873 (quod
2981 3803 3031 3857 ei
3082 3801 3235 3872 prius
3268 3800 3582 3854 nuntiatum

2002 3899 2164 3972 423
2194 3914 2354 3968 quam
2384 3897 2682 3961 acciderat)
2713 3911 2968 3967 magnum
3018 3895 3261 3949 dolorem
3304 3893 3488 3962 cepit:
3527 3901 3585 3946 et

2005 3992 2110 4048 sibi
2160 3991 2261 4062 ipsi
2294 4007 2356 4047 ac
2391 3990 2657 4045 militibus
2690 3988 2918 4052 diiiisus,
2970 3986 3119 4041 omni
3157 3987 3246 4040 illa
3300 3984 3582 4055 provincia

2006 4085 2217 4150 relicta,
2247 4084 2488 4154 Capuam
2539 4082 2723 4146 rediit,
2763 4091 2929 4152 atque
2957 4081 3083 4136 inde
3128 4081 3291 4134 etiam
3320 4090 3442 4148 post
3474 4079 3589 4133 dis-

2005 4173 2190 4230 cessit.
2228 4174 2296 4228 At
2326 4171 2700 4242 Scipionibus,
2752 4171 2908 4225 Ibero
2955 4184 3113 4224 amne
3156 4169 3264 4239 jam
3303 4178 3582 4236 superato,

2007 4281 2167 4337 agros
2193 4265 2541 4321 vasrantibus
2571 4273 2626 4318 ct
2652 4264 2818 4317 urbes
2878 4262 3247 4332 capientibus,
3288 4261 3454 4315 etiam
3483 4260 3581 4314 Asc

2007 4359 2259 4421 drubale,
2292 4357 2385 4426 qui
2437 4357 2505 4411 ad
2550 4373 2614 4412 ea
2647 4356 2990 4427 prohibenda
3027 4354 3350 4409 festinanter
3394 4367 3589 4406 accur-

324 4445 541 4510 σπόλεως
584 4448 794 4517 ἀπέστη
829 4463 844 4478 ο
893 4446 992 4516 τὴν
1026 4446 1081 4498 δὲ
1112 4445 1297 4517 χώραν
1342 4449 1545 4518 ἔκειρε,
1599 4451 1792 4523 μέχρις
1840 4448 1898 4508 οὗ

2009 4459 2178 4516 rerat,
2214 4451 2328 4504 acie
2364 4448 2529 4514 victo,
2588 4448 3074 4517 Carthaginienses
3099 4443 3400 4516 majoribus
3435 4444 3587 4497 auxi-

331 4540 477 4609 μάχη
511 4539 654 4593 κατὰ
682 4539 741 4591 τὸ
782 4539 1003 4609 ἰσχυρὸν
1046 4540 1279 4610 ἡττήθη,
1311 4542 1399 4609 ἐφ’
1532 4542 1622 4594 καὶ
1670 4544 1898 4614 ἤλγησε.

328 4633 522 4686 Πολλοὶ
560 4631 660 4700 μὲν
688 4631 797 4700 γὰρ
832 4630 1069 4700 Ἴϐηρες,
1110 4632 1292 4686 πολλοὶ
1322 4634 1379 4686 δέ
1416 4636 1510 4687 καὶ
1545 4635 1656 4688 τῶν
1686 4639 1903 4691 Λιϐύων

327 4725 690 4795 ἐγκατέλιπον
731 4725 918 4787 αὑτὸν,
947 4728 1042 4777 καὶ
1076 4727 1211 4796 πρὸς
1243 4728 1367 4790 τοὺς
1404 4728 1713 4798 Ῥωμαίους
1739 4731 1903 4801 ηὐτο-

330 4818 604 4889 μόλησαν,
663 4817 691 4871 ὃ
723 4817 879 4871 οὔπω
914 4819 1046 4888 πρὶν
1101 4820 1295 4874 ἔπαθε.
1358 4824 1676 4891 Καταγνοὺς
1738 4824 1786 4877 δ’
1839 4827 1904 4878 ὲκ

324 4911 521 4965 τούτου
566 4911 661 4963 καὶ
702 4910 897 4964 ἑαυτοῦ
933 4911 1156 4964 καὶτῶν
1188 4915 1560 4981 στρατιωτῶν,
1591 4918 1772 4970 πᾶσαν
1804 4918 1904 4987 τὴν

325 5004 433 5073 γῆν
463 5003 690 5072 ἐκείνην
726 5003 966 5068 ἐξέλιπε,
998 5006 1093 5056 καὶ
1122 5005 1202 5067 είς
1225 5005 1320 5074 τὴν
1356 5006 1593 5077 Καπύην
1628 5009 1907 5080 ἀνεχώρη-

329 5114 421 5150 σεν
449 5115 465 5128 ’
521 5092 642 5149 εἶτα
674 5094 933 5149 κάκεῖθεν
983 5098 1240 5166 μετέστη.
1275 5099 1337 5151 Οἱ
1368 5099 1426 5152 δὲ
1469 5102 1771 5165 Σκιπίωνες
1818 5102 1907 5155 τόν

325 5205 386 5242 τε
416 5189 619 5260 Ἴϐηρα
657 5189 902 5259 ποταμὸν
945 5186 1222 5257 διέϐησαν,
1261 5192 1355 5244 καὶ
1393 5191 1490 5262 τὴν
1531 5192 1714 5264 χώραν
1744 5194 1909 5263 ἐπόρ-

328 5282 480 5349 θουν,
526 5282 625 5334 καὶ
663 5282 845 5344 πόλεις
881 5283 1247 5353 προσήγοντο.
1296 5286 1393 5337 καὶ
1425 5286 1516 5338 τὸν
1574 5287 1909 5357 Ἀσδρούϐαν

330 5375 419 5429 διὰ
461 5374 639 5429 ταῦτα
695 5374 900 5447 σπουδῇ
968 5374 1263 5450 ἐπελθόντα
1321 5377 1468 5449 μάχῃ
1514 5376 1791 5448 ἐνίκησαν.
1845 5383 1910 5435 Οἱ

335 5466 702 5539 Καρχηδόνιοι
745 5467 824 5533 δὲ,
855 5467 1029 5521 ταῦτα
1096 5469 1383 5539 μαθόντες,
1443 5474 1539 5524 καὶ.
1586 5473 1910 5542 νομίσαντες

334 5559 587 5622 πλείονος
639 5559 732 5611 τὸν
774 5558 1178 5630 Ἀσδρούϐανῆ
1237 5562 1329 5614 τὸν
1394 5562 1646 5616 Ἀννίϐαν
1701 5564 1911 5617 δεῖσθαι

340 5648 624 5721 βοηθείας,
653 5650 748 5702 καὶ
780 5649 1111 5719 φοϐηθέντες
1141 5653 1214 5720 μὴ
1249 5654 1344 5706 καὶ
1376 5656 1431 5716 ἐς
1473 5656 1573 5722 τὴν
1610 5654 1821 5723 Λιϐύην
1860 5656 1912 5708 οἱ

337 5742 649 5807 Σκιπίωνες
682 5740 935 5811 διαϐῆναι
972 5741 1385 5818 ἐπιχειρήσωσι,
1434 5745 1509 5819 τῷ
1552 5746 1652 5818 μὲν
1694 5746 1912 5818 Ἀννίϐα

2006 4544 2095 4599 liis
2123 4542 2438 4605 Asdrubali,
2467 4558 2630 4613 quam
2655 4540 2930 4603 Annibali,
2964 4553 3103 4610 opus
3129 4554 3251 4594 esse
3273 4538 3403 4599 rati,
3433 4547 3489 4592 et
3520 4553 3589 4590 ne

2006 4637 2295 4705 Scipiones
2345 4636 2399 4689 in
2452 4633 2690 4688 Africam
2729 4632 3048 4699 trajicerent
3086 4628 3288 4692 veriti,
3332 4627 3588 4682 Annibali

2009 4727 2191 4796 parvis
2244 4725 2645 4797 supplementis
2695 4723 2897 4782 missis.
2950 4722 3244 4777 maximam
3303 4720 3588 4788 copiarum

2007 4831 2218 4891 partem
2252 4835 2375 4874 cum
2410 4819 2636 4889 Magone
2666 4834 2827 4888 quam
2862 4817 3153 4871 celerrime
3180 4816 3236 4869 in
3270 4813 3588 4882 Hi~paniatn

2008 4914 2371 4984 ablegarunt:
2406 4912 2664 4982 jubentes
2718 4918 2795 4970 ut,
2866 4909 3030 4963 rebus
3080 4907 3193 4962 illic
3243 4904 3585 4963 constitutis.

2010 5006 2128 5075 ipse
2158 5004 2215 5058 in
2243 5002 2513 5074 praesidiis
2535 5011 2702 5065 esset,
2762 4999 3035 5055 Asdrubal
3067 5008 3249 5052 autem
3283 5010 3407 5049 cum
3433 5008 3592 5047 exer-

2010 5098 2122 5153 citu
2160 5098 2215 5151 in
2250 5096 2462 5151 Italiam
2506 5094 2975 5168 proﬁcisceretur.
3026 5091 3144 5156 Quo
3174 5087 3415 5157 cognito,
3468 5083 3591 5138 Sci-

2009 5191 2205 5261 piones
2237 5204 2414 5258 pugna
2446 5189 2850 5245 abstinuerunt,
2901 5199 2969 5237 ne
2995 5183 3133 5236 forte
3161 5181 3337 5233 victor
3376 5177 3586 5231 Asdru—

2013 5284 2100 5338 bal
2136 5283 2190 5337 in
2219 5282 2428 5337 Italiam
2459 5287 2798 5351 praperaret.
2831 5277 2970 5332 Cum
3005 5283 3188 5328 autem
3219 5269 3352 5323 socii
3390 5270 3595 5325 Roma—

2012 5391 2210 5431 norum
2233 5370 2829 5444 aCartbaginiensibus
2851 5374 3199 5426 vexarentur,
3218 5361 3448 5416 Publius
3468 5377 3592 5416 cum

2013 5468 2270 5523 hostibus
2296 5480 2651 5537 congressus,
2689 5462 2862 5516 vicit:
2902 5458 3082 5515 Coeus
3114 5472 3144 5511 c
3177 5472 3359 5527 pugna
3383 5456 3596 5512 abeun-

2017 5571 2119 5626 tes,
2153 5570 2414 5631 exceptos
2444 5558 2668 5614 occidit.
2698 5556 2780 5611 Ob
2811 5571 2932 5610 eam
2970 5552 3206 5615 cladem,
3257 5561 3312 5605 et
3346 5552 3617 5619 frequcth

2017 5663 2125 5710 tem
2176 5654 2395 5710 urbium
2427 5652 2821 5713 defectionem,
2869 5649 3034 5704 etiam
3083 5645 3229 5700 Afris
3278 5645 3481 5714 aliquor
3532 5643 3598 5697 ad

2016 5746 2295 5802 Romanos
2351 5741 2788 5809 transeuntibus,
2848 5736 3122 5796 Asdrubal
3193 5734 3451 5808 opinione
3503 5749 3605 5790 sua
