4008 6250
344 318 452 381 725

1583 327 1782 390 ANNA
1797 332 1991 393 LIUM
2030 333 2173 397 LIB.
2221 336 2328 396 υἱ.

3484 347 3601 406 ’ἷξε

345 454 593 507 Ἄννωνα
626 458 755 524 περὶ
794 456 1116 512 Βενεϐεντὸν
1152 461 1546 533 ἀπαντήσαντα
1574 467 1624 520 οἱ
1660 468 1724 522 ὲκ
1751 470 1909 540 Βρετ‹

2019 449 2222 504 Fabius
2247 449 2603 522 Campaniam
2628 461 2683 509 et
2709 452 2994 509 Samnium
3028 455 3283 512 vastavit.
3312 456 3601 516 Marcellus

338 546 470 598 τίων
506 550 795 616 ἐτρέψατο.
834 549 1148 605 Κάντεῦθεν
1185 552 1413 623 προῖὼν,
1447 558 1539 610 τόν
1568 577 1625 612 τε
1668 559 1916 615 Ἀννίϐαν

337 639 751 705 παρεφύλαττε,
825 642 922 694 καὶ
967 643 1033 695 τὰ
1090 642 1200 698 τῶν
1253 649 1638 717 ἐῳεστηκότων
1671 653 1916 721 ἐπόρθει,

339 730 527 792 πόλεις
559 733 619 783 τὲ
653 748 806 797 τινας
840 735 1176 791 ἀνεσώσατο.
1210 739 1373 792 Αὐτοὶ
1395 741 1452 794 δὲ
1486 743 1535 794 οἱ
1564 741 1760 797 ὕπατοι
1785 747 1920 809 πρὸς

335 820 438 889 τὴν
470 823 801 890 Καμπανίαν
833 825 1154 895 ἐτράποντο,
1212 828 1280 881 ἵν’
1322 831 1493 899 αὐτὴν
1523 837 1919 905 χειρωσάμενοι

341 912 510 981 μηδὲν
552 915 785 966 κατόπιν
834 916 1098 986 πολέμιον
1130 920 1489 988 ὐπολίπωσιν,
1526 922 1670 978 οὕτω
1718 943 1777 977 τε
1827 927 1918 979 ἐπὶ

333 1006 429 1059 τὸν
478 1006 730 1060 ’Δννίϐαν
754 1011 1080 1080 χωρήσωσιν
1103 1031 1117 1044 ο
1151 1011 1270 1066 εἶτα
1303 1016 1690 1084 διαιρεθέντες,
1719 1019 1918 1082 Φάϐιος

339 1099 442 1168 μὲν
486 1101 554 1153 τά
592 1116 652 1153 τε
703 1103 952 1169 ἐκείνων,
986 1105 1054 1158 τά
1085 1123 1142 1159 τε
1180 1107 1273 1159 τοῦ
1304 1108 1541 1176 Σαμνίου
1580 1112 1876 1180 κατέτρεχε
1903 1128 1914 1141 ·

333 1191 662 1262 Μάρκελλος
697 1192 753 1246 δὲ
801 1195 883 1255 είς
916 1197 1019 1262 τὴν
1046 1196 1297 1251 Σικελίαν
1322 1200 1660 1270 ἐπεραιώθη,
1696 1202 1916 1266 καὶτὰς

333 1280 696 1350 Συρακούσας
730 1286 1065 1355 ἐπολιόρκει,
1111 1294 1585 1361 προσχωρησάσας
1617 1294 1715 1362 μὲν
1740 1294 1909 1364 αὐτῷ,

331 1367 432 1424 εἶτ’
479 1372 797 1438 ἀποστάσας
838 1376 976 1447 δόλῳ
997 1380 1160 1432 τινῶν
1196 1381 1301 1434 ὑπὸ
1348 1383 1579 1451 ψευδοῦς
1625 1385 1909 1453 ἀγγελίας,

331 1468 428 1517 καὶ
475 1465 543 1518 δι’
590 1466 877 1536 ἐλαχίστου
924 1470 1183 1536 ἂνσύτὰς
1219 1474 1575 1545 ἐχειρώσατο,
1621 1477 1717 1530 καὶ
1771 1479 1912 1532 κατὰ

329 1555 436 1623 γῆν
480 1558 572 1609 καὶ
611 1560 748 1612 κατὰ
789 1561 1066 1617 θάλασσαν
1100 1565 1217 1635 ἅμα
1247 1567 1572 1635 προσϐαλὼν
1597 1570 1676 1639 τῷ
1718 1572 1907 1640 τείχει,

327 1647 384 1697 εί
433 1649 509 1716 μὴ
627 1651 964 1723 Ἀρχιμήδης
998 1660 1264 1726 μηχαναῖς
1294 1660 1386 1712 ἐπὶ
1412 1660 1669 1714 πλεῖστον
1710 1663 1909 1725 αὐτοὺς

328 1739 591 1809 ἐποίησεν
646 1743 921 1829 ἀντισχεῖν
950 1763 963 1776 ·
1018 1748 1112 1800 καὶ
1155 1748 1335 1811 λίθους
1375 1752 1486 1821 γὰρ
1535 1753 1629 1805 καὶ
1683 1753 1909 1817 ὁπλίτας

329 1834 730 1903 μηχανήμασιν
777 1839 1061 1908 ἀπαρτῶν,
1105 1842 1289 1896 καθίει
1336 1862 1395 1896 τε
1442 1845 1775 1910 ἐξαπιναίως
1810 1848 1909 1901 αὐ-

2025 545 2081 600 in
2113 545 2355 601 Siciliam
2388 547 2687 618 profectus,
2731 549 3029 621 Syracusas
3058 551 3296 607 obsedit.
3323 553 3456 620 Qum
3477 570 3600 611 cum

2021 638 2361 694 deditionem
2401 640 2701 708 fecissent;
2738 642 2865 697 dolo
2907 644 3191 714 cujusdam
3227 655 3453 715 propter
3502 646 3603 700 fal—

2019 746 2139 787 sum
2174 736 2429 788 nuntium
2455 734 2639 790 denuo
2669 736 3032 807 defecerunt:
3066 754 3131 792 ac
3163 738 3253 802 iis,
3288 746 3433 794 terra
3482 754 3603 793 ma-

2018 824 2178 895 rique
2216 827 2417 882 moenia
2446 828 2693 893 adortus,
2737 828 2993 885 facillime
3035 831 3242 900 potitus
3278 839 3459 895 esset,
3494 830 3602 887 nisi

2020 918 2366 974 Archimedis
2396 921 2664 976 machinae
2685 921 3046 977 obstitissent.
3097 923 3233 979 Nam
3266 932 3323 978 et
3349 922 3562 991 lapides
3584 963 3600 987 ,

2017 1020 2074 1063 et
2103 1010 2311 1065 milites
2342 1010 2471 1068 inde
2503 1027 2824 1080 suspensos.
2863 1015 3049 1070 subito
3087 1024 3143 1069 et
3168 1014 3514 1078 demittebat,
3548 1023 3604 1068 et

2019 1107 2188 1175 paulo
2219 1117 2501 1162 momento
2541 1110 2875 1165 retrahebat.
2903 1111 3040 1165 Aliis
3073 1126 3294 1179 quoque
3330 1110 3602 1165 machinis

2014 1198 2269 1266 injectis,
2317 1214 2483 1254 naves
2524 1209 2579 1255 et
2626 1214 2809 1255 turres
2866 1203 3214 1258 attrahebat:
3249 1204 3381 1258 etin
3430 1205 3600 1257 altum

2014 1291 2243 1346 eductas
2305 1292 2490 1346 subito
2542 1292 2906 1356 demittebat,
2982 1303 3043 1347 ut
3127 1310 3252 1348 cum
3306 1295 3514 1363 impetu
3545 1295 3599 1348 in

2010 1396 2185 1446 aquas
2219 1381 2446 1450 relapsa:
2493 1392 2893 1452 mergerentur.
2923 1384 3171 1454 Denique
3205 1394 3371 1439 totam
3395 1385 3629 1450 Roma:

2011 1488 2209 1527 norum
2251 1473 2482 1528 classem
2529 1473 2854 1528 mirabiliter
2902 1477 3132 1530 exussit.
3177 1461 3600 1545 Speculo'enim

2010 1563 2246 1633 quodam
2295 1577 2489 1619 versus
2541 1563 2709 1619 solem
2754 1580 3054 1634 suspenso,
3108 1563 3293 1618 radios
3336 1564 3597 1632 excepit:

2009 1674 2249 1729 aereque
2283 1659 2355 1714 ob
2384 1659 2716 1715 densitatem
2749 1670 2807 1716 et
2852 1660 3133 1715 levitatem
3171 1658 3384 1727 speculi
3425 1673 3491 1711 ex
3528 1656 3600 1711 iis

2010 1754 2179 1808 radiis
2208 1754 2451 1815 incenso.
2502 1753 2704 1818 eﬂ‘ecit,
2750 1762 2808 1808 ut
2851 1755 3043 1824 ingens
3078 1752 3296 1807 ﬂamma
3343 1758 3492 1805 recta
3538 1747 3594 1801 in

2011 1860 2176 1900 naves
2205 1845 2353 1900 illata
2377 1860 2570 1900 omnes
2599 1862 2694 1900 eas
2722 1855 3014 1901 cremaret.
3058 1844 3348 1901 Marcellus
3403 1841 3596 1906 igitur.

325 1927 483 1988 τοὺς,
517 1930 613 1981 καὶ
649 1931 863 1985 ἀνέστια
893 1935 962 1987 δι’
989 1936 1193 2005 ὀλίγου.
1227 1939 1361 2003 Ταῖς
1384 1940 1440 1992 δὲ
1472 1949 1632 1994 ναυσι
1660 1944 1755 1996 καὶ
1787 1945 1909 2006 ταῖς

2014 1937 2085 1992 ob
2133 1937 2482 1993 Archimedis
2513 1938 2791 2007 ingenium
2829 1939 3239 2009 egpugnatione
3280 1936 3591 2005 desperata.

328 2020 704 2101 πυργοφόροις
731 2025 925 2093 ἑτέρας
959 2028 1323 2101 ὲπιρρίπτων,
1366 2033 1578 2085 ἀνεῖλκε
1611 2050 1671 2087 τε
1716 2035 1909 2101 αὐτὰς,

326 2110 427 2160 καὶ
480 2115 826 2184 μετεωρίζων
874 2118 1089 2188 ἁθρόως
1133 2120 1307 2190 ἠφίει,
1346 2122 1486 2177 ὥστε
1529 2125 1912 2194 ἐμπιπτούσας

320 2202 412 2263 είς
442 2202 503 2254 τὸ
530 2202 683 2275 ,ὕδωρ
718 2207 864 2279 ῥύμῃ
920 2209 1304 2281 βαπτίζεσθαι.
1344 2218 1453 2268 Καὶ
1498 2217 1650 2280 τέλος
1687 2216 1911 2287 σύμπαν

324 2292 389 2344 τὸ
418 2297 676 2351 ναυτικὸν
724 2300 832 2354 τῶν
869 2302 1160 2374 Ῥωμαίων
1202 2308 1522 2379 παραδόξως
1569 2310 1908 2381 κατέπρησε.

327 2384 653 2458 Κάτοπτρον
672 2391 778 2463 γάρ
811 2410 863 2447 τι
888 2396 1024 2464 προς
1054 2398 1146 2451 τον
1173 2398 1325 2469 ἥλιον
1369 2402 1705 2465 ἀνεκτείνας,
1736 2403 1835 2472 τήν
1852 2419 1913 2455 τε

324 2476 529 2531 ἀκτῖνα
585 2483 752 2535 αὑτοῦ
803 2488 860 2549 ἐς
918 2488 1052 2540 αὐτὸ
1107 2490 1435 2557 εἰσεδέξατο,
1488 2493 1583 2546 καὶ
1637 2493 1730 2546 τὸν
1772 2495 1912 2565 ἀέρα

324 2569 425 2622 ἀπ’
454 2571 630 2643 αὐτῆς
669 2578 731 2645 τῇ
793 2580 1088 2650 πυκνότητι
1144 2584 1241 2636 καὶ
1293 2587 1358 2651 τῇ
1411 2584 1650 2656 λειότητι
1680 2584 1776 2640 τοῦ
1808 2605 1909 2640 κα-

320 2656 568 2729 τόπτρου
605 2667 884 2736 πυρώσας,
918 2670 1092 2737 φλόγα
1126 2689 1187 2725 τε
1222 2673 1468 2744 μεγάλην
1509 2674 1791 2742 ἐξέκαυσε,
1812 2678 1906 2731 καὶ

323 2750 511 2803 πᾶσαν
551 2755 720 2827 αὐτὴν
764 2761 823 2821 ἐς
869 2762 968 2823 τὰς
995 2762 1127 2823 ναῦς
1169 2764 1272 2817 ὑπὸ
1306 2764 1404 2833 τὴν
1439 2763 1535 2818 τοῦ
1572 2767 1743 2835 πυρὸς
1787 2765 1906 2819 ὁδὸν

320 2841 608 2912 ὁρμούσας
657 2850 901 2913 ἐνέϐαλε,
952 2855 1047 2907 καὶ
1091 2854 1270 2917 πάσας
1315 2855 1680 2910 κατέκαυσεν.

2015 2029 2380 2085 diuturnitate
2408 2030 2712 2085 obsidionis
2738 2040 2793 2084 et
2826 2030 2968 2084 fame
3002 2029 3193 2084 urbem
3228 2027 3453 2082 domare
3480 2036 3596 2080 sta-

2019 2124 2128 2179 tuit
2150 2165 2162 2188 ,
2197 2138 2374 2194 eaque
2404 2122 2644 2180 Pulchro
2676 2125 2930 2177 mandata
2954 2162 2968 2184 ,
3008 2123 3124 2192 ipse
3168 2121 3233 2175 ad
3270 2117 3598 2174 deiectionis

2012 2230 2207 2272 eorum
2251 2216 2431 2270 socios
2473 2231 2532 2270 se
2572 2215 2843 2270 convertit
2878 2232 2891 2268 :
2938 2229 3002 2269 ac
3032 2212 3433 2284 pmnitcntibus
3461 2227 3594 2271 con-

2015 2322 2172 2364 cessa
2216 2307 2418 2371 venia,
2469 2304 2637 2379 5.25
2685 2306 3004 2362 resistentes
3055 2321 3249 2374 aspere
3306 2304 3596 2360 tractavit:

2016 2401 2216 2453 multas
2264 2398 2428 2453 urbes
2484 2399 2561 2457 vi.
2597 2396 2861 2465 quasdam
2894 2395 3207 2466 proditione
3243 2395 3406 2464 cepit.
3443 2394 3595 2448 inte-

2015 2491 2119 2544 rim
2157 2488 2393 2543 llimilco
2416 2486 2744 2558 Carthagine
2772 2503 2896 2543 cum
2927 2486 3171 2542 exercitu
3202 2485 3508 2555 profectus,
3543 2492 3598 2537 et

2013 2583 2312 2653 Agrigento
2358 2592 2415 2636 et
2475 2581 2737 2635 lleraclea
2791 2577 3113 2649 occupatis.
3173 2577 3238 2631 ad
3294 2575 3597 2648 Syracusas

2012 2687 2360 2742 progressus.
2393 2680 2449 2726 et
2473 2670 2649 2726 victus
2674 2679 2780 2736 cst,
2811 2680 2868 2726 et
2900 2670 3140 2725 vicissim
3168 2668 3301 2723 vicit
3327 2684 3340 2719 :
3377 2675 3431 2722 ct
3462 2665 3596 2720 sub-

2011 2765 2087 2818 ito
2117 2763 2356 2818 Marcelli
2388 2772 2724 2833 superventu
2757 2761 2940 2816 denuo
2964 2759 3276 2815 succubuit.

1768 2856 2071 2924 Ἀπογνοὺς
2123 2853 2216 2907 οὖν
2258 2857 2284 2906 ό
2351 2852 2670 2922 Μάρκελλος
2716 2852 2813 2917 τὴν
2881 2851 3034 2905 πόλιν
3106 2852 3359 2924 αἱρήσειν
3403 2850 3490 2903 διὰ
3535 2842 3597 2899 τδ

320 2939 423 2991 τοῦ
461 2939 823 3011 Ἀρχιμήδους
858 2947 1189 3018 εὐμήχανον,
1222 2949 1369 3019 λιμῷ
1431 2951 1629 3013 αὐτοὺς
1653 2952 1946 3019 κατασχεῖν
1984 2950 2050 3001 ἐκ
2097 2946 2421 3019 προσεδρίας
2494 2945 2846 3014 διεμελέτησε
2880 2962 2894 2975 '
2948 2945 3043 3001 xui.
3085 2943 3291 3008 ταύτας
3342 2947 3440 3014 μὲν
3514 2944 3591 3011 τῷ

329 3035 598 3106 Πούλχρῳ
622 3040 943 3109 ἐπέτρεψεν,
1008 3043 1168 3106 αὐτὸς
1198 3042 1242 3097 δ’
1281 3043 1374 3096 ἐπὶ
1403 3045 1530 3107 τοὺς
1563 3044 2006 3106 συναποστάντας
2049 3041 2233 3112 σφίσιν
2280 3040 2587 3111 ὲτράπετο’
2659 3039 2756 3091 καὶ
2818 3040 2929 3098 τοῖς
2999 3037 3099 3107 μὲν
3164 3036 3579 3107 γνωσιμαχοῢσι

327 3127 668 3197 συγγνώμην
702 3129 885 3199 ἔνεμε,
915 3132 1039 3193 τοὺς
1067 3133 1111 3186 δ’
1174 3134 1605 3205 ἀνθισταμένους
1677 3135 2082 3205 μετεχειρίζετο
2171 3131 2447 3204 χαλεπῶς,
2496 3129 2592 3184 καὶ
2633 3131 2833 3200 συχνὰς
2902 3128 3004 3198 μὲν
3044 3128 3151 3182 τῶν
3234 3128 3440 3182 πόλεων
3469 3126 3585 3199 βίᾳ,

324 3219 484 3281 τινας
517 3220 574 3273 δὲ
603 3222 695 3273 καὶ
723 3223 981 3293 προδοσία
1007 3225 1153 3296 ᾕρει.
1195 3228 1285 3281 Ἐν
1319 3228 1528 3290 τούτοις
1565 3229 1610 3281 δ’
1651 3228 1908 3299 Ἰμίλκων
1947 3230 2012 3281 ὲκ
2078 3225 2425 3296 Καρχηδόνος
2456 3224 2552 3278 σὺν
2618 3222 2830 3295 στρατῷ
2859 3217 2986 3295 ἧκε,
3018 3222 3110 3276 τδν
3149 3220 3497 3293 Ἀκράγαντα
3528 3237 3589 3272 τε

323 3316 586 3383 κατέσχε,
617 3316 711 3368 καὶ
742 3316 839 3386 τὴν
883 3316 1228 3388 Ἡράκλειαν,
1263 3323 1517 3393 καὶπρὸς
1540 3321 1892 3393 Συρακούσας
1933 3314 2126 3384 ἐλθὼν,
2192 3319 2400 3391 ἡττήθη
2424 3335 2484 3371 τε
2519 3318 2614 3371 καὶ
2637 3316 3096 3388 ἀντεπεκράτησε
3131 3331 3149 3351 ο
3181 3314 3276 3369 καὶ
3310 3313 3402 3367 τοῦ
3437 3314 3592 3383 Μαρι-

326 3408 526 3461 κὲλλου
569 3406 832 3479 ἐξαπίνης
885 3409 1036 3481 αὑτῷ
1081 3415 1530 3483 προσπεσόντος,
1590 3414 1747 3480 αὖθις
1800 3413 2054 3486 ἐνικήθη.

398 3525 476 3578 E'.
519 3525 799 3578 Ἐντεῦθεν
824 3527 851 3579 ὁ
877 3528 1198 3594 Μάρκελλος
1222 3532 1343 3592 ταῖς
1370 3532 1741 3600 Συρακούσαις
1770 3533 1903 3602 ἐφή-

2083 3530 2149 3583 ν.
2189 3528 2402 3583 Dehinc
2426 3528 2716 3584 Marcellus
2749 3526 3037 3599 Syracusis
3056 3524 3287 3591 assedit,
3321 3525 3592 3595 Annibale

324 3616 520 3682 δρευεν
547 3630 561 3644 ·
617 3617 644 3667 ό
690 3615 736 3665 δ’
779 3615 1026 3678 Ἀννίϐας
1059 3619 1116 3670 ὲν
1158 3621 1222 3689 τῇ
1272 3620 1562 3692 Καὶ-αϐρίᾳ
1610 3622 1901 3691 διέτριϐεν.

326 3709 391 3759 Οἱ
433 3704 617 3775 μέντοι
670 3705 934 3774 Ῥωμαῖοι
977 3709 1147 3762 πολλὰ
1194 3706 1350 3771 αὖθις
1392 3713 1487 3764 καὶ
1521 3712 1757 3781 δυσχερῆ
1810 3730 1906 3765 πε-

330 3799 595 3853 πόνθασιν
627 3815 641 3828 ο
676 3798 729 3851 οἴ
756 3817 813 3851 τε
835 3802 944 3872 γὰρ
980 3801 1176 3856 ὕπατοι
1218 3805 1356 3873 πρὸς
1385 3808 1450 3875 τῇ
1480 3807 1680 3876 Καπύῃ
1715 3805 1905 3863 ἔπται-

332 3912 456 3959 σαν,
490 3893 584 3946 καὶ
613 3894 640 3945 ὁ
672 3894 917 3966 Γράκχος
943 3897 999 3948 ὲν
1028 3899 1093 3965 τῇ
1127 3898 1406 3970 Λευκανίᾳ
1431 3898 1698 3966 ἀπώλετο,
1728 3902 1820 3953 καὶ
1855 3901 1905 3952 οἱ

327 3988 662 4056 Ταραντῖνοι
693 3989 785 4039 καὶ
807 3989 967 4041 ἄλλαι
991 3990 1176 4054 πόλεις
1203 3991 1520 4058 ἀπέστησαν
1555 4011 1567 4023 ·
1603 3994 1694 4046 καὶ
1718 3997 1744 4046 ὁ
1783 3995 1905 4047 ’Λν-

328 4080 508 4142 νίϐας,
532 4081 893 4149 κατεπτηχὼς
919 4082 1207 4153 πρότερον,
1232 4085 1289 4136 ὲν
1312 4086 1376 4154 τῇ
1396 4084 1593 4154 Ἰταλίᾳ
1616 4103 1673 4137 τε
1700 4085 1907 4153 ἔμεινε,

328 4174 424 4226 καὶ
468 4173 561 4225 ἐπὶ
591 4173 688 4241 τὴν
728 4173 953 4243 Ῥώμην
986 4176 1341 4256 ἐστράτευσε,
1381 4180 1477 4231 καὶ
1525 4180 1572 4231 oi
1604 4181 1908 4243 Σκιπίωνες

329 4263 781 4333 ἄμεᾳοδιώλοντο.
812 4265 1106 4336 Ἐπαρθεὶς
1127 4264 1219 4321 οὖν
1247 4269 1337 4321 ἐπὶ
1362 4271 1572 4334 τούτοις
1598 4274 1625 4325 ὁ
1661 4260 1909 4334 Ἀννίϐας

330 4353 659 4423 ἐπεχείρησε
688 4357 752 4423 τῇ
780 4354 982 4426 Καπύῃ
1008 4357 1297 4426 βοηθῆσαι,
1326 4363 1414 4412 καὶ
1445 4356 1578 4431 ἦλθε
1612 4362 1775 4432 μέχρι
1807 4362 1908 4414 Βε-

333 4443 612 4498 νεὸεντοῦ.
653 4444 757 4495 Τδν
803 4445 859 4498 δὲ
912 4447 1183 4502 Κλαύδιον
1232 4452 1312 4513 είς
1364 4452 1462 4516 τὴν
1506 4452 1813 4505 Λευκανίαν
1845 4455 1909 4506 ὲκ

328 4534 424 4587 τοῦ
446 4535 682 4602 Σαμνίου
729 4536 818 4589 διὰ
855 4538 948 4611 τὸν
978 4538 1072 4591 τοῦ
1104 4541 1356 4612 Γράκχου
1384 4543 1614 4597 θάνατον
1635 4545 1910 4614 ἀπεληλυ-

330 4620 483 4673 θέναι
513 4621 841 4691 πυθόμενος,
873 4627 967 4678 καὶ
996 4628 1252 4699 φοϐηθεὶς
1290 4632 1364 4701 μή
1421 4650 1542 4685 τινα
1569 4634 1740 4705 αὐτῆς
1774 4653 1907 4703 σφε-

330 4710 641 4780 τερὶσηται,
687 4713 873 4768 οὐκέτι
925 4719 1235 4788 περχιτέρω
1290 4722 1759 4794 προσεχώρησεν·
1821 4727 1911 4780 ἐπ’

332 4802 542 4856 ἐκεῖνον
587 4804 641 4856 δ’Δ
668 4807 958 4875 ἐτράπετο.
998 4807 1120 4862 Τῶν
1153 4798 1470 4867 Σκιπιώνων
1504 4815 1561 4869 δὲ
1614 4817 1901 4883 θανόντων,

333 4894 481 4945 πᾶσα
531 4896 563 4962 ἡ
622 4895 831 4964 Ἰϐηρία
867 4898 1192 4966 τετάρακτο.
1243 4902 1355 4955 Καὶ
1395 4904 1442 4955 οἱ
1500 4903 1598 4972 μὲν
1643 4907 1904 4967 ἑκουσίως

331 4982 468 5050 πρὸς
500 4983 630 5045 τοὺς
664 4986 1068 5055 Καρχηδονίους
1096 4989 1411 5053 ἀπέκλινον,
1457 4993 1505 5045 oi
1532 4993 1589 5046 δὲ
1613 4996 1707 5047 καὶ
1735 4995 1904 5063 ἁναγ·

332 5071 647 5140 καζόμενοι,
682 5077 730 5127 εί
779 5076 876 5128 καὶ
925 5076 1153 5147 ὓστερον
1194 5076 1349 5142 αὖθις
1415 5082 1552 5152 πρὸς
1601 5087 1727 5147 τοὺς
1768 5088 1907 5140 Ῥωο

335 5165 528 5232 μαίους
565 5166 890 5222 ἀπένευσαν.
938 5170 996 5223 '0
1045 5169 1103 5222 δὲ
1163 5171 1507 5243 Μάρκελλος,
1565 5176 1689 5229 ἐπεὶ
1738 5179 1907 5247 μηδὲν

332 5256 691 5326 προσϐάλλων
716 5261 839 5323 ταῖς
868 5261 1251 5333 Συρακούσαις
1274 5264 1556 5336 ἐπέραινε,
1581 5267 1823 5322 τοιοῦτόν
1850 5288 1903 5323 τι

331 5348 653 5419 ἐπενόησεν.
690 5345 800 5405 Ἦν
851 5370 905 5406 τι
949 5357 1063 5419 τοῖς
1111 5356 1503 5427 Συρακουσίοις
1552 5359 1646 5412 τοῦ
1691 5363 1909 5431 τείχους

330 5438 625 5511 ἐπίμαχον,
650 5440 680 5494 ὃ
712 5442 1034 5514 Γαλεάγραν
1056 5446 1367 5517 ὠνόμαζον,
1404 5449 1432 5502 ὃ
1461 5452 1589 5519 πρῖν
1620 5451 1720 5520 μὲν
1749 5453 1909 5506 ἑλάν-

312 5529 462 5583 νθανε
514 5533 760 5587 τοιοῦτον
809 5533 892 5601 ὃν,
929 5537 1053 5590 τότε
1091 5538 1149 5593 δὲ
1198 5540 1481 5612 ἐφωράθη.
1519 5530 1773 5613 Ίήρήσας
1813 5540 1907 5600 οὖν

331 5623 458 5686 τοὺς
490 5625 897 5697 Συρακουσίους
930 5632 1236 5703 παννυχίδα
1261 5635 1329 5705 τῇ
1369 5634 1647 5705 Ἀρτέμιδι
1676 5638 1910 5706 ἄγοντας

334 5716 634 5787 πανδημεὶ,
668 5719 924 5775 ἐκέλευσε
955 5723 1317 5794 στρατιώταις
1347 5728 1454 5780 τισὶ
1489 5729 1608 5782 κατ’
1644 5729 1821 5784 ἐκεῖνο
1848 5732 1908 5787 τὸ

2008 3621 2061 3674 in
2087 3620 2338 3675 Calabria
2372 3626 2632 3674 versante
2660 3634 2674 3671 :
2709 3617 2942 3673 Romani
2968 3625 3156 3679 autem
3175 3615 3364 3670 denuo
3393 3615 3592 3670 multas

2007 3712 2191 3768 clades
2224 3718 2581 3779 acceperunt.
2612 3708 2749 3764 Nam
2779 3716 2835 3763 et
2861 3723 3006 3763 coss.
3043 3707 3110 3763 ad
3140 3706 3385 3776 Capuam
3412 3706 3590 3773 impe-

2005 3813 2225 3877 gerunt,
2250 3815 2304 3860 et
2325 3804 2605 3860 Gracchus
2631 3803 2684 3856 in
2710 3801 2952 3856 Lucania
2992 3800 3179 3871 periit,
3211 3810 3269 3855 et
3297 3798 3585 3853 Tarentini

2007 3905 2172 3967 atque
2219 3897 2339 3951 aliae
2390 3895 2556 3950 urbes
2595 3895 2960 3949 defecerunt:
3005 3901 3063 3948 et
3108 3890 3343 3946 Annibal
3376 3889 3585 3945 dudum

2008 3990 2254 4050 territus.
2283 3990 2336 4043 in
2366 3988 2520 4042 Italia
2550 3987 2772 4049 mansit,
2797 3995 2854 4039 et
2881 3993 3072 4040 contra
3097 3984 3326 4038 Romam
3350 3990 3436 4037 est
3461 3998 3587 4052 pro-

2006 4082 2187 4137 fectus
2220 4099 2234 4135 :
2271 4089 2327 4136 et
2373 4080 2538 4133 ambo
2568 4078 2860 4147 Scipiones
2895 4077 3200 4146 perierunt.
3276 4073 3374 4129 llis
3416 4074 3586 4128 rebus

2007 4176 2187 4230 elatus
2214 4174 2448 4230 Annibal
2474 4214 2488 4233 .
2524 4187 2682 4243 opem
2720 4171 2863 4225 ferre
2885 4171 3084 4240 Capuae
3115 4176 3381 4231 statuens,
3413 4166 3586 4220 Bene—

2008 4278 2230 4323 ventum
2252 4281 2424 4336 usque
2442 4265 2724 4335 processit.
2752 4262 2857 4317 Sed
2882 4278 3006 4318 cum
3031 4259 3275 4316 audisset
3293 4257 3583 4314 Claudium

2008 4356 2082 4411 ob
2110 4356 2342 4411 Gracchi
2392 4363 2622 4410 mortem
2656 4370 2687 4408 e
2724 4352 2948 4407 Samnio
2976 4352 3030 4405 in
3052 4350 3352 4405 Lucanam
3402 4358 3587 4402 trans-

2007 4451 2141 4513 isse,
2170 4451 2382 4505 veritus
2440 4465 2507 4503 ne
2540 4464 2644 4518 qua
2695 4448 2806 4503 illic
2856 4447 2989 4521 loca
3036 4444 3324 4508 alienaret,
3378 4440 3586 4497 omisso

2010 4543 2232 4604 itinere,
2252 4550 2445 4596 contra
2475 4540 2626 4594 illum
2658 4538 3042 4595 seeonvertit.
3063 4535 3382 4606 Scipionum
3415 4534 3582 4596 inter-

2009 4634 2090 4688 itu
2155 4642 2265 4687 tota
2338 4631 2599 4702 Hispania
2664 4641 2745 4686 es‘
2792 4628 3010 4684 turbata
3055 4644 3070 4683 :
3127 4627 3221 4682 alii
3267 4627 3436 4690 ultro,
3495 4625 3585 4687 alii

2013 4724 2064 4778 vi
2091 4725 2291 4788 coacti,
2310 4738 2435 4778 cum
2470 4721 3021 4791 Carthaginiensibus
3050 4734 3110 4774 se
3134 4717 3548 4788 coniunxerunt
3570 4753 3583 4774 .

1984 4817 2106 4888 'qni
2138 4826 2262 4886 post
2284 4816 2352 4870 ad
2376 4816 2750 4869 Romanorum
2781 4813 3083 4868 amicitiam
3108 4812 3415 4868 redierunt.
3443 4809 3587 4863 Mar.

2008 4911 2181 4965 cellus
2215 4924 2340 4964 cum
2370 4908 2673 4979 Syracusas
2702 4907 3068 4977 Oppugnando
3103 4904 3239 4960 nihil
3275 4902 3586 4972 proﬁceret,

2013 5000 2327 5071 lmjusmodi
2374 5016 2489 5053 rem
2536 4999 2884 5054 machinatus
2929 5008 3036 5054 est.
3085 4997 3217 5052 Erat
3257 4991 3585 5064 Syracusani

2013 5090 2154 5144 muri
2179 5098 2309 5159 pars
2333 5103 2528 5159 [mrum
2558 5089 2735 5155 firma,
2756 5105 2919 5160 quam
2940 5087 3263 5156 Galeagram
3287 5081 3585 5139 vocabant:

2011 5181 2158 5252 quod
2197 5197 2323 5236 cum
2354 5182 2506 5251 prius
2538 5182 2848 5253 ignoratum
2881 5186 3027 5242 esset
3047 5219 3062 5243 ,
3098 5188 3212 5232 tum
3243 5174 3587 5230 animadver-

2013 5289 2134 5328 sum
2164 5280 2269 5329 cst.
2310 5273 2451 5329 Toto
2483 5273 2651 5344 igitur
2685 5272 3265 5343 populo‘Syracusano
3290 5267 3583 5322 nocturnis

2007 5363 2191 5420 Diana:
2220 5365 2395 5421 sacris
2436 5376 2738 5436 operante,
2772 5364 2978 5419 milites
3016 5362 3227 5431 aliquot
3261 5373 3480 5415 murum
3517 5359 3584 5413 il-

2008 5456 2119 5510 lum
2166 5457 2559 5512 transcendere
2611 5457 2798 5527 jussit.
2857 5454 2960 5522 Qui
2990 5470 3114 5509 cum
3152 5463 3342 5524 portas
3372 5454 3585 5526 aliquot

2004 5549 2387 5617 aperuissent,
2432 5559 2600 5621 atque
2633 5548 2726 5605 alii
2778 5564 3001 5620 quoque
3045 5550 3382 5610 intrassent.
3420 5551 3587 5606 simul

2006 5658 2216 5708 omnes,
2244 5654 2350 5699 tam
2372 5644 2468 5714 qui
2497 5647 2647 5699 intus
2670 5649 2832 5712 quam
2851 5644 2947 5712 qui
2975 5642 3113 5697 foris
3133 5652 3319 5707 erant,
3339 5659 3408 5697 ex
3431 5658 3577 5700 com-

2000 5735 2189 5804 posito
2215 5738 2507 5793 clamorem
2529 5734 2898 5806 sustulerunt,
2922 5738 3096 5794 hastis
3119 5738 3343 5812 clypeos
3356 5737 3570 5810 pulsan-
