4008 6250
462 338 572 405 727
1726 341 2056 404 JOANNIS
2090 339 2417 400 ZONARIE
3606 335 3711 399 738

462 473 566 523 tes,
581 466 638 515 et
658 457 887 514 classica
900 458 1242 514 cecinerunt.
1265 456 1479 524 Quibus
1497 458 1666 513 rebus
1681 457 2042 529 Syracusanis

2147 457 2347 530 χωρίον
2373 455 2677 527 ὑπερϐῆναι
2722 456 2781 509 τξ
2812 455 3011 527 τεῖχος.
3060 454 3180 509 Κάκ
3219 454 3416 509 τούτου
3461 451 3629 508 πύλαι
3656 458 3711 509 τέ

459 559 570 625 jam
591 553 719 607 vino
738 552 1019 623 gravibus,
1040 551 1226 606 subito
1253 551 1555 614 exterritis,
1578 551 1710 606 urbs
1743 561 1899 622 capta
1927 562 2033 617 est,

2145 568 2286 615 τινες
2331 550 2425 604 ὑπ’
2465 548 2647 603 αὐτῶν
2678 546 3055 619 ἀνεῴχθησαν,
3085 547 3181 600 καὶ
3224 544 3578 600 εἰσελθόντων
3620 550 3713 600 καὶ

467 655 666 716 praeter
716 643 1045 700 Acradinam
1098 653 1155 700 et
1210 645 1469 700 Insulam.
1525 644 1810 699 Marcellus
1853 653 2038 714 partes

2145 642 2378 713 ἐτέρων,
2434 640 2551 711 ἅμα
2618 641 2820 705 πάντες
2863 639 2971 694 ἀπὸ
3027 637 3281 707 σημείου,
3339 639 3436 691 καὶ
3499 638 3548 690 oi
3611 637 3716 692 εσω

463 750 652 808 captas
709 736 932 806 diripit,
982 735 1226 808 reliquas
1278 746 1671 807 oppugnatzet
1721 750 2035 806 quanquam

2145 737 2238 788 καὶ
2268 734 2317 786 οί
2349 734 2477 798 ἔξω,
2509 732 2845 803 συνεϐόησαν
2874 731 2968 786 καὶ
2997 733 3108 794 τοῖς
3138 729 3329 800 δόρασι
3355 728 3455 790 τάς
3481 728 3715 792 ἀσπίδας

467 845 591 882 eum
622 828 813 882 labore
850 836 907 882 et
940 826 1116 890 tarde,
1152 836 1332 881 tamen
1359 827 1525 897 capit.
1560 826 1773 893 Quibus
1808 826 2037 880 Romani

2145 824 2534 895 συνέκρουσαν,
2597 823 2690 876 καὶ
2750 823 2801 876 οἱ
2846 820 3181 890 σαλπιγκταὶ
3257 821 3712 890 προσεπήχησαν,

2143 920 2285 971 ὥστε
2320 916 2527 989 ἁθρόαν
2560 917 2662 989 τὴν
2708 915 2977 984 ἔκπληξιν
3020 916 3134 977 τοῖς
3168 911 3562 985 Συρακουσίοις
3596 912 3716 980 μηδ’

462 1012 739 1068 cidcrunt.
787 1013 922 1067 Nam
952 1028 1075 1067 cum
1110 1011 1337 1079 figuram
1374 1011 1665 1081 quamdam
1699 1010 2037 1074 delinearet,

2145 1010 2319 1073 ἄλλως
2348 1009 2408 1064 εὖ
2445 1010 2661 1081 ἔχουσιν
2698 1010 2803 1062 ὑπὸ
2837 1006 3009 1079 μέθης
3042 996 3344 1076 συμϐῆναι,
3369 1003 3464 1057 καὶ
3495 1003 3595 1073 τὴν
3626 1003 3720 1056 πό-

462 1113 519 1157 et
545 1102 734 1156 hostes
765 1101 960 1157 adesse
992 1101 1250 1157 audiret:
1286 1101 1492 1173 Caput,
1550 1102 1764 1172 inquit,
1818 1110 2038 1171 petant,

2145 1103 2225 1159 λιν
2248 1104 2473 1168 ἁλῶναι,
2514 1103 2655 1173 πλὴν
2684 1105 2783 1176 τῆς
2807 1102 3131 1172 ’Δχραδινῆς
3157 1100 3251 1154 καὶ
3281 1101 3380 1167 τῆς
3403 1098 3588 1167 Νήσου
3620 1115 3719 1149 κα-

466 1196 662 1249 lineam
696 1210 799 1249 non
824 1202 1043 1265 petant;
1068 1210 1131 1250 ac
1162 1195 1391 1250 militem
1415 1195 1527 1265 jam
1554 1205 1821 1250 astantem
1847 1208 2039 1265 parum

2145 1197 2432 1268 λουμένης.
2462 1196 2524 1249 Ὅ
2561 1195 2654 1250 οὖν
2694 1195 3011 1266 Μάρκελλος
3055 1193 3122 1247 τά
3155 1210 3215 1247 τε
3256 1191 3536 1245 ἑαλωκότα
3568 1190 3721 1260 διήρ-

465 1288 679 1343 curavit
699 1329 714 1353 ,
743 1288 811 1343 ab
838 1303 1036 1358 eoque,
1066 1287 1210 1358 quod
1239 1303 1267 1341 a
1310 1287 1456 1341 linea
1481 1284 1765 1343 discedere
1785 1286 2041 1357 jussisset

2147 1306 2289 1345 πασε
2328 1290 2557 1352 καὶτοῖς
2606 1287 2681 1360 μὴ
2719 1287 2908 1341 ἁλοῦσι
2938 1285 3266 1357 προσέϐαλε,
3300 1284 3396 1338 καὶ
3431 1283 3530 1338 σὺν
3578 1283 3724 1351 πόνῳ

465 1381 630 1452 irato,
648 1394 823 1434 caesus
851 1388 955 1434 est.
976 1378 1280 1443 Marcellus,
1298 1378 1583 1450 Syracusis
1611 1376 1959 1448 expugnatis,
1986 1384 2042 1431 ct

2149 1385 2248 1453 μὲν
2271 1384 2363 1437 καὶ
2389 1381 2589 1453 χρόνῳ,
2622 1383 2774 1451 ὅμως
2801 1380 2847 1434 δ’
2877 1378 2971 1433 οὖν
2994 1381 3091 1435 καὶ
3120 1378 3232 1434 τῶν
3264 1377 3469 1432 λοιπῶν
3499 1376 3601 1446 τῆς
3626 1377 3725 1428 Συ-

468 1487 659 1543 magna
706 1471 871 1543 426
916 1470 1115 1526 Sicilia:
1172 1481 1323 1540 parte
1383 1481 1741 1541 recuperata,
1794 1483 2042 1539 magnam

2150 1472 2424 1543 ρακούσης
2464 1472 2790 1543 ἐκράτησεν.
2834 1471 3155 1542 Ἐγκρατεῐς
3183 1470 3240 1523 δὲ
3268 1468 3473 1523 τούτων
3507 1469 3556 1521 οἱ
3592 1468 3705 1520 Ῥω

468 1563 683 1618 tandem
712 1570 999 1618 assecutus
1019 1571 1123 1627 est,
1142 1570 1197 1616 et
1228 1577 1341 1617 cos.
1365 1561 1703 1631 designatus.
1731 1560 1865 1615 Nam
1903 1559 2042 1613 Tor-

2150 1565 2299 1633 μαϊοι
2331 1563 2619 1632 γενόμενοι
2650 1562 2847 1625 ἄλλους
2875 1578 2937 1615 τε
2973 1560 3226 1624 πολλοὺς,
3269 1560 3365 1614 καὶ
3403 1560 3496 1612 τὸν
3542 1560 3730 1629 ’Δρχι-

469 1659 698 1718 quntum
756 1651 834 1706 illi
879 1652 1127 1721 quidem,
1159 1652 1254 1706 filii
1283 1652 1367 1707 sui
1401 1649 1837 1712 interfectorem,
1865 1649 2042 1719 elege-

2151 1656 2327 1726 μήδην
2364 1655 2720 1708 ἀπέκτειναν.
2764 1654 3101 1725 Διάγραμμα
3130 1653 3241 1722 γάρ
3281 1670 3334 1705 τι
3382 1650 3734 1722 διαγράφων,

472 1753 596 1797 rant
620 1761 633 1798 :
660 1744 754 1799 sed
776 1759 902 1800 eum
929 1745 1021 1801 ille
1046 1746 1569 1814 recusasset(neque
1593 1744 1741 1798 enim
1771 1758 1830 1797 se
1857 1743 2042 1814 populi

2148 1747 2244 1799 καὶ
2270 1746 2514 1809 ἀκούσας
2544 1746 2672 1806 τοὺς
2715 1746 3013 1816 πολεμίους
3054 1744 3403 1815 ἐφίστασθαι,
3442 1744 3607 1810 Παρὰ
3632 1758 3725 1796 κε-

474 1850 676 1901 mores,
697 1851 876 1906 neque
894 1838 1347 1908 populumipsius
1366 1837 1658 1907 imperium
1687 1836 1798 1904 pati
1840 1835 2042 1906 posse).

2154 1835 2378 1905 φαλὰν,
2417 1837 2546 1905 ἐφη,
2589 1838 2687 1891 καὶ
2720 1834 2807 1907 μὴ
2857 1837 3014 1907 παρὰ
3037 1837 3334 1906 τραμιιάν.
3377 1836 3732 1897 Ἐπιστάντος

469 1925 785 1981 Marcellum
809 1938 867 1984 et
896 1929 1165 1984 Valerium
1193 1929 1479 1984 Lavinium
1512 1943 1655 1984 coss.
1687 1937 1967 1983 crearunt.

2154 1926 2211 1981 δέ
2242 1927 2393 1999 αὐτῷ
2425 1928 2713 1999 πολεμίου,
2753 1928 2928 2002 βραχύ
2950 1945 3012 1982 τε
3048 1929 3359 1997 ἐφρόντισε,
3393 1928 3491 1982 καὶ
3532 1924 3730 1987 εἰπὼν,

481 2019 801 2090 ’Δπόστηθι,
835 2020 1116 2094 ἄνθρωπε,
1149 2022 1257 2075 ἀπὸ
1290 2023 1391 2092 τῆς
1424 2022 1714 2093 γραμμῆς,
1747 2019 2039 2091 παρώξυνέ
2074 2036 2135 2073 τε
2163 2018 2351 2085 αὐτὸν,
2379 2019 2477 2074 καὶ
2544 2020 2854 2091 κατεκόπη.
2901 2020 2962 2074 ’0
2995 2018 3094 2091 μὶν
3116 2014 3212 2073 οὖν
3269 2017 3594 2088 Μάρκελλος
3626 2018 3728 2079 τὰς

470 2114 823 2184 Συρακούσας
844 2115 1001 2181 ἐλὼν,
1036 2118 1129 2170 καὶ
1164 2117 1262 2187 τῆς
1290 2116 1459 2187 ἄλλης
1494 2115 1746 2179 Σικελίας
1769 2113 1839 2169 τά
1896 2114 2071 2169 πλείω
2108 2115 2619 2187 προσαγαγόμενος,
2667 2115 2763 2169 καὶ
2802 2117 3062 2188 ἐπῃνεῖτο
3103 2114 3378 2185 μεγάλως,
3427 2113 3525 2168 καὶ
3587 2112 3729 2167 ὕπα-

473 2225 559 2270 τος
620 2208 995 2265 ἀποδέδεικτο.
1076 2210 1449 2281 Προεϐάλοντο
1504 2212 1603 2281 μὲν
1661 2209 1772 2280 γάρ
1818 2208 1912 2262 τὸν
1953 2209 2353 2278 Τουρκουάτον,
2431 2210 2491 2274 ὅς
2545 2225 2677 2263 ποτε
2725 2210 2822 2264 τὸν
2909 2211 3025 2265 υἱον
3079 2209 3439 2263 ἀπέκτεινεν
3501 2207 3629 2262 ἐπεὶ
3673 2208 3733 2262 δέ

469 2304 678 2369 ικείνος
709 2302 1044 2373 ἀπηνῄνατο,
1078 2304 1247 2356 είπὼν
1281 2303 1356 2366 ὡς
1404 2301 1533 2357 Οὖτ⁹
1571 2303 1668 2357 ἐὰν
1698 2300 1810 2369 ἐγὼ
1847 2302 1917 2356 τά
1982 2300 2222 2371 ὑμέτερα
2285 2302 2686 2373 ἁμαρτήματα,
2733 2301 2847 2356 οὔτ’
2888 2302 2956 2357 ἀν
3025 2304 3185 2374 ὑμεῖς
3221 2301 3322 2373 τὴν
3381 2301 3526 2373 ἐμὴν
3574 2304 3741 2374 ἀκρί-

469 2394 624 2447 ϐειαν
667 2395 971 2464 ἐνέγκοιτε,
1004 2396 1096 2449 τὸν
1124 2395 1445 2466 Μάρκελλον
1485 2396 1581 2449 καὶ
1630 2396 1916 2449 Λαουΐνιον
1951 2393 2043 2447 τὸν
2083 2393 2383 2464 Οὐαλέριον
2415 2395 2857 2466 ἐχειροτόνησαν.

541 2490 633 2545 Vl.
696 2488 953 2543 Marcello
977 2505 1046 2544 ex
1077 2487 1265 2544 Sicilia
1309 2488 1559 2559 digresso
1586 2528 1602 2551 ,
1644 2488 1832 2559 copias
1877 2502 2042 2557 eque-

2228 2489 2321 2556 ς’.
2372 2486 2728 2553 ’Δπελθόντος
2771 2489 2829 2542 δὲ
2863 2488 2959 2543 τοῦ
3000 2488 3323 2560 Μαρκέλλου
3364 2489 3429 2543 ἐκ
3466 2489 3741 2553 Σικελίας,

469 2591 613 2636 stres
640 2580 695 2635 in
727 2596 848 2637 eam
872 2582 1026 2635 misit
1053 2580 1311 2643 Annibal,
1335 2581 1536 2636 misere
1558 2578 2042 2650 ctCarthaginien-

2154 2580 2390 2651 δύναμιν
2423 2581 2637 2634 ίππέων
2668 2582 2725 2645 ἐς
2753 2581 2924 2651 αὐτὴν
2955 2583 2983 2635 ό
3019 2582 3273 2645 ’Δννίϐας
3305 2581 3621 2646 ἀπέστειλε,
3650 2592 3744 2635 και

469 2687 596 2727 ses:
624 2681 681 2728 et
733 2670 938 2742 praeliis
980 2672 1193 2741 aliquot
1223 2671 1494 2736 victores,
1521 2670 1787 2737 civitates
1829 2683 2042 2739 quoque

2159 2672 2357 2744 ἑτέραν
2384 2675 2436 2726 oi
2481 2673 2846 2744 Καρχηδόνιοι
2892 2673 3172 2744 ἔπεμψαν,
3216 2672 3315 2727 καὶ
3362 2672 3567 2745 μάχαις
3597 2673 3745 2725 τισὶν

471 2766 838 2835 subegerunt,
870 2780 935 2820 ac
972 2763 1028 2819 ni
1061 2764 1354 2820 Cornelius
1402 2764 1681 2819 Dolabella
1721 2772 1923 2833 praetor
1956 2775 2042 2815 su-

2159 2766 2420 2836 ἐνίκησαν
2449 2767 2543 2820 καὶ
2575 2766 2757 2831 πόλεις
2801 2766 3277 2837 προσεποιήσαντο
3303 2780 3320 2796 ο
3368 2765 3464 2818 καὶ
3493 2766 3548 2819 ετ
3569 2781 3633 2833 γε
3667 2766 3743 2836 μὴ

469 2856 828 2925 pervenisset,
855 2865 1022 2911 totam
1052 2856 1291 2910 Siciliam
1315 2854 1683 2924 subegissem.
1703 2852 1842 2907 Tum
1864 2852 2042 2921 Capua

2160 2859 2459 2931 Κορνήλιος
2496 2859 2824 2923 Δολοϐέλλας
2855 2857 3164 2929 στρατηγὸς
3189 2856 3518 2926 ἐπελήλυθε,
3557 2860 3746 2911 πᾶσαν

468 2965 688 3019 quoque
743 2965 772 3003 a
829 2950 1094 3005 Romanis
1153 2959 1310 3020 capta
1367 2958 1831 3019 estzquanquam
1876 2947 2042 3001 Anni-

2155 2952 2256 3023 τὴν
2282 2950 2537 3005 Σικελίαν
2566 2950 2936 3023 ἐχειρώσαντο
2968 2951 3054 3005 ἄν.
3088 2951 3197 3003 Καὶ
3221 2952 3255 3021 ἡ
3301 2950 3503 3019 Καπύη
3531 2949 3590 3002 δὲ
3620 2950 3742 3002 τότε

471 3044 593 3097 bale
624 3059 720 3112 per
751 3042 967 3098 Latium
1000 3044 1229 3098 Romam
1263 3046 1453 3105 eunte,
1488 3051 1547 3095 ut
1574 3056 1672 3096 eos
1703 3041 1771 3094 ab
1804 3041 1926 3109 ejus
1954 3056 2042 3093 ur-

2155 3043 2300 3097 ἐάλω
2332 3042 2484 3115 παρὰ
2531 3043 2841 3113 Ῥωμαίων,
2890 3042 3069 3097 καίτοι
3108 3041 3203 3095 τοῦ
3262 3040 3507 3095 ’Δννίϐου
3540 3041 3601 3105 ἐς
3642 3041 3741 3109 τὴν

466 920 643 991 pot-ili.
678 929 877 989 prater
903 919 1043 974 alios
1071 920 1296 983 multos,
1325 918 1489 974 etiam
1522 917 1909 973 Archimedem
1941 931 2036 971 oc-

470 3137 555 3189 bis
582 3136 870 3191 obsidione
899 3137 1212 3206 repelleret,
1256 3144 1313 3190 et
1345 3149 1519 3205 usque
1549 3132 1615 3187 ad
1648 3133 1893 3187 Tiberim
1923 3147 2042 3201 pro-

2165 3134 2390 3205 Ῥώμην
2436 3137 2783 3207 ὁρμήσαντος
2821 3135 2887 3189 ἶν’
2920 3135 3028 3188 ἀπὸ
3059 3134 3159 3201 τῆς
3194 3133 3430 3202 Καπύης
3470 3133 3601 3195 τοὺς
3641 3147 3742 3184 πο-

464 3242 692 3298 gresso,
726 3235 783 3281 et
812 3226 1194 3281 suburbanum
1250 3240 1438 3295 agrum
1487 3234 1759 3279 vastante.
1814 3221 2042 3278 Romani

2151 3229 2504 3301 λιορκοῦντας
2549 3228 2723 3296 αὐτὴν
2778 3228 2987 3298 ἀπάξῃ,
3046 3228 3142 3280 καὶ
3191 3226 3281 3280 διὰ
3332 3226 3439 3279 τῶν
3485 3225 3738 3279 Λατίνων

468 3330 678 3381 autem,
718 3319 973 3389 quamvis
1020 3318 1234 3379 territi,
1268 3327 1452 3372 tamen
1494 3317 1728 3371 alterum
1764 3314 2046 3370 consulem

470 3425 694 3465 manere
709 3411 1173 3479 (Zapuaa,alterum
1196 3410 1396 3465 Urbem
1422 3408 1719 3464 defendere
1741 3409 2043 3479 jusserunt.
2071 3419 2078 3425 '

465 3499 546 3556 Ac
560 3500 822 3560 Claudius
839 3500 1040 3572 Capua:
1061 3502 1263 3557 mansit
1286 3501 1508 3573 (vulnus
1529 3500 1681 3555 enim
1701 3500 2039 3570 acceperat),

470 3593 695 3649 Flaccus
724 3596 950 3650 Romam
989 3595 1329 3666 properavit.
1357 3594 1629 3651 Caeterum
1651 3594 1924 3649 Annibale
1952 3609 2047 3648 ex-

467 3685 756 3741 cttrsiones
799 3687 1035 3743 subinde
1077 3687 1133 3742 in
1189 3687 1367 3743 oculis
1416 3686 1620 3742 civium
1671 3686 1941 3750 faciente,
1989 3693 2046 3738 et

466 3775 641 3831 multa
679 3776 925 3833 crudelia
959 3777 1204 3834 facinora
1228 3779 1453 3843 edente,
1478 3778 1588 3833 alio
1628 3787 1881 3848 tempore
1910 3778 2046 3833 satis

468 3868 782 3925 habuerunt
822 3869 995 3939 ipsam
1043 3871 1239 3926 urbem
1291 3872 1455 3926 tueri.
1508 3870 1615 3927 Sed
1667 3887 1794 3926 cum
1849 3871 2042 3926 eodem

469 3971 719 4032 tempore
740 3971 798 4019 ct
821 3965 875 4018 in
900 3964 1103 4020 mania
1129 3978 1181 4018 et
1214 3964 1270 4019 in
1298 3974 1479 4020 castra
1504 3965 1770 4034 impetum
1796 3963 2045 4018 facturus

468 4065 633 4120 rsset,
659 4056 780 4112 alea
803 4056 965 4124 iacta,
993 4068 1050 4111 ut
1077 4058 1257 4123 aiunt,
1284 4067 1669 4113 excurrerunt.
1693 4056 1830 4113 Cum
1856 4066 2041 4111 autem

457 4148 570 4218 jam
599 4149 821 4204 eminus
851 4149 1183 4205 dimicarent
1208 4191 1222 4215 ,
1257 4150 1525 4207 serenitas
1566 4150 1622 4205 in
1652 4159 2040 4222 tempestatem

464 4242 742 4312 ingentem
771 4257 896 4298 cum
922 4244 1144 4299 turbine
1173 4245 1431 4308 maximo,
1459 4244 1777 4310 tonitribus,
1818 4244 2043 4316 grandi-

466 4343 536 4382 ne
567 4337 623 4382 et
657 4327 966 4398 fulguribus
999 4338 1083 4383 est
1114 4345 1417 4384 conversa:
1456 4337 1515 4383 nt
1549 4330 1712 4384 ambo
1740 4329 2040 4395 exercitus,

466 4419 616 4473 velut
639 4437 708 4476 ex
749 4421 1083 4490 composito,
1109 4421 1309 4491 cupide
1338 4438 1404 4478 eo
1427 4421 1745 4493 refugerent
1778 4422 1922 4478 unde
1950 4438 2044 4477 ve-

2151 3322 2446 3384 ἐλάσαντος
2484 3321 2578 3374 καὶ
2624 3320 2763 3390 πρὸς
2796 3322 2891 3373 τὸν
2925 3319 3154 3391 Τίϐεριν
3184 3318 3430 3379 ἐλθόντος
3465 3320 3563 3371 καὶ
3599 3336 3738 3388 πορ-

2152 3413 2372 3476 θοῦντος
2410 3412 2481 3466 τά
2523 3412 2631 3483 πρὸ
2664 3410 2760 3465 τοῦ
2791 3411 3009 3475 ἄστεος.
3061 3413 3124 3464 Oi
3177 3409 3287 3480 γάρ
3336 3410 3395 3462 ἐν
3432 3412 3497 3480 τῇ
3548 3408 3739 3480 Ῥώμῃ

2149 3503 2500 3574 ἐφοϐήθησαν
2548 3501 2671 3571 μὲν,
2725 3500 3066 3571 ἐψηφίσαντο
3124 3500 3182 3554 δὲ
3243 3499 3335 3553 τον
3384 3499 3575 3570 ἕτερον
3630 3500 3739 3551 τῶν

2149 3596 2372 3651 ὑπάτων
2407 3598 2464 3649 ἐν
2492 3595 2695 3666 Καπύη
2730 3597 2936 3665 μεῖναι,
2970 3594 3063 3647 τὸν
3094 3594 3139 3647 δ’
3166 3594 3355 3664 ἕτερον
3380 3593 3568 3657 αὒτοῖς
3595 3594 3733 3647 ἐπα-

2152 3688 2338 3759 μῦναι.
2371 3689 2482 3745 Καὶ⁵
2515 3688 2784 3751 Κλαύδιος
2817 3686 2917 3757 μὲν
2956 3687 3015 3741 ἐν
3063 3689 3127 3757 τῇ
3168 3685 3373 3756 Καπύῃ
3402 3686 3734 3756 κατέμεινεν

2149 3783 2439 3853 (ἐτέτρωτο
2461 3780 2615 3854 γὰρ),
2647 3780 2891 3844 Φλάκκος
2917 3781 2973 3833 δέ
2999 3779 3133 3851 πρὸς
3161 3781 3259 3848 τὴν
3317 3778 3534 3850 Ῥώμην
3576 3780 3730 3849 ἠπεί·

2146 3873 2273 3944 χθη.
2333 3873 2440 3926 Τοῦ
2477 3873 2521 3927 δ’
2575 3873 2822 3926 Ἀννίϐου
2869 3873 2969 3937 τάς
3002 3890 3061 3927 τε
3116 3873 3485 3943 καταδρομὰς,
3513 3874 3572 3926 ἐν
3619 3875 3731 3935 τοῖς

2145 3966 2450 4036 ὀφθαλμοῖς
2491 3965 2673 4020 αὐτῶν
2713 3965 2801 4021 ἀεὶ
2834 3966 3167 4036 ποιουμένου
3215 3966 3312 4020 καὶ
3361 3966 3533 4020 πολλά
3578 3966 3732 4019 δεινά

2145 4060 2401 4129 δρῶντος,
2424 4057 2516 4111 τὸν
2541 4057 2641 4127 μὲν
2664 4056 2824 4110 ἀλλον
2852 4057 3043 4129 χρόνον
3065 4057 3295 4127 ἠγάπων
3321 4058 3375 4110 εί
3393 4058 3461 4111 τά
3487 4074 3549 4121 γε
3578 4058 3730 4121 ἐντὸς

2147 4151 2254 4204 τῶν
2287 4150 2485 4220 τειχῶν
2523 4149 2944 4220 περισώσαιντο.
3014 4149 3171 4203 Ἐπεὶ
3214 4150 3273 4203 δὲ
3319 4151 3415 4203 καί
3458 4152 3524 4221 τῇ
3573 4151 3730 4203 πόλει

2146 4246 2242 4299 καὶ
2300 4246 2415 4309 τοῖς
2471 4244 2861 4316 στρατοπέδοις
2911 4244 3028 4315 ἄμα
3086 4243 3421 4315 προσϐαλεῖν
3475 4244 3724 4313 ἔμελλεν.

2147 4337 2540 4411 ἀνεῤῥίψαντο,
2565 4339 2627 4390 τὸ
2656 4339 2751 4391 τοῦ
2782 4337 2967 4406 λόγου,
2996 4336 3188 4398 κύϐον,
3219 4340 3309 4391 καὶ
3331 4336 3725 4407 ἐπεξέδραμον.

2147 4432 2258 4486 Καὶ
2286 4430 2797 4501 ἀκροϐολιζομένων
2829 4431 2928 4501 ἥδη
2959 4429 3169 4500 χειμὼν
3214 4430 3274 4496 ἐξ
3310 4429 3528 4499 αἰθρίας
3574 4429 3723 4496 ἐξαί-

467 4520 682 4567 nerant.
726 4511 828 4567 Vix
858 4528 1011 4568 arma
1040 4524 1362 4583 posuerant,
1386 4530 1511 4570 cum
1547 4515 1818 4571 serenitas
1858 4514 2040 4571 rediit.

2149 4541 2263 4589 σιος
2301 4523 2595 4593 ἐπεγένετο
2628 4522 2768 4593 μετά
2799 4522 3113 4594 πνεύματος
3143 4522 3447 4594 ἀμηχάνου,
3483 4521 3724 4593 βροντῶν

464 4603 703 4658 Annibal
725 4604 974 4672 quamvis
995 4605 1107 4670 illa,
1130 4605 1304 4675 ipsius
1329 4607 1617 4662 conﬂictus
1641 4616 1909 4676 tempore,
1931 4622 2041 4661 non

466 4697 586 4752 sine
616 4698 844 4752 numine
870 4698 1137 4755 accidisse
1172 4700 1424 4765 rebatur,
1451 4709 1633 4755 tamen
1660 4702 1729 4755 ab
1753 4699 2043 4755 obsidione

465 4807 573 4846 non
607 4791 852 4849 destitit:
880 4793 974 4848 sed
1004 4808 1130 4848 cum
1159 4793 1341 4849 denuo
1364 4794 1659 4865 confligere
1688 4794 2040 4858 instituisset,

461 4885 766 4957 eademque
807 4887 1156 4953 acciderent,
1191 4888 1517 4958 pertimuit:
1548 4889 1714 4944 etiam
1746 4904 1813 4945 eo
1851 4889 2042 4945 obstu-

464 4978 745 5045 pefactus,
791 4979 938 5049 quod
972 4981 1206 5035 Romani
1250 4981 1305 5034 in
1353 4989 1506 5036 tanto
1545 4981 1865 5037 discrimine
1903 4997 2039 5037 con-

464 5071 665 5137 stituti,
704 5087 884 5141 neque
917 5072 1160 5143 Capuam
1191 5075 1604 5145 relinquerent,
1642 5084 1701 5132 et
1748 5084 2039 5146 praetorem

462 5177 591 5218 cum
616 5164 888 5220 militibus
911 5168 964 5220 in
992 5167 1309 5237 Hispaniam
1334 5168 1555 5223 missuri
1578 5176 1799 5224 essent:
1822 5171 2037 5237 etquod

464 5255 697 5323 pecunia
728 5267 988 5328 egentes,
1038 5271 1235 5327 praeter
1283 5259 1425 5325 alia,
1477 5260 1608 5315 illud
1659 5260 1827 5317 etiam
1861 5262 2038 5315 solum

463 5348 672 5418 publici
694 5353 833 5423 agri,
868 5353 921 5406 in
954 5368 1064 5420 quo
1095 5364 1278 5408 castra
1310 5353 1585 5418 habebat,
1626 5355 2037 5421 vendidissent;

461 5441 863 5514 desperataque
884 5447 1287 5515 expugnatione
1314 5446 1563 5511 recessit,
1594 5446 1830 5503 subinde
1857 5447 2039 5503 excta-é

467 5549 643 5600 mans,
660 5535 705 5591 0
719 5537 923 5594 Canna:
939 5541 960 5594 !
982 5541 1182 5596 Canna:
1202 5544 1302 5598 !ac
1325 5558 1393 5599 ne
1412 5542 1611 5613 Capuae
1629 5543 1853 5614 quidem
1878 5559 2038 5614 opem

462 5626 700 5697 amplius
726 5628 871 5686 ferre
913 5634 1108 5690 voluit.
1134 5635 1378 5705 Capuani
1412 5651 1582 5702 vero,
1614 5652 1925 5708 quanquam
1969 5637 2039 5691 ad

464 5734 713 5777 summas
753 5725 1035 5795 angustias
1067 5726 1231 5800 42⁸1
1267 5729 1499 5788 redacti.
1521 5737 1704 5784 tamen
1743 5730 2037 5800 desperata

464 5812 621 5867 venia
646 5814 994 5885 restiterunt,
1015 5819 1221 5874 auxilio
1246 5819 1541 5885 Annibalis
1570 5838 1668 5892 per
1696 5824 1910 5879 litteras
1936 5825 2039 5879 im-

2144 4632 2205 4670 τε
2237 4616 2329 4671 καὶ
2359 4615 2604 4686 χαλάζης
2634 4615 2729 4669 καὶ
2753 4614 3077 4685 ἀστραπῶν,
3100 4614 3177 4676 ὼς
3213 4614 3385 4684 ἄμφω
3421 4612 3723 4683 ἀγαπητῶς

2144 4707 2221 4772 ὡς
2251 4710 2316 4761 ἐκ
2347 4707 2693 4778 συνθήματος
2724 4709 3023 4778 ἀναφυγεῖν
3045 4706 3169 4760 ὅθεν
3189 4706 3481 4777 ὥρμησαν,
3507 4707 3636 4776 ἄρτι
3663 4723 3722 4759 τε

2144 4801 2213 4854 τά
2245 4800 2385 4854 ὅπλα
2429 4800 2798 4864 κατετίθεντο,
2845 4799 2939 4852 καὶ
2973 4797 3164 4870 αίθρία
3210 4799 3449 4866 ἐγένετο.
3496 4799 3557 4851 Ὀ
3591 4797 3722 4866 γοῦν

2157 4893 2431 4956 ’Δννίϐας,
2484 4893 2661 4946 καίτοι
2700 4893 2798 4945 οὐκ
2838 4891 2991 4945 ἀθεεὶ
3033 4891 3395 4961 λογισάμενος
3434 4891 3590 4959 ποιρά
3631 4890 3719 4942 τὸν

2143 4989 2242 5057 τῆς
2270 4986 2491 5039 συνόδου
2523 4984 2714 5056 καιρὸν
2750 4984 3136 5054 συνενεχθῆναι
3156 4984 3225 5036 τά
3248 4984 3538 5052 γεγονότα,
3570 4983 3716 5053 ὅμως

2143 5079 2243 5133 οὐκ
2279 5078 2492 5148 ἀπέστη
2535 5077 2635 5146 τῆς
2678 5076 3021 5147 πολιορκίας,
3056 5075 3192 5128 ἀλλά
3240 5076 3335 5128 καὶ
3378 5074 3535 5138 αὖθις
3585 5077 3715 5145 μετὰ

2143 5169 2303 5224 τοῦτο
2342 5169 2640 5239 συμϐαλεῖν
2683 5170 3065 5239 ἐπεχείρησεν.
3125 5168 3215 5231 Ὠς
3260 5167 3321 5220 δὲ
3361 5166 3457 5219 καὶ
3497 5167 3622 5219 τότε
3652 5164 3713 5217 1'1

2143 5261 2284 5315 αύτά
2316 5261 2539 5329 συνέϐη.
2569 5262 2852 5315 κατέδεισε
2881 5277 2896 5291 ο
2937 5260 3034 5314 καὶ
3066 5257 3510 5330 προσεκπλαγεὶς
3536 5259 3620 5311 ὅτι
3659 5259 3713 5309 ἐν

2141 5356 2444 5427 τηλικούτῳ
2472 5356 2702 5425 κινδύνῳ
2729 5355 2902 5419 ὄντες,
2934 5353 3057 5408 οὔτε
3090 5356 3185 5423 τῆς
3219 5352 3451 5424 Καπύης
3475 5351 3710 5417 ἀπέστη-

2145 5468 2265 5514 σαν,
2298 5452 2395 5504 καλ⁸
2424 5453 2482 5514 ἐς
2512 5451 2612 5518 τὴν
2658 5450 2768 5519 ’ίϐη
2780 5449 2903 5519 ρίαν
2932 5451 3028 5503 καὶ
3053 5446 3396 5516 στρατιώτας
3420 5449 3512 5500 καὶ
3550 5458 3709 5513 στρα-

2142 5543 2311 5613 τηγὸν
2338 5542 2579 5611 πέμψειν
2603 5541 2852 5612 ἔμελλον,
2882 5542 2975 5594 καὶ
3001 5542 3083 5595 ὅτι
3108 5540 3409 5611 χρημάτων
3428 5541 3707 5609 δεηθέντες

2143 5634 2437 5704 ἐπώλησαν
2474 5633 2610 5688 ἄλλα
2645 5651 2702 5685 τε
2740 5633 2836 5687 καὶ
2882 5631 2942 5686 τὸ
2979 5632 3180 5702 χωρίον
3222 5633 3280 5685 ἐν
3307 5624 3352 5700 ᾧ
3380 5634 3704 5702 ἐστρατοπε-

2140 5725 2347 5787 δεύετο,
2366 5725 2626 5795 δημόσιον
2648 5724 2729 5787 ὃν,
2762 5726 2856 5777 καὶ
2886 5724 3162 5792 ἀπογνοὺς
3185 5724 3488 5793 ἀπανέστη,
3513 5721 3701 5776 πολλάο

2144 5838 2230 5887 κις
2260 5822 2588 5893 ἀναϐοήσας,
2610 5814 2684 5875 Ὦ
2698 5819 2940 5886 Κάνναι,
2961 5821 3204 5887 Κάνναι,
3228 5819 3318 5873 καὶ
3353 5820 3474 5874 οὐδὲ
3503 5820 3562 5889 τῇ
3591 5817 3703 5871 Κα-
