4008 6250
365 276 473 339 729

1595 277 2008 341 ANNALIUM
2053 277 2207 339 LIB.
2252 280 2354 339 lX.

3509 275 3616 334 73o

358 392 473 464 πύῃ
491 389 570 443 ἐτ’
590 388 954 460 ἐπικουρῆσαι
970 388 1257 460 ἠθέλησεν.
1280 389 1343 445 Oi
1359 389 1440 456 δὲ,
1468 391 1672 463 καίπερ
1692 392 1752 445 ιν
1772 388 1926 445 άσθεσ

2036 388 2409 459 ριοηιο.;8οιι
2442 386 2712 445 tabellarii
2747 401 2776 440 a
2808 385 3005 442 Flacco
3033 382 3422 455 comprehensi
3456 387 3618 454 (nam

355 481 634 543 νεστάτοις
665 480 839 547 ὅντες,
871 484 1021 551 ὅμως
1046 482 1376 552 ἀπογνόντες
1409 483 1488 548 ῶς
1516 484 1577 538 ού
1607 483 1926 553 τευξόμενοι

358 574 693 645 σύγγνώμης
723 574 879 645 παρὰ
916 575 1232 646 Ῥωμαίων,
1261 577 1532 649 ἀντεῖχον,
1569 578 1665 632 καὶ
1698 577 1777 648 τῷ
1810 577 1929 631 Ἀν-

355 667 484 739 νίδᾳ
516 667 835 723 ἐπέστειλαν
873 666 1163 739 βοηθήσειν
1195 669 1378 734 αὐτοῖς
1402 669 1703 737 ἀξιοῦντες.
1725 669 1931 740 Συλλη-

355 752 584 828 φθᾶντες
597 758 656 814 δὲ
673 760 722 813 οί
741 759 851 815 τῶν
870 761 1171 816 ἐπιστολῶν
1189 763 1450 833 κομισταὶ
1470 763 1623 835 παρὰ
1638 761 1735 818 τοῦ
1753 764 1930 819 Φλάκ-

355 867 455 905 κου
475 851 526 924 (ό
540 852 650 922 γὰρ
668 850 933 916 Κλαύδιος
949 852 1089 924 ἔφθη
1107 853 1384 926 τεθνηκὼς
1400 856 1464 910 ἐκ
1480 856 1573 910 τοῦ
1589 856 1927 928 τραύματος)

352 940 454 1003 τὰς
485 942 676 1013 χεῖρας
704 942 1119 1014 ἀπετμήθησαν.
1150 943 1258 1007 Οὓς
1309 945 1513 1009 ίδόντες
1549 947 1599 999 οἱ
1633 947 1930 1017 Καμπανοὶ

351 1030 545 1095 δεινῶς
573 1033 1022 1104 κατεπλάγησαν,
1054 1035 1149 1090 καὶ
1173 1037 1258 1090 ὅτι
1293 1038 1594 1108 πράξουσιν
1619 1038 1931 1093 ἐϐουλεύον-

352 1141 438 1179 το.
471 1123 790 1196 Λεχθέντων
802 1125 863 1179 δὲ
886 1126 1121 1194 πολλῶν,
1138 1127 1359 1192 Ἰούσιός
1380 1146 1467 1194 τις
1490 1131 1712 1201 Ούῖριος
1733 1133 1791 1185 ὲν
1816 1133 1931 1195 τοῖς

350 1216 590 1288 πρώτοις
619 1217 804 1273 αὐτῶν
831 1217 911 1271 ὣν
938 1219 1033 1273 καὶ
1061 1219 1161 1291 τῆς
1189 1222 1550 1285 ἀποστάσεως
1582 1222 1928 1288 αίτιώτατος,

347 1310 473 1364 Mla
495 1307 642 1379 ἡμῖν
666 1309 858 1376 ἐστιν,
886 1312 1011 1381 ἔφη,
1046 1313 1363 1383 καταφυγὴ
1390 1316 1490 1368 καί
1529 1316 1863 1384 ἐλευθερία,
1897 1318 1932 1370 ό

349 1399 629 1467 θάνατος.
665 1403 779 1455 Καί
796 1420 896 1473 μοι
922 1405 1380 1473 ἀκολουθήσατε
1403 1409 1612 1463 οἴκαδε
1631 1423 1645 1442 ·
1680 1409 1796 1478 ἔχω
1821 1409 1933 1478 γάρ

352 1507 408 1544 τι
439 1491 756 1561 φάρμακον
770 1498 1370 1567 παρεσκευασμένον.
1408 1501 1515 1553 Καὶ
1545 1503 1573 1554 ὁ
1602 1502 1722 1569 μὲν,
1756 1518 1936 1567 παρα⁸

348 1582 534 1638 λαϐὼν
565 1585 688 1648 τοὺς
719 1586 870 1657 αὐτῷ
894 1588 1243 1654 πεισθέντας,
1269 1591 1534 1656 ἑκουσίως
1562 1594 1801 1647 ἀπέθανε
1834 1598 1933 1652 σὺν

350 1675 562 1742 αὐτοῖς,
614 1676 712 1730 καὶ
758 1680 808 1731 oi
866 1679 1045 1734 λοιποὶ
1101 1680 1199 1743 τὰς
1261 1682 1438 1746 πύλας
1480 1686 1596 1746 τοῖς
1636 1683 1932 1755 Ῥωμαίοις

348 1766 619 1838 ἀνέῳξαν.
661 1767 720 1822 '0
753 1767 810 1821 δὲ
839 1769 1091 1834 Φλάκκος
1127 1772 1199 1827 τά
1236 1787 1295 1826 τε
1324 1773 1467 1828 ὅπλα
1502 1775 1685 1829 αὐτῶν
1719 1778 1815 1830 καὶ
1862 1779 1930 1832 τὰ

348 1859 614 1931 χρήματα
646 1861 828 1917 πάντα
865 1862 1141 1931 ἀφείλετο,
1172 1867 1405 1921 καὶτῶν
1439 1868 1652 1939 ἀνδρῶν
1682 1869 1796 1923 τῶν
1839 1887 1931 1924 κο-

348 1954 603 2024 ρυφαίων
633 1956 762 2019 τοὺς
791 1956 891 2027 μιν
914 1959 1230 2025 ἀπέκτεινε,
1260 1960 1385 2023 τοὺς
1404 1960 1460 2016 δὲ
1493 1963 1551 2024 ἐς
1576 1960 1674 2034 τὴν
1702 1962 1930 2034 Ῥώμην

348 2045 590 2116 ἔπεμψε.
620 2047 816 2103 Μόνων
843 2048 889 2102 δ’
919 2048 1194 2121 ἀπέσχετο
1221 2052 1333 2105 τῶν
1352 2054 1417 2106 ὲκ
1440 2052 1536 2106 τοῦ
1563 2054 1754 2123 ὁμίλου
1773 2073 1930 2127 περι-

345 2137 701 2208 λειφθᾶντων,
743 2141 839 2195 ἐπὶ
871 2140 950 2212 τῷ
980 2144 1074 2196 καὶ
1112 2142 1353 2214 ἄρχοντα
1399 2145 1599 2210 αὐτοὺς
1642 2146 1930 2216 Ῥωμαίων

348 2229 676 2300 λαμϐάνειν,
708 2233 804 2287 καὶ
857 2235 999 2305 μήτε
1053 2234 1251 2307 βουλὴν
1295 2236 1462 2307 ἔχειν,
1519 2240 1659 2308 μήτε
1713 2240 1930 2294 σύνοδον

350 2322 649 2401 ποιεῖσθαι.
674 2324 945 2396 ’Ὕστερον
975 2326 1033 2381 δὲ
1069 2326 1167 2382 καὶ
1191 2327 1328 2382 ἄλλα
1352 2330 1475 2382 τινὰ
1509 2331 1925 2401 προσεπῶφλον,

350 2416 734 2487 κατηγορῆσαι
763 2418 862 2472 τοῦ
880 2420 1132 2474 Φλάκκου
1161 2422 1554 2492 τολμήσαντες.
1602 2424 1927 2496 Ἐπεχείρη-

349 2524 454 2561 σαν
497 2508 557 2563 δὲ
601 2511 694 2564 καὶ
724 2512 775 2564 οί
802 2514 1101 2582 Καμπανοὶ
1123 2514 1218 2569 τοῦ
1237 2515 1487 2571 Φλάκκου
1524 2520 1924 2588 κατηγορῆσαι,

347 2603 448 2656 καὶ
474 2603 568 2657 τοῦ
593 2605 919 2676 Μαρκέλλου
944 2609 994 2661 oi
1021 2608 1382 2678 Συρακούσιοι
1412 2611 1777 2675 ὑπατεύοντος
1801 2611 1925 2683 ἤδη,

347 2698 447 2750 καὶ
479 2697 882 2768 ἀπελογήσατο.
914 2702 987 2754 Oti
1014 2702 1123 2772 γὰρ
1146 2702 1380 2774 ἠθέλησε
1404 2703 1613 2775 πρᾶξαί
1640 2721 1693 2757 τι
1729 2704 1840 2757 τῶν
1860 2708 1924 2777 τῇ

346 2787 493 2858 ἀρχιῇ
527 2795 944 2861 προσηκόντων,
978 2796 1109 2864 πρὶν
1145 2794 1615 2865 ἀπολογήσασθαι.
1657 2798 1718 2851 Oi
1747 2797 1926 2868 Συραο

347 2879 562 2934 κούσιοι
594 2880 673 2948 δὲ,
695 2885 1066 2950 καταστάντες
1094 2889 1174 2950 εἰς
1205 2887 1417 2955 λόγους,
1437 2891 1927 2960 οἰκονομικώτερον

346 2974 415 3042 τῇ
473 2972 708 3040 διαλέξει
764 2978 1089 3048 ἐχρήσαντο,
1144 2979 1245 3032 ούκ
1301 2983 1383 3044 είς
1440 2982 1777 3052 κατηγορίαν
1833 2981 1926 3034 τοῦ

348 3063 700 3131 Μαρκέλλου,
746 3067 860 3120 ἀλλ’
893 3071 974 3130 είς
1017 3070 1254 3124 ἱκετείαν
1286 3074 1588 3142 τραπέντες

2026 480 2291 538 Claudius
2310 498 2377 538 ex
2410 482 2638 537 vulnere
2658 482 2770 554 jam
2793 478 3151 552 decesserat),
3178 478 3431 534 manibus
3464 489 3618 532 trun-

2027 574 2138 656 eati
2176 583 2344 630 sunt:
2382 589 2492 644 quo
2525 572 2769 644 Capuani
2818 573 2939 628 viso
2990 572 3271 643 perculsi,
3305 571 3374 624 de
3407 586 3617 625 suum-a

2029 681 2214 722 rerum
2238 666 2641 723 deliberabant.
2669 667 2853 722 Multis
2885 666 3073 722 verbis
3096 664 3271 727 factis,
3295 663 3489 719 Juvius
3516 662 3619 715 Vi—

2029 762 2177 828 rius,
2217 761 2310 818 vir
2334 761 2625 832 princeps,
2665 760 2993 816 defectionis
3024 760 3338 828 praecipuus
3372 766 3612 812 auctor:

2035 850 2229 919 Unum,
2256 853 2455 924 inquit,
2487 854 2633 907 nobis
2665 852 2971 923 confugium
2997 859 3048 905 et
3075 850 3294 904 libertas
3328 857 3613 911 est,mors.

2046 946 2144 1002 Vos
2162 963 2243 1002 me
2254 947 2468 1001 domum
2489 947 2795 1017 sequimini,
2812 961 3071 999 venenum
3093 945 3228 998 enim
3251 950 3615 1013 purpuratum

2030 1039 2214 1094 habeo.
2247 1037 2338 1094 Sic
2366 1036 2620 1093 abductis
2651 1039 2718 1093 iis
2752 1051 2963 1100 secum,
2997 1036 3200 1105 quibus
3229 1049 3292 1088 ea
3340 1032 3616 1088 sententia

2031 1132 2324 1204 placebat,
2351 1147 2460 1187 una
2492 1147 2619 1186 cum
2663 1131 2774 1187 illis
2812 1131 2958 1185 ultro
2984 1129 3170 1199 periit,
3206 1128 3391 1184 caeteri
3422 1137 3613 1197 portas

2032 1223 2300 1279 Romanis
2329 1231 2710 1293 aperuerunt:
2740 1221 2944 1292 quibus
2971 1220 3197 1276 Flaccus
3242 1234 3397 1274 arma
3424 1216 3614 1274 omnia

2032 1324 2086 1373 et
2105 1317 2396 1386 pecuniam
2423 1329 2644 1369 omnem
2663 1314 2868 1369 ademit
2896 1332 2909 1367 :
2939 1312 3334 1381 et-principum
3365 1311 3612 1365 virorum

2033 1408 2176 1462 alios
2211 1405 2455 1471 occidit,
2504 1406 2643 1460 alios
2674 1405 2905 1459 Romam
2961 1405 3144 1462 misit.
3192 1403 3293 1457 soli
3330 1403 3507 1456 turbae
3545 1417 3611 1454 ex

2032 1501 2268 1572 plebeiis
2293 1499 2519 1570 reliqua:
2547 1498 2615 1554 iis
2640 1497 3056 1552 conditionibus
3086 1496 3352 1565 pepercit,
3391 1505 3449 1549 ut
3477 1510 3613 1563 prae-

2035 1595 2139 1649 tori
2164 1595 2411 1661 Romano
2442 1601 2724 1663 parerent,
2758 1601 2820 1645 ut
2852 1590 3064 1644 nullum
3092 1597 3368 1651 senatum,
3393 1586 3611 1640 nullum

2036 1688 2331 1743 concilium
2364 1686 2654 1741 haberent.
2687 1685 2818 1739 Post
2851 1682 3017 1736 etiam
3057 1681 3181 1735 aliae
3211 1679 3398 1734 multae
3432 1678 3612 1740 impo-

2040 1782 2181 1843 sitas,
2210 1797 2335 1835 cum
2373 1779 2631 1835 Flaccum
2660 1791 2920 1833 accusare
2946 1776 3063 1829 ausi
3095 1780 3306 1836 essent,
3346 1769 3615 1839 Campani

2036 1892 2258 1946 quoque
2269 1874 2522 1930 eumdem
2539 1887 2799 1928 accusare
2814 1870 3193 1931 instituerunt,
3207 1874 3263 1921 et
3278 1862 3605 1936 Syracusani

2036 1969 2352 2025 Marcellum
2379 1968 2490 2036 jam
2523 1964 2828 2021 consulem.
2864 1963 2916 2017 ls
2944 1979 3002 2016 se
3030 1959 3314 2022 defendit,
3352 1973 3456 2012 nec
3485 1964 3613 2011 ante

2034 2076 2156 2116 eam
2192 2058 2571 2114 defensionem
2609 2055 2911 2127 quidquam
2944 2068 3045 2123 pro
3079 2050 3411 2107 auctoritate
3442 2049 3615 2119 impe-

2037 2155 2103 2209 rii
2132 2167 2324 2223 gerere
2349 2152 2543 2207 voluit.
2579 2150 2783 2205 Verum
2820 2144 3173 2219 Syracusani,
3200 2141 3421 2198 dicendi
3456 2149 3619 2211 pote-

2035 2256 2177 2303 state
2208 2246 2353 2308 data,
2382 2258 2603 2300 causam
2632 2257 2787 2298 suam
2815 2238 3114 2295 artiﬁciose
3132 2242 3366 2307 egerunt
3391 2251 3407 2301 ;
3440 2233 3613 2289 omis-

2035 2354 2205 2409 saque
2233 2336 2474 2392 Marcelli
2505 2333 2878 2393 accusatione,
2905 2330 2974 2385 ad
3010 2344 3205 2400 preces
3235 2326 3515 2388 conversi,
3551 2336 3614 2378 se

2034 2448 2146 2486 non
2179 2432 2328 2485 ultro
2359 2428 2629 2483 defecisse
2658 2432 2994 2489 asserentes,
3024 2421 3239 2476 veniam
3271 2416 3614 2489 petiverunt.

2033 2524 2165 2591 Quae
2191 2538 2314 2578 cum
2343 2528 2715 2590 perorassent,
2742 2516 2795 2570 in
2829 2525 3032 2572 terram
3057 2511 3298 2584 prolapsi
3323 2520 3380 2565 et
3409 2511 3619 2565 lamen-

2037 2617 2132 2671 tati
2161 2623 2309 2669 sunt.
2337 2610 2628 2681 Sull‘ragiis
2651 2609 2798 2672 latis,
2822 2607 3112 2662 Marcellus
3141 2603 3375 2659 crimine
3397 2602 3616 2656 solutus

2033 2716 2153 2763 est:
2179 2717 2235 2761 et
2263 2705 2572 2765 decretum,
2601 2701 2979 2771 Syracusanos
3009 2695 3342 2752 clementius
3372 2701 3620 2748 tractan—

2034 2798 2135 2851 dos
2175 2810 2298 2850 esse
2320 2836 2336 2859 ,
2376 2809 2486 2847 non
2530 2791 2602 2846 ob
2632 2789 2773 2845 facta
2808 2804 3022 2849 eorum,
3053 2786 3145 2842 sed
3184 2792 3411 2855 prepter
3444 2782 3614 2837 verba

2031 2898 2082 2943 et
2108 2886 2553 2957 supplicationes.
2584 2882 2841 2936 Marcello
2876 2880 3062 2935 redire
3091 2879 3145 2932 in
3179 2876 3421 2932 Siciliam
3449 2888 3614 2928 recu-

2033 2992 2189 3035 sante
2216 3021 2230 3045 ,
2267 2977 2556 3033 Lavinium
2594 2976 2885 3029 miserunt.
2943 2972 3077 3026 Cum
3124 2967 3454 3038 Syracusani
3509 2965 3615 3018 hoc

1644 3074 1736 3124 καὶ
1790 3074 1926 3125 ἀπο·
1951 3076 1994 3139 C
2031 3073 2191 3128 modo
2214 3074 2430 3126 veniant
2462 3071 2876 3139 impetrassent.
2898 3063 3158 3132 Campani
3182 3077 3249 3115 ex
3277 3058 3495 3113 inscitia
3531 3057 3615 3109 in-

348 3154 540 3222 λογίαν
590 3157 685 3211 τοῦ
734 3160 807 3229 μὴ
840 3160 1076 3226 ἑκόντες
1130 3163 1433 3232 ἀποστῆναι
1484 3164 1770 3230 Ῥωμαίων
1830 3167 1925 3218 καλ

2033 3168 2307 3223 solentius
2339 3164 2392 3217 in
2428 3161 2715 3216 consulem
2760 3157 2997 3217 invecti.
3032 3154 3200 3209 etiam
3233 3148 3510 3221 objurgati
3557 3158 3616 3201 et

351 3250 683 3321 συγγνώμης
731 3253 916 3323 τυχεῖν
965 3252 1260 3318 ἀξιοῦντες.
1304 3256 1412 3308 Καὶ
1450 3256 1621 3309 ταῦτα
1650 3256 1922 3323 λέγοντες,

345 3342 430 3406 είς
469 3342 570 3413 τὴν
613 3344 719 3414 γῆν
756 3338 1016 3409 πεσόντες
1054 3346 1417 3415 ὠλοφύροντο.
1470 3347 1580 3400 Καὶ
1609 3349 1924 3419 διαγκῦμης

347 3434 668 3505 γενομένης,
732 3436 877 3503 ἔδοξε
936 3439 1028 3491 τὸν
1082 3438 1403 3508 Μάρκελλον
1463 3440 1562 3509 μὲν
1606 3440 1771 3511 μηδὲν
1811 3441 1924 3494 est.

349 3526 489 3586 κεῖν,
514 3525 642 3589 τοὺς
677 3527 861 3596 μέντοι
902 3527 1311 3597 Συρακουσίους
1346 3529 1755 3600 φιλανθρωπίας
1781 3530 1923 3590 τινος

349 3614 537 3680 ἀξίους
571 3612 731 3682 εῖναι,
762 3620 864 3673 οὐκ
909 3619 968 3685 ἐξ
998 3614 1072 3674 ὧν
1099 3621 1386 3691 ἐποίησαν,
1422 3621 1537 3674 ἀλλ’
1567 3620 1626 3686 ἐξ
1664 3617 1737 3675 ὧν
1772 3618 1925 3677 εῐπόν

348 3725 410 3761 τε
454 3710 550 3763 καὶ
574 3710 885 3766 ἱκέτευσαν.
909 3711 1018 3764 Τοῦ
1046 3711 1103 3764 δὲ
1129 3712 1458 3783 Μαρκέλλου
1498 3728 1741 3783 παραιτη
1754 3714 1924 3784 ταμέ-

350 3817 441 3852 νου
484 3801 546 3852 τὸ
583 3801 844 3854 ἀπελθεῖν
879 3804 956 3864 είς
987 3803 1260 3867 Σικελίαν,
1297 3804 1388 3856 τὸν
1420 3804 1706 3857 Λαουΐνιον
1751 3805 1924 3875 ἔπεμ-

347 3894 478 3962 ψαν.
507 3895 616 3949 Καὶ
645 3898 698 3948 οί
737 3899 842 3965 μὲν
884 3897 1244 3967 Συρακούσιοι
1275 3896 1419 3951 οὕτω
1451 3899 1782 3970 συγγνώμης
1806 3900 1928 3952 ἐτυ-

347 4003 460 4055 χον.
486 3988 549 4041 Οί
577 3987 637 4041 δὲ
661 3989 957 4059 Καμπανοὶ
981 3990 1075 4042 ὑπ’
1105 3989 1469 4054 ἀπαιδευσίας
1492 3990 1828 4060 θρασύτερον
1858 3994 1920 4060 τῇ

346 4078 659 4151 κατηγορίᾳ
717 4080 1087 4150 χρησάμενοι,
1134 4080 1231 4135 καὶ
1290 4081 1730 4153 ἑπετιμήθησαν,
1791 4081 1926 4156 μηδὲ

347 4173 620 4244 παρόντος
668 4170 765 4225 τοῦ
794 4172 1069 4235 Φλάκκου,
1102 4173 1240 4229 άλλά
1270 4190 1414 4237 τινος
1439 4173 1550 4227 τῶν
1582 4173 1927 4245 ύπεστρατη-

2032 3260 2253 3331 gravius
2273 3256 2486 3310 multati
2516 3262 2665 3317 sunt,
2696 3252 2924 3306 absente
2952 3249 3169 3304 Flacco.
3195 3255 3253 3299 ct
3284 3242 3519 3313 quodam
3545 3254 3614 3294 ex

2031 3354 2152 3422 ejus
2198 3350 2394 3417 legatis
2442 3342 2664 3402 causam
2713 3343 2956 3400 dicente.
2989 3340 3159 3410 Capta
3186 3339 3373 3407 Capua
3399 3379 3412 3395 .
3443 3336 3610 3390 etiam

2034 3445 2281 3499 finitimae
2334 3442 2591 3495 civitates
2642 3437 2908 3493 Romanis
2962 3439 3358 3495 accesserunt,
3414 3437 3619 3499 praeter

2032 3537 2334 3591 Atellanos.
2357 3533 2420 3587 iii
2448 3534 2620 3597 enim,
2648 3531 2785 3585 urbe
2818 3529 3062 3590 deserta,
3101 3541 3226 3581 cum
3258 3523 3530 3578 uxoribus
3555 3528 3612 3572 et

2032 3629 2226 3683 liberis
2272 3626 2596 3680 Annibalem
2644 3622 2926 3676 adierunt.
2969 3619 3148 3673 Etiam
3182 3616 3412 3685 reliquae
3442 3612 3613 3666 Italiae

2033 3729 2238 3791 partes,
2272 3714 2815 3785 Carthaginiensium
2842 3711 3124 3774 studiosae,
3161 3707 3451 3763 mutabant
3494 3703 3616 3759 ani-

2031 3827 2150 3865 mos
2171 3851 2184 3873 ,
2211 3818 2266 3864 et
2297 3826 2325 3865 a
2354 3807 2683 3863 consulibus
2716 3804 2919 3876 passim
2953 3799 3436 3857 circumeuntibus
3471 3794 3615 3849 reci—

2030 3903 2350 3973 piebantur.
2389 3899 2674 3954 Tarentini
2730 3907 2914 3951 autem
2959 3892 3204 3949 nondum
3255 3900 3442 3957 aperte
3486 3903 3612 3942 cum

2032 3995 2298 4051 Romanis
2354 3992 2670 4055 faciebant,
2725 3989 2822 4045 sed
2880 3988 3020 4043 clam
3063 3981 3616 4054 Carthaginiensibus

2030 4085 2200 4159 428
2247 4085 2675 4142 suceensebaut.
2707 4083 2941 4138 Romani
2976 4081 3206 4152 petitam
3238 4078 3309 4153 ab
3342 4073 3617 4130 Annibale

2033 4179 2378 4249 captivorum
2419 4177 2884 4248 permutationem
2927 4192 3038 4231 non
3077 4174 3486 4242 impetrarunt,
3543 4166 3617 4221 ob

346 4261 602 4332 γηκότων
649 4260 804 4333 αὐτῷ
840 4262 1355 4334 ἀπολογησαμένου.
1407 4262 1673 4334 ’Δλούσης
1722 4262 1780 4316 δὲ
1825 4264 1926 4330 τῆς

2036 4255 2449 4331 Carthaloncm,
2489 4276 2551 4322 ut
2594 4267 2834 4332 hostem,
2884 4266 3029 4320 intra
3061 4262 3266 4318 manlia
3316 4274 3427 4314 non
3461 4271 3614 4310 rece-

346 4355 605 4426 Καπύης,
643 4357 741 4411 καὶ
773 4356 944 4410 τᾶλλα
980 4357 1048 4411 τά
1080 4356 1243 4428 πέριξ
1273 4357 1591 4427 πολίσματα
1634 4358 1749 4419 τοῖς
1789 4357 1918 4410 Ῥω-

2034 4374 2210 4435 ptum.
2248 4361 2617 4429 Quamobrem
2659 4360 2707 4416 is
2739 4360 2935 4421 iratus,
2955 4356 3231 4425 colloquio
3263 4353 3615 4411 detrectato‘,

349 4451 536 4520 μαίοις
596 4451 1139 4522 προσκεχωρήκασι,
1189 4450 1330 4521 πλὴν
1373 4449 1703 4504 Ἀτελανῶν.
1765 4441 1926 4502 Οὗτοι

2033 4431 2216 4512 statim
2254 4454 2502 4510 recessit.
2541 4453 2657 4509 Hoc
2688 4463 2934 4521 tempore
2966 4448 3228 4504 Lavinius
3247 4444 3458 4500 Aitolos
3484 4440 3621 4496 Phi-

351 4543 484 4616 γάρ,
512 4543 830 4607 ἐκλιπόντες
854 4544 955 4616 τὴν
976 4544 1132 4599 πόλιν
1154 4545 1355 4609 αὐτῶν,
1386 4543 1657 4615 πανδημεὶ
1682 4543 1817 4612 πρὸς
1836 4542 1926 4596 τὸν

2033 4544 2167 4616 lippi
2196 4544 2378 4599 socios
2399 4543 2505 4597 sibi
2535 4542 2882 4607 conciliavit,
2919 4549 2977 4596 et
2997 4539 3313 4608 Philippum
3348 4548 3523 4603 usque
3549 4531 3618 4585 ad

359 4636 611 4692 ’Δννίόαν
637 4637 948 4709 ἐχώρησαν.
967 4638 1080 4692 Καὶ
1107 4639 1141 4711 ἡ
1170 4637 1308 4706 άλλη
1335 4637 1394 4691 δὲ
1427 4637 1628 4692 Ἰταλία
1657 4637 1689 4707 ἡ
1716 4637 1784 4690 τὰ
1818 4635 1926 4688 τῶν

2035 4637 2335 4707 Corcyram
2370 4650 2722 4705 progressum
2787 4634 2865 4690 ita
2918 4631 3141 4694 terruit,
3169 4637 3233 4685 ut
3260 4626 3514 4697 trepidus
3561 4624 3619 4676 in

346 4730 738 4800 Καρῃδονίων
794 4729 1068 4801 φρονοῦσα
1108 4728 1408 4800 ἠλλοιοῦτο.
1461 4731 1571 4784 Καὶ
1623 4727 1926 4797 περιιόντες

2037 4727 2413 4783 Macedoniam
2451 4742 2510 4781 se
2559 4726 2851 4797 reciperet.

345 4824 394 4875 οί
423 4822 622 4877 ὕπατοι
676 4821 1106 4895 προσεποιοῦντο
1144 4822 1336 4892 αὑτήν.
1371 4823 1694 4892 Ταραντῖνοι
1756 4819 1813 4872 δὲ
1851 4820 2102 4890 φανερῶς
2134 4820 2235 4888 μὲν
2298 4818 2516 4872 οὐδέπω
2570 4818 2639 4873 τὰ
2658 4817 2767 4870 τῶν
2799 4816 3090 4888 Ῥωμαίων
3113 4814 3378 4888 ᾑροῦντοο
3433 4809 3615 4879 λάθρα

345 4914 405 4969 δὲ
449 4916 566 4978 τοῖς
611 4916 1012 4987 Καρχηδονίοις
1049 4915 1297 4988 ἧχθοντο.
1349 4918 1413 4970 Οί
1443 4916 1488 4969 δ’
1514 4919 1572 4969 ὲν
1615 4916 1682 4985 τῇ
1727 4913 1916 4986 Ῥώμῃ
1954 4913 2456 4983 διεκηρυκεύσαντο
2512 4911 2590 4982 τῷ
2652 4911 2874 4981 Ἀννίόᾳ
2902 4910 3261 4964 ἀνταπόδοσιν
3285 4906 3395 4958 τῶν
3419 4905 3620 4971 αἰχμα-

347 5009 537 5067 λώτων
593 5012 952 5084 ποιήσασθαι,
1012 5011 1073 5064 οὐ
1136 5008 1547 5079 κατηλλάξαντο
1597 5009 1656 5062 δὲ
1703 5008 1926 5072 αὐτοὺς,
2003 5007 2129 5060 ἐπεὶ
2191 5008 2295 5062 οὐκ
2351 5006 2603 5072 ἐδέξαντο
2665 5007 2758 5059 τὸν
2806 5007 3154 5078 Καρθάλωνα
3213 5000 3307 5055 τοῦ
3402 4997 3617 5064 τείχους

349 5114 522 5177 ἐντὸς,
581 5112 656 5176 ὼς
706 5114 990 5184 πολέμιον.
1037 5112 1164 5166 Οὐδ’
1216 5114 1275 5177 ἐς
1320 5112 1513 5180 λόγους
1573 5113 1682 5183 γὰρ
1740 5112 1923 5174 αὐτοῖς
1959 5110 2137 5165 ἐλθεῖν
2217 5108 2508 5180 ἠθέλησεν,
2556 5107 2718 5169 εὐθὺς
2764 5103 2822 5157 δὲ
2873 5099 3218 5172 ὠργισμένος
3285 5089 3608 5160 ἀνέστρεψα·

349 5207 483 5260 Τότε
528 5207 717 5276 μέντοι
762 5209 858 5262 καὶ
938 5210 966 5260 ὁ
1034 5208 1322 5271 Λαουΐνιος
1371 5209 1498 5272 τοὺς
1574 5208 1850 5268 Αἰτωλοὺς
1896 5205 2324 5277 συμμαχοῦντας
2383 5204 2640 5275 Φιλίππῳ
2691 5195 3178 5268 προσηταιρίσατο,
3242 5188 3336 5243 καὶ
3393 5185 3616 5277 cm.“-

347 5301 548 5357 λιππον
593 5301 757 5372 μέχρι
793 5302 1087 5373 Κερκύρας
1115 5302 1553 5374 προχωρήσαντα
1603 5296 1760 5366 αὖθις
1803 5301 2156 5372 ἐξεφόϐησεν,
2187 5299 2326 5354 ὥστε
2357 5299 2452 5353 καὶ
2479 5303 2532 5362 ὲς
2563 5301 2663 5370 τὴν
2695 5289 3036 5351 Μακεδονίαν
3074 5290 3226 5356 τάχει
3267 5280 3610 5335 ἐπανελθεῖν.

416 5420 490 5471 Z'.
524 5418 590 5472 Οί
628 5417 684 5471 δὲ
728 5419 784 5469 ἐν
813 5419 882 5488 τῇ
923 5415 1108 5489 Ῥώμῃ
1164 5418 1324 5471 Γάϊον
1378 5415 1645 5470 Κλαύδιον
1680 5416 1912 5486 Νέρωνα.

344 5509 424 5571 εἰς
445 5508 546 5578 τὴν
585 5506 819 5577 Ἰϐηρίαν
851 5505 992 5575 μετὰ
1017 5508 1125 5560 τῶν
1149 5506 1496 5577 στρατιωτῶν
1519 5505 1795 5576 ἔπεμψαν,
1824 5508 1921 5560 καὶ

344 5600 403 5663 ὃς
437 5598 839 5669 περιεκομίσθη
890 5600 968 5670 τῷ
1013 5598 1253 5668 ναυτικῷ
1311 5597 1472 5669 μέχρι
1525 5598 1621 5651 τοῦ
1672 5597 1918 5668 Ἴϐηρος.

350 5694 522 5746 Ἔνθα
553 5695 649 5746 καὶ
676 5690 747 5745 τά
773 5690 935 5745 λοιπὰ
970 5694 1363 5764 στρατεύματα
1407 5691 1681 5762 εὑρηκὼς,
1716 5690 1919 5761 ἐπῆλθε

346 5784 427 5856 τῷ
477 5784 801 5858 Ἀσδρούϐα,
857 5785 987 5859 πρὶν
1032 5785 1345 5858 γνωσθῆναι
1396 5785 1477 5839 ὅτι
1515 5783 1748 5854 πάρεστι
1811 5782 1920 5837 Καὶ

2095 5413 2208 5468 Vll.
2244 5413 2309 5471 (Σ.
2356 5413 2619 5469 Claudius
2652 5411 2795 5466 Nero
2830 5422 2953 5462 cum
3002 5402 3270 5459 militibus
3317 5400 3371 5454 in
3412 5400 3610 5468 Hispa.

2024 5508 2172 5559 uiam
2214 5505 2415 5559 missus
2453 5512 2559 5565 est,
2597 5511 2654 5557 et
2704 5502 2879 5556 classe
2930 5512 3102 5567 usque
3144 5495 3211 5551 ad
3252 5494 3465 5550 lberum
3513 5509 3611 5547 ve-

2029 5606 2191 5651 ctus:
2228 5596 2324 5673 ubi
2360 5595 2574 5652 caeteris
2619 5593 2783 5647 etiam
2838 5589 3149 5662 legionibus
3205 5587 3462 5643 inventis.
3502 5584 3609 5639 As—

2026 5682 2332 5753 drubalcm,
2369 5687 2684 5759 priusquam
2715 5701 2840 5739 eum
2887 5685 3078 5738 a'lesse
3121 5689 3325 5742 nosset,
3374 5693 3600 5748 oppres-

2029 5798 2149 5839 sum
2181 5780 2540 5837 circumvenit
2571 5797 2584 5833 :
2630 5778 2723 5834 scd
2776 5779 3043 5857 (ict‘t‘pllls
3071 5787 3172 5833 est.
3224 5774 3421 5831 Videus
3456 5770 3605 5825 enim
