4008 6250
313 283 416 346 ’723

1572 291 1986 356 ANNALIUM
2027 294 2180 354 LIB.
2229 296 2333 356 IX.

3470 304 3584 367 ’134

320 401 506 469 νόηπαν
540 400 734 469 ἇμυέω·
770 401 863 455 καὶ
891 404 1225 474 στρατιώτας
1260 408 1410 479 παρὰ
1438 409 1534 464 τοῦ
1568 409 1888 483 Μαρκέλλου

1997 413 2301 483 ablegatus.
2364 411 2469 467 Sed
2524 428 2590 468 ne
2647 414 2720 469 ibi
2768 414 2992 485 quidem
3045 403 3304 489 magister
3335 422 3583 490 equitum

310 489 744 560 ἐπαγαγόμενοι,
789 493 891 560 τήν
943 510 1003 546 τε
1046 496 1290 566 φρουρὰν
1343 498 1454 553 τῶν
1499 502 1891 572 Καρχηδονίων

312 581 646 652 κατέκοψαν,
670 584 765 639 καὶ
792 583 894 655 τήν
920 585 1088 640 πόλιν
1102 588 1213 650 τοῖς
1251 587 1538 660 Ῥωμαίοις
1556 593 1888 663 παρέδοσαν.

311 673 420 726 Καὶ
445 671 591 728 οὕτω
620 674 722 744 μὲν
749 676 808 729 ὲν
831 679 896 747 τῇ
923 677 1128 749 Ἰταλίᾳ
1157 678 1316 750 ἔσχον
1348 684 1459 745 τοῖς
1491 684 1886 755 Καρχηδονίοις

308 767 374 825 τὶ
411 766 737 836 πράγματα,
775 770 869 821 καὶ
897 769 1008 823 οὐδ’
1050 773 1081 842 ή
1118 772 1338 826 Σικελία
1375 770 1443 846 ἦν
1487 777 1749 829 εύνιοῦσα
1788 778 1890 830 αὖ·

304 859 445 921 τίς,
499 859 638 912 ἀλλὰ
691 859 768 930 τῷ
814 861 1008 932 ὑπάτῳ
1042 863 1121 934 τῷ
1159 866 1429 938 Λαουῖνίῳ
1477 867 1887 939 προσεχώρουν.

317 948 539 1016 Ἥγείτο
585 950 687 1018 μὲν
733 953 843 1022 γάρ
870 953 982 1009 τῶν
1025 957 1083 1009 ἐν
1127 960 1195 1029 τῇ
1245 958 1470 1028 Σικελίᾳ
1501 956 1888 1031 Καρχηδονίων

309 1038 553 1094 Ἀννιονο
586 1046 1051 1113 συνεστρατεύετο
1073 1046 1132 1101 δὲ
1163 1048 1314 1118 αὐτῷ
1349 1050 1440 1103 καὶ
1459 1050 1753 1116 Μουτίνας.
1789 1054 1887 1114 Ὃς

1997 507 2162 559 rebus
2195 506 2456 575 pneclare
2506 507 2698 576 gestis,
2756 506 3042 564 Hannonis
3093 511 3298 565 invidia
3358 515 3585 578 evitata.

1991 596 2316 667 magistratu
2350 597 2502 651 abire
2534 608 2759 652 coaetus
2795 608 2900 654 est.
2932 599 3143 666 Quibus
3206 603 3424 671 injuriis
3490 620 3588 657 ex-

2008 690 2305 746 acerbatus
2343 691 2410 744 ad
2437 691 2715 745 Romanos
2738 707 2796 747 se
2825 693 3055 747 contulit
3088 713 3102 746 :
3135 709 3199 747 ac
3234 696 3467 764 primum
3495 695 3583 749 ad-

1992 783 2247 853 jumento
2304 781 2446 846 fuit,
2507 791 2568 836 ut
2637 783 2720 837 eis
2798 784 3157 853 Agrigentum
3233 786 3585 854 proderetur.

1997 873 2207 928 Deinde
2242 874 2298 928 in
2331 873 2458 929 aliis
2501 889 2720 944 quoque
2758 876 2924 928 rebus
2965 877 3184 930 navavit
3221 892 3470 945 operam.
3528 886 3590 931 nt

1999 974 2167 1020 totam
2220 966 2465 1022 Siciliam
2538 966 2748 1038 absque
2824 983 3023 1039 magno
3095 970 3287 1024 labore
3355 982 3590 1038 recupe—

1994 1072 2157 1112 raren
2165 1067 2203 1114 ι.
2242 1096 2246 1099 ~

306 1130 490 1222 σύνὼν
509 1129 584 1200 τῷ
600 1131 827 1206 Ἀννίϐᾳ
852 1134 1067 1205 πρώην,
1095 1138 1191 1191 καὶ
1218 1137 1531 1210 φθονηθεὶς,
1595 1140 1678 1193 ὅτι
1744 1144 1959 1211 μεγάλα
1998 1146 2136 1216 ἔργα
2167 1149 2371 1220 ἀρετῆς
2399 1150 2772 1215 ἐπεδείκνυτο,
2810 1153 2868 1214 ἐς
2891 1152 3154 1206 Σικελίαν
3180 1152 3462 1222 ἐπέμφθη.
3499 1152 3591 1214 Ὦς

303 1215 400 1273 οὖν
433 1221 595 1274 κάκεῖ
635 1222 908 1294 λαμπρῶς
941 1228 1229 1297 ἱππάρχων
1272 1229 1467 1297 φθάνον
1500 1230 1596 1282 καὶ
1630 1229 1769 1299 πρὸς
1796 1232 1893 1285 ’τθῦ
1935 1233 2206 1301 Ἄννωνος
2240 1232 2414 1308 ὦφλε,
2479 1239 2574 1293 καὶ
2627 1240 2727 1301 ,διὰ
2757 1240 2919 1293 τοῦτο
2945 1242 3044 1309 τῆς
3071 1243 3376 1311 ἱππαρχίας
3418 1242 3590 1295 ἐπαύ-

303 1316 397 1385 θη.
431 1316 739 1390 Περιαλγὴς
765 1318 899 1388 γοῦν
932 1321 1020 1374 διὰ
1052 1323 1226 1375 ταῦτα
1257 1325 1574 1392 γενόμενος,
1640 1325 1775 1393 πρὸς
1837 1326 1965 1391 τοὺς
2012 1327 2327 1399 Ῥωμαίους
2372 1333 2660 1387 ἀπέκλινε.
2699 1333 2810 1387 Καὶ
2862 1332 3081 1404 πρῶτον
3137 1334 3235 1403 μὲν
3293 1334 3590 1404 προδοσίαν

316 1408 695 1478 Ἀκράγαντος
752 1412 1059 1481 συνέπραξε
1122 1415 1327 1480 σφίσιν.
1391 1413 1524 1470 Εἶτα
1577 1415 1673 1469 καὶ
1719 1416 1889 1470 τᾶλλα
1934 1422 2470 1492 συγκατειργάσατο,
2523 1421 2666 1477 ὥστε
2716 1424 2902 1476 πᾶσαν
2963 1420 3120 1487 αὖθις
3166 1423 3267 1494 τὴν
3335 1423 3588 1478 Σικελίαν

302 1502 398 1556 ὑπ’
433 1503 634 1567 αὐτοὺς
663 1504 794 1558 ἄνευ
825 1504 1065 1574 μεγάλου
1097 1507 1262 1560 πόνου
1288 1508 1566 1576 γενέσθαι.

378 1595 464 1650 H'.
513 1596 571 1650 ὐ
601 1595 659 1651 δὲ
682 1595 879 1658 Φάϐιος
910 1600 1002 1650 καὶ
1036 1601 1064 1649 δ
1086 1599 1354 1664 Φλάκκος,
1398 1600 1565 1666 άλλας
1600 1618 1660 1655 τε
1700 1601 1883 1665 πόλεις

304 1687 533 1754 πολλὰς,
568 1687 664 1742 καὶ
703 1688 797 1742 τὸν
826 1689 1107 1762 Τάραντα,
1137 1692 1231 1744 τοῦ
1266 1694 1514 1747 Ἀννίϐου
1567 1694 1889 1765 κατέχοντος

302 1779 497 1844 αὐτδν,
559 1779 949 1850 ἐχειρώσαντο.
1006 1783 1376 1848 Κελεύσαντες
1443 1787 1553 1857 γάρ
1619 1802 1729 1840 τισι
1790 1786 1890 1857 τὴν

303 1872 576 1945 Βρεττίαν
637 1877 1022 1945 κατατρέχειν,
1062 1875 1129 1929 ἵν’
1169 1880 1199 1930 ὁ
1234 1876 1485 1942 Ἀννίϐας
1532 1879 1614 1942 είς
1663 1880 1890 1933 ἐπικου-

307 1964 436 2034 ρίαν
461 1965 634 2034 αὐτῆς
656 1965 850 2038 άπάρῃ
882 1969 948 2020 bc
984 1969 1287 2038 Τάραντος,
1313 1970 1436 2023 ἐπεὶ
1464 1969 1625 2024 τοῦτο
1648 1970 1891 2039 nam,

302 2057 556 2121 Φλάκκος
600 2057 713 2136 μὲν,
743 2060 951 2114 ἐκεῖνον
981 2062 1266 2132 ἐπετήρει,
1293 2062 1491 2127 Φάϐιος
1534 2063 1591 2117 δὲ
1624 2064 1683 2118 ὲν
1713 2061 1892 2133 τούτῳ

305 2149 501 2211 νυκτὸς
526 2151 607 2221 τῷ
635 2152 874 2222 Τάραντι
918 2157 1034 2217 ταῖς
1068 2171 1125 2207 τε
1155 2157 1347 2209 ναυσὶν
1375 2158 1492 2225 ἅμα
1514 2157 1609 2211 καὶ
1637 2156 1718 2226 τῷ
1740 2156 1892 2224 πεζῷ

309 2243 662 2314 προσϐαλὼν,
693 2247 759 2317 τῇ
793 2264 853 2299 τε
884 2248 1160 2320 προσϐολῇ
1218 2251 1311 2303 καὶ
1362 2252 1428 2320 τῇ
1474 2251 1736 2323 προδοσίᾳ
1781 2248 1890 2306 εἷλε

308 2336 411 2403 τὴν
438 2336 616 2391 πόλιν.
661 2336 720 2391 ’0
755 2333 851 2392 οὖν
879 2338 1129 2403 Ἀννίϐας
1160 2341 1250 2394 διὰ
1282 2343 1380 2412 τὴν
1410 2344 1628 2412 ἀπάτην
1655 2344 1893 2413 ἀχθόμε-

308 2444 423 2490 νος,
454 2427 943 2482 άντεπιϐουλεῦσαι
968 2429 1044 2500 τῷ
1074 2431 1259 2502 Φαϐίῳ
1288 2432 1611 2487 ἐσπούδασε.
1642 2435 1750 2487 Καὶ
1773 2435 1893 2486 ἐπιο

311 2517 508 2587 στολὴν
536 2516 686 2588 αὐτῷ
720 2520 784 2571 ἐκ
811 2521 1192 2574 Μεταποντίου
1241 2522 1317 2585 ὼς
1362 2525 1513 2590 παρὰ
1543 2523 1652 2576 τῶν
1687 2526 1889 2595 ὲπιχωο

314 2609 449 2680 piis-'3
506 2610 601 2662 ἐπὶ
650 2611 912 2683 προδοσίᾳ
966 2612 1062 2680 τῆς
1111 2612 1320 2676 πόλεως
1354 2612 1621 2684 επεμψεν,
1666 2616 1893 2680 ἐλπίσας

311 2703 739 2773 ἀπερισκέπτως
774 2704 937 2758 αὑτὸν
969 2706 1265 2774 προσιόντα
1289 2706 1651 2777 ἐνεδρεύσειν.
1693 2709 1803 2762 Καὶ
1836 2708 1893 2771 δς

314 2794 635 2865 ύπετόπησε
689 2795 754 2847 τὸ
808 2797 1203 2867 πραττόμενον,
1272 2798 1368 2851 καὶ
1425 2798 1763 2868 παραϐαλὼν
1825 2800 1893 2854 τὰ

309 2884 623 2954 γράμματα
648 2889 767 2949 ταῖς
798 2888 1109 2950 ἐπιστολαῖς
1133 2887 1200 2951 ἃς
1241 2891 1351 2952 τοῖς
1380 2890 1736 2961 Ταραντίνοις
1763 2894 1894 2947 ποτὲ

312 2977 632 3047 ἐγεγράφει,
672 2977 1063 3049 κατεφώρασαν
1097 2983 1161 3035 ὲκ
1206 2983 1307 3052 τῆς
1349 2982 1531 3035 αὐτῶν
1575 2984 1894 3054 ὁμοιότητος

310 3071 374 3124 τὸ
408 3071 802 3142 ὲπιϐοὲλευμα.
828 3073 1068 3125 Σκιπίων
1093 3072 1150 3126 δὲ
1183 3074 1273 3125 τὸν
1302 3074 1462 3128 ἄλλον
1487 3075 1699 3145 χρόνον,
1723 3076 1771 3128 εί
1800 3077 1893 3130 καὶ.

312 3163 630 3235 τιμωρῆσαι
660 3163 736 3232 τῷ
770 3166 939 3234 πατρὶ
972 3166 1066 3217 καὶ
1089 3165 1167 3234 τῷ
1196 3164 1325 3236 Θείῳ
1355 3167 1625 3238 ἐγλίχετο,
1661 3168 1754 3221 καὶ
1789 3168 1892 3237 τῆς

310 3256 410 3309 τοῦ
438 3256 674 3326 πολέμου
713 3256 870 3324 δόξης
901 3257 1166 3327 ὠρέγετο,
1202 3259 1319 3312 ἀλλ’
1366 3261 1468 3314 οὐκ
1506 3260 1770 3330 ἠπείγετο
1806 3262 1895 3315 διὰ

312 3352 374 3404 τδ
432 3350 639 3419 πλῆθος
691 3350 801 3403 τῶν
854 3350 1136 3407 ἐναντίων.
1176 3352 1334 3407 Ἐπεὶ
1371 3353 1415 3406 δ’
1458 3354 1659 3425 ᾔσθετο
1696 3354 1896 3417 αὐτοὺς

315 3440 681 3511 χειμάζοντας
715 3441 905 3513 πόρρω
941 3459 1055 3509 ποι,
1085 3445 1331 3507 ἐκείνους
1356 3444 1459 3514 μὲν
1490 3445 1597 3508 εἴα,
1626 3448 1684 3508 ις
1715 3445 1770 3497 δὲ
1797 3446 1896 3516 τὴν

316 3533 646 3606 Καρχηδόνα
702 3534 803 3605 τὴν
848 3534 1019 3606 ταύτῃ
1061 3534 1361 3606 ὥρμησεν
1391 3538 1453 3588 ού
1493 3538 1676 3605 μέντοι
1720 3554 1804 3598 τις
1837 3535 1896 3589 τὸ

315 3624 583 3694 παράπαν
608 3626 705 3695 τὴν
735 3627 911 3697 ὁρμὴν
959 3627 1125 3680 αὑτοῦ
1155 3627 1362 3695 ἔγνωκε
1409 3631 1539 3698 πρὶν
1579 3629 1714 3698 πρὸς
1758 3629 1893 3698 αὐτῇ

315 3725 381 3787 τξ,
409 3721 723 3789 Καρχηδόνι
753 3720 1030 3787 γενέσθαι,
1060 3722 1151 3774 καὶ
1182 3721 1342 3775 ἔλαϐε
1368 3723 1468 3775 σὺν
1499 3717 1646 3791 πόνῳ
1668 3722 1765 3789 τὴν
1797 3720 1896 3772 πό-

314 3813 421 3866 λιν.
462 3812 729 3885 Ἀλούσης
770 3815 825 3867 δὲ
866 3817 964 3882 τῆς
1002 3815 1374 3885 Καρχηδόνος,
1427 3816 1618 3878 στάσις
1661 3815 1894 3885 μεγίστη

319 3904 521 3974 μικροῦ
547 3903 655 3957 τῶν
677 3905 1025 3973 στρατιωτῶν
1051 3907 1270 3975 ἐγένετο
1292 3910 1378 3962 ἄν.
1405 3905 1512 3959 Τοῦ
1533 3906 1642 3975 γὰρ
1669 3906 1898 3957 Σκιπίω-

316 4014 409 4061 νος
464 3998 730 4067 στέφανον
780 3998 1157 4069 ὑποσχομένου
1213 3998 1406 4052 δώσειν
1442 3997 1519 4069 τῷ
1562 3998 1765 4070 πρώτῳ
1801 3995 1895 4048 τοῦ

317 4092 531 4163 τείχους
572 4095 846 4156 ἐπιϐάντι,
877 4093 989 4146 δύω
1021 4092 1233 4163 ἄνδρες,
1272 4093 1301 4145 ὁ
1333 4094 1430 4163 μὲν
1466 4094 1760 4162 Ῥωμαῖος,
1786 4094 1815 4145 ὁ
1850 4093 1896 4145 δ’

318 4189 386 4239 ἐκ
411 4187 521 4239 τῶν
552 4189 857 4257 συμμάχων
887 4187 1016 4256 περὶ
1037 4186 1205 4239 αὐτοῦ
1228 4187 1676 4257 ἠμφισϐήτησαν.
1700 4189 1900 4254 Διαιρε-

320 4280 569 4349 ρομένων
589 4281 634 4333 δ’
668 4280 915 4346 ἐκείνων,
948 4279 1043 4333 καὶ
1075 4280 1137 4332 τὸ
1164 4280 1296 4352 ᾷλλο
1326 4281 1528 4350 πλῆθος
1563 4280 1894 4351 ἐθορυϐήθη,

317 4375 412 4425 καὶ
455 4372 549 4425 ἐπὶ
584 4371 837 4426 πλεῖστον
881 4371 1286 4446 ἐταράχθησαν,
1315 4370 1458 4425 ὥστε
1506 4373 1601 4426 καὶ
1640 4372 1813 4424 δεινόν
1846 4389 1899 4425 τι

315 4465 535 4534 δρᾶσαι,
569 4466 618 4517 εί
654 4467 728 4536 μὴ
755 4467 782 4518 ὀ
808 4464 1054 4518 Σκιπίων
1085 4466 1178 4518 καὶ
1210 4466 1378 4534 ἄμφω
1402 4466 1773 4533 ἐστεφάνωσε,
1799 4465 1894 4518 καὶ

318 4559 488 4632 συχνά
530 4560 628 4630 μὲν
683 4560 796 4622 τοῖς
826 4558 1184 4630 στρατιώταις
1213 4557 1458 4618 διέδωκε,
1496 4557 1667 4627 συχνὰ
1701 4557 1755 4610 δὲ
1797 4560 1894 4612 καὶ

318 4660 432 4719 τοῖς
454 4653 741 4724 δημοσίοις
781 4653 1134 4722 προσένειμε,
1178 4654 1268 4705 καῖ
1298 4652 1424 4711 τοὺς
1451 4653 1572 4704 ἐκεῖ
1594 4651 1895 4720 κατεχομέ-

315 4768 441 4814 vzu;
472 4749 713 4819 ὁμήρους
747 4748 947 4817 προῖκα
993 4746 1200 4809 πάντας
1252 4747 1363 4807 τοῖς
1416 4744 1644 4807 οἰκείοις
1682 4743 1896 4797 ἀπέδωο

317 4860 433 4900 κεν.
470 4841 637 4895 Ὅθεν
662 4838 849 4892 πολλοὶ
883 4838 981 4908 μὲν
999 4838 1185 4908 δῆμοι,
1204 4837 1394 4891 πολλοὶ
1424 4838 1479 4889 δὲ
1506 4837 1602 4891 καὶ
1637 4837 1894 4891 δυνάσται

316 4935 465 5006 αὐτῷ
492 4931 950 5004 προσεχώρησαν,
991 4930 1176 4993 καὶτὸ
1209 4930 1320 4984 τῶν
1358 4928 1712 5000 Κελτιϐήρων
1742 4927 1896 4992 ἔθνος

317 5029 455 5099 ego;
502 5029 615 5089 τοῖς
645 5028 873 5085 λοιποῖς.
907 5024 1184 5094 Παρθένον
1230 5024 1336 5094 γὰρ
1383 5024 1439 5074 ὲν
1472 5024 1587 5086 τοῖς
1613 5020 1898 5091 αἰχμαλώ-

316 5138 429 5184 τοις
480 5117 661 5172 λαϐὼν
709 5117 897 5172 κάλλει
937 5116 1201 5183 ἐπιφανῆ,
1246 5114 1505 5183 ἐνομίσθη
1545 5114 1642 5183 μὲν
1676 5112 1896 5165 ἔσεσθαι

316 5216 488 5281 αὐτῆς
542 5215 601 5265 ὲν
636 5212 835 5283 ἔρωτι·
883 5209 1074 5279 μαθὼν
1118 5209 1173 5262 δὲ
1219 5210 1303 5261 ὅτι
1352 5208 1460 5260 τιν).
1489 5206 1597 5259 τῶν
1646 5207 1704 5257 ὲν
1751 5204 1897 5258 τέλει

321 5304 678 5373 Κελτιϐήρων
733 5301 1090 5370 ἐγγεγύηται,
1146 5299 1536 5368 μετεπέμψατο
1578 5298 1763 5356 αὐτον.
1801 5298 1898 5352 καὶ

318 5398 417 5466 τὴν
462 5396 646 5450 νεᾶνιν
685 5394 1059 5464 παραδέδωκε,
1100 5392 1462 5461 προσεπιδοὺς
1490 5391 1584 5442 καὶ
1624 5390 1691 5442 τὰ
1727 5389 1897 5459 λύτρα

324 5490 359 5543 ἃ.
392 5489 442 5541 0!
490 5489 857 5559 προσήκοντες
905 5487 1042 5556 αὐτῇ
1078 5487 1514 5554 προτεκόμιοαν.
1552 5484 1674 5536 Κὰκ
1705 5483 1897 5536 τούτου

328 5582 424 5634 καὶ
468 5581 714 5640 ἐκείνους
754 5581 844 5631 καὶ
886 5580 1009 5641 τοὺς
1042 5579 1261 5641 λοιποὺς
1290 5575 1500 5645 ἀνηρτή
1514 5592 1662 5629 σατο.
1691 5575 1896 5629 Μαθὼν

324 5673 379 5725 δὲ
412 5673 504 5726 τὸν
538 5671 868 5742 Ἀσδρούϐαν
897 5672 988 5724 τὸν
1017 5670 1111 5724 τοῦ
1144 5671 1393 5723 ’Λννίϐου
1434 5668 1662 5736 ἀδελφὸν
1692 5669 1895 5740 σπουδῇ

325 5767 566 5829 tau-5&1,
602 5767 695 5818 καὶ
722 5764 1016 5832 ἀγνοοῦντα
1055 5762 1132 5816 ἔτι
1165 5761 1260 5833 τὴν
1289 5762 1389 5832 τῆς
1433 5759 1636 5823 πὲλεως
1672 5761 1890 5823 ἆλωπιν,

2066 1600 2201 1656 Vlll.
2242 1602 2313 1657 At
2366 1602 2570 1657 Fabius
2611 1612 2666 1657 et
2713 1603 2961 1665 Flaccus,
3025 1617 3152 1658 cum
3205 1602 3338 1658 alias
3396 1606 3587 1667 nrbes.

1999 1702 2112 1749 tum
2138 1695 2460 1759 Tarentum,
2484 1705 2706 1750 tenente
2754 1706 2867 1750 tum
2908 1695 3198 1760 Annibale,
3227 1696 3586 1765 subegerunt.

1992 1786 2126 1841 Nam
2177 1801 2302 1841 cum
2349 1788 2571 1843 Brittios
2624 1789 2909 1843 incursare
2956 1788 3223 1858 quosdam
3271 1786 3589 1858 iussissent,

1991 1891 2167 1945 eaque
2191 1877 2260 1933 de
2285 1892 2450 1933 causa
2492 1878 2749 1938 Annibal.
2793 1878 2984 1933 relicta
3033 1877 3194 1942 urbe,
3243 1877 3351 1931 illis
3386 1891 3592 1947 suppe-

1991 1971 2097 2026 tias
2147 1971 2272 2031 iret.
2322 1971 2551 2028 Flaccus
2579 1972 2731 2026 illum
2759 1972 3022 2026 observat
3055 1990 3068 2025 :
3104 1971 3310 2025 Fabius
3353 1971 3578 2024 interim

1991 2072 2161 2117 noctu
2222 2063 2430 2133 impetu
2487 2072 2630 2118 terra
2685 2064 2938 2133 marique
3006 2064 3191 2126 facto.
3251 2063 3450 2132 Partim
3508 2062 3586 2125 vi,

1995 2156 2191 2223 partim
2241 2154 2553 2223 proditione
2601 2155 2898 2209 Tarentum
2943 2154 3110 2224 cepit.
3170 2152 3343 2220 Quem
3394 2153 3584 2207 dolum

1993 2246 2159 2318 430
2189 2262 2330 2317 :egre
2363 2247 2548 2303 ferens
2585 2247 2842 2311 Annibal,
2894 2249 3008 2316 pari
3044 2248 3170 2302 dolo
3213 2245 3444 2300 Fabium
3498 2247 3585 2300 ul-

1994 2341 2128 2396 cisci
2158 2340 2372 2403 statuit,
2429 2341 2591 2410 eique
2624 2341 2838 2396 litteras
2853 2340 3355 2408 Metapontinorum
3376 2339 3582 2393 civium

1994 2434 2219 2487 nomine
2273 2432 2466 2487 scribit
2501 2432 2568 2487 de
2609 2432 2892 2502 prodenda
2919 2433 3143 2486 civitate
3173 2448 3189 2487 :
3225 2445 3352 2486 eum
3377 2439 3587 2485 temere

1995 2526 2372 2590 accedentem,
2426 2525 2480 2579 iu
2532 2524 2763 2579 insidias
2821 2526 3173 2594 ilelapsurum
3230 2539 3351 2579 esse
3408 2534 3583 2579 ratus.

1995 2619 2199 2674 Verum
2236 2620 2328 2675 ille
2368 2624 2682 2688 suspicatus
2726 2618 2859 2688 quid
2909 2618 2986 2673 rei
3041 2627 3216 2678 esset.
3274 2616 3475 2671 litteris
3520 2615 3588 2670 iis

1995 2725 2122 2763 enm
2152 2709 2262 2763 illis
2307 2709 2669 2778 comparatis,
2720 2724 2860 2778 quas
2914 2707 3213 2778 aliquando
3265 2703 3587 2764 Tarentinis

1999 2803 2322 2872 scripserat,
2364 2802 2595 2856 insid'as
2635 2817 2702 2856 ex
2747 2817 2938 2857 earum
2991 2800 3358 2855 similitudine
3388 2798 3588 2867 depre-

2000 2895 2212 2948 hendit.
2270 2895 2571 2949 Enimvero
2631 2895 2835 2963 Scipio.
2890 2894 3145 2963 quamvis
3195 2901 3249 2946 et
3305 2893 3476 2962 patris
3531 2901 3587 2946 et

1998 2987 2179 3057 patrui
2211 2989 2414 3042 cazdem
2447 2986 2640 3041 ulcisci
2686 2986 2938 3055 cupiens,
2974 2994 3031 3039 et
3059 2984 3184 3039 belli
3222 2984 3451 3054 gloriam
3490 2998 3579 3037 ex-

1922 3110 1964 3165 c
2000 3093 2213 3148 petens,
2251 3098 2359 3135 non
2402 3090 2583 3136 tamen
2617 3079 2956 3151 properavit,
3005 3079 3077 3133 ob
3110 3077 3349 3131 hostium
3396 3076 3586 3130 multi-

2000 3175 2244 3229 tudinem
2276 3191 2290 3227 :
2322 3176 2417 3229 sed
2464 3189 2591 3228 cum
2641 3188 2739 3228 eos
2785 3174 2946 3242 longe
3000 3173 3058 3225 in
3109 3170 3359 3225 hibernis
3391 3169 3584 3223 abesse

1997 3269 2366 3335 cognovisset.
2418 3266 2639 3321 omissis
2683 3265 2789 3326 eis.
2841 3273 2990 3319 tanta
3043 3263 3328 3319 celeritate
3368 3269 3424 3316 et
3473 3260 3583 3316 cir-

1997 3361 2415 3429 cumspectione
2468 3372 2665 3414 noram
2721 3356 3113 3427 Carthaginem
3173 3352 3483 3414 contendit,
3521 3349 3585 3406 ut

1997 3456 2116 3517 eius
2153 3455 2423 3509 adventus
2456 3471 2567 3508 non
2600 3454 2756 3524 prius
2780 3453 3084 3507 rescirctur
3116 3464 3281 3520 quam
3341 3446 3580 3512 adesset,

2001 3545 2307 3615 urbemque
2352 3562 2461 3600 non
2499 3546 2831 3600 sinelabore
2889 3545 3057 3614 cepit.
3129 3545 3201 3596 Ea
3249 3548 3580 3610 expugnata,

1998 3650 2139 3706 pene
2180 3638 2416 3690 maxima
2457 3638 2602 3690 inter
2630 3631 2832 3690 milites
2867 3646 2986 3690 orta
3019 3633 3405 3689 essetseditio.
3445 3632 3580 3685 Nam

1999 3740 2121 3778 eum
2180 3725 2366 3795 Scipio
2413 3726 2461 3780 ei
2492 3727 2586 3795 qui
2637 3727 2849 3795 primus
2877 3740 3095 3777 murum
3143 3720 3581 3783 conscendisset,

1999 3832 2259 3871 coronam
2285 3817 2562 3886 pollicitus
2595 3824 2774 3877 esset.
2810 3815 2923 3870 duo
2955 3816 3077 3877 viri,
3113 3815 3254 3867 alter
3280 3813 3580 3875 Romanus,

1999 3908 2138 3962 alter
2184 3925 2252 3963 ex
2283 3908 2467 3965 sociis.
2502 3923 2622 3962 eam
2674 3907 2780 3961 sibi
2834 3905 3051 3959 laudem
3087 3904 3480 3968 vindicarunt;
3521 3917 3585 3955 ac

1999 4000 2200 4056 studiis
2225 3999 2600 4055 multitudinis
2628 3999 2914 4054 contentio
2940 3998 3010 4052 ad
3043 3997 3342 4051 maximum
3376 3995 3583 4049 tumulo

2000 4102 2114 4147 tum
2150 4096 2440 4164 processit.
2476 4095 2542 4148 Et
2576 4093 2722 4147 haud
2755 4093 2924 4146 dubie
2947 4092 3166 4162 gravius
3199 4088 3404 4158 aliquid
3437 4089 3584 4143 acci-

2000 4182 2193 4249 disset,
2230 4187 2288 4240 ni
2314 4184 2501 4255 Scipio
2532 4196 2831 4255 utrumque
2856 4188 3194 4237 coronasset.
3229 4180 3373 4234 idem
3411 4179 3582 4233 multa

1998 4279 2293 4341 militibus,
2321 4279 2492 4332 multa
2523 4277 2689 4331 rebus
2714 4275 2948 4345 publicis
2977 4274 3206 4343 largitus
3227 4280 3310 4325 est
3334 4289 3348 4337 ;
3388 4279 3447 4325 et
3482 4270 3584 4321 oh-

2001 4372 2170 4435 sicles,
2203 4371 2299 4441 qui
2327 4371 2401 4424 ibi
2436 4370 2784 4433 tenebantur,
2819 4381 3013 4422 omnes
3040 4366 3170 4433 ,suis
3224 4364 3347 4419 sine
3402 4360 3585 4432 pretio

1932 4453 1970 4505 0
2004 4463 2270 4517 reddidit.
2305 4461 2426 4528 Quo
2462 4461 2690 4526 factum,
2749 4470 2808 4513 ut
2842 4457 3027 4513 multae
3089 4455 3363 4515 civitates,
3422 4451 3584 4505 multi

1999 4554 2245 4626 dynasta:
2270 4570 2329 4609 se
2351 4554 2419 4608 ad
2454 4553 2616 4608 ﬁdem
2644 4554 2766 4624 ejus
2789 4549 3148 4608 contulerint,
3179 4556 3235 4602 et
3256 4555 3459 4615 praeter
3482 4560 3589 4599 cae—

2002 4657 2147 4704 teros
2179 4647 2465 4703 Celtiberi.
2488 4647 2624 4702 Nam
2670 4662 2794 4701 cum
2828 4645 2974 4698 inter
3013 4641 3264 4711 captivos
3311 4638 3584 4705 virginem

1998 4741 2288 4798 excellenti
2324 4741 2501 4793 forma
2533 4739 2794 4808 cepisset,
2847 4752 2971 4792 eam
3027 4735 3385 4789 adamaturus
3429 4737 3591 4797 puta-

1998 4835 2183 4891 batur.
2226 4835 2331 4890 Sed
2368 4849 2495 4888 cum
2533 4832 2769 4903 principi
2828 4832 3048 4887 cuidam
3090 4827 3235 4898 apud
3273 4824 3590 4880 Celtiberos

1999 4927 2331 4996 desponsam
2360 4939 2482 4980 esse
2513 4925 2891 4995 cognovisset,
2934 4921 3116 4976 accito
3152 4932 3375 4987 sponso.
3427 4912 3589 4980 puel-

1997 5019 2104 5074 lam
2135 5018 2186 5073 ei
2219 5016 2470 5079 tradidit,
2506 5031 2614 5070 una
2649 5029 2776 5070 cum
2807 5011 3063 5084 pecunia,
3096 5020 3263 5078 quam
3325 5005 3448 5075 ejus
3485 5016 3591 5055 ne-

2000 5111 2226 5169 cessarii
2257 5125 2358 5181 pro
2383 5125 2450 5165 ea
2482 5106 2808 5163 redimenda
2837 5104 3209 5160 contulerant.
3258 5098 3378 5163 Quo
3406 5092 3583 5158 facta,

1997 5214 2057 5260 et
2113 5205 2237 5259 illos
2270 5211 2327 5258 et
2356 5210 2589 5257 caeteros
2611 5200 2715 5255 sibi
2751 5196 3088 5255 conciliavit.
3146 5188 3437 5246 Asdrubali
3472 5186 3579 5240 [ra-

2001 5297 2071 5353 tri
2099 5295 2406 5353 Annibalis.
2445 5310 2608 5364 quem
2658 5305 2891 5363 propere
2948 5288 3247 5342 adventare
3294 5288 3577 5351 cognorat,

2001 5400 2222 5460 captam
2242 5402 2364 5445 esse
2393 5390 2585 5442 urbem
2645 5385 2828 5439 adhuc
2878 5378 3173 5451 ignoranti,
3233 5383 3289 5428 et
3342 5372 3480 5427 nihil
3522 5372 3577 5426 in

2001 5483 2203 5537 itinere
2248 5481 2452 5536 hostile
2481 5477 2721 5542 timenti,
2746 5473 3026 5536 occurrit;
3088 5483 3266 5539 eoque
3316 5473 3583 5534 superato

2001 5583 2055 5628 et
2085 5574 2285 5628 castris
2299 5575 2422 5643 eius
2451 5569 2756 5638 occupatis,
2787 5567 2991 5621 multos
3025 5564 3173 5619 illius
3196 5561 3299 5616 loci
3324 5558 3390 5614 ad
3418 5573 3445 5611 s
3465 5570 3578 5611 tam

2002 5666 2299 5720 amicitiam
2329 5663 2567 5733 pellexit.
2597 5660 2733 5715 Nam
2769 5660 2823 5712 in
2863 5673 2920 5712 re
2953 5657 3148 5712 bellica
3185 5669 3313 5710 acer
3341 5658 3483 5710 erat,
3518 5646 3578 5702 in

2004 5756 2368 5814 familiaribus
2387 5753 2777 5824 congressibus
2828 5751 2988 5818 leuis,
3020 5745 3402 5806 resistentibus
3461 5735 3578 5792 [ub-
