  <div class='ocr_page' id='page_1' title='image "/cluster/home/n/w/nwhite01/storage/ocr_20150623/134/mdp.39015032023197/375.png"; bbox 0 0 4008 6250; ppageno 0'>
   <div class='ocr_carea' id='block_1_1' title="bbox 419 268 530 333">
    <p class='ocr_par' dir='ltr' id='par_1_1' title="bbox 419 268 530 333">
     <span class='ocr_line' id='line_1_1' title="bbox 419 268 530 333; baseline 0.045 -6"><span class='ocrx_word' id='word_1_1' title='bbox 419 268 530 333; x_wconf 77' lang='lat'><strong>735</strong></span> 
     </span>
    </p>
   </div>
   <div class='ocr_carea' id='block_1_2' title="bbox 1722 269 2405 334">
    <p class='ocr_par' dir='ltr' id='par_1_2' title="bbox 1722 269 2405 334">
     <span class='ocr_line' id='line_1_2' title="bbox 1722 269 2405 334; baseline 0 -3"><span class='ocrx_word' id='word_1_2' title='bbox 1722 269 2048 331; x_wconf 73' lang='lat' dir='ltr'><strong>JOANNIS</strong></span> <span class='ocrx_word' id='word_1_3' title='bbox 2082 270 2405 334; x_wconf 68' lang='grc' dir='ltr'><strong>ΖΟΝΑΒίΕ</strong></span> 
     </span>
    </p>
   </div>
   <div class='ocr_carea' id='block_1_3' title="bbox 3571 265 3678 330">
    <p class='ocr_par' dir='ltr' id='par_1_3' title="bbox 3571 265 3678 330">
     <span class='ocr_line' id='line_1_3' title="bbox 3571 265 3678 330; baseline -0.028 0"><span class='ocrx_word' id='word_1_4' title='bbox 3571 265 3678 330; x_wconf 76' lang='lat'><strong>736</strong></span> 
     </span>
    </p>
   </div>
   <div class='ocr_carea' id='block_1_4' title="bbox 421 378 2018 456">
    <p class='ocr_par' dir='ltr' id='par_1_4' title="bbox 421 380 1998 451">
     <span class='ocr_line' id='line_1_4' title="bbox 421 380 1998 451; baseline -0.003 -12"><span class='ocrx_word' id='word_1_5' title='bbox 421 382 722 446; x_wconf 82' lang='lat' dir='ltr'><strong>midabilis,</strong></span> <span class='ocrx_word' id='word_1_6' title='bbox 765 380 1108 437; x_wconf 78' lang='lat' dir='ltr'><strong>cedentibus.</strong></span> <span class='ocrx_word' id='word_1_7' title='bbox 1148 396 1417 451; x_wconf 82' lang='lat' dir='ltr'><strong>perquam</strong></span> <span class='ocrx_word' id='word_1_8' title='bbox 1453 382 1746 437; x_wconf 87' lang='lat' dir='ltr'><strong>humanus.</strong></span> <span class='ocrx_word' id='word_1_9' title='bbox 1795 382 1998 436; x_wconf 79' lang='lat' dir='ltr'><strong>Verum</strong></span> 
     </span>
    </p>
   </div>
   <div class='ocr_carea' id='block_1_5' title="bbox 2120 378 3683 456">
    <p class='ocr_par' dir='ltr' id='par_1_5' title="bbox 2120 378 3683 456">
     <span class='ocr_line' id='line_1_5' title="bbox 2120 378 3683 456; baseline -0.003 -18"><span class='ocrx_word' id='word_1_10' title='bbox 2120 386 2196 438; x_wconf 74' lang='grc' dir='ltr'><strong>ιαὶ</strong></span> <span class='ocrx_word' id='word_1_11' title='bbox 2222 385 2389 455; x_wconf 78' lang='grc' dir='ltr'><strong>μηδὲν</strong></span> <span class='ocrx_word' id='word_1_12' title='bbox 2421 383 2804 456; x_wconf 75' lang='grc' dir='ltr'><strong>προσδοκῶντα</strong></span> <span class='ocrx_word' id='word_1_13' title='bbox 2834 381 2972 434; x_wconf 75' lang='grc' dir='ltr'><strong>κατὰ</strong></span> <span class='ocrx_word' id='word_1_14' title='bbox 3011 379 3107 451; x_wconf 81' lang='grc' dir='ltr'><strong>τὴν</strong></span> <span class='ocrx_word' id='word_1_15' title='bbox 3139 378 3367 448; x_wconf 86' lang='grc' dir='ltr'><strong>πορείαν</strong></span> <span class='ocrx_word' id='word_1_16' title='bbox 3393 379 3683 449; x_wconf 79' lang='grc' dir='ltr'><strong>πολέμιον.</strong></span> 
     </span>
    </p>
   </div>
   <div class='ocr_carea' id='block_1_6' title="bbox 421 473 1999 544">
    <p class='ocr_par' dir='ltr' id='par_1_6' title="bbox 421 473 1999 544">
     <span class='ocr_line' id='line_1_6' title="bbox 421 473 1999 544; baseline -0.001 -14"><span class='ocrx_word' id='word_1_17' title='bbox 421 473 495 530; x_wconf 92' lang='lat' dir='ltr'><strong>ob</strong></span> <span class='ocrx_word' id='word_1_18' title='bbox 528 474 663 528; x_wconf 90' lang='lat' dir='ltr'><strong>illud</strong></span> <span class='ocrx_word' id='word_1_19' title='bbox 697 474 929 528; x_wconf 78' lang='lat' dir='ltr'><strong>maxime</strong></span> <span class='ocrx_word' id='word_1_20' title='bbox 986 474 1056 527; x_wconf 94' lang='lat' dir='ltr'><strong>ab</strong></span> <span class='ocrx_word' id='word_1_21' title='bbox 1105 473 1366 528; x_wconf 88' lang='lat' dir='ltr'><strong>omnibus</strong></span> <span class='ocrx_word' id='word_1_22' title='bbox 1406 474 1819 537; x_wconf 88' lang='lat' dir='ltr'><strong>honorabatur,</strong></span> <span class='ocrx_word' id='word_1_23' title='bbox 1850 476 1999 544; x_wconf 76' lang='lat' dir='ltr'><strong>quod</strong></span> 
     </span>
    </p>
   </div>
   <div class='ocr_carea' id='block_1_7' title="bbox 422 564 2002 636">
    <p class='ocr_par' dir='ltr' id='par_1_7' title="bbox 422 564 2002 636">
     <span class='ocr_line' id='line_1_7' title="bbox 422 564 2002 636; baseline 0 -17"><span class='ocrx_word' id='word_1_24' title='bbox 422 565 593 621; x_wconf 87' lang='lat' dir='ltr'><strong>veluti</strong></span> <span class='ocrx_word' id='word_1_25' title='bbox 627 565 851 620; x_wconf 83' lang='lat' dir='ltr'><strong>numine</strong></span> <span class='ocrx_word' id='word_1_26' title='bbox 870 564 1082 619; x_wconf 85' lang='lat' dir='ltr'><strong>aIIIatus</strong></span> <span class='ocrx_word' id='word_1_27' title='bbox 1104 564 1467 633; x_wconf 62' lang='lat' dir='ltr'><strong>praedixisset,</strong></span> <span class='ocrx_word' id='word_1_28' title='bbox 1495 580 1553 619; x_wconf 89' lang='lat' dir='ltr'><strong>se</strong></span> <span class='ocrx_word' id='word_1_29' title='bbox 1580 566 1632 619; x_wconf 90' lang='lat' dir='ltr'><strong>in</strong></span> <span class='ocrx_word' id='word_1_30' title='bbox 1658 565 1841 620; x_wconf 91' lang='lat' dir='ltr'><strong>hostili</strong></span> <span class='ocrx_word' id='word_1_31' title='bbox 1870 580 2002 636; x_wconf 87' lang='lat' dir='ltr'><strong>agro</strong></span> 
     </span>
    </p>
   </div>
   <div class='ocr_carea' id='block_1_8' title="bbox 425 656 2001 727">
    <p class='ocr_par' dir='ltr' id='par_1_8' title="bbox 425 656 2001 727">
     <span class='ocr_line' id='line_1_8' title="bbox 425 656 2001 727; baseline 0.001 -15"><span class='ocrx_word' id='word_1_32' title='bbox 425 666 936 712; x_wconf 87' lang='lat' dir='ltr'><strong>castrametaturum</strong></span> <span class='ocrx_word' id='word_1_33' title='bbox 972 656 1130 727; x_wconf 60' lang='lat'><strong>5.31</strong></span> <span class='ocrx_word' id='word_1_34' title='bbox 1163 673 1303 712; x_wconf 85' lang='lat' dir='ltr'><strong>esse.</strong></span> <span class='ocrx_word' id='word_1_35' title='bbox 1329 658 1409 712; x_wconf 83' lang='lat' dir='ltr'><strong>Ab</strong></span> <span class='ocrx_word' id='word_1_36' title='bbox 1428 656 1682 726; x_wconf 80' lang='lat' dir='ltr'><strong>Hispanis</strong></span> <span class='ocrx_word' id='word_1_37' title='bbox 1702 673 1884 714; x_wconf 79' lang='lat' dir='ltr'><strong>autem</strong></span> <span class='ocrx_word' id='word_1_38' title='bbox 1909 676 2001 715; x_wconf 76' lang='lat' dir='ltr'><strong>rex</strong></span> 
     </span>
    </p>
   </div>
   <div class='ocr_carea' id='block_1_9' title="bbox 423 748 2000 822">
    <p class='ocr_par' dir='ltr' id='par_1_9' title="bbox 423 748 2000 822">
     <span class='ocr_line' id='line_1_9' title="bbox 423 748 2000 822; baseline 0.003 -20"><span class='ocrx_word' id='word_1_39' title='bbox 423 764 654 819; x_wconf 88' lang='lat' dir='ltr'><strong>magnus</strong></span> <span class='ocrx_word' id='word_1_40' title='bbox 670 749 1062 816; x_wconf 75' lang='lat' dir='ltr'><strong>appellabatur.</strong></span> <span class='ocrx_word' id='word_1_41' title='bbox 1080 748 1701 820; x_wconf 85' lang='lat' dir='ltr'><strong>Asdrubale,desperata</strong></span> <span class='ocrx_word' id='word_1_42' title='bbox 1718 750 2000 822; x_wconf 86' lang='lat' dir='ltr'><strong>Hispania,</strong></span> 
     </span>
    </p>
   </div>
   <div class='ocr_carea' id='block_1_10' title="bbox 424 838 2006 903">
    <p class='ocr_par' dir='ltr' id='par_1_10' title="bbox 424 838 2006 903">
     <span class='ocr_line' id='line_1_10' title="bbox 424 838 2006 903; baseline 0.004 -13"><span class='ocrx_word' id='word_1_43' title='bbox 424 838 480 891; x_wconf 89' lang='lat' dir='ltr'><strong>in</strong></span> <span class='ocrx_word' id='word_1_44' title='bbox 508 838 716 892; x_wconf 90' lang='lat' dir='ltr'><strong>Italiam</strong></span> <span class='ocrx_word' id='word_1_45' title='bbox 742 839 985 903; x_wconf 91' lang='lat' dir='ltr'><strong>abituro,</strong></span> <span class='ocrx_word' id='word_1_46' title='bbox 1015 847 1072 893; x_wconf 92' lang='lat' dir='ltr'><strong>et</strong></span> <span class='ocrx_word' id='word_1_47' title='bbox 1103 838 1284 893; x_wconf 90' lang='lat' dir='ltr'><strong>hieme</strong></span> <span class='ocrx_word' id='word_1_48' title='bbox 1326 838 1576 895; x_wconf 79' lang='lat' dir='ltr'><strong>collectis</strong></span> <span class='ocrx_word' id='word_1_49' title='bbox 1631 841 1782 896; x_wconf 82' lang='lat' dir='ltr'><strong>vasis</strong></span> <span class='ocrx_word' id='word_1_50' title='bbox 1825 842 2006 897; x_wconf 90' lang='lat' dir='ltr'><strong>disce-</strong></span> 
     </span>
    </p>
   </div>
   <div class='ocr_carea' id='block_1_11' title="bbox 425 929 2003 1003">
    <p class='ocr_par' dir='ltr' id='par_1_11' title="bbox 425 929 2003 1003">
     <span class='ocr_line' id='line_1_11' title="bbox 425 929 2003 1003; baseline 0.003 -20"><span class='ocrx_word' id='word_1_51' title='bbox 425 930 611 994; x_wconf 86' lang='lat' dir='ltr'><strong>dente,</strong></span> <span class='ocrx_word' id='word_1_52' title='bbox 636 929 756 999; x_wconf 88' lang='lat' dir='ltr'><strong>ejus</strong></span> <span class='ocrx_word' id='word_1_53' title='bbox 808 930 1053 1001; x_wconf 65' lang='lat' dir='ltr'><strong>collegas,</strong></span> <span class='ocrx_word' id='word_1_54' title='bbox 1103 930 1226 984; x_wconf 89' lang='lat' dir='ltr'><strong>loco</strong></span> <span class='ocrx_word' id='word_1_55' title='bbox 1264 946 1375 986; x_wconf 90' lang='lat' dir='ltr'><strong>non</strong></span> <span class='ocrx_word' id='word_1_56' title='bbox 1432 942 1664 998; x_wconf 87' lang='lat' dir='ltr'><strong>mutato,</strong></span> <span class='ocrx_word' id='word_1_57' title='bbox 1724 934 2003 1003; x_wconf 78' lang='lat' dir='ltr'><strong>negotium</strong></span> 
     </span>
    </p>
   </div>
   <div class='ocr_carea' id='block_1_12' title="bbox 428 1021 2007 1095">
    <p class='ocr_par' dir='ltr' id='par_1_12' title="bbox 428 1021 2007 1095">
     <span class='ocr_line' id='line_1_12' title="bbox 428 1021 2007 1095; baseline 0.002 -19"><span class='ocrx_word' id='word_1_58' title='bbox 428 1021 669 1091; x_wconf 87' lang='lat' dir='ltr'><strong>Scipioni</strong></span> <span class='ocrx_word' id='word_1_59' title='bbox 706 1021 1067 1088; x_wconf 85' lang='lat' dir='ltr'><strong>facessebant,</strong></span> <span class='ocrx_word' id='word_1_60' title='bbox 1098 1033 1159 1077; x_wconf 91' lang='lat' dir='ltr'><strong>ut</strong></span> <span class='ocrx_word' id='word_1_61' title='bbox 1187 1038 1368 1094; x_wconf 80' lang='lat' dir='ltr'><strong>neque</strong></span> <span class='ocrx_word' id='word_1_62' title='bbox 1412 1023 1773 1080; x_wconf 83' lang='lat' dir='ltr'><strong>Asdrubalem</strong></span> <span class='ocrx_word' id='word_1_63' title='bbox 1819 1040 2007 1095; x_wconf 77' lang='lat' dir='ltr'><strong>persc—</strong></span> 
     </span>
    </p>
   </div>
   <div class='ocr_carea' id='block_1_13' title="bbox 425 1114 2006 1186">
    <p class='ocr_par' dir='ltr' id='par_1_13' title="bbox 425 1114 2006 1186">
     <span class='ocr_line' id='line_1_13' title="bbox 425 1114 2006 1186; baseline 0.004 -18"><span class='ocrx_word' id='word_1_64' title='bbox 425 1123 714 1184; x_wconf 89' lang='lat' dir='ltr'><strong>queretur,</strong></span> <span class='ocrx_word' id='word_1_65' title='bbox 772 1129 952 1185; x_wconf 88' lang='lat' dir='ltr'><strong>neque</strong></span> <span class='ocrx_word' id='word_1_66' title='bbox 1004 1116 1059 1170; x_wconf 91' lang='lat' dir='ltr'><strong>in</strong></span> <span class='ocrx_word' id='word_1_67' title='bbox 1107 1114 1317 1170; x_wconf 87' lang='lat' dir='ltr'><strong>Italiam</strong></span> <span class='ocrx_word' id='word_1_68' title='bbox 1379 1116 1682 1186; x_wconf 87' lang='lat' dir='ltr'><strong>profectus,</strong></span> <span class='ocrx_word' id='word_1_69' title='bbox 1729 1116 2006 1174; x_wconf 83' lang='lat' dir='ltr'><strong>Romanos</strong></span> 
     </span>
    </p>
   </div>
   <div class='ocr_carea' id='block_1_14' title="bbox 427 1205 2003 1281">
    <p class='ocr_par' dir='ltr' id='par_1_14' title="bbox 427 1205 2003 1281">
     <span class='ocr_line' id='line_1_14' title="bbox 427 1205 2003 1281; baseline 0.004 -22"><span class='ocrx_word' id='word_1_70' title='bbox 427 1205 554 1260; x_wconf 83' lang='lat' dir='ltr'><strong>belli</strong></span> <span class='ocrx_word' id='word_1_71' title='bbox 626 1216 780 1275; x_wconf 90' lang='lat' dir='ltr'><strong>parte</strong></span> <span class='ocrx_word' id='word_1_72' title='bbox 865 1207 1093 1274; x_wconf 85' lang='lat' dir='ltr'><strong>levaret,</strong></span> <span class='ocrx_word' id='word_1_73' title='bbox 1158 1224 1339 1280; x_wconf 87' lang='lat' dir='ltr'><strong>neque</strong></span> <span class='ocrx_word' id='word_1_74' title='bbox 1425 1209 1812 1281; x_wconf 87' lang='lat' dir='ltr'><strong>Carthaginem</strong></span> <span class='ocrx_word' id='word_1_75' title='bbox 1887 1219 2003 1265; x_wconf 79' lang='lat' dir='ltr'><strong>tra~</strong></span> 
     </span>
    </p>
   </div>
   <div class='ocr_carea' id='block_1_15' title="bbox 423 1295 2009 1368">
    <p class='ocr_par' dir='ltr' id='par_1_15' title="bbox 423 1295 2009 1368">
     <span class='ocr_line' id='line_1_15' title="bbox 423 1295 2009 1368; baseline 0.004 -19"><span class='ocrx_word' id='word_1_76' title='bbox 423 1295 641 1366; x_wconf 88' lang='lat' dir='ltr'><strong>jiceret.</strong></span> <span class='ocrx_word' id='word_1_77' title='bbox 694 1297 879 1368; x_wconf 88' lang='lat' dir='ltr'><strong>Scipio</strong></span> <span class='ocrx_word' id='word_1_78' title='bbox 950 1299 1311 1355; x_wconf 81' lang='lat' dir='ltr'><strong>Asdrubalcm</strong></span> <span class='ocrx_word' id='word_1_79' title='bbox 1382 1299 1674 1355; x_wconf 89' lang='lat' dir='ltr'><strong>abeuntem</strong></span> <span class='ocrx_word' id='word_1_80' title='bbox 1748 1316 1857 1355; x_wconf 90' lang='lat' dir='ltr'><strong>non</strong></span> <span class='ocrx_word' id='word_1_81' title='bbox 1923 1309 2009 1356; x_wconf 87' lang='lat' dir='ltr'><strong>est</strong></span> 
     </span>
    </p>
   </div>
   <div class='ocr_carea' id='block_1_16' title="bbox 428 1390 2004 1464">
    <p class='ocr_par' dir='ltr' id='par_1_16' title="bbox 428 1390 2004 1464">
     <span class='ocr_line' id='line_1_16' title="bbox 428 1390 2004 1464; baseline 0.005 -23"><span class='ocrx_word' id='word_1_82' title='bbox 428 1400 775 1456; x_wconf 88' lang='lat' dir='ltr'><strong>persecutus,</strong></span> <span class='ocrx_word' id='word_1_83' title='bbox 817 1390 912 1445; x_wconf 89' lang='lat' dir='ltr'><strong>sed</strong></span> <span class='ocrx_word' id='word_1_84' title='bbox 966 1405 1065 1461; x_wconf 90' lang='lat' dir='ltr'><strong>per</strong></span> <span class='ocrx_word' id='word_1_85' title='bbox 1100 1407 1357 1449; x_wconf 80' lang='lat' dir='ltr'><strong>cursores</strong></span> <span class='ocrx_word' id='word_1_86' title='bbox 1422 1393 1543 1464; x_wconf 86' lang='lat' dir='ltr'><strong>ejus</strong></span> <span class='ocrx_word' id='word_1_87' title='bbox 1600 1392 1845 1449; x_wconf 89' lang='lat' dir='ltr'><strong>adventu</strong></span> <span class='ocrx_word' id='word_1_88' title='bbox 1896 1393 2004 1449; x_wconf 83' lang='lat' dir='ltr'><strong>Ro-</strong></span> 
     </span>
    </p>
   </div>
   <div class='ocr_carea' id='block_1_17' title="bbox 429 1481 2011 1556">
    <p class='ocr_par' dir='ltr' id='par_1_17' title="bbox 429 1481 2011 1556">
     <span class='ocr_line' id='line_1_17' title="bbox 429 1481 2011 1556; baseline 0.004 -24"><span class='ocrx_word' id='word_1_89' title='bbox 429 1495 572 1533; x_wconf 85' lang='lat' dir='ltr'><strong>mam</strong></span> <span class='ocrx_word' id='word_1_90' title='bbox 622 1481 894 1547; x_wconf 89' lang='lat' dir='ltr'><strong>nuntiato,</strong></span> <span class='ocrx_word' id='word_1_91' title='bbox 941 1498 1004 1538; x_wconf 89' lang='lat' dir='ltr'><strong>ea</strong></span> <span class='ocrx_word' id='word_1_92' title='bbox 1063 1500 1184 1554; x_wconf 71' lang='lat' dir='ltr'><strong>qua:</strong></span> <span class='ocrx_word' id='word_1_93' title='bbox 1242 1493 1458 1556; x_wconf 88' lang='lat' dir='ltr'><strong>tempus</strong></span> <span class='ocrx_word' id='word_1_94' title='bbox 1531 1485 1843 1556; x_wconf 87' lang='lat' dir='ltr'><strong>postulabat</strong></span> <span class='ocrx_word' id='word_1_95' title='bbox 1912 1485 2011 1541; x_wconf 89' lang='lat' dir='ltr'><strong>ad-</strong></span> 
     </span>
    </p>
   </div>
   <div class='ocr_carea' id='block_1_18' title="bbox 428 1571 2009 1648">
    <p class='ocr_par' dir='ltr' id='par_1_18' title="bbox 428 1571 2009 1648">
     <span class='ocr_line' id='line_1_18' title="bbox 428 1571 2009 1648; baseline 0.005 -24"><span class='ocrx_word' id='word_1_96' title='bbox 428 1571 782 1628; x_wconf 81' lang='lat' dir='ltr'><strong>ministravit.</strong></span> <span class='ocrx_word' id='word_1_97' title='bbox 819 1575 886 1629; x_wconf 89' lang='lat' dir='ltr'><strong>Et</strong></span> <span class='ocrx_word' id='word_1_98' title='bbox 913 1575 1043 1645; x_wconf 85' lang='lat' dir='ltr'><strong>quia</strong></span> <span class='ocrx_word' id='word_1_99' title='bbox 1077 1575 1318 1646; x_wconf 76' lang='lat' dir='ltr'><strong>videbat,</strong></span> <span class='ocrx_word' id='word_1_100' title='bbox 1368 1577 1555 1634; x_wconf 83' lang='lat' dir='ltr'><strong>hostes</strong></span> <span class='ocrx_word' id='word_1_101' title='bbox 1611 1578 1667 1633; x_wconf 92' lang='lat' dir='ltr'><strong>in</strong></span> <span class='ocrx_word' id='word_1_102' title='bbox 1725 1578 2009 1648; x_wconf 77' lang='lat' dir='ltr'><strong>provincia</strong></span> 
     </span>
    </p>
   </div>
   <div class='ocr_carea' id='block_1_19' title="bbox 426 1661 2009 1735">
    <p class='ocr_par' dir='ltr' id='par_1_19' title="bbox 426 1661 2009 1735">
     <span class='ocr_line' id='line_1_19' title="bbox 426 1661 2009 1735; baseline 0.005 -22"><span class='ocrx_word' id='word_1_103' title='bbox 426 1661 599 1715; x_wconf 84' lang='lat' dir='ltr'><strong>variis</strong></span> <span class='ocrx_word' id='word_1_104' title='bbox 639 1661 779 1718; x_wconf 90' lang='lat' dir='ltr'><strong>locis</strong></span> <span class='ocrx_word' id='word_1_105' title='bbox 813 1663 1093 1733; x_wconf 87' lang='lat' dir='ltr'><strong>dispersos</strong></span> <span class='ocrx_word' id='word_1_106' title='bbox 1124 1680 1282 1731; x_wconf 87' lang='lat' dir='ltr'><strong>esse,</strong></span> <span class='ocrx_word' id='word_1_107' title='bbox 1338 1667 1550 1722; x_wconf 85' lang='lat' dir='ltr'><strong>veritus</strong></span> <span class='ocrx_word' id='word_1_108' title='bbox 1590 1683 1659 1722; x_wconf 89' lang='lat' dir='ltr'><strong>ne</strong></span> <span class='ocrx_word' id='word_1_109' title='bbox 1706 1668 1774 1721; x_wconf 88' lang='lat' dir='ltr'><strong>ab</strong></span> <span class='ocrx_word' id='word_1_110' title='bbox 1823 1667 2009 1735; x_wconf 87' lang='lat' dir='ltr'><strong>aliquo</strong></span> 
     </span>
    </p>
   </div>
   <div class='ocr_carea' id='block_1_20' title="bbox 427 1755 2009 1828">
    <p class='ocr_par' dir='ltr' id='par_1_20' title="bbox 427 1755 2009 1828">
     <span class='ocr_line' id='line_1_20' title="bbox 427 1755 2009 1828; baseline 0.005 -22"><span class='ocrx_word' id='word_1_111' title='bbox 427 1767 621 1807; x_wconf 89' lang='lat' dir='ltr'><strong>omnes</strong></span> <span class='ocrx_word' id='word_1_112' title='bbox 644 1768 838 1808; x_wconf 90' lang='lat' dir='ltr'><strong>eorum</strong></span> <span class='ocrx_word' id='word_1_113' title='bbox 862 1755 1036 1825; x_wconf 67' lang='lat' dir='ltr'><strong>copia:</strong></span> <span class='ocrx_word' id='word_1_114' title='bbox 1074 1757 1129 1812; x_wconf 91' lang='lat' dir='ltr'><strong>in</strong></span> <span class='ocrx_word' id='word_1_115' title='bbox 1167 1772 1336 1811; x_wconf 90' lang='lat' dir='ltr'><strong>unum</strong></span> <span class='ocrx_word' id='word_1_116' title='bbox 1366 1758 1836 1823; x_wconf 73' lang='lat' dir='ltr'><strong>conducereutur,</strong></span> <span class='ocrx_word' id='word_1_117' title='bbox 1892 1760 2009 1828; x_wconf 87' lang='lat' dir='ltr'><strong>ipse</strong></span> 
     </span>
    </p>
   </div>
   <div class='ocr_carea' id='block_1_21' title="bbox 427 1844 2007 1920">
    <p class='ocr_par' dir='ltr' id='par_1_21' title="bbox 427 1844 2007 1920">
     <span class='ocr_line' id='line_1_21' title="bbox 427 1844 2007 1920; baseline 0.004 -22"><span class='ocrx_word' id='word_1_118' title='bbox 427 1852 622 1899; x_wconf 84' lang='lat' dir='ltr'><strong>contra</strong></span> <span class='ocrx_word' id='word_1_119' title='bbox 650 1844 1010 1901; x_wconf 74' lang='lat' dir='ltr'><strong>Asdrubalom</strong></span> <span class='ocrx_word' id='word_1_120' title='bbox 1042 1848 1298 1919; x_wconf 79' lang='lat' dir='ltr'><strong>Gisgonis</strong></span> <span class='ocrx_word' id='word_1_121' title='bbox 1332 1849 1504 1903; x_wconf 83' lang='lat' dir='ltr'><strong>filium</strong></span> <span class='ocrx_word' id='word_1_122' title='bbox 1561 1861 1648 1906; x_wconf 82' lang='lat' dir='ltr'><strong>est</strong></span> <span class='ocrx_word' id='word_1_123' title='bbox 1705 1849 2007 1920; x_wconf 87' lang='lat' dir='ltr'><strong>profectus,</strong></span> 
     </span>
    </p>
   </div>
   <div class='ocr_carea' id='block_1_22' title="bbox 438 1935 2013 2011">
    <p class='ocr_par' dir='ltr' id='par_1_22' title="bbox 438 1935 2013 2011">
     <span class='ocr_line' id='line_1_22' title="bbox 438 1935 2013 2011; baseline 0.003 -22"><span class='ocrx_word' id='word_1_124' title='bbox 438 1935 711 1991; x_wconf 87' lang='lat' dir='ltr'><strong>Sillanum</strong></span> <span class='ocrx_word' id='word_1_125' title='bbox 755 1936 812 1993; x_wconf 89' lang='lat' dir='ltr'><strong>in</strong></span> <span class='ocrx_word' id='word_1_126' title='bbox 841 1938 1198 1994; x_wconf 86' lang='lat' dir='ltr'><strong>Celtiberiam</strong></span> <span class='ocrx_word' id='word_1_127' title='bbox 1230 1950 1416 1994; x_wconf 73' lang='lat' dir='ltr'><strong>contra</strong></span> <span class='ocrx_word' id='word_1_128' title='bbox 1448 1939 1751 2011; x_wconf 82' lang='lat' dir='ltr'><strong>Magonem,</strong></span> <span class='ocrx_word' id='word_1_129' title='bbox 1786 1941 1845 1994; x_wconf 68' lang='grc' dir='ltr'><strong>ι..</strong></span> <span class='ocrx_word' id='word_1_130' title='bbox 1894 1940 2013 1994; x_wconf 87' lang='lat' dir='ltr'><strong>Sci-</strong></span> 
     </span>
    </p>
   </div>
   <div class='ocr_carea' id='block_1_23' title="bbox 427 2029 2011 2102">
    <p class='ocr_par' dir='ltr' id='par_1_23' title="bbox 427 2029 2011 2102">
     <span class='ocr_line' id='line_1_23' title="bbox 427 2029 2011 2102; baseline 0.002 -19"><span class='ocrx_word' id='word_1_131' title='bbox 427 2029 650 2099; x_wconf 88' lang='lat' dir='ltr'><strong>pionem</strong></span> <span class='ocrx_word' id='word_1_132' title='bbox 680 2030 907 2085; x_wconf 81' lang='lat' dir='ltr'><strong>fratrem</strong></span> <span class='ocrx_word' id='word_1_133' title='bbox 938 2030 993 2086; x_wconf 93' lang='lat' dir='ltr'><strong>in</strong></span> <span class='ocrx_word' id='word_1_134' title='bbox 1040 2032 1397 2088; x_wconf 82' lang='lat' dir='ltr'><strong>Bastitaniatu</strong></span> <span class='ocrx_word' id='word_1_135' title='bbox 1431 2034 1621 2098; x_wconf 88' lang='lat' dir='ltr'><strong>misit;</strong></span> <span class='ocrx_word' id='word_1_136' title='bbox 1653 2033 1749 2102; x_wconf 89' lang='lat' dir='ltr'><strong>qui</strong></span> <span class='ocrx_word' id='word_1_137' title='bbox 1780 2041 1836 2088; x_wconf 86' lang='lat' dir='ltr'><strong>et</strong></span> <span class='ocrx_word' id='word_1_138' title='bbox 1861 2033 2011 2088; x_wconf 89' lang='lat' dir='ltr'><strong>illam</strong></span> 
     </span>
    </p>
   </div>
   <div class='ocr_carea' id='block_1_24' title="bbox 430 2120 2027 2194">
    <p class='ocr_par' dir='ltr' id='par_1_24' title="bbox 430 2120 2027 2194">
     <span class='ocr_line' id='line_1_24' title="bbox 430 2120 2027 2194; baseline 0.003 -19"><span class='ocrx_word' id='word_1_139' title='bbox 430 2120 576 2177; x_wconf 81' lang='lat' dir='ltr'><strong>bello</strong></span> <span class='ocrx_word' id='word_1_140' title='bbox 604 2122 773 2192; x_wconf 83' lang='lat' dir='ltr'><strong>cepit,</strong></span> <span class='ocrx_word' id='word_1_141' title='bbox 800 2132 855 2176; x_wconf 89' lang='lat' dir='ltr'><strong>et</strong></span> <span class='ocrx_word' id='word_1_142' title='bbox 880 2122 1163 2194; x_wconf 78' lang='lat' dir='ltr'><strong>Magonem</strong></span> <span class='ocrx_word' id='word_1_143' title='bbox 1190 2124 1620 2191; x_wconf 86' lang='lat' dir='ltr'><strong>vicit;_eumque</strong></span> <span class='ocrx_word' id='word_1_144' title='bbox 1645 2122 1711 2176; x_wconf 91' lang='lat' dir='ltr'><strong>ad</strong></span> <span class='ocrx_word' id='word_1_145' title='bbox 1734 2123 2027 2194; x_wconf 11' lang='lat' dir='ltr'><strong>Asdrubaf-e</strong></span> 
     </span>
    </p>
   </div>
   <div class='ocr_carea' id='block_1_25' title="bbox 428 2192 2013 2286">
    <p class='ocr_par' dir='ltr' id='par_1_25' title="bbox 428 2192 2013 2286">
     <span class='ocr_line' id='line_1_25' title="bbox 428 2192 2013 2286; baseline 0.001 -19"><span class='ocrx_word' id='word_1_146' title='bbox 428 2213 538 2267; x_wconf 89' lang='lat' dir='ltr'><strong>lem</strong></span> <span class='ocrx_word' id='word_1_147' title='bbox 591 2214 894 2285; x_wconf 75' lang='lat' dir='ltr'><strong>fugientem</strong></span> <span class='ocrx_word' id='word_1_148' title='bbox 934 2192 1285 2286; x_wconf 82' lang='lat' dir='ltr'><strong>persecutus,</strong></span> <span class='ocrx_word' id='word_1_149' title='bbox 1337 2216 1404 2270; x_wconf 91' lang='lat' dir='ltr'><strong>ad</strong></span> <span class='ocrx_word' id='word_1_150' title='bbox 1459 2216 1768 2284; x_wconf 84' lang='lat' dir='ltr'><strong>Scipionem</strong></span> <span class='ocrx_word' id='word_1_151' title='bbox 1830 2192 2013 2283; x_wconf 56' lang='lat' dir='ltr'><strong>rediit:</strong></span> 
     </span>
    </p>
   </div>
   <div class='ocr_carea' id='block_1_26' title="bbox 430 2288 2013 2378">
    <p class='ocr_par' dir='ltr' id='par_1_26' title="bbox 430 2288 2013 2378">
     <span class='ocr_line' id='line_1_26' title="bbox 430 2288 2013 2378; baseline 0.003 -20"><span class='ocrx_word' id='word_1_152' title='bbox 430 2305 524 2373; x_wconf 88' lang='lat' dir='ltr'><strong>qui</strong></span> <span class='ocrx_word' id='word_1_153' title='bbox 564 2307 809 2360; x_wconf 85' lang='lat' dir='ltr'><strong>nondum</strong></span> <span class='ocrx_word' id='word_1_154' title='bbox 850 2308 1148 2376; x_wconf 85' lang='lat' dir='ltr'><strong>quidquam</strong></span> <span class='ocrx_word' id='word_1_155' title='bbox 1187 2318 1448 2376; x_wconf 83' lang='lat' dir='ltr'><strong>gesserat.</strong></span> <span class='ocrx_word' id='word_1_156' title='bbox 1504 2306 1641 2363; x_wconf 89' lang='lat' dir='ltr'><strong>Cum</strong></span> <span class='ocrx_word' id='word_1_157' title='bbox 1715 2309 1872 2378; x_wconf 83' lang='lat' dir='ltr'><strong>Mago</strong></span> <span class='ocrx_word' id='word_1_158' title='bbox 1945 2288 2013 2362; x_wconf 83' lang='lat' dir='ltr'><strong>ad</strong></span> 
     </span>
    </p>
   </div>
   <div class='ocr_carea' id='block_1_27' title="bbox 430 2397 2013 2469">
    <p class='ocr_par' dir='ltr' id='par_1_27' title="bbox 430 2397 2013 2469">
     <span class='ocr_line' id='line_1_27' title="bbox 430 2397 2013 2469; baseline 0.002 -18"><span class='ocrx_word' id='word_1_159' title='bbox 430 2397 819 2461; x_wconf 79' lang='lat' dir='ltr'><strong>Asdrubalem,</strong></span> <span class='ocrx_word' id='word_1_160' title='bbox 847 2399 1048 2454; x_wconf 87' lang='lat' dir='ltr'><strong>Lucius</strong></span> <span class='ocrx_word' id='word_1_161' title='bbox 1071 2400 1137 2454; x_wconf 89' lang='lat' dir='ltr'><strong>ad</strong></span> <span class='ocrx_word' id='word_1_162' title='bbox 1192 2398 1418 2455; x_wconf 79' lang='lat' dir='ltr'><strong>fratrem</strong></span> <span class='ocrx_word' id='word_1_163' title='bbox 1459 2399 1774 2469; x_wconf 87' lang='lat' dir='ltr'><strong>Scipionem</strong></span> <span class='ocrx_word' id='word_1_164' title='bbox 1826 2401 2013 2455; x_wconf 84' lang='lat' dir='ltr'><strong>venis-</strong></span> 
     </span>
    </p>
   </div>
   <div class='ocr_carea' id='block_1_28' title="bbox 432 2487 2014 2560">
    <p class='ocr_par' dir='ltr' id='par_1_28' title="bbox 432 2487 2014 2560">
     <span class='ocr_line' id='line_1_28' title="bbox 432 2487 2014 2560; baseline 0.004 -20"><span class='ocrx_word' id='word_1_165' title='bbox 432 2496 537 2552; x_wconf 84' lang='lat' dir='ltr'><strong>set,</strong></span> <span class='ocrx_word' id='word_1_166' title='bbox 562 2487 796 2557; x_wconf 86' lang='lat' dir='ltr'><strong>primum</strong></span> <span class='ocrx_word' id='word_1_167' title='bbox 830 2491 1079 2558; x_wconf 90' lang='lat' dir='ltr'><strong>equitatu</strong></span> <span class='ocrx_word' id='word_1_168' title='bbox 1112 2492 1166 2544; x_wconf 91' lang='lat' dir='ltr'><strong>in</strong></span> <span class='ocrx_word' id='word_1_169' title='bbox 1191 2506 1417 2560; x_wconf 88' lang='lat' dir='ltr'><strong>campos</strong></span> <span class='ocrx_word' id='word_1_170' title='bbox 1449 2489 1816 2546; x_wconf 84' lang='lat' dir='ltr'><strong>decurrentes</strong></span> <span class='ocrx_word' id='word_1_171' title='bbox 1849 2492 2014 2546; x_wconf 85' lang='lat' dir='ltr'><strong>dimi-</strong></span> 
     </span>
    </p>
   </div>
   <div class='ocr_carea' id='block_1_29' title="bbox 434 2580 2019 2645">
    <p class='ocr_par' dir='ltr' id='par_1_29' title="bbox 434 2580 2019 2645">
     <span class='ocr_line' id='line_1_29' title="bbox 434 2580 2019 2645; baseline 0.005 -14"><span class='ocrx_word' id='word_1_172' title='bbox 434 2580 653 2634; x_wconf 84' lang='lat' dir='ltr'><strong>cabant.</strong></span> <span class='ocrx_word' id='word_1_173' title='bbox 686 2580 896 2636; x_wconf 88' lang='lat' dir='ltr'><strong>Deinde</strong></span> <span class='ocrx_word' id='word_1_174' title='bbox 952 2592 1100 2637; x_wconf 89' lang='lat' dir='ltr'><strong>totos</strong></span> <span class='ocrx_word' id='word_1_175' title='bbox 1148 2582 1426 2638; x_wconf 78' lang='lat' dir='ltr'><strong>exercitus</strong></span> <span class='ocrx_word' id='word_1_176' title='bbox 1463 2582 1868 2645; x_wconf 83' lang='lat' dir='ltr'><strong>instruxerunt,</strong></span> <span class='ocrx_word' id='word_1_177' title='bbox 1915 2599 2019 2639; x_wconf 85' lang='lat' dir='ltr'><strong>nec</strong></span> 
     </span>
    </p>
   </div>
   <div class='ocr_carea' id='block_1_30' title="bbox 436 2673 2020 2745">
    <p class='ocr_par' dir='ltr' id='par_1_30' title="bbox 436 2673 2020 2745">
     <span class='ocr_line' id='line_1_30' title="bbox 436 2673 2020 2745; baseline 0.004 -22"><span class='ocrx_word' id='word_1_178' title='bbox 436 2686 618 2741; x_wconf 53' lang='lat' dir='ltr'><strong>tamen</strong></span> <span class='ocrx_word' id='word_1_179' title='bbox 649 2673 715 2728; x_wconf 90' lang='lat' dir='ltr'><strong>ad</strong></span> <span class='ocrx_word' id='word_1_180' title='bbox 755 2688 952 2729; x_wconf 90' lang='lat' dir='ltr'><strong>manus</strong></span> <span class='ocrx_word' id='word_1_181' title='bbox 973 2683 1200 2730; x_wconf 87' lang='lat' dir='ltr'><strong>ventum</strong></span> <span class='ocrx_word' id='word_1_182' title='bbox 1223 2683 1340 2741; x_wconf 91' lang='lat' dir='ltr'><strong>est;</strong></span> <span class='ocrx_word' id='word_1_183' title='bbox 1375 2674 1546 2745; x_wconf 86' lang='lat' dir='ltr'><strong>idque</strong></span> <span class='ocrx_word' id='word_1_184' title='bbox 1599 2691 1700 2745; x_wconf 88' lang='lat' dir='ltr'><strong>per</strong></span> <span class='ocrx_word' id='word_1_185' title='bbox 1724 2676 1841 2732; x_wconf 83' lang='lat' dir='ltr'><strong>dies</strong></span> <span class='ocrx_word' id='word_1_186' title='bbox 1871 2693 2020 2730; x_wconf 93' lang='lat' dir='ltr'><strong>com-</strong></span> 
     </span>
    </p>
   </div>
   <div class='ocr_carea' id='block_1_31' title="bbox 433 2761 2017 2838">
    <p class='ocr_par' dir='ltr' id='par_1_31' title="bbox 433 2761 2017 2838">
     <span class='ocr_line' id='line_1_31' title="bbox 433 2761 2017 2838; baseline 0.006 -25"><span class='ocrx_word' id='word_1_187' title='bbox 433 2761 625 2830; x_wconf 87' lang='lat' dir='ltr'><strong>plures</strong></span> <span class='ocrx_word' id='word_1_188' title='bbox 672 2766 898 2821; x_wconf 88' lang='lat' dir='ltr'><strong>factum.</strong></span> <span class='ocrx_word' id='word_1_189' title='bbox 953 2766 1059 2823; x_wconf 82' lang='lat' dir='ltr'><strong>Sed</strong></span> <span class='ocrx_word' id='word_1_190' title='bbox 1118 2766 1418 2836; x_wconf 88' lang='lat' dir='ltr'><strong>aliquando</strong></span> <span class='ocrx_word' id='word_1_191' title='bbox 1467 2782 1647 2838; x_wconf 88' lang='lat' dir='ltr'><strong>pugna</strong></span> <span class='ocrx_word' id='word_1_192' title='bbox 1705 2769 2017 2832; x_wconf 83' lang='lat' dir='ltr'><strong>commissa,</strong></span> 
     </span>
    </p>
   </div>
   <div class='ocr_carea' id='block_1_32' title="bbox 436 2855 2021 2932">
    <p class='ocr_par' dir='ltr' id='par_1_32' title="bbox 436 2855 2021 2932">
     <span class='ocr_line' id='line_1_32' title="bbox 436 2855 2021 2932; baseline 0.006 -24"><span class='ocrx_word' id='word_1_193' title='bbox 436 2855 990 2928; x_wconf 76' lang='lat' dir='ltr'><strong>Carthaginiensibus</strong></span> <span class='ocrx_word' id='word_1_194' title='bbox 1007 2875 1314 2932; x_wconf 86' lang='lat' dir='ltr'><strong>eorumque</strong></span> <span class='ocrx_word' id='word_1_195' title='bbox 1338 2859 1507 2916; x_wconf 87' lang='lat' dir='ltr'><strong>sociis</strong></span> <span class='ocrx_word' id='word_1_196' title='bbox 1540 2861 1722 2926; x_wconf 88' lang='lat' dir='ltr'><strong>victis,</strong></span> <span class='ocrx_word' id='word_1_197' title='bbox 1750 2870 2021 2930; x_wconf 87' lang='lat' dir='ltr'><strong>captaque</strong></span> 
     </span>
    </p>
   </div>
   <div class='ocr_carea' id='block_1_33' title="bbox 437 2949 2017 3018">
    <p class='ocr_par' dir='ltr' id='par_1_33' title="bbox 437 2949 2017 3018">
     <span class='ocr_line' id='line_1_33' title="bbox 437 2949 2017 3018; baseline 0.005 -17"><span class='ocrx_word' id='word_1_198' title='bbox 437 2949 767 3016; x_wconf 82' lang='lat' dir='ltr'><strong>munitione,</strong></span> <span class='ocrx_word' id='word_1_199' title='bbox 798 2954 1029 3010; x_wconf 73' lang='lat' dir='ltr'><strong>Ronnani</strong></span> <span class='ocrx_word' id='word_1_200' title='bbox 1049 2969 1361 3012; x_wconf 88' lang='lat' dir='ltr'><strong>commeatu</strong></span> <span class='ocrx_word' id='word_1_201' title='bbox 1395 2959 1469 3014; x_wconf 90' lang='lat' dir='ltr'><strong>ibi</strong></span> <span class='ocrx_word' id='word_1_202' title='bbox 1501 2959 1733 3012; x_wconf 86' lang='lat' dir='ltr'><strong>invento</strong></span> <span class='ocrx_word' id='word_1_203' title='bbox 1759 2956 1840 3010; x_wconf 91' lang='lat' dir='ltr'><strong>usi</strong></span> <span class='ocrx_word' id='word_1_204' title='bbox 1868 2964 2017 3018; x_wconf 87' lang='lat' dir='ltr'><strong>sunt,</strong></span> 
     </span>
    </p>
   </div>
   <div class='ocr_carea' id='block_1_34' title="bbox 2105 471 3685 547">
    <p class='ocr_par' dir='ltr' id='par_1_34' title="bbox 2105 471 3685 547">
     <span class='ocr_line' id='line_1_34' title="bbox 2105 471 3685 547; baseline -0.004 -16"><span class='ocrx_word' id='word_1_205' title='bbox 2105 480 2527 547; x_wconf 86' lang='grc' dir='ltr'><strong>προῦπήντησεν</strong></span> <span class='ocrx_word' id='word_1_206' title='bbox 2569 474 2735 544; x_wconf 73' lang='grc' dir='ltr'><strong>αὐτῷ,</strong></span> <span class='ocrx_word' id='word_1_207' title='bbox 2788 474 2880 526; x_wconf 75' lang='grc' dir='ltr'><strong>καὶ</strong></span> <span class='ocrx_word' id='word_1_208' title='bbox 2924 474 2981 526; x_wconf 83' lang='grc' dir='ltr'><strong>ἐν</strong></span> <span class='ocrx_word' id='word_1_209' title='bbox 3022 471 3101 541; x_wconf 82' lang='grc' dir='ltr'><strong>τῷ</strong></span> <span class='ocrx_word' id='word_1_210' title='bbox 3126 472 3473 542; x_wconf 77' lang='grc' dir='ltr'><strong>στρατοπέδῳ</strong></span> <span class='ocrx_word' id='word_1_211' title='bbox 3513 472 3685 525; x_wconf 75' lang='grc' dir='ltr'><strong>αὐτοῦ</strong></span> 
     </span>
    </p>
   </div>
   <div class='ocr_carea' id='block_1_35' title="bbox 2103 563 3691 640">
    <p class='ocr_par' dir='ltr' id='par_1_35' title="bbox 2103 563 3691 640">
     <span class='ocr_line' id='line_1_35' title="bbox 2103 563 3691 640; baseline -0.006 -17"><span class='ocrx_word' id='word_1_212' title='bbox 2103 574 2386 640; x_wconf 80' lang='grc' dir='ltr'><strong>κρατήσας</strong></span> <span class='ocrx_word' id='word_1_213' title='bbox 2433 567 2775 636; x_wconf 83' lang='grc' dir='ltr'><strong>ἐνηυλίσατο.</strong></span> <span class='ocrx_word' id='word_1_214' title='bbox 2805 566 2897 619; x_wconf 71' lang='grc' dir='ltr'><strong>καὶ</strong></span> <span class='ocrx_word' id='word_1_215' title='bbox 2929 564 3160 625; x_wconf 76' lang='grc' dir='ltr'><strong>πολλοὺς</strong></span> <span class='ocrx_word' id='word_1_216' title='bbox 3203 563 3315 615; x_wconf 85' lang='grc' dir='ltr'><strong>τῶν</strong></span> <span class='ocrx_word' id='word_1_217' title='bbox 3361 564 3477 616; x_wconf 79' lang='grc' dir='ltr'><strong>ἐκεῖ</strong></span> <span class='ocrx_word' id='word_1_218' title='bbox 3511 581 3691 632; x_wconf 82' lang='grc' dir='ltr'><strong>προσ-</strong></span> 
     </span>
    </p>
   </div>
   <div class='ocr_carea' id='block_1_36' title="bbox 2102 656 3688 733">
    <p class='ocr_par' dir='ltr' id='par_1_36' title="bbox 2102 656 3688 733">
     <span class='ocr_line' id='line_1_36' title="bbox 2102 656 3688 733; baseline -0.006 -18"><span class='ocrx_word' id='word_1_219' title='bbox 2102 664 2419 733; x_wconf 84' lang='grc' dir='ltr'><strong>εποιήσατο.</strong></span> <span class='ocrx_word' id='word_1_220' title='bbox 2450 657 2559 714; x_wconf 87' lang='grc' dir='ltr'><strong>Ἦν</strong></span> <span class='ocrx_word' id='word_1_221' title='bbox 2586 662 2684 729; x_wconf 85' lang='grc' dir='ltr'><strong>μὲν</strong></span> <span class='ocrx_word' id='word_1_222' title='bbox 2719 659 2828 727; x_wconf 81' lang='grc' dir='ltr'><strong>γὰρ</strong></span> <span class='ocrx_word' id='word_1_223' title='bbox 2853 660 2911 711; x_wconf 89' lang='grc' dir='ltr'><strong>ἐν</strong></span> <span class='ocrx_word' id='word_1_224' title='bbox 2934 659 3055 720; x_wconf 85' lang='grc' dir='ltr'><strong>ταῖς</strong></span> <span class='ocrx_word' id='word_1_225' title='bbox 3092 656 3453 726; x_wconf 81' lang='grc' dir='ltr'><strong>στρατηγίαις</strong></span> <span class='ocrx_word' id='word_1_226' title='bbox 3480 656 3688 718; x_wconf 75' lang='grc' dir='ltr'><strong>δεινὸς,</strong></span> 
     </span>
    </p>
   </div>
   <div class='ocr_carea' id='block_1_37' title="bbox 2104 747 3694 821">
    <p class='ocr_par' dir='ltr' id='par_1_37' title="bbox 2104 747 3694 821">
     <span class='ocr_line' id='line_1_37' title="bbox 2104 747 3694 821; baseline -0.005 -15"><span class='ocrx_word' id='word_1_227' title='bbox 2104 755 2162 806; x_wconf 91' lang='grc' dir='ltr'><strong>ἐν</strong></span> <span class='ocrx_word' id='word_1_228' title='bbox 2194 753 2252 805; x_wconf 84' lang='grc' dir='ltr'><strong>δέ</strong></span> <span class='ocrx_word' id='word_1_229' title='bbox 2293 754 2411 814; x_wconf 75' lang='grc' dir='ltr'><strong>ταῖς</strong></span> <span class='ocrx_word' id='word_1_230' title='bbox 2440 750 2680 821; x_wconf 81' lang='grc' dir='ltr'><strong>ὁμιλίαις</strong></span> <span class='ocrx_word' id='word_1_231' title='bbox 2709 748 2982 818; x_wconf 79' lang='grc' dir='ltr'><strong>ἐπιεικὴς,</strong></span> <span class='ocrx_word' id='word_1_232' title='bbox 3028 753 3121 801; x_wconf 71' lang='grc' dir='ltr'><strong>καὶ</strong></span> <span class='ocrx_word' id='word_1_233' title='bbox 3158 749 3215 811; x_wconf 86' lang='grc' dir='ltr'><strong>ἐς</strong></span> <span class='ocrx_word' id='word_1_234' title='bbox 3258 748 3356 816; x_wconf 76' lang='grc' dir='ltr'><strong>μὲν</strong></span> <span class='ocrx_word' id='word_1_235' title='bbox 3385 748 3513 810; x_wconf 81' lang='grc' dir='ltr'><strong>τοὺς</strong></span> <span class='ocrx_word' id='word_1_236' title='bbox 3560 747 3694 800; x_wconf 78' lang='grc' dir='ltr'><strong>ἀνθ-</strong></span> 
     </span>
    </p>
   </div>
   <div class='ocr_carea' id='block_1_38' title="bbox 2107 838 3731 914">
    <p class='ocr_par' dir='ltr' id='par_1_38' title="bbox 2107 838 3731 914">
     <span class='ocr_line' id='line_1_38' title="bbox 2107 838 3731 914; baseline -0.006 -14"><span class='ocrx_word' id='word_1_237' title='bbox 2107 845 2429 914; x_wconf 83' lang='grc' dir='ltr'><strong>ισταμένους</strong></span> <span class='ocrx_word' id='word_1_238' title='bbox 2458 843 2710 912; x_wconf 76' lang='grc' dir='ltr'><strong>φοόερδς,</strong></span> <span class='ocrx_word' id='word_1_239' title='bbox 2751 845 2807 906; x_wconf 83' lang='grc' dir='ltr'><strong>ἐς</strong></span> <span class='ocrx_word' id='word_1_240' title='bbox 2831 842 2890 895; x_wconf 76' lang='grc' dir='ltr'><strong>δὲ</strong></span> <span class='ocrx_word' id='word_1_241' title='bbox 2918 843 3046 905; x_wconf 79' lang='grc' dir='ltr'><strong>τοὺς</strong></span> <span class='ocrx_word' id='word_1_242' title='bbox 3067 841 3391 902; x_wconf 87' lang='grc' dir='ltr'><strong>ύπείκοντας</strong></span> <span class='ocrx_word' id='word_1_243' title='bbox 3416 840 3509 892; x_wconf 71' lang='grc' dir='ltr'><strong>καὶ</strong></span> <span class='ocrx_word' id='word_1_244' title='bbox 3541 838 3693 907; x_wconf 88' lang='grc' dir='ltr'><strong>μάλα</strong></span> <span class='ocrx_word' id='word_1_245' title='bbox 3728 869 3731 872; x_wconf 55' lang='grc' dir='ltr'><strong>ι</strong></span> 
     </span>
    </p>
   </div>
   <div class='ocr_carea' id='block_1_39' title="bbox 2105 931 3696 1007">
    <p class='ocr_par' dir='ltr' id='par_1_39' title="bbox 2105 931 3696 1007">
     <span class='ocr_line' id='line_1_39' title="bbox 2105 931 3696 1007; baseline -0.006 -17"><span class='ocrx_word' id='word_1_246' title='bbox 2105 937 2506 1007; x_wconf 81' lang='grc' dir='ltr'><strong>φιλάνθρωπος.</strong></span> <span class='ocrx_word' id='word_1_247' title='bbox 2562 935 2814 989; x_wconf 81' lang='grc' dir='ltr'><strong>Μάλιστα</strong></span> <span class='ocrx_word' id='word_1_248' title='bbox 2870 933 2918 986; x_wconf 85' lang='grc' dir='ltr'><strong>δ’</strong></span> <span class='ocrx_word' id='word_1_249' title='bbox 2951 934 3038 986; x_wconf 87' lang='grc' dir='ltr'><strong>ὄτι</strong></span> <span class='ocrx_word' id='word_1_250' title='bbox 3096 933 3192 985; x_wconf 70' lang='grc' dir='ltr'><strong>καὶ</strong></span> <span class='ocrx_word' id='word_1_251' title='bbox 3250 931 3493 995; x_wconf 87' lang='grc' dir='ltr'><strong>ἐθείασε,</strong></span> <span class='ocrx_word' id='word_1_252' title='bbox 3555 947 3696 998; x_wconf 66' lang='grc' dir='ltr'><strong>προ-</strong></span> 
     </span>
    </p>
   </div>
   <div class='ocr_carea' id='block_1_40' title="bbox 2106 1019 3692 1097">
    <p class='ocr_par' dir='ltr' id='par_1_40' title="bbox 2106 1019 3692 1097">
     <span class='ocr_line' id='line_1_40' title="bbox 2106 1019 3692 1097; baseline -0.006 -16"><span class='ocrx_word' id='word_1_253' title='bbox 2106 1026 2276 1081; x_wconf 85' lang='grc' dir='ltr'><strong>ειπὼν</strong></span> <span class='ocrx_word' id='word_1_254' title='bbox 2309 1027 2386 1090; x_wconf 84' lang='grc' dir='ltr'><strong>ὡς</strong></span> <span class='ocrx_word' id='word_1_255' title='bbox 2432 1028 2492 1080; x_wconf 76' lang='grc' dir='ltr'><strong>ἐν</strong></span> <span class='ocrx_word' id='word_1_256' title='bbox 2542 1028 2609 1097; x_wconf 79' lang='grc' dir='ltr'><strong>τῇ</strong></span> <span class='ocrx_word' id='word_1_257' title='bbox 2645 1023 2753 1078; x_wconf 79' lang='grc' dir='ltr'><strong>τῶν</strong></span> <span class='ocrx_word' id='word_1_258' title='bbox 2804 1022 3085 1093; x_wconf 87' lang='grc' dir='ltr'><strong>πολεμίων</strong></span> <span class='ocrx_word' id='word_1_259' title='bbox 3136 1019 3692 1089; x_wconf 85' lang='grc' dir='ltr'><strong>στρατοπεδεύσοιτο,</strong></span> 
     </span>
    </p>
   </div>
   <div class='ocr_carea' id='block_1_41' title="bbox 2108 1112 3698 1188">
    <p class='ocr_par' dir='ltr' id='par_1_41' title="bbox 2108 1112 3698 1188">
     <span class='ocr_line' id='line_1_41' title="bbox 2108 1112 3698 1188; baseline -0.006 -15"><span class='ocrx_word' id='word_1_260' title='bbox 2108 1119 2310 1180; x_wconf 86' lang='grc' dir='ltr'><strong>πάντες</strong></span> <span class='ocrx_word' id='word_1_261' title='bbox 2337 1118 2542 1187; x_wconf 90' lang='grc' dir='ltr'><strong>ἐτίμων</strong></span> <span class='ocrx_word' id='word_1_262' title='bbox 2576 1116 2761 1171; x_wconf 77' lang='grc' dir='ltr'><strong>αὐτόν.</strong></span> <span class='ocrx_word' id='word_1_263' title='bbox 2795 1118 2859 1172; x_wconf 77' lang='lat' dir='ltr'><strong>Ol</strong></span> <span class='ocrx_word' id='word_1_264' title='bbox 2887 1115 2933 1170; x_wconf 86' lang='grc' dir='ltr'><strong>δ’</strong></span> <span class='ocrx_word' id='word_1_265' title='bbox 2966 1114 3185 1188; x_wconf 77' lang='grc' dir='ltr'><strong>Ἴϐηρες</strong></span> <span class='ocrx_word' id='word_1_266' title='bbox 3217 1114 3311 1167; x_wconf 77' lang='grc' dir='ltr'><strong>καὶ</strong></span> <span class='ocrx_word' id='word_1_267' title='bbox 3334 1112 3565 1183; x_wconf 67' lang='grc' dir='ltr'><strong>βασιλέα</strong></span> <span class='ocrx_word' id='word_1_268' title='bbox 3599 1113 3698 1180; x_wconf 81' lang='grc' dir='ltr'><strong>μὲ-</strong></span> 
     </span>
    </p>
   </div>
   <div class='ocr_carea' id='block_1_42' title="bbox 2106 1206 3700 1281">
    <p class='ocr_par' dir='ltr' id='par_1_42' title="bbox 2106 1206 3700 1281">
     <span class='ocr_line' id='line_1_42' title="bbox 2106 1206 3700 1281; baseline -0.006 -14"><span class='ocrx_word' id='word_1_269' title='bbox 2106 1229 2210 1281; x_wconf 86' lang='grc' dir='ltr'><strong>γαν</strong></span> <span class='ocrx_word' id='word_1_270' title='bbox 2230 1210 2535 1280; x_wconf 77' lang='grc' dir='ltr'><strong>ὠνόμαζον.</strong></span> <span class='ocrx_word' id='word_1_271' title='bbox 2577 1210 2637 1263; x_wconf 84' lang='lat'><strong>&#39;0</strong></span> <span class='ocrx_word' id='word_1_272' title='bbox 2659 1209 2703 1264; x_wconf 83' lang='grc' dir='ltr'><strong>δ’</strong></span> <span class='ocrx_word' id='word_1_273' title='bbox 2725 1207 3057 1279; x_wconf 80' lang='grc' dir='ltr'><strong>’Λσδρούόας</strong></span> <span class='ocrx_word' id='word_1_274' title='bbox 3087 1206 3399 1270; x_wconf 79' lang='grc' dir='ltr'><strong>ἀπελπίσας</strong></span> <span class='ocrx_word' id='word_1_275' title='bbox 3424 1207 3525 1277; x_wconf 80' lang='grc' dir='ltr'><strong>τὴν</strong></span> <span class='ocrx_word' id='word_1_276' title='bbox 3553 1206 3700 1275; x_wconf 78' lang='grc' dir='ltr'><strong>’16η-</strong></span> 
     </span>
    </p>
   </div>
   <div class='ocr_carea' id='block_1_43' title="bbox 2111 1297 3697 1376">
    <p class='ocr_par' dir='ltr' id='par_1_43' title="bbox 2111 1297 3697 1376">
     <span class='ocr_line' id='line_1_43' title="bbox 2111 1297 3697 1376; baseline -0.008 -18"><span class='ocrx_word' id='word_1_277' title='bbox 2111 1306 2235 1376; x_wconf 86' lang='grc' dir='ltr'><strong>ρίαν</strong></span> <span class='ocrx_word' id='word_1_278' title='bbox 2264 1304 2474 1374; x_wconf 81' lang='grc' dir='ltr'><strong>ἀπᾶραι</strong></span> <span class='ocrx_word' id='word_1_279' title='bbox 2506 1302 2643 1373; x_wconf 73' lang='grc' dir='ltr'><strong>πρὸς</strong></span> <span class='ocrx_word' id='word_1_280' title='bbox 2668 1303 2769 1373; x_wconf 82' lang='grc' dir='ltr'><strong>τὴν</strong></span> <span class='ocrx_word' id='word_1_281' title='bbox 2799 1300 3036 1355; x_wconf 83' lang='grc' dir='ltr'><strong>Ἰταλίαν</strong></span> <span class='ocrx_word' id='word_1_282' title='bbox 3067 1299 3342 1353; x_wconf 74' lang='grc' dir='ltr'><strong>ἐϐούλετο.</strong></span> <span class='ocrx_word' id='word_1_283' title='bbox 3379 1298 3492 1353; x_wconf 71' lang='grc' dir='ltr'><strong>Καὶ</strong></span> <span class='ocrx_word' id='word_1_284' title='bbox 3526 1299 3586 1348; x_wconf 81' lang='grc' dir='ltr'><strong>ἐν</strong></span> <span class='ocrx_word' id='word_1_285' title='bbox 3615 1297 3697 1367; x_wconf 82' lang='grc' dir='ltr'><strong>τῷ</strong></span> 
     </span>
    </p>
   </div>
   <div class='ocr_carea' id='block_1_44' title="bbox 2109 1391 3696 1469">
    <p class='ocr_par' dir='ltr' id='par_1_44' title="bbox 2109 1391 3696 1469">
     <span class='ocr_line' id='line_1_44' title="bbox 2109 1391 3696 1469; baseline -0.006 -20"><span class='ocrx_word' id='word_1_286' title='bbox 2109 1397 2338 1469; x_wconf 83' lang='grc' dir='ltr'><strong>χειμῶνι</strong></span> <span class='ocrx_word' id='word_1_287' title='bbox 2377 1395 2860 1464; x_wconf 74' lang='grc' dir='ltr'><strong>συσκευασάμενος</strong></span> <span class='ocrx_word' id='word_1_288' title='bbox 2909 1394 2937 1447; x_wconf 86' lang='grc' dir='ltr'><strong>ὁ</strong></span> <span class='ocrx_word' id='word_1_289' title='bbox 2989 1393 3086 1463; x_wconf 85' lang='grc' dir='ltr'><strong>μὲν</strong></span> <span class='ocrx_word' id='word_1_290' title='bbox 3118 1391 3369 1461; x_wconf 83' lang='grc' dir='ltr'><strong>ὥρμητο,</strong></span> <span class='ocrx_word' id='word_1_291' title='bbox 3396 1391 3446 1443; x_wconf 75' lang='lat' dir='ltr'><strong>oi</strong></span> <span class='ocrx_word' id='word_1_292' title='bbox 3483 1391 3540 1442; x_wconf 74' lang='grc' dir='ltr'><strong>δὲ</strong></span> <span class='ocrx_word' id='word_1_293' title='bbox 3596 1407 3696 1440; x_wconf 84' lang='grc' dir='ltr'><strong>συ-</strong></span> 
     </span>
    </p>
   </div>
   <div class='ocr_carea' id='block_1_45' title="bbox 2111 1482 3702 1559">
    <p class='ocr_par' dir='ltr' id='par_1_45' title="bbox 2111 1482 3702 1559">
     <span class='ocr_line' id='line_1_45' title="bbox 2111 1482 3702 1559; baseline -0.007 -17"><span class='ocrx_word' id='word_1_294' title='bbox 2111 1490 2412 1559; x_wconf 80' lang='grc' dir='ltr'><strong>στράτηγοι</strong></span> <span class='ocrx_word' id='word_1_295' title='bbox 2443 1488 2611 1542; x_wconf 76' lang='grc' dir='ltr'><strong>αὐτοῦ</strong></span> <span class='ocrx_word' id='word_1_296' title='bbox 2664 1487 2808 1541; x_wconf 85' lang='grc' dir='ltr'><strong>κατά</strong></span> <span class='ocrx_word' id='word_1_297' title='bbox 2842 1485 3030 1557; x_wconf 80' lang='grc' dir='ltr'><strong>χώραν</strong></span> <span class='ocrx_word' id='word_1_298' title='bbox 3085 1484 3395 1555; x_wconf 83' lang='grc' dir='ltr'><strong>μείναντες,</strong></span> <span class='ocrx_word' id='word_1_299' title='bbox 3429 1482 3702 1551; x_wconf 76' lang='grc' dir='ltr'><strong>ἀσχολίαν</strong></span> 
     </span>
    </p>
   </div>
   <div class='ocr_carea' id='block_1_46' title="bbox 2109 1570 3701 1651">
    <p class='ocr_par' dir='ltr' id='par_1_46' title="bbox 2109 1570 3701 1651">
     <span class='ocr_line' id='line_1_46' title="bbox 2109 1570 3701 1651; baseline -0.006 -17"><span class='ocrx_word' id='word_1_300' title='bbox 2109 1583 2187 1651; x_wconf 82' lang='grc' dir='ltr'><strong>τῷ</strong></span> <span class='ocrx_word' id='word_1_301' title='bbox 2247 1570 2511 1635; x_wconf 85' lang='grc' dir='ltr'><strong>Σκιπίωνι</strong></span> <span class='ocrx_word' id='word_1_302' title='bbox 2568 1582 2852 1650; x_wconf 79' lang='grc' dir='ltr'><strong>παρεῖχον,</strong></span> <span class='ocrx_word' id='word_1_303' title='bbox 2885 1577 3027 1632; x_wconf 76' lang='grc' dir='ltr'><strong>ὥστε</strong></span> <span class='ocrx_word' id='word_1_304' title='bbox 3092 1577 3166 1646; x_wconf 84' lang='grc' dir='ltr'><strong>μὴ</strong></span> <span class='ocrx_word' id='word_1_305' title='bbox 3218 1575 3308 1629; x_wconf 83' lang='grc' dir='ltr'><strong>τδν</strong></span> <span class='ocrx_word' id='word_1_306' title='bbox 3353 1574 3701 1644; x_wconf 72' lang='grc' dir='ltr'><strong>’Λσδρούόαν</strong></span> 
     </span>
    </p>
   </div>
   <div class='ocr_carea' id='block_1_47' title="bbox 2112 1666 3701 1744">
    <p class='ocr_par' dir='ltr' id='par_1_47' title="bbox 2112 1666 3701 1744">
     <span class='ocr_line' id='line_1_47' title="bbox 2112 1666 3701 1744; baseline -0.008 -16"><span class='ocrx_word' id='word_1_307' title='bbox 2112 1673 2420 1739; x_wconf 76' lang='grc' dir='ltr'><strong>ἐπιδιῶξαι,</strong></span> <span class='ocrx_word' id='word_1_308' title='bbox 2467 1674 2604 1744; x_wconf 80' lang='grc' dir='ltr'><strong>μήτε</strong></span> <span class='ocrx_word' id='word_1_309' title='bbox 2634 1675 2749 1734; x_wconf 79' lang='grc' dir='ltr'><strong>τοῖς</strong></span> <span class='ocrx_word' id='word_1_310' title='bbox 2798 1673 2856 1725; x_wconf 86' lang='grc' dir='ltr'><strong>ἐν</strong></span> <span class='ocrx_word' id='word_1_311' title='bbox 2886 1672 2952 1741; x_wconf 79' lang='grc' dir='ltr'><strong>τῇ</strong></span> <span class='ocrx_word' id='word_1_312' title='bbox 2981 1668 3187 1740; x_wconf 80' lang='grc' dir='ltr'><strong>Ἰταλίᾳ</strong></span> <span class='ocrx_word' id='word_1_313' title='bbox 3227 1666 3524 1733; x_wconf 86' lang='grc' dir='ltr'><strong>Ῥωμαίοις</strong></span> <span class='ocrx_word' id='word_1_314' title='bbox 3574 1666 3701 1716; x_wconf 85' lang='grc' dir='ltr'><strong>ἐπι-</strong></span> 
     </span>
    </p>
   </div>
   <div class='ocr_carea' id='block_1_48' title="bbox 2113 1755 3701 1835">
    <p class='ocr_par' dir='ltr' id='par_1_48' title="bbox 2113 1755 3701 1835">
     <span class='ocr_line' id='line_1_48' title="bbox 2113 1755 3701 1835; baseline -0.008 -17"><span class='ocrx_word' id='word_1_315' title='bbox 2113 1766 2370 1835; x_wconf 79' lang='grc' dir='ltr'><strong>κουφίσαι</strong></span> <span class='ocrx_word' id='word_1_316' title='bbox 2411 1764 2504 1815; x_wconf 62' lang='grc' dir='ltr'><strong>τὸν</strong></span> <span class='ocrx_word' id='word_1_317' title='bbox 2534 1763 2770 1832; x_wconf 79' lang='grc' dir='ltr'><strong>πόλεμον</strong></span> <span class='ocrx_word' id='word_1_318' title='bbox 2800 1760 3108 1831; x_wconf 80' lang='grc' dir='ltr'><strong>γινομένοις</strong></span> <span class='ocrx_word' id='word_1_319' title='bbox 3154 1759 3290 1821; x_wconf 79' lang='grc' dir='ltr'><strong>ἐκεῖ,</strong></span> <span class='ocrx_word' id='word_1_320' title='bbox 3329 1757 3362 1826; x_wconf 82' lang='grc' dir='ltr'><strong>ἢ</strong></span> <span class='ocrx_word' id='word_1_321' title='bbox 3410 1756 3552 1825; x_wconf 67' lang='grc' dir='ltr'><strong>προς</strong></span> <span class='ocrx_word' id='word_1_322' title='bbox 3598 1755 3701 1823; x_wconf 71' lang='grc' dir='ltr'><strong>τὴν</strong></span> 
     </span>
    </p>
   </div>
   <div class='ocr_carea' id='block_1_49' title="bbox 2112 1846 3704 1930">
    <p class='ocr_par' dir='ltr' id='par_1_49' title="bbox 2112 1846 3704 1930">
     <span class='ocr_line' id='line_1_49' title="bbox 2112 1846 3704 1930; baseline -0.007 -19"><span class='ocrx_word' id='word_1_323' title='bbox 2112 1858 2440 1930; x_wconf 78' lang='grc' dir='ltr'><strong>Καρχηδόνα</strong></span> <span class='ocrx_word' id='word_1_324' title='bbox 2464 1854 2716 1910; x_wconf 74' lang='grc' dir='ltr'><strong>πλεῦσαι.</strong></span> <span class='ocrx_word' id='word_1_325' title='bbox 2758 1853 2816 1907; x_wconf 86' lang='lat'><strong>&#39;0</strong></span> <span class='ocrx_word' id='word_1_326' title='bbox 2841 1853 2898 1906; x_wconf 78' lang='grc' dir='ltr'><strong>δὲ</strong></span> <span class='ocrx_word' id='word_1_327' title='bbox 2930 1851 3174 1906; x_wconf 75' lang='grc' dir='ltr'><strong>Σκιπίων</strong></span> <span class='ocrx_word' id='word_1_328' title='bbox 3195 1850 3286 1904; x_wconf 76' lang='grc' dir='ltr'><strong>τὸν</strong></span> <span class='ocrx_word' id='word_1_329' title='bbox 3315 1849 3416 1919; x_wconf 81' lang='grc' dir='ltr'><strong>μὲν</strong></span> <span class='ocrx_word' id='word_1_330' title='bbox 3439 1846 3704 1918; x_wconf 81' lang='grc' dir='ltr'><strong>’Δσδρού-</strong></span> 
     </span>
    </p>
   </div>
   <div class='ocr_carea' id='block_1_50' title="bbox 2113 1943 3704 2018">
    <p class='ocr_par' dir='ltr' id='par_1_50' title="bbox 2113 1943 3704 2018">
     <span class='ocr_line' id='line_1_50' title="bbox 2113 1943 3704 2018; baseline -0.007 -13"><span class='ocrx_word' id='word_1_331' title='bbox 2113 1953 2216 2008; x_wconf 78' lang='grc' dir='ltr'><strong>σαν</strong></span> <span class='ocrx_word' id='word_1_332' title='bbox 2266 1953 2368 2006; x_wconf 82' lang='grc' dir='ltr'><strong>οὐκ</strong></span> <span class='ocrx_word' id='word_1_333' title='bbox 2420 1948 2712 2014; x_wconf 83' lang='grc' dir='ltr'><strong>ἐπεδίωξε·</strong></span> <span class='ocrx_word' id='word_1_334' title='bbox 2745 1946 2964 2018; x_wconf 78' lang='grc' dir='ltr'><strong>πέμψας</strong></span> <span class='ocrx_word' id='word_1_335' title='bbox 2985 1944 3042 1999; x_wconf 79' lang='grc' dir='ltr'><strong>δὲ</strong></span> <span class='ocrx_word' id='word_1_336' title='bbox 3090 1944 3541 2014; x_wconf 81' lang='grc' dir='ltr'><strong>δρομοκήρυκας,</strong></span> <span class='ocrx_word' id='word_1_337' title='bbox 3598 1943 3704 2012; x_wconf 77' lang='grc' dir='ltr'><strong>τὴν</strong></span> 
     </span>
    </p>
   </div>
   <div class='ocr_carea' id='block_1_51' title="bbox 2114 2033 3695 2111">
    <p class='ocr_par' dir='ltr' id='par_1_51' title="bbox 2114 2033 3695 2111">
     <span class='ocr_line' id='line_1_51' title="bbox 2114 2033 3695 2111; baseline -0.006 -17"><span class='ocrx_word' id='word_1_338' title='bbox 2114 2042 2377 2111; x_wconf 74' lang='grc' dir='ltr'><strong>πρόσοδον</strong></span> <span class='ocrx_word' id='word_1_339' title='bbox 2401 2039 2567 2093; x_wconf 80' lang='grc' dir='ltr'><strong>αὑτοῦ</strong></span> <span class='ocrx_word' id='word_1_340' title='bbox 2591 2041 2705 2102; x_wconf 86' lang='grc' dir='ltr'><strong>τοῖς</strong></span> <span class='ocrx_word' id='word_1_341' title='bbox 2734 2041 2792 2091; x_wconf 88' lang='grc' dir='ltr'><strong>ἐν</strong></span> <span class='ocrx_word' id='word_1_342' title='bbox 2822 2040 2889 2109; x_wconf 74' lang='grc' dir='ltr'><strong>τῇ</strong></span> <span class='ocrx_word' id='word_1_343' title='bbox 2929 2033 3121 2110; x_wconf 79' lang='grc' dir='ltr'><strong>Ῥώμῃ</strong></span> <span class='ocrx_word' id='word_1_344' title='bbox 3144 2034 3212 2088; x_wconf 83' lang='grc' dir='ltr'><strong>δι’</strong></span> <span class='ocrx_word' id='word_1_345' title='bbox 3241 2033 3423 2093; x_wconf 76' lang='grc' dir='ltr'><strong>αὐτῶν</strong></span> <span class='ocrx_word' id='word_1_346' title='bbox 3447 2033 3666 2102; x_wconf 83' lang='grc' dir='ltr'><strong>προεκή</strong></span> <span class='ocrx_word' id='word_1_347' title='bbox 3684 2064 3695 2070; x_wconf 90' lang='grc'><strong>-</strong></span> 
     </span>
    </p>
   </div>
   <div class='ocr_carea' id='block_1_52' title="bbox 2120 2124 3703 2203">
    <p class='ocr_par' dir='ltr' id='par_1_52' title="bbox 2120 2124 3703 2203">
     <span class='ocr_line' id='line_1_52' title="bbox 2120 2124 3703 2203; baseline -0.006 -18"><span class='ocrx_word' id='word_1_348' title='bbox 2120 2134 2298 2203; x_wconf 80' lang='grc' dir='ltr'><strong>ρυξεν,</strong></span> <span class='ocrx_word' id='word_1_349' title='bbox 2329 2132 2489 2193; x_wconf 68' lang='grc' dir='ltr'><strong>αὐτὸς</strong></span> <span class='ocrx_word' id='word_1_350' title='bbox 2515 2132 2569 2184; x_wconf 85' lang='grc' dir='ltr'><strong>δὲ</strong></span> <span class='ocrx_word' id='word_1_351' title='bbox 2592 2130 2704 2184; x_wconf 80' lang='grc' dir='ltr'><strong>τῶν</strong></span> <span class='ocrx_word' id='word_1_352' title='bbox 2727 2132 2785 2182; x_wconf 87' lang='grc' dir='ltr'><strong>ἐν</strong></span> <span class='ocrx_word' id='word_1_353' title='bbox 2819 2128 3007 2199; x_wconf 76' lang='grc' dir='ltr'><strong>χερσὶν</strong></span> <span class='ocrx_word' id='word_1_354' title='bbox 3026 2127 3225 2196; x_wconf 77' lang='grc' dir='ltr'><strong>εἴχετο.</strong></span> <span class='ocrx_word' id='word_1_355' title='bbox 3258 2125 3363 2178; x_wconf 78' lang='grc' dir='ltr'><strong>Καὶ</strong></span> <span class='ocrx_word' id='word_1_356' title='bbox 3395 2124 3539 2196; x_wconf 84' lang='grc' dir='ltr'><strong>ὀρῶν</strong></span> <span class='ocrx_word' id='word_1_357' title='bbox 3572 2125 3703 2185; x_wconf 70' lang='grc' dir='ltr'><strong>τοὺς</strong></span> 
     </span>
    </p>
   </div>
   <div class='ocr_carea' id='block_1_53' title="bbox 2118 2215 3705 2292">
    <p class='ocr_par' dir='ltr' id='par_1_53' title="bbox 2118 2215 3705 2292">
     <span class='ocr_line' id='line_1_53' title="bbox 2118 2215 3705 2292; baseline -0.006 -15"><span class='ocrx_word' id='word_1_358' title='bbox 2118 2226 2395 2286; x_wconf 77' lang='grc' dir='ltr'><strong>ἐναντίους</strong></span> <span class='ocrx_word' id='word_1_359' title='bbox 2430 2221 2671 2292; x_wconf 87' lang='grc' dir='ltr'><strong>πολλαχῆ</strong></span> <span class='ocrx_word' id='word_1_360' title='bbox 2700 2224 2797 2291; x_wconf 79' lang='grc' dir='ltr'><strong>τῆς</strong></span> <span class='ocrx_word' id='word_1_361' title='bbox 2832 2219 3016 2290; x_wconf 82' lang='grc' dir='ltr'><strong>χώρας</strong></span> <span class='ocrx_word' id='word_1_362' title='bbox 3043 2218 3224 2281; x_wconf 73' lang='grc' dir='ltr'><strong>ὄντας,</strong></span> <span class='ocrx_word' id='word_1_363' title='bbox 3268 2215 3459 2269; x_wconf 86' lang='grc' dir='ltr'><strong>ἐδεδίει</strong></span> <span class='ocrx_word' id='word_1_364' title='bbox 3501 2217 3578 2287; x_wconf 79' lang='grc' dir='ltr'><strong>μή</strong></span> <span class='ocrx_word' id='word_1_365' title='bbox 3623 2232 3705 2267; x_wconf 82' lang='grc' dir='ltr'><strong>τι·</strong></span> 
     </span>
    </p>
   </div>
   <div class='ocr_carea' id='block_1_54' title="bbox 2119 2304 3702 2381">
    <p class='ocr_par' dir='ltr' id='par_1_54' title="bbox 2119 2304 3702 2381">
     <span class='ocr_line' id='line_1_54' title="bbox 2119 2304 3702 2381; baseline -0.008 -14"><span class='ocrx_word' id='word_1_366' title='bbox 2119 2333 2202 2369; x_wconf 86' lang='grc' dir='ltr'><strong>σιν</strong></span> <span class='ocrx_word' id='word_1_367' title='bbox 2260 2313 2443 2366; x_wconf 79' lang='grc' dir='ltr'><strong>αὐτῶν</strong></span> <span class='ocrx_word' id='word_1_368' title='bbox 2496 2310 2805 2380; x_wconf 79' lang='grc' dir='ltr'><strong>προσμίξας</strong></span> <span class='ocrx_word' id='word_1_369' title='bbox 2840 2310 2940 2381; x_wconf 26' lang='grc' dir='ltr'><strong>,είς</strong></span> <span class='ocrx_word' id='word_1_370' title='bbox 2989 2307 3049 2361; x_wconf 82' lang='grc' dir='ltr'><strong>ἓν</strong></span> <span class='ocrx_word' id='word_1_371' title='bbox 3108 2304 3359 2360; x_wconf 74' lang='grc' dir='ltr'><strong>ἅπαντας</strong></span> <span class='ocrx_word' id='word_1_372' title='bbox 3414 2304 3702 2373; x_wconf 78' lang='grc' dir='ltr'><strong>συναγάγῃ</strong></span> 
     </span>
    </p>
   </div>
   <div class='ocr_carea' id='block_1_55' title="bbox 2118 2397 3705 2477">
    <p class='ocr_par' dir='ltr' id='par_1_55' title="bbox 2118 2397 3705 2477">
     <span class='ocr_line' id='line_1_55' title="bbox 2118 2397 3705 2477; baseline -0.011 -15"><span class='ocrx_word' id='word_1_373' title='bbox 2118 2407 2365 2477; x_wconf 62' lang='grc' dir='ltr'><strong>ἀλλήλοις</strong></span> <span class='ocrx_word' id='word_1_374' title='bbox 2388 2405 2878 2476; x_wconf 83' lang='grc' dir='ltr'><strong>ἐπικουρήσοντας.</strong></span> <span class='ocrx_word' id='word_1_375' title='bbox 2901 2401 3073 2464; x_wconf 78' lang='grc' dir='ltr'><strong>Αὐτὸς</strong></span> <span class='ocrx_word' id='word_1_376' title='bbox 3098 2401 3196 2470; x_wconf 78' lang='grc' dir='ltr'><strong>μὲν</strong></span> <span class='ocrx_word' id='word_1_377' title='bbox 3222 2397 3314 2452; x_wconf 78' lang='grc' dir='ltr'><strong>οὖν</strong></span> <span class='ocrx_word' id='word_1_378' title='bbox 3338 2398 3705 2468; x_wconf 66' lang='grc' dir='ltr'><strong>ἐστράτευσεν</strong></span> 
     </span>
    </p>
   </div>
   <div class='ocr_carea' id='block_1_56' title="bbox 2120 2488 3702 2568">
    <p class='ocr_par' dir='ltr' id='par_1_56' title="bbox 2120 2488 3702 2568">
     <span class='ocr_line' id='line_1_56' title="bbox 2120 2488 3702 2568; baseline -0.008 -17"><span class='ocrx_word' id='word_1_379' title='bbox 2120 2501 2206 2552; x_wconf 78' lang='grc' dir='ltr'><strong>ἐπ’</strong></span> <span class='ocrx_word' id='word_1_380' title='bbox 2243 2496 2575 2568; x_wconf 78' lang='grc' dir='ltr'><strong>’Λσδρούόαν</strong></span> <span class='ocrx_word' id='word_1_381' title='bbox 2609 2497 2699 2548; x_wconf 82' lang='grc' dir='ltr'><strong>τὸν</strong></span> <span class='ocrx_word' id='word_1_382' title='bbox 2734 2496 3041 2562; x_wconf 82' lang='grc' dir='ltr'><strong>Γίσγωνος’</strong></span> <span class='ocrx_word' id='word_1_383' title='bbox 3076 2492 3302 2544; x_wconf 67' lang='grc' dir='ltr'><strong>Σιλανὸν</strong></span> <span class='ocrx_word' id='word_1_384' title='bbox 3331 2489 3387 2543; x_wconf 81' lang='grc' dir='ltr'><strong>δὲ</strong></span> <span class='ocrx_word' id='word_1_385' title='bbox 3418 2490 3476 2552; x_wconf 86' lang='grc' dir='ltr'><strong>ἐς</strong></span> <span class='ocrx_word' id='word_1_386' title='bbox 3512 2488 3702 2542; x_wconf 80' lang='grc' dir='ltr'><strong>Κελτι-</strong></span> 
     </span>
    </p>
   </div>
   <div class='ocr_carea' id='block_1_57' title="bbox 2120 2578 3709 2661">
    <p class='ocr_par' dir='ltr' id='par_1_57' title="bbox 2120 2578 3709 2661">
     <span class='ocr_line' id='line_1_57' title="bbox 2120 2578 3709 2661; baseline -0.011 -17"><span class='ocrx_word' id='word_1_387' title='bbox 2120 2591 2318 2661; x_wconf 80' lang='grc' dir='ltr'><strong>ϐηρίαν</strong></span> <span class='ocrx_word' id='word_1_388' title='bbox 2368 2590 2462 2642; x_wconf 73' lang='grc' dir='ltr'><strong>ἐπὶ</strong></span> <span class='ocrx_word' id='word_1_389' title='bbox 2517 2588 2785 2656; x_wconf 79' lang='grc' dir='ltr'><strong>Μάγωνα,</strong></span> <span class='ocrx_word' id='word_1_390' title='bbox 2849 2586 2945 2638; x_wconf 73' lang='grc' dir='ltr'><strong>καὶ</strong></span> <span class='ocrx_word' id='word_1_391' title='bbox 2995 2583 3227 2637; x_wconf 83' lang='grc' dir='ltr'><strong>Λούκιον</strong></span> <span class='ocrx_word' id='word_1_392' title='bbox 3283 2579 3563 2632; x_wconf 86' lang='grc' dir='ltr'><strong>Σκιπίωνα</strong></span> <span class='ocrx_word' id='word_1_393' title='bbox 3613 2578 3709 2628; x_wconf 63' lang='grc' dir='ltr'><strong>τὶν</strong></span> 
     </span>
    </p>
   </div>
   <div class='ocr_carea' id='block_1_58' title="bbox 2121 2670 3708 2750">
    <p class='ocr_par' dir='ltr' id='par_1_58' title="bbox 2121 2670 3708 2750">
     <span class='ocr_line' id='line_1_58' title="bbox 2121 2670 3708 2750; baseline -0.009 -16"><span class='ocrx_word' id='word_1_394' title='bbox 2121 2680 2349 2750; x_wconf 65' lang='grc' dir='ltr'><strong>ἀδελφὸν</strong></span> <span class='ocrx_word' id='word_1_395' title='bbox 2385 2681 2442 2742; x_wconf 87' lang='grc' dir='ltr'><strong>ἐς</strong></span> <span class='ocrx_word' id='word_1_396' title='bbox 2472 2677 2836 2731; x_wconf 80' lang='grc' dir='ltr'><strong>Βαστιτανίαν</strong></span> <span class='ocrx_word' id='word_1_397' title='bbox 2863 2673 3130 2744; x_wconf 78' lang='grc' dir='ltr'><strong>ἐπεμψεν,</strong></span> <span class='ocrx_word' id='word_1_398' title='bbox 3159 2672 3216 2735; x_wconf 83' lang='grc' dir='ltr'><strong>ὃς</strong></span> <span class='ocrx_word' id='word_1_399' title='bbox 3250 2670 3472 2742; x_wconf 87' lang='grc' dir='ltr'><strong>ἐκείνην</strong></span> <span class='ocrx_word' id='word_1_400' title='bbox 3504 2687 3565 2722; x_wconf 84' lang='grc' dir='ltr'><strong>τε</strong></span> <span class='ocrx_word' id='word_1_401' title='bbox 3598 2685 3708 2720; x_wconf 74' lang='grc' dir='ltr'><strong>πο-</strong></span> 
     </span>
    </p>
   </div>
   <div class='ocr_carea' id='block_1_59' title="bbox 2121 2758 3708 2842">
    <p class='ocr_par' dir='ltr' id='par_1_59' title="bbox 2121 2758 3708 2842">
     <span class='ocr_line' id='line_1_59' title="bbox 2121 2758 3708 2842; baseline -0.01 -16"><span class='ocrx_word' id='word_1_402' title='bbox 2121 2773 2272 2842; x_wconf 82' lang='grc' dir='ltr'><strong>λέμῳ</strong></span> <span class='ocrx_word' id='word_1_403' title='bbox 2321 2770 2574 2840; x_wconf 79' lang='grc' dir='ltr'><strong>κατέσχε,</strong></span> <span class='ocrx_word' id='word_1_404' title='bbox 2613 2769 2706 2822; x_wconf 80' lang='grc' dir='ltr'><strong>καὶ</strong></span> <span class='ocrx_word' id='word_1_405' title='bbox 2738 2768 2828 2820; x_wconf 70' lang='grc' dir='ltr'><strong>τὸν</strong></span> <span class='ocrx_word' id='word_1_406' title='bbox 2859 2766 3107 2831; x_wconf 82' lang='grc' dir='ltr'><strong>Μάγωνα</strong></span> <span class='ocrx_word' id='word_1_407' title='bbox 3149 2764 3391 2832; x_wconf 85' lang='grc' dir='ltr'><strong>ἐνίκησε.</strong></span> <span class='ocrx_word' id='word_1_408' title='bbox 3433 2761 3542 2814; x_wconf 76' lang='grc' dir='ltr'><strong>Καὶ</strong></span> <span class='ocrx_word' id='word_1_409' title='bbox 3569 2758 3708 2828; x_wconf 59' lang='grc' dir='ltr'><strong>φεῦ-</strong></span> 
     </span>
    </p>
   </div>
   <div class='ocr_carea' id='block_1_60' title="bbox 2123 2852 3705 2931">
    <p class='ocr_par' dir='ltr' id='par_1_60' title="bbox 2123 2852 3705 2931">
     <span class='ocr_line' id='line_1_60' title="bbox 2123 2852 3705 2931; baseline -0.009 -15"><span class='ocrx_word' id='word_1_410' title='bbox 2123 2881 2274 2931; x_wconf 86' lang='grc' dir='ltr'><strong>γοντι</strong></span> <span class='ocrx_word' id='word_1_411' title='bbox 2331 2861 2479 2931; x_wconf 79' lang='grc' dir='ltr'><strong>αὐτῷ</strong></span> <span class='ocrx_word' id='word_1_412' title='bbox 2539 2859 2674 2928; x_wconf 75' lang='grc' dir='ltr'><strong>πρὸς</strong></span> <span class='ocrx_word' id='word_1_413' title='bbox 2726 2857 2820 2911; x_wconf 78' lang='grc' dir='ltr'><strong>τὸν</strong></span> <span class='ocrx_word' id='word_1_414' title='bbox 2862 2857 3199 2928; x_wconf 74' lang='grc' dir='ltr'><strong>Ἀσδρούϐαν</strong></span> <span class='ocrx_word' id='word_1_415' title='bbox 3230 2852 3705 2922; x_wconf 73' lang='grc' dir='ltr'><strong>ἐπακολουθήσας,</strong></span> 
     </span>
    </p>
   </div>
   <div class='ocr_carea' id='block_1_61' title="bbox 2123 2942 3706 3025">
    <p class='ocr_par' dir='ltr' id='par_1_61' title="bbox 2123 2942 3706 3025">
     <span class='ocr_line' id='line_1_61' title="bbox 2123 2942 3706 3025; baseline -0.012 -18"><span class='ocrx_word' id='word_1_416' title='bbox 2123 2950 2254 3025; x_wconf 71' lang='grc' dir='ltr'><strong>ἦλθε</strong></span> <span class='ocrx_word' id='word_1_417' title='bbox 2286 2952 2420 3022; x_wconf 77' lang='grc' dir='ltr'><strong>πρὸς</strong></span> <span class='ocrx_word' id='word_1_418' title='bbox 2451 2951 2542 3004; x_wconf 77' lang='grc' dir='ltr'><strong>τὸν</strong></span> <span class='ocrx_word' id='word_1_419' title='bbox 2571 2948 2874 3009; x_wconf 80' lang='grc' dir='ltr'><strong>Σκιπίωνα,</strong></span> <span class='ocrx_word' id='word_1_420' title='bbox 2910 2948 3077 3018; x_wconf 82' lang='grc' dir='ltr'><strong>μήπω</strong></span> <span class='ocrx_word' id='word_1_421' title='bbox 3102 2946 3267 3016; x_wconf 83' lang='grc' dir='ltr'><strong>μηδὲν</strong></span> <span class='ocrx_word' id='word_1_422' title='bbox 3289 2942 3706 3011; x_wconf 77' lang='grc' dir='ltr'><strong>διαπεπραγμέ.</strong></span> 
     </span>
    </p>
   </div>
   <div class='ocr_carea' id='block_1_62' title="bbox 439 3035 2018 3131">
    <p class='ocr_par' dir='ltr' id='par_1_62' title="bbox 439 3041 2016 3116">
     <span class='ocr_line' id='line_1_62' title="bbox 439 3041 2016 3116; baseline 0.001 -17"><span class='ocrx_word' id='word_1_423' title='bbox 439 3041 492 3095; x_wconf 85' lang='lat' dir='ltr'><strong>id</strong></span> <span class='ocrx_word' id='word_1_424' title='bbox 521 3043 667 3111; x_wconf 89' lang='lat' dir='ltr'><strong>quod</strong></span> <span class='ocrx_word' id='word_1_425' title='bbox 701 3043 888 3116; x_wconf 81' lang='lat' dir='ltr'><strong>Scipio</strong></span> <span class='ocrx_word' id='word_1_426' title='bbox 918 3048 1106 3103; x_wconf 83' lang='lat' dir='ltr'><strong>triduo</strong></span> <span class='ocrx_word' id='word_1_427' title='bbox 1128 3059 1257 3104; x_wconf 89' lang='lat' dir='ltr'><strong>ante</strong></span> <span class='ocrx_word' id='word_1_428' title='bbox 1281 3051 1618 3106; x_wconf 85' lang='lat' dir='ltr'><strong>vaticinatus</strong></span> <span class='ocrx_word' id='word_1_429' title='bbox 1645 3062 1767 3103; x_wconf 86' lang='lat' dir='ltr'><strong>esse</strong></span> <span class='ocrx_word' id='word_1_430' title='bbox 1818 3047 2016 3101; x_wconf 80' lang='lat' dir='ltr'><strong>fertur.</strong></span> 
     </span>
    </p>
   </div>
   <div class='ocr_carea' id='block_1_63' title="bbox 2120 3035 3707 3131">
    <p class='ocr_par' dir='ltr' id='par_1_63' title="bbox 2134 3035 3707 3107">
     <span class='ocr_line' id='line_1_63' title="bbox 2134 3035 3707 3107; baseline -0.01 -7"><span class='ocrx_word' id='word_1_431' title='bbox 2134 3064 2251 3102; x_wconf 92' lang='grc' dir='ltr'><strong>νον.</strong></span> <span class='ocrx_word' id='word_1_432' title='bbox 2317 3044 2617 3098; x_wconf 82' lang='grc' dir='ltr'><strong>Ἐλθόντων</strong></span> <span class='ocrx_word' id='word_1_433' title='bbox 2674 3041 2767 3096; x_wconf 81' lang='grc' dir='ltr'><strong>οὖν</strong></span> <span class='ocrx_word' id='word_1_434' title='bbox 2825 3039 2920 3094; x_wconf 85' lang='grc' dir='ltr'>τοῦ</span> <span class='ocrx_word' id='word_1_435' title='bbox 2977 3057 3037 3094; x_wconf 87' lang='grc' dir='ltr'><strong>τε</strong></span> <span class='ocrx_word' id='word_1_436' title='bbox 3090 3041 3356 3106; x_wconf 83' lang='grc' dir='ltr'><strong>Μάγωνος</strong></span> <span class='ocrx_word' id='word_1_437' title='bbox 3415 3035 3554 3107; x_wconf 74' lang='grc' dir='ltr'><strong>πρὸς</strong></span> <span class='ocrx_word' id='word_1_438' title='bbox 3610 3035 3707 3086; x_wconf 71' lang='grc' dir='ltr'><strong>τὸν</strong></span> 
     </span>
    </p>
   </div>
   <div class='ocr_carea' id='block_1_64' title="bbox 437 3131 2020 3205">
    <p class='ocr_par' dir='ltr' id='par_1_64' title="bbox 437 3131 2020 3205">
     <span class='ocr_line' id='line_1_64' title="bbox 437 3131 2020 3205; baseline 0.001 -18"><span class='ocrx_word' id='word_1_439' title='bbox 437 3131 573 3187; x_wconf 81' lang='lat' dir='ltr'><strong>Nam</strong></span> <span class='ocrx_word' id='word_1_440' title='bbox 616 3149 743 3188; x_wconf 81' lang='lat' dir='ltr'><strong>CIIIII</strong></span> <span class='ocrx_word' id='word_1_441' title='bbox 778 3138 940 3192; x_wconf 84' lang='lat' dir='ltr'><strong>rebus</strong></span> <span class='ocrx_word' id='word_1_442' title='bbox 987 3139 1317 3195; x_wconf 84' lang='lat' dir='ltr'><strong>necessariis</strong></span> <span class='ocrx_word' id='word_1_443' title='bbox 1363 3139 1818 3195; x_wconf 87' lang='lat' dir='ltr'><strong>destituerentur.</strong></span> <span class='ocrx_word' id='word_1_444' title='bbox 1875 3151 2020 3205; x_wconf 52' lang='lat' dir='ltr'><strong>p118-</strong></span> 
     </span>
    </p>
   </div>
   <div class='ocr_carea' id='block_1_65' title="bbox 436 3223 2020 3301">
    <p class='ocr_par' dir='ltr' id='par_1_65' title="bbox 436 3223 2020 3301">
     <span class='ocr_line' id='line_1_65' title="bbox 436 3223 2020 3301; baseline 0 -20"><span class='ocrx_word' id='word_1_445' title='bbox 436 3223 575 3281; x_wconf 79' lang='lat' dir='ltr'><strong>dixit</strong></span> <span class='ocrx_word' id='word_1_446' title='bbox 601 3225 730 3294; x_wconf 82' lang='lat' dir='ltr'><strong>(qua</strong></span> <span class='ocrx_word' id='word_1_447' title='bbox 788 3242 920 3282; x_wconf 81' lang='lat' dir='ltr'><strong>vero</strong></span> <span class='ocrx_word' id='word_1_448' title='bbox 951 3237 1090 3294; x_wconf 86' lang='lat' dir='ltr'><strong>arte,</strong></span> <span class='ocrx_word' id='word_1_449' title='bbox 1152 3230 1455 3301; x_wconf 80' lang='lat' dir='ltr'><strong>ignoratur)</strong></span> <span class='ocrx_word' id='word_1_450' title='bbox 1505 3245 1564 3284; x_wconf 85' lang='lat' dir='ltr'><strong>se</strong></span> <span class='ocrx_word' id='word_1_451' title='bbox 1602 3229 1657 3282; x_wconf 90' lang='lat' dir='ltr'><strong>in</strong></span> <span class='ocrx_word' id='word_1_452' title='bbox 1709 3242 1835 3281; x_wconf 90' lang='lat' dir='ltr'><strong>eum</strong></span> <span class='ocrx_word' id='word_1_453' title='bbox 1875 3226 2020 3281; x_wconf 89' lang='lat' dir='ltr'><strong>diem</strong></span> 
     </span>
    </p>
   </div>
   <div class='ocr_carea' id='block_1_66' title="bbox 440 3314 2021 3385">
    <p class='ocr_par' dir='ltr' id='par_1_66' title="bbox 440 3314 2021 3385">
     <span class='ocr_line' id='line_1_66' title="bbox 440 3314 2021 3385; baseline 0.003 -18"><span class='ocrx_word' id='word_1_454' title='bbox 440 3314 680 3369; x_wconf 80' lang='lat' dir='ltr'><strong>hostium</strong></span> <span class='ocrx_word' id='word_1_455' title='bbox 733 3319 953 3373; x_wconf 85' lang='lat' dir='ltr'><strong>cibariis</strong></span> <span class='ocrx_word' id='word_1_456' title='bbox 1016 3336 1216 3376; x_wconf 88' lang='lat' dir='ltr'><strong>usuros</strong></span> <span class='ocrx_word' id='word_1_457' title='bbox 1255 3337 1398 3377; x_wconf 85' lang='lat' dir='ltr'><strong>esse.</strong></span> <span class='ocrx_word' id='word_1_458' title='bbox 1451 3322 1580 3377; x_wconf 86' lang='lat' dir='ltr'><strong>Post</strong></span> <span class='ocrx_word' id='word_1_459' title='bbox 1629 3320 1768 3385; x_wconf 74' lang='lat' dir='ltr'><strong>bmc,</strong></span> <span class='ocrx_word' id='word_1_460' title='bbox 1817 3317 2021 3374; x_wconf 91' lang='lat' dir='ltr'><strong>Sillano</strong></span> 
     </span>
    </p>
   </div>
   <div class='ocr_carea' id='block_1_67' title="bbox 439 3409 2016 3483">
    <p class='ocr_par' dir='ltr' id='par_1_67' title="bbox 439 3409 2016 3483">
     <span class='ocr_line' id='line_1_67' title="bbox 439 3409 2016 3483; baseline 0.003 -23"><span class='ocrx_word' id='word_1_461' title='bbox 439 3416 631 3462; x_wconf 83' lang='lat' dir='ltr'><strong>contra</strong></span> <span class='ocrx_word' id='word_1_462' title='bbox 668 3409 908 3465; x_wconf 88' lang='lat' dir='ltr'><strong>hostium</strong></span> <span class='ocrx_word' id='word_1_463' title='bbox 937 3412 1197 3483; x_wconf 86' lang='lat' dir='ltr'><strong>reliquias</strong></span> <span class='ocrx_word' id='word_1_464' title='bbox 1219 3415 1433 3478; x_wconf 86' lang='lat' dir='ltr'><strong>relicto,</strong></span> <span class='ocrx_word' id='word_1_465' title='bbox 1454 3414 1589 3469; x_wconf 89' lang='lat' dir='ltr'><strong>alias</strong></span> <span class='ocrx_word' id='word_1_466' title='bbox 1623 3414 1790 3467; x_wconf 89' lang='lat' dir='ltr'><strong>urbes</strong></span> <span class='ocrx_word' id='word_1_467' title='bbox 1816 3413 2016 3465; x_wconf 88' lang='lat' dir='ltr'><strong>multas</strong></span> 
     </span>
    </p>
   </div>
   <div class='ocr_carea' id='block_1_68' title="bbox 441 3499 2016 3576">
    <p class='ocr_par' dir='ltr' id='par_1_68' title="bbox 441 3499 2016 3576">
     <span class='ocr_line' id='line_1_68' title="bbox 441 3499 2016 3576; baseline 0.004 -24"><span class='ocrx_word' id='word_1_468' title='bbox 441 3499 548 3554; x_wconf 88' lang='lat' dir='ltr'><strong>sibi</strong></span> <span class='ocrx_word' id='word_1_469' title='bbox 583 3500 867 3571; x_wconf 79' lang='lat' dir='ltr'><strong>adjunxit;</strong></span> <span class='ocrx_word' id='word_1_470' title='bbox 899 3505 1280 3576; x_wconf 82' lang='lat' dir='ltr'><strong>ordinatisque</strong></span> <span class='ocrx_word' id='word_1_471' title='bbox 1315 3507 1502 3570; x_wconf 89' lang='lat' dir='ltr'><strong>rebus,</strong></span> <span class='ocrx_word' id='word_1_472' title='bbox 1537 3507 1590 3561; x_wconf 94' lang='lat' dir='ltr'><strong>in</strong></span> <span class='ocrx_word' id='word_1_473' title='bbox 1623 3505 1886 3576; x_wconf 85' lang='lat' dir='ltr'><strong>Hispania</strong></span> <span class='ocrx_word' id='word_1_474' title='bbox 1926 3503 2016 3558; x_wconf 89' lang='lat' dir='ltr'><strong>hi-</strong></span> 
     </span>
    </p>
   </div>
   <div class='ocr_carea' id='block_1_69' title="bbox 424 3592 2019 3681">
    <p class='ocr_par' dir='ltr' id='par_1_69' title="bbox 442 3592 2019 3668">
     <span class='ocr_line' id='line_1_69' title="bbox 442 3592 2019 3668; baseline 0.004 -24"><span class='ocrx_word' id='word_1_475' title='bbox 442 3592 714 3661; x_wconf 90' lang='lat' dir='ltr'><strong>bernavit,</strong></span> <span class='ocrx_word' id='word_1_476' title='bbox 734 3594 796 3651; x_wconf 86' lang='lat' dir='ltr'><strong>L.</strong></span> <span class='ocrx_word' id='word_1_477' title='bbox 834 3595 1058 3651; x_wconf 88' lang='lat' dir='ltr'><strong>fratrem</strong></span> <span class='ocrx_word' id='word_1_478' title='bbox 1093 3596 1317 3652; x_wconf 75' lang='lat' dir='ltr'><strong>Romam</strong></span> <span class='ocrx_word' id='word_1_479' title='bbox 1346 3599 1516 3663; x_wconf 88' lang='lat' dir='ltr'><strong>misit,</strong></span> <span class='ocrx_word' id='word_1_480' title='bbox 1549 3607 1611 3654; x_wconf 90' lang='lat' dir='ltr'><strong>ut</strong></span> <span class='ocrx_word' id='word_1_481' title='bbox 1634 3607 1690 3653; x_wconf 88' lang='lat' dir='ltr'><strong>et</strong></span> <span class='ocrx_word' id='word_1_482' title='bbox 1721 3613 1808 3652; x_wconf 86' lang='lat' dir='ltr'><strong>res</strong></span> <span class='ocrx_word' id='word_1_483' title='bbox 1839 3605 2019 3668; x_wconf 86' lang='lat' dir='ltr'><strong>gestas</strong></span> 
     </span>
    </p>
   </div>
   <div class='ocr_carea' id='block_1_70' title="bbox 439 3686 2019 3761">
    <p class='ocr_par' dir='ltr' id='par_1_70' title="bbox 439 3686 2019 3761">
     <span class='ocr_line' id='line_1_70' title="bbox 439 3686 2019 3761; baseline 0.005 -24"><span class='ocrx_word' id='word_1_484' title='bbox 439 3686 745 3754; x_wconf 81' lang='lat' dir='ltr'><strong>nuntiaret,</strong></span> <span class='ocrx_word' id='word_1_485' title='bbox 799 3698 858 3745; x_wconf 89' lang='lat' dir='ltr'><strong>et</strong></span> <span class='ocrx_word' id='word_1_486' title='bbox 907 3691 1153 3761; x_wconf 85' lang='lat' dir='ltr'><strong>captivos</strong></span> <span class='ocrx_word' id='word_1_487' title='bbox 1212 3707 1279 3747; x_wconf 89' lang='lat' dir='ltr'><strong>eo</strong></span> <span class='ocrx_word' id='word_1_488' title='bbox 1322 3692 1656 3755; x_wconf 85' lang='lat' dir='ltr'><strong>adduceret,</strong></span> <span class='ocrx_word' id='word_1_489' title='bbox 1711 3691 2019 3759; x_wconf 81' lang='lat' dir='ltr'><strong>eademque</strong></span> 
     </span>
    </p>
   </div>
   <div class='ocr_carea' id='block_1_71' title="bbox 439 3779 2018 3852">
    <p class='ocr_par' dir='ltr' id='par_1_71' title="bbox 439 3779 2018 3852">
     <span class='ocr_line' id='line_1_71' title="bbox 439 3779 2018 3852; baseline 0.006 -25"><span class='ocrx_word' id='word_1_490' title='bbox 439 3789 606 3846; x_wconf 87' lang='lat' dir='ltr'><strong>opera</strong></span> <span class='ocrx_word' id='word_1_491' title='bbox 619 3792 683 3832; x_wconf 76' lang='lat' dir='ltr'><strong>ex</strong></span> <span class='ocrx_word' id='word_1_492' title='bbox 699 3780 958 3850; x_wconf 75' lang='lat' dir='ltr'><strong>ploraret,</strong></span> <span class='ocrx_word' id='word_1_493' title='bbox 974 3797 1094 3852; x_wconf 72' lang='lat' dir='ltr'><strong>qua:</strong></span> <span class='ocrx_word' id='word_1_494' title='bbox 1107 3782 1173 3836; x_wconf 88' lang='lat' dir='ltr'><strong>de</strong></span> <span class='ocrx_word' id='word_1_495' title='bbox 1185 3797 1245 3838; x_wconf 84' lang='lat' dir='ltr'><strong>se</strong></span> <span class='ocrx_word' id='word_1_496' title='bbox 1267 3781 1637 3838; x_wconf 81' lang='lat' dir='ltr'><strong>Romanorum</strong></span> <span class='ocrx_word' id='word_1_497' title='bbox 1653 3789 1798 3836; x_wconf 90' lang='lat' dir='ltr'><strong>esset</strong></span> <span class='ocrx_word' id='word_1_498' title='bbox 1811 3779 2018 3852; x_wconf 86' lang='lat' dir='ltr'><strong>opinio.</strong></span> 
     </span>
    </p>
   </div>
   <div class='ocr_carea' id='block_1_72' title="bbox 2123 3130 3701 3209">
    <p class='ocr_par' dir='ltr' id='par_1_72' title="bbox 2123 3130 3701 3209">
     <span class='ocr_line' id='line_1_72' title="bbox 2123 3130 3701 3209; baseline -0.007 -17"><span class='ocrx_word' id='word_1_499' title='bbox 2123 3138 2478 3209; x_wconf 73' lang='grc' dir='ltr'><strong>Ἀσδρούϐαν,</strong></span> <span class='ocrx_word' id='word_1_500' title='bbox 2529 3137 2623 3189; x_wconf 77' lang='grc' dir='ltr'><strong>καὶ</strong></span> <span class='ocrx_word' id='word_1_501' title='bbox 2655 3134 2748 3188; x_wconf 81' lang='grc' dir='ltr'><strong>τοῦ</strong></span> <span class='ocrx_word' id='word_1_502' title='bbox 2784 3134 3015 3188; x_wconf 84' lang='grc' dir='ltr'><strong>Λουκίου</strong></span> <span class='ocrx_word' id='word_1_503' title='bbox 3048 3132 3184 3203; x_wconf 75' lang='grc' dir='ltr'><strong>πρὸς</strong></span> <span class='ocrx_word' id='word_1_504' title='bbox 3223 3133 3313 3186; x_wconf 74' lang='grc' dir='ltr'><strong>τον</strong></span> <span class='ocrx_word' id='word_1_505' title='bbox 3344 3130 3576 3199; x_wconf 61' lang='grc' dir='ltr'><strong>ἀδελφὸν</strong></span> <span class='ocrx_word' id='word_1_506' title='bbox 3605 3130 3701 3181; x_wconf 84' lang='grc' dir='ltr'><strong>τὸν</strong></span> 
     </span>
    </p>
   </div>
   <div class='ocr_carea' id='block_1_73' title="bbox 2121 3223 3707 3299">
    <p class='ocr_par' dir='ltr' id='par_1_73' title="bbox 2121 3223 3707 3299">
     <span class='ocr_line' id='line_1_73' title="bbox 2121 3223 3707 3299; baseline -0.006 -16"><span class='ocrx_word' id='word_1_507' title='bbox 2121 3229 2424 3293; x_wconf 85' lang='grc' dir='ltr'><strong>Σκιπίωνα,</strong></span> <span class='ocrx_word' id='word_1_508' title='bbox 2453 3229 2519 3282; x_wconf 72' lang='grc' dir='ltr'><strong>τὰ</strong></span> <span class='ocrx_word' id='word_1_509' title='bbox 2552 3228 2651 3299; x_wconf 81' lang='grc' dir='ltr'><strong>μὲν</strong></span> <span class='ocrx_word' id='word_1_510' title='bbox 2681 3228 2875 3297; x_wconf 75' lang='grc' dir='ltr'><strong>πρῶτα</strong></span> <span class='ocrx_word' id='word_1_511' title='bbox 2896 3227 2977 3297; x_wconf 85' lang='grc' dir='ltr'><strong>τῷ</strong></span> <span class='ocrx_word' id='word_1_512' title='bbox 3002 3223 3215 3293; x_wconf 77' lang='grc' dir='ltr'><strong>ἱππικῷ</strong></span> <span class='ocrx_word' id='word_1_513' title='bbox 3240 3223 3598 3284; x_wconf 80' lang='grc' dir='ltr'><strong>καταθέοντες</strong></span> <span class='ocrx_word' id='word_1_514' title='bbox 3620 3224 3707 3285; x_wconf 76' lang='grc' dir='ltr'><strong>εἰς</strong></span> 
     </span>
    </p>
   </div>
   <div class='ocr_carea' id='block_1_74' title="bbox 2120 3313 3705 3391">
    <p class='ocr_par' dir='ltr' id='par_1_74' title="bbox 2120 3313 3705 3391">
     <span class='ocr_line' id='line_1_74' title="bbox 2120 3313 3705 3391; baseline -0.008 -14"><span class='ocrx_word' id='word_1_515' title='bbox 2120 3324 2189 3377; x_wconf 82' lang='grc' dir='ltr'><strong>τὰ</strong></span> <span class='ocrx_word' id='word_1_516' title='bbox 2218 3323 2375 3376; x_wconf 77' lang='grc' dir='ltr'><strong>πεδία</strong></span> <span class='ocrx_word' id='word_1_517' title='bbox 2408 3322 2734 3391; x_wconf 77' lang='grc' dir='ltr'><strong>διεμάχοντο</strong></span> <span class='ocrx_word' id='word_1_518' title='bbox 2753 3336 2767 3350; x_wconf 72' lang='grc' dir='ltr'><strong>ο</strong></span> <span class='ocrx_word' id='word_1_519' title='bbox 2803 3314 2922 3371; x_wconf 76' lang='grc' dir='ltr'><strong>εἶτα</strong></span> <span class='ocrx_word' id='word_1_520' title='bbox 2956 3319 3049 3371; x_wconf 79' lang='grc' dir='ltr'><strong>καὶ</strong></span> <span class='ocrx_word' id='word_1_521' title='bbox 3077 3318 3184 3387; x_wconf 79' lang='grc' dir='ltr'><strong>ὅλῳ</strong></span> <span class='ocrx_word' id='word_1_522' title='bbox 3215 3315 3293 3385; x_wconf 84' lang='grc' dir='ltr'><strong>τῷ</strong></span> <span class='ocrx_word' id='word_1_523' title='bbox 3326 3313 3705 3386; x_wconf 82' lang='grc' dir='ltr'><strong>στρατεύματι</strong></span> 
     </span>
    </p>
   </div>
   <div class='ocr_carea' id='block_1_75' title="bbox 2123 3406 3701 3484">
    <p class='ocr_par' dir='ltr' id='par_1_75' title="bbox 2123 3406 3701 3484">
     <span class='ocr_line' id='line_1_75' title="bbox 2123 3406 3701 3484; baseline -0.007 -16"><span class='ocrx_word' id='word_1_524' title='bbox 2123 3414 2675 3484; x_wconf 77' lang='grc' dir='ltr'><strong>ἀντι-παρετάσσοντο,</strong></span> <span class='ocrx_word' id='word_1_525' title='bbox 2710 3411 2770 3463; x_wconf 69' lang='grc' dir='ltr'><strong>οὔ</strong></span> <span class='ocrx_word' id='word_1_526' title='bbox 2807 3410 2912 3480; x_wconf 83' lang='grc' dir='ltr'><strong>μὴν</strong></span> <span class='ocrx_word' id='word_1_527' title='bbox 2953 3410 3049 3462; x_wconf 77' lang='grc' dir='ltr'><strong>καὶ</strong></span> <span class='ocrx_word' id='word_1_528' title='bbox 3105 3410 3394 3477; x_wconf 79' lang='grc' dir='ltr'><strong>ἐμάχοντο,</strong></span> <span class='ocrx_word' id='word_1_529' title='bbox 3449 3407 3547 3460; x_wconf 72' lang='grc' dir='ltr'><strong>καὶ</strong></span> <span class='ocrx_word' id='word_1_530' title='bbox 3606 3406 3701 3458; x_wconf 76' lang='grc' dir='ltr'><strong>ἐπὶ</strong></span> 
     </span>
    </p>
   </div>
   <div class='ocr_carea' id='block_1_76' title="bbox 2125 3498 3705 3574">
    <p class='ocr_par' dir='ltr' id='par_1_76' title="bbox 2125 3498 3705 3574">
     <span class='ocr_line' id='line_1_76' title="bbox 2125 3498 3705 3574; baseline -0.005 -15"><span class='ocrx_word' id='word_1_531' title='bbox 2125 3505 2347 3568; x_wconf 85' lang='grc' dir='ltr'><strong>πλείους</strong></span> <span class='ocrx_word' id='word_1_532' title='bbox 2378 3504 2595 3574; x_wconf 82' lang='grc' dir='ltr'><strong>ἡμέρας</strong></span> <span class='ocrx_word' id='word_1_533' title='bbox 2620 3502 2779 3556; x_wconf 85' lang='grc' dir='ltr'><strong>τοῦτο</strong></span> <span class='ocrx_word' id='word_1_534' title='bbox 2799 3501 3029 3570; x_wconf 79' lang='grc' dir='ltr'><strong>ἐγίνετο.</strong></span> <span class='ocrx_word' id='word_1_535' title='bbox 3057 3499 3340 3573; x_wconf 79' lang='grc' dir='ltr'><strong>Συμϐολῆς</strong></span> <span class='ocrx_word' id='word_1_536' title='bbox 3367 3498 3424 3551; x_wconf 87' lang='grc' dir='ltr'><strong>δέ</strong></span> <span class='ocrx_word' id='word_1_537' title='bbox 3453 3516 3585 3551; x_wconf 84' lang='grc' dir='ltr'><strong>ποτε</strong></span> <span class='ocrx_word' id='word_1_538' title='bbox 3615 3516 3705 3566; x_wconf 80' lang='grc' dir='ltr'><strong>γι-</strong></span> 
     </span>
    </p>
   </div>
   <div class='ocr_carea' id='block_1_77' title="bbox 2124 3590 3705 3667">
    <p class='ocr_par' dir='ltr' id='par_1_77' title="bbox 2124 3590 3705 3667">
     <span class='ocr_line' id='line_1_77' title="bbox 2124 3590 3705 3667; baseline -0.006 -17"><span class='ocrx_word' id='word_1_539' title='bbox 2124 3597 2379 3667; x_wconf 81' lang='grc' dir='ltr'><strong>νομένης,</strong></span> <span class='ocrx_word' id='word_1_540' title='bbox 2409 3597 2459 3649; x_wconf 79' lang='grc' dir='ltr'><strong>οἰ</strong></span> <span class='ocrx_word' id='word_1_541' title='bbox 2490 3612 2551 3648; x_wconf 86' lang='grc' dir='ltr'><strong>τε</strong></span> <span class='ocrx_word' id='word_1_542' title='bbox 2582 3593 2865 3665; x_wconf 84' lang='grc' dir='ltr'><strong>σύμμαχοι</strong></span> <span class='ocrx_word' id='word_1_543' title='bbox 2888 3591 2995 3645; x_wconf 82' lang='grc' dir='ltr'><strong>τῶν</strong></span> <span class='ocrx_word' id='word_1_544' title='bbox 3020 3590 3407 3662; x_wconf 76' lang='grc' dir='ltr'><strong>Καρχηδονίων</strong></span> <span class='ocrx_word' id='word_1_545' title='bbox 3431 3591 3525 3643; x_wconf 79' lang='grc' dir='ltr'><strong>καὶ</strong></span> <span class='ocrx_word' id='word_1_546' title='bbox 3553 3590 3705 3641; x_wconf 73' lang='grc' dir='ltr'><strong>αὐτοὶ</strong></span> 
     </span>
    </p>
   </div>
   <div class='ocr_carea' id='block_1_78' title="bbox 2127 3682 3704 3759">
    <p class='ocr_par' dir='ltr' id='par_1_78' title="bbox 2127 3682 3704 3759">
     <span class='ocr_line' id='line_1_78' title="bbox 2127 3682 3704 3759; baseline -0.005 -18"><span class='ocrx_word' id='word_1_547' title='bbox 2127 3691 2326 3742; x_wconf 86' lang='grc' dir='ltr'><strong>ἐκεῖνοι</strong></span> <span class='ocrx_word' id='word_1_548' title='bbox 2364 3688 2700 3759; x_wconf 76' lang='grc' dir='ltr'><strong>ἡττήθησαν,</strong></span> <span class='ocrx_word' id='word_1_549' title='bbox 2733 3688 2828 3739; x_wconf 78' lang='grc' dir='ltr'><strong>καὶ</strong></span> <span class='ocrx_word' id='word_1_550' title='bbox 2867 3685 2928 3738; x_wconf 79' lang='grc' dir='ltr'><strong>τδ</strong></span> <span class='ocrx_word' id='word_1_551' title='bbox 2964 3685 3143 3756; x_wconf 74' lang='grc' dir='ltr'><strong>ἔρυμα</strong></span> <span class='ocrx_word' id='word_1_552' title='bbox 3182 3682 3360 3735; x_wconf 81' lang='grc' dir='ltr'><strong>αὐτῶν</strong></span> <span class='ocrx_word' id='word_1_553' title='bbox 3405 3685 3559 3750; x_wconf 65' lang='grc' dir='ltr'><strong>παρὰ</strong></span> <span class='ocrx_word' id='word_1_554' title='bbox 3598 3683 3704 3734; x_wconf 79' lang='grc' dir='ltr'><strong>τῶν</strong></span> 
     </span>
    </p>
   </div>
   <div class='ocr_carea' id='block_1_79' title="bbox 2144 3773 3705 3850">
    <p class='ocr_par' dir='ltr' id='par_1_79' title="bbox 2144 3773 3705 3850">
     <span class='ocr_line' id='line_1_79' title="bbox 2144 3773 3705 3850; baseline -0.007 -15"><span class='ocrx_word' id='word_1_555' title='bbox 2144 3780 2433 3850; x_wconf 84' lang='grc' dir='ltr'><strong>Ῥωμαίων</strong></span> <span class='ocrx_word' id='word_1_556' title='bbox 2475 3780 2640 3846; x_wconf 86' lang='grc' dir='ltr'><strong>ἐάλω,</strong></span> <span class='ocrx_word' id='word_1_557' title='bbox 2703 3778 2799 3832; x_wconf 68' lang='grc' dir='ltr'><strong>καὶ⁹</strong></span> <span class='ocrx_word' id='word_1_558' title='bbox 2843 3779 2955 3837; x_wconf 81' lang='grc' dir='ltr'><strong>τοῖς</strong></span> <span class='ocrx_word' id='word_1_559' title='bbox 2994 3777 3055 3829; x_wconf 82' lang='grc' dir='ltr'><strong>ἐν</strong></span> <span class='ocrx_word' id='word_1_560' title='bbox 3095 3773 3247 3844; x_wconf 82' lang='grc' dir='ltr'><strong>αὑτῷ</strong></span> <span class='ocrx_word' id='word_1_561' title='bbox 3281 3773 3613 3841; x_wconf 73' lang='grc' dir='ltr'><strong>ἐπιτηδείοις</strong></span> <span class='ocrx_word' id='word_1_562' title='bbox 3654 3773 3705 3841; x_wconf 68' lang='lat' dir='ltr'><strong>oi</strong></span> 
     </span>
    </p>
   </div>
   <div class='ocr_carea' id='block_1_80' title="bbox 451 3867 3705 3947">
    <p class='ocr_par' dir='ltr' id='par_1_80' title="bbox 451 3867 3705 3947">
     <span class='ocr_line' id='line_1_80' title="bbox 451 3867 3705 3947; baseline -0.003 -23"><span class='ocrx_word' id='word_1_563' title='bbox 451 3871 714 3942; x_wconf 81' lang='grc' dir='ltr'><strong>Ῥωμαῖοι</strong></span> <span class='ocrx_word' id='word_1_564' title='bbox 767 3876 1088 3946; x_wconf 81' lang='grc' dir='ltr'><strong>ἐχρήσαντο,</strong></span> <span class='ocrx_word' id='word_1_565' title='bbox 1120 3875 1149 3929; x_wconf 85' lang='grc' dir='ltr'><strong>ὃ</strong></span> <span class='ocrx_word' id='word_1_566' title='bbox 1215 3876 1323 3947; x_wconf 78' lang='grc' dir='ltr'><strong>πρὸ</strong></span> <span class='ocrx_word' id='word_1_567' title='bbox 1370 3875 1539 3947; x_wconf 88' lang='grc' dir='ltr'><strong>τριῶν</strong></span> <span class='ocrx_word' id='word_1_568' title='bbox 1581 3873 1809 3945; x_wconf 82' lang='grc' dir='ltr'><strong>ἡμερῶν</strong></span> <span class='ocrx_word' id='word_1_569' title='bbox 1889 3873 1918 3925; x_wconf 84' lang='grc' dir='ltr'>ὁ</span> <span class='ocrx_word' id='word_1_570' title='bbox 1982 3873 2250 3939; x_wconf 87' lang='grc' dir='ltr'><strong>Σκιπίων,</strong></span> <span class='ocrx_word' id='word_1_571' title='bbox 2305 3874 2382 3936; x_wconf 86' lang='grc' dir='ltr'><strong>ὼς</strong></span> <span class='ocrx_word' id='word_1_572' title='bbox 2435 3873 2592 3940; x_wconf 84' lang='grc' dir='ltr'><strong>λόγος</strong></span> <span class='ocrx_word' id='word_1_573' title='bbox 2647 3872 2820 3937; x_wconf 79' lang='grc' dir='ltr'><strong>ἐστὶν,</strong></span> <span class='ocrx_word' id='word_1_574' title='bbox 2869 3868 3258 3939; x_wconf 74' lang='grc' dir='ltr'><strong>ἐπεφοίδασεν.</strong></span> <span class='ocrx_word' id='word_1_575' title='bbox 3311 3867 3705 3920; x_wconf 84' lang='grc' dir='ltr'><strong>Ἐπιλιπόντων</strong></span> 
     </span>
    </p>
   </div>
   <div class='ocr_carea' id='block_1_81' title="bbox 441 3957 3704 4038">
    <p class='ocr_par' dir='ltr' id='par_1_81' title="bbox 441 3957 3704 4038">
     <span class='ocr_line' id='line_1_81' title="bbox 441 3957 3704 4038; baseline -0.002 -20"><span class='ocrx_word' id='word_1_576' title='bbox 441 3964 549 4034; x_wconf 82' lang='grc' dir='ltr'><strong>γὰρ</strong></span> <span class='ocrx_word' id='word_1_577' title='bbox 574 3967 758 4031; x_wconf 81' lang='grc' dir='ltr'><strong>αὐτοῖς</strong></span> <span class='ocrx_word' id='word_1_578' title='bbox 786 3967 895 4020; x_wconf 85' lang='grc' dir='ltr'><strong>τῶν</strong></span> <span class='ocrx_word' id='word_1_579' title='bbox 921 3968 1055 4038; x_wconf 83' lang='grc' dir='ltr'><strong>πρὸς</strong></span> <span class='ocrx_word' id='word_1_580' title='bbox 1084 3967 1288 4037; x_wconf 78' lang='grc' dir='ltr'><strong>τροφὴν</strong></span> <span class='ocrx_word' id='word_1_581' title='bbox 1315 3970 1577 4038; x_wconf 72' lang='grc' dir='ltr'><strong>προεῖπεν</strong></span> <span class='ocrx_word' id='word_1_582' title='bbox 1609 3966 1751 4037; x_wconf 84' lang='grc' dir='ltr'><strong>(ὅθεν</strong></span> <span class='ocrx_word' id='word_1_583' title='bbox 1777 3965 1822 4019; x_wconf 86' lang='grc' dir='ltr'><strong>δ’</strong></span> <span class='ocrx_word' id='word_1_584' title='bbox 1865 3966 2149 4037; x_wconf 73' lang='grc' dir='ltr'><strong>ἠγνόηται)</strong></span> <span class='ocrx_word' id='word_1_585' title='bbox 2214 3965 2294 4031; x_wconf 81' lang='grc' dir='ltr'><strong>ὡς</strong></span> <span class='ocrx_word' id='word_1_586' title='bbox 2355 3967 2511 4021; x_wconf 83' lang='grc' dir='ltr'><strong>Κατά</strong></span> <span class='ocrx_word' id='word_1_587' title='bbox 2570 3965 2729 4036; x_wconf 84' lang='grc' dir='ltr'><strong>τήνδε</strong></span> <span class='ocrx_word' id='word_1_588' title='bbox 2785 3964 2883 4033; x_wconf 83' lang='grc' dir='ltr'><strong>τὴν</strong></span> <span class='ocrx_word' id='word_1_589' title='bbox 2913 3962 3131 4033; x_wconf 82' lang='grc' dir='ltr'><strong>ἡμέραν</strong></span> <span class='ocrx_word' id='word_1_590' title='bbox 3152 3962 3263 4022; x_wconf 81' lang='grc' dir='ltr'><strong>τοῖς</strong></span> <span class='ocrx_word' id='word_1_591' title='bbox 3292 3959 3404 4013; x_wconf 85' lang='grc' dir='ltr'><strong>τῶν</strong></span> <span class='ocrx_word' id='word_1_592' title='bbox 3428 3957 3704 4026; x_wconf 82' lang='grc' dir='ltr'><strong>πολεμίων</strong></span> 
     </span>
    </p>
   </div>
   <div class='ocr_carea' id='block_1_82' title="bbox 440 4058 1860 4129">
    <p class='ocr_par' dir='ltr' id='par_1_82' title="bbox 440 4058 1860 4129">
     <span class='ocr_line' id='line_1_82' title="bbox 440 4058 1860 4129; baseline 0.001 -18"><span class='ocrx_word' id='word_1_593' title='bbox 440 4058 782 4128; x_wconf 82' lang='grc' dir='ltr'><strong>χρησόμεθα.</strong></span> <span class='ocrx_word' id='word_1_594' title='bbox 817 4061 975 4114; x_wconf 72' lang='grc' dir='ltr'><strong>Μετὰ</strong></span> <span class='ocrx_word' id='word_1_595' title='bbox 1004 4058 1180 4114; x_wconf 71' lang='grc' dir='ltr'><strong>ταῦτα</strong></span> <span class='ocrx_word' id='word_1_596' title='bbox 1207 4061 1265 4113; x_wconf 80' lang='grc' dir='ltr'><strong>δὲ</strong></span> <span class='ocrx_word' id='word_1_597' title='bbox 1298 4062 1412 4123; x_wconf 84' lang='grc' dir='ltr'><strong>τοῖς</strong></span> <span class='ocrx_word' id='word_1_598' title='bbox 1454 4058 1860 4129; x_wconf 82' lang='grc' dir='ltr'><strong>περιλειφθείσι</strong></span> 
     </span>
    </p>
   </div>
   <div class='ocr_carea' id='block_1_83' title="bbox 1936 4050 3704 4122">
    <p class='ocr_par' dir='ltr' id='par_1_83' title="bbox 1936 4050 3704 4122">
     <span class='ocr_line' id='line_1_83' title="bbox 1936 4050 3704 4122; baseline -0.006 -10"><span class='ocrx_word' id='word_1_599' title='bbox 1936 4058 2046 4112; x_wconf 85' lang='grc' dir='ltr'><strong>τῶν</strong></span> <span class='ocrx_word' id='word_1_600' title='bbox 2085 4059 2346 4113; x_wconf 84' lang='grc' dir='ltr'><strong>ἐναντίων</strong></span> <span class='ocrx_word' id='word_1_601' title='bbox 2399 4059 2492 4112; x_wconf 79' lang='grc' dir='ltr'><strong>τὸν</strong></span> <span class='ocrx_word' id='word_1_602' title='bbox 2537 4057 2764 4111; x_wconf 76' lang='grc' dir='ltr'><strong>Σιλανὸν</strong></span> <span class='ocrx_word' id='word_1_603' title='bbox 2804 4050 3146 4118; x_wconf 85' lang='grc' dir='ltr'><strong>καταλιπὼν,</strong></span> <span class='ocrx_word' id='word_1_604' title='bbox 3196 4053 3363 4116; x_wconf 73' lang='grc' dir='ltr'><strong>αὐτὸς</strong></span> <span class='ocrx_word' id='word_1_605' title='bbox 3438 4052 3579 4122; x_wconf 80' lang='grc' dir='ltr'><strong>πρὸς</strong></span> <span class='ocrx_word' id='word_1_606' title='bbox 3609 4052 3704 4111; x_wconf 73' lang='grc' dir='ltr'><strong>τὰς</strong></span> 
     </span>
    </p>
   </div>
   <div class='ocr_carea' id='block_1_84' title="bbox 441 4148 3704 4228">
    <p class='ocr_par' dir='ltr' id='par_1_84' title="bbox 441 4148 3704 4228">
     <span class='ocr_line' id='line_1_84' title="bbox 441 4148 3704 4228; baseline -0.001 -25"><span class='ocrx_word' id='word_1_607' title='bbox 441 4148 611 4217; x_wconf 77' lang='grc' dir='ltr'><strong>ἄλλας</strong></span> <span class='ocrx_word' id='word_1_608' title='bbox 675 4154 845 4227; x_wconf 80' lang='grc' dir='ltr'><strong>ἀπῄει</strong></span> <span class='ocrx_word' id='word_1_609' title='bbox 905 4157 1115 4221; x_wconf 80' lang='grc' dir='ltr'><strong>πόλεις,</strong></span> <span class='ocrx_word' id='word_1_610' title='bbox 1184 4157 1280 4210; x_wconf 74' lang='grc' dir='ltr'><strong>καὶ</strong></span> <span class='ocrx_word' id='word_1_611' title='bbox 1349 4156 1549 4220; x_wconf 83' lang='grc' dir='ltr'><strong>πολλὰς</strong></span> <span class='ocrx_word' id='word_1_612' title='bbox 1608 4156 2015 4228; x_wconf 83' lang='grc' dir='ltr'><strong>προσηγάγετο.</strong></span> <span class='ocrx_word' id='word_1_613' title='bbox 2055 4155 2423 4226; x_wconf 81' lang='grc' dir='ltr'><strong>Καταστήσας</strong></span> <span class='ocrx_word' id='word_1_614' title='bbox 2472 4155 2528 4207; x_wconf 82' lang='grc' dir='ltr'><strong>δὲ</strong></span> <span class='ocrx_word' id='word_1_615' title='bbox 2572 4156 2641 4207; x_wconf 85' lang='grc' dir='ltr'><strong>τὰ</strong></span> <span class='ocrx_word' id='word_1_616' title='bbox 2717 4153 3019 4217; x_wconf 75' lang='grc' dir='ltr'><strong>ἑαλωκότα,</strong></span> <span class='ocrx_word' id='word_1_617' title='bbox 3061 4149 3228 4212; x_wconf 79' lang='grc' dir='ltr'><strong>αὺτδς</strong></span> <span class='ocrx_word' id='word_1_618' title='bbox 3267 4148 3365 4218; x_wconf 81' lang='grc' dir='ltr'><strong>μὲν</strong></span> <span class='ocrx_word' id='word_1_619' title='bbox 3405 4149 3527 4201; x_wconf 83' lang='grc' dir='ltr'><strong>ἐκεῖ</strong></span> <span class='ocrx_word' id='word_1_620' title='bbox 3594 4148 3704 4199; x_wconf 79' lang='grc' dir='ltr'><strong>διε-</strong></span> 
     </span>
    </p>
   </div>
   <div class='ocr_carea' id='block_1_85' title="bbox 441 4240 3709 4320">
    <p class='ocr_par' dir='ltr' id='par_1_85' title="bbox 441 4240 3709 4320">
     <span class='ocr_line' id='line_1_85' title="bbox 441 4240 3709 4320; baseline -0.001 -23"><span class='ocrx_word' id='word_1_621' title='bbox 441 4246 675 4313; x_wconf 82' lang='grc' dir='ltr'><strong>χείμασε</strong></span> <span class='ocrx_word' id='word_1_622' title='bbox 705 4261 719 4276; x_wconf 87' lang='grc'><strong>·</strong></span> <span class='ocrx_word' id='word_1_623' title='bbox 768 4247 862 4301; x_wconf 86' lang='grc' dir='ltr'><strong>τὸν</strong></span> <span class='ocrx_word' id='word_1_624' title='bbox 918 4248 975 4301; x_wconf 84' lang='grc' dir='ltr'><strong>δὲ</strong></span> <span class='ocrx_word' id='word_1_625' title='bbox 1029 4248 1260 4303; x_wconf 88' lang='grc' dir='ltr'><strong>Λούκιον</strong></span> <span class='ocrx_word' id='word_1_626' title='bbox 1332 4250 1424 4303; x_wconf 77' lang='grc' dir='ltr'><strong>τὸν</strong></span> <span class='ocrx_word' id='word_1_627' title='bbox 1507 4251 1786 4319; x_wconf 80' lang='grc' dir='ltr'><strong>ὁμαίμονα</strong></span> <span class='ocrx_word' id='word_1_628' title='bbox 1854 4250 1948 4303; x_wconf 78' lang='grc' dir='ltr'><strong>ἐπὶ</strong></span> <span class='ocrx_word' id='word_1_629' title='bbox 2024 4248 2246 4320; x_wconf 81' lang='grc' dir='ltr'><strong>Ῥώμην</strong></span> <span class='ocrx_word' id='word_1_630' title='bbox 2312 4247 2606 4303; x_wconf 80' lang='grc' dir='ltr'><strong>ἀπέστειλε</strong></span> <span class='ocrx_word' id='word_1_631' title='bbox 2685 4245 3130 4317; x_wconf 79' lang='grc' dir='ltr'><strong>καταγγελοῦντά</strong></span> <span class='ocrx_word' id='word_1_632' title='bbox 3188 4260 3247 4297; x_wconf 87' lang='grc' dir='ltr'><strong>τε</strong></span> <span class='ocrx_word' id='word_1_633' title='bbox 3304 4242 3376 4295; x_wconf 82' lang='grc' dir='ltr'><strong>τὰ</strong></span> <span class='ocrx_word' id='word_1_634' title='bbox 3438 4240 3709 4310; x_wconf 81' lang='grc' dir='ltr'><strong>γενόμενα</strong></span> 
     </span>
    </p>
   </div>
   <div class='ocr_carea' id='block_1_86' title="bbox 442 4332 3708 4414">
    <p class='ocr_par' dir='ltr' id='par_1_86' title="bbox 442 4332 3708 4414">
     <span class='ocr_line' id='line_1_86' title="bbox 442 4332 3708 4414; baseline -0.002 -21"><span class='ocrx_word' id='word_1_635' title='bbox 442 4340 541 4394; x_wconf 77' lang='grc' dir='ltr'><strong>καὶ</strong></span> <span class='ocrx_word' id='word_1_636' title='bbox 607 4341 734 4404; x_wconf 80' lang='grc' dir='ltr'><strong>τοὺς</strong></span> <span class='ocrx_word' id='word_1_637' title='bbox 787 4340 1171 4411; x_wconf 81' lang='grc' dir='ltr'><strong>αἰχμαλώτους</strong></span> <span class='ocrx_word' id='word_1_638' title='bbox 1241 4343 1537 4412; x_wconf 79' lang='grc' dir='ltr'><strong>κομίζοντα</strong></span> <span class='ocrx_word' id='word_1_639' title='bbox 1599 4344 1695 4396; x_wconf 72' lang='grc' dir='ltr'><strong>καὶ</strong></span> <span class='ocrx_word' id='word_1_640' title='bbox 1760 4343 1910 4406; x_wconf 83' lang='grc' dir='ltr'><strong>ὅπως</strong></span> <span class='ocrx_word' id='word_1_641' title='bbox 1967 4346 2019 4396; x_wconf 81' lang='lat' dir='ltr'><strong>ot</strong></span> <span class='ocrx_word' id='word_1_642' title='bbox 2059 4343 2118 4396; x_wconf 88' lang='grc' dir='ltr'><strong>ἐν</strong></span> <span class='ocrx_word' id='word_1_643' title='bbox 2155 4344 2223 4412; x_wconf 78' lang='grc' dir='ltr'><strong>τῇ</strong></span> <span class='ocrx_word' id='word_1_644' title='bbox 2309 4342 2499 4414; x_wconf 77' lang='grc' dir='ltr'><strong>Ῥώμῃ</strong></span> <span class='ocrx_word' id='word_1_645' title='bbox 2566 4341 2826 4412; x_wconf 75' lang='grc' dir='ltr'><strong>φρονοῦσι</strong></span> <span class='ocrx_word' id='word_1_646' title='bbox 2866 4339 3000 4411; x_wconf 73' lang='grc' dir='ltr'><strong>περὶ</strong></span> <span class='ocrx_word' id='word_1_647' title='bbox 3029 4335 3196 4393; x_wconf 82' lang='grc' dir='ltr'><strong>αὐτοῦ</strong></span> <span class='ocrx_word' id='word_1_648' title='bbox 3243 4332 3708 4407; x_wconf 66' lang='grc' dir='ltr'><strong>πολυπραγμονῇ</strong></span> 
     </span>
    </p>
   </div>
   <div class='ocr_carea' id='block_1_87' title="bbox 446 4447 634 4493">
    <p class='ocr_par' dir='ltr' id='par_1_87' title="bbox 446 4447 634 4493">
     <span class='ocr_line' id='line_1_87' title="bbox 446 4447 634 4493; baseline 0.011 -8"><span class='ocrx_word' id='word_1_649' title='bbox 446 4447 634 4493; x_wconf 86' lang='grc' dir='ltr'><strong>σοντα.</strong></span> 
     </span>
    </p>
   </div>
   <div class='ocr_carea' id='block_1_88' title="bbox 514 4515 2018 4599">
    <p class='ocr_par' dir='ltr' id='par_1_88' title="bbox 514 4526 2018 4599">
     <span class='ocr_line' id='line_1_88' title="bbox 514 4526 2018 4599; baseline 0.001 -17"><span class='ocrx_word' id='word_1_650' title='bbox 514 4527 612 4582; x_wconf 78' lang='lat' dir='ltr'><strong>1X.</strong></span> <span class='ocrx_word' id='word_1_651' title='bbox 646 4527 850 4583; x_wconf 68' lang='lat' dir='ltr'><strong>Verum</strong></span> <span class='ocrx_word' id='word_1_652' title='bbox 882 4526 1093 4582; x_wconf 85' lang='lat' dir='ltr'><strong>Italiam</strong></span> <span class='ocrx_word' id='word_1_653' title='bbox 1144 4528 1373 4584; x_wconf 88' lang='lat' dir='ltr'><strong>morbus</strong></span> <span class='ocrx_word' id='word_1_654' title='bbox 1425 4529 1680 4591; x_wconf 81' lang='lat' dir='ltr'><strong>vexabat,</strong></span> <span class='ocrx_word' id='word_1_655' title='bbox 1730 4538 1786 4583; x_wconf 89' lang='lat' dir='ltr'><strong>et</strong></span> <span class='ocrx_word' id='word_1_656' title='bbox 1836 4544 2018 4599; x_wconf 66' lang='lat' dir='ltr'><strong>pugna</strong></span> 
     </span>
    </p>
   </div>
   <div class='ocr_carea' id='block_1_89' title="bbox 2120 4515 3707 4599">
    <p class='ocr_par' dir='ltr' id='par_1_89' title="bbox 2203 4515 3707 4590">
     <span class='ocr_line' id='line_1_89' title="bbox 2203 4515 3707 4590; baseline -0.009 -12"><span class='ocrx_word' id='word_1_657' title='bbox 2203 4526 2281 4578; x_wconf 75' lang='lat'><strong>8&#39;.</strong></span> <span class='ocrx_word' id='word_1_658' title='bbox 2314 4525 2375 4576; x_wconf 89' lang='grc' dir='ltr'><strong>Οἱ</strong></span> <span class='ocrx_word' id='word_1_659' title='bbox 2404 4522 2448 4576; x_wconf 74' lang='grc' dir='ltr'><strong>δ’</strong></span> <span class='ocrx_word' id='word_1_660' title='bbox 2479 4523 2538 4574; x_wconf 86' lang='grc' dir='ltr'><strong>ἐν</strong></span> <span class='ocrx_word' id='word_1_661' title='bbox 2564 4523 2628 4590; x_wconf 83' lang='grc' dir='ltr'><strong>τῇ</strong></span> <span class='ocrx_word' id='word_1_662' title='bbox 2661 4518 2866 4589; x_wconf 74' lang='grc' dir='ltr'><strong>Ἰταλίᾳ</strong></span> <span class='ocrx_word' id='word_1_663' title='bbox 2887 4517 2982 4570; x_wconf 80' lang='grc' dir='ltr'><strong>καὶ</strong></span> <span class='ocrx_word' id='word_1_664' title='bbox 3010 4517 3075 4569; x_wconf 88' lang='grc' dir='ltr'><strong>ἐκ</strong></span> <span class='ocrx_word' id='word_1_665' title='bbox 3101 4515 3258 4568; x_wconf 84' lang='grc' dir='ltr'><strong>νόσου</strong></span> <span class='ocrx_word' id='word_1_666' title='bbox 3293 4515 3590 4580; x_wconf 75' lang='grc' dir='ltr'><strong>ἐπόνησαν,</strong></span> <span class='ocrx_word' id='word_1_667' title='bbox 3620 4515 3707 4568; x_wconf 74' lang='grc' dir='ltr'><strong>καὶ</strong></span> 
     </span>
    </p>
   </div>
   <div class='ocr_carea' id='block_1_90' title="bbox 446 4619 2026 4691">
    <p class='ocr_par' dir='ltr' id='par_1_90' title="bbox 446 4619 2026 4691">
     <span class='ocr_line' id='line_1_90' title="bbox 446 4619 2026 4691; baseline 0 -17"><span class='ocrx_word' id='word_1_668' title='bbox 446 4619 776 4684; x_wconf 74' lang='lat' dir='ltr'><strong>afﬂixerant,</strong></span> <span class='ocrx_word' id='word_1_669' title='bbox 830 4619 902 4675; x_wconf 94' lang='lat' dir='ltr'><strong>ob</strong></span> <span class='ocrx_word' id='word_1_670' title='bbox 936 4628 1121 4676; x_wconf 91' lang='lat' dir='ltr'><strong>motus</strong></span> <span class='ocrx_word' id='word_1_671' title='bbox 1152 4621 1566 4691; x_wconf 89' lang='lat' dir='ltr'><strong>Tyrrhenorum</strong></span> <span class='ocrx_word' id='word_1_672' title='bbox 1616 4621 1982 4690; x_wconf 88' lang='lat' dir='ltr'><strong>quorumdam</strong></span> <span class='ocrx_word' id='word_1_673' title='bbox 2011 4638 2026 4686; x_wconf 89' lang='lat'><strong>;</strong></span> 
     </span>
    </p>
   </div>
   <div class='ocr_carea' id='block_1_91' title="bbox 446 4711 2029 4783">
    <p class='ocr_par' dir='ltr' id='par_1_91' title="bbox 446 4711 2029 4783">
     <span class='ocr_line' id='line_1_91' title="bbox 446 4711 2029 4783; baseline 0.001 -17"><span class='ocrx_word' id='word_1_674' title='bbox 446 4711 545 4766; x_wconf 80' lang='lat' dir='ltr'><strong>sed</strong></span> <span class='ocrx_word' id='word_1_675' title='bbox 573 4712 840 4783; x_wconf 88' lang='lat' dir='ltr'><strong>majorem</strong></span> <span class='ocrx_word' id='word_1_676' title='bbox 889 4711 1098 4767; x_wconf 89' lang='lat' dir='ltr'><strong>luctum</strong></span> <span class='ocrx_word' id='word_1_677' title='bbox 1145 4714 1404 4769; x_wconf 86' lang='lat' dir='ltr'><strong>attulerat</strong></span> <span class='ocrx_word' id='word_1_678' title='bbox 1461 4714 1703 4769; x_wconf 77' lang='lat' dir='ltr'><strong>Marcelli</strong></span> <span class='ocrx_word' id='word_1_679' title='bbox 1751 4713 2029 4768; x_wconf 88' lang='lat' dir='ltr'><strong>interitus.</strong></span> 
     </span>
    </p>
   </div>
   <div class='ocr_carea' id='block_1_92' title="bbox 448 4804 2033 4862">
    <p class='ocr_par' dir='ltr' id='par_1_92' title="bbox 448 4804 2033 4862">
     <span class='ocr_line' id='line_1_92' title="bbox 448 4804 2033 4862; baseline 0.002 -3"><span class='ocrx_word' id='word_1_680' title='bbox 448 4804 584 4859; x_wconf 78' lang='lat' dir='ltr'><strong>Nam</strong></span> <span class='ocrx_word' id='word_1_681' title='bbox 620 4819 746 4861; x_wconf 89' lang='lat' dir='ltr'><strong>cum</strong></span> <span class='ocrx_word' id='word_1_682' title='bbox 804 4804 970 4860; x_wconf 83' lang='lat' dir='ltr'><strong>ambo</strong></span> <span class='ocrx_word' id='word_1_683' title='bbox 1026 4820 1173 4861; x_wconf 84' lang='lat' dir='ltr'><strong>coss.</strong></span> <span class='ocrx_word' id='word_1_684' title='bbox 1217 4816 1410 4861; x_wconf 89' lang='lat' dir='ltr'><strong>contra</strong></span> <span class='ocrx_word' id='word_1_685' title='bbox 1463 4806 1790 4860; x_wconf 80' lang='lat' dir='ltr'><strong>Annibalem</strong></span> <span class='ocrx_word' id='word_1_686' title='bbox 1839 4805 2033 4862; x_wconf 86' lang='lat' dir='ltr'><strong>Locris</strong></span> 
     </span>
    </p>
   </div>
   <div class='ocr_carea' id='block_1_93' title="bbox 448 4893 2031 4966">
    <p class='ocr_par' dir='ltr' id='par_1_93' title="bbox 448 4893 2031 4966">
     <span class='ocr_line' id='line_1_93' title="bbox 448 4893 2031 4966; baseline 0.002 -18"><span class='ocrx_word' id='word_1_687' title='bbox 448 4903 699 4963; x_wconf 86' lang='lat' dir='ltr'><strong>agentem</strong></span> <span class='ocrx_word' id='word_1_688' title='bbox 728 4893 1034 4950; x_wconf 78' lang='lat' dir='ltr'><strong>exercitum</strong></span> <span class='ocrx_word' id='word_1_689' title='bbox 1070 4896 1365 4960; x_wconf 77' lang='lat' dir='ltr'><strong>ducerent,</strong></span> <span class='ocrx_word' id='word_1_690' title='bbox 1399 4912 1500 4966; x_wconf 87' lang='lat' dir='ltr'><strong>per</strong></span> <span class='ocrx_word' id='word_1_691' title='bbox 1523 4896 1757 4952; x_wconf 84' lang='lat' dir='ltr'><strong>insidias</strong></span> <span class='ocrx_word' id='word_1_692' title='bbox 1786 4896 2031 4953; x_wconf 84' lang='lat' dir='ltr'><strong>circum-</strong></span> 
     </span>
    </p>
   </div>
   <div class='ocr_carea' id='block_1_94' title="bbox 449 4983 2035 5058">
    <p class='ocr_par' dir='ltr' id='par_1_94' title="bbox 449 4983 2035 5058">
     <span class='ocr_line' id='line_1_94' title="bbox 449 4983 2035 5058; baseline 0.004 -22"><span class='ocrx_word' id='word_1_693' title='bbox 449 4983 603 5039; x_wconf 86' lang='lat' dir='ltr'><strong>venti</strong></span> <span class='ocrx_word' id='word_1_694' title='bbox 624 4993 776 5050; x_wconf 92' lang='lat' dir='ltr'><strong>sunt,</strong></span> <span class='ocrx_word' id='word_1_695' title='bbox 804 4993 862 5041; x_wconf 90' lang='lat' dir='ltr'><strong>et</strong></span> <span class='ocrx_word' id='word_1_696' title='bbox 894 4985 1188 5042; x_wconf 77' lang='lat' dir='ltr'><strong>Marcellus</strong></span> <span class='ocrx_word' id='word_1_697' title='bbox 1216 4990 1402 5044; x_wconf 87' lang='lat' dir='ltr'><strong>statim</strong></span> <span class='ocrx_word' id='word_1_698' title='bbox 1439 4989 1724 5055; x_wconf 87' lang='lat' dir='ltr'><strong>occubuit,</strong></span> <span class='ocrx_word' id='word_1_699' title='bbox 1743 4987 2035 5058; x_wconf 88' lang='lat' dir='ltr'><strong>Crispinus</strong></span> 
     </span>
    </p>
   </div>
   <div class='ocr_carea' id='block_1_95' title="bbox 451 5077 2033 5147">
    <p class='ocr_par' dir='ltr' id='par_1_95' title="bbox 451 5077 2033 5147">
     <span class='ocr_line' id='line_1_95' title="bbox 451 5077 2033 5147; baseline 0.003 -18"><span class='ocrx_word' id='word_1_700' title='bbox 451 5090 559 5129; x_wconf 84' lang='lat' dir='ltr'><strong>non</strong></span> <span class='ocrx_word' id='word_1_701' title='bbox 595 5077 770 5131; x_wconf 82' lang='lat' dir='ltr'><strong>multo</strong></span> <span class='ocrx_word' id='word_1_702' title='bbox 801 5086 928 5147; x_wconf 88' lang='lat' dir='ltr'><strong>post</strong></span> <span class='ocrx_word' id='word_1_703' title='bbox 954 5094 1019 5133; x_wconf 85' lang='lat' dir='ltr'><strong>ex</strong></span> <span class='ocrx_word' id='word_1_704' title='bbox 1058 5079 1292 5135; x_wconf 90' lang='lat' dir='ltr'><strong>vulnere</strong></span> <span class='ocrx_word' id='word_1_705' title='bbox 1327 5080 1566 5137; x_wconf 85' lang='lat' dir='ltr'><strong>decessit</strong></span> <span class='ocrx_word' id='word_1_706' title='bbox 1609 5080 1847 5136; x_wconf 78' lang='lat' dir='ltr'><strong>Annibal</strong></span> <span class='ocrx_word' id='word_1_707' title='bbox 1877 5095 2033 5145; x_wconf 90' lang='lat' dir='ltr'><strong>vero,</strong></span> 
     </span>
    </p>
   </div>
   <div class='ocr_carea' id='block_1_96' title="bbox 453 5169 2038 5246">
    <p class='ocr_par' dir='ltr' id='par_1_96' title="bbox 453 5169 2038 5246">
     <span class='ocr_line' id='line_1_96' title="bbox 453 5169 2038 5246; baseline 0.003 -22"><span class='ocrx_word' id='word_1_708' title='bbox 453 5169 693 5227; x_wconf 80' lang='lat' dir='ltr'><strong>Marcelli</strong></span> <span class='ocrx_word' id='word_1_709' title='bbox 715 5174 988 5229; x_wconf 84' lang='lat' dir='ltr'><strong>cadavere</strong></span> <span class='ocrx_word' id='word_1_710' title='bbox 1023 5173 1186 5246; x_wconf 67' lang='grc'><strong>432</strong></span> <span class='ocrx_word' id='word_1_711' title='bbox 1221 5174 1470 5241; x_wconf 87' lang='lat' dir='ltr'><strong>invento,</strong></span> <span class='ocrx_word' id='word_1_712' title='bbox 1495 5185 1553 5230; x_wconf 90' lang='lat' dir='ltr'><strong>et</strong></span> <span class='ocrx_word' id='word_1_713' title='bbox 1577 5176 1698 5245; x_wconf 87' lang='lat' dir='ltr'><strong>ejus</strong></span> <span class='ocrx_word' id='word_1_714' title='bbox 1729 5174 1910 5245; x_wconf 86' lang='lat' dir='ltr'><strong>sigillo</strong></span> <span class='ocrx_word' id='word_1_715' title='bbox 1946 5188 2038 5228; x_wconf 88' lang='lat' dir='ltr'><strong>ac-</strong></span> 
     </span>
    </p>
   </div>
   <div class='ocr_carea' id='block_1_97' title="bbox 454 5262 2037 5335">
    <p class='ocr_par' dir='ltr' id='par_1_97' title="bbox 454 5262 2037 5335">
     <span class='ocr_line' id='line_1_97' title="bbox 454 5262 2037 5335; baseline 0.002 -22"><span class='ocrx_word' id='word_1_716' title='bbox 454 5269 638 5329; x_wconf 80' lang='lat' dir='ltr'><strong>cepto,</strong></span> <span class='ocrx_word' id='word_1_717' title='bbox 667 5263 872 5318; x_wconf 86' lang='lat' dir='ltr'><strong>litteris</strong></span> <span class='ocrx_word' id='word_1_718' title='bbox 898 5263 1020 5334; x_wconf 84' lang='lat' dir='ltr'><strong>ejus</strong></span> <span class='ocrx_word' id='word_1_719' title='bbox 1052 5266 1274 5319; x_wconf 89' lang='lat' dir='ltr'><strong>nomine</strong></span> <span class='ocrx_word' id='word_1_720' title='bbox 1297 5266 1366 5319; x_wconf 87' lang='lat' dir='ltr'><strong>ad</strong></span> <span class='ocrx_word' id='word_1_721' title='bbox 1405 5265 1572 5320; x_wconf 87' lang='lat' dir='ltr'><strong>urbes</strong></span> <span class='ocrx_word' id='word_1_722' title='bbox 1596 5263 1840 5335; x_wconf 90' lang='lat' dir='ltr'><strong>scriptis,</strong></span> <span class='ocrx_word' id='word_1_723' title='bbox 1870 5262 2037 5333; x_wconf 87' lang='lat' dir='ltr'><strong>quid-</strong></span> 
     </span>
    </p>
   </div>
   <div class='ocr_carea' id='block_1_98' title="bbox 454 5350 2036 5424">
    <p class='ocr_par' dir='ltr' id='par_1_98' title="bbox 454 5350 2036 5424">
     <span class='ocr_line' id='line_1_98' title="bbox 454 5350 2036 5424; baseline 0.003 -22"><span class='ocrx_word' id='word_1_724' title='bbox 454 5350 585 5417; x_wconf 86' lang='lat' dir='ltr'><strong>quid</strong></span> <span class='ocrx_word' id='word_1_725' title='bbox 616 5355 837 5409; x_wconf 83' lang='lat' dir='ltr'><strong>volebat</strong></span> <span class='ocrx_word' id='word_1_726' title='bbox 869 5354 1141 5418; x_wconf 88' lang='lat' dir='ltr'><strong>obtinuit;</strong></span> <span class='ocrx_word' id='word_1_727' title='bbox 1179 5354 1358 5411; x_wconf 84' lang='lat' dir='ltr'><strong>donec</strong></span> <span class='ocrx_word' id='word_1_728' title='bbox 1373 5354 1681 5424; x_wconf 86' lang='lat' dir='ltr'><strong>Crispinus,</strong></span> <span class='ocrx_word' id='word_1_729' title='bbox 1708 5369 1775 5409; x_wconf 88' lang='lat' dir='ltr'><strong>eo</strong></span> <span class='ocrx_word' id='word_1_730' title='bbox 1795 5352 2036 5423; x_wconf 78' lang='lat' dir='ltr'><strong>cognito,</strong></span> 
     </span>
    </p>
   </div>
   <div class='ocr_carea' id='block_1_99' title="bbox 459 5441 2039 5512">
    <p class='ocr_par' dir='ltr' id='par_1_99' title="bbox 459 5441 2039 5512">
     <span class='ocr_line' id='line_1_99' title="bbox 459 5441 2039 5512; baseline 0.003 -18"><span class='ocrx_word' id='word_1_731' title='bbox 459 5441 582 5497; x_wconf 89' lang='lat' dir='ltr'><strong>illos</strong></span> <span class='ocrx_word' id='word_1_732' title='bbox 610 5447 838 5508; x_wconf 85' lang='lat' dir='ltr'><strong>monuit,</strong></span> <span class='ocrx_word' id='word_1_733' title='bbox 882 5457 944 5502; x_wconf 93' lang='lat' dir='ltr'><strong>ut</strong></span> <span class='ocrx_word' id='word_1_734' title='bbox 966 5446 1086 5512; x_wconf 64' lang='lat' dir='ltr'><strong>fsibi</strong></span> <span class='ocrx_word' id='word_1_735' title='bbox 1116 5457 1402 5503; x_wconf 85' lang='lat' dir='ltr'><strong>caverent.</strong></span> <span class='ocrx_word' id='word_1_736' title='bbox 1453 5446 1610 5504; x_wconf 89' lang='lat' dir='ltr'><strong>Unde</strong></span> <span class='ocrx_word' id='word_1_737' title='bbox 1653 5461 1743 5502; x_wconf 86' lang='lat' dir='ltr'><strong>res</strong></span> <span class='ocrx_word' id='word_1_738' title='bbox 1779 5445 2039 5501; x_wconf 80' lang='lat' dir='ltr'><strong>Annibali</strong></span> 
     </span>
    </p>
   </div>
   <div class='ocr_carea' id='block_1_100' title="bbox 458 5533 2038 5608">
    <p class='ocr_par' dir='ltr' id='par_1_100' title="bbox 458 5533 2038 5608">
     <span class='ocr_line' id='line_1_100' title="bbox 458 5533 2038 5608; baseline 0.003 -22"><span class='ocrx_word' id='word_1_739' title='bbox 458 5533 628 5588; x_wconf 83' lang='lat' dir='ltr'><strong>vertit</strong></span> <span class='ocrx_word' id='word_1_740' title='bbox 659 5538 715 5591; x_wconf 83' lang='lat' dir='ltr'><strong>in</strong></span> <span class='ocrx_word' id='word_1_741' title='bbox 772 5542 1135 5596; x_wconf 88' lang='lat' dir='ltr'><strong>contrarium.</strong></span> <span class='ocrx_word' id='word_1_742' title='bbox 1197 5541 1332 5596; x_wconf 85' lang='lat' dir='ltr'><strong>Nam</strong></span> <span class='ocrx_word' id='word_1_743' title='bbox 1397 5555 1523 5595; x_wconf 88' lang='lat' dir='ltr'><strong>cum</strong></span> <span class='ocrx_word' id='word_1_744' title='bbox 1583 5537 1894 5608; x_wconf 81' lang='lat' dir='ltr'><strong>Salapianis</strong></span> <span class='ocrx_word' id='word_1_745' title='bbox 1940 5552 2038 5608; x_wconf 85' lang='lat' dir='ltr'><strong>per</strong></span> 
     </span>
    </p>
   </div>
   <div class='ocr_carea' id='block_1_101' title="bbox 463 5627 2039 5700">
    <p class='ocr_par' dir='ltr' id='par_1_101' title="bbox 463 5627 2039 5700">
     <span class='ocr_line' id='line_1_101' title="bbox 463 5627 2039 5700; baseline 0.003 -22"><span class='ocrx_word' id='word_1_746' title='bbox 463 5632 799 5700; x_wconf 84' lang='lat' dir='ltr'><strong>transfugam</strong></span> <span class='ocrx_word' id='word_1_747' title='bbox 826 5631 1160 5700; x_wconf 82' lang='lat' dir='ltr'><strong>scripsisset,</strong></span> <span class='ocrx_word' id='word_1_748' title='bbox 1192 5632 1508 5688; x_wconf 83' lang='lat' dir='ltr'><strong>Marcellum</strong></span> <span class='ocrx_word' id='word_1_749' title='bbox 1543 5639 1709 5685; x_wconf 89' lang='lat' dir='ltr'><strong>noctu</strong></span> <span class='ocrx_word' id='word_1_750' title='bbox 1738 5629 1807 5684; x_wconf 89' lang='lat' dir='ltr'><strong>ad</strong></span> <span class='ocrx_word' id='word_1_751' title='bbox 1836 5627 2039 5684; x_wconf 70' lang='lat' dir='ltr'><strong>mantia</strong></span> 
     </span>
    </p>
   </div>
   <div class='ocr_carea' id='block_1_102' title="bbox 466 5719 2039 5795">
    <p class='ocr_par' dir='ltr' id='par_1_102' title="bbox 466 5719 2039 5795">
     <span class='ocr_line' id='line_1_102' title="bbox 466 5719 2039 5795; baseline 0.004 -26"><span class='ocrx_word' id='word_1_752' title='bbox 466 5719 750 5787; x_wconf 79' lang='lat' dir='ltr'><strong>accedere,</strong></span> <span class='ocrx_word' id='word_1_753' title='bbox 778 5732 834 5777; x_wconf 89' lang='lat' dir='ltr'><strong>et</strong></span> <span class='ocrx_word' id='word_1_754' title='bbox 863 5723 1107 5778; x_wconf 79' lang='lat' dir='ltr'><strong>Romana</strong></span> <span class='ocrx_word' id='word_1_755' title='bbox 1147 5723 1332 5795; x_wconf 85' lang='lat' dir='ltr'><strong>lingua</strong></span> <span class='ocrx_word' id='word_1_756' title='bbox 1401 5737 1508 5778; x_wconf 88' lang='lat' dir='ltr'><strong>una</strong></span> <span class='ocrx_word' id='word_1_757' title='bbox 1561 5738 1683 5778; x_wconf 82' lang='lat' dir='ltr'><strong>cum</strong></span> <span class='ocrx_word' id='word_1_758' title='bbox 1738 5720 1862 5776; x_wconf 90' lang='lat' dir='ltr'><strong>aliis</strong></span> <span class='ocrx_word' id='word_1_759' title='bbox 1917 5735 2039 5776; x_wconf 86' lang='lat' dir='ltr'><strong>eam</strong></span> 
     </span>
    </p>
   </div>
   <div class='ocr_carea' id='block_1_103' title="bbox 2133 4608 3709 4690">
    <p class='ocr_par' dir='ltr' id='par_1_103' title="bbox 2133 4608 3709 4690">
     <span class='ocr_line' id='line_1_103' title="bbox 2133 4608 3709 4690; baseline -0.008 -18"><span class='ocrx_word' id='word_1_760' title='bbox 2133 4631 2333 4690; x_wconf 78' lang='grc' dir='ltr'><strong>μάχαις</strong></span> <span class='ocrx_word' id='word_1_761' title='bbox 2387 4613 2868 4684; x_wconf 80' lang='grc' dir='ltr'><strong>ἐταλαιπώρησαν,</strong></span> <span class='ocrx_word' id='word_1_762' title='bbox 2912 4609 3211 4680; x_wconf 77' lang='grc' dir='ltr'><strong>Τυρσηνῶν</strong></span> <span class='ocrx_word' id='word_1_763' title='bbox 3270 4608 3709 4675; x_wconf 85' lang='grc' dir='ltr'><strong>νεωτερισάντων</strong></span> 
     </span>
    </p>
   </div>
   <div class='ocr_carea' id='block_1_104' title="bbox 2128 4700 3710 4772">
    <p class='ocr_par' dir='ltr' id='par_1_104' title="bbox 2128 4700 3710 4772">
     <span class='ocr_line' id='line_1_104' title="bbox 2128 4700 3710 4772; baseline -0.008 -7"><span class='ocrx_word' id='word_1_764' title='bbox 2128 4712 2311 4765; x_wconf 81' lang='grc' dir='ltr'><strong>τινῶν.</strong></span> <span class='ocrx_word' id='word_1_765' title='bbox 2348 4708 2549 4772; x_wconf 80' lang='grc' dir='ltr'><strong>Μεῖζον</strong></span> <span class='ocrx_word' id='word_1_766' title='bbox 2580 4706 2635 4759; x_wconf 79' lang='grc' dir='ltr'><strong>δὲ</strong></span> <span class='ocrx_word' id='word_1_767' title='bbox 2674 4704 2782 4758; x_wconf 84' lang='grc' dir='ltr'><strong>τῶν</strong></span> <span class='ocrx_word' id='word_1_768' title='bbox 2833 4703 3016 4756; x_wconf 84' lang='grc' dir='ltr'><strong>ἀλλων</strong></span> <span class='ocrx_word' id='word_1_769' title='bbox 3060 4700 3260 4763; x_wconf 77' lang='grc' dir='ltr'><strong>αὐτοὺς</strong></span> <span class='ocrx_word' id='word_1_770' title='bbox 3307 4700 3587 4768; x_wconf 81' lang='grc' dir='ltr'><strong>ἐλύπησεν</strong></span> <span class='ocrx_word' id='word_1_771' title='bbox 3631 4701 3710 4753; x_wconf 79' lang='grc' dir='ltr'><strong>ὅτι</strong></span> 
     </span>
    </p>
   </div>
   <div class='ocr_carea' id='block_1_105' title="bbox 2130 4794 3709 4873">
    <p class='ocr_par' dir='ltr' id='par_1_105' title="bbox 2130 4794 3709 4873">
     <span class='ocr_line' id='line_1_105' title="bbox 2130 4794 3709 4873; baseline -0.008 -14"><span class='ocrx_word' id='word_1_772' title='bbox 2130 4806 2222 4859; x_wconf 84' lang='grc' dir='ltr'><strong>τδν</strong></span> <span class='ocrx_word' id='word_1_773' title='bbox 2272 4802 2588 4873; x_wconf 79' lang='grc' dir='ltr'><strong>Μάρκελλον</strong></span> <span class='ocrx_word' id='word_1_774' title='bbox 2639 4799 2936 4853; x_wconf 80' lang='grc' dir='ltr'><strong>ἀπέϐαλον.</strong></span> <span class='ocrx_word' id='word_1_775' title='bbox 2982 4794 3543 4865; x_wconf 85' lang='grc' dir='ltr'><strong>Ἐπιστρατεύσαντες</strong></span> <span class='ocrx_word' id='word_1_776' title='bbox 3603 4797 3709 4862; x_wconf 71' lang='grc' dir='ltr'><strong>γὰρ</strong></span> 
     </span>
    </p>
   </div>
   <div class='ocr_carea' id='block_1_106' title="bbox 2132 4887 3711 4960">
    <p class='ocr_par' dir='ltr' id='par_1_106' title="bbox 2132 4887 3711 4960">
     <span class='ocr_line' id='line_1_106' title="bbox 2132 4887 3711 4960; baseline -0.009 -8"><span class='ocrx_word' id='word_1_777' title='bbox 2132 4898 2275 4953; x_wconf 73' lang='grc' dir='ltr'><strong>κατὰ</strong></span> <span class='ocrx_word' id='word_1_778' title='bbox 2330 4894 2424 4949; x_wconf 80' lang='grc' dir='ltr'><strong>τοῦ</strong></span> <span class='ocrx_word' id='word_1_779' title='bbox 2469 4894 2713 4947; x_wconf 83' lang='grc' dir='ltr'><strong>Ἀννίόου</strong></span> <span class='ocrx_word' id='word_1_780' title='bbox 2766 4892 3129 4960; x_wconf 83' lang='grc' dir='ltr'><strong>τυγχάνοντος</strong></span> <span class='ocrx_word' id='word_1_781' title='bbox 3185 4891 3242 4940; x_wconf 90' lang='grc' dir='ltr'><strong>ἐν</strong></span> <span class='ocrx_word' id='word_1_782' title='bbox 3296 4888 3552 4957; x_wconf 85' lang='grc' dir='ltr'><strong>Λοκροῖς,</strong></span> <span class='ocrx_word' id='word_1_783' title='bbox 3613 4887 3711 4941; x_wconf 79' lang='grc' dir='ltr'><strong>καὶ</strong></span> 
     </span>
    </p>
   </div>
   <div class='ocr_carea' id='block_1_107' title="bbox 2133 4980 3711 5060">
    <p class='ocr_par' dir='ltr' id='par_1_107' title="bbox 2133 4980 3711 5060">
     <span class='ocr_line' id='line_1_107' title="bbox 2133 4980 3711 5060; baseline -0.009 -15"><span class='ocrx_word' id='word_1_784' title='bbox 2133 4991 2302 5060; x_wconf 78' lang='grc' dir='ltr'><strong>ἄμφω</strong></span> <span class='ocrx_word' id='word_1_785' title='bbox 2323 4989 2373 5042; x_wconf 74' lang='grc' dir='ltr'><strong>οἱ</strong></span> <span class='ocrx_word' id='word_1_786' title='bbox 2399 4987 2599 5042; x_wconf 79' lang='grc' dir='ltr'><strong>ὕπατοι</strong></span> <span class='ocrx_word' id='word_1_787' title='bbox 2629 4982 2691 5050; x_wconf 81' lang='grc' dir='ltr'><strong>ἐξ</strong></span> <span class='ocrx_word' id='word_1_788' title='bbox 2718 4985 2942 5054; x_wconf 78' lang='grc' dir='ltr'><strong>ἐνέδρας</strong></span> <span class='ocrx_word' id='word_1_789' title='bbox 2967 4980 3530 5053; x_wconf 80' lang='grc' dir='ltr'><strong>περιστοιχισοέντες,</strong></span> <span class='ocrx_word' id='word_1_790' title='bbox 3554 4981 3582 5031; x_wconf 86' lang='grc' dir='ltr'><strong>ό</strong></span> <span class='ocrx_word' id='word_1_791' title='bbox 3615 4981 3711 5046; x_wconf 85' lang='grc' dir='ltr'><strong>μὲν</strong></span> 
     </span>
    </p>
   </div>
   <div class='ocr_carea' id='block_1_108' title="bbox 2131 5065 3712 5148">
    <p class='ocr_par' dir='ltr' id='par_1_108' title="bbox 2131 5065 3712 5148">
     <span class='ocr_line' id='line_1_108' title="bbox 2131 5065 3712 5148; baseline -0.012 -14"><span class='ocrx_word' id='word_1_792' title='bbox 2131 5078 2451 5148; x_wconf 83' lang='grc' dir='ltr'><strong>Μάρκελλος</strong></span> <span class='ocrx_word' id='word_1_793' title='bbox 2488 5075 2689 5129; x_wconf 87' lang='grc' dir='ltr'><strong>αὐτίκα</strong></span> <span class='ocrx_word' id='word_1_794' title='bbox 2729 5071 3002 5127; x_wconf 70' lang='grc' dir='ltr'><strong>ἀπώλετοσ</strong></span> <span class='ocrx_word' id='word_1_795' title='bbox 3063 5070 3364 5140; x_wconf 80' lang='grc' dir='ltr'><strong>Κρισπῖνος</strong></span> <span class='ocrx_word' id='word_1_796' title='bbox 3398 5065 3455 5118; x_wconf 87' lang='grc' dir='ltr'><strong>δέ</strong></span> <span class='ocrx_word' id='word_1_797' title='bbox 3485 5065 3712 5133; x_wconf 70' lang='grc' dir='ltr'><strong>τρωθεὶς</strong></span> 
     </span>
    </p>
   </div>
   <div class='ocr_carea' id='block_1_109' title="bbox 2133 5155 3715 5238">
    <p class='ocr_par' dir='ltr' id='par_1_109' title="bbox 2133 5155 3715 5238">
     <span class='ocr_line' id='line_1_109' title="bbox 2133 5155 3715 5238; baseline -0.011 -13"><span class='ocrx_word' id='word_1_798' title='bbox 2133 5172 2405 5225; x_wconf 81' lang='grc' dir='ltr'><strong>ἀπέθανεν</strong></span> <span class='ocrx_word' id='word_1_799' title='bbox 2454 5169 2515 5221; x_wconf 81' lang='grc' dir='ltr'><strong>οὗ</strong></span> <span class='ocrx_word' id='word_1_800' title='bbox 2569 5165 2704 5238; x_wconf 82' lang='grc' dir='ltr'><strong>μετὰ</strong></span> <span class='ocrx_word' id='word_1_801' title='bbox 2737 5162 2893 5219; x_wconf 85' lang='grc' dir='ltr'><strong>πολύ.</strong></span> <span class='ocrx_word' id='word_1_802' title='bbox 2927 5160 3196 5233; x_wconf 80' lang='grc' dir='ltr'><strong>Εὐρηκὼς</strong></span> <span class='ocrx_word' id='word_1_803' title='bbox 3222 5158 3277 5211; x_wconf 72' lang='grc' dir='ltr'><strong>δὲ</strong></span> <span class='ocrx_word' id='word_1_804' title='bbox 3314 5158 3374 5210; x_wconf 76' lang='grc' dir='ltr'><strong>τὸ</strong></span> <span class='ocrx_word' id='word_1_805' title='bbox 3410 5155 3506 5209; x_wconf 82' lang='grc' dir='ltr'><strong>τοῦ</strong></span> <span class='ocrx_word' id='word_1_806' title='bbox 3552 5157 3715 5225; x_wconf 77' lang='grc' dir='ltr'><strong>Μαρ-</strong></span> 
     </span>
    </p>
   </div>
   <div class='ocr_carea' id='block_1_110' title="bbox 2134 5245 3711 5328">
    <p class='ocr_par' dir='ltr' id='par_1_110' title="bbox 2134 5245 3711 5328">
     <span class='ocr_line' id='line_1_110' title="bbox 2134 5245 3711 5328; baseline -0.011 -14"><span class='ocrx_word' id='word_1_807' title='bbox 2134 5261 2325 5315; x_wconf 76' lang='grc' dir='ltr'><strong>κέλλου</strong></span> <span class='ocrx_word' id='word_1_808' title='bbox 2364 5259 2525 5328; x_wconf 85' lang='grc' dir='ltr'><strong>σῶμα</strong></span> <span class='ocrx_word' id='word_1_809' title='bbox 2563 5260 2591 5311; x_wconf 72' lang='grc' dir='ltr'><strong>δ</strong></span> <span class='ocrx_word' id='word_1_810' title='bbox 2635 5253 2905 5319; x_wconf 77' lang='grc' dir='ltr'><strong>Ἀννίϐας,</strong></span> <span class='ocrx_word' id='word_1_811' title='bbox 2938 5252 3033 5307; x_wconf 77' lang='grc' dir='ltr'><strong>καὶ</strong></span> <span class='ocrx_word' id='word_1_812' title='bbox 3071 5251 3164 5305; x_wconf 78' lang='grc' dir='ltr'><strong>τὸν</strong></span> <span class='ocrx_word' id='word_1_813' title='bbox 3217 5247 3504 5302; x_wconf 86' lang='grc' dir='ltr'><strong>δακτύλιον</strong></span> <span class='ocrx_word' id='word_1_814' title='bbox 3545 5245 3711 5299; x_wconf 74' lang='grc' dir='ltr'><strong>αὐτοῦ</strong></span> 
     </span>
    </p>
   </div>
   <div class='ocr_carea' id='block_1_111' title="bbox 2135 5342 3715 5425">
    <p class='ocr_par' dir='ltr' id='par_1_111' title="bbox 2135 5342 3715 5425">
     <span class='ocr_line' id='line_1_111' title="bbox 2135 5342 3715 5425; baseline -0.009 -18"><span class='ocrx_word' id='word_1_815' title='bbox 2135 5352 2397 5425; x_wconf 79' lang='grc' dir='ltr'><strong>εἰληφὼς,</strong></span> <span class='ocrx_word' id='word_1_816' title='bbox 2427 5345 2472 5420; x_wconf 78' lang='grc' dir='ltr'>ᾧ</span> <span class='ocrx_word' id='word_1_817' title='bbox 2502 5352 2709 5414; x_wconf 82' lang='grc' dir='ltr'><strong>ἐκεῖνος</strong></span> <span class='ocrx_word' id='word_1_818' title='bbox 2740 5349 2839 5413; x_wconf 86' lang='grc' dir='ltr'><strong>τὰς</strong></span> <span class='ocrx_word' id='word_1_819' title='bbox 2860 5348 3081 5420; x_wconf 82' lang='grc' dir='ltr'><strong>γραφὰς</strong></span> <span class='ocrx_word' id='word_1_820' title='bbox 3109 5343 3506 5414; x_wconf 80' lang='grc' dir='ltr'><strong>ἐπεσφράγιζε,</strong></span> <span class='ocrx_word' id='word_1_821' title='bbox 3529 5342 3715 5412; x_wconf 77' lang='grc' dir='ltr'><strong>γράμ-</strong></span> 
     </span>
    </p>
   </div>
   <div class='ocr_carea' id='block_1_112' title="bbox 2140 5430 3712 5515">
    <p class='ocr_par' dir='ltr' id='par_1_112' title="bbox 2140 5430 3712 5515">
     <span class='ocr_line' id='line_1_112' title="bbox 2140 5430 3712 5515; baseline -0.013 -16"><span class='ocrx_word' id='word_1_822' title='bbox 2140 5462 2286 5515; x_wconf 88' lang='grc' dir='ltr'><strong>ματα</strong></span> <span class='ocrx_word' id='word_1_823' title='bbox 2347 5444 2404 5506; x_wconf 86' lang='grc' dir='ltr'><strong>ἐς</strong></span> <span class='ocrx_word' id='word_1_824' title='bbox 2456 5442 2557 5506; x_wconf 83' lang='grc' dir='ltr'><strong>τὰς</strong></span> <span class='ocrx_word' id='word_1_825' title='bbox 2602 5440 2786 5504; x_wconf 82' lang='grc' dir='ltr'><strong>πόλεις</strong></span> <span class='ocrx_word' id='word_1_826' title='bbox 2835 5439 2913 5503; x_wconf 82' lang='grc' dir='ltr'><strong>ὡς</strong></span> <span class='ocrx_word' id='word_1_827' title='bbox 2950 5435 3083 5507; x_wconf 85' lang='grc' dir='ltr'><strong>παρ’</strong></span> <span class='ocrx_word' id='word_1_828' title='bbox 3118 5434 3330 5488; x_wconf 80' lang='grc' dir='ltr'><strong>ἐκείνου</strong></span> <span class='ocrx_word' id='word_1_829' title='bbox 3385 5430 3712 5515; x_wconf 71' lang='grc' dir='ltr'><strong>στελλόμενα</strong></span> 
     </span>
    </p>
   </div>
   <div class='ocr_carea' id='block_1_113' title="bbox 2135 5511 3711 5606">
    <p class='ocr_par' dir='ltr' id='par_1_113' title="bbox 2135 5511 3711 5606">
     <span class='ocr_line' id='line_1_113' title="bbox 2135 5511 3711 5606; baseline -0.013 -15"><span class='ocrx_word' id='word_1_830' title='bbox 2135 5511 2376 5606; x_wconf 75' lang='grc' dir='ltr'><strong>ἐπεμπε,</strong></span> <span class='ocrx_word' id='word_1_831' title='bbox 2407 5536 2502 5589; x_wconf 78' lang='grc' dir='ltr'><strong>καὶ</strong></span> <span class='ocrx_word' id='word_1_832' title='bbox 2531 5536 2631 5587; x_wconf 76' lang='grc' dir='ltr'><strong>ὅσα</strong></span> <span class='ocrx_word' id='word_1_833' title='bbox 2668 5532 2924 5586; x_wconf 76' lang='grc' dir='ltr'><strong>ἐϐούλετο</strong></span> <span class='ocrx_word' id='word_1_834' title='bbox 2956 5528 3319 5600; x_wconf 74' lang='grc' dir='ltr'><strong>διεπράττετο</strong></span> <span class='ocrx_word' id='word_1_835' title='bbox 3346 5540 3360 5555; x_wconf 77' lang='grc' dir='ltr'><strong><em>ο</em></strong></span> <span class='ocrx_word' id='word_1_836' title='bbox 3399 5523 3597 5593; x_wconf 80' lang='grc' dir='ltr'><strong>μέχρις</strong></span> <span class='ocrx_word' id='word_1_837' title='bbox 3652 5511 3711 5572; x_wconf 74' lang='grc' dir='ltr'><strong>οὖ</strong></span> 
     </span>
    </p>
   </div>
   <div class='ocr_carea' id='block_1_114' title="bbox 2135 5611 3710 5695">
    <p class='ocr_par' dir='ltr' id='par_1_114' title="bbox 2135 5611 3710 5695">
     <span class='ocr_line' id='line_1_114' title="bbox 2135 5611 3710 5695; baseline -0.013 -15"><span class='ocrx_word' id='word_1_838' title='bbox 2135 5628 2294 5681; x_wconf 81' lang='grc' dir='ltr'><strong>τοῦτο</strong></span> <span class='ocrx_word' id='word_1_839' title='bbox 2325 5626 2488 5695; x_wconf 83' lang='grc' dir='ltr'><strong>γνοὺς</strong></span> <span class='ocrx_word' id='word_1_840' title='bbox 2531 5625 2561 5677; x_wconf 83' lang='grc' dir='ltr'><strong>ὁ</strong></span> <span class='ocrx_word' id='word_1_841' title='bbox 2608 5623 2934 5692; x_wconf 83' lang='grc' dir='ltr'><strong>Κρισπῖνος,</strong></span> <span class='ocrx_word' id='word_1_842' title='bbox 2987 5613 3487 5686; x_wconf 80' lang='grc' dir='ltr'><strong>ἀντιπαρήγγειλεν</strong></span> <span class='ocrx_word' id='word_1_843' title='bbox 3523 5611 3710 5670; x_wconf 59' lang='grc' dir='ltr'><strong>αὐτοῖς</strong></span> 
     </span>
    </p>
   </div>
   <div class='ocr_carea' id='block_1_115' title="bbox 2141 5699 3704 5795">
    <p class='ocr_par' dir='ltr' id='par_1_115' title="bbox 2141 5699 3704 5795">
     <span class='ocr_line' id='line_1_115' title="bbox 2141 5699 3704 5795; baseline 0.002 -25"><span class='ocrx_word' id='word_1_844' title='bbox 2141 5715 2538 5788; x_wconf 77' lang='grc' dir='ltr'><strong>φυλάσσεσθαι,</strong></span> <span class='ocrx_word' id='word_1_845' title='bbox 2598 5716 2720 5770; x_wconf 68' lang='grc' dir='ltr'><strong>ξοεν</strong></span> <span class='ocrx_word' id='word_1_846' title='bbox 2782 5711 3169 5795; x_wconf 66' lang='grc' dir='ltr'><strong>ἀντιπεριξστη</strong></span> <span class='ocrx_word' id='word_1_847' title='bbox 3204 5706 3281 5778; x_wconf 76' lang='grc' dir='ltr'><strong>τῷ</strong></span> <span class='ocrx_word' id='word_1_848' title='bbox 3329 5704 3557 5773; x_wconf 64' lang='grc' dir='ltr'><strong>Ἀννιδᾲ</strong></span> <span class='ocrx_word' id='word_1_849' title='bbox 3647 5699 3704 5753; x_wconf 80' lang='grc' dir='ltr'><strong>τδ</strong></span> 
     </span>
    </p>
   </div>
  </div>
