2004 3125
148 173 198 204 ’ί37

778 170 798 198 Α
806 166 982 199 NNALIUM
1001 167 1074 197 LIB.
1097 166 1151 196 IX.

1727 159 1779 193 738

146 227 270 262 πρᾶγμα.
295 225 370 252 Ἐπεὶ
384 225 438 260 γὰρ
452 226 508 256 τοῖς
523 225 552 252 ὲν
569 225 601 259 τῇ
616 223 720 259 Σαλπίᾳ
736 223 768 249 δι’
783 222 936 257 αὐτομόλου

1004 221 1141 248 cientibus
1160 221 1297 251 uteretur,
1324 223 1354 246 ut
1380 226 1429 254 pro
1446 218 1576 246 Romanis
1594 218 1780 252 haberentur;

145 272 222 307 δῆθεν
235 269 270 307 ἦν
286 271 440 302 ἐπιστείλας
457 272 495 302 ὡς
529 272 543 297 ὁ
568 269 726 305 Μάρκελλος
742 269 838 297 νυκτὸς
856 276 939 303 προσ-

147 318 185 353 ῄει
211 319 269 348 τοῖς
293 318 407 352 τείχεσι,
434 318 467 352 τῇ
500 326 530 343 τε
556 317 611 343 τῶν
628 316 751 343 Λατίνων
768 315 939 350 κεχρημένος

148 365 223 398 φωνῇ
243 364 292 390 σὺν
311 364 402 394 ἄλλοις
418 364 613 397 ἐπισταμένως
631 362 727 398 αὐτὴν,
745 363 787 388 ἰνα
809 362 939 396 Ῥωμαῖοι

147 410 258 441 δόξωσιν
276 407 358 435 εἶναι.
383 409 524 440 Μαθόντες
543 408 570 434 δὲ
588 409 613 434 οἱ
628 408 769 443 Σαλπηνοὶ
783 409 832 442 τὴν
846 407 938 432 ἐπιτέι

147 465 241 490 χνησιν
254 455 348 487 αὐτοῦ,
360 455 593 489 ἅντετεχνήσαντο
606 454 744 481 πιστεύειν
758 454 843 485 διτως
857 461 940 488 προσ-

148 502 217 526 ιέναι
261 501 306 526 τὴν
353 501 524 535 Μάρκελλον.
560 501 614 527 Καὶ
650 501 861 531 ἀνασπάσαντες
895 500 941 526 τὸν

148 546 512 579 καταρῥάκτην,εἱσήγαγον
526 545 607 575 ὅσους
620 545 712 576 αὐτοῖς
727 545 817 577 ἔδοξεν
831 545 941 575 ἱκανοὺς

148 591 218 617 εἶναι
235 592 458 625 κατεργασθῆναι
476 592 540 626 παρ’
560 592 661 623 αὐτῶν,
685 592 731 618 καὶ
747 593 853 623 πάντας
876 592 942 618 ἁπέ-

150 646 272 665 κτειναν.
300 637 328 663 Ὀ
356 637 384 663 δὲ
410 637 538 668 Ἀννίϐας
569 637 676 672 ἀπῆρεν
702 636 814 670 αὐτίκα,
848 636 941 672 μαθὼν

149 684 213 714 τοὺς
241 683 363 716 Λοκροὺς
380 683 630 718 πολιορκουμένους
655 682 731 717 παρὰ
751 682 894 717 Ῥωμαίων
911 685 942 709 ἐκ

149 732 276 762 Σικελίας
291 730 527 756 ἐπιπλευσάντων.
546 730 601 756 Καὶ
620 729 754 760 Πούπλιος
776 729 804 756 δὲ
829 729 943 755 Σουλπί-

149 786 210 809 κιος
226 776 295 812 μετὰ
312 776 440 802 Αἰτωλῶν
455 775 502 802 καὶ
513 775 666 811 συμμάχων
677 775 780 810 ἑτέρων
793 775 878 802 πολλὰ
892 776 942 809 τῆς

157 823 272 857 Ἀχαΐας
287 822 433 857 ἐπόρθησε.
451 821 504 848 Τοῦ
519 821 548 847 δὲ
563 821 696 848 Φιλίππου
724 821 771 847 τοῦ
787 821 943 853 Μακεδόνος

150 871 209 901 τοῖς
239 870 358 904 Ἀχαιοῖς
390 870 621 904 συμμαχήσαντος
638 889 645 901 ,
674 868 813 900 παντελῶς
835 868 869 895 ἂν
895 869 944 902 τῆς

160 916 287 947 Ἑλλάδος
315 915 489 950 ἐξηλάθησαν
511 916 535 942 οἱ
557 916 699 947 Ῥωμαῖοι,
717 915 741 941 εἰ
760 915 797 949 μὴ
815 914 860 941 τοῦ
876 915 942 948 κρα-

150 971 215 993 νους
233 962 281 989 τοῦ
308 962 442 988 Φιλίππου
459 961 666 997 περιρῤυέντος,
680 962 704 988 οἱ
733 962 848 987 Αἰτωλοὶ
865 960 944 986 τοῦτο

154 1009 245 1043 ἔσχον,
264 1010 310 1034 καὶ
323 1010 416 1043 φήμης
430 1009 469 1039 είς
486 1008 550 1040 τοὺς
570 1008 728 1039 Μακεδόνας
744 1007 893 1042 γενομένης
907 1006 945 1037 ὡς

152 1055 281 1089 τέθνηκε,
301 1054 395 1085 στάσις
409 1063 438 1079 τε
453 1055 566 1088 γέγονεν
586 1055 645 1081 ἐκεῖ
660 1076 667 1087 ,
694 1055 742 1080 καὶ
765 1053 886 1089 ἐφοβήθη
908 1053 945 1088 μὴ

152 1101 204 1135 τῆς
218 1100 359 1135 βασιλείας
382 1100 513 1135 στερηθῇ,
533 1100 580 1126 καὶ
598 1101 665 1135 πρὸς
682 1100 854 1126 Μακεδονίαν
868 1098 947 1133 ἠπεί-

154 1146 219 1182 χθη.
240 1146 380 1172 Ἐντεῦθεν
396 1147 420 1173 οἱ
441 1145 571 1180 Ῥωμαῖοι
584 1148 616 1181 τῇ
633 1145 737 1172 Ἐλλάδι
750 1145 944 1180 προσέμειναν,

156 1193 205 1219 καί
233 1201 315 1219 τινων
341 1193 499 1228 ἐκράτησαν
526 1192 641 1219 πόλεων.
658 1191 703 1227 Τῷ
717 1191 740 1218 δ’
756 1192 860 1217 ἐπιόντι
880 1191 945 1222 ἔτει,

155 1240 194 1270 ὡς
223 1238 238 1264 ὸ
265 1238 431 1273 Ἀσδρούϐας
460 1238 610 1272 ἠγγέλλετο
641 1236 773 1272 προσιὼν,
804 1237 828 1262 οἱ
857 1238 885 1263 ἐν
913 1236 945 1270 τῇ

164 1285 258 1320 Ῥώμῃ
274 1286 322 1316 τὰς
339 1285 470 1318 δυνάμεις
486 1293 514 1310 τε
534 1284 671 1318 ἤθροιζον,
690 1283 736 1309 κού⁴
756 1283 820 1314 τοὺς
837 1282 948 1316 συμμά-

158 1331 320 1365 χουςμσφῶν
348 1330 576 1365 μετεπέμποντο,
603 1330 724 1360 ὑπάτους
754 1328 888 1354 Κλαύδιόν
917 1336 947 1354 τε

158 1378 273 1412 Νέρωνα
293 1377 339 1404 καὶ
355 1377 463 1403 Λιούῑον
478 1376 524 1403 τὸν
538 1375 653 1409 Μάρκον
668 1375 801 1409 ἑλόμενοι.
820 1374 877 1400 Καὶ
895 1374 948 1399 Νέ-

161 1432 233 1457 ρωνα
262 1423 310 1457 μὲν
342 1423 387 1448 ἐπὶ
408 1422 453 1448 τὸν
483 1421 621 1453 Ἀννίϐαν,
642 1420 749 1446 Λιούῐον
774 1420 803 1446 δὲ
816 1448 821 1449 ς
836 1420 883 1446 ἐπὶ
902 1419 948 1445 τὸν

166 1469 330 1504 Ἀσδρούϐαν
349 1468 487 1504 ἔπεμψαν,
515 1468 543 1499 ὃς
569 1467 643 1501 αὐτῴ
670 1466 737 1501 πρὸς
762 1467 794 1501 τῇ
826 1466 893 1500 Σένῃ
917 1467 948 1500 τῇ

161 1516 240 1541 πόλει
259 1516 426 1550 ἀπήντησεν,
444 1515 480 1540 Οὐ
506 1515 598 1548 μέντοι
616 1515 661 1539 καὶ
694 1513 734 1543 είς
760 1513 851 1547 χεῖρας
870 1512 949 1542 εὐθὺς

160 1560 256 1597 ἢλθεν,
272 1562 317 1587 ἐπὶ
335 1561 434 1591 πολλὰς
450 1560 480 1586 δὲ
501 1560 607 1595 ἡμέρας
625 1558 697 1585 κατὰ
722 1558 814 1592 χώραν
831 1557 948 1592 ἔμεινεν.

168 1608 239 1633 Ἀλλ’
257 1607 317 1633 οὐδὲ
343 1609 357 1633 ὀ
387 1606 552 1641 Ἀσδρούϐας
578 1606 627 1640 τὴν
656 1605 745 1640 μάχην
773 1603 949 1639 κατήπειξεν,

162 1655 284 1689 ἡσύχαζε
300 1654 328 1679 δὲ
342 1653 388 1679 τὸν
404 1653 518 1686 ἀδελφὸν
532 1653 688 1686 ἀναμένων.
707 1651 735 1677 '0
748 1651 844 1685 Νέρων
859 1650 888 1676 δὲ
906 1650 953 1675 καὶ

162 1703 175 1728 ὁ
197 1701 320 1732 Ἀννίϐας
350 1701 389 1731 είς
419 1699 573 1725 Λευκανίαν
602 1697 875 1733 ἐστρατοπεδεύοντο,
906 1697 953 1722 καὶ

163 1748 304 1782 οὐδέτερος
322 1747 389 1781 πρὸς
416 1746 570 1781 παράταξιν
595 1745 736 1779 ὥρμησεν,
762 1744 849 1774 ἄλλως
872 1743 900 1768 δὲ
925 1744 953 1772 ἐς

164 1796 259 1829 χεῖρας
286 1793 409 1828 ὰλλήλοι;
437 1792 531 1827 ᾔεσαν.
566 1791 620 1817 Καὶ
654 1791 667 1816 δ
704 1789 828 1820 ’Δνιίϐας
861 1789 953 1814 πυκνὰ

167 1840 358 1876 μετανίστατο,
377 1839 423 1865 καὶ
438 1841 451 1865 ὁ
468 1838 563 1873 Νέρων
580 1836 702 1872 ἀκριϐῶς
728 1837 809 1861 aniva
835 1835 955 1869 παρετή-

168 1897 220 1923 ρει.
242 1887 383 1922 Κρείττων
409 1884 456 1911 οὖν
485 1884 530 1910 ἀεὶ
558 1882 640 1909 αὑτοῦ
670 1883 824 1915 γινόμενος,
851 1881 897 1905 καὶ
921 1879 955 1905 τὰ

167 1935 320 1969 γράμματα
349 1932 383 1958 τὰ
414 1932 490 1966 παρὰ
514 1929 562 1956 τοῦ
587 1927 749 1963 ’Δσδρούϐου
778 1926 853 1961 αὑτῴ
883 1934 954 1959 πεμ-

169 1980 271 2014 φθέντα
288 1977 366 2008 ἑλὼν.
382 1977 429 2003 τοῦ
448 1976 497 2012 μὲν
512 1975 633 2002 Ἀννίϐου
649 1972 849 2008 κατεφρόνησε·
864 1971 956 2002 δείσας

169 2026 198 2052 δὲ
216 2026 253 2060 μὴ
273 2026 318 2051 τὸν
343 2023 451 2051 Λιούῐον
476 2024 489 2048 ὁ
513 2021 679 2057 Ἀσδρούϐας
694 2019 732 2055 τῷ
748 2019 847 2054 πλήθει
870 2026 956 2045 κατα-

169 2072 310 2106 6ιασηιαι,
328 2071 399 2104 μέγα
427 2069 545 2104 πρᾶγμα
574 2067 720 2101 ἐτόλμησε.
748 2066 802 2092 Καὶ
826 2064 956 2091 κατέλιπε

172 2119 221 2152 μὲν
246 2118 343 2152 μοῖραν
372 2116 440 2148 ἐκεῖ,
454 2113 620 2148 ἀποχρῶσαν
639 2112 744 2147 εἴργειν
762 2111 809 2137 τὸν
832 2109 957 2136 ’Δννίεαν

171 2164 198 2190 εῖ
211 2172 249 2199 πη
267 2162 404 2197 κινηθείη,
421 2160 611 2194 ἐντειλάμενος
640 2159 731 2185 πάντα
752 2158 828 2183 ποεῖν
850 2156 893 2182 ῐνα
911 2156 958 2182 καὶ

171 2211 252 2242 αὐτὸς
268 2210 405 2245 νομίζοιτο
428 2208 572 2242 ἐνδημεῖν·
595 2206 626 2232 τὸ
653 2205 681 2231 δὲ
698 2204 893 2239 καθαρώτατον
909 2202 956 2228 τοῦ

992 267 1143 301 Salapiani,
1156 267 1216 302 ejus
1231 266 1348 294 artiﬁcio
1362 267 1482 301 cognito,
1505 268 1554 294 hac
1577 272 1636 293 arte
1659 266 1780 293 vicissim

990 313 1032 339 usi
1053 318 1128 343 sunt,
1150 317 1221 340 utse
1238 313 1399 340 Marcellum
1419 313 1515 340 adesse
1535 313 1648 340 credere
1669 313 1782 340 simula-

990 363 1069 392 rent;
1086 359 1255 394 elathrisque
1270 359 1404 391 attractis,
1422 363 1462 386 tot
1480 360 1507 386 in
1540 359 1635 386 urbem
1663 359 1783 386 admise-

990 410 1065 436 runt,
1082 410 1149 440 quot
1163 405 1307 432 vineeudis
1317 413 1346 432 se
1359 413 1439 440 pares
1456 413 1516 432 csse
1547 405 1689 435 rebantur.
1718 412 1782 431 eos-

991 458 1045 484 que
1061 457 1156 476 omnes
1173 450 1345 476 occiderunt.
1360 449 1477 476 Annibal
1490 457 1566 480 Vero,
1587 457 1649 475 cum
1677 448 1782 476 Locros

992 503 1007 522 a
1029 495 1160 523 Romanis
1176 503 1208 523 ex
1224 495 1318 522 Sicilia
1345 495 1479 530 profectis
1503 495 1624 522 obsideri
1649 495 1782 526 audisset,

993 542 1086 570 statim
1102 543 1227 570 recessit.
1248 544 1277 570 P.
1296 543 1438 577 Sulpicius
1457 548 1548 569 autem
1566 550 1628 570 cum
1644 541 1742 569 Asilolis
1756 546 1784 568 et

991 589 1053 616 aliis
1076 589 1160 616 sociis
1180 597 1306 624 magnam
1330 589 1440 616 Achaia:
1457 594 1561 623 partem
1577 588 1702 615 vastavit.
1730 587 1784 614 Sed

992 643 1052 661 cntn
1067 635 1209 670 Philippus
1226 635 1333 662 Achaeis
1350 642 1430 669 opem
1454 635 1575 665 tulisset.
1591 633 1706 661 Romani
1729 637 1784 660 tota

992 682 1096 708 Graecia
1111 681 1182 716 pulsi
1199 685 1301 712 essent,
1316 680 1370 707 nisi
1382 701 1388 713 ,
1406 681 1504 707 Aitolis
1516 683 1591 715 galea
1606 678 1725 714 Philippi
1737 687 1785 713 po-

994 730 1063 763 titis,
1085 729 1119 756 de
1133 729 1194 764 ejus
1211 728 1324 755 interitu
1338 735 1434 754 rumor
1447 728 1518 762 apud
1531 727 1692 754 Macedones
1708 734 1786 761 spar-

994 783 1041 802 sus
1057 780 1138 807 esset,
1168 779 1284 809 ortaque
1302 774 1337 801 ibi
1365 774 1474 801 seditio.
1505 773 1614 800 Veritus
1639 772 1725 805 enim,
1751 780 1786 799 ne

996 830 1080 857 regno
1094 822 1266 856 privaretur,
1285 820 1312 846 in
1342 819 1526 846 Macedoniam
1557 818 1724 852 properavit.
1747 817 1785 843 Ita

997 868 1109 898 factum,
1126 873 1156 894 ut
1169 866 1285 894 Romani
1307 865 1334 892 in
1350 864 1453 892 Grarcia
1473 868 1694 898 perseverantes,
1713 862 1788 890 urbi-

997 912 1049 939 bus
1061 912 1166 946 aliquot
1182 910 1350 945 potirentur.
1364 908 1496 943 Sequenti
1510 915 1594 938 anno,
1609 914 1670 934 cum
1685 906 1788 933 Asdru-

999 958 1066 985 balis
1083 958 1219 985 adventus
1234 957 1421 987 nuntiaretur,
1441 955 1557 981 Romani
1577 953 1699 988 legiones
1721 960 1788 980 con-

998 1005 1144 1035 vocabant,
1159 1008 1188 1031 et
1210 1003 1302 1030 socios
1318 1009 1382 1029 suos
1397 1002 1586 1033 accersebant,
1604 999 1719 1026 Claudio
1730 999 1787 1026 Ne-

1000 1059 1065 1077 rone
1080 1056 1106 1076 et
1127 1050 1218 1076 Marco
1246 1048 1323 1075 Livio
1354 1055 1426 1074 coss.
1456 1047 1564 1073 creatis.
1595 1049 1634 1072 Ac
1650 1045 1788 1072 Neronem

999 1101 1092 1123 contra
1109 1095 1283 1128 Annibalem,
1299 1094 1405 1121 Livium
1419 1099 1512 1120 contra
1527 1091 1708 1119 Asdrubalem
1737 1091 1788 1117 llll-

999 1147 1106 1172 serunt,
1122 1141 1169 1175 qui
1184 1141 1210 1168 ei
1225 1141 1298 1168 circa
1322 1140 1421 1167 Senam
1449 1140 1545 1166 urbem
1569 1138 1705 1170 occurrit;
1730 1144 1786 1164 non

1001 1194 1090 1215 tamen
1114 1188 1204 1214 statim
1220 1187 1254 1214 ad
1276 1194 1373 1213 manus
1389 1185 1476 1216 venit,
1499 1184 1547 1211 sed
1565 1192 1614 1219 per
1630 1184 1688 1211 dies
1710 1191 1786 1210 coui-

1001 1237 1092 1271 plures
1110 1236 1137 1263 in
1154 1235 1252 1263 castris
1267 1242 1296 1261 se
1311 1233 1459 1261 continuit.
1477 1233 1572 1267 Neque
1583 1231 1717 1258 Asdrubal
1736 1239 1787 1265 pu-

999 1290 1079 1317 gnam
1095 1281 1175 1311 ursit,
1199 1280 1311 1315 quietus
1335 1278 1448 1305 fratrem
1469 1281 1640 1311 exspectans.
1655 1275 1727 1302 Nero
1743 1283 1790 1302 au-

1002 1333 1054 1354 tetn
1075 1331 1103 1353 et
1123 1326 1241 1353 Annibal
1257 1325 1283 1352 in
1309 1324 1430 1351 Lucania
1456 1327 1545 1350 castra
1569 1322 1709 1353 habentes,
1734 1328 1789 1348 non

997 1374 1070 1408 justa
1088 1372 1156 1403 acie,
1173 1371 1220 1398 sed
1248 1368 1438 1396 tumultuariis
1450 1367 1582 1394 duntaxat
1597 1365 1694 1400 pugnis
1726 1369 1790 1392 sunt

1002 1418 1153 1453 congressi.
1180 1416 1342 1443 Annibalem
1364 1419 1455 1441 autem
1482 1414 1571 1439 locum
1590 1412 1705 1439 subinde
1732 1419 1792 1438 mu-

1003 1470 1116 1495 tantem,
1141 1467 1269 1490 accurate
1298 1460 1453 1488 observavit
1470 1459 1553 1488 Nero.
1574 1466 1682 1492 semper
1696 1465 1728 1484 eo
1744 1465 1790 1484 su-

1002 1511 1111 1545 perior;
1131 1514 1159 1536 et
1171 1508 1272 1535 litteris
1291 1506 1383 1534 fratris
1396 1506 1455 1540 eius
1482 1504 1642 1532 Asdrubalis
1672 1504 1790 1530 interce-

1004 1557 1067 1592 ptis,
1084 1555 1217 1582 Annibale
1232 1558 1399 1587 contcmpto,
1412 1551 1516 1578 veritus
1527 1558 1560 1576 ne
1572 1549 1706 1576 Asdrubal
1721 1549 1792 1575 mul-

1005 1603 1125 1630 titudine
1140 1601 1282 1629 hominum
1307 1600 1385 1626 Livio
1406 1599 1462 1625 vim
1479 1597 1593 1625 faceret.
1610 1603 1736 1630 magnum
1752 1594 1792 1621 fa-

1003 1650 1083 1676 cinus
1102 1655 1184 1675 ausus
1199 1651 1251 1674 est.
1268 1645 1373 1672 Relicta
1390 1643 1465 1670 enim
1499 1642 1536 1668 ibi
1568 1645 1642 1668 tanta
1673 1641 1789 1667 militum

1004 1700 1092 1730 parte,
1109 1697 1212 1729 quanta
1227 1692 1261 1720 ad
1279 1690 1484 1726 reprimendum
1500 1688 1658 1715 Annibalem
1674 1687 1740 1714 satis
1753 1694 1794 1714 es-

1003 1746 1055 1771 set.
1071 1741 1093 1767 si
1110 1740 1176 1774 quid
1195 1739 1337 1770 movisset,
1359 1735 1510 1766 mandavit,
1525 1739 1556 1761 ut
1569 1733 1660 1761 omnia
1678 1733 1713 1759 ita
1730 1740 1793 1767 age-

1005 1791 1077 1817 rent,
1095 1791 1124 1813 ut
1142 1786 1198 1820 ipse
1211 1790 1333 1819 praesens
1349 1790 1410 1810 esse
1426 1785 1579 1817 putaretur.
1592 1780 1792 1813 Assumptaque

1005 1833 1152 1860 lectissima
1165 1836 1242 1865 parte
1253 1830 1401 1861 exercitus,
1415 1827 1492 1862 quasi
1505 1827 1650 1853 finitimum
1661 1825 1804 1860 oppidum,

1005 1882 1222 1913 oppugnaturus,
1237 1875 1317 1911 433
1335 1875 1445 1901 nemine
1460 1873 1569 1900 consilii
1590 1872 1711 1903 conscio,
1741 1871 1792 1898 atl-

1006 1932 1101 1952 versus
1115 1923 1295 1951 Asdrubalem
1314 1928 1477 1957 properans,
1502 1923 1583 1946 noctu
1603 1918 1637 1945 ad
1661 1918 1793 1953 collegam

1006 1972 1093 2001 venit,
1111 1972 1137 1997 in
1151 1971 1268 2004 ejusque
1287 1968 1359 1995 vallo
1376 1966 1564 2002 pernoctavit;
1594 1965 1730 1999 amboque
1765 1972 1795 1992 se

1008 2020 1144 2052 parantes,
1160 2020 1190 2042 ιιι
1204 2015 1308 2041 hostem
1334 2020 1367 2039 ex
1392 2011 1541 2046 improviso
1565 2009 1792 2045 aggrederentur,

1008 2061 1191 2089 Asdrubalem
1203 2068 1257 2087 non
1269 2059 1417 2086 latuerunt.
1430 2057 1498 2085 Cum
1514 2057 1587 2083 enim
1602 2060 1717 2090 uterque
1730 2062 1796 2081 con-

1009 2109 1051 2135 sul
1069 2108 1168 2134 milites
1182 2113 1248 2134 suos
1264 2105 1380 2133 seorsim
1404 2104 1605 2133 cohortaretur,
1621 2100 1796 2128 animadver-

1010 2156 1042 2182 tit
1055 2154 1122 2189 quid
1139 2153 1179 2180 rei
1191 2156 1282 2185 esset;
1300 2155 1329 2178 et
1340 2149 1502 2177 Annibalem
1519 2148 1621 2175 victum
1639 2155 1796 2182 caesumque

1010 2207 1071 2227 esse
1085 2199 1241 2233 suspicatus
1255 2197 1313 2232 (illo
1326 2196 1399 2223 enim
1414 2194 1571 2230 superstite,
1582 2194 1719 2221 Neronem
1729 2201 1798 2220 con-

172 2257 288 2292 στρατοῦ
303 2255 450 2287 ἀπολέξας,
467 2254 598 2289 ὥρμησεν
613 2252 651 2283 ὡς
669 2249 851 2286 πλησιοχώρῳ
880 2248 950 2275 πόλει

1012 2252 1052 2273 tra
1068 2253 1096 2272 se
1112 2252 1253 2279 nunquam
1269 2244 1372 2270 iturum
1383 2241 1492 2275 fuisse),
1504 2240 1537 2268 ad
1551 2240 1642 2268 Gallos
1653 2240 1728 2267 abire
1740 2243 1798 2266 sla-

170 2305 224 2329 ςινὶ
246 2302 417 2338 προσμίξων,
441 2300 495 2326 οὐδ’
511 2300 568 2335 ᾔδει
586 2307 626 2329 τις
650 2298 696 2332 τὴν
714 2297 834 2324 διάνοιαν
860 2295 955 2322 αὑτοῦ.

171 2350 227 2376 Καὶ
244 2347 363 2383 ἠπείχθη
380 2348 425 2373 ἐπὶ
442 2346 488 2373 τὸν
513 2344 688 2381 ’Δσδρού6σ.ν,
710 2343 757 2369 καὶ
776 2342 890 2376 ἀφίκετο
912 2349 959 2367 νυ-

171 2396 234 2426 κτὸς
253 2395 322 2429 πρὸς
336 2394 380 2420 τὸν
401 2391 580 2426 συνάρχοντα,
600 2390 647 2416 καὶ
666 2390 695 2414 ἐν
723 2389 757 2423 τῇ
783 2388 903 2422 ταφρείᾳ
925 2388 958 2422 τῇ

172 2441 255 2469 αὑτοῦ
271 2440 468 2474 συνεσκήνησε.
487 2437 542 2463 Καὶ
558 2434 795 2470 παρεσκευάζοντο
808 2434 905 2467 ἄμφω,
924 2432 959 2457 ἵν’

173 2488 306 2523 αἰφνίδιον
329 2485 404 2520 αὐτῷ
428 2483 638 2510 συνεπίθωνται.
656 2481 712 2507 Οὐκ
726 2480 820 2506 ἔλαθον
836 2479 875 2511 δὲ,
901 2478 959 2504 ἀλλ’

174 2533 348 2568 ἐτεκμήρατο
363 2530 394 2556 τὺ
409 2528 594 2564 γεγενημένον
607 2528 621 2553 ὁ
644 2525 809 2560 Ἀσδρούϐας
837 2524 892 2551 ἀπὸ
906 2523 959 2550 τῶν

174 2577 390 2615 παραγγέλσεων
403 2573 499 2601 διττῶν
513 2572 675 2607 γινομένων.
700 2571 764 2606 ἰδίᾳ
777 2570 830 2605 γὰρ
843 2570 959 2601 ἕκαστος

174 2626 227 2652 τῶν
241 2624 355 2650 ὑπάτων
375 2619 549 2656 παρήγγελλε
562 2627 589 2644 τι
603 2619 658 2648 τοῖς
675 2616 785 2644 ἑαυτοῦ.
808 2614 959 2641 ’Υποπτεύ-

175 2679 223 2701 σας
238 2669 284 2695 οὖν
296 2667 430 2703 ἡττῆσθαι
443 2666 488 2691 τὸν
503 2663 626 2690 ’Λννίὸαν
650 2663 696 2688 καὶ
710 2660 858 2688 ἀπολέσθαι
872 2661 961 2695 (περι-

176 2717 251 2747 όντος
267 2716 322 2749 γὰρ
346 2713 452 2739 ἐκείνου
479 2712 528 2737 οὐκ
549 2709 582 2736 ἂν
607 2708 649 2735 ἐπ’
667 2707 748 2734 αὐτὸν
765 2705 887 2741 ὁρμῆσαι
914 2705 961 2731 τὸν

176 2763 290 2797 Νέρωνα
307 2759 465 2793 ἐλογίζετο),
482 2759 551 2791 ἔγνω
564 2756 630 2791 πρὺς
641 2756 702 2785 τοὺς
720 2753 841 2783 Γαλάτας
856 2753 962 2778 ἀπανα-

175 2809 311 2844 χωρῆσαι,
335 2806 384 2832 καὶ
407 2805 464 2830 ἐκεῖ
479 2804 514 2829 τα
528 2803 592 2837 περὶ
606 2801 650 2827 τον
672 2799 785 2833 ἀδελφὺν
805 2798 963 2833 ἀκριϐώσα-

177 2855 239 2881 σθαι
253 2856 301 2880 καὶ
316 2853 387 2879 οὕτω
403 2851 472 2878 κατὰ
499 2849 597 2885 σχολὴν
614 2848 777 2883 πολεμῆσαι.
796 2847 850 2872 Καὶ
872 2847 886 2871 ὁ
912 2846 962 2880 μὲν

178 2891 365 2937 παραγγείλας
393 2898 431 2934 τῷ
459 2896 645 2933 στρατεύματι
674 2894 834 2928 ἀναστῆναι,
865 2892 962 2923 νυκτὸς

1011 2293 1072 2324 tuit,
1094 2296 1121 2319 et
1140 2291 1196 2318 illic
1221 2294 1294 2317 statu
1323 2288 1416 2316 fratris
1433 2288 1586 2323 explorato,
1615 2286 1718 2313 bellum
1747 2292 1798 2321 per

1009 2339 1096 2365 otium
1121 2336 1328 2364 administrare.
1347 2335 1441 2369 Itaque
1466 2333 1598 2360 militibus
1622 2332 1721 2359 itinere
1749 2331 1798 2358 de-
1827 2366 1833 2369 _

1010 2385 1147 2416 nuntiato,
1162 2404 1169 2415 ,
1184 2387 1267 2410 noctu
1281 2381 1420 2409 discessit.
1433 2380 1462 2407 Id
1479 2379 1608 2407 consules
1625 2386 1658 2405 ex
1679 2378 1797 2404 tumultu

1010 2430 1153 2465 suspicati,
1167 2437 1222 2456 non
1252 2432 1344 2454 tamen
1364 2429 1477 2461 propter
1508 2423 1635 2451 tenebras
1657 2429 1686 2449 se
1704 2422 1798 2449 statim

1010 2480 1237 2507 commoverunt;
1258 2473 1305 2501 sed
1323 2473 1374 2500 sub
1394 2478 1523 2498 auroram
1536 2468 1676 2503 equitibus
1686 2468 1718 2495 ad
1733 2475 1797 2494 eum

1011 2522 1232 2559 persequendum
1251 2518 1410 2555 prtemissis,
1425 2516 1477 2551 ipsi
1490 2513 1640 2544 subsecuti,
1660 2511 1800 2539 Asdruba-

1010 2570 1063 2596 lem
1088 2567 1197 2602 equites
1212 2571 1370 2600 aggressum
1396 2562 1480 2597 (solos
1492 2560 1566 2587 enim
1583 2565 1632 2585 eos
1646 2565 1706 2584 esse
1719 2563 1798 2591 puta-

1011 2616 1068 2650 bat)
1084 2617 1253 2649 superventu
1273 2618 1323 2638 suo
1335 2610 1362 2636 in
1373 2609 1465 2643 fugam
1484 2609 1637 2637 verterunt,
1648 2608 1677 2632 et
1691 2603 1799 2637 fugiens

1013 2649 1220 2696 tespersecuti,
1237 2658 1337 2685 multos
1349 2655 1523 2684 occiderunt,
1537 2654 1570 2680 ab
1587 2650 1742 2686 elephantis
1755 2649 1800 2676 ni-

1013 2706 1051 2732 hil
1063 2695 1182 2740 adjutos.
1200 2703 1302 2730 Horum
1315 2701 1389 2729 enim
1406 2699 1490 2733 aliqui
1505 2697 1651 2728 vulnerati,
1663 2703 1724 2723 cum
1738 2695 1800 2730 plus

1013 2753 1076 2780 mali
1094 2753 1135 2779 eis
1157 2753 1254 2778 darent
1280 2755 1362 2783 quam
1388 2747 1491 2778 hostes,
1516 2744 1650 2772 Asdrubal
1677 2749 1801 2771 sessores

1013 2807 1110 2828 eorum
1126 2798 1244 2827 monuit,
1268 2800 1298 2822 ut
1310 2794 1469 2821 vulneratos
1483 2791 1575 2819 statim
1591 2790 1760 2821 occiderent,
1773 2787 1801 2815 id

1014 2844 1087 2880 quod
1100 2844 1179 2871 facile
1195 2842 1288 2872 ﬁebat,
1301 2847 1363 2867 cum
1374 2839 1465 2865 ferreo
1480 2837 1576 2864 aculeo
1592 2837 1644 2864 sub
1654 2841 1721 2862 aure
1733 2841 1803 2869 pun-

1014 2891 1159 2926 gebantur.
1178 2888 1224 2916 Sic
1240 2886 1339 2914 bellua:
1364 2892 1380 2912 a
1405 2881 1691 2919 Carthaginiensibus,
1705 2879 1757 2908 viri
1786 2886 1802 2906 a
