4008 6250
421 274 453 335 7
464 271 531 332 43

1694 246 2022 309 JOANNIS
2069 243 2400 308 ΖΟΝΑΗᾸΞ.

3577 236 3680 301 7H

422 380 765 449 κατέμεινεν.
802 376 866 428 Ai
911 371 1067 441 νῆσοι
1115 368 1159 421 δ’
1196 362 1355 420 αὗται
1389 363 1453 432 τῇ
1490 360 1619 432 περὶ
1668 362 1762 415 τὸν
1830 360 2028 432 Ἴϐηρα
2066 359 2283 430 ἠπείρῳ
2318 357 2644 410 ἐπίκεινται.
2686 353 2807 407 Εἰσὶ
2872 351 2929 404 δὲ
2967 354 3133 422 τρεῖς,
3174 351 3240 414 ἃς
3270 351 3542 422 Ἓλληνες
3590 356 3685 423 μὲν

422 478 512 527 καὶ
544 446 803 540 Ῥωμαῖοι
830 471 979 537 κοινῇ
1009 464 1321 535 Γυμνησίας
1355 458 1638 520 καλοῦσιν,
1696 455 1999 526 Οὐαλερίας
2037 454 2095 509 δὲ
2154 455 2247 508 καὶ
2308 449 2648 534 Ύασσούσας
2718 452 2767 503 οἱ
2806 449 3046 518 Ἴϐηρες,
3077 448 3184 516 ίδίᾳ
3228 446 3273 499 δ’
3299 446 3564 517 ἑκάστην,
3593 452 3685 519 τὴν

429 563 525 632 μὲν
561 537 810 623 Ἐόεσον,
866 553 964 627 τὴν
991 554 1050 608 δὲ
1102 552 1309 617 Μείζω,
1352 548 1700 621 Μικροτὲραν
1754 546 1813 600 δέ
1867 548 1966 617 τὴν
2011 545 2203 617 τρίτην
2257 544 2728 615 φερωνυμὼτατα.
2779 541 2861 594 Τὰ
2906 539 3138 609 Γάδειρα
3187 537 3245 591 δὲ
3299 540 3354 593 οἱ
3432 539 3687 612 Ῥωμαῖοι

422 658 705 726 κατέσχον.

492 750 584 806 XI.
625 744 908 802 Masinissa
953 737 1244 812 porro,vir
1300 736 1445 791 inter
1493 731 1998 805 praestantissimos,
2026 737 2079 796 Α

421 845 482 899 in
507 858 566 897 re
599 838 818 895 militari
866 844 919 891 et
942 834 1108 906 436
1158 847 1326 886 manu
1356 838 1412 885 et
1440 828 1672 885 consilio
1698 824 2001 897 promptis-

427 934 622 996 simus,
654 930 746 985 tali
775 928 843 983 de
877 942 1040 981 causa
1067 940 1094 978 a
1128 919 1677 992 Carthaginiensibus
1706 918 1775 974 ad
1806 917 2007 973 Roma-

426 1041 528 1080 nos
578 1022 805 1078 defecit.
857 1016 1153 1083 Asdrubal,
1202 1014 1458 1085 Gisgonis
1489 1011 1653 1077 filius,
1701 1010 1914 1065 amicus
1951 1006 2007 1063 ei

425 1129 564 1184 erat,
595 1122 656 1173 et
684 1112 1088 1184 Sophonisbam
1118 1108 1288 1165 ﬁliam
1317 1103 1710 1176 desponderat.
1745 1101 1852 1158 Sed
1879 1115 2006 1155 cum

430 1210 736 1282 Syphacem
755 1204 1015 1260 Romanis
1038 1201 1259 1258 studere
1282 1199 1564 1264 sensisset,
1580 1195 1827 1282 abdicata
1848 1191 2010 1249 Masi-

428 1281 588 1354 nissae
616 1295 900 1360 aﬂinitate,
935 1302 996 1347 ut
1020 1290 1320 1362 Syphacem
1345 1281 1893 1355 Carthaginiensibus
1918 1293 2009 1334 re-

429 1392 771 1455 conciliaret,
790 1404 898 1442 non
931 1384 1170 1439 minimae
1200 1383 1457 1452 potentiae
1489 1376 1820 1449 principem,
1859 1371 2013 1443 adju-

430 1490 615 1535 mento
638 1479 758 1544 fuit,
796 1485 856 1531 ut
883 1473 1180 1529 Masinissae
1203 1471 1534 1541 principatu,
1568 1467 1725 1538 cujus
1748 1472 1902 1536 pater
1928 1478 2014 1518 re-

429 1587 561 1628 cens
578 1572 812 1631 obierat,
830 1567 1100 1638 patiretur
1120 1582 1135 1618 :
1154 1575 1208 1619 et
1223 1560 1625 1632 Sephonisbam
1648 1574 1703 1612 In
1728 1554 2013 1611 matrimo-

431 1666 585 1719 nium
609 1661 782 1727 dedit,
807 1657 1095 1714 excellenti
1122 1655 1297 1711 iorma
1320 1652 1630 1715 mulierem,
1657 1651 1711 1705 in
1740 1646 1941 1702 litteris
1956 1653 2014 1701 et

431 1755 641 1810 musica
679 1749 1214 1809 exercitatissimam,
1241 1745 1380 1800 adeo
1408 1743 1698 1808 urbanam,
1724 1738 2014 1794 facundam

432 1856 488 1900 et
505 1851 881 1906 venustam,ut
902 1841 1019 1895 solo
1033 1846 1258 1908 aspectu
1277 1834 1535 1889 audituve
1557 1830 1836 1886 hominem
1848 1828 2014 1884 etiam

434 1936 847 1992 severissimum
906 1934 961 1986 in
1006 1931 1088 1986 sui
1143 1944 1382 1985 antorem
1442 1924 1763 1996 pertrahere
1806 1930 2013 1994 posset.

435 2030 532 2085 llis
557 2030 626 2084 de
655 2027 836 2083 causis
866 2019 1081 2098 Svpliax
1113 2024 1179 2079 ad
1207 2021 1687 2093 Carthaginienses
1729 2034 1788 2073 se
1818 2025 2018 2072 contu-

435 2124 520 2178 lit.
571 2121 859 2176 Masinissa
907 2120 1184 2173 Romanos
1232 2125 1312 2170 cst
1367 2124 1611 2176 secutus,
1663 2112 1866 2180 quibus
1916 2122 2016 2178 per

435 2229 655 2269 omnem
701 2220 918 2267 aetatem
955 2219 1235 2264 strenuam
1279 2204 1497 2260 navavit
1538 2216 1785 2273 Operam.
1829 2199 2014 2270 Scipio

438 2322 564 2363 cum
595 2304 782 2360 omnia
811 2318 933 2372 quae
964 2301 1105 2354 intra
1135 2300 1426 2371 Pyrenaeos
1456 2304 1669 2350 montes
1709 2301 1860 2358 sunt,
1889 2306 2017 2363 par—

440 2398 538 2452 tim
576 2397 650 2460 vi,
685 2395 882 2464 partim
922 2391 1206 2447 deditione
1233 2389 1487 2459 cepisset,
1526 2385 1777 2456 trajicere
1800 2384 1855 2437 in
1877 2380 2019 2437 Afri-

441 2501 561 2542 cam
601 2484 815 2539 statuit.
846 2481 1076 2536 Romani
1108 2488 1311 2534 autem.
1342 2475 1540 2545 partim
1569 2490 1634 2529 ex
1659 2471 1864 2527 invidia
1887 2484 2017 2526 suc-

442 2593 701 2635 cessuum
736 2577 877 2647 eius.
911 2573 1111 2644 partim
1145 2571 1325 2639 veriti,
1358 2585 1425 2623 ne
1455 2584 1553 2638 per
1586 2565 1900 2636 superbiam
1931 2579 2020 2618 re-

443 2686 611 2742 gnum
647 2667 948 2729 affectaret,
970 2665 1109 2719 duos
1139 2662 1189 2716 ei
1221 2673 1569 2716 successores
1603 2657 1894 2712 dederunt.
1928 2654 2021 2710 Sic

450 2762 635 2832 Scipio
690 2760 984 2829 imperium
1039 2753 1316 2825 deposuit.
1371 2750 1648 2820 Sulpicius
1679 2759 1861 2803 autem
1895 2760 2019 2801 cum

444 2852 626 2908 Attalo
652 2850 847 2907 eodem
878 2857 1121 2918 tempore
1155 2843 1357 2901 Oreum
1382 2843 1716 2913 proditione,
1746 2839 2019 2909 Opuntem

447 2947 501 3002 vi
524 2944 836 3016 occupavit.
864 2941 1148 3011 Philippus
1177 2936 1325 2992 enim
1356 2936 1437 2991 eis
1458 2944 1668 2989 mature
1694 2950 1851 3003 opem
1880 2934 2023 2986 ferre

447 3055 558 3095 non
585 3038 785 3109 potuit,
840 3036 944 3089 viis
973 3049 1081 3104 qua
1118 3029 1510 3086 transeundum
1542 3037 1684 3091 erat,
1731 3027 1799 3079 ab
1828 3023 2027 3078 ABtolis

447 3130 698 3188 insessis.
745 3126 853 3183 Sed
882 3141 1006 3181 sero
1064 3123 1281 3179 tandem
1308 3135 1433 3176 cum
1467 3119 1727 3179 venisset,
1756 3116 1941 3170 Attalo
1970 3114 2026 3167 in

450 3237 619 3281 naves
647 3236 777 3276 suas
807 3218 1115 3288 compulso,
1175 3228 1365 3285 pacem
1396 3226 1522 3267 cum
1552 3208 1815 3265 Romanis
1846 3207 2028 3263 facere

452 3314 645 3370 voluit.
680 3312 788 3368 Sed
822 3326 947 3367 cum
977 3319 1102 3380 post
1126 3307 1298 3361 multa
1326 3305 1498 3361 verba
1547 3301 1894 3359 conditiones
1920 3315 2029 3355 non

434 3406 812 3486 placuissent,
837 3416 970 3471 pace
1001 3397 1310 3468 repudiata,
1347 3395 1563 3450 Aﬁtolos
1594 3409 1624 3448 a
1650 3394 2027 3448 Romanorum

454 3495 699 3550 amicitia
750 3495 815 3548 ad
873 3506 932 3548 se
981 3490 1239 3545 traduxit.
1287 3486 1525 3543 Annibal
1579 3495 1763 3540 autem
1816 3483 2027 3538 interea

453 3589 682 3658 quievit,
750 3601 850 3641 sua
890 3585 1032 3639 tueri
1085 3596 1167 3638 sat
1200 3581 1444 3637 habens:
1473 3594 1649 3648 neque
1692 3593 1722 3631 a
1759 3591 1898 3631 coss.
1947 3582 2033 3629 est

454 3681 762 3741 lacessitus.
807 3692 935 3732 eum
982 3675 1124 3731 citra
1173 3673 1585 3729 dimicationem
1636 3670 1922 3726 subactum
1965 3665 2034 3721 iri

455 3772 795 3841 putantibus.
847 3768 1109 3839 Sequenti
1149 3781 1293 3821 anno
1337 3765 1400 3820 P.
1452 3763 1637 3834 Scipio
1680 3770 1737 3817 et
1785 3759 2034 3816 Licinius

454 3867 684 3921 Crassus
716 3878 860 3918 coss.
911 3862 1042 3917 facti
1074 3880 1088 3916 :
1129 3874 1364 3931 quorum
1396 3858 1488 3913 hic
1536 3857 1590 3911 in
1621 3855 1769 3911 Italia
1811 3853 2030 3919 mansit,

457 3956 630 4010 altero
663 3953 721 4008 in
751 3952 996 4008 Siciliam
1027 3960 1084 4006 et
1110 3950 1350 4005 Africam
1381 3950 1463 4004 ire
1495 3949 1688 4019 jusso:
1734 3956 1792 4001 ut
1828 3947 1873 4001 si
1903 3944 2036 4001 Car-

462 4048 741 4116 thaginem
773 4052 886 4099 non
915 4054 1156 4113 caperet,
1193 4042 1387 4097 saltem
1427 4039 1752 4095 Annibalem
1783 4054 1849 4095 ex
1881 4038 2035 4095 Italia

460 4147 738 4194 avocaret.
792 4138 899 4193 Sed
942 4151 1044 4191 nec
1067 4137 1250 4208 justus
1292 4135 1591 4200 exercitus,
1643 4148 1746 4189 nec
1784 4141 2038 4202 sumptus

459 4231 526 4285 ad
561 4230 856 4300 parandam
908 4229 1160 4294 classem,
1208 4243 1274 4282 ex
1305 4227 1384 4281 rei
1422 4228 1562 4281 bene
1610 4234 1775 4296 gesta:
1808 4223 2037 4289 invidia,

445 4322 623 4375 ‘datus
649 4331 756 4386 est,
791 4320 879 4374 vix
908 4335 1123 4375 summe
1155 4318 1485 4375 necessariis
1528 4316 1911 4387 suppeditatis.
1944 4314 2041 4369 Ni-

463 4413 763 4467 hilominus
808 4425 990 4466 tamen
1036 4428 1161 4466 cum
1192 4411 1365 4467 classe
1404 4409 1699 4472 sociorum,
1731 4417 1786 4463 et
1810 4406 2041 4478 quibus-

462 4505 587 4558 dam
613 4519 680 4558 cx
709 4503 912 4573 populo
939 4502 1262 4556 voluntariis
1284 4501 1559 4559 discessit.
1589 4500 1743 4570 Mago
1768 4515 1837 4555 ex
1863 4499 2040 4554 insula

463 4597 521 4650 in
572 4594 851 4665 Liguriam
902 4593 1203 4664 profectus,
1246 4609 1572 4650 exscensum
1616 4591 1771 4647 fecit.
1810 4592 2041 4646 Crassus

462 4685 623 4757 437
654 4685 707 4738 in
741 4685 944 4740 Brutiis
988 4684 1317 4741 Annibalem
1369 4686 1708 4741 observavit.
1755 4683 2042 4753 Philippus

464 4795 590 4833 eum
620 4778 682 4833 P.
712 4777 1101 4848 Sempronium
1125 4794 1249 4834 cum
1275 4779 1485 4849 magnis
1506 4778 1678 4848 ecpiis
1695 4778 2040 4845 Apolloniam

465 4872 684 4924 venisse
724 4868 1029 4931 didicisset,
1056 4869 1250 4939 cupide
1284 4884 1474 4938 pacem
1509 4868 1655 4923 fecit.
1691 4868 1874 4938 Scipio
1910 4881 2041 4922 vero

465 4976 594 5015 cum
624 4977 689 5015 ex
727 4960 882 5015 Italia
918 4962 1192 5027 solvisset,
1255 4975 1313 5016 se
1344 4973 1404 5015 ut
1439 4961 1495 5016 in
1540 4960 1782 5017 Siciliam
1827 4960 2045 5032 trajice-

467 5063 552 5107 ret
580 5068 802 5122 parans,
857 5054 913 5107 id
962 5052 1142 5109 facere
1168 5069 1278 5109 non
1312 5053 1512 5124 putuit,
1544 5053 1692 5123 quod
1721 5068 1823 5107 nec
1844 5055 2042 5124 justas,

469 5159 572 5198 nec
602 5144 932 5198 exercitatas
978 5145 1164 5214 copias
1215 5144 1462 5198 haberet.
1493 5142 1673 5208 Quare
1707 5153 1873 5197 totam
1922 5124 2044 5197 hie-

469 5248 611 5286 mem
656 5233 735 5288 ibi
775 5234 977 5303 exegit,
1009 5245 1068 5288 ut
1100 5243 1154 5289 et
1188 5232 1389 5288 milites
1424 5247 1563 5302 quos
1593 5232 1832 5286 habebat
1884 5246 2044 5286 exer-

470 5335 643 5389 ceret,
671 5334 729 5380 et
757 5340 931 5380 novos
960 5326 1207 5382 delectus
1258 5326 1508 5381 haberet.
1545 5325 1871 5395 Trajecturo
1903 5340 2048 5378 nun-

474 5415 671 5468 tiatum
700 5428 785 5471 est
811 5433 841 5471 a
872 5416 1164 5488 Rhe'ginis,
1196 5417 1496 5472 Locrenses
1542 5416 1812 5487 quosdam
1851 5415 2049 5471 urbem

473 5504 794 5575 prodituros
816 5521 960 5563 esse.
995 5509 1129 5564 Nam
1151 5524 1277 5564 cum
1298 5510 1367 5564 ab
1397 5508 1666 5564 Annibale
1690 5517 1880 5564 contra
1911 5524 2052 5579 prae-

474 5595 605 5651 sidii
634 5597 952 5669 praefectum
985 5601 1371 5667 vociferantes,
1393 5601 1822 5673 negligereutur,
1848 5604 1915 5657 ad
1945 5601 2054 5657 lto-

475 5701 674 5746 manos
706 5687 1062 5747 inclinarunt.
1110 5693 1270 5751 Missa
1316 5693 1484 5765 igitur
1533 5703 1688 5764 parte
1744 5695 2052 5766 c0piarum,

2176 728 2279 783 ΙΝ.
2334 729 2394 781 '0
2424 727 2482 781 δὲ
2518 727 2861 792 Μασινίσσας
2891 724 3029 795 ἀνὴρ
3052 719 3120 796 ἦν
3151 725 3210 777 ὲν
3239 726 3355 787 τοῖς
3377 729 3687 795 κρατίστοις

2106 821 2526 891 ἐξεταζόμενον
2569 820 2664 873 καὶ
2695 818 2840 890 χειρὶ
2872 817 2982 888 γὰρ
3020 816 3117 870 καὶ
3168 815 3542 886 βουλεύμασιν
3572 817 3688 889 ἄρι-

2106 931 2232 978 στος
2270 913 2539 982 ἐτύγχανε
2569 911 2638 965 τά
2673 910 2934 981 πολέμια.
2981 911 3128 981 Πρὸς
3156 908 3214 961 δὲ
3234 909 3361 971 τοὺς
3393 909 3692 980 Ῥωμαίους

2107 1009 2173 1061 ἐκ
2193 1006 2303 1061 τῶν
2330 1002 2725 1077 Καρχηδονίων
2751 1002 2813 1069 ἐξ
2850 1002 3033 1066 αἰτίας
3091 1002 3307 1056 τοιᾶσδε
3370 1004 3693 1074 μετήνεκτο.

2119 1097 2180 1152 '0
2247 1096 2576 1168 ’Δσδρούϐας
2601 1095 2693 1150 τοῦ
2726 1095 2764 1148 Γ
2771 1097 2998 1164 ίσγωνος
3019 1094 3172 1164 φίλος
3202 1112 3263 1149 τι
3296 1090 3365 1169 ἦν
3399 1095 3572 1168 αὐτῷ,
3602 1099 3693 1152 καὶ

2109 1188 2391 1255 Σοφωνίδα
2433 1189 2536 1256 τὴν
2567 1185 2767 1244 ἐαυτοῦ
2814 1186 3093 1259 θυγατέρα
3156 1187 3308 1258 αὐτῷ
3363 1188 3690 1259 ἐνηγγύησι.

2108 1283 2202 1354 Τῷ
2225 1282 2443 1352 Σύφακι
2463 1282 2522 1337 δὲ
2554 1281 2980 1351 συγγενόμενος,
3007 1281 3104 1336 καὶ
3131 1282 3201 1336 τὰ
3234 1281 3348 1335 τῶν
3408 1282 3693 1353 Ῥωμαίων

2112 1376 2278 1430 αὐτὸν
2321 1374 2630 1445 φρονοῦντα
2684 1373 3033 1444 αἰσθόμενος,
3075 1375 3261 1427 οὐκέτι
3305 1373 3378 1427 τὰ
3416 1374 3699 1445 ὡμολογη-

2116 1466 2253 1538 μένα
2278 1467 2416 1539 πρὸς
2447 1467 2540 1520 τὸν
2575 1467 2925 1520 Μασινίσσαν
2974 1465 3274 1533 ἐφύλαξενο
3330 1466 3472 1520 ἀλλὰ
3535 1465 3696 1521 θέλων

2112 1562 2227 1624 τοῖς
2261 1559 2660 1630 Καρχηδονίοις
2697 1558 2791 1611 τὸν
2813 1558 3043 1626 Σόφακα
3069 1558 3578 1629 προσποιήσασθαι,
3604 1561 3698 1611 οὐκ

2116 1650 2408 1722 ἐλαχίστης
2440 1650 2726 1721 δυνάμεως
2763 1649 3026 1719 ἄρχοντα,
3096 1650 3197 1720 τήν
3244 1666 3321 1701 τεκ
3348 1651 3527 1720 ἀρχὴν
3558 1648 3698 1719 αύτῷ

2117 1741 2592 1813 συγκατέπραξεν,
2621 1743 2656 1813 ἦ
2687 1744 2766 1811 τῷ
2791 1743 3108 1814 Μασινίσσα
3139 1743 3417 1813 προσῆκε,
3447 1743 3542 1795 τοῦ
3601 1760 3699 1796 πα-

2115 1836 2243 1908 τρὸς
2269 1836 2438 1890 αὐτοῦ
2472 1835 2594 1888 τότε
2633 1835 2912 1898 θανόντος,
2945 1834 3042 1886 καὶ
3079 1834 3178 1904 τὴν
3211 1834 3498 1902 Σοφωνὶδα
3532 1834 3698 1903 συνῴο

2118 1945 2293 1983 κισεν.
2339 1929 2402 1981 'H
2431 1927 2486 1981 δὲ
2512 1927 2572 1980 τό
2599 1943 2659 1979 τε
2698 1926 2895 1990 κάλλος
2924 1926 3195 1996 ἐπιφανὴς
3224 1921 3314 1997 ἦν,
3356 1926 3454 1977 καὶ
3483 1924 3696 1995 παιδείᾳ

2119 2020 2290 2090 πολλῇ
2311 2020 2406 2073 καὶ
2438 2019 2788 2089 γραμμάτων
2817 2020 2911 2071 καὶ
2931 2019 3198 2089 μουσικῆς
3226 2017 3449 2088 ήσκητο
3468 2032 3482 2047 ⁸
3517 2016 3698 2069 ἀστεία

2118 2130 2178 2167 τε
2206 2113 2300 2167 καὶ
2328 2112 2559 2184 αἱμύλος
2587 2108 2677 2185 ἦν,
2718 2113 2814 2167 καὶ
2842 2112 3014 2175 οὕτως
3045 2111 3437 2183 ἐπαφρόδιτος,
3495 2109 3568 2172 ὡς
3605 2111 3695 2178 όφο

2118 2205 2274 2259 θεῖσα
2307 2206 2459 2277 ῆκαὶ
2500 2204 2832 2258 ἀκουσθείσα
2887 2205 3050 2274 μόνον
3086 2202 3182 2256 καὶ
3219 2202 3314 2255 τὸν
3361 2203 3505 2254 πάνυ
3549 2201 3697 2253 δυσέ.
3762 2186 3763 2189 η

2121 2317 2266 2370 ρωτα
2294 2298 2769 2369 κατεργάσασθαι.
2807 2298 2866 2350 '0
2894 2296 2993 2366 μὲν
3045 2291 3139 2350 οὖν
3189 2294 3384 2365 Σύφοιξ
3422 2294 3510 2347 διὰ
3536 2293 3698 2346 ταῦτα
3786 2290 3791 2294 ’

2119 2392 2230 2452 τοῖς
2256 2389 2646 2460 Καρχηδονίοις
2677 2387 3003 2457 προσέθετο·
3047 2386 3140 2439 καλ⁵
3184 2387 3213 2438 ό
3256 2384 3603 2443 Μασινίσσας
3636 2383 3698 2432 τα

2119 2480 2231 2533 τῶν
2273 2479 2562 2550 Ῥωμαίων
2598 2477 2878 2533 άνθείλετο
2910 2478 3003 2529 καὶ
3045 2475 3482 2548 χρησιμώτατος
3528 2474 3699 2533 αὐτοῖς

2120 2577 2208 2629 διὰ
2243 2574 2462 2628 πάντων
2486 2574 2726 2641 ἐγένετο.
2751 2569 2990 2624 Σκιπίων
3015 2569 3094 2634 δέ,
3121 2568 3299 2643 πάντα
3336 2569 3409 2620 τὰ
3436 2566 3582 2629 ἐντὸς
3608 2562 3693 2618 τοῦ

2124 2666 2434 2736 Πυρηναίων
2466 2668 2533 2720 τά
2560 2664 2662 2735 μὲν
2693 2663 2809 2736 βίᾳ,
2854 2663 2921 2715 τὰ
2955 2661 3010 2715 δὲ
3044 2661 3312 2732 ὁμολογίᾳ
3342 2658 3701 2731 προσποιησὰ-

2126 2772 2314 2827 μενος,
2367 2757 2421 2817 ἐς
2459 2754 2556 2825 τὴν
2597 2752 2806 2821 Λιϐύην
2838 2751 3155 2806 στείλασθαι
3176 2751 3536 2822 ἡτοιμάζετο.
3564 2749 3624 2802 Oi
3659 2746 3699 2801 δ’

2130 2847 2189 2898 ἐν
2222 2849 2287 2916 τῇ
2325 2844 2513 2916 Ῥώμῃ
2541 2844 2612 2898 τὰ
2640 2844 2739 2915 μὲν
2776 2842 2956 2913 φθόνῳ
2979 2843 3087 2896 τῶν
3123 2842 3569 2912 κατορθωμάτων
3610 2840 3699 2895 αύ-

2125 2937 2242 3002 τοῦ,
2287 2938 2357 2992 τὰ
2389 2938 2446 2991 δὲ
2479 2936 2631 3008 φόϐῳ
2658 2939 2736 3007 μὴ
2761 2937 3189 3007 ὑπερφρονήσας
3216 2936 3562 3007 τυραννήσῃ,
3584 2934 3699 2986 ἀνι-

2127 3033 2431 3087 καλέσαντο
2491 3033 2678 3096 αὐτὸν,
2726 3031 2839 3085 δύω
2897 3030 3008 3083 τῶν
3059 3030 3393 3100 στρατηγῶν
3438 3027 3700 3097 διαδόχους

2128 3125 2283 3196 αὐτῷ
2302 3124 2646 3196 πέμψαντες.
2683 3124 2793 3178 Καὶ
2811 3127 2841 3178 ό
2870 3122 2972 3194 μὲν
2998 3121 3142 3177 οὓτω
3162 3123 3264 3194 τῆς
3285 3123 3468 3194 ἀρχῆς
3483 3112 3700 3190 ἐπαύθη.

2140 3217 2204 3271 '0
2233 3217 2292 3271 δέ
2319 3234 2381 3285 γε
2405 3217 2731 3281 Σουλπίκιος
2786 3216 2928 3285 μετὰ
2986 3215 3081 3270 τοῦ
3132 3215 3398 3271 Ἀττάλου
3433 3214 3568 3270 κατὰ
3617 3212 3699 3265 τὸν

2131 3309 2294 3365 αὐτὸν
2324 3311 2518 3382 χρόνον
2562 3309 2749 3379 Ὤρεδν
2783 3309 2884 3381 μὲν
2904 3307 3192 3380 προδοσίᾳ,
3243 3307 3519 3361 Ὀποῦντα
3541 3306 3597 3360 δὲ
3626 3303 3699 3357 ίσ·

2132 3401 2224 3474 χύῖ
2253 3400 2545 3472 κατέσχεν.
2587 3401 2648 3455 '0
2681 3400 2790 3473 γὰρ
2812 3401 3078 3462 Φίλιππος
3110 3400 3213 3454 οὐκ
3233 3399 3480 3472 ἠδυνήθη
3535 3398 3701 3457 αὐτοῖς

2055 3485 2100 3544 C
2132 3491 2416 3562 ἐπαμῦναι
2441 3492 2532 3545 διὰ
2553 3492 2791 3563 ταχέων,
2821 3491 2923 3552 τὰς
2961 3491 3172 3555 διόδους
3222 3489 3698 3562 προκατασχόντων

2132 3587 2243 3642 τῶν
2268 3585 2550 3642 Δίτωλῶν.
2600 3586 2729 3656 ’0ψέ
2758 3586 2817 3641 δέ
2847 3605 2978 3642 ποτε
3030 3585 3297 3654 ἐπελθὼν,
3340 3588 3420 3652 είς
3443 3586 3541 3650 τὰς
3579 3583 3698 3647 ναῦς

2133 3679 2304 3735 αὐτοῦ
2325 3680 2418 3734 τὸν
2457 3678 2729 3735 Ἄτταλον
2754 3682 3091 3750 καταφυγεῖν
3119 3679 3399 3737 ἐ6;άσατο.
3452 3679 3511 3733 '0
3533 3678 3699 3750 μέντοι

2135 3767 2409 3833 Φίλιππος
2433 3768 2766 3823 σπείσασθαι
2805 3770 2920 3833 τοῖς
2964 3768 3254 3840 Ῥωμαίοις
3293 3770 3560 3841 ἠθέλησε’
3615 3763 3699 3821 καί

2110 3880 2298 3917 τινων
2314 3862 2491 3931 λόγων
2522 3862 2711 3927 αὐτοῖς
2732 3862 3069 3934 γενομένων,
3111 3863 3181 3916 τὰ
3227 3864 3329 3934 μὲν
3362 3864 3460 3934 τῆς
3499 3862 3700 3933 εἰρήνης

2135 3955 2357 4024 ἀφείθη,
2384 3957 2513 4020 τοὺς
2541 3955 2587 4008 δ’
2618 3955 2897 4020 Αἰτωλοὺς
2940 3954 3052 4010 ἀπὸ
3085 3954 3181 4009 τοῦ
3244 3957 3558 4027 συμμαχεῖν
3598 3955 3700 4015 τοίς

2147 4044 2447 4115 Ῥωμαίοις
2500 4046 2897 4116 μεταθέμενος,
2931 4045 3121 4116 φίλους
3160 4048 3358 4101 ἑαυτοῦ
3404 4047 3697 4116 ἐποιήσατο.

2150 4137 2208 4188 ’0
2230 4137 2275 4191 δ’
2299 4136 2550 4202 ’Λννίόας
2610 4139 2751 4202 τέως
2781 4140 3017 4210 ἡσυχίαν
3043 4134 3201 4210 ἦγεν,
3256 4139 3487 4209 ἀγαπῶν
3537 4140 3584 4190 εἰ
3638 4133 3700 4188 τὰ

2140 4230 2456 4302 ὑπάρχοντά
2483 4228 2902 4287 οίδιασώσαιτο.
2937 4234 3048 4287 Καὶ
3076 4234 3127 4287 οί
3162 4232 3363 4287 ὕπατοι
3409 4230 3700 4302 νομίζοντες

2139 4322 2302 4377 αὑτὸν
2339 4325 2433 4377 καὶ
2455 4323 2586 4378 ἄνευ
2622 4325 2806 4395 μάχης
2833 4326 3271 4397 ἐκτρυχωθῆναι,
3333 4328 3562 4396 ἀνεῖχον.
3621 4316 3701 4389 Τῷ

2138 4415 2183 4468 δ’
2198 4416 2406 4470 ἐπιόντι
2424 4416 2558 4483 ἔτει,
2579 4418 2607 4471 ὅ
2628 4434 2686 4470 τε
2713 4418 2958 4472 Σκιπίων
2979 4421 3006 4473 ὁ
3034 4418 3308 4482 Πούπλιος
3333 4420 3429 4474 καὶ
3448 4416 3701 4473 Λικίννιος

2143 4509 2395 4580 Κράσσος
2418 4510 2757 4564 ὑπάτευσαν.
2790 4511 2899 4564 Καὶ
2919 4513 2949 4564 ό
2984 4512 3084 4581 μὲν
3118 4514 3175 4564 ὲν
3206 4514 3270 4582 τῇ
3311 4510 3514 4579 Ἰταλίᾳ
3561 4507 3700 4575 εμειο

2146 4617 2253 4664 νεν,
2283 4602 2310 4653 ό
2335 4599 2392 4652 δὲ
2426 4599 2672 4653 Σκιπίων
2706 4601 2765 4665 ἐς
2797 4600 3051 4655 Σικελίαν
3078 4600 3341 4655 ἀπελθεῖν
3373 4600 3464 4655 καὶ
3501 4600 3557 4661 ἐς
3614 4596 3701 4648 At-

2144 4692 2282 4763 δύην
2312 4692 2725 4764 προσετέτακτο
2749 4733 2765 4758 ,
2812 4694 2922 4761 ἴνα,
2953 4695 3003 4748 εί
3039 4694 3114 4766 μή
3146 4694 3247 4765 τὴν
3278 4691 3594 4764 Καρχηδόνα
3629 4686 3702 4741 αἱ·

2146 4784 2326 4851 ρήσει,
2372 4783 2466 4836 τόν
2498 4799 2561 4851 γε
2597 4782 2852 4838 Ἀννίϐαν
2885 4784 3023 4847 τέως
3063 4785 3172 4841 ἀπὸ
3205 4786 3307 4855 τῆς
3342 4783 3569 4844 Ἰταλίας
3620 4779 3703 4833 ἀν-

2146 4871 2404 4946 θελκύσῃ.
2451 4871 2590 4927 Οὔτε
2612 4874 2669 4926 δὲ
2702 4877 3025 4944 στράτευμα
3072 4876 3355 4944 ἀξιόλογον
3413 4874 3531 4928 οὔτε
3579 4868 3700 4940 πρὸς

2143 4965 2393 5035 τριήρεις
2421 4964 2684 5033 ἀνάλωμα
2715 4964 2896 5030 ἔλασε,
2924 4965 3012 5020 διὰ
3036 4968 3136 5030 τὰς
3166 4967 3444 5036 ἀριστείας
3501 4956 3703 5032 φθονού-

2151 5068 2339 5125 μενος’
2380 5055 2535 5125 μόλις
2566 5054 2626 5110 δέ
2659 5058 2755 5110 καὶ
2783 5056 2852 5109 τὰ
2901 5058 3043 5111 πάνυ
3103 5057 3383 5126 ἀναγκαῖα
3450 5050 3701 5122 παρέσχον

2152 5148 2321 5220 αὐτῷ.
2354 5147 2467 5202 Καὶ
2497 5147 2526 5199 ὁ
2568 5147 2683 5218 σμέν
2739 5149 2836 5201 σὺν
2866 5148 2945 5218 τῷ
2975 5149 3214 5218 ναυτικῷ
3274 5149 3380 5200 τῶν
3427 5141 3701 5215 συμμάχων

2152 5241 2248 5293 καί
2274 5259 2416 5294 τισιν
2446 5240 2752 5304 ὲθελονταῖς
2813 5242 2879 5293 ἐκ
2932 5240 3027 5295 τοῦ
3074 5242 3248 5312 δήμου
3292 5242 3497 5309 ἀπῆρεν
3525 5252 3536 5265 ·
3584 5232 3612 5285 ὀ
3653 5228 3701 5281 δὲ

2150 5326 2379 5401 Μάτων»
2404 5333 2468 5385 ὲκ
2488 5334 2585 5403 τῆς
2616 5336 2780 5402 νήσου
2806 5331 3220 5402 παραπλεύσας,
3251 5334 3326 5395 εί,
3349 5330 3445 5400 τὴν
3471 5330 3701 5392 Λιγυστι-

2152 5424 2256 5487 κὴν
2287 5423 2490 5493 ἀπέϐη.
2537 5423 2595 5477 Ὀ
2655 5424 2913 5494 Κράσσος
2940 5424 2986 5478 δ’
3028 5426 3086 5479 ἐν
3132 5427 3200 5497 τῇ
3226 5424 3454 5497 Βρεττίᾳ
3498 5416 3570 5488 τῷ
3598 5413 3702 5467 ’Δνο

2151 5516 2278 5586 vilia
2307 5515 2699 5588 προσήδρευεν.
2753 5515 2815 5570 Ὃ
2873 5519 3062 5587 μέντοι
3104 5518 3372 5582 Φίλιππος
3411 5504 3697 5569 κατηλλάγη

2167 5606 2480 5677 Ῥωμαίοις.
2514 5607 2782 5662 Πούπλιον
2814 5611 2923 5680 γὰρ
2941 5610 3297 5681 Σεμπρώνιον
3327 5610 3405 5672 είς
3460 5596 3697 5657 Ἀπολλω-

2159 5700 2280 5754 νίαν
2316 5700 2541 5755 ἐλθόντα
2579 5699 2678 5756 σὺν
2709 5701 2881 5773 πολλῇ
2920 5700 3150 5774 δυνάμει
3192 5683 3697 5773 αἰσθόμενοςοάσμέ’

2487 5894 2511 5925 /
