4008 6250
477 276 584 342 ’251

1801 264 2038 340 JOANN

2157 261 2476 339 ZONAR'AZ
3613 289 3706 353 752

481 381 1016 456 excesseruntfno'n
1063 401 1288 464 propter
1335 390 1799 463 paciﬁcationem,
1850 393 1948 449 sed
1995 407 2038 448 at

2166 391 2356 446 ἔδοσαν
2387 392 2481 445 καὶ
2514 389 2641 454 τοὺς
2667 372 3045 463 αἰχμαλώτους
3082 392 3289 459 πάντας
3317 395 3595 454 ἀπέδωκαν
3623 405 3705 458 καὶ

482 489 687 544 bellum
722 487 1082 542 domesticum
1119 490 1506 554 properantes.
1537 485 1607 539 At
1635 483 1796 560 441
1821 483 2057 540 Cartha-

481 581 781 652 ginienses,
808 594 933 634 cum
965 577 1119 649 prius
1156 576 1324 631 etiam
1344 591 1534 648 pacem
1574 575 1803 631 minimo
1845 576 2056 648 cogita-

2158 481 2300 554 ὑπὲρ
2329 482 2434 535 τῶν
2464 482 2668 535 λοιπῶν
2702 484 3002 554 πρεσϐείαν
3046 487 3126 548 εἰς
3179 487 3281 553 τὴν
3328 485 3538 558 Ῥώμην
3583 494 3704 547 ἀπέ-

2157 573 2396 628 στειλαν.
2425 575 2566 638 Τοὺς
2594 573 2653 629 δέ
2683 592 2748 644 γε
2789 576 3049 647 πρέσϐεις
3073 577 3124 630 oi
3164 577 3426 647 Ῥωμαῖοι
3485 583 3597 636 τότε
3648 585 3704 640 οὐ

479 675 624 736 rent,
659 687 762 727 nec
807 686 926 726 eam
1004 669 1117 724 alio
1175 667 1410 724 consilio
1469 667 1780 739 petiissent,
1825 666 1934 722 nisi
1995 679 2038 721 ιιι

2154 665 2578 737 προσεδέξαντο,
2641 666 2892 735 λέγοντες
2943 669 3042 721 οὐκ
3077 667 3218 722 εἶναι
3277 671 3502 741 πάτριον
3547 678 3704 742 σφίσι,

479 777 695 838 tempus
725 772 1015 826 terrerent,
1042 762 1172 817 dum
1217 761 1436 816 veniret
1467 759 1736 827 Annibal;
1770 760 1891 832 ejus
1941 757 2053 814 ad-

475 867 642 913 ventu
689 857 944 920 recreati,
979 854 1293 926 Scipionem
1333 861 1482 908 terra
1537 852 1788 922 marique
1834 850 2051 906 invase-

476 961 624 1002 runt.
660 948 760 1001 Illo
789 961 922 1001 vero
953 944 1363 1016 expostulante,
1400 957 1583 1012 neque
1607 941 1910 1012 quidquam
1935 955 2052 994 mo-

472 1041 644 1094 derati
678 1039 871 1110 legatis
915 1037 1350 1108 responderunt;
1389 1045 1444 1090 et
1474 1035 1740 1090 abeuntes
1767 1049 1869 1104 per
1913 1033 2050 1086 insi-

471 1131 591 1185 dias
629 1130 981 1193 oecidissent,
1008 1129 1114 1182 nisi
1150 1127 1380 1182 fortuito
1411 1135 1578 1182 vento
1629 1137 1821 1181 exorto
1866 1133 2052 1181 essent

470 1220 800 1275 conservati.
827 1220 1016 1289 Itaque
1048 1218 1232 1287 Scipio
1261 1217 1802 1272 senatusconsultum
1822 1215 1890 1270 de
1917 1229 2049 1285 pace

469 1313 689 1371 interim
713 1314 960 1372 allatum,
985 1327 1096 1367 non
1121 1319 1300 1364 ratum
1328 1309 1542 1363 habuit.
1569 1306 2050 1378 Carthaginienses

468 1422 619 1468 vero,
653 1405 880 1476 Magone
906 1404 961 1458 in
988 1402 1198 1458 Italiam
1222 1401 1475 1463 remisso,
1516 1399 1840 1455 Annibalem
1877 1414 2051 1454 exer-

467 1498 601 1550 citui
634 1510 758 1551 cum
798 1508 1014 1550 summo
1065 1493 1296 1561 imperio
1335 1491 1715 1562 praefecerunt,
1761 1490 2048 1560 repudiato

468 1589 755 1653 Hannone,
787 1597 846 1642 et
891 1586 1201 1642 Asdrubale
1232 1584 1429 1655 capitis
1453 1584 1730 1638 damnato.
1761 1582 1863 1650 Qui
1919 1597 2043 1638 cum

470 1684 615 1737 ultro
645 1696 916 1736 venenum
958 1678 1252 1744 hausisset,
1315 1678 1371 1732 in
1412 1677 1651 1732 cadaver
1677 1679 1798 1746 ejus
1827 1686 1914 1731 est
1942 1690 2047 1730 sm-

2157 757 2542 827 στρατοπέδων
2580 759 2640 811 ἐν
2683 761 2752 829 τῇ
2797 757 2999 830 Ἰταλίᾳ
3045 760 3213 812 ὅντων
3269 763 3400 823 τισθι,
3436 766 3708 834 πρεσϐείαν

2153 848 2476 919 προσίεσθαι
2499 848 2556 913 ἐξ
2589 849 2770 903 αὐτῶν
2805 851 2898 904 καὶ
2919 852 3280 922 χρηματίζειν
3316 855 3456 926 ὑπὲρ
3482 858 3706 928 εἰρήνης.

2155 938 2423 1010 ’Υστερον
2489 941 2546 995 δέ
2594 941 2910 1012 ἀπάραντος
2962 942 3056 996 τοῦ
3100 961 3159 997 τε
3212 945 3456 999 Ἀννίϐου
3489 950 3580 1001 καὶ
3622 951 3707 1002 τοῦ

2153 1033 2440 1102 Μαγῶνος,
2483 1033 2645 1101 λόγου
2700 1033 2852 1102 σφίσι
2893 1036 3208 1104 μετέδωκαν
3249 1037 3346 1091 καὶ
3393 1040 3708 1109 ἐψητςίσαντο

2149 1125 2252 1186 τὰς
2278 1126 2532 1189 σπονδάς.
2559 1126 2948 1198 Ἐξεχὼρησαν
2974 1127 3031 1182 δὲ
3057 1131 3154 1200 τῆς
3183 1130 3417 1194 Ἰταλίας
3461 1133 3489 1185 ὃ
3519 1150 3576 1184 τε
3599 1133 3709 1186 Ἀν-

2151 1213 2307 1277 νίϐας
2337 1215 2433 1269 καὶ
2464 1217 2492 1268 ό
2520 1217 2753 1286 Μαγὼν,
2782 1219 2843 1272 ού
2869 1217 2956 1272 διὰ
2973 1219 3077 1290 τὴν
3105 1220 3398 1291 σύμϐασιν,
3430 1222 3560 1278 ἀλλὰ
3587 1225 3710 1293 apt;

2148 1306 2241 1361 τὸν
2264 1305 2406 1360 οἴκοι
2432 1308 2672 1380 πόλεμον
2712 1311 3082 1382 ἐπειγόμενοι.
3107 1314 3174 1366 Ol
3225 1314 3269 1366 δ’
3326 1317 3387 1367 ἐν
3428 1317 3492 1385 τῇ
3548 1315 3708 1387 Λιϐύῃ

2149 1399 2514 1470 Καρχηδόνιοι
2537 1402 2657 1456 οὐδὲ
2688 1403 2958 1476 πρότερον
2989 1405 3265 1476 εἰρηναῖόν
3289 1422 3342 1459 τι
3379 1406 3708 1478 φρονοῦντες,

2151 1491 2244 1542 καὶ
2271 1492 2398 1562 περὶ
2439 1494 2683 1548 σπονδῶν
2709 1495 2803 1548 ἐπὶ
2829 1500 2897 1568 τῇ
2930 1495 3025 1550 τοῦ
3070 1499 3264 1568 χρόνου
3319 1499 3481 1569 τριϐῇ
3512 1498 3596 1552 διὰ
3621 1499 3709 1569 τήν

2146 1582 2243 1634 τοῦ
2271 1583 2518 1638 Ἀννίϐου
2551 1588 2861 1657 παρουσίαν
2893 1590 3488 1662 ἐπικηρυκευσάμενοι,
3531 1590 3603 1654 ὡς
3629 1591 3710 1643 τὸν

2147 1675 2402 1733 Ἀννίϐαν
2463 1681 2832 1752 πλησιάζοντα
2889 1680 3116 1753 ἔμαθον,
3183 1682 3582 1753 ἀνεθάρσησαν,
3625 1678 3710 1733 καὶ

464 1775 659 1828 vitum.
692 1771 952 1836 Annibal,
985 1770 1135 1826 omni
1175 1779 1445 1840 potestate
1475 1778 1720 1838 accepta,
1750 1769 2038 1824 Masinissa

2149 1771 2414 1838 ἐπέθεντο
2441 1775 2520 1844 τῷ
2546 1748 2812 1828 Σκιπίωνι
2845 1748 2986 1828 κατὰ
3013 1775 3118 1844 γῆν
3141 1790 3201 1827 τε
3233 1774 3330 1828 καὶ
3360 1748 3503 1828 κατὰ
3521 1771 3709 1826 θάλασο

464 1877 694 1932 regnum
725 1861 1045 1931 populatus,
1097 1873 1155 1914 se
1189 1859 1257 1912 ad
1291 1858 1749 1913 committendum
1777 1873 1901 1912 cum
1937 1858 2045 1914 Ro-

463 1951 643 2005 manis
678 1951 924 2020 przelium
961 1956 1142 2020 parat.
1179 1947 1329 2003 Idem
1352 1955 1409 2002 et
1437 1963 1467 2001 a
1496 1948 1755 2017 Scipione
1784 1949 2008 2003 factum.

2154 1879 2276 1917 σαν.
2310 1866 2584 1919 Κάκείνου
2630 1867 2763 1938 περὶ
2815 1865 3004 1919 τούτου
3054 1867 3241 1930 αὐτοῖς
3305 1865 3709 1935 ἐγκαλέσαντος,

2148 1953 2274 2008 οὔτε
2311 1957 2533 2029 μέτριόν
2562 1976 2614 2012 τι
2661 1961 2773 2021 τοῖς
2839 1958 3138 2029 πρέσϐεσιν
3187 1958 3577 2028 ἀπεκρίναντο,
3625 1955 3711 2009 καὶ

463 2041 1056 2105 ἐπεϐούλευσαναύτοῐς
1078 2039 1478 2095 ἁποπλεύσασι·
1507 2040 1603 2092 καὶ
1642 2041 1690 2091 εί
1747 2038 1822 2110 μὴ
1880 2041 2097 2114 πνεῦμα
2155 2049 2392 2119 τυχαίως
2452 2050 2668 2120 συμϐάν
2712 2051 2896 2114 αὐτοῖς
2949 2050 3269 2122 ἐϐοήθησεν,
3311 2049 3590 2103 ἀπώλοντο
3631 2048 3710 2100 ἄν’

464 2137 628 2190 Ὅθεν
659 2137 754 2190 καὶ
780 2137 809 2189 ὁ
840 2134 1082 2189 Σκιπίων
1120 2133 1178 2186 ἐν
1204 2130 1386 2201 τούτῳ
1437 2132 1532 2201 τῆς
1570 2131 1756 2203 ψήφου
1782 2132 1882 2202 τῆς
1913 2135 2042 2204 περὶ
2079 2141 2178 2209 τῆς
2236 2141 2464 2210 εἰρήνης
2515 2142 2873 2214 κομισθείσης
2925 2142 3111 2195 οὐκέτι
3184 2142 3362 2213 αὐτὴν
3412 2142 3708 2211 ἐποιήσατο.

461 2230 530 2283 Ui
557 2226 651 2284 οὖν
683 2227 1050 2300 Καρχηδόνιοι
1074 2226 1168 2279 τὸν
1211 2225 1312 2296 μὲν
1334 2223 1586 2295 Μαγῶνα
1647 2226 1728 2287 εἰς
1772 2224 1876 2295 τήν
1933 2227 2168 2285 Ἰταλίαν
2231 2233 2578 2304 ἀνέπεμψαν,
2609 2234 2701 2289 τὸν
2722 2235 2768 2288 δ’
2830 2234 3081 2288 ’Λννίϐαν
3115 2234 3499 2306 αὐτοκράτορα
3564 2248 3712 2301 στρα-

461 2325 627 2394 τηγδν
643 2323 955 2388 ἀπέδειξαν,
983 2320 1074 2374 τὸν
1103 2321 1355 2374 Ἄννωνα
1379 2318 1480 2389 τῆς
1509 2319 1684 2389 ἀρχῆς
1714 2320 2042 2383 παύσαντες.
2082 2323 2187 2377 Τὸν
2241 2325 2286 2378 δ’
2315 2327 2660 2399 Ἀσδρούϐαν
2692 2331 2786 2381 καὶ
2812 2327 3133 2381 ἀποκτεῖναι
3193 2327 3556 2397 ἐψηφίσαντο,
3579 2341 3710 2394 φαρ-

454 2425 626 2493 μάκῳ
653 2422 710 2475 δὲ
745 2416 1010 2480 ἑκουσίως
1045 2415 1348 2488 φθαρέντα,
1398 2413 1495 2469 καὶ
1521 2415 1717 2485 νεκρὸν
1768 2415 2054 2487 ᾐκίσαντο.
2097 2417 2351 2486 Ἀννίϐας
2407 2423 2508 2494 μὲν
2565 2420 2660 2477 οὖν
2723 2425 2904 2477 πᾶσαν
2934 2427 3033 2494 τὴν
3075 2423 3381 2493 ἡγεμονίαν
3417 2421 3610 2484 λαϐὼν,
3638 2425 3708 2484 εἷς

460 2519 560 2589 τήν
587 2515 929 2571 Μασινίσσου
954 2512 1142 2586 χώραν
1166 2511 1391 2566 ἐνέϐαλε
1435 2511 1533 2565 καλ⁴
1592 2513 1798 2568 ἐκάκου
1849 2513 2043 2585 αὐτὴν,
2085 2518 2178 2569 καὶ
2233 2522 2347 2584 τοῖς
2411 2521 2706 2591 Ῥωμαίοις
2769 2520 3117 2593 μαχέσασθαι
3159 2519 3516 2592 ἡτοιμάζετο.
3541 2518 3708 2588 Ἀνθη’

459 2610 786 2681 τοιμὰζοντο
803 2608 862 2662 δὲ
905 2608 1004 2661 καὶ
1038 2609 1090 2660 οἱ
1119 2605 1212 2659 τοῦ
1247 2604 1570 2670 Σκιπίωνος.

532 2704 669 2759 XIV.
706 2703 984 2757 Romanos
1016 2711 1200 2756 autem
1223 2702 1502 2771 paenituit,
1535 2703 1680 2772 quod
1710 2703 2039 2759 Annibalem

459 2797 608 2852 italia
643 2795 991 2860 amisissent;
1029 2809 1192 2865 quem
1229 2802 1289 2849 ut
1334 2794 1390 2848 in
1432 2795 1616 2850 Africa
1671 2810 1787 2850 rem
1848 2811 2041 2867 gerere

461 2892 798 2954 didicerunt,
835 2888 1022 2942 denuo
1048 2886 1193 2941 haud
1228 2886 1582 2941 mediocriter
1603 2886 1905 2956 perterriti,
1957 2887 2040 2941 al-

461 2993 640 3037 terum
691 2979 974 3038 consulem
1020 2978 1103 3036 Cl.
1140 2978 1410 3034 Neronem
1451 2989 1642 3033 contra
1695 2993 1822 3034 eum
1876 2979 2040 3032 mise-

464 3087 610 3136 runt,
668 3073 847 3127 Marco
881 3071 1116 3127 Servilio
1168 3070 1338 3126 italia:
1382 3070 1702 3125 defensione
1758 3069 2036 3124 mandata.

2219 2703 2316 2760 Μ’.
2353 2705 2553 2758 Οίδ’έν
2582 2708 2648 2777 τῇ
2692 2706 2881 2780 Ῥώμῃ
2937 2705 3301 2776 μετεμέλοντο
3323 2704 3415 2758 ὅτι
3462 2702 3537 2775 μὴ
3581 2702 3706 2756 ἐκώ·

2144 2796 2314 2849 λυσαν
2338 2797 2430 2849 τὸν
2466 2796 2715 2850 ’Λννίϐαν
2744 2795 3063 2851 ἐκπλεῦσαι.
3107 2796 3192 2860 Ὠς
3221 2795 3412 2866 μέντοι
3453 2796 3520 2848 τὰ
3557 2795 3612 2846 ἐν
3643 2796 3705 2865 τῇ

2144 2889 2321 2959 Λιϐύῃ
2345 2889 2752 2956 συγκροτοῦντα
2781 2888 3184 2958 αὑτὸνὲμαθον,
3211 2889 3272 2942 ού
3299 2889 3543 2959 μετρίως
3563 2885 3702 2949 αὖθις

2144 2978 2415 3034 ἐδεδίεσαν
2438 2997 2452 3010 ·
2484 2979 2565 3032 διὸ
2591 2982 2686 3033 καὶ
2713 2978 2980 3033 Κλαύδιον
3026 2983 3127 3050 μὲν
3165 2980 3402 3050 Νέρωνα
3418 2981 3508 3032 τδν
3533 2980 3703 3049 ἕτερον

2141 3072 2251 3123 τῶν
2286 3073 2512 3126 ὑπάτων
2541 3072 2628 3125 ἐπ’
2653 3073 2815 3126 αὐτὸν
2849 3072 3124 3142 ἔπεμψαν,
3151 3073 3375 3144 Μάρκῳ
3407 3072 3462 3125 δὲ
3496 3073 3701 3142 Σερουῖο

463 3168 664 3222 V'erum
693 3165 838 3220 Nero
858 3172 1085 3233 pr0pter
1114 3163 1352 3217 hiemem
1381 3162 1434 3216 in
1467 3163 1622 3217 Italia
1670 3171 1727 3216 et
1779 3161 2033 3216 Sardinia

2142 3162 2240 3234 λίῳ
2268 3165 2367 3236 τὴν
2393 3166 2493 3236 τῆς
2516 3164 2752 3229 Ἰταλίας
2777 3164 3023 3235 φυλακὴν
3057 3165 3334 3236 προσεκλή
3345 3182 3552 3233 ρωσαν.
3571 3163 3704 3218 Ἀλλ’

461 3268 730 3321 moratus,
765 3256 821 3310 in
853 3253 1094 3308 Africam
1129 3256 1416 3322 pervenire
1446 3269 1556 3306 non
1593 3253 1791 3322 potuit.
1823 3251 2030 3307 Deinde

460 3367 530 3404 ne
564 3351 701 3402 ultra
743 3347 985 3402 Siciliam
1018 3345 1242 3416 quidem
1268 3343 1557 3414 processit,
1583 3343 1769 3398 audita
1823 3343 2039 3413 Scipio-

458 3445 548 3495 nis
587 3440 837 3500 victoria,
883 3437 977 3505 qui
1023 3437 1231 3491 veritus
1275 3437 1438 3502 ne,si
1464 3436 2036 3498 antevertissethro,

456 3531 707 3586 laborum
734 3542 959 3583 suorum
991 3527 1220 3598 gloriam
1265 3527 1645 3597 interciperet,
1680 3527 1857 3596 primo
1906 3542 2037 3582 vere

457 3623 804 3688 Annibalem,
837 3619 1026 3675 audita
1057 3619 1354 3675 Masinissa:
1383 3619 1557 3685 clade,
1612 3618 1832 3674 invasit.
1866 3618 2037 3673 Anni-

462 3717 551 3772 bal
583 3730 711 3771 vero
749 3714 1022 3785 Scipionis
1049 3712 1292 3767 adventu
1321 3713 1563 3784 cognito,
1598 3723 1654 3768 et
1680 3713 1797 3783 ipse
1848 3714 1901 3768 ei
1941 3729 2036 3769 oc-

457 3810 653 3863 currit.
679 3808 757 3862 lta
784 3806 985 3861 castris
1013 3819 1044 3858 e
1089 3804 1309 3873 regione
1341 3805 1559 3875 positis,
1583 3821 1694 3860 non
1731 3806 1912 3861 statim
1968 3806 2034 3860 ad

460 3917 655 3956 manus
689 3911 980 3963 venerunt,
1015 3898 1108 3953 sed
1141 3899 1256 3953 dies
1297 3899 1606 3969 complures
1641 3895 1860 3962 murali,
1887 3910 2038 3953 nter-

455 4009 564 4065 que
589 3993 790 4048 milites
813 4006 944 4047 suos
963 3991 1029 4046 ad
1055 4006 1290 4061 pugnam
1321 4000 1406 4045 est
1450 3990 1792 4044 cohortatus.
1828 3991 1897 4046 Ut
1935 4007 2034 4044 au-

459 4095 568 4141 tem
593 4083 835 4154 Scipioni
864 4091 1080 4151 tempus
1107 4097 1215 4135 non
1239 4081 1448 4136 diutius
1481 4089 1658 4136 terere
1698 4081 1878 4135 visum
1925 4091 2030 4144 cst,

459 4190 514 4234 et
573 4178 894 4232 Annibalem
933 4176 1018 4230 vel
1068 4174 1301 4229 invitum
1357 4174 1424 4228 ad
1467 4183 1746 4228 certamen
1806 4174 2033 4235 elicere,

460 4267 804 4324 Uticamiter
838 4267 1106 4331 intendit;
1143 4273 1203 4320 ut
1229 4281 1354 4320 cum
1383 4265 1578 4319 timere
1618 4276 1674 4319 et
1699 4265 1888 4336 iugere
1914 4279 2037 4319 cre-

461 4362 708 4423 deretur,
755 4359 834 4415 rei
886 4358 1139 4430 gerenda:
1174 4359 1517 4413 occasionem
1560 4357 1828 4412 haberet:
1870 4358 2035 4429 idque

461 4456 663 4506 factum
687 4461 800 4507 est.
848 4451 1086 4504 Annibal
1133 4450 1279 4504 enim
1328 4465 1453 4504 eum
1512 4449 1700 4519 fugere
1754 4451 2030 4520 opinatus,

465 4543 785 4612 maioreque
819 4542 1015 4596 liducia
1048 4542 1175 4596 inde
1198 4551 1575 4612 sumpta,cum
1604 4541 1736 4596 solis
1752 4541 2034 4611 equitibus

458 4649 585 4688 eum
613 4648 645 4687 a
682 4643 839 4703 tergo
861 4643 947 4688 est
973 4644 1316 4703 persecutus,
1359 4634 1563 4703 quibus
1599 4632 1782 4702 Scipio
1835 4640 2034 4702 prater

455 4728 923 4798 exspectationem
951 4727 1172 4792 restitit,
1207 4728 1381 4797 iisque
1420 4725 1742 4796 proﬂigatis,
1773 4742 2034 4796 persecu-

465 4824 614 4874 tione
642 4821 863 4882 omissa,
900 4819 1290 4888 impedimenta
1320 4835 1442 4889 qua:
1488 4819 1543 4873 in
1599 4820 1686 4873 via
1735 4830 1896 4875 erant
1945 4820 2034 4876 in-

462 4913 697 4984 tercepit
733 4911 936 4967 omnia.
969 4911 1094 4965 llaec
1129 4911 1430 4964 turbarunt
1475 4909 1825 4974 Annibalem,
1867 4919 2033 4980 atque

457 5007 590 5062 illud
620 5007 808 5070 etiam,
837 5003 997 5076 442
1027 5007 1170 5074 quod
1216 5002 1402 5072 Scipio
1433 5012 1544 5057 tres
1575 5005 1946 5072 exploratores
1972 5005 2030 5059 in

464 5098 661 5154 castris
685 5098 802 5152 suis
827 5097 1224 5166 deprehensos,
1266 5094 1490 5164 impune
1506 5095 1807 5149 dimiserat.
1835 5094 1878 5149 E
1900 5109 2038 5166 quo-

460 5204 581 5242 rum
608 5202 719 5242 uno
755 5202 880 5241 cum
911 5184 1215 5248 didicisset,
1249 5184 1380 5254 quid
1409 5185 1464 5237 in
1499 5185 1694 5238 castris
1737 5193 1920 5238 actum
1947 5199 2035 5241 es-

459 5291 542 5334 set
571 5280 702 5350 (duo
723 5280 871 5335 enim
897 5279 1040 5332 ultro
1057 5277 1202 5347 apud
1238 5276 1512 5331 Romanos
1542 5280 1878 5348 manserant)
1904 5293 2034 5348 per—

464 5372 650 5424 culsus
678 5379 785 5438 est,
813 5384 992 5440 neque
1027 5369 1264 5439 amplius
1303 5369 1586 5423 decertare
1618 5383 1803 5434 ausus,
1837 5386 2032 5439 quam-

460 5463 702 5530 primqu
728 5476 917 5531 pacem
960 5461 1144 5516 facere
1192 5459 1456 5520 decrevit.
1494 5469 1574 5522 ut,
1604 5475 1666 5514 ea
1720 5475 1829 5514 non
1860 5461 2034 5530 impe-

462 5563 620 5616 trata,
645 5568 796 5607 mora
818 5555 1009 5608 saltem
1039 5555 1220 5622 aliqua
1248 5561 1302 5606 et
1333 5554 1565 5609 inducite
1601 5554 2028 5612 intercederent.

455 5644 742 5700 Masinissa
770 5645 960 5715 igitur,
984 5655 1046 5698 ut
1071 5646 1316 5714 populari
1347 5661 1447 5698 suo
1479 5647 1864 5716 intercessore,
1899 5665 2025 5702 cum

458 5732 712 5792 Scioione
746 5735 1069 5795 collocutus.
1093 5737 1227 5790 nihil
1278 5737 1611 5801 impetravit.
1661 5740 1796 5795 Nam
1841 5741 2029 5808 Scipio

2144 3255 2243 3308 οὐκ
2281 3255 2521 3326 ἠδυνήθη
2550 3257 2580 3308 ὁ
2611 3255 2806 3326 Νέρων
2844 3258 2924 3319 είς
2956 3255 3170 3326 Λιϐύην
3200 3257 3406 3322 ἐλθεῖν,
3453 3257 3554 3310 ὑπὸ
3601 3273 3703 3328 χει-

2146 3346 2320 3413 μῶνος
2345 3349 2403 3399 έν
2429 3347 2631 3419 Ἰταλίᾳ
2657 3347 2937 3418 χρονίσας,
2975 3351 3069 3402 καὶ
3093 3349 3152 3403 ἐν
3182 3349 3406 3420 Σαρδοῖ.
3431 3347 3562 3404 Εἶτα
3592 3349 3699 3401 οὐδὲ

2141 3440 2456 3508 περαιτέρω
2477 3441 2578 3510 τῆς
2609 3441 2861 3502 Σικελίας
2889 3439 3161 3511 ἐχώρησε,
3188 3446 3573 3514 κεκρατηκότα
3608 3457 3692 3512 μα-

2141 3529 2352 3584 Θὼντὸν
2382 3531 2681 3590 Σκιπίωνα.
2731 3536 2791 3589 '0
2821 3535 2926 3602 γὰρ
2965 3535 3209 3590 Σκιπίων
3239 3535 3428 3600 δείσας
3457 3535 3530 3606 μὴ
3568 3539 3701 3587 ἐπει·
3737 3585 3750 3596 ι

2139 3623 2286 3692 χοεῖς
2351 3625 2380 3677 ό
2436 3626 2633 3698 Νέρων
2683 3627 2793 3681 τῶν
2842 3627 3006 3682 αὑτοῦ
3068 3627 3246 3681 πόνων
3317 3627 3419 3699 τὴν
3466 3626 3701 3680 εὔκλειαν

2140 3717 2547 3787 σφετερίσηται,
2611 3718 2705 3772 τοῦ
2769 3719 2928 3790 ἔαρος
2989 3718 3425 3789 ἐπιλάμψαντος,
3471 3720 3562 3772 ἐπὶ
3619 3717 3705 3770 τὸν

2136 3808 2388 3863 Ἀννίϐαν
2417 3811 2686 3880 ἐχώρησε,
2737 3811 2923 3882 μαθὼν
2969 3814 3048 3866 ὅτι
3100 3813 3192 3866 τὸν
3235 3813 3579 3867 Μασινίσσαν
3611 3809 3701 3863 ἐνί⁶

2139 3918 2293 3969 κησε.
2350 3901 2504 3952 Καὶό
2529 3901 2779 3965 Ἀννίϐας
2801 3903 2876 3966 ὡς
2903 3902 3100 3972 ᾔσθετο
3125 3895 3432 3973 ¹προσιόντα
3459 3903 3549 3956 τὸν
3582 3903 3698 3954 Σκι-

2138 3995 2338 4052 πίωνα,
2372 3997 2795 4066 προαπήντησεν
2844 3997 3010 4068 αὐτῷ.
3049 3998 3156 4052 Καὶ
3192 3997 3699 4070 ἀντιστρατοπεδευ-

2139 4086 2363 4154 σᾶμενοι
2420 4087 2519 4139 οὐκ
2572 4089 2734 4151 εὐθὺς
2777 4091 2856 4150 εἰς
2929 4092 3118 4159 χεῖρας
3166 4086 3352 4162 ἦλθον.
3407 4090 3613 4161 Συχνὰς
3657 4087 3701 4141 δ’

2137 4177 2348 4245 ἡμέρας
2384 4177 2684 4248 διέτριψαν,
2730 4180 2823 4232 καὶ
2861 4180 3093 4244 ἕκαστος
3114 4180 3193 4252 τῷ
3219 4182 3408 4253 οἰκείῳ
3440 4180 3698 4252 διειλέχθη

2139 4270 2547 4338 στρατεύματι,
2585 4274 2678 4324 καὶ
2735 4271 2872 4341 πρὸς
2907 4273 3003 4344 τὴν
3039 4275 3219 4344 μάχην
3253 4274 3403 4346 αὐτῷ
3432 4274 3701 4346 παρεθάρ-

2137 4365 2318 4434 ρυνεν.
2377 4363 2464 4426 Ὠς
2493 4363 2548 4418 δ’
2571 4363 2715 4430 ἔδοξε
2753 4365 2832 4434 τῷ
2866 4365 3131 4420 Σκιπίωνι
3183 4365 3258 4438 μὴ
3288 4368 3582 4440 διατρίϐειν
3602 4367 3698 4434 ἐτι,

2141 4454 2279 4507 ἀλλὰ
2302 4455 2394 4508 καὶ
2425 4455 2627 4510 ἄκοντα
2655 4457 2750 4512 τὸν
2779 4456 3034 4512 Ἀννίϐαν
3075 4459 3156 4522 είς
3197 4458 3290 4513 τὸν
3318 4459 3509 4529 ἀγῶνα
3544 4476 3700 4532 προα-

2140 4547 2351 4612 γαγεῖν,
2386 4547 2478 4598 ἐπὶ
2507 4549 2606 4616 τὴν
2637 4547 2875 4618 Ούτικήν
2918 4547 3201 4618 ὥρμησεν,
3236 4548 3324 4603 ἵνα
3351 4549 3580 4604 δεδιέναι
3612 4551 3699 4604 καὶ

2138 4637 2362 4706 φεύγειν
2400 4637 2580 4705 δόξας,
2614 4641 2769 4712 σχοίη
2795 4641 2986 4713 καιρὸν
3014 4642 3332 4710 ἐπιθέσεως,
3385 4645 3414 4697 δ
3463 4648 3556 4698 καὶ
3589 4645 3701 4713 ἐγέ-

2136 4744 2277 4782 νετο.
2313 4728 2374 4782 '0
2419 4729 2528 4799 γὰρ
2557 4730 2805 4794 Ἀννίϐας
2825 4731 3046 4800 φεύγειν
3067 4733 3230 4786 αὐτὸν
3251 4735 3479 4805 οἰηθεὶς,
3507 4737 3598 4788 καὶ
3615 4737 3700 4787 ἐπὶ

2135 4821 2298 4876 πλέον
2337 4821 2588 4875 ἐντεῦθεν
2620 4823 2924 4894 θαρσήσας,
2959 4827 3218 4894 ἐπεδίωξε
3257 4833 3443 4899 μόνοις
3478 4833 3583 4890 τοῖς
3620 4832 3700 4880 i1-

2135 4914 2297 4968 πεῦσι
2325 4914 2467 4969 κατὰ
2499 4915 2692 4970 νώτου.
2730 4918 2841 4972 Καὶ
2865 4919 2894 4969 ό
2921 4919 3163 4972 Σκιπίων
3186 4921 3421 4992 ἀντέστη
3453 4939 3509 4974 τε
3528 4922 3700 4982 αὐτοῖς

2135 5007 2287 5078 παρὰ
2314 5007 2471 5073 δόξαν
2496 5010 2591 5062 καλ⁹
2609 5009 2903 5080 συμϐαλὼν
2933 5011 3173 5082 ἐνίκησε.
3201 5011 3415 5085 Τρέψας
3445 5015 3490 5068 δ’
3511 5015 3696 5076 αὐτοις

2135 5100 2235 5153 οὐκ
2263 5101 2358 5153 ἐπὶ
2379 5100 2440 5154 τὸ
2461 5101 2682 5155 διώκειν
2749 5105 2908 5172 σφᾶς,
2948 5103 3084 5158 ἀλλὰ
3126 5106 3218 5158 ἐπί
3273 5105 3341 5159 τὰ
3400 5106 3695 5175 σκευοφόρα

2136 5192 2316 5246 αὐτῶν
2348 5194 2469 5247 καθ’
2517 5193 2635 5247 ὁδὸν
2679 5191 3019 5265 τυγχάνοντα
3065 5195 3318 5268 ὥρμησε,
3365 5200 3463 5251 καὶ
3529 5200 3695 5252 πάντα

2136 5285 2422 5338 συνέλαϐε.
2462 5285 2644 5339 Ταῦτα
2661 5287 2752 5339 τὸν
2782 5287 3033 5340 Ἀννίϐαν
3070 5291 3324 5360 ἐτάραξε,
3368 5292 3465 5344 καὶ
3497 5291 3575 5342 ἔτι
3619 5292 3695 5342 ὅτι

2137 5377 2521 5441 κατασκόπους
2559 5379 2724 5432 αὐτοῦ
2767 5383 2915 5450 τρεῖς
2949 5384 3008 5434 ἐν
3033 5383 3108 5451 τῷ
3138 5385 3487 5453 στρατοπέδῳ
3515 5384 3542 5434 ό
3578 5383 3693 5435 Ex:-

2135 5471 2272 5522 πίων
2309 5469 2504 5538 εὑρὼν,
2537 5470 2692 5523 οὐδὲν
2721 5470 2891 5526 δεινὸν
2925 5473 3108 5534 αὐτοῖς
3141 5475 3465 5543 πεποίηκεν.
3499 5475 3693 5527 Μαθὼν

2133 5561 2243 5632 γὰρ
2278 5561 2409 5629 παρ’
2437 5561 2552 5624 ἐνὸς
2578 5563 2760 5616 αὐτῶν
2819 5566 2845 5617 ό
2903 5563 3153 5628 Ἀννίϐας
3198 5566 3257 5618 τὸ
3310 5572 3690 5637 πεπραγμένον

2133 5655 2202 5722 (οἱ
2249 5653 2358 5723 γὰρ
2419 5653 2530 5707 δύω
2595 5655 2746 5725 παρὰ
2819 5658 2932 5719 τοῖς
2970 5657 3258 5728 Ῥωμαίοις
3312 5663 3495 5728 μεῖναι
3570 5657 3691 5726 ἠθέ-

2132 5747 2327 5808 λησαν)
2389 5748 2743 5815 κατεπλάγη,
2843 5751 2933 5802 καὶ
3009 5748 3441 5806 διακινδυνεῦσαι
3516 5747 3690 5808 οὐκέτι
