4008 6250
491 331 605 388 ’163
1809 337 2074 399 ῘΟΑΝΝΙ

2172 340 2492 400 Ζονιιιιιε
2763 425 2768 428 _
2986 421 2990 428 _
3217 419 3220 422 _
3631 338 3721 404 ἰιι

492 441 571 494 ha
607 441 809 497 fartim)
843 452 902 498 ut
939 444 1084 500 inter
1110 459 1174 499 se
1226 443 1647 508 dissentientes,
1684 459 1812 500 eum
1869 463 1938 502 eo
1972 464 2075 518 pu-

2139 433 2504 521 ,νομίσαντες
2560 450 2784 504 ἕκαστοι
2813 449 2999 520 μόλοις
3040 449 3226 513 αὐτοῖς
3279 449 3604 520 γεγράφθαι,
3643 456 3722 507 καὶ

491 551 665 601 gnaro
698 538 816 592 ausi
857 555 967 593 non
999 539 1232 593 luerint.

2174 543 2309 613 μηδὲ
2352 541 2546 614 καιρὸν
2580 537 2838 605 λαϐόντες
2875 541 3093 611 βουλῆς,
3128 543 3422 596 κατέϐαλον
3455 544 3644 608 πάντες
3667 546 3725 600 τὰ

495 628 672 696 τείχη.
703 629 758 680 ’0
787 629 844 681 δὲ
883 631 1079 684 Κάτων
1101 631 1255 700 διέϐη
1295 630 1390 684 τὸν
1421 631 1642 704 Ἴϐηρα,
1669 633 1898 696 καὶτοῖς
1954 633 2300 706 Κελτίϐηρσι
2363 635 2719 706 συμμαχοῦσι
2766 635 2879 698 τοῖς
2949 635 3229 706 πολεμίοις
3263 635 3425 688 αὑτοῦ
3492 637 3575 690 διὰ
3604 639 3728 709 πλῆ-

498 721 588 781 θος
626 721 924 790 συμϐαλεῖν
954 725 1030 794 μὴ
1059 724 1363 795 θαρσήσας,
1400 729 1819 800 μετεχειρίσατο
1871 729 2197 803 θαυμασίως
2273 733 2493 797 αὐτοὺς,
2531 732 2663 786 ποτὲ
2729 731 2828 802 μὲν
2855 731 3206 801 μεταπείθων
3235 731 3369 799 πρὸς
3395 734 3550 786 αὑτὸν
3579 753 3728 806 μετα-

499 813 694 881 στῆναι
734 814 884 868 δόσει
937 817 1186 884 μείζονος
1231 818 1449 888 μισθοῦ.
1501 821 1632 874 ποτὲ
1680 821 1736 874 δὲ
1795 822 2081 893 παραινῶν
2121 824 2308 893 σφίσιν
2351 825 2676 878 ἐπανελθεῖν
2730 825 2937 894 οἶκαδε,
2991 823 3110 878 ἐστι
3161 827 3208 878 δ’
3269 827 3355 879 ὅτε
3427 828 3523 880 καὶ
3571 830 3731 902 μάχην

495 908 680 971 αὐτοῖς
707 909 763 970 ές
807 910 1026 979 ἡμέραν
1055 910 1410 978 ἐπαγγέλλων
1440 915 1633 984 ῥητήν.
1664 913 1762 966 Ἐκ
1799 915 1910 984 γὰρ
1963 913 2158 968 τούτου
2222 917 2557 971 ἐστασίασαν
2597 917 2734 986 πρὸς
2797 915 3083 986 ἀλλήλους,
3122 920 3217 972 καὶ
3242 919 3586 990 φοϐηθέντες,
3620 926 3733 978 οὐκ.

497 999 578 1052 έτι
612 999 761 1065 αὺτῷ
799 1000 1108 1072 πολεμῆσαι
1135 1003 1474 1075 ἐτόλμησαν.

574 1096 760 1151 XVIII.
788 1095 927 1151 Tum
946 1097 1252 1156 Flaminius
1272 1101 1448 1172 Argos
1472 1100 1830 1174 oppugnavit.
1850 1101 2085 1158 Romani

2263 1103 2373 1158 ΠΡ.
2399 1103 2534 1156 Τότε
2559 1101 2618 1156 δὲ
2651 1103 2743 1157 καὶ
2766 1101 3061 1173 Φλαμίνιος
3090 1104 3183 1158 ἐπὶ
3209 1103 3268 1158 τὸ
3315 1107 3518 1176 Ἀργος
3561 1108 3735 1180 έστρά.

499 1191 649 1246 enim
685 1191 956 1246 Nabidem
1003 1207 1185 1263 neque
1208 1193 1315 1248 sibi
1351 1195 1543 1263 ﬁdum,
1571 1205 1629 1251 et
1657 1195 1863 1252 Griecis
1893 1195 2082 1251 formi-

2194 1214 2377 1251 τευσε.
2414 1197 2519 1249 Τὸν
2547 1197 2655 1266 γὰρ
2687 1196 2863 1250 Νάϐιν
2886 1197 3013 1250 οὔτε
3047 1199 3233 1266 σφίσιν
3277 1199 3472 1253 πιστὸν
3527 1202 3616 1254 καὶ
3644 1206 3737 1266 τοῖς

503 1283 772 1350 dabilcm,
811 1284 1028 1339 hostem
1077 1285 1412 1356 judicarant.
1451 1287 1559 1343 Sed
1613 1304 1739 1343 eum
1775 1289 1824 1343 ei
1881 1287 2086 1343 auxilia

2193 1288 2422 1359 Ἕλλησι
2484 1290 2720 1360 φοϐερὸν
2779 1290 3017 1360 ὁρῶντες
3053 1293 3104 1345 οἱ
3162 1291 3450 1363 Ῥωμαῖοι,
3504 1293 3738 1364 πολέμιον

508 1393 539 1432 a
576 1376 832 1446 Philippo
861 1379 1030 1432 missa
1054 1389 1265 1444 essent,
1296 1378 1603 1434 Flaminius
1640 1381 1892 1452 Spartam
1924 1397 2091 1451 oppu-

2192 1382 2550 1450 ἐποιήσαντο.
2607 1382 3074 1452 Προσγενομένων
3123 1384 3180 1437 δὲ
3222 1385 3530 1455 συμμάχων
3573 1388 3631 1439 ἐκ
3662 1387 3740 1440 τοῦ

502 1478 789 1539 gnatnrus,
824 1469 1066 1541 Taygeto
1116 1481 1302 1526 monte
1337 1474 1473 1527 citra
1511 1475 1760 1528 laborem
1807 1485 2085 1546 superato,

2188 1471 2459 1525 Φιλίππου
2495 1472 2664 1541 αὐτῷ,
2703 1472 2798 1525 ἐπὶ
2825 1475 2925 1542 τὴν
2954 1475 3214 1545 Σπάρτην
3268 1475 3468 1546 ἤλασεν
3509 1477 3536 1528 6
3563 1479 3743 1547 Φλαμί-

503 1563 573 1616 ad
616 1563 794 1633 ipsam
841 1579 1019 1634 usque
1055 1565 1271 1628 urbem,
1307 1566 1638 1624 adversante
1669 1569 1914 1634 nemine,
1961 1584 2086 1639 per-

2189 1581 2326 1628 νιος,
2375 1565 2472 1618 καὶ
2535 1565 2757 1627 ἀπόνως
2806 1563 2874 1618 τὰ
2918 1564 3180 1633 Ταΰγετά
3231 1584 3290 1620 τε
3346 1567 3610 1639 ὑπερέϐη,
3663 1570 3745 1624 καὶ

502 1653 677 1707 venit.
705 1655 878 1710 Nabis
909 1659 1058 1710 enim
1087 1666 1142 1711 et
1165 1657 1442 1713 Romanos
1471 1669 1749 1725 metuens,
1780 1671 1835 1716 et
1866 1661 2085 1717 civibus

2194 1655 2334 1727 πρὸς
2371 1656 2472 1727 τὴν
2501 1656 2659 1710 πόλιν
2708 1657 2988 1726 προσῆλθε
3043 1659 3272 1729 μηδενὸς
3329 1662 3744 1730 ἐναντιουμένου.

504 1746 784 1814 dillldens,
819 1763 876 1803 se
910 1749 1031 1804 loco
1059 1759 1170 1814 n‘_0n
1203 1763 1476 1815 moverat,
1518 1761 1577 1806 ut
1607 1751 1687 1807 illi
1739 1766 1955 1809 mature
1994 1770 2087 1809 oc-

2204 1747 2265 1801 '0
2293 1748 2402 1820 γὰρ
2449 1747 2624 1810 Νάϐις
2659 1745 2784 1811 τούς
2822 1766 2883 1800 τε
2926 1746 3235 1819 Ῥωμαίους
3279 1747 3465 1813 δείσας
3501 1751 3590 1802 καὶ
3637 1751 3746 1813 τοὺς

503 1848 758 1895 curreret
800 1857 812 1893 :
842 1838 938 1894 sed
973 1854 1098 1894 cum
1123 1841 1236 1911 jam
1262 1858 1374 1911 prae
1403 1841 1618 1898 foribus
1642 1844 1882 1910 adesset,
1913 1861 2086 1915 erup-

2191 1839 2518 1911 ἐπιχωρίους
2553 1841 2923 1902 ὑποπτεύσας,
2946 1839 3046 1894 οὒκ
3072 1842 3298 1912 ἐκινήθη
3331 1841 3472 1895 ὥστε
3493 1859 3624 1912 προα
3638 1861 3745 1898 παν-

509 1933 720 1988 tionem
791 1933 944 1998 fecit,
978 1949 1045 1988 eo
1112 1942 1228 1988 tum
1287 1936 1358 1991 ob
1411 1937 1659 1994 laborem
1697 1939 1935 2002 itineris,
1974 1947 2090 1994 tum

2197 1932 2364 1998 τῆσαι
2395 1933 2472 2003 τῷ
2529 1933 2830 2004 Φλαμινίῳ.
2894 1933 3357 2003 Πλησιάσαντιδὲ
3409 1931 3744 2005 ἐπεξέδραμε,

505 2035 732 2094 propter
755 2027 1254 2082 castramet'ationis
1283 2029 1706 2098 occupationem
1737 2039 2086 2098 contempto,

2199 2027 2620 2096 καταφρονήσας
2645 2025 2734 2079 διά
2764 2045 2822 2080 τε
2852 2027 2943 2080 τὸν
2977 2025 3248 2095 κάματον,
3301 2027 3398 2079 τὸν
3433 2028 3496 2079 ὲκ
3532 2027 3622 2093 τῆς
3669 2043 3749 2078 πο-

507 2133 572 2173 ac
615 2117 915 2173 nonnullos
947 2119 1214 2177 turbavit.
1245 2119 1518 2176 Postridie
1549 2137 1935 2194 oppugnantes
1963 2138 2087 2177 cum

2200 2115 2355 2189 ρείας
2390 2117 2484 2170 καὶ
2510 2117 2592 2170 ὃτι
2618 2118 2747 2188 περὶ
2766 2118 2866 2186 τὴν
2900 2117 3371 2187 στρατοπέδευσιν
3398 2117 3743 2188 ἀπησχολητο.

506 2224 703 2278 magna
758 2209 915 2265 clade
960 2227 1188 2267 suorum
1267 2214 1519 2279 adortus,
1580 2216 1649 2270 de
1696 2226 1897 2269 caetero
1951 2213 2089 2268 intra

2199 2209 2291 2261 καί
2321 2225 2474 2271 τινας
2506 2208 2866 2280 συνετάραξε.
2899 2208 2978 2279 Τῇ
3008 2209 3054 2262 δ’
3077 2210 3345 2280 ὑστεραίᾳ.
3374 2210 3630 2278 ἐπεξῆλθε
3655 2213 3749 2271 τοῖς

506 2302 715 2356 ιιιωιιία
747 2318 806 2358 se
841 2303 1140 2360 continuit.
1176 2306 1486 2362 Flaminius
1523 2308 1693 2379 igitur
1728 2317 1886 2378 parte
1911 2308 2089 2378 cupia-

2199 2302 2618 2371 προσϐάλλουσι,
2653 2303 2747 2356 καὶ
2795 2299 3024 2364 πολλοὺς
3063 2301 3380 2368 ἀποϐαλὼν,
3417 2302 3594 2357 οὐκέτι
3617 2301 3751 2366 ἐπεξ-

508 2405 632 2444 rum
657 2391 731 2446 ibi
751 2393 962 2460 relicta,
988 2410 1056 2450 ne
1076 2395 1251 2451 hostis
1269 2395 1376 2450 alio
1397 2397 1596 2463 abiret,
1640 2398 1756 2468 ipse
1774 2413 1898 2453 eum
1924 2398 2091 2453 fratre

2201 2393 2355 2464 ἦλθε.
2423 2389 2760 2446 Καταλιπὼν
2821 2389 2915 2448 οὖν
2949 2395 3114 2464 μέρος
3171 2395 3265 2446 τοῦ
3318 2393 3551 2465 στρατοῦ
3595 2393 3752 2446 ὲκιῖὸ

509 2497 632 2548 suo,
661 2477 911 2551 Rhediis,
930 2488 1250 2546 ctEumene
1273 2492 1438 2546 Attali
1472 2493 1603 2558 lilio,
1650 2509 1813 2564 agros
1837 2493 2092 2548 vastavit.

2198 2485 2518 2556 Φλαμίνιος,
2553 2487 2700 2546 ὅπως
2765 2483 3022 2556 μηδαμοῦ
3089 2487 3371 2558 κινηθείη,
3424 2490 3534 2550 τοῖς
3571 2486 3753 2548 λοιποῖς

509 2572 730 2638 Quibus
786 2579 954 2635 rebus
1007 2581 1076 2635 ad
1113 2582 1558 2652 desperationem
1618 2585 1850 2641 adactus
1904 2584 2092 2650 Nabis,

2200 2579 2294 2631 hri.
2321 2578 2420 2648 τὴν
2439 2577 2626 2648 χώραν
2669 2581 2955 2649 ἐτράπετο·
2984 2578 3234 2643 κάκεῖνός
3264 2597 3324 2633 τε
3361 2579 3457 2632 καὶ
3489 2583 3516 2632 ό
3547 2579 3753 2648 ἁδελφὸς

512 2666 881 2726 caduceatore
944 2671 1014 2729 ad
1078 2675 1411 2732 Flaminium
1484 2677 1676 2744 misso,
1739 2696 1851 2734 non
1911 2682 2095 2734 statim

2202 2669 2392 2735 αὐτοῦ,
2428 2669 2520 2723 καὶ
2549 2672 2598 2722 oi
2635 2667 2854 2735 Ῥόδιοι,
2877 2671 2974 2724 καὶ
3017 2673 3045 2724 6
3084 2670 3180 2724 τοῦ
3213 2671 3478 2725 Ἀττάλου
3516 2674 3638 2735 παῖς
3667 2671 3755 2724 Εὑ-

513 2773 706 2829 pacem
747 2765 1082 2833 impetravit.
1110 2770 1245 2824 Nam
1284 2786 1406 2842 qua:
1459 2773 1810 2828 conditiones
1857 2772 1908 2828 ei
1958 2773 2096 2828 fere-

2205 2763 2374 2834 μὲνης
2429 2763 2699 2835 ἐπόρθουν
2742 2765 2932 2834 αὑτήν.
2995 2763 3294 2832 Ἀπογνοὺς
3330 2761 3426 2818 οὖν
3475 2764 3561 2816 διὰ
3609 2763 3755 2816 ταῦτα

516 2842 866 2922 Ιιιιιιιιιισ,ὀιιε
912 2875 1094 2930 neque
1128 2863 1444 2931 repudiare,
1497 2880 1678 2934 neque
1732 2866 2095 2920 multitudine

2203 2857 2228 2908 6
2287 2857 2462 2920 Νάϐις
2518 2857 2734 2927 κήρυκα
2775 2856 2852 2928 τῷ
2888 2858 3170 2929 Φλαμινίῳ
3227 2859 3376 2931 ὑπὲρ
3409 2861 3621 2930 εἰρήνης
3665 2859 3756 2910 ἀπ-

515 2945 857 3014 proltibente
906 2953 1160 3022 accipere
1216 2968 1386 3009 ausus
1415 2966 1514 3010 est.
1541 2955 1647 3010 Sed
1690 2973 1814 3010 cum
1866 2957 2098 3011 Romani

2205 2946 2438 3004 έστειλε.
2481 2950 2590 3002 Καὶ
2624 2950 2681 3012 6;
2715 2951 2838 3012 τοὺς
2879 2950 2976 3020 μὲν
3005 2951 3196 3019 λόγους
3229 2952 3400 3005 αὐτοῦ
3447 2955 3752 3022 προσήκατο,

515 3048 802 3106 urgerent,
837 3049 894 3096 et
935 3052 1104 3098 totam
1158 3059 1300 3115 pene
1353 3045 1606 3115 Spartam
1640 3048 1897 3117 (quadam
1949 3046 2098 3102 enim

2205 3042 2307 3096 οὐκ
2335 3041 2536 3096 αὐτίκα
2595 3041 2653 3094 δὲ
2703 3043 3072 3096 κατελύσατο.
3099 3044 3211 3106 Τὰς
3242 3046 3356 3114 γὰρ
3392 3043 3667 3114 ὁμολογίας
3702 3039 3756 3101 ἃς

513 3141 671 3199 parte
715 3135 915 3188 moenia
953 3151 1062 3190 non
1110 3137 1368 3208 habebat)
1407 3139 1687 3208 cepissent
1731 3157 1745 3192 :
1779 3137 1946 3210 449
1987 3156 2096 3194 non

2205 3133 2474 3206 ἀπῃτεῖτο
2514 3137 2541 3188 ὁ
2594 3135 2770 3199 Νάϐις
2834 3135 3190 3208 ποιήσασθαι,
3248 3135 3366 3189 οὔτ’
3416 3134 3757 3203 ἀπαγορεῦσαι

515 3221 728 3276 diutius
760 3234 1078 3290 cunctatus,
1137 3244 1272 3297 pace
1305 3243 1430 3283 cum
1480 3229 1753 3285 Flaminio
1806 3230 1972 3292 facta.
2042 3241 2098 3287 ct

2206 3227 2456 3300 ἐθάρρει,
2495 3225 2620 3280 οὔτε
2660 3229 2885 3299 ποιῆσαι
2928 3225 3466 3296 συγκατετίϐετο,’τὸ
3487 3229 3541 3281 δὲ
3584 3227 3757 3290 πλῆθος

516 3313 714 3383 legatis
745 3315 975 3371 Romam
1008 3320 1211 3385 missis,
1243 3322 1639 3377 reconciliatus
1667 3332 1774 3376 est.
1805 3322 1870 3376 At
1901 3323 2099 3379 Flami-

2203 3317 2486 3373 ἐκώλυσαν
2548 3321 2709 3373 αὐτον
2768 3321 3040 3390 συμϐῆναι
3099 3335 3115 3351 ⁸
3184 3321 3279 3373 καὶ
3347 3322 3468 3374 τότε
3533 3321 3626 3390 μὲν
3679 3319 3759 3369 οὐκ

517 3407 646 3464 nius
671 3417 784 3462 tum
805 3411 1066 3467 omnibus
1095 3412 1302 3484 Griecis
1331 3412 1646 3470 libertatem
1675 3413 1851 3485 dedit,
1893 3433 2100 3488 eosque

2204 3411 2515 3469 ἐσπείσατο.
2568 3413 2988 3484 Προσϐαλόντων
3021 3413 3077 3467 δὲ
3118 3413 3227 3466 τῶν
3284 3413 3570 3484 Ῥωμαίων
3598 3411 3749 3474 αὖθις.

519 3512 706 3571 postea
764 3513 1117 3570 convocatos,
1177 3507 1488 3574 beneliciis,
1540 3527 1662 3580 quae
1725 3513 2098 3583 accepissent,

2205 3507 2300 3559 καὶ
2335 3507 2433 3573 τὴν
2459 3505 2719 3574 Σπάρτην
2751 3506 2934 3573 ὀλίγου
2984 3509 3165 3558 πᾶσαν
3198 3507 3336 3570 (καὶ
3397 3511 3503 3577 γὰρ
3564 3507 3745 3572 ἀτείχι-

521 3596 994 3660 commemoratis,
1070 3601 1310 3674 monuit,
1343 3609 1403 3654 ut
1459 3600 1907 3658 benevolentiam
1971 3620 2103 3674 erga

2208 3613 2331 3660 στος
2362 3591 2429 3669 ἦν
2471 3600 2529 3651 ὲν
2580 3596 2782 3668 μέρει)
2815 3595 3067 3660 ἑλόντων,
3104 3598 3285 3652 οὐκέτ’
3340 3600 3591 3668 ἐπέσχεν,
3641 3595 3753 3650 ἀλλὰ

520 3687 786 3754 populum
851 3686 1164 3744 Romanum
1225 3703 1667 3749 conservarent:
1717 3705 1775 3750 et
1831 3695 2103 3766 prazsidiis

2207 3690 2348 3760 πρός
2398 3708 2456 3743 τε
2520 3690 2613 3743 τὸν
2683 3691 2977 3760 Φλαμίνιον
3039 3691 3269 3754 σπονδὰς
3323 3693 3637 3760 ἐποιήσατο,
3684 3687 3761 3737 καὶ

519 3777 777 3835 nnmihus
806 3780 1080 3849 deductis,
1115 3799 1239 3838 cum
1275 3793 1387 3840 toto
1431 3786 1678 3840 exercitu
1708 3787 1983 3842 discessit.
2026 3788 2102 3843 Eo

2214 3783 2359 3852 πρὸς
2391 3782 2491 3852 τὴν
2543 3781 2766 3852 Ῥώμην
2813 3783 3300 3854 πρεσϐευσάμενος
3353 3781 3676 3852 συνηλλάγη.
3713 3775 3762 3828 '0

523 3867 750 3926 Ruinam
796 3873 1066 3942 profecto,
1098 3873 1266 3933 Nabis
1299 3879 1457 3933 novis
1503 3879 1670 3935 rebus
1705 3881 1957 3935 studuit:
1997 3897 2106 3951 quo

2210 3875 2267 3929 δὲ
2308 3875 2601 3942 Φλαμίνιος
2634 3878 2755 3928 τότε
2787 3874 2885 3945 μὲν
2913 3876 3130 3936 πάντας
3172 3876 3298 3936 τοὺς
3343 3876 3606 3945 Ἕλληνας
3637 3873 3763 3926 ἕλευ·

527 3972 680 4016 n:otu
719 3971 832 4020 tota
883 3982 1024 4036 pene
1080 3964 1314 4036 Grascia,
1368 3971 1608 4042 impulsu
1664 3971 1978 4031 Aftolorum
2025 3982 2108 4027 est

2211 3965 2403 4037 Θέρους
2445 3967 2676 4034 ἀφῆκεν·
2720 3964 2948 4036 ὕστερον
2991 3965 3047 4018 δὲ
3075 3965 3423 4030 συγκαλέσας
3463 3965 3650 4025 αὐτοὺς
3686 3958 3765 4012 καὶ

525 4071 814 4122 concussa,
841 4073 1011 4129 seque
1035 4057 1182 4116 bello
1207 4063 1449 4133 gerendo
1475 4075 1762 4133 pararunt,
1803 4064 1867 4118 ad
1896 4065 2108 4134 Philip-

2212 4055 2534 4126 ὑπομνήσας
2581 4044 2656 4108 ὧν
2694 4055 3086 4124 εὐηργέτηντο,
3141 4053 3450 4125 παρῄνεσεν
3483 4053 3684 4105 εὔνοιαν
3708 4048 3763 4116 τῇ

525 4166 652 4221 pum
682 4159 736 4205 et
771 4151 1106 4207 Antiochum
1130 4153 1321 4225 legatis
1346 4155 1549 4218 missis,
1577 4157 1664 4211 cui
1691 4166 2108 4226 persuaserunt,

2227 4146 2413 4218 Ῥώμῃ
2447 4151 2656 4214 τηρεῖν,
2691 4148 2788 4198 καὶ
2817 4147 2914 4208 τὰς
2967 4147 3210 4217 φρουρὰς
3260 4147 3480 4208 ἁπάσας
3529 4145 3759 4211 ἐξήγαγε.

530 4254 587 4299 ιιι
617 4243 878 4299 Romanis
909 4243 1114 4300 bellum
1151 4245 1406 4314 inferret,
1440 4263 1539 4318 Spe
1564 4260 1621 4304 et
1648 4249 1824 4305 αι·ωοί
1855 4260 1910 4305 ct
1935 4250 2108 4305 Italici

2214 4243 2309 4294 καὶ
2343 4242 2529 4309 ἀπῆρε
2561 4238 2701 4310 μετὰ
2753 4240 2956 4302 παντὸς
2989 4239 3083 4291 τοῦ
3116 4238 3376 4306 στρατοῦ.
3422 4235 3757 4305 Ἀφικομένου

529 4339 680 4408 regni
726 4341 1029 4410 pr0posita.
1085 4340 1319 4396 Romani
1382 4343 1620 4399 turbatis
1680 4343 1865 4399 adhuc
1916 4345 2110 4407 rebus,

2215 4333 2260 4388 δ’
2307 4337 2364 4398 ές
2403 4333 2631 4404 Ῥώμην
2669 4325 2765 4386 τοῦ
2807 4333 3128 4402 Φλαμινίου,
3156 4333 3184 4384 6
3223 4331 3398 4395 Νάϐις
3451 4327 3761 4396 ἐνεωτέρισεν

530 4429 648 4482 sine
683 4429 788 4483 ulla
820 4446 916 4498 spe
945 4430 1205 4487 Antiochi
1257 4435 1578 4503 superandi,
1616 4436 1749 4490 satis
1771 4437 2108 4501 habuerunt,

2216 4429 2326 4482 κάκ
2357 4427 2551 4480 τούτου
2601 4426 2694 4477 καὶ
2720 4425 2780 4478 τὸ
2825 4425 3140 4492 Ἑλληνικὸν
3179 4425 3328 4479 ἅπαν
3362 4424 3435 4486 ὡς
3471 4425 3640 4475 εἰπεῖν
3661 4423 3764 4470 ἑτα-

532 4520 578 4574 si
633 4535 732 4574 sna
780 4523 921 4577 tueri
971 4534 1217 4592 possent.
1249 4526 1385 4581 Nam
1431 4527 1738 4584 Antiochus
1788 4529 2111 4585 domestiris

2186 4558 2188 4576 .
2221 4518 2420 4591 ράχθη,
2453 4517 2562 4573 τῶν
2594 4515 2851 4570 Αἰτωλῶν
2894 4519 3032 4586 σφᾶς
3063 4515 3396 4585 ἐναγόντων.
3447 4507 3769 4584 Παρεσκευά..

533 4611 742 4666 viribus
769 4613 1001 4667 multum
1029 4625 1193 4683 posse
1216 4616 1539 4685 putabatur,
1567 4632 1692 4672 cum
1721 4626 1947 4687 propter
1977 4616 2108 4681 alia,

2219 4613 2378 4678 ζοντό
2407 4629 2465 4664 τε
2499 4605 2575 4676 ὦς
2615 4611 3048 4682 πολεμήσοντες,
3096 4609 3193 4662 καὶ
3223 4607 3363 4679 πρὸς
3411 4607 3503 4659 τὸν
3529 4605 3767 4658 Φίλιππον

536 4715 656 4756 ιυιιι
707 4701 854 4773 quod
906 4702 1140 4760 Mediam
1192 4706 1538 4779 subegisset:
1587 4708 1682 4764 sed
1712 4709 1887 4764 multo
1939 4710 2115 4778 major

2219 4707 2313 4759 καὶ
2350 4706 2444 4761 τὶν
2485 4703 2756 4776 Ἀντίοχον
2782 4704 3198 4775 ἐπρεσϐεύοντο,
3239 4702 3333 4756 καὶ
3380 4701 3604 4755 ἔπεισαν
3631 4692 3767 4748 αὐτὸν

532 4795 713 4850 lactus
730 4804 864 4861 erat,
891 4793 1154 4853 alﬁnitate
1174 4799 1455 4855 Ptolemaei
1473 4799 1718 4873 Egypti,
1739 4802 2115 4856 ctAriarathis

2220 4802 2676 4870 ὲκπολεμωῦἧναι
2729 4799 3050 4867 Ῥωμαίοις,
3111 4798 3188 4862 ὼς
3240 4798 3466 4864 καὶτῆς
3519 4788 3766 4848 Ἑλλάδος.

534 4888 893 4959 Cappadociae
920 4907 1139 4962 regum.
1173 4893 1512 4948 Antiochum
1539 4893 1730 4964 igitur,
1757 4895 1824 4948 de
1849 4909 1961 4964 quo
1988 4895 2112 4949 talis

2220 4895 2318 4963 τῆς
2363 4893 2594 4956 Ἰταλίας
2643 4909 2704 4945 τε
2756 4887 3170 4960 βασιλεύσοντα.
3226 4890 3351 4952 Τοῖς
3380 4889 3438 4942 δὲ
3501 4878 3766 4952 Ῥωμαίοις

534 4991 685 5044 esset
706 4984 915 5054 opinio,
939 4983 1068 5039 belli
1088 4983 1382 5056 Philippici
1407 4993 1652 5055 tempore
1675 4985 1991 5052 coluerunt,
2018 5001 2117 5056 per

2221 4986 2329 5040 τῶν
2357 4985 2700 5058 πραγμάτων
2737 4982 3189 5054 τεταραγμένων,
3240 4983 3363 5053 οὐχὶ
3411 4972 3765 5052 περιγενέσθαι

537 5074 746 5148 legatos
780 5075 959 5130 amice
1006 5091 1130 5131 cum
1180 5091 1246 5131 eo
1276 5084 1525 5146 agentes,
1572 5085 1628 5132 et
1662 5092 1889 5132 munera
1937 5077 2118 5132 missi-

2223 5076 2318 5131 τοῦ
2362 5076 2638 5144 Ἀντιόχου
2673 5075 2827 5138 ἐλπὶς
2859 5072 2952 5146 ἦν,
2985 5075 3102 5128 ἀλλ’
3145 5076 3377 5144 ἠγάπων
3403 5077 3457 5128 εί
3483 5091 3543 5142 γε
3579 5069 3645 5125 τὰ
3665 5071 3769 5122 ἑαυ-

539 5178 738 5226 tantcs.
797 5167 906 5225 Sed
985 5168 1282 5224 Macedone
1335 5167 1506 5232 vieto.
1561 5185 1728 5240 quem
1791 5169 2006 5238 pridem
2053 5169 2122 5222 tio

2223 5169 2335 5222 τῶν
2358 5167 2747 5223 διασώσαιντο.
2791 5168 2852 5221 Ὀ
2889 5168 2999 5238 γὰρ
3044 5168 3320 5239 Ἀντίοχος
3362 5168 3537 5239 μέγας
3571 5166 3663 5232 μὲν
3689 5157 3767 5212 καὶ

539 5271 810 5326 inperant,
870 5270 1344 5332 contempserunt.
1403 5260 1473 5318 At
1541 5263 1635 5318 ille
1706 5263 1763 5316 in
1826 5261 2118 5316 Thraciam

2227 5262 2322 5314 ἐπὶ
2365 5264 2431 5331 τῇ
2485 5259 2664 5330 οἰκείᾳ
2699 5259 2935 5329 δυνάμει
2977 5259 3175 5322 ἐδόκει.
3209 5261 3280 5314 δι’
3315 5259 3446 5314 ἄλλα
3483 5276 3541 5311 τε
3583 5255 3672 5309 καὶ
3699 5253 3765 5305 ὅτι

545 5355 760 5426 trajecit
793 5375 809 5410 :
841 5363 898 5410 et
936 5364 1137 5426 praeter
1171 5354 1282 5410 alia
1327 5353 1380 5409 vi
1427 5353 1676 5422 subacta,
1715 5353 2120 5426 Lysimachiam

2224 5357 2324 5424 τὴν
2375 5353 2590 5424 Μηδίαν
2638 5353 3067 5424 κατεστρέψατο.
3132 5353 3320 5424 Πολλῷ
3357 5352 3400 5405 δ’
3447 5351 3529 5405 ἔτι
3593 5347 3766 5419 μείζων

547 5445 850 5504 desolatam
885 5447 1238 5516 instauravit,
1293 5463 1401 5519 qua
1428 5447 1495 5502 ad
1523 5448 1653 5503 belli
1711 5446 1942 5517 gerendi
1976 5461 2127 5500 com—

2227 5446 2468 5512 ἐγένετο,
2512 5447 2594 5500 ὅτι
2628 5445 2721 5500 τὸν
2746 5445 3081 5515 Πτολεμαῖον
3112 5445 3204 5499 τὸν
3242 5449 3341 5516 τῆς
3375 5446 3646 5512 Αἰγύπτου
3688 5437 3765 5506 βα⁴

547 5537 868 5592 moditatem
904 5548 1180 5604 uteretur,
1213 5556 1244 5595 a
1282 5541 1540 5612 Philippo
1571 5551 1627 5598 et
1685 5541 1897 5596 Nabide
1929 5556 2123 5596 accer-

2231 5537 2407 5599 σιλέα,
2445 5539 2542 5593 καὶ
2583 5537 2676 5592 τὸν
2737 5537 3079 5609 Ἀριαράθην
3125 5537 3222 5590 τὸν
3257 5539 3355 5608 τῆς
3399 5528 3766 5590 Καππαδοκίας

458 5688 462 5692 ,
545 5631 707 5685 situs.
733 5630 967 5686 Annibal
997 5647 1219 5704 quoque
1244 5647 1429 5689 coram
1463 5635 1522 5688 in
1557 5649 1654 5704 spe
1693 5650 1819 5688 eum
1852 5649 2041 5688 erexer

2231 5630 2501 5702 κτίδεστὴν
2530 5629 2940 5700 προσετὲοειτο.
2983 5629 3238 5684 Τοιοῦτον
3271 5631 3361 5684 τὸν
3404 5627 3661 5694 Ἀντίοχον
3698 5633 3768 5673 νο·

547 5721 665 5776 Iorc
691 5733 749 5776 ut
782 5721 1193 5794 Carthaginem,
1230 5733 1396 5794 atque
1429 5725 1558 5787 inde
1604 5726 1658 5781 in
1712 5726 1920 5780 Italiam
1975 5726 2129 5778 navi-

2235 5725 2529 5795 μιζὸμενον
2588 5726 2639 5777 οἱ
2704 5723 2994 5793 Ῥωμαῖοι,
3055 5724 3219 5795 μέχρι
3279 5723 3375 5793 μὲν
3425 5720 3501 5786 τῷ
3548 5714 3767 5775 φιλεππφ

551 5830 704 5884 satis,
743 5814 882 5871 Ionii
901 5814 1057 5872 sinus
1090 5817 1347 5887 gentibus
1374 5818 1636 5886 subactis,
1676 5820 1904 5875 Ruinam
1949 5816 2116 5887 ipsum

2235 5817 2573 5901 ἐπολέμουν,
2613 5816 2974 5889 ἐθεράπευον,
3031 5814 3224 5892 φιλίως
3270 5831 3329 5868 τε
3360 5811 3448 5864 διὰ
3513 5803 3768 5876 πρέσϐεων
