4008 6250
275 321 389 383 76.)
1473 325 1476 328 ’
1545 319 1858 382 ANNALII

1993 319 2144 383 LIB.
2183 301 2296 382 ix.
3431 324 3543 388 ιτο

271 432 441 489 εἷλον.
477 433 589 488 Καὶ
618 435 647 487 6
680 435 782 506 μὲν
811 435 869 499 ἐς
901 436 1002 506 τὴν
1033 434 1282 492 Χαλκίδα
1309 436 1472 500 εὐθὺς
1501 437 1854 506 ἀπεχώρησε.

1962 435 2271 500 obsidente,
2300 432 2524 488 Glabrio
2567 433 2809 489 adventu
2877 448 2980 490 suo
3033 443 3088 490 et
3129 434 3420 494 victoriam
3485 441 3545 494 ιιι

272 527 476 584 Μαθὼν
507 528 564 581 δὲ
593 527 686 580 τὸν
714 527 922 581 ὕπατον
954 527 1252 599 προσιόντα
1281 531 1339 593 ἐς
1366 530 1464 601 τὴν
1501 529 1689 583 Ἀσίαν
1719 530 1848 583 ἀνε-

1960 527 2246 581 mauubias
2277 526 2588 596 intercepit.
2635 527 2828 580 CiClCl‘i
2857 526 3046 592 lEtoli,
3082 544 3208 584 cum
3277 529 3543 587 Romanis

271 619 511 691 κομίσθη
561 619 766 674 λαθών.
822 620 933 674 Καὶ
999 620 1100 692 τὴν
1142 622 1243 690 μὲν
1301 621 1566 677 Βοιωτίαν
1617 623 1711 676 καὶ
1747 619 1848 690 τὴν

1956 617 2242 673 conciliari
2267 619 2489 686 vellent,
2523 619 2756 688 pecunia
2788 636 2888 690 per
2927 619 3136 690 legatos
3166 621 3235 675 ab
3268 623 3539 678 Antiocho

270 712 507 767 Εὔϐοιαν
553 713 582 767 6
626 712 908 783 Γλαϐρίων
948 714 1148 767 αὐτίκα
1174 713 1430 785 κατέσχε.
1471 714 1550 785 Τῇ
1585 713 1642 767 δὲ
1683 714 1848 784 Ἠρα-

1956 722 2202 781 accepta,
2237 711 2523 782 repudiata
2577 726 2712 782 pace
2766 713 2914 766 bello
2963 728 3022 767 se
3064 725 3362 783 pararunt;
3405 717 3539 770 Plii-

268 807 450 878 κλείᾳ,
482 807 558 877 μὴ
591 805 967 878 βουληθέντων
996 805 1147 875 αὑτῷ
1177 807 1572 879 προσχωρῆσαι
1616 806 1727 860 τῶν
1746 807 1845 860 Ai—

1951 805 2101 874 lippo
2125 804 2498 858 Romanorum
2521 804 2818 859 amicitiam
2842 805 3156 871 simulante,
3193 822 3317 860 cum
3342 809 3534 864 Antio-

267 897 481 961 τω).ῶν,
510 897 820 968 προσϐολὰς
844 901 1083 953 ἐποιεῖτο
1100 914 1115 930 ⁶
1144 901 1238 953 καὶ
1265 899 1368 969 τὴν
1389 899 1490 970 μὲν
1518 901 1672 952 κάτω
1695 899 1850 952 πόλιν

1952 894 2055 949 cbo
2093 895 2235 949 clam
2269 895 2542 950 studeret.
2590 896 2807 950 Interea
2855 895 3153 951 Glabrione
3194 897 3535 966 Naupactum

266 991 557 1060 πολιορκίᾳ
589 987 728 1055 εἷλε,
755 993 882 1054 τοὺς
904 991 949 1044 δ’
979 993 1039 1055 ἐς
1065 990 1166 1062 τὴν
1192 991 1494 1063 ἀκρόπολιν
1539 989 1849 1062 ἀναφυγόν-

1953 983 2200 1039 ᾹΞιοΙίοαξ
2229 983 2462 1039 ditionis
2500 983 2813 1047 obsidente,
2841 985 3146 1040 Flaminius
3173 987 3388 1042 civibus
3411 1004 3536 1042 cum

265 1096 365 1142 τας
399 1081 662 1152 ὁμολογίᾳ
692 1081 1098 1152 παρεστήσατο.
1145 1080 1236 1136 Ἐν
1264 1082 1322 1135 δέ
1342 1084 1457 1146 τοῖς
1480 1081 1601 1135 τότε
1633 1081 1848 1152 ζωγρη-

1954 1078 2156 1149 quibus
2179 1078 2230 1134 ei
2266 1077 2464 1132 notitia
2492 1088 2634 1142 erat,
2676 1079 2966 1149 persuasit,
2998 1089 3058 1133 ut
3089 1095 3277 1148 pacem
3331 1082 3537 1150 ample-

267 1171 408 1224 θεῖσι
461 1174 558 1226 καὶ
596 1173 939 1245 Δημόκριτος
973 1177 1002 1230 6
1057 1175 1369 1247 στρατηγὸς
1423 1175 1537 1230 τῶν
1590 1173 1849 1230 Αἰτωλῶν

1951 1177 2259 1224 cterentur.
2289 1170 2478 1239 Itaque
2502 1179 2559 1224 et
2581 1171 2634 1224 hi
2671 1180 2727 1225 et
2779 1170 3018 1240 Epirota:
3051 1171 3259 1238 legatos
3305 1173 3533 1228 llotnatn

273 1263 512 1330 ἐγένετο.
537 1264 595 1328 ὃς
619 1265 697 1335 τῷ
729 1267 1012 1338 Φλαμινίῳ
1033 1269 1166 1322 ποτὲ
1200 1267 1302 1338 τὴν
1327 1267 1650 1339 συμμαχίαν
1676 1267 1850 1338 ἠρνή-

1955 1262 2242 1318 miserunt.
2278 1263 2569 1333 Philippus
2596 1278 2798 1318 corona
2838 1264 3156 1333 triumphali
3204 1265 3325 1319 .Iovi
3374 1265 3538 1334 Capi-

271 1371 424 1421 σατο,
481 1359 578 1410 καὶ
626 1357 885 1430 ψήφισμα
941 1362 1156 1414 ἐκείνου
1212 1361 1537 1431 αἰτήσαντος
1568 1359 1636 1414 ἶν’
1667 1363 1724 1424 ἐς
1748 1360 1848 1432 τὴν

1955 1355 2124 1410 tolino
2151 1354 2373 1420 donata,
2402 1363 2603 1424 printer
2650 1354 2758 1409 alia
2815 1371 3044 1409 munera
3092 1356 3262 1409 filium
3316 1372 3538 1425 (ιιιοςιιο

278 1443 500 1516 Ῥώμην
538 1445 753 1517 πέμψῃ.
783 1448 1016 1516 Θὰῤῥει,
1045 1447 1172 1519 ἔφη,
1203 1447 1319 1520 ἐγὼ
1339 1448 1452 1520 γὰρ
1477 1450 1640 1517 αὐτῷ
1664 1450 1849 1522 κομιῶ

1954 1447 2279 1502 Demetrium
2309 1446 2559 1500 obsidem
2583 1446 2637 1499 in
2667 1446 2806 1499 urbe
2835 1457 3086 1514 agentem
3112 1447 3343 1516 ωσι-[ῆι.
3383 1446 3537 1500 [Elo-

257 1537 411 1604 μετά
455 1538 564 1593 τοῦ
609 1540 873 1608 στρατοῦ
919 1541 1020 1594 καὶ
1071 1541 1236 1611 παρὰ
1263 1542 1346 1609 τῷ
1406 1543 1653 1613 Τιϐέριδι
1699 1544 1840 1612 ὑμῖν

1951 1539 2010 1598 lis
2041 1538 2168 1594 ideo
2195 1553 2293 1608 pax
2319 1537 2445 1593 data
2476 1552 2587 1592 non
2614 1547 2717 1602 est,
2760 1539 2906 1609 quod
2935 1540 3083 1594 nulla
3145 1555 3202 1592 re
3254 1539 3534 1593 deteriore

257 1626 708 1700 ἀναγνώσομαι.
733 1630 836 1683 Τοῦ
863 1631 1134 1686 Φιλίππου
1166 1634 1224 1688 δὲ
1254 1633 1354 1706 τὴν
1383 1634 1602 1705 Λάμιαν
1632 1635 1840 1706 πολιορ-

1166 1634 1224 1688 δέ
1254 1633 1354 1706 τὴν
1383 1634 1602 1705 Λάμιαν
1632 1635 1852 1706 πολιορ-
1937 1632 2267 1689 conditione
2305 1647 2429 1686 esse
2467 1632 2748 1686 volebant.

260 1720 486 1787 κοῦντος
511 1724 746 1796 ἐπῆλθεν
782 1725 870 1778 ἐπ’
916 1726 1087 1799 αὐτὴν
1127 1728 1158 1780 6
1185 1728 1492 1800 Γλαϐρίων,
1544 1731 1640 1784 καὶ
1667 1731 1768 1802 τήν
1819 1747 1882 1784 τε
1919 1731 2080 1801 νίκην
2111 1729 2207 1783 καὶ
2229 1727 2329 1799 τὴν
2397 1727 2550 1781 λείαν
2585 1727 3001 1798 ἐσφετερίσατο.
3058 1727 3179 1780 Τῶν
3216 1727 3404 1798 μέντοι
3437 1726 3534 1779 ΑΞ-

258 1812 450 1868 τωλῶν
501 1817 555 1870 οί
599 1813 780 1870 λοιποὶ
835 1817 1236 1888 συναλλαγῆναι
1273 1819 1372 1888 μὲν
1403 1819 1700 1890 ήθέλησαν,
1767 1820 1872 1874 οὐκ
1913 1819 2242 1874 ἐσπείσαντο
2294 1817 2352 1870 δὲ
2404 1816 2500 1870 τοῦ
2547 1817 2822 1888 Ἀντιόχου
2884 1817 3143 1888 πρέσϐεις
3217 1818 3402 1880 αὐτοῖς
3439 1819 3536 1873 καὶ

259 1906 522 1977 χρήματα
558 1907 911 1979 πέμψαντος·
1003 1910 1138 1965 ἀλλὰ
1191 1911 1327 1982 πρὸς
1411 1913 1652 1983 πόλεμον
1717 1912 2101 1982 ἡτοιμάζοντο.
2163 1912 2276 1966 Καὶ
2347 1912 2376 1964 6
2425 1911 2691 1970 Φίλιππος
2751 1909 3077 1978 ὑπεκρίνετο
3111 1909 3213 1977 μὲν
3258 1909 3358 1978 τὴν
3397 1908 3536 1979 πρὸς

257 1997 388 2062 τοὺς
420 1999 726 2070 Ῥωμαίους
752 2001 957 2072 φιλίαν,
987 2003 1054 2056 τα
1077 2003 1135 2056 δέ
1157 2003 1251 2056 τοῦ
1278 2003 1559 2074 Ἀντιόχου
1593 2004 1832 2076 ἐφρόνει.
1889 2005 1980 2059 Ἑν
2049 2006 2231 2072 τούτῳ
2289 2003 2346 2056 δὲ
2385 2003 2722 2056 Ναύπακτον
2750 2001 2778 2051 6
2810 2001 3091 2072 Γλαϐρίων
3125 2003 3234 2054 τῶν
3277 2001 3535 2055 Αἰτωλῶν

255 2090 428 2148 οὖσαν
481 2095 812 2166 ἐπολιόρκει,
867 2095 959 2160 οὓς
1025 2096 1195 2150 ἐλθὼν
1241 2099 1268 2152 6
1324 2098 1617 2169 Φλαμίνιος
1687 2100 1877 2155 ἔπεισε
1916 2100 2269 2164 σπείσασθαι,
2337 2098 2630 2169 γνωρίμως
2683 2097 2868 2162 αὐτοῖς
2898 2097 3058 2169 ἔχων.
3104 2099 3214 2151 Kal.
3269 2100 3535 2176 πρέσϐεις

255 2185 339 2247 είς
376 2187 476 2257 τὴν
508 2187 728 2259 Ῥώμην
759 2188 958 2243 ἐκεῖνοί
986 2207 1046 2241 τε
1077 2191 1172 2243 καὶ
1191 2191 1240 2243 oi
1272 2188 1609 2260 Ἠπειρῶται
1643 2193 1976 2250 ἐστάλκασι’
2051 2195 2148 2248 καὶ
2214 2195 2242 2248 6
2295 2193 2562 2256 Φίλιππος
2612 2195 2877 2262 στέφανον
2925 2194 3242 2262 νικητήριον
3306 2196 3380 2262 τῷ
3447 2191 3534 2246 Διὶ

253 2273 335 2344 τῷ
365 2276 700 2348 Καπιτωλίῳ
733 2279 981 2348 πέμψας,
1005 2277 1140 2332 ἄλλα
1191 2298 1248 2334 τε
1275 2280 1591 2353 ἀπειλήφει
1627 2283 1724 2336 καὶ
1755 2284 1849 2336 τὸν
1891 2283 2005 2337 υίδν
2069 2283 2384 2355 Δημήτριον
2438 2284 2500 2337 ἐν
2541 2281 2729 2355 Ῥώμῃ
2797 2285 3162 2355 ὁμηρεύοντα.
3215 2285 3338 2348 Τοῖς
3365 2284 3410 2337 δ’
3443 2287 3536 2339 Δί-

252 2370 449 2437 τωλοῖς
470 2373 693 2427 σπονδαὶ
718 2375 818 2428 οὐκ
846 2376 1117 2443 ἐγένοντο,
1148 2378 1212 2430 οὐ
1243 2376 1355 2450 γὰρ
1381 2377 1759 2449 ἐλαττωθῆναι
1783 2397 1835 2434 τι
1875 2377 2259 2444 κατεδέξαντο.

331 2467 416 2520 K'.
457 2466 584 2520 Ἐπὶ
619 2467 675 2521 δέ
707 2470 802 2522 τὸν
836 2471 1112 2542 Ἀντίοχον
1147 2475 1196 2525 οἱ
1242 2473 1512 2545 Ῥωμαῖοι
1549 2477 1674 2539 τοὺς
1709 2475 1839 2528 Σκιο
1869 2487 1910 2542 Β

2011 2475 2129 2530 XX.
2170 2475 2376 2530 Contra
2393 2475 2727 2531 Antiochum
2757 2477 2990 2531 Romani
3037 2476 3348 2546 Scipiones,
3384 2477 3537 2533 Afri-

253 2560 468 2623 πίωνας
494 2559 713 2626 ἔταξαν,
743 2563 835 2615 τόν
865 2580 924 2616 τε
983 2564 1314 2635 Ἀφρικανὸν
1356 2566 1453 2620 καὶ
1481 2567 1572 2620 τὸν
1608 2567 1836 2635 ἀδελφὸν

1948 2584 2142 2624 canum
2169 2578 2226 2624 et
2253 2569 2480 2624 fratrem
2501 2570 2870 2640 ejusLuciutn
2888 2573 3188 2636 miserunt;
3214 2574 3306 2641 qui
3334 2570 3531 2626 Aitolis

253 2650 427 2706 αὐτοῦ
450 2651 700 2709 Λούκιον.
735 2654 799 2708 Οἳ
829 2657 942 2718 τοῖς
975 2657 1076 2726 μὲν
1105 2658 1366 2722 Αἰτωλοῖς
1393 2659 1594 2730 ἀνοχὴν
1627 2659 1836 2714 ἔδωσαν

1943 2660 2194 2716 inducias
2215 2661 2510 2726 dederunt,
2536 2662 2666 2716 dum
2699 2663 2926 2716 [lernam
2950 2663 3157 2732 legatos
3185 2663 3526 2732 pacificatum

256 2742 328 2796 ἶν’
349 2744 408 2806 ἐς
433 2743 534 2815 τὴν
573 2743 793 2816 Ῥώμην
823 2742 981 2811 αὖθις
1011 2747 1155 2820 ὑπὲρ
1183 2749 1280 2819 τῆς
1305 2751 1532 2820 εἰρήνης
1561 2749 1835 2822 πρεσϐεύ-

1940 2753 2251 2808 mitterent.
2282 2753 2350 2806 Et
2377 2753 2505 2822 quia
2541 2765 2733 2809 contra
2766 2753 3102 2808 Antiochum
3126 2755 3523 2824 properabant,

255 2851 484 2890 σωνται.
544 2835 868 2905 Ἦπείγοντο
921 2837 968 2891 δ’
1009 2841 1105 2892 ἐπὶ
1134 2841 1226 2893 τὸν
1253 2841 1561 2910 Ἀντίοχον·
1595 2842 1689 2895 καὶ
1742 2841 1836 2894 ἐπὶ

1944 2843 1993 2896 in
2020 2841 2396 2898 Macedoniam
2455 2845 2713 2914 profecti,
2770 2848 3122 2915 acceptisque
3181 2863 3210 2900 a
3273 2848 3527 2917 Philippo

254 2928 598 2982 Μακεδονίαν
629 2928 897 2996 ἐλθόντες,
932 2932 1254 3002 συμμάχους
1288 2951 1345 2987 τε
1369 2932 1626 2996 λαϐόντες
1653 2935 1716 2986 ἐκ
1740 2931 1835 2986 τοῦ

1948 2937 2180 2999 attxiliis,
2214 2953 2312 3006 per
2344 2937 2760 3005 Hellespontum
2800 2937 2855 2991 in
2897 2937 3088 2992 Asiam
3129 2939 3365 3008 trajtcti,
3417 2957 3531 2993 tua-

250 3019 547 3085 Φιλίππου,
576 3022 668 3074 ἐπὶ⁵
688 3022 780 3074 τὸν
814 3023 1211 3094 Ἑλλήσποντον
1246 3025 1476 3097 ἤλασαν.
1509 3027 1619 3078 Καὶ
1649 3027 1704 3089 ἐς
1735 3028 1833 3096 τὴν

1942 3030 2139 3082 xitnant
2168 3044 2278 3082 ora:
2307 3029 2596 3082 maritima:
2627 3039 2838 3098 partem
2871 3045 2900 3083 a
2935 3031 3219 3094 Romanis,
3249 3031 3342 3100 qui
3371 3032 3525 3099 prius

250 3113 448 3166 Ἀσίαν
483 3113 910 3184 περαιωθέντες,
942 3118 1010 3170 τὰ
1059 3118 1293 3173 πλεῖστα
1333 3119 1442 3172 τῶν
1483 3118 1833 3190 παραθαλασ-

1942 3134 2002 3175 eo
2033 3130 2320 3184 venerant,
2351 3131 2517 3189 atque
2545 3121 2615 3174 ab
2644 3120 2889 3175 Eumene
2914 3129 2971 3175 et
3011 3121 3259 3184 Rhodiis,
3313 3137 3525 3191 ιιι-λευρ-

253 3205 390 3258 σίων
435 3205 738 3260 κατέλαϐον
789 3209 1323 3281 προκατειλημμένα
1374 3213 1528 3282 παρὰ
1577 3212 1684 3265 τῶν
1717 3213 1836 3264 ἐκεῖ

1943 3222 2134 3281 stipata
2162 3211 2522 3278 invenerunt;
2556 3229 2584 3264 a
2609 3214 2811 3282 quibus
2838 3213 3005 3267 etiam
3064 3213 3296 3267 Annibal
3355 3229 3526 3269 naves

254 3296 710 3365 προαπελθόντων
768 3297 1084 3370 Ῥωμαίων.
1146 3302 1368 3371 Πρὸςδέ
1415 3303 1628 3357 καὶτοῦ
1659 3304 1835 3374 Εὐμε-

1942 3305 2146 3374 aliquot
2175 3305 2516 3360 ePhwuicia
2543 3305 2950 3374 ducens,juxla
3003 3303 3384 3375 Pamphyliam
3440 3307 3525 3359 vi-

250 3389 401 3454 νοῦς,
458 3391 552 3444 καὶ
608 3391 714 3446 τῶν
757 3389 998 3455 Ῥοδίων,
1054 3394 1103 3446 οἳ
1135 3395 1232 3447 καὶ
1277 3396 1368 3447 τὸν
1398 3395 1653 3449 Ἀννίϐαν
1701 3397 1833 3457 ναῦς

1940 3404 2058 3449 etus
2086 3395 2286 3449 fuerat.
2341 3396 2589 3450 Eumene
2641 3411 2810 3465 porro
2849 3404 2906 3450 et
2955 3396 3139 3450 Attalo
3190 3399 3364 3451 lratre
3402 3397 3523 3466 ejus

248 3499 407 3544 τινας
441 3483 503 3535 ἐκ
525 3485 779 3554 Φοινίκης
799 3486 1003 3554 ἄγοντα
1033 3487 1158 3556 περὶ
1191 3486 1520 3557 Παμφυλίαν
1549 3489 1829 3558 ἐνίκησαν.

1937 3488 2205 3542 Antiochi
2239 3503 2468 3558 regnum
2506 3489 2871 3554 vastantibus,
2903 3489 3072 3544 urbes
3102 3491 3300 3559 partim
3350 3489 3520 3552 ultro,

251 3575 367 3628 Καὶ
390 3575 716 3646 Εὑμενὴςδὲ
755 3581 847 3632 καὶ
886 3579 1147 3643 ’Ἄτταλος
1181 3581 1210 3632 ὁ
1255 3579 1487 3647 ἁδελφὸς
1530 3581 1694 3635 αὑτοῦ
1733 3582 1831 3652 τὴν

1939 3581 2132 3649 partim
2160 3591 2361 3636 coacta:
2389 3581 2455 3636 ad
2509 3582 2790 3635 Romanos
2821 3570 3167 3636 defecerunt.
3209 3580 3364 3638 Unde
3425 3596 3522 3635 ne-

250 3669 444 3738 χώραν
476 3670 710 3722 ἐκάκουν
750 3669 843 3723 τοῦ
889 3671 1201 3742 Ἀντιόχουο
1259 3673 1352 3724 καὶ
1385 3671 1595 3737 πόλεις,
1627 3675 1683 3725 αἱ
1730 3675 1830 3744 μὲν

1938 3673 2162 3727 eessitas
2192 3671 2470 3727 Antiocho
2509 3673 2765 3742 imposita
2801 3680 2887 3726 est
2923 3672 3142 3742 Europa
3175 3685 3402 3741 prorsus
3427 3685 3521 3724 cx-

251 3761 346 3830 βία
369 3760 488 3815 αίδ⁸
515 3761 786 3828 ἐκούσιαι,
818 3766 909 3831 πρ“
928 3781 954 3827 ς
987 3765 1113 3826 τοὺς
1148 3764 1456 3834 Ῥωμαίους
1483 3766 1828 3834 μεθίσταντο,

1937 3765 2190 3831 cedendi,
2247 3775 2304 3820 et
2355 3764 2574 3820 Seleuci
2622 3765 2719 3820 filii
2783 3765 3130 3835 Lysimachia
3179 3763 3520 3820 revocandi:

249 3853 395 3906 ὥστε
446 3857 508 3906 ἐκ
553 3857 757 3908 τούτων
813 3858 1226 3928 ἀναγκασθῆναι
1271 3859 1363 3910 τὸν
1407 3858 1679 3929 Ἀντίοχον
1732 3860 1830 3928 τὴν

1940 3873 2098 3926 quem
2150 3872 2407 3913 reversus
2449 3873 2575 3912 cum
2631 3857 2830 3927 copiis,
2875 3858 3197 3923 Pergamum
3242 3856 3408 3911 misit.
3449 3855 3523 3922 οι

251 3942 523 4013 Εὐρώπην
554 3962 612 3999 τε
645 3947 922 4010 παντελῶς
956 3947 1222 4013 ἐκλιπεῖν,
1251 3949 1342 4002 καὶ
1375 3949 1465 4003 τον
1496 3952 1610 4002 υἱὸν
1642 3951 1832 4004 Σέλευ-

1937 3959 2116 4003 autent
2144 3949 2362 4004 obsidio
2401 3949 2582 4004 inanis
2609 3959 2752 4015 erat,
2803 3959 2862 4003 et
2916 3948 3104 4017 Scipio
3159 3945 3520 4008 adventabat,

248 4053 345 4089 κον
371 4037 480 4090 ἀπὸ
510 4040 608 4108 τῆς
633 4041 978 4110 Λυσιμαχίας
1013 4043 1328 4110 ἀπαγαγεῖν
1352 4060 1365 4073 ·
1391 4042 1448 4096 ὃν
1467 4045 1830 4098 ἐπανελθόντα

1936 4041 2116 4096 statim
2144 4041 2513 4098 caduceatore
2552 4042 2722 4098 misso
2768 4056 2921 4113 spem
2967 4041 3118 4111 pacis
3161 4039 3519 4110 impetrandae

248 4131 350 4184 σὺν
404 4131 636 4203 δυνάμει
693 4135 783 4187 ἐπὶ
841 4134 940 4206 τὴν
997 4137 1290 4206 Πέργαμον
1349 4136 1617 4208 ἔπεμψεν.
1659 4139 1745 4202 Ὠς
1772 4139 1828 4192 δὲ

1936 4134 2324 4204 habuit,quod
2350 4133 2595 4188 Africani
2639 4135 2811 4189 filium
2868 4143 3089 4204 captum
3146 4131 3519 4186 llOllOflﬁCClh

247 4220 656 4292 προσεδρεύσας
683 4226 746 4296 τῇ
790 4225 942 4278 πόλει
971 4226 1124 4279 οὐδὲν
1168 4228 1428 4296 ἐπέρανε,
1474 4232 1568 4284 καὶ
1618 4230 1667 4283 οἱ
1697 4231 1828 4283 Σκιο

1934 4225 2142 4280 tissime
2225 4233 2518 4291 tractaret;
2599 4239 2764 4293 quem
2811 4223 3028 4279 tandem
3105 4221 3359 4291 quamvis
3419 4236 3517 4288 spe

248 4311 454 4374 πίωνες
521 4314 795 4388 ἐπῆλθον,
844 4317 1007 4382 εὐθὺς
1067 4319 1249 4382 αὐτοῖς
1318 4321 1826 4392 ἐπεκηρυκεύσατο,

1930 4332 2029 4372 sua
2064 4317 2382 4382 frustratus,
2446 4315 2620 4387 gratis
2670 4315 2903 4371 dimisit.
2955 4313 3264 4380 Quominus
3325 4321 3513 4367 autem

247 4399 630 4471 προσδοκήσας
675 4403 958 4468 τεύξεσθαι
990 4407 1086 4475 τῆς
1113 4409 1360 4479 εἰρήνης,
1391 4411 1475 4464 ὅτι
1521 4410 1612 4464 τὸν
1633 4411 1827 4482 Ἀρρι-

1932 4409 2093 4482 453
2132 4425 2235 4479 pax
2266 4409 2442 4472 lieret,
2477 4410 2532 4463 in
2582 4423 2744 4465 causa
2782 4407 2939 4464 fuere
2973 4407 3318 4462 conditiones
3378 4422 3515 4475 quas

248 4489 416 4543 κανοῦ
450 4491 566 4545 υίδν
607 4493 908 4562 συλλαϐὼν,
950 4498 1009 4550 ἐν
1041 4498 1310 4572 θεραπείᾳ
1337 4497 1452 4571 εἶχε
1488 4503 1681 4574 πολλῇ,
1733 4507 1828 4560 καὶ

1934 4503 2162 4558 ίὶοιιιοηὶ
2201 4503 2444 4557 tulerant
2509 4517 2618 4558 non
2674 4510 2934 4572 acceptae.
2979 4501 3116 4556 Cum
3179 4501 3247 4554 ad
3299 4511 3517 4569 tempus

247 4582 426 4646 τέλος,
465 4585 673 4656 καίπερ
722 4588 831 4641 τῶν
859 4589 1105 4644 σπονδῶν
1131 4592 1420 4664 ἁμαρτὼν,
1449 4595 1580 4649 ἄνευ
1613 4597 1826 4668 λύτρων

1931 4595 2290 4664 quievisseut,
2324 4595 2560 4664 repetito
2587 4594 2757 4659 bello,
2808 4595 2922 4649 haec
2954 4609 3152 4664 pugnae
3209 4595 3352 4646 ratio
3389 4594 3513 4649 fuit.

247 4672 463 4744 ἀφῆκεν
495 4677 680 4730 αὐτόν.
715 4679 832 4734 Οὐκ
855 4682 1072 4748 ἐγένετο
1094 4683 1153 4736 δέ
1184 4685 1218 4756 ὴ
1249 4686 1466 4759 είρήνη,
1496 4687 1587 4741 τοῦ
1616 4688 1826 4743 Ἀντιὸο

1931 4688 2240 4744 Antiochus
2267 4686 2449 4758 primo
2482 4687 2628 4754 loco,
2675 4701 2874 4744 currus
2918 4686 3214 4756 disposuit,
3268 4687 3514 4742 secundo

244 4780 343 4834 χου
371 4765 409 4820 ἃ.
440 4766 490 4820 oi
523 4765 787 4840 Ῥωμαῖοι
809 4772 1076 4843 ἀπῄτουν,
1110 4777 1187 4846 μὴ
1214 4775 1545 4848 συνθεμένου
1576 4781 1821 4850 ποιῆσαι.

1928 4782 2273 4850 elephantos,
2297 4779 2846 4836 deindefunditores
2899 4790 2960 4836 et
2992 4779 3332 4851 sagittarios.
3369 4779 3511 4835 Cur-

244 4853 396 4920 Τίως
427 4861 616 4929 μέντοι
642 4862 736 4915 ἐπὶ
769 4865 905 4917 πολὺ
932 4866 1239 4937 ἡσύχασαν,
1273 4863 1392 4922 εἶτα
1414 4871 1509 4924 καὶ
1545 4871 1822 4943 ἐπολέμη-

1930 4889 2090 4928 ruum
2133 4875 2399 4944 impetum
2432 4874 2662 4930 Romani
2703 4875 2922 4946 priores
2963 4874 3295 4932 excursione
3346 4872 3509 4933 facta,

246 4964 365 5005 σαν.
409 4950 468 5004 '0
501 4950 560 5004 δὲ
598 4951 748 5021 ἀγὼν
783 4953 959 5020 οὕτως
988 4959 1228 5027 ἐγένετο.
1261 4959 1464 5030 Πρῶτα
1485 4963 1552 5016 τὰ
1578 4963 1822 5034 ἅρματα,

1930 4980 2236 5036 magnoque
2268 4967 2508 5024 clamore
2533 4967 2752 5023 sublato
2779 4967 2836 5023 in
2865 4982 2963 5022 eos
2988 4967 3127 5022 illati
3158 4963 3508 5028 retuderunt,

243 5037 364 5094 εἶτα
414 5043 543 5107 τοὺς
601 5046 908 5116 ἐλέφαντας
957 5051 986 5102 6
1017 5051 1294 5122 Ἀντίοχος
1324 5053 1506 5119 ἔταξε,
1558 5058 1652 5109 καὶ
1683 5059 1825 5126 μετα

1931 5067 1989 5111 ιιι
2011 5058 2684 5128 pleriqueinclephantos
2730 5075 2924 5114 rursus
2975 5057 3251 5120 conversi,
3299 5055 3508 5109 aruit-o-

244 5132 421 5188 ταῦτα
449 5137 574 5200 τοὺς
609 5139 972 5212 σφενδονήτας
1006 5145 1102 5197 καὶ
1131 5147 1260 5207 τοὺς
1293 5146 1535 5212 τοξότας.
1570 5149 1681 5218 Τὴν
1721 5150 1820 5219 μὲν

1930 5165 2049 5203 rum
2075 5152 2248 5205 aciem
2278 5150 2586 5218 turbarent,
2609 5165 2815 5208 cumet
2841 5151 2944 5222 ipsi
2973 5160 3181 5206 temere
3206 5150 3502 5212 ferrentur,

245 5226 340 5281 οὖν
369 5229 644 5303 ἐκδρομὴν
677 5234 786 5288 τῶν
805 5235 1069 5307 ἁρμάτων
1102 5238 1584 5308 προεκδραμόντες
1606 5241 1654 5293 οἱ
1689 5239 1817 5293 Ῥω.

1925 5252 1982 5296 et
2038 5243 2449 5298 commilitones
2520 5247 2758 5305 territos
2809 5244 3166 5313 dissipareut.
3223 5241 3503 5311 Sagittarii

246 5324 400 5392 μαῖοι
442 5326 536 5377 καὶ
570 5326 711 5396 μετά
745 5329 999 5399 κραυγῆς
1035 5331 1186 5398 σφίσι
1216 5332 1415 5400 πολλῆς
1448 5333 1820 5402 ἀντιμέτωποι

1927 5353 2078 5398 vero,
2105 5348 2162 5390 et
2186 5337 2516 5401 funditores,
2551 5353 2748 5408 magno
2788 5338 2966 5392 imbre
3025 5345 3155 5391 sunt
3205 5333 3503 5390 debilitati.

241 5415 652 5486 προσπεσόντες
694 5419 989 5490 ἀνέκοψαν,
1049 5421 1192 5476 ὥστε
1235 5424 1303 5477 τὰ
1356 5425 1528 5479 πολλὰ
1558 5427 1739 5481 αὐτῶν
1763 5430 1820 5490 ἐς

1924 5428 2005 5482 Ad
2043 5429 2181 5492 haec,
2208 5445 2404 5500 magna
2442 5439 2500 5484 et
2525 5430 2694 5486 densa
2740 5429 2944 5483 nebula
2972 5425 3252 5482 Romanos
3299 5426 3506 5496 quippe

197 5543 200 5545 μ
235 5511 366 5569 τοὺς
396 5507 696 5577 ἐλέφαντας
721 5515 1043 5585 τραπόμενα
1075 5518 1240 5571 πάλιν
1265 5517 1322 5570 τὸ
1356 5519 1557 5571 οἰκεῖον
1591 5521 1780 5574 συνετά

1926 5523 2184 5588 victores,
2207 5533 2263 5577 et
2289 5525 2541 5578 cominus
2581 5524 2710 5578 totis
2743 5521 2954 5576 viribus
3005 5530 3314 5592 pugnantes
3362 5519 3503 5575 nihil

239 5590 412 5669 ραξαν
436 5615 451 5629 ⁶
486 5602 641 5655 αὐτοί
671 5619 728 5656 τε
760 5603 869 5676 γὰρ
903 5607 1217 5661 ἐπλανῶντο
1249 5609 1343 5662 καὶ
1378 5611 1506 5674 τοὺς
1558 5612 1815 5666 ἐπιτετα-

1924 5615 2212 5685 impediit;
2249 5615 2343 5669 sed
2396 5615 2744 5669 adversarios
2795 5614 3042 5680 territos,
3103 5627 3160 5668 ct
3203 5613 3504 5684 sagittariis

236 5693 483 5761 γμένονς
513 5697 697 5762 σφίσιν
753 5699 1159 5770 ἐκφοϐήσαντες
1189 5703 1541 5759 διεσκέδασαν
1575 5719 1590 5735 ⁶
1625 5705 1721 5776 τὴν
1761 5706 1816 5760 δὲ

1921 5717 2084 5777 atque
2113 5709 2362 5778 equitatu
2385 5710 2618 5762 maxime
2638 5708 2897 5773 nitentes,
2923 5709 3181 5779 adempto
3205 5715 3500 5779 prospectu

233 5785 452 5851 τοξείαν
483 5787 577 5840 καὶ
602 5788 700 5860 τὴν
726 5792 1077 5863 σφενδόνησιν
1104 5795 1311 5868 ὄμϐρος
1342 5797 1511 5862 πολὺς
1564 5798 1816 5869 ἐπιγενόο

1922 5801 1990 5858 ad
2018 5801 2306 5872 dirigenda
2348 5802 2473 5874 tela,
2513 5801 2657 5858 inter
2679 5817 2800 5860 sese
2839 5811 2897 5859 ut
2943 5805 2998 5861 iu
3055 5805 3301 5862 tenebris
3341 5801 3505 5858 ober-
