4008 6250
465 330 575 393 775
1768 322 2043 384 JOANN]

2147 322 2467 383 ΖΟΝΑΒίΕ
3617 319 3718 382 ’Πϐ

460 441 714 498 Ἀννίϐαν
745 440 929 511 ἐπιδοίη
959 438 1091 512 παρ’
1129 435 1283 509 αὑτῷ
1334 435 1490 496 ὄντα.
1537 433 1840 506 προμαθὼν
1885 433 2032 487 τοῦτ’
2072 437 2282 498 ἐκεῖνος
2351 435 2450 488 καὶ
2512 434 2798 506 διαδράναι
2824 432 2901 506 μὴ
2925 427 3036 500 οἶός
3083 451 3142 488 τε
3164 431 3243 488 ὢν
3288 418 3484 489 ἐαυτζν
3514 433 3725 503 διεχρή-

463 551 614 588 σατο.
653 533 920 604 Χρησμοῦ
950 532 1009 585 δέ
1034 548 1166 586 ποτε
1192 529 1342 601 αὖτῷ
1367 528 1685 599 γενομένου,
1721 528 1781 580 ἐν
1824 529 1896 598 γῇ
1937 526 2187 600 Λιϐύσσῃ
2247 526 2636 598 τεθνήξεσθαιο
2705 528 2736 581 δ
2803 528 2904 595 μὲν
2938 529 2998 581 ἐν
3061 528 3130 598 τῇ
3164 527 3385 597 πατρίδι
3429 528 3500 598 τῇ
3553 525 3728 596 Λιϐύῃ

461 624 764 698 προσεδόκα
800 627 1000 688 θανεῖν,
1046 622 1203 693 ἔτυχε
1233 623 1290 676 δέ
1349 621 1600 692 θνήσκων
1625 620 1684 672 ἐν
1716 619 1903 690 χωρίῳ
1963 618 2073 673 τινὶ
2106 621 2394 691 τυγχάνων
2429 619 2756 692 καλουμένῳ
2789 619 3057 694 Λιϐύσσῃ.
3126 621 3236 674 Καὶ
3263 621 3292 674 ὁ
3313 619 3641 691 Ἀφρικανὸς
3672 621 3729 676 δὲ

465 714 709 766 Σκιπίων
737 714 858 766 τότε
895 709 1222 782 μετήλλαξε.

535 803 699 858 XXII.
735 802 1026 872 Philippus
1049 801 1410 857 Macedonum
1441 817 1534 858 rex
1558 841 1575 867 ,
1608 801 1723 856 filio
1769 801 2043 858 Demetrio

2223 799 2354 857 KB'.
2386 801 2655 868 Φίλιππος
2701 803 2758 856 δέ
2787 804 2815 856 ὁ
2843 801 3171 857 Μακεδόνων
3200 802 3456 872 βασιλεὺς
3483 804 3578 859 τὸν
3617 807 3730 862 υίίρν

459 895 667 961 occiso,
700 893 960 948 Perseum
993 908 1211 963 quoque
1234 895 1546 960 occisurus,
1571 893 1731 948 obiit.
1759 892 1893 947 Nam
1915 907 2039 946 eum

461 973 775 1044 Demetrius
822 985 895 1041 ob
946 986 1319 1040 Romanorum
1369 985 1690 1050 amicitiam,
1746 983 2042 1053 exterique

461 1079 795 1134 Macedones
825 1093 979 1147 spem
1017 1077 1404 1146 concepissent
1456 1077 1611 1148 regni
1644 1084 1770 1147 post
1801 1072 2040 1144 Philippi

460 1173 674 1226 obitum
711 1158 1038 1224 obtinendi:
1076 1168 1313 1223 Perseus
1357 1176 1417 1221 ut
1443 1178 1572 1221 natu
1611 1167 1784 1237 major
1813 1166 1862 1220 ei
1898 1163 2041 1218 invi-

459 1263 564 1324 dit,
590 1269 648 1314 et
677 1269 738 1313 ut
767 1259 906 1328 patri
935 1257 1291 1312 insidiantem
1319 1256 1690 1310 calumniatus
1720 1264 1826 1308 est.
1852 1253 2040 1321 itaque

459 1365 734 1406 venenum
773 1347 964 1402 bibere
999 1356 1260 1409 coactus,
1295 1346 1482 1416 periit.
1520 1343 1809 1414 Philippus
1854 1353 2039 1397 autem

459 1457 572 1494 non
616 1439 789 1493 multo
832 1445 954 1507 post
994 1435 1160 1507 456
1204 1435 1435 1491 veritate
1474 1435 1731 1506 cognita,
1779 1435 2039 1487 Perseum

464 1531 652 1584 ulcisci
683 1528 876 1582 volens
897 1567 910 1591 ,
940 1537 1118 1581 morte
1152 1527 1529 1596 interceptus,
1574 1538 1806 1595 regnum
1836 1523 2038 1577 Perseo

461 1625 546 1677 vel
575 1623 781 1677 invitus
805 1621 1030 1690 reliquit
1060 1639 1072 1676 :
1098 1620 1246 1690 quod
1271 1619 1323 1674 ei
1356 1619 1612 1682 Romani,
1647 1628 1874 1688 paterna
1896 1615 2034 1670 ami-

461 1715 589 1768 citia
633 1721 916 1776 renovata,
945 1712 1368 1766 conlirmarunt.
1399 1710 1669 1765 lnsecutis
1699 1707 2039 1780 temporibus

461 1807 711 1860 accidere
753 1806 1041 1876 quaedam,
1089 1803 1390 1872 scriptione
1433 1818 1628 1872 parum
1693 1802 1877 1870 digna.
1931 1798 2037 1854 Sed

462 1909 582 1969 post
616 1899 854 1954 Perseus
883 1898 1260 1953 Romanorum
1293 1895 1603 1950 inimicitiis
1630 1895 1938 1964 susceptis,
1981 1902 2040 1947 ut

465 1991 608 2045 bello
646 2006 878 2056 moram,
905 1990 1035 2044 dum
1065 2004 1122 2044 se
1157 1997 1398 2059 pararet,
1427 1988 1801 2060 produceret:
1833 1988 2039 2059 legatos

461 2085 690 2138 Romam
732 2082 918 2148 misit,
971 2081 1189 2152 objecta
1233 2080 1339 2136 sibi
1379 2081 1614 2135 crimina
1658 2088 2035 2150 purgaturus,

2150 893 2469 964 Δημήτριον
2495 893 2828 956 ἀποκτείνας
2849 893 2948 947 καὶ
2977 893 3070 947 τὸν
3100 893 3293 965 ἔτερον
3326 896 3442 948 υίὺν
3463 897 3556 949 τὸν
3588 899 3730 966 Περι-

2151 986 2248 1038 σέα
2281 984 2557 1056 μελλήσας
2581 986 2886 1054 φονεύσειν,
2906 985 3202 1041 ἀπέθανεν.
3235 986 3392 1040 Ἐπεὶ
3425 988 3534 1059 γὰρ
3556 1007 3732 1060 προσ-

2149 1073 2311 1146 φιλὴς
2341 1079 2457 1138 τοῖς
2491 1074 2789 1144 Ῥωμαίοις
2819 1076 2883 1128 ἐκ
2913 1076 3012 1144 τῆς
3036 1076 3304 1146 ὁμηρείας
3327 1078 3546 1144 ἐγένετο
3573 1082 3601 1132 δ
3621 1085 3730 1150 Δη-

2151 1169 2402 1239 μήτριος,
2431 1166 2529 1223 καὶ
2560 1168 2723 1230 αὐτός
2753 1186 2813 1220 τε
2843 1169 2935 1221 καὶ
2965 1170 3015 1220 οί
3049 1167 3230 1221 λοιποὶ
3259 1170 3368 1222 τῶν
3399 1171 3730 1226 Μακεδόνων

2147 1259 2377 1330 ἤλπιζον
2399 1261 2481 1315 ὅτι
2515 1261 2655 1330 μετὰ.
2677 1260 2769 1315 τὸν
2802 1261 3072 1314 Φίλιππον
3105 1261 3203 1334 τὴν
3247 1261 3529 1332 βασιλείαν
3559 1263 3697 1334 λήψε
3719 1294 3730 1303 -

2146 1370 2260 1416 ται,
2286 1353 2585 1424 ἐφθόνησεν
2607 1353 2800 1422 αὐτῷδ
2822 1355 3066 1425 Περσεὺς
3091 1355 3184 1408 ἆτε
3218 1355 3312 1408 καὶ
3357 1357 3732 1429 πρεσϐύτερος

2148 1447 2312 1500 αὐτοῦ
2345 1446 2444 1510 ὢν,
2477 1448 2570 1500 καὶ
2599 1447 2846 1502 διέϐαλεν
2875 1447 3042 1502 αὐτὸν
3070 1448 3144 1512 ὡς
3191 1449 3620 1504 ἐπιϐουλεύοντα
3653 1451 3730 1521 τῷ

2150 1539 2342 1609 πατρί.
2375 1540 2486 1594 Καὶ
2519 1541 2548 1592 ὁ
2580 1539 2678 1608 μὲν
2702 1540 2995 1611 φάρμακον
3032 1542 3179 1592 πιεῖν
3212 1541 3583 1609 ἀναγκασθεὶς
3614 1542 3732 1594 ἐτε-

2096 1652 2104 1658 ·
2148 1628 2431 1702 λερτησεν.
2480 1630 2538 1683 Ὀ
2565 1630 2623 1684 δὲ
2655 1630 2919 1695 Φίλιππος
2944 1631 3004 1684 οὐ
3045 1630 3225 1700 πολλῷ
3257 1632 3484 1702 ὕστερον
3517 1634 3579 1684 τὸ
3598 1633 3733 1700 ἀλη-

2147 1697 2236 1785 et}
2267 1697 2428 1789 γνοὺς
2461 1721 2778 1791 ἀμύνασθαι
2804 1721 2896 1776 τὸν
2919 1723 3133 1793 Περσέα
3161 1697 3423 1792 ἠθέλησεν
3444 1740 3458 1753 ⁸
3497 1725 3562 1777 οὐ
3599 1697 3730 1793 μέν.

2147 1831 2228 1866 τοι
2272 1813 2368 1867 καὶ
2423 1814 2669 1884 ἴσχυσεν,
2705 1813 2823 1868 ἀλλ’
2876 1815 3040 1878 αὐτός
3073 1833 3133 1867 τε
3190 1816 3453 1881 ἀπέθανε,
3505 1821 3600 1870 καὶ
3630 1819 3730 1888 τὴν

2147 1906 2428 1976 βασιλείαν
2471 1907 2498 1959 ὁ
2559 1907 2801 1976 Περσεὺς
2858 1908 3150 1974 διεδέξατο.
3199 1909 3310 1960 Καὶ
3357 1910 3406 1961 oi
3461 1909 3728 1978 Ῥωμαῖοι

2145 1997 2349 2066 ταύτην
2378 2015 2438 2050 τε
2474 1997 2623 2068 αὐτῷ
2651 1998 3013 2066 ἐϐεϐαίωσαν,
3072 2000 3167 2052 καὶ
3214 1999 3315 2070 τὴν
3345 2001 3611 2071 πατρῴαν
3636 2019 3729 2069 τρι-

2145 2088 2266 2141 λίαν
2294 2091 2688 2144 ἀνενεώσαντο.
2729 2089 2818 2143 Ἐν
2868 2089 2926 2145 δέ
2968 2093 3080 2154 τοῖς
3109 2091 3253 2160 μετὰ
3306 2093 3481 2145 ταῦτα
3513 2091 3729 2162 χρόνοις

458 2174 692 2229 scilicet.
721 2170 935 2237 Quibus
966 2169 1202 2225 Romani
1248 2169 1306 2223 in
1349 2168 1544 2222 urbem
1578 2180 1688 2220 non
1738 2164 1995 2220 admissis
2023 2202 2037 2227 ,

2147 2181 2556 2253 συνηνέχθησαν
2613 2184 2716 2253 μέν
2766 2201 2912 2248 τινα,
2945 2183 3008 2237 οὗ
3063 2185 3248 2254 μέντοι
3307 2187 3403 2240 καὶ
3454 2189 3728 2254 ἀναγκαῖα

457 2275 652 2320 senatu
694 2263 830 2318 foris
867 2264 1029 2328 dato,
1079 2262 1219 2317 nihil
1256 2259 1666 2332 responderunt
1698 2258 1880 2322 aliud,
1933 2257 2040 2311 nisi

463 2358 752 2413 consulem
788 2371 847 2412 se
889 2357 1158 2411 missuros
1196 2369 1350 2416 esse,
1392 2366 1519 2408 eum
1560 2366 1673 2421 quo
1701 2358 1890 2420 ageret
1923 2363 2045 2417 (μιιο

459 2450 659 2504 vellet:
687 2448 996 2518 eodemque
1019 2447 1112 2503 die
1136 2446 1262 2501 illos
1283 2444 1439 2500 abire
1460 2445 1767 2514 jusserunt,
1796 2439 2045 2495 ductori-

460 2543 564 2598 bus
598 2542 877 2613 adjunctis
897 2580 912 2603 ,
940 2558 1010 2596 ne
1039 2555 1168 2596 cum
1212 2553 1437 2609 quoque
1465 2537 1949 2607 colloquerentur,
1980 2547 2044 2586 ac

459 2636 661 2691 l’crseo
725 2634 879 2689 aditu
925 2633 1098 2687 Italiae
1147 2631 1204 2686 in
1260 2639 1544 2700 posterum
1605 2625 2040 2681 interdixcrunt.

460 2727 670 2783 Deinde
710 2726 811 2781 Cn.
851 2725 1120 2781 Sicinium
1163 2734 1456 2793 praatorem
1489 2733 1615 2774 cum
1659 2717 1842 2788 parvis
1869 2713 2044 2785 cepiis

459 2821 826 2891 ablegarunt,
875 2816 1181 2888 majoribus
1227 2814 1473 2868 nondum
1527 2811 1754 2882 paratis.
1810 2809 2046 2864 Perseus

462 2913 806 2968 Thessaliam
841 2912 1143 2982 ingressus,
1186 2909 1482 2964 maximam
1517 2907 1638 2976 ejus
1679 2913 1896 2974 partem
1937 2901 2042 2956 sibi

459 3006 734 3076 adjunxit.
769 3003 1102 3058 lmminente
1133 3017 1263 3057 vere
1299 2999 1550 3055 Licinius
1579 2997 1812 3054 Crassus
1851 3006 2045 3051 contra

460 3086 588 3151 eum
618 3097 822 3151 missus
854 3103 958 3159 est,
989 3104 1044 3150 et
1083 3094 1244 3149 classi
1276 3093 1571 3164 praefectus
1618 3090 1684 3146 C.
1730 3089 2042 3144 Lucretius.

459 3192 536 3244 Ac
567 3190 746 3259 primo
771 3187 1020 3258 equestri
1052 3186 1310 3240 conﬂictu
1340 3185 1567 3254 impegit
1597 3200 1611 3236 :
1638 3181 1845 3237 deinde
1872 3181 2048 3235 victo-

463 3282 546 3334 ria
573 3283 802 3350 potitus,
835 3295 902 3334 eo
933 3279 1144 3348 redegit
1175 3278 1460 3340 Perseum,
1494 3283 1556 3329 ut
1580 3275 1636 3328 in
1668 3273 2044 3330 Macedoniam

465 3371 777 3425 recederet.
826 3367 1008 3424 Urbes
1061 3376 1246 3421 autem
1290 3365 1508 3420 Graecas
1546 3379 1871 3436 aggressus,
1910 3381 2046 3434 quas

463 3464 754 3533 Philippus
777 3463 1120 3528 obtinuerat,
1145 3477 1174 3514 a
1201 3459 1477 3531 plerisque
1498 3459 1754 3528 repulsus
1775 3468 1882 3524 est,
1908 3474 2046 3512 non-

2147 2273 2292 2326 πάνυ
2333 2274 2474 2326 ὥστε
2501 2275 2595 2326 καὶ
2627 2274 2954 2345 συγγραφῆς
2984 2274 3308 2344 νομίζεσθαι
3352 2276 3500 2340 ἄξια.
3533 2277 3730 2330 ’Ύστε-

2150 2383 2242 2435 ρυν
2287 2368 2346 2419 δὲ
2393 2369 2421 2419 ὁ
2477 2367 2723 2435 Περσεὺς
2764 2367 3024 2436 πολέμιον
3054 2368 3246 2421 ἐαυτὸν
3275 2369 3387 2432 τοῖς
3432 2370 3728 2440 Ῥωμαίοις

2145 2461 2424 2531 ἐποίησεν.
2460 2462 2582 2516 Ἵνα
2610 2463 2668 2516 δὲ
2700 2463 2974 2534 ἀναϐολὴν
3003 2464 3096 2517 τοῦ
3142 2464 3380 2535 πολέμου
3441 2466 3600 2536 σχοίη
3633 2467 3730 2536 μέο

2145 2571 2270 2623 χρις
2301 2556 2366 2607 ἂν
2400 2555 2911 2624 παρασκευάσηται,
2949 2554 3208 2625 πρέσϐεις
3240 2559 3320 2620 είς
3363 2557 3464 2626 τὴν
3510 2558 3727 2627 Ῥώμην

2145 2647 2394 2718 ἔπεμψεν
2420 2648 2934 2720 ἀπολογησομένους
2965 2649 3103 2719 τάχα
3135 2651 3266 2722 περὶ
3297 2645 3372 2704 ὧν
3397 2651 3724 2705 ἐνεκαλεῖτο.

2147 2737 2256 2801 Οὒς
2301 2742 2352 2792 οί
2410 2741 2674 2809 Ῥωμαῖοι
2709 2739 2824 2795 οὔτ’
2873 2741 3008 2795 εἵσω
3041 2741 3136 2795 τοῦ
3195 2743 3412 2814 τείχους
3445 2743 3722 2808 ἐδέξαντο’

2147 2835 2241 2886 καί
2276 2831 2383 2901 πρὸ
2429 2832 2524 2886 τοῦ
2586 2832 2780 2896 ἄστεος
2840 2835 3027 2898 αὐτοῖς
3083 2835 3527 2906 χρηματίσαντες
3576 2837 3726 2890 οὐδὲν

2147 2925 2516 2996 ἀπεκρίναντο
2542 2926 2629 2978 ἓτε
2640 2943 2752 2992 ρον,
2785 2927 2818 2998 ἢ
2846 2929 2928 2980 ὅτι
2951 2926 3157 2982 ὕπατον
3181 2930 3478 2998 πέμψουσι,
3513 2930 3648 3002 πρὸς
3669 2929 3726 2984 δν

2147 3018 2249 3071 ὅσα
2285 3015 2534 3087 βούλεται
2563 3016 3016 3089 διαλεχθήσεται·
3050 3021 3143 3073 καὶ
3183 3021 3497 3092 αὐθήμερον
3531 3021 3728 3083 αὐτοὺς

2147 3111 2367 3165 ἀπιέναι
2395 3110 2680 3180 ἐποίησαν,
2727 3111 2910 3174 δόντες
2960 3113 3112 3182 σφίσι
3164 3115 3259 3167 καὶ
3304 3114 3559 3182 ἀγωγοὺς
3589 3113 3724 3167 ὥστε

2150 3204 2224 3274 μή
2257 3206 2789 3272 τινισυγγένωνται,
2822 3205 2919 3257 καὶ
2952 3203 3031 3274 τῷ
3077 3207 3283 3275 Περσεῖ
3341 3206 3441 3275 τῆς
3498 3205 3726 3267 Ἰταλίας

2147 3294 2452 3348 ἐπιϐαίνειν
2481 3294 2576 3348 τοῦ
2606 3294 2795 3348 λοιποῦ
2823 3297 3216 3365 ἀπειρήκασιν.
3247 3297 3309 3348 Οἱ
3341 3296 3440 3364 μὲν
3463 3295 3557 3349 οὖν
3598 3295 3726 3348 Ῥω-

2150 3389 2301 3454 μαῖοι
2335 3387 2477 3456 μετὰ
2508 3387 2685 3442 ταῦτα
2715 3389 2907 3442 Γναῖον
2960 3389 3198 3441 Σικίνιον
3249 3386 3558 3457 στρατηγὸν
3590 3385 3724 3455 μετᾶ

2144 3479 2428 3547 δυνάμεως
2456 3479 2645 3550 ὀλίγης
2669 3481 2989 3551 ἐξέπεμψαν
3017 3482 3110 3549 (οὐ
3143 3482 3251 3551 γάρ
3290 3499 3372 3533 πω
3410 3482 3511 3550 τὴν
3557 3480 3722 3551 μείζω

463 3558 645 3613 nullas
665 3555 908 3625 subegit,
942 3555 1238 3610 nonnullas
1267 3553 1485 3620 evertit,
1515 3553 1730 3609 civibus
1760 3553 1862 3606 sub
1884 3567 2043 3607 coro-

2149 3525 2425 3547 "'"'l'"""
2459 3525 2564 3547 ""l
2585 3525 2642 3550 Ἰν
2669 3525 2983 3551 """I"Y"'
3019 3525 3108 3549 \"
3155 3525 3248 3551 Ι“Ἰ’
3290 3525 3369 3533 ”““’
3420 3525 3506 3550 ’⁷1⁷
3557 3525 3718 3551 Γ”ῗ”

2148 3574 2668 3642 παρεσκευάσαντο)
2702 3574 2797 3626 καὶ
2828 3574 2855 3623 ὁ
2884 3572 3127 3643 Περσεὺς
3151 3574 3229 3636 είς
3257 3573 3564 3627 Θεσσαλίαν
3588 3589 3726 3640 παρ·

463 3669 533 3707 na
595 3651 859 3707 venditis.
923 3649 1139 3716 Quibus
1195 3647 1430 3704 Romani
1479 3647 1687 3703 auditis
1741 3647 2038 3716 indignati,

463 3746 664 3801 Crasso
702 3743 1055 3814 postmodum
1081 3740 1462 3812 pecuniariam
1507 3741 1735 3794 multam
1758 3740 2040 3805 dixerunt,

462 3848 649 3908 captas
675 3837 841 3892 urbes
862 3835 1066 3890 liberas
1085 3849 1207 3889 esse
1227 3834 1516 3904 jusserunt
1537 3850 1550 3892 :
1577 3826 1878 3902 earumque
1898 3833 2046 3887 cives

464 3929 833 3994 Venundatos,
861 3943 1000 3998 quos
1021 3927 1076 3981 in
1104 3927 1256 3980 italia
1285 3940 1562 3994 reperere,
1597 3925 1666 3978 ab
1700 3924 2044 3994 emptoribus

465 4023 841 4078 redemerunt.
888 4019 986 4074 llis
1035 4020 1111 4073 ita
1163 4019 1334 4089 gestis
1376 4018 1522 4073 bello
1570 4017 1794 4073 Persico
1843 4018 2045 4073 multas

466 4129 690 4182 magnas
739 4114 927 4169 clades
973 4119 1345 4182 acceperunt,
1386 4105 1554 4164 rebus
1603 4125 1795 4165 eorum
1841 4110 2044 4178 passim

466 4205 703 4260 alllictis.
735 4205 872 4260 Nam
908 4204 1142 4259 Perseus
1177 4202 1330 4272 Epiri
1364 4213 1422 4257 et
1452 4201 1750 4259 Thessalia:
1785 4201 2047 4270 pleraque

467 4299 733 4352 obtinuit.
767 4299 973 4354 Praeter
997 4297 1145 4352 enim
1177 4295 1313 4352 alias
1340 4297 1589 4365 ingentes
1615 4295 1822 4364 copias,
1851 4294 2046 4349 adver-

468 4405 564 4444 sus
589 4390 964 4467 Romanorum
990 4388 1314 4459 elephantes
1333 4387 1499 4442 etiam
1517 4386 1842 4456 phalangem
1866 4401 2048 4441 arma-

471 4491 653 4534 torum
689 4480 1060 4547 instruxerat,
1089 4495 1330 4550 quorum
1365 4479 1543 4550 clypei
1577 4487 1633 4534 et
1661 4479 1830 4549 galea:
1854 4478 2048 4534 ferreis

468 4573 638 4627 clavis
665 4574 844 4627 acutis
872 4573 1198 4628 horrebant.
1235 4572 1315 4628 Ne
1355 4583 1542 4628 autem
1578 4575 1739 4643 equis
1785 4572 2048 4628 formida-

470 4663 610 4717 biles
668 4673 895 4729 essent,
944 4661 1239 4718 simulacra
1277 4662 1701 4734 elephantorum
1733 4665 1956 4742 paravit
1983 4677 2048 4717 ex

471 4761 755 4825 unguento
779 4756 1042 4825 quodam,
1068 4765 1271 4809 tetrum
1307 4754 1562 4811 fauorem
1588 4755 1876 4826 spirantia,
1902 4756 2046 4820 visu,

2146 3663 2452 3732 εμὸέιλλων,
2489 3664 2560 3717 τά
2592 3680 2653 3731 γε
2680 3663 2909 3718 πλεῖστα
2939 3664 3110 3735 αὐτῆς
3169 3664 3510 3735 ιξ›κειώσατο’
3574 3663 3726 3716 Ἐπεὶ

2145 3753 2200 3804 δὲ
2240 3754 2299 3805 τὸ
2353 3752 2453 3823 ἔαρ
2485 3754 2716 3823 ἐπέστη,
2753 3753 3069 3822 πέμπουσιν
3116 3755 3206 3807 ἐπ’
3259 3755 3422 3808 αὐτὸν
3457 3755 3726 3808 Λικίννιον

2147 3845 2424 3916 Κράσσον,
2488 3846 2582 3898 καὶ
2641 3847 2948 3917 στρατηγὸν
3007 3848 3100 3898 ἐπὶ
3133 3847 3229 3900 τοῦ
3278 3846 3537 3900 ναυτικοῦ
3569 3847 3726 3899 Γαῖον

2148 3936 2484 4006 Λςυκρίτιον.
2553 3936 2840 4006 Συμμίξας
2889 3933 2983 3990 οὖν
3012 3937 3244 4008 πρῶτον,
3287 3937 3415 4008 περὶ
3445 3939 3724 4008 Λάρισσαν

2146 4025 2223 4092 τῷ
2253 4027 2453 4095 Περσεί
2476 4027 2534 4079 ἐν
2567 4027 2880 4099 ἱππομαχίᾳ
2932 4030 3228 4083 ἓπταισενο
3287 4029 3516 4100 ὕστερον
3547 4031 3724 4100 μέντοι

2151 4119 2519 4188 περιεγένετο,
2551 4119 2696 4172 ὥστε
2723 4124 2818 4174 καὶ
2868 4125 3228 4193 ἀναχωρῆσαι
3283 4122 3373 4174 τὸν
3401 4122 3616 4192 Περσέα
3650 4122 3726 4184 είς

2149 4211 2510 4265 Μακεδονίαν.
2541 4211 2600 4266 ’0
2632 4213 2888 4282 Κράσσος
2926 4213 2984 4266 δὲ
3010 4217 3133 4277 ταῖς
3158 4215 3348 4268 πόλεσι
3378 4217 3502 4277 ταῖς
3544 4213 3730 4284 Ἐλλη-

2150 4304 2324 4364 νικαί;
2381 4306 2502 4368 ταῖς
2549 4303 2655 4357 ὑπὸ
2704 4303 2799 4357 τοῦ
2854 4304 3122 4359 Φιλίππου
3173 4307 3576 4376 κατεχομέναις
3615 4304 3723 4376 (48)

2151 4392 2484 4463 προσέὸαλε,
2515 4396 2611 4447 καὶ
2642 4395 2751 4448 τῶν
2791 4395 2888 4465 μὲν
2918 4396 3183 4450 πλειόνων
3212 4397 3594 4468 ἀπεκρούσθη,
3615 4398 3724 4451 ἐστι

2148 4486 2194 4540 δ’
2221 4486 2287 4549 ἃς
2317 4485 2655 4557 ἐχειρώσατο
2677 4503 2690 4517 ·
2725 4489 2820 4542 καί
2855 4507 3009 4552 τινας
3043 4491 3405 4560 κατασκάψας
3435 4493 3566 4556 τοὺς
3586 4493 3729 4547 ἁλόν-

2150 4601 2249 4647 τας
2283 4583 2536 4638 ἁπέδοτο.
2575 4584 2761 4654 Ἀπερ
2791 4586 2842 4638 οί
2867 4585 2925 4638 ἐν
2958 4589 3024 4657 τῇ
3061 4583 3247 4658 Ῥώμῃ
3275 4587 3572 4658 πυθόμενοι
3593 4591 3725 4660 ἠγα-

2151 4676 2454 4748 νάκτησαν,
2491 4677 2586 4730 καὶ
2631 4677 2724 4732 τόν
2755 4694 2812 4731 τε
2843 4679 3101 4749 Κράσσον
3155 4679 3384 4752 ὕστερον
3411 4681 3724 4752 ἐζημίωσαν

2151 4769 2424 4839 χρήμασι,
2453 4757 2682 4831 καὶτὰς
2735 4768 3043 4833 ἑαλωκυίας
3091 4769 3274 4834 πόλεις
3319 4771 3724 4843 ἠλευθέρωσαν,

473 4847 783 4916 audituque
806 4847 1108 4912 horrenda,
1127 4863 1249 4918 qua:
1277 4856 1396 4903 arte
1417 4847 1654 4917 quadam
1688 4848 1931 4904 sonitum
1963 4849 2043 4904 in-

2155 4862 2248 4914 κα“ι
2279 4861 2406 4924 τοὺς
2430 4861 2740 4930 πραθέντας
2775 4863 2832 4928 ἐξ
2857 4862 3039 4916 αὐτῶν
3067 4863 3161 4916 καὶ
3188 4865 3247 4916 ἐν
3292 4867 3360 4935 τῇ
3388 4864 3596 4936 Ἰταλίᾳ.
3643 4867 3728 4918 εὐ-

471 4951 587 4995 star
621 4941 862 4996 tonitrus
897 4940 1167 4997 ederent:
1199 4941 1266 4996 ad
1295 4958 1415 5012 qua:
1445 4941 1574 5011 equi
1613 4942 1849 4998 subinde
1877 4943 2050 4998 addu-

471 5033 569 5099 cti,
601 5033 798 5087 timere
851 5031 1093 5103 denique
1139 5032 1447 5088 desierunt.
1482 5031 1579 5088 llis
1609 5036 1776 5088 rebus
1814 5034 2048 5090 Perseus

475 5127 652 5180 auctis
688 5127 910 5194 animis,
939 5143 998 5183 se
1030 5127 1344 5183 Alexandro
1373 5125 1545 5198 gloria
1583 5135 1640 5182 et
1671 5127 2048 5198 magnitudine

475 5218 692 5287 imperii
732 5220 1077 5289 superiorem
1124 5218 1244 5274 fore
1273 5217 1523 5289 putabat.
1558 5217 1788 5272 Romani
1822 5233 1952 5274 vero
1981 5221 2050 5274 its

480 5309 744 5378 t-ognitis,
784 5313 1043 5366 Marcium
1084 5311 1398 5380 Philippum
1431 5324 1548 5364 eos.
1595 5308 1758 5381 457
1790 5311 2049 5366 celeriter

476 5399 842 5469 ablegarunt:
879 5405 972 5475 qui
1000 5420 1125 5459 cum
1165 5403 1222 5458 in
1255 5402 1597 5460 Thessaliam
1629 5404 1694 5456 ad
1741 5406 2046 5462 exercitum

2157 4952 2415 5024 ρεθέντας
2463 4955 2584 5005 τότε
2625 4953 2776 5024 παρὰ
2801 4955 2909 5007 τῶν
2965 4957 3300 5026 ἐωνημένων
3357 4961 3560 5022 αὐτοὺς
3619 4959 3727 5024 ἐξε-

2155 5047 2402 5116 πρίαντο.
2427 5045 2618 5098 Ταῦτα
2652 5049 2748 5115 μὲν
2779 5042 2874 5100 οὖν
2888 5048 3062 5111 οὕτως
3093 5050 3340 5120 ἔπραξαν
3355 5053 3404 5104 ot
3449 5052 3722 5121 Ῥωμαῖοι·

2153 5135 2212 5186 ἐν
2237 5133 2293 5186 δὲ
2311 5134 2388 5202 τῷ
2414 5133 2554 5203 πρὸς
2583 5134 2673 5186 τὸν
2697 5135 2909 5206 Περσέα
2940 5137 3163 5207 πολέμῳ
3193 5139 3362 5194 πολλὰ
3393 5142 3489 5193 καὶ
3524 5141 3726 5210 μεγαλα

2158 5225 2463 5296 ἠτύχησαν,
2496 5228 2594 5280 καὶ
2629 5229 2918 5300 πολλαχόθι
2967 5232 3200 5301 ἐπόνησε
3231 5235 3300 5286 τὰ
3351 5235 3553 5299 αἰτῶν,
3593 5253 3661 5289 κα
3699 5234 3726 5285 ὁ

2159 5319 2402 5388 Περσεὺς
2427 5320 2527 5388 τῆς
2563 5320 2821 5389 Ἠπείρου
2853 5323 2946 5375 καὶ
2986 5324 3083 5392 τῆς
3143 5325 3442 5391 Θεσσαλίας
3501 5330 3725 5398 κατέσχε

2159 5408 2226 5461 τὰ
2263 5410 2503 5464 πλείονα.
2534 5411 2648 5481 Τήν
2682 5430 2743 5464 τε
2765 5414 2873 5483 γὰρ
2918 5414 3084 5485 ἄλλην
3112 5415 3344 5487 δύναμιν
3374 5418 3576 5493 πολλὴν
3610 5439 3726 5474 συν-

1631 5567 1832 5628 Variae
1876 5565 2180 5628 lectiones
2227 5576 2289 5631 et
2333 5578 2526 5632 notae.

550 5717 975 5812 tfllj'l'gffhﬁnd
1021 5722 1127 5779 τοῦ
1151 5722 1456 5778 Φιλίππου
1498 5723 1943 5792 κατεχομένους.
1978 5720 2043 5777 εἰς

2147 5739 2237 5781 ISS.
2275 5726 2410 5798 Reg.
2439 5735 2495 5782 et
2550 5726 2794 5802 Clolbert.
2847 5731 2914 5786 At
2945 5731 3172 5788 Wolfius
3208 5733 3468 5812 Περσέως
3507 5733 3720 5792 indubia

475 5787 772 5859 legendum
795 5788 892 5844 ait.
