  <div class='ocr_page' id='page_1' title='image "/cluster/home/n/w/nwhite01/storage/ocr_20150623/134/mdp.39015032023197/396.png"; bbox 0 0 4008 6250; ppageno 0'>
   <div class='ocr_carea' id='block_1_1' title="bbox 262 349 361 414">
    <p class='ocr_par' dir='ltr' id='par_1_1' title="bbox 262 349 361 414">
     <span class='ocr_line' id='line_1_1' title="bbox 262 349 361 414; baseline -0.02 0"><span class='ocrx_word' id='word_1_1' title='bbox 262 349 361 414; x_wconf 84' lang='grc' dir='ltr'><strong>’ΠἹ</strong></span> 
     </span>
    </p>
   </div>
   <div class='ocr_carea' id='block_1_2' title="bbox 1525 327 2281 414">
    <p class='ocr_par' dir='ltr' id='par_1_2' title="bbox 1525 327 2281 414">
     <span class='ocr_line' id='line_1_2' title="bbox 1525 327 2281 414; baseline -0.001 -11"><span class='ocrx_word' id='word_1_2' title='bbox 1525 340 1937 406; x_wconf 77' lang='lat' dir='ltr'><strong>ANNALIUM</strong></span> <span class='ocrx_word' id='word_1_3' title='bbox 1984 339 2131 414; x_wconf 70' lang='lat' dir='ltr'><strong>LIB.</strong></span> <span class='ocrx_word' id='word_1_4' title='bbox 2175 327 2281 402; x_wconf 77' lang='lat' dir='ltr'><strong>IX.</strong></span> 
     </span>
    </p>
   </div>
   <div class='ocr_carea' id='block_1_3' title="bbox 3415 347 3524 412">
    <p class='ocr_par' dir='ltr' id='par_1_3' title="bbox 3415 347 3524 412">
     <span class='ocr_line' id='line_1_3' title="bbox 3415 347 3524 412; baseline 0.037 -4"><span class='ocrx_word' id='word_1_5' title='bbox 3415 347 3524 412; x_wconf 68' lang='lat'><strong>778</strong></span> 
     </span>
    </p>
   </div>
   <div class='ocr_carea' id='block_1_4' title="bbox 266 441 1862 531">
    <p class='ocr_par' dir='ltr' id='par_1_4' title="bbox 266 450 1842 531">
     <span class='ocr_line' id='line_1_4' title="bbox 266 450 1842 531; baseline -0.004 -17"><span class='ocrx_word' id='word_1_6' title='bbox 266 457 548 531; x_wconf 83' lang='grc' dir='ltr'>εκρότησε,</span> <span class='ocrx_word' id='word_1_7' title='bbox 579 455 673 510; x_wconf 71' lang='grc' dir='ltr'><strong>καὶ</strong></span> <span class='ocrx_word' id='word_1_8' title='bbox 705 453 844 526; x_wconf 70' lang='grc' dir='ltr'>πρὸς</span> <span class='ocrx_word' id='word_1_9' title='bbox 872 452 997 518; x_wconf 74' lang='grc' dir='ltr'>τοὺς</span> <span class='ocrx_word' id='word_1_10' title='bbox 1031 450 1332 523; x_wconf 82' lang='grc' dir='ltr'>ἐλέφαντας</span> <span class='ocrx_word' id='word_1_11' title='bbox 1380 453 1492 508; x_wconf 84' lang='grc' dir='ltr'><strong>τῶν</strong></span> <span class='ocrx_word' id='word_1_12' title='bbox 1549 452 1842 526; x_wconf 84' lang='grc' dir='ltr'>Ῥωμαίων</span> 
     </span>
    </p>
   </div>
   <div class='ocr_carea' id='block_1_5' title="bbox 1967 441 3532 531">
    <p class='ocr_par' dir='ltr' id='par_1_5' title="bbox 1967 441 3532 523">
     <span class='ocr_line' id='line_1_5' title="bbox 1967 441 3532 523; baseline 0.01 -19"><span class='ocrx_word' id='word_1_13' title='bbox 1967 453 2223 519; x_wconf 77' lang='lat' dir='ltr'><strong>renisset,</strong></span> <span class='ocrx_word' id='word_1_14' title='bbox 2269 452 2550 510; x_wconf 81' lang='lat' dir='ltr'><strong>Romanos</strong></span> <span class='ocrx_word' id='word_1_15' title='bbox 2579 462 2636 510; x_wconf 88' lang='lat' dir='ltr'><strong>et</strong></span> <span class='ocrx_word' id='word_1_16' title='bbox 2661 441 2845 513; x_wconf 67' lang='lat' dir='ltr'><strong>socios</strong></span> <span class='ocrx_word' id='word_1_17' title='bbox 2875 455 2950 512; x_wconf 86' lang='lat' dir='ltr'><strong>ita</strong></span> <span class='ocrx_word' id='word_1_18' title='bbox 2979 459 3260 523; x_wconf 83' lang='lat' dir='ltr'><strong>exercuit,</strong></span> <span class='ocrx_word' id='word_1_19' title='bbox 3305 473 3364 516; x_wconf 90' lang='lat' dir='ltr'><strong>ut</strong></span> <span class='ocrx_word' id='word_1_20' title='bbox 3394 463 3532 519; x_wconf 54' lang='lat' dir='ltr'><strong>Per.</strong></span> 
     </span>
    </p>
   </div>
   <div class='ocr_carea' id='block_1_6' title="bbox 265 547 1844 625">
    <p class='ocr_par' dir='ltr' id='par_1_6' title="bbox 265 547 1844 625">
     <span class='ocr_line' id='line_1_6' title="bbox 265 547 1844 625; baseline -0.002 -18"><span class='ocrx_word' id='word_1_21' title='bbox 265 553 522 625; x_wconf 77' lang='grc' dir='ltr'><strong>φάλαγγα</strong></span> <span class='ocrx_word' id='word_1_22' title='bbox 553 549 789 604; x_wconf 78' lang='grc' dir='ltr'><strong>ὁπλιτῶν</strong></span> <span class='ocrx_word' id='word_1_23' title='bbox 820 549 1076 621; x_wconf 79' lang='grc' dir='ltr'>ἡσκήκει,</span> <span class='ocrx_word' id='word_1_24' title='bbox 1098 549 1276 614; x_wconf 75' lang='grc' dir='ltr'>ὀξέσιν</span> <span class='ocrx_word' id='word_1_25' title='bbox 1305 549 1460 622; x_wconf 82' lang='grc' dir='ltr'>ἧλοις</span> <span class='ocrx_word' id='word_1_26' title='bbox 1487 547 1588 614; x_wconf 82' lang='grc' dir='ltr'>τὰς</span> <span class='ocrx_word' id='word_1_27' title='bbox 1612 547 1844 613; x_wconf 80' lang='grc' dir='ltr'><strong>ἀσπίδας</strong></span> 
     </span>
    </p>
   </div>
   <div class='ocr_carea' id='block_1_7' title="bbox 266 640 1846 714">
    <p class='ocr_par' dir='ltr' id='par_1_7' title="bbox 266 640 1846 714">
     <span class='ocr_line' id='line_1_7' title="bbox 266 640 1846 714; baseline -0.003 -14"><span class='ocrx_word' id='word_1_28' title='bbox 266 647 359 701; x_wconf 70' lang='grc' dir='ltr'><strong>καὶ</strong></span> <span class='ocrx_word' id='word_1_29' title='bbox 391 647 461 698; x_wconf 84' lang='grc' dir='ltr'><strong>τά</strong></span> <span class='ocrx_word' id='word_1_30' title='bbox 483 645 657 714; x_wconf 81' lang='grc' dir='ltr'>κράνη</span> <span class='ocrx_word' id='word_1_31' title='bbox 689 640 993 713; x_wconf 70' lang='grc' dir='ltr'><strong>σιδηρώσας</strong></span> <span class='ocrx_word' id='word_1_32' title='bbox 1027 642 1230 695; x_wconf 77' lang='grc' dir='ltr'>αὐτῶν.</span> <span class='ocrx_word' id='word_1_33' title='bbox 1264 641 1451 707; x_wconf 89' lang='grc' dir='ltr'>Ὅπως</span> <span class='ocrx_word' id='word_1_34' title='bbox 1477 642 1534 696; x_wconf 82' lang='grc' dir='ltr'><strong>δέ</strong></span> <span class='ocrx_word' id='word_1_35' title='bbox 1560 644 1699 714; x_wconf 84' lang='grc' dir='ltr'>μήτε</span> <span class='ocrx_word' id='word_1_36' title='bbox 1731 644 1846 706; x_wconf 68' lang='grc' dir='ltr'>τοῖς</span> 
     </span>
    </p>
   </div>
   <div class='ocr_carea' id='block_1_8' title="bbox 267 729 1845 806">
    <p class='ocr_par' dir='ltr' id='par_1_8' title="bbox 267 729 1845 806">
     <span class='ocr_line' id='line_1_8' title="bbox 267 729 1845 806; baseline -0.003 -15"><span class='ocrx_word' id='word_1_37' title='bbox 267 741 453 800; x_wconf 78' lang='grc' dir='ltr'>ἵπποις</span> <span class='ocrx_word' id='word_1_38' title='bbox 507 735 734 806; x_wconf 72' lang='grc' dir='ltr'>φοϐεροὶ</span> <span class='ocrx_word' id='word_1_39' title='bbox 788 729 922 800; x_wconf 74' lang='grc' dir='ltr'>εἷεν,</span> <span class='ocrx_word' id='word_1_40' title='bbox 957 733 1154 787; x_wconf 73' lang='grc' dir='ltr'>εἴδωλα</span> <span class='ocrx_word' id='word_1_41' title='bbox 1185 733 1499 804; x_wconf 69' lang='grc' dir='ltr'>ἐλεφάντων</span> <span class='ocrx_word' id='word_1_42' title='bbox 1548 734 1845 799; x_wconf 80' lang='grc' dir='ltr'><strong>σκευάσας,</strong></span> 
     </span>
    </p>
   </div>
   <div class='ocr_carea' id='block_1_9' title="bbox 266 824 1850 899">
    <p class='ocr_par' dir='ltr' id='par_1_9' title="bbox 266 824 1850 899">
     <span class='ocr_line' id='line_1_9' title="bbox 266 824 1850 899; baseline -0.001 -18"><span class='ocrx_word' id='word_1_43' title='bbox 266 829 440 899; x_wconf 78' lang='grc' dir='ltr'>δεινὴν</span> <span class='ocrx_word' id='word_1_44' title='bbox 467 827 567 898; x_wconf 78' lang='grc' dir='ltr'>μὲν</span> <span class='ocrx_word' id='word_1_45' title='bbox 593 826 700 879; x_wconf 76' lang='grc' dir='ltr'>ὑπὸ</span> <span class='ocrx_word' id='word_1_46' title='bbox 722 824 1025 896; x_wconf 79' lang='grc' dir='ltr'>χρίσματός</span> <span class='ocrx_word' id='word_1_47' title='bbox 1044 841 1191 888; x_wconf 82' lang='grc' dir='ltr'>τινος</span> <span class='ocrx_word' id='word_1_48' title='bbox 1208 824 1384 896; x_wconf 76' lang='grc' dir='ltr'>ὀσμὴν</span> <span class='ocrx_word' id='word_1_49' title='bbox 1403 825 1616 898; x_wconf 71' lang='grc' dir='ltr'>ἔχοντα.</span> <span class='ocrx_word' id='word_1_50' title='bbox 1639 824 1850 899; x_wconf 84' lang='grc' dir='ltr'>φοϐερὰ</span> 
     </span>
    </p>
   </div>
   <div class='ocr_carea' id='block_1_10' title="bbox 263 915 1850 990">
    <p class='ocr_par' dir='ltr' id='par_1_10' title="bbox 263 915 1850 990">
     <span class='ocr_line' id='line_1_10' title="bbox 263 915 1850 990; baseline -0.001 -16"><span class='ocrx_word' id='word_1_51' title='bbox 263 921 319 974; x_wconf 79' lang='grc' dir='ltr'>δὲ</span> <span class='ocrx_word' id='word_1_52' title='bbox 347 922 440 973; x_wconf 70' lang='grc' dir='ltr'><strong>καὶ</strong></span> <span class='ocrx_word' id='word_1_53' title='bbox 471 917 704 990; x_wconf 72' lang='grc' dir='ltr'>ὀφθῆναι</span> <span class='ocrx_word' id='word_1_54' title='bbox 729 915 827 970; x_wconf 67' lang='grc' dir='ltr'><strong>καὶ</strong></span> <span class='ocrx_word' id='word_1_55' title='bbox 851 916 1186 987; x_wconf 70' lang='grc' dir='ltr'><strong>ἀκουσθῆναι</strong></span> <span class='ocrx_word' id='word_1_56' title='bbox 1223 917 1354 970; x_wconf 68' lang='grc' dir='ltr'>ὄντα</span> <span class='ocrx_word' id='word_1_57' title='bbox 1395 918 1412 988; x_wconf 94' lang='grc'>(</span> <span class='ocrx_word' id='word_1_58' title='bbox 1431 917 1706 990; x_wconf 83' lang='grc' dir='ltr'>βροντώδη</span> <span class='ocrx_word' id='word_1_59' title='bbox 1740 919 1850 989; x_wconf 69' lang='grc' dir='ltr'>γὰρ</span> 
     </span>
    </p>
   </div>
   <div class='ocr_carea' id='block_1_11' title="bbox 263 1012 1851 1086">
    <p class='ocr_par' dir='ltr' id='par_1_11' title="bbox 263 1012 1851 1086">
     <span class='ocr_line' id='line_1_11' title="bbox 263 1012 1851 1086; baseline -0.003 -19"><span class='ocrx_word' id='word_1_60' title='bbox 263 1015 412 1085; x_wconf 75' lang='grc' dir='ltr'>ἠφίει</span> <span class='ocrx_word' id='word_1_61' title='bbox 442 1015 586 1086; x_wconf 73' lang='grc' dir='ltr'><strong>ὴχὴν</strong></span> <span class='ocrx_word' id='word_1_62' title='bbox 614 1031 735 1068; x_wconf 88' lang='grc' dir='ltr'>τινα</span> <span class='ocrx_word' id='word_1_63' title='bbox 754 1013 815 1078; x_wconf 77' lang='grc' dir='ltr'><strong>ἐξ</strong></span> <span class='ocrx_word' id='word_1_64' title='bbox 839 1012 1289 1084; x_wconf 84' lang='grc' dir='ltr'>ἐπιτηδεύσεως),</span> <span class='ocrx_word' id='word_1_65' title='bbox 1320 1012 1456 1082; x_wconf 80' lang='grc' dir='ltr'>πρὸς</span> <span class='ocrx_word' id='word_1_66' title='bbox 1474 1012 1660 1066; x_wconf 84' lang='grc' dir='ltr'>ἐκεῖνα</span> <span class='ocrx_word' id='word_1_67' title='bbox 1683 1027 1851 1083; x_wconf 84' lang='grc' dir='ltr'>προσ-</span> 
     </span>
    </p>
   </div>
   <div class='ocr_carea' id='block_1_12' title="bbox 267 1099 1853 1180">
    <p class='ocr_par' dir='ltr' id='par_1_12' title="bbox 267 1099 1853 1180">
     <span class='ocr_line' id='line_1_12' title="bbox 267 1099 1853 1180; baseline -0.001 -19"><span class='ocrx_word' id='word_1_68' title='bbox 267 1109 399 1180; x_wconf 80' lang='grc' dir='ltr'>ῆγεν</span> <span class='ocrx_word' id='word_1_69' title='bbox 419 1108 616 1169; x_wconf 68' lang='grc' dir='ltr'>αὐτοὺς</span> <span class='ocrx_word' id='word_1_70' title='bbox 651 1106 920 1177; x_wconf 73' lang='grc' dir='ltr'>συνεχῶς,</span> <span class='ocrx_word' id='word_1_71' title='bbox 950 1106 1147 1176; x_wconf 80' lang='grc' dir='ltr'><strong>μέχρις</strong></span> <span class='ocrx_word' id='word_1_72' title='bbox 1175 1099 1236 1159; x_wconf 74' lang='grc' dir='ltr'><strong>οὗ</strong></span> <span class='ocrx_word' id='word_1_73' title='bbox 1269 1105 1363 1160; x_wconf 72' lang='grc' dir='ltr'>καὶ</span> <span class='ocrx_word' id='word_1_74' title='bbox 1395 1104 1728 1176; x_wconf 80' lang='grc' dir='ltr'>ἐθάρσησαν.</span> <span class='ocrx_word' id='word_1_75' title='bbox 1793 1105 1853 1160; x_wconf 88' lang='lat'><strong>&#39;0</strong></span> 
     </span>
    </p>
   </div>
   <div class='ocr_carea' id='block_1_13' title="bbox 273 1196 1854 1272">
    <p class='ocr_par' dir='ltr' id='par_1_13' title="bbox 273 1196 1854 1272">
     <span class='ocr_line' id='line_1_13' title="bbox 273 1196 1854 1272; baseline -0.003 -18"><span class='ocrx_word' id='word_1_76' title='bbox 273 1201 368 1272; x_wconf 78' lang='grc' dir='ltr'>μὲν</span> <span class='ocrx_word' id='word_1_77' title='bbox 395 1198 487 1253; x_wconf 78' lang='grc' dir='ltr'><strong>οὖν</strong></span> <span class='ocrx_word' id='word_1_78' title='bbox 514 1202 754 1269; x_wconf 80' lang='grc' dir='ltr'>Περσεὺς</span> <span class='ocrx_word' id='word_1_79' title='bbox 785 1198 930 1269; x_wconf 82' lang='grc' dir='ltr'><strong>μέγα</strong></span> <span class='ocrx_word' id='word_1_80' title='bbox 955 1201 1020 1250; x_wconf 87' lang='grc' dir='ltr'><strong>ἐκ</strong></span> <span class='ocrx_word' id='word_1_81' title='bbox 1050 1198 1259 1251; x_wconf 79' lang='grc' dir='ltr'>τούτων</span> <span class='ocrx_word' id='word_1_82' title='bbox 1281 1196 1548 1268; x_wconf 77' lang='grc' dir='ltr'><strong>ἐκέκτητο</strong></span> <span class='ocrx_word' id='word_1_83' title='bbox 1567 1197 1854 1268; x_wconf 72' lang='grc' dir='ltr'>φρόνημα,</span> 
     </span>
    </p>
   </div>
   <div class='ocr_carea' id='block_1_14' title="bbox 269 1289 1855 1364">
    <p class='ocr_par' dir='ltr' id='par_1_14' title="bbox 269 1289 1855 1364">
     <span class='ocr_line' id='line_1_14' title="bbox 269 1289 1855 1364; baseline 0.006 -17"><span class='ocrx_word' id='word_1_84' title='bbox 269 1295 470 1348; x_wconf 72' lang='grc' dir='ltr'>καὶτὸν</span> <span class='ocrx_word' id='word_1_85' title='bbox 487 1292 841 1363; x_wconf 69' lang='grc' dir='ltr'>Ἀλέξανδρον</span> <span class='ocrx_word' id='word_1_86' title='bbox 861 1294 928 1364; x_wconf 76' lang='grc' dir='ltr'>τῇ</span> <span class='ocrx_word' id='word_1_87' title='bbox 946 1290 1093 1364; x_wconf 79' lang='grc' dir='ltr'>δόξῃ,</span> <span class='ocrx_word' id='word_1_88' title='bbox 1110 1291 1206 1344; x_wconf 74' lang='grc' dir='ltr'><strong>καὶ</strong></span> <span class='ocrx_word' id='word_1_89' title='bbox 1225 1289 1301 1362; x_wconf 84' lang='grc' dir='ltr'>τῷ</span> <span class='ocrx_word' id='word_1_90' title='bbox 1320 1291 1546 1358; x_wconf 82' lang='grc' dir='ltr'><strong>μεγέθει</strong></span> <span class='ocrx_word' id='word_1_91' title='bbox 1564 1292 1661 1355; x_wconf 76' lang='grc' dir='ltr'><strong>τῆς</strong></span> <span class='ocrx_word' id='word_1_92' title='bbox 1677 1293 1855 1364; x_wconf 78' lang='grc' dir='ltr'>ἀρχῆς</span> 
     </span>
    </p>
   </div>
   <div class='ocr_carea' id='block_1_15' title="bbox 272 1381 1857 1460">
    <p class='ocr_par' dir='ltr' id='par_1_15' title="bbox 272 1381 1857 1460">
     <span class='ocr_line' id='line_1_15' title="bbox 272 1381 1857 1460; baseline -0.004 -18"><span class='ocrx_word' id='word_1_93' title='bbox 272 1387 586 1460; x_wconf 76' lang='grc' dir='ltr'>ὑπεροίσειν</span> <span class='ocrx_word' id='word_1_94' title='bbox 613 1386 942 1456; x_wconf 82' lang='grc' dir='ltr'>ἐπήλπισεν.</span> <span class='ocrx_word' id='word_1_95' title='bbox 973 1386 1040 1438; x_wconf 89' lang='grc' dir='ltr'>Οί</span> <span class='ocrx_word' id='word_1_96' title='bbox 1065 1384 1111 1436; x_wconf 83' lang='grc' dir='ltr'>δ’</span> <span class='ocrx_word' id='word_1_97' title='bbox 1137 1385 1196 1438; x_wconf 90' lang='grc' dir='ltr'><strong>ἐν</strong></span> <span class='ocrx_word' id='word_1_98' title='bbox 1221 1387 1286 1454; x_wconf 78' lang='grc' dir='ltr'><strong>τῇ</strong></span> <span class='ocrx_word' id='word_1_99' title='bbox 1333 1381 1522 1455; x_wconf 81' lang='grc' dir='ltr'><strong>Ῥώμῃ</strong></span> <span class='ocrx_word' id='word_1_100' title='bbox 1544 1382 1721 1438; x_wconf 76' lang='grc' dir='ltr'>ταῦτα</span> <span class='ocrx_word' id='word_1_101' title='bbox 1751 1400 1857 1454; x_wconf 89' lang='grc' dir='ltr'>μα-</span> 
     </span>
    </p>
   </div>
   <div class='ocr_carea' id='block_1_16' title="bbox 272 1475 1857 1548">
    <p class='ocr_par' dir='ltr' id='par_1_16' title="bbox 272 1475 1857 1548">
     <span class='ocr_line' id='line_1_16' title="bbox 272 1475 1857 1548; baseline -0.005 -12"><span class='ocrx_word' id='word_1_102' title='bbox 272 1482 456 1544; x_wconf 71' lang='grc' dir='ltr'>θόντες</span> <span class='ocrx_word' id='word_1_103' title='bbox 491 1482 584 1534; x_wconf 78' lang='grc' dir='ltr'><strong>τδν</strong></span> <span class='ocrx_word' id='word_1_104' title='bbox 628 1480 882 1547; x_wconf 84' lang='grc' dir='ltr'>Μάρκιον</span> <span class='ocrx_word' id='word_1_105' title='bbox 936 1477 1205 1532; x_wconf 82' lang='grc' dir='ltr'>Φίλιππον</span> <span class='ocrx_word' id='word_1_106' title='bbox 1260 1475 1605 1530; x_wconf 80' lang='grc' dir='ltr'><strong>ὑπατεύοντα</strong></span> <span class='ocrx_word' id='word_1_107' title='bbox 1651 1478 1857 1548; x_wconf 80' lang='grc' dir='ltr'>σπουδῇ</span> 
     </span>
    </p>
   </div>
   <div class='ocr_carea' id='block_1_17' title="bbox 271 1565 1855 1645">
    <p class='ocr_par' dir='ltr' id='par_1_17' title="bbox 271 1565 1855 1645">
     <span class='ocr_line' id='line_1_17' title="bbox 271 1565 1855 1645; baseline -0.006 -18"><span class='ocrx_word' id='word_1_108' title='bbox 271 1571 607 1645; x_wconf 80' lang='grc' dir='ltr'>ἐξέπεμψαν,</span> <span class='ocrx_word' id='word_1_109' title='bbox 643 1572 738 1622; x_wconf 74' lang='grc' dir='ltr'>καὶ</span> <span class='ocrx_word' id='word_1_110' title='bbox 766 1568 824 1631; x_wconf 81' lang='grc' dir='ltr'>ὃς</span> <span class='ocrx_word' id='word_1_111' title='bbox 856 1569 937 1634; x_wconf 82' lang='grc' dir='ltr'>εἰς</span> <span class='ocrx_word' id='word_1_112' title='bbox 971 1569 1071 1638; x_wconf 80' lang='grc' dir='ltr'>τὴν</span> <span class='ocrx_word' id='word_1_113' title='bbox 1100 1567 1402 1622; x_wconf 82' lang='grc' dir='ltr'>Θεσσαλίαν</span> <span class='ocrx_word' id='word_1_114' title='bbox 1425 1565 1564 1638; x_wconf 74' lang='grc' dir='ltr'>πρὸς</span> <span class='ocrx_word' id='word_1_115' title='bbox 1596 1566 1657 1619; x_wconf 84' lang='grc' dir='ltr'><strong>τὸ</strong></span> <span class='ocrx_word' id='word_1_116' title='bbox 1689 1582 1855 1636; x_wconf 85' lang='grc' dir='ltr'>στρα-</span> 
     </span>
    </p>
   </div>
   <div class='ocr_carea' id='block_1_18' title="bbox 1950 546 3536 622">
    <p class='ocr_par' dir='ltr' id='par_1_18' title="bbox 1950 546 3536 622">
     <span class='ocr_line' id='line_1_18' title="bbox 1950 546 3536 622; baseline 0.006 -20"><span class='ocrx_word' id='word_1_117' title='bbox 1950 561 2079 602; x_wconf 87' lang='lat' dir='ltr'><strong>seus</strong></span> <span class='ocrx_word' id='word_1_118' title='bbox 2131 546 2359 602; x_wconf 89' lang='lat' dir='ltr'><strong>territus</strong></span> <span class='ocrx_word' id='word_1_119' title='bbox 2390 587 2406 614; x_wconf 95' lang='lat'><strong>,</strong></span> <span class='ocrx_word' id='word_1_120' title='bbox 2459 549 2515 604; x_wconf 87' lang='lat' dir='ltr'><strong>in</strong></span> <span class='ocrx_word' id='word_1_121' title='bbox 2556 565 2658 604; x_wconf 87' lang='lat' dir='ltr'><strong>suo</strong></span> <span class='ocrx_word' id='word_1_122' title='bbox 2713 565 2882 622; x_wconf 83' lang='lat' dir='ltr'><strong>regno</strong></span> <span class='ocrx_word' id='word_1_123' title='bbox 2923 551 3312 622; x_wconf 81' lang='lat' dir='ltr'><strong>Macedonico,</strong></span> <span class='ocrx_word' id='word_1_124' title='bbox 3365 567 3423 612; x_wconf 91' lang='lat' dir='ltr'><strong>et</strong></span> <span class='ocrx_word' id='word_1_125' title='bbox 3465 557 3536 614; x_wconf 89' lang='lat' dir='ltr'><strong>ad</strong></span> 
     </span>
    </p>
   </div>
   <div class='ocr_carea' id='block_1_19' title="bbox 1957 637 3534 712">
    <p class='ocr_par' dir='ltr' id='par_1_19' title="bbox 1957 637 3534 712">
     <span class='ocr_line' id='line_1_19' title="bbox 1957 637 3534 712; baseline 0.008 -20"><span class='ocrx_word' id='word_1_126' title='bbox 1957 637 2164 708; x_wconf 82' lang='lat' dir='ltr'><strong>Tempe</strong></span> <span class='ocrx_word' id='word_1_127' title='bbox 2204 641 2425 709; x_wconf 82' lang='lat' dir='ltr'><strong>quietus</strong></span> <span class='ocrx_word' id='word_1_128' title='bbox 2451 682 2464 706; x_wconf 91' lang='lat'><strong>,</strong></span> <span class='ocrx_word' id='word_1_129' title='bbox 2502 641 2787 712; x_wconf 76' lang='lat' dir='ltr'><strong>angustias</strong></span> <span class='ocrx_word' id='word_1_130' title='bbox 2823 649 3097 698; x_wconf 89' lang='lat' dir='ltr'><strong>tueretur.</strong></span> <span class='ocrx_word' id='word_1_131' title='bbox 3134 644 3310 702; x_wconf 85' lang='lat' dir='ltr'><strong>Aucta</strong></span> <span class='ocrx_word' id='word_1_132' title='bbox 3349 662 3418 703; x_wconf 82' lang='lat' dir='ltr'><strong>ex</strong></span> <span class='ocrx_word' id='word_1_133' title='bbox 3464 664 3534 704; x_wconf 91' lang='lat' dir='ltr'><strong>eo</strong></span> 
     </span>
    </p>
   </div>
   <div class='ocr_carea' id='block_1_20' title="bbox 1958 733 3535 810">
    <p class='ocr_par' dir='ltr' id='par_1_20' title="bbox 1958 733 3535 810">
     <span class='ocr_line' id='line_1_20' title="bbox 1958 733 3535 810; baseline 0.006 -22"><span class='ocrx_word' id='word_1_134' title='bbox 1958 733 2190 788; x_wconf 83' lang='lat' dir='ltr'><strong>audacia</strong></span> <span class='ocrx_word' id='word_1_135' title='bbox 2250 733 2573 804; x_wconf 78' lang='lat' dir='ltr'><strong>Philippus,</strong></span> <span class='ocrx_word' id='word_1_136' title='bbox 2635 735 2832 792; x_wconf 86' lang='lat' dir='ltr'><strong>mediis</strong></span> <span class='ocrx_word' id='word_1_137' title='bbox 2882 737 3164 793; x_wconf 75' lang='lat' dir='ltr'><strong>montibus</strong></span> <span class='ocrx_word' id='word_1_138' title='bbox 3214 743 3491 810; x_wconf 75' lang='lat' dir='ltr'><strong>superatis</strong></span> <span class='ocrx_word' id='word_1_139' title='bbox 3521 785 3535 809; x_wconf 90' lang='lat'><strong>,</strong></span> 
     </span>
    </p>
   </div>
   <div class='ocr_carea' id='block_1_21' title="bbox 1957 825 3537 905">
    <p class='ocr_par' dir='ltr' id='par_1_21' title="bbox 1957 825 3537 905">
     <span class='ocr_line' id='line_1_21' title="bbox 1957 825 3537 905; baseline 0.006 -25"><span class='ocrx_word' id='word_1_140' title='bbox 1957 825 2224 897; x_wconf 88' lang='lat' dir='ltr'><strong>quasdam</strong></span> <span class='ocrx_word' id='word_1_141' title='bbox 2260 826 2406 881; x_wconf 89' lang='lat' dir='ltr'><strong>illius</strong></span> <span class='ocrx_word' id='word_1_142' title='bbox 2429 826 2596 882; x_wconf 83' lang='lat' dir='ltr'><strong>urbes</strong></span> <span class='ocrx_word' id='word_1_143' title='bbox 2617 829 2765 898; x_wconf 83' lang='lat' dir='ltr'><strong>cepit</strong></span> <span class='ocrx_word' id='word_1_144' title='bbox 2791 848 2803 883; x_wconf 93' lang='lat'>:</span> <span class='ocrx_word' id='word_1_145' title='bbox 2829 837 2884 883; x_wconf 85' lang='lat' dir='ltr'><strong>et</strong></span> <span class='ocrx_word' id='word_1_146' title='bbox 2910 829 2980 884; x_wconf 89' lang='lat' dir='ltr'><strong>ad</strong></span> <span class='ocrx_word' id='word_1_147' title='bbox 3012 830 3256 900; x_wconf 79' lang='lat' dir='ltr'><strong>Pydnam</strong></span> <span class='ocrx_word' id='word_1_148' title='bbox 3279 849 3537 905; x_wconf 79' lang='lat' dir='ltr'><strong>progres-</strong></span> 
     </span>
    </p>
   </div>
   <div class='ocr_carea' id='block_1_22' title="bbox 1957 917 3535 989">
    <p class='ocr_par' dir='ltr' id='par_1_22' title="bbox 1957 917 3535 989">
     <span class='ocr_line' id='line_1_22' title="bbox 1957 917 3535 989; baseline 0.005 -17"><span class='ocrx_word' id='word_1_149' title='bbox 1957 931 2074 984; x_wconf 90' lang='lat' dir='ltr'><strong>sus,</strong></span> <span class='ocrx_word' id='word_1_150' title='bbox 2099 917 2170 972; x_wconf 87' lang='lat' dir='ltr'><strong>ob</strong></span> <span class='ocrx_word' id='word_1_151' title='bbox 2192 925 2540 973; x_wconf 89' lang='lat' dir='ltr'><strong>commeatus</strong></span> <span class='ocrx_word' id='word_1_152' title='bbox 2574 919 2866 989; x_wconf 89' lang='lat' dir='ltr'><strong>penuriam</strong></span> <span class='ocrx_word' id='word_1_153' title='bbox 2895 920 2948 974; x_wconf 90' lang='lat' dir='ltr'><strong>in</strong></span> <span class='ocrx_word' id='word_1_154' title='bbox 2981 919 3323 977; x_wconf 77' lang='lat' dir='ltr'><strong>Thessaliam</strong></span> <span class='ocrx_word' id='word_1_155' title='bbox 3349 924 3535 980; x_wconf 85' lang='lat' dir='ltr'><strong>rediit.</strong></span> 
     </span>
    </p>
   </div>
   <div class='ocr_carea' id='block_1_23' title="bbox 1961 1010 3539 1087">
    <p class='ocr_par' dir='ltr' id='par_1_23' title="bbox 1961 1010 3539 1087">
     <span class='ocr_line' id='line_1_23' title="bbox 1961 1010 3539 1087; baseline 0.003 -20"><span class='ocrx_word' id='word_1_156' title='bbox 1961 1010 2117 1067; x_wconf 81' lang='lat' dir='ltr'><strong>[inde</strong></span> <span class='ocrx_word' id='word_1_157' title='bbox 2174 1011 2408 1066; x_wconf 77' lang='lat' dir='ltr'><strong>Perseus</strong></span> <span class='ocrx_word' id='word_1_158' title='bbox 2455 1021 2741 1082; x_wconf 82' lang='lat' dir='ltr'><strong>resumpta</strong></span> <span class='ocrx_word' id='word_1_159' title='bbox 2791 1011 3028 1077; x_wconf 80' lang='lat' dir='ltr'><strong>ﬁducia,</strong></span> <span class='ocrx_word' id='word_1_160' title='bbox 3079 1030 3202 1084; x_wconf 65' lang='lat' dir='ltr'><strong>quae</strong></span> <span class='ocrx_word' id='word_1_161' title='bbox 3247 1013 3539 1087; x_wconf 80' lang='lat' dir='ltr'><strong>Philippus</strong></span> 
     </span>
    </p>
   </div>
   <div class='ocr_carea' id='block_1_24' title="bbox 1957 1105 3539 1174">
    <p class='ocr_par' dir='ltr' id='par_1_24' title="bbox 1957 1105 3539 1174">
     <span class='ocr_line' id='line_1_24' title="bbox 1957 1105 3539 1174; baseline 0.003 -16"><span class='ocrx_word' id='word_1_162' title='bbox 1957 1112 2290 1174; x_wconf 89' lang='lat' dir='ltr'><strong>occuparat,</strong></span> <span class='ocrx_word' id='word_1_163' title='bbox 2328 1105 2538 1173; x_wconf 71' lang='lat' dir='ltr'><strong>recepit</strong></span> <span class='ocrx_word' id='word_1_164' title='bbox 2559 1145 2573 1169; x_wconf 93' lang='lat'><strong>,</strong></span> <span class='ocrx_word' id='word_1_165' title='bbox 2602 1113 2658 1159; x_wconf 87' lang='lat' dir='ltr'><strong>et</strong></span> <span class='ocrx_word' id='word_1_166' title='bbox 2691 1105 2866 1160; x_wconf 88' lang='lat' dir='ltr'><strong>classe</strong></span> <span class='ocrx_word' id='word_1_167' title='bbox 2888 1105 3167 1161; x_wconf 82' lang='lat' dir='ltr'><strong>Romanos</strong></span> <span class='ocrx_word' id='word_1_168' title='bbox 3196 1109 3404 1163; x_wconf 88' lang='lat' dir='ltr'><strong>crebris</strong></span> <span class='ocrx_word' id='word_1_169' title='bbox 3436 1109 3539 1162; x_wconf 82' lang='lat' dir='ltr'><strong>de-</strong></span> 
     </span>
    </p>
   </div>
   <div class='ocr_carea' id='block_1_25' title="bbox 1961 1194 3539 1266">
    <p class='ocr_par' dir='ltr' id='par_1_25' title="bbox 1961 1194 3539 1266">
     <span class='ocr_line' id='line_1_25' title="bbox 1961 1194 3539 1266; baseline 0.004 -17"><span class='ocrx_word' id='word_1_170' title='bbox 1961 1194 2243 1250; x_wconf 84' lang='lat' dir='ltr'><strong>trimentis</strong></span> <span class='ocrx_word' id='word_1_171' title='bbox 2275 1195 2490 1260; x_wconf 80' lang='lat' dir='ltr'><strong>all‘ecit,</strong></span> <span class='ocrx_word' id='word_1_172' title='bbox 2527 1197 2832 1266; x_wconf 76' lang='lat' dir='ltr'><strong>asellisque</strong></span> <span class='ocrx_word' id='word_1_173' title='bbox 2861 1199 3061 1263; x_wconf 87' lang='lat' dir='ltr'><strong>sociis,</strong></span> <span class='ocrx_word' id='word_1_174' title='bbox 3094 1210 3208 1254; x_wconf 86' lang='lat' dir='ltr'><strong>tota</strong></span> <span class='ocrx_word' id='word_1_175' title='bbox 3237 1199 3446 1256; x_wconf 80' lang='lat' dir='ltr'><strong>Graecia</strong></span> <span class='ocrx_word' id='word_1_176' title='bbox 3480 1218 3539 1258; x_wconf 89' lang='lat' dir='ltr'><strong>se</strong></span> 
     </span>
    </p>
   </div>
   <div class='ocr_carea' id='block_1_26' title="bbox 1960 1287 3544 1365">
    <p class='ocr_par' dir='ltr' id='par_1_26' title="bbox 1960 1287 3544 1365">
     <span class='ocr_line' id='line_1_26' title="bbox 1960 1287 3544 1365; baseline 0.004 -23"><span class='ocrx_word' id='word_1_177' title='bbox 1960 1287 2242 1343; x_wconf 80' lang='lat' dir='ltr'><strong>Romanos</strong></span> <span class='ocrx_word' id='word_1_178' title='bbox 2271 1287 2581 1360; x_wconf 82' lang='lat' dir='ltr'><strong>ejecturum</strong></span> <span class='ocrx_word' id='word_1_179' title='bbox 2611 1290 2868 1360; x_wconf 80' lang='lat' dir='ltr'><strong>sperabat</strong></span> <span class='ocrx_word' id='word_1_180' title='bbox 2893 1311 2906 1345; x_wconf 86' lang='lat'>:</span> <span class='ocrx_word' id='word_1_181' title='bbox 2931 1290 3027 1346; x_wconf 90' lang='lat' dir='ltr'><strong>scd</strong></span> <span class='ocrx_word' id='word_1_182' title='bbox 3059 1291 3226 1347; x_wconf 87' lang='lat' dir='ltr'><strong>nimia</strong></span> <span class='ocrx_word' id='word_1_183' title='bbox 3256 1301 3312 1348; x_wconf 90' lang='lat' dir='ltr'><strong>et</strong></span> <span class='ocrx_word' id='word_1_184' title='bbox 3337 1293 3544 1365; x_wconf 87' lang='lat' dir='ltr'><strong>impor-</strong></span> 
     </span>
    </p>
   </div>
   <div class='ocr_carea' id='block_1_27' title="bbox 1964 1381 3543 1456">
    <p class='ocr_par' dir='ltr' id='par_1_27' title="bbox 1964 1381 3543 1456">
     <span class='ocr_line' id='line_1_27' title="bbox 1964 1381 3543 1456; baseline 0.005 -21"><span class='ocrx_word' id='word_1_185' title='bbox 1964 1391 2095 1435; x_wconf 81' lang='lat' dir='ltr'><strong>tuna</strong></span> <span class='ocrx_word' id='word_1_186' title='bbox 2142 1381 2525 1451; x_wconf 85' lang='lat' dir='ltr'><strong>parcimonia,</strong></span> <span class='ocrx_word' id='word_1_187' title='bbox 2571 1397 2638 1436; x_wconf 87' lang='lat' dir='ltr'><strong>cx</strong></span> <span class='ocrx_word' id='word_1_188' title='bbox 2685 1397 2864 1453; x_wconf 88' lang='lat' dir='ltr'><strong>eaque</strong></span> <span class='ocrx_word' id='word_1_189' title='bbox 2914 1384 3194 1439; x_wconf 87' lang='lat' dir='ltr'><strong>sociorum</strong></span> <span class='ocrx_word' id='word_1_190' title='bbox 3242 1387 3497 1456; x_wconf 82' lang='lat' dir='ltr'><strong>neglectu</strong></span> <span class='ocrx_word' id='word_1_191' title='bbox 3528 1429 3543 1454; x_wconf 98' lang='lat'><strong>,</strong></span> 
     </span>
    </p>
   </div>
   <div class='ocr_carea' id='block_1_28' title="bbox 1963 1472 3546 1544">
    <p class='ocr_par' dir='ltr' id='par_1_28' title="bbox 1963 1472 3546 1544">
     <span class='ocr_line' id='line_1_28' title="bbox 1963 1472 3546 1544; baseline 0.008 -18"><span class='ocrx_word' id='word_1_192' title='bbox 1963 1487 2160 1528; x_wconf 89' lang='lat' dir='ltr'><strong>rursus</strong></span> <span class='ocrx_word' id='word_1_193' title='bbox 2187 1473 2309 1544; x_wconf 86' lang='lat' dir='ltr'><strong>ejus</strong></span> <span class='ocrx_word' id='word_1_194' title='bbox 2338 1488 2472 1544; x_wconf 86' lang='lat' dir='ltr'><strong>opes</strong></span> <span class='ocrx_word' id='word_1_195' title='bbox 2515 1472 2824 1530; x_wconf 64' lang='lat' dir='ltr'><strong>imminutae</strong></span> <span class='ocrx_word' id='word_1_196' title='bbox 2854 1484 3006 1534; x_wconf 90' lang='lat' dir='ltr'><strong>sunt.</strong></span> <span class='ocrx_word' id='word_1_197' title='bbox 3037 1477 3224 1535; x_wconf 76' lang='lat' dir='ltr'><strong>Rebus</strong></span> <span class='ocrx_word' id='word_1_198' title='bbox 3253 1482 3398 1536; x_wconf 89' lang='lat' dir='ltr'><strong>enim</strong></span> <span class='ocrx_word' id='word_1_199' title='bbox 3433 1482 3546 1538; x_wconf 75' lang='lat' dir='ltr'><strong>Ilo-</strong></span> 
     </span>
    </p>
   </div>
   <div class='ocr_carea' id='block_1_29' title="bbox 1965 1564 3542 1640">
    <p class='ocr_par' dir='ltr' id='par_1_29' title="bbox 1965 1564 3542 1640">
     <span class='ocr_line' id='line_1_29' title="bbox 1965 1564 3542 1640; baseline 0.008 -23"><span class='ocrx_word' id='word_1_200' title='bbox 1965 1579 2253 1619; x_wconf 89' lang='lat' dir='ltr'><strong>manorum</strong></span> <span class='ocrx_word' id='word_1_201' title='bbox 2282 1564 2731 1634; x_wconf 81' lang='lat' dir='ltr'><strong>Iabesccntibus,</strong></span> <span class='ocrx_word' id='word_1_202' title='bbox 2765 1571 2880 1625; x_wconf 90' lang='lat' dir='ltr'><strong>suis</strong></span> <span class='ocrx_word' id='word_1_203' title='bbox 2926 1569 3287 1629; x_wconf 86' lang='lat' dir='ltr'><strong>incrementis</strong></span> <span class='ocrx_word' id='word_1_204' title='bbox 3333 1573 3542 1640; x_wconf 78' lang='lat' dir='ltr'><strong>fretus,</strong></span> 
     </span>
    </p>
   </div>
   <div class='ocr_carea' id='block_1_30' title="bbox 270 1656 1862 1735">
    <p class='ocr_par' dir='ltr' id='par_1_30' title="bbox 270 1659 1862 1734">
     <span class='ocr_line' id='line_1_30' title="bbox 270 1659 1862 1734; baseline -0.004 -15"><span class='ocrx_word' id='word_1_205' title='bbox 270 1665 493 1719; x_wconf 85' lang='grc' dir='ltr'>τόπεδον</span> <span class='ocrx_word' id='word_1_206' title='bbox 549 1661 885 1734; x_wconf 79' lang='grc' dir='ltr'><strong>ἀφικόμενος</strong></span> <span class='ocrx_word' id='word_1_207' title='bbox 938 1660 1057 1724; x_wconf 85' lang='grc' dir='ltr'>τούς</span> <span class='ocrx_word' id='word_1_208' title='bbox 1115 1677 1177 1714; x_wconf 85' lang='grc' dir='ltr'><strong>τε</strong></span> <span class='ocrx_word' id='word_1_209' title='bbox 1222 1659 1534 1732; x_wconf 81' lang='grc' dir='ltr'><strong>Ῥωμαίους</strong></span> <span class='ocrx_word' id='word_1_210' title='bbox 1581 1659 1678 1712; x_wconf 77' lang='grc' dir='ltr'>καὶ</span> <span class='ocrx_word' id='word_1_211' title='bbox 1733 1661 1862 1721; x_wconf 62' lang='grc' dir='ltr'>τοὺς</span> 
     </span>
    </p>
   </div>
   <div class='ocr_carea' id='block_1_31' title="bbox 1967 1656 3547 1735">
    <p class='ocr_par' dir='ltr' id='par_1_31' title="bbox 1967 1656 3547 1735">
     <span class='ocr_line' id='line_1_31' title="bbox 1967 1656 3547 1735; baseline 0.007 -24"><span class='ocrx_word' id='word_1_212' title='bbox 1967 1656 2152 1714; x_wconf 78' lang='lat' dir='ltr'><strong>socios</strong></span> <span class='ocrx_word' id='word_1_213' title='bbox 2196 1660 2272 1712; x_wconf 88' lang='lat' dir='ltr'><strong>ita</strong></span> <span class='ocrx_word' id='word_1_214' title='bbox 2325 1657 2689 1729; x_wconf 81' lang='lat' dir='ltr'><strong>contempsit,</strong></span> <span class='ocrx_word' id='word_1_215' title='bbox 2735 1660 2894 1730; x_wconf 86' lang='lat' dir='ltr'><strong>quasi</strong></span> <span class='ocrx_word' id='word_1_216' title='bbox 2937 1677 3134 1718; x_wconf 88' lang='lat' dir='ltr'><strong>eorum</strong></span> <span class='ocrx_word' id='word_1_217' title='bbox 3183 1679 3352 1735; x_wconf 86' lang='lat' dir='ltr'><strong>opera</strong></span> <span class='ocrx_word' id='word_1_218' title='bbox 3404 1666 3547 1723; x_wconf 88' lang='lat' dir='ltr'><strong>nihil</strong></span> 
     </span>
    </p>
   </div>
   <div class='ocr_carea' id='block_1_32' title="bbox 273 1750 1862 1828">
    <p class='ocr_par' dir='ltr' id='par_1_32' title="bbox 273 1750 1862 1828">
     <span class='ocr_line' id='line_1_32' title="bbox 273 1750 1862 1828; baseline -0.004 -17"><span class='ocrx_word' id='word_1_219' title='bbox 273 1759 599 1828; x_wconf 75' lang='grc' dir='ltr'><strong>συμμάχους</strong></span> <span class='ocrx_word' id='word_1_220' title='bbox 652 1754 896 1826; x_wconf 79' lang='grc' dir='ltr'>ὲξήσκει,</span> <span class='ocrx_word' id='word_1_221' title='bbox 933 1753 1076 1807; x_wconf 84' lang='grc' dir='ltr'>ὥστε</span> <span class='ocrx_word' id='word_1_222' title='bbox 1123 1752 1378 1807; x_wconf 88' lang='grc' dir='ltr'>δείσαντα</span> <span class='ocrx_word' id='word_1_223' title='bbox 1404 1751 1495 1805; x_wconf 80' lang='grc' dir='ltr'><strong>τὸν</strong></span> <span class='ocrx_word' id='word_1_224' title='bbox 1551 1750 1770 1820; x_wconf 83' lang='grc' dir='ltr'>Περσέα</span> <span class='ocrx_word' id='word_1_225' title='bbox 1804 1753 1862 1804; x_wconf 80' lang='grc' dir='ltr'><strong>ἐν</strong></span> 
     </span>
    </p>
   </div>
   <div class='ocr_carea' id='block_1_33' title="bbox 1967 1750 3545 1828">
    <p class='ocr_par' dir='ltr' id='par_1_33' title="bbox 1968 1751 3545 1828">
     <span class='ocr_line' id='line_1_33' title="bbox 1968 1751 3545 1828; baseline 0.006 -23"><span class='ocrx_word' id='word_1_226' title='bbox 1968 1759 2118 1806; x_wconf 86' lang='lat' dir='ltr'><strong>esset</strong></span> <span class='ocrx_word' id='word_1_227' title='bbox 2142 1765 2324 1821; x_wconf 86' lang='lat' dir='ltr'><strong>opus:</strong></span> <span class='ocrx_word' id='word_1_228' title='bbox 2359 1766 2463 1806; x_wconf 89' lang='lat' dir='ltr'><strong>nec</strong></span> <span class='ocrx_word' id='word_1_229' title='bbox 2508 1751 2840 1822; x_wconf 84' lang='lat' dir='ltr'><strong>promissam</strong></span> <span class='ocrx_word' id='word_1_230' title='bbox 2875 1754 2986 1811; x_wconf 88' lang='lat' dir='ltr'><strong>illis</strong></span> <span class='ocrx_word' id='word_1_231' title='bbox 3033 1758 3325 1828; x_wconf 87' lang='lat' dir='ltr'><strong>pecuniam</strong></span> <span class='ocrx_word' id='word_1_232' title='bbox 3371 1757 3545 1814; x_wconf 83' lang='lat' dir='ltr'><strong>dedit.</strong></span> 
     </span>
    </p>
   </div>
   <div class='ocr_carea' id='block_1_34' title="bbox 269 1814 1862 1926">
    <p class='ocr_par' dir='ltr' id='par_1_34' title="bbox 269 1814 1859 1920">
     <span class='ocr_line' id='line_1_34' title="bbox 269 1814 1859 1920; baseline -0.006 -17"><span class='ocrx_word' id='word_1_233' title='bbox 269 1814 357 1920; x_wconf 49' lang='lat' dir='ltr'><strong>si];</strong></span> <span class='ocrx_word' id='word_1_234' title='bbox 564 1814 641 1919; x_wconf 79' lang='grc' dir='ltr'><strong>τῷ</strong></span> <span class='ocrx_word' id='word_1_235' title='bbox 695 1814 1056 1916; x_wconf 37' lang='grc' dir='ltr'>Μακεδονικῷ</span> <span class='ocrx_word' id='word_1_236' title='bbox 1113 1844 1226 1917; x_wconf 69' lang='grc'><strong>(49)</strong></span> <span class='ocrx_word' id='word_1_237' title='bbox 1261 1845 1356 1898; x_wconf 69' lang='grc' dir='ltr'>καὶ</span> <span class='ocrx_word' id='word_1_238' title='bbox 1395 1843 1533 1915; x_wconf 84' lang='grc' dir='ltr'>πρὸς</span> <span class='ocrx_word' id='word_1_239' title='bbox 1564 1814 1679 1908; x_wconf 79' lang='grc' dir='ltr'>τοῖς</span> <span class='ocrx_word' id='word_1_240' title='bbox 1711 1843 1859 1914; x_wconf 81' lang='grc' dir='ltr'>Τέμ·</span> 
     </span>
    </p>
   </div>
   <div class='ocr_carea' id='block_1_35' title="bbox 1967 1814 3548 1926">
    <p class='ocr_par' dir='ltr' id='par_1_35' title="bbox 1967 1814 3548 1926">
     <span class='ocr_line' id='line_1_35' title="bbox 1967 1814 3548 1926; baseline 0.007 -28"><span class='ocrx_word' id='word_1_241' title='bbox 1967 1843 2217 1899; x_wconf 87' lang='lat' dir='ltr'><strong>Aliorum</strong></span> <span class='ocrx_word' id='word_1_242' title='bbox 2252 1843 2734 1921; x_wconf 74' lang='lat' dir='ltr'><strong>igiturlalaeritate</strong></span> <span class='ocrx_word' id='word_1_243' title='bbox 2763 1814 3095 1918; x_wconf 74' lang='lat' dir='ltr'><strong>imminuta,</strong></span> <span class='ocrx_word' id='word_1_244' title='bbox 3129 1851 3198 1907; x_wconf 90' lang='lat' dir='ltr'><strong>ab</strong></span> <span class='ocrx_word' id='word_1_245' title='bbox 3231 1852 3356 1909; x_wconf 87' lang='lat' dir='ltr'><strong>aliis</strong></span> <span class='ocrx_word' id='word_1_246' title='bbox 3385 1853 3548 1926; x_wconf 86' lang='lat' dir='ltr'><strong>plane</strong></span> 
     </span>
    </p>
   </div>
   <div class='ocr_carea' id='block_1_36' title="bbox 271 1937 1862 2017">
    <p class='ocr_par' dir='ltr' id='par_1_36' title="bbox 271 1937 1862 2014">
     <span class='ocr_line' id='line_1_36' title="bbox 271 1937 1862 2014; baseline -0.004 -18"><span class='ocrx_word' id='word_1_247' title='bbox 271 1959 432 1996; x_wconf 83' lang='grc' dir='ltr'>πεσιν</span> <span class='ocrx_word' id='word_1_248' title='bbox 462 1941 697 2014; x_wconf 78' lang='grc' dir='ltr'>ἡσυχίαν</span> <span class='ocrx_word' id='word_1_249' title='bbox 727 1940 907 2009; x_wconf 78' lang='grc' dir='ltr'>ἄγειν,</span> <span class='ocrx_word' id='word_1_250' title='bbox 942 1939 1037 1994; x_wconf 78' lang='grc' dir='ltr'>καὶ</span> <span class='ocrx_word' id='word_1_251' title='bbox 1085 1937 1158 1992; x_wconf 84' lang='grc' dir='ltr'>τὰ</span> <span class='ocrx_word' id='word_1_252' title='bbox 1193 1937 1360 1992; x_wconf 84' lang='grc' dir='ltr'>στενά</span> <span class='ocrx_word' id='word_1_253' title='bbox 1393 1939 1604 2009; x_wconf 82' lang='grc' dir='ltr'><strong>τηρεῖν.</strong></span> <span class='ocrx_word' id='word_1_254' title='bbox 1637 1937 1862 2008; x_wconf 85' lang='grc' dir='ltr'>Θαρσή-</span> 
     </span>
    </p>
   </div>
   <div class='ocr_carea' id='block_1_37' title="bbox 1967 1937 3544 2017">
    <p class='ocr_par' dir='ltr' id='par_1_37' title="bbox 1967 1937 3544 2017">
     <span class='ocr_line' id='line_1_37' title="bbox 1967 1937 3544 2017; baseline 0.01 -31"><span class='ocrx_word' id='word_1_255' title='bbox 1967 1938 2288 2002; x_wconf 78' lang='lat' dir='ltr'><strong>.lestitutus,</strong></span> <span class='ocrx_word' id='word_1_256' title='bbox 2318 1937 2392 1993; x_wconf 86' lang='lat' dir='ltr'><strong>ita</strong></span> <span class='ocrx_word' id='word_1_257' title='bbox 2424 1939 2590 1994; x_wconf 87' lang='lat' dir='ltr'><strong>rebus</strong></span> <span class='ocrx_word' id='word_1_258' title='bbox 2613 1939 2730 1996; x_wconf 91' lang='lat' dir='ltr'><strong>suis</strong></span> <span class='ocrx_word' id='word_1_259' title='bbox 2752 1939 3000 1999; x_wconf 84' lang='lat' dir='ltr'><strong>dillidere</strong></span> <span class='ocrx_word' id='word_1_260' title='bbox 3030 1946 3232 2015; x_wconf 85' lang='lat' dir='ltr'><strong>coepit,</strong></span> <span class='ocrx_word' id='word_1_261' title='bbox 3263 1952 3324 2001; x_wconf 90' lang='lat' dir='ltr'><strong>ut</strong></span> <span class='ocrx_word' id='word_1_262' title='bbox 3351 1962 3544 2017; x_wconf 88' lang='lat' dir='ltr'><strong>pacem</strong></span> 
     </span>
    </p>
   </div>
   <div class='ocr_carea' id='block_1_38' title="bbox 270 2026 1862 2108">
    <p class='ocr_par' dir='ltr' id='par_1_38' title="bbox 270 2026 1862 2100">
     <span class='ocr_line' id='line_1_38' title="bbox 270 2026 1862 2100; baseline -0.007 -11"><span class='ocrx_word' id='word_1_263' title='bbox 270 2053 369 2100; x_wconf 80' lang='grc' dir='ltr'><strong>σας</strong></span> <span class='ocrx_word' id='word_1_264' title='bbox 397 2035 454 2088; x_wconf 81' lang='grc' dir='ltr'><strong>δέ</strong></span> <span class='ocrx_word' id='word_1_265' title='bbox 481 2035 570 2089; x_wconf 76' lang='grc' dir='ltr'><strong>διὰ</strong></span> <span class='ocrx_word' id='word_1_266' title='bbox 595 2032 770 2087; x_wconf 78' lang='grc' dir='ltr'>ταῦτα</span> <span class='ocrx_word' id='word_1_267' title='bbox 801 2033 829 2085; x_wconf 84' lang='lat'><strong>6</strong></span> <span class='ocrx_word' id='word_1_268' title='bbox 857 2029 1128 2093; x_wconf 80' lang='grc' dir='ltr'>Φίλιππος</span> <span class='ocrx_word' id='word_1_269' title='bbox 1159 2028 1253 2082; x_wconf 88' lang='grc' dir='ltr'>διὰ</span> <span class='ocrx_word' id='word_1_270' title='bbox 1286 2027 1470 2098; x_wconf 91' lang='grc' dir='ltr'>μέσων</span> <span class='ocrx_word' id='word_1_271' title='bbox 1508 2028 1654 2098; x_wconf 85' lang='grc' dir='ltr'>ὀρῶν</span> <span class='ocrx_word' id='word_1_272' title='bbox 1685 2026 1862 2093; x_wconf 59' lang='grc' dir='ltr'>ὑπερ,</span> 
     </span>
    </p>
   </div>
   <div class='ocr_carea' id='block_1_39' title="bbox 1967 2026 3546 2108">
    <p class='ocr_par' dir='ltr' id='par_1_39' title="bbox 1967 2031 3546 2108">
     <span class='ocr_line' id='line_1_39' title="bbox 1967 2031 3546 2108; baseline 0.009 -26"><span class='ocrx_word' id='word_1_273' title='bbox 1967 2038 2215 2099; x_wconf 78' lang='lat' dir='ltr'><strong>peteret:</strong></span> <span class='ocrx_word' id='word_1_274' title='bbox 2250 2043 2486 2100; x_wconf 88' lang='lat' dir='ltr'><strong>eamque</strong></span> <span class='ocrx_word' id='word_1_275' title='bbox 2516 2047 2616 2103; x_wconf 88' lang='lat' dir='ltr'><strong>per</strong></span> <span class='ocrx_word' id='word_1_276' title='bbox 2646 2031 2954 2091; x_wconf 86' lang='lat' dir='ltr'><strong>Eumenem</strong></span> <span class='ocrx_word' id='word_1_277' title='bbox 3005 2036 3394 2108; x_wconf 90' lang='lat' dir='ltr'><strong>impetrasset,</strong></span> <span class='ocrx_word' id='word_1_278' title='bbox 3441 2041 3546 2097; x_wconf 90' lang='lat' dir='ltr'><strong>nisi</strong></span> 
     </span>
    </p>
   </div>
   <div class='ocr_carea' id='block_1_40' title="bbox 269 2115 1862 2197">
    <p class='ocr_par' dir='ltr' id='par_1_40' title="bbox 269 2115 1862 2195">
     <span class='ocr_line' id='line_1_40' title="bbox 269 2115 1862 2195; baseline -0.008 -13"><span class='ocrx_word' id='word_1_279' title='bbox 269 2127 449 2195; x_wconf 84' lang='grc' dir='ltr'>έϐαλε,</span> <span class='ocrx_word' id='word_1_280' title='bbox 501 2128 595 2181; x_wconf 86' lang='grc' dir='ltr'><strong>καί</strong></span> <span class='ocrx_word' id='word_1_281' title='bbox 645 2142 767 2180; x_wconf 90' lang='grc' dir='ltr'>τινα</span> <span class='ocrx_word' id='word_1_282' title='bbox 818 2122 912 2178; x_wconf 77' lang='grc' dir='ltr'>τοῦ</span> <span class='ocrx_word' id='word_1_283' title='bbox 954 2120 1209 2194; x_wconf 77' lang='grc' dir='ltr'>Περσέως</span> <span class='ocrx_word' id='word_1_284' title='bbox 1261 2119 1518 2190; x_wconf 87' lang='grc' dir='ltr'>κατέσχε.</span> <span class='ocrx_word' id='word_1_285' title='bbox 1574 2115 1862 2189; x_wconf 78' lang='grc' dir='ltr'>ῐΙρο’ίὼνδ’</span> 
     </span>
    </p>
   </div>
   <div class='ocr_carea' id='block_1_41' title="bbox 1967 2115 3548 2197">
    <p class='ocr_par' dir='ltr' id='par_1_41' title="bbox 1967 2120 3548 2197">
     <span class='ocr_line' id='line_1_41' title="bbox 1967 2120 3548 2197; baseline 0.009 -21"><span class='ocrx_word' id='word_1_286' title='bbox 1967 2120 2168 2177; x_wconf 78' lang='lat' dir='ltr'><strong>Rhodii</strong></span> <span class='ocrx_word' id='word_1_287' title='bbox 2204 2121 2398 2193; x_wconf 82' lang='lat' dir='ltr'><strong>legatis</strong></span> <span class='ocrx_word' id='word_1_288' title='bbox 2424 2123 2671 2194; x_wconf 87' lang='lat' dir='ltr'><strong>adjuncti</strong></span> <span class='ocrx_word' id='word_1_289' title='bbox 2698 2127 2943 2197; x_wconf 87' lang='lat' dir='ltr'><strong>superba</strong></span> <span class='ocrx_word' id='word_1_290' title='bbox 2974 2130 3231 2186; x_wconf 86' lang='lat' dir='ltr'><strong>oratione</strong></span> <span class='ocrx_word' id='word_1_291' title='bbox 3266 2132 3548 2189; x_wconf 79' lang='lat' dir='ltr'><strong>Ilomano—</strong></span> 
     </span>
    </p>
   </div>
   <div class='ocr_carea' id='block_1_42' title="bbox 268 2211 1862 2291">
    <p class='ocr_par' dir='ltr' id='par_1_42' title="bbox 268 2211 1862 2291">
     <span class='ocr_line' id='line_1_42' title="bbox 268 2211 1862 2291; baseline -0.007 -16"><span class='ocrx_word' id='word_1_292' title='bbox 268 2221 366 2276; x_wconf 78' lang='grc' dir='ltr'><strong>ἐπὶ</strong></span> <span class='ocrx_word' id='word_1_293' title='bbox 391 2224 494 2290; x_wconf 78' lang='grc' dir='ltr'>τῆς</span> <span class='ocrx_word' id='word_1_294' title='bbox 524 2219 736 2291; x_wconf 79' lang='grc' dir='ltr'><strong>Πύδνης</strong></span> <span class='ocrx_word' id='word_1_295' title='bbox 776 2216 890 2288; x_wconf 84' lang='grc'><strong>(50)</strong></span> <span class='ocrx_word' id='word_1_296' title='bbox 919 2215 1029 2270; x_wconf 81' lang='grc' dir='ltr'>τῶν</span> <span class='ocrx_word' id='word_1_297' title='bbox 1060 2211 1386 2284; x_wconf 77' lang='grc' dir='ltr'>ἐπιτηδείων</span> <span class='ocrx_word' id='word_1_298' title='bbox 1421 2211 1709 2275; x_wconf 80' lang='grc' dir='ltr'>ἐσπάνισε,</span> <span class='ocrx_word' id='word_1_299' title='bbox 1768 2214 1862 2266; x_wconf 78' lang='grc' dir='ltr'>καὶ</span> 
     </span>
    </p>
   </div>
   <div class='ocr_carea' id='block_1_43' title="bbox 1967 2211 2725 2291">
    <p class='ocr_par' dir='ltr' id='par_1_43' title="bbox 1967 2215 2725 2276">
     <span class='ocr_line' id='line_1_43' title="bbox 1967 2215 2725 2276; baseline 0.009 -8"><span class='ocrx_word' id='word_1_300' title='bbox 1967 2229 2085 2269; x_wconf 92' lang='lat' dir='ltr'><strong>rum</strong></span> <span class='ocrx_word' id='word_1_301' title='bbox 2120 2215 2338 2276; x_wconf 87' lang='lat' dir='ltr'><strong>animos</strong></span> <span class='ocrx_word' id='word_1_302' title='bbox 2367 2215 2725 2275; x_wconf 85' lang='lat' dir='ltr'><strong>alienassent.</strong></span> 
     </span>
    </p>
   </div>
   <div class='ocr_carea' id='block_1_44' title="bbox 268 2301 3550 2395">
    <p class='ocr_par' dir='ltr' id='par_1_44' title="bbox 268 2301 3550 2395">
     <span class='ocr_line' id='line_1_44' title="bbox 268 2301 3550 2395; baseline 0.002 -27"><span class='ocrx_word' id='word_1_303' title='bbox 268 2317 349 2379; x_wconf 81' lang='grc' dir='ltr'><strong>είς</strong></span> <span class='ocrx_word' id='word_1_304' title='bbox 377 2315 476 2386; x_wconf 74' lang='grc' dir='ltr'>τὴν</span> <span class='ocrx_word' id='word_1_305' title='bbox 505 2311 810 2367; x_wconf 82' lang='grc' dir='ltr'>Θεσσαλίαν</span> <span class='ocrx_word' id='word_1_306' title='bbox 840 2308 1161 2380; x_wconf 76' lang='grc' dir='ltr'>ἀνέστρεψε.</span> <span class='ocrx_word' id='word_1_307' title='bbox 1197 2307 1307 2361; x_wconf 77' lang='grc' dir='ltr'><strong>Καὶ</strong></span> <span class='ocrx_word' id='word_1_308' title='bbox 1357 2301 1514 2370; x_wconf 82' lang='grc' dir='ltr'>αὖθις</span> <span class='ocrx_word' id='word_1_309' title='bbox 1544 2307 1572 2359; x_wconf 98' lang='lat'><strong>6</strong></span> <span class='ocrx_word' id='word_1_310' title='bbox 1605 2305 1851 2375; x_wconf 77' lang='grc' dir='ltr'>Περσεὺς</span> <span class='ocrx_word' id='word_1_311' title='bbox 1890 2307 2235 2380; x_wconf 78' lang='grc' dir='ltr'>ἀνεθάρσησε</span> <span class='ocrx_word' id='word_1_312' title='bbox 2278 2311 2375 2364; x_wconf 73' lang='grc' dir='ltr'><strong>καὶ</strong></span> <span class='ocrx_word' id='word_1_313' title='bbox 2439 2311 2475 2367; x_wconf 77' lang='grc' dir='ltr'><strong>δι</strong></span> <span class='ocrx_word' id='word_1_314' title='bbox 2510 2315 2778 2385; x_wconf 84' lang='grc' dir='ltr'>κατέσχεν</span> <span class='ocrx_word' id='word_1_315' title='bbox 2843 2317 2870 2370; x_wconf 92' lang='lat'><strong>6</strong></span> <span class='ocrx_word' id='word_1_316' title='bbox 2901 2316 3169 2384; x_wconf 78' lang='grc' dir='ltr'>Φίλιππος</span> <span class='ocrx_word' id='word_1_317' title='bbox 3211 2321 3550 2395; x_wconf 74' lang='grc' dir='ltr'><strong>ἀνεκτήσατο</strong></span> 
     </span>
    </p>
   </div>
   <div class='ocr_carea' id='block_1_45' title="bbox 269 2401 3549 2486">
    <p class='ocr_par' dir='ltr' id='par_1_45' title="bbox 269 2401 3549 2486">
     <span class='ocr_line' id='line_1_45' title="bbox 269 2401 3549 2486; baseline 0 -21"><span class='ocrx_word' id='word_1_318' title='bbox 269 2413 362 2466; x_wconf 71' lang='grc' dir='ltr'>καὶ</span> <span class='ocrx_word' id='word_1_319' title='bbox 415 2408 494 2482; x_wconf 86' lang='grc' dir='ltr'>τῷ</span> <span class='ocrx_word' id='word_1_320' title='bbox 551 2405 796 2478; x_wconf 88' lang='grc' dir='ltr'>ναυτικῷ</span> <span class='ocrx_word' id='word_1_321' title='bbox 855 2405 1029 2476; x_wconf 90' lang='grc' dir='ltr'>συχνά</span> <span class='ocrx_word' id='word_1_322' title='bbox 1081 2403 1208 2467; x_wconf 82' lang='grc' dir='ltr'>τοὺς</span> <span class='ocrx_word' id='word_1_323' title='bbox 1277 2401 1584 2473; x_wconf 84' lang='grc' dir='ltr'>Ῥωμαίους</span> <span class='ocrx_word' id='word_1_324' title='bbox 1643 2402 1854 2468; x_wconf 80' lang='grc' dir='ltr'>ἐλύπει,</span> <span class='ocrx_word' id='word_1_325' title='bbox 1898 2406 2222 2477; x_wconf 79' lang='grc' dir='ltr'>συμμάχους</span> <span class='ocrx_word' id='word_1_326' title='bbox 2266 2424 2329 2460; x_wconf 88' lang='grc' dir='ltr'><strong>τε</strong></span> <span class='ocrx_word' id='word_1_327' title='bbox 2384 2409 2775 2480; x_wconf 81' lang='grc' dir='ltr'><strong>προσηγάγετο</strong></span> <span class='ocrx_word' id='word_1_328' title='bbox 2845 2410 2938 2465; x_wconf 77' lang='grc' dir='ltr'><strong>καὶ</strong></span> <span class='ocrx_word' id='word_1_329' title='bbox 2989 2412 3166 2486; x_wconf 85' lang='grc' dir='ltr'>πάντη</span> <span class='ocrx_word' id='word_1_330' title='bbox 3213 2416 3342 2479; x_wconf 85' lang='grc' dir='ltr'>τοὺς</span> <span class='ocrx_word' id='word_1_331' title='bbox 3414 2416 3549 2471; x_wconf 87' lang='grc' dir='ltr'><strong>Ῥω-</strong></span> 
     </span>
    </p>
   </div>
   <div class='ocr_carea' id='block_1_46' title="bbox 273 2496 3550 2582">
    <p class='ocr_par' dir='ltr' id='par_1_46' title="bbox 273 2496 3550 2582">
     <span class='ocr_line' id='line_1_46' title="bbox 273 2496 3550 2582; baseline 0.001 -23"><span class='ocrx_word' id='word_1_332' title='bbox 273 2507 468 2579; x_wconf 81' lang='grc' dir='ltr'>μαίους</span> <span class='ocrx_word' id='word_1_333' title='bbox 509 2505 572 2558; x_wconf 87' lang='grc' dir='ltr'><strong>ἐκ</strong></span> <span class='ocrx_word' id='word_1_334' title='bbox 604 2507 705 2576; x_wconf 79' lang='grc' dir='ltr'>τῆς</span> <span class='ocrx_word' id='word_1_335' title='bbox 745 2501 999 2563; x_wconf 82' lang='grc' dir='ltr'>Ἑλλάδος</span> <span class='ocrx_word' id='word_1_336' title='bbox 1048 2498 1280 2571; x_wconf 67' lang='grc' dir='ltr'>ἤλπισεν</span> <span class='ocrx_word' id='word_1_337' title='bbox 1330 2496 1602 2553; x_wconf 84' lang='grc' dir='ltr'>ἐκϐαλεῖν.</span> <span class='ocrx_word' id='word_1_338' title='bbox 1665 2499 1743 2569; x_wconf 83' lang='grc' dir='ltr'><strong>Τῇ</strong></span> <span class='ocrx_word' id='word_1_339' title='bbox 1794 2498 1852 2552; x_wconf 81' lang='grc' dir='ltr'>δὲ</span> <span class='ocrx_word' id='word_1_340' title='bbox 1891 2498 2061 2570; x_wconf 79' lang='grc' dir='ltr'>πολλῇ</span> <span class='ocrx_word' id='word_1_341' title='bbox 2095 2499 2187 2553; x_wconf 70' lang='grc' dir='ltr'><strong>καὶ</strong></span> <span class='ocrx_word' id='word_1_342' title='bbox 2232 2500 2450 2572; x_wconf 80' lang='grc' dir='ltr'>ἀκαίρῳ</span> <span class='ocrx_word' id='word_1_343' title='bbox 2481 2501 2764 2573; x_wconf 71' lang='grc' dir='ltr'>φειδωλία,</span> <span class='ocrx_word' id='word_1_344' title='bbox 2801 2505 2898 2560; x_wconf 79' lang='grc' dir='ltr'>καὶ</span> <span class='ocrx_word' id='word_1_345' title='bbox 2945 2508 3010 2578; x_wconf 81' lang='grc' dir='ltr'>τῇ</span> <span class='ocrx_word' id='word_1_346' title='bbox 3087 2507 3157 2561; x_wconf 90' lang='grc' dir='ltr'>δι’</span> <span class='ocrx_word' id='word_1_347' title='bbox 3221 2509 3394 2582; x_wconf 82' lang='grc' dir='ltr'>αὐτὴν</span> <span class='ocrx_word' id='word_1_348' title='bbox 3441 2511 3550 2564; x_wconf 82' lang='grc' dir='ltr'><strong>τῶν</strong></span> 
     </span>
    </p>
   </div>
   <div class='ocr_carea' id='block_1_47' title="bbox 270 2586 3550 2678">
    <p class='ocr_par' dir='ltr' id='par_1_47' title="bbox 270 2586 3550 2678">
     <span class='ocr_line' id='line_1_47' title="bbox 270 2586 3550 2678; baseline -0.004 -6"><span class='ocrx_word' id='word_1_349' title='bbox 270 2599 579 2671; x_wconf 79' lang='grc' dir='ltr'><strong>συμμάχων</strong></span> <span class='ocrx_word' id='word_1_350' title='bbox 608 2593 873 2667; x_wconf 66' lang='grc' dir='ltr'><strong>ὀλιτειιιρίιι</strong></span> <span class='ocrx_word' id='word_1_351' title='bbox 905 2591 1138 2663; x_wconf 80' lang='grc' dir='ltr'>ἀσθενὴς</span> <span class='ocrx_word' id='word_1_352' title='bbox 1164 2586 1322 2678; x_wconf 70' lang='grc' dir='ltr'>αὖθις</span> <span class='ocrx_word' id='word_1_353' title='bbox 1353 2589 1594 2658; x_wconf 69' lang='grc' dir='ltr'>ἐγένετο.</span> <span class='ocrx_word' id='word_1_354' title='bbox 1663 2589 1754 2655; x_wconf 83' lang='grc' dir='ltr'><strong>Ὠς</strong></span> <span class='ocrx_word' id='word_1_355' title='bbox 1785 2593 1895 2662; x_wconf 74' lang='grc' dir='ltr'>γὰρ</span> <span class='ocrx_word' id='word_1_356' title='bbox 1931 2592 2002 2644; x_wconf 71' lang='grc' dir='ltr'>τὰ</span> <span class='ocrx_word' id='word_1_357' title='bbox 2060 2593 2170 2648; x_wconf 84' lang='grc' dir='ltr'><strong>τῶν</strong></span> <span class='ocrx_word' id='word_1_358' title='bbox 2215 2592 2504 2665; x_wconf 81' lang='grc' dir='ltr'>Ῥωμαίων</span> <span class='ocrx_word' id='word_1_359' title='bbox 2535 2595 2808 2665; x_wconf 80' lang='grc' dir='ltr'>ὑπεδίδου,</span> <span class='ocrx_word' id='word_1_360' title='bbox 2845 2600 2913 2654; x_wconf 64' lang='grc' dir='ltr'>τι</span> <span class='ocrx_word' id='word_1_361' title='bbox 2940 2599 2986 2652; x_wconf 80' lang='grc' dir='ltr'>δ’</span> <span class='ocrx_word' id='word_1_362' title='bbox 3010 2601 3223 2656; x_wconf 79' lang='grc' dir='ltr'>ἐκείνου</span> <span class='ocrx_word' id='word_1_363' title='bbox 3257 2604 3550 2675; x_wconf 77' lang='grc' dir='ltr'>ὲπηύξετο,</span> 
     </span>
    </p>
   </div>
   <div class='ocr_carea' id='block_1_48' title="bbox 271 2685 3550 2772">
    <p class='ocr_par' dir='ltr' id='par_1_48' title="bbox 271 2685 3550 2772">
     <span class='ocr_line' id='line_1_48' title="bbox 271 2685 3550 2772; baseline 0.003 -21"><span class='ocrx_word' id='word_1_364' title='bbox 271 2698 682 2768; x_wconf 75' lang='grc' dir='ltr'>κατεφρόνησεν</span> <span class='ocrx_word' id='word_1_365' title='bbox 727 2693 802 2756; x_wconf 85' lang='grc' dir='ltr'>ὡς</span> <span class='ocrx_word' id='word_1_366' title='bbox 858 2690 1013 2744; x_wconf 80' lang='grc' dir='ltr'>οὐδὲν</span> <span class='ocrx_word' id='word_1_367' title='bbox 1045 2687 1126 2742; x_wconf 77' lang='grc' dir='ltr'><strong>ἐτι</strong></span> <span class='ocrx_word' id='word_1_368' title='bbox 1177 2685 1289 2741; x_wconf 85' lang='grc' dir='ltr'>τῶν</span> <span class='ocrx_word' id='word_1_369' title='bbox 1327 2687 1638 2758; x_wconf 84' lang='grc' dir='ltr'>συμμάχων</span> <span class='ocrx_word' id='word_1_370' title='bbox 1698 2686 1978 2758; x_wconf 84' lang='grc' dir='ltr'>δεόμενος,</span> <span class='ocrx_word' id='word_1_371' title='bbox 2049 2689 2145 2745; x_wconf 80' lang='grc' dir='ltr'><strong>καὶ</strong></span> <span class='ocrx_word' id='word_1_372' title='bbox 2208 2690 2309 2745; x_wconf 86' lang='grc' dir='ltr'><strong>οὐκ</strong></span> <span class='ocrx_word' id='word_1_373' title='bbox 2379 2692 2555 2746; x_wconf 88' lang='grc' dir='ltr'>ἐδίδου</span> <span class='ocrx_word' id='word_1_374' title='bbox 2589 2696 2850 2764; x_wconf 81' lang='grc' dir='ltr'>χρήματα</span> <span class='ocrx_word' id='word_1_375' title='bbox 2881 2696 3066 2767; x_wconf 83' lang='grc' dir='ltr'>σφίσιν</span> <span class='ocrx_word' id='word_1_376' title='bbox 3092 2698 3128 2754; x_wconf 80' lang='grc' dir='ltr'>ἃ</span> <span class='ocrx_word' id='word_1_377' title='bbox 3155 2701 3550 2772; x_wconf 84' lang='grc' dir='ltr'>ἐπηγγείλατο.</span> 
     </span>
    </p>
   </div>
   <div class='ocr_carea' id='block_1_49' title="bbox 268 2783 3552 2868">
    <p class='ocr_par' dir='ltr' id='par_1_49' title="bbox 268 2783 3552 2868">
     <span class='ocr_line' id='line_1_49' title="bbox 268 2783 3552 2868; baseline 0.002 -17"><span class='ocrx_word' id='word_1_378' title='bbox 268 2796 391 2851; x_wconf 85' lang='grc' dir='ltr'><strong>Τῶν</strong></span> <span class='ocrx_word' id='word_1_379' title='bbox 420 2795 518 2866; x_wconf 70' lang='grc' dir='ltr'>μὲν</span> <span class='ocrx_word' id='word_1_380' title='bbox 541 2789 634 2847; x_wconf 82' lang='grc' dir='ltr'>οὖν</span> <span class='ocrx_word' id='word_1_381' title='bbox 669 2787 1094 2862; x_wconf 85' lang='grc' dir='ltr'>ἀμϐλυνθέντων</span> <span class='ocrx_word' id='word_1_382' title='bbox 1126 2785 1186 2839; x_wconf 82' lang='grc' dir='ltr'>τὸ</span> <span class='ocrx_word' id='word_1_383' title='bbox 1217 2783 1524 2856; x_wconf 83' lang='grc' dir='ltr'>πρόθυμον,</span> <span class='ocrx_word' id='word_1_384' title='bbox 1557 2783 1666 2838; x_wconf 83' lang='grc' dir='ltr'>τῶν</span> <span class='ocrx_word' id='word_1_385' title='bbox 1703 2785 1762 2838; x_wconf 83' lang='grc' dir='ltr'>δὲ</span> <span class='ocrx_word' id='word_1_386' title='bbox 1805 2786 1898 2839; x_wconf 76' lang='grc' dir='ltr'><strong>καὶ</strong></span> <span class='ocrx_word' id='word_1_387' title='bbox 1937 2787 2124 2842; x_wconf 85' lang='grc' dir='ltr'>τέλεον</span> <span class='ocrx_word' id='word_1_388' title='bbox 2187 2789 2352 2844; x_wconf 76' lang='grc' dir='ltr'>αὑτὸν</span> <span class='ocrx_word' id='word_1_389' title='bbox 2379 2790 2740 2859; x_wconf 88' lang='grc' dir='ltr'>ἐκλιπόντων,</span> <span class='ocrx_word' id='word_1_390' title='bbox 2763 2793 3021 2850; x_wconf 81' lang='grc' dir='ltr'>τοσοῦτον</span> <span class='ocrx_word' id='word_1_391' title='bbox 3045 2798 3270 2868; x_wconf 84' lang='grc' dir='ltr'><strong>ἀπέγνω</strong></span> <span class='ocrx_word' id='word_1_392' title='bbox 3289 2801 3431 2856; x_wconf 85' lang='grc' dir='ltr'>ὥστε</span> <span class='ocrx_word' id='word_1_393' title='bbox 3455 2804 3552 2857; x_wconf 84' lang='grc' dir='ltr'>καὶ</span> 
     </span>
    </p>
   </div>
   <div class='ocr_carea' id='block_1_50' title="bbox 270 2882 3546 2969">
    <p class='ocr_par' dir='ltr' id='par_1_50' title="bbox 270 2882 3546 2969">
     <span class='ocr_line' id='line_1_50' title="bbox 270 2882 3546 2969; baseline 0.002 -21"><span class='ocrx_word' id='word_1_394' title='bbox 270 2892 515 2948; x_wconf 84' lang='grc' dir='ltr'>σπονδῶν</span> <span class='ocrx_word' id='word_1_395' title='bbox 579 2889 860 2961; x_wconf 87' lang='grc' dir='ltr'>δεηθῆναι,</span> <span class='ocrx_word' id='word_1_396' title='bbox 908 2887 1002 2939; x_wconf 75' lang='grc' dir='ltr'><strong>καὶ</strong></span> <span class='ocrx_word' id='word_1_397' title='bbox 1059 2885 1168 2939; x_wconf 85' lang='grc' dir='ltr'><strong>κᾶν</strong></span> <span class='ocrx_word' id='word_1_398' title='bbox 1247 2882 1407 2953; x_wconf 77' lang='grc' dir='ltr'>ἔτυχε</span> <span class='ocrx_word' id='word_1_399' title='bbox 1461 2882 1668 2938; x_wconf 86' lang='grc' dir='ltr'>τούτων</span> <span class='ocrx_word' id='word_1_400' title='bbox 1700 2883 1789 2938; x_wconf 86' lang='grc' dir='ltr'>διὰ</span> <span class='ocrx_word' id='word_1_401' title='bbox 1837 2885 1934 2941; x_wconf 84' lang='grc' dir='ltr'>τοῦ</span> <span class='ocrx_word' id='word_1_402' title='bbox 1977 2887 2260 2958; x_wconf 81' lang='grc' dir='ltr'>Εὐμένους</span> <span class='ocrx_word' id='word_1_403' title='bbox 2292 2928 2307 2955; x_wconf 96' lang='grc'><strong>,</strong></span> <span class='ocrx_word' id='word_1_404' title='bbox 2370 2890 2419 2943; x_wconf 87' lang='grc' dir='ltr'><strong>εί</strong></span> <span class='ocrx_word' id='word_1_405' title='bbox 2485 2889 2562 2960; x_wconf 79' lang='grc' dir='ltr'><strong>μὴ</strong></span> <span class='ocrx_word' id='word_1_406' title='bbox 2619 2893 2712 2944; x_wconf 78' lang='grc' dir='ltr'><strong>καί</strong></span> <span class='ocrx_word' id='word_1_407' title='bbox 2785 2891 2978 2947; x_wconf 86' lang='grc' dir='ltr'>Ῥόδιοι</span> <span class='ocrx_word' id='word_1_408' title='bbox 3041 2899 3546 2969; x_wconf 82' lang='grc' dir='ltr'>συνεπρέσϐευσαν.</span> 
     </span>
    </p>
   </div>
   <div class='ocr_carea' id='block_1_51' title="bbox 281 2975 3048 3058">
    <p class='ocr_par' dir='ltr' id='par_1_51' title="bbox 281 2975 3048 3058">
     <span class='ocr_line' id='line_1_51' title="bbox 281 2975 3048 3058; baseline -0 -16"><span class='ocrx_word' id='word_1_409' title='bbox 281 2987 682 3058; x_wconf 74' lang='grc' dir='ltr'>’Υπερηφάνως</span> <span class='ocrx_word' id='word_1_410' title='bbox 711 2985 818 3055; x_wconf 85' lang='grc' dir='ltr'>γὰρ</span> <span class='ocrx_word' id='word_1_411' title='bbox 849 2975 994 3037; x_wconf 74' lang='grc' dir='ltr'>οὗτοι</span> <span class='ocrx_word' id='word_1_412' title='bbox 1049 2981 1162 3044; x_wconf 88' lang='grc' dir='ltr'>τοῖς</span> <span class='ocrx_word' id='word_1_413' title='bbox 1196 2979 1490 3049; x_wconf 81' lang='grc' dir='ltr'>Ῥωμαίοις</span> <span class='ocrx_word' id='word_1_414' title='bbox 1514 2978 1907 3050; x_wconf 77' lang='grc' dir='ltr'>διαλεχθέντες,</span> <span class='ocrx_word' id='word_1_415' title='bbox 1945 2985 2129 3054; x_wconf 85' lang='grc' dir='ltr'>τυχεῖν</span> <span class='ocrx_word' id='word_1_416' title='bbox 2156 2982 2320 3036; x_wconf 81' lang='grc' dir='ltr'>αὐτὸν</span> <span class='ocrx_word' id='word_1_417' title='bbox 2342 2982 2624 3039; x_wconf 83' lang='grc' dir='ltr'>ἐκώλυσαν</span> <span class='ocrx_word' id='word_1_418' title='bbox 2649 2984 2759 3040; x_wconf 84' lang='grc' dir='ltr'>τῶν</span> <span class='ocrx_word' id='word_1_419' title='bbox 2786 2988 3048 3043; x_wconf 84' lang='grc' dir='ltr'>σπονδῶν.</span> 
     </span>
    </p>
   </div>
   <div class='ocr_carea' id='block_1_52' title="bbox 339 3078 1862 3156">
    <p class='ocr_par' dir='ltr' id='par_1_52' title="bbox 339 3078 1862 3150">
     <span class='ocr_line' id='line_1_52' title="bbox 339 3078 1862 3150; baseline -0.013 -8"><span class='ocrx_word' id='word_1_420' title='bbox 339 3087 470 3142; x_wconf 75' lang='lat' dir='ltr'><strong>Kl&quot;.</strong></span> <span class='ocrx_word' id='word_1_421' title='bbox 513 3082 798 3138; x_wconf 78' lang='grc' dir='ltr'>Ἐντεῦθεν</span> <span class='ocrx_word' id='word_1_422' title='bbox 818 3082 846 3135; x_wconf 87' lang='lat'><strong>6</strong></span> <span class='ocrx_word' id='word_1_423' title='bbox 878 3079 1000 3135; x_wconf 78' lang='grc' dir='ltr'>κατ’</span> <span class='ocrx_word' id='word_1_424' title='bbox 1033 3078 1198 3133; x_wconf 81' lang='grc' dir='ltr'>αὑτοῦ</span> <span class='ocrx_word' id='word_1_425' title='bbox 1229 3078 1469 3150; x_wconf 85' lang='grc' dir='ltr'>πόλεμος</span> <span class='ocrx_word' id='word_1_426' title='bbox 1497 3078 1698 3150; x_wconf 86' lang='grc' dir='ltr'>Παύλῳ</span> <span class='ocrx_word' id='word_1_427' title='bbox 1740 3080 1862 3135; x_wconf 79' lang='grc' dir='ltr'>ἀνε-</span> 
     </span>
    </p>
   </div>
   <div class='ocr_carea' id='block_1_53' title="bbox 1967 3078 3552 3156">
    <p class='ocr_par' dir='ltr' id='par_1_53' title="bbox 2040 3083 3552 3148">
     <span class='ocr_line' id='line_1_53' title="bbox 2040 3083 3552 3148; baseline 0.005 -8"><span class='ocrx_word' id='word_1_428' title='bbox 2040 3083 2233 3142; x_wconf 77' lang='lat' dir='ltr'><strong>XXIII.</strong></span> <span class='ocrx_word' id='word_1_429' title='bbox 2267 3085 2398 3143; x_wconf 86' lang='lat' dir='ltr'><strong>inde</strong></span> <span class='ocrx_word' id='word_1_430' title='bbox 2424 3086 2632 3144; x_wconf 88' lang='lat' dir='ltr'><strong>bellum</strong></span> <span class='ocrx_word' id='word_1_431' title='bbox 2667 3089 2948 3145; x_wconf 91' lang='lat' dir='ltr'><strong>Persicum</strong></span> <span class='ocrx_word' id='word_1_432' title='bbox 2979 3089 3148 3146; x_wconf 88' lang='lat' dir='ltr'><strong>Paulo</strong></span> <span class='ocrx_word' id='word_1_433' title='bbox 3191 3088 3416 3146; x_wconf 65' lang='lat' dir='ltr'><strong>Emilio</strong></span> <span class='ocrx_word' id='word_1_434' title='bbox 3450 3091 3552 3148; x_wconf 82' lang='lat' dir='ltr'><strong>ite-</strong></span> 
     </span>
    </p>
   </div>
   <div class='ocr_carea' id='block_1_54' title="bbox 269 3171 1862 3251">
    <p class='ocr_par' dir='ltr' id='par_1_54' title="bbox 269 3171 1862 3251">
     <span class='ocr_line' id='line_1_54' title="bbox 269 3171 1862 3251; baseline -0.006 -17"><span class='ocrx_word' id='word_1_435' title='bbox 269 3181 405 3251; x_wconf 86' lang='grc' dir='ltr'>τέθη</span> <span class='ocrx_word' id='word_1_436' title='bbox 439 3176 518 3249; x_wconf 82' lang='grc' dir='ltr'>τῷ</span> <span class='ocrx_word' id='word_1_437' title='bbox 542 3173 870 3247; x_wconf 75' lang='grc' dir='ltr'>Αἰμιλίῳ¹τὸ</span> <span class='ocrx_word' id='word_1_438' title='bbox 891 3171 1148 3243; x_wconf 85' lang='grc' dir='ltr'>δεύτερον</span> <span class='ocrx_word' id='word_1_439' title='bbox 1183 3171 1547 3226; x_wconf 65' lang='grc' dir='ltr'>ύπατεύοντν</span> <span class='ocrx_word' id='word_1_440' title='bbox 1570 3171 1628 3236; x_wconf 77' lang='grc' dir='ltr'>ὃς</span> <span class='ocrx_word' id='word_1_441' title='bbox 1657 3173 1862 3244; x_wconf 78' lang='grc' dir='ltr'>σπουδῇ</span> 
     </span>
    </p>
   </div>
   <div class='ocr_carea' id='block_1_55' title="bbox 271 3263 1862 3347">
    <p class='ocr_par' dir='ltr' id='par_1_55' title="bbox 271 3263 1862 3344">
     <span class='ocr_line' id='line_1_55' title="bbox 271 3263 1862 3344; baseline -0.005 -18"><span class='ocrx_word' id='word_1_442' title='bbox 271 3270 560 3344; x_wconf 74' lang='grc' dir='ltr'>κομισθεὶς</span> <span class='ocrx_word' id='word_1_443' title='bbox 591 3271 670 3332; x_wconf 86' lang='grc' dir='ltr'>εἰς</span> <span class='ocrx_word' id='word_1_444' title='bbox 698 3267 794 3338; x_wconf 81' lang='grc' dir='ltr'>τὴν</span> <span class='ocrx_word' id='word_1_445' title='bbox 831 3264 1156 3332; x_wconf 85' lang='grc' dir='ltr'>Θεσσαλίαν,</span> <span class='ocrx_word' id='word_1_446' title='bbox 1201 3264 1392 3318; x_wconf 78' lang='grc' dir='ltr'>καὶτὰ</span> <span class='ocrx_word' id='word_1_447' title='bbox 1428 3263 1538 3317; x_wconf 86' lang='grc' dir='ltr'><strong>τῶν</strong></span> <span class='ocrx_word' id='word_1_448' title='bbox 1585 3280 1862 3335; x_wconf 90' lang='grc' dir='ltr'>στρατιω-</span> 
     </span>
    </p>
   </div>
   <div class='ocr_carea' id='block_1_56' title="bbox 1967 3263 3554 3347">
    <p class='ocr_par' dir='ltr' id='par_1_56' title="bbox 1967 3271 3554 3347">
     <span class='ocr_line' id='line_1_56' title="bbox 1967 3271 3554 3347; baseline 0.004 -21"><span class='ocrx_word' id='word_1_449' title='bbox 1967 3271 2161 3328; x_wconf 87' lang='lat' dir='ltr'><strong>saliam</strong></span> <span class='ocrx_word' id='word_1_450' title='bbox 2199 3272 2482 3341; x_wconf 80' lang='lat' dir='ltr'><strong>proiectus</strong></span> <span class='ocrx_word' id='word_1_451' title='bbox 2504 3313 2519 3340; x_wconf 94' lang='lat'><strong>,</strong></span> <span class='ocrx_word' id='word_1_452' title='bbox 2551 3273 2780 3329; x_wconf 79' lang='lat' dir='ltr'><strong>militari</strong></span> <span class='ocrx_word' id='word_1_453' title='bbox 2814 3274 3106 3344; x_wconf 87' lang='lat' dir='ltr'><strong>disciplina</strong></span> <span class='ocrx_word' id='word_1_454' title='bbox 3136 3284 3388 3330; x_wconf 86' lang='lat' dir='ltr'><strong>correcta</strong></span> <span class='ocrx_word' id='word_1_455' title='bbox 3408 3317 3423 3342; x_wconf 95' lang='lat'><strong>,</strong></span> <span class='ocrx_word' id='word_1_456' title='bbox 3452 3290 3554 3347; x_wconf 89' lang='lat' dir='ltr'><strong>per</strong></span> 
     </span>
    </p>
   </div>
   <div class='ocr_carea' id='block_1_57' title="bbox 1968 3179 3650 3252">
    <p class='ocr_par' dir='ltr' id='par_1_57' title="bbox 1968 3179 3650 3252">
     <span class='ocr_line' id='line_1_57' title="bbox 1968 3179 3650 3252; baseline 0.002 -20"><span class='ocrx_word' id='word_1_457' title='bbox 1968 3193 2091 3233; x_wconf 87' lang='lat' dir='ltr'><strong>rum</strong></span> <span class='ocrx_word' id='word_1_458' title='bbox 2121 3179 2336 3234; x_wconf 88' lang='lat' dir='ltr'><strong>consuli</strong></span> <span class='ocrx_word' id='word_1_459' title='bbox 2362 3189 2449 3235; x_wconf 89' lang='lat' dir='ltr'><strong>est</strong></span> <span class='ocrx_word' id='word_1_460' title='bbox 2481 3181 2804 3237; x_wconf 89' lang='lat' dir='ltr'><strong>mandatum</strong></span> <span class='ocrx_word' id='word_1_461' title='bbox 2834 3199 2849 3236; x_wconf 92' lang='lat'><strong>:</strong></span> <span class='ocrx_word' id='word_1_462' title='bbox 2880 3182 2975 3252; x_wconf 87' lang='lat' dir='ltr'><strong>qui</strong></span> <span class='ocrx_word' id='word_1_463' title='bbox 3009 3195 3243 3252; x_wconf 86' lang='lat' dir='ltr'><strong>propere</strong></span> <span class='ocrx_word' id='word_1_464' title='bbox 3274 3181 3330 3236; x_wconf 91' lang='lat' dir='ltr'><strong>in</strong></span> <span class='ocrx_word' id='word_1_465' title='bbox 3376 3181 3551 3240; x_wconf 85' lang='lat' dir='ltr'><strong>Thes-</strong></span> <span class='ocrx_word' id='word_1_466' title='bbox 3646 3230 3650 3236; x_wconf 93' lang='lat'><strong>.</strong></span> 
     </span>
    </p>
   </div>
   <div class='ocr_carea' id='block_1_58' title="bbox 270 3357 1864 3435">
    <p class='ocr_par' dir='ltr' id='par_1_58' title="bbox 270 3357 1864 3435">
     <span class='ocr_line' id='line_1_58' title="bbox 270 3357 1864 3435; baseline -0.007 -14"><span class='ocrx_word' id='word_1_467' title='bbox 270 3367 381 3422; x_wconf 82' lang='grc' dir='ltr'><strong>τῶν</strong></span> <span class='ocrx_word' id='word_1_468' title='bbox 413 3359 1036 3435; x_wconf 83' lang='grc' dir='ltr'>προκαταστησάμενος,</span> <span class='ocrx_word' id='word_1_469' title='bbox 1075 3357 1411 3429; x_wconf 77' lang='grc' dir='ltr'>βιασάμενος</span> <span class='ocrx_word' id='word_1_470' title='bbox 1445 3357 1537 3411; x_wconf 78' lang='grc' dir='ltr'>διὰ</span> <span class='ocrx_word' id='word_1_471' title='bbox 1569 3357 1680 3412; x_wconf 86' lang='grc' dir='ltr'><strong>τῶν</strong></span> <span class='ocrx_word' id='word_1_472' title='bbox 1714 3357 1864 3428; x_wconf 90' lang='grc' dir='ltr'>Τεμ-</span> 
     </span>
    </p>
   </div>
   <div class='ocr_carea' id='block_1_59' title="bbox 272 3450 1866 3528">
    <p class='ocr_par' dir='ltr' id='par_1_59' title="bbox 272 3450 1866 3528">
     <span class='ocr_line' id='line_1_59' title="bbox 272 3450 1866 3528; baseline -0.004 -17"><span class='ocrx_word' id='word_1_473' title='bbox 272 3460 391 3512; x_wconf 81' lang='grc' dir='ltr'><strong>πῶν</strong></span> <span class='ocrx_word' id='word_1_474' title='bbox 421 3456 616 3528; x_wconf 78' lang='grc' dir='ltr'>(ὀλίγοι</span> <span class='ocrx_word' id='word_1_475' title='bbox 658 3455 766 3524; x_wconf 76' lang='grc' dir='ltr'>γὰρ</span> <span class='ocrx_word' id='word_1_476' title='bbox 799 3451 1107 3523; x_wconf 77' lang='grc' dir='ltr'>ἐφρούρουν</span> <span class='ocrx_word' id='word_1_477' title='bbox 1144 3451 1309 3521; x_wconf 85' lang='grc' dir='ltr'>αὐτὰ)</span> <span class='ocrx_word' id='word_1_478' title='bbox 1345 3451 1441 3504; x_wconf 74' lang='grc' dir='ltr'><strong>ἐπὶ</strong></span> <span class='ocrx_word' id='word_1_479' title='bbox 1493 3451 1588 3504; x_wconf 84' lang='grc' dir='ltr'><strong>τὸν</strong></span> <span class='ocrx_word' id='word_1_480' title='bbox 1649 3450 1866 3523; x_wconf 84' lang='grc' dir='ltr'>Περσέα</span> 
     </span>
    </p>
   </div>
   <div class='ocr_carea' id='block_1_60' title="bbox 271 3543 1868 3624">
    <p class='ocr_par' dir='ltr' id='par_1_60' title="bbox 271 3543 1868 3624">
     <span class='ocr_line' id='line_1_60' title="bbox 271 3543 1868 3624; baseline -0.008 -16"><span class='ocrx_word' id='word_1_481' title='bbox 271 3551 556 3624; x_wconf 81' lang='grc' dir='ltr'>ὥρμησεν.</span> <span class='ocrx_word' id='word_1_482' title='bbox 623 3546 777 3602; x_wconf 76' lang='grc' dir='ltr'>Ἐπεὶ</span> <span class='ocrx_word' id='word_1_483' title='bbox 839 3543 884 3597; x_wconf 88' lang='grc' dir='ltr'>δ’</span> <span class='ocrx_word' id='word_1_484' title='bbox 919 3545 1130 3607; x_wconf 87' lang='grc' dir='ltr'>ἐκεῖνος</span> <span class='ocrx_word' id='word_1_485' title='bbox 1180 3544 1274 3597; x_wconf 84' lang='grc' dir='ltr'><strong>τὸν</strong></span> <span class='ocrx_word' id='word_1_486' title='bbox 1332 3543 1562 3598; x_wconf 83' lang='grc' dir='ltr'>Ἐλπιον</span> <span class='ocrx_word' id='word_1_487' title='bbox 1620 3543 1868 3613; x_wconf 84' lang='grc' dir='ltr'>ποταμὸν</span> 
     </span>
    </p>
   </div>
   <div class='ocr_carea' id='block_1_61' title="bbox 273 3632 1865 3716">
    <p class='ocr_par' dir='ltr' id='par_1_61' title="bbox 273 3632 1865 3716">
     <span class='ocr_line' id='line_1_61' title="bbox 273 3632 1865 3716; baseline -0.007 -18"><span class='ocrx_word' id='word_1_488' title='bbox 273 3639 762 3716; x_wconf 79' lang='grc' dir='ltr'>προσαπέφραξεν,</span> <span class='ocrx_word' id='word_1_489' title='bbox 808 3638 942 3692; x_wconf 70' lang='grc' dir='ltr'>ὄντα</span> <span class='ocrx_word' id='word_1_490' title='bbox 985 3637 1044 3689; x_wconf 93' lang='grc' dir='ltr'><strong>ἐν</strong></span> <span class='ocrx_word' id='word_1_491' title='bbox 1082 3635 1256 3707; x_wconf 85' lang='grc' dir='ltr'>μέσῳ,</span> <span class='ocrx_word' id='word_1_492' title='bbox 1313 3632 1754 3705; x_wconf 87' lang='grc' dir='ltr'>προκαταλαϐὼν</span> <span class='ocrx_word' id='word_1_493' title='bbox 1809 3635 1865 3688; x_wconf 74' lang='grc' dir='ltr'>δὲ</span> 
     </span>
    </p>
   </div>
   <div class='ocr_carea' id='block_1_62' title="bbox 273 3726 1867 3806">
    <p class='ocr_par' dir='ltr' id='par_1_62' title="bbox 273 3726 1867 3806">
     <span class='ocr_line' id='line_1_62' title="bbox 273 3726 1867 3806; baseline -0.009 -12"><span class='ocrx_word' id='word_1_494' title='bbox 273 3741 372 3794; x_wconf 70' lang='grc' dir='ltr'><strong>καλ⁸</strong></span> <span class='ocrx_word' id='word_1_495' title='bbox 408 3739 518 3791; x_wconf 85' lang='grc' dir='ltr'><strong>πᾶν</strong></span> <span class='ocrx_word' id='word_1_496' title='bbox 549 3735 611 3788; x_wconf 86' lang='grc' dir='ltr'>τὸ</span> <span class='ocrx_word' id='word_1_497' title='bbox 642 3732 849 3806; x_wconf 76' lang='grc' dir='ltr'>μεταξὺ</span> <span class='ocrx_word' id='word_1_498' title='bbox 878 3733 973 3784; x_wconf 73' lang='grc' dir='ltr'>τοῦ</span> <span class='ocrx_word' id='word_1_499' title='bbox 1002 3748 1062 3783; x_wconf 89' lang='grc' dir='ltr'><strong>τε</strong></span> <span class='ocrx_word' id='word_1_500' title='bbox 1105 3729 1388 3800; x_wconf 83' lang='grc' dir='ltr'>Ὀλύμπου</span> <span class='ocrx_word' id='word_1_501' title='bbox 1419 3729 1511 3781; x_wconf 79' lang='grc' dir='ltr'><strong>καὶ</strong></span> <span class='ocrx_word' id='word_1_502' title='bbox 1543 3729 1642 3800; x_wconf 79' lang='grc' dir='ltr'>τῆς</span> <span class='ocrx_word' id='word_1_503' title='bbox 1666 3726 1867 3782; x_wconf 86' lang='grc' dir='ltr'>θαλάσ-</span> 
     </span>
    </p>
   </div>
   <div class='ocr_carea' id='block_1_63' title="bbox 275 3819 1864 3903">
    <p class='ocr_par' dir='ltr' id='par_1_63' title="bbox 275 3819 1864 3903">
     <span class='ocr_line' id='line_1_63' title="bbox 275 3819 1864 3903; baseline -0.008 -18"><span class='ocrx_word' id='word_1_504' title='bbox 275 3849 377 3903; x_wconf 88' lang='grc' dir='ltr'><strong>σης</strong></span> <span class='ocrx_word' id='word_1_505' title='bbox 403 3829 692 3900; x_wconf 80' lang='grc' dir='ltr'>αἱμασιαῖς</span> <span class='ocrx_word' id='word_1_506' title='bbox 721 3826 819 3880; x_wconf 73' lang='grc' dir='ltr'><strong>καὶ</strong></span> <span class='ocrx_word' id='word_1_507' title='bbox 855 3823 1223 3896; x_wconf 82' lang='grc' dir='ltr'>σταυρώμασι</span> <span class='ocrx_word' id='word_1_508' title='bbox 1257 3821 1355 3876; x_wconf 75' lang='grc' dir='ltr'>καὶ</span> <span class='ocrx_word' id='word_1_509' title='bbox 1402 3819 1864 3892; x_wconf 73' lang='grc' dir='ltr'>οἰκοδομήμασιν,</span> 
     </span>
    </p>
   </div>
   <div class='ocr_carea' id='block_1_64' title="bbox 273 3911 1868 3996">
    <p class='ocr_par' dir='ltr' id='par_1_64' title="bbox 273 3911 1868 3996">
     <span class='ocr_line' id='line_1_64' title="bbox 273 3911 1868 3996; baseline -0.012 -14"><span class='ocrx_word' id='word_1_510' title='bbox 273 3927 486 3996; x_wconf 79' lang='grc' dir='ltr'>ἄπορον</span> <span class='ocrx_word' id='word_1_511' title='bbox 537 3920 936 3992; x_wconf 87' lang='grc' dir='ltr'>ἀπειργάσατο.</span> <span class='ocrx_word' id='word_1_512' title='bbox 975 3917 1240 3989; x_wconf 79' lang='grc' dir='ltr'>Ἐθάρῤει</span> <span class='ocrx_word' id='word_1_513' title='bbox 1275 3916 1335 3968; x_wconf 78' lang='grc' dir='ltr'>δὲ</span> <span class='ocrx_word' id='word_1_514' title='bbox 1389 3915 1483 3968; x_wconf 77' lang='grc' dir='ltr'><strong>καὶ</strong></span> <span class='ocrx_word' id='word_1_515' title='bbox 1513 3915 1582 3984; x_wconf 77' lang='grc' dir='ltr'>τῇ</span> <span class='ocrx_word' id='word_1_516' title='bbox 1639 3911 1868 3986; x_wconf 76' lang='grc' dir='ltr'>ἀνυδρία</span> 
     </span>
    </p>
   </div>
   <div class='ocr_carea' id='block_1_65' title="bbox 273 4005 1866 4084">
    <p class='ocr_par' dir='ltr' id='par_1_65' title="bbox 273 4005 1866 4084">
     <span class='ocr_line' id='line_1_65' title="bbox 273 4005 1866 4084; baseline -0.01 -10"><span class='ocrx_word' id='word_1_517' title='bbox 273 4019 373 4074; x_wconf 81' lang='grc' dir='ltr'>τοῦ</span> <span class='ocrx_word' id='word_1_518' title='bbox 431 4016 622 4072; x_wconf 82' lang='grc' dir='ltr'>τόπου.</span> <span class='ocrx_word' id='word_1_519' title='bbox 655 4011 954 4084; x_wconf 84' lang='grc' dir='ltr'>Ἐπείρασε</span> <span class='ocrx_word' id='word_1_520' title='bbox 1019 4009 1118 4081; x_wconf 79' lang='grc' dir='ltr'>μὲν</span> <span class='ocrx_word' id='word_1_521' title='bbox 1181 4008 1278 4063; x_wconf 78' lang='grc' dir='ltr'>καὶ</span> <span class='ocrx_word' id='word_1_522' title='bbox 1339 4007 1514 4072; x_wconf 77' lang='grc' dir='ltr'>οὓτως</span> <span class='ocrx_word' id='word_1_523' title='bbox 1569 4009 1599 4062; x_wconf 89' lang='lat'><strong>6</strong></span> <span class='ocrx_word' id='word_1_524' title='bbox 1659 4005 1866 4071; x_wconf 74' lang='grc' dir='ltr'>ὕπατος</span> 
     </span>
    </p>
   </div>
   <div class='ocr_carea' id='block_1_66' title="bbox 272 4099 1869 4176">
    <p class='ocr_par' dir='ltr' id='par_1_66' title="bbox 272 4099 1869 4176">
     <span class='ocr_line' id='line_1_66' title="bbox 272 4099 1869 4176; baseline -0.008 -9"><span class='ocrx_word' id='word_1_525' title='bbox 272 4111 532 4174; x_wconf 84' lang='grc' dir='ltr'>διελθεῖν,</span> <span class='ocrx_word' id='word_1_526' title='bbox 565 4108 661 4162; x_wconf 75' lang='grc' dir='ltr'>καὶ</span> <span class='ocrx_word' id='word_1_527' title='bbox 685 4106 784 4176; x_wconf 80' lang='grc' dir='ltr'><strong>τῆς</strong></span> <span class='ocrx_word' id='word_1_528' title='bbox 810 4103 1069 4175; x_wconf 85' lang='grc' dir='ltr'>ἀνυδρίας</span> <span class='ocrx_word' id='word_1_529' title='bbox 1095 4100 1392 4172; x_wconf 85' lang='grc' dir='ltr'>ἐπορίσατο</span> <span class='ocrx_word' id='word_1_530' title='bbox 1419 4099 1532 4174; x_wconf 81' lang='lat' dir='ltr'><strong>(5i)</strong></span> <span class='ocrx_word' id='word_1_531' title='bbox 1574 4100 1869 4172; x_wconf 80' lang='grc' dir='ltr'>ἐπικούρηο</span> 
     </span>
    </p>
   </div>
   <div class='ocr_carea' id='block_1_67' title="bbox 276 4191 1866 4276">
    <p class='ocr_par' dir='ltr' id='par_1_67' title="bbox 276 4191 1866 4276">
     <span class='ocr_line' id='line_1_67' title="bbox 276 4191 1866 4276; baseline -0.009 -17"><span class='ocrx_word' id='word_1_532' title='bbox 276 4223 381 4276; x_wconf 87' lang='grc' dir='ltr'><strong>μα.</strong></span> <span class='ocrx_word' id='word_1_533' title='bbox 441 4200 860 4270; x_wconf 82' lang='grc' dir='ltr'>Διαμησάμενος</span> <span class='ocrx_word' id='word_1_534' title='bbox 909 4197 1019 4266; x_wconf 82' lang='grc' dir='ltr'><strong>γὰρ</strong></span> <span class='ocrx_word' id='word_1_535' title='bbox 1058 4195 1159 4265; x_wconf 74' lang='grc' dir='ltr'>τὴν</span> <span class='ocrx_word' id='word_1_536' title='bbox 1220 4194 1279 4247; x_wconf 88' lang='grc' dir='ltr'>ἐν</span> <span class='ocrx_word' id='word_1_537' title='bbox 1342 4195 1408 4265; x_wconf 79' lang='grc' dir='ltr'>τῇ</span> <span class='ocrx_word' id='word_1_538' title='bbox 1460 4192 1710 4264; x_wconf 76' lang='grc' dir='ltr'>ὑπωρείᾳ</span> <span class='ocrx_word' id='word_1_539' title='bbox 1772 4191 1866 4245; x_wconf 85' lang='grc' dir='ltr'><strong>τοῦ</strong></span> 
     </span>
    </p>
   </div>
   <div class='ocr_carea' id='block_1_68' title="bbox 288 4281 1864 4368">
    <p class='ocr_par' dir='ltr' id='par_1_68' title="bbox 288 4281 1864 4368">
     <span class='ocr_line' id='line_1_68' title="bbox 288 4281 1864 4368; baseline -0.007 -17"><span class='ocrx_word' id='word_1_540' title='bbox 288 4296 573 4368; x_wconf 85' lang='grc' dir='ltr'>Ὀλύμπου</span> <span class='ocrx_word' id='word_1_541' title='bbox 598 4294 785 4364; x_wconf 85' lang='grc' dir='ltr'>ἀμμον</span> <span class='ocrx_word' id='word_1_542' title='bbox 811 4290 956 4362; x_wconf 74' lang='grc' dir='ltr'>ὕδωρ</span> <span class='ocrx_word' id='word_1_543' title='bbox 987 4281 1114 4359; x_wconf 72' lang='grc' dir='ltr'>εὗρε</span> <span class='ocrx_word' id='word_1_544' title='bbox 1144 4286 1366 4358; x_wconf 71' lang='grc' dir='ltr'>δαψιλές</span> <span class='ocrx_word' id='word_1_545' title='bbox 1399 4303 1462 4340; x_wconf 85' lang='grc' dir='ltr'><strong>τε</strong></span> <span class='ocrx_word' id='word_1_546' title='bbox 1487 4285 1584 4342; x_wconf 71' lang='grc' dir='ltr'><strong>καὶ</strong></span> <span class='ocrx_word' id='word_1_547' title='bbox 1609 4285 1864 4356; x_wconf 77' lang='grc' dir='ltr'>πότιμον.</span> 
     </span>
    </p>
   </div>
   <div class='ocr_carea' id='block_1_69' title="bbox 275 4375 1868 4457">
    <p class='ocr_par' dir='ltr' id='par_1_69' title="bbox 275 4375 1868 4457">
     <span class='ocr_line' id='line_1_69' title="bbox 275 4375 1868 4457; baseline -0.009 -15"><span class='ocrx_word' id='word_1_548' title='bbox 275 4389 401 4442; x_wconf 80' lang='grc' dir='ltr'><strong>Κάν</strong></span> <span class='ocrx_word' id='word_1_549' title='bbox 450 4386 629 4457; x_wconf 79' lang='grc' dir='ltr'>τούτῳ</span> <span class='ocrx_word' id='word_1_550' title='bbox 677 4383 787 4438; x_wconf 84' lang='grc' dir='ltr'>τῶν</span> <span class='ocrx_word' id='word_1_551' title='bbox 833 4379 1056 4436; x_wconf 86' lang='grc' dir='ltr'>Ῥοδίων</span> <span class='ocrx_word' id='word_1_552' title='bbox 1107 4375 1367 4449; x_wconf 81' lang='grc' dir='ltr'>πρέσϐεις</span> <span class='ocrx_word' id='word_1_553' title='bbox 1415 4377 1679 4446; x_wconf 85' lang='grc' dir='ltr'>ἀφίκοντο</span> <span class='ocrx_word' id='word_1_554' title='bbox 1731 4375 1868 4448; x_wconf 77' lang='grc' dir='ltr'>πρὸς</span> 
     </span>
    </p>
   </div>
   <div class='ocr_carea' id='block_1_70' title="bbox 1969 3363 3550 3438">
    <p class='ocr_par' dir='ltr' id='par_1_70' title="bbox 1969 3363 3550 3438">
     <span class='ocr_line' id='line_1_70' title="bbox 1969 3363 3550 3438; baseline 0.002 -19"><span class='ocrx_word' id='word_1_555' title='bbox 1969 3363 2177 3434; x_wconf 88' lang='lat' dir='ltr'><strong>Tempe</strong></span> <span class='ocrx_word' id='word_1_556' title='bbox 2207 3380 2329 3434; x_wconf 65' lang='lat' dir='ltr'><strong>quae</strong></span> <span class='ocrx_word' id='word_1_557' title='bbox 2358 3382 2388 3421; x_wconf 90' lang='lat' dir='ltr'><strong>a</strong></span> <span class='ocrx_word' id='word_1_558' title='bbox 2417 3365 2613 3436; x_wconf 89' lang='lat' dir='ltr'><strong>paucis</strong></span> <span class='ocrx_word' id='word_1_559' title='bbox 2639 3365 3101 3421; x_wconf 88' lang='lat' dir='ltr'><strong>custodiebantur</strong></span> <span class='ocrx_word' id='word_1_560' title='bbox 3121 3406 3135 3432; x_wconf 95' lang='lat'><strong>,</strong></span> <span class='ocrx_word' id='word_1_561' title='bbox 3173 3365 3226 3422; x_wconf 91' lang='lat' dir='ltr'><strong>vi</strong></span> <span class='ocrx_word' id='word_1_562' title='bbox 3275 3366 3550 3438; x_wconf 82' lang='lat' dir='ltr'><strong>patefacta</strong></span> 
     </span>
    </p>
   </div>
   <div class='ocr_carea' id='block_1_71' title="bbox 1968 3456 3553 3531">
    <p class='ocr_par' dir='ltr' id='par_1_71' title="bbox 1968 3456 3553 3531">
     <span class='ocr_line' id='line_1_71' title="bbox 1968 3456 3553 3531; baseline 0.003 -21"><span class='ocrx_word' id='word_1_563' title='bbox 1968 3456 2059 3511; x_wconf 85' lang='lat' dir='ltr'><strong>via</strong></span> <span class='ocrx_word' id='word_1_564' title='bbox 2083 3497 2098 3522; x_wconf 95' lang='lat'><strong>,</strong></span> <span class='ocrx_word' id='word_1_565' title='bbox 2132 3467 2326 3512; x_wconf 90' lang='lat' dir='ltr'><strong>contra</strong></span> <span class='ocrx_word' id='word_1_566' title='bbox 2375 3457 2640 3514; x_wconf 86' lang='lat' dir='ltr'><strong>Perseum</strong></span> <span class='ocrx_word' id='word_1_567' title='bbox 2677 3458 2857 3513; x_wconf 83' lang='lat' dir='ltr'><strong>duxit.</strong></span> <span class='ocrx_word' id='word_1_568' title='bbox 2892 3458 2944 3513; x_wconf 90' lang='lat' dir='ltr'><strong>Is</strong></span> <span class='ocrx_word' id='word_1_569' title='bbox 2967 3473 3114 3517; x_wconf 82' lang='lat' dir='ltr'><strong>,vero</strong></span> <span class='ocrx_word' id='word_1_570' title='bbox 3155 3473 3282 3515; x_wconf 92' lang='lat' dir='ltr'><strong>cum</strong></span> <span class='ocrx_word' id='word_1_571' title='bbox 3330 3459 3553 3531; x_wconf 87' lang='lat' dir='ltr'><strong>Elpium</strong></span> 
     </span>
    </p>
   </div>
   <div class='ocr_carea' id='block_1_72' title="bbox 1969 3548 3553 3621">
    <p class='ocr_par' dir='ltr' id='par_1_72' title="bbox 1969 3548 3553 3621">
     <span class='ocr_line' id='line_1_72' title="bbox 1969 3548 3553 3621; baseline 0.004 -20"><span class='ocrx_word' id='word_1_572' title='bbox 1969 3561 2189 3602; x_wconf 86' lang='lat' dir='ltr'><strong>amnem</strong></span> <span class='ocrx_word' id='word_1_573' title='bbox 2239 3548 2647 3605; x_wconf 82' lang='lat' dir='ltr'><strong>interﬂuentem</strong></span> <span class='ocrx_word' id='word_1_574' title='bbox 2697 3549 3144 3613; x_wconf 87' lang='lat' dir='ltr'><strong>munitionibus,</strong></span> <span class='ocrx_word' id='word_1_575' title='bbox 3188 3560 3245 3606; x_wconf 90' lang='lat' dir='ltr'><strong>et</strong></span> <span class='ocrx_word' id='word_1_576' title='bbox 3279 3550 3553 3621; x_wconf 82' lang='lat' dir='ltr'><strong>quidquid</strong></span> 
     </span>
    </p>
   </div>
   <div class='ocr_carea' id='block_1_73' title="bbox 1970 3639 3552 3712">
    <p class='ocr_par' dir='ltr' id='par_1_73' title="bbox 1970 3639 3552 3712">
     <span class='ocr_line' id='line_1_73' title="bbox 1970 3639 3552 3712; baseline 0.002 -17"><span class='ocrx_word' id='word_1_577' title='bbox 1970 3640 2116 3696; x_wconf 89' lang='lat' dir='ltr'><strong>inter</strong></span> <span class='ocrx_word' id='word_1_578' title='bbox 2169 3639 2459 3712; x_wconf 84' lang='lat' dir='ltr'><strong>Olympum</strong></span> <span class='ocrx_word' id='word_1_579' title='bbox 2490 3649 2548 3696; x_wconf 90' lang='lat' dir='ltr'><strong>et</strong></span> <span class='ocrx_word' id='word_1_580' title='bbox 2577 3656 2730 3696; x_wconf 89' lang='lat' dir='ltr'><strong>mare</strong></span> <span class='ocrx_word' id='word_1_581' title='bbox 2781 3640 3107 3711; x_wconf 87' lang='lat' dir='ltr'><strong>interjacet,</strong></span> <span class='ocrx_word' id='word_1_582' title='bbox 3161 3642 3333 3712; x_wconf 86' lang='lat' dir='ltr'><strong>septis</strong></span> <span class='ocrx_word' id='word_1_583' title='bbox 3385 3651 3552 3712; x_wconf 87' lang='lat' dir='ltr'><strong>atque</strong></span> 
     </span>
    </p>
   </div>
   <div class='ocr_carea' id='block_1_74' title="bbox 1969 3730 3553 3804">
    <p class='ocr_par' dir='ltr' id='par_1_74' title="bbox 1969 3730 3553 3804">
     <span class='ocr_line' id='line_1_74' title="bbox 1969 3730 3553 3804; baseline 0.002 -19"><span class='ocrx_word' id='word_1_584' title='bbox 1969 3730 2262 3803; x_wconf 76' lang='lat' dir='ltr'><strong>aggeribus</strong></span> <span class='ocrx_word' id='word_1_585' title='bbox 2291 3739 2656 3800; x_wconf 88' lang='lat' dir='ltr'><strong>occupasset,</strong></span> <span class='ocrx_word' id='word_1_586' title='bbox 2687 3741 2742 3788; x_wconf 87' lang='lat' dir='ltr'><strong>et</strong></span> <span class='ocrx_word' id='word_1_587' title='bbox 2771 3732 3022 3787; x_wconf 89' lang='lat' dir='ltr'><strong>siccitate</strong></span> <span class='ocrx_word' id='word_1_588' title='bbox 3051 3733 3155 3787; x_wconf 92' lang='lat' dir='ltr'><strong>loci</strong></span> <span class='ocrx_word' id='word_1_589' title='bbox 3187 3747 3410 3804; x_wconf 89' lang='lat' dir='ltr'><strong>quoque</strong></span> <span class='ocrx_word' id='word_1_590' title='bbox 3437 3733 3553 3788; x_wconf 82' lang='lat' dir='ltr'><strong>fre-</strong></span> 
     </span>
    </p>
   </div>
   <div class='ocr_carea' id='block_1_75' title="bbox 1973 3823 3556 3896">
    <p class='ocr_par' dir='ltr' id='par_1_75' title="bbox 1973 3823 3556 3896">
     <span class='ocr_line' id='line_1_75' title="bbox 1973 3823 3556 3896; baseline 0.001 -18"><span class='ocrx_word' id='word_1_591' title='bbox 1973 3833 2061 3880; x_wconf 86' lang='lat' dir='ltr'><strong>tus</strong></span> <span class='ocrx_word' id='word_1_592' title='bbox 2087 3834 2266 3880; x_wconf 87' lang='lat' dir='ltr'><strong>esset:</strong></span> <span class='ocrx_word' id='word_1_593' title='bbox 2303 3833 2486 3880; x_wconf 87' lang='lat' dir='ltr'><strong>tamen</strong></span> <span class='ocrx_word' id='word_1_594' title='bbox 2516 3825 2598 3879; x_wconf 89' lang='lat' dir='ltr'><strong>sic</strong></span> <span class='ocrx_word' id='word_1_595' title='bbox 2625 3823 2792 3879; x_wconf 80' lang='lat' dir='ltr'><strong>etiam</strong></span> <span class='ocrx_word' id='word_1_596' title='bbox 2820 3824 3012 3879; x_wconf 86' lang='lat' dir='ltr'><strong>consul</strong></span> <span class='ocrx_word' id='word_1_597' title='bbox 3041 3824 3304 3879; x_wconf 87' lang='lat' dir='ltr'><strong>transitus</strong></span> <span class='ocrx_word' id='word_1_598' title='bbox 3331 3823 3556 3896; x_wconf 83' lang='lat' dir='ltr'><strong>pericu-</strong></span> 
     </span>
    </p>
   </div>
   <div class='ocr_carea' id='block_1_76' title="bbox 1969 3915 3554 3986">
    <p class='ocr_par' dir='ltr' id='par_1_76' title="bbox 1969 3915 3554 3986">
     <span class='ocr_line' id='line_1_76' title="bbox 1969 3915 3554 3986; baseline 0 -14"><span class='ocrx_word' id='word_1_599' title='bbox 1969 3917 2026 3972; x_wconf 91' lang='lat' dir='ltr'><strong>lo</strong></span> <span class='ocrx_word' id='word_1_600' title='bbox 2054 3916 2221 3981; x_wconf 88' lang='lat' dir='ltr'><strong>l&#39;acto,</strong></span> <span class='ocrx_word' id='word_1_601' title='bbox 2247 3917 2371 3973; x_wconf 88' lang='lat' dir='ltr'><strong>sitis</strong></span> <span class='ocrx_word' id='word_1_602' title='bbox 2400 3916 2643 3986; x_wconf 87' lang='lat' dir='ltr'><strong>primum</strong></span> <span class='ocrx_word' id='word_1_603' title='bbox 2674 3916 2887 3972; x_wconf 83' lang='lat' dir='ltr'><strong>invenit</strong></span> <span class='ocrx_word' id='word_1_604' title='bbox 2922 3915 3252 3974; x_wconf 86' lang='lat' dir='ltr'><strong>remedium.</strong></span> <span class='ocrx_word' id='word_1_605' title='bbox 3284 3916 3554 3972; x_wconf 80' lang='lat' dir='ltr'><strong>Perfossis</strong></span> 
     </span>
    </p>
   </div>
   <div class='ocr_carea' id='block_1_77' title="bbox 1974 4008 3552 4081">
    <p class='ocr_par' dir='ltr' id='par_1_77' title="bbox 1974 4008 3552 4081">
     <span class='ocr_line' id='line_1_77' title="bbox 1974 4008 3552 4081; baseline -0.002 -15"><span class='ocrx_word' id='word_1_606' title='bbox 1974 4010 2123 4066; x_wconf 90' lang='lat' dir='ltr'><strong>enim</strong></span> <span class='ocrx_word' id='word_1_607' title='bbox 2156 4010 2342 4065; x_wconf 88' lang='lat' dir='ltr'><strong>arenis</strong></span> <span class='ocrx_word' id='word_1_608' title='bbox 2375 4011 2430 4065; x_wconf 89' lang='lat' dir='ltr'><strong>in</strong></span> <span class='ocrx_word' id='word_1_609' title='bbox 2464 4009 2668 4065; x_wconf 86' lang='lat' dir='ltr'><strong>montis</strong></span> <span class='ocrx_word' id='word_1_610' title='bbox 2703 4008 2921 4081; x_wconf 86' lang='lat' dir='ltr'><strong>Olympi</strong></span> <span class='ocrx_word' id='word_1_611' title='bbox 2974 4008 3254 4064; x_wconf 87' lang='lat' dir='ltr'><strong>radicibus</strong></span> <span class='ocrx_word' id='word_1_612' title='bbox 3279 4049 3294 4074; x_wconf 94' lang='lat'><strong>,</strong></span> <span class='ocrx_word' id='word_1_613' title='bbox 3342 4008 3552 4064; x_wconf 73' lang='lat' dir='ltr'><strong>affatim</strong></span> 
     </span>
    </p>
   </div>
   <div class='ocr_carea' id='block_1_78' title="bbox 1972 4102 3548 4175">
    <p class='ocr_par' dir='ltr' id='par_1_78' title="bbox 1972 4102 3548 4175">
     <span class='ocr_line' id='line_1_78' title="bbox 1972 4102 3548 4175; baseline -0.001 -17"><span class='ocrx_word' id='word_1_614' title='bbox 1972 4119 2131 4175; x_wconf 72' lang='lat' dir='ltr'><strong>aqua:</strong></span> <span class='ocrx_word' id='word_1_615' title='bbox 2175 4103 2435 4174; x_wconf 85' lang='lat' dir='ltr'><strong>potabilis</strong></span> <span class='ocrx_word' id='word_1_616' title='bbox 2483 4103 2710 4174; x_wconf 85' lang='lat' dir='ltr'><strong>reperit.</strong></span> <span class='ocrx_word' id='word_1_617' title='bbox 2746 4103 2963 4159; x_wconf 90' lang='lat' dir='ltr'><strong>Interea</strong></span> <span class='ocrx_word' id='word_1_618' title='bbox 2999 4102 3349 4158; x_wconf 83' lang='lat' dir='ltr'><strong>Rhodiorum</strong></span> <span class='ocrx_word' id='word_1_619' title='bbox 3381 4102 3548 4173; x_wconf 83' lang='lat' dir='ltr'><strong>legati</strong></span> 
     </span>
    </p>
   </div>
   <div class='ocr_carea' id='block_1_79' title="bbox 1968 4194 3553 4266">
    <p class='ocr_par' dir='ltr' id='par_1_79' title="bbox 1968 4194 3553 4266">
     <span class='ocr_line' id='line_1_79' title="bbox 1968 4194 3553 4266; baseline -0.001 -14"><span class='ocrx_word' id='word_1_620' title='bbox 1968 4196 2164 4252; x_wconf 89' lang='lat' dir='ltr'><strong>eadem</strong></span> <span class='ocrx_word' id='word_1_621' title='bbox 2203 4195 2457 4263; x_wconf 87' lang='lat' dir='ltr'><strong>audacia,</strong></span> <span class='ocrx_word' id='word_1_622' title='bbox 2500 4211 2610 4266; x_wconf 81' lang='lat' dir='ltr'><strong>qua</strong></span> <span class='ocrx_word' id='word_1_623' title='bbox 2639 4196 2797 4266; x_wconf 88' lang='lat' dir='ltr'><strong>prius</strong></span> <span class='ocrx_word' id='word_1_624' title='bbox 2831 4195 3022 4251; x_wconf 70' lang='lat' dir='ltr'><strong>Romae</strong></span> <span class='ocrx_word' id='word_1_625' title='bbox 3071 4194 3154 4250; x_wconf 91' lang='lat' dir='ltr'><strong>usi</strong></span> <span class='ocrx_word' id='word_1_626' title='bbox 3183 4194 3436 4261; x_wconf 86' lang='lat' dir='ltr'><strong>fuerant,</strong></span> <span class='ocrx_word' id='word_1_627' title='bbox 3483 4196 3553 4250; x_wconf 89' lang='lat' dir='ltr'><strong>ad</strong></span> 
     </span>
    </p>
   </div>
   <div class='ocr_carea' id='block_1_80' title="bbox 1971 4287 3548 4358">
    <p class='ocr_par' dir='ltr' id='par_1_80' title="bbox 1971 4287 3548 4358">
     <span class='ocr_line' id='line_1_80' title="bbox 1971 4287 3548 4358; baseline -0.001 -12"><span class='ocrx_word' id='word_1_628' title='bbox 1971 4304 2097 4346; x_wconf 89' lang='lat' dir='ltr'><strong>cum</strong></span> <span class='ocrx_word' id='word_1_629' title='bbox 2134 4296 2412 4343; x_wconf 88' lang='lat' dir='ltr'><strong>venerunt</strong></span> <span class='ocrx_word' id='word_1_630' title='bbox 2437 4306 2450 4342; x_wconf 92' lang='lat'><strong>:</strong></span> <span class='ocrx_word' id='word_1_631' title='bbox 2483 4303 2624 4358; x_wconf 80' lang='lat' dir='ltr'><strong>quos</strong></span> <span class='ocrx_word' id='word_1_632' title='bbox 2650 4287 2724 4344; x_wconf 92' lang='lat' dir='ltr'><strong>ita</strong></span> <span class='ocrx_word' id='word_1_633' title='bbox 2753 4287 2987 4354; x_wconf 88' lang='lat' dir='ltr'><strong>dimisit,</strong></span> <span class='ocrx_word' id='word_1_634' title='bbox 3015 4295 3076 4344; x_wconf 93' lang='lat' dir='ltr'><strong>ut</strong></span> <span class='ocrx_word' id='word_1_635' title='bbox 3106 4288 3245 4343; x_wconf 90' lang='lat' dir='ltr'><strong>nihil</strong></span> <span class='ocrx_word' id='word_1_636' title='bbox 3276 4288 3430 4344; x_wconf 88' lang='lat' dir='ltr'><strong>aliud</strong></span> <span class='ocrx_word' id='word_1_637' title='bbox 3458 4289 3548 4345; x_wconf 81' lang='lat' dir='ltr'><strong>di-</strong></span> 
     </span>
    </p>
   </div>
   <div class='ocr_carea' id='block_1_81' title="bbox 1969 4379 3554 4451">
    <p class='ocr_par' dir='ltr' id='par_1_81' title="bbox 1969 4379 3554 4451">
     <span class='ocr_line' id='line_1_81' title="bbox 1969 4379 3554 4451; baseline -0.001 -12"><span class='ocrx_word' id='word_1_638' title='bbox 1969 4389 2156 4448; x_wconf 82' lang='lat' dir='ltr'><strong>ceret,</strong></span> <span class='ocrx_word' id='word_1_639' title='bbox 2211 4380 2320 4436; x_wconf 85' lang='lat' dir='ltr'><strong>nisi</strong></span> <span class='ocrx_word' id='word_1_640' title='bbox 2357 4394 2418 4436; x_wconf 90' lang='lat' dir='ltr'><strong>se</strong></span> <span class='ocrx_word' id='word_1_641' title='bbox 2454 4389 2577 4450; x_wconf 89' lang='lat' dir='ltr'><strong>post</strong></span> <span class='ocrx_word' id='word_1_642' title='bbox 2615 4394 2822 4449; x_wconf 83' lang='lat' dir='ltr'><strong>paucos</strong></span> <span class='ocrx_word' id='word_1_643' title='bbox 2860 4379 2981 4436; x_wconf 85' lang='lat' dir='ltr'><strong>dies</strong></span> <span class='ocrx_word' id='word_1_644' title='bbox 3028 4381 3112 4435; x_wconf 87' lang='lat' dir='ltr'><strong>eis</strong></span> <span class='ocrx_word' id='word_1_645' title='bbox 3153 4396 3554 4451; x_wconf 89' lang='lat' dir='ltr'><strong>responsurum</strong></span> 
     </span>
    </p>
   </div>
   <div class='ocr_carea' id='block_1_82' title="bbox 276 4463 1862 4548">
    <p class='ocr_par' dir='ltr' id='par_1_82' title="bbox 276 4463 1862 4548">
     <span class='ocr_line' id='line_1_82' title="bbox 276 4463 1862 4548; baseline -0.009 -14"><span class='ocrx_word' id='word_1_646' title='bbox 276 4480 448 4534; x_wconf 77' lang='grc' dir='ltr'>αὑτὸν</span> <span class='ocrx_word' id='word_1_647' title='bbox 488 4481 598 4534; x_wconf 74' lang='grc' dir='ltr'><strong>ἀπὸ</strong></span> <span class='ocrx_word' id='word_1_648' title='bbox 652 4479 750 4548; x_wconf 84' lang='grc' dir='ltr'>τῆς</span> <span class='ocrx_word' id='word_1_649' title='bbox 800 4475 975 4546; x_wconf 81' lang='grc' dir='ltr'>αὐτῆς</span> <span class='ocrx_word' id='word_1_650' title='bbox 1021 4471 1384 4543; x_wconf 82' lang='grc' dir='ltr'>θρασύτητος,</span> <span class='ocrx_word' id='word_1_651' title='bbox 1429 4469 1524 4540; x_wconf 78' lang='grc' dir='ltr'>ἀφ’</span> <span class='ocrx_word' id='word_1_652' title='bbox 1558 4463 1626 4542; x_wconf 79' lang='grc' dir='ltr'>ἧς</span> <span class='ocrx_word' id='word_1_653' title='bbox 1665 4467 1762 4524; x_wconf 80' lang='grc' dir='ltr'><strong>καὶ</strong></span> <span class='ocrx_word' id='word_1_654' title='bbox 1807 4467 1862 4530; x_wconf 79' lang='grc' dir='ltr'><strong>ἐς</strong></span> 
     </span>
    </p>
   </div>
   <div class='ocr_carea' id='block_1_83' title="bbox 1967 4463 3553 4548">
    <p class='ocr_par' dir='ltr' id='par_1_83' title="bbox 1971 4470 3553 4543">
     <span class='ocr_line' id='line_1_83' title="bbox 1971 4470 3553 4543; baseline -0.003 -13"><span class='ocrx_word' id='word_1_655' title='bbox 1971 4489 2118 4530; x_wconf 81' lang='lat' dir='ltr'><strong>esse.</strong></span> <span class='ocrx_word' id='word_1_656' title='bbox 2159 4472 2298 4530; x_wconf 88' lang='lat' dir='ltr'><strong>Cum</strong></span> <span class='ocrx_word' id='word_1_657' title='bbox 2334 4478 2522 4526; x_wconf 89' lang='lat' dir='ltr'><strong>autem</strong></span> <span class='ocrx_word' id='word_1_658' title='bbox 2581 4470 2952 4542; x_wconf 81' lang='lat' dir='ltr'><strong>oppugnando</strong></span> <span class='ocrx_word' id='word_1_659' title='bbox 3023 4471 3162 4526; x_wconf 88' lang='lat' dir='ltr'><strong>nihil</strong></span> <span class='ocrx_word' id='word_1_660' title='bbox 3214 4472 3553 4543; x_wconf 82' lang='lat' dir='ltr'><strong>proﬁciens,</strong></span> 
     </span>
    </p>
   </div>
   <div class='ocr_carea' id='block_1_84' title="bbox 275 4558 1872 4643">
    <p class='ocr_par' dir='ltr' id='par_1_84' title="bbox 275 4558 1872 4643">
     <span class='ocr_line' id='line_1_84' title="bbox 275 4558 1872 4643; baseline -0.008 -17"><span class='ocrx_word' id='word_1_661' title='bbox 275 4572 380 4643; x_wconf 78' lang='grc' dir='ltr'>τὴν</span> <span class='ocrx_word' id='word_1_662' title='bbox 420 4571 644 4643; x_wconf 83' lang='grc' dir='ltr'>Ῥώμην</span> <span class='ocrx_word' id='word_1_663' title='bbox 684 4572 816 4642; x_wconf 67' lang='grc' dir='ltr'>πρὶν</span> <span class='ocrx_word' id='word_1_664' title='bbox 844 4565 1312 4637; x_wconf 83' lang='grc' dir='ltr'>ἐπρεσϐεύσαντο.</span> <span class='ocrx_word' id='word_1_665' title='bbox 1348 4564 1406 4617; x_wconf 83' lang='lat'><strong>&#39;0</strong></span> <span class='ocrx_word' id='word_1_666' title='bbox 1433 4562 1490 4615; x_wconf 81' lang='grc' dir='ltr'>δὲ</span> <span class='ocrx_word' id='word_1_667' title='bbox 1519 4561 1676 4616; x_wconf 81' lang='grc' dir='ltr'>οὐδὲν</span> <span class='ocrx_word' id='word_1_668' title='bbox 1699 4558 1872 4614; x_wconf 77' lang='grc' dir='ltr'>εἰπὼν</span> 
     </span>
    </p>
   </div>
   <div class='ocr_carea' id='block_1_85' title="bbox 279 4653 1874 4736">
    <p class='ocr_par' dir='ltr' id='par_1_85' title="bbox 279 4653 1874 4736">
     <span class='ocr_line' id='line_1_85' title="bbox 279 4653 1874 4736; baseline -0.009 -17"><span class='ocrx_word' id='word_1_669' title='bbox 279 4664 447 4719; x_wconf 85' lang='grc' dir='ltr'>πλέον</span> <span class='ocrx_word' id='word_1_670' title='bbox 488 4665 675 4729; x_wconf 76' lang='grc' dir='ltr'>αὐτοῖς</span> <span class='ocrx_word' id='word_1_671' title='bbox 731 4663 764 4736; x_wconf 84' lang='grc' dir='ltr'>ἢ</span> <span class='ocrx_word' id='word_1_672' title='bbox 811 4664 893 4717; x_wconf 86' lang='grc' dir='ltr'>ὅτι</span> <span class='ocrx_word' id='word_1_673' title='bbox 949 4664 1066 4733; x_wconf 84' lang='grc' dir='ltr'>μετ’</span> <span class='ocrx_word' id='word_1_674' title='bbox 1089 4661 1275 4728; x_wconf 85' lang='grc' dir='ltr'>ὀλίγας</span> <span class='ocrx_word' id='word_1_675' title='bbox 1314 4657 1532 4729; x_wconf 81' lang='grc' dir='ltr'>ἡμέρας</span> <span class='ocrx_word' id='word_1_676' title='bbox 1575 4653 1874 4724; x_wconf 87' lang='grc' dir='ltr'>ἀπόκρισιν</span> 
     </span>
    </p>
   </div>
   <div class='ocr_carea' id='block_1_86' title="bbox 278 4745 1873 4828">
    <p class='ocr_par' dir='ltr' id='par_1_86' title="bbox 278 4745 1873 4828">
     <span class='ocr_line' id='line_1_86' title="bbox 278 4745 1873 4828; baseline -0.008 -18"><span class='ocrx_word' id='word_1_677' title='bbox 278 4756 470 4822; x_wconf 86' lang='grc' dir='ltr'>δώσει,</span> <span class='ocrx_word' id='word_1_678' title='bbox 503 4755 836 4828; x_wconf 74' lang='grc' dir='ltr'>ἀπέπεμψεν</span> <span class='ocrx_word' id='word_1_679' title='bbox 863 4754 1083 4820; x_wconf 85' lang='grc' dir='ltr'>αὐτούς.</span> <span class='ocrx_word' id='word_1_680' title='bbox 1123 4755 1213 4818; x_wconf 83' lang='grc' dir='ltr'>Ὠς</span> <span class='ocrx_word' id='word_1_681' title='bbox 1245 4753 1302 4807; x_wconf 83' lang='grc' dir='ltr'>δὲ</span> <span class='ocrx_word' id='word_1_682' title='bbox 1339 4749 1695 4822; x_wconf 75' lang='grc' dir='ltr'>προσϐάλλων</span> <span class='ocrx_word' id='word_1_683' title='bbox 1717 4745 1873 4800; x_wconf 79' lang='grc' dir='ltr'>οὐδὲν</span> 
     </span>
    </p>
   </div>
   <div class='ocr_carea' id='block_1_87' title="bbox 279 4840 1872 4918">
    <p class='ocr_par' dir='ltr' id='par_1_87' title="bbox 279 4840 1872 4918">
     <span class='ocr_line' id='line_1_87' title="bbox 279 4840 1872 4918; baseline -0.005 -16"><span class='ocrx_word' id='word_1_684' title='bbox 279 4849 601 4918; x_wconf 82' lang='grc' dir='ltr'>ἐπέραινεν,</span> <span class='ocrx_word' id='word_1_685' title='bbox 633 4848 806 4918; x_wconf 74' lang='grc' dir='ltr'>ἔμαθε</span> <span class='ocrx_word' id='word_1_686' title='bbox 854 4847 912 4901; x_wconf 86' lang='grc' dir='ltr'>δὲ</span> <span class='ocrx_word' id='word_1_687' title='bbox 955 4846 1026 4901; x_wconf 84' lang='grc' dir='ltr'>τὰ</span> <span class='ocrx_word' id='word_1_688' title='bbox 1071 4846 1174 4918; x_wconf 82' lang='grc' dir='ltr'><strong>ὅρη</strong></span> <span class='ocrx_word' id='word_1_689' title='bbox 1207 4844 1337 4900; x_wconf 74' lang='grc' dir='ltr'>ὄντα</span> <span class='ocrx_word' id='word_1_690' title='bbox 1377 4861 1484 4898; x_wconf 88' lang='grc' dir='ltr'><strong>που</strong></span> <span class='ocrx_word' id='word_1_691' title='bbox 1536 4840 1872 4912; x_wconf 86' lang='grc' dir='ltr'>πορεύσιμα,</span> 
     </span>
    </p>
   </div>
   <div class='ocr_carea' id='block_1_88' title="bbox 283 4932 1876 5014">
    <p class='ocr_par' dir='ltr' id='par_1_88' title="bbox 283 4932 1876 5014">
     <span class='ocr_line' id='line_1_88' title="bbox 283 4932 1876 5014; baseline -0.006 -19"><span class='ocrx_word' id='word_1_692' title='bbox 283 4941 458 5014; x_wconf 84' lang='grc' dir='ltr'>μέρος</span> <span class='ocrx_word' id='word_1_693' title='bbox 504 4958 557 4995; x_wconf 86' lang='grc' dir='ltr'><strong>τι</strong></span> <span class='ocrx_word' id='word_1_694' title='bbox 596 4939 694 4994; x_wconf 83' lang='grc' dir='ltr'>τοῦ</span> <span class='ocrx_word' id='word_1_695' title='bbox 736 4939 971 5009; x_wconf 81' lang='grc' dir='ltr'>στρατοῦ</span> <span class='ocrx_word' id='word_1_696' title='bbox 1006 4939 1100 4992; x_wconf 82' lang='grc' dir='ltr'><strong>ἐπὶ</strong></span> <span class='ocrx_word' id='word_1_697' title='bbox 1132 4937 1230 5009; x_wconf 81' lang='grc' dir='ltr'>τὴν</span> <span class='ocrx_word' id='word_1_698' title='bbox 1265 4933 1726 5006; x_wconf 84' lang='grc' dir='ltr'>δυσπροδωτέραν</span> <span class='ocrx_word' id='word_1_699' title='bbox 1775 4932 1876 4986; x_wconf 73' lang='lat' dir='ltr'><strong>a6—</strong></span> 
     </span>
    </p>
   </div>
   <div class='ocr_carea' id='block_1_89' title="bbox 277 5023 1870 5106">
    <p class='ocr_par' dir='ltr' id='par_1_89' title="bbox 277 5023 1870 5106">
     <span class='ocr_line' id='line_1_89' title="bbox 277 5023 1870 5106; baseline -0.009 -18"><span class='ocrx_word' id='word_1_700' title='bbox 277 5035 398 5088; x_wconf 80' lang='grc' dir='ltr'>τῶν</span> <span class='ocrx_word' id='word_1_701' title='bbox 441 5031 751 5106; x_wconf 78' lang='grc' dir='ltr'>ὑπερϐολὴν</span> <span class='ocrx_word' id='word_1_702' title='bbox 789 5030 1028 5102; x_wconf 74' lang='grc' dir='ltr'>ἔπεμψε,</span> <span class='ocrx_word' id='word_1_703' title='bbox 1069 5026 1521 5098; x_wconf 80' lang='grc' dir='ltr'>καταληψόμενον</span> <span class='ocrx_word' id='word_1_704' title='bbox 1572 5025 1641 5079; x_wconf 76' lang='grc' dir='ltr'>τὰ</span> <span class='ocrx_word' id='word_1_705' title='bbox 1695 5023 1870 5094; x_wconf 79' lang='grc' dir='ltr'>ταύτῃ</span> 
     </span>
    </p>
   </div>
   <div class='ocr_carea' id='block_1_90' title="bbox 281 5117 1875 5199">
    <p class='ocr_par' dir='ltr' id='par_1_90' title="bbox 281 5117 1875 5199">
     <span class='ocr_line' id='line_1_90' title="bbox 281 5117 1875 5199; baseline -0.008 -16"><span class='ocrx_word' id='word_1_706' title='bbox 281 5131 574 5199; x_wconf 78' lang='grc' dir='ltr'>ἐπίκαιρα.</span> <span class='ocrx_word' id='word_1_707' title='bbox 614 5127 712 5180; x_wconf 86' lang='grc' dir='ltr'><strong>Διὰ</strong></span> <span class='ocrx_word' id='word_1_708' title='bbox 767 5125 876 5196; x_wconf 86' lang='grc' dir='ltr'>γὰρ</span> <span class='ocrx_word' id='word_1_709' title='bbox 919 5125 981 5179; x_wconf 86' lang='grc' dir='ltr'><strong>τὸ</strong></span> <span class='ocrx_word' id='word_1_710' title='bbox 1029 5122 1395 5193; x_wconf 88' lang='grc' dir='ltr'>δυσπρόσιτον</span> <span class='ocrx_word' id='word_1_711' title='bbox 1439 5121 1536 5174; x_wconf 87' lang='grc' dir='ltr'><strong>καί</strong></span> <span class='ocrx_word' id='word_1_712' title='bbox 1579 5117 1875 5189; x_wconf 86' lang='grc' dir='ltr'>ἐλαχίστην</span> 
     </span>
    </p>
   </div>
   <div class='ocr_carea' id='block_1_91' title="bbox 283 5211 1875 5292">
    <p class='ocr_par' dir='ltr' id='par_1_91' title="bbox 283 5211 1875 5292">
     <span class='ocr_line' id='line_1_91' title="bbox 283 5211 1875 5292; baseline -0.007 -19"><span class='ocrx_word' id='word_1_713' title='bbox 283 5216 402 5292; x_wconf 72' lang='grc' dir='ltr'>εἷχε</span> <span class='ocrx_word' id='word_1_714' title='bbox 436 5221 704 5291; x_wconf 62' lang='grc' dir='ltr'>φρουράν</span> <span class='ocrx_word' id='word_1_715' title='bbox 733 5217 894 5282; x_wconf 76' lang='grc' dir='ltr'>αὐτὸς</span> <span class='ocrx_word' id='word_1_716' title='bbox 930 5215 986 5270; x_wconf 82' lang='grc' dir='ltr'>δὲ</span> <span class='ocrx_word' id='word_1_717' title='bbox 1012 5215 1088 5287; x_wconf 84' lang='grc' dir='ltr'>τῷ</span> <span class='ocrx_word' id='word_1_718' title='bbox 1126 5214 1302 5286; x_wconf 86' lang='grc' dir='ltr'>λοιπῷ</span> <span class='ocrx_word' id='word_1_719' title='bbox 1331 5212 1426 5268; x_wconf 81' lang='grc' dir='ltr'>τοῦ</span> <span class='ocrx_word' id='word_1_720' title='bbox 1459 5211 1875 5284; x_wconf 87' lang='grc' dir='ltr'>στρατεύματος</span> 
     </span>
    </p>
   </div>
   <div class='ocr_carea' id='block_1_92' title="bbox 287 5301 1878 5383">
    <p class='ocr_par' dir='ltr' id='par_1_92' title="bbox 287 5301 1878 5383">
     <span class='ocr_line' id='line_1_92' title="bbox 287 5301 1878 5383; baseline -0.005 -21"><span class='ocrx_word' id='word_1_721' title='bbox 287 5310 590 5383; x_wconf 79' lang='grc' dir='ltr'>προσέμιξε</span> <span class='ocrx_word' id='word_1_722' title='bbox 617 5310 696 5382; x_wconf 79' lang='grc' dir='ltr'>τῷ</span> <span class='ocrx_word' id='word_1_723' title='bbox 726 5311 948 5382; x_wconf 89' lang='grc' dir='ltr'>Περσεῖ,</span> <span class='ocrx_word' id='word_1_724' title='bbox 970 5310 1068 5363; x_wconf 75' lang='grc' dir='ltr'>’ἵνα</span> <span class='ocrx_word' id='word_1_725' title='bbox 1117 5309 1193 5380; x_wconf 83' lang='grc' dir='ltr'>μή</span> <span class='ocrx_word' id='word_1_726' title='bbox 1222 5325 1274 5362; x_wconf 91' lang='grc' dir='ltr'><strong>τι</strong></span> <span class='ocrx_word' id='word_1_727' title='bbox 1304 5307 1666 5375; x_wconf 80' lang='grc' dir='ltr'>ὑποτοπήσας</span> <span class='ocrx_word' id='word_1_728' title='bbox 1701 5301 1878 5372; x_wconf 85' lang='grc' dir='ltr'>φυλα-</span> 
     </span>
    </p>
   </div>
   <div class='ocr_carea' id='block_1_93' title="bbox 1974 4563 3555 4645">
    <p class='ocr_par' dir='ltr' id='par_1_93' title="bbox 1974 4563 3555 4645">
     <span class='ocr_line' id='line_1_93' title="bbox 1974 4563 3555 4645; baseline 0.002 -26"><span class='ocrx_word' id='word_1_729' title='bbox 1974 4573 2194 4621; x_wconf 91' lang='lat' dir='ltr'><strong>montes</strong></span> <span class='ocrx_word' id='word_1_730' title='bbox 2247 4563 2455 4620; x_wconf 87' lang='lat' dir='ltr'><strong>alicubi</strong></span> <span class='ocrx_word' id='word_1_731' title='bbox 2499 4578 2625 4620; x_wconf 82' lang='lat' dir='ltr'><strong>esse</strong></span> <span class='ocrx_word' id='word_1_732' title='bbox 2669 4564 2892 4635; x_wconf 87' lang='lat' dir='ltr'><strong>pervios</strong></span> <span class='ocrx_word' id='word_1_733' title='bbox 2937 4563 3231 4622; x_wconf 89' lang='lat' dir='ltr'><strong>didicisset</strong></span> <span class='ocrx_word' id='word_1_734' title='bbox 3279 4584 3294 4620; x_wconf 91' lang='lat'><strong>:</strong></span> <span class='ocrx_word' id='word_1_735' title='bbox 3343 4576 3555 4645; x_wconf 70' lang='lat' dir='ltr'><strong>partem</strong></span> 
     </span>
    </p>
   </div>
   <div class='ocr_carea' id='block_1_94' title="bbox 1975 4655 3559 4724">
    <p class='ocr_par' dir='ltr' id='par_1_94' title="bbox 1975 4655 3559 4724">
     <span class='ocr_line' id='line_1_94' title="bbox 1975 4655 3559 4724; baseline 0 -12"><span class='ocrx_word' id='word_1_736' title='bbox 1975 4659 2259 4713; x_wconf 83' lang='lat' dir='ltr'><strong>exercitus</strong></span> <span class='ocrx_word' id='word_1_737' title='bbox 2297 4655 2366 4714; x_wconf 86' lang='lat' dir='ltr'><strong>ad</strong></span> <span class='ocrx_word' id='word_1_738' title='bbox 2404 4671 2674 4712; x_wconf 86' lang='lat' dir='ltr'><strong>cacumen</strong></span> <span class='ocrx_word' id='word_1_739' title='bbox 2719 4671 2948 4713; x_wconf 87' lang='lat' dir='ltr'><strong>accessu</strong></span> <span class='ocrx_word' id='word_1_740' title='bbox 2977 4656 3260 4714; x_wconf 79' lang='lat' dir='ltr'><strong>dimcilius</strong></span> <span class='ocrx_word' id='word_1_741' title='bbox 3290 4658 3462 4724; x_wconf 88' lang='lat' dir='ltr'><strong>misit,</strong></span> <span class='ocrx_word' id='word_1_742' title='bbox 3496 4667 3559 4712; x_wconf 85' lang='lat' dir='ltr'><strong>ut</strong></span> 
     </span>
    </p>
   </div>
   <div class='ocr_carea' id='block_1_95' title="bbox 1971 4746 3555 4818">
    <p class='ocr_par' dir='ltr' id='par_1_95' title="bbox 1971 4746 3555 4818">
     <span class='ocr_line' id='line_1_95' title="bbox 1971 4746 3555 4818; baseline -0.001 -14"><span class='ocrx_word' id='word_1_743' title='bbox 1971 4747 2092 4804; x_wconf 88' lang='lat' dir='ltr'><strong>loca</strong></span> <span class='ocrx_word' id='word_1_744' title='bbox 2124 4756 2436 4818; x_wconf 82' lang='lat' dir='ltr'><strong>opportuna</strong></span> <span class='ocrx_word' id='word_1_745' title='bbox 2463 4755 2789 4816; x_wconf 88' lang='lat' dir='ltr'><strong>occuparet.</strong></span> <span class='ocrx_word' id='word_1_746' title='bbox 2826 4746 2964 4802; x_wconf 88' lang='lat' dir='ltr'><strong>Nam</strong></span> <span class='ocrx_word' id='word_1_747' title='bbox 2997 4747 3069 4804; x_wconf 87' lang='lat' dir='ltr'><strong>ob</strong></span> <span class='ocrx_word' id='word_1_748' title='bbox 3096 4747 3334 4804; x_wconf 89' lang='lat' dir='ltr'><strong>arduum</strong></span> <span class='ocrx_word' id='word_1_749' title='bbox 3355 4763 3555 4803; x_wconf 89' lang='lat' dir='ltr'><strong>ascen-</strong></span> 
     </span>
    </p>
   </div>
   <div class='ocr_carea' id='block_1_96' title="bbox 1973 4839 3555 4910">
    <p class='ocr_par' dir='ltr' id='par_1_96' title="bbox 1973 4839 3555 4910">
     <span class='ocr_line' id='line_1_96' title="bbox 1973 4839 3555 4910; baseline -0.003 -12"><span class='ocrx_word' id='word_1_750' title='bbox 1973 4855 2119 4907; x_wconf 90' lang='lat' dir='ltr'><strong>sum,</strong></span> <span class='ocrx_word' id='word_1_751' title='bbox 2150 4840 2441 4895; x_wconf 90' lang='lat' dir='ltr'><strong>minimum</strong></span> <span class='ocrx_word' id='word_1_752' title='bbox 2468 4839 2544 4895; x_wconf 84' lang='lat' dir='ltr'><strong>ibi</strong></span> <span class='ocrx_word' id='word_1_753' title='bbox 2577 4840 2899 4910; x_wconf 78' lang='lat' dir='ltr'><strong>praesidium</strong></span> <span class='ocrx_word' id='word_1_754' title='bbox 2928 4841 3259 4897; x_wconf 83' lang='lat' dir='ltr'><strong>collocatum</strong></span> <span class='ocrx_word' id='word_1_755' title='bbox 3282 4849 3422 4894; x_wconf 90' lang='lat' dir='ltr'><strong>erat.</strong></span> <span class='ocrx_word' id='word_1_756' title='bbox 3447 4839 3555 4894; x_wconf 78' lang='lat' dir='ltr'><strong>Ite-</strong></span> 
     </span>
    </p>
   </div>
   <div class='ocr_carea' id='block_1_97' title="bbox 1971 4931 3557 5004">
    <p class='ocr_par' dir='ltr' id='par_1_97' title="bbox 1971 4931 3557 5004">
     <span class='ocr_line' id='line_1_97' title="bbox 1971 4931 3557 5004; baseline 0.001 -15"><span class='ocrx_word' id='word_1_757' title='bbox 1971 4934 2124 5004; x_wconf 88' lang='lat' dir='ltr'><strong>quua</strong></span> <span class='ocrx_word' id='word_1_758' title='bbox 2193 4933 2476 5003; x_wconf 89' lang='lat' dir='ltr'><strong>copiarum</strong></span> <span class='ocrx_word' id='word_1_759' title='bbox 2524 4940 2684 5002; x_wconf 88' lang='lat' dir='ltr'><strong>parte</strong></span> <span class='ocrx_word' id='word_1_760' title='bbox 2718 4948 2844 4987; x_wconf 92' lang='lat' dir='ltr'><strong>cum</strong></span> <span class='ocrx_word' id='word_1_761' title='bbox 2879 4933 3085 4989; x_wconf 89' lang='lat' dir='ltr'><strong>Perseo</strong></span> <span class='ocrx_word' id='word_1_762' title='bbox 3134 4931 3441 4996; x_wconf 83' lang='lat' dir='ltr'><strong>dimicavit,</strong></span> <span class='ocrx_word' id='word_1_763' title='bbox 3487 4947 3557 4990; x_wconf 83' lang='lat' dir='ltr'><strong>ne</strong></span> 
     </span>
    </p>
   </div>
   <div class='ocr_carea' id='block_1_98' title="bbox 1972 5025 3553 5098">
    <p class='ocr_par' dir='ltr' id='par_1_98' title="bbox 1972 5025 3553 5098">
     <span class='ocr_line' id='line_1_98' title="bbox 1972 5025 3553 5098; baseline -0.003 -15"><span class='ocrx_word' id='word_1_764' title='bbox 1972 5026 2109 5098; x_wconf 88' lang='lat' dir='ltr'><strong>quid</strong></span> <span class='ocrx_word' id='word_1_765' title='bbox 2141 5028 2719 5097; x_wconf 88' lang='lat' dir='ltr'><strong>suspicatus,montes</strong></span> <span class='ocrx_word' id='word_1_766' title='bbox 2747 5027 3064 5083; x_wconf 84' lang='lat' dir='ltr'><strong>accuratius</strong></span> <span class='ocrx_word' id='word_1_767' title='bbox 3091 5034 3360 5080; x_wconf 90' lang='lat' dir='ltr'><strong>tueretur.</strong></span> <span class='ocrx_word' id='word_1_768' title='bbox 3401 5025 3553 5094; x_wconf 84' lang='lat' dir='ltr'><strong>Post,</strong></span> 
     </span>
    </p>
   </div>
   <div class='ocr_carea' id='block_1_99' title="bbox 1973 5117 3556 5192">
    <p class='ocr_par' dir='ltr' id='par_1_99' title="bbox 1973 5117 3556 5192">
     <span class='ocr_line' id='line_1_99' title="bbox 1973 5117 3556 5192; baseline -0.003 -17"><span class='ocrx_word' id='word_1_769' title='bbox 1973 5118 2278 5175; x_wconf 88' lang='lat' dir='ltr'><strong>verticibus</strong></span> <span class='ocrx_word' id='word_1_770' title='bbox 2314 5117 2622 5188; x_wconf 84' lang='lat' dir='ltr'><strong>occupatis,</strong></span> <span class='ocrx_word' id='word_1_771' title='bbox 2651 5117 2822 5192; x_wconf 64' lang='grc'><strong>458</strong></span> <span class='ocrx_word' id='word_1_772' title='bbox 2861 5126 3030 5174; x_wconf 91' lang='lat' dir='ltr'><strong>noctu</strong></span> <span class='ocrx_word' id='word_1_773' title='bbox 3069 5117 3137 5172; x_wconf 90' lang='lat' dir='ltr'><strong>ad</strong></span> <span class='ocrx_word' id='word_1_774' title='bbox 3161 5125 3378 5172; x_wconf 88' lang='lat' dir='ltr'><strong>montes</strong></span> <span class='ocrx_word' id='word_1_775' title='bbox 3416 5131 3556 5171; x_wconf 81' lang='lat' dir='ltr'><strong>con-</strong></span> 
     </span>
    </p>
   </div>
   <div class='ocr_carea' id='block_1_100' title="bbox 1961 5209 3556 5282">
    <p class='ocr_par' dir='ltr' id='par_1_100' title="bbox 1961 5209 3556 5282">
     <span class='ocr_line' id='line_1_100' title="bbox 1961 5209 3556 5282; baseline -0.003 -14"><span class='ocrx_word' id='word_1_776' title='bbox 1961 5211 2201 5268; x_wconf 86' lang='lat' dir='ltr'><strong>tendit:</strong></span> <span class='ocrx_word' id='word_1_777' title='bbox 2244 5225 2454 5282; x_wconf 82' lang='lat' dir='ltr'><strong>eosque</strong></span> <span class='ocrx_word' id='word_1_778' title='bbox 2483 5211 2688 5282; x_wconf 85' lang='lat' dir='ltr'><strong>partim</strong></span> <span class='ocrx_word' id='word_1_779' title='bbox 2730 5218 2926 5280; x_wconf 88' lang='lat' dir='ltr'><strong>aperto</strong></span> <span class='ocrx_word' id='word_1_780' title='bbox 2965 5211 3142 5265; x_wconf 85' lang='lat' dir='ltr'><strong>Marte</strong></span> <span class='ocrx_word' id='word_1_781' title='bbox 3166 5249 3182 5272; x_wconf 93' lang='lat'><strong>,</strong></span> <span class='ocrx_word' id='word_1_782' title='bbox 3234 5209 3434 5278; x_wconf 86' lang='lat' dir='ltr'><strong>partim</strong></span> <span class='ocrx_word' id='word_1_783' title='bbox 3462 5223 3556 5264; x_wconf 83' lang='lat' dir='ltr'><strong>oc-</strong></span> 
     </span>
    </p>
   </div>
   <div class='ocr_carea' id='block_1_101' title="bbox 1977 5301 3559 5374">
    <p class='ocr_par' dir='ltr' id='par_1_101' title="bbox 1977 5301 3559 5374">
     <span class='ocr_line' id='line_1_101' title="bbox 1977 5301 3559 5374; baseline -0.001 -15"><span class='ocrx_word' id='word_1_784' title='bbox 1977 5305 2127 5359; x_wconf 89' lang='lat' dir='ltr'><strong>culte</strong></span> <span class='ocrx_word' id='word_1_785' title='bbox 2148 5302 2462 5374; x_wconf 78' lang='lat' dir='ltr'><strong>superavit.</strong></span> <span class='ocrx_word' id='word_1_786' title='bbox 2495 5302 2615 5370; x_wconf 79' lang='lat' dir='ltr'><strong>Quo</strong></span> <span class='ocrx_word' id='word_1_787' title='bbox 2643 5303 2881 5358; x_wconf 84' lang='lat' dir='ltr'><strong>Perseus</strong></span> <span class='ocrx_word' id='word_1_788' title='bbox 2913 5301 3159 5372; x_wconf 80' lang='lat' dir='ltr'><strong>cognito,</strong></span> <span class='ocrx_word' id='word_1_789' title='bbox 3203 5310 3454 5357; x_wconf 88' lang='lat' dir='ltr'><strong>metuens</strong></span> <span class='ocrx_word' id='word_1_790' title='bbox 3487 5317 3559 5358; x_wconf 85' lang='lat' dir='ltr'><strong>ne</strong></span> 
     </span>
    </p>
   </div>
   <div class='ocr_carea' id='block_1_102' title="bbox 287 5388 1862 5475">
    <p class='ocr_par' dir='ltr' id='par_1_102' title="bbox 287 5394 1862 5475">
     <span class='ocr_line' id='line_1_102' title="bbox 287 5394 1862 5475; baseline -0.006 -18"><span class='ocrx_word' id='word_1_791' title='bbox 287 5402 395 5474; x_wconf 83' lang='grc' dir='ltr'><strong>κὴν</strong></span> <span class='ocrx_word' id='word_1_792' title='bbox 440 5403 550 5456; x_wconf 85' lang='grc' dir='ltr'>τῶν</span> <span class='ocrx_word' id='word_1_793' title='bbox 588 5403 732 5475; x_wconf 85' lang='grc' dir='ltr'>ὀρῶν</span> <span class='ocrx_word' id='word_1_794' title='bbox 777 5400 1181 5474; x_wconf 84' lang='grc' dir='ltr'>ἀκριϐεστέραν</span> <span class='ocrx_word' id='word_1_795' title='bbox 1215 5400 1526 5469; x_wconf 84' lang='grc' dir='ltr'>ποιήσαιτο.</span> <span class='ocrx_word' id='word_1_796' title='bbox 1578 5395 1689 5452; x_wconf 71' lang='grc' dir='ltr'><strong>Καὶ</strong></span> <span class='ocrx_word' id='word_1_797' title='bbox 1739 5394 1862 5466; x_wconf 84' lang='grc' dir='ltr'><strong>μετέ</strong></span> 
     </span>
    </p>
   </div>
   <div class='ocr_carea' id='block_1_103' title="bbox 1967 5388 3561 5475">
    <p class='ocr_par' dir='ltr' id='par_1_103' title="bbox 1981 5388 3561 5463">
     <span class='ocr_line' id='line_1_103' title="bbox 1981 5388 3561 5463; baseline 0.001 -15"><span class='ocrx_word' id='word_1_798' title='bbox 1981 5408 2012 5448; x_wconf 92' lang='lat' dir='ltr'><strong>a</strong></span> <span class='ocrx_word' id='word_1_799' title='bbox 2046 5402 2201 5463; x_wconf 78' lang='lat' dir='ltr'><strong>tergo</strong></span> <span class='ocrx_word' id='word_1_800' title='bbox 2254 5391 2779 5458; x_wconf 85' lang='lat' dir='ltr'><strong>circumveniretur,</strong></span> <span class='ocrx_word' id='word_1_801' title='bbox 2808 5401 2904 5446; x_wconf 91' lang='lat' dir='ltr'><strong>aut</strong></span> <span class='ocrx_word' id='word_1_802' title='bbox 2940 5388 3130 5461; x_wconf 86' lang='lat' dir='ltr'><strong>Pydna</strong></span> <span class='ocrx_word' id='word_1_803' title='bbox 3173 5389 3242 5445; x_wconf 90' lang='lat' dir='ltr'><strong>ab</strong></span> <span class='ocrx_word' id='word_1_804' title='bbox 3268 5391 3429 5448; x_wconf 83' lang='lat' dir='ltr'><strong>hoste</strong></span> <span class='ocrx_word' id='word_1_805' title='bbox 3466 5407 3561 5448; x_wconf 85' lang='lat' dir='ltr'><strong>oc-</strong></span> 
     </span>
    </p>
   </div>
   <div class='ocr_carea' id='block_1_104' title="bbox 1462 5553 2374 5620">
    <p class='ocr_par' dir='ltr' id='par_1_104' title="bbox 1462 5553 2374 5620">
     <span class='ocr_line' id='line_1_104' title="bbox 1462 5553 2374 5620; baseline -0.003 -2"><span class='ocrx_word' id='word_1_806' title='bbox 1462 5557 1662 5620; x_wconf 65' lang='grc' dir='ltr'>νει-ιω</span> <span class='ocrx_word' id='word_1_807' title='bbox 1713 5553 2026 5618; x_wconf 87' lang='lat' dir='ltr'><strong>lectiones</strong></span> <span class='ocrx_word' id='word_1_808' title='bbox 2072 5558 2134 5614; x_wconf 85' lang='lat' dir='ltr'><strong>et</strong></span> <span class='ocrx_word' id='word_1_809' title='bbox 2179 5558 2374 5615; x_wconf 67' lang='lat' dir='ltr'><strong>notae.</strong></span> 
     </span>
    </p>
   </div>
   <div class='ocr_carea' id='block_1_105' title="bbox 385 5680 1868 5759">
    <p class='ocr_par' dir='ltr' id='par_1_105' title="bbox 385 5680 1868 5759">
     <span class='ocr_line' id='line_1_105' title="bbox 385 5680 1868 5759; baseline -0.005 -17"><span class='ocrx_word' id='word_1_810' title='bbox 385 5684 476 5759; x_wconf 75' lang='grc'><strong>49)</strong></span> <span class='ocrx_word' id='word_1_811' title='bbox 513 5686 621 5759; x_wconf 64' lang='lat' dir='ltr'><strong>‘Erj</strong></span> <span class='ocrx_word' id='word_1_812' title='bbox 648 5683 889 5759; x_wconf 46' lang='grc' dir='ltr'><strong>τῷ--ίδζφ</strong></span> <span class='ocrx_word' id='word_1_813' title='bbox 916 5683 1019 5759; x_wconf 62' lang='grc' dir='ltr'><strong>τῷΔ</strong></span> <span class='ocrx_word' id='word_1_814' title='bbox 1041 5680 1464 5759; x_wconf 27' lang='grc' dir='ltr'>Μακεδονικῷ..</span> <span class='ocrx_word' id='word_1_815' title='bbox 1512 5681 1606 5738; x_wconf 90' lang='lat' dir='ltr'><strong>Sic</strong></span> <span class='ocrx_word' id='word_1_816' title='bbox 1637 5681 1773 5752; x_wconf 75' lang='lat' dir='ltr'><strong>Reg.</strong></span> <span class='ocrx_word' id='word_1_817' title='bbox 1809 5687 1868 5736; x_wconf 86' lang='lat' dir='ltr'><strong>et</strong></span> 
     </span>
    </p>
   </div>
   <div class='ocr_carea' id='block_1_106' title="bbox 285 5753 1467 5821">
    <p class='ocr_par' dir='ltr' id='par_1_106' title="bbox 285 5753 1467 5821">
     <span class='ocr_line' id='line_1_106' title="bbox 285 5753 1467 5821; baseline -0.011 -5"><span class='ocrx_word' id='word_1_818' title='bbox 285 5753 535 5816; x_wconf 55' lang='lat' dir='ltr'><strong>Colbe&#39;rt.</strong></span> <span class='ocrx_word' id='word_1_819' title='bbox 569 5755 662 5809; x_wconf 88' lang='lat' dir='ltr'><strong>ubi</strong></span> <span class='ocrx_word' id='word_1_820' title='bbox 691 5754 922 5809; x_wconf 75' lang='lat' dir='ltr'><strong>Wolfius</strong></span> <span class='ocrx_word' id='word_1_821' title='bbox 947 5771 958 5804; x_wconf 92' lang='lat'>:</span> <span class='ocrx_word' id='word_1_822' title='bbox 981 5753 1120 5819; x_wconf 82' lang='lat' dir='ltr'><strong>Quid</strong></span> <span class='ocrx_word' id='word_1_823' title='bbox 1149 5759 1212 5819; x_wconf 78' lang='lat' dir='ltr'><strong>si,</strong></span> <span class='ocrx_word' id='word_1_824' title='bbox 1248 5758 1303 5807; x_wconf 86' lang='grc' dir='ltr'><strong>ὲν</strong></span> <span class='ocrx_word' id='word_1_825' title='bbox 1324 5754 1467 5821; x_wconf 72' lang='grc' dir='ltr'><strong>Δίῳῖ</strong></span> 
     </span>
    </p>
   </div>
   <div class='ocr_carea' id='block_1_107' title="bbox 365 5817 1864 5900">
    <p class='ocr_par' dir='ltr' id='par_1_107' title="bbox 365 5817 1864 5900">
     <span class='ocr_line' id='line_1_107' title="bbox 365 5817 1864 5900; baseline -0.004 -16"><span class='ocrx_word' id='word_1_826' title='bbox 365 5829 479 5900; x_wconf 83' lang='grc'><strong>(50)</strong></span> <span class='ocrx_word' id='word_1_827' title='bbox 514 5825 780 5891; x_wconf 81' lang='grc' dir='ltr'>Πύδνης.</span> <span class='ocrx_word' id='word_1_828' title='bbox 821 5826 874 5878; x_wconf 94' lang='lat' dir='ltr'><strong>ln</strong></span> <span class='ocrx_word' id='word_1_829' title='bbox 908 5817 1015 5879; x_wconf 50' lang='lat' dir='ltr'><strong>ms:</strong></span> <span class='ocrx_word' id='word_1_830' title='bbox 1051 5817 1424 5896; x_wconf 17' lang='lat' dir='ltr'><strong>Ilcg.’Seholi&#39;i</strong></span> <span class='ocrx_word' id='word_1_831' title='bbox 1455 5825 1576 5881; x_wconf 88' lang='lat' dir='ltr'><strong>vice</strong></span> <span class='ocrx_word' id='word_1_832' title='bbox 1619 5817 1864 5891; x_wconf 79' lang='lat' dir='ltr'><strong>additur,</strong></span> 
     </span>
    </p>
   </div>
   <div class='ocr_carea' id='block_1_108' title="bbox 644 5918 1447 5984">
    <p class='ocr_par' dir='ltr' id='par_1_108' title="bbox 644 5918 1447 5984">
     <span class='ocr_line' id='line_1_108' title="bbox 644 5918 1447 5984; baseline 0.002 -3"><span class='ocrx_word' id='word_1_833' title='bbox 644 5921 913 5981; x_wconf 73' lang='lat' dir='ltr'><strong>PA&#39;mOL.</strong></span> <span class='ocrx_word' id='word_1_834' title='bbox 956 5921 1072 5983; x_wconf 84' lang='lat' dir='ltr'><strong>Gn.</strong></span> <span class='ocrx_word' id='word_1_835' title='bbox 1106 5918 1447 5984; x_wconf 77' lang='lat' dir='ltr'><strong>CXXXIV.</strong></span> 
     </span>
    </p>
   </div>
   <div class='ocr_carea' id='block_1_109' title="bbox 1977 5675 2653 5748">
    <p class='ocr_par' dir='ltr' id='par_1_109' title="bbox 1977 5675 2653 5748">
     <span class='ocr_line' id='line_1_109' title="bbox 1977 5675 2653 5748; baseline 0 -16"><span class='ocrx_word' id='word_1_836' title='bbox 1977 5677 2180 5744; x_wconf 88' lang='grc' dir='ltr'>Πύδνα,</span> <span class='ocrx_word' id='word_1_837' title='bbox 2209 5677 2271 5731; x_wconf 77' lang='grc' dir='ltr'>τὸ</span> <span class='ocrx_word' id='word_1_838' title='bbox 2297 5675 2392 5732; x_wconf 81' lang='grc' dir='ltr'>νῦν</span> <span class='ocrx_word' id='word_1_839' title='bbox 2427 5677 2653 5748; x_wconf 79' lang='grc' dir='ltr'>Κίτρος.</span> 
     </span>
    </p>
   </div>
   <div class='ocr_carea' id='block_1_110' title="bbox 1982 5745 3561 5893">
    <p class='ocr_par' dir='ltr' id='par_1_110' title="bbox 1982 5745 3561 5893">
     <span class='ocr_line' id='line_1_110' title="bbox 2027 5745 3561 5873; baseline -0.001 -71"><span class='ocrx_word' id='word_1_840' title='bbox 2027 5749 2164 5873; x_wconf 73' lang='grc' dir='ltr'><strong>ί(51)</strong></span> <span class='ocrx_word' id='word_1_841' title='bbox 2208 5745 2589 5819; x_wconf 80' lang='grc' dir='ltr'>Ἐπορίσατο.</span> <span class='ocrx_word' id='word_1_842' title='bbox 2625 5745 2782 5804; x_wconf 85' lang='lat' dir='ltr'><strong>Alter</strong></span> <span class='ocrx_word' id='word_1_843' title='bbox 2811 5762 2842 5804; x_wconf 90' lang='lat' dir='ltr'><strong>c</strong></span> <span class='ocrx_word' id='word_1_844' title='bbox 2874 5746 3060 5821; x_wconf 79' lang='lat' dir='ltr'><strong>Regiis</strong></span> <span class='ocrx_word' id='word_1_845' title='bbox 3097 5747 3561 5810; x_wconf 70' lang='lat' dir='ltr'><strong>etColbert.éro.</strong></span> 
     </span>
     <span class='ocr_line' id='line_1_111' title="bbox 1982 5835 2200 5893; baseline 0.014 -22"><span class='ocrx_word' id='word_1_846' title='bbox 1982 5838 2023 5893; x_wconf 85' lang='grc' dir='ltr'><strong>μ</strong></span> <span class='ocrx_word' id='word_1_847' title='bbox 2049 5835 2200 5874; x_wconf 89' lang='grc' dir='ltr'>σατο.</span> 
     </span>
    </p>
   </div>
   <div class='ocr_carea' id='block_1_111' title="bbox 3164 5915 3244 5977">
    <p class='ocr_par' dir='ltr' id='par_1_111' title="bbox 3164 5915 3244 5977">
     <span class='ocr_line' id='line_1_112' title="bbox 3164 5915 3244 5977; baseline 0.038 -3"><span class='ocrx_word' id='word_1_848' title='bbox 3164 5915 3244 5977; x_wconf 79' lang='grc'><strong>25</strong></span> 
     </span>
    </p>
   </div>
  </div>
