4008 6250
526 363 639 428 779

1802 364 1806 366 ‘
1836 348 2160 413 IOANNIS
2201 348 2525 411 ZONARIE
2844 402 2851 409 .
3661 345 3747 407 783

527 481 826 548 euparetur
875 470 1023 541 (nam
1063 469 1308 523 Romana
1365 464 1558 521 classis
1611 461 1965 533 accedebat),
2017 475 2111 515 ca-

2229 461 2376 515 τοῦτο
2422 457 2885 530 καταληφθέντων
2923 456 3031 510 τῶν
3077 455 3284 527 ἄκρωύ.
3326 454 3514 519 νυκτδῖ
3548 460 3667 529 πρὸς
3696 467 3751 514 τὶ

527 569 691 625 stello
707 566 852 635 quod
875 563 942 616 ad
976 574 1191 615 amnem
1212 565 1332 613 erat
1350 557 1593 623 deserto,
1614 557 1856 628 Pydnam
1876 567 2110 624 propere

528 654 832 718 contendit,
879 662 936 707 et
977 659 1104 706 ante
1173 648 1366 704 urbem
1418 656 1596 703 castra
1647 645 1853 718 posuit.
1901 642 2107 698 Eodem

528 752 729 808 Paulus
759 761 979 819 quoque
1005 744 1176 799 venit.
1228 742 1346 797 Non
1378 741 1564 797 statim
1596 747 1776 794 tamen
1811 747 1942 793 sunt
1979 752 2112 792 con-

526 841 740 914 gressi,
803 837 994 908 praelio
1051 833 1106 889 in
1162 832 1350 903 plures
1409 830 1529 885 dies
1579 828 1809 884 dilato:
1867 832 1924 879 et
1980 824 2108 893 quia

526 937 673 991 luere
699 929 974 985 defectum
1003 931 1403 997 prmcognorat,
1440 921 1746 978 exercitum
1778 917 1882 974 sub
1919 929 2112 986 vespe-

512 1022 643 1081 ram
693 1040 802 1095 qua
865 1022 957 1075 ille
1009 1019 1250 1074 instalzat
1300 1023 1687 1079 convocatum,
1738 1011 2111 1076 edoctumque

528 1120 661 1192 quid
701 1119 951 1173 futurum
981 1122 1150 1176 esset,
1182 1111 1421 1178 monuit,
1461 1124 1530 1163 ne
1557 1107 1690 1178 quid
1718 1122 1782 1161 ea
1828 1121 1886 1159 re
1924 1103 2113 1157 turba-

527 1225 701 1269 retur.
730 1209 973 1267 Proinde
1023 1206 1257 1263 Romani
1291 1221 1357 1261 ex
1383 1218 1451 1260 co
1486 1202 1625 1257 nihil
1654 1198 1869 1255 adversi
1912 1197 2110 1253 timue-

529 1313 683 1360 runt.
740 1301 1066 1357 Macedones
1118 1306 1303 1351 autem
1355 1294 1582 1359 territi,
1642 1291 1841 1347 Perseo
1897 1287 2110 1344 sinistri

529 1395 739 1466 aliquid
768 1391 1023 1464 portendi
1049 1388 1399 1461 iudicarunt.
1447 1386 1541 1440 Sic
1571 1384 1819 1452 utrisque
1859 1379 2110 1441 adectis,

527 1486 766 1543 fortuito
794 1499 925 1538 casu
954 1478 1221 1551 postridie
1253 1478 1307 1531 in
1337 1491 1573 1547 pugnam
1599 1489 1709 1529 non
1728 1472 2111 1528 denuntiatam

529 1585 660 1632 sunt
692 1574 942 1645 impulsi,
971 1585 1094 1642 qua:
1120 1568 1270 1622 bello
1313 1567 1478 1620 finem
1512 1562 1794 1634 imposuit.
1822 1560 1954 1614 Nam
1985 1573 2109 1614 cum

519 1675 834 1743 jumentum
871 1666 1180 1721 Romanum
1208 1660 1261 1715 in
1296 1659 1524 1722 flumen,
1562 1654 1708 1710 unde
1745 1653 2110 1724 aquabantur,

531 1762 840 1823 incidisset,
864 1759 1031 1828 idque
1060 1755 1166 1809 sibi
1189 1763 1245 1809 et
1274 1750 1600 1806 Macedones
1624 1757 1678 1803 et
1704 1748 1830 1802 lixa:
1864 1744 2114 1799 vindica-

2213 552 2314 624 ὄρη
2366 551 2621 624 ὥρμησε·
2660 551 2754 605 καὶ⁹
2788 551 2863 621 πῆ
2906 548 3007 620 μὲν
3034 546 3236 610 λαθὼν,
3266 547 3345 610 πῆ
3374 547 3429 600 δὲ
3461 549 3753 619 βιασάμενος

2214 643 2556 715 ὑπερέϐαλεν
2586 641 2749 696 αὑτά.
2796 642 2862 694 '0
2900 638 3089 711 μαθὼν
3110 641 3138 692 ὁ
3173 639 3439 707 Περσεὺς,
3470 639 3559 691 καὶ
3598 641 3753 704 δείσας

2217 732 2292 803 μὴ
2328 734 2471 787 κατὰ
2500 731 2671 785 νώτου
2698 729 2851 800 αὐτῷ
2900 730 3209 802 προσπέσῃ,
3238 728 3270 799 ἢ
3305 729 3400 782 καὶ
3441 728 3536 798 τὴν
3577 730 3757 784 Πύδναν

2214 825 2585 897 προκατάσχῃ
2615 822 2867 893 (καὶγὰρ
2897 821 2958 875 τὸ
2982 822 3241 876 ναυτικὸν
3272 820 3388 890 ἅμα
3427 820 3485 874 τὸ
3512 821 3613 874 τῶν
3646 820 3759 874 Ῥωο

2204 914 2393 985 ,μαίων
2427 913 2748 986 παρέπλει),
2774 913 2839 967 τό
2867 930 2926 967 τε
2957 913 3140 984 ἔρυμα
3169 911 3250 982 τῷ
3273 911 3409 982 πρὸς
3437 911 3514 982 τῷ
3556 912 3760 982 ποταμῷ

2214 1006 2468 1073 ἐξέλιπε,
2517 1007 2614 1060 καὶ
2649 1006 2788 1078 πρὸς
2828 1004 2927 1077 τὴν
2957 1004 3171 1059 Πύδναν
3223 1003 3497 1074 ἐπειχθεὶς
3529 1004 3627 1075 πρδ
3670 1004 3756 1073 τῆς

2213 1100 2424 1164 πόλεως
2450 1096 3012 1170 ἐστρατοπεδεύσατο.
3042 1097 3151 1151 Καὶ
3174 1092 3305 1167 ἦλθε
3337 1097 3432 1166 μὲν
3458 1097 3598 1149 καὶὸ
3632 1097 3759 1151 Παῦ-

2212 1189 2307 1254 λος
2342 1190 2479 1245 ἐκεῖ.
2534 1190 2611 1244 Οὐ
2648 1188 2834 1259 μέντοι
2883 1189 2982 1243 καὶ
3033 1188 3380 1259 παραχρῆμα
3432 1187 3758 1260 προσέμιξαν,

2214 1285 2354 1340 ἀλλὰ
2407 1284 2505 1338 καὶ
2534 1282 2816 1354 διέτριψαν
2849 1282 2952 1337 οὐκ
2978 1280 3166 1351 ὀλίγας
3201 1281 3437 1352 ἡμέρας.
3486 1277 3757 1351 Προμαθὼν

2212 1377 2269 1430 δὲ
2312 1379 2341 1431 ὁ
2378 1375 2585 1437 Παῦλος
2639 1375 2714 1440 ὡς
2747 1376 2781 1446 ἡ
2814 1375 3018 1445 σελήνη
3064 1373 3344 1444 ἐκλείψειν
3381 1372 3579 1440 μέλλει,
3621 1390 3763 1443 συνη-

2215 1460 2423 1535 θροίκει
2453 1462 2590 1534 πρὸς
2620 1463 2863 1535 ἑσπέραν
2893 1462 2954 1517 τὸ
2989 1461 3330 1533 στράτευμα,
3366 1463 3454 1517 ὅτε
3487 1460 3579 1533 τὴν
3607 1462 3761 1514 ἐκλει-

2213 1557 2307 1628 ψιν
2329 1556 2586 1626 γενέσθαι
2618 1556 2808 1629 ἐχρῆν,
2845 1556 2940 1610 καὶ
2970 1559 3200 1628 προεῖπε
3248 1555 3315 1609 τὸ
3357 1554 3759 1626 συμϐησόμενον,

2215 1652 2314 1705 καὶ
2345 1652 2420 1722 μή
2459 1667 2510 1703 τι
2535 1648 2625 1703 διά
2651 1647 2814 1703 τοῦτο
2840 1647 3182 1721 ταραχθῆναι
3210 1647 3536 1718 παρῄνεσεν.
3588 1648 3647 1699 Ol.
3682 1646 3764 1716 μὲν

2215 1739 2310 1799 οῦν
2337 1744 2622 1812 Ῥωμαῖοι,
2648 1743 2748 1814 τὴν
2780 1742 3026 1813 ἔκλειψιν
3063 1741 3419 1812 θεασάμενοι,
3456 1741 3599 1794 οὐδὲν
3620 1742 3765 1795 κακὸν

532 1863 658 1911 rent
688 1870 702 1907 :
738 1850 978 1923 primum
1014 1846 1159 1900 inter
1180 1845 1286 1898 hos
1308 1848 1580 1896 certatum
1613 1849 1718 1894 est.
1764 1835 1974 1891 Deinde
2007 1849 2114 1889 cae-

2229 1839 2279 1904 ὲξ
2308 1836 2478 1906 αὐτῆς
2506 1836 2860 1907 ὑπετόπησαν
2879 1850 2895 1866 ο
2920 1837 2967 1889 οἱ
2991 1836 3048 1890 δέ
3072 1853 3137 1903 γε
3170 1835 3477 1897 Μακεδόνες
3504 1834 3613 1896 δέος
3636 1833 3766 1902 ἔσχον

535 1947 639 2004 teri
686 1944 855 2000 etiam
901 1939 1017 1996 suis
1055 1935 1405 2009 epitulaturi,
1448 1933 1539 1988 alii
1582 1938 1707 2002 post
1745 1928 1885 1984 alios
1917 1928 2114 1983 castris

532 2038 785 2114 egressi,
851 2034 1032 2090 donec
1096 2044 1291 2085 omnes
1358 2027 1625 2095 utrinque
1676 2021 2046 2077 conﬂixerunt
2099 2033 2113 2070 :

531 2147 716 2205 pugna
747 2127 974 2186 confusa
1001 2124 1093 2179 illa
1127 2120 1352 2192 quidem
1395 2115 1491 2173 sed
1520 2115 1657 2181 acri,
1695 2112 1855 2184 cujus
1885 2108 2117 2165 victoria

533 2200 704 2299 penes
752 2223 1033 2278 Romanos
1082 2214 1208 2270 fuit.
1271 2211 1379 2279 Qui
1435 2207 1765 2264 Macedones
1809 2217 1984 2274 usque
2046 2200 2117 2255 ad

536 2339 691 2378 mare
741 2313 1039 2392 persecuti,
1092 2310 1299 2364 multos
1343 2305 1448 2376 ipsi
1498 2301 1859 2364 occiderunt,
1915 2295 2118 2351 multos

526 2412 701 2469 classi
745 2403 1034 2463 accedenti
1085 2395 1446 2455 trucidandos
1493 2394 1818 2464 obiecerunt
1857 2408 1868 2443 :
1936 2400 2118 2456 neque

538 2507 830 2578 quisquam
871 2510 1069 2554 eorum
1116 2490 1420 2551 evasisset,
1465 2485 1574 2541 nisi
1628 2480 1808 2537 noctis
1850 2475 2118 2534 beneficio

539 2593 851 2655 conservati
878 2596 1086 2646 essent.
1134 2586 1318 2654 Pugna
1352 2578 1498 2636 enim
1530 2578 1632 2633 sub
1654 2585 1939 2644 vesperam
1968 2583 2117 2623 com-

2219 1930 2283 1982 ἐκ
2330 1927 2546 1990 τούτου,
2573 1927 2667 1980 καὶ
2699 1929 2756 1991 ἐς
2796 1927 2889 1980 τὸν
2920 1926 3136 1997 Περσέα
3163 1925 3226 1980 τὸ
3260 1926 3430 1996 τέρας
3459 1923 3642 1978 τείνειν
3669 1926 3767 1976 ἐνό-

2221 2037 2409 2091 μισαν.
2457 2020 2615 2076 Οὕτω
2650 2019 2696 2074 δ’
2722 2020 3002 2092 ἑκατέρων
3036 2020 3295 2091 ἐχόντων,
3328 2019 3537 2090 συμϐάν
3568 2035 3617 2070 τι
3647 2017 3766 2072 κατὰ

2217 2113 2391 2185 τύχην
2431 2116 2495 2185 τῇ
2544 2113 2809 2185 ὑστεραίᾳ
2864 2112 3197 2187 συνέρῤηξεν
3251 2114 3455 2177 αὐτοὺς
3503 2112 3577 2177 είς
3616 2110 3767 2182 μάχην

2220 2205 2538 2277 ἀκήρυκτον
2592 2207 2688 2261 καὶ
2723 2204 2876 2269 τέλος
2912 2204 2990 2276 τῷ
3045 2205 3269 2276 πολέμῳ
3310 2206 3595 2276 ἐπέθηκεν.
3639 2204 3769 2256 Ἐπεὶ

2220 2296 2329 2379 γάρ
2366 2296 2664 2366 ὑποζύγιόν
2695 2315 2750 2350 τι
2793 2298 2904 2350 τῶν
2946 2297 3239 2367 Ῥωμαίων
3269 2298 3356 2360 είς
3399 2300 3460 2351 τδ
3491 2296 3627 2366 ὓδωρ
3653 2294 3769 2347 είσέ-

2222 2406 2390 2442 πεσεν
2437 2388 2497 2453 ἐξ
2538 2382 2713 2460 οὗπερ
2765 2389 3073 2461 ὑδρεύοντο,
3129 2389 3225 2442 καὶ
3279 2389 3438 2443 οἵτε
3489 2387 3768 2448 Μακεδόνες

2223 2481 2390 2535 αὐτοῦ
2438 2479 2769 2535 ἐπελάϐοντο
2814 2482 2910 2536 καὶ
2955 2483 3004 2535 οἱ
3052 2481 3343 2553 ὑδροφόροι
3382 2483 3690 2554 ἀντείχοντο,
3718 2479 3769 2532 τὸ

2225 2573 2326 2644 μὲν
2374 2574 2590 2643 πρῶτον
2618 2569 2765 2628 οὗτοι
2797 2573 2922 2627 καθ’
2954 2576 3185 2639 ἑαυτοὺς
3219 2576 3584 2647 ἐμαχέσαντο,
3609 2574 3771 2627 ἔπειτα

2223 2666 2317 2716 καὶ
2347 2664 2396 2716 οἱ
2446 2663 2624 2717 λοιποὶ
2669 2664 3093 2737 ἐπικουροῦντες
3130 2670 3245 2731 τοῖς
3276 2668 3505 2730 οἰκείοις
3551 2665 3661 2721 κατ’
3682 2665 3772 2719 ὀλί-

2225 2774 2356 2826 γους
2379 2758 2444 2812 ἐκ
2475 2757 2582 2812 τῶν
2616 2759 3001 2829 στρατοπέδων
3027 2759 3277 2833 ἐξῄεσαν,
3308 2762 3404 2815 καὶ
3427 2761 3618 2825 πάντες
3645 2760 3773 2814 συνέ-

2229 2848 2392 2919 μιξαν
2417 2848 2510 2902 ἀπ’
2529 2850 2755 2919 ἀμφοῖν.
2778 2851 2888 2903 Καὶ
2920 2851 3104 2923 μάχης
3125 2853 3471 2908 ἀσυντάκτου
3491 2854 3603 2925 μὲν,
3622 2852 3773 2919 ὀξείας

2223 2941 2281 2994 δὲ
2319 2941 2643 3012 γενομένης,
2666 2944 2716 2996 oi
2751 2940 3017 3012 Ῥωμαῖοι
3046 2945 3388 3015 ἐκράτησαν,
3419 2948 3511 3001 καὶ
3540 2944 3771 2999 καταδιώ-

2227 3035 2421 3103 ξαντες
2442 3037 2570 3100 τοὺς
2599 3036 2918 3100 Μακεδὸνας
2944 3037 3108 3109 μέχρι
3132 3038 3234 3110 τῆς
3259 3040 3558 3109 θαλάσσης,
3579 3038 3774 3099 πολλοὺς

2231 3128 2332 3198 μὲν
2361 3129 2518 3182 αὐτοὶ
2548 3129 2873 3197 ἐφόνευσαν,
2909 3130 3142 3195 πολλοὺς
3178 3130 3234 3184 δὲ
3261 3132 3342 3204 τῷ
3374 3133 3604 3202 ναυτικῷ
3634 3148 3779 3204 προσ-

530 2691 709 2746 missa
738 2693 846 2742 est.
874 2684 1109 2738 Perseus
1141 2669 1512 2743 Amphipolim
1546 2665 1831 2738 profugus,
1861 2669 1920 2716 ut
1951 2668 2007 2714 et
2030 2672 2119 2712 re-

530 2784 747 2857 iiquias
772 2779 1079 2847 colligeret,
1114 2778 1171 2825 et
1203 2780 1318 2821 rem
1360 2765 1415 2819 in
1447 2764 1724 2831 integrum
1756 2755 2116 2815 restitueret,

530 2844 668 2935 'cu.m
710 2870 851 2929 nulli
908 2844 1170 2923 venirent
1214 2869 1414 2930 praeter
1473 2853 1773 2909 Cretenses
1819 2844 2122 2917 stipendia-

534 2984 686 3033 rios,
724 2973 780 3022 et
806 2960 1091 3034 Pydnam,
1142 2962 1482 3018 ceterasque
1513 2944 1681 3000 urbes
1729 2939 1798 2996 ad
1843 2940 2121 2994 Romanos

542 3060 811 3120 defecisse
844 3027 1105 3110 audiret:
1145 3046 1299 3101 illine
1328 3041 1635 3110 digressus,
1673 3031 1825 3088 omni
1862 3027 2119 3100 pecunia,

542 3173 708 3231 quam
739 3165 929 3210 secum
962 3145 1224 3204 vehebat,
1257 3137 1492 3193 navibus
1528 3131 1813 3203 imposita,
1857 3133 2025 3181 noctu
2062 3123 2119 3176 in

534 3215 980 3310 éamothraciam
1036 3233 1337 3304 navigavit.
1374 3228 1512 3283 Cum
1569 3232 1755 3279 autem
1795 3236 1905 3275 non
1951 3215 2126 3271 multo

2233 3219 2531 3273 πλεύσαντι
2592 3222 2916 3276 ἀποκτεῖναι
2947 3225 3278 3294 παρέδοσαν.
3313 3226 3439 3280 Οὐδ’
3463 3226 3525 3280 ἄν
3556 3243 3633 3287 τις
3660 3225 3775 3277 άπε-

545 3353 672 3420 post
722 3338 1050 3399 audivisset,
1084 3328 1372 3385 Octaviqu
1405 3319 1568 3379 classi
1607 3318 1932 3391 praefectum
1970 3327 2130 3369 accc.

548 3408 704 3500 dere,
737 3441 795 3489 et
829 3429 1059 3487 Paulum
1096 3418 1472 3492 Amphipolim
1496 3414 1755 3470 venisse:
1791 3425 1888 3480 per
1915 3408 2131 3462 litteras

550 3544 743 3604 pacem
778 3526 848 3582 ab
873 3538 940 3580 eo
974 3517 1153 3593 petiit.
1195 3515 1254 3569 In
1289 3511 1495 3583 quibus
1529 3507 1678 3579 quod
1716 3519 1776 3560 se
1808 3516 1992 3573 regem
2025 3515 2127 3554 no-

545 3591 834 3680 ;ninasset,
861 3625 932 3666 ne
956 3591 1282 3678 responsum
1324 3599 1547 3673 quidem
1576 3596 1718 3650 tulit.
1755 3591 1964 3648 Deinde
2004 3604 2132 3646 cum

550 3713 670 3769 sine
706 3707 801 3762 tali
834 3704 1022 3775 aliquo
1054 3699 1213 3754 titulo
1249 3697 1393 3750 idem
1427 3691 1698 3763 petiisset,
1733 3687 1938 3742 Paulus
1979 3683 2130 3755 paci-

552 3801 828 3861 ficationis
871 3795 1154 3852 mentione
1181 3791 1451 3850 admissa,
1472 3800 1582 3839 non
1619 3781 1753 3837 alias
1781 3780 1830 3834 ei
1861 3776 2134 3833 conditio-

558 3912 657 3952 nes
678 3893 836 3954 tulit,
862 3886 969 3943 nisi
996 3895 1054 3939 ut
1080 3881 1464 3952 semeptisum,
1497 3885 1552 3931 et
1580 3890 1679 3929 sua
1713 3871 1895 3927 omnia
1932 3869 2134 3923 Roma-

553 4001 751 4046 norum
803 3980 932 4037 ﬁdei
984 3975 1385 4049 permitteret:
1442 3970 1631 4037 itaque
1683 3966 1830 4019 inter
1870 3977 1967 4016 eos
2020 3976 2169 4014 non.

554 4079 836 4140 convenit.
874 4075 1032 4135 Post,
1080 4066 1400 4124 Evandrum
1441 4061 1765 4118 Cretensem
1810 4054 1977 4128 459
2028 4051 2137 4107 Ro—

556 4175 734 4233 manis
778 4164 1213 4243 postulantibus.
1270 4158 1430 4229 cujus
1477 4152 1666 4208 multis
1710 4151 1765 4206 in
1799 4150 1966 4203 rebus
2003 4147 2138 4201 fide-

554 4269 765 4326 lissima
826 4268 1021 4317 contra
1068 4270 1167 4311 eos
1207 4266 1340 4307 usus
1375 4256 1497 4304 erat
1524 4259 1716 4317 opera,
1759 4258 1868 4297 non
1902 4238 2134 4302 dedidit,

555 4361 791 4419 veritus,
826 4369 895 4408 ne
927 4364 1127 4405 arcana
1160 4361 1259 4400 sua
1291 4343 1591 4413 proderet:
1645 4334 1741 4392 sed
1788 4347 1856 4389 eo
1884 4331 2025 4385 clam
2051 4330 2136 4383 in-

559 4450 815 4511 terfecto,
860 4456 1140 4498 rumorem
1179 4433 1423 4506 sparsit,
1476 4443 1605 4486 eum
1647 4424 1753 4482 sibi
1791 4422 1896 4493 ipsi
1942 4434 2138 4474 manus

2231 3310 2426 3382 λείφθη
2468 3312 2670 3378 αὐτῶν,
2703 3314 2750 3366 εί
2778 3313 2852 3384 μὴ
2895 3311 2993 3378 νὺξ
3023 3314 3208 3376 αὐτοῖς
3238 3313 3528 3386 ἐϐοήθησε.
3554 3316 3676 3384 Περὶ
3695 3314 3780 3364 δε-

2232 3401 2331 3472 λην
2360 3406 2471 3474 γὰρ
2520 3404 2682 3473 ὀψίαν
2714 3405 2747 3476 ή
2802 3408 2950 3475 μάχη
2994 3404 3234 3472 ἐγένετο.
3266 3404 3560 3474 Διαφυγὼν
3603 3400 3686 3457 οὖν
3714 3401 3779 3464 είς

2244 3496 2567 3566 Ἀμφίπολιν
2587 3499 2614 3550 ὁ
2647 3499 2888 3568 Περσεὺς
2919 3496 2994 3560 ὡς
3017 3498 3146 3562 τούς
3176 3514 3233 3552 τε
3267 3499 3579 3570 περιλιπεῖς
3604 3495 3780 3562 ἀναλη-

2231 3586 2491 3658 ψόμενος,
2531 3590 2627 3643 καὶ
2660 3591 2952 3660 συστήσων
3005 3586 3162 3655 αὖθις
3222 3590 3293 3646 τὰ
3341 3591 3653 3660 πράγματα,
3680 3583 3783 3639 ἐπεὶ

2233 3678 2345 3733 οὔτ’
2375 3675 2541 3750 ἦλθόν
2572 3698 2718 3745 τινες
2750 3683 2887 3753 πρὸς
2917 3683 3083 3737 αὐτὸν
3110 3682 3252 3756 πλὴν
3290 3683 3631 3755 μισθοφόρων
3656 3681 3782 3750 Κρη-

2234 3772 2364 3837 τῶν,
2397 3774 2493 3826 καὶ
2524 3774 2623 3842 τὴν
2668 3774 2880 3828 Πύδναν
2910 3774 3076 3840 ἄλλας
3101 3792 3162 3828 τε
3197 3775 3385 3839 πόλεις
3423 3778 3490 3829 τὰ
3531 3774 3629 3827 τῶν
3673 3771 3783 3823 Ῥω-

2239 3865 2417 3936 μαίων
2467 3866 2703 3938 ᾑρῆσθαι
2746 3867 2940 3937 ἔμαθε,
2990 3867 3248 3921 κάκεῖθεν
3306 3869 3543 3939 μετέστη
3586 3865 3673 3920 καί⁵
3719 3863 3783 3925 είς

2237 3959 2401 4013 πλοῖα
2443 3962 2513 4013 τά
2548 3961 2809 4030 χρήματα
2854 3959 2954 4014 ὅσα
2979 3963 3219 4031 ἐπήγετο
3246 3960 3499 4031 θέμενος.
3533 3956 3709 4018 νυκτὸς
3733 3956 3782 4015 ἐς

2237 4052 2603 4124 Σαμοθρᾴκην
2636 4052 2972 4108 ἀπέπλευσε.
3027 4056 3138 4107 Καὶ
3184 4055 3496 4124 πυθόμενος
3526 4054 3584 4105 οὐ
3631 4045 3782 4115 πολλῷ

2239 4143 2467 4214 ὕστερον
2492 4145 2584 4197 τὸν
2625 4144 2964 4213 Ὀκταούϊον,
3000 4146 3059 4208 ὃς
3089 4145 3184 4199 τοῦ
3215 4145 3473 4201 ναυτικοῦ
3500 4144 3782 4212 περιΐστατο,

2238 4236 2642 4308 προσπλέοντα,
2672 4237 2768 4293 καὶ
2797 4237 2890 4291 τὸν
2928 4239 3141 4292 Παῦλον
3168 4239 3249 4302 είς
3290 4237 3617 4309 Ἀμφίπολιν
3666 4247 3786 4300 παρ-

2237 4332 2387 4396 όντα,
2440 4330 2755 4384 ἐπέστειλεν
2801 4331 2972 4403 αὐτῷ,
3034 4332 3312 4402 συμϐῆναι
3378 4330 3645 4400 δεόμενος.
3697 4321 3786 4376 Καὶ

2241 4423 2362 4476 ἐπεὶ
2393 4422 2625 4494 βασιλέα
2658 4424 2852 4478 ἑαυτὸν
2890 4426 2948 4477 ἐν
2974 4427 3040 4496 τῇ
3082 4426 3343 4496 ἐπιστολῇ
3377 4424 3675 4494 ὠνόμασεν,
3697 4413 3787 4471 οὐδ’

516 4564 527 4589 ε
560 4509 833 4599 attulisse.
861 4535 1003 4590 Tum
1032 4531 1200 4603 igitur
1220 4525 1542 4587 familiares,
1569 4520 1691 4590 ejus
1724 4514 2008 4586 perfidiam
2044 4526 2126 4567 ve-

2244 4513 2586 4595 ἀποκρίσεως
2621 4516 2834 4588 ἔτυχεν.
2864 4516 3134 4587 Ὕστερον
3155 4516 3211 4570 δέ
3235 4516 3365 4571 ἄνευ
3388 4515 3536 4578 τινὸς
3564 4509 3788 4575 τοιαύτης

499 4644 505 4655 ’
561 4635 652 4693 riti
681 4636 893 4704 (neque
920 4626 1067 4682 enim
1101 4637 1198 4678 eos
1225 4620 1279 4675 id
1323 4616 1529 4673 latebat
1569 4609 1815 4679 facinus)
1846 4607 1916 4661 ab
1941 4621 2009 4661 eo
2040 4603 2140 4659 de-

560 4695 801 4784 sciscere
828 4722 1139 4789 coeperunt.
1171 4710 1351 4778 Quare
1375 4708 1608 4770 veritus,
1645 4717 1715 4757 ne
1746 4697 2012 4754 Romanis
2042 4695 2139 4749 de-

564 4825 811 4880 deretur,
850 4788 1017 4868 noctu
1051 4808 1232 4877 fugam
1260 4813 1548 4859 capessere
1585 4794 1864 4851 instituit:
1903 4805 1968 4845 ac
1998 4788 2140 4844 clam

562 4915 631 4971 ad
689 4911 883 4981 Cotym
949 4901 1200 4958 Thraciae
1262 4897 1531 4968 dynasten
1589 4887 1973 4961 pervenisset,
2031 4880 2139 4937 nisi

558 4978 874 5064 Cretenses,
918 4997 1087 5050 rebus
1136 4991 1255 5047 suis
1293 4990 1348 5043 in
1391 5000 1561 5041 naves
1605 4980 1879 5052 impositis
1913 4978 2140 5033 domum

561 5098 936 5159 discedentes,
981 5104 1110 5144 cum
1155 5081 1530 5152 reliquissent.
1571 5077 1693 5146 lpse
1731 5089 1867 5128 vero
1908 5070 1985 5126 ibi
2042 5082 2142 5138 per

561 5196 682 5251 dies
738 5191 948 5259 aliquot
997 5198 1123 5239 cum
1173 5176 1432 5245 Philippo
1461 5172 1574 5226 lilio
1620 5169 1824 5224 latuit:
1876 5163 1972 5220 sed
2014 5174 2141 5218 cum

560 5296 793 5344 caeteros
831 5256 1036 5335 iiberos
1073 5287 1204 5329 suos
1243 5267 1533 5324 Octavium
1573 5272 1765 5318 tenere
1819 5256 2140 5319 didicisset,

561 5376 708 5431 ultro
752 5387 783 5426 e
824 5366 1055 5424 latebris
1098 5359 1329 5434 prodiit.
1389 5351 1762 5424 Amphipolim
1812 5347 2142 5419 perductum

559 5466 765 5520 Paulus
810 5477 922 5515 non
956 5458 1097 5511 male
1130 5448 1386 5509 tractavit
1434 5464 1448 5501 :
1496 5444 1591 5500 sed
1630 5449 1884 5512 porrecta
1916 5440 2142 5493 dextera

561 5558 629 5613 ad
659 5570 905 5611 mensam
939 5564 1094 5606 suam
1137 5543 1384 5605 admisit,
1409 5548 1465 5593 et
1494 5538 1548 5592 in
1575 5537 1748 5590 libera
1773 5531 2024 5588 custodia
2053 5545 2141 5585 as-

563 5659 850 5706 servatum
887 5641 1189 5699 honorifice
1215 5636 1431 5691 habuit.
1470 5630 1676 5686 Deinde
1703 5642 1798 5698 per
1829 5625 2052 5696 Epirum
2088 5624 2140 5677 in

563 5743 773 5796 Italiam
821 5749 906 5793 est
961 5733 1285 5803 perductus.
1355 5722 1688 5781 Plutarchus
1730 5718 1901 5774 refert
1968 5715 2148 5770 Ᾱζιιιί-

560 5832 720 5896 l'rum,
751 5844 875 5887 eum
922 5828 1158 5881 Perseus
1187 5819 1559 5875 adduceretur
1588 5853 1602 5875 .
1655 5813 1705 5869 ei
1748 5811 2009 5884 lacrymis
2048 5825 2146 5881 ep-

2246 4610 2608 4679 προσρήσεως
2665 4607 3100 4674 ἐπιστείλαντος,
3160 4607 3526 4679 προσεδέξατο
3578 4603 3671 4674 μὲν
3712 4600 3788 4653 τὸν

2244 4700 2384 4770 ὑπὲρ
2413 4699 2524 4753 τῶν
2569 4700 2814 4754 σπονδῶν
2837 4701 3015 4770 λόγον’
3039 4701 3139 4754 οὐκ
3177 4700 3359 4763 ἄλλως
3393 4698 3578 4769 μέντοι
3607 4692 3790 4763 συμϐή-

2246 4793 2436 4847 σεσθαι
2467 4794 2572 4865 ἔφη
2620 4794 2669 4846 εί
2710 4795 2786 4864 μὴ
2817 4795 2912 4848 καὶ
2941 4793 3135 4849 ἑαυτὸν
3179 4793 3274 4848 καὶ
3304 4797 3377 4845 τά
3424 4789 3615 4845 ἐαυτοῦ
3642 4787 3793 4840 πάντα

2243 4887 2357 4948 τοῖς
2399 4885 2694 4955 Ῥωμαίοις
2724 4886 3059 4957 ἐπιτρέψειε*
3102 4886 3197 4941 καὶ
3244 4885 3331 4939 διὰ
3364 4885 3537 4940 ταῦτα
3589 4882 3646 4934 οὐ
3690 4894 3792 4931 συν-

2245 4977 2469 5050 έϐησαν.
2498 4979 2654 5033 Μετὰ
2681 4978 2840 5032 τοῦτο
2868 4979 2925 5032 δὲ
2965 4979 3281 5049 ἐξαιτηθεὶς
3314 4978 3471 5049 παρὰ
3521 4975 3626 5030 τῶν
3675 4972 3792 5025 Ῥω·

2248 5072 2425 5158 μαίων
2483 5071 2755 5144 Εὔανδρόν
2819 5089 2937 5127 τινα
2994 5073 3188 5144 Κρῆτα
3253 5071 3423 5126 πολλὰ
3488 5069 3604 5124 κατ’
3637 5064 3790 5120 αὐτ’ν

2247 5157 2640 5237 ὑπουργηκότα
2700 5167 2796 5219 καὶ
2845 5166 3174 5219 πιστότατον
3233 5164 3404 5236 αὐτῷ,
3444 5165 3544 5217 οὐκ
3592 5157 3789 5224 ἐξέδωκε

2250 5259 2372 5330 μὲν,
2400 5256 2660 5330 φοϐηθεὶς
2689 5258 2765 5328 μὴ
2796 5256 3031 5329 κατείπῃ
3059 5259 3160 5311 ὅσα
3197 5257 3346 5328 αὐτῷ
3395 5256 3622 5326 συνῄδει,
3644 5246 3790 5314 λάθρα

2245 5352 2302 5406 δὲ
2354 5350 2516 5407 αὐτὸν
2573 5351 2902 5413 ἀποκτείνας
2956 5349 3150 5405 ἐαυτὸν
3196 5347 3632 5421 διαχειρίσασθαι
3676 5335 3789 5405 ἐφή-

2251 5460 2399 5512 μισε.
2430 5443 2563 5496 Τότε
2599 5442 2697 5511 μὲν
2722 5441 2815 5495 οὖν
2842 5443 2892 5495 οι
2925 5442 3177 5505 συνόντες
3204 5439 3353 5511 αύτῷ
3381 5434 3690 5509 φοϐηθέντες
3707 5425 3786 5494 τὴν

2247 5535 2505 5588 ἀπιστίαν
2530 5532 2696 5587 αὑτοῦ
2729 5532 2811 5605 (ού
2854 5533 2962 5604 γὰρ
2993 5533 3268 5603 ἠγνόησαν
3302 5532 3361 5584 τὸ
3389 5524 3680 5598 γινόμενον)
3708 5533 3787 5588 11:-

2252 5627 2817 5699 θίστασθαιῆρξαντο.
2865 5628 3157 5694 Κάκεῖνος,
3188 5625 3369 5687 δείσας
3419 5621 3494 5691 μὴ
3538 5619 3639 5678 τοῖς
3678 5610 3786 5662 Ῥω⁶

2252 5724 2435 5793 μαίοις
2467 5722 2769 5794 παραδοθῇ.
2807 5721 3063 5789 ἐκδράναι
3100 5720 3297 5784 νυκτὸς
3326 5715 3664 5787 ἐπεχείρησε.
3694 5700 3783 5757 Καὶ

2249 5815 2449 5870 ἔὶαθεν
2475 5815 2539 5869 ἂν
2571 5815 2708 5886 πρὸς
2745 5814 2926 5881 Kriqu
2966 5815 3157 5885 Θρᾷκα
3192 5811 3461 5871 δυνάστην
3514 5794 3780 5867 κομισθεὶς,
