4008 6250
360 356 465 422 781

1632 348 2044 411 ANNALIUM
2079 349 2227 410 LIB.
2266 349 2375 409 1X.

3515 351 3619 416 78:2

352 470 403 521 εί
434 465 510 538 μὴ
537 464 585 519 οἱ
620 464 834 537 Κρῆτες
864 459 1027 516 αὑτὸν
1059 459 1441 531 ἐγκατέλιπον.
1477 461 1795 533 Ἐνθέμενοι
1828 461 1938 533 γὰρ

2064 462 2251 517 »ιειιιηι
2284 462 2503 517 obviam
2545 461 2709 518 ivisse
2757 478 2771 516 :
2806 461 2962 517 illum
2990 476 3123 517 vero
3169 462 3224 516 in
3260 460 3455 518 faciem
3485 480 3619 537 pro-

349 559 423 614 τὰ
467 559 729 631 χρήματα
785 557 863 619 εἰς
909 555 979 609 τά
1032 554 1192 608 πλοῖα
1242 554 1426 608 οἴκαδε
1479 552 1724 626 ἀπῆραν.
1770 553 1828 608 Ὀ
1872 553 1931 607 δὲ

351 651 568 724 ἡμέρας
617 647 717 719 μέν
763 665 918 711 τινας
951 647 1119 701 αὐτοῦ
1173 648 1312 718 μετά
1346 646 1619 701 Φιλίππου
1653 645 1772 710 ἐνὸς
1825 646 1935 701 τῶν

354 745 519 821 υἱέων
573 740 954 812 κρυπτόμενος
1004 739 1198 794 ἔλαθεν
1239 756 1254 771 ο
1291 741 1415 793 ἐπεὶ
1465 739 1524 793 δὲ
1557 740 1687 803 τοὺς
1739 738 1947 802 ἄλλους.

354 834 553 897 παῖδας
597 836 689 887 καὶ
733 831 834 904 τὴν
888 832 1185 904 θεραπείαν
1225 832 1366 902 ἔγνω
1414 831 1795 903 κατεσχηκότα
1843 830 1937 884 τὸν

366 927 706 994 Ὀκταούϊον,
749 926 949 999 εὑρέθη
983 926 1291 998 ἐθελοντὴς,
1337 928 1432 982 καὶ
1453 926 1693 998 ἀχθέντα
1723 925 1803 989 είς
1836 923 1936 996 τὴν

367 1021 708 1092 ’Λμφίπολιν
753 1022 907 1076 οὐδὲν
948 1023 976 1076 ό
1035 1021 1248 1085 Παῦλος
1303 1020 1612 1084 ἐκάκωσεν,
1659 1019 1798 1073 ἀλλά
1842 1016 1941 1072 καὶ¹

357 1107 685 1181 ἐδεξιώσατο
721 1115 819 1170 καὶ
852 1115 1106 1187 ὁμόσιτον
1162 1114 1459 1186 δποιήτατο
1492 1112 1588 1167 καὶ
1622 1113 1680 1166 ὲν
1719 1110 1942 1183 ἀδέσμῳ

359 1207 579 1278 φυλακῇ
615 1208 804 1279 ἐτήρει
829 1208 925 1261 καὶ
952 1208 1010 1262 ἐν
1041 1206 1313 1278 θεραπεία
1347 1200 1474 1278 ἦγε.
1502 1203 1659 1259 Μετά
1687 1203 1743 1258 δὲ
1766 1201 1942 1256 ταῦτα

357 1302 439 1364 είς
485 1304 585 1372 τὴν
629 1301 860 1357 Ἰταλίαν
893 1301 981 1355 διὰ
1022 1301 1122 1373 τῆς
1179 1301 1441 1372 Ἠπείρου
1475 1298 1836 1370 ἀνεκομίσθη.
1883 1297 1943 1351 '0

359 1393 418 1448 δὲ
445 1394 791 1466 Πλούταρχος
820 1394 1056 1467 ἀχθῆναι
1091 1393 1241 1464 λέγει
1274 1393 1367 1448 τδν
1404 1393 1625 1465 Περσέα
1671 1392 1810 1464 πρὸς
1849 1390 1943 1445 τὸν

358 1491 637 1561 Δίμίλιον,
665 1492 759 1545 καὶ
792 1490 884 1545 τὸν
911 1490 1311 1562 δεδακρυμένον
1345 1492 1803 1563 προσυπαντῆσαι
1844 1489 1944 1543 αύ-

360 1583 462 1652 τῷ.
509 1570 743 1637 ἐκεῖνον’
766 1583 812 1635 δ’
841 1584 937 1637 ἐπὶ
976 1583 1154 1653 στόμα
1192 1582 1522 1636 καταϐαλεῖν
1571 1580 1788 1644 ἑαυτὸν,
1826 1579 1941 1641 ικαὶ

361 1673 606 1745 γονάτων
648 1673 979 1745 ὀρεξάμενον
1029 1675 1250 1744 ἀφεῖναι
1300 1674 1486 1745 φωνὰς
1546 1674 1787 1741 ἀγενεῖς,
1847 1671 1943 1724 καὶ
1982 1669 2073 1723 τὸν
2119 1668 2371 1738 Αίμίλιον

2040 561 2297 617 stratum,
2326 555 2618 625 prehensis
2645 556 2765 621 ejus
2793 556 3027 627 genibus
3044 572 3210 613 voces
3233 574 3426 629 parum
3456 575 3624 632 gene,‘

2042 660 2197 701 rosas
2238 647 2498 703 edidisse.
2555 646 2838 703 JEmilium
2883 657 3065 704 autem
3117 651 3259 707 tristi
3304 652 3458 708 vultu
3491 669 3621 709 eum

2044 740 2353 795 intuentem
2381 739 2586 797 dixisse
2614 759 2627 795 :
2655 741 2817 807 Quid,
2843 758 2872 796 ο
2902 745 3082 809 miser,
3119 744 3221 798 ista
3261 744 3394 815 facis
3416 763 3436 802 :
3483 746 3624 801 unde

2047 847 2152 885 non
2181 841 2376 900 praeter
2404 835 2650 887 meritum
2672 834 2728 887 in
2766 833 3133 890 calamitatem
3158 838 3423 906 incidisse,
3456 855 3625 909 neque

2046 925 2317 997 prwsenti,
2351 925 2442 979 sed
2468 927 2739 996 prwterita
2768 925 2983 996 fortuna
3017 927 3270 1000 indignus
3299 946 3410 985 esse
3440 932 3626 988 videa-

2047 1017 2164 1073 ris?
2211 1016 2349 1084 Quid
2392 1035 2564 1073 meam
2602 1019 2882 1074 victoriam
2915 1021 3200 1092 deprimis,
3244 1032 3294 1077 et
3337 1041 3418 1079 res
3450 1037 3625 1097 gestas

2047 1118 2320 1173 attenuas,
2367 1111 2637 1181 ignaviam
2680 1127 2792 1182 prie
2829 1121 2879 1165 te
2910 1113 3146 1182 ferendo,
3190 1122 3343 1187 teque
3377 1117 3630 1173 adversa-

2046 1204 2186 1258 rium
2241 1202 2493 1258 Romanis
2525 1204 2805 1275 indignum
2848 1206 3172 1262 declaranda
3195 1212 3221 1265 .9
3277 1208 3458 1265 Virtus
3486 1213 3629 1267 enim

2048 1297 2211 1350 etiam
2266 1297 2323 1349 in
2369 1293 2684 1349 calamitate
2729 1296 2953 1351 multum
3002 1298 3082 1353 uel
3114 1300 3257 1370 apud
3295 1302 3469 1355 hostes
3515 1320 3631 1357 mo-

2050 1390 2216 1445 menti
2267 1388 2445 1443 habet.
2511 1387 2793 1459 Ignaviam
2844 1405 2987 1453 vero,
3066 1393 3227 1447 etiam
3274 1394 3517 1448 secundis
3577 1397 3632 1449 in

2049 1483 2205 1538 rebus
2263 1490 2500 1537 extremo
2547 1490 2848 1554 contemptu
2910 1482 3141 1539 Romani
3207 1486 3427 1558 dignam
3484 1488 3631 1551 india

2048 1587 2194 1634 οαηι.

2455 1667 2711 1738 ἀλγοῦντι
2783 1669 3067 1743 προσώπῳ
3110 1672 3437 1744 προσιδόντα
3472 1676 3635 1731 αύτὶν

361 1771 560 1822 εἰπεῖν·
593 1770 674 1833 Τί,
706 1767 753 1821 ὦ
778 1769 1138 1838 ταλαίπωρε,
1168 1767 1358 1823 ταῦτα
1387 1765 1667 1834 πράττεις
1693 1806 1708 1832 ,
1732 1763 1834 1833 ἀφ’
1856 1755 1944 1816 ὧν
1980 1761 2181 1830 δόξεις
2218 1763 2331 1817 οὐκ
2374 1761 2633 1827 ἀναξίως
2678 1762 2948 1831 ἀτυχεῖν,
2988 1765 3133 1820 οὐδὲ
3159 1767 3265 1822 τοῦ
3307 1767 3446 1839 νῦν,
3474 1769 3638 1825 ἀλλὰ

360 1861 471 1918 τοῦ
524 1860 713 1916 πάλαι
763 1862 1048 1931 δαίμονος
1089 1859 1338 1927 ἀνάξιος
1386 1857 1736 1930 τεγονέναις
1772 1855 1832 1910 Τί
1879 1853 1947 1907 δέ
1979 1871 2100 1922 μου
2141 1851 2545 1918 καταϐάλλεις
2610 1852 2727 1923 τὴν
2788 1855 2971 1922 νίκην
3000 1857 3099 1911 καί
3146 1861 3491 1928 σμικρύνεις
3515 1880 3637 1932 μου

360 1955 432 2010 τὸ
467 1956 839 2024 κατόρθωμα,
884 1952 1376 2024 ἐπιδεικνύμενος
1428 1949 1648 2008 ἑαυτὸν
1682 1951 1755 2004 οὐ
1804 1945 2110 2019 γενναῖον,
2179 1945 2324 2002 οὐδὲ
2388 1946 2698 2015 πρέποντα
2771 1949 3076 2018 Ῥωμαίοις
3137 1952 3636 2026 ἀνταγωνιστήιη
3720 1958 3725 1963 ’

374 2046 576 2123 Ἀρετή
607 2070 697 2108 τοι
729 2052 1110 2122 δυστυχοῦσι
1154 2050 1432 2121 μεγάλην
1462 2046 1585 2117 ἔχει
1614 2043 1833 2115 μοῖραν
1861 2040 1960 2096 καί
2002 2038 2163 2110 παρὰ
2197 2044 2525 2112 πολεμίοις.
2590 2045 2792 2100 Δειλιά
2819 2044 2889 2099 δὲ
2931 2046 3241 2117 Ῥωμαίοις
3280 2050 3397 2105 κᾶν
3423 2058 3641 2118 εὐποτ,

361 2143 470 2215 μξὶ,
503 2142 700 2211 πάντη
731 2143 1110 2212 ἀτιμότατον.

436 2238 562 2292 KA'.
599 2235 758 2289 Κατά
791 2234 847 2287 δὲ
874 2232 966 2287 τὸν
1001 2232 1165 2288 αὐτὸν
1197 2231 1389 2304 χρόνον
1420 2230 1518 2284 καὶ
1541 2225 1773 2292 Λούκιος
1807 2226 1950 2281 Ἀνί-

2125 2220 2316 2280 XXIV.
2360 2225 2569 2282 Eodem
2602 2234 2854 2299 tempore
2900 2228 2965 2283 L.
2996 2227 3228 2287 Anicius
3267 2242 3470 2303 praetor
3506 2252 3641 2294 eon-

366 2345 490 2392 κιος
507 2326 816 2399 στρατηγὸς
841 2324 1117 2397 πεμφθεὶς
1147 2325 1239 2378 ἐπὶ
1267 2323 1361 2378 τὸν
1386 2322 1604 2377 Γέντιον
1631 2321 1756 2385 τοὺς
1777 2335 1949 2392 προσ-

372 2419 637 2492 μίξαντάς
663 2434 726 2471 τε
765 2416 917 2488 αύτῷ
954 2416 1176 2488 ἐνίκησε
1205 2414 1300 2470 καὶ
1328 2413 1421 2469 τὸν
1450 2413 1667 2468 Γέντιον
1707 2412 1950 2482 φυγόντα

369 2509 687 2577 ἐπιδιώξας,
717 2511 798 2574 είς
830 2509 1072 2581 Σκοδράν
1120 2506 1494 2572 κατέκλεισεν,
1539 2506 1675 2560 ὅπου
1702 2499 1771 2577 ἦν
1803 2502 1952 2575 αύτῷ

371 2605 442 2659 τὰ
480 2603 750 2676 βασίλεια.
796 2602 909 2658 Kal.
956 2601 1214 2672 διακενῆς
1250 2601 1319 2656 ἂν
1355 2599 1766 2673 προσήδρευσεν
1810 2598 1950 2669 αὐτῇ

374 2698 489 2768 (ἐπὶ
506 2696 615 2768 γὰρ
643 2697 990 2767 ἀκρωνυχίας
1015 2695 1178 2764 ὅρους
1209 2692 1561 2759 πεπόλισται,
1586 2693 1681 2746 καὶ
1709 2689 1954 2763 φάραγξι

374 2787 625 2860 βαθείαις
669 2787 951 2859 ποταμοὺς
996 2784 1218 2856 ῥοώδεις
1256 2783 1515 2857 ἐχούσαις
1564 2783 1948 2856 περιειλεῖται,

356 2883 547 2953 -τείχει
569 2899 630 2937 τε
656 2880 841 2953 ὀχυρῷ
862 2878 1277 2952 περιέςωσται),
1310 2880 1361 2934 εί
1393 2878 1470 2950 μὴ
1498 2880 1527 2933 ὁ
1556 2878 1776 2942 Γέντιος
1810 2876 1954 2949 μέγα

372 2978 471 3031 ἐπὶ
501 2978 571 3047 τῇ
609 2976 837 3044 δυνάμει
884 2972 1136 3038 ἐλπίσας,
1165 2971 1308 3025 ἑκὼν
1346 2971 1426 3033 είς
1471 2970 1652 3041 μάχην
1681 2969 1954 3041 ἐχώρησε.

375 3071 509 3124 Κάκ
556 3067 751 3123 τούτου
797 3065 900 3137 τήν
926 3081 987 3117 τε
1032 3062 1209 3135 ἀρχὴν
1238 3061 1405 3117 αὑτοῦ
1438 3063 1622 3116 πᾶσαν
1655 3061 1685 3113 ὀ
1725 3059 1957 3125 Ἀνίκιος

374 3160 790 3234 προσηγάγετο,
843 3160 936 3212 καὶ
990 3157 1154 3228 μέχρι
1199 3155 1303 3226 τῆς
1362 3154 1623 3226 Ἠπείρου
1675 3152 1956 3225 προελθὼν

356 3257 511 3325 πρὶν
561 3252 650 3305 τὸν
702 3249 916 3304 Παῦλον
975 3248 1150 3302 ἐλθεῖν
1208 3246 1478 3315 κάκείνην
1537 3243 1958 3315 ταραττομένην

378 3346 690 3418 ἡμέρωσεν.
739 3343 804 3398 Οἱ
844 3342 890 3396 δ’
918 3342 976 3396 ἐν
1005 3343 1073 3414 τῇ
1114 3337 1303 3411 Ῥώμη
1344 3337 1550 3409 ἔμαθον
1596 3336 1697 3407 μὲν
1733 3338 1834 3406 τὴν
1863 3333 1956 3391 τοῦ

380 3438 603 3494 Παύλου
651 3436 809 3507 νίκην
850 3435 1089 3506 τετάρτῃ
1136 3433 1274 3503 μετά
1310 3431 1409 3501 τὴν
1444 3428 1625 3499 μάχην
1678 3425 1864 3497 ἡμέρᾳ
1896 3422 1960 3477 ἐκ

381 3547 535 3605 τινος
584 3532 798 3602 φήμης,
846 3529 907 3583 οὐ
962 3527 1145 3599 μέντοι
1204 3524 1302 3579 καὶ
1348 3523 1598 3593 ἀκριϐῶς
1652 3519 1957 3575 ἐπίστευον.

2055 2325 2138 2373 tra
2169 2318 2431 2375 Gentium
2461 2320 2688 2389 missus,
2720 2320 2910 2377 hostes
2948 2323 3141 2393 praelio
3172 2325 3332 2382 fudit.
3374 2327 3635 2387 Gentium

2053 2410 2408 2484 profligatum
2463 2422 2811 2485 persecutus,
2863 2415 3106 2485 Scodrae,
3169 2420 3263 2477 ubi
3313 2421 3434 2496 ejus
3487 2427 3639 2497 regia

2053 2513 2193 2573 erat,
2238 2504 2476 2563 obsedit.
2527 2507 2699 2580 quue
2752 2510 2958 2567 frustra
3002 2512 3252 2570 futurum
3304 2527 3444 2586 erat,
3496 2535 3639 2590 quo-

2052 2598 2204 2654 niam
2247 2599 2382 2656 urbs
2415 2600 2472 2656 in
2510 2601 2714 2658 montis
2744 2604 3032 2662 cacumine
3068 2607 3171 2663 sita
3193 2647 3208 2674 ,
3251 2617 3309 2663 et
3346 2610 3637 2680 profundis

2056 2691 2295 2748 vallibus
2318 2708 2440 2785 qua:
2477 2693 2674 2750 ﬂuvios
2706 2703 2983 2755 torrentes
3011 2699 3238 2767 habent,
3276 2702 3480 2771 cincta,
3513 2721 3637 2763 mu-

2058 2797 2231 2853 roque
2282 2782 2441 2839 ﬁrmo
2475 2785 2688 2841 munita
2719 2794 2841 2842 est:
2880 2788 2988 2845 nisi
3034 2790 3268 2849 Gentius
3303 2793 3423 2849 suis
3458 2798 3638 2867 copiis

2059 2874 2254 2944 fretus,
2287 2876 2435 2933 ultro
2466 2877 2534 2933 ad
2560 2893 2799 2950 pugnam
2831 2883 3097 2939 venisset.
3127 2883 3285 2941 Unde
3320 2887 3551 2956 factum,
3580 2903 3643 2946 ut

2060 2980 2224 3020 omne
2251 2967 2371 3037 ejus
2413 2967 2707 3037 imperium
2753 2969 2984 3028 Anicius
3022 2976 3304 3048 subegerit
3335 2996 3348 3033 :
3376 2990 3433 3035 et
3464 2996 3643 3052 usque

2061 3055 2127 3111 ad
2160 3056 2388 3127 Epirum
2432 3074 2781 3131 progressus,
2813 3072 2941 3120 ante
2972 3064 3127 3121 Pauli
3155 3068 3452 3127 adventum
3490 3072 3642 3129 illam

2061 3150 2232 3204 etiam
2272 3151 2703 3209 tumultuantem
2733 3156 2967 3225 pacarit.
2998 3156 3235 3216 Romani
3270 3161 3427 3219 Pauli
3468 3166 3648 3223 vieto-

2064 3241 2206 3296 riam
2233 3252 2431 3314 quarto
2463 3253 2589 3316 post
2617 3262 2855 3319 pugnam
2901 3248 2993 3306 die
3028 3267 3097 3307 ex
3151 3270 3375 3313 rumore
3415 3258 3648 3317 audive-

2066 3344 2220 3400 runt,
2273 3336 2369 3392 sed
2401 3354 2513 3413 non
2574 3338 2735 3409 plane
2778 3340 2943 3414 [‘60
2990 3346 3371 3408 crediderunt.
3435 3354 3648 3412 Deinde

2066 3426 2224 3482 Pauli
2258 3430 2496 3501 acceptis
2534 3430 2739 3489 litteris
2780 3435 3020 3491 maxima
3050 3437 3241 3495 laetitia
3278 3442 3494 3512 allecti,
3534 3463 3647 3503 non

2070 3519 2229 3588 quasi
2289 3521 2438 3576 victo
2483 3523 2708 3588 Perseo,
2762 3525 3105 3599 subactaque
3151 3530 3501 3605 Macedonia,
3549 3541 3647 3594 sed

384 3598 523 3678 Εἶτα
572 3598 918 3693 γραμμάτων
968 3598 1111 3689 ύπὲρ
1155 3617 1365 3687 ταύτης
1418 3612 1796 3684 κομισθέντων
1866 3610 1961 3664 τοῦ

2078 3619 2335 3682 tanquam
2377 3614 2693 3687 Philippum
2721 3617 2872 3672 illum
2900 3598 3084 3692 regem
3107 3598 3647 3701 praestantissimum,

386 3715 602 3770 Παύλου
637 3713 1050 3785 ὑπερήσθησαν,
1084 3710 1178 3764 καὶ
1205 3709 1302 3779 οὐχ
1331 3708 1407 3772 ὡς
1435 3706 1528 3761 τὸν
1570 3703 1789 3776 Περσέα
1827 3720 1967 3758 νενι-

385 3810 621 3881 κηκότες
661 3807 760 3862 καὶ
801 3806 902 3877 τὴν
956 3803 1301 3861 Μακεδονίαν
1350 3799 1713 3871 κτησάμενοι,
1750 3793 1966 3858 ἀλλ’ὡς
2006 3838 2015 3846 .

386 3903 481 3955 τὸν
505 3900 773 3953 Φίλιππον
802 3900 1012 3952 ἐκεῖνον
1041 3896 1133 3951 τὸν
1168 3895 1312 3950 πάνυ
1349 3894 1445 3948 καὶ
1485 3891 1650 3946 αὐτὸν
1679 3888 1771 3944 τὸν
1812 3886 1966 3941 Ἀλέ-

390 3995 617 4066 ξανδρον
666 3994 803 4064 μετά
830 3994 1011 4063 πάσης
1046 3990 1146 4061 τῆς
1190 3988 1371 4061 ἀρχῆς
1409 3986 1626 4055 ἐκείνης
1658 3986 1726 4055 ἣν
1763 3981 1967 4054 ἔσχηκε

378 4089 735 4158 νικήσαντες,
771 4083 1148 4155 ἐσεμνύνοντο.
1202 4080 1444 4136 Ἐλθόντι
1466 4079 1511 4133 δ’
1546 4080 1603 4143 ὲς
1647 4074 1866 4147 Ῥώμην
1888 4073 1967 4144 τῷ

391 4180 594 4250 Παύλῳ
626 4177 794 4232 πολλὰ
828 4176 1126 4248 ἐψηφίσθη,
1165 4175 1261 4228 καὶ
1292 4176 1326 4244 ἡ
1367 4170 1562 4244 πομπὴ
1594 4170 1702 4225 τῶν
1736 4184 1963 4239 νικητη-

390 4273 524 4343 ρίων
564 4268 711 4340 αύτῴ
742 4267 1101 4339 λαμπροτάτη
1136 4263 1377 4333 ἐγένετο.
1414 4260 1670 4332 Ἐπεμψε
1718 4260 1818 4331 μὲν
1856 4260 1967 4329 γὰρ

382 4362 491 4431 ,καὶ
517 4361 686 4416 τᾶλλα
718 4361 818 4414 ὅσα
845 4359 1079 4413 ἑαλώκει
1109 4356 1311 4423 πάντα,
1343 4356 1558 4426 έπεμψε
1585 4355 1641 4408 δὲ
1668 4354 1764 4408 καὶ
1803 4350 1966 4406 Βίθυν

391 4455 485 4509 τὸν
514 4452 609 4506 τοῦ
642 4453 851 4527 Κότυος
875 4450 1015 4515 υἱὸν,
1036 4449 1126 4502 τόν
1152 4466 1210 4502 τε
1238 4448 1457 4517 Περσέα
1487 4446 1586 4500 καὶ
1605 4445 1706 4512 τὴν
1731 4445 1965 4512 γυναῖκα

392 4546 561 4601 αὐτοῦ
587 4545 714 4610 τούς
745 4561 807 4599 τε
837 4544 1035 4606 παῖὼς
1064 4544 1211 4610 τρεῖς
1258 4539 1417 4604 ὄντας
1442 4540 1500 4593 ὲν
1522 4537 1599 4609 τῷ
1626 4536 1736 4591 τῶν
1766 4535 1968 4605 αἰχμα-

394 4640 584 4695 λώτων
637 4639 900 4710 σχήματι.
957 4634 1150 4698 Δείσας
1193 4633 1251 4687 δὲ
1297 4632 1387 4687 διὰ
1436 4632 1535 4702 τὴν
1572 4630 1671 4700 τῆς
1715 4628 1970 4699 εὐτυχίας
2010 4673 2019 4683 .

394 4732 708 4802 ὑπερϐολὴν
749 4732 824 4802 μή
873 4747 927 4783 τι
986 4730 1263 4799 νεμεσήσῃ
1317 4727 1502 4787 αὐτοῖς
1557 4723 1620 4777 τὸ
1668 4721 1969 4792 δαιμόνιον,

399 4827 602 4898 ηῦξατο
641 4825 735 4878 καὶ
772 4818 928 4887 οὗτος
959 4821 1101 4876 κατὰ
1128 4821 1222 4875 τὸν
1272 4818 1570 4888 Κάμιλλον,
1609 4817 1685 4888 μή
1718 4831 1769 4868 τι
1799 4813 1970 4867 κακὸν

395 4926 463 4991 τῇ
485 4919 642 4973 πόλει
663 4920 728 4971 ἐκ
753 4914 981 4980 τούτων,
1002 4913 1116 4967 ἀλλ’
1136 4912 1312 4982 ἑαυτῷ
1339 4913 1391 4965 εἰ·
1411 4927 1464 4964 τι
1484 4910 1594 4964 δέοι
1617 4906 1966 4980 γενήσεσθαι⁸

398 5015 494 5067 καὶ
543 5010 638 5065 δύο
680 5010 839 5076 υἱεῖς,
877 5011 971 5061 τὶν
1022 5007 1123 5078 μὲν
1153 5006 1258 5074 πρὸ
1291 5004 1386 5056 τοῦ
1440 5002 1713 5073 θριάμϐου
1753 5001 1972 5071 μικρὸν,

404 5107 487 5160 τὸν
518 5105 575 5160 δὲ
617 5108 674 5158 ὲν
702 5104 845 5175 αύτῇ
871 5104 937 5173 τῇ
972 5101 1084 5153 τῶν
1115 5097 1402 5152 ἐπινικίων
1457 5094 1733 5150 ἀπέϐαλεν
1787 5093 1974 5164 ἑορτῇ.

401 5195 509 5252 Ἦν
569 5197 626 5250 δὲ
672 5197 733 5250 οὐ
783 5193 1164 5266 στρατηγῆσαι
1190 5193 1195 5197 ’
1221 5189 1385 5259 μόνον
1432 5187 1656 5256 ἀγαθὸς,
1708 5185 1848 5240 ἀλλά
1881 5185 1977 5238 καὶ

401 5293 720 5364 ὑπερόπτης
754 5289 1074 5363 χρημάτων.
1111 5286 1426 5355 Τεκμήριον
1460 5282 1539 5348 δὲ,
1569 5281 1823 5351 δεύτερον
1857 5281 1979 5331 τότε

404 5385 717 5447 ὑπατεύσας
769 5387 864 5437 καὶ
926 5382 1186 5451 λαφύρων
1244 5375 1543 5448 ἀμυθήτων
1594 5373 1879 5463 κρατήσας
1918 5374 1978 5423 ὲν

411 5477 642 5547 τοσαύτῃ
697 5475 856 5545 πενίᾳ
884 5474 1088 5537 διεϐίω,
1139 5472 1281 5525 ὥστε
1332 5466 1587 5539 χαλεπῶς
1636 5468 1703 5536 τῇ
1758 5467 1982 5533 γυναικὶ

405 5566 571 5621 αὑτοῦ
615 5567 715 5636 τὴν
753 5565 953 5635 προῖκα
994 5564 1422 5633 τελευτήσαντος
1472 5558 1826 5627 ἀποδοθῆναι.
1861 5554 1984 5609 Τῶν

407 5662 447 5715 5'
476 5660 716 5714 ἁλόντων
744 5657 824 5728 τῷ
878 5657 1049 5728 πατρὶ
1103 5657 1201 5727 μὲν
1246 5659 1273 5709 ὁ
1327 5654 1490 5717 Βίους
1540 5653 1746 5723 προῖκα
1795 5650 1980 5719 ἐδόθη.

409 5754 653 5825 Περσεὺς
694 5752 750 5805 δὲ
777 5752 856 5814 εἰς
892 5748 1097 5803 ’Ἀλϐαν
1119 5752 1216 5803 σὺν
1261 5750 1375 5813 τοῖς
1405 5747 1563 5801 παισὶ
1591 5746 1688 5799 καὶ
1718 5747 1783 5816 τῇ
1813 5745 1981 5815 θερα-

419 5842 551 5915 πείᾳ
577 5839 870 5913 κατετέθη,
910 5840 1069 5896 κάκεῖ
1103 5841 1198 5911 μὲν
1221 5840 1326 5904 ἕως
1350 5839 1547 5914 ἦλπιζε
1577 5838 1676 5908 τὴν
1703 5836 1985 5908 βασιλείαν

2069 3712 2127 3760 et
2156 3706 2336 3777 ipsum
2362 3707 2734 3765 Alexandrum
2759 3728 2886 3768 cum
2928 3723 3046 3771 toto
3089 3717 3184 3773 illo
3222 3718 3457 3790 imperio
3481 3724 3648 3781 vicis-

2070 3805 2217 3862 sent,
2287 3797 2362 3852 ita
2422 3811 2554 3856 sunt
2615 3803 2858 3874 gloriati.
2911 3804 3084 3861 Paulo
3131 3808 3363 3865 Romam
3429 3829 3651 3871 reverso

2075 3888 2233 3944 multi
2269 3889 2511 3949 honores
2538 3902 2669 3948 sunt
2709 3895 2941 3961 decreti,
2972 3908 3028 3953 et
3069 3900 3388 3972 triumphus
3409 3907 3652 3976 splendi-

2072 3982 2358 4051 dissimus,
2380 3983 2436 4040 in
2463 4002 2573 4056 quo
2599 3997 2797 4058 praeter
2819 3989 2956 4045 alias
2987 3995 3277 4050 manubias
3301 3996 3515 4069 Bithyni
3551 4003 3654 4058 Co-

2072 4085 2157 4149 tys
2189 4077 2383 4146 lilium,
2424 4080 2682 4135 Perseum
2713 4090 2769 4137 et
2803 4098 3030 4140 uxorem
3060 4086 3178 4158 ejus
3208 4103 3334 4144 cum
3368 4092 3548 4150 tribus
3584 4094 3652 4149 li-

2072 4169 2246 4237 beris,
2281 4170 2473 4226 habitu
2503 4174 2846 4242 captivorum
2892 4175 3070 4232 duxit.
3105 4179 3329 4238 Veritus
3367 4194 3551 4240 autem
3582 4203 3653 4242 ex

2073 4261 2369 4319 immodica
2424 4262 2690 4322 felicitate
2751 4267 3016 4324 invidiam
3078 4271 3360 4342 numinis,
3436 4275 3654 4333 Camilli

2073 4355 2328 4426 exemplo
2361 4365 2619 4426 precatus
2650 4366 2758 4426 est,
2809 4360 2858 4415 si
2899 4362 3031 4432 quid
3072 4365 3199 4422 inde
3234 4368 3363 4423 mali
3398 4369 3656 4428 immine-

2076 4452 2183 4514 ret,
2227 4454 2290 4501 ut
2329 4445 2385 4502 id
2457 4446 2719 4505 incolumi
2757 4452 3044 4521 republica
3074 4453 3128 4509 in
3161 4472 3322 4511 suum
3361 4468 3528 4529 caput
3568 4477 3659 4517 re-

2075 4536 2355 4594 dundaret
2387 4557 2400 4594 :
2444 4540 2631 4611 itaque
2669 4542 2810 4599 duos
2842 4542 3016 4608 ﬁlios,
3060 4547 3296 4604 alterum
3338 4554 3502 4622 paulo
3530 4566 3659 4612 ante

2079 4630 2456 4702 triumphum,
2499 4634 2736 4690 alterum
2774 4637 2831 4691 in
2862 4637 2979 4707 ipsa
3019 4638 3113 4695 iila
3146 4643 3472 4702 celebritate
3517 4650 3657 4702 ami-

2076 4725 2170 4781 sit.
2232 4723 2359 4781 Fuit
2412 4741 2521 4782 non
2572 4736 2784 4784 tantum
2845 4732 3101 4803 egregius
3158 4735 3502 4807 imperator,
3559 4738 3655 4794 sed

2077 4821 2244 4876 etiam
2258 4822 2508 4891 pecuniae
2528 4831 2899 4894 contemptor,
2925 4826 3071 4895 quod
3093 4842 3159 4881 ex
3172 4842 3238 4882 eo
3256 4838 3483 4898 apparet
3511 4831 3658 4899 quod

2006 4941 2055 5000 Β
2081 4912 2384 4968 secundum
2413 4914 2627 4977 consul,
2656 4924 2714 4969 et
2742 4915 2933 4985 spoliis
2977 4917 3475 4972 innumerabilibus
3519 4920 3661 4988 poti-

2085 5011 2194 5064 tus,
2214 5003 2266 5056 in
2292 5010 2439 5057 tanta
2458 5013 2780 5074 paupertate
2796 5004 2961 5059 vitam
2982 5005 3185 5076 exegit,
3202 5015 3258 5060 ut
3273 5014 3396 5076 post
3412 5007 3530 5079 ejus
3547 5009 3662 5063 obi-

2085 5104 2201 5149 tum
2229 5094 2386 5149 uxori
2411 5095 2510 5150 dos
2534 5110 2675 5166 aegre
2709 5106 2895 5166 posset
2934 5095 3113 5151 reddi.
3158 5095 3238 5151 Es
3292 5098 3526 5167 captivis
3571 5100 3662 5154 Bi-

2086 5190 2212 5260 thys
2243 5188 2382 5258 patri
2412 5190 2580 5260 gratis
2601 5199 2687 5245 est
2704 5189 2974 5245 redditus.
2995 5190 3229 5245 Perseus
3247 5203 3371 5244 cum
3393 5189 3585 5247 liberis
3606 5205 3663 5249 et

2089 5280 2360 5335 ministris
2378 5280 2568 5335 Albam
2597 5282 2801 5336 missus
2832 5289 2936 5345 est,
2971 5280 3063 5335 ubi
3090 5296 3214 5335 cum
3239 5296 3296 5336 se
3333 5284 3483 5353 regni
3508 5299 3666 5340 recu-

2089 5372 2315 5444 perandi
2342 5389 2439 5442 spe
2468 5372 2791 5444 aliquandiu
2814 5379 3202 5435 sustentasset,
3221 5387 3285 5426 ea
3309 5373 3533 5437 amissa,
3556 5376 3665 5431 sibi

2081 5466 2189 5535 ipsi
2230 5482 2429 5521 manus
2459 5467 2669 5522 attulit.
2698 5465 2990 5534 Philippus
3029 5465 3150 5535 ejus
3184 5463 3333 5521 (ilius
3357 5507 3372 5530 ,
3411 5476 3467 5522 et
3511 5466 3622 5522 lilia
3644 5506 3661 5532 ,

2082 5575 2192 5615 nou
2234 5560 2408 5616 multo
2446 5567 2572 5630 post
2608 5558 2885 5613 obierunt.
2930 5555 3094 5613 Solus
3148 5557 3295 5613 ﬁlius
3327 5567 3460 5613 natu
3501 5560 3666 5615 mini-

2085 5670 2231 5720 mus,
2263 5652 2490 5708 Albanis
2517 5649 2933 5721 magistratibus
2961 5665 3064 5720 pro
3092 5650 3276 5706 scriba
3310 5649 3665 5705 iuserviendo

2085 5747 2154 5801 ad
2193 5754 2411 5815 tempus
2439 5743 2607 5797 vitam
2642 5740 2916 5798 toleravit.
2951 5740 3033 5796 Ad
3078 5742 3231 5798 hunc
3275 5740 3496 5795 modum
3539 5740 3671 5795 Per-

2087 5852 2216 5893 seus
2254 5850 2285 5891 a
2333 5850 2404 5892 xx
2437 5830 2664 5904 regibus
2692 5847 2750 5889 se
2780 5842 2961 5888 ortum
2984 5832 3186 5890 ducere
3221 5831 3508 5903 gloriatus,
3543 5843 3667 5885 ere-
