4008 6250
430 374 551 436 ‘783

1742 377 2067 440 IOANNIS
2108 380 2431 446 ZONARIE

3595 396 3691 462 784

437 485 548 541 bro
582 483 925 554 Philippum,
978 482 1232 540 crebrius
1274 482 1643 540 Alexandrum
1690 488 1744 542 in
1800 503 1898 546 ore
1931 500 2011 544 na-

2131 495 2494 566 κομίσασθαι,
2558 497 2825 571 ἀντεῖχεν.
2889 503 3042 559 Ἐπεὶ
3094 505 3141 558 δ’
3199 504 3443 575 ἀπέγνω,
3510 509 3692 565 ἑαυτὸν

439 575 601 640 hens,
634 583 691 631 et
730 590 956 646 regnum
981 574 1198 639 amisit,
1240 583 1297 630 et
1324 576 1380 630 in
1418 576 1660 633 hostium
1690 587 2017 650 potestatem

2120 583 2508 656 διεχειρίσατο.
2559 589 2669 643 Kal
2724 591 2753 643 6
2804 592 3075 659 Φίλιππος
3119 597 3147 648 6
3183 596 3299 659 υίὸς
3343 596 3510 651 αὐτοῦ
3554 597 3591 669 ἦ
3640 617 3694 654 τε

439 665 615 734 venit,
650 677 709 721 et
735 666 1016 736 triumpho
1041 666 1241 723 ductus
1273 676 1381 732 est,
1420 684 1532 724 non
1560 679 1667 726 tam
1709 671 2011 731 diademate

2122 673 2371 748 θυγάτηρ
2395 678 2561 732 αὐτοῦ
2588 680 2689 735 οὐκ
2725 683 2807 746 είς
2839 686 3061 755 μακρὰν
3089 686 3392 753 ἀπέθανον,
3423 665 3590 759 μόνος
3612 689 3656 743 δ’
3667 692 3695 744 6

439 766 670 813 ornatus
732 773 897 828 quam
949 758 1161 814 catenis
1223 770 1507 817 oneratus.
1550 762 1756 819 Rhodii
1806 764 2016 820 dudum

376 908 399 927 ο
436 850 678 921 superbe
709 835 834 905 cum
879 850 1145 909 Romanis
1202 868 1366 924 agere
1419 856 1591 922 soliti,
1650 866 1765 912 tum
1799 859 2015 914 veniam

438 942 770 997 delictorum
811 951 1088 1014 petentes,
1136 960 1444 1017 eorumque
1479 950 1801 1007 societatem
1841 966 2018 1021 nuper

436 1044 700 1103 spretam,
734 1033 1031 1090 admodum
1071 1035 1412 1107 ﬂagitantes,
1448 1041 1597 1109 quod
1631 1042 1857 1097 voluere
1892 1054 2015 1100 tan-

436 1125 563 1179 dem
588 1125 981 1195 impetrarunt.
1024 1127 1262 1185 Romani
1285 1116 1452 1185 etiam
1482 1131 1841 1190 Cretensibus
1863 1135 2011 1204 irati,

434 1217 627 1272 multis
678 1218 939 1288 precibus
993 1220 1237 1292 denique
1291 1223 1525 1298 mitigati
1583 1235 1733 1282 sunt.
1789 1227 2014 1286 Prusias

436 1309 790 1385 iteinsponte
819 1313 875 1366 in
904 1314 1097 1368 urbem
1132 1316 1439 1385 profectus,
1468 1321 1637 1375 curia:
1663 1321 1833 1376 limen
1855 1339 2016 1379 oscu-

431 1402 597 1468 latus,
644 1413 951 1475 senatuque
991 1407 1243 1473 adorato,
1280 1412 1499 1465 veniam
1543 1420 1600 1466 et
1630 1413 2012 1484 impunitatem

427 1504 517 1549 est
557 1507 931 1553 consecutus:
977 1499 1212 1556 Eumeni
1254 1502 1443 1560 fratris
1483 1505 1653 1561 Attali
1683 1507 2014 1566 intercessio

414 1583 762 1641 delictorum
810 1590 1043 1659 gratiam
1084 1591 1235 1647 fecit.
1278 1593 1434 1651 Tunc
1465 1597 1631 1651 etiam
1657 1597 2015 1670 Cappadociae

431 1676 524 1731 hic
570 1687 745 1734 status
788 1680 912 1735 fuit.
950 1682 1273 1741 Ariarathes
1320 1703 1415 1743 rex
1463 1704 1786 1760 germanum
1837 1693 2011 1750 [ilium

430 1768 626 1824 habuit
661 1772 1011 1830 Ariarathen:
1051 1790 1066 1830 :
1115 1788 1245 1833 ante
1280 1795 1444 1849 quem
1478 1791 1834 1853 susceptum.
1874 1801 2014 1841 uxor

2121 767 2390 834 νεώτατος
2421 773 2533 836 τοῖς
2561 774 2673 827 τῶν
2722 774 3002 832 ’Δλϐανῶν
3031 778 3295 849 ἄρχουσιν
3330 780 3700 853 ὑπογραμμα-

2118 861 2294 915 τεύων
2323 864 2417 918 ἐπί
2447 881 2570 919 τινα
2603 868 2798 939 χρόνον
2826 868 3138 940 διήρκεσεν.
3173 872 3363 938 Οὕτως
3394 875 3425 927 6
3459 874 3698 946 Περσεὺς

2116 953 2145 1005 6
2177 951 2243 1006 δι’
2270 952 2445 1009 εἴκοσι
2487 954 2759 1027 βασιλέων
2808 959 2992 1032 αὐχῶν
3041 963 3355 1031 γεγονέναι,
3384 965 3479 1017 xal
3532 963 3696 1019 πολὺν

2123 1044 2224 1115 μὲν
2272 1047 2364 1102 τὸν
2405 1048 2697 1117 Φίλιππον,
2729 1051 2905 1105 πλείω
2936 1052 2995 1107 δὲ
3029 1053 3276 1125 θρυλλῶν
3321 1057 3414 1111 τὸν
3450 1056 3698 1125 Ἀλέξαν-

2117 1136 2265 1207 δρον,
2314 1141 2409 1193 καὶ
2450 1140 2551 1211 τὴν
2590 1141 2876 1213 βασιλείαν
2924 1145 3195 1215 ἀπώλεσε,
3237 1148 3334 1201 καὶ
3359 1150 3700 1220 αἰχμάλωτος

2119 1228 2337 1299 γέγονε,
2388 1232 2487 1285 καὶ
2537 1233 2596 1287 ὲν
2643 1237 2760 1299 τοῖς
2809 1238 3101 1301 ἐπινικίοις
3140 1240 3481 1309 ἐπόμπευσε,
3529 1240 3700 1311 δεσμὰ

2122 1322 2266 1392 μετὰ
2293 1323 2388 1377 τοῦ
2417 1325 2759 1397 διαδήματος
2790 1344 2855 1381 πε
2868 1330 3199 1401 ρικείμενος.
3226 1333 3290 1384 Oi
3319 1332 3376 1386 δέ
3407 1349 3471 1402 γε
3509 1334 3699 1386 Ῥόδιοι

2122 1416 2261 1484 μετά
2296 1418 2654 1487 φρονήματος
2679 1418 2874 1491 πρώην
2900 1423 3017 1485 τοῖς
3058 1420 3350 1492 Ῥωμαίοις
3400 1422 3699 1494 προσφερό·

2121 1520 2294 1574 μενοι,
2328 1505 2451 1559 τότε
2503 1508 2579 1579 μὴ
2613 1512 2980 1578 μνησικακεῖν
3007 1509 3195 1573 αὐτοῖς
3219 1510 3408 1578 ἠξίουν
3441 1511 3539 1564 καὶ
3568 1509 3700 1580 σύμ-

2122 1610 2289 1666 μαχοι
2344 1596 2586 1666 πρόσθεν
2614 1599 2794 1653 αὐτῶν
2820 1599 3109 1655 καλεῖσθαι
3143 1601 3218 1671 μὴ
3248 1600 3697 1670 προσδεχόμενοι,

2116 1684 2240 1736 τότε
2280 1687 2376 1738 καὶ
2418 1687 2563 1740 πάνυ
2593 1687 2787 1742 τούτου
2818 1692 3007 1760 τυχεῖν
3051 1690 3421 1755 ἐσπούδαζονο
3459 1694 3553 1743 καὶ
3588 1690 3699 1745 ἔτυ-

2118 1789 2213 1843 χον
2245 1774 2347 1846 τῆς
2377 1777 2634 1849 σπουδῆς,
2667 1780 2783 1835 ἀλλ’
2817 1781 2938 1852 ὀψέ.
2975 1783 3085 1837 Kal
3124 1786 3241 1847 τοῖς
3291 1782 3505 1854 Κρησὶν
3543 1783 3701 1856 ὠργί-

412 1862 548 1947 ejus
593 1862 758 1935 longo
820 1872 1072 1936 tempore
1113 1867 1271 1940 461
1321 1872 1564 1939 sterilis,
1632 1874 2011 1947 Orophemem

2118 1864 2274 1928 ζοντο
2302 1867 2403 1938 μὲν
2443 1870 2494 1923 οἱ
2537 1869 2823 1943 Ῥωμαῖοι,
2857 1875 3124 1939 ἱκετείαις
3153 1874 3211 1929 δὲ
3244 1873 3467 1938 πολλαῖς
3502 1891 3701 1946 χρησα-

427 1945 719 2024 adoptarat
756 1972 771 2011 :
801 1957 898 2027 qui
946 1958 1150 2016 deinde
1192 1970 1322 2017 nato
1367 1960 1640 2035 legitimo,
1665 1945 1897 2038 propter
1930 1970 2016 2025 in-

424 2045 696 2101 sidiarum
749 2048 1127 2119 suspicionem
1182 2053 1419 2125 pulsus,
1490 2068 1613 2127 post
1703 2060 2015 2120 Ariarathis

422 2138 640 2193 obitum
671 2151 864 2197 contra
906 2141 1135 2199 fratrem
1178 2145 1501 2205 insurrexit.
1538 2152 1818 2209 Ariarathi
1850 2171 2012 2226 opem

418 2232 553 2286 tulit
605 2232 905 2301 Eumenes,
946 2233 1258 2306 Oropherni
1308 2237 1481 2310 Syriae
1551 2257 1644 2298 rex
1676 2244 2008 2304 Demetrius.

412 2321 747 2377 Ariarathes
788 2321 968 2379 victus
994 2324 1063 2379 ad
1099 2326 1381 2384 Romanos
1418 2330 1688 2409 confugit,
1712 2334 1782 2388 ab
1811 2336 2005 2409 eisque

424 2426 534 2467 una
570 2428 697 2467 cum
732 2412 1059 2485 Oropherne
1100 2433 1331 2488 regnare
1368 2421 1581 2492 jussus,
1639 2425 1768 2495 quia
1816 2425 2007 2497 populi

426 2500 661 2556 llomani
703 2503 917 2560 amicus
954 2514 1011 2560 et
1054 2506 1241 2563 socius
1293 2511 1602 2579 appellatus
1635 2523 1791 2581 erat,
1829 2524 2005 2571 totum

416 2593 717 2664 imperium
761 2596 868 2651 sibi
912 2596 1237 2654 vindicavit.
1280 2598 1460 2671 Atque
1494 2603 1711 2660 Attalus
1743 2606 2009 2663 Eumenis

412 2702 735 2755 successor,
795 2688 1179 2761 Orophernem
1242 2703 1301 2749 et
1337 2693 1677 2752 Demetrium
1724 2698 2013 2772 Cappado-

410 2779 509 2832 cia
548 2794 782 2849 prorsus
808 2783 1013 2853 exegit.
1696 2807 1709 2819 ο

2117 1958 2302 2029 μένοις
2335 1960 2558 2031 ἀφῆκαν
2591 1981 2726 2018 ποτε
2753 1966 2853 2036 τὴν
2883 1967 3077 2039 ὀργήν.
3109 1969 3220 2022 Kal
3248 1969 3277 2020 6
3312 1967 3592 2038 Προυσίας
3644 1968 3699 2021 6's

2114 2051 2211 2104 καὶ
2234 2053 2262 2105 ὁ
2294 2052 2566 2126 Εὐμένης,
2596 2058 2625 2110 6
2651 2056 2753 2127 μὴν
2781 2058 2849 2113 δι’
2874 2060 3074 2115 ἑαυτοῦ
3105 2061 3186 2124 εἰς
3215 2060 3315 2132 τὴν
3342 2060 3500 2113 πόλιν
3531 2058 3699 2112 ἐλθὼν

2115 2144 2210 2197 καὶ
2243 2146 2325 2210 είς
2366 2147 2428 2201 τό
2463 2147 2852 2223 βουλευτήριον
2877 2152 3165 2220 εἰσελθὼν,
3201 2156 3294 2207 καὶ
3323 2153 3417 2206 τὸν
3443 2153 3597 2207 οὐδὸν
3624 2168 3704 2221 φι-

2113 2235 2308 2310 λήσας,
2344 2240 2440 2295 καὶ
2462 2244 2856 2315 προσκυνήσας
2890 2245 3020 2309 τοὺς
3041 2244 3360 2316 βουλευτὰς,
3400 2245 3610 2316 ἠλεήθη
3643 2260 3699 2298 τε

2111 2332 2206 2384 καὶ
2219 2330 2461 2404 ηθώωτο.
2489 2333 2741 2407 Εὐμένης
2781 2335 2839 2389 δὲ
2864 2336 2934 2390 δι’
2957 2336 3218 2392 Ἀττάλου
3243 2336 3339 2391 τοῦ
3374 2336 3612 2407 ἀδελφοῦ
3641 2336 3700 2391 τὸ

2114 2429 2192 2495 μη
2229 2442 2282 2479 τι
2313 2431 2679 2498 μνησικακεῖν
2727 2429 2882 2501 αὐτῷ
2919 2429 3136 2509 εἴληφε.
3179 2430 3315 2487 Τότε
3358 2431 3417 2486 δὲ
3460 2434 3556 2486 καὶ
3602 2430 3701 2501 τῆς

2113 2515 2517 2583 Καππαδοκίας
2550 2518 2697 2575 οὕτω
2731 2520 3002 2594 διῳκήθη.
3052 2522 3386 2594 Ἀριαράθης
3419 2524 3448 2577 6
3497 2522 3700 2593 ταύτης

2113 2609 2334 2681 κρατῶν
2381 2611 2549 2666 παῖδα
2596 2615 2820 2684 γνήσιον
2870 2614 3030 2687 ἔσχεν
3091 2616 3450 2689 Ἀριαράθην.
3491 2615 3631 2687 Πρὶν
3656 2613 3701 2669 δ’

2109 2701 2408 2771 ἐσχηκέναι
2453 2704 2644 2771 αὐτὸν,
2676 2707 2802 2761 ἐπεὶ
2848 2707 3017 2763 πολὺν
3060 2708 3254 2780 χρόνον
3284 2712 3318 2780 ἡ
3362 2710 3504 2779 γυνὴ
3531 2707 3697 2763 αὐτοῦ

2110 2794 2213 2847 οὐκ
2243 2795 2490 2861 ἐκύῖσκε,
2520 2798 2689 2854 παῖδα
2720 2801 3193 2873 προσεποιήσατο,
3230 2803 3573 2875 Ὀροφέρνην
3601 2819 3699 2855 κα-

420 2874 646 2930 λέσασα.
697 2877 1059 2950 Γεννηθέντος
1106 2880 1151 2935 δ’
1175 2881 1371 2940 ἔπειτα
1399 2884 1493 2939 τοῦ
1538 2887 1788 2958 γνησίου,
1821 2888 2099 2961 φωραθεὶς
2171 2893 2382 2958 ἐκεῖνος
2441 2892 2707 2966 ἐξηλάθη,
2734 2897 2795 2961 ὃς
2856 2899 3001 2968 μετὰ
3021 2896 3115 2952 τὸν
3146 2874 3477 2968 ’Δριαράθου
3537 2899 3700 2954 ﬂava-

419 2989 533 3039 τον,
562 2973 640 3042 τῷ
682 2974 899 3048 ἀδελφῷ
943 2976 1107 3047 δῆθεν
1130 2978 1452 3052 δὲπανέστη.
1499 2982 1608 3037 Καὶ
1657 2985 2004 3055 συνεμάχουν
2049 2985 2355 3062 ’Δριαράθῃ
2399 2989 2501 3060 μὲν
2574 2991 2850 3064 Εὐμένης,
2932 2993 3236 3065 Ὀροφέρνῃ
3280 2993 3339 3047 δὲ
3385 2995 3699 3065 Δημήτριος

418 3067 449 3120 6
476 3067 582 3119 τῶν
614 3065 802 3137 Σύρων
853 3068 1132 3140 βασιλεύς.
1181 3071 1537 3137 Ἐλαττωθεὶς
1569 3076 1627 3128 δὲ
1671 3076 2004 3148 Ἀριαράθης
2045 3079 2182 3149 πρὸς
2223 3082 2352 3146 τοὺς

2443 3084 2749 3155 Ῥωμαίους
2810 3087 3111 3159 κατέφυγε,
3156 3089 3252 3144 καὶ
3324 3087 3585 3151 κοινωνὸς
3623 3084 3699 3158 τῷ

433 3161 737 3237 Ὀροφὲρνῃ
783 3165 885 3234 τῆς
936 3165 1218 3236 βασιλείας
1274 3166 1367 3220 ὑπ’
1430 3169 1614 3222 αὐτῶν
1666 3171 2041 3232 ἀποδέδεικτο.
2086 3175 2211 3229 Ὅτι
2286 3176 2343 3230 δὲ
2392 3179 2420 3231 ὁ
2480 3181 2815 3253 ’Δριαράθης
2876 3182 3345 3254 τοῖςιῬωμαίοις
3398 3182 3552 3252 φίλος
3607 3182 3699 3237 καὶ

421 3259 706 3329 σύμμαχος
749 3263 1186 3331 προσηγόρευτο,
1224 3264 1405 3317 πᾶσαν
1444 3267 1652 3327 ἐκεῖνος
1695 3266 1795 3337 τὴν
1826 3269 2007 3340 ἀρχὴν
2046 3271 2113 3324 ὲκ
2176 3273 2368 3329 τούτου
2440 3278 2928 3350 προσῳκειώσατο.
2964 3279 3076 3331 Kal
3128 3281 3159 3333 6
3209 3280 3477 3344 Ἄτταλος
3523 3280 3582 3333 δὲ
3612 3281 3698 3335 τὸν

419 3353 639 3425 Εὐμένη
692 3349 926 3408 θανόντα
974 3354 1384 3426 διαδεξάμενος,
1415 3359 1508 3412 τόν
1576 3376 1636 3412 τε
1676 3360 2014 3434 Ὀροφέρνην
2079 3366 2176 3423 καὶ
2236 3368 2553 3442 Δημτηριον
2583 3349 2865 3439 παντελῶς
2889 3374 2954 3427 ἐκ
2978 3374 3076 3446 τῆς
3107 3374 3513 3440 Καππαδοκίας
3553 3376 3697 3448 ἀπή-

420 3451 607 3504 λασεν.

490 3546 656 3603 Χχν.
734 3546 954 3619 Egypti
1010 3562 1106 3603 rex
1161 3547 1489 3605 Ptolemaeus
1550 3553 1817 3620 moriens,
1864 3554 2007 3613 duos

2185 3557 2317 3615 ΚΕΖ
2361 3559 2421 3613 ’0
2449 3558 2508 3613 δὲ
2537 3562 2639 3631 τῆς
2660 3559 2938 3630 Αἰγύπτου
2963 3563 3186 3632 κρατῶν
3210 3564 3326 3638 (52)
3362 3564 3698 3637 Πτολεμαῖος

421 3642 562 3697 [ilius
580 3649 633 3696 et
672 3655 837 3694 unam
871 3639 1098 3710 reliquit
1129 3640 1319 3696 ﬁliam.
1359 3641 1646 3700 Fratribus
1683 3655 1868 3701 autem
1922 3648 2008 3702 in-

422 3742 509 3789 ter
545 3748 606 3789 se
635 3735 705 3789 de
732 3747 915 3805 regno
949 3733 1444 3802 contendentibus,
1479 3735 1790 3794 Antiochus
1827 3739 2006 3811 Magni

414 3826 674 3884 Antiochi
731 3824 878 3880 illius
903 3833 1036 3880 natu
1068 3826 1345 3882 minorem
1377 3828 1599 3897 pulsum
1635 3833 1906 3903 suscepit,
1946 3844 2007 3890 ut
2052 3874 2059 3881 .

416 3936 516 3992 per
538 3921 659 3991 ejus
700 3918 1037 3975 defendendi
1084 3918 1347 3990 speciem,
1381 3920 1594 3976 aditum
1622 3922 1679 3978 in
1706 3922 2005 3998 Egyptum

418 4013 652 4068 haberet
680 4029 693 4065 :
736 4009 1094 4080 adductoque
1126 4011 1399 4075 exercitu,
1452 4014 1693 4069 maxima
1724 4025 1883 4084 parte
1912 4032 2007 4072 oc-

417 4114 640 4175 cupata,
680 4103 900 4159 obsedit
930 4102 1347 4158 Alexandriam.
1396 4103 1536 4160 Cum
1576 4117 1764 4167 autem
1804 4108 2003 4180 reliqui

416 4196 485 4254 ad
516 4199 796 4257 Romanos
827 4197 1228 4268 confugissent,
1268 4198 1519 4268 Popilius
1550 4200 1621 4255 ad
1665 4201 2004 4259 Antiochum

417 4292 644 4359 missus,
669 4307 799 4346 eum
828 4289 1064 4362 Egypto
1084 4289 1369 4346 abstinere
1395 4291 1580 4363 jussit.
1603 4293 1829 4351 Fratres
1854 4296 2005 4351 enim

419 4383 702 4439 intellecto
733 4381 884 4438 illius
915 4381 1172 4448 consilio,
1206 4381 1262 4437 in
1294 4384 1526 4454 gratiam
1557 4384 1856 4443 redierant.
1888 4388 2006 4443 An-

423 4474 608 4530 tiocho
650 4488 979 4545 responsum
1017 4472 1338 4539 dill‘erente,
1378 4476 1533 4546 virga
1566 4475 2007 4549 circumscripsit

421 4582 603 4636 regem
634 4581 650 4620 ι
705 4580 770 4619 ac
804 4565 1135 4638 priusquam
1161 4581 1231 4621 eo
1262 4566 1474 4622 circulo
1505 4567 1834 4634 excederet,
1873 4570 2006 4625 ueli-

420 4661 646 4727 berare,
677 4673 743 4715 ac
778 4673 1109 4729 responsum
1143 4658 1379 4716 reddere
1416 4661 1603 4732 jussit.
1640 4662 1716 4716 Ea
1760 4678 1821 4718 re
1845 4666 2006 4719 terri-

418 4762 512 4809 tus
544 4750 872 4815 Antiochus,
921 4748 1273 4806 obsidionem
1318 4752 1512 4807 solvit.
1561 4752 1807 4810 Externo
1855 4769 2002 4815 metu

416 4842 638 4902 liberati
674 4841 981 4906 Ptolemaei,
1008 4840 1193 4897 denuo
1222 4850 1280 4897 et
1298 4841 1704 4910 dissenserunt,
1747 4852 1803 4899 et
1831 4860 1861 4900 a
1893 4846 2004 4902 Ro-

2108 3651 2207 3704 ὲπὶ
2235 3652 2390 3706 δυσὶν
2439 3654 2580 3707 υἱέσι
2626 3656 2722 3708 καὶ
2760 3656 2859 3727 μιᾷ
2910 3657 3126 3723 ἐξέλιπε
3185 3657 3447 3730 θυγατρί.
3509 3662 3604 3724 Ὠς
3640 3660 3698 3714 δὲ

2109 3745 2249 3816 πρὸς
2278 3743 2549 3816 ἀλλήλους
2577 3747 2629 3798 cl
2664 3747 2885 3817 ἀδελφοὶ
2929 3750 3061 3818 περὶ
3102 3749 3204 3819 τῆς
3235 3753 3414 3822 ἀρχῆς
3438 3753 3698 3805 ἐστασία-

2109 3855 2233 3904 σαν,
2278 3839 2553 3910 ’Ᾱντίοχος
2594 3841 2623 3894 6
2672 3839 2767 3894 τοῦ
2834 3843 3077 3912 μεγάλου
3134 3843 3411 3915 Ἀντιόχου
3460 3845 3577 3908 ul);
3604 3845 3696 3899 τὸν

2104 3928 2377 3983 νεώτατον
2434 3930 2741 3985 ἐκπεσόντα
2796 3932 3033 3998 ἐδέξατο,
3101 3934 3186 3987 ἵνα
3273 3938 3551 4008 προφάσει
3599 3938 3694 3993 τοῦ

2104 4021 2257 4093 αύτῷ
2285 4021 2522 4091 ἀμύνειν
2551 4026 2632 4087 είς
2665 4024 2734 4078 τὰ
2767 4025 2877 4080 τῶν
2900 4028 3220 4096 Αἰγυπτίων
3249 4031 3539 4098 παρέλθοι.
3582 4032 3693 4086 Kal

2107 4114 2447 4189 στρατεύσας
2470 4119 2564 4170 ἐπὶ
2584 4117 2683 4189 τὴν
2716 4119 2994 4188 Αἴγυπτον
3014 4123 3115 4192 τῆς
3144 4140 3202 4177 τε
3227 4123 3474 4189 πλείονος
3506 4124 3694 4198 χώρας

2107 4207 2402 4279 ἐκράτησε,
2434 4209 2531 4264 καὶ
2569 4210 2882 4282 ἐπολιόρκει
2905 4215 3007 4284 τὴν
3045 4214 3478 4287 Ἀλεξάνδρειαν.
3513 4220 3697 4273 Κατα-

2106 4300 2388 4370 φυγόντων
2415 4301 2473 4357 δὲ
2502 4303 2613 4357 τῶν
2640 4303 2816 4358 ἄλλων
2859 4307 2994 4376 πρὸς
3015 4310 3142 4372 τοὺς
3178 4308 3513 4379 Ῥωμαίους,
3546 4328 3695 4383 πεμ-

2107 4391 2266 4458 φθεὶς
2309 4391 2446 4461 πρὸς
2493 4393 2586 4447 τὸν
2640 4394 2911 4466 Ἀντίοχον
2948 4398 2978 4450 6
3034 4397 3310 4463 Ποπίλιος,
3351 4400 3694 4472 ἀποσχέσθαι

2105 4481 2269 4537 αὑτὸν
2325 4484 2424 4554 τῆς
2473 4485 2756 4555 Αἰγύπτου
2787 4488 3093 4544 εκέλευσεν.
3150 4491 3214 4544 Οἱ
3275 4492 3384 4565 γὰρ
3442 4493 3695 4563 ἀδελφοὶ,

2108 4574 2361 4639 συνέντες
2386 4576 2486 4648 τὴν
2512 4576 2608 4630 τοῦ
2651 4577 2926 4650 Ἀντιόχου
2949 4580 3209 4646 διάνοιαν,
3242 4584 3695 4656 κατηλλάγησαν.

2118 4665 2209 4730 Ὧς
2254 4666 2301 4720 δ’
2346 4670 2557 4733 ἐκεῖνος
2609 4671 2908 4742 ὑπερέθετο
2957 4673 3058 4745 τὴν
3104 4676 3436 4748 ἀπόκρισιν,
3491 4678 3695 4732 κύκλον

2108 4756 2290 4828 ῥάϐδῳ
2344 4758 2504 4829 πέριξ
2552 4758 2718 4815 αὐτοῦ
2775 4763 3142 4835 περιέγραφε,
3195 4765 3480 4822 κάνταῦθα
3530 4769 3693 4822 αὐτὸν

2108 4850 2377 4920 ἑστηκότα
2430 4850 2679 4923 ἀπῄτησε
2714 4852 3111 4923 βουλεύσασθαί
3151 4874 3210 4910 τε
3259 4860 3356 4912 καὶ
3389 4859 3699 4931 ἀποκρίνα-

421 4937 604 4994 manis
642 4933 989 4991 reconciliati
1020 4940 1151 4990 sunt
1176 4951 1187 4988 :
1216 4942 1279 4989 ut
1300 4943 1440 4989 nata
1471 4936 1647 5009 major
1675 4935 1912 5010 Egypto
1946 4950 2004 4995 et

2113 4938 2255 4995 σθαι.
2290 4939 2574 4994 Ἐντεῦθεν
2616 4942 2800 5006 δείσας
2832 4946 2861 4997 ὀ
2907 4945 3180 5018 Ἀντίοχος
3220 4947 3321 5014 τὴν
3367 4949 3697 5021 πολιορκίαν

416 5030 626 5104 Cypro,
668 5026 899 5101 Cyrenis
931 5041 1063 5082 vero
1106 5026 1299 5098 junior
1348 5028 1638 5098 potiretur,
1694 5030 1832 5087 Nam
1886 5032 2003 5088 haec

2113 5031 2429 5088 κατέλυσεν.
2474 5034 2912 5105 Ἀπαλλαγέντες
2952 5038 3010 5092 δὲ
3045 5038 3143 5091 τοῦ
3191 5039 3394 5107 ἔξωθεν
3441 5043 3614 5113 φόϐου
3639 5043 3697 5096 οι

415 5137 638 5196 quoque
669 5127 800 5177 ltum
850 5117 1231 5193 Egyptiorum
1279 5127 1459 5177 erant.
1501 5119 1698 5177 Junior
1729 5138 1862 5179 vero
1896 5123 2005 5179 ini-

2113 5125 2437 5197 Πτολεμαῖοι
2464 5125 2632 5193 (οὕτω
2660 5129 2771 5200 γὰρ
2820 5130 3117 5186 ἐκαλοῦντο
3157 5134 3494 5206 ἀμφότεροι)
3532 5134 3696 5201 αὖθις

415 5231 524 5287 que
562 5227 752 5271 secum
786 5210 873 5283 agi
903 5211 1251 5274 existimans.
1283 5210 1513 5266 Romam
1552 5213 1860 5282 profectus,
1898 5214 2003 5287 Cy—

2113 5217 2477 5285 ιστασίασαν,
2532 5215 2654 5273 εἷτα
2707 5221 3124 5294 συνηλλαγησαν
3190 5222 3350 5291 αὖθις
3415 5228 3524 5284 ὑπὸ
3582 5229 3696 5283 τῶν

406 5321 579 5379 prum
625 5305 794 5362 etiam
846 5303 1188 5375 impetravit.
1233 5302 1305 5358 At
1334 5306 1521 5359 senior
1551 5305 1736 5361 denuo
1764 5322 1892 5362 cum
1931 5323 2000 5365 eo

2120 5307 2430 5378 Ῥωμαίων,
2462 5308 2548 5379 ἐφ’
2574 5301 2621 5379 ᾦ
2647 5310 2739 5366 τὸν
2762 5312 2863 5383 μὲν
2885 5315 3260 5389 πρεσὸύτερον
3281 5320 3384 5391 τὴν
3407 5320 3693 5389 Αιγυπτον

404 5408 633 5469 .pactus,
657 5412 760 5468 pro
786 5396 967 5467 Cypro
998 5395 1167 5451 urbes
1194 5394 1461 5466 quasdam
1493 5404 1550 5451 et
1575 5395 1913 5454 frumentum
1945 5400 1999 5455 ei

2113 5400 2205 5453 καὶ
2242 5399 2342 5472 τὴν
2377 5401 2623 5474 Κύπρον,
2656 5404 2723 5457 τὰ
2753 5404 2812 5457 δὲ
2841 5407 2969 5476 περὶ
2994 5408 3093 5479 τὴν
3125 5410 3385 5482 Κυρήνην
3411 5412 3558 5484 ἔχειν
3589 5411 3690 5464 τὸν

412 5489 736 5562 assignavit.
778 5487 1058 5544 Antiocho
1114 5502 1248 5559 rege
1297 5497 1538 5553 mortuo,
1590 5487 1823 5543 Romani
1882 5488 1996 5547 ﬁlio

2113 5491 2314 5563 ἓτερον.
2365 5494 2475 5547 Kal
2529 5495 2706 5551 ταῦτα
2751 5499 2861 5569 γὰρ
2904 5500 3028 5553 τότε
3074 5501 3185 5554 τῶν
3230 5503 3549 5571 Αἰγυπτίων
3590 5501 3686 5577 ἦν.

412 5581 667 5654 ejusdem
700 5581 943 5637 nominis
978 5594 1209 5651 regnum
1249 5579 1673 5646 conﬁrmarunt,
1721 5580 1885 5651 eique
1921 5583 1995 5638 ob

2116 5585 2467 5655 ’Δγανακτῶν
2505 5586 2552 5639 δ’
2595 5589 2624 5641 6
2667 5589 2931 5655 νεώτερος
2974 5591 3063 5645 διὰ
3113 5596 3212 5666 τὴν
3260 5595 3574 5664 ἐλάττωσιν,
3623 5599 3688 5662 ὲς

1650 5719 1848 5782 Variae
1883 5719 2191 5786 lectiones
2226 5732 2287 5788 et
2316 5734 2509 5789 notae.

477 5842 598 5912 (32)
645 5845 700 5898 '0
720 5843 790 5898 δὲ
816 5842 927 5912 τῆς
967 5844 1266 5913 Αλῖύπτου
1293 5843 1549 5913 κρατῶν.
1606 5846 1743 5904 Vide
1773 5848 1997 5919 llenric,

2113 5854 2307 5915 lesium
2332 5856 2400 5911 ad
2428 5855 2655 5914 Diodori
2677 5856 2856 5916 Siculi
2889 5868 3169 5931 excerpta,
3204 5875 3265 5932 p.
3297 5860 3388 5915 50.
