4008 6250
284 331 398 396 790
568 384 573 389 .
1566 331 1880 395 ANNALli

2028 333 2157 394 LiB
2223 337 2331 397 IX.
3468 333 3591 396 τινα

284 448 347 500 ού
384 442 573 515 μέντοι
601 445 697 500 καὶ
730 444 1001 515 εἰσῆλθεν.
1032 444 1093 499 Οἱ
1129 444 1238 517 γὰρ
1265 443 1632 517 Καρχηδόνιοι
1697 441 1823 503 τούς
1891 458 1950 493 τε
1994 441 2352 515 βιαζομένους
2406 448 2671 504 εἰσελθεῖν
2726 447 3141 521 ἐξεκρούσαντο.
3202 447 3313 503 Καὶ
3362 447 3581 518 νύκτωρ

285 540 378 595 διὰ
413 540 526 595 τῶν
557 541 821 611 ἐρειπίων
850 540 1161 607 ἐξελθόντες
1201 539 1529 611 ἀνθρώπους
1562 557 1622 593 τε
1689 535 1919 608 συχνοὺς
1995 535 2248 593 ἔκτειναν
2318 543 2414 596 καὶ
2485 546 2856 616 μηχανήματα
2909 545 3140 599 πλεῖστα
3199 544 3588 614 κατέπρησαν.-

301 634 444 687 ’Δλλ’
475 633 597 687 οὐδὲ
628 633 721 685 ἐπὶ
753 632 892 686 πολὺ
924 631 1030 702 τῆς
1081 630 1266 703 χώρας
1298 631 1449 704 παρὰ
1478 629 1573 685 τοῦ
1621 625 1953 703 Ἀσδρούῦου
2018 631 2111 681 καὶ
2142 632 2256 685 τῶν
2320 635 2532 691 ἱππέων
2602 638 2794 691 είῶντο
2824 637 3241 700 σκεδεὶνειυσθιι,
3303 635 3429 690 οὔτε
3471 635 3595 706 μὴνι

282 730 684 791 δΜασινίσσας
717 727 902 791 αὐτοῖς,
956 725 1356 798 ἐπεκούρησεν.
1409 726 1486 780 Ού
1515 725 1623 796 γὰρ
1655 725 1712 777 ὲν
1776 721 1919 792 ἀρχῇ
1953 721 2049 775 τοῦ
2125 728 2363 802 πολέμου
2401 733 2833 805 προσεκέκλητο,
2878 733 2974 786 καὶ,
3017 738 3153 804 πρδς
3186 732 3280 785 τὸν
3320 728 3579 804 Ἀσδρού-

284 825 388 878 δαν
412 823 534 875 τότε
566 820 996 891 διαπολεμήσειν
1028 819 1390 891 ύποσχομένῳ
1411 819 1512 872 οὐκ
1538 812 1865 885 ἐπέτρεψαν.
2033 823 2044 837 ·
3279 805 3294 819 ⁸

355 917 484 975 ΚΖ’.
521 918 585 970 Ui
622 915 668 970 δ’
700 913 899 969 ὕπατοι
927 914 1016 969 διά
1069 930 1128 967 τε
1155 914 1225 968 τὰ
1262 913 1549 983 συμϐάντα
1587 910 1682 965 καὶ
1718 910 1799 962 ὅτι
1826 904 1880 959 τὲ

2066 905 2280 966 XXVII.
2309 910 2582 968 Consules
2619 910 2790 984 igitur
2814 920 3043 984 propter
3077 921 3312 969 eventus
3341 914 3483 977 illos,
3525 901 3587 970 ei

282 1009 549 1068 ναυτικὸν
581 1006 764 1060 αὐτῶν
791 1007 856 1058 ἐκ
888 1008 985 1076 τῆς
1044 1007 1103 1059 ἐν
1142 1007 1209 1076 τῇ
1246 1005 1414 1076 λίμνῃ
1448 1001 1733 1073 διατριϐῆς
1764 998 1882 1053 ἐνὸ-

285 1120 476 1176 σησεν,
504 1100 700 1153 ἔλυσαν
725 1099 826 1167 τὴν
850 1098 1200 1169 πολιορκίαν.
1229 1099 1339 1151 Καὶ
1365 1081 1616 1166 Μάρκιος
1641 1093 1739 1163 μὲν
1761 1093 1883 1145 ἑπι-

280 1194 552 1265 χειρήσας
584 1190 728 1245 κατὰ
759 1190 1037 1244 θάλασσάν
1069 1208 1123 1243 τι
1170 1188 1375 1262 πρᾶξαι
1407 1189 1440 1259 ἢ
1476 1187 1575 1258 τὴν
1605 1184 1881 1257 παραλίαν

284 1286 563 1348 κακῶσαι,
608 1285 685 1348 ὼς
727 1285 881 1338 οὐδὲν
915 1286 1103 1356 ἤνυεν,
1142 1284 1489 1338 ἀπέπλευσεν
1534 1279 1741 1345 οἴκαδε,
1787 1283 1881 1332 καὶ

282 1379 747 1450 ἀνθυποστρέψας
800 1379 1138 1450 Αἰγίμουρον
1197 1378 1552 1450 ἐχειρώσατο.
1617 1372 1880 1449 Μανίλιος

280 1475 340 1526 δὲ
372 1473 604 1544 ὥρμησε
652 1474 752 1543 μὲν
797 1477 876 1536 εἰς
930 1477 1027 1544 τὴν
1079 1473 1365 1544 μεσόγειον
1397 1489 1410 1503 ·
1464 1471 1805 1541 κακούμενος
1832 1463 1878 1522 δ’

283 1568 394 1621 ὑπὸ
430 1568 752 1636 Ἰμίλκωνος
780 1567 874 1621 τοῦ
906 1568 1017 1621 τῶν
1065 1567 1455 1641 Καρχηδονίων
1486 1567 1788 1636 ἱππάρχου,
1818 1563 1878 1619 ὃν

282 1659 384 1711 καὶ
406 1658 619 1711 Φαϐέαν
645 1657 757 1731 (55)
788 1657 1043 1722 ἐκάλουν,
1101 1658 1241 1730 πρὸς
1288 1657 1386 1729 τὴν
1415 1656 1746 1729 Καρχηδόνα
1779 1656 1879 1707 ὲπο

283 1752 610 1824 ανελήλυθε.
668 1754 849 1807 Κάκεῖ
874 1753 929 1805 δὲ
967 1752 1167 1817 ἔξωθεν
1196 1752 1224 1805 ὀ
1281 1751 1638 1824 Ἀσδρούϐας.
1667 1748 1877 1804 ἔνδοθεν

283 1848 331 1900 ὅθ
369 1847 681 1911 ἐπεξιόντες
720 1847 769 1900 οἱ
814 1848 871 1900 ὲν
911 1850 975 1917 τῇ
1013 1846 1188 1912 πόλει,
1220 1847 1313 1901 καὶ
1351 1846 1570 1917 νύκτωρ
1615 1846 1711 1899 καὶ
1754 1843 1877 1917 μεθ’

285 1941 506 2010 ἡμέραν
555 1940 720 1993 αὐτὸν
781 1940 1038 1995 ἐκάκουν.
1102 1942 1639 2011 Καταφρονήσαντες
1687 1934 1781 1994 οὖν
1825 1939 1872 1993 οἱ

284 2032 654 2102 Καρχηδόνιοι
686 2032 781 2085 καὶ
822 2034 982 2104 μέχρι
1010 2033 1105 2087 τοῦ
1142 2033 1511 2105 στρατοπέδου
1562 2033 1742 2088 αἰητῶν
1776 2034 1875 2085 ἐπ-

283 2124 474 2195 ῆλθον,
537 2128 633 2181 καὶ
680 2127 908 2196 συχνοὺς
964 2126 1335 2192 ἀποϐαλόντες
1393 2127 1607 2188 (ἄοπλοι
1651 2126 1763 2197 γὰρ
1822 2127 1871 2180 oi

286 2220 510 2283 πλείους
542 2216 708 2290 ἦσαν)
745 2221 823 2284 είς
863 2222 925 2273 τὸ
960 2223 1142 2290 τεῖχος
1182 2216 1342 2284 αὖθις
1384 2221 1868 2289 συνεκλείσθησαν.
1911 2262 1952 2316 Β

289 2308 360 2359 Ὀ
392 2307 447 2360 δὲ
502 2308 761 2373 Μανίλιος
814 2309 893 2381 τῷ
965 2310 1267 2382 Ἀσδρούϐα
1318 2312 1589 2381 συμμίξαι
1642 2313 1879 2380 μάλιστα

286 2397 486 2462 εἵλετο,
547 2401 642 2454 καὶ
688 2402 737 2454 εί
789 2403 997 2455 ἐκεῖνον
1052 2403 1266 2473 νικήσει
1334 2404 1465 2475 ῥᾷον
1502 2407 1619 2467 τοῖς
1671 2404 1882 2466 λοιπαῖς

288 2488 779 2558 προσπολεμήσειν
812 2491 1053 2559 ἐνόμιζε,
1109 2494 1205 2547 καί
1262 2493 1312 2547 οἱ
1372 2494 1697 2564 προσέμιξε.
1737 2494 1883 2564 Πρδς

285 2580 344 2633 δέ
379 2598 430 2634 τι
465 2582 728 2653 φρούριον
763 2585 1144 2656 ἀναχωροῦντι
1185 2586 1657 2657 ἐπακολουθήσας,
1693 2587 1883 2641 ἔλαθεν

288 2672 424 2726 size)
455 2673 641 2744 χώρας
670 2676 928 2746 τραχείας
962 2678 1058 2731 καὶ
1082 2680 1413 2749 στενοπόρου
1440 2681 1751 2750 γενόμενος,
1786 2679 1881 2735 καὶ

246 2796 257 2811 κ
289 2766 483 2830 δεινῶς
520 2768 796 2839 ἐκακώθη.
842 2772 953 2824 Καὶ
996 2773 1228 2826 πανσυδὶ
1270 2772 1337 2828 ἂν
1389 2774 1679 2844 διεφθάρη,
1718 2775 1766 2827 εἰ
1804 2775 1880 2845 μὴ

292 2858 542 2914 Σκιπίων
570 2864 597 2915 ὁ
625 2862 719 2915 τοῦ
765 2864 1099 2936 Ἃφρικανοῦ
1135 2867 1557 2937 χρησιμώτατος
1585 2868 1735 2938 αὐτῷ
1762 2868 1881 2937 ἐγέ-

291 2970 437 3019 νετο,
472 2955 611 3024 ἀνὴρ
644 2955 861 3025 ἄριστος
898 2958 998 3027 μὲν
1027 2959 1220 3029 νοῆσαι
1249 2961 1345 3013 καὶ
1378 2960 1780 3031 προϐουλεῦσαι
1813 2963 1881 3016 τὰ

292 3047 588 3115 κράτιστα,
614 3048 837 3115 ἄριστος
857 3050 913 3103 δὲ
949 3052 1344 3122 χειρουργῆσαι
1374 3053 1488 3123 (καὶ
1522 3054 1629 3124 γὰρ
1665 3054 1741 3124 τῷ
1772 3054 1875 3109 σώο

295 3155 430 3205 ιιατι
454 3137 708 3211 ἔρρωτο),
743 3142 995 3213 ἐπιεικής
1027 3160 1083 3195 τε
1120 3144 1216 3197 καὶ
1246 3144 1475 3216 μέτριος
1504 3142 1591 3217 ἦν,
1624 3148 1691 3201 δι’
1722 3148 1758 3204 ἃ
1788 3152 1883 3205 καὶ

292 3231 386 3283 τὸν
412 3231 606 3300 φθόνον
636 3234 922 3303 ἐξέφυγεν.
962 3238 1104 3301 "lae;
1148 3238 1248 3307 μὲν
1270 3238 1381 3309 γάρ
1404 3242 1517 3303 τοῖς
1555 3241 1882 3297 ὑποδεεστέ-

293 3341 434 3393 ροις,
470 3325 569 3379 ούκ
599 3327 839 3397 ἀμείνων
862 3329 918 3382 δέ
946 3330 1054 3383 τῶν
1088 3333 1367 3404 ὁμοτίμων
1392 3333 1718 3407 (ἐχιλιάρχει
1751 3336 1881 3412 γάρ)

290 3415 679 3488 ἀσθενέστερος
708 3418 764 3472 δὲ
812 3420 921 3474 τῶν
974 3422 1238 3489 μειζόνων
1287 3422 1442 3493 ἠξίου
1496 3423 1656 3480 εἶναι.
1701 3428 1759 3483 ’0
1789 3425 1884 3484 οὖν

292 3509 559 3572 Μανίλιος
622 3514 714 3565 καὶ
763 3507 885 3566 εἷπε
941 3515 1008 3569 τὰ
1069 3518 1199 3586 περὶ
1247 3518 1437 3583 αὑτοῦ,
1470 3521 1565 3574 καὶ
1601 3521 1881 3576 ἐπέστειλε

1989 1000 2226 1057 classem
2271 1018 2335 1058 ex
2380 1004 2620 1060 statione
2659 1007 2712 1060 in
2752 1005 3047 1076 paludibus
3083 1005 3280 1069 morbo
3315 1005 3581 1060 laboran-

1989 1104 2121 1159 tem,
2162 1096 2512 1153 obsidionem
2550 1099 2858 1154 solverunt.
2916 1100 2993 1154 Ac
3019 1098 3248 1154 Martius
3281 1098 3420 1153 mari
3473 1098 3576 1152 alio

1986 1188 2121 1259 quid
2186 1190 2401 1246 efﬁcere
2452 1207 2784 1264 aggressus,
2860 1201 2955 1246 aut
3010 1208 3163 1248 oram
3229 1192 3565 1248 maritimam

1986 1296 2205 1347 vexare,
2255 1297 2382 1337 cum
2429 1297 2517 1337 res
2548 1299 2655 1338 non
2689 1283 3051 1348 succederet,
3101 1283 3326 1338 domum
3379 1297 3579 1339 versus

1984 1373 2143 1441 abiit,
2180 1389 2463 1445 cursuque
2488 1390 2759 1432 converso
2788 1376 3138 1447 IEgimurum
3178 1374 3419 1447 subegit.
3467 1375 3579 1429 Ma-

1983 1468 2154 1524 nilius
2190 1469 2244 1523 iu
2273 1469 2678 1525 mediterranea
2715 1470 3021 1541 profectus,
3055 1484 3179 1525 cum
3210 1469 3280 1525 ab
3315 1468 3579 1523 Himilco-

1983 1574 2074 1624 ne,
2112 1558 2216 1630 qui
2264 1559 2432 1615 etiam
2471 1559 2681 1615 Fabeas
2736 1558 3050 1627 dicebatur,
3095 1558 3575 1629 Carthaginiensis

1983 1652 2270 1722 equitatus
2302 1653 2564 1723 praefecto
2602 1653 3007 1720 lacesseretur,
3056 1650 3449 1721 Carthaginem
3489 1666 3578 1706 re-

1983 1745 2106 1801 diit.
2162 1746 2268 1802 Sed
2315 1746 2392 1802 ibi
2444 1762 2668 1818 quoque
2713 1747 2849 1803 foris
2905 1746 2975 1802 ab
3027 1745 3379 1807 Asdrubale,
3429 1744 3579 1799 intus

1982 1839 2281 1910 eruptione
2331 1841 2538 1897 civium
2594 1849 2764 1897 noctu
2809 1850 2865 1897 et
2921 1840 3167 1897 interdiu
3217 1839 3573 1910 fatigabatur.

1982 1932 2172 2003 itaque
2198 1932 2687 2004 Carthaginienses
2720 1948 2822 2006 per
2859 1944 3240 2005 contemptum
3287 1947 3463 2002 usque
3505 1933 3572 1988 ad

1982 2038 2162 2086 castra
2196 2040 2629 2101 processerunt,
2663 2048 2728 2087 ac
2758 2031 2948 2086 multis
2984 2031 3203 2087 amissis
3229 2030 3378 2102 (nam
3406 2028 3577 2100 pleri-

1981 2139 2090 2194 que
2138 2123 2383 2178 inermes
2422 2125 2607 2195 erant)
2647 2141 2844 2182 rursus
2874 2126 2927 2180 in
2952 2125 3153 2180 nitentia
3185 2133 3317 2179 sunt
3347 2121 3576 2177 conclu-
3660 2120 3668 2128 ’

1981 2216 2047 2271 si.
2082 2215 2342 2271 Manilius
2362 2232 2497 2271 vero
2533 2218 2575 2272 si
2607 2217 2974 2274 Asdrubalem
3008 2216 3255 2278 vicisset.
3289 2225 3491 2272 caetera
3516 2213 3570 2269 in

1986 2310 2219 2382 proclivi
2272 2311 2392 2366 fore
2433 2320 2606 2377 ratus,
2655 2312 2711 2366 in
2769 2312 2963 2381 primis
3001 2327 3227 2383 operam
3279 2309 3457 2375 dedit,
3514 2316 3579 2365 ut

1984 2421 2110 2461 cum
2154 2421 2223 2461 eo
2265 2405 2721 2478 congrederetur,
2760 2406 3014 2477 factaque
3053 2405 3332 2477 pugnandi
3374 2404 3572 2476 copia.

1986 2497 2335 2555 recedentem
2373 2500 2428 2554 in
2467 2499 2752 2554 castellum
2799 2497 3078 2569 quoddam
3135 2505 3532 2567 persecuturus
3556 2538 3570 2562 ,

1985 2605 2087 2661 per
2124 2590 2553 2662 imprudentiam
2604 2592 2656 2646 in
2690 2591 2871 2645 locum
2900 2604 3158 2661 asperum
3185 2595 3241 2642 et
3274 2595 3577 2657 angustum

1986 2683 2279 2751 delapsus,
2315 2683 2563 2754 graviter
2603 2682 2873 2753 impegit:
2912 2697 2977 2736 ac
3012 2698 3137 2737 eum
3174 2688 3291 2736 toto
3321 2677 3579 2733 exercitu

1986 2773 2261 2844 periisset,
2294 2775 2348 2828 ni
2381 2774 2567 2844 Scipio
2595 2772 2837 2829 Africani
2871 2773 3017 2828 filius
3043 2781 3323 2827 strenuam
3346 2782 3581 2839 operam

1987 2864 2037 2920 ei
2062 2875 2338 2931 nat-asset,
2361 2866 2447 2920 vir
2476 2866 2764 2936 prmsentis
2784 2866 2974 2933 animi,
2998 2865 3303 2936 optimique
3325 2860 3569 2925 consilii,

1986 2969 2043 3014 et
2080 2975 2247 3015 manu
2292 2960 2742 3029 promptissimus
2774 2965 2918 3031 (erat
2948 2959 3095 3014 enim
3135 2957 3367 3012 robusto
3397 2955 3581 3011 etiam-

1986 3050 2268 3124 corpore),
2300 3053 2563 3123 aequitate
2595 3059 2779 3107 autem
2817 3049 3203 3120 modestiaque
3234 3062 3452 3103 morum
3480 3046 3568 3100 in-

1986 3145 2192 3201 vidiam
2232 3144 2447 3217 effugit.
2482 3145 2619 3201 Nam
2663 3160 2790 3199 cum
2824 3144 3085 3199 tribunus
3118 3141 3353 3198 militum
3396 3146 3565 3203 esset,

1988 3235 2350 3293 inferioribus
2397 3252 2519 3308 par,
2569 3235 2802 3307 paribus
2844 3249 2955 3290 non
3001 3233 3221 3299 melior,
3266 3229 3572 3304 majoribus

1987 3332 2263 3387 infirmior
2291 3346 2413 3388 esse
2452 3330 2693 3386 volebat.
2729 3329 2987 3385 Manilius
3024 3329 3192 3399 igitur
3218 3327 3288 3384 de
3309 3341 3377 3383 eo
3406 3336 3463 3382 et
3484 3326 3569 3380 lo-

1987 3436 2150 3482 cutus
2181 3437 2284 3489 est,
2316 3435 2373 3480 et
2418 3427 2645 3483 Ruinam
2681 3424 2926 3494 scripsit,
2977 3424 3124 3479 nulla
3159 3437 3219 3479 re
3252 3421 3570 3479 dissimula-

1990 3526 2043 3574 ta
2067 3539 2079 3574 :
2112 3528 2280 3590 atque
2310 3519 2456 3573 inter
2474 3528 2670 3574 caetera
2697 3518 2768 3573 de
2811 3516 3097 3573 Masinissa
3121 3531 3365 3588 quoque,
3389 3525 3442 3570 et
3467 3514 3570 3570 Fa-

291 3603 407 3662 τοῖς
441 3600 502 3652 ὲν
531 3604 597 3671 τῇ
630 3602 843 3675 Ῥώμῃ,
884 3607 958 3675 μή
986 3621 1040 3658 τι
1072 3607 1554 3678 ἀποκρυψάμενος,
1590 3611 1682 3665 καὶ
1712 3612 1880 3666 τᾶλλα

1986 3609 2109 3675 bea,
2150 3625 2272 3678 qua:
2320 3608 2393 3662 ita
2448 3623 2509 3664 se
2548 3607 2849 3663 habebant.
2891 3606 3204 3662 Massinissa
3236 3606 3568 3666 moriturus.

290 3691 390 3743 καὶ
420 3694 489 3743 τέι
538 3693 680 3746 κατὰ
711 3696 1056 3749 Μασινίσσαν
1099 3699 1194 3750 καὶ
1229 3699 1322 3753 τδν
1367 3699 1605 3767 Φαϐέαν,
1649 3704 1684 3756 ἂ
1721 3704 1881 3776 ἔσχον

291 3781 492 3847 οὕτως.
526 3786 788 3855 θνήσκων
855 3790 883 3842 ὁ
928 3789 1274 3856 Μασινίσσας
1320 3793 1514 3864 ἠπόρει
1557 3796 1704 3859 ὅπως
1752 3798 1880 3872 περὶ

293 3876 394 3944 τῆς
429 3876 709 3947 βασιλείας
757 3880 1036 3950 διάθηται,
1083 3884 1171 3937 διὰ
1222 3885 1282 3938 τὸ
1331 3885 1443 3939 τῶν
1491 3888 1651 3942 υίέων
1677 3890 1882 3960 πλῆθος

294 3974 392 4025 καὶ
420 3974 479 4026 τδ
525 3975 779 4043 διάφορον
812 3976 905 4031 τοῦ
940 3980 1080 4034 κατὰ
1110 3980 1209 4044 τὰς
1256 3981 1502 4054 μητέρας
1544 3984 1734 4053 γένους
1780 3988 1879 4041 αύ-

293 4070 426 4124 τῶν.
478 4071 570 4123 Διὸ
613 4072 748 4140 πρὸς
792 4072 1124 4142 συμϐουλίαν
1164 4076 1252 4128 τὸν
1285 4077 1563 4131 Σκιπίωνα
1604 4080 1881 4151 μετεπέμ-

294 4161 458 4228 ψατο,
494 4161 555 4214 ὃν
613 4163 641 4214 ὀ
694 4160 899 4227 ὕπατος
946 4164 1201 4220 ἔστειλεν.
1283 4166 1427 4222 Ἀλλ’
1461 4171 1489 4222 ὁ
1537 4172 1882 4235 Μασινίσσκς

295 4256 431 4325 πρὶν
476 4255 649 4308 ἐλθεῖν
679 4256 772 4311 τὸν
807 4258 1087 4312 Σκιπίωνα
1110 4259 1403 4326 ἐκλείπων,
1433 4262 1525 4317 τὸν
1553 4264 1650 4333 μὲν
1679 4264 1881 4318 δακτύ-

292 4352 409 4405 λιον
437 4351 516 4419 τῷ
548 4351 767 4424 Μικίψα
795 4352 872 4421 τῷ
904 4354 1004 4425 υἱῷ
1029 4353 1220 4420 ἔδωκε,
1254 4357 1321 4409 τὰ
1350 4358 1394 4410 δ’
1438 4357 1575 4412 ἄλλα
1609 4360 1786 4414 πάντα
1814 4359 1882 4413 τὰ

292 4447 362 4515 τῇ
388 4446 530 4515 ἀρχῇ
562 4447 908 4517 προσήκοντα
940 4445 1017 4518 τῷ
1048 4447 1316 4501 Σκιπίωνι
1342 4448 1471 4518 ἄρτι
1500 4448 1708 4504 ἐλθόντι
1734 4468 1881 4521 παρ-

294 4537 456 4608 ἑσχεν
487 4538 580 4589 καὶ
609 4537 934 4592 ἐνετείλατο.
968 4538 1027 4591 '0
1090 4535 1183 4592 οὖν
1220 4540 1485 4607 Σκιπίων,
1535 4544 1881 4614 κατανοήσας

294 4629 392 4688 τὰς
430 4629 782 4699 προαιρέσεις
809 4630 918 4683 τῶν
952 4631 1114 4684 υἱέων
1134 4632 1323 4694 αὐτοῦ,
1358 4633 1534 4687 οὐδενὶ
1569 4633 1669 4705 μέν
1699 4636 1880 4691 αὐτῶν

300 4722 451 4791 μόνῳ
478 4723 577 4791 τὴν
610 4721 891 4791 βασιλείαν
922 4724 1186 4796 ἀπένειμε
1205 4744 1218 4757 ·
1244 4727 1413 4796 τριῶν
1440 4726 1497 4780 δέ
1528 4727 1637 4781 τῶν
1668 4728 1879 4795 ἐλλογι-

302 4816 573 4885 μωτάτων
612 4815 804 4880 ὄντων,
839 4816 1216 4887 πρεσϐυτάτου
1255 4819 1354 4889 μὲν
1390 4820 1653 4890 Μικίψου,
1683 4822 1882 4877 νεωτά-

294 4924 390 4959 του
422 4906 779 4975 Γουλούσσου,
810 4907 976 4978 μέσου
1002 4909 1057 4963 δὲ
1093 4911 1462 4967 Μαστανάόου
1495 4912 1633 4986 (54),
1670 4902 1881 4980 τούτοις

295 5001 368 5054 τά
401 5001 726 5070 πράγματα,
783 5003 1187 5073 μεμερισμένος
1214 5004 1421 5074 μέντοι,
1446 5007 1753 5077 κατένειμε.
1788 5009 1833 5062 Τ
1835 5009 1881 5081 ᾧ

302 5094 403 5163 μὲν
433 5093 544 5164 γὰρ
574 5095 940 5166 πρεσϐυτάτῳ
973 5098 1321 5167 χρηματιστῇ
1354 5114 1414 5150 τε
1445 5097 1559 5151 ὄντι
1599 5100 1694 5153 καὶ
1728 5099 1882 5168 φιλο-

300 5184 523 5257 πλούτῳ
552 5185 650 5247 τὴν
684 5186 955 5257 διοίκησιν
999 5187 1300 5257 ἐνεχείρισε
1328 5204 1342 5218 ’
1370 5188 1450 5258 τῷ
1479 5189 1536 5241 δὲ
1572 5190 1691 5259 μετ’
1721 5191 1883 5245 αὑτὸν

297 5278 401 5339 τὰς
426 5279 693 5348 διαφορὰς
716 5281 927 5351 κρίνειν
953 5278 1247 5352 ἐπέτρεψε,
1276 5279 1505 5352 δικαστῇ
1540 5281 1652 5335 ὄντι
1683 5295 1698 5310 ·
1725 5282 1802 5353 τῷ
1829 5282 1885 5338 δὲ

220 5368 231 5371 ’
299 5371 615 5443 Γουλούσσᾳ
652 5372 934 5443 πολεμικῷ
964 5373 1289 5443 τυγχάνοντι
1321 5375 1420 5438 τὰς
1444 5375 1698 5447 δυνάμεις
1735 5396 1880 5448 παρ-

299 5465 492 5519 έδωκε.
526 5466 652 5531 Τοῖς
696 5466 741 5519 δ’
772 5466 1023 5536 ἀδελφοῖς
1067 5467 1246 5521 αὐτῶν
1297 5470 1509 5534 πολλοῖς
1550 5470 1669 5526 οὖσι
1699 5472 1884 5535 πόλεις

1984 3699 2117 3770 quid
2153 3699 2221 3753 de
2253 3715 2421 3770 regno
2455 3705 2748 3763 statueret,
2791 3696 2863 3753 ob
2900 3697 3064 3770 465
3106 3698 3349 3753 filiorum
3386 3697 3572 3752 multi-

1988 3790 2233 3845 tudinem
2285 3807 2352 3846 cx
2407 3790 2643 3846 diversae
2690 3789 3027 3846 conditionis
3061 3790 3388 3845 mulieribus
3443 3803 3570 3846 sus-

1986 3891 2278 3955 ceptorum
2345 3882 2643 3949 dubitans,
2690 3881 3003 3954 Scipionem
3046 3882 3266 3938 consilii
3313 3880 3570 3951 capiendi

1985 3976 2495 4049 causa,accersivit.
2540 3975 2713 4042 Quem
2768 3991 2895 4032 cum
2952 3975 3193 4031 misisset
3241 3975 3571 4041 cos.,Masi-

1984 4072 2137 4126 nissa
2178 4077 2306 4124 ante
2354 4069 2650 4125 adventum
2695 4071 2817 4140 ejus
2873 4067 3279 4134 moribundus,
3330 4068 3571 4139 Micipsae

1985 4163 2101 4219 filio
2128 4161 2393 4217 annulum
2417 4159 2648 4216 dederat
2676 4178 2690 4216 :
2727 4168 2927 4216 caetera
2961 4175 3091 4216 vero
3119 4161 3302 4216 omnia
3336 4176 3460 4231 quas
3501 4159 3569 4216 ad

1987 4272 2216 4327 regnum
2276 4253 2650 4325 pertinebant,
2700 4252 2970 4324 Scipioni,
3011 4269 3136 4309 cum
3181 4254 3419 4325 primum
3477 4269 3576 4309 ve.

1985 4350 2183 4413 uisset,
2234 4344 2662 4401 commendavit.
2719 4345 2770 4399 ls
2812 4359 2945 4399 vero
2980 4344 3388 4401 animadversis
3428 4345 3575 4400 ﬁlio~

1987 4458 2109 4497 rum
2139 4442 2261 4511 ejus
2286 4439 2542 4510 ingeniis,
2573 4438 2711 4493 nulli
2757 4438 2852 4492 uni
2879 4453 3106 4509 regnum
3137 4437 3395 4493 attribuit
3426 4456 3441 4494 :
3475 4440 3573 4495 sed

1984 4550 2110 4591 cum
2158 4543 2271 4588 tres
2313 4547 2382 4586 ex
2428 4531 2495 4585 iis
2551 4530 2814 4601 praecipui
2858 4540 3048 4585 essent
3077 4568 3092 4591 ,
3138 4528 3365 4600 Micipsa
3439 4540 3573 4586 natu

1987 4628 2284 4691 maximus,
2318 4624 2554 4680 Gulussa
2591 4622 2875 4685 minimus.
2913 4621 3130 4678 medius
3176 4622 3570 4680 Mastanavus:

1987 4723 2132 4777 inter
2161 4735 2256 4775 eos
2290 4732 2474 4773 rerum
2515 4714 3058 4772 administrationem
3088 4715 3359 4771 trifariam
3394 4717 3569 4788 parti-

1987 4826 2096 4877 tus,
2148 4823 2278 4868 natu
2307 4810 2548 4866 maximo
2586 4823 2755 4863 avaro
2786 4814 2843 4862 et
2866 4808 3119 4878 pecunia:
3154 4810 3362 4865 amanti
3394 4811 3569 4865 vecti-

1985 4905 2189 4978 galium
2227 4901 2555 4958 tractatione
2591 4898 2853 4955 mandata
2909 4918 2923 4951 :
2971 4901 3228 4970 proximo
3269 4908 3390 4970 post
3439 4916 3577 4955 cuna

1988 4998 2333 5071 disceptandi
2374 4994 2786 5052 controversias
2824 5008 3055 5048 munere
3094 4996 3407 5063 assignato,
3456 4994 3574 5051 Gu-

1956 5097 2147 5151 lussa:
2180 5089 2394 5147 homini
2428 5086 2696 5143 bellicoso
2726 5085 3009 5141 exercitus
3032 5084 3279 5138 tradidit.
3319 5085 3570 5154 Reliquis

1981 5184 2282 5249 fratribus,
2337 5180 2431 5251 qui
2498 5178 2659 5233 multi
2689 5187 2893 5243 erant,
2955 5174 3123 5230 urbes
3174 5175 3441 5244 quasdam
3511 5185 3568 5232 et

1983 5279 2183 5351 prmiiia
2229 5273 2439 5338 divisit,
2479 5270 2772 5328 Gulussam
2816 5282 2950 5323 vero
2988 5268 3053 5321 ad
3106 5267 3390 5337 consulem
3440 5283 3569 5338 per~

1982 5373 2157 5428 duxit.
2189 5370 2304 5426 Sub
2329 5366 2479 5422 veris
2509 5364 2728 5419 initium
2757 5359 3297 5430 Carthaginiensium
3330 5360 3539 5415 foedera

1984 5478 2070 5523 tos
2116 5463 2383 5537 aggressi,
2430 5460 2633 5515 multos
2677 5456 2754 5519 vi,
2801 5455 3008 5510 multos
3051 5453 3327 5523 pactione,
3378 5454 3567 5525 Scipio

1520 5591 1722 5653 Varite
1762 5590 2070 5653 lectiones
2094 5591 2154 5645 et
2189 5593 2377 5647 notat.

374 5689 491 5764 (εει
523 5689 778 5744 Φαϐἐαν.
805 5690 1056 5764 φαμὲαν,
1088 5706 1217 5748 mss.
1259 5694 1390 5764 Reg.
1425 5702 1484 5748 et
1523 5692 1765 5749 Culbert.

378 5760 491 5833 (Si)
527 5760 951 5833 Μαστανάὸου.
1000 5761 1078 5817 ita
1133 5760 1481 5833 reposuimus
1532 5780 1599 5819 ex
1644 5764 1778 5831 Reg.
1817 5774 1875 5819 et

303 5832 546 5890 Celbert.
576 5832 861 5904 quomodo
892 5832 1207 5903 appellatur
1223 5833 1292 5890 ab
1342 5834 1589 5903 Appiano
1642 5835 1873 5891 Wolfius

1984 5688 2381 5758 Μαστανάμου
2432 5682 2697 5758 ediderat
2737 5696 2754 5758 :_
2800 5678 3005 5758 quem?
3035 5692 3281 5758 errorem
3343 5676 3563 5734 viderat

1983 5748 2269 5817 Henricus
2289 5754 2541 5812 Valesius
2567 5751 2633 5806 ad
2662 5748 2874 5815 Polybii
2911 5748 3204 5821 Excerpta.
