4008 6250
444 284 547 350 791

1753 283 2025 345 JOANNI

2133 284 2442 346 ιΟΝΑΒΛι
3605 291 3712 350 79?.

451 400 783 471 praesertim,
824 398 1186 468 subegerunt.
1219 396 1286 453 Ut
1313 411 1445 451 vero
1485 394 1694 451 Fabcas
1723 391 2025 464 desperatis

2133 393 2284 453 τινὰς
2314 395 2411 448 καὶ
2430 393 2616 466 χώρας
2646 392 2854 465 ἔνειμε.
2891 397 3004 450 Καὶ
3033 395 3125 451 τὶν
3155 396 3497 452 Γουλούσσαν
3530 416 3605 453 πα
3617 418 3711 470 pa.

439 491 980 563 Carthaginiensium
1013 488 1178 544 rebus
1244 487 1313 542 ad
1371 487 1650 542 Romanos
1700 483 2014 548 inclinans,

438 603 563 642 eum
594 586 861 654 Scipione
880 582 1188 637 collocutus
1210 589 1296 636 est
1331 595 1350 634 :
1381 589 1495 634 tum
1525 592 1657 632 vero
1700 591 1894 632 omnes
1929 591 2019 630 ar-

440 679 546 732 mis
576 679 630 730 in
655 675 1024 730 Asdrubalem
1056 673 1365 736 conversis,
1399 686 1523 728 eum
1555 685 1656 742 per
1687 669 1808 724 dies
1830 669 2020 740 plures

436 764 721 820 castellum
764 771 1192 834 oppugnassent,
1220 771 1528 816 commeatu
1565 759 1816 817 destituti
1839 801 1853 822 ,
1883 758 2024 814 citra

436 859 677 912 dedecus
694 866 1065 911 recesserunt.
1088 857 1224 910 Nam
1245 856 1480 910 durante
1500 855 1682 910 adhuc
1705 853 2021 916 obsidione,

439 950 648 1004 Fabeas
668 951 925 1004 hostilem
951 949 1003 1003 iu
1033 949 1258 1003 modum
1281 965 1377 1003 eos
1397 963 1685 1020 aggressus
1711 948 1765 1001 in
1790 947 1905 1016 ipsa
1926 959 2027 1015 pu—

437 1057 542 1112 gna
565 1057 688 1096 eum
712 1043 922 1112 aliquot
948 1043 1230 1112 equitibus
1251 1042 1316 1096 ad
1338 1042 1614 1096 Romanos
1634 1039 1872 1094 transiit.
1893 1038 2026 1093 Inde

440 1134 700 1188 Manilius
745 1133 958 1189 Uticam
991 1135 1275 1204 profectus
1316 1134 1548 1204 quievit.
1606 1132 1792 1201 Scipio
1828 1130 2026 1185 ‘Fabea

438 1226 667 1282 Romam
701 1227 966 1297 perducto
1009 1229 1266 1284 laudatus
1289 1237 1372 1284 est
1399 1244 1417 1282 :
1455 1237 1510 1282 et
1539 1227 1585 1283 is
1623 1227 1799 1280 honos
1831 1224 2028 1280 Fabea:

440 1319 680 1385 habitus,
704 1329 762 1374 ut
788 1321 841 1375 in
875 1335 1195 1375 consessum
1221 1335 1248 1372 a
1271 1329 1463 1374 senatu
1493 1317 1855 1386 reciperetur.

2128 481 2313 537 λαϐὼν
2354 484 2495 554 πρὸς
2537 486 2630 540 τὸν
2653 482 2860 539 ὕπατον
2883 487 3113 560 {Wa-(sv.
3161 488 3500 561 ’Δρχομένου
3527 490 3586 545 δέ
3619 493 3714 548 τοῦ

2129 574 2290 649 ἔαρος
2327 579 2422 632 ἐπὶ
2441 579 2568 643 τοὺς
2596 580 2706 634 τῶν
2742 582 3130 653 Καρχηδονίων
3159 600 3487 661 συμμαχους
3522 590 3717 662 ἐστρά-

2128 667 2349 734 τευσαν,
2406 671 2501 724 καὶ
2562 669 2794 736 πολλοὺς
2831 672 2931 741 μὲν
2977 676 3158 730 αὐτῶν
3207 677 3319 750 βίᾳ,
3378 680 3613 745 πολλοὺς
3655 683 3716 738 δὲ

2126 758 2411 829 ὁμολογίᾳ,
2454 760 2549 815 καὶ
2602 761 2840 832 μάλιστα
2878 767 2906 819 ὁ
2946 766 3211 834 Σκιπίων,
3265 775 3713 846 παρεστήσαντο.

2139 851 2232 915 Ὠς
2263 851 2320 906 δὲ
2354 853 2566 918 Φαϐέας
2598 857 2870 924 ἀπογνοὺς
2899 859 2967 912 τὰ
3009 860 3119 913 τῶν
3148 863 3541 934 Καρχηδονίων
3580 869 3716 938 πρδς

2129 945 2257 1006 τοὺς
2297 945 2606 1015 Ῥωμαίους
2652 948 2938 1016 ἀπέκλινε,
2983 954 3078 1007 καὶ
3122 955 3201 1019 είς
3236 955 3426 1022 λόγους
3462 958 3539 1028 τῷ
3586 959 3719 1012 Σκι-

2132 1038 2296 1092 πίωνι
2330 1034 2458 1110 ἦ).οε
2491 1058 2506 1073 ο
2538 1040 2660 1095 τότε
2691 1043 2785 1096 καὶ
2830 1045 2923 1097 ἐπὶ
2968 1047 3060 1098 τὸν
3113 1047 3449 1119 Ἀσδρούϐαν
3479 1052 3718 1116 ἅπαντες

2133 1128 2424 1200 ὥρμησαν,
2462 1134 2556 1186 καὶ
2587 1136 2930 1205 προσέμιξαν
2967 1139 3067 1208 μὲν
3099 1140 3176 1210 τῷ
3205 1144 3452 1215 φρουρίῳ
3497 1148 3720 1214 συχναῖς

2133 1221 2371 1291 ἡμέραις
2403 1240 2416 1255 ⁸
2461 1226 2829 1283 ἐπιλιπόντων
2871 1230 2926 1283 δὲ
2978 1231 3176 1296 αὐτοὺς
3207 1235 3366 1300 αὖθις
3413 1237 3520 1290 τῶν
3551 1239 3720 1305 ἀναγ-

2135 1315 2306 1368 καίων
2331 1317 2686 1389 ἀνεχώρησαν
2710 1322 3024 1392 εὐπρεπῶς.
3059 1327 3374 1397 Προσέϐαλε
3400 1332 3511 1401 γὰρ
3537 1333 3720 1396 αὐτοῖς

439 1416 466 1460 ὁ
495 1413 706 1479 Φαϐέας
738 1413 1197 1486 προσεδρεύουσιν
1231 1413 1311 1466 ἔτι
1355 1413 1431 1477 ὡς
1479 1411 1834 1479 πολεμήσων,
1883 1408 1979 1463 καὶ
2043 1407 2072 1458 ὲ
2140 1406 2220 1477 τῷ
2253 1409 2400 1482 ἔργῳ
2424 1414 2542 1483 μεθ’
2572 1416 2785 1469 ίππέων
2817 1417 2982 1471 τινῶν
3007 1419 3371 1491 ηὐτομόλησε.
3407 1424 3722 1477 Κάντεῦθεν

440 1506 708 1570 Μανίλιος
754 1508 852 1576 μὲν
883 1508 964 1569 είς
993 1509 1092 1577 τὴν
1133 1506 1372 1576 Οὐτικὴν
1405 1505 1576 1560 ἐλθὼν
1603 1502 1866 1577 ἡσύχαζε,
1907 1501 2153 1555 Σκιπίων
2189 1500 2246 1554 δὲ
2282 1504 2374 1556 τὸν
2437 1505 2652 1560 Φαϐέαν
2715 1509 2795 1572 είς
2843 1511 2943 1580 τὴν
3001 1510 3222 1584 Ῥώμην
3271 1516 3518 1587 ἀνήγαγε
3545 1557 3560 1578 .
3627 1517 3721 1573 καὶ

440 1599 606 1662 αὐτός
639 1617 697 1652 τε
731 1601 988 1671 ἐπῃνεῖτο
1018 1600 1115 1653 καὶ
1148 1602 1176 1654 ό
1205 1601 1419 1664 Φαϐέας
1438 1602 1720 1672 τετίμητο,
1765 1597 1908 1652 ὥστε
1945 1596 2036 1650 καὶ
2069 1595 2126 1647 ὲν
2152 1594 2231 1668 τῷ
2262 1595 2633 1673 βουλευτηρίῳ
2672 1603 3050 1675 συγκαθῆσῦαι
3077 1611 3144 1680 τῇ
3180 1611 3462 1682 γερουσίᾳ.

509 1695 748 1751 XXVIII.
791 1696 928 1750 Tum
969 1695 1190 1751 Prusias
1217 1736 1231 1759 ,
1283 1696 1449 1750 homo
1498 1711 1667 1751 senex
1715 1702 1773 1748 et
1816 1691 2028 1763 aSperis

441 1789 709 1854 moribus,
761 1790 972 1843 veritus
1023 1807 1091 1844 ne
1123 1789 1342 1860 Bithyni
1379 1804 1438 1844 se
1461 1789 1639 1860 ejeeto
1670 1786 2022 1844 Nicomedem

445 1886 613 1940 lilium
650 1899 830 1954 regem
867 1891 1121 1938 crearent
1146 1921 1162 1946 ,
1199 1899 1324 1938 eum
1350 1898 1449 1954 per
1477 1897 1699 1938 causam
1731 1881 2025 1952 quamdam

441 1979 670 2033 Romam
703 1977 956 2041 missum,
999 1975 1074 2030 ibi
1112 1975 1315 2047 degere
1343 1975 1532 2047 jussit.
1561 1973 1667 2030 Sed
1699 1989 1824 2030 cum
1859 1972 2025 2028 etiam

443 2070 627 2132 Rome
649 2077 900 2140 agentem
931 2083 1029 2138 per
1057 2067 1288 2123 insidias
1307 2067 1550 2122 occisum
1579 2067 1774 2122 vellet:
1807 2064 2025 2137 Bithyni

441 2163 666 2233 quidam
697 2165 1047 2220 Nicomedem
1075 2164 1214 2218 elam
1245 2162 1301 2216 in
1327 2159 1640 2230 Bithyniam
1672 2158 2025 2230 perductum,

441 2271 574 2310 sene
599 2257 810 2322 occiso,
833 2272 1019 2328 regem
1047 2255 1327 2310 dixerunt.
1357 2252 1482 2306 Haec
1505 2253 1805 2316 Romanos,
1833 2266 2028 2321 quam-

441 2348 526 2404 vis
547 2350 796 2412 molesta.
827 2366 936 2404 non
968 2358 1150 2404 tamen
1172 2345 1240 2403 ad
1262 2346 1468 2401 bellum
1503 2344 1848 2400 inferendum
1877 2359 2028 2400 eom-

444 2454 758 2498 moverunt.
809 2443 1114 2498 Andriscus
1142 2455 1274 2495 vero
1312 2429 1549 2510 quidam’
1571 2438 2025 2509 Adramyttenus,

443 2537 648 2591 Perseo
701 2534 877 2590 forma
926 2550 1037 2589 non
1080 2533 1389 2596 dissimilis.
1431 2532 1603 2588 ascito
1645 2531 1750 2587 sibi
1786 2531 2027 2601 Philippi

443 2629 692 2691 nomine,
721 2629 952 2697 ejusque
981 2626 1151 2681 lilium
1186 2640 1306 2680 sese
1340 2625 1622 2685 dictitans,
1655 2623 1720 2677 ad
1758 2621 2026 2676 defectio-

442 2737 569 2776 nem
603 2721 876 2791 plurimos
927 2718 1167 2790 impulit.
1208 2719 1344 2774 Nam
1375 2717 1552 2788 primo
1580 2717 1818 2771 adventu
1853 2717 2024 2770 Macc-

443 2815 662 2869 doniam
690 2812 856 2886 5.66
878 2813 1098 2868 turbare
1125 2823 1374 2875 conatus,
1409 2827 1532 2866 cum
1565 2826 1594 2864 a
1623 2810 1839 2864 nemine
1865 2825 2027 2864 cura-

2207 1690 2345 1747 κη’.
2381 1694 2517 1748 Τότε
2543 1695 2600 1748 δὲ
2629 1695 2933 1768 συνηνέχθη
2997 1701 3092 1752 καὶ
3125 1700 3192 1754 τὰ
3223 1703 3364 1756 κατὰ
3410 1703 3503 1756 τὸν
3535 1705 3719 1775 Πρου·

2132 1785 2274 1852 σίαν,
2305 1786 2363 1852 ὃς
2388 1788 2570 1860 γέρων
2593 1787 2669 1842 ὢν
2687 1790 2782 1842 καὶ
2805 1792 2934 1854 τοὺς
2952 1792 3191 1861 τρόπους
3220 1794 3455 1864 τραχὺς,
3475 1796 3719 1870 ἐφοϐήθη

2129 1882 2258 1943 τοὺς
2294 1880 2576 1948 Βιθυνοὺς,
2614 1882 2689 1954 μὴ
2723 1883 2823 1953 τῆς
2858 1883 3145 1954 βασιλείας
3201 1887 3368 1940 αὑτὸν
3419 1889 3718 1957 ἐκϐάλωσι,

2131 1973 2225 2027 τὸν
2262 1973 2551 2048 Νικομήδη
2580 1976 2674 2030 τὸν
2725 1977 2841 2030 υίδν
2872 1977 3257 2048 ἀνθελόμενοι.
3289 1980 3400 2034 Καὶ
3431 1983 3577 2038 κατά
3603 2001 3722 2038 τινα

2132 2065 2411 2138 πρόφασιν
2462 2068 2714 2139 ἔπεμψεν
2755 2071 2836 2134 είς
2876 2071 2979 2140 τὴν
3039 2070 3264 2140 Ῥώμην
3317 2075 3504 2138 αὐτὸν,
3555 2075 3717 2130 κάκεῖ

2131 2161 2340 2230 διάγειν
2361 2162 2668 2218 ἐκέλευσεν.
2705 2165 2795 2228 Ὠς
2833 2181 2894 2218 τε
2928 2167 3032 2218 κάν
3058 2167 3123 2237 τῇ
3155 2166 3344 2237 Ῥώμῃ
3376 2167 3721 2237 διαιτωμένῳ

2131 2253 2209 2324 τῷ
2263 2253 2363 2324 υίῷ
2415 2255 2783 2310 ἐπεϐούλευσε
2827 2257 2922 2310 καὶ⁹
2979 2259 3209 2313 ἔσπευδε
3262 2261 3473 2314 κτεῖναι
3531 2261 3717 2323 αὐτὸν.

2133 2344 2356 2398 Βιθυνοί
2405 2363 2572 2413 τινες,
2614 2347 2694 2410 είς
2732 2347 2953 2419 Ῥώμην
3002 2350 3397 2417 φοιτήσαντες,
3445 2351 3719 2424 ἐξήγαγον

2131 2435 2312 2508 λάθρα
2363 2436 2457 2490 τὸν
2488 2437 2813 2509 Νικομήδη“
2874 2440 2970 2493 καὶ
3015 2441 3072 2504 ἐς
3104 2439 3204 2512 τὴν
3243 2442 3500 2495 Βιθυνίαν
3561 2444 3717 2514 κομί-

2137 2545 2356 2593 σαντες,
2421 2527 2512 2581 τὸν
2570 2530 2670 2598 μὲν
2721 2531 2957 2602 γέροντα
3009 2531 3331 2601 ἐφόνευσαν,
3387 2532 3618 2604 βασιλέα
3667 2534 3714 2588 δ’

2143 2620 2354 2672 ἐκεῖνον
2409 2619 2720 2686 ἀπέδειξαν.
2777 2623 2963 2675 Ταῦτα
3009 2623 3199 2694 ήνίασε
3253 2624 3352 2694 μὲν
3385 2626 3516 2688 τοὺς
3585 2625 3715 2679 Ῥωσ-

2135 2713 2356 2782 μαίους,
2402 2714 2462 2767 οὐ
2503 2713 2609 2785 μὴν
2643 2715 2737 2768 καὶ
2768 2717 2849 2779 εἰς
2880 2716 3120 2786 πόλεμον
3170 2717 3478 2789 ἐξηρέθισε.
3512 2719 3624 2791 Τὴν
3663 2721 3716 2774 δὲ

2129 2806 2470 2860 Μακεδονίαν
2536 2807 2846 2877 Ἀνδρίσκος
2882 2825 2969 2871 τις
3025 2809 3082 2876 ἐξ
3135 2809 3530 2881 Ἀτραμυττίου
3589 2815 3710 2882 φὺς.

442 2915 617 2970 retur,
672 2905 728 2960 in
785 2904 999 2976 Syriam
1051 2903 1119 2958 ad
1155 2903 1490 2959 Demetrium
1537 2918 1593 2957 se
1625 2903 1882 2968 contulit,
1930 2916 2025 2970 spe

2134 2898 2214 2969 τῷ
2248 2901 2452 2970 Περσεῖ
2484 2899 2530 2953 δ’
2574 2899 2823 2972 ἐμφερὴς
2852 2901 2912 2954 τδ
2939 2899 3080 2966 εἶδος
3107 2904 3423 2973 γενόμενος,
3469 2904 3567 2959 καὶ
3590 2908 3712 2969 παῖς

443 2995 632 3049 auxilii
672 3004 898 3064 propter
937 2994 1321 3064 cognationem
1357 2993 1710 3064 impetrandi,
1744 2993 1814 3047 ab
1847 3009 2025 3062 eoque

2133 2986 2273 3045 εἶναι
2313 2992 2524 3046 ἐκείνου
2587 2992 2986 3064 πλαττόμενος,
3042 2995 3138 3049 καὶ
3191 2997 3462 3049 Φίλιππον
3523 2998 3714 3051 ἑαυτὸν

443 3085 901 3156 comprehensus,
931 3095 987 3142 et
1016 3086 1246 3141 Romam
1285 3086 1507 3147 missus,
1533 3101 1660 3138 cum
1689 3099 1871 3154 neque
1897 3085 2025 3139 Per-

2133 3084 2438 3154 ὀνομάζων,
2499 3087 2591 3138 ἐπὶ
2645 3085 2899 3140 πλεῖστον
2963 3086 3269 3160 ἀπέστησε.
3325 3089 3398 3142 Τὸ
3460 3091 3562 3159 μὲν
3611 3091 3714 3160 γὰρ

443 3179 523 3233 sei
557 3178 728 3232 lilium
767 3194 889 3234 esse
939 3186 1239 3244 constaret,
1289 3187 1345 3233 et
1393 3178 1599 3248 alioqui
1641 3178 1780 3232 nihil
1815 3177 2027 3248 insigne

444 3270 696 3329 haberet.
749 3287 850 3340 per
879 3279 1255 3340 contemptum
1299 3271 1579 3336 dimissus,
1631 3285 1881 3341 magnam
1921 3271 2031 3325 fac-

449 3365 716 3419 tiosorum
771 3365 1060 3420 hominum
1111 3380 1333 3420 manum
1391 3365 1592 3436 coegit,
1628 3367 1828 3420 multas
1861 3365 2029 3422 urbes

447 3455 689 3511 attraxit.
726 3455 974 3528 Denique
1007 3456 1160 3528 regio
1193 3457 1386 3512 habitu
1413 3467 1654 3528 sumpto,
1683 3457 2027 3528 collectoque

443 3547 691 3602 exercitu
725 3548 782 3603 in
815 3548 1110 3604 Thraciam
1145 3547 1466 3618 profectus:
1503 3548 1694 3604 multis
1725 3548 1912 3604 liberis
1937 3564 2030 3620 po-

443 3641 609 3710 pulis,
661 3642 849 3697 multis
896 3641 1140 3713 dynastis
1191 3642 1500 3698 Romanum
1556 3642 1850 3712 imperium
1885 3659 2027 3713 :rgre

445 3732 753 3790 ferentibus
799 3735 1007 3798 ascitis,
1072 3734 1492 3805 impressionem
1541 3733 1594 3789 in
1652 3735 2026 3790 Macedoniam

441 3821 576 3878 fecit
605 3842 621 3880 :
658 3839 838 3895 eaque
865 3833 1156 3894 occupata,
1179 3825 1232 3880 in
1261 3825 1599 3881 Thessaliam
1633 3834 2026 3897 transgressus,

442 3929 555 3970 non
583 3931 754 3988 pauca
783 3917 900 3973 loca
935 3917 1173 3989 subegit.
1217 3915 1452 3974 Romani
1487 3918 1756 3974 Andriseo
1786 3920 2025 3991 primum

442 4009 726 4081 despecto,
759 4019 950 4080 postea
993 4009 1305 4080 Scipionem
1350 4009 1601 4066 Nasicam
1638 4011 1703 4065 ad
1730 4011 2025 4067 tumultum

443 4103 597 4158 illum
631 4103 939 4173 pacandum
976 4103 1271 4158 miserunt.
1327 4101 1430 4170 Qui
1463 4103 1629 4158 rebus
1662 4105 1770 4158 illis
1797 4104 1850 4159 in
1877 4104 2026 4159 Gm-

443 4193 530 4250 cia
564 4194 822 4265 cognitis,
851 4193 921 4249 ad
955 4194 1230 4252 Romanos
1264 4195 1485 4266 scripsit
1513 4195 1698 4250 omnia
1723 4213 1732 4250 :
1757 4205 1811 4250 et
1837 4204 2026 4251 coacto

443 4300 475 4342 a
505 4285 671 4342 sociis
715 4286 962 4342 exercitu
1018 4285 1097 4341 rei
1145 4286 1402 4357 gerendae
1443 4285 1710 4350 intentus,
1749 4286 1816 4341 ad
1846 4287 2024 4342 Mace-

445 4374 665 4430 doniam
686 4376 979 4446 processit.
1009 4376 1244 4432 Romani
1270 4377 1436 4448 igitur
1465 4377 1525 4432 P.
1557 4376 1872 4432 Juventium
1897 4392 2025 4432 cum

2137 3178 2355 3248 πρῶτον
2397 3179 2454 3241 ἐς
2481 3177 2580 3248 τὴν
2615 3177 2961 3232 Μακεδονίαν
2992 3177 3184 3243 ἐλθὼν,
3222 3181 3516 3249 ταράττειν
3545 3183 3713 3246 αὐτὴν

2134 3271 2427 3339 ἐπειρᾶτο·
2458 3270 2533 3332 ὡς
2563 3271 2618 3324 δὲ
2670 3269 2846 3335 οὐδεὶς
2900 3272 3192 3341 προσεῖχεν
3237 3271 3411 3342 αὐτῷ,
3452 3272 3594 3345 πρὸς
3627 3274 3714 3326 τὸν

2133 3362 2448 3434 Δημήτριον
2495 3362 2578 3427 είς
2609 3361 2710 3433 τὴν
2746 3361 2950 3433 Συρίαν
2981 3363 3273 3434 ἐτράπετο.
3299 3364 3374 3427 ὡς
3405 3365 3464 3431 ἐξ
3504 3367 3712 3420 ἐκείνου

2130 3455 2221 3509 διὰ
2266 3455 2328 3508 τὸ
2373 3454 2531 3524 γένος
2566 3454 2820 3526 βοηθείας
2866 3455 3212 3527 τευξόμενος.
3266 3457 3609 3527 Συλληςεθεὶς
3659 3459 3714 3512 δὲ

2131 3548 2266 3620 παρ’
2294 3548 2505 3603 ἐκείνου
2533 3549 2627 3602 καὶ
2654 3550 2733 3613 εἰς
2785 3546 2882 3620 τὴν
2926 3547 3148 3618 Ῥώμην
3183 3549 3484 3620 πεμφθεὶς,
3540 3551 3624 3604 ὅτι
3651 3568 3709 3604 τε

2135 3642 2210 3712 μὴ
2259 3640 2336 3696 ῶν
2392 3639 2487 3694 τοῦ
2521 3641 2783 3712 Περσέως
2843 3641 2958 3705 υίὸς
3017 3640 3284 3713 ἠλέγχθη,
3338 3643 3432 3696 καὶ
3488 3643 3614 3697 οὐδέ
3661 3661 3715 3697 τι

2130 3734 2320 3804 ἕτερον
2350 3727 2498 3804 εἶχεν
2525 3731 2676 3797 ἄξιον
2697 3731 2880 3798 λόγου,
2911 3733 3319 3804 κατεφρονήθη.
3347 3733 3461 3786 Καὶ
3487 3733 3714 3802 ἀφεθεὶς

2130 3824 2292 3894 χεῖρά
2327 3841 2386 3877 τε
2445 3823 2763 3893 συνήγαγεν
2796 3820 3103 3894 ἀνθρώπων
3157 3823 3571 3893 νεωτεροποιῶν
3625 3825 3716 3879 καὶ

2131 3918 2314 3982 πόλεις
2368 3915 2575 3980 πολλὰς
2625 3916 2985 3987 ἐπηγάγετο,
3043 3919 3140 3970 καὶ
3207 3917 3364 3981 τέλος
3425 3917 3716 3988 βασιλικὴν

2131 4011 2327 4081 στολὴν
2365 4011 2752 4080 περιθέμενος,
2787 4010 2884 4064 καὶ
2912 4009 3146 4081 δύναμιν
3179 4012 3596 4081 συγκροτήσας,
3632 4011 3711 4075 είς

2128 4103 2352 4174 Θρᾴκην
2394 4101 2648 4172 ἀφίκετο,
2683 4102 2777 4156 καὶ
2831 4103 3062 4174 συχνοὺς
3099 4103 3196 4175 μὲν
3227 4103 3334 4157 τῶν
3369 4104 3709 4174 αὐτονόμων,

2129 4194 2360 4265 συχνοὺς
2389 4194 2446 4247 δέ
2472 4194 2568 4248 καὶ
2620 4194 2730 4250 τῶν
2757 4194 3039 4248 δυναστῶν
3065 4196 3180 4258 τοῖς
3219 4194 3518 4265 Ῥωμαίοις
3545 4197 3713 4268 ἀχθο-

2132 4289 2315 4357 μένοις
2371 4285 2732 4360 παραλαϐὼν,
2795 4288 2877 4352 είς
2930 4286 3268 4342 Μακεδονίαν
3327 4288 3555 4342 ἐνέϐαλε
3621 4290 3715 4344 καὶ

2128 4379 2298 4452 αὐτὴν
2337 4381 2591 4452 κατέσχε·
2665 4381 2759 4436 καὶ
2813 4381 2908 4434 sui.
2948 4381 3046 4452 τὴν
3095 4382 3401 4436 Θεσσαλίαν
3458 4384 3716 4458 δρμήσας

445 4466 693 4521 exercitu
745 4476 940 4523 contra
997 4483 1126 4524 eum
1176 4469 1467 4525 miserunt.
1517 4467 1687 4536 Quem
1723 4468 2025 4526 Andriscus

2133 4473 2230 4527 οὐκ
2255 4446 2436 4543 ’ὀλίγα
2467 4446 2672 4546 ταύτης
2723 4446 3187 4546 προσεποιήσατο.
3219 4475 3283 4528 Οἱ
3313 4475 3371 4528 δὲ
3439 4446 3710 4548 Ῥωμαῖοι

445 4556 592 4612 circa
631 4558 1004 4614 Macedoniam
1043 4559 1272 4616 adortus
1326 4561 1641 4616 interfecit:
1681 4576 1746 4616 ac
1798 4571 2028 4618 caeteros

443 4649 610 4704 etiam
662 4651 1012 4715 trucidasset,
1061 4653 1163 4708 nisi
1216 4662 1381 4708 noctu
1433 4653 1840 4708 discessissent.
1898 4654 2030 4710 Post

446 4741 564 4797 htee
604 4741 662 4796 in
701 4741 982 4798 Thessalia
1022 4745 1226 4814 passim
1266 4753 1565 4816 grassatus,
1617 4745 1864 4801 Thraces
1920 4745 2026 4802 sibi

446 4834 717 4906 adjunxit.
747 4835 1117 4904 Quamobrem
1167 4837 1400 4893 Romani
1445 4837 1708 4905 Quintum
1740 4838 2025 4894 Caecilium

444 4926 722 4983 Metehum
758 4938 1050 4999 praatorem
1099 4943 1225 4984 cum
1259 4929 1472 5002 magnis
1523 4931 1698 5002 copiis
1734 4933 2023 4988 miserunt.

443 5021 544 5076 Cui
567 5021 940 5078 Macedoniam
972 5025 1238 5093 ingresso,
1264 5024 1484 5080 Attalus
1509 5025 1685 5082 classe
1714 5027 1919 5082 auxilio
1937 5043 2029 5082 vc-

447 5111 548 5168 uit.
594 5113 897 5170 Andriscus
944 5115 1111 5187 igitur
1155 5117 1223 5171 de
1265 5134 1362 5172 ora
1418 5119 1694 5175 maritima
1730 5121 2024 5183 sollicitus.

444 5200 680 5259 ulterius
701 5205 957 5276 progredi
991 5223 1101 5262 non
1145 5217 1229 5264 est
1257 5195 1447 5274 ausus,
1480 5210 1576 5266 sed
1611 5211 1836 5281 paulum
1871 5222 2024 5268 extra

446 5293 688 5366 Pydnam
737 5299 1022 5368 productis
1061 5301 1258 5372 copiis,
1316 5303 1562 5374 equestri
1605 5306 1794 5374 prtelio
1825 5305 2025 5371 victor,

447 5396 598 5443 metu
630 5391 900 5458 pedestris
931 5393 1208 5449 exercitus
1237 5404 1387 5450 retro
1407 5396 1566 5451 abiit.
1599 5396 1672 5451 Ea
1705 5405 1888 5452 tamen
1915 5398 2028 5453 vic-

450 5479 590 5533 toria
617 5482 794 5538 elatus
827 5485 1002 5554 copiis
1032 5486 1285 5542 bifariam
1321 5487 1536 5554 divisis,
1565 5498 1777 5557 partem
1806 5487 1874 5543 ad
1900 5504 2026 5545 vas-

449 5567 669 5624 tandam
701 5570 1042 5629 Thessaliam
1069 5576 1241 5644 misit,
1269 5587 1481 5647 partem
1507 5578 1650 5647 apud
1687 5593 1746 5634 se
1775 5579 2022 5634 retinuit.

446 5659 685 5716 Proinde
729 5661 982 5719 Metellus
1031 5683 1224 5724 eorum
1261 5671 1538 5740 paucitate
1591 5680 1932 5741 contempta,
1969 5673 2023 5726 in

445 5759 642 5826 {aciem
675 5759 982 5828 descendit,
1020 5777 1082 5819 ac
1110 5764 1271 5821 victis
1313 5766 1379 5822 iis
1418 5766 1508 5838 qui
1541 5765 1701 5837 primi
1731 5766 1795 5822 ad
1827 5783 2022 5823 manus

2131 4567 2508 4638 κατεφρόνουν
2549 4567 2650 4638 μὲν
2709 4567 2982 4638 πρότερον
3041 4567 3136 4620 τοῦ
3190 4567 3533 4638 Ἀνδρίσκου·
3595 4567 3716 4625 εἶτα

2128 4658 2218 4712 τὸν
2242 4659 2523 4713 Σκιπίωνα
2554 4660 2644 4712 τὸν
2675 4661 2928 4716 Νασικᾶν
2973 4659 3228 4732 ἔπεμψαν
3262 4662 3565 4733 εἰρηνικῶς
3598 4677 3716 4727 πως

2131 4749 2200 4804 τὰ
2239 4753 2358 4805 ἐκεῖ
2415 4751 2784 4824 διοικήσοντα.
2825 4756 2943 4819 Ὃς.
2979 4757 3058 4819 είς
3111 4755 3209 4826 τὴν
3253 4755 3481 4811 Ἐλλάδα
3519 4757 3713 4825 ἐλθὼν,

2130 4847 2224 4898 καὶ
2263 4844 2452 4915 μαθὼν
2488 4846 2556 4900 τὰ
2590 4846 2888 4918 γενόμενα,
2921 4850 3038 4912 τοῖς
3073 4849 3170 4920 μὲν
3205 4851 3504 4921 Ῥωμαίοις
3535 4852 3712 4924 δηλῶν

2128 4939 2300 4993 ταῦτα
2331 4938 2634 4993 ἐπέστειλε·
2665 4939 2895 5011 δύναμιν
2918 4941 2973 4996 δὲ
3011 4943 3162 5014 παρὰ
3197 4943 3306 4996 τῶν
3333 4946 3454 4997 ἐκεῖ
3487 4947 3714 5018 συμμά-

2129 5050 2237 5101 χων
2285 5031 2548 5102 ἀθροίσας
2609 5031 2773 5105 ἔργου
2841 5036 3040 5104 εἴχετο,
3092 5037 3186 5091 καὶ
3246 5037 3488 5109 προῆλθε
3555 5041 3717 5111 μέχρι

2131 5123 2481 5189 Μακεδονίας.
2519 5129 2579 5180 Οί
2619 5126 2664 5180 δ’
2686 5128 2743 5180 ἐν
2778 5131 2843 5200 τῇ
2881 5129 3069 5200 Ῥώμῃ
3099 5130 3318 5198 γνόντες
3346 5131 3416 5184 τὰ
3451 5132 3598 5186 κατὰ
3623 5134 3717 5188 τὸν

2143 5219 2475 5289 ’Δνδρίσκον,
2526 5222 2848 5292 στράτευμα
2905 5222 3160 5294 ἔπεμψαν
3242 5226 3337 5279 καὶ
3402 5229 3716 5297 στρατηγὸν

2131 5308 2405 5365 Πούπλιον
2465 5311 2816 5369 Ἱουϐέντιον.
2851 5308 2922 5385 *ῼ
2982 5316 3114 5386 περὶ
3157 5315 3500 5372 Μακεδονίαν
3555 5337 3715 5389 γενοο

2133 5403 2278 5474 μένῳ
2304 5404 2596 5474 συμϐαλὼν
2619 5408 2648 5458 ὁ
2691 5406 3002 5479 ’Δνδρίσκος
3026 5409 3236 5463 ἐκεῖνον
3265 5409 3366 5480 μὲν
3392 5411 3711 5480 ἀπέκτεινε,

2131 5495 2227 5549 καὶ
2254 5495 2379 5559 τοὺς
2409 5495 2606 5560 ἄλλους
2637 5497 2846 5560 πάντας
2877 5497 2944 5552 ἂν
2975 5500 3402 5570 κατειργάσατο,
3435 5502 3483 5554 εί
3519 5503 3594 5574 μὴ
3616 5505 3712 5574 τῆς

2130 5586 2325 5648 νυκτὸς
2383 5586 2779 5658 ἀπεχώρησαν.
2822 5589 2933 5642 Καὶ
2988 5591 3070 5652 είς
3103 5590 3202 5660 τὴν
3236 5591 3540 5646 Θετταλίαν
3576 5596 3711 5664 μετὰ

2131 5679 2305 5732 ταῦτα
2364 5681 2612 5734 εἰσέϐαλε
2655 5684 2752 5736 καὶ
2808 5681 3037 5736 πλεῖστα
3085 5683 3258 5754 αὐτῆς
3315 5684 3589 5749 ἐκάκωσε,
3614 5687 3707 5739 καὶ

2135 5771 2201 5826 τὰ
2242 5771 2350 5825 τῶν
2403 5773 2635 5844 Θρᾳκῶν
2699 5777 3193 5850 προσηταιρίσατο.
3257 5778 3430 5834 Πάλιν
3461 5775 3559 5840 οὖν
3615 5779 3703 5836 διὰ
