4008 6250
288 285 402 349 733

1562 278 1983 344 ANNALIUM
2017 279 2169 343 LIB.
2213 279 2319 342 IX.

3458 273 3561 339 ’194

302 393 479 450 ταύτα
507 390 637 445 οι.ἐν
665 390 732 462 τῇ
784 387 975 461 Ῥώμῃ
1009 387 1243 445 Κύῖντον
1269 375 1559 444 Καικίλιον
1604 386 1880 443 Μέτελλον
1906 438 1915 452 Α

2020 398 2273 457 enerant,
2315 386 2537 445 facilius
2567 383 2735 443 etlam
2765 393 2995 443 caeteros
3025 382 3092 440 ad
3120 383 3361 440 cilicium
3392 385 3563 440 redu-

300 485 618 559 στρατηγδν
649 486 749 540 σὺν
770 486 1004 555 δυνάμει
1053 482 1224 554 πολλῇ
1263 481 1534 538 ῐστειλαν.
1570 482 1683 537 Καὶ
1713 481 1773 545 δς
1798 481 1881 545 είς

296 581 402 654 τήν
446 577 791 635 Μακεδονίαν
834 573 993 649 ἦλθε,
1037 577 1132 630 καὶ
1172 576 1202 630 ὁ
1234 574 1503 639 ’Ἄτταλος
1557 573 1882 645 προσήμυνε

297 671 564 742 ναυτικῷ.
605 670 699 724 Διὸ
746 669 935 734 δείσας
966 670 995 723 ό
1037 668 1361 740 ’Δνδρίσκος
1391 666 1524 740 περὶ
1549 665 1662 720 τῶν
1688 682 1879 737 παρα-

301 766 639 833 θαλασσίων,
687 765 787 818 οὐκ
839 763 1110 835 ἐτόλμησε
1162 762 1484 834 περαιτέρω
1553 760 1881 833 προελθεῖν·

300 859 483 929 ὀλίγον
514 859 572 913 δὲ
600 859 699 928 τῆς
749 856 962 928 Πύδνης
1005 855 1112 922 ἔξω
1143 855 1533 928 προχωρήσας,
1570 855 1889 926 ἱππομαχία

310 954 416 1023 μὲν
471 952 769 1024 ὑπερέσχε⁸
821 950 1085 1022 φοϐηθεὶς
1131 950 1189 1003 δέ
1239 949 1301 1002 τὸ
1350 946 1514 1014 πεζὸν
1558 946 1883 1017 ἀνέστρεψε,

303 1048 402 1101 καὶ
430 1046 693 1117 ἐπαρθεὶς
725 1046 851 1117 διχῆ
889 1046 980 1098 τὸν
1010 1043 1245 1116 στρατὸν
1277 1042 1463 1109 διεῖλε,
1501 1041 1598 1096 καὶ
1644 1043 1759 1105 τοῖς
1787 1041 1886 1110 μὲν

302 1139 466 1201 αὐτὸς
506 1137 646 1190 κατὰ
680 1137 867 1206 χώραν
920 1133 1283 1205 προσήδρευε,
1312 1132 1443 1198 τοὺς
1497 1133 1555 1187 δέ
1605 1131 1886 1202 πορθῆσαι

302 1231 405 1302 τὴν
434 1229 744 1284 Θεσσαλίαν
770 1226 1091 1283 ἀπέστειλε.
1117 1226 1562 1299 Καταφρονήσας
1584 1220 1679 1279 οὖν
1697 1225 1724 1278 ὀ
1769 1223 1886 1277 Μέ-

1983 482 2086 545 xit,
2114 481 2354 554 ingenue
2380 488 2667 552 peccatum
2699 494 2863 537 suum
2908 487 3297 547 agnoscentes.
3335 476 3568 533 Andris-

1984 590 2084 631 ctis
2129 589 2266 630 vero
2319 574 2374 629 in
2422 571 2715 629 Thraciam
2764 570 3054 644 profugus,
3097 567 3369 640 reparatis
3393 567 3570 639 copiis

1986 682 2113 723 cum
2145 665 2384 732 Metello,
2415 665 2799 738 progrediente
2837 679 2946 735 qua
2975 677 3064 718 res
3094 661 3332 727 ferebat,
3368 658 3566 717 conﬂi-

1988 759 2108 813 xit:
2153 757 2377 828 suisque
2401 757 2908 828 propugnatoribus
2933 753 3261 827 proﬂigatis,
3295 753 3571 822 sociisque

1991 850 2295 921 dissipatis.
2329 868 2359 906 a
2402 851 2548 922 Byzo
2594 849 2806 906 Thrace
2859 847 3134 918 proditus,
3171 861 3361 917 pinnas
3395 845 3570 899 dedit.

1992 943 2100 1000 Sed
2134 954 2188 999 et
2220 943 2532 998 Alexander
2565 942 2786 1012 quidam
2832 940 3018 996 Persei
3070 938 3243 992 tilium
3270 953 3330 993 se
3362 936 3576 1007 profes-

1994 1052 2113 1099 sus,
2161 1037 2443 1107 regionem
2499 1037 2672 1091 Mesto
2723 1033 2939 1089 ﬂumini
2966 1033 3310 1104 adjacentem
3340 1042 3575 1099 occupa-

1993 1129 2115 1184 vit:
2160 1143 2323 1199 quem
2360 1129 2613 1185 Metellus
2662 1143 2837 1198 usque
2869 1127 2924 1182 in
2961 1123 3289 1181 Dardaniam
3321 1130 3406 1179 est
3449 1137 3575 1193 per-

1994 1228 2239 1277 secutus.

300 1324 490 1385 τελ).ος
523 1322 631 1377 τῶν
676 1323 962 1394 παρόντων
1008 1319 1264 1393 συνέμιξε
1291 1337 1306 1353 ο
1346 1320 1440 1375 καὶ
1494 1317 1609 1373 τῶν
1658 1316 1875 1389 πρῶτον
1914 1313 2066 1386 αὐτῷ
2095 1317 2177 1378 είς
2219 1316 2412 1387 χεῖρας
2481 1314 2747 1370 ἐλθόντων
2795 1312 3222 1383 περιγενόμενος
3267 1311 3398 1381 ῥᾷον
3461 1305 3561 1361 καὶ

303 1420 438 1484 τοὺς
489 1417 714 1480 λοιποὺς
747 1414 1135 1487 παρεστήσατο
1166 1429 1182 1446 ⁸
1231 1412 1469 1481 ἑτοίμως
1521 1411 1631 1485 γὰρ
1675 1411 1752 1474 ὡς
1785 1410 2098 1480 ἐξήμαρτον
2132 1408 2282 1480 αύτῷ
2342 1408 2708 1481 ὁμολόγησαιν.
2750 1409 2811 1462 Ὀ
2849 1408 2906 1461 δέ
2951 1406 3267 1477 ’Δνδρίσκος
3326 1405 3408 1468 είς
3461 1402 3562 1472 τὴν

306 1512 536 1585 Θρᾴκην
593 1509 830 1580 ἀπέδρα,
862 1507 955 1561 καὶ
981 1505 1216 1577 δύναμιν
1256 1502 1521 1576 ἁθροίσας
1572 1500 1834 1557 συνέϐαλε
1862 1499 1939 1570 τῷ
1965 1498 2225 1572 Μετέλλῳ
2254 1501 2501 1571 προῖόντι
2529 1495 2591 1556 οὗ
2623 1497 2954 1570 προεχώρει.
2984 1500 3096 1554 Καὶ
3121 1498 3231 1551 τῶν
3257 1496 3566 1569 προμάχων

306 1602 476 1661 αὐτοῦ
509 1601 834 1675 τραπέντων
871 1598 933 1652 τό
978 1615 1038 1652 τε
1077 1595 1432 1667 συμμαχικὸν
1488 1592 1654 1647 αὑτοῦ
1709 1589 2015 1662 ἐσκεδάσθη
2074 1592 2170 1645 καὶ
2237 1590 2400 1655 αὐτὸς
2464 1590 2569 1645 ὑπὸ
2625 1589 2799 1652 Βύζου
2855 1589 3074 1661 Θρακὸς
3119 1587 3385 1642 δυνάστου
3423 1604 3572 1658 προσ

306 1703 485 1765 δοθεὶς
507 1697 822 1769 ἐδικαιώθη.
854 1696 967 1750 Καὶ
1006 1693 1357 1764 Ἀλέξανδρος
1393 1692 1454 1745 δέ
1476 1708 1580 1755 τις,
1621 1688 1883 1761 Περσέως
1922 1687 2016 1741 καὶ
2082 1686 2242 1752 αὐτὸς
2286 1688 2464 1758 λέγων
2514 1682 2657 1742 εἶναι
2709 1687 2825 1751 υίὸς
2855 1686 2951 1741 καὶ
2996 1688 3156 1757 χείρα
3203 1682 3555 1754 συναγαγὼν,

307 1794 577 1854 κατέλαϐε
616 1792 717 1853 τὴν
758 1789 888 1862 περὶ
917 1786 1010 1842 τὸν
1038 1788 1254 1843 Μέστον
1283 1784 1622 1856 καλούμενον
1640 1780 1888 1852 ποταμὸν
1928 1778 2139 1852 χώραν,
2205 1780 2265 1834 ὃν
2322 1783 2352 1836 ὁ
2384 1780 2656 1844 Μέτελλος
2687 1779 2982 1844 ἐπεδίωξεν
3008 1777 3361 1849 ύποφυγόντα
3405 1777 3572 1848 μέχρι

307 1891 412 1959 τῆς
441 1883 768 1958 Δαρδανίας.

383 1975 515 2041 ΚΘ.
558 1982 684 2037 Ἐπὶ
708 1981 767 2035 δέ
805 1979 932 2042 τοὺς
953 1976 1362 2053 Καρχηδονίους
1389 1977 1438 2031 οί
1473 1976 1737 2047 Ῥωμαῖοι
1768 1972 1895 2028 Πεί-

2071 1969 2234 2044 467
2269 1968 2465 2025 XXIX.
2503 1967 2706 2024 Contra
2724 1963 3208 2035 Carthaginienses
3229 1960 3431 2017 missus
3459 1959 3588 2016 Piso

314 2077 595 2135 σωναιτδν
630 2074 834 2129 ὕπατον
883 2071 1153 2135 ἔστειλαν,
1215 2070 1276 2136 ὃς
1322 2072 1389 2142 τῇ
1445 2069 1543 2141 μὲν
1590 2068 1899 2140 Καρχηδόνι

314 2168 414 2224 καὶ
442 2167 522 2238 τῷ
556 2164 860 2237 Ἀσδρούϐα
890 2167 951 2218 οὐ
981 2162 1336 2237 προσέμιξεν,
1377 2163 1473 2218 ἐπὶ
1497 2161 1553 2216 δὲ
1590 2161 1689 2224 τὰς
1715 2177 1898 2231 παρα-

314 2262 465 2324 λίους
505 2258 693 2319 πόλεις
738 2258 1034 2328 ἐτράπετοο
1073 2256 1167 2307 καὶ
1198 2256 1299 2324 τῆς
1361 2254 1462 2325 μὲν
1507 2253 1762 2316 Ἀσπίδος
1791 2252 1902 2306 ἀπ-

319 2350 623 2423 εκρούσθη.
650 2349 750 2420 τὴν
788 2348 843 2402 δὲ
872 2347 1019 2402 Νέαν
1044 2346 1197 2400 πόλιν
1222 2343 1777 2414 ἐλὼν,κατέσκαψεν’
1814 2340 1905 2395 ἐπὶ

317 2446 377 2499 δέ
409 2443 654 2498 Ἱππῶνα
681 2441 790 2513 (35)
817 2441 973 2493 πόλιν
994 2441 1244 2510 ὁρμήσας
1278 2437 1575 2508 κατέτριψε
1600 2436 1693 2490 τὸν
1715 2434 1906 2506 καιρὸν

324 2534 497 2606 μηδὲν
538 2533 803 2604 περάνας.
832 2533 895 2585 Ol
925 2532 981 2585 δὲ
1004 2531 1372 2603 Καρχηδόνιοι
1406 2531 1793 2600 ἀνεθάρσησαν
1818 2528 1907 2583 διὰ

320 2627 522 2694 ταῦτα,
552 2625 648 2680 καὶ
670 2626 750 2679 ὅτι
785 2624 881 2678 καί
910 2640 1054 2688 τικες
1076 2624 1260 2689 αὐτοῖς
1319 2623 1713 2695 προσεγένοντο
1767 2621 1909 2691 σύμ-

326 2738 522 2791 μαχοι.
546 2719 828 2780 Μαθίντες
866 2716 958 2772 οὖν
988 2716 1162 2771 ταῦτα
1195 2717 1243 2770 οἱ
1285 2716 1544 2787 Ῥωμαῖοι
1576 2716 1710 2769 οἵτε
1751 2717 1808 2770 ἐν
1831 2712 1909 2780 τῷ

327 2811 684 2882 στρατοπέδῳ
719 2810 814 2864 καὶ
844 2812 892 2865 οί
920 2812 978 2863 ἐν
1000 2812 1067 2881 τῇ
1109 2809 1284 2873 πόλει,
1335 2807 1429 2861 ἐπὶ
1473 2808 1563 2861 τὸν
1630 2808 1910 2862 Σκιπίωνα

325 2905 599 2976 ὥρμησαν
622 2904 716 2958 καὶ
748 2903 955 2956 ὕπατον
974 2901 1331 2973 ἐψηφίσαντο,
1360 2899 1541 2955 καίτοι
1569 2901 1669 2969 τῆς
1698 2899 1914 2971 ἡλικίας

2007 2066 2222 2129 consul,
2250 2063 2386 2119 urbe
2408 2070 2464 2116 et
2495 2059 2798 2117 Asdrubale
2836 2057 3078 2121 omissis,
3100 2056 3403 2111 maritimas
3421 2053 3589 2109 urbes

2009 2158 2249 2213 invasit:
2290 2165 2342 2211 et
2392 2155 2462 2209 ab
2489 2153 2693 2224 Aspide
2750 2150 3027 2220 repulsus,
3077 2147 3305 2218 Neapoli
3343 2155 3501 2215 capta
3532 2153 3591 2201 et

2009 2266 2224 2313 eversa,
2278 2249 2333 2304 in
2378 2247 2642 2317 Hipponis
2675 2243 2968 2299 obsidione
3015 2250 3232 2310 tempus
3257 2239 3457 2293 frustra
3485 2236 3587 2291 tri—

2011 2345 2108 2400 vit.
2144 2342 2301 2398 Unde
2330 2339 2831 2411 Carthaginienses,
2863 2339 3138 2391 sociorum
3170 2340 3335 2389 etiam
3370 2325 3594 2387 auxitiis

2012 2437 2182 2502 aucti,
2235 2437 2449 2492 animos
2489 2440 2840 2504 receperunt.
2894 2430 3015 2497 Quo
3064 2425 3318 2490 Romani,
3357 2433 3466 2478 tam
3497 2421 3596 2492 qui

2015 2531 2070 2586 in
2102 2529 2298 2586 castris
2328 2543 2493 2599 quam
2521 2542 2574 2583 tn
2609 2525 2747 2580 urbe
2775 2531 2958 2588 erant,
2994 2519 3237 2591 cognito,
3268 2517 3405 2573 citra
3435 2513 3599 2571 dubi-

2018 2625 2282 2678 tationem
2307 2620 2622 2690 Scipionem
2647 2616 2931 2673 consulem
2957 2618 3235 2669 crearunt.
3259 2608 3395 2665 Nam
3414 2621 3600 2677 quamo

2015 2716 2100 2769 vis
2127 2723 2259 2769 ictas
2296 2712 2478 2768 adhuc
2503 2710 2555 2766 ei
2589 2708 2842 2780 dignitati
2883 2706 3177 2761 immatura
3208 2709 3330 2757 erat
3355 2740 3371 2766 ,
3413 2709 3599 2754 tamen

2018 2816 2073 2862 et
2123 2823 2215 2861 res
2263 2807 2383 2878 ejus
2433 2811 2619 2876 gestae,
2673 2810 2727 2857 ct
2783 2801 2964 2855 virtus
3013 2797 3186 2867 patris
3215 2792 3396 2858 Pauli,
3427 2799 3484 2846 et
3511 2790 3599 2847 avi

2019 2899 2261 2955 Africani
2329 2907 2537 2952 certam
2584 2909 2735 2964 spem
2786 2890 3095 2947 affet-ebant
3143 2887 3422 2952 omnibus,
3481 2883 3603 2954 ejus

333 3000 412 3068 μὴ
440 2998 689 3067 ἐφιείσης
711 2995 860 3065 αὐτῷ
888 2995 985 3066 τὴν
1014 2995 1192 3065 ἀρχήν
1211 3010 1225 3025 ο
1252 2992 1386 3047 ἀλλὰ
1413 2992 1485 3046 τά
1508 3010 1565 3046 τε
1580 2991 1718 3064 ἔργα
1746 2990 1911 3046 αὑτοῦ

2023 2992 2191 3047 armis
2219 3000 2275 3046 et
2306 2990 2496 3045 hostes
2529 2994 2849 3055 superatum
2881 2983 2972 3045 iri,
3012 2990 3068 3036 et
3090 2977 3477 3047 Carthaginem
3505 2987 3606 3043 pe-

329 3065 430 3145 καὶ
448 3065 494 3160 ήῗ
523 3091 697 3158 ἀρετὴ
730 3088 822 3141 τοῦ
866 3065 1076 3157 πατρὸς
1107 3085 1324 3141 Παύλου
1354 3127 1370 3151 ,
1423 3086 1520 3140 καὶ
1560 3084 1655 3139 τοῦ
1688 3087 1915 3140 πάππου

2026 3085 2277 3140 rituram.
2310 3083 2567 3153 Scipione
2600 3081 2654 3135 in
2697 3077 2935 3134 Africam
2976 3073 3290 3144 navigante,
3321 3065 3608 3124 Mancinus

333 3158 674 3252 ’Δφρικανοῦ
703 3178 895 3232 ἐλπίδα
927 3181 1189 3250 παρεῖχον
1225 3176 1401 3233 ἅπασι
1438 3176 1665 3249 βεϐαίαν
1690 3177 1782 3230 καὶ
1810 3175 1915 3230 τῶν

2025 3176 2377 3249 Carthaginis
2408 3174 2565 3230 littus
2594 3174 2805 3241 legens,
2844 3168 3127 3225 castellum
3160 3163 3436 3234 quoddam
3463 3158 3609 3213 intra

340 3273 623 3343 πολεμίων
671 3271 740 3326 δι’
773 3270 940 3326 αὐτοῦ
976 3271 1276 3342 κρατήσειν
1320 3271 1419 3324 καὶ
1444 3270 1544 3340 τὴν
1594 3267 1915 3340 Καρχηδόνα

2029 3269 2254 3333 moenia,
2282 3267 2507 3323 nomine
2531 3265 2778 3335 Megalia,
2808 3261 2862 3316 in
2888 3270 3163 3331 praerupta
3187 3264 3339 3326 petra
3370 3255 3424 3308 in
3457 3266 3611 3306 mare

332 3340 621 3430 παντελῶς
654 3365 986 3437 ἐξαιρήσειν.
1018 3340 1121 3416 Ἓν
1169 3355 1213 3432 ᾧ
1242 3362 1285 3415 δ’
1315 3362 1344 3414 δ
1396 3362 1641 3416 Σκιπίων
1686 3356 1768 3425 εις
1821 3360 1915 3431 τὴν

2026 3362 2370 3436 prominens,
2425 3368 2483 3415 et
2529 3358 2689 3428 longe
2722 3356 2792 3412 ab
2823 3355 2958 3409 urbe.
2986 3364 3281 3411 remomm,
3339 3359 3466 3400 cum
3497 3356 3613 3398 non

336 3462 549 3535 Λιϐύην
578 3461 884 3532 ἐκομίζετο,
910 3462 1189 3528 Μαγκῖνος
1236 3458 1571 3530 παραπλέων
1615 3457 1716 3526 τὴν
1768 3457 1925 3526 Καρ-

338 3558 566 3630 χηδόνα,
595 3555 795 3626 χωρίον
818 3570 870 3607 τι
898 3553 994 3606 τοῦ
1025 3552 1238 3623 τείχους
1259 3549 1428 3620 αὐτῆς
1451 3549 1603 3612 ἐντὸς
1632 3547 1712 3613 ὃν,
1740 3547 1926 3615 Μεγαο

338 3651 435 3704 λία
459 3647 861 3717 ὀνομαζόμενον
891 3644 988 3697 καὶ
1014 3645 1105 3697 ἐπὶ
1129 3643 1335 3713 πέτρας
1367 3641 1653 3711 ἀποτόμου
1683 3637 1929 3707 καθῆκον

342 3740 485 3812 πρὸς
525 3737 803 3793 Θάλασσαν
839 3732 975 3789 πολύ
1007 3752 1065 3788 τε
1100 3733 1200 3804 τῆς
1257 3732 1428 3804 ἄλλης
1479 3731 1689 3793 πόλεως
1741 3731 1929 3801 ἀπηρ⁹

343 3800 586 3901 τήμένον
610 3829 705 3882 καὶ
753 3827 887 3898 μηδέ
935 3800 1167 3888 πολλοὺς
1219 3800 1493 3896 φρουροὺς
1551 3820 1693 3894 ἔχον,
1735 3819 1811 3886 ὡς
1860 3800 1947 3892 τῇί

347 3922 514 3994 φύσει
546 3921 607 3974 ὃν
639 3920 874 3991 ἐρυμνὸν
899 3919 1269 3988 κατανοήσας,
1301 3914 1577 3985 κλίμακας
1597 3911 1932 3979 ἐξαπιναίως

348 4016 608 4089 προσθεὶς
639 4013 747 4067 ἀπὸ
773 4012 881 4064 τῶν
903 4011 1042 4064 νεῶν
1070 4008 1335 4079 ἐπανέϐη.
1365 4006 1508 4078 ’Ἤδη
1532 4007 1590 4060 δέ
1619 4004 1931 4068 ἀνελθόντος

349 4110 688 4180 συνέδραμον
717 4106 817 4178 μέν
837 4105 948 4159 τῶν
980 4102 1366 4175 Καρχηδονίων
1406 4102 1574 4165 τινὲς,
1631 4099 1694 4155 ού
1746 4099 1933 4170 μέντοι

351 4203 447 4259 καὶ
472 4200 770 4273 ἐκκροῦσαι
819 4199 982 4254 αὑτὸν
1036 4194 1405 4268 ἠδυνήθησαν.
1466 4194 1526 4249 '0
1585 4193 1643 4247 δέ
1710 4193 1935 4264 πέμψας

352 4295 493 4367 πρὸς
516 4294 608 4348 τὸν
644 4292 895 4348 Πείσωνα
918 4291 985 4344 τά
1008 4307 1066 4343 τε
1093 4290 1359 4359 γεγονότα
1393 4287 1627 4359 ἐδήλωσε
1657 4288 1753 4341 καὶ
1785 4284 1936 4358 αὐτῷ

352 4388 639 4459 ἐπαμῦναι
666 4385 892 4456 ἠξίωσε.
925 4384 1124 4455 Πόῤῥω
1150 4382 1196 4435 δ’
1223 4379 1298 4436 ὢν
1336 4381 1397 4435 ἐν
1433 4382 1501 4452 τῇ
1529 4379 1819 4451 μεσογείῳ,
1846 4377 1939 4432 οὐ·

353 4481 446 4534 δέν
478 4478 629 4551 αὐτῷ
660 4479 932 4551 χρήσιμος
966 4478 993 4529 ὁ
1020 4473 1233 4530 Πείσων
1261 4474 1500 4543 ἐγένετοο
1547 4475 1576 4527 ὁ
1603 4471 1661 4525 δέ
1696 4470 1939 4527 Σκιπίων

355 4573 452 4629 ὑπ’
483 4570 654 4642 αὐτὴν
687 4571 788 4641 τὴν
815 4568 1083 4639 ἀγγελίαν
1114 4566 1310 4632 νυκτὸς
1346 4565 1491 4621 κατὰ
1517 4565 1688 4637 τύχην
1744 4563 1935 4631 ἐλθὼν,

2000 3434 2228 3533 .magno
2258 3451 2515 3525 praesidio
2542 3447 2834 3521 custojliri,
2865 3453 2926 3501 ut
2950 3443 3098 3514 quod
3131 3440 3241 3497 situ
3269 3439 3390 3509 ipso
3418 3434 3614 3490 defen-

2029 3549 2281 3610 deretur,
2317 3542 2822 3598 animadverteret:
2863 3534 3027 3590 scalis
3058 3531 3243 3587 subito
3279 3544 3347 3584 ex
3382 3526 3616 3581 navibus

2031 3638 2270 3697 admotis
2296 3634 2565 3692 ascendit.
2601 3629 2755 3698 Quod
2790 3643 2914 3683 cum
2941 3627 3052 3697 jam
3084 3628 3319 3687 teneret,
3354 3618 3455 3673 etsi
3482 3615 3618 3672 Car-

2033 3730 2407 3802 thaginienses
2444 3727 2654 3795 aliquot
2699 3725 3126 3781 concurrerunt,
3147 3731 3273 3771 eum
3311 3723 3490 3768 tamen
3518 3723 3617 3764 ex-

2032 3799 2240 3897 pellere
2292 3836 2402 3875 non
2435 3822 2756 3889 potuerunt.
2807 3811 2879 3867 At
2909 3810 3003 3865 ille
3034 3806 3220 3864 Pisoni
3254 3804 3385 3874 quid
3416 3799 3619 3871 egisset

2036 3891 2272 3979 nuntiat,
2328 3920 2385 3968 et
2413 3909 2618 3965 auxilia
2652 3905 2757 3963 sibi
2790 3904 2932 3959 tnitti
2968 3901 3125 3973 petit.
3175 3897 3282 3953 Sed
3337 3895 3487 3958 Piso,
3524 3891 3619 3962 qui

2036 4006 2227 4079 procul
2258 4006 2313 4061 in
2355 3999 2775 4059 mediterraneis
2807 3997 3019 4060 aberat,
3054 3991 3194 4048 nihil
3229 3989 3353 4059 opis
3386 3986 3437 4041 ei
3472 3982 3619 4040 tulit.

2036 4100 2223 4170 Scipio
2251 4112 2385 4154 vero
2408 4096 2510 4151 sub
2537 4095 2717 4165 ipsum
2748 4089 3008 4146 nuntium
3031 4087 3173 4142 forte
3196 4082 3417 4138 fortuna
3454 4084 3619 4133 noctu

2036 4191 2364 4253 adventans,
2408 4187 2596 4245 statim
2631 4184 2895 4241 auxilium
2923 4182 2975 4237 ei
3008 4178 3157 4245 tulit,
3185 4173 3393 4244 alioqui
3423 4188 3455 4226 a
3480 4171 3623 4225 Car-

2038 4282 2481 4356 thaginiensibus
2525 4280 2613 4335 vel
2648 4274 2938 4348 capiendo,
2988 4272 3074 4327 vel
3133 4264 3458 4325 occidendo.
3484 4262 3624 4356 Nam

2040 4353 2168 4437 cum
2196 4391 2366 4434 naves
2416 4371 2697 4444 Scipionis
2725 4368 3005 4441 appellere
3040 4362 3335 4422 vidissent,
3368 4356 3473 4412 etsi
3508 4353 3629 4408 ani-

2040 4486 2163 4528 mos
2186 4466 2636 4540 desponderant,
2679 4478 2789 4517 non
2822 4472 3003 4517 tamen
3031 4456 3101 4512 ab
3124 4451 3417 4510 obsidione
3450 4461 3631 4503 reces-

2042 4568 2259 4626 serunt,
2288 4537 2444 4631 prius
2471 4570 2640 4627 quam
2672 4552 2857 4623 Scipio
2902 4566 2962 4605 se
3012 4546 3206 4603 adesse
3252 4556 3351 4612 per
3384 4537 3631 4609 captivos

356 4664 522 4728 εὐθὺς
555 4628 1085 4734 ἐϐοήθήσενίἘῖλον
1129 4659 1239 4729 γὰρ
1273 4628 1340 4710 ἀν
1384 4656 1478 4710 τὸν
1548 4628 1834 4724 Μαγκῖνον
1890 4672 1915 4708 ο

2046 4628 2311 4727 quosdam
2361 4651 2444 4707 eis
2472 4648 2716 4706 nuntiari
2761 4643 2925 4717 jussit
2955 4663 2966 4697 :
3009 4636 3390 4704 accersitoque
3421 4628 3633 4686 Asdru-

357 4725 788 4829 Καρχηδόνιοι
814 4753 908 4808 καὶ
937 4725 1274 4823 διέφθειραν,
1300 4750 1348 4803 εί
1394 4748 1471 4822 μὴ
1512 4749 1908 4820 παραπλεούσα

2047 4725 2194 4808 nate.
2218 4744 2382 4801 fossis
2412 4752 2470 4799 et
2497 4740 2788 4813 aggeribus
2810 4749 3028 4791 murum
3053 4729 3300 4787 aediliciis
3331 4725 3633 4782 obductum

359 4817 626 4912 ctséé'z'a;
655 4817 789 4909 ναῦς
811 4844 907 4898 τοῦ
961 4817 1288 4905 Σκιπίωνος.
1349 4817 1484 4896 Τότέ
1533 4817 1608 4894 δ’-
1646 4839 1912 4912 ὴθύμησα

2051 4839 2392 4895 munierunt.
2456 4835 2643 4906 Scipio
2686 4831 2938 4887 Mancino
2981 4825 3208 4897 Megalia
3262 4818 3406 4875 tueri
3455 4817 3631 4886 jusso,

364 4943 490 5014 μὲν,
563 4909 664 4996 ούκ
732 4937 1057 5009 ἀπέστησαν
1112 4933 1189 4989 δέ.
1225 4932 1619 5005 Αίχμαλὼτους
1659 4909 1914 4986 οὖν’τινα

2053 4933 2119 4989 ad
2147 4933 2404 4988 Pisonem
2439 4938 2498 4985 et
2526 4928 2714 4998 capias
2744 4923 2902 4988 abiit,
2935 4929 2998 4978 ut
3026 4933 3151 4975 cum
3178 4916 3259 4971 eis
3293 4909 3637 5014 bellutnmur-

746 4994 1011 5095 Σκιπίων,
1069 4994 1349 5099 ἐροῦντας,
1382 5025 1465 5079 δτι
1511 4994 1782 5097 ξπάνρεστι.
1835 5018 1915 5078 κα

2055 5032 2247 5097 geret;
2285 5021 2382 5079 sed
2410 4994 2669 5077 celeriter
2698 5032 2823 5072 cum
2854 5006 3284 5083 expeditissimis
3312 4994 3636 5106 cohortibus

366 5128 526 5183 τοῦτο
550 5127 773 5197 γνόντες
809 5123 908 5194 οὐχ
943 5118 1250 5191 ὑπέμειναν
1280 5118 1384 5185 ἔτι,
1418 5116 1536 5172 ἀλλ’
1565 5115 1949 5197 ἀνεχώρησαν,

367 5223 465 5275 καὶ
489 5195 581 5274 τὸν
609 5216 942 5291 Ἀσδρούϐαν
978 5209 1420 5286 μετεπέμψαντο,
1448 5209 1542 5264 καὶ
1595 5195 1950 5280 ταφρεύμασι

348 5314 468 5393 ,καὶ
529 5310 889 5384 σταυρώμασι
950 5305 1012 5360 τὸ
1067 5303 1173 5378 πρὸ
1217 5303 1311 5357 τὸν
1367 5301 1555 5357 οίκιῶν
1593 5300 1942 5369 διατείχισμα

371 5404 720 5476 διεφύλαξα).
764 5402 826 5458 '0
879 5402 1067 5472 μέντοι
1129 5394 1373 5451 Σκιπίων
1425 5393 1496 5449 τὰ
1547 5393 1646 5465 μὲν
1703 5392 1954 5462 Μεγαλία

2057 5130 2339 5178 reversus,
2394 5112 2708 5169 Mancinum
2761 5109 2832 5164 ab
2891 5102 3163 5161 acerrima
3216 5087 3540 5151 Asdrubalis
3569 5098 3638 5140 ex

2056 5208 2197 5263 urbe
2229 5204 2639 5278 oppugnatione
2661 5198 2941 5258 liberavit.
2968 5193 3106 5250 Cum
3132 5189 3245 5261 jam
3268 5184 3396 5240 Piso
3418 5190 3638 5278 quoque

2057 5275 2404 5367 advenisset,
2443 5317 2571 5357 eum
2619 5309 2775 5355 extra
2807 5291 3010 5351 muenia
3042 5287 3111 5345 ad
3140 5291 3330 5357 portas
3371 5275 3638 5348 quasdam

2059 5410 2286 5453 manere
2305 5394 2509 5467 jussit:
2538 5392 2675 5449 alios
2710 5388 2913 5445 milites
2943 5383 3013 5439 ad
3043 5380 3205 5438 aliam
3229 5380 3444 5448 portam
3477 5369 3640 5440 longe

1572 5507 1777 5572 Varia)
1804 5506 2112 5574 lectiones
2154 5517 2218 5575 et
2260 5520 2453 5575 notas.

450 5647 564 5739 (δέ)
603 5643 1077 5711 ἰππσπωρυπω
1105 5638 1466 5712 Ἱππακρίτας
1502 5597 1762 5707 Polybius
1788 5644 1968 5694 vocat.
2009 5635 2147 5695 Vide
2182 5637 2353 5695 llenr.
2397 5631 2674 5693 Valesium
2704 5628 2773 5685 atl
2813 5620 3041 5684 Diodori
3107 5616 3280 5678 Siculi
3336 5613 3641 5682 Excerpta,

377 5736 439 5793 ιδ.
466 5718 558 5775 45.
