4008 6250
390 279 496 345 795

1690 286 2014 349 JOANNIS
2053 246 2376 347 zemas

3557 277 3667 343 796

391 395 712 464 distantem,
759 397 1000 454 mOnitos
1040 397 1173 468 quid
1219 397 1366 454 facto
1412 416 1551 472 opus
1595 411 1764 461 esset,
1802 402 1973 471 misit,

2086 399 2169 452 τὸν
2194 399 2482 468 Μαγκῖνον
2508 397 2769 468 φρουρεῖν
2821 397 3137 451 κατέλιπεν·
3192 395 3357 460 αὐτὸς
3409 395 3467 449 δέ
3529 396 3667 465 πρὸς

392 487 515 557 Ipse
540 491 747 559 optima
775 490 1059 561 copiarum
1089 499 1245 561 parte
1273 503 1573 562 assumpta,
1606 493 1710 548 sub
1754 504 1969 550 noctr-m

394 580 630 635 mediam
661 581 959 653 transfugis
988 581 1221 638 ducibus
1274 583 1418 638 intra
1463 584 1666 640 moenia
1719 572 1975 654 penetrao‘

391 670 472 726 vit
496 689 510 725 :
537 680 593 726 et
612 672 677 726 ad
709 681 922 742 portam
951 673 1099 728 illam
1124 686 1521 747 transgressus,
1549 678 1799 733 vectibus
1823 696 1972 736 rese-

393 762 519 826 ctis,
573 761 739 833 468
783 773 839 817 et
879 764 1213 820 introductis
1264 767 1331 822 iis
1375 767 1469 837 qui
1521 767 1657 823 foris
1686 777 1974 839 exspecta-

392 852 546 916 bant,
583 853 777 923 vigiles
823 855 1065 910 cecidit:
1111 872 1458 928 propereque
1503 859 1571 913 ad
1606 869 1811 929 portas,
1844 869 1972 915 ante

392 958 530 1012 quas
560 944 687 999 Piso
737 946 1032 1001 stationem
1088 948 1349 1007 habebat.
1377 951 1639 1014 accurrit,
1672 950 1974 1023 proﬂigatis

392 1036 739 1103 custodibus,
777 1038 870 1109 q'ui
924 1039 1137 1096 medias
1180 1052 1362 1111 partes
1416 1042 1735 1108 tuebantur,
1773 1055 1827 1098 ct
1861 1047 1978 1099 sin-

390 1128 537 1198 gulis
566 1130 620 1184 in
661 1130 801 1186 locis
831 1133 992 1202 pauci
1034 1144 1217 1189 erant.
1271 1135 1347 1190 Ita
1387 1136 1660 1191 Asdrubal
1717 1136 1883 1191 simul
1920 1147 1977 1192 et

391 1222 525 1301 quid
554 1231 736 1279 actum
770 1235 917 1281 esset
944 1228 1174 1290 audivit.
1208 1238 1265 1284 et
1294 1229 1575 1285 Romanas
1618 1231 1807 1300 copias
1835 1247 1976 1303 pene

394 1314 682 1370 universas
713 1317 855 1371 intra
892 1318 1087 1373 urbem
1124 1319 1259 1374 vidit
1286 1319 1810 1393 :Carthaginienses
1845 1339 1972 1378 cum

391 1407 713 1476 aliquandiu
768 1411 1125 1474 restitissent,
1178 1412 1233 1466 in
1286 1411 1598 1469 Cothonem
1652 1425 1708 1471 et
1750 1417 1975 1488 Byrsam

393 1499 783 1571 confugerunt,
837 1502 1050 1559 Deinde
1109 1503 1382 1561 Asdrubal
1449 1523 1642 1564 onmes
1699 1509 1977 1567 Romanos

392 1590 640 1657 captivos
676 1593 904 1659 occidit,
968 1605 1028 1650 ut
1070 1596 1223 1652 cives
1271 1598 1562 1669 desperata
1617 1602 1779 1658 venia
1829 1603 1977 1658 hosti

390 1681 628 1737 alacrius
661 1685 992 1742 resisterent
1020 1706 1035 1742 :
1081 1689 1286 1745 multos
1313 1692 1480 1746 etiam
1514 1708 1582 1747 ex
1611 1695 1980 1764 popularibus

391 1772 728 1840 proditionis
763 1787 1056 1848 suspectos
1090 1781 1338 1837 sustulit.
1379 1784 1568 1854 Scipio
1590 1786 1693 1840 etsi
1725 1801 1823 1841 eos
1853 1803 1977 1841 mu-

392 1863 468 1917 ris
501 1873 558 1920 et
592 1870 891 1939 aggeribus
942 1874 1136 1943 sepsit,
1184 1891 1297 1929 non
1350 1877 1536 1932 statim
1586 1889 1769 1935 tamen
1806 1896 1981 1951 expu-

388 1958 599 2026 gnavit.
657 1961 793 2017 Nam
852 1974 908 2019 et
952 1968 1155 2023 mania
1211 1969 1366 2023 ﬁrma
1406 1979 1583 2038 erant,
1634 1981 1691 2026 et
1724 1972 1883 2027 multi
1922 1974 1978 2029 in

390 2061 625 2121 angusto
673 2056 925 2111 conclusi
974 2059 1153 2129 spatio
1199 2060 1421 2117 fortiter
1476 2078 1537 2120 se
1583 2063 1976 2130 defendebant,

390 2156 698 2201 commeatu
737 2148 962 2206 abunde
994 2151 1271 2218 instructi,
1308 2154 1508 2210 Bithiae
1550 2156 1837 2212 subsidio:
1881 2158 1974 2229 qui

389 2253 456 2292 ex
483 2239 719 2297 obversa
754 2243 880 2298 urbi
909 2245 1255 2313 continente,
1286 2248 1582 2304 observato
1611 2248 1807 2316 ﬂuctu,
1839 2267 1978 2306 ven-

393 2330 548 2401 tique
589 2332 825 2402 impetu,
867 2338 1155 2394 onerarias
1191 2340 1272 2394 eis
1301 2357 1467 2396 naves
1496 2342 1551 2395 in
1589 2353 1810 2412 portum
1847 2344 1981 2399 sub.

393 2422 668 2478 mittebat.
705 2424 911 2481 Contra
944 2428 1089 2497 quod
1144 2430 1332 2500 Scipio
1374 2447 1490 2487 rem
1520 2448 1771 2503 magnam
1803 2444 1858 2490 et
1882 2450 1979 2489 ex-

392 2514 650 2582 cogitavit
702 2526 759 2570 et
792 2519 1066 2588 perfecit:
1112 2521 1266 2577 aditu
1305 2531 1501 2592 portus
1529 2536 1785 2594 angusto,
1839 2526 1983 2582 ditii-

393 2607 574 2662 culter
604 2610 854 2678 quidem,
908 2629 1219 2685 magnoque
1262 2631 1385 2671 cum
1420 2616 1627 2681 labore,
1664 2617 1758 2672 sed
1796 2627 1980 2674 tamen

392 2713 685 2768 operarum
718 2703 1077 2762 multitudine
1108 2707 1330 2763 tandem
1362 2708 1674 2769 obstructo,
1722 2710 1979 2779 quamvis

392 2791 883 2865 Carthaginienses
905 2799 1119 2856 crebris
1141 2801 1590 2858 dimicationibus
1608 2801 1660 2857 id
1684 2818 1824 2873 opus
1851 2819 1980 2874 pro-

394 2883 590 2942 hibere
619 2899 979 2947 conarentur.

2075 488 2166 542 τὸν
2197 487 2450 541 Πείσωνα
2476 492 2569 540 καὶ
2608 489 2742 558 πρὸς
2784 489 2883 550 τὰς
2914 489 3178 559 δυνάμεις
3208 489 3450 559 άπῆρεν,
3479 488 3554 550 ὠς
3599 489 3665 541 ἂν

2078 580 2198 651 μετ’
2230 580 2412 635 αὐτῶν
2436 580 2600 652 ἔργου
2637 580 2850 651 ἔχηται.
2886 582 2997 634 Kal
3023 581 3296 651 ἐπανῆλθε
3327 583 3535 651 ταχέως
3569 580 3669 633 σὺν

2074 670 2151 742 τῷ
2180 672 2500 743 κουφοτάτῳ
2552 673 2656 743 τῆς
2720 674 3023 744 στρατιᾶς,
3080 673 3174 725 καὶ
3245 672 3519 726 κατέλαϐε
3576 673 3668 726 τὸν

2077 763 2411 834 ’Δσδρούϐαν
2444 767 2524 829 είς
2554 765 2654 835 τὴν
2678 766 3010 837 Καρχηδόνα
3048 765 3367 819 εἰσελθόντα
3415 766 3512 819 καὶ
3557 765 3670 819 δει-

2077 858 2183 921 νῶς
2213 856 2290 927 τῷ
2314 857 2582 929 Μαγκίνῳ
2612 858 3018 927 ἐπιτιθέμενον.
3060 860 3170 912 Kal
3224 857 3396 911 ἐλθὼν
3455 860 3483 911 6
3540 858 3669 910 Σκι-

2081 955 2221 1003 πίων
2257 951 2357 1021 τὴν
2404 950 2652 1005 ἐπίθεσιν
2685 950 2896 1004 ἔλυσεν.
2945 949 3313 1020 Ἀφικομένου
3348 950 3404 1003 δὲ
3445 951 3541 1003 καὶ
3573 948 3669 1002 τοῦ

2079 1040 2359 1105 Πείσωνος
2395 1041 2520 1112 ἤδη,
2549 1042 2757 1094 ἐκεῖνον
2794 1039 2936 1111 μετὰ
2972 1041 3078 1108 ἔξω
3105 1040 3200 1094 τοῦ
3248 1041 3461 1111 τείχους
3514 1040 3671 1093 αύλί·

2082 1132 2281 1186 σασθαι
2314 1133 2459 1187 κατά
2484 1151 2639 1196 τινας
2669 1130 2846 1198 πύλας
2882 1132 3167 1189 ἐκέλευσε.
3201 1133 3313 1186 Kal
3335 1130 3672 1203 στρατιώτας

2081 1225 2302 1295 ἐτέρους
2345 1226 2478 1296 πρὸς
2518 1225 2714 1279 πυλίδα
2742 1225 2865 1279 τινὰ
2900 1225 3033 1278 πολὺ
3063 1224 3156 1293 ἀφ’
3186 1223 3399 1277 ἑαυτῶν
3427 1222 3672 1293 ἀπέχου-

2084 1334 2180 1368 σαν
2210 1317 2579 1387 περιέπεμψε,
2618 1316 3003 1387 παραγγείλας
3031 1316 3216 1379 αὐτοῖς
3262 1316 3401 1370 ἄττα
3435 1314 3671 1384 πράξειν

2082 1408 2269 1478 ἐχρῆν.
2312 1407 2486 1473 Αὐτὸς
2528 1408 2613 1475 δέ,
2642 1407 2703 1461 τὸ
2763 1410 3057 1479 κράτιστον
3101 1408 3197 1462 τοῦ
3252 1406 3488 1479 στρατοῦ
3531 1409 3675 1459 κατᾶ

2083 1501 2256 1569 μέσας
2288 1499 2492 1563 νύκτας
2540 1498 2745 1564 λαϐὼν,
2808 1499 2956 1552 ἔνδον
2986 1498 3079 1552 τοῦ
3113 1498 3400 1568 περιϐόλου
3432 1497 3672 1563 ἐγένετο,

2083 1592 2410 1661 αὐτομόλοις
2436 1593 2786 1663 χρησάμενος
2845 1592 3061 1661 ἄγουσι,
3105 1592 3200 1644 καὶ
3256 1591 3361 1643 ὑπὸ
3430 1591 3531 1661 τὴν
3576 1609 3680 1643 πυ-

2082 1684 2201 1737 λίδα
2236 1683 2616 1755 παραδραμὼν
2655 1683 2750 1737 καὶ
2795 1683 2885 1737 τὸν
2938 1683 3136 1755 μοχλὸν
3195 1681 3487 1750 διακόψας,
3545 1680 3676 1743 τούς

2082 1794 2140 1831 τε
2175 1776 2373 1844 ἔξωθεν
2402 1776 2795 1846 ἐφεδρεύοντας
2825 1777 3117 1846 εἰσήγαγε,
3143 1774 3387 1837 καὶτοὺς
3420 1773 3675 1842 φύλακας

2083 1868 2327 1940 ἔφθειρε.
2372 1870 2483 1923 Kal
2522 1868 2656 1940 πρὸς
2686 1869 2785 1931 τὰς
2814 1867 2991 1931 πύλας
3042 1866 3303 1938 ἠπείχθη,
3344 1867 3471 1919 καθ’
3521 1865 3587 1928 ἃς
3646 1867 3676 1918 6

2086 1963 2298 2018 Πείσων
2326 1964 2686 2034 προσήδρευε,
2739 1962 2864 2025 τοὺς
2923 1962 3203 2032 φρουροὺς
3252 1961 3379 2023 τοὺς
3417 1961 3486 2012 τὰ
3532 1958 3676 2028 μέσα

2088 2055 2464 2124 φυλάττοντας
2495 2054 2714 2122 ὀλίγους
2743 2052 2867 2106 καθ’
2898 2054 3169 2114 ἑκάστους
3212 2052 3376 2114 ὄντας
3409 2050 3523 2121 (56)
3545 2048 3675 2120 τρέ-

2087 2165 2231 2210 πων,
2258 2146 2401 2201 ὥστε
2423 2149 2516 2200 τὸν
2543 2144 2882 2217 Ἀσδρούϐαν
2916 2146 3034 2214 ἅμα
3067 2163 3124 2197 τε
3183 2142 3553 2197 πυνθάνεσθαι
3607 2141 3676 2194 τὰ

2083 2240 2376 2310 γενόμενα,
2410 2245 2505 2294 καὶ
2544 2240 2678 2311 ὀρᾷν
2710 2242 2810 2310 τὴν
2840 2240 2948 2294 τῶν
2982 2238 3274 2310 Ῥωμαίων
3303 2238 3538 2305 δύναμιν
3581 2255 3675 2306 μι-

2087 2333 2220 2398 κροῦ
2248 2328 2432 2387 πᾶσαν
2476 2332 2643 2387 οὖσαν
2668 2335 2841 2397 ἐντός.
2879 2335 2988 2387 Καὶ
3019 2333 3213 2405 χρόνον
3254 2332 3354 2404 μέν
3397 2349 3521 2385 τινα
3550 2332 3680 2384 άντ-

2089 2428 2271 2497 έσχον,
2310 2426 2502 2480 ἔπειτα
2565 2426 2666 2497 τὴν
2709 2427 2809 2497 μὲν
2837 2426 3005 2498 ἄλλην
3064 2425 3218 2479 πόλιν
3264 2424 3535 2489 ἐξέλιπον,
3594 2425 3676 2486 είς

2085 2517 2142 2571 δέ
2184 2518 2275 2571 τὸν
2309 2516 2562 2570 Κώθωνα
2600 2519 2700 2590 τήν
2736 2534 2795 2570 τε
2833 2517 3047 2589 Πύρσσν
3090 2517 3419 2586 κατέφυγον.
3463 2511 3602 2567 Εἶτα
3647 2514 3678 2564 6

2085 2610 2420 2682 ’Λσδρούϐας
2439 2610 2652 2673 πάντας
2673 2611 2798 2672 τοὺς
2824 2609 2937 2662 τῶν
2975 2608 3261 2677 Ῥωμαίων
3292 2605 3681 2678 αἰχμαλώτους

2081 2709 2433 2773 ἀπέκτεινεν,
2491 2705 2663 2768 ὅπως,
2704 2704 3020 2772 ἀπόγνωσιν
3063 2701 3397 2771 συγγνώμης
3458 2697 3681 2769 σχόιτςς

2078 2802 2130 2854 οἱ
2171 2799 2555 2869 Καρχηδόνιοι,
2619 2795 3031 2868 προθυμότερον
3123 2792 3678 2873 ἀντικαρτερήσωσι·

2086 2892 2317 2955 πολλοὺς
2360 2890 2418 2942 δὲ
2447 2890 2544 2943 καὶ
2570 2890 2680 2942 τῶν
2720 2888 3033 2959 ἐπιχωρίων
3063 2887 3137 2949 ὡς
3172 2884 3520 2956 π,.οδιδόιτα;
3548 2884 3679 2935 ἐαυ-

392 2976 523 3040 τοὺς
547 2976 892 3051 διεχρήσατο.
931 2985 1042 3039 Kal
1067 2985 1096 3038 6
1127 2985 1369 3039 Σκιπίων
1389 2986 1840 3056 περιεσταύρωσε
1873 2986 1973 3055 μὲν
2011 2984 2211 3047 αὐτοὺς
2269 2983 2363 3037 καὶ
2397 2980 2769 3052 ἀπετείχισεν,
2839 2980 2901 3033 ού
2951 2979 3058 3050 μὴν
3126 2980 3221 3032 καὶ
3273 2976 3498 3046 ταχέως
3542 2967 3675 3028 εἷλε.

394 3068 477 3121 Τά
499 3086 557 3121 τε
584 3072 695 3139 γὰρ
721 3074 877 3144 τείχη
902 3076 1152 3147 καρτερὰ
1189 3071 1259 3147 ἦν
1291 3075 1386 3129 καὶ
1416 3077 1464 3129 οἱ
1517 3076 1668 3140 ἐντὸς
1740 3074 1929 3130 πολλοὶ
1995 3074 2144 3137 ὄντες
2223 3072 2460 3144 ἰσχυρῶς
2510 3072 2568 3125 ἐν
2616 3071 2785 3139 ὀλίγῳ
2837 3070 3001 3142 χώρῳ
3050 3069 3323 3140 ἠμύνοντο
3375 3068 3472 3122 καὶ
3521 3066 3672 3120 σίτου

393 3165 646 3234 ἀφθόνως
693 3165 860 3240 εἶχον.
925 3172 988 3224 '0
1015 3173 1124 3242 γὰρ
1178 3172 1365 3237 Βιθίας
1417 3172 1648 3235 ὁλκάδας
1710 3172 1820 3226 ἀπὸ
1877 3172 1978 3241 τῆς
2012 3172 2241 3242 ἆντικρυ
2302 3171 2403 3239 τῆς
2435 3169 2642 3232 πόλεως
2699 3167 2934 3236 ἠπείρου
2977 3168 3116 3221 κατὰ
3160 3165 3312 3235 κῦμα
3339 3166 3433 3219 καὶ
3459 3164 3661 3231 ἄνεμον

393 3257 588 3322 ὀῖάκις
632 3261 883 3330 σφοδρῶς
905 3262 1082 3327 ἔπνει,
1141 3265 1199 3327 ἐς
1242 3264 1335 3318 τὸν
1382 3264 1579 3334 λιμένα
1638 3264 1824 3329 αὐτοῖς
1872 3265 2201 3334 εἰσέπεμπε,
2262 3262 2398 3334 πρὸς
2431 3265 2570 3334 ὅπερ
2632 3261 2930 3315 ὀΣκιπίων
2969 3261 3112 3329 μέγα
3174 3260 3339 3330 ἔργον
3402 3261 3497 3312 καὶ
3543 3260 3671 3311 ἐπε-

395 3355 558 3427 νόησε
594 3356 689 3408 καὶ
714 3356 1027 3410 ἐπετέλεσε.
1071 3357 1176 3410 Τὸν
1205 3358 1317 3429 γὰρ
1341 3358 1601 3413 εἴσπλουν
1639 3359 1735 3413 τοῦ
1763 3360 1984 3430 λιμένος
2025 3360 2212 3413 στενὸν
2272 3359 2403 3411 ὖντα
2470 3356 2767 3428 συνέχωσε,
2818 3355 3072 3427 χαλεπῶς
3108 3355 3205 3424 μὲν
3240 3353 3336 3407 καὶ
3370 3352 3669 3431 ἐπιπόνως,

395 3446 548 3517 ὅμως
579 3448 762 3515 μέντοι
804 3448 909 3501 ὑπὸ
936 3447 1291 3519 πολυχειρίας
1358 3449 1418 3503 τὸ
1461 3449 1620 3520 ἔργον
1664 3451 2008 3521 ἐξείργαστο.
2051 3450 2270 3520 Εἴργειν
2314 3450 2414 3520 μὲν
2462 3449 2570 3517 γὰρ
2603 3448 2801 3511 αὐτοὺς
2844 3446 3165 3517 ἐπεχείρουν
3191 3446 3240 3499 οἱ
3283 3446 3673 3517 Καρχηδόνιοι,

398 3545 495 3596 καὶ
530 3541 722 3596 πολλαὶ
750 3542 921 3613 μάχαι
947 3543 1005 3597 ἐν
1038 3541 1211 3612 τούτῳ
1240 3541 1504 3610 ἐγίνοντο,
1554 3544 1616 3597 ού
1652 3544 1837 3614 μέντοι
1892 3545 1985 3597 καὶ
2027 3543 2276 3597 κωλῦσαι
2306 3543 2367 3596 τὸ
2406 3543 2582 3613 χῶσαι
2610 3540 2981 3612 ἠδυνήθησαν.

467 3637 636 3692 XXX.
682 3637 822 3691 Tum
858 3653 993 3692 vero
1023 3636 1518 3708 Carthaginienses
1550 3639 1788 3709 penuria
1827 3655 1980 3695 com-

2161 3638 2242 3696 A'.
2284 3641 2346 3695 ΟΞ
2381 3635 2473 3693 οὖν
2530 3636 2905 3709 Καρχηδόνιοι
2956 3636 3048 3690 τοῦ
3090 3636 3364 3707 στόματος
3396 3637 3492 3691 τοῦ
3523 3636 3681 3710 λιμέ-

400 3736 618 3787 meatus
652 3729 898 3800 graviter
949 3738 1205 3801 urgente,
1261 3731 1356 3786 alii
1392 3731 1852 3803 transfugerunt:
1894 3732 1981 3788 alii

2092 3750 2183 3797 νος
2203 3732 2527 3804 χωσθέντος,
2551 3734 2617 3802 τῇ
2658 3730 2752 3784 τοῦ
2786 3731 2935 3784 σίτου
2978 3731 3174 3786 σπάνει
3204 3731 3395 3793 δεινῶς
3421 3731 3681 3802 ἐπιέσθη-

396 3821 492 3894 qui
528 3820 880 3876 obsidionem
947 3820 1281 3882 tolerabant.
1331 3822 1535 3891 partim
1577 3823 1986 3895 moriebantur,

400 3911 604 3981 partim
666 3910 938 3967 cadavera
988 3911 1307 3982 gustabant.
1362 3912 1636 3968 Asdrubal
1694 3912 1863 3984 igitur
1890 3926 1989 3983 spe

399 4000 724 4067 destitutus,
765 4003 963 4075 legatis
1003 4004 1074 4058 ad
1116 4003 1436 4074 Scipionem
1487 4004 1557 4061 de
1604 4020 1739 4076 pace
1780 4005 1986 4070 missis,

399 4095 789 4165 impunitatem
824 4097 1193 4166 impetrasset,
1228 4098 1337 4153 nisi
1371 4100 1586 4155 cazteris
1612 4100 1780 4154 etiam
1808 4101 1990 4155 omni-

400 4189 507 4244 bus
556 4190 789 4245 salutem
832 4200 889 4244 ct
921 4191 1236 4246 libertatem
1281 4193 1553 4261 petiisset.
1610 4193 1799 4264 Itaque
1839 4194 1989 4250 frus-

405 4287 602 4345 tratus,
654 4297 880 4336 uxorem
932 4283 986 4335 in
1036 4297 1168 4337 arce
1223 4284 1521 4347 conclusit,
1567 4301 1692 4340 eum
1744 4286 1812 4341 de
1841 4303 1903 4341 ea
1934 4296 1990 4342 et

403 4369 595 4425 liberis
627 4371 744 4426 suis
774 4372 1199 4429 caduceatorem
1236 4375 1304 4430 ad
1350 4375 1666 4446 Scipionem
1706 4378 1986 4435 misisset:

403 4471 712 4532 ceteraque
744 4464 1027 4532 instruxit,
1063 4468 1451 4537 desperatione
1485 4470 1661 4524 factus
1700 4470 1986 4528 audacior.

402 4553 584 4622 Atque
633 4555 750 4625 ipse
800 4572 906 4611 una
950 4574 1077 4614 cum
1130 4560 1254 4615 aliis
1291 4571 1483 4616 noctes
1521 4562 1750 4630 diesque
1783 4579 1991 4633 pugna-

405 4648 561 4713 bant,
597 4651 734 4706 alias
765 4653 1077 4717 vincentes.
1123 4656 1258 4712 alias
1304 4659 1753 4725 suecumbentes,
1786 4668 1842 4714 et
1875 4661 1990 4716 Ro-

404 4756 701 4798 manorum
736 4746 1012 4803 machinis
1069 4748 1207 4804 alias
1255 4750 1542 4806 machinas
1591 4752 1989 4820 ‘opponebant.

406 4833 488 4889 Ad
520 4835 636 4892 haec
665 4837 897 4905 Bithias,
921 4840 1010 4895 cui
1038 4841 1313 4896 munitum
1348 4843 1632 4899 castellum
1659 4854 1800 4911 erat,
1831 4845 1992 4915 longe

406 4929 463 4984 in
495 4931 873 4987 continentem
909 4918 1354 5001 excurrendo,et
1385 4934 1873 5006 Carthaginienses
1898 4939 1993 5008 ju-

2094 3840 2213 3879 oav°
2242 3826 2338 3878 καὶ
2367 3826 2415 3878 oi
2448 3825 2549 3894 μὲν
2584 3822 2944 3894 ηὐτομόλουν,
2989 3823 3040 3875 οί
3097 3823 3153 3876 δὲ
3210 3823 3681 3894 ἐγκαρτεροῦντες
3733 3826 3736 3830 ’

2090 3917 2375 3989 ἔθνησκον,
2414 3919 2463 3972 oi
2483 3917 2541 3972 δέ
2570 3917 2682 3972 τῶν
2711 3917 2922 3987 νεκρῶν
2953 3915 3229 3986 ἐγεύοντο.
3263 3917 3429 3971 Ὅθεν
3468 3918 3682 3989 ἀθυμή-

2093 4027 2193 4074 σας
2223 4009 2563 4081 Ἀσδρούϐας
2597 4009 2861 4081 πρέσϐεις
2887 4009 3026 4079 πρὸς
3079 4008 3172 4062 τὸν
3224 4008 3511 4063 Σκιπίωνα
3552 4010 3684 4080 περὶ

2094 4099 2337 4153 σπονδῶν
2360 4098 2574 4169 ἔπεμψε
2595 4116 2611 4131 ο
2648 4098 2743 4153 καὶ
2774 4098 2966 4170 ἔτυχεν
3005 4098 3073 4153 ἂν
3095 4098 3194 4169 τῆς
3224 4097 3434 4163 ἀδείας,
3493 4098 3545 4151 εί
3603 4099 3684 4170 μὴ

2092 4191 2189 4245 καὶ
2222 4193 2335 4254 τοῖς
2378 4191 2588 4254 λοιποῖς
2613 4191 2788 4245 ἅπασι
2826 4192 2921 4245 καὶ
2947 4191 3048 4260 τὴν
3095 4190 3374 4261 σωτηρίαν
3422 4191 3521 4244 καὶ
3579 4192 3683 4264 τὴν

2093 4285 2410 4357 ἐλευθερίαν
2440 4285 2651 4355 πρᾶξαι
2683 4284 2939 4356 ἠθέλησε.
2991 4284 3318 4356 Διαμαρτὼν
3358 4285 3455 4340 οὖν
3510 4288 3681 4355 αὐτῆς

2094 4379 2173 4442 είς
2204 4379 2305 4445 τὴν
2333 4378 2635 4448 ἀκρόπολιν
2682 4380 2783 4448 τὴν
2838 4380 3079 4443 γυναῖκα
3119 4377 3499 4445 κατέκλεισεν,
3558 4381 3682 4433 ἐπεὶ

2092 4473 2167 4542 τῷ
2197 4473 2461 4525 Σκιπίωνι
2490 4471 2630 4542 ὑπὲρ
2677 4472 2851 4542 αὐτῆς
2887 4473 2979 4524 καὶ
3015 4472 3123 4524 τῶν
3153 4474 3362 4526 τέκνων
3418 4474 3680 4545 διεκηρυ-

2094 4566 2351 4619 κεύσατο.
2382 4565 2496 4616 Καὶ
2522 4564 2692 4619 τᾶλλα
2716 4563 2926 4634 διῴκει,
2951 4564 3257 4633 τολμηρὸτε
3267 4582 3358 4636 ρος
3387 4568 3681 4638 γενόμενος

2095 4657 2185 4710 διά
2239 4656 2339 4727 τὴν
2373 4657 2704 4724 ἀπόγνωσιν.
2750 4656 2926 4718 Αὐτός
2963 4672 3022 4708 τε
3070 4652 3163 4709 οὖν
3194 4655 3288 4709 καὶ
3329 4656 3482 4711 ἄλλοι
3541 4658 3680 4710 ἀπο-

2094 4750 2214 4822 νοίᾳ
2254 4750 2647 4821 κρατούμενοι,
2684 4748 2777 4802 καὶ
2803 4748 2998 4811 νυκτὸς
3018 4748 3114 4801 καὶ
3146 4748 3366 4818 ἡμέρας
3391 4749 3678 4818 ἐμάχοντο.

2097 4844 2207 4897 Καὶ
2230 4844 2298 4895 τὰ
2323 4843 2425 4913 μὲν
2458 4843 2722 4912 ἡττῶντο.
2749 4842 2818 4896 τὰ
2840 4844 2886 4896 δ’
2915 4841 3277 4914 ἐπεκράτουν,
3313 4843 3411 4895 καὶ
3439 4844 3679 4912 ἀντεμη-

2098 4930 2339 5002 κανῶντο
2368 4933 2508 5001 πρδς
2534 4933 2633 4995 τὰς
2673 4933 2992 5002 Ῥωμαϊκὰς
3021 4934 3291 5003 μηχανάς.
3322 4933 3680 4996 ΚαὶόΒιθίας

407 5022 593 5088 vabat,
630 5032 688 5079 et
734 5024 999 5082 Romanis
1046 5027 1515 5083 incommodabat.
1566 5027 1749 5095 Quare
1804 5027 1981 5097 Scipio

2095 5024 2149 5076 δὲ
2181 5023 2442 5094 φρούριόν
2468 5043 2521 5077 τι
2550 5027 2786 5096 ἐρυμνὸν
2811 5024 2948 5096 ἔχων
2979 5024 3073 5078 καὶ
3093 5024 3187 5077 ἐπὶ]⁵
3206 5024 3378 5077 πολλὰ
3400 5025 3500 5094 τῆς
3520 5023 3677 5095 ἠπεί-

407 5116 605 5172 divisis
645 5118 843 5188 copiis,
899 5127 1107 5189 partem
1156 5119 1213 5174 in
1246 5119 1536 5175 obsidione
1584 5120 1830 5189 reliquit,
1866 5135 1992 5189 par—

408 5215 518 5262 tem
547 5215 745 5263 contra
776 5209 1016 5264 Bithiam
1049 5209 1223 5274 misit,
1253 5209 1316 5265 C.
1360 5209 1532 5264 Laelio
1600 5210 1781 5279 legato
1807 5209 1987 5265 duce:

2102 5134 2198 5188 ρου
2218 5118 2449 5189 προῖὼν,
2485 5119 2614 5182 τούς
2647 5136 2707 5173 τε
2738 5119 3151 5190 Καρχηδονίους
3177 5118 3401 5188 ὠφέλει,
3434 5118 3677 5180 καὶτοὺς

2108 5210 2421 5277 Ῥωμαίους
2447 5212 2674 5265 ἐκάκου.
2700 5210 2791 5264 Διὸ
2818 5214 2913 5264 καὶ
2938 5211 2966 5262 6
2988 5209 3233 5264 Σκιπίων
3270 5207 3333 5262 τὸ
3361 5209 3675 5278 στράτευμα

404 5294 526 5365 ipse
581 5298 731 5353 ultro
774 5301 1027 5371 citroque
1065 5314 1408 5361 commeans,
1456 5299 1717 5369 utrinque
1753 5299 1981 5369 inspexit

2098 5301 2288 5355 διελὼν
2319 5302 2381 5355 τδ
2400 5301 2499 5372 μὲν
2522 5305 2586 5374 τῇ
2619 5302 2928 5374 Καρχηδόνι
2970 5298 3359 5372 προσεδρεύειν
3384 5300 3569 5366 ἔταξε,
3617 5299 3677 5349 τὸ

404 5388 614 5443 omnia:
644 5389 883 5447 Castello
905 5401 1087 5463 capto,
1122 5408 1314 5450 rursus
1343 5391 1510 5464 469
1534 5400 1649 5445 ιοιο
1680 5405 1806 5445 cum
1836 5404 1981 5445 exer-

2096 5391 2152 5444 δὲ
2183 5393 2274 5445 ἐπὶ
2304 5392 2399 5447 τὸν
2432 5393 2621 5448 Βιθίαν
2681 5394 2952 5466 ἐπεμψεν,
3008 5394 3315 5466 ἐπιστήσας
3362 5393 3513 5465 αὐτῷ
3589 5389 3677 5445 τὸν

1615 5544 1819 5608 Varia
1849 5544 2162 5608 lectiones
2182 5553 2244 5609 et
2280 5555 2473 5612 noue.

484 5673 597 5744 (56)
643 5672 919 5742 ’0.ιίγους
963 5676 1094 5731 καθ’
1131 5672 1431 5741 ἑκάστους
1477 5673 1677 5739 ὄντας.
1733 5671 1826 5727 Sic
1894 5686 1977 5726 ms

416 5747 681 5811 ἑκάστους
707 5746 955 5816 τρέπων.

2086 5672 2302 5732 Wolﬁus
2358 5677 2650 5749 legendum
2701 5677 2984 5745 censebat,
3036 5675 3255 5747 ὀλίγους
3321 5678 3504 5746 ὄντας,
3555 5676 3671 5732 καθ’
