4008 6250
346 290 447 359 797

1601 295 2011 358 ANNALiUM
2048 296 2203 360 LIB.
2245 299 2353 361 IX.

3483 302 3592 368 798

332 412 752 479 ὑποστράτηγον
785 410 876 461 τὸν
918 408 1078 463 Γάϊον
1109 407 1332 462 Λαίλιον
1365 422 1381 439 '
1412 408 1509 463 καὶ
1540 408 1702 472 αὐτὸς
1729 410 1911 464 ἑκατέ-

2021 412 2134 467 citu
2168 408 2364 470 urbem
2398 415 2637 477 obsedit.
2663 417 3151 489 Carthaginienses
3183 418 3352 490 igitur
3381 420 3595 491 abiecta

332 519 473 574 ρωσε
507 499 751 569 διεφοίτα
784 500 955 570 ἄμφω
980 500 1321 563 ἐπισκοπῶν,
1349 501 1446 554 καὶ
1473 500 1588 570 ἥλω
1636 501 1697 554 τὸ
1745 501 1918 571 rpperi.-

334 612 467 667 ριον.
534 589 649 647 Εἶτ’
709 587 868 656 αὖθις
924 593 1074 665 πάσῃ
1139 596 1207 663 τῇ
1262 595 1494 664 στρατιᾷ
1538 593 1915 665 ἐπολιορκεῖτο

329 690 363 755 η
390 684 719 756 Καρχηδὼν.
748 684 1104 753 Ἀπογνόντες
1131 682 1225 741 οὖν
1243 687 1294 739 οἱ
1330 684 1693 756 Καρχηδόνιοι
1716 685 1914 756 μηκέτι

331 779 596 850 ἑκάτερον
625 780 806 847 τεῖχος
828 778 1207 834 διασώσασθαι
1248 778 1539 845 δύνασθαι,
1572 782 1653 842 εἰς
1691 778 1784 831 τὸν
1816 779 1914 856 τῆς

328 872 550 941 Βύρσης
584 871 877 940 περίϐολον
930 871 1030 925 ἁτε
1065 872 1160 925 κὰὶ
1212 872 1583 942 ἐρυμνότερον
1620 871 1917 927 ἀνεσκευά-

327 979 514 1024 σαντο,
556 964 652 1016 καὶ
687 962 1160 1034 μετακομίσαντες
1190 964 1293 1018 ὅσα
1316 964 1599 1032 ἠδύναντο,
1636 964 1916 1035 κατέπρη-

325 1073 451 1110 σαν.
480 1055 692 1118 Νυκτὸς
726 1057 787 1108 τὸ
812 1054 1061 1127 νεώριον,
1092 1057 1187 1110 καὶ
1238 1056 1347 1109 τῶν
1380 1055 1558 1110 ἄλλων
1616 1056 1686 1110 τὰ
1719 1057 1912 1122 πλείω,

327 1152 416 1205 ἵνα
441 1151 542 1222 τῆς
563 1152 626 1209 ἐξ
648 1152 830 1206 αὐτῶν
890 1152 1163 1221 ὡφελείας
1207 1153 1335 1214 τοὺς
1381 1152 1680 1223 πολεμίους
1719 1154 1916 1223 στερή-

326 1261 522 1298 σωσιν.
570 1245 662 1309 Ὠς
699 1244 935 1313 δ’ἕγνων
974 1244 1034 1298 τὸ
1068 1244 1228 1315 ἔργον
1257 1245 1307 1298 οί
1344 1246 1632 1314 Ῥωμαῖοι,
1686 1244 1780 1299 τὸν
1833 1245 1914 1299 λι-

326 1337 472 1407 μένα
497 1337 786 1407 κατέσχον,
814 1336 910 1391 καὶ
936 1336 1030 1389 ἐπὶ
1072 1336 1171 1407 τὴν
1207 1336 1425 1405 Βύρσαν
1469 1335 1762 1407 ὥρμησαν,
1817 1337 1915 1390 καὶ

322 1428 700 1498 κατασχόντες
736 1430 837 1491 τὰς
875 1428 1222 1498 ἑκατέρωθεν
1249 1429 1420 1497 αὐτῆς
1471 1428 1651 1492 οίκίας
1712 1429 1762 1481 oi
1811 1428 1912 1499 μὲν

319 1519 424 1574 ἐπὶ
456 1519 565 1573 τῶν
587 1521 766 1587 τεγῶν
791 1519 972 1572 αὐτῶν
997 1521 1090 1572 ἐπὶ
1119 1520 1218 1583 τὰς
1242 1521 1327 1573 ἀεὶ
1349 1520 1612 1591 ἐχομένας
1640 1520 1911 1584 ἐϐάδιζον,

320 1612 378 1664 σί
413 1609 473 1664 δὲ
497 1612 625 1674 τοὺς
660 1610 879 1681 τοίχους
925 1608 1330 1677 διορύσσοντες,
1366 1610 1612 1663 κάτωθεν
1663 1609 1908 1682 διῄεσαν,

319 1701 438 1766 ἓως
476 1701 615 1772 πρὸς
642 1701 813 1771 αὐτὴν
845 1699 943 1771 τὴν
976 1700 1155 1771 ἄκραν
1198 1700 1484 1771 ἀφίκοντο.
1524 1702 1795 1758 Ἐνταῦθα
1851 1703 1910 1757 δὲ

322 1793 649 1863 γενομένοις
702 1793 803 1847 οὐκ
832 1793 914 1848 ἔτι
969 1794 1213 1864 ἀντῆραν
1250 1794 1300 1847 οί
1354 1794 1740 1867 Καρχηδόνιοι,
1790 1794 1909 1848 ἀλλ’

321 1884 875 1957 ἐπεκηρυκεύσαντο,
900 1885 1042 1956 πλὴν
1065 1884 1161 1938 τοῦ
1205 1886 1554 1958 Ἀσδρούϐου.
1583 1887 1824 1951 Ἐκεῖνος
1851 1888 1910 1942 δὲ

327 1977 474 2046 μετά
508 1977 618 2032 τῶν
646 1978 967 2049 αὐτομόλων
997 1979 1046 2050 (ό
1067 1980 1177 2050 γὰρ
1209 1979 1451 2034 Σκιπίων
1478 1981 1579 2033 οὐκ
1614 1981 1911 2035 ἐσπείσατο

321 2069 535 2141 αὐτοῖς)
564 2072 648 2135 είς
670 2073 731 2126 τὸ
771 2070 1160 2141 ’Δσκληπίειον
1217 2072 1559 2143 ἀνειληλύθει
1614 2074 1754 2143 μετὰ
1809 2076 1911 2146 τῆς

322 2161 593 2229 γυναικὸς
620 2164 712 2217 καὶ
742 2163 850 2218 τῶν
880 2163 1113 2229 παίδων,
1157 2164 1458 2219 κάντεῦθεν
1484 2164 1725 2234 ἠμύνετο
1782 2169 1912 2231 τοὺς

323 2251 802 2322 προσϐάλλοντας,
837 2254 1031 2324 μέχρις
1090 2246 1152 2307 οὗ
1193 2253 1586 2323 ἐμπρήσαντες
1626 2255 1719 2308 τὸν
1774 2252 1911 2308 νεὼν

321 2345 375 2398 el
432 2345 726 2415 αὐτόμολοι
779 2347 872 2400 ἐπὶ
921 2346 984 2400 τὸ
1036 2348 1196 2416 τέγος
1244 2346 1413 2401 αὐτοῦ
1468 2346 1768 2417 ἀνέϐησαν,
1810 2346 1911 2418 τὴν

324 2435 566 2507 ἐσχάτην
589 2435 682 2489 τοῦ
708 2438 881 2508 πυρὸς
908 2437 1158 2509 ἀνάγκην
1191 2438 1579 2508 ἀναμένοντες.
1625 2438 1759 2490 Τότε
1801 2437 1911 2507 γὰρ

322 2529 596 2599 ⁴ἡσσηθεὶς
629 2530 768 2599 πρὸς
798 2530 891 2584 τὸν
913 2531 1198 2584 Σκιπίωνα
1238 2525 1405 2602 ἦλθεν
1432 2527 1715 2599 ἱκετηρίαν
1745 2527 1907 2597 ἔχων.

336 2618 548 2672 ’ἰδοῦσα
574 2619 632 2672 δὲ
658 2620 821 2673 αὑτὸν
876 2622 909 2691 ἠ
941 2620 1078 2691 γυνὴ
1106 2619 1496 2673 ἀντιϐολοῦνητα
1525 2620 1790 2687 ὀνομαστὶ
1811 2620 1909 2673 ἁν-

324 2712 613 2776 ικάλεσεν,
648 2715 743 2767 καὶ
773 2713 1149 2777 ὲξονειδίσασα
1178 2713 1260 2766 δτι
1287 2711 1469 2781 ὲαυτῷ
1507 2713 1607 2781 τὴν
1635 2711 1909 2780 σωτηρίαν

325 2804 546 2874 πράξας
568 2804 669 2857 οὐκ
689 2804 990 2875 ἐπέτρεψεν
1023 2805 1213 2876 ἐκείνῃ
1269 2801 1623 2868 σπείσασθαι,
1651 2801 1719 2855 τὰ
1746 2800 1911 2855 τέκνα

329 2895 592 2951 ἐνέϐαλεν
642 2898 724 2959 εἰς
764 2897 828 2950 τὸ
859 2896 994 2965 πῦρ,
1054 2896 1150 2951 καὶ
1184 2895 1388 2965 ἑαυτὴν
1444 2894 1908 2966 προσεπέρῤιψεν.

340 2988 515 3043 Ἐλὼν
549 2988 644 3043 οὖν
676 2988 821 3043 οὕτω
853 2992 952 3061 τὴν
985 2989 1313 3061 Καρχηδόνα
1357 2992 1386 3041 ό
1413 2989 1680 3053 Σκιπίων,
1710 2991 1777 3058 τῇ
1818 3004 1911 3054 γε·

2014 521 2112 575 spe
2143 509 2437 581 utriusque
2487 510 2817 565 munitionis
2844 509 3224 576 defendendae,
3281 510 3336 565 in
3369 511 3593 583 Byrsam

2016 606 2080 653 ut
2135 599 2492 655 munitiorem
2543 601 2831 656 contulere
2884 617 3007 672 quae
3038 609 3338 671 potuerunt
3386 603 3595 667 omnia,

2014 690 2196 745 navali
2248 700 2417 745 noctu
2469 692 2720 759 incenso,
2759 702 2817 747 et
2854 701 3178 748 exterarum
3211 694 3444 762 partium
3482 695 3599 764 ple-

2014 783 2226 853 risque,
2283 799 2354 838 ne
2412 784 2668 839 hostibus
2722 785 2845 839 usui
2899 796 3105 840 essent.
3146 786 3284 839 Tum
3335 787 3594 850 Romani,

2013 884 2176 945 portu
2211 884 2500 944 occupato,
2534 875 2757 946 Byrsam
2793 876 2994 941 adorti,
3028 875 3239 931 aedibus
3268 892 3392 947 quae
3419 878 3599 931 utrin-

2015 979 2123 1034 que
2150 976 2314 1021 erant
2360 965 2719 1032 conscensis,
2774 965 2973 1032 partim
3024 964 3082 1019 in
3134 966 3269 1035 ipsis
3324 966 3487 1020 tectis
3527 964 3597 1019 ad

2015 1058 2228 1112 vicinas
2256 1058 2607 1113 transibant:
2651 1057 2851 1128 partim
2885 1056 3193 1127 parietibus
3229 1056 3441 1111 inferne
3471 1071 3600 1125 per-

2014 1149 2195 1213 fossis,
2229 1150 2283 1203 in
2313 1150 2487 1220 ipsam
2538 1166 2722 1205 arcem
2757 1149 3142 1221 penetrabant.
3178 1148 3299 1215 Quo
3341 1160 3466 1202 cum
3501 1163 3597 1202 ve-

2014 1243 2252 1310 nissent,
2272 1243 2760 1314 Carthaginienses
2798 1258 2984 1314 pugna
3010 1244 3236 1309 omissa,
3268 1256 3458 1312 pacem
3494 1256 3595 1311 pe-

2018 1337 2247 1401 tierunt,
2301 1344 2500 1406 praater
2540 1336 2903 1392 Asdrubalem
2941 1354 2955 1388 :
2995 1335 3089 1405 qui
3135 1350 3262 1390 cum
3299 1331 3597 1403 transfugis

2015 1429 2109 1496 (iis
2136 1429 2287 1486 enim
2345 1430 2534 1500 Scipio
2570 1429 2784 1483 veniam
2831 1429 3079 1498 negarat)
3131 1437 3187 1481 et
3217 1441 3388 1481 uxore
3431 1435 3597 1495 atque

2013 1523 2206 1578 liberis
2232 1538 2538 1578 conscenso
2585 1521 2888 1592 IEsculapii
2925 1521 3152 1590 templo,
3176 1535 3234 1574 se
3263 1529 3459 1573 contra
3499 1534 3597 1586 op-

2013 1625 2324 1687 pugnantes
2372 1615 2741 1670 defendebat:
2786 1616 2963 1669 donec
3007 1612 3302 1683 transfugae
3349 1612 3468 1667 aede
3510 1612 3598 1664 in-

2016 1725 2204 1774 censa,
2263 1708 2493 1778 ejusque
2530 1716 2676 1762 tecto
2725 1722 3051 1772 conscenso,
3103 1715 3406 1760 extremam
3456 1701 3600 1772 ignis

2014 1802 2403 1857 necessitatem
2458 1810 2874 1870 exspectarunt.
2926 1799 3066 1854 Tum
3108 1798 3335 1854 denmm
3367 1794 3599 1864 supplex

2013 1893 2083 1948 ad
2112 1893 2427 1963 Scipionem
2457 1893 2719 1948 accessit.
2751 1892 2923 1959 Quem
2954 1906 3079 1946 cum
3120 1906 3259 1944 uxor
3294 1888 3597 1957 deprecan-

2015 1994 2124 2040 tem
2168 1984 2405 2049 videret,
2454 2000 2524 2039 eo
2575 1983 2903 2038 nominatim
2956 1991 3174 2046 vocato,
3216 1976 3593 2049 exprobravit,

2012 2078 2158 2147 quod
2203 2078 2431 2149 privatae
2464 2078 2625 2132 saluti
2676 2076 2994 2141 consulens,
3034 2074 3138 2144 ipsi
3173 2086 3364 2143 pacem
3423 2070 3597 2137 impc-

2016 2181 2161 2225 trare
2191 2185 2301 2225 non
2337 2170 2682 2241 permisisset
2711 2187 2727 2225 :
2767 2186 2831 2225 ac
2863 2170 3100 2239 primum
3126 2167 3354 2224 liberos.
3393 2161 3596 2217 deinde

2013 2261 2362 2331 semetipsam
2398 2262 2453 2316 in
2483 2261 2665 2333 ignem
2694 2260 2954 2331 coniecit.
2985 2258 3317 2329 Carthagine
3345 2256 3412 2311 ad
3446 2255 3598 2310 hunc

2012 2349 2239 2405 modum
2268 2360 2452 2422 capta,
2476 2351 2665 2422 Scipio
2695 2352 2910 2407 senatui
2948 2350 3172 2420 scripsit
3205 2353 3260 2404 in
3295 2348 3439 2402 hanc
3471 2361 3601 2401 scn-

2014 2444 2285 2499 tentiam:
2327 2443 2596 2513 Carthago
2625 2453 2783 2514 capta
2834 2452 2949 2497 est:
2992 2443 3119 2514 quid
3166 2443 3328 2512 igitur
3354 2440 3549 2511 jubetis
3573 2439 3599 2493 ?

2012 2536 2129 2603 Qua
2165 2536 2234 2592 de
2262 2553 2321 2592 re
2351 2553 2476 2593 cum
2503 2538 2663 2593 lectis
2693 2539 2779 2591 his
2809 2538 3237 2598 deliberaretur,
3264 2534 3472 2590 Catone
3509 2548 3602 2587 ur-

2012 2629 2137 2685 bem
2172 2631 2526 2686 evertendam
2559 2638 2615 2685 et
2652 2628 3138 2702 Carthaginienses
3171 2627 3439 2683 delendas
3477 2640 3600 2682 esse

2012 2731 2298 2786 censente,
2348 2721 2545 2777 Nasica
2591 2738 2727 2778 vero
2762 2723 2946 2777 adhuc
2989 2723 3074 2777 eis
3102 2721 3444 2792 parcendum
3475 2733 3599 2774 esse

2012 2822 2402 2878 asseverante,
2464 2828 2661 2884 magna
2706 2822 2827 2868 orta
2877 2820 2964 2866 est
3014 2808 3307 2865 dissensio.
3360 2806 3643 2873 Quidam-

2012 2922 2144 2963 vero
2175 2907 2353 2962 dixit:
2394 2908 2449 2962 Si
2496 2908 2647 2962 nulla
2682 2906 2789 2961 alia
2837 2905 2906 2960 de
2951 2918 3142 2969 causa,
3192 2910 3421 2971 propter
3446 2898 3597 2968 ipsos

2014 2997 2293 3052 Romanos
2328 2997 2522 3053 saltem
2562 2995 2646 3052 eis
2673 2994 2824 3065 parci
2870 3008 3098 3050 necesse
3129 3005 3274 3057 esse,
3308 2999 3371 3045 ut
3403 2988 3598 3042 adver-

332 3081 531 3153 ρουσίᾳ
583 3082 867 3136 ἐπέστειλε
915 3082 1042 3137 τάδε
1068 3097 1081 3112 ·
1118 3079 1450 3151 Καρχηδὼν
1473 3079 1652 3136 ἑάλω·
1716 3081 1775 3134 τί
1794 3076 1911 3136 οὖν

2015 3090 2194 3145 sarios
2224 3088 2518 3152 habentes,
2563 3088 2830 3143 virtutem
2875 3094 3225 3145 exercerent,
3293 3094 3475 3150 neque
3525 3077 3595 3133 ad

330 3174 647 3237 κελεύετες
692 3175 1208 3244 ’Ἂναγνωσθέντων
1282 3170 1377 3228 οὖν
1406 3214 1413 3221 .
1444 3173 1652 3228 τούτων
1713 3171 1910 3244 βουλὴν

329 3266 519 3320 εθεντο
546 3266 797 3336 περὶτοῦ
828 3268 879 3320 τί
907 3267 1026 3321 δέον
1066 3268 1261 3322 ποιεῖν.
1316 3267 1427 3320 Καὶ
1483 3268 1512 3318 δ
1570 3267 1667 3336 μὲν
1710 3267 1912 3321 Κάτων

330 3358 686 3427 κατασκάψαι
707 3358 808 3431 τὴν
834 3358 990 3413 πόλιν
1009 3360 1100 3413 καὶ
1123 3361 1247 3424 τοὺς
1273 3359 1679 3431 Καρχηδονίους
1701 3357 1908 3428 ἐξαφα-

329 3452 480 3505 νίσαι
509 3451 620 3504 δεῖν
647 3452 1069 3522 ὲγνωμάτευσεν
1088 3469 1103 3485 ο
1159 3454 1187 3506 ό
1227 3452 1286 3506 δὲ
1338 3452 1589 3515 Νασικᾶς
1615 3450 1909 3520 φείσασθαι

328 3541 442 3594 τῶν
473 3541 867 3612 Καρχηδονίων
918 3546 1015 3595 καὶ
1059 3541 1142 3595 ἔτι
1199 3541 1579 3606 συνεϐούλευε,
1615 3540 1909 3594 κάντεῦθεν

329 3635 415 3698 είς
440 3634 755 3702 ἀντιλογίαν
781 3636 982 3706 πολλὴν
1003 3635 1255 3708 προήχθη
1284 3637 1382 3689 καὶ¹
1410 3634 1822 3705 ἀμφισϐήτησιν
1851 3634 1911 3688 τὸ

334 3723 634 3796 συνέδριον.
656 3724 802 3789 Ἕως
828 3725 932 3792 ἔφη
964 3743 1071 3795 τις,
1094 3726 1204 3791 δτι,
1232 3725 1284 3778 εἰ
1314 3726 1406 3779 καὶ
1436 3725 1505 3778 δι’
1526 3724 1681 3779 οὐδὲν
1700 3725 1910 3793 ἕτερον,

332 3815 475 3872 ἀλλά
501 3832 566 3886 γε
587 3816 796 3872 ἑαυτῶν
824 3817 991 3872 ἕνεκα
1022 3817 1319 3886 φείσασθαι
1372 3816 1553 3870 αὐτῶν
1608 3819 1910 3885 ἀναγκαῖον

331 3911 611 3982 νομίζοιτο
666 3913 757 3978 ἂν,
822 3913 889 3968 ἵν’
949 3912 1364 3982 ἀνταγωνιστὰς
1422 3912 1623 3976 αὐτοὺς
1671 3911 1909 3983 ἔχοντες,

333 4003 538 4075 ἀρετὴν
586 4003 822 4071 ἀσκῶσι,
877 4006 973 4059 καὶ
1024 4005 1100 4076 μὴ
1152 4005 1291 4076 πρὸς
1321 4003 1514 4073 ἡδονὰς
1574 4003 1672 4057 καὶ
1695 4002 1910 4074 τρυφὴν

331 4094 674 4167 τράπωνται,
698 4094 810 4149 τῶν
845 4094 1161 4165 δυναμένων
1214 4095 1415 4156 αὐτοὺς
1466 4093 1911 4162 καταναγκάζειν

331 4188 414 4248 είς
464 4185 698 4256 ἄσκησιν
742 4185 854 4240 τῶν
899 4185 1215 4257 πολεμικῶν
1274 4183 1763 4256 περιαιρεθέντων,
1816 4184 1912 4239 καὶ

274 4262 281 4273 ’
332 4279 555 4351 χείρους
576 4278 669 4333 ὑπ’
700 4278 1042 4349 ἀνασκησίας
1095 4278 1387 4347 γένωνται,
1417 4279 1737 4349 ἀξιοχρέους
1759 4278 1912 4330 ἀντι-

335 4371 616 4442 πολέμους
648 4371 726 4443 μὴ
774 4371 1012 4442 ἔχοντες.
1058 4371 1157 4424 Ἐκ
1186 4369 1392 4424 τούτων
1437 4367 1531 4424 οὖν
1583 4369 1694 4423 τῶν
1737 4369 1911 4437 λόγων

2014 3182 2206 3236 luxum
2259 3190 2316 3236 et
2363 3180 2593 3236 delicias
2637 3189 3120 3246 converterentur,
3166 3173 3399 3233 sublatis
3454 3171 3522 3226 iis
3563 3184 3599 3225 a

2015 3276 2218 3346 quibus
2247 3273 2315 3329 ad
2370 3274 2449 3330 rei
2483 3273 2694 3330 bellicae
2735 3272 3189 3328 exercitationem
3220 3272 3548 3337 cogerentur
3573 3276 3598 3319 :

2016 3383 2156 3422 neve
2206 3382 2307 3436 per
2338 3366 2608 3436 ignaviam
2658 3365 2963 3421 deteriores
2995 3364 3211 3423 ﬁerent,
3249 3358 3474 3430 paribus
3499 3354 3601 3410 ad-

2017 3456 2281 3513 versariis
2324 3465 2600 3513 carentes.
2657 3456 2900 3511 Tandem
2957 3465 3140 3508 tamen
3198 3465 3304 3506 una
3345 3446 3594 3503 omnium

2016 3547 2289 3603 sententia
2324 3547 2447 3607 fuit.
2484 3545 2871 3616 Carthaginem
2902 3541 3257 3600 evertendam
3284 3555 3427 3603 esse,
3463 3550 3590 3591 cum

2016 3639 2245 3694 credere
2270 3655 2380 3693 non
2413 3646 2665 3708 possent,
2694 3653 2816 3692 eam
2859 3637 3052 3691 urbem
3090 3645 3332 3702 unquam
3377 3628 3594 3683 sincere

2014 3746 2204 3803 pacem
2236 3740 2597 3785 servaturam.
2646 3729 2838 3799 Itaque
2890 3728 3138 3781 funditus
3170 3737 3366 3779 eversa
3397 3729 3502 3780 est,
3536 3725 3595 3773 et

2015 3822 2135 3892 ejus
2168 3820 2348 3875 solum
2397 3819 2533 3874 diris
2581 3817 3076 3887 imprecationibus
3126 3812 3485 3875 obstrictum,
3523 3823 3593 3862 ne

2016 3911 2143 3983 quis
2178 3926 2419 3983 unquam
2457 3912 2511 3965 in
2542 3926 2609 3967 eo
2637 3910 2939 3965 habitaret.
2971 3909 3049 3964 Ex
3078 3905 3312 3977 captivis
3342 3904 3594 3974 plerique

2018 4004 2075 4060 in
2104 4020 2328 4059 carcere
2359 4005 2648 4074 perierunt
2674 4020 2688 4056 :
2731 4003 2918 4073 pauci,
2951 3999 3297 4072 principibus
3322 3994 3591 4063 exceptis,

2015 4094 2248 4152 venditi.
2282 4095 2417 4150 Nam
2447 4095 2505 4161 ii,
2536 4104 2593 4150 et
2612 4094 2858 4160 obsides,
2891 4101 2948 4149 ct
2977 4091 3247 4148 Asdrubal
3274 4098 3330 4145 et
3359 4086 3592 4156 Bithias,

2015 4190 2108 4244 alii
2139 4188 2194 4242 in
2225 4187 2349 4243 aliis
2384 4187 2553 4242 Italiae
2587 4186 2839 4257 partibus
2873 4186 3042 4241 vitam
3102 4184 3156 4237 in
3185 4181 3377 4237 liberis
3406 4187 3597 4235 custo-

2014 4282 2122 4338 diis
2152 4288 2478 4351 exegerunt.
2528 4279 2715 4349 Scipio
2764 4277 2931 4351 470
2959 4276 3187 4348 gloriam
3234 4283 3292 4330 et
3324 4274 3591 4328 honorem

2016 4374 2270 4444 adeptus,
2302 4387 2504 4426 nomen
2533 4371 2778 4426 Africani
2818 4386 2923 4425 non
2978 4370 3089 4441 jam
3120 4370 3189 4424 ab
3220 4382 3324 4422 avo
3356 4363 3596 4420 haeredi-

336 4466 543 4529 πάντες
572 4465 932 4536 κατασκάψαι
985 4465 1088 4535 τὴν
1123 4463 1449 4534 Καρχηδόνα
1504 4462 1911 4533 ὠμογνωμόνη-

2022 4464 2244 4527 tarium,
2277 4461 2375 4516 sed
2410 4477 2508 4531 per
2546 4477 2606 4516 se
2638 4470 2855 4531 partum
2887 4459 3101 4515 habuit.

337 4574 462 4625 σαν,
496 4559 710 4629 μήποτε
736 4557 1054 4628 είρηνήσειν
1084 4555 1333 4617 ἐκείνως
1364 4553 1757 4618 πιστεύσαντες
1783 4554 2034 4625 ἀκριϐῶς
2056 4571 2070 4584 ⁸
2104 4555 2202 4607 κα)⁸
2227 4555 2378 4607 πᾶσα
2412 4553 2581 4625 ἄρδην
2608 4553 2913 4616 ἀνάστατος
2936 4553 3151 4621 γέγονε,
3177 4553 3272 4605 καὶ
3304 4550 3594 4619 ἐπάρατον

345 4652 631 4724 ἐψηφίσθη
660 4650 722 4704 τὸ
755 4649 841 4704 ἐπ’
870 4650 1040 4716 αὐτὴν
1065 4648 1398 4718 κατοικῆσαί
1427 4664 1575 4701 τινα.
1608 4648 1721 4701 Καὶ
1746 4647 1858 4701 τῶν
1884 4648 2095 4721 ἀνδρῶν
2130 4649 2239 4702 τῶν
2272 4650 2515 4704 ἁλόντων
2549 4649 2601 4702 οἱ
2636 4649 2733 4718 μὲν
2768 4647 2986 4712 πλείους
3017 4650 3095 4711 είς
3121 4650 3179 4701 τὸ
3208 4647 3591 4715 δεσμωτήριον

337 4746 734 4819 ἑνεϐλήθησαν,
765 4747 927 4800 κάκεῖ
949 4745 1348 4815 διεφθάρησαν·
1402 4744 1575 4810 ὀλίγοι
1634 4743 1692 4798 δέ
1737 4761 1907 4809 τινες,
1942 4746 2081 4817 πλὴν
2109 4745 2219 4799 τῶν
2242 4746 2386 4799 πάνυ
2420 4744 2657 4815 πρώτων
2694 4744 3017 4815 ἐπράθησαν
3040 4759 3053 4772 ·
3101 4734 3249 4795 οὗτοι
3297 4741 3405 4810 γὰρ
3433 4738 3488 4790 οἵ
3533 4752 3594 4788 τε

335 4842 560 4911 ὅμηροι,
584 4839 676 4892 καὶ
705 4838 734 4891 ὁ
776 4835 1109 4906 Ἀσδρούϐας
1146 4836 1243 4889 καὶ
1272 4837 1299 4888 ό
1329 4834 1547 4898 Βιθίας,
1575 4834 1727 4889 ἄλλοι
1755 4835 1894 4909 άλλη
1918 4837 2017 4904 τῆς
2063 4836 2297 4900 Ἰταλίας
2333 4838 2390 4889 ὲν
2433 4838 2694 4906 φρουραῖς
2724 4836 2982 4906 ἁδέσμοις
3025 4833 3387 4887 κατεϐίωσαν.
3445 4829 3503 4881 Ὀ
3536 4826 3594 4878 δὲ

342 4930 767 4997 Σκιπίωνδόξης
791 4946 853 4983 τε
885 4928 1045 5000 Ετυχε
1073 4928 1167 4981 καὶ
1191 4928 1382 4998 τιμῆς,
1412 4929 1510 4981 καὶ
1533 4928 1865 4999 ’Δφρικανὸς
1897 4928 1997 4981 οὐκ
2020 4912 2140 4981 Ἀπὸ
2169 4928 2264 4981 τοῦ
2291 4927 2547 4993 πάππου,
2585 4927 2702 4980 ἀλλ’
2737 4912 2985 4981 άπδτῶν
3016 4926 3230 4978 οἰκείων
3256 4918 3591 4986 ἐπεκέκλητο

337 5021 616 5092 πράξεων.

409 5116 536 5167 AA'.
568 5111 702 5165 Τότε
752 5110 811 5163 δὶ
857 5109 954 5164 καὶ
986 5109 1020 5178 ή
1074 5107 1338 5177 Κόρινθος
1375 5108 1719 5179 κατεσκάφη.
1761 5106 1917 5162 Ἐπεὶ

337 5204 451 5271 γὰρ
483 5201 592 5257 τῶν
628 5201 900 5269 Ἑλλήνων
915 5198 968 5252 οἱ
989 5198 1413 5269 κορυφαιότατοι
1443 5198 1547 5251 ὑπὸ
1574 5197 1669 5251 τοῦ
1703 5197 1913 5251 Παύλου

338 5294 593 5365 Αἰμιλίου
648 5290 1068 5363 μετῳκίσθησαν
1107 5290 1188 5354 είς
1225 5288 1325 5358 τὴν
1363 5288 1611 5355 Ἰταλίαν,
1644 5289 1694 5342 οί
1734 5288 1914 5342 λοιποὶ

337 5388 401 5439 τὴ
451 5384 551 5456 μὲν
598 5384 815 5455 πρῶτον
862 5380 1182 5455 πρεσϐείαις
1236 5379 1361 5443 τοὺς
1388 5379 1589 5448 ἄνδρας
1618 5381 1862 5452 ἀπῄτουν
1895 5396 1911 5416 ο

340 5476 418 5539 ὡς
467 5475 512 5529 δ’
563 5474 666 5528 οὐκ
720 5472 935 5544 Ιτυχον,
986 5471 1081 5527 καί
1124 5488 1270 5535 τινες
1309 5473 1535 5524 ἐκείνων
1580 5472 1679 5540 τὴν
1729 5471 1911 5524 οἴκαδε

343 5566 673 5637 ἀπογνόντες
698 5565 962 5619 ἐπάνοδον
987 5563 1213 5625 ἑαυτοὺς
1241 5561 1621 5634 διεχρήσαντο,
1660 5562 1913 5631 χαλεπῶς

340 5660 627 5724 διέκειντο,
659 5662 755 5715 καὶ
793 5659 992 5723 πένθος
1022 5660 1285 5731 δημόσιον
1325 5658 1680 5729 ἐποιήσαντο,
1708 5659 1822 5722 τοῖς
1849 5675 1912 5713 τε

343 5755 415 5809 τὰ
457 5754 746 5827 Ῥωμαίων
793 5752 1051 5826 φρονοῦσι
1106 5754 1256 5824 παρὰ
1290 5752 1475 5824 σφίσιν
1503 5750 1820 5825 ὠργίζοντο,
1854 5753 1916 5807 ού

2093 5108 2286 5165 XXXI.
2328 5110 2468 5165 Tum
2507 5109 2810 5166 Corinthus
2850 5107 3013 5163 etiam
3062 5112 3147 5160 est
3197 5116 3410 5157 eversa.
3454 5099 3592 5154 Nam

2024 5214 2149 5254 cum
2200 5200 2404 5255 Paulus
2450 5198 2709 5255 IEmilius
2738 5199 3052 5254 Graecorum
3085 5192 3363 5262 principes
3399 5191 3453 5244 in
3485 5190 3595 5244 [ta-

2021 5294 2151 5349 liam
2181 5293 2556 5348 transtulisset
2583 5311 2596 5346 :
2630 5291 2814 5348 caeteri
2842 5290 3078 5360 primum
3112 5301 3208 5341 eos
3230 5282 3597 5354 legationibus

2020 5386 2424 5456 repetiverunt.
2475 5386 2550 5440 Ea
2585 5401 2646 5442 re
2682 5400 2792 5440 non
2844 5383 3156 5453 impetrata,
3210 5393 3336 5435 eum
3367 5376 3593 5448 quidam

2019 5492 2213 5533 eorum
2263 5477 2486 5531 domum
2550 5476 2839 5531 reditionis
2889 5489 2986 5545 spe
3039 5473 3274 5534 sublata,
3316 5470 3423 5542 ipsi
3487 5468 3595 5525 sibi

2020 5587 2216 5626 manus
2262 5571 2598 5631 attulissent,
2647 5569 2886 5639 graviter
2936 5565 3120 5619 amicti
3166 5563 3441 5634 publicum
3478 5560 3598 5614 luc-

2020 5676 2141 5721 tum
2172 5664 2557 5728 instituerunt,
2607 5662 2978 5717 Romanorum
3030 5658 3175 5727 apud
3231 5672 3288 5712 se
3328 5651 3597 5711 studiosis

2027 5757 2177 5825 irati,
2222 5756 2359 5815 nihil
2404 5764 2587 5811 tamen
2620 5753 2818 5810 hostile
2846 5768 2958 5823 prae
2990 5767 3048 5809 se
3092 5751 3375 5807 tulerunt:
3419 5748 3594 5803 donec
