4008 6250
429 225 536 288 799

1732 211 2062 280 JOANNIS
2091 210 2420 276 ΖΟΝΑΒΕ

3599 221 3705 288 800

428 340 669 412 reliquis
715 357 781 396 ex
837 341 908 397 iis
948 338 1085 395 viris
1134 338 1393 410 receptis,
1447 336 1485 393 ii
1544 335 1752 408 quibus
1806 333 2024 406 injuriae

2132 332 2320 402 μέντοι
2348 333 2444 388 καὶ
2490 332 2753 406 πολέμιόν
2784 350 2839 389 τι
2875 334 3243 402 ἐπεδείξαντο,
3280 335 3477 406 μέχρις
3501 332 3565 393 οὗ
3591 340 3715 400 τοὺς

430 434 591 490 factae
623 443 805 498 erant,
840 443 895 487 et
919 432 1017 503 qui
1045 432 1226 490 aliena
1263 430 1550 493 tenebant,
1587 429 1793 486 bellum
1822 443 2014 484 susce-

430 534 679 597 perunt:
720 524 938 581 Achaia
981 523 1349 580 dissensionis
1375 516 1723 590 auctoribus,
1755 521 2018 578 Lacedae-

432 616 652 671 monios
689 614 796 670 sibi
849 629 1075 671 causam
1119 615 1390 671 malorum
1440 613 1722 671 exstitisse
1775 629 2021 686 conque-

435 706 716 769 rentibus.
748 706 1015 761 Romanis
1036 722 1132 762 eos
1163 708 1466 763 conciliare
1496 708 1881 765 adnitentibus
1909 723 2019 764 non

436 811 764 872 paruerunt,
810 805 906 858 sed
946 805 1190 860 Critolao
1240 806 1381 861 duce
1417 814 1625 869 creato,
1672 821 1823 860 arma
1857 820 2021 875 cepe-

433 902 585 947 runt.
619 893 809 964 itaque
839 896 1054 950 veritus
1083 896 1355 961 Metellus,
1388 912 1457 952 ne
1479 896 1855 953 Macedoniam
1882 913 2025 968 quo-

434 1001 546 1055 que
602 986 931 1043 invaderent
987 988 1116 1059 (jam
1165 989 1313 1045 enim
1345 990 1685 1047 Thessaliam
1731 989 2023 1059 intrarant)

435 1077 593 1147 prior
643 1078 863 1133 obviam
906 1081 1208 1150 profectus,
1262 1097 1361 1138 eos
1413 1064 1745 1154 proﬂigavit.
1776 1081 2024 1139 Critolao

435 1185 603 1232 caeso.
640 1170 814 1229 Graeci
845 1174 899 1228 in
936 1173 1090 1256 duas.
1104 1184 1293 1246 partes
1319 1185 1450 1231 sunt
1474 1176 1748 1242 distracti,
1776 1192 1901 1232 cum
1928 1176 2022 1232 alii

436 1262 636 1332 positis
679 1264 855 1320 armis
902 1282 1094 1335 pacem
1145 1277 1495 1338 expeterent,
1543 1269 1635 1325 alii
1689 1269 2021 1326 seditionem

437 1366 729 1427 urgerent.
776 1358 925 1415 οἰωο
968 1376 1181 1416 summa
1214 1378 1399 1417 rerum
1442 1363 1731 1433 permissa.
1766 1364 1887 1433 Quo
1910 1364 2027 1420 Ro-

438 1450 588 1504 mani
624 1452 869 1523 cognito,
902 1452 1228 1510 Mummium
1256 1456 1478 1512 Metello
1506 1472 1886 1514 successorem
1914 1456 2025 1511 mi-

437 1552 672 1598 serunt:
733 1547 830 1616 qui
881 1562 1006 1602 cum
1062 1547 1192 1604 belli
1244 1550 1724 1607 administratione
1767 1561 2026 1622 suscepta

437 1635 652 1709 plagam
689 1653 757 1694 ex
810 1640 1028 1697 insidiis
1066 1657 1192 1698 cum
1242 1653 1401 1714 parte
1447 1643 2026 1716 exercitusuarccpis-

438 1734 544 1791 set,
580 1728 729 1784 Diaeo
754 1730 1029 1801 fugientes
1058 1748 1235 1804 usque
1285 1736 1352 1790 ad
1388 1746 1566 1792 castra
1599 1748 1914 1809 persecute,
1947 1740 2030 1795 vi-

439 1819 628 1875 cissim
677 1837 958 1894 egressus,
1015 1841 1084 1880 eo
1110 1828 1400 1899 proﬂigato
1430 1830 1499 1885 ad
1546 1831 1878 1888 Aeltaorum
1912 1833 2033 1889 val-

439 1909 553 1966 lum
584 1917 757 1970 venit.
798 1917 980 1974 Diaeus
1030 1936 1163 1975 vero
1195 1922 1500 1994 majoribus
1546 1925 1722 1996 copiis
1757 1925 2027 1995 collectis,

440 2019 685 2076 pugnare
725 2020 972 2079 paratus,
1006 2012 1288 2070 Romanos
1315 2014 1371 2070 in
1422 2017 1620 2074 castris
1651 2033 1710 2073 se
1736 2019 2032 2076 continen-

440 2105 525 2153 tes
550 2102 910 2172 contempsit,
949 2103 1005 2157 in
1053 2105 1360 2161 convallem
1393 2106 1540 2163 inter
1574 2120 1759 2165 castra
1790 2110 2029 2165 mediam

439 2205 789 2262 progressus.
848 2195 927 2251 Eo
958 2196 1075 2251 viso
1106 2198 1397 2254 Memmius
1429 2200 1639 2271 aliquot
1667 2202 1889 2273 equites
1923 2203 2029 2256 mi-

440 2284 537 2351 sit,
567 2287 661 2356 qni
699 2286 888 2343 hostes
916 2304 982 2344 ex
1015 2290 1244 2361 obliquo
1276 2293 1730 2363 aggrederentur,
1767 2311 1797 2350 a
1826 2295 2031 2367 quibus

443 2390 570 2431 eum
621 2379 831 2434 turbati
879 2392 1086 2447 essent,
1148 2385 1422 2456 phalange
1476 2402 1507 2442 a
1561 2386 1742 2443 fronte
1793 2389 2030 2445 adducta

440 2466 645 2524 multos
675 2471 899 2528 occidit.
954 2473 1107 2530 Unde
1156 2476 1337 2532 Discus
1367 2476 1676 2548 desperatis
1725 2480 1894 2536 rebus
1922 2481 2030 2537 sibi

442 2575 641 2617 manus
666 2563 876 2630 attulit,
909 2580 976 2622 ex
1009 2566 1076 2622 iis
1102 2583 1238 2624 vero
1285 2570 1383 2640 qui
1414 2585 1447 2625 ο
1500 2588 1683 2643 pugna
1714 2582 2027 2639 evaserant,

439 2652 715 2711 Corinthii
747 2658 952 2727 passim
988 2660 1045 2715 in
1071 2662 1220 2732 agris
1249 2672 1380 2719 sunt
1403 2664 1663 2735 dispersi,
1695 2666 1880 2723 caeteri
1932 2667 2033 2723 do-

440 2761 592 2803 mum
638 2749 985 2822 refugerunt.
1050 2754 1290 2811 Proinde
1342 2756 1621 2813 Corinthii
1677 2759 1773 2830 qui
1827 2761 2030 2817 mtenia

442 2836 763 2905 tuebantur,
811 2857 1010 2899 omnes
1053 2845 1289 2914 periisse
1340 2847 1467 2911 rati.
1520 2849 1715 2905 urbem
1767 2849 2032 2908 deserue-

2123 425 2440 496 περιλιπεῖς
2488 426 2599 480 τῶν
2650 426 2862 500 ἀνδρῶν
2913 427 3140 483 ἐκείνων
3192 430 3547 500 ἐκομίσαντο.
3578 434 3715 486 Τότε

2120 518 2179 573 δὲ
2211 519 2582 591 διενεχθέντες
2609 521 2862 593 ἀλλήλοις
2909 523 2964 576 οἴ
2996 522 3044 577 τ’
3088 523 3412 594 ἠδικημένοι
3446 527 3545 580 καὶ
3573 529 3626 580 oi
3649 531 3717 580 τὰ

2123 611 2381 684 ἀλλότρια
2410 612 2627 684 ἔχοντες
2656 614 3029 684 ιπολέμησαν.
3073 616 3350 687 Ἤρξαντο
3376 617 3435 672 δὲ
3471 619 3569 688 τῆς
3593 619 3715 675 δια·

2127 708 2302 778 φορᾶς
2324 707 2373 761 οι
2421 707 2653 778 Ἀχαιοὶ,
2686 709 2804 772 τοῖς
2848 708 3305 779 Λακεδαιμονίοις
3351 711 3719 779 ἐγκαλοῦντες

2123 788 2199 865 ὦς
2229 800 2428 864 αἰτίοις
2455 801 2565 855 τῶν
2590 801 3018 873 συμὸεϐηκότων
3041 802 3225 866 αὐτοῖς
3249 820 3264 834 ·
3306 805 3400 858 καὶ
3422 805 3537 858 τῶν
3578 806 3718 859 Ῥω-

2130 893 2309 965 μαίων
2341 893 2669 958 διαλλακτὰς
2702 894 2887 958 αὐτοῖς
2930 894 3285 961 στειλάντων,
3317 896 3419 949 οὐκ
3451 897 3719 967 ἐπείσθη-

2129 1003 2252 1049 σαν,
2285 985 2422 1039 ἀλλὰ
2453 986 2591 1055 πρὸς
2641 986 2878 1057 πόλεμον
2915 986 3187 1059 ὥρμησαν
3245 990 3551 1058 Κριτόλαιν
3581 1006 3722 1060 προ-

2128 1076 2489 1147 στησάμενοι.
2521 1077 2718 1142 Δείσας
2773 1077 2870 1133 οὖν
2923 1080 2951 1131 δ
3007 1078 3280 1144 Μέτελλος
3342 1079 3417 1150 μὴ
3470 1081 3571 1134 καὶ
3621 1082 3722 1153 τῆς

2128 1169 2473 1231 Μακεδονίας
2515 1170 2763 1241 ἅψωνται
2802 1172 2924 1244 (ἤδη
2971 1172 3080 1242 γὰρ
3126 1174 3209 1237 εἰς
3274 1173 3374 1245 τὴν
3409 1174 3722 1229 Θεσσαλίαν

2130 1246 2458 1333 παρῆλθον),
2488 1265 2913 1335 προαπήντησεν
2943 1267 3128 1330 αὐτοῖς
3158 1266 3255 1321 καὶ
3283 1265 3573 1337 ἐτρέψατο.
3608 1269 3722 1321 Καὶ

2128 1355 2223 1409 τοῦ
2249 1357 2554 1428 Κριτολάου
2580 1358 2843 1423 πεσόντος
2872 1359 2994 1431 διχῆ
3022 1361 3248 1433 διῄρητο
3272 1361 3334 1416 τδ
3379 1361 3722 1430 Ἑλληνικόν.

2132 1453 2194 1504 0i
2227 1451 2328 1521 μὲν
2366 1450 2476 1524 γὰρ
2532 1453 2671 1524 πρὸς
2714 1454 2946 1523 εἰρήνην
2997 1454 3302 1508 ἀπέκλιναν
3331 1456 3427 1509 καὶ
3473 1453 3547 1507 τὰ
3577 1452 3723 1508 ὅπλα

2130 1542 2425 1598 κατέθεντο
2450 1559 2468 1574 ο
2521 1544 2571 1597 oi
2623 1543 2681 1597 δὲ
2723 1545 2819 1597 καὶ
2863 1543 2945 1597 ἔτι
2990 1543 3315 1609 ἐστασίαζον
3352 1544 3427 1615 τῷ
3455 1543 3627 1615 Διαίῳ
3656 1545 3725 1598 τὰ

2136 1636 2446 1707 πράγματα
2530 1635 2956 1709 ἐπιτρέψαντες.
3005 1639 3069 1691 Ἀ
3124 1638 3391 1708 μαθόντες
3434 1640 3486 1692 ei
3544 1639 3603 1691 ὲν
3656 1639 3721 1708 τῇ

2145 1724 2358 1800 Ῥώμῃ,
2393 1729 2483 1783 ἐπ’
2535 1730 2735 1795 αὐτοὺς
2768 1730 2859 1783 τὸν
2899 1731 3160 1800 Μόμμιον
3206 1729 3487 1799 ἔπεμψαν,
3539 1730 3600 1792 ὃς
3633 1732 3725 1784 τον

2136 1825 2237 1895 μὲν
2291 1822 2565 1878 Μέτελλον
2612 1824 2949 1895 ἀπήλλαξεν,
3017 1823 3182 1886 αὐτὸς
3231 1822 3290 1877 δὲ
3337 1822 3435 1877 τοῦ
3480 1821 3725 1892 πολέμου

2131 1921 2334 1991 εἴχετο,
2374 1919 2471 1975 καί
2505 1937 2631 1974 τινα
2660 1920 2881 1991 πληγὴν
2915 1920 3075 1992 μέρει
3106 1921 3204 1989 τῆς
3244 1921 3510 1991 στρατιᾶς
3542 1919 3725 1973 λαϐὼν

2131 2012 2192 2077 ἐξ
2245 2011 2495 2082 ἐνέδρας,
2535 2009 2632 2065 τοῦ
2679 2011 2872 2065 Διαίου
2930 2009 3373 2076 καταδιώξαντος
3413 2010 3582 2081 μέχρι
3627 2009 3722 2063 τοῦ

2134 2103 2288 2172 σφῶν
2327 2103 2702 2178 στρατοπέδου
2763 2101 2893 2167 τοὺς
2944 2102 3274 2172 φεύγοντας,
3324 2098 3722 2169 ἀντεπεξῆλθε,

2133 2197 2230 2250 καὶ
2288 2197 2638 2268 τρεψάμενος
2692 2196 2856 2249 αὑτὸν
2894 2196 3033 2266 πρὸς
3068 2196 3129 2249 τὸ
3158 2195 3268 2249 τῶν
3311 2193 3551 2264 ’Δχαιῶν
3590 2187 3725 2263 ἦλθε

2133 2288 2469 2359 χαράκωμα.
2511 2287 2799 2360 Ἀθροίσας
2827 2287 2885 2341 δὲ
2924 2287 3159 2359 δύναμιν
3187 2289 3216 2341 ὁ
3268 2286 3454 2350 Δίαιος
3500 2284 3728 2339 πλείονα

2133 2377 2436 2449 συμϐαλεῖν
2465 2378 2654 2441 αὐτοῖς
2682 2378 3068 2449 ἐπεχείρησεν.
3116 2377 3206 2442 Ὠς
3228 2378 3273 2430 δ’
3312 2376 3414 2431 οὔκ
3445 2374 3722 2447 ἀντεξώρο

2134 2491 2318 2547 μησαν
2344 2476 2395 2528 oi
2432 2475 2723 2545 Ῥωμαίοι,
2755 2472 3165 2543 κατεφρόνησεν
3185 2472 3392 2537 αὐτῶν,
3424 2470 3522 2524 καὶ
3561 2472 3644 2534 εἰς
3665 2469 3727 2523 τὸ

2135 2567 2301 2638 μέσον
2330 2569 2443 2620 τῶν
2488 2566 2873 2638 στρατοπέδων
2907 2567 3088 2620 κοῖλον
3115 2563 3176 2618 ὃν
3232 2563 3531 2636 προῆλθεν.
3573 2561 3727 2616 Ἰδὼν

2130 2656 2225 2714 οὖν
2252 2659 2399 2714 τοῦθ’
2436 2661 2464 2713 ὀ
2492 2659 2753 2730 Μόμμιος
2778 2659 2889 2712 τῶν
2919 2652 3135 2712 ἱππέων
3159 2659 3314 2719 τινάς
3339 2657 3520 2727 λάθρα
3549 2657 3726 2721 ἔπεμ-

2129 2753 2252 2823 ψεν,
2291 2750 2358 2805 ἶν’
2419 2753 2486 2805 εκ
2520 2751 2754 2819 πλαγίου
2795 2750 2982 2813 αὐτοῖς
3015 2749 3408 2818 ἑπιγένωνται.
3445 2750 3557 2816 Καὶ
3602 2749 3726 2800 ἐπεὶ

2131 2849 2333 2902 ἐκεῖνοι
2373 2844 2780 2918 προσϐαλόντες
2808 2844 3014 2908 αὐτοὺς
3047 2842 3446 2913 συνετάραξαν,
3471 2842 3725 2911 ἐπήγαγε

440 2942 594 2995 runt,
628 2949 732 3003 qua
765 2934 1066 2995 Mummius
1109 2939 1243 2996 viris
1274 2955 1449 2998 vacua
1484 2952 1666 3013 capta,
1714 2952 1771 3000 et
1820 2945 1945 3000 illos
1975 2957 2024 3001 ct

2132 2944 2234 3012 τὴν
2266 2941 2529 3011 φάλαγγα
2558 2941 2702 2995 κατὰ
2756 2939 3077 3011 πρόσωπον,
3108 2937 3205 2992 καὶ
3234 2936 3464 2999 πολλοὺς
3500 2937 3725 3004 ἐφόνευ-

439 3033 669 3082 caeteros
694 3028 913 3086 Graecos
939 3032 1083 3088 citra
1116 3033 1363 3090 laborem
1398 3035 1615 3092 domuit
1642 3055 1656 3093 :
1697 3052 1763 3093 ac
1806 3046 1924 3092 tum
1949 3039 2024 3094 eis

2139 3051 2252 3089 σεν.
2307 3034 2404 3087 Ἐκ
2450 3032 2508 3086 δὲ
2564 3032 2757 3087 τούτου
2808 3032 2992 3093 Δίαιος
3044 3030 3144 3102 μὲν
3204 3029 3483 3098 ἀπογνοὺς
3526 3028 3726 3082 “ortv

436 3130 611 3185 arma,
666 3120 894 3177 donaria
949 3127 1305 3195 templorum,
1361 3138 1594 3197 statuas,
1650 3131 1918 3202 picturas,
1972 3139 2024 3188 et

2133 3126 2449 3181 ἀπέκτεινε.
2485 3125 2608 3178 Τῶν
2652 3124 2701 3178 δ’
2735 3126 2801 3178 ἔκ
2842 3124 2945 3196 τῆς
2998 3124 3184 3195 μάχης
3218 3122 3644 3193 περισωθέντων
3673 3119 3724 3173 oi

437 3211 546 3265 alia
577 3225 904 3272 ornamenta
937 3219 1166 3273 ademit.
1200 3220 1365 3277 Patre
1390 3231 1575 3278 autem
1606 3224 1727 3293 ejus
1747 3239 1874 3279 cum
1904 3224 2024 3281 aliis

2135 3221 2237 3291 μὲν
2270 3218 2557 3290 Κορίνθιοι
2613 3217 2757 3272 κατά
2810 3218 2912 3286 τὴν
2963 3216 3151 3288 χώραν
3202 3214 3642 3283 ἐσκεδάσθησαν,
3671 3215 3722 3267 oi

436 3302 505 3357 ad
545 3318 636 3359 res
667 3316 795 3375 post
834 3308 994 3380 5'71
1033 3310 1323 3367 victoriam
1366 3317 1777 3381 componendas
1832 3316 2021 3383 misso,

438 3399 807 3467 quorumdam
855 3404 1056 3459 moenia
1110 3406 1347 3461 evertit:
1384 3421 1687 3479 omnesque
1736 3408 1944 3464 liberos
1968 3418 2024 3464 et

436 3491 524 3547 sui
562 3494 706 3564 juris
751 3510 875 3551 esse
922 3512 1119 3567 passus
1147 3509 1251 3566 est,
1283 3510 1485 3571 praeter
1510 3501 1851 3569 Corinthios,
1882 3518 2022 3576 quos

436 3586 541 3641 sub
570 3601 777 3643 corona
809 3590 1079 3653 vendidit,
1110 3607 1243 3663 agro
1277 3609 1472 3649 eorum
1506 3595 1812 3665 publicato,
1844 3597 2021 3653 muris

434 3679 761 3751 ueterisque
808 3683 1068 3738 omnibus
1107 3683 1358 3740 aediliciis
1413 3686 1736 3743 subversis:
1785 3689 2016 3757 veritus,

431 3787 504 3828 ne
534 3788 656 3829 eam
687 3774 778 3829 alii
812 3775 884 3831 ob
916 3786 1119 3832 tantam
1170 3778 1594 3849 amplitudinem
1655 3791 2015 3852 occuparent.

2130 3312 2175 3366 δ’
2227 3312 2379 3369 ἄλλοι
2436 3311 2628 3367 οἴκαδε
2674 3311 2900 3381 ἔφυγον.
2933 3310 3103 3365 Ὅθεν
3142 3312 3238 3365 καὶ
3266 3311 3316 3363 οἱ
3348 3311 3409 3363 ὲν
3447 3306 3529 3380 τῷ
3550 3309 3723 3379 τείχει

2131 3405 2414 3479 Κορίνθιοι
2466 3407 2677 3469 πάντας
2711 3405 3057 3459 ἀπολωλέναι
3096 3404 3422 3477 νομίσαντες
3471 3402 3723 3468 ἐξέλιπον

2128 3499 2229 3571 τὴν
2285 3499 2469 3565 πόλιν,
2524 3499 2620 3553 καὶ
2689 3499 2854 3568 κενὴν
2906 3497 3079 3568 αὐτὴν
3129 3496 3343 3567 ἀνδρῶν
3388 3497 3418 3549 ὁ
3462 3496 3723 3565 Μόμμιος

2130 3591 2315 3647 ἔλαϐε.
2351 3591 2459 3644 Καὶ
2493 3589 2633 3662 μετά
2659 3589 2836 3645 ταῦτα
2875 3590 3168 3653 κάκείνους
3217 3589 3314 3642 καὶ
3354 3588 3485 3651 τοὺς
3517 3587 3719 3651 ἄλλους

2132 3684 2405 3750 Ἕλληνας
2433 3683 2655 3747 ἀπόνως
2687 3683 3153 3754 προσεποιήσατο.
3199 3681 3312 3735 Καὶ
3362 3683 3488 3735 τότε
3519 3681 3622 3751 μὲν
3650 3683 3720 3735 τά

2125 3778 2268 3833 ὅπλα
2300 3778 2483 3832 αὐτῶν
2512 3777 2608 3831 καὶ
2641 3777 2744 3833 δσα
2769 3776 2907 3846 πρὸς
2931 3779 3047 3840 τοῖς
3075 3776 3244 3844 ίεροῖς
3282 3776 3590 3840 ἀνέκειντο,
3623 3774 3721 3828 καὶ

431 3863 514 3920 Ne
541 3866 667 3937 quis
714 3882 847 3922 vero
894 3867 1308 3926 Corinthiorum
1355 3872 1575 3937 lateret,
1629 3882 1727 3929 aut
1778 3874 2016 3930 aliorum

2130 3872 2253 3937 τοὺς
2277 3871 2628 3941 ἀνδριάντας,
2659 3872 2761 3934 τάς
2786 3886 2847 3923 τε
2880 3870 3103 3939 γραφὰς
3132 3870 3228 3923 καὶ
3253 3868 3310 3921 εἴ
3332 3886 3386 3922 τι
3426 3869 3561 3923 ἄλλο
3581 3867 3721 3936 πρὸς

431 3956 748 4013 Graecorum
782 3974 883 4030 pro
917 3959 1210 4018 Corinthio
1239 3964 1494 4020 veniret:
1546 3980 1740 4021 omnes
1765 3965 1860 4037 qui
1887 3965 2020 4022 ade-

2130 3964 2332 4034 κόσμον
2362 3958 2535 4034 εἶχον,
2589 3961 2904 4032 παρείλετο.
2935 3960 3309 4032 Πεμφθέντων
3334 3960 3395 4013 δὲ
3442 3960 3496 4014 οἱ
3524 3960 3622 4013 τοῦ
3658 3976 3722 4013 τε

433 4060 582 4114 rant,
633 4050 956 4125 priusquam
1003 4056 1135 4126 quid
1182 4057 1455 4128 agendum
1500 4068 1647 4114 esset
1680 4058 2014 4126 declararet,

2130 4054 2336 4127 πατρὸς
2372 4055 2487 4123 (57)
2509 4055 2603 4107 καὶ
2631 4054 2811 4109 ἄλλων
2839 4054 2933 4107 ἐπὶ
2955 4052 3417 4107 καταστάσειτῶν
3449 4052 3716 4108 ἁλόντων,

432 4144 759 4200 convocavit
784 4161 799 4201 :
829 4145 1008 4217 iisque
1030 4147 1445 4204 dissimulanter
1473 4149 1745 4205 militibus
1771 4148 2013 4205 circum-

2130 4144 2278 4214 τείχη
2302 4143 2360 4197 τέ
2386 4161 2550 4197 τινων
2585 4144 2831 4215 περιεῖλε
2854 4184 2870 4207 ,
2906 4142 3001 4197 καὶ
3030 4143 3351 4221 ἐλευθέρους
3383 4142 3596 4206 πάντας
3623 4141 3722 4196 καὶ

431 4230 621 4297 clusis,
654 4244 772 4288 tum
797 4234 1033 4290 aliorum
1063 4236 1396 4299 libertatem,
1437 4246 1551 4293 tum
1591 4239 2014 4297 Corinthiorum

2130 4237 2459 4306 αὐτονόμους
2510 4234 2652 4306 πλὴν
2709 4234 2821 4288 τῶν
2894 4235 3203 4307 Κορινθίων
3243 4234 3451 4305 ἀφῆκε.
3495 4235 3610 4307 Τῆς
3656 4234 3719 4289 δὲ

430 4323 753 4380 servitutem
783 4328 1181 4395 pronuntiavit.
1210 4328 1419 4385 Deinde
1447 4345 1723 4400 quemque
1750 4331 1853 4387 sibi
1884 4348 2013 4403 pro-

2130 4327 2394 4399 Κορίνθου
2425 4325 2552 4391 τούς
2581 4343 2642 4380 τε
2677 4327 2971 4398 οἰκήτορας
2999 4325 3232 4380 ἀπέδοτο
3272 4325 3369 4378 καὶ
3400 4325 3505 4398 τὴν
3528 4325 3718 4397 χώραν

429 4415 639 4471 ximum
666 4419 1084 4490 apprehendere
1112 4422 1299 4492 jussit,
1339 4432 1396 4476 ut
1434 4423 1595 4492 plane
1627 4424 2016 4481 discerneren-

2130 4420 2491 4492 ἐδημοσίωσε,
2519 4419 2589 4474 τά
2618 4436 2678 4472 τε
2712 4419 2865 4489 τείχη
2887 4419 2983 4472 καὶ
3008 4417 3079 4471 τὰ
3115 4417 3251 4472 ἄλλα
3297 4416 3718 4488 οἰκοδομήματα

433 4513 547 4562 tur.
578 4503 846 4562 Corintho
894 4509 978 4564 sic
1026 4524 1239 4575 eversa,
1273 4510 1486 4566 Graecia
1535 4512 1698 4567 initio
1737 4515 1925 4571 statim
1955 4525 2013 4573 et

2130 4512 2306 4566 πάντα
2336 4509 2675 4580 κατέσκαψε,
2697 4508 2958 4579 φοϐηθεὶς
2990 4509 3065 4578 μὴ
3090 4509 3187 4561 καὶ
3214 4502 3370 4570 αὖθις
3396 4523 3544 4572 τινες
3577 4507 3718 4578 πρὸς

430 4596 679 4652 caedibus
726 4606 784 4653 et
832 4600 1196 4669 pecuniarum
1253 4602 1639 4659 exactionibus
1685 4613 1771 4660 est
1794 4617 2012 4666 vexata.

2130 4604 2294 4677 αὐτὴν
2322 4600 2413 4659 οἷα
2475 4605 2743 4675 μεγίστην
2796 4603 3089 4656 συστῶσιν.
3131 4602 3248 4655 Ἱνα
3287 4600 3346 4655 δὲ
3414 4602 3556 4671 μήτε
3622 4617 3714 4664 τις

427 4686 642 4744 Deinde
679 4698 884 4745 tantam
920 4691 1230 4749 libertatem
1256 4702 1312 4749 et
1344 4694 1669 4752 felicitatem
1706 4698 1928 4770 adepta,
1954 4710 2016 4757 ut

2130 4701 2347 4754 tzeivmv
2375 4698 2535 4768 λάθῃ,
2573 4697 2713 4768 μήτε
2737 4695 2849 4750 τῶν
2877 4694 3083 4749 λοιπῶν
3103 4712 3187 4758 τις
3218 4694 3495 4764 Ἐλλήνων
3522 4692 3710 4765 πραθῇ

428 4780 702 4848 dicerent,
734 4783 791 4839 ni
817 4792 1030 4841 mature
1055 4787 1201 4856 capti
1228 4796 1436 4854 essent,
1469 4805 1530 4846 se
1562 4791 1870 4850 incolumes
1891 4810 2015 4871 esse

2130 4790 2195 4855 Ib;
2229 4788 2535 4860 Κορίνθιος,
2563 4786 2914 4852 συνεκάλεσε,
2933 4786 3063 4856 πρὶν
3085 4785 3321 4858 ἐκφῆναι
3342 4785 3406 4837 τὸ
3433 4785 3710 4856 ποιητέον,

428 4887 543 4928 non
572 4876 841 4945 potuisse.
874 4877 951 4934 Ac
979 4877 1330 4951 Carthaginis
1355 4890 1413 4937 et
1460 4881 1716 4939 Corinthi
1752 4887 2018 4945 vetustis-

2130 4885 2333 4946 πάντας
2374 4882 2503 4944 τοὺς
2558 4879 2860 4949 παρόντας.
2912 4880 3011 4933 καὶ
3066 4878 3268 4942 αὐτοὺς
3308 4877 3537 4949 ἀφανῶς
3591 4894 3713 4942 πως

428 4967 690 5025 simarum
727 4969 948 5027 urbium
982 4980 1096 5027 tum
1123 4975 1286 5028 simul
1340 4974 1429 5031 hic
1460 4977 1565 5031 fuit
1591 4978 1816 5034 exitus:
1850 4980 2015 5054 longo

2130 4979 2235 5040 toi;
2280 4972 2643 5045 στρατιώταις
2675 4971 3171 5041 ὲγκυκλωσάμενος
3224 4971 3461 5043 ἐκήρυξε
3498 4971 3604 5041 τήν
3647 4986 3710 5022 τε

428 5070 613 5117 autem
642 5072 890 5135 tempore
920 5076 1064 5135 post,
1100 5067 1314 5122 colonis
1360 5069 1735 5126 Romanorum
1783 5088 1851 5129 eo
1882 5074 2019 5130 mis-

2130 5070 2233 5126 τῶν
2269 5068 2445 5123 ἄλλων
2471 5065 2788 5138 ἐλευθερίαν
2822 5067 2920 5119 καὶ
2961 5066 3064 5136 τὴν
3098 5065 3209 5118 τῶν
3238 5064 3550 5134 Κορινθίων
3586 5062 3713 5118 δού-

428 5153 525 5219 sis,
592 5154 1013 5214 reﬂorescentes
1076 5160 1145 5215 ad
1205 5160 1503 5230 pristinum
1560 5171 1765 5219 statum
1821 5165 2016 5222 redie-

2130 5167 2313 5220 λωσιν.
2355 5161 2590 5216 Ἔπειτα
2626 5157 2931 5232 προσέταξε
2966 5158 3105 5212 πᾶσι
3133 5158 3244 5211 τῶν
3275 5157 3711 5231 παρεστηκότων

430 5256 579 5304 ΐυηιο
2125 5259 2280 5329 σφίσι
2311 5253 2600 5320 λαϐέσθαι,
2631 5252 2729 5306 καὶ
2749 5252 2891 5306 οὕτω
2924 5251 3071 5321 σαφῆ
3098 5250 3200 5319 τὴν
3224 5249 3503 5322 διάκρισιν
3523 5247 3708 5303 αὐτῶν

431 5340 749 5413 ἐποιήσατο.
812 5347 925 5401 Καὶ
973 5347 1007 5417 ἡ
1062 5346 1165 5418 μὲν
1208 5346 1474 5417 Κόρινθος
1511 5348 1687 5415 οὕτως
1713 5350 2020 5417 ἀνάστατος
2058 5353 2273 5423 γέγονε,
2301 5350 2363 5405 τὸ
2412 5349 2457 5403 δ’
2508 5347 2639 5404 ἀλλο
2672 5344 2990 5416 Ἑλληνικὸν
3025 5345 3371 5418 παραχρῆμα
3443 5344 3546 5415 μὲν
3612 5344 3707 5399 καὶ

432 5434 670 5500 σφαγαῖς
702 5438 798 5492 καὶ
821 5440 1124 5511 χρημάτων
1156 5439 1411 5509 ἐκλογαῖς
1456 5440 1734 5514 ἐκακώθη.
1779 5443 2016 5501 Ἔπειτα
2053 5445 2111 5499 έν
2141 5462 2201 5499 τε
2237 5443 2395 5515 ἀδείᾳ
2426 5442 2526 5496 καὶ
2555 5442 2614 5494 ὲν
2678 5436 2999 5511 εὐδαιμονία
3030 5438 3273 5512 τοσαύτῃ
3305 5435 3530 5506 ἐγένετο
3563 5435 3707 5491 ὥστε

1628 5585 1832 5650 Varia;
1867 5586 2178 5654 lectiones
2210 5594 2275 5652 et
2312 5593 2503 5652 notas.

507 5699 622 5770 (57)
646 5703 878 5773 Πατρός
905 5702 994 5760 δέ.
1033 5707 1171 5765 Vide
1195 5677 1383 5766 notata
1412 5709 1481 5766 ab
1514 5707 1756 5769 Henrico
1794 5711 2012 5771 Valesio

2150 5712 2420 5784 Excerpta
2453 5708 2689 5783 Polybii,
2709 5724 2764 5781 p.
2794 5708 2886 5769 32.
