4008 6250
253 355 360 421 801

1568 355 1850 418 ANNALI
1865 356 1974 416 UM
2010 354 2157 416 LlB.
2199 353 2274 416 X.

3418 352 3527 415 £02

251 473 438 542 λέγειν
476 473 580 538 ὅτι,
620 472 669 526 εί
731 471 806 544 μὴ
845 471 1042 526 θᾶττον
1080 472 1437 540 ἑαλώκεισαν,
1491 471 1594 526 οὐκ
1656 473 1724 527 ἂν
1785 467 2076 526 ὲσέσωντο.
2135 469 2202 524 Ἦ
2261 469 2364 540 μὲν
2414 463 2509 524 οὖν
2569 467 2877 544 Καρχηδὼν
2924 471 2959 542 ἦ
3023 485 3084 523 τε
3150 468 3415 541 Κόρινθος
3467 471 3528 522 αί

250 568 480 639 ἀρχαῖαι
503 567 710 620 ἐκεῖναι
748 565 909 620 τοῦτο
949 566 1102 629 τέλος
1145 565 1304 637 ἔσχον
1337 565 1474 638 ἅμα.
1530 564 1725 636 Χρόνῳ
1775 563 1834 617 δὲ
1875 563 2056 634 πολλῷ
2125 562 2351 634 ὕστερον
2417 563 2676 620 ἀποικίαν
2721 563 3009 635 Ῥωμαίων
3055 561 3314 616 λαϐοῦσαι
3358 562 3532 634 ἠνθη-

253 680 365 718 σαν
420 659 577 722 αὖθις
623 659 720 713 καὶ
779 659 859 720 είς
889 659 988 728 τὴν
1036 659 1276 713 παλαιὰν
1328 659 1637 729 ἐπανῆλθον
1677 658 2036 714 κατάστασιν.

333 754 418 807 Τὰ
435 753 535 824 μὲν
551 751 644 805 οὖν
662 753 826 822 μέχρι
845 751 1000 806 τοῦδε
1016 754 1382 824 πεπραγμένα
1397 755 1691 823 Ῥωμαίοις
1710 754 1845 825 (58),

2022 749 2298 806 llactenus
2359 767 2447 807 res
2496 767 2526 807 a
2575 752 2840 808 Romanis
2896 761 3078 823 gestas
3137 767 3204 806 ex
3254 751 3534 807 veteribus

254 848 462 921 βίϐλων
487 843 671 915 τυχὼν
699 845 811 898 τῶν
863 845 1033 898 πάλαι
1079 846 1253 899 ταῦτα
1307 848 1713 917 ίστορησάντων
1743 847 1841 918 ἀρ-

255 939 433 1012 χαίων
457 939 695 1007 ἀνδρῶν,
728 937 938 992 ἐκεῖθεν
970 937 1232 1008 ἐξείληφα
1259 939 1382 993 κατ’
1430 941 1704 1010 ἐπιτομὴν
1745 938 1841 992 καὶ

251 1033 341 1104 τῷ
394 1032 793 1102 συγγράμματι
853 1029 1033 1102 τούτῳ
1083 1033 1384 1086 ἐντέθεικα.
1436 1031 1561 1084 Ἐπὶ
1613 1033 1670 1085 δὲ
1727 1033 1841 1094 τοῖς

254 1122 387 1192 ἑξῆς
409 1121 446 1175 ἃ
477 1123 592 1183 τοῖς
623 1121 858 1182 ὑπάτοις
885 1121 978 1174 καὶ
1013 1125 1126 1183 τοῖς
1171 1122 1514 1191 δικτάτορσιν
1566 1121 1839 1191 ἐπράχθη,

260 1216 461 1288 μέχρις
494 1213 560 1266 ἂν
599 1214 722 1274 ταῖς
771 1213 967 1282 ἀρχαῖς
1014 1214 1242 1278 ταύταις
1293 1217 1404 1277 τοῖς
1441 1216 1498 1265 ὲν
1537 1217 1602 1286 τῇ
1650 1214 1840 1288 Ῥώμη

255 1311 514 1380 διῳκεῖτο
553 1309 622 1361 τὰ
679 1307 1007 1377 πράγματα,
1063 1311 1134 1377 μή
1194 1308 1260 1378 μέ
1317 1326 1398 1371 τις
1441 1307 1660 1378 αίτιῷτο
1699 1307 1838 1378 ὼςῆ

258 1402 673 1470 καταφρονήσει
705 1399 736 1469 ἢ
768 1398 1015 1470 ῥᾳθυμία
1037 1400 1066 1468 ἢ
1089 1403 1232 1470 ὸκνῳ
1269 1399 1444 1454 ταῦτα
1475 1398 1838 1470 παρελθόντα,

257 1494 358 1546 καὶ
397 1493 584 1555 ἀτελὲς
645 1486 757 1545 οἷον
824 1493 1048 1545 είακότα
1109 1493 1169 1546 τὺ
1219 1493 1581 1562 σύγγραμμα.
1623 1492 1696 1543 Οὐ
1733 1491 1840 1560 γὰρ

259 1582 518 1656 ῥαστώνῃ
549 1601 642 1653 μοι
669 1583 737 1636 τὰ
767 1584 1024 1636 λείποντα
1056 1582 1564 1654 παρεώραται,οὺδ’
1585 1583 1840 1652 ἡμιτελὲς

257 1673 407 1727 ἑκὼν
441 1674 491 1726 τὸ
551 1673 772 1745 πόνημα
831 1672 1220 1739 καταλέλοιπα,
1261 1672 1377 1726 ἀλλ’
1409 1672 1612 1743 ἀπορίᾳ
1642 1671 1842 1741 βίϐλων

257 1767 434 1837 αἴπερ
456 1765 596 1818 αὐτὰ
633 1766 885 1832 διεξίασι,
920 1769 1012 1820 καὶ
1038 1765 1210 1820 ταῦτα
1254 1765 1518 1827 πολλάκις
1544 1763 1842 1835 ζητήσαντί

265 1877 364 1928 μοι
405 1863 627 1923 ταύτας,
671 1858 745 1930 μὴ
794 1859 1053 1931 εὑρηκότι
1085 1858 1130 1912 δ’
1163 1859 1334 1929 ὅμως.
1364 1860 1461 1910 οὐκ
1489 1854 1603 1910 οἴδα
1631 1856 1730 1908 εἴθ’
1761 1858 1842 1908 ὅτι

261 1952 346 2022 μὴ
380 1951 661 2016 σώζοιντο,
714 1951 809 2004 τοῦ
841 1955 1035 2022 χρόνου
1081 1951 1478 2020 διεερθαρκὸτος
1519 1951 1711 2013 αὑτὰς,
1742 1949 1842 2004 εἴθ’

256 2046 346 2098 ὅτι
392 2045 464 2114 μὴ
491 2044 1020 2116 φροντιστικώτερον
1072 2044 1169 2114 τὴν
1199 2045 1406 2097 τούτων
1439 2043 1574 2106 ἴσως
1612 2042 1843 2113 ζήτησιν

1947 843 2314 912 scriptoribus
2369 843 2421 897 in
2483 845 2874 913 compendium
2933 846 3224 907 redactas,
3276 845 3526 912 exposui.

1947 938 2078 1004 Quae
2093 953 2222 991 vero
2253 938 2518 1008 deinceps
2545 955 2573 992 a
2599 939 2922 994 consulibus
2938 947 2993 993 et
3015 939 3379 993 dictatoribus
3397 938 3527 992 dum

1949 1030 2043 1084 illa
2075 1030 2394 1100 reipublicae
2427 1033 2604 1088 forma
2651 1034 2847 1103 viguit,
2879 1040 3030 1103 gesta
3057 1042 3224 1086 sunt:
3267 1046 3331 1084 ea
3368 1045 3530 1083 nemo

1947 1130 2105 1191 putet
2133 1138 2163 1176 a
2190 1139 2276 1176 me
2312 1124 2396 1177 vel
2437 1135 2780 1196 contemptu,
2828 1126 2912 1180 vel
2945 1123 3297 1195 negligentia,
3329 1124 3415 1177 vel
3450 1124 3526 1192 pi-

1947 1214 2109 1285 gritia
2155 1217 2432 1285 pneterita
2480 1233 2624 1272 esse.
2679 1219 2814 1272 Nam
2860 1219 3161 1288 quominus
3215 1217 3531 1272 absolutum

1949 1306 2054 1360 hoc
2083 1320 2223 1374 opus
2254 1306 2532 1369 ederetur,
2570 1321 2678 1361 non
2707 1323 2804 1376 per
2839 1323 2926 1362 me
2955 1309 3127 1368 stetit.
3165 1309 3261 1363 sed
3298 1307 3532 1377 penuria

1946 1394 2238 1459 librorum,
2283 1397 2485 1466 quibus
2535 1399 2636 1451 ista
2686 1399 3062 1465 continentur,
3099 1399 3367 1454 voluntati
3399 1416 3534 1455 mea:

1947 1489 2016 1542 ad
2079 1489 2475 1558 perfectionem
2534 1491 2781 1545 historia:
2859 1490 3215 1546 contendenti
3294 1491 3532 1546 obstitit.

1947 1581 2100 1647 Quos
2145 1597 2268 1636 cum
2300 1597 2442 1652 saepe
2495 1584 2831 1652 quaesierim,
2885 1583 3129 1652 reperire
3183 1599 3292 1637 non
3353 1585 3532 1652 potui,

1949 1674 2096 1728 haud
2125 1674 2240 1728 scio
2267 1691 2336 1729 an
2370 1684 2646 1730 vetustate
2700 1676 2952 1739 amissos,
2987 1691 3056 1730 an
3090 1691 3222 1730 vero
3251 1677 3536 1746 negligen-

1951 1766 2060 1821 tius
2090 1766 2386 1836 inquisitos
2437 1769 2505 1822 ab
2540 1768 2610 1822 iis
2637 1769 2841 1838 quibus
2873 1769 2926 1822 id
2984 1770 3187 1840 negotii
3217 1769 3364 1833 dedi,
3401 1769 3532 1823 dum

1950 1857 2068 1925 ipse
2095 1857 2330 1912 extorris
2367 1867 2425 1912 et
2452 1858 2646 1926 procul
2680 1858 2747 1912 ab
2789 1858 2927 1914 urbe
2955 1859 3010 1912 in
3048 1874 3216 1928 parva
3245 1859 3422 1913 insula
3454 1862 3539 1913 vi-

1952 1955 2060 2003 tam
2093 1965 2215 2020 ago.
2246 1950 2400 2006 Unde
2432 1949 2636 2005 factum
2669 1958 2775 2015 cst,
2809 1961 2868 2005 ut
2894 1953 3185 2005 consulum
3215 1959 3273 2005 et
3301 1951 3538 2006 dictato-

1951 2057 2074 2094 rum
2113 2041 2342 2096 historia
2377 2042 2559 2096 niinus
2591 2042 2839 2097 absoluta
2863 2054 3030 2098 esset.
3093 2042 3165 2096 iis
3199 2043 3368 2113 igitur
3397 2060 3536 2112 prae-

258 2138 620 2206 ἐποιήσαντο,
671 2131 752 2200 οἷς
796 2136 966 2206 αὐτὴν
1008 2135 1306 2204 ἀνεθέμην,
1359 2135 1524 2199 αὐτὸς
1558 2137 1846 2205 ὑπερόριος

1955 2141 2036 2187 ter
2070 2133 2384 2188 institutum
2418 2151 2600 2189 meum
2636 2135 2876 2198 omissis,
2929 2136 3324 2204 imperatorum
3358 2135 3536 2190 histo-

257 2227 342 2282 ὢν
365 2231 460 2284 καὶ
509 2230 704 2301 πόρρω
736 2228 830 2282 τοῦ
872 2230 1065 2292 ἄστεος
1096 2231 1154 2282 ἐν
1176 2229 1358 2300 νησίδι
1405 2229 1842 2298 ἐνδιαιτώμενος.

261 2321 395 2375 Ὅτι
417 2321 547 2389 γοῦν
579 2339 668 2392 μοι
702 2325 823 2384 ταῖς
854 2320 1056 2390 βίϐλοις
1083 2321 1306 2384 ταύταις
1329 2319 1424 2375 νῦν
1447 2320 1846 2389 οὒκὲξεγὲνετο

263 2417 536 2484 ἐντυχεῖν,
562 2414 830 2486 ἡμίεργος
863 2413 1111 2467 ἐντεῦθεν
1149 2415 1274 2467 ὅσον
1305 2415 1396 2467 ἐπὶ
1431 2419 1543 2478 τοῖς
1567 2414 1674 2468 τῶν
1706 2415 1846 2468 ὑπά-

261 2523 378 2558 των
416 2505 624 2574 ἕργοις,
650 2505 785 2558 ἀλλὰ
819 2505 1002 2572 μέντοι
1045 2506 1140 2558 καὶ
1173 2507 1286 2568 τοῖς
1314 2505 1424 2557 τῶν
1452 2505 1842 2578 δικτατόρωνή

266 2596 488 2664 ίστορία
549 2594 862 2664 γεγένηται.
900 2592 1192 2664 Παρελθὼν
1231 2588 1324 2646 οὗν
1381 2591 1522 2646 αὐτὰ
1553 2594 1646 2645 καὶ
1673 2594 1844 2659 ἄκων,

1951 2223 2064 2277 rias
2094 2225 2465 2291 conscribam,
2515 2242 2572 2280 re
2626 2228 2790 2294 paulo
2836 2227 3002 2280 altius
3054 2228 3331 2296 repetita:
3386 2237 3445 2281 ut
3479 2237 3536 2282 et

1949 2316 2209 2383 lectores,
2240 2333 2346 2387 qua
2377 2319 2590 2372 ratione
2641 2320 3015 2373 Romanorum
3045 2319 3161 2374 sive
3197 2319 3534 2374 deinocmtia

1951 2407 2069 2462 sive
2095 2407 2443 2463 aristocratia
2478 2409 2533 2462 in
2576 2409 2954 2464 monarchiam
3001 2409 3075 2464 sit
3105 2420 3335 2474 mutata,
3369 2410 3536 2464 intel-

1949 2498 2146 2570 ligant,
2198 2508 2255 2553 ct
2304 2498 2536 2554 historia
2587 2510 2741 2556 certo
2783 2500 3020 2572 quodam
3068 2501 3264 2557 ordine
3312 2517 3540 2572 progre-

1951 2593 2158 2648 diatur.

262 2689 339 2741 τὰ
391 2663 500 2739 τῶν
569 2663 997 2758 αὐτοκρατόρων
1047 2686 1460 2759 συγγράψομαι,
1508 2685 1682 2757 μικρά
1729 2703 1851 2741 τινα
1890 2663 2458 2758 προδιηγησάμενοςί
2497 2687 2567 2741 ἵν’
2597 2687 2722 2742 ὅθεν
2784 2689 2865 2752 είς
2892 2688 3196 2762 αὑταρχίαν
3229 2687 3288 2752 ἐξ
3318 2689 3540 2760 ἀριστο-

263 2780 558 2852 κρατίαςῆ
587 2783 681 2834 καὶ
707 2783 1084 2852 δημοκρατίας
1109 2783 1156 2835 oi
1200 2782 1464 2852 Ῥωμαῖοι
1511 2782 1952 2853 μετηνέχθησαν,
1994 2782 2157 2853 δῆλον
2218 2785 2305 2854 εἴη
2365 2786 2480 2848 τοϊς
2542 2785 3016 2857 ἀναγνωσομένοις
3077 2785 3137 2841 τὸ
3170 2786 3534 2856 σύγγραμμα,

265 2876 388 2946 ἅμα
418 2893 478 2929 τε
512 2876 649 2945 πρὸς
678 2876 854 2947 τούτῳ
887 2879 980 2931 καὶ
1019 2879 1342 2943 ἀκολουθίας
1378 2879 1554 2951 ἔχοιτο
1578 2881 1611 2951 ή
1638 2880 1848 2949 γραφή.

287 3055 524 3066 ....—————_-
537 3056 682 3063 ﬁs...

3317 3052 3518 3069 -σ--σ-ι

1401 3220 1757 3310 LIBER
1839 3221 2406 3313 DECIMUS.

341 3417 426 3473 A'.
482 3416 573 3482 Ἐξ
602 3417 773 3488 ἀρχῆς
808 3415 908 3486 μὲν
936 3409 1050 3476 οὖν,
1089 3413 1163 3478 ὡς
1200 3413 1313 3485 ('59)
1361 3415 1661 3485 ἱστόρηται,
1694 3415 1847 3482 βασι-

2021 3413 2186 3485 472
2222 3413 2264 3468 l.
2295 3415 2604 3470 Romanum
2629 3413 2944 3486 imperium,
2975 3426 3035 3471 ut
3059 3417 3267 3472 dictum
3296 3427 3400 3483 est,
3432 3419 3540 3474 iiii-

266 3513 458 3566 λεῦσιν
493 3511 525 3572 ἡ
559 3510 670 3562 τῶν
707 3507 993 3576 Ῥωμαίων
1021 3507 1200 3558 ἀνεῖτο
1253 3505 1396 3574 ἀρχὴ
1433 3505 1594 3575 μέχρι
1618 3506 1718 3574 τῆς
1742 3506 1851 3558 τῶν

270 3606 602 3676 Ταρκυνίων
627 3599 941 3671 τυραννίδος
969 3598 1066 3651 καὶ
1101 3598 1478 3660 καταλύσεως.
1514 3597 1740 3650 Ἔκτοτε
1795 3597 1852 3649 δὲ

272 3699 608 3769 στρατηγοῖς
639 3696 732 3750 καὶ
763 3693 1110 3764 δικτάτορσιν
1158 3693 1384 3754 ὑπάτοις
1415 3708 1472 3743 τε
1512 3692 1604 3742 καὶ
1636 3690 1850 3761 χιλιάρο

271 3809 414 3862 χοις,
463 3789 597 3843 ἀλλὰ
628 3790 726 3860 μὲν
757 3789 853 3842 καὶ
892 3787 1194 3857 δημάρχοις
1287 3785 1397 3837 τῶν
1427 3784 1625 3837 κοινῶν
1649 3783 1854 3854 διοίκη-

275 3899 361 3944 σις
388 3879 684 3945 ἀνετίθετο,
717 3879 814 3931 καὶ
834 3876 1112 3939 τοιαύταις
1138 3877 1435 3938 πολιτείαις
1461 3875 1528 3928 τὰ
1565 3873 1854 3942 Ῥωμαίων

277 3973 494 4028 ἰθύνετο
520 3973 680 4042 μέχρι
719 3972 1004 4041 Πομπηΐου
1039 3971 1262 4034 Μάγνου
1291 3970 1385 4021 καὶ
1413 3969 1572 4022 Γαΐου
1630 3967 1852 4021 Ἰουλίου

273 4067 370 4118 τοῦ
400 4066 702 4135 Καίσαρος.
740 4064 866 4128 Υἱὸς
898 4064 954 4117 δὲ
999 4059 1066 4132 ἦν
1105 4066 1132 4116 ό
1171 4065 1457 4134 Πομπήϊος
1510 4063 1851 4130 Στράὃωνος,

275 4153 398 4214 ἐνὸς
449 4154 558 4206 τῶν
615 4152 903 4223 ἐπισήμων
971 4150 1304 4221 Ῥωμαίων,
1360 4153 1454 4205 καὶ
1519 4151 1854 4222 στρατηγίας

275 4244 606 4314 ἠξιωμένου,
651 4243 729 4313 τῷ
779 4245 952 4312 Κίννᾳ
981 4260 1040 4294 τε
1077 4245 1560 4312 ἀντιτεταγμένου,
1601 4260 1857 4314 τυραννι-

276 4335 522 4406 κὼτερον
553 4338 620 4406 τῇ
644 4335 784 4405 ἀρχῇ
840 4333 1128 4405 χρωμένῳ.
1165 4334 1304 4402 Ἤδη
1350 4333 1460 4404 γάρ
1493 4334 1672 4386 ἐνόσει
1725 4333 1856 4386 Ῥω-

279 4429 466 4499 μαίοις
522 4429 591 4482 τὲι
645 4428 972 4498 πράγματα,
1001 4430 1094 4479 καὶ
1138 4427 1231 4479 ἐπὶ
1281 4426 1576 4497 τυραννίδα
1621 4427 1670 4478 οί
1705 4424 1854 4494 σφῶν

281 4521 580 4575 ἀπέκλινον
620 4520 899 4590 ἄρχοντες,
937 4519 1052 4573 ἀλλ’
1083 4521 1142 4573 οὑ
1175 4521 1419 4591 νομίμως
1465 4520 1654 4590 ἄρχειν
1697 4517 1854 4572 ἐϐού-

276 4614 454 4668 λοντο.
497 4615 554 4668 Ὀ
589 4615 688 4685 μὲν
730 4613 822 4668 οὖν
852 4613 1036 4686 πατὴρ
1065 4613 1234 4667 αὑτοῦ
1264 4614 1525 4684 Στράϐων
1564 4612 1653 4665 διὰ
1707 4613 1860 4682 φιλο-

277 4705 599 4778 χρηματίαν
660 4706 764 4758 ὑπὸ
806 4705 1096 4774 Ῥωμαίων
1156 4706 1468 4776 μεμίσητοσ
1542 4703 1570 4756 ὁ
1613 4703 1670 4758 δὲ
1708 4705 1857 4774 Πομ-

1957 3507 2036 3561 tio
2067 3522 2223 3577 reges
2255 3516 2504 3574 tenuere,
2539 3524 2714 3577 usque
2740 3508 2806 3562 ad
2842 3511 3190 3565 eversionem
3229 3513 3538 3582 tyrannidis

1955 3599 2410 3667 Tarquiniorum.
2443 3601 2524 3656 Ab
2549 3617 2616 3655 eo
2645 3611 2891 3668 tempore
2911 3603 3319 3666 administratio
3347 3621 3530 3658 rerum

1954 3706 2126 3760 penes
2154 3703 2434 3760 praetores,
2458 3693 2780 3755 dictatores,
2815 3696 3088 3754 consules.
3129 3696 3381 3750 tribunos
3406 3712 3536 3750 con-

1954 3783 2123 3837 sulari
2164 3792 2462 3853 potestate,
2497 3794 2552 3840 et
2587 3785 2841 3838 tribunos
2875 3787 3050 3854 plebis
3092 3786 3211 3850 fuit,
3259 3803 3432 3857 usque
3466 3787 3536 3842 ad

1955 3877 2276 3947 Pompeium
2310 3878 2586 3948 Magnum,
2616 3890 2673 3934 et
2717 3878 2777 3934 C.
2811 3880 3012 3934 .Inlinm
3045 3881 3339 3935 Cursarem.
3377 3881 3538 3935 Pom-

1955 3970 2116 4038 peius
2142 3984 2308 4038 porro
2346 3970 2490 4025 illius
2519 3969 2620 4024 fuit
2655 3971 2963 4037 Strabonis,
3011 3973 3242 4028 illustris
3277 3974 3536 4042 Romani,

1955 4056 2172 4126 virique
2205 4057 2470 4126 praetorii,
2521 4059 2615 4129 qui
2661 4060 2852 4116 Cinna:
2891 4062 3187 4116 violentius
3245 4065 3537 4134 imperanti

1956 4148 2178 4202 restitit.
2215 4149 2333 4203 Jam
2378 4159 2491 4204 tum
2526 4152 2678 4204 enim
2707 4167 2794 4206 res
2819 4153 3060 4207 Romana
3087 4154 3389 4220 laborabat,
3425 4171 3540 4209 ma-

1957 4240 2278 4310 gistratibus
2330 4243 2676 4313 tyrannidem
2730 4247 3130 4314 spectantibus,
3178 4247 3536 4318 legitimoque

1958 4333 2193 4402 imperia
2225 4337 2673 4404 aspernantibus.
2706 4337 2774 4394 Ut
2819 4347 3004 4392 autem
3037 4347 3195 4408 pater
3223 4341 3342 4410 ejus
3374 4355 3542 4410 prop-

1960 4435 2044 4479 ter
2097 4425 2292 4481 sordes
2322 4427 2540 4482 civibus
2576 4428 2823 4484 inmsus:
2879 4430 2957 4484 sic
2985 4430 3278 4500 Pompeius
3322 4432 3392 4484 ob
3427 4446 3546 4486 mo-

1961 4533 2085 4573 rum
2144 4519 2560 4591 integritatem,
2623 4521 3040 4589 all'abilitatem,
3096 4523 3424 4579 modestiam
3485 4527 3541 4580 in

1959 4611 2152 4677 victu,
2207 4626 2603 4682 armorumque
2667 4614 3119 4668 exercitationem
3169 4629 3345 4683 usque
3403 4615 3544 4671 adeo

1959 4717 2123 4758 carus
2176 4701 2303 4767 fuit,
2340 4710 2402 4758 ut
2451 4719 2579 4759 cum
2609 4712 2758 4758 metu
2785 4704 2996 4768 Cinnae,
3025 4704 3168 4774 apud
3203 4721 3364 4774 quem
3397 4706 3547 4761 dela-

281 4801 441 4869 πήῖος
476 4797 710 4866 ἐφιλεῖτο
736 4797 825 4851 διά
851 4813 910 4848 τε
939 4797 1124 4850 πίστιν
1175 4797 1360 4868 ἤθους,
1391 4798 1484 4850 καὶ
1521 4797 1584 4850 τὸ
1613 4796 1850 4850 εὑέντευ-

1967 4808 2057 4852 tus
2084 4796 2289 4861 fuerat,
2317 4797 2459 4853 clam
2503 4798 2701 4853 castris
2729 4799 3077 4863 excessisset,
3107 4797 3239 4868 quia
3269 4815 3542 4869 nusquam

1467 4955 1668 5016 Varia!
1713 4939 2048 5018 lectiones’
2069 4963 2128 5017 et
2152 4962 2338 5018 uoltu.

352 5113 468 5186 (58)
508 5112 597 5186 Tir
609 5110 723 5186 μὲν
753 5103 866 5163 οὖν
888 5107 1069 5186 μέχρι
1086 5105 1262 5160 τοῦδε
1302 5106 1689 5186 πεπραγμέτςα
1724 5105 1860 5186 Ῥωέ

329 5177 504 5249 ιιίοιζ.
564 5177 778 5237 Oinissa
835 5177 920 5233 εει
968 5196 998 5232 a
1035 5178 1269 5249 Zonara,
1308 5186 1368 5249 ut
1404 5185 1552 5231 recte
1586 5177 1860 5249 observat

329 5203 504 5249 ιιιοις.
564 5203 778 5237 Utmssa
835 5203 920 5233 υδι
968 5203 998 5232 a
1035 5203 1269 5240 nonaria,
1309 5203 1368 5230 υι
1404 5203 1552 5231 lucu:
1599 5203 1856 5231 uuacnut

281 5203 541 5318 €Vollius,
580 5250 810 5306 historia
862 5249 991 5303 belli
1025 5245 1326 5318 Lusitanici
1358 5256 1550 5301 contra
1586 5243 1856 5318 Viriatum

287 5326 428 5396 gesti
455 5340 470 5378 :
497 5316 626 5377 item
649 5317 1398 5396 Numantinum._Asiati_e_um
1426 5326 1620 5396 contra
1648 5316 1862 5396 Aristo-

288 5386 498 5458 nicum,
531 5401 792 5461 praterea
814 5389 1246 5461 Allobrogicum,
1271 5386 1600 5461 Thracicum
1629 5403 1644 5440 :
1672 5387 1862 5461 adhere

288 5455 684 5534 Jugurthirrum
746 5462 802 5534 in
846 5455 1148 5534 Africa;_i_n
1199 5458 1350 5534 Italia
1379 5456 1663 5534 Galliaque
1696 5455 1860 5534 Cim-

291 5528 528 5598 bii-cum,
564 5531 960 5594 Teutonicum,
995 5539 1052 5584 et
1085 5529 1432 5599 'l‘igurinum.
1470 5528 1667 5582 Omisit
1696 5531 1861 5599 etiam

289 5597 724 5674 descriptionem
779 5601 1110 5674 tumultuum
1153 5597 1581 5674 intestinorum,
1634 5597 1750 5674 qui
1786 5599 1864 5674 _ab

289 5679 412 5731 istis
444 5667 785 5742 temporibus
809 5673 1046 5742 Romam
1094 5669 1586 5734 labefactaverunt,
1636 5667 1864 5742 seditio:

291 5762 418 5800 nem
475 5737 687 5799 scilicet
737 5741 941 5797 Tiberii
986 5740 1249 5804 Gracchi,
1297 5754 1361 5793 ac
1407 5747 1532 5806 post
1581 5753 1696 5792 eam
1747 5737 1863 5792 Caii

293 5815 477 5871 fratris
509 5832 522 5868 :
557 5814 756 5869 deinde
785 5811 977 5882 Apulei
1007 5809 1326 5877 Saturnini,
1360 5818 1474 5864 tum
1511 5809 1716 5864 bellum
1747 5809 1859 5866 lio-

1964 5121 2256 5160 manorum
2317 5105 2582 5161 adversus
2638 5107 2820 5161 socios
2883 5107 2977 5176 qui
3030 5105 3395 5160 defectionem
3443 5121 3543 5174 per

1965 5177 2178 5231 Italiam
2209 5176 2454 5230 fecerant
2497 5191 2511 5226 :
2558 5177 2761 5232 bellum
2789 5190 2979 5232 contra
3010 5191 3217 5238 servos,
3259 5184 3315 5229 et
3351 5190 3542 5230 contra

1967 5246 2323 5317 Spartacum;
2383 5261 2448 5317 ac
2492 5257 2773 5317 postremo
2805 5248 2976 5317 Marii
3023 5255 3079 5300 et
3139 5245 3298 5317 Syllae
3356 5245 3542 5302 civilia

1965 5316 2151 5404 bellan
2167 5316 2650 5404 atque’aliajnn‘is
2683 5316 3012 5404 circite‘rjtsr-
3023 5316 3197 5404 gesta.

2041 5387 2154 5458 (59)
2198 5382 2299 5451 Ἐξ
2325 5385 2518 5455 ἀρχῆς
2533 5382 2811 5458 μὲνοῦν.
2853 5382 3167 5458 Addit'cod.
3214 5387 3348 5456 Reg.
3379 5385 3483 5458 605
3519 5404 3534 5443 :

1966 5456 2132 5520 ὡς’ὲν
2167 5461 2233 5526 τῇ
2273 5460 2515 5527 προτέρα
2574 5457 2744 5526 βίϐλῳ
2796 5472 2884 5524 μοι
2936 5456 3348 5526 προῖστόρητσι.
3392 5457 3542 5527 βασι-

1968 5525 2579 5590 λεὺσινωῑοζΑΙὶῑμὼς
2614 5529 2898 5597 ἱστόρηται
2949 5525 3174 5580 tantum
3224 5525 3542 5596 prwferunt,
3592 5557 3598 5566 ι

1973 5609 2032 5653 ut
2060 5597 2330 5652 Wolliana
2357 5597 2550 5668 editio.
2589 5597 2689 5650 llic
2733 5613 2899 5666 porro
2943 5597 3162 5668 initium
3225 5600 3379 5652 ducit
3419 5615 3546 5668 pars

1970 5670 2143 5723 altera
2165 5667 2461 5723 Annalium
2495 5665 2743 5733 Zonarze,
2773 5678 2832 5722 ut
2868 5668 2923 5721 in
2973 5665 3302 5724 Pimlatione
3333 5665 3545 5722 monui-

1969 5755 2115 5795 mus.
