4008 6250
497 322 607 388 803

1793 311 2117 378 IOANNIS
2163 309 2487 372 ZONAR/E

3630 304 3719 367 {Oi
3794 346 3797 351 μ

504 433 887 505 comparebat,
917 445 1141 489 rumore
1174 430 1243 487 de
1293 429 1444 486 caede
1472 430 1593 503 ejus
1633 441 1864 501 sparso:
1905 424 2081 482 Cinna

2203 437 2314 474 ιτον
2337 420 2433 474 καὶ.
2452 417 2513 473 τδ
2540 417 2755 489 σῶφρον
2785 413 2847 470 τὸ
2864 412 2991 487 περὶ
3009 413 3221 469 δίαιταν
3250 411 3348 467 καὶ
3365 411 3467 485 τὴν
3490 414 3544 466 ἐν
3562 412 3724 479 ὅπλοις

503 525 769 597 impetum
801 540 993 581 eorum
1041 522 1245 594 quibus
1283 521 1490 593 alioqui
1540 521 1751 576 invisus
1795 526 1937 582 erat,
1990 514 2081 570 fu-

504 619 680 690 giens,
710 634 739 672 a
766 616 1091 673 centurione
1122 615 1358 686 quodam
1393 623 1618 686 pr0pler
1658 626 1776 666 eam
1808 609 2079 681 suspicio.

506 725 633 765 nem
660 708 1025 765 occideretur.
1080 707 1211 763 Post
1262 709 1380 779 ejus
1404 708 1609 763 caedem
1642 705 1841 771 Carbo,
1877 705 2084 772 impor-

510 801 695 854 tunior
738 799 833 853 illo
866 809 1150 869 tyrannus,
1186 781 1477 869 imperium
1530 796 1795 867 suscepit.
1824 794 1924 850 Cui
1957 809 2081 851 cum

510 893 653 964 Sylla
693 892 997 955 resisteret,
1059 892 1350 962 Pompeius
1407 906 1625 962 quoque
1675 905 1737 946 se
1786 890 2078 962 adjunxit:

510 999 612 1038 nec
651 982 704 1037 id
736 982 866 1038 fecit
898 982 1077 1053 prius,
1112 998 1274 1052 quam
1307 982 1577 1036 beneﬁcio
1607 981 1793 1051 aliquo
1821 995 1947 1035 eum
1978 978 2084 1033 sibi

510 1072 870 1126 devinxisset.
904 1074 1120 1127 Annum
1157 1081 1268 1126 tum
1299 1073 1491 1142 agebat
1522 1070 1749 1125 tertium
1803 1078 1860 1125 et
1887 1068 2088 1124 vicesi-

509 1178 701 1216 mum:
740 1164 1094 1234 collectisque
1146 1164 1321 1233 c0piis
1347 1164 1511 1217 urbes
1551 1162 1909 1226 circumiens,
1954 1161 2090 1215 Car-

511 1253 674 1308 bonis
722 1253 1002 1308 studiosos
1044 1254 1323 1324 ejiciebat.
1379 1253 1516 1306 Dum
1560 1262 1743 1306 autem
1775 1252 1841 1306 ad
1886 1250 2088 1321 Syllam

511 1345 902 1414 proﬁciscitur,
969 1344 1142 1401 tribus
1190 1343 1460 1399 Carbonis
1508 1343 1746 1398 ducibus
1802 1359 1832 1397 a
1884 1342 2088 1413 quibus

513 1439 927 1493 circumventus
955 1448 1097 1503 erat,
1122 1437 1442 1507 proﬂigatis,
1476 1438 1641 1492 urbes
1666 1437 1720 1490 in
1748 1435 2087 1491 deditionem

513 1530 765 1597 accepit:
808 1529 1009 1584 deinde
1042 1529 1318 1599 Scipionis
1349 1530 1596 1584 consulis
1625 1530 1925 1594 exercitus,
1962 1544 2087 1583 cum

513 1633 706 1675 contra
738 1622 1056 1692 Pompeium
1090 1623 1408 1687 duceretur,
1447 1625 1806 1679 consalutatis
1842 1625 1964 1694 ejus
1989 1624 2091 1676 mi—

513 1712 724 1777 litibus,
778 1713 845 1766 ad
899 1714 1216 1782 Pompeium
1263 1712 1485 1777 defecit,
1534 1716 1649 1784 ipse
1698 1714 1881 1784 Scipio
1925 1714 2085 1785 fugit.

2184 511 2443 583 ἄσκησιν.
2506 510 2616 563 Καὶ
2655 508 2908 562 τοσοῦτον
2946 502 3015 577 ἦν
3042 504 3105 558 τὸ
3143 504 3280 577 πρὸς
3319 504 3483 559 αὐτὸν
3513 506 3741 578 φί).τρον,ι

2185 605 2260 669 ὡς
2286 603 2568 666 δείσαντος
2599 599 2768 654 αὑτοῦ
2794 600 2886 653 τὸν
2922 598 3126 653 Κίνναν
3155 599 3220 651 ἐκ
3261 597 3516 668 διαϐολῆς
3545 599 3630 653 καὶ
3652 592 3740 653 τοῦΔ

2186 694 2554 769 στρατοπέδου
2602 694 2780 763 λάθρα
2835 690 3239 756 διεκπεσόντος,
3293 692 3418 744 ἐπεί
3473 708 3532 744 τε
3571 691 3641 762 μὴ
3678 674 3739 763 ἦν

2185 788 2436 860 ἐμφανὴς
2493 787 2656 856 λόγου
2724 783 3062 847 διαδοθέντος
3124 783 3205 836 ὅτι
3278 782 3549 853 ἀνῄρηται
3607 786 3735 855 παρά

2186 883 2384 948 Κίννα,
2419 879 2691 951 ὥρμησαν
2721 876 2840 932 κατ’
2869 874 3040 930 αὐτοῦ
3076 877 3126 928 οί
3155 874 3449 945 μισοῦντες
3471 875 3563 929 καὶ
3586 876 3735 941 άλλως

2190 975 2375 1042 αὐτὸν,
2446 973 2542 1027 καὶ
2593 969 2837 1044 ἀνῃρέθη
2880 967 3083 1031 Κίννας
3130 966 3354 1036 φεύγων
3396 968 3735 1036 καταληφθεὶς

2188 1069 2298 1122 ὑπό
2335 1084 2430 1121 του
2455 1066 2566 1119 τῶν
2590 1063 2862 1135 λοχαγῶν.
2920 1060 3079 1115 Οὕτω
3116 1061 3172 1114 δέ
3223 1060 3402 1114 Κίννα
3445 1060 3732 1129 φθαρέντος,

2191 1158 2430 1231 Κάρϐων
2477 1158 2546 1212 τὰ
2594 1157 2900 1227 πράγματα
2956 1153 3257 1217 διεδέξατο,
3321 1153 3735 1224 ἐμπληκτότερος

2191 1252 2398 1307 ἐκείνου
2425 1250 2711 1321 τύραννος.
2728 1247 2835 1302 Τοῦ
2861 1246 3035 1300 Σύλλα
3063 1246 3109 1300 δ’
3136 1244 3647 1315 ἁντικαθισταμένου
3673 1246 3736 1314 τῷ

2193 1343 2475 1415 Κάρϐωνι,
2526 1341 2704 1412 τούτῳ
2764 1339 3069 1411 προσετέθη
3122 1339 3218 1391 καὶ¹
3261 1340 3289 1390 6
3343 1338 3646 1407 Πομπήϊος·
3685 1339 3733 1390 οὗ

2191 1435 2459 1505 πρότερον
2506 1434 2692 1503 μέντοι
2751 1431 3026 1504 προσῆλθε
3088 1431 3221 1501 πρὶν
3268 1429 3336 1483 ἀν
3364 1444 3506 1491 τινος
3548 1429 3738 1499 χάριτος

2193 1528 2330 1598 πρὸς
2382 1528 2592 1579 ἐκεῖνον
2658 1525 2993 1597 κατήρξατο.
3022 1519 3132 1576 Ἦν
3172 1523 3271 1593 μὲν
3305 1521 3399 1575 οὖν
3442 1522 3557 1575 τότε
3592 1523 3739 1574 εἴκοσι

2191 1620 2285 1673 καὶ
2307 1619 2434 1689 τρία
2473 1619 2716 1688 γεγονὼς
2746 1618 2865 1688 ἐτη,
2896 1616 2993 1670 καὶ
3037 1614 3438 1686 στρατιωτικὸν
3471 1613 3741 1680 καταλέξας

2194 1711 2408 1782 περιῄει
2466 1712 2565 1774 τὰς
2632 1709 2839 1773 πόλεις,
2891 1709 3016 1771 τοὺς
3047 1708 3116 1762 τὰ
3164 1707 3465 1775 Κάρϐωνος
3520 1704 3741 1776 φρονοῦν-

517 1803 667 1866 Post,
699 1792 1010 1872 complures
1037 1806 1286 1873 equitum
1327 1816 1536 1860 turmas
1563 1820 1594 1859 a
1619 1805 1872 1860 Carbone
1897 1814 2085 1859 contra

2203 1820 2290 1865 τας
2355 1800 2657 1866 ἐξελαύνων
2719 1798 2898 1852 αὐτῶν
2931 1836 2945 1861 ,
2990 1797 3084 1850 καὶ
3135 1796 3275 1865 πρὸς
3323 1795 3526 1848 Σύλλαν
3572 1792 3739 1847 attain.

518 1911 576 1949 se
608 1896 824 1961 missas,
872 1912 938 1951 eo
998 1898 1400 1967 desperationis
1443 1899 1671 1968 redegit,
1726 1908 1786 1954 ut
1831 1914 1891 1953 se
1922 1898 2094 1968 ipsius

516 1986 645 2041 ﬁdei
681 1987 1111 2054 conunittereut,
1157 1990 1297 2043 Eum
1357 1990 1522 2059 igitur
1552 1989 1695 2061 Sylla
1737 1990 1817 2044 sic
1854 1990 2093 2059 excepit,

516 2089 579 2134 ut
615 2095 682 2134 ex
731 2096 874 2150 equo
912 2082 1205 2138 desiliret:
1258 2090 1315 2136 et
1341 2082 1410 2137 ab
1438 2097 1505 2137 eo
1535 2082 1836 2151 imperator
1884 2082 2092 2136 saluta-

518 2181 628 2233 tus,
660 2173 901 2227 vicissim
933 2189 1059 2228 cum
1096 2174 1484 2243 imperatorem
1519 2175 1803 2228 salutaret.
1849 2173 2097 2228 Fuerunt

516 2273 574 2320 et
611 2265 824 2333 reliqua
854 2266 1048 2334 primis
1080 2266 1185 2320 illis
1226 2265 1420 2320 ciliciis
1450 2276 1838 2320 consentanea.
1879 2265 2013 2319 Nam
2040 2273 2097 2320 et

520 2356 805 2411 accedenti
840 2357 1102 2426 Pompeio
1134 2358 1475 2427 assurgebat,
1508 2366 1565 2411 et
1615 2358 1722 2411 alia
1753 2358 1872 2427 ejus
1899 2357 2095 2411 honori

519 2447 824 2512 deferebat,
853 2464 974 2517 qua:
1008 2448 1153 2503 haud
1193 2457 1399 2503 temere
1425 2450 1550 2504 aliis
1569 2459 1830 2519 praestare
1863 2449 2094 2504 solebat.

520 2539 814 2609 Postquam
846 2551 1027 2594 autem
1060 2542 1286 2595 subacta
1335 2541 1488 2596 Italia
1519 2542 1754 2597 dictator
1778 2542 1961 2597 dictus
1989 2550 2094 2609 est,

523 2632 661 2685 alios
686 2632 855 2685 duces
885 2631 1084 2700 Opibus
1113 2643 1168 2686 et
1197 2632 1358 2703 473
1393 2634 1803 2703 magistratibus
1840 2651 2096 2689 remune-

500 2730 698 2787 .ratus,
740 2711 1061 2792 Pompeium
1101 2724 1336 2779 arctiore
1384 2725 1489 2779 sibi
1548 2726 1956 2782 necessitudine
2003 2727 2100 2781 de-

521 2812 832 2876 vincturus,
860 2814 910 2866 ei
942 2813 1237 2883 persuasit,
1268 2824 1329 2868 ut
1355 2816 1577 2870 dimissa
1606 2831 1773 2871 uxore
1805 2833 1969 2887 quam
2000 2818 2099 2872 ha-

522 2904 710 2972 bebat,
740 2902 1018 2958 .IEmiliam
1049 2903 1224 2975 ipsius
1257 2904 1590 2975 privignam,
1645 2906 1874 2962 Metellae
1914 2910 2100 2964 uxoris

522 3012 593 3052 ex
618 2996 827 3052 Scauro
854 2997 1053 3051 marito
1090 2997 1274 3068 priore
1308 2998 1496 3063 tiliam,
1538 2998 1783 3053 duceret.
1814 3000 1870 3054 ld
1903 3002 2098 3072 conju»

2208 1894 2296 1947 Ἐν
2359 1893 2417 1947 δὲ
2468 1893 2548 1962 τῷ
2597 1893 2821 1947 ἀπιέναι
2875 1892 3027 1959 τρεῖς
3101 1889 3267 1942 αὑτὸν
3319 1888 3607 1958 στρατηγοὶ
3653 1886 3742 1939 τῶν

2196 1985 2616 2057 προσκειμένων
2669 1984 2748 2055 τῷ
2823 1981 3084 2053 Κάρϐωνι
3133 1978 3536 2035 ἐκυκλώσαντο.
3592 1979 3644 2033 ’0
3698 1978 3743 2031 δὲ

2193 2075 2417 2142 τούτους
2495 2076 2859 2147 τρεψάμενος,
2931 2075 3030 2138 τὰς
3085 2075 3277 2136 πόλεις
3324 2073 3473 2144 αύτῷ
3524 2088 3741 2142 προσχω-

2197 2172 2399 2242 ρούσας
2452 2170 2687 2240 ἐδέχετο.
2750 2164 2865 2221 Εἶτ’
2916 2163 3073 2230 αὖθις
3095 2167 3407 2228 Σκιπίωνος
3436 2165 3526 2218 τοῦ
3558 2165 3735 2217 ὑπάτου

2198 2264 2444 2326 ἐπιόντος
2473 2261 2642 2330 αὐτῷ,
2667 2260 2727 2313 τὸ
2761 2259 3066 2321 Σκιπίωνος
3093 2257 3489 2329 στρατιωτικὸν
3525 2254 3743 2310 ἀσπασά-

2200 2371 2361 2426 μενον
2390 2353 2516 2416 τοὺς
2541 2352 2636 2406 τοῦ
2661 2353 2971 2423 Πομπηΐου.
3004 2349 3155 2421 αὺτῷ
3187 2347 3626 2421 προσερρύησαν,
3649 2349 3673 2399 ὁ
3696 2344 3742 2398 δὲ

2199 2444 2442 2498 Σκιπίων
2498 2444 2690 2512 ἔφυγε.
2750 2445 2861 2497 Καὶ
2927 2442 3227 2513 Κάρϐωνος
3286 2442 3345 2495 δέ
3399 2441 3594 2494 ἱππέων
3646 2439 3743 2502 ἴλας

2202 2539 2402 2609 συχνὰς
2432 2537 2753 2607 πέμψαντος
2776 2536 2895 2591 κατ’
2923 2535 3113 2602 αὐτοῦ,
3138 2537 3237 2590 καὶ
3268 2524 3472 2598 ταύτας
3493 2535 3740 2605 ἐτρέψατο,

2198 2630 2272 2693 ὡς
2301 2628 2371 2682 δι’
2405 2628 2717 2695 ἀπόγνωσιν
2769 2625 3044 2696 σωτηρίας
3073 2625 3305 2688 ἑαυτοὺς
3339 2623 3487 2694 αὐτῷ
3537 2623 3738 2694 ἐγχειρί-

2202 2739 2323 2786 σας.
2374 2722 2531 2775 Οὖτω
2573 2721 2631 2775 δὲ
2677 2720 2841 2774 αὑτὸν
2888 2719 2916 2772 6
2950 2718 3155 2780 Σύλλας
3191 2720 3418 2784 ἐδέξατο
3455 2719 3526 2782 ὡς
3564 2720 3743 2784 ἀποπη-

2199 2816 2360 2887 δῆσαι
2383 2813 2476 2867 τοῦ
2508 2814 2696 2879 ἵππου,
2727 2813 2823 2867 καὶ
2847 2809 3316 2881 προσαγορευθεὶς
3352 2811 3455 2864 ὑπὸ
3490 2808 3739 2879 Πομπηίον

2201 2905 2560 2976 αὐτοκράτωρ
2615 2902 2713 2956 καὶ
2744 2903 2906 2965 αὐτὸς
2956 2903 3377 2972 ἀντιπροσερεῖν
3405 2900 3742 2971 αὐτοκράτορα

2201 2998 2293 3051 τὸν
2327 2998 2639 3068 Πομπήϊον,
2669 2996 2765 3050 καὶ
2788 2995 2958 3050 τᾶλλα
2998 2995 3052 3048 δὲ
3091 2997 3210 3057 ταῖς
3247 2994 3492 3066 πρώταις
3518 2994 3739 3063 φιλοτρο-

523 3087 672 3157 gium
711 3087 1054 3158 tyrannicum
1104 3086 1225 3140 fuit.
1270 3087 1406 3141 Nam
1461 3086 1683 3143 Emilia
1713 3091 1833 3145 viro
1863 3093 2095 3152 elocata.

2205 3092 2391 3155 σύναις
2423 3091 2760 3145 συνέϐαινεν.
2789 3089 3223 3156 Ὑπεξανίστατο
3256 3089 3369 3159 γὰρ
3399 3087 3657 3160 προσιόντι
3679 3085 3741 3155 τῷ

523 3186 747 3233 uterum
796 3177 1030 3232 ferebat.
1084 3177 1405 3247 Pompeium
1460 3180 1534 3234 ita
1588 3180 1690 3234 sibi
1738 3182 2096 3237 conciliatum

526 3284 651 3323 cum
683 3269 894 3338 magnis
925 3268 1098 3338 copiis
1138 3267 1191 3321 in
1227 3268 1468 3321 Siciliam
1499 3269 1789 3340 ablegavit,
1844 3272 2101 3329 factionis

2208 3183 2480 3252 Πομπηΐῳ
2530 3182 2622 3234 καὶ
2668 3180 2803 3234 ἄλλα
2847 3181 2982 3248 πρὸς
3036 3181 3205 3250 τιμὴν
3265 3182 3474 3233 ἐκείνου
3522 3180 3674 3233 ἐποίει
3713 3177 3741 3229 ἂ

2207 3277 2342 3346 πρὸς
2386 3274 2578 3337 ἀλλους
2640 3274 2740 3326 οὐκ
2786 3267 2940 3325 ὦπτο
2990 3274 3191 3343 ῥᾳδίως
3265 3274 3456 3328 ποιῶν.
3522 3271 3658 3324 Ἐπεὶ
3705 3269 3740 3321 δ’

526 3359 795 3414 Carbonis
822 3360 1253 3429 receptaculum.
1289 3361 1409 3426 Quo
1435 3376 1560 3415 cum
1592 3365 1859 3428 venisset,
1905 3366 2103 3421 adver-

529 3450 691 3515 sariis
722 3451 900 3505 insula
929 3451 1147 3523 ejectis.
1181 3452 1346 3506 urbes
1370 3462 1591 3510 vexatas
1612 3454 1953 3512 humanitate
1985 3458 2104 3514 sin-

2207 3369 2480 3438 ἐκράτησε
2548 3366 2651 3436 τῆς
2720 3365 2953 3429 Ἰταλίας
2985 3365 3013 3417 6
3058 3366 3273 3430 Σύλλας
3301 3409 3317 3435 ,
3367 3368 3461 3419 καὶ
3509 3364 3742 3428 δικτάτωρ

2206 3459 2576 3531 ἀνηγορεύθη,
2613 3459 2740 3522 τοὺς
2773 3459 2870 3528 μὲν
2892 3458 3085 3520 ἄλλους
3117 3459 3396 3529 ἡγεμόνας
3430 3460 3517 3513 xal
3544 3471 3742 3525 στρατη-

528 3542 711 3611 gulari
749 3548 1060 3599 recreavit:
1115 3543 1424 3600 Carbonem
1470 3548 1929 3617 comprehensum
1957 3552 2097 3606 occi-

2206 3554 2338 3622 γοὺς
2366 3550 2629 3622 ἠμείϐετο
2661 3551 2988 3615 πλουτίζων,
3020 3551 3116 3603 καὶ
3146 3550 3232 3603 ἐπ’
3268 3553 3442 3622 ἀρχὰς
3471 3545 3739 3602 καθιστῶν·

527 3631 640 3686 dit:
674 3631 879 3687 milites
908 3632 961 3686 in
984 3632 1275 3687 itineribus
1297 3633 1671 3700 immodestos,
1700 3635 1895 3706 sigillis
1912 3652 2097 3693 eorum

2209 3644 2496 3713 Πομπήϊον
2548 3643 2605 3695 δὲ
2661 3641 2928 3695 ἔσπευσεν
2985 3640 3372 3697 υίκειώσασθαι
3418 3639 3602 3710 ἐαυτῷ,
3666 3636 3742 3690 καὶ

527 3724 1062 3794 gladiis‘impressis.
1123 3725 1390 3792 coercuit,
1445 3742 1568 3796 qua:
1599 3727 1692 3797 qui
1744 3744 2097 3787 nonconser-

2212 3734 2393 3789 πείθει
2425 3735 2590 3789 αὐτὸν
2611 3734 2711 3804 τὴν
2749 3732 3001 3804 γαμετὴν
3039 3734 3108 3803 ἢν
3144 3728 3296 3803 εἶχεν
3322 3732 3741 3802 ἀποπεμψάμειον

532 3825 746 3883 varant,
779 3833 971 3888 pcenas
1003 3818 1228 3873 dabant.
2213 3829 2523 3897 ἀγαγέσθαι
2581 3829 2681 3897 τὴν
2734 3826 2931 3881 ἐαυτοῦ
2986 3827 3254 3897 πρόγονον
3312 3828 3576 3899 Αἰμιλίαν,
3621 3822 3739 3893 ivi)

527 3913 778 3968 Μετέλλα
806 3913 841 3985 ἢ
897 3912 978 3985 τῷ
1022 3913 1198 3984 Σύλλᾳ
1240 3913 1471 3986 συνῴκει
1502 3915 1565 3969 ἐκ
1595 3917 1840 3990 Σκαύρου
1872 3921 2142 3991 ἐγείνατο,
2176 3927 2270 3979 τοῦ
2329 3924 2601 3997 προτέρου
2647 3923 2863 3995 ἀνδρός.
2899 3919 3009 3976 Ἦν
3032 3923 3089 3976 δὲ
3117 3923 3188 3977 τὰ
3234 3924 3333 3977 τοῦ
3368 3924 3539 3995 γάμου
3571 3935 3740 3991 τυραν-

527 4009 675 4063 νικά.
718 4009 903 4080 Ἀνδρὶ
930 4007 1039 4080 γὰρ
1071 4010 1104 4079 ἡ
1137 4008 1362 4079 Αἰμιλία
1392 4011 1639 4065 ἐκδέδοτο
1681 4014 1778 4067 καὶ
1808 4014 1982 4074 ἐκύει.
2013 4018 2179 4074 Οὕτω
2221 4019 2269 4072 δ’
2298 4023 2326 4075 6
2363 4020 2568 4083 Σύλλας
2598 4020 3026 4089 οἰκειωσάμενος
3076 4017 3163 4071 τοι
3209 4018 3491 4089 Πομπήϊον
3518 4020 3590 4079 τίς
3610 4015 3739 4067 Σικε-

529 4100 650 4155 λίαν
678 4100 968 4155 ὰπέστειλε
999 4100 1137 4169 μετά
1172 4102 1396 4174 βαρείας
1428 4103 1735 4174 δυνάμεως.
1771 4105 1878 4163 Ἦν
1914 4110 2021 4179 γὰρ
2052 4114 2085 4182 ἠ
2116 4114 2280 4184 νῆσος
2307 4118 2420 4178 τοῖς
2448 4117 2543 4171 τοῦ
2578 4117 2876 4189 Κάρϐωνος
2907 4117 3269 4188 ὁρμητήριον.
3309 4118 3420 4171 Καὶ
3452 4109 3737 4167 ἀπελθόντος

528 4193 647 4247 ἐκεῖ
684 4196 973 4265 Πομπηΐου
1001 4195 1048 4246 (ιῖ
1079 4194 1179 4265 μὲν
1208 4197 1443 4251 ἐναντίοι
1484 4201 1585 4269 τῆς
1618 4200 1786 4271 νήσου
1842 4202 2165 4276 ἐξέστησαν,
2226 4207 2389 4270 αὐτὸς
2422 4207 2479 4261 δέ
2533 4208 2632 4272 τάς
2700 4209 2890 4274 πόλεις
2936 4207 3283 4279 ἀνελάμϐανε
3338 4199 3739 4274 τετρυχωμένας,

529 4293 625 4347 καὶ
672 4291 1071 4362 φιλανθρώπως
1130 4292 1422 4364 ἐκέχρητο.
1453 4295 1758 4367 Κατασχὼν
1798 4299 1855 4352 δὲ
1903 4302 1998 4353 καὶ
2038 4301 2131 4355 τὸν
2164 4304 2441 4374 Κάρϐωνα
2475 4304 2709 4359 ἀνεῖλεν.
2763 4304 3005 4359 Ἀκούων
3049 4305 3236 4375 μέντοι
3286 4304 3411 4366 τοὺς
3444 4292 3739 4368 στρατιώτας

533 4390 594 4441 ὲν
618 4389 734 4449 ταῖς
758 4384 1088 4454 ὁδοιπορίαις
1113 4386 1388 4452 ἀτακτεῖν,
1422 4390 1725 4459 σφραγῖδας
1753 4395 1875 4457 ταῖς
1901 4396 2084 4451 αὐτῶν
2114 4400 2418 4472 μαχαίραις
2449 4400 2735 4466 ἐπέϐαλεν,
2771 4401 2838 4471 ἣν
2869 4403 2897 4454 ὁ
2937 4400 3012 4471 μὴ
3036 4400 3277 4470 φυλάξας
3306 4396 3598 4461 ἐκολάζετο.

609 4476 675 4531 ll.
711 4476 837 4530 Haec
866 4477 997 4530 dum
1033 4477 1089 4530 in
1118 4477 1303 4532 Sicilia
1336 4480 1498 4550 gerit,
1552 4482 1755 4540 litteris
1795 4496 2020 4544 senatus
2053 4498 2097 4544 el

2289 4492 2364 4546 B’.
2390 4495 2574 4548 Ταῦτα
2603 4494 2661 4548 δὲ
2688 4494 2944 4566 πράττων
2980 4496 3038 4547 ἐν
3075 4492 3314 4564 Σικελίᾳ,
3358 4489 3563 4556 ἐδέξατο
3593 4483 3741 4556 γράμ-

537 4569 703 4641 Syllae
734 4569 788 4622 in
821 4568 1061 4623 Africam
1105 4572 1359 4640 navigare
1406 4573 1651 4644 jubetur,
1684 4586 1741 4631 et
1773 4578 1975 4632 bellum
2015 4596 2097 4651 ge-

2221 4601 2368 4656 ματα
2401 4586 2499 4657 τῆς
2531 4586 2838 4658 συγκλήτου
2876 4586 2974 4639 καὶ
3001 4584 3179 4638 Σύλλα
3208 4584 3493 4638 κελεύοντα
3520 4579 3654 4632 πλεῖν
3675 4574 3739 4634 εἰς

536 4673 664 4714 rere
694 4673 820 4712 cum
849 4656 1110 4720 Domitio,
1145 4675 1175 4711 a
1213 4674 1325 4728 quo
1349 4672 1557 4729 septem
1589 4662 1763 4718 millia
1795 4665 1862 4719 ad
1896 4680 2020 4720 eum
2053 4670 2108 4723 in

535 4751 778 4808 Africam
813 4749 1121 4820 profectum
1177 4754 1535 4807 transierunt.
1565 4753 1755 4826 Pugna
1794 4761 2108 4829 commissa,

534 4846 808 4902 Domitius
860 4845 1103 4900 vincitur
1154 4855 1319 4915 atque
1351 4847 1667 4903 occiditur:
1716 4852 1882 4907 urbes
1910 4855 2110 4924 partim

535 4948 751 5010 sponte,
799 4938 1000 5009 partim
1035 4949 1239 4995 coacta:
1281 4940 1604 5010 Pompeium
1651 4944 1944 5014 recipiunt.
1978 4948 2113 5005 Inde

532 5041 591 5094 in
635 5039 947 5095 Numidiam
1000 5038 1140 5094 facta
1172 5040 1570 5110 impressione,
1630 5043 1872 5099 subactis
1934 5045 2113 5101 obviis

536 5134 817 5199 omnibus,
851 5141 1074 5202 totaque
1120 5133 1400 5201 provincia
1457 5134 1654 5189 diebus
1686 5153 1749 5189 τι.
1777 5137 2111 5207 perdomita,

535 5225 750 5281 litteras
778 5242 808 5277 a
847 5224 991 5296 Sylla
1046 5225 1283 5294 accipit:
1339 5225 1562 5294 quibus,
1594 5227 1806 5281 caneris
1846 5228 2110 5296 dimissis,

536 5330 660 5369 cum
694 5332 803 5369 una
830 5316 1047 5385 legione
1078 5329 1452 5370 successorem
1485 5315 1651 5371 Utica:
1684 5321 2114 5391 exspectareju-

541 5405 720 5459 betur.
749 5406 920 5471 Quam
960 5423 1074 5460 rem
1109 5407 1226 5476 ipso
1262 5410 1401 5461 clam
1458 5423 1601 5477 :egre
1637 5407 1868 5475 ferente,
1907 5411 2116 5465 exerci-

541 5503 629 5550 tus
662 5506 851 5565 aperte
893 5505 978 5551 est
1022 5498 1383 5564 indignatus:
1436 5497 1810 5568 Pompeioque
1861 5504 2113 5571 progredi

537 5588 779 5651 Valente,
815 5587 883 5642 dc
919 5590 1063 5659 Sylla
1093 5605 1287 5660 parum
1320 5591 1606 5643 commode
1645 5591 1986 5658 suntlocuti,
2010 5611 2112 5651 nec

538 5679 685 5747 passi
723 5677 1044 5747 Pompeium
1081 5695 1140 5735 se
1168 5688 1398 5752 tyranno
1426 5681 1673 5735 credere.
1721 5681 1824 5748 Qui
1866 5698 1991 5740 cum
2018 5702 2115 5743 eos

539 5772 790 5840 mitigare
815 5778 1130 5840 conaretur,
1166 5786 1392 5828 manere
1418 5782 1471 5827 et
1498 5771 1770 5842 imperare
1790 5775 2112 5846 jubebatur,

2217 4676 2424 4749 Λιϐύην
2449 4678 2544 4732 καὶ
2579 4679 2841 4748 πολεμεῖν
2873 4678 3139 4750 Δομετίῳ.
3182 4679 3293 4730 Καὶ
3340 4681 3368 4731 6
3410 4676 3504 4746 μὲν
3538 4667 3737 4736 ἐξέπλει,

2218 4770 2612 4842 ἑπτακισχίλιοι
2642 4771 2700 4824 δὲ
2731 4770 2881 4840 αὐτῷ
2908 4770 3017 4824 τῶν
3058 4771 3162 4825 ὑπὸ
3196 4770 3287 4824 τὸν
3339 4767 3580 4839 Δομέτιον
3607 4773 3739 4831 προσ·

2218 4857 2524 4935 εχὶὒρησαν.
2587 4863 3071 4934 Ἀντιτεταγμένου
3123 4863 3178 4917 δὲ
3227 4861 3503 4934 Δομετίου,
3569 4852 3739 4924 συῤῥή·

2220 4972 2448 5026 γνυνται
2484 4955 2552 5009 τὰ
2585 4955 3003 5028 στρατεύματα,
3038 4957 3133 5009 καὶ
3163 4956 3387 5009 νικῶσιν
3405 4955 3449 5007 οί
3469 4945 3734 5018 Πομπηΐου,

2221 5044 2316 5098 καὶ
2344 5046 2371 5097 ὁ
2396 5045 2656 5114 Δομέτιος
2694 5047 2995 5099 κτείνεται·
3024 5044 3132 5097 τῶν
3162 5044 3219 5097 δὲ
3246 5045 3446 5097 πόλεων
3471 5040 3523 5094 al
3553 5036 3640 5106 μὲν
3665 5031 3732 5084 εὐ-

2223 5141 2320 5207 θὺς
2361 5144 2811 5215 προσεχώρησαν,
2861 5143 2918 5197 αἱ
2964 5143 3021 5195 δὲ
3067 5143 3211 5196 κατά
3267 5140 3459 5212 κράτος
3509 5135 3733 5187 ἑάλωσαν.

2225 5232 2334 5286 Καὶ
2358 5235 2437 5295 είς
2465 5235 2566 5304 τὴν
2594 5234 2915 5302 Νομαδικὴν
2945 5232 3222 5302 ἐμϐαλὼν,
3261 5233 3352 5285 καὶ
3402 5228 3601 5282 πάντων
3627 5232 3735 5287 κρα-

2221 5325 2416 5395 τήσας,
2446 5320 2527 5387 οἷς
2556 5325 2776 5392 ἐνέτυχε
2804 5323 3217 5392 τεσσαράκοντα
3240 5323 3358 5381 ταῖς
3402 5319 3583 5374 πάσαις
3625 5304 3735 5377 ἠμέν

2224 5433 2347 5485 ραις
2386 5415 2690 5487 γράμματα
2741 5415 2955 5483 δέχεται
3005 5413 3201 5478 Σύλλα,
3259 5415 3464 5481 ἀφεῖναι
3519 5405 3605 5473 μὲν
3656 5397 3734 5464 τὴν

2221 5508 2390 5577 ἄλλην
2418 5511 2704 5579 στρατιὰν,
2738 5508 2901 5560 αὑτὸν
2929 5506 2984 5558 δὲ
3021 5507 3143 5577 μεθ’
3173 5508 3291 5569 ἐνὸς
3318 5504 3574 5571 τάγματος
3604 5503 3728 5558 περι·

2226 5600 2411 5672 μένειν
2459 5603 2540 5665 είς
2609 5601 2825 5670 Ἰτύκην
2875 5598 2966 5652 τὸν
3027 5598 3403 5666 διαδεξάμενον
3454 5583 3729 5672 στρατηγδγς

2235 5667 2362 5745 Ἐπὶ
2395 5693 2607 5756 τούτοις
2637 5667 2797 5754 αὐτὸς
2841 5691 2939 5760 μὲν
2982 5689 3106 5742 καθ’
3144 5689 3334 5742 ἑαυτὸν
3384 5683 3578 5755 ἤχθετο,
3624 5676 3647 5725 ὁ
3687 5667 3731 5720 δὲ

2226 5782 2457 5851 στρατδς
2500 5782 2582 5847 εἰς
2643 5781 2955 5851 τούμφανὲς
3020 5781 3336 5848 ἠγανάκτει.
3381 5774 3480 5830 Καὶ
3532 5765 3730 5821 θέλοντος
