4008 6250
293 349 410 410 805

1598 339 2003 401 ANNALIUM
2040 339 2187 404 LIB.
2231 342 2307 403 Χ.

3465 341 3571 403 806

294 458 592 531 προελθεῖν
626 455 936 527 Πομπηΐου,
969 453 1063 508 τοῦ
1119 470 1179 507 τε
1234 450 1412 505 Σύλλα
1465 449 1651 516 κακῶς
1707 451 1884 521 ἐμνη-

2008 468 2112 509 :um
2161 451 2627 508 obtestationibus
2657 460 2715 508 et
2742 451 3237 509 vociferationibus
3258 469 3277 508 :
3314 467 3572 523 aegreque

299 550 555 621 μόνευον,
634 548 890 601 κάκεῖνον
918 545 1019 597 οὐκ
1049 542 1174 596 εἴων
1215 538 1497 595 πιστεύειν
1527 539 1605 608 τῷ
1631 539 1884 609 τυράννῳ

297 640 516 695 ἑαυτόν.
556 639 719 692 Καὶό
753 636 855 707 μὲν
882 636 1142 706 ἐπειρᾶτο
1172 632 1439 704 πραΰνειν
1464 630 1684 696 αὐτοὺς,
1733 631 1783 684 oi
1825 629 1884 683 δὲ

301 735 490 805 μένειν
512 731 675 786 αὐτὸν
712 732 809 784 καὶ
835 729 1028 800 ἄρχειν
1061 727 1337 789 ἐκέλευον,
1374 725 1534 796 ἄχρις
1568 716 1630 777 οὗ
1659 721 1885 792 προσλι-

297 824 628 896 παρούντων
676 822 772 875 καὶ
818 819 1251 882 καταϐοώντων,
1288 817 1506 888 ὤμοσεν
1567 815 1886 885 ἀναιρήσειν

298 918 494 972 ἑαυτόν
522 916 570 968 εί
613 914 907 984 βιάζοιντο·
958 912 1056 966 καὶ
1102 912 1255 981 μόλις
1314 908 1490 972 οὕτως
1550 906 1882 961 ἐπαύσαντο.

301 1013 531 1084 Πρῶτον
566 1011 665 1081 μὲν
696 1009 791 1063 οὖν
813 1008 1023 1079 ἠγγέλη
1054 1008 1132 1078 τῷ
1163 1006 1342 1079 Σύλλᾳ
1369 1004 1676 1084 ἀφεστάναι
1734 1003 1885 1071 Πομο

302 1109 486 1178 πὴἲον.
521 1101 655 1158 Εἶτα
709 1102 1014 1171 πυθόμενος
1073 1099 1325 1168 τάληθὲς,
1381 1076 1696 1167 ἀπήντησεν
1739 1092 1890 1164 αὖτῷ

306 1199 588 1269 προσιόντι
648 1198 743 1249 καὶ
782 1193 1208 1263 δεξιωσάμενος,
1245 1193 1466 1259 Μάγνον
1494 1189 1759 1258 προσεῖπε
1794 1200 1892 1254 μει-

303 1291 446 1360 γάλῃ
477 1292 543 1359 τῇ
576 1290 753 1359 φωνῇ.
787 1286 1050 1356 Σημαίνει
1102 1284 1159 1337 δὲ
1193 1282 1366 1354 μέγαν
1405 1284 1433 1334 ὁ
1483 1281 1727 1348 Μάγνος.
1762 1278 1889 1349 Θρί-

306 1384 486 1453 αμϐον
512 1382 568 1434 δὲ
605 1380 896 1449 Πομπηΐου
951 1377 1231 1440 αἰτοῦντος
1273 1376 1302 1427 6
1349 1374 1553 1435 Σύλλας
1576 1372 1889 1439 ἀντέλεγεν,

306 1474 381 1536 ὡς
421 1474 618 1541 ὑπάτῳ
667 1472 701 1543 ἢ
761 1468 1055 1540 στρατηγῷ
1111 1467 1470 1541 θριαμϐεύειν
1541 1466 1880 1535 νενόμισται,

307 1563 456 1635 ἄλλῳ
477 1564 534 1617 δὲ
555 1561 757 1616 οὐδενί.
793 1561 855 1614 Εἰ
878 1561 933 1614 δὲ
969 1560 1255 1630 Πομπήϊος
1290 1558 1443 1612 οὔπω
1474 1555 1706 1625 γενειῶν
1732 1557 1894 1626 ἀκρι-

311 1657 421 1720 ϐῶς
449 1654 836 1726 θριαμϐεύσει,
883 1649 928 1722 ᾧ
959 1652 1154 1723 βουλῆς
1186 1652 1275 1706 διὰ
1303 1653 1404 1722 τὴν
1428 1651 1646 1721 ἠλικίαν
1669 1651 1728 1702 ού
1767 1651 1891 1718 μέτ-

309 1765 480 1816 εστιν,
506 1747 796 1816 ἐπίφθονος
840 1745 1027 1799 ἔσεται
1082 1746 1298 1818 αὐτῷὴ
1346 1745 1504 1814 τιμή.
1552 1744 1742 1797 Ταῦτα
1799 1742 1894 1795 τοῦ

1985 544 2342 607 destiterunt,
2399 559 2527 601 eum
2585 547 2825 618 jurasset
2855 561 2914 602 se
2948 546 3052 601 sibi
3086 546 3190 616 ipsi
3216 561 3412 601 manus
3442 545 3578 600 alla-

1987 646 2200 703 turum,
2233 637 2278 692 si
2305 649 2587 708 cogerent.
2621 636 2905 708 Principio
2932 637 3097 708 Sylla:
3122 639 3440 692 nuntiatum
3465 648 3573 702 est,

1987 726 2253 782 defecisse
2289 728 2638 799 Pompeium.
2681 728 2890 783 Deinde
2922 728 3156 783 veritate
3190 728 3432 798 cognita,
3466 727 3572 781 ob-

1987 819 2132 873 viam
2168 835 2513 890 progressus,
2547 829 2916 889 porrectaque
2935 819 3181 883 dextera,
3210 835 3407 889 magna
3438 833 3574 874 voce

1990 909 2245 981 Magnum
2293 926 2421 966 eum
2473 910 2924 982 cognominavit:
2964 909 3062 965 sed
3098 910 3439 979 triumphum
3479 924 3575 978 pe-

1993 1003 2129 1058 tenti
2154 1003 2481 1058 adversatus
2500 1014 2605 1067 est,
2636 1004 2781 1072 quod
2812 1002 3021 1057 nemini
3049 1012 3416 1071 praeterquam
3442 1015 3574 1056 con-

1992 1094 2097 1148 suli
2128 1105 2225 1149 aut
2256 1094 2479 1164 prretori
2516 1093 2864 1163 triumphare
2897 1092 3108 1146 liceret.
3148 1089 3244 1144 Sin
3278 1088 3577 1159 Pompeius

1992 1200 2134 1255 pene
2182 1185 2466 1246 imberbis.
2504 1186 2609 1253 chi
2661 1201 2759 1254 per
2778 1193 2999 1239 aetatem
3049 1184 3105 1236 in
3149 1192 3344 1237 senatu
3376 1180 3572 1235 venire

1993 1294 2104 1333 non
2132 1279 2349 1339 liceret.
2389 1276 2805 1346 triumphasset,
2866 1291 2993 1330 eum
3038 1275 3305 1328 honorem
3344 1271 3579 1327 invidio-

1994 1384 2117 1425 sum
2149 1369 2285 1423 fore.
2314 1366 2442 1422 llaec
2474 1367 2618 1438 Sylla
2644 1365 2884 1429 dicente,
2916 1365 3210 1435 Pompeius
3240 1363 3579 1434 respondere

1994 1477 2105 1515 non
2125 1459 2419 1527 dubitavit,
2463 1458 2733 1514 orientem
2758 1456 2930 1511 solem
2956 1457 3141 1527 plures
3163 1456 3393 1509 adorare
3414 1469 3579 1525 quam

1996 1553 2338 1609 occidentem
2367 1574 2381 1607 :
2424 1567 2536 1622 quo
2561 1551 2710 1606 dicto
2737 1548 3048 1619 significare
3079 1547 3275 1612 voluit,
3298 1562 3452 1603 suam
3485 1561 3583 1616 po-

1999 1645 2224 1703 tentiam
2275 1644 2487 1715 augeri,
2534 1643 2681 1697 illius
2728 1641 2986 1695 imminui
3030 1649 3086 1694 et
3115 1639 3458 1693 exolescere.
3504 1635 3582 1689 Eo

1999 1756 2265 1811 responso
2293 1738 2459 1812 474
2487 1738 2632 1810 Sylla
2662 1736 3077 1807 obstupefactus
3109 1753 3123 1791 :
3168 1735 3260 1789 Vel
3294 1735 3369 1789 bis
3399 1733 3582 1787 ordine

309 1839 488 1893 Σύλλα
512 1838 768 1906 λέγοντος
817 1838 845 1891 ὁ
891 1839 1174 1908 Πομπήϊος
1227 1835 1325 1906 οὺχ
1381 1832 1716 1904 ὑπέπτηξεν,
1771 1832 1890 1885 ἀλλ’

2008 1835 2306 1902 triumphet,
2332 1833 2682 1888 exclamavit.
2722 1831 2986 1885 Militibus
3016 1837 3201 1883 autem
3235 1825 3584 1883 obturbanti-

310 1933 512 1985 ἐννοεῖν
537 1929 644 2001 ἔφη
724 1930 834 1983 δεῖν
869 1930 952 1983 ὅτι
981 1929 1072 1982 τὸν
1109 1929 1263 1999 ἥλιον
1300 1925 1662 1981 ἀνατέλλοντα
1722 1924 1899 1977 πλείο-

311 2022 460 2091 νεςῆ
504 2022 769 2093 δυόμενον
832 2019 1229 2092 προσκυνοῦσιο
1275 2018 1454 2088 δηλῶν
1526 2016 1781 2070 ἐντεῦθεν
1823 2016 1898 2079 ὡς

310 2112 466 2183 αὐτῷ
496 2113 593 2182 μὲν
617 2114 650 2182 ἠ
675 2113 907 2182 δύναμις
933 2111 1179 2177 αὔξεται,
1212 2110 1408 2180 ἐκείνῳ
1438 2108 1494 2161 δὲ
1550 2105 1807 2179 μειοῦται
1838 2121 1897 2158 τε

316 2209 414 2261 καὶ
447 2207 801 2277 μαραίνεται.
823 2205 967 2275 Πρὸς
1005 2203 1181 2256 ταῦτα
1201 2204 1230 2256 ὁ
1258 2201 1464 2263 Σύλλας
1495 2197 1896 2265 καταπλαγεὶς,

314 2300 418 2364 Δὶς
437 2298 662 2368 ἐφεξῆς
691 2295 1160 2365 θριαμϐειισάτω,
1188 2293 1436 2364 ἐϐόησεν.
1456 2294 1542 2356 Ὠς
1564 2292 1620 2345 δὲ
1653 2292 1704 2343 οἱ
1742 2308 1901 2360 στρα-

313 2392 508 2445 τιῶται
543 2392 785 2461 ἐνοχλεῖν
814 2389 1099 2443 ἐϐούλοντο
1118 2391 1213 2442 καὶ
1237 2388 1512 2458 Θορυϐεῖν,
1537 2386 1613 2458 μὴ
1642 2387 1900 2455 τυχόντες

320 2486 530 2558 ἡλίκων
554 2485 983 2556 προσεδόκησαν,
1010 2484 1037 2536 6
1066 2481 1352 2551 Πομπήϊος
1372 2480 1605 2549 ἀφήσειν
1633 2477 1736 2546 ἔφη
1766 2475 1904 2545 μᾶλ-

317 2579 414 2633 λον
439 2580 532 2632 τὸν
563 2576 833 2649 Θρίαμϐον
880 2576 914 2645 ἢ
967 2572 1323 2627 κολακεύσειν
1364 2571 1490 2631 τοὺς
1539 2568 1900 2639 στρατιώτας.

317 2671 466 2740 Πρὸς
507 2668 535 2721 ὃ
574 2667 883 2737 Σερουΐλιος
941 2664 1082 2735 ἀνὴρ
1142 2661 1415 2729 ἐπιφανὴς
1474 2660 1566 2713 καὶ
1605 2657 1902 2724 ἀντιλέγων

320 2763 457 2834 πρὶν
492 2760 630 2832 πρὸς
664 2762 755 2811 τὸν
793 2756 1086 2826 θρίαμϐον,
1117 2753 1268 2816 Νῦν,
1301 2752 1427 2820 ἐτη,
1462 2748 1765 2818 Πομπήϊος
1801 2747 1902 2801 καί

321 2856 569 2924 Μάγνος
603 2851 867 2918 ἀληθῶς,
903 2847 998 2902 παὶ
1050 2845 1221 2911 ἄξιος
1244 2841 1651 2912 θριαμῖεῦσαι.
1701 2840 1906 2901 Σύλλας

319 2947 380 3000 δὲ
404 2947 596 3015 ηνιᾶτο
622 2943 744 3014 μὲν,
771 2941 911 3011 ὀρῶν
933 2945 1011 3001 εἰς
1052 2939 1174 2990 ὅσον
1207 2937 1425 3007 πρόεισι
1461 2934 1621 3001 δόξης
1662 2934 1758 2984 καὶ
1815 2929 1908 2983 tiu-1

318 3039 539 3108 νάμεως
572 3038 600 3089 6
634 3037 937 3104 Πομπήϊος,
979 3030 1367 3100 αἰσχυνόμενος
1399 3027 1456 3079 δὲ
1493 3026 1748 3087 κωλύειν,
1782 3023 1907 3093 ἡσυ-

321 3135 451 3207 χίαν
480 3129 607 3203 ἥγε.
662 3130 896 3191 Λέπιδος
940 3129 1123 3198 μέντοι
1175 3124 1379 3192 σπουδῇ
1437 3122 1722 3192 Πομπηΐου
1774 3121 1907 3173 ὑπα-

321 3227 473 3290 τείας
500 3223 699 3295 τυχὼν,
731 3223 810 3285 είς
839 3221 935 3291 τὴν
984 3217 1159 3271 Σύλλα
1211 3216 1442 3283 δύναμιν
1486 3215 1698 3267 ἐκείνου
1729 3214 1908 3265 τελευ·

322 3320 592 3390 τήσαντος
634 3314 830 3369 ἐαυτὸν
851 3312 1138 3366 εἰσεποίει.
1188 3312 1301 3365 Καὶ
1361 3310 1523 3373 εὐθὺς
1558 3308 1777 3370 ἔνοπλος
1819 3304 1909 3377 ἦν,

325 3412 402 3465 τὰ
428 3411 540 3464 τῶν
571 3408 813 3462 στάσεων
841 3404 1234 3473 ὑπολείμματα
1268 3399 1564 3454 ἀνακινῶν.
1587 3399 1697 3450 Καὶ
1721 3401 1747 3449 6
1768 3397 1911 3466 Πομ-

327 3507 488 3578 πήϊος
515 3500 739 3573 ἡγεμὼν
771 3496 1186 3567 στρατεύματος
1216 3494 1515 3563 ἀπεδείχοη
1565 3492 1707 3544 κατὰ
1739 3491 1909 3543 Λεπί-

325 3599 447 3660 δου,
485 3596 584 3666 ήδη
624 3594 793 3647 πολλὰ
836 3594 933 3661 τῆς
980 3589 1215 3650 Ἰταλίας
1265 3585 1620 3655 κεκινηκότος
1673 3584 1768 3635 καὶ
1815 3582 1914 3652 τὴν

333 3692 491 3753 ἐντὸς
526 3688 778 3742 Ἀλπεων
814 3683 1086 3737 Γαλατίαν
1127 3680 1214 3734 διὰ
1261 3679 1500 3750 Βρούτου
1562 3678 1913 3746 κατέχοντος.

332 3781 457 3836 Τῶν
484 3779 585 3849 μὲν
615 3772 706 3830 οὖν
735 3775 913 3828 ἄλλων
947 3771 1153 3844 ῥᾳδίως
1195 3770 1502 3840 ἐκράτησεν
1531 3770 1557 3819 6
1608 3768 1914 3836 Πομπήϊος,

330 3870 767 3941 ἀντικαθήμενος
799 3867 857 3920 δὲ
885 3865 963 3936 τῷ
991 3864 1213 3935 Βρούτῳ
1262 3863 1562 3933 ἐχρόνισεν.
1596 3857 1730 3914 Εἶτα
1793 3859 1919 3910 ἐαυ-

330 3969 427 4021 τὸν
455 3970 483 4020 6
514 3963 749 4035 Βροῦτος
776 3959 925 4031 αὐτῷ
957 3956 1313 4030 ἐνεχείρισεν,
1361 3954 1394 4024 ἢ
1446 3952 1919 4023 μεταϐαλλόμενος

331 4058 369 4127 ἢ
412 4053 715 4128 προδ.οεἱς.
757 4053 916 4104 Καὶό
949 4046 1363 4121 μὲν.ἁνῃρέοη,
1407 4038 1578 4114 οἷπερ
1613 4042 1724 4105 υίὸς
1776 4036 1844 4110 ἧν
1892 4039 1919 4091 6

333 4148 601 4217 Καίσαρα
630 4144 855 4215 ὕστερον
882 4138 1361 4211 διαχειρισάμενος
1407 4132 1666 4204 Βροῦτος.
1690 4131 1920 4194 Λέπιδος

2001 1925 2105 1980 bus
2153 1934 2209 1979 et
2264 1923 2754 1985 tumultuantibus,
2810 1920 2959 1991 quod
3020 1918 3436 1989 exspectatione
3485 1932 3584 1971 sua

2002 2020 2213 2073 minora
2246 2017 2610 2087 accepissent,
2675 2013 2975 2083 Pompeius
3009 2027 3067 2067 se
3108 2010 3450 2079 triumphum
3483 2024 3585 2080 po-

2004 2111 2113 2167 tius
2141 2111 2500 2174 omissurum,
2554 2123 2719 2178 quam
2770 2105 3041 2160 militibus
3072 2104 3424 2158 adulaturum
3460 2116 3586 2158 esse

2001 2204 2311 2259 aﬂirmavit.
2352 2202 2434 2257 Ad
2499 2200 2647 2271 quod
2701 2198 2992 2258 Servilius.
3050 2195 3137 2250 vir
3186 2194 3439 2258 illustris,
3491 2191 3588 2262 qui

2002 2305 2130 2352 ante
2163 2296 2442 2365 triumpho
2476 2295 2594 2364 ejus
2631 2293 2957 2347 adversatus
3004 2289 3232 2344 fuerat:
3270 2286 3450 2351 Nunc,
3502 2284 3589 2339 in-

2002 2389 2144 2458 quit,
2171 2388 2458 2457 Pompeius
2489 2395 2538 2439 et
2578 2400 2696 2438 vere
2728 2398 2950 2452 magnus
2980 2389 3078 2444 est,
3117 2388 3166 2433 et
3204 2379 3472 2448 triumpho
3505 2377 3587 2430 di-

2002 2496 2158 2550 gnus.
2191 2477 2336 2550 Sylla
2370 2492 2503 2532 vero
2539 2474 2640 2531 etsi
2696 2472 2968 2528 crescenti
3027 2470 3273 2539 Pompeii
3322 2466 3510 2538 gloria:
3535 2474 3592 2521 et

2006 2570 2266 2642 potentiae
2314 2567 2623 2632 invidebat,
2688 2575 2868 2620 tamen
2926 2563 3139 2634 pudore
3180 2559 3588 2618 deterrebatur.

2004 2662 2302 2732 quominus
2352 2662 2402 2716 ei
2439 2660 2849 2714 adversaretur.
2908 2654 3151 2724 Lepidus
3183 2667 3314 2707 vero
3345 2649 3592 2720 Pompeii

2005 2752 2191 2808 studio
2214 2752 2562 2807 consulatum
2589 2752 2843 2819 adeptus.
2872 2762 2999 2800 cum
3032 2753 3156 2815 post
3187 2744 3348 2815 Syllae
3378 2742 3590 2796 obitum

2006 2847 2193 2900 statim
2226 2844 2374 2899 illius
2402 2843 2706 2913 potentiam
2741 2840 2844 2896 sibi
2889 2839 3196 2899 vindicans,
3229 2843 3477 2890 armatus
3506 2847 3594 2886 se-

2008 2937 2280 2992 ditionum
2313 2934 2580 2990 scintillas
2629 2935 2920 2995 excitaret,
2985 2929 3288 2998 Pompeius
3318 2926 3428 2980 dux
3461 2937 3597 2979 con-

2012 3038 2092 3083 tra
2131 3043 2257 3083 cum
2293 3027 2494 3081 missus
2518 3032 2623 3089 est,
2675 3039 2799 3078 cum
2852 3022 2944 3076 ille
2975 3035 3228 3091 magnam
3266 3016 3432 3074 Italiae
3464 3030 3595 3085 par-

2013 3134 2122 3179 tem
2150 3123 2260 3193 jam
2292 3120 2703 3183 commovisset,
2750 3126 2806 3173 et
2837 3114 3180 3184 Cisalpinam
3230 3110 3462 3167 Galliam
3498 3124 3596 3178 per

2009 3214 2239 3269 Brutum
2276 3221 2622 3282 occupasset.
2667 3210 2743 3264 Ac
2771 3217 3002 3262 caateros
3036 3204 3261 3274 quidem
3298 3187 3596 3271 Pompeius

2008 3307 2168 3363 facile
2201 3306 2505 3376 superavit,
2565 3302 2659 3358 sed
2718 3299 3133 3355 dimicationem
3168 3295 3434 3351 adversus
3463 3292 3597 3347 Bru-

2012 3411 2126 3456 tum
2162 3400 2324 3468 paulo
2356 3397 2567 3452 diutius
2593 3393 2810 3450 distulit
2839 3412 2853 3449 :
2895 3394 3075 3445 donec
3102 3389 3322 3443 tandem
3356 3387 3474 3455 ipse
3510 3384 3592 3437 vel

2012 3492 2287 3548 sententia
2341 3497 2575 3547 mutata,
2629 3486 2713 3539 vel
2759 3501 2787 3538 a
2841 3484 2957 3538 suis
2990 3480 3267 3551 proditus,
3310 3475 3595 3531 dedilione

2012 3589 2174 3650 facta,
2214 3584 2467 3639 sublatus
2497 3590 2600 3635 est.
2627 3580 2759 3649 Ejus
2785 3577 2942 3631 Bruti
2981 3575 3125 3630 ﬁlius
3156 3574 3201 3626 is
3234 3571 3439 3625 Brutus
3469 3566 3595 3632 fuit,

2014 3677 2106 3746 qui
2136 3683 2254 3745 post
2291 3673 2562 3729 Caesarem
2597 3668 2898 3723 interiecit.
2932 3664 3176 3735 Lepidus
3221 3660 3375 3716 Italia
3408 3658 3598 3726 pulsus

2017 3768 2209 3823 morbo
2242 3766 2427 3838 periit.
2484 3763 2590 3817 Sed
2625 3776 2750 3815 cum
2786 3757 3070 3814 Sertorius
3118 3752 3397 3824 llispaniis
3427 3765 3597 3804 occu-

2016 3864 2159 3933 patis
2194 3857 2560 3913 formidabilis
2581 3862 2752 3919 esset,
2814 3851 3112 3919 Pompeius
3163 3845 3340 3916 Oppio
3378 3843 3597 3897 Metello

2017 3973 2141 4014 cum
2194 3955 2287 4011 illo
2337 3954 2542 4009 bellum
2590 3947 2804 4021 gerenti
2850 3942 3060 4001 auxilio
3110 3939 3334 4001 missus,
3378 3935 3599 3990 duobus

2019 4050 2249 4108 Sertorii
2295 4047 2532 4103 ducibus
2577 4042 2880 4115 superatis,
2918 4039 3061 4092 ultra
3104 4050 3137 4088 χ
3173 4031 3344 4087 millia
3374 4029 3598 4087 cecidit.

2019 4141 2227 4199 Deinde
2255 4155 2379 4196 cum
2409 4137 2661 4193 Sertorio
2689 4136 2809 4204 ipso
2837 4128 3061 4200 ancipiti
3095 4124 3330 4181 victoria
3367 4122 3601 4177 dimica-

337 4242 402 4298 δὲ
461 4241 557 4312 τῆς
600 4238 831 4300 Ἰταλίας
866 4229 1265 4294 ἐκπεπτωκὼς,
1322 4227 1465 4297 νόσῳ
1510 4224 1798 4280 ἀπέθανεν.
1861 4223 1905 4277 'C

2020 4235 2120 4289 vit.
2153 4235 2197 4288 A
2233 4229 2415 4302 pedite
2442 4230 2683 4299 ingentis
2711 4224 2978 4293 corporis,
3011 4221 3125 4290 ipse
3146 4232 3342 4289 eques.
3374 4230 3598 4270 manum

341 4308 529 4403 μέντοι
560 4328 864 4399 Σερτώριος
920 4325 1021 4391 τὴν
1076 4320 1321 4389 Ἰϐηρίαν
1374 4316 1512 4387 ἔχων
1557 4315 1784 4385 φοϐερὸς
1830 4308 1897 4385 ἧν

2022 4327 2187 4389 ictus,
2239 4323 2390 4378 illius
2435 4334 2658 4374 manum
2695 4314 3019 4387 amputavit.
3071 4311 3282 4367 Castris
3328 4325 3453 4365 cum
3489 4309 3601 4361 lle-

338 4424 458 4478 Καὶ
493 4423 629 4493 πρὸς
657 4416 847 4472 τοῦτον
871 4415 966 4469 οὖν
1008 4417 1034 4467 6
1063 4412 1347 4482 Πομπήϊος
1416 4407 1642 4477 ἐστάλη,
1702 4422 1905 4475 συμμα-

2026 4418 2157 4474 tello
2187 4414 2520 4487 conjunctis,
2578 4412 2756 4473 virum
2795 4406 3112 4470 honoravit,
3157 4413 3212 4460 et
3240 4403 3484 4458 vicissim
3519 4410 3606 4457 est

337 4524 527 4589 χήσων
575 4512 795 4581 Ὀππίῳ
827 4506 1085 4576 Μετέλλῳ
1135 4502 1425 4576 μαχομένῳ
1476 4500 1612 4570 πρὸς
1660 4497 1752 4552 τὸν
1780 4497 1904 4568 ’Σερ

2027 4512 2353 4566 honoratus.
2405 4504 2651 4561 Sertorio
2696 4503 2765 4558 ab
2815 4500 3010 4579 amicis
3056 4514 3156 4568 per
3205 4496 3391 4551 dolum
3426 4494 3605 4548 inter-

337 4575 561 4680 ⁸ἶτὶιὶλριον.
594 4608 687 4670 Εἰς
751 4575 991 4673 ’ίϐηρίαν
1034 4575 1091 4652 δὲ
1139 4575 1499 4668 ἀφικόμενος,
1546 4594 1764 4663 πρῶτον
1819 4590 1905 4660 μὲι

2022 4607 2188 4669 tecto,
2219 4602 2508 4672 Perpenna
2538 4596 2740 4653 ducum
2770 4594 2893 4665 ejus
2941 4575 3222 4662 princeps,
3248 4587 3505 4657 exemplo
3540 4586 3604 4638 il-

337 4675 465 4757 δυσὶ
499 4698 827 4770 στρατηγοῖς
886 4688 1249 4758 ἀντικατέστη
1301 4686 1396 4739 τοῦ
1440 4682 1771 4756 Σερτωρίου,
1824 4681 1905 4735 καλ

2021 4695 2130 4750 lius
2159 4691 2473 4763 legionibus
2498 4687 2767 4751 munitus,
2792 4700 2822 4738 a
2855 4681 3118 4752 Pompeio
3138 4676 3328 4734 ’victus
3359 4685 3465 4739 est,
3496 4675 3609 4744 ple-

342 4799 575 4865 νικήσας
615 4791 755 4858 ὑπὲρ
799 4786 1026 4858 μυρίους
1066 4782 1415 4836 ἀπέκτεινεν
1467 4772 1590 4830 εἶτα
1631 4780 1727 4829 καί
1768 4772 1905 4843 αὐτᾷ

2021 4785 2210 4854 risque
2241 4781 2479 4838 ducibus
2506 4780 2560 4834 in
2597 4778 2715 4833 acie
2752 4775 2948 4831 caesis:
2990 4783 3048 4829 et
3080 4772 3198 4842 ipse
3221 4771 3381 4824 vivus
3419 4767 3475 4821 in
3503 4782 3604 4836 po-

340 4883 635 4957 Σερτωρίῳ
654 4879 986 4952 προσμίξας,
1018 4872 1316 4946 ἀμφίδοξον
1347 4869 1550 4940 ἔσχηκε
1582 4868 1675 4921 τὸν
1707 4866 1919 4936 ἀγῶνα.

355 4956 707 5034 Ἐπελϐόντος
735 4971 792 5022 δὲ
824 4968 1099 5036 Πομπηῖῳ
1125 4963 1240 5016 ὄντι
1273 4962 1480 5031 ἱππότῃ
1511 4956 1702 5028 ἀνδρὸς
1746 4956 1918 5027 μεγάο

338 5069 438 5123 λου
468 5065 659 5130 πεζοῦ,
686 5064 713 5114 6
736 5061 837 5131 μὲν
864 5055 1144 5129 Πομπήϊος
1197 5052 1302 5107 ὑπὸ
1337 5052 1546 5104 ἐκείνου
1567 5050 1780 5119 ἐπλήγη
1824 5048 1922 5118 τὴν

343 5165 530 5235 χεῖρα,
555 5160 761 5219 ἐκεῖνος
790 5154 848 5207 δὲ
892 5151 999 5204 ὑπὸ
1058 5146 1350 5218 Πομπηΐου
1419 5144 1590 5215 αὐτὴν
1642 5143 1920 5212 ᾁπεκόπη.

358 5253 614 5318 Ἐνωθεὶς
650 5252 707 5306 δε
730 5247 810 5320 τῷ
874 5242 1158 5314 Μετέλλῳ,
1191 5240 1419 5311 ἐτίμησε
1447 5236 1540 5291 τὸν
1591 5237 1786 5308 ἄνδρα,
1827 5234 1924 5289 καὶ

344 5348 604 5420 ἐτιμήθη*
635 5342 770 5398 ἀλλὰ
807 5343 901 5394 τοῦ
960 5334 1267 5406 Σερτωρίου
1325 5330 1775 5400 δολοφονηθέντος
1818 5329 1924 5383 ὑπὸ

339 5435 459 5497 ’τῶν
493 5440 686 5511 φίλων,
714 5432 1030 5504 Περπέννας
1057 5428 1210 5480 ὁτῶν
1233 5421 1402 5484 αὐτού
1431 5422 1720 5494 ἡγεμόνων
1754 5438 1925 5492 κορυ-

354 5514 665 5606 έραιότατος,
703 5526 1060 5598 ἐπεχείρησεν
1103 5519 1297 5590 ἐκείνῳ
1341 5518 1514 5571 ποιεῖν
1556 5513 1780 5584 ὁμοίως,
1828 5513 1921 5576 τὰς

352 5603 564 5682 ἐκείνου
612 5620 871 5688 δυνάμεις
908 5609 1357 5684 περιϐαλόμενος.
1403 5603 1544 5659 Ἀλλ’
1579 5606 1607 5657 6
1637 5605 1923 5674 Πομπήϊος

351 5718 776 5787 ἀντιταξάμενος
792 5708 941 5781 αὑτῷ
960 5704 1229 5776 ἐκράτησε
1252 5700 1491 5763 πάντων,
1516 5699 1608 5752 καὶ
1628 5697 1926 5769 διεφθάρη-

354 5835 450 5872 σαν
478 5816 528 5867 οἱ
558 5810 800 5867 πλεῖστοι
823 5802 937 5857 τῶν
964 5796 1248 5870 ἡγεμόνων
1273 5796 1333 5848 ἐν
1360 5793 1429 5863 τῇ
1465 5789 1611 5862 μάχη
1633 5803 1647 5820 °
1681 5790 1841 5863 αὑτὸν
1866 5790 1923 5845 δὲ

2024 4884 2282 4947 ιθειαιοηι
2313 4874 2592 4932 redactus.
2645 4884 2837 4940 poenas
2884 4866 3058 4923 dedit.
3117 4864 3362 4919 Moratus
3392 4861 3447 4913 in
3480 4859 3605 4912 llis-

2026 4969 2209 5040 pania,
2243 4967 2373 5021 dum
2401 4962 2598 5034 sopitis
2630 4960 2963 5016 tumultibus
3007 4971 3098 5012 res
3128 4958 3508 5023 componeret,
3541 4963 3606 5002 ac

2025 5059 2273 5116 reductis
2306 5058 2365 5112 in
2406 5056 2618 5113 Italiam
2665 5053 2865 5124 copiis,
2905 5048 3277 5118 suspicionem
3314 5055 3368 5098 et
3395 5048 3604 5097 metum

2026 5151 2335 5215 hominum,
2366 5164 2435 5203 ne
2468 5146 2702 5204 retentis
2747 5143 3061 5215 legionibus
3107 5135 3476 5208 principatum
3516 5146 3606 5185 ar-

2025 5241 2131 5297 mis
2178 5241 2284 5297 sibi
2331 5239 2661 5302 vindicaret,
2722 5233 2984 5301 aholevit,
3013 5245 3071 5285 se
3103 5236 3231 5297 post
3261 5225 3609 5293 triumphum
3659 5220 3665 5226 ’

2024 5333 2329 5390 exercitum
2358 5331 2717 5387 dimissurum
2745 5324 3050 5397 professus.
3098 5318 3271 5375 Unam
3300 5328 3414 5370 rem
3450 5314 3506 5368 in
3535 5328 3606 5369 eo

2028 5424 2509 5497 reprehendebant
2538 5420 2735 5482 invidi,
2765 5414 2912 5486 quod
2944 5409 3228 5483 popularis
3249 5423 3397 5462 aurae
3432 5407 3607 5476 magis

2028 5533 2190 5589 quam
2243 5516 2568 5586 optimatum
2621 5508 2903 5566 studiosus
2947 5511 3094 5559 esset
3140 5519 3154 5555 :
3199 5501 3363 5569 idque
3412 5512 3606 5551 verum

2028 5624 2168 5666 erat.
2199 5608 2389 5678 Neque
2441 5606 2588 5660 enim
2620 5603 2913 5673 quisquam
2948 5596 3153 5667 majora
3188 5602 3243 5648 et
3289 5591 3607 5647 ardentiora

2029 5700 2216 5772 populi
2250 5695 2482 5753 Romani
2518 5692 2682 5768 475
2732 5690 2914 5747 stud-ia
2965 5688 3178 5744 habuit.
3218 5686 3408 5753 Itaque
3436 5690 3497 5737 et
3530 5680 3610 5734 al-

2033 5802 2117 5850 ter
2151 5789 2486 5860 triumphus,
2542 5795 2598 5842 et
2645 5783 2993 5851 consulatus,
3045 5791 3101 5837 et
3150 5777 3403 5841 Crassus,
3457 5773 3606 5828 illius
