4008 6250
433 321 546 386 807

1743 304 2067 370 JOANNIS
2095 301 2422 365 ZONARIE

3584 297 3677 360 EO?

433 433 612 507 gratia
643 437 884 503 aruutus,
930 426 1138 497 collega
1188 424 1240 479 ei
1290 422 1454 478 datus
1481 427 1589 476 est.
1641 416 1918 474 Caeterum
1955 415 2010 470 in

2136 413 2206 466 τὸν
2235 413 2555 481 Περπένναν
2589 408 2870 463 ἑαλωκότα
2899 405 3038 472 ζωὸν
3073 406 3384 460 ἀπέκτεινε.
3404 407 3509 458 Καὶ
3529 424 3681 476 προσ-

435 525 726 582 consulatu
756 537 865 576 non
901 527 1350 576 consenserunt:
1392 531 1456 570 ac
1491 513 1667 584 major
1699 511 1805 566 fuit
1827 508 2017 566 Crassi

437 616 494 671 in
527 623 745 676 senatu,
771 611 997 682 Pompei
1033 609 1180 679 apud
1208 609 1469 678 populum
1520 603 1841 659 auctoritas.
1870 600 2018 656 Con-

439 707 682 762 sulatum
713 705 935 774 quidem
969 700 1266 756 recusavit.
1300 701 1368 754 Et
1398 699 1526 769 quia
1569 695 1740 750 moris
1785 702 1927 760 erat,
1963 699 2021 746 ut

440 799 668 854 Romani
693 796 926 866 equites,
953 809 1080 848 cum
1102 793 1404 862 legitimum
1430 801 1646 859 tempus
1670 787 2019 841 militassent.

440 906 586 958 equo
625 890 859 958 quisque
895 903 997 940 suo
1032 886 1087 939 in
1140 886 1318 940 forum
1356 884 1421 938 ad
1455 897 1715 938 censores
1756 879 2020 943 adducto,

438 984 608 1035 duces
637 991 692 1035 et
746 982 1108 1050 imperatores
1161 984 1520 1032 recenserem
1548 975 1650 1029 sub
1684 973 1890 1042 quibus
1918 970 2023 1024 sti-

439 1073 641 1142 pendia
694 1071 1050 1132 meruissent,
1099 1077 1155 1124 et
1188 1068 1494 1123 rationibus
1530 1065 1740 1120 militiae
1769 1061 2024 1123 redditis,

439 1164 527 1218 vel
574 1165 786 1218 honore
835 1164 921 1216 vel
962 1163 1263 1233 ignominia
1319 1177 1419 1230 pro
1467 1169 1734 1214 anteacta:
1779 1156 1905 1211 vitae
1937 1169 2025 1208 ra-

443 1255 593 1308 tione
645 1253 1040 1310 aiIicerentur:
1081 1251 1343 1322 Pompeio
1389 1251 1556 1305 etiam
1610 1251 1754 1303 inter
1798 1257 2028 1302 caeteros

2123 506 2320 575 μείνας
2372 505 2509 569 ἐκεῖ,
2555 503 2652 556 καὶ
2711 502 3065 571 καταστήσας
3109 500 3176 553 τά
3225 498 3548 570 πράγματα,
3596 487 3695 556 ttat?

2123 597 2468 662 κατασϐέσας
2502 598 2598 658 τὰς
2633 593 2903 665 ταραχὰς,
2938 595 3019 656 είς
3066 591 3296 645 Ἰταλίαν
3325 592 3576 662 ἀπήγαγε
3602 593 3682 647 τδν

2126 689 2381 758 στρατόν.
2417 683 2526 740 Ἶιν
2573 687 2631 739 δὲ
2677 685 2887 755 ὑποψία
2940 685 3036 737 καὶ
3066 683 3206 748 δέος,
3249 680 3327 746 ὡς
3358 685 3418 736 οὐ
3471 685 3684 756 προήσε.

2123 797 2213 833 ται
2241 781 2304 832 τὸ
2329 778 2666 849 στράτευμα,
2699 778 2766 830 δι’
2792 777 2973 830 ὃπλων
3006 776 3064 830 δέ
3099 775 3369 846 βαδιεῖται
3409 778 3685 848 μοναρχίας

2124 873 2441 942 κατάρχων.
2489 872 2548 924 '0
2579 871 2636 924 δὲ
2669 870 2875 940 ταύτην
2918 867 3096 924 ἀνεῖλε
3120 867 3218 940 τὴν
3256 869 3533 934 ὑπόνοιαν,
3554 871 3686 942 ἀφή-

2128 981 2243 1017 σειν
2295 966 2358 1017 τδ
2387 964 2705 1035 στράτευμα
2729 964 2930 1033 φήσας,
2970 961 3110 1031 μετά
3161 961 3253 1015 τὸν
3287 960 3571 1031 θρίαμϐον.
3601 964 3686 1016 Ἐν

2127 1057 2171 1110 δ’
2201 1057 2282 1111 ἔτι
2338 1059 2386 1110 οἱ
2422 1055 2814 1126 βασκαίνοντες
2838 1053 3000 1108 αὐτὸν
3034 1051 3289 1123 ᾐτιῶντο,
3338 1053 3419 1104 ὅτι
3447 1052 3522 1121 τῷ
3548 1051 3688 1124 δήμῳ

2133 1151 2337 1222 μᾶλλον
2401 1153 2434 1220 ἢ
2494 1154 2560 1220 τῇ
2594 1149 2756 1220 βουλῇ
2805 1149 3162 1219 προσένειμεν
3207 1147 3400 1200 ἑαυτόν
3424 1162 3440 1176 ο
3473 1147 3600 1215 ὅπερ
3627 1142 3686 1214 ἦν

2127 1243 2352 1316 ἀληθές.
2408 1244 2486 1297 Οὐ
2522 1245 2633 1313 γάρ
2665 1245 2784 1296 ἐστι
2837 1229 3044 1304 οὗτινος
3072 1239 3483 1310 ἐμμανέστερον
3515 1241 3541 1292 6
3570 1237 3692 1291 Ῥω·

441 1346 660 1415 imperii
695 1347 1003 1415 insignibus
1034 1353 1253 1409 ornato,
1284 1358 1488 1412 equum
1538 1356 1705 1396 manu
1736 1342 1803 1394 ad
1839 1352 2029 1394 censo-

2136 1340 2308 1410 μαίων
2362 1335 2579 1407 ἠράσθη
2636 1335 2828 1405 δῆμος.
2880 1332 3192 1404 Ἐψηφίοθη
3230 1331 3366 1400 γοῦν
3391 1331 3536 1401 αὐτῷ
3564 1332 3687 1384 6m-

440 1452 534 1490 res
565 1437 894 1500 adducente,
935 1435 1171 1504 populus
1222 1449 1345 1486 cum
1399 1431 1769 1486 admiratione
1815 1427 2025 1492 tacuit;

2136 1432 2272 1493 τεία,
2297 1430 2392 1484 καὶ
2426 1429 2680 1499 δεύτερος
2719 1427 3009 1496 θρίαμϐος·
3048 1425 3447 1480 συνυπατεύειν
3480 1423 3532 1476 δέ
3557 1424 3690 1493 αὑτῷ

440 1526 740 1594 Pompeius
770 1542 904 1580 vero
938 1527 1112 1580 altero
1143 1540 1374 1579 censore
1423 1531 1649 1594 rogante
1685 1539 1700 1578 :
1741 1523 1826 1575 An
1850 1536 2030 1574 omnes

2136 1528 2226 1577 καὶ
2254 1525 2282 1576 6
2317 1521 2576 1594 Κράσσος
2607 1519 2884 1590 ἐψηφίσθη
2920 1517 3089 1571 αὐτοῦ
3126 1515 3689 1580 σπονδάσαντος.Ἀλλ⁹

441 1617 794 1683 expeditiones
825 1633 888 1671 ea:
921 1617 1031 1688 lege
1091 1618 1298 1670 obiisset
1327 1617 1350 1668 ?
1381 1631 1574 1685 magna
1602 1629 1736 1668 voce
1763 1629 1818 1666 se
1842 1612 2030 1665 abiisse

2136 1614 2552 1684 ἀποδειχθέντες
2596 1612 2793 1665 ὕπατοι
2833 1611 3175 1681 διεφέροντο,
3225 1611 3325 1662 καὶ
3376 1611 3434 1662 ἐν
3487 1608 3582 1677 μὲν
3633 1609 3690 1678 τῇ

439 1711 744 1779 respondit,
801 1728 994 1781 easque
1039 1727 1215 1764 omnes
1262 1727 1316 1764 se
1350 1711 1461 1780 ipso
1510 1709 1848 1779 imperatore.
1889 1705 2027 1758 Tum

2136 1705 2300 1775 βουλῇ
2337 1706 2365 1757 ὁ
2390 1705 2644 1775 Κράσσος
2673 1704 2827 1773 ἴσχυε
2853 1702 3081 1773 μᾶλλον,
3137 1702 3292 1772 παρὰ
3333 1701 3390 1753 δὲ
3431 1698 3508 1770 τῷ
3552 1699 3690 1768 δήμῳ

441 1807 645 1870 populo
678 1805 1037 1868 acclamante,
1086 1796 1116 1856 av
1167 1802 1494 1857 censoribus
1546 1801 1602 1854 in
1654 1797 2029 1854 multitudinis

2136 1799 2358 1870 ἐκράτει
2387 1798 2695 1868 Πομπήϊος.
2720 1798 3088 1869 Παρῃτήσατο
3115 1795 3170 1849 δὲ
3194 1795 3295 1848 καὶ
3327 1795 3427 1865 τὴν
3467 1809 3654 1865 στρατη
3691 1824 3693 1832 ι

438 1896 674 1960 gratiam
712 1895 1015 1948 honoriliee
1043 1895 1268 1948 domum
1297 1900 1382 1947 est
1411 1891 1708 1947 deductus.

2137 1891 2262 1959 γίαν
2289 1889 2424 1960 (60).
2481 1889 2595 1944 Καὶ
2645 1887 2802 1952 ἐθους
2830 1888 2987 1950 δντος
3021 1889 3135 1950 τοῖς
3181 1884 3479 1956 Ῥωμαίοις
3516 1882 3693 1937 ἱππεῦ-

441 2007 528 2042 σιν
561 1992 692 2044 ὅταν
729 1995 1173 2063 στρατεύσωνται
1203 1991 1296 2044 τὸν
1343 1991 1578 2061 νόμιμον
1615 1988 1828 2059 χρόνον,
1864 1989 2019 2056 ἄγειν
2047 1988 2140 2041 τὸν
2171 1988 2337 2040 ἵππον
2366 1987 2445 2050 είς
2470 1986 2674 2057 ἀγορὰν
2697 1986 2791 2038 ἐπὶ
2845 1985 2970 2047 τοὺς
3025 1985 3288 2053 τιμητὰς,
3369 1982 3697 2054 καταριθμεῖ-

441 2083 574 2134 σθαί
640 2100 699 2135 τε
735 2086 842 2135 τῶν
885 2084 1212 2156 στρατηγῶν
1232 2084 1324 2134 καὶ
1350 2081 1776 2150 αὐτοκρατόρων
1796 2080 2030 2132 ἕκαστον
2067 2079 2156 2148 ὑφ’
2180 2073 2266 2142 οἷς
2299 2079 2757 2148 ἐστρατεύσαντο,
2796 2077 2891 2130 καὶ
2912 2075 3142 2140 εὐθύνας
3173 2076 3379 2128 διδόναι
3407 2076 3502 2146 τῆς
3545 2091 3693 2144 στρα-

441 2180 617 2239 τείας,
660 2179 755 2229 κα¹ι
784 2177 962 2239 οὕτως
1012 2175 1269 2243 ἀφίεσθαι
1310 2175 1618 2244 νεμομένης
1638 2173 1805 2244 τιμῆς
1831 2173 1863 2243 ἢ
1893 2173 2120 2242 ἀτιμίας
2148 2173 2538 2245 προσηκούσης
2558 2174 2670 2232 τοῖς
2699 2171 2834 2241 βίοις
2874 2171 3142 2223 ἑκάστων-
3181 2171 3308 2222 τότε
3339 2169 3693 2243 προεκάθηντο

445 2268 544 2338 μὲν
605 2269 655 2320 οἱ
689 2270 938 2337 τιμηταὶ,
984 2267 1080 2320 καὶ
1111 2269 1160 2319 oi
1203 2269 1390 2329 ἱππεῖς
1438 2266 1724 2336 παρῄεσαν
1755 2265 2162 2334 ἐξεταζόμενοι.
2196 2265 2377 2334 Ὠςρθη
2408 2264 2465 2317 δὲ
2489 2265 2580 2318 καὶ
2606 2266 2890 2333 Πομπήϊος
2924 2266 3004 2327 είς
3030 2264 3128 2334 τὴν
3151 2262 3470 2333 ἀγορὰν,τά
3501 2263 3593 2332 μὲν
3612 2265 3689 2317 ά).-

439 2361 510 2413 λα
534 2361 846 2430 παράσημα
866 2363 963 2429 τῆς
1005 2359 1182 2429 ἀρχῆς
1215 2358 1379 2428 ἔχων,
1408 2359 1572 2420 αὐτὸς
1604 2357 1650 2410 δ’
1675 2357 1823 2425 ἄγων
1847 2358 1942 2410 τὸν
1963 2357 2131 2412 ἵππον
2160 2358 2246 2411 διὰ
2263 2357 2466 2430 χειρὸς,
2489 2353 2558 2428 ἦν
2593 2358 2648 2410 δὲ
2696 2356 2788 2410 τοῦ
2817 2359 2991 2428 δήμου
3025 2358 3210 2427 θαῦμα
3239 2360 3338 2412 καὶ
3369 2358 3561 2428 σιωπή.
3584 2353 3694 2410 Εἶτα

439 2455 469 2507 6
507 2448 587 2514 εἷς
641 2451 751 2504 τῶν
783 2451 1055 2521 τιμητῶν,
1083 2449 1470 2518 Πυνθὰνομαί
1491 2465 1631 2514 σου,
1657 2444 1832 2512 εἶπεν,
1858 2443 1906 2503 ὦ
1923 2452 2196 2520 Πομπήϊε
2213 2451 2442 2518 Μάγνε,
2464 2452 2514 2503 ει
2533 2448 2750 2517 ’πάσας
2773 2449 3174 2519 ἐστράτευσαι
3203 2450 3318 2516 τὰς
3356 2451 3503 2504 κατὰ
3530 2453 3698 2519 νόμον

442 2546 796 2614 στρατείας;
824 2547 863 2595 υ
891 2544 947 2596 δὲ
1012 2543 1224 2614 μεγάλῃ
1291 2546 1466 2612 φωνῇ,
1510 2541 1963 2612 Ἐστράτευμαι,
2015 2544 2372 2614 ἀπεκρίνατο,
2439 2543 2541 2598 καὶ
2601 2544 2805 2610 πάσας
2861 2545 2965 2598 ὑπ’
3016 2543 3255 2611 ἐμαυτῷ
3308 2543 3694 2611 αὐτοκράτορι,

443 2639 590 2708 Πρὸς
624 2634 784 2688 τοῦτο
808 2633 1030 2705 όδῆμος
1057 2635 1413 2705 ἐξεκέκραείε,
1454 2635 1546 2687 καὶ
1575 2635 1624 2686 οί
1686 2640 1916 2706 τιμηταὶ
1979 2638 2093 2699 τοῖς
2132 2638 2381 2700 πολίταις
2417 2635 2796 2708 χαριζόμενοι,
2837 2637 3169 2700 ἀναστάντες
3216 2639 3570 2708 προέπεμπον
3616 2636 3676 2693 αὐ

439 2732 533 2782 τὸν
563 2727 767 2781 οἴκαδε.

515 2821 606 2874 lll.
643 2821 774 2874 Post
803 2820 931 2874 anni
963 2820 1171 2874 exitum
1211 2821 1532 2890 magistratu
1569 2820 1791 2874 abeunti
1830 2820 2030 2876 bellum

2211 2819 2287 2876 I".
2337 2822 2478 2891 Ἤδη
2531 2819 2590 2873 δὲ
2645 2820 2746 2890 τῆς
2801 2821 2980 2892 ἀρχῆς
3051 2821 3444 2891 περανθείσης,
3490 2820 3697 2874 ἀπέθετο

446 2915 748 2971 Piraticum
805 2923 889 2968 est
939 2914 1282 2968 mandatum.
1328 2914 1524 2968 Piratte
1557 2929 1723 2984 porro
1749 2930 1813 2968 ex
1846 2913 2036 2969 Cilicia

443 3008 708 3080 profecti,
755 3006 903 3061 bello
933 3006 1307 3060 Mithridatico
1345 3012 1506 3076 regia:
1555 3007 1717 3060 classi
1769 3017 2039 3062 navarant

445 3115 694 3172 Operam.
729 3099 938 3154 Deinde
975 3098 1240 3152 Romanis
1267 3097 1428 3152 bellis
1486 3097 1742 3153 civilibus
1792 3097 1935 3152 inter
1977 3113 2037 3153 se

449 3193 779 3262 congressis,
813 3192 935 3245 freti
971 3191 1348 3254 multitudine,
1381 3192 1638 3260 paulatim
1683 3205 1841 3245 mare
1881 3191 2038 3244 incu-

448 3286 713 3338 stoditum
745 3283 1085 3348 invaserunt,
1117 3300 1228 3338 non
1259 3291 1453 3336 nautas
1486 3283 1756 3340 duntaxat
1784 3283 2029 3354 aggredi,

449 3381 544 3434 sed
591 3378 797 3432 insulas
855 3387 911 3432 et
969 3378 1134 3432 urbes
1188 3377 1495 3432 maritimas
1551 3379 1718 3431 etiam
1758 3391 2033 3446 occupare

447 3470 615 3524 soliti.
657 3469 835 3523 Naves
866 3469 1181 3523 habuerunt
1216 3470 1452 3538 amplius
1509 3469 1683 3533 mille,
1744 3469 1910 3523 urbes
1943 3484 2034 3524 ce-

446 3572 651 3631 perunt
695 3563 834 3616 ultra
883 3561 1334 3633 quadringentas,
1385 3562 1557 3616 multa
1619 3561 2035 3632 religiosissima

448 3667 605 3707 saera
628 3653 973 3717 exciderunt,
994 3663 1050 3707 et
1078 3655 1341 3708 Romanis
1364 3652 1498 3722 ipsis
1515 3653 1870 3706 insultarunt.
1896 3653 2032 3708 Nam

449 3759 574 3797 cum
608 3744 806 3812 aliquis
842 3753 1035 3814 captus
1062 3745 1423 3809 exclamabat,
1463 3759 1520 3800 se
1555 3744 1860 3799 Romanum
1890 3759 2033 3810 esse,

446 3850 504 3890 se
531 3836 753 3890 territos
779 3852 890 3905 pra.-
916 3846 1065 3890 metu
1096 3836 1306 3892 femora
1333 3837 1500 3892 l'erire
1525 3837 1873 3902 simulantes,
1907 3849 2036 3891 ante

445 3942 572 3981 eum
608 3929 907 3997 provoluti,
943 3929 1144 3997 partim
1177 3929 1391 3983 calceos
1439 3929 1491 3983 ei
1551 3928 2032 3999 circumligabant,

448 4019 646 4088 partim
702 4028 883 4088 togam
941 4020 1266 4074 induebant.
1331 4020 1423 4074 Sic
1479 4019 1722 4074 ludibrio
1758 4020 2031 4085 habitum,

447 4109 689 4164 demissa
723 4111 776 4165 in
819 4111 1063 4165 medium
1131 4112 1356 4182 pelagus
1393 4113 1557 4176 scala,
1625 4112 1916 4176 excedere,
1978 4121 2036 4165 et

2138 2914 2311 2986 αὐτὴν
2358 2914 2387 2964 6
2448 2915 2754 2984 Πομπήϊος,
2805 2913 2899 2966 καὶ
2967 2915 3108 2983 μετά
3163 2916 3342 2967 ταῦτα
3401 2915 3694 2984 πειρατικδς

2137 3008 2283 3078 αὐτῷ
2305 3007 2525 3078 ἐνετέθη
2557 3008 2822 3078 πόλεμος⁹
2845 3006 3071 3078 ὥρμητο
3101 3008 3200 3077 μὲν
3231 3009 3344 3080 γὰρ
3372 3009 3402 3078 ἡ
3428 3005 3694 3078 πειρατικὴ

2138 3098 2368 3170 δύναμις
2406 3101 2470 3154 ἐκ
2522 3100 2794 3165 Κιλικίας,
2843 3101 2902 3154 ἐν
2948 3101 3026 3171 τῷ
3073 3101 3454 3172 Μιθριδατικῴ
3497 3103 3694 3170 πολέμῳ

2138 3193 2259 3255 ταῖς
2313 3192 2621 3262 βασιλικαῖς
2662 3193 2992 3264 ὑπηρεσίαις
3032 3195 3290 3264 χρήσασα
3333 3196 3546 3267 ἑαυτήν.
3575 3190 3690 3245 Εἶτα

2149 3285 2437 3356 Ῥωμαίων
2465 3289 2522 3340 ἐν
2560 3289 2673 3349 τοῖς
2707 3287 2996 3357 ἐμφυλίοις
3023 3289 3288 3356 πολέμοις
3323 3289 3688 3358 συμπεσόντων

2138 3378 2412 3450 ἀλλήλοις,
2449 3380 2764 3448 ἀφύλακτος
2803 3375 2940 3435 οὖσα
2979 3383 3011 3450 ή
3055 3381 3334 3446 θάλασσα,
3373 3383 3495 3436 κατ’
3531 3380 3690 3447 ὀλίγον

2139 3469 2340 3533 αὐτοὺς
2374 3471 2772 3538 ἐφειλκύσατοο
2820 3471 2916 3525 καὶ
2959 3471 3190 3542 δύναμιν
3243 3473 3486 3544 σχόντες,
3515 3473 3569 3525 οὐ
3597 3473 3694 3530 τοῖς

2140 3563 2392 3618 πλέουσιν
2443 3565 2758 3618 ἐπετίθεντο
2818 3565 3000 3636 μόνον,
3028 3567 3165 3620 άλλά
3225 3569 3324 3621 καὶ
3379 3569 3568 3639 νήσους
3610 3567 3692 3618 καὶ

2139 3655 2324 3719 πόλεις
2374 3655 2680 3726 παραλίους
2736 3657 3126 3726 παρεσπῶντο.
3203 3659 3485 3728 Ἐγένοντο
3528 3658 3572 3709 δ’
3604 3655 3684 3710 οὖν

2138 3749 2193 3799 αἱ
2233 3747 2332 3817 μὲν
2362 3748 2658 3818 λῃστρικαὶ
2699 3749 2827 3819 νῆες
2867 3749 3008 3819 ὑπὲρ
3059 3749 3260 3818 χιλίας,
3295 3751 3352 3803 at
3396 3749 3450 3802 δὲ
3492 3747 3693 3803 ἁλοῦσαι

2137 3836 2230 3889 ὑπ’
2271 3837 2451 3890 αὐτῶν
2483 3837 2670 3901 πόλεις
2714 3839 2854 3910 ὑπὲρ
2902 3841 3294 3910 τετρακοσίας,
3326 3841 3573 3894 πολλὰδὲ
3610 3840 3693 3891 καὶ

2134 3927 2241 3980 τῶν
2279 3927 2500 3981 ἀϐάτων
2535 3928 2797 4001 ἐξέκοψαν
2826 3931 3010 4003 ιερῶν,
3045 3932 3330 4004 ἐνύϐριζον
3371 3935 3427 3989 δὲ
3473 3934 3562 3989 καὶ
3595 3936 3692 3996 τοῖς

2145 4018 2462 4093 Ῥωμαίοις.
2528 4022 2728 4076 Ὁπότε
2776 4026 2885 4097 γάρ
2923 4043 3006 4090 τις
3048 4027 3210 4089 ἀλοὺς
3258 4029 3522 4100 ἀνεϐόησε
3575 4026 3692 4080 Ῥω-

2141 4116 2302 4184 μαῖος
2353 4107 2520 4179 εἶναι,
2559 4116 2944 4188 ἐκπεπλῆχθαι
2995 4120 3458 4190 προσποιούμενοι
3503 4120 3588 4174 καὶ
3615 4118 3692 4170 δε·

447 4198 632 4252 Ιιειιιιιι
657 4192 1144 4271 abirejitsscrunt;
1174 4204 1542 4267 restitantem,
1571 4201 1908 4272 impellendo
1937 4201 2030 4256 de-

2139 4183 2338 4271 διέναι,
2367 4207 2494 4270 τούς
2540 4225 2602 4260 τε
2637 4183 2850 4280 μηρούς
2884 4183 3162 4276 ἐπαίοντο,
3213 4183 3319 4268 καὶ.
3345 4215 3690 4286 προσέπιπτον

447 4303 782 4348 merserunt.
813 4295 952 4350 Cum
981 4303 1164 4349 autem
1195 4295 1368 4348 maria
1399 4297 1583 4350 omnia
1630 4295 2033 4351 mercatoribts

451 4381 752 4438 interclusa
775 4395 981 4449 essent,
1001 4395 1058 4438 et
1080 4401 1264 4439 rerum
1296 4386 1351 4439 in
1393 4385 1514 4440 foro
1540 4386 1817 4440 venalium
1859 4402 2035 4456 penu-

451 4475 534 4530 ria
565 4476 929 4540 laboraretur,
991 4478 1254 4546 Pompeio
1310 4477 1451 4532 duce
1491 4475 1728 4543 delecto,
1765 4477 2034 4536 Gabinius

451 4567 738 4621 familiaris
766 4569 885 4638 ejus
905 4569 1080 4639 legem
1111 4569 1255 4634 tulit,
1302 4584 1408 4639 qua
1440 4569 1515 4623 illi
1544 4584 1655 4623 non
1683 4569 1877 4624 classis
1927 4569 2033 4624 im-

452 4659 692 4727 perium,
724 4661 824 4714 sed
858 4662 1018 4730 plane
1076 4661 1395 4715 monarchia
1453 4661 1838 4728 tribuebatur;
1899 4677 2032 4717 con-

451 4766 611 4806 cessa
643 4761 913 4820 potestate
949 4754 1116 4805 maris
1150 4751 1296 4821 quod
1333 4754 1475 4806 intra
1505 4753 1789 4808 columnas
1821 4752 2030 4810 Hercu-

452 4843 606 4898 lanas
628 4851 732 4909 est,
759 4853 816 4898 et
843 4854 1003 4897 terrae
1029 4843 1360 4898 continentis
1391 4859 1421 4898 a
1454 4843 1701 4913 quolibet
1757 4845 1897 4900 mari
1963 4845 2032 4901 ad

450 4936 853 5008 quadringenta
871 4937 1083 5003 stadia;
1126 4947 1181 4990 et
1204 4945 1263 4990 nt
1291 4936 1608 5004 quindecim
1634 4936 1800 5010 476
1819 4939 2030 5010 legatos

449 5036 697 5082 esenatu
727 5027 794 5082 ad
830 5036 1019 5098 partes
1071 5028 1286 5098 imperii
1331 5029 1587 5082 tutandas
1630 5030 1736 5083 sibi
1796 5031 2026 5100 legeret,

450 5121 699 5191 pecuniae
729 5131 998 5191 quantum
1022 5121 1208 5184 vellet,
1243 5136 1311 5174 ex
1341 5120 1537 5175 atrario
1576 5131 1632 5176 et
1670 5123 2033 5193 vectigalibus

453 5220 718 5271 sumeret.
759 5227 824 5266 ac
856 5227 1025 5267 naves
1055 5211 1342 5266 ducentas.
1399 5209 1524 5264 Haec
1571 5211 1726 5280 plebs
1773 5213 2033 5268 alacriter

454 5305 799 5371 approbavit.
832 5305 1110 5360 Primores
1151 5315 1336 5359 autem
1361 5314 1588 5358 senatus
1620 5303 1941 5360 immensam
1965 5307 2030 5361 ii-

457 5395 564 5448 lam
593 5404 648 5450 et
682 5397 953 5453 inﬁnitam
996 5405 1324 5469 potestatem
1369 5405 1699 5464 metuentes,
1755 5397 2032 5455 adversati

2143 4298 2326 4370 αὐτῷ’
2361 4302 2457 4354 καὶ
2505 4301 2556 4354 οἱ
2614 4302 2715 4370 μὲν
2774 4303 3006 4357 ὑπέδουν
3067 4306 3231 4359 αὐτὸν
3294 4306 3506 4370 κάλτια,
3551 4305 3596 4357 ol
3642 4301 3692 4355 δέ

2141 4391 2398 4462 τήϐεννον
2441 4393 2786 4463 περιέϐαλον,
2838 4394 2981 4450 οὕτω
3037 4414 3095 4450 τε
3150 4398 3689 4470 κατειρωνευσάμενοι

2138 4483 2289 4546 τέλος
2355 4485 2414 4537 ἐν
2471 4487 2623 4556 μέσῳ
2695 4485 2924 4556 πελάγει
3003 4487 3250 4557 κλίμακα
3323 4488 3687 4562 προϐαλόντες,

2139 4572 2390 4628 ἐκέλευον
2429 4575 2704 4629 ἐκϐαίνειν
2742 4579 2836 4631 καὶ
2873 4580 3096 4632 ἀπιέναι
3130 4583 3391 4650 χαίροντα
3419 4595 3434 4610 ·
3466 4582 3512 4632 εί
3544 4578 3596 4630 δέ
3623 4578 3686 4646 μὴ

2141 4666 2417 4738 βούλοιτο,
2490 4668 2764 4734 ὠθοῦντες
2836 4672 2999 4726 αὑτὸν
3063 4673 3345 4729 κατέδυον.
3406 4674 3581 4740 Πάσης
3640 4667 3689 4721 δὲ

2141 4759 2418 4832 θαλάσσης
2463 4761 2718 4816 ἀπλώτου
2784 4765 2899 4827 τοῖς
2949 4765 3212 4835 ἐμπόροις
3280 4764 3464 4835 οὔσης,
3511 4761 3688 4820 σπάνις

2139 4849 2209 4923 ἦν
2273 4852 2382 4906 τῶν
2446 4855 2766 4923 ἀναγκαίων
2804 4857 2862 4908 ἐν
2913 4859 2979 4927 τῇ
3045 4858 3240 4928 ἀγορᾷ.
3289 4858 3454 4922 Δόξαν
3508 4856 3561 4908 δὲ
3603 4853 3680 4905 τὸν

2143 4947 2426 5017 Πομπήϊον
2467 4948 2748 5018 ἐκπέμψαι
2803 4951 2946 5002 κατά
2983 4951 3088 5003 τῶν
3133 4953 3427 5018 πειρατῶν,
3465 4947 3690 5006 Γαϐίνιος

2140 5031 2218 5098 εἷς
2247 5036 2354 5090 τῶν
2384 5039 2674 5108 Πομπηΐου
2710 5039 2954 5109 συνήθων
2987 5042 3194 5113 ἔγραψε
3217 5043 3401 5112 νόμον,
3420 5043 3478 5094 ού
3505 5052 3687 5102 ναυαρ-

2142 5126 2291 5195 χίαν,
2328 5127 2590 5200 ἄντικρυς
2621 5131 2678 5183 δὲ
2709 5133 3008 5202 μοναρχίαν
3035 5131 3186 5204 αὐτῷ
3221 5133 3445 5186 διδόντα.
3500 5127 3680 5182 Ἐδίδον

2138 5220 2248 5289 γὰρ
2278 5220 2306 5271 6
2328 5218 2489 5290 νόμος
2523 5222 2672 5292 αὐτῷ
2705 5223 2880 5294 ἀρχὴν
2917 5226 3016 5295 τῆς
3044 5223 3197 5287 ἐντὸς
3231 5223 3499 5291 θαλάσσης
3539 5218 3684 5286 Ἦρα·

2137 5309 2335 5364 κλείων
2391 5312 2626 5384 στηλῶν,
2671 5315 2902 5388 ἠπείρου
2952 5316 3009 5370 δὲ
3055 5319 3237 5388 πάσης
3281 5315 3387 5370 ἀπὸ
3427 5309 3691 5372 θαλάσσης-

2137 5402 2230 5453 ἐπὶ
2254 5406 2585 5472 τετρακόσια
2616 5406 2830 5474 στάδια,
2860 5409 2954 5461 καὶ
2986 5409 3380 5464 πεντεκαίδεκα
3433 5399 3678 5476 πρεσϐευο

1657 5561 2187 5625 Variaelectiones
2226 5573 2290 5627 et
2340 5577 2531 5632 notas.

536 5706 990 5792 (60)]1αρῄτησε
1017 5710 1084 5762 δὲ
1107 5711 1206 5792 καί
1237 5712 1349 5778 τὴν
1377 5715 1764 5792 στρατηγίαν.
1827 5711 2026 5769 Wolﬁu

2136 5718 2375 5785 nperium
2419 5729 2694 5788 verterat;
2763 5721 3112 5792 reposuimus
3159 5717 3508 5781 consulatum,
3530 5727 3588 5768 ex
3614 5709 3670 5762 iis

463 5791 584 5844 quae
617 5779 1033 5835 observavimus
1052 5786 1120 5836 ad
1141 5782 1237 5836 lib.
1269 5798 1365 5846 vn,
1404 5799 1460 5836 ιι.
1498 5785 1584 5839 ιο.
