4008 6250
339 321 452 388 809

1622 322 2029 385 ANNALIUM
2067 324 2216 387 LIB.
2263 327 2337 387 Χ.

3478 323 3590 393 810

330 435 435 501 τὰς
483 434 549 490 ἐκ
591 433 693 504 τῆς
739 431 937 503 βουλῆς
995 431 1214 488 ἐλέσθαι
1264 433 1358 487 ἐπὶ
1411 435 1510 498 τὰς
1561 433 1703 488 κατὰ
1745 435 1907 505 μέρος

2013 443 2171 501 sunt;
2198 434 2703 506 prmterCarsarem,
2737 436 2828 507 qui
2856 435 3042 509 legem
3078 450 3190 491 non
3242 436 3298 492 in
3341 435 3585 511 Pompeii

329 526 663 601 ἡγεμονίας-ο
705 525 968 597 χρήματα
991 523 1050 578 δὲ
1089 524 1391 595 λαμϐάνειν
1430 527 1496 578 ἐκ
1523 526 1637 579 τῶν
1663 526 1909 597 ταμείων

330 615 564 672 καὶτῶν
615 616 788 669 τελῶν
840 616 943 668 ὅσα
995 613 1264 685 βούλοιτο,
1292 616 1387 669 καὶ
1424 615 1557 680 ναῦς
1601 616 1906 679 διακοσίας.

330 704 521 761 Ταῦτα
547 705 576 759 6
610 703 712 775 μὲν
756 702 929 775 δῆμος
972 705 1275 777 προθύμως
1321 706 1545 774 ἐδέξατο
1571 722 1587 740 ο
1630 710 1682 762 oi
1712 707 1770 762 δὲ
1811 708 1910 778 τῆς

290 796 638 867 -ςυγκλήτου
698 800 1160 870 περιφανέστεροι
1213 799 1385 870 φόϐου
1433 801 1587 868 ἄξιον
1653 801 1909 873 ἐνόμιζον

326 892 393 947 τὸ
425 891 530 961 τῆς
575 893 828 959 ἐξουσίας
905 893 1286 964 ἀπερίληπτον
1349 895 1445 949 καὶ
1498 895 1775 966 ἀόριστον,
1813 895 1910 949 καὶ

327 985 624 1052 ἀντέλεγον
661 985 805 1058 πλὴν
855 986 1168 1057 Καίσαρος·
1208 982 1363 1052 οὗτος
1392 986 1452 1041 δὲ
1495 989 1790 1059 συνηγόρει
1829 987 1909 1060 τῷ

325 1077 481 1149 νόμῳ
517 1078 580 1132 οὐ
641 1076 734 1130 διὰ
791 1078 884 1132 τὸν
934 1080 1241 1151 Πομπήϊον,
1272 1080 1367 1134 τὸν
1416 1079 1590 1152 δῆμον
1634 1081 1694 1136 δέ
1746 1081 1910 1152 θερα-

327 1171 514 1225 πεύων
540 1171 636 1223 καὶ
683 1171 1063 1240 οἰκειούμενος
1103 1169 1308 1243 ἐαυτῷ.
1348 1172 1499 1237 Τέως
1546 1173 1732 1244 μέντοι
1782 1175 1910 1228 ἐκυ-

329 1262 481 1335 ρώθη
513 1263 577 1316 τὸ
603 1263 888 1334 ψήφισμα.
915 1264 1028 1318 Καὶ
1065 1264 1094 1317 6
1126 1265 1417 1335 Πομπήϊος
1465 1266 1549 1328 εἰς
1603 1264 1908 1338 ἐκκλησίαν

327 1354 499 1409 ἐλθὼν
527 1354 788 1409 διπλάσια
823 1357 891 1411 τὰ
935 1356 1287 1428 ἐψηφισμένα
1318 1357 1510 1415 λαϐεῖν
1551 1358 1905 1432 διεπράξατο.

325 1448 531 1502 Διελὼν
572 1445 668 1504 οῦν
696 1451 766 1504 τὰ
796 1450 1011 1521 πελάγη
1045 1452 1140 1506 καὶ
1176 1452 1526 1523 διαστήματα
1569 1453 1671 1524 τῆς
1708 1453 1910 1508 θαλάσ-

327 1559 430 1612 σης
470 1543 550 1605 εἰς
600 1542 744 1613 μέρη
790 1542 1173 1613 τρισκαίδεκα,
1215 1545 1312 1597 καὶ
1347 1545 1485 1598 νεῶν
1541 1545 1780 1617 ἀριθμὸν
1823 1547 1909 1617 ἐφ’

325 1635 546 1706 ἑκάστῳ
574 1636 669 1689 καὶ
705 1635 944 1706 ἄρχοντα
971 1635 1161 1701 τάξας,
1180 1635 1423 1707 ἐκάθηρε
1454 1637 1567 1691 τῶν
1596 1637 1911 1711 λῃστηρίων

324 1727 390 1782 τὸ
425 1727 768 1800 Τυρρηνικὸν
796 1727 1056 1797 πέλαγος,
1101 1729 1163 1781 τὸ
1203 1730 1462 1795 Λιϐυκὸν,
1489 1732 1552 1785 τὸ
1586 1731 1718 1803 περὶ
1768 1734 1911 1806 Σαρ-

322 1820 475 1876 δῶνα
509 1820 607 1874 καὶ
647 1820 863 1890 Κύρνον
905 1821 1001 1875 καί
1040 1820 1294 1876 Σικελίαν
1352 1822 1590 1895 ἡμέραις
1633 1827 1906 1897 τεσσαρά-

326 1930 510 1970 κοντα.
545 1909 681 1967 Εῐτα
724 1912 1061 1985 παραπλέων
1095 1913 1195 1977 τὰς
1226 1912 1414 1977 πόλεις
1464 1917 1605 1985 μετὰ
1644 1918 1902 1991 σπουδῆέ,

2010 527 2263 597 gratiam,
2295 526 2392 582 sed
2419 526 2596 597 plebis
2626 528 2729 582 sibi
2765 527 3125 584 conciliandae
3155 528 3340 586 studio
3397 530 3587 588 defen-

2011 618 2114 674 dit.
2143 618 2372 673 Decreto
2401 618 2495 674 illo
2530 619 2764 685 firmato,
2788 621 3083 690 Pompeius
3110 622 3162 674 in
3188 621 3454 678 concione
3485 621 3588 678 du-

2011 709 2098 779 pla
2128 708 2311 765 omnia
2341 709 2689 781 impetravit;
2723 709 3010 781 divisoque
3049 711 3243 782 pelago
3269 751 3283 778 ,
3330 720 3385 767 et
3419 713 3588 767 maris

2014 801 2320 856 intervallis
2350 803 2403 855 in
2432 810 2618 872 partes
2657 801 2918 857 tredecim
2935 801 3251 872 descriptis,
3284 803 3453 858 certis
3486 820 3590 859 na-

2009 893 2171 948 vibus
2198 900 2255 948 et
2283 893 2424 949 duce
2467 893 2522 948 in
2579 902 2735 964 parte
2790 894 3035 951 qualibet
3082 895 3385 960 collocatis,
3433 911 3588 951 mare

2013 982 2383 1053 Tyrrhenum,
2408 984 2748 1050 Africanum,
2777 982 3067 1053 Sardoam,
3097 984 3406 1052 Corsieum,
3437 986 3591 1043 Sicu-

2010 1075 2146 1143 lum,
2182 1077 2328 1131 intra
2367 1075 2488 1131 dies
2522 1077 2875 1148 quadraginta
2932 1079 3168 1148 pacavit.
3217 1078 3425 1134 Deinde
3459 1096 3586 1135 cum

2011 1169 2182 1224 urbes
2212 1168 2538 1224 festinanter
2597 1169 3126 1239 praeterveheretur,
3183 1169 3430 1226 Athenas
3478 1188 3588 1227 non

2012 1262 2299 1334 praeteriit.
2345 1263 2451 1318 Sed
2479 1278 2717 1318 excensu
2750 1264 2803 1317 in
2827 1273 3026 1318 terram
3049 1273 3105 1320 et
3127 1280 3185 1320 re
3209 1264 3398 1320 divina
3422 1267 3587 1334 facta,

2013 1355 2329 1426 populoque
2363 1357 2623 1421 salutato,
2651 1342 3041 1424 inscriptiones
3066 1356 3148 1409 sui
3173 1356 3400 1412 honoris
3423 1372 3589 1414 causa

2012 1446 2189 1503 factas
2225 1449 2461 1510 invenit.
2525 1464 2691 1503 unam
2734 1448 2879 1503 intra
2930 1459 3145 1518 portam
3190 1450 3277 1504 bis
3350 1450 3535 1506 verbis
3572 1471 3588 1505 :

2013 1541 2238 1608 Qualem
2300 1552 2350 1598 te
2394 1543 2657 1596 hominem
2682 1556 2792 1597 esse
2820 1545 3082 1613 agnoscis.
3113 1551 3331 1597 eatenus
3358 1543 3481 1598 deus
3511 1559 3588 1597 es.

2011 1637 2254 1692 Alteram
2287 1644 2441 1692 extra
2472 1652 2485 1689 :
2531 1635 2999 1706 Exspectabamus,
3034 1635 3392 1690 adorabamus
3447 1635 3588 1690 ridi-

2013 1730 2496 1794 mus,-deducimus.
2533 1729 2834 1784 Piraticum
2858 1729 3064 1785 bellum
3112 1728 3428 1784 confectum
3483 1737 3590 1792 est,

2012 1833 2069 1880 ct
2096 1823 2382 1879 latrocinia
2407 1830 2522 1876 toto
2558 1822 2696 1876 mari
2733 1819 3021 1893 proﬂigata
3064 1835 3173 1876 non
3205 1819 3443 1893 amplius
3491 1821 3593 1875 tri-

2016 1918 2203 1975 mestri
2234 1916 2430 1987 spatio.

323 2007 387 2060 ού
435 2006 689 2078 παρῆλθε
740 2006 843 2071 τὰς
886 2006 1141 2078 Ἀθήνας.
1198 2007 1436 2072 Ἀναϐὰς
1505 2008 1706 2076 δέ,καὶ
1766 2012 1938 2081 θύσας
1979 2017 2074 2071 καὶ
2131 2009 2585 2080 προσαγορεύσας
2635 2008 2728 2064 τδν
2781 2008 2972 2079 δῆμον,
3035 2004 3194 2081 εὗρεν
3274 2010 3594 2081 ἐπιγραφὰς

324 2103 406 2163 εἰς
435 2100 600 2154 αὑτὸν
652 2099 1055 2171 πεποιημένας,
1080 2094 1156 2153 ὧν
1188 2103 1222 2168 ἡ
1256 2101 1354 2173 μὲν
1383 2101 1537 2166 ἐντὸς
1578 2106 1679 2174 τῆς
1725 2105 1905 2179 πύλης
1941 2108 2164 2176 ἔλεγεν
2249 2105 2376 2173 Ἐφ’
2420 2100 2574 2158 ὅσον
2599 2103 2689 2156 ὢν
2723 2101 3039 2172 ἄνθρωπος
3086 2099 3279 2170 οἶδας,
3342 2102 3443 2158 ἐπὶ
3492 2123 3593 2159 το-

322 2191 553 2247 σοῦτον
598 2187 658 2247 εἷ
720 2193 859 2260 θεός
895 2210 912 2226 ο
985 2195 1019 2265 ἠ
1064 2193 1113 2248 δ’
1165 2194 1358 2260 ἐκτός⁸
1413 2197 1903 2271 Προσεὸοκῶμεν,
1943 2201 2463 2270 προσεκυνοῦμεν,
2516 2197 2777 2266 εἴδομεν,
2834 2200 3280 2268 προπέμπομεν.
3305 2198 3592 2270 Κατελύθη

326 2291 429 2361 μὲν
468 2287 563 2345 οὖν
602 2292 923 2361 πειρατικδς
955 2291 1217 2363 πόλεμος,
1254 2293 1449 2348 καὶτὰ
1491 2298 1773 2368 πανταχοῦ
1838 2299 1940 2372 τῆς
1980 2297 2259 2366 Οαὶάσσης
2336 2295 2566 2366 ἐξῃρέθη
2612 2295 2887 2366 λῃστήρια
2944 2297 3046 2349 οὐκ
3086 2296 3144 2349 ἐν
3180 2295 3387 2350 πλείονι
3418 2296 3595 2370 χρόνῳ

325 2385 521 2459 μηνῶν
548 2386 742 2457 τριῶν.

398 2482 471 2534 Δ’.
502 2478 722 2533 Τούτων
759 2477 818 2532 δὲ
862 2479 944 2543 sic
1000 2476 1227 2552 Ῥώμην
1257 2481 1745 2555 ἀπαγγελθέντων,
1770 2486 1909 2559 τρά-

324 2591 421 2642 cpe:
466 2573 632 2643 νόμον
680 2566 763 2634 εἷς
808 2569 919 2624 τῶν
966 2571 1266 2644 δημάρχων
1295 2574 1324 2627 6
1363 2575 1628 2644 Μάλλιος,
1656 2578 1909 2650 παραλα-

328 2668 500 2721 εόντα
536 2667 824 2736 Πομπήϊον
864 2666 1049 2719 πᾶσαν
1076 2667 1177 2737 τὴν
1204 2665 1391 2739 χώραν
1418 2670 1553 2741 ὅσης
1583 2671 1614 2724 6
1637 2671 1908 2738 Λεύκολος

321 2755 488 2831 ἦρχε,
518 2759 899 2830 προσλαϐόντα
939 2758 996 2812 δὲ
1036 2760 1132 2813 καὶ
1180 2760 1461 2828 Βιθυνίαν,
1494 2763 1757 2837 πολεμεῖν
1795 2767 1904 2821 Mi-

324 2851 558 2925 θριδὰτῃ
600 2851 713 2921 (61)
751 2850 846 2905 καὶ
884 2850 1136 2924 Τιγράνῃ
1171 2852 1286 2917 τοῖς
1345 2851 1684 2923 βασιλεῦσιν,
1713 2857 1908 2929 ἔχοντα

323 2944 426 2998 καὶ
480 2945 582 3014 τὴν
611 2942 874 3015 ναυτικὴν
920 2944 1154 3015 δύναμιν
1185 2945 1281 2999 καὶ
1331 2946 1392 3000 τὸ
1445 2948 1648 3018 κράτος
1673 2949 1774 3020 τῆς
1813 2950 1910 3004 θα-

325 3033 566 3107 λάσσης,
608 3035 683 3099 ὡς
707 3033 807 3107 ἤδη
845 3034 1005 3089 τοῦτο
1033 3036 1247 3108 εἰλήφει
1276 3053 1290 3068 ·
1332 3036 1491 3092 τοῦτο
1513 3041 1570 3095 δὲ
1615 3036 1685 3113 ἦν
1708 3041 1801 3112 ὑφ’
1825 3043 1909 3099 ἐνὶ

2082 2483 2171 2539 ιν.
2202 2481 2298 2537 llis
2326 2483 2515 2536 Romae
2544 2480 2835 2545 nuntiatis,
2866 2479 3099 2537 Manlius
3124 2483 3380 2541 tribunus
3412 2485 3595 2558 plebis

2009 2577 2352 2648 rogationem
2380 2574 2527 2637 tulit,
2590 2580 2652 2628 ut
2702 2570 2997 2644 Pompeius
3052 2575 3263 2631 Luculli
3309 2579 3599 2648 provincia

2009 2678 2285 2737 suscepta,
2316 2675 2372 2721 et
2392 2662 2647 2735 Bithynia
2688 2663 2967 2735 adjuncta,
3020 2665 3223 2721 bellum
3287 2667 3593 2725 Mithridati

2009 2768 2067 2815 et
2095 2757 2320 2829 Tigrani
2355 2756 2578 2828 regibus
2610 2756 2861 2823 inferret,
2901 2766 3112 2812 retenta
3133 2758 3308 2814 classe
3334 2768 3392 2814 et
3423 2763 3596 2818 maris

2010 2850 2264 2921 imperio.
2294 2848 2453 2917 Quod
2486 2865 2596 2903 non
2619 2847 2771 2903 aliud
2801 2834 2940 2915 erat,
2969 2850 3073 2903 nisi
3103 2850 3408 2906 Romanum
3435 2853 3592 2924 prin-

2009 2942 2253 3010 cipatum
2280 2942 2376 2997 uni
2397 2942 2637 2997 tradere.
2666 2941 2873 2997 Tamen
2893 2958 2956 2997 ea
2976 2942 3204 3013 rogatio,
3235 2944 3593 3014 optimatibus

2011 3042 2159 3089 metu
2220 3034 2411 3104 populi
2475 3032 2788 3089 tacentibus
2820 3042 2878 3089 et
2911 3033 3356 3104 conniventibus,
3397 3038 3590 3096 valuit.

326 3125 635 3199 συλλήϐδην
682 3130 938 3197 γενέσθαι
977 3128 1078 3199 τὴν
1128 3128 1419 3200 Ῥωμαίων
1472 3134 1795 3205 ἡγεμονίαν.
1831 3137 1906 3191 T6

2011 3128 2304 3199 Pompeius
2325 3144 2458 3185 vero
2512 3129 2714 3184 litteris
2767 3128 3031 3199 acceptis,
3081 3129 3256 3186 fertur
3291 3134 3593 3191 contractis

1933 3179 1976 3240 ϐ

326 3219 432 3291 μὲν
477 3214 573 3274 οὖν
619 3219 884 3293 ψήφισμα
923 3220 1201 3293 ἐκυρώθη,
1237 3221 1587 3292 φοϐηθέντων
1603 3228 1696 3281 τὸν
1732 3229 1907 3302 δῆμον

2011 3221 2326 3293 superciliis
2398 3237 2775 3294 percussaque
2838 3222 3045 3278 femore
3079 3238 3190 3295 prze
3246 3240 3305 3280 se
3373 3226 3589 3294 tulisse,

323 3311 438 3365 τῶν
491 3312 995 3384 ἀριστοκρατικῶν,
1021 3313 1115 3366 καὶ
1163 3316 1584 3386 σιωπησάντων.
1620 3320 1907 3392 Πομπήϊος

324 3405 387 3460 δὲ
424 3405 719 3477 δεξάμενος
746 3408 817 3460 τὰ
845 3407 1151 3479 γράμματα
1166 3407 1386 3476 λέγεται
1426 3410 1526 3474 τὰς
1567 3412 1742 3483 ὀφρῦς
1779 3431 1906 3468 συν-

322 3502 578 3569 αγαγεῖν,
651 3501 867 3555 καὶτὸν
908 3502 1082 3574 μηρδν
1122 3501 1384 3568 πατάξαι,
1416 3504 1493 3567 ὡς
1534 3505 1933 3579 δυσχεραίνων·

325 3594 424 3646 καὶ
456 3592 826 3664 βαρυνόμενος
871 3595 968 3665 τὴν
1002 3595 1202 3667 ἀρχήν.
1232 3595 1344 3667 Τὴν
1387 3597 1436 3649 δ’
1468 3599 1755 3667 εἰρωνείαν
1794 3600 1903 3655 οὐδ’

326 3687 384 3739 οί
420 3686 840 3759 συνήθεις,αύτῷ
867 3689 998 3759 ρᾷον
1020 3689 1283 3760 ἤνεγκαν.
1304 3689 1458 3754 Τέως
1487 3690 1543 3744 δὲ
1570 3691 1670 3762 τὴν
1697 3694 1902 3763 μεταξὺ

322 3781 583 3851 Φοινίκης
625 3782 722 3835 καὶ
764 3781 1047 3854 Βοσπόρου
1090 3781 1375 3836 θάλασσαν
1423 3783 1518 3838 ἐπὶ
1570 3789 1786 3858 φρουρᾷ
1825 3782 1935 3858 np

328 3870 507 3943 στόλῳ
547 3869 841 3939 διαλαϐὼν,
874 3871 1040 3937 αὐτὸς
1090 3871 1344 3937 ἐϐάδιζεν
1395 3875 1488 3928 ἐπὶ
1536 3875 1900 3950 Μιθριδάτην.

339 3964 585 4017 Ἐκείνου
610 3963 655 4017 δ’
690 3964 1009 4028 ἐκλιπόντος
1051 3964 1176 4035 ὅρος
1215 3965 1493 4038 δύσμαχον
1526 3967 1602 4031 ὡς
1648 3967 1902 4040 ἄνυδρον,

324 4058 387 4111 ἐν
417 4049 461 4124 ᾧ
495 4057 1013 4128 ἐστρατοπεδεύετο,
1045 4058 1075 4110 6
1106 4059 1393 4130 Πομπήϊος
1446 4060 1719 4132 κατέσχεν
1745 4062 1899 4127 αὐτὸ,

323 4148 428 4204 atati.
448 4151 517 4220 τῇ
554 4148 714 4219 φύσει
751 4149 862 4204 τῶν
909 4149 1340 4221 βλαστανόντων,
1386 4156 1483 4205 καὶ
1508 4155 1628 4218 ταῖς
1679 4155 1902 4224 συγκλι-

325 4243 470 4305 νίαις
520 4241 629 4295 τῶν
684 4241 868 4296 τόπων
918 4242 1361 4313 τεκμαιρόμενος
1405 4244 1552 4317 ἔχειν
1610 4248 1797 4319 πηγὰς
1840 4249 1902 4301 τὸ

322 4335 550 4407 χωρίον,
570 4334 824 4406 ὀρύσσειν
848 4335 1104 4389 ἐκέλευσε
1129 4336 1360 4406 φρέατα.
1394 4338 1506 4391 Καὶ
1534 4340 1672 4409 ταχὺ
1703 4341 1902 4409 μεστὸν

326 4425 394 4499 ἦν
432 4426 627 4491 ὓδατος
666 4428 728 4482 τὸ
770 4428 1153 4499 στρατόπεδον.
1185 4429 1423 4484 Ἔπειτα
1467 4447 1899 4502 περιστρατοπε-

2011 3317 2171 3389 quasi
2204 3320 2448 3389 graviter
2484 3317 2827 3386 molesteque
2859 3314 3029 3370 ferret
3062 3316 3393 3389 imperium;
3426 3336 3593 3390 quam

2006 3410 2506 3468 dissimulationem
2553 3426 2623 3466 ne
2652 3410 2845 3465 amicis
2888 3409 3115 3480 quidem
3166 3413 3280 3468 suis
3311 3415 3590 3485 probavit.

2006 3501 2140 3556 inde
2173 3501 2312 3556 mari
2341 3500 2484 3557 intra
2516 3498 2821 3570 Bosporum
2851 3507 2908 3555 et
2931 3500 3271 3558 Pboenieia'm
3320 3506 3593 3575 prasidiis

2007 3603 2299 3665 occupato.
2338 3603 2532 3649 contra
2590 3590 2963 3648 Mithridatem
3017 3599 3104 3647 est
3151 3594 3462 3665 profectus;
3494 3599 3593 3669 qui

2007 3705 2134 3745 cum
2180 3696 2422 3742 montem
2477 3686 2958 3758 inexpugnabilem
2997 3688 3069 3743 ob
3111 3705 3268 3759 aqua:
3301 3692 3592 3762 penuriam

2006 3781 2370 3845 deseruisset,
2398 3779 2658 3836 eumdem
2687 3779 2983 3850 Pompeius
3030 3784 3341 3851 occupavit,
3399 3786 3592 3855 conje-

2006 3882 2163 3930 ctura
2198 3882 2314 3929 tum
2356 3888 2423 3928 ex
2458 3872 2712 3944 stirpium
2769 3879 2989 3939 natura,
3053 3882 3167 3928 tum
3216 3890 3285 3930 ex
3336 3874 3587 3934 locorum

2005 3966 2240 4022 ﬂexibus
2267 3974 2447 4036 capta,
2479 3965 2662 4020 locum
2690 3964 2847 4019 illum
2871 3964 3052 4020 fontes
3075 3965 3300 4023 habere.
3334 3966 3589 4043 Cumque

2005 4068 2204 4131 puteos
2231 4056 2701 4129 eﬂodijussisset,
2755 4062 2870 4111 tota
2917 4065 3099 4112 castra
3132 4058 3391 4116 celeriter
3442 4076 3589 4135 aqua

2006 4150 2378 4206 abundarunt.
2405 4147 2615 4204 Deinde
2644 4147 2845 4203 castris
2870 4146 3299 4218 circumpositis.
3334 4150 3480 4208 hosti
3499 4154 3586 4209 fu-

2007 4259 2127 4316 gam
2168 4240 2537 4298 intercludere
2567 4239 2802 4295 studuit.
2842 4237 2950 4292 Sed
3002 4238 3092 4294 ille
3133 4239 3252 4295 dies
3290 4257 3389 4300 τιν
3419 4243 3586 4317 477

2005 4337 2285 4398 obsessus,
2325 4331 2685 4387 nihilominus
2735 4345 2861 4385 cum
2906 4329 3220 4386 firmissima
3247 4345 3400 4403 parte
3428 4353 3588 4393 exer-

2008 4428 2152 4482 citus
2175 4425 2395 4496 elapsus
2418 4432 2524 4491 est,
2548 4408 2842 4477 inutilibus
2874 4429 2930 4477 et
2987 4423 3208 4493 aegrotis
3252 4424 3586 4486 interfectis.

323 4520 546 4584 δεύσας.
588 4520 924 4591 ἐπετείχιζεν
956 4519 1108 4576 αὐτό.
1147 4521 1208 4575 '0
1241 4521 1320 4587 δὲ,
1368 4521 1533 4576 πέντε
1567 4524 1665 4577 καὶ
1701 4541 1900 4578 τεσσα-

2011 4522 2180 4589 Quem
2201 4517 2498 4589 Pompeius
2539 4516 2687 4572 circa
2715 4513 3024 4586 Euphatem
3053 4527 3358 4585 assecutus,
3391 4521 3590 4580 timens

328 4613 566 4684 ράκοντα
627 4610 1012 4683 πολιορκηθεὶς
1078 4612 1325 4684 ἡμέρας,
1395 4612 1593 4669 ἔλαθεν
1658 4615 1903 4685 ἀποδρὰς

330 4702 472 4774 μετᾶ
531 4702 633 4771 τῆς
684 4701 1175 4774 ἐρρωμενεστέρας
1236 4702 1542 4773 δυνάμεως,
1572 4705 1905 4770 ἀποκτείνας

325 4798 455 4861 τοὺς
494 4796 806 4869 ἀχρήστους
841 4795 934 4850 καὶ
976 4798 1106 4860 τοὺς
1130 4796 1447 4861 νοσοῦντας.
1476 4798 1819 4854 Καταλαὸὼν
1846 4802 1925 4856 δε

2010 4626 2080 4668 ne
2109 4612 2313 4666 flumen
2343 4604 2641 4681 trajiceret,
2670 4607 3000 4678 intempesta
3035 4618 3195 4665 nocte
3220 4609 3409 4666 eduxit
3432 4629 3593 4672 exer-

2005 4706 2199 4760 citum.
2235 4703 2312 4757 lbi
2345 4716 2571 4757 necesse
2600 4709 2719 4756 erat
2749 4715 2851 4770 pro
2884 4700 3030 4754 vallo
3066 4710 3302 4766 certare,
3333 4705 3587 4764 lunares-

2008 4813 2116 4869 que
2168 4796 2307 4851 radii
2356 4793 2655 4849 turbabant
2702 4791 2904 4864 regios.
2944 4791 3080 4847 Nam
3114 4794 3349 4852 Romani
3399 4796 3587 4861 lunam

325 4892 491 4945 αὐτὸν
542 4891 671 4962 περὶ
725 4890 819 4944 τὸν
868 4889 1160 4962 Εὐφράτην
1217 4892 1245 4944 ό
1304 4891 1631 4962 Πομπήϊος,
1681 4894 1772 4948 ἵνα
1829 4895 1905 4966 μὴ

2011 4892 2225 4964 iamjam
2252 4889 2539 4945 occiduam
2570 4905 2600 4942 a
2628 4896 2783 4959 tergo
2836 4887 3146 4954 habebant;
3192 4890 3336 4947 unde
3386 4907 3588 4963 corpo-

326 4984 511 5056 φθάσῃ
577 4983 825 5054 περάσας
879 4982 972 5037 τὸν
1024 4982 1271 5053 ποταμὸν
1326 4985 1392 5036 ἐκ
1450 4984 1635 5054 μέσων
1690 4986 1902 5041 νυκτῶν

325 5078 503 5149 ἐπῆγε
558 5074 659 5148 τὴν
699 5075 986 5145 στρατιάν.
1021 5071 1131 5127 Ἦν
1193 5070 1289 5128 οὖν
1341 5075 1557 5146 ἀνάγκη
1615 5076 1759 5150 ὑπὲρ
1805 5078 1900 5133 τοῦ

325 5173 571 5243 χάρακος
614 5168 904 5240 μάχεσθαι.
937 5166 1144 5237 Σελήνη
1204 5166 1251 5220 δ’
1272 5160 1341 5239 ἦν
1382 5171 1831 5242 καταφερομένη,
1872 5168 1902 5224 6

326 5268 455 5330 τοὺς
482 5263 798 5336 βασιλικοὺς
821 5262 1049 5334 ἔσφηλε.
1077 5257 1237 5333 Εἶχον
1278 5263 1379 5333 μέν
1418 5264 1525 5333 γὰρ
1550 5263 1696 5318 κατὰ
1728 5264 1901 5320 νώτου

324 5358 428 5431 τὴν
477 5357 708 5428 σελήνην
746 5355 1038 5427 Ῥωμαῖοι·
1087 5356 1189 5428 ἤδη
1220 5354 1277 5409 δὲ
1325 5357 1457 5425 περὶ
1507 5355 1662 5410 δύσιν
1711 5356 1898 5430 οὔσης,

326 5453 385 5505 αἱ
438 5451 593 5505 σκιαὶ
635 5449 749 5503 τῶν
790 5448 1062 5519 σωμάτων
1115 5448 1358 5519 πρόσθεν
1408 5448 1700 5520 προϊοῦσαι
1762 5450 1900 5503 πολὺ

324 5543 553 5615 δόκησιν
620 5544 884 5614 παρεῖχον
946 5543 1060 5605 τοῖς
1135 5536 1417 5613 πολεμίοις
1477 5541 1721 5611 ἐγγίζειν
1780 5544 1905 5606 τοὺς

2012 4998 2133 5039 rum
2166 4982 2375 5037 umbrae
2407 4981 2568 5050 longe
2590 4972 2921 5035 ‘antrorsum
2954 4981 3231 5051 proiectae,
3262 4983 3584 5052 opinionem

2012 5075 2267 5132 hostibus
2302 5073 2630 5141 all‘erebaut,
2671 5087 2769 5129 eos
2803 5073 2859 5128 in
2893 5074 3204 5146 prepinquo
3232 5089 3374 5131 esse.
3438 5079 3586 5136 Telis

2011 5169 2184 5241 igitur
2208 5167 2484 5222 incassum
2506 5164 2745 5231 emissis,
2776 5163 3118 5236 attingebant
3142 5166 3439 5223 neminem.
3471 5170 3588 5227 Hoc

2011 5261 2241 5320 Romani
2266 5260 2672 5326 animadverso,
2695 5258 2933 5314 clamore
2953 5257 3173 5313 sublato
3196 5272 3581 5327 accurrerunt,

2010 5366 2067 5411 et
2098 5354 2241 5408 ultra
2270 5352 2460 5408 decem
2494 5350 2667 5407 millia
2695 5351 2749 5405 in
2779 5349 2903 5419 fuga
2942 5347 3285 5405 ceciderunt.
3317 5351 3440 5422 Ipse
3481 5356 3583 5411 Mi.

2011 5447 2280 5502 thridates
2310 5461 2435 5502 cum
2472 5443 2730 5515 pluribus
2763 5441 2977 5507 eﬂ'ugit.
3012 5441 3308 5512 Pompeius
3337 5460 3470 5501 vero
3526 5448 3581 5504 in

2010 5539 2326 5596 Armeniam
2349 5535 2769 5607 impressionem
2814 5532 2965 5599 fecit,
3009 5548 3041 5587 ιι
3089 5531 3328 5606 Tigrane
3366 5538 3585 5608 iuniore

1462 5665 1664 5728 Varias
1695 5663 2001 5728 lectiones
2042 5670 2105 5726 et
2140 5672 2335 5724 notae.

405 5772 521 5846 (δ’)
556 5769 872 5840 Τηριδάτιι.
898 5767 993 5825 Sic
1014 5767 1125 5824 duo
1156 5767 1312 5840 Regii
1334 5773 1402 5826 'et
1432 5769 1683 5827 Colbert.
1729 5770 1798 5824 At
1824 5770 1907 5823 Mr

2011 5766 2132 5838 Ξάτη
2161 5763 2453 5837 legendum
2487 5760 2745 5823 observat
2775 5756 3029 5816 Wolfius.

623 5866 895 5926 PATROL.
925 5865 1042 5922 Gn.
1070 5862 1386 5925 CXXXIV.

3178 5851 3253 5923 23
