4018 6250
521 353 634 423 819
1820 353 2154 417 JOANNIS

516 477 599 525 tas
634 483 705 525 ex
738 472 1061 537 tempestate
1091 462 1158 520 ad
1187 480 1417 536 regnum
1454 464 1685 534 rediret,
1722 463 1928 535 alioqui
1962 480 2087 533 gra-
2119 471 2163 524 Α

512 562 637 616 vius
697 559 995 615 allidcnda.
1071 560 1185 616 Nec
1239 558 1388 615 enim
1452 573 1607 629 spem
1669 556 1866 615 salutis
1926 556 2088 612 aliam

521 661 729 708 restare
779 669 795 707 :
852 662 911 707 et
961 651 1238 707 medicum
1293 651 1646 708 mitissimum
1712 648 2089 705 adhibendum

516 760 658 809 esse,
705 744 799 814 qui
842 743 1039 799 morbo
1076 743 1152 798 illi
1202 743 1535 799 medicinam
1582 742 1835 799 faceret:
1887 741 2091 812 quibus

514 835 702 891 verbis
752 835 1099 892 subobscure
1150 836 1474 907 Pompeium
1524 833 1755 906 intelligi
1807 832 2086 889 volebant.

505 926 611 996 Qui
643 928 745 983 etsi
774 927 961 983 verbis
1002 928 1294 999 imperium
1318 943 1378 984 se
1412 928 1724 983 detractare
1754 925 2086 991 simulabat,

431 1089 443 1095 -
512 1034 574 1072 re
613 1017 731 1090 ipsa
761 1026 944 1074 tamen
976 1020 1029 1075 id
1064 1021 1282 1089 agebat,
1310 1028 1371 1074 ut
1399 1019 1639 1075 dictator
1671 1019 1971 1077 diceretur.
2007 1018 2087 1074 Ne

504 1112 678 1183 igitur
722 1111 1049 1169 dictaturam
1097 1128 1195 1183 per
1227 1113 1337 1168 vim
1382 1111 1707 1175 invaderet,
1749 1112 1902 1168 solus
1930 1127 1960 1166 a
2002 1126 2089 1166 se-

503 1214 638 1259 natu
669 1205 862 1260 consul
902 1214 991 1260 est
1025 1204 1383 1275 designatus,
1427 1203 1767 1261 desiderium
1805 1205 1926 1277 ejus
1957 1202 2088 1261 soli-

502 1298 649 1352 tario
679 1297 914 1368 imperio
963 1297 1229 1353 leniente.
1276 1296 1359 1369 Ob
1405 1298 1513 1353 hoc
1545 1296 1726 1355 Ctesar
1753 1307 1810 1352 et
1834 1297 2085 1368 ipseIper

500 1390 717 1461 legatos
769 1392 1118 1449 consulatum
1179 1390 1380 1461 petiit,
1440 1390 1564 1445 aliis
1622 1390 2082 1454 adversantibus,

500 1481 767 1552 Pompeio
810 1496 945 1538 vero
981 1489 1219 1537 tacente.
1248 1480 1322 1538 Ut
1349 1491 1532 1537 autem
1563 1479 1747 1536 Cresar
1777 1479 2085 1553 largitioni-

500 1573 610 1629 bus
665 1573 871 1629 multos
922 1575 978 1628 in
1033 1587 1162 1629 suas
1214 1582 1402 1643 partes
1452 1572 1734 1637 traduxit,
1792 1571 2086 1641 Pompeius

499 1680 625 1720 eam
671 1664 1144 1736 conspirationem
1199 1665 1433 1731 veritus,
1483 1674 1674 1734 aperte
1727 1679 1825 1734 per
1867 1677 1991 1719 sese
2027 1673 2085 1721 et

498 1756 711 1811 amicos
764 1756 1061 1826 imperium
1111 1754 1311 1813 Ctesari
1349 1772 1446 1825 per
1488 1756 1708 1811 decreta
1756 1755 2079 1826 abrogavit:

498 1851 704 1920 quibus
734 1850 823 1905 ille
858 1849 1124 1920 neglectis
1164 1848 1427 1920 petebat,
1476 1858 1538 1905 ut
1583 1861 1641 1904 et
1683 1850 1802 1919 ipse
1834 1860 1889 1904 et
1916 1849 2079 1906 Pom-

499 1942 660 2014 peius
686 1943 849 1998 simul
889 1943 1060 1997 armis
1098 1942 1295 2013 positis
1332 1941 1533 2015 privati
1578 1957 1699 1998 esse
1723 1942 2075 2012 juberentur.

498 2037 596 2093 Sin
630 2036 738 2090 sibi
772 2036 1102 2106 eriperetur
1135 2036 1424 2105 imperium
1447 2075 1462 2100 ,
1512 2034 1587 2089 illi
1626 2051 1756 2089 vero
1787 2035 2078 2091 conﬁrma-

497 2140 656 2185 retur
687 2145 702 2184 :
743 2128 979 2184 alterum
1024 2136 1320 2199 tyrannum
1352 2127 1640 2185 constitui.
1678 2128 1875 2184 Fertur
1908 2129 2075 2185 etiam

498 2219 724 2291 quidam
762 2218 1015 2274 centurio
1050 2234 1080 2273 a
1109 2218 1324 2279 Caesare
1362 2218 1565 2274 missus
1586 2259 1601 2282 ,
1634 2233 1759 2289 cum
1792 2202 2077 2274 didicisset

498 2319 752 2365 senatum
806 2308 1098 2379 imperium
1126 2307 1328 2363 Caesari
1370 2324 1481 2363 non
1517 2308 1729 2365 diutius
1759 2309 1914 2371 dare,
1953 2309 2077 2379 pul-

498 2406 621 2453 sato
651 2398 814 2469 gladii
851 2399 1049 2469 capulo
1077 2397 1280 2454 dixisse
1307 2417 1320 2451 :
1352 2399 1421 2454 At
1450 2400 1534 2456 hic
1562 2399 1727 2453 dabit.
1757 2398 1966 2456 Deinde
1996 2414 2078 2456 se-

497 2489 978 2547 natusconsultum
1011 2488 1216 2547 factum
1252 2501 1358 2556 est,
1404 2489 1513 2547 nisi
1563 2490 1749 2547 Caesar
1785 2491 1925 2547 intra
1953 2507 2078 2549 cer-

498 2591 620 2638 tum
644 2582 789 2638 diem
815 2581 1048 2653 imperio
1076 2598 1136 2639 se
1165 2583 1498 2651 abdicasset,
1533 2584 1747 2643 hostem
1779 2600 1902 2642 esse
1928 2586 2078 2659 judi-

496 2675 760 2731 candum.
798 2675 1002 2732 Verum
1043 2675 1288 2733 Antonio
1326 2678 1656 2748 exterisque
1678 2677 1913 2735 Caesaris
1952 2687 2074 2735 stu-

498 2768 675 2824 diosis
706 2769 1117 2839 postulantibus
1142 2812 1156 2835 ,
1194 2777 1257 2824 ut
1296 2777 1354 2826 et
1381 2768 1566 2826 Caesar
1591 2778 1647 2826 et
1675 2770 1972 2842 Pompeius
2001 2772 2078 2828 si-

499 2859 617 2915 mul
648 2862 1063 2932 magistratibus
1085 2861 1327 2927 abirent,
1359 2878 1480 2919 eam
1506 2865 1839 2921 sententiam
1875 2866 2076 2936 proba-

498 2962 633 3008 runt
679 2969 891 3011 omnes.
926 2953 1034 3011 Sed
1062 2970 1188 3010 cum
1229 2953 1412 3011 Caesar
1459 2971 1558 3026 per
1599 2956 1813 3014 litteras
1859 2958 2075 3015 caeteris

496 3044 759 3098 omnibus
791 3043 1031 3108 cedens,
1071 3044 1243 3100 solam
1274 3044 1606 3115 Cisalpinam
1642 3045 1980 3116 provinciam
2014 3055 2071 3102 et

496 3132 775 3205 Illyricum
816 3145 984 3205 atque
1021 3134 1158 3190 duas
1197 3134 1302 3191 sibi
1354 3135 1602 3206 legiones
1641 3135 1875 3208 relinqui
1920 3150 2142 3216 pete-C

497 3236 581 3283 ret
628 3245 643 3280 :
684 3236 887 3283 emtcra
922 3228 1149 3299 quidem
1183 3230 1235 3285 ei
1267 3228 1432 3302 583
1459 3232 1735 3288 concessit
1760 3233 2074 3304 Pompeius,

500 3320 705 3377 milites
746 3330 930 3377 autem
968 3321 1201 3381 ademit.
1241 3322 1483 3379 Senatus
1512 3340 1645 3380 vero
1675 3325 1977 3382 Antonium
2021 3336 2079 3384 et

498 3412 799 3468 factionem
836 3413 959 3483 ejus
985 3422 1179 3469 senatu
1216 3414 1399 3485 ejecit.
1443 3414 1633 3486 Itaque
1661 3419 1849 3474 servili
1884 3420 2074 3475 habitu

502 3519 572 3557 ex
614 3503 810 3559 timore
849 3515 1094 3575 sumpto,
1141 3505 1506 3563 conducticiis
1539 3508 1682 3578 bigis
1718 3509 1890 3564 Roma
1927 3511 2077 3566 exie-

500 3603 655 3649 runt.
696 3594 827 3661 Qua:
865 3611 955 3651 res
997 3596 1237 3653 militum
1276 3596 1706 3668 indignationem
1754 3603 2075 3669 commovit,

498 3700 627 3741 cum
668 3688 816 3743 viros
859 3687 1038 3744 claros
1069 3698 1126 3746 et
1156 3689 1437 3759 principes
1470 3693 1817 3750 contumeliis
1851 3694 2077 3753 allectos

496 3788 816 3835 cernerent.
873 3780 1055 3837 Cmsar
1109 3797 1244 3838 vero
1294 3784 1464 3838 variis
1518 3784 1830 3841 rationibus
1890 3766 2075 3842 animo

497 3869 740 3942 agitatis,
769 3885 835 3925 ac
860 3869 1096 3926 subinde
1131 3870 1359 3926 mutatis
1390 3860 1661 3937 consiliis,
1695 3873 1915 3929 tandem
1955 3874 2077 3932 vul—

422 4007 436 4018 .
494 3961 611 4030 gari
642 3961 736 4015 illo
766 3961 936 4023 dicto,
950 3961 1104 4031 jacta
1135 3969 1211 4016 est
1242 3960 1387 4024 alea,
1415 3977 1568 4016 arma
1599 3962 1837 4033 sumpsit
1865 3979 1879 4016 :
1909 3978 2075 4033 supev

494 4064 728 4125 ratoque
789 4055 1075 4115 Rubicone
1133 4054 1403 4120 ﬂumine,
1456 4056 1768 4113 Ariminum
1821 4072 2073 4130 magnam

494 4147 685 4204 Galliae
729 4146 925 4206 urbem
974 4148 1285 4219 occupavit.
1336 4149 1536 4204 Fertur
1571 4149 1750 4220 pridie
1798 4152 1919 4223 ejus
1962 4151 2072 4208 diei

494 4248 665 4294 noctu
708 4239 765 4294 in
806 4240 1018 4297 somnis
1051 4239 1158 4297 sibi
1193 4255 1322 4297 eum
1353 4250 1529 4297 matre
1557 4257 1656 4312 per
1684 4242 1887 4298 foedam
1924 4245 2076 4300 incev

496 4339 753 4403 stamque
782 4331 1074 4405 imaginem
1100 4333 1252 4388 coire
1270 4332 1423 4388 visus
1454 4348 1598 4389 esse.
1631 4334 1883 4391 Arimino
1911 4351 2076 4395 occu-

492 4431 648 4492 pato,
691 4422 866 4477 Roma
915 4433 1174 4494 tanquam
1229 4424 1453 4481 turbine
1512 4427 1754 4497 quodam
1801 4427 2070 4484 (luctuum

500 4489 668 4570 undis
712 4515 1006 4585 exagitata.
1027 4489 1180 4585 pene
1208 4489 1560 4588 semetipsam
1592 4518 1878 4575 demersit.
1934 4520 2069 4576 Nam
2103 4489 2150 4546 θ

495 4616 554 4664 et
594 4608 854 4664 consules
895 4617 951 4664 et
980 4610 1218 4665 maxima
1244 4626 1375 4681 pars
1398 4619 1626 4668 senatus
1658 4611 1942 4683 fugerunt.
1974 4615 2074 4674 Est

496 4714 557 4762 et
595 4706 712 4776 ipse
753 4703 1050 4776 Pompeius
1078 4705 1332 4775 territus,
1358 4715 1415 4762 et
1440 4707 1511 4765 ab
1538 4708 1663 4765 aliis
1697 4709 1923 4769 aliunde
1957 4722 2075 4769 lur-

496 4798 684 4863 batus,
705 4797 1070 4868 querentibus
1087 4838 1103 4864 ,
1133 4813 1261 4855 eum
1288 4797 1522 4856 Caesaris
1549 4815 1685 4871 opes
1707 4813 1904 4860 contra
1946 4820 2072 4863 sese

493 4898 554 4946 et
595 4889 996 4960 rempublicam
1037 4892 1302 4948 auxisse:
1352 4907 1533 4964 neque
1578 4894 1869 4967 quisquam
1912 4898 2068 4955 illum

493 4984 614 5042 suis
644 4981 723 5041 uti
751 4983 1000 5040 consiliis
1023 4984 1170 5040 sivit.
1201 4984 1378 5051 Quare
1397 4986 1537 5044 urbe
1565 4988 1779 5054 relicta,
1814 5000 2067 5049 senatum

492 5077 654 5151 sequi
683 5078 945 5148 sejussit,
986 5084 1045 5134 et
1069 5078 1322 5150 plerique
1355 5095 1482 5135 eum
1508 5080 1682 5138 secuti
1719 5091 1887 5151 sunt,
1924 5085 2071 5141 exsi-

491 5169 631 5226 lium
661 5185 763 5241 pro
794 5171 973 5242 patria
994 5170 1256 5242 amplexi,
1297 5182 1522 5244 propter
1552 5175 1875 5246 Pompeium
1913 5195 1928 5232 :
1961 5179 2073 5234 lto-.-

490 5276 638 5317 mam
678 5277 812 5318 vero
844 5262 1078 5332 perinde
1101 5271 1163 5318 ut
1191 5273 1371 5319 castra
1392 5262 1625 5322 Caesaris
1653 5266 1946 5337 fugientes.
1981 5270 2070 5327 'Eo

491 5361 745 5421 tempore
773 5353 1052 5409 Labienus
1079 5355 1248 5410 etiam
1275 5353 1511 5411 Caesaris
1542 5356 1779 5417 amicus.
1806 5359 1895 5412 cui
1921 5368 2067 5415 stre-

491 5458 659 5498 nuam
700 5445 754 5499 in
801 5445 963 5501 bellis
995 5462 1220 5516 operam
1262 5458 1513 5511 navarat,
1565 5464 1633 5504 eo
1684 5450 1877 5507 relicto
1910 5452 2068 5508 Pom-

493 5529 676 5597 peium
698 5541 783 5587 est
807 5542 1053 5589 secutus.
1084 5535 1289 5592 Tamen
1314 5537 1497 5594 Caesar
1513 5537 1565 5591 ei
1604 5550 1659 5593 et.
1685 5541 1976 5609 pecuniam
2010 5551 2066 5597 et

2110 1818 2153 1875 Β

2185 356 2506 420 ΖΟΝΛΗᾸΞ
3646 360 3741 427 8Ῑο

2196 466 2480 536 ἀγαπητὸν
2534 465 2705 523 ἐδόκει
2749 466 2799 521 εἰ
2849 464 2988 538 πρὸς
3043 467 3345 539 μοναρχίαν
3400 468 3464 525 δκ
3508 473 3742 529 τθπίτου

2194 558 2463 622 κλύδωνος
2499 561 2594 614 καὶ
2622 560 2697 630 μή
2726 578 2776 613 τι
2794 563 2976 632 χεῖρον
2999 559 3288 631 περισταίη
3313 559 3376 612 τδ
3407 562 3503 630 τῆς
3542 565 3741 637 Ῥώμης

2194 649 2515 720 πολίτευμα,
2541 650 2806 722 metum;
2824 652 3098 721 ἀνήκεστα
3117 651 3302 720 σφίσιν
3353 648 3498 707 εἶναι
3534 654 3599 708 τὰ
3619 657 3743 726 πρά-

2191 759 2413 812 γματα’
2449 743 2645 814 χρῆναι
2702 744 2760 823 δὲ
2796 742 2890 797 τοῦ
2924 743 3234 815 πραοτάτου
3266 742 3379 796 τῶν
3416 745 3606 815 ἰατρῶν
3626 746 3741 801 ἀνί-

2190 836 2383 908 χεσθαι
2404 837 2464 891 zz.
2489 837 2661 900 πάθος
2685 837 2837 892 τουτὶ
2866 839 3337 908 φαρμακεύοντος,
3373 839 3742 907 ὑποδηλοῦντες

2188 927 2255 997 δὴ
2302 927 2392 981 τὸν
2456 927 2763 999 Πομπήϊον.
2811 928 3082 993 Κάκεῖνος
3109 929 3316 998 μέντοι,
3371 930 3423 982 εί
3472 929 3564 983 καὶ
3613 930 3740 1002 λόγῳ

2193 1017 2584 1090 παραιτεῖσθαι
2612 1018 2712 1088 τὴν
2741 1018 2917 1090 ἀρχὴν
2967 1014 3317 1091 ὑπεκρίνετο,
3343 1018 3459 1073 ἀλλ’
3484 1013 3562 1083 οἷς
3586 1020 3740 1076 ἐποίει

2190 1111 2420 1165 ἔσπευδε
2466 1112 2738 1183 δικτάτωρ
2772 1110 3287 1183 ἀναδειχθήσεσθαι.
3336 1112 3453 1168 Ἵνα
3501 1113 3626 1181 γοῦν
3672 1113 3740 1186 μή

2198 1201 2454 1273 βιάσαιτο
2482 1202 2823 1272 ψηφισθῆναι
2859 1203 3155 1274 δικτάτωρ,
3191 1201 3402 1258 ὕπατον
3419 1203 3578 1257 αὐτδν
3596 1205 3738 1273 μόνον

2187 1297 2222 1369 ή
2249 1293 2509 1366 γερουσία
2541 1294 2879 1366 προύϐάλετο
2903 1296 2970 1366 τῇ
3007 1295 3279 1367 μοναρχίᾳ
3301 1282 3737 1368 παρηγορουμένῃ

2185 1385 2378 1440 τούτου
2430 1386 2531 1457 τὴν
2575 1385 2785 1455 ἔφεσιν.
2825 1386 2920 1439 Ἐκ
2963 1384 3154 1440 τούτου
3221 1386 3513 1457 πέμπωνό
3544 1387 3737 1456 Καῖσαρ

2186 1479 2282 1532 καὶ
2304 1478 2468 1543 αὖτὸς
2498 1479 2591 1530 ἐπὶ
2628 1477 2897 1531 ὑπατείαν
2930 1474 3337 1549 παρήγγελλεν.
3386 1477 3739 1546 Ἐναντιουμέ-

2184 1588 2293 1625 νων
2313 1571 2359 1624 δ’
2389 1567 2622 1642 ἑτέρων,
2652 1568 2864 1622 ἐσιώπα
2910 1569 3223 1640 Πομπήϊος.
3283 1568 3371 1633 Ὠς
3396 1568 3451 1622 δὲ
3489 1569 3517 1620 ὁ
3544 1570 3735 1638 Καῖσαρ

2184 1663 2417 1726 πολλοὺς
2445 1661 2511 1716 τὰ
2542 1661 2707 1715 αὑτοῦ
2755 1663 2971 1732 φρονεῖν
3002 1661 3259 1718 ἀνέπεισε
3289 1660 3555 1732 χρήμασι,
3574 1660 3737 1725 δείσας

2185 1753 2284 1823 τὴν
2325 1753 2583 1808 σύστασιν
2609 1755 2636 1805 δ
2659 1756 2962 1824 Πομπήϊος,
2989 1752 3299 1822 ἀναφανδδν
3350 1753 3420 1808 δι’
3453 1752 3638 1808 ἑαυτοῦ
3654 1753 3735 1807 καὶ

2180 1851 2289 1904 τῶν
2329 1846 2501 1917 φίλων
2536 1844 2988 1917 ἐπραγματεύετο
3049 1843 3339 1921 παυθῆναι
3383 1843 3477 1897 τὸν
3507 1844 3735 1914 Καίσαρα

2177 1939 2277 2010 τῆς
2339 1938 2518 2011 ἀρχῆς
2549 1980 2565 2005 ,
2614 1936 2992 2008 ψηφιζόμενος
3057 1929 3135 1989 ὧν
3188 1938 3400 1999 ἐκεῖνος
3463 1936 3571 1989 οὐδ’
3616 1935 3733 1999 ὅλως

2179 2028 2515 2098 ἱφρᾶντιζεν.
2584 2026 2764 2094 Ἢξίου
2796 2027 2854 2080 δὲ
2893 2030 2920 2079 ὁ
2947 2027 3166 2097 Καῖσαρ
3227 2025 3397 2078 αὐτόν
3430 2042 3487 2076 τε
3522 2025 3628 2093 ἃμα
3652 2025 3733 2078 καί

2178 2119 2270 2175 τὸν
2299 2120 2586 2191 Πομπήϊον
2624 2118 3035 2188 καταθεμένους
3057 2120 3124 2171 τὰ
3151 2117 3297 2171 ὅπλα
3326 2115 3619 2170 ἰδιωτεῦσαι
3652 2115 3733 2169 καὶ

2178 2214 2364 2284 ἄμφω.
2421 2214 2482 2267 Εἰ
2516 2212 2559 2266 δ’
2594 2213 2757 2267 αὑτὸν
2813 2213 2913 2282 μὲν
2968 2211 3343 2281 ἀφαιροῦνται
3394 2210 3491 2281 τὴν
3546 2208 3724 2281 ἀρχὴν,

2177 2306 2374 2378 ἱκείνῳ
2407 2305 2464 2360 δὲ
2527 2304 2836 2378 βεϐαιοῦσι,
2882 2305 2973 2357 τὸν
3025 2303 3217 2374 ἕτερον
3289 2301 3730 2367 κατασκευάζουσι

2176 2397 2461 2469 τύραννον.
2497 2399 2731 2468 Λέγεται
2763 2399 2820 2453 δέ
2846 2416 2970 2452 τινα
2992 2398 3101 2451 τῶν
3141 2397 3298 2467 παρὰ
3322 2397 3590 2467 Καίσαρος
3622 2413 3730 2449 στα·

2177 2492 2378 2548 λέντιον
2404 2493 2739 2564 ταξιαρχῶν,
2792 2491 3038 2561 μαθόντα
3083 2491 3159 2563 μὴ
3200 2492 3408 2546 διδόναι
3430 2491 3524 2560 τὴν
3558 2505 3728 2559 γερουο

2180 2588 2302 2642 οἷαν
2339 2588 2439 2656 τῆς
2487 2587 2662 2658 ἀρχῆς
2714 2587 2905 2657 χρόνον
2953 2586 3032 2656 τῷ
3066 2586 3333 2656 Καίσαρι,
3374 2584 3525 2640 Ἀλλ’
3571 2581 3722 2646 αὕτη,

2177 2679 2367 2756 φάναι,
2400 2677 2605 2743 δώσει,
2637 2679 2951 2751 κρούσαντα
2981 2680 3049 2749 τῇ
3084 2679 3233 2751 χειρὶ
3288 2679 3390 2747 τὴν
3425 2675 3516 2730 τοῦ
3570 2674 3725 2741 ξίφους

2178 2776 2374 2848 λαϐήν.
2427 2771 2563 2830 Εἶτα
2591 2775 2789 2846 γνώμη
2837 2777 3144 2846 εἰσήνεκτο.
3181 2756 3233 2827 εἰ
3271 2773 3346 2844 μὴ
3385 2774 3441 2827 ἰν
3473 2769 3722 2840 ὡρισμένῃ

2178 2871 2363 2942 ἡμέρᾳ
2397 2872 2616 2939 Καῖςαρ
2649 2867 2719 2922 τὰ
2768 2868 2912 2921 ὅπλα
2962 2866 3299 2934 κατάθηται,
3362 2864 3601 2936 ἡγεῖσθαι
3648 2860 3722 2913 τὸν

2176 2962 2348 3041 ᾷνδρα
2382 2962 2664 3032 πολέμιον.
2707 2961 3000 3015 ’Δντωνίου
3029 2960 3087 3013 δὲ
3127 2959 3221 3013 καὶ
3256 2958 3364 3013 τῶν
3409 2954 3720 3029 πραττόντων

2176 3054 2246 3108 τὰ
2273 3054 2552 3125 Καίσαρος
2583 3050 2880 3118 ἀξιούντων
2910 3052 3006 3106 καὶ
3029 3051 3293 3121 Καίσαρα
3334 3050 3429 3103 καὶ
3469 3047 3720 3116 Πομπήϊον

2176 3148 2275 3210 τὰς
2304 3146 2478 3217 ἀρχὰς
2520 3143 2846 3210 ἀποθέσθαι,
2876 3146 2944 3215 τῇ
2980 3141 3176 3215 γνώμῃ
3207 3143 3411 3203 πάντες
3451 3138 3718 3193 συνέθεντο.

2191 3239 2428 3294 Ἐπεὶδὲ
2467 3238 2620 3309 παρὰ
2663 3237 2946 3307 Καίσαρος
2993 3230 3129 3308 ἧκον
3174 3231 3459 3286 ἐπιστολαί.
3500 3230 3600 3283 τῶν
3638 3225 3718 3295 μὲν

2180 3331 2361 3387 ἄλλων
2391 3328 2774 3399 ἐξισταμένου,
2807 3328 2907 3401 τήν
2930 3327 2975 3381 δ’
3007 3327 3160 3390 ἐντος
3202 3325 3457 3380 Ἄλπεων
3486 3320 3717 3390 ἐπαρχίαν

2179 3423 2276 3479 καὶ
2320 3422 2382 3476 τὸ
2443 3421 2737 3492 Ἰλλυρικὸν
2801 3418 3081 3487 ἀξιοῦντος
3135 3418 3290 3488 αὐτῷ
3341 3415 3552 3486 δοθῆναι
3601 3408 3715 3479 μετὰ

2178 3515 2325 3569 δυοῖν
2348 3513 2672 3585 ταγμάτων,
2695 3511 2866 3565 τᾶλλα
2901 3510 3003 3579 μὲν
3031 3509 3205 3563 ἐδίδου
3272 3508 3568 3577 Πομπήϊος,
3612 3500 3714 3561 τοὺς

2178 3608 2235 3663 δέ
2256 3624 2319 3675 γε
2350 3607 2688 3677 στρατιώτας
2712 3603 2937 3675 ἀφῄρει.
2970 3603 3033 3657 ΟΞ
3054 3600 3100 3654 δ’
3131 3599 3499 3661 ὑπατεύοντες
3522 3594 3607 3648 καί
3631 3592 3713 3659 τῆς

2181 3699 2377 3770 βουλῆς
2401 3699 2673 3768 ἐξήλασαν
2711 3696 2801 3749 τὸν
2824 3693 3116 3750 ’Λντώνιον
3153 3694 3252 3747 καὶ
3282 3693 3407 3754 τοὺς
3438 3690 3529 3743 σὺν
3572 3682 3712 3751 αὐτῷ.

2179 3791 2243 3845 Oi
2274 3790 2329 3843 δὲ
2356 3789 2442 3844 διὰ
2471 3788 2637 3858 φόϐον
2665 3789 2723 3842 ὲν
2745 3786 3017 3848 δουλικαῖς
3039 3785 3234 3855 ἐσθῆσι
3255 3778 3711 3857 μετημφιασμένοιν

2179 3884 2274 3942 ἐπὶ
2297 3883 2509 3949 ζευγῶν
2549 3881 2782 3951 μισθίων
2812 3881 2913 3950 τῆς
2958 3879 3179 3951 Ῥώμης
3229 3879 3479 3950 ἐξῄεσαν.
3519 3876 3581 3927 ⁸0
3608 3871 3709 3928 τοὺς

2181 3977 2518 4050 στρατιώτας
2542 3974 2885 4045 παρώξυνεν,
2914 3974 3116 4045 ἄνδρας
3167 3973 3483 4041 ἐλλογίμους
3509 3968 3609 4037 (64)
3636 3962 3708 4016 καὶ

2178 4073 2447 4142 ἄρχοντας
2509 4072 3007 4143 περιυϐρισμένους
3071 4071 3337 4141 ὁρῶντας.
3398 4070 3597 4135 Καῖσαρ
3644 4059 3707 4125 δὲ,

2178 4165 2412 4229 πολλοὺς
2439 4164 2740 4235 λογισμοὺς
2771 4165 3004 4235 κινήσας
3047 4163 3143 4217 καὶ
3194 4163 3466 4233 διαφόρων
3510 4152 3706 4227 γνωμῶν

2177 4256 2448 4327 γεγονὼς,
2492 4256 2649 4320 τέλος
2671 4255 2833 4311 τοῦτο
2860 4254 2924 4328 δή
2953 4256 3016 4310 τὸ
3043 4256 3221 4310 κοινὸν
3258 4251 3514 4312 ὑπειπὼν.
3552 4244 3707 4315 Ἔρῤίσ

2177 4353 2307 4419 φθω
2326 4350 2532 4415 κύϐος,
2561 4347 2814 4420 ὥρμησε.
2866 4349 2977 4402 Καὶ
3009 4347 3101 4401 τὸν
3171 4348 3414 4417 ποταμὸν
3464 4339 3706 4397 Ῥουϐίκον

2177 4442 2352 4512 διέϐη,
2388 4441 2484 4496 καὶ
2531 4441 2593 4494 τὸ
2636 4440 2922 4512 Ἀρίμινον
2981 4440 3240 4512 κατέσχε,
3298 4436 3530 4509 μεγάλην
3576 4430 3703 4483 πόλιν

2178 4536 2278 4603 τῆς
2334 4533 2626 4602 Κελτικῆς.
2657 4533 2893 4601 Λέγεται
2921 4532 2979 4587 δὲ
3029 4535 3096 4603 τῇ
3145 4531 3253 4603 πρὸ
3293 4531 3393 4600 τῆς
3446 4524 3703 4583 διαϐάσεως

2180 4623 2335 4681 νυκτὶ
2361 4625 2497 4696 ὄναρ
2532 4625 2662 4679 ἰδεῖν
2714 4624 3003 4693 ἔκθεσμον.
3073 4624 3279 4678 Ἐδόκει
3331 4624 3436 4693 γὰρ
3479 4613 3700 4681 αὐτὺςτῇ

2178 4714 2376 4773 ἑαυτοῦ
2410 4715 2582 4785 μήτρί
2608 4714 2907 4785 μίγνυσθαι
2932 4713 3032 4786 τὴν
3082 4716 3322 4786 ἇρῤητον
3364 4710 3524 4782 μίξιν.
3578 4701 3701 4758 Ἐπεὶ

2181 4809 2238 4863 δὲ
2262 4809 2322 4863 τὸ
2367 4809 2648 4881 ’Δρίμινον
2697 4808 3038 4880 κατελήφθη,
3078 4806 3154 4870 ὡς
3202 4807 3310 4861 ὑπὸ
3358 4793 3699 4873 πνευμάτωνή

2189 4901 2377 4973 Ῥώμη
2437 4900 2803 4972 πιμπλαμένη
2858 4902 3023 4957 σάλου
3079 4901 3174 4955 καὶ
3219 4900 3495 4960 κλύδωνος,
3533 4882 3698 4963 μικροῦ

2179 4992 2319 5060 αὐτὴ
2353 4991 2444 5061 ὑφ’
2491 4993 2695 5062 ἑαυτῆς
2744 4991 3135 5064 ἀνετέτραπτο.
3179 4993 3248 5048 Οἵ
3280 5009 3340 5045 τε
3384 4988 3485 5059 γὰρ
3534 4983 3696 5036 ὕπατοι

2179 5084 2277 5138 καὶ
2306 5083 2356 5137 οί
2388 5083 2607 5147 πλείους
2639 5083 2750 5137 τῶν
2782 5083 3087 5154 βουλευτῶν
3109 5085 3355 5152 ἔφευγον,
3381 5081 3470 5135 καὶ
3495 5072 3635 5130 αὐτὸν
3650 5066 3694 5118 fi

2179 5175 2468 5247 Πομπήϊον
2499 5174 2765 5247 ἔκπληξις
2794 5175 2930 5246 εἶχε,
2964 5176 3061 5230 καὶ
3108 5174 3280 5237 ἄλλως
3310 5169 3581 5240 ἀλλαχόθεν
3622 5159 3692 5214 τὸν

2178 5268 2351 5339 ἄνδρα
2377 5267 2698 5341 ἐτάραττον,
2742 5268 3056 5339 αἰτιώμενοι
3086 5268 3161 5332 ὡς
3182 5266 3302 5320 καθ’
3329 5257 3508 5318 ἑαυτοῦ
3521 5254 3601 5309 καί
3612 5247 3691 5341 τῇς

2177 5356 2455 5421 πολιτείας
2489 5356 2801 5424 αὐξήσαντα
2834 5356 3094 5428 Καίσαρα
3114 5371 3127 5385 ·
3158 5355 3251 5410 καὶ
3277 5352 3444 5413 οὐδεὶς
3467 5346 3544 5402 εἴα
3557 5336 3687 5395 αὐτὸν

2178 5451 2291 5511 τοῖς
2326 5449 2548 5511 οἰκείοις
2573 5449 2882 5520 χρήσασθαι
2917 5450 3217 5520 λογισμοῖς.
3239 5449 3328 5501 Διὸ
3344 5443 3432 5497 καὶ
3457 5441 3544 5511 τήν
3560 5431 3685 5487 πόλιν

2174 5541 2445 5609 ἐξέλιπεν,
2488 5542 2715 5598 ἕπεσθαι
2751 5541 2854 5614 τὴν
2874 5543 3171 5615 γερουσίαν
3199 5539 3468 5600 κελεύσας.
3493 5528 3679 5585 Εῐποντο

1671 5694 1870 5757 Variae
1900 5694 2209 5760 lectiones
2252 5706 2313 5760 et
2354 5709 2544 5765 notae.

568 5829 680 5902 (6i)
716 5832 1132 5903 Ἑλλογίμους.
1162 5836 1243 5891 Ita
1268 5852 1400 5893 mss.
1427 5839 1660 5896 Wolﬁus
1696 5841 1949 5899 ediderat
1979 5843 2160 5913 ὲλλογι

2168 5847 2361 5913 σμούς,
2391 5844 2683 5903 manifesto
2711 5860 2925 5903 errore.

3856 4930 3861 5069 ι

3846 5313 3852 5475 ί

3840 5478 3847 5639 ί

3836 5726 3841 5885 ί
