2009 3125
200 141 252 174 823

852 142 1012 173 JOANNIS
1032 140 1192 172 ZONAR/E

1771 141 1825 173 824

199 197 326 229 tentavit,
356 204 388 225 ac
412 197 605 233 percussisset,
627 197 680 226 nisi
702 198 821 234 armiger
835 199 896 233 ejus
930 198 982 225 hue

1039 197 1117 228 αὐτὸς
1131 197 1160 223 δὲ
1183 196 1260 232 παρὰ
1277 205 1375 232 μικρον
1398 194 1480 230 ἦλθεν
1499 197 1656 224 ἀποθανεῖν.
1692 196 1825 231 Φεύγοντι

197 251 305 271 merum
329 243 404 271 illius
423 247 601 279 amputasset.
625 244 693 272 Cum
719 249 811 272 autem
835 244 984 279 Pompeius

198 297 296 325 magno
312 290 425 318 facinori
443 290 597 325 colophone
612 298 667 317 non
682 290 799 325 adiecto,
814 290 984 325 fugientibus

197 337 226 363 in
243 336 343 364 vallum
363 337 513 372 compulsis
526 337 698 370 recessisset,
712 336 803 365 Caesar
830 337 900 365 dixit
916 345 924 365 :
944 336 984 363 Eo

197 382 240 409 die
252 383 387 409 victoriam
401 391 477 417 penes
491 384 576 411 hostes
585 383 675 418 fuisse,
687 384 710 411 si
728 384 813 411 virum
821 383 983 416 habuissent,

197 428 244 462 ιμιί
254 429 333 455 sciret
353 428 435 464 485
450 430 562 457 vincere.
576 430 643 457 lude
662 430 813 465 digressus,
831 430 984 458 exercitum

198 475 225 501 in
252 474 439 503 Macedoniam
461 480 558 503 contra
583 475 742 511 Scipionem
769 477 920 511 promovit.
946 477 984 504 Ea

198 528 242 547 res
263 519 387 556 Pompeii
400 522 554 549 exercitum
570 526 597 550 et
612 522 714 549 ducum
731 523 839 550 animos
853 531 923 551 vana
936 530 985 557 spe

198 565 315 597 inﬂavit.
338 571 369 593 ut
388 566 523 595 Caesarem
552 567 629 595 velut
650 568 754 595 victum
777 572 805 595 et
833 567 985 603 fugientem

198 613 326 647 persequi
353 618 498 648 cuperent.
519 614 540 641 A
555 622 610 649 quo
624 615 742 642 Consilio
763 614 912 649 Pompeius
936 614 986 642 ab-

197 656 324 689 horrens,
346 657 447 686 bellum
476 659 589 692 ducere,
616 664 643 687 et
661 668 737 687 mora
760 660 818 695 ipsa
836 660 909 688 vires
937 659 987 687 hoc

196 702 279 729 stium
302 707 447 731 attenuare
470 703 626 732 consultius
648 713 709 732 esse
736 705 839 732 duxit:
868 713 985 740 eamque

197 749 361 776 sententiam
382 750 432 776 soli
453 750 549 777 Catoni
576 751 721 786 probavit,
744 752 852 779 civibus
870 759 985 786 parcere

197 794 332 830 cupienti,
348 796 393 830 qui
407 804 470 823 eum
486 797 606 824 hostium
621 798 733 825 circiter
745 798 820 825 mille
838 806 924 826 caesos
943 799 986 825 \‘i-

197 840 294 877 disset,
317 841 447 869 obvoluta
470 842 558 874 faeie.
585 843 646 871 illos
677 843 843 878 deploravit.
871 843 986 871 Caeteris

197 893 264 914 vero
286 887 416 915 omnibus
436 897 534 923 pugnae
557 889 784 917 detrectationem
804 890 987 925 vituperanti-

197 932 260 965 bus,
270 933 418 968 Pompeius
434 934 476 961 vel
493 934 595 962 invitus
612 935 746 963 Cassarem
759 940 800 963 est
812 940 986 970 persecutus.

199 977 234 1005 Ut
257 986 324 1005 vero
347 979 427 1006 ambo
451 979 478 1006 in
498 980 639 1007 Pharsalia
664 985 753 1007 castra
773 985 942 1015 posuerunt,
958 980 986 1007 in

199 1024 315 1060 pristina
332 1025 466 1052 sententia
482 1027 651 1060 permansit,
668 1027 703 1053 ob
724 1026 817 1053 omina
832 1034 926 1061 parum
940 1034 988 1053 au-

197 1071 314 1106 spicata,
333 1076 360 1098 et
382 1073 471 1099 visum
493 1077 673 1102 nocturnum.
693 1081 749 1107 quo
766 1073 793 1099 in
813 1072 921 1099 theatro
936 1079 986 1098 suo

196 1116 326 1150 plausum
346 1116 406 1144 dari
433 1116 486 1144 sibi
508 1117 633 1152 putabat.
663 1118 730 1152 Ejus
749 1124 814 1144 vero
837 1116 987 1143 familiares

198 1162 318 1189 audaces
346 1167 444 1195 erant,
474 1170 522 1197 spe
555 1163 678 1191 victoria:
712 1167 858 1198 pnecepla.
894 1162 986 1190 Ca‘sar

200 1216 263 1236 cum
286 1215 352 1235 suos
376 1209 480 1236 milites
506 1214 645 1243 rogasset,
668 1213 761 1236 utrum
788 1209 839 1236 soli
862 1216 987 1243 pugnare

199 1254 323 1286 mallent.
341 1262 375 1281 an
390 1255 512 1289 reliquos
525 1259 697 1289 exspectare,
718 1254 765 1290 qui
784 1254 811 1281 in
830 1254 988 1289 propinquo

197 1304 290 1327 essent
300 1308 306 1326 ι
317 1299 352 1327 ab
362 1299 395 1327 iis
408 1304 502 1327 oratus
512 1304 565 1331 est,
579 1307 613 1327 ne
630 1305 811 1335 exspectaret.
823 1300 926 1327 llostiis
937 1307 987 1327 czec

199 1345 238 1373 sis
255 1353 370 1380 aruspex
392 1345 471 1378 dixit,
490 1345 561 1372 intra
581 1345 701 1372 triduum
718 1350 904 1380 pugnaturum
925 1353 988 1372 eum

198 1391 334 1420 hostibus.
345 1392 380 1420 Et
403 1391 514 1424 Caesari,
528 1392 637 1426 qualem
657 1399 755 1427 pugna:
772 1391 876 1419 exitum
890 1391 989 1426 βιαιγί-

198 1440 288 1471 deret,
308 1438 480 1474 percontanti
502 1437 668 1473 respondit:
695 1438 820 1473 Magnam
843 1437 902 1465 fore
927 1445 988 1464 mu-

198 1487 331 1514 tationem
348 1487 375 1513 in
389 1485 560 1514 contrarium
574 1493 581 1511 :
596 1485 670 1520 quod
683 1486 705 1513 si
718 1485 745 1512 in
760 1485 905 1521 prasentia
918 1484 989 1512 bene

197 1540 259 1560 cum
283 1540 316 1560 eo
335 1537 474 1568 ageretur,
505 1532 672 1559 deteriorem
695 1525 834 1559 fortunam
856 1539 917 1559 esse
935 1539 986 1559 ex-

197 1578 395 1614 spectandam;
411 1578 453 1605 siu
470 1578 551 1609 male.
569 1577 724 1604 meliorem.

1035 243 1091 279 γὰρ
1105 242 1185 278 ἀνδρὶ
1201 243 1312 278 μεγάλῳ
1331 244 1379 269 καὶ
1399 243 1535 279 ῥωμαλέῳ
1556 243 1606 278 τὴν
1631 244 1712 278 χεῖρα
1728 244 1825 270 ἐπιϐα-

1036 289 1101 322 λὼν,
1135 289 1226 324 μένειν
1258 289 1368 315 ἐκέλευε
1400 289 1449 315 καὶ
1475 289 1641 323 στρέφεσθαι
1663 289 1735 322 πρὸς
1759 289 1823 321 τοὺς

1036 335 1197 370 πολεμίους.
1228 335 1258 362 'O
1283 335 1312 362 δὲ
1339 335 1438 370 μεστὸς
1461 335 1499 362 ὣν
1524 337 1648 370 ταραχῆς
1669 336 1757 370 ἐπῆρε
1774 336 1825 369 τὴν

1037 382 1117 417 χεῖρα
1132 382 1169 413 ὡς
1183 381 1295 416 πλήξων
1322 381 1416 408 αὐτόν’
1444 381 1491 408 καὶ
1516 380 1632 415 ἔπληξεν
1652 381 1696 412 ἇν,
1711 381 1735 407 εἰ
1752 381 1790 416 μὴ
1810 382 1825 407 ὁ

1036 427 1085 454 τοῦ
1100 427 1241 461 Καίσαρος
1256 427 1435 461 ὑπασπιστὴς
1448 427 1493 453 τὸν
1508 424 1583 461 ὦμον
1597 427 1703 453 ἐκείνου
1717 427 1824 460 φθάσας

1037 471 1188 507 ἀπέκοψεν.
1204 471 1283 498 Οὕτω
1301 471 1323 498 δ’
1345 471 1459 503 ἀπέγνω
1481 471 1541 497 τότε
1569 472 1682 507 Καῖσαρ
1702 471 1737 498 τὰ
1763 471 1825 497 καθ’

1038 517 1146 550 ἑαυτὸν,
1174 517 1247 544 ὥστε
1266 516 1314 544 τοῦ
1350 518 1498 553 Πομπηΐου
1534 517 1608 553 ἔργῳ
1643 518 1756 553 μεγάλῳ
1786 517 1826 552 μὴ

1036 563 1181 595 ἐπιθέντος
1196 564 1285 597 τέλος,
1305 563 1374 590 ἀλλὰ
1388 563 1584 598 καθείρξαντος
1598 564 1661 595 τοὺς
1674 563 1826 598 φεύγοντας

1038 612 1079 642 είς
1100 610 1147 637 τὸν
1160 611 1271 646 χάρακα
1286 611 1335 638 καὶ
1350 611 1593 646 ἀναχωρήσαντος,
1619 609 1697 637 εἶπεν
1719 612 1732 637 ό
1754 612 1825 638 Καϊ-

1039 665 1101 692 σαρ·
1114 656 1250 691 Σήμερον
1266 658 1283 690 ἡ
1300 658 1369 690 νίκη
1387 657 1468 690 παρὰ
1494 657 1558 690 τοῖς
1580 657 1737 691 πολεμίοις
1760 657 1825 690 ἐγέ-

1037 712 1105 730 νετο
1123 703 1172 734 ἂν,
1187 705 1213 730 ει
1228 703 1282 730 τὸν
1299 703 1431 730 νικῶντα
1450 701 1546 736 εἶχον.
1565 702 1687 729 Ἐκεῖθεν
1698 703 1725 729 δὲ
1741 711 1825 736 μετα·

1039 749 1116 781 στὰς,
1128 749 1173 776 τον
1188 750 1304 785 στρατόν
1320 749 1361 780 εἰς
1376 750 1549 776 Μακεδονίαν
1565 750 1686 784 προῆγεν
1700 749 1746 775 ἐπὶ
1759 749 1825 774 Σκι-

1038 795 1137 822 πίωνα.
1155 795 1241 821 Τοῦτο
1261 794 1309 830 τὴν
1337 795 1481 830 Πομπηΐου
1507 795 1638 830 στρατιὰν
1661 796 1746 829 ἐπῆρε
1779 795 1827 821 καὶ

1038 841 1102 872 τοὺς
1117 841 1183 877 περὶ
1198 841 1281 868 αὐτὴν
1295 841 1443 876 ἡγεμόνας,
1461 841 1498 872 ὡς
1513 841 1669 876 ἡττημένου
1681 842 1728 867 καὶ
1759 840 1828 874 φεύ-

1039 896 1134 922 γοντος
1154 887 1297 922 Καίσαρος
1327 888 1476 919 διώκοντας
1503 887 1631 914 ἕπεσθαι.
1661 887 1790 918 Εὐλαϐῶς
1804 887 1827 912 δ’

1039 932 1096 969 εἷχε
1112 934 1180 968 πρὸς
1209 934 1289 960 τοῦτο
1312 934 1469 969 Πομπήϊος,
1486 934 1533 961 καὶ
1557 934 1634 969 ἠξίου
1660 934 1764 968 τρίϐειν
1780 934 1827 960 καὶ

1041 979 1185 1014 μαραίνειν
1197 978 1247 1014 τὴν
1264 980 1318 1005 τῶν
1333 979 1470 1012 πολεμίων
1483 980 1586 1014 ἀκμήν.
1605 979 1659 1014 Τὴν
1670 979 1697 1004 δὲ
1712 978 1828 1012 γνώμην

1041 1024 1119 1058 μόνος
1133 1023 1226 1059 ἐπῄνει
1239 1024 1336 1050 Κάτων
1362 1024 1449 1058 φειδοί
1463 1023 1516 1050 τῶν
1533 1024 1659 1050 πολιτῶν.
1674 1024 1722 1053 '0;
1736 1031 1766 1055 γε
1780 1022 1828 1048 καὶ

1038 1069 1102 1101 τοὺς
1121 1070 1255 1101 πεσόντας
1281 1070 1335 1096 τῶν
1353 1069 1497 1105 πολεμίων
1511 1069 1549 1101 ὡς
1567 1070 1607 1101 εἰς
1626 1069 1728 1104 χιλίους
1745 1069 1828 1099 ὂντας

1040 1115 1111 1146 ἰδὼν,
1133 1116 1257 1152 ἀπῆλθεν
1286 1116 1515 1151 ἐγκαλυψάμενος
1539 1117 1586 1143 καὶ
1603 1115 1825 1150 καταδακρύσας.

1038 1162 1069 1188 Ol
1084 1161 1106 1188 δ’
1120 1162 1194 1189 ἄλλοι
1210 1162 1309 1193 πάντες
1324 1162 1453 1194 ἐκάκιζον
1470 1161 1684 1197 φυγομαχοῦντα
1698 1161 1827 1195 Πομπήϊ-

1038 1217 1078 1234 ον·
1098 1208 1225 1235 ἐντεῦθεν
1243 1209 1289 1234 καὶ
1308 1208 1383 1235 ἄκων
1410 1208 1451 1240 εἰς
1479 1209 1569 1243 μάχην
1596 1207 1706 1243 ἐχώρει,
1720 1207 1827 1233 διώκων

1038 1254 1084 1280 τὸν
1099 1255 1237 1289 Καίσαρα.
1262 1255 1305 1286 Ὠς
1328 1255 1369 1288 δὲ,
1384 1255 1424 1287 εἰς
1440 1257 1490 1290 τὴν
1508 1254 1663 1290 Φαρσαλίαν
1693 1253 1828 1287 ὲμῧαλόν-

1039 1308 1096 1331 τες,
1108 1300 1260 1335 ἀμφότεροι
1283 1300 1578 1335 ἐστρατοπεδεύσαντο,
1590 1302 1604 1327 ὁ
1619 1301 1667 1334 μὲν
1684 1300 1826 1334 Πομπήϊος

1040 1345 1119 1377 αὖθις
1134 1346 1185 1381 τῆς
1213 1346 1311 1382 πρώην
1339 1347 1428 1382 εἴχετο
1446 1346 1571 1382 γνώμης,
1602 1336 1755 1381 φασμάτων
1779 1345 1828 1371 οὐκ

1039 1394 1135 1421 αἰσίων
1154 1394 1229 1429 αὺτῷ
1244 1395 1407 1429 γενομένων,
1425 1396 1471 1422 καὶ
1485 1396 1545 1422 καθ’
1559 1395 1642 1422 ὕπνον
1659 1394 1746 1429 ὄψεώς
1757 1403 1826 1424 τινος

1042 1440 1142 1476 (ἐδόκει
1166 1441 1221 1475 γὰρ
1245 1441 1342 1467 ἑαυτὸν
1365 1439 1431 1477 ὸρᾷν
1446 1443 1475 1468 ὲν
1503 1441 1540 1476 τῷ
1556 1441 1664 1476 θεάτρῳ
1688 1441 1741 1467 ὑπὸ
1761 1441 1828 1466 Tw.

1041 1486 1129 1521 μαίων
1155 1486 1369 1521 κροτούμενονγ
1400 1488 1425 1513 οἱ
1448 1487 1475 1513 δὲ
1505 1488 1568 1522 περὶ
1598 1487 1679 1513 αὐτὸν
1718 1487 1828 1520 θρασεῖς

1040 1530 1123 1567 ἦσαν,
1148 1533 1196 1559 καὶ
1210 1532 1260 1568 τὴν
1278 1533 1358 1567 νίκην
1382 1534 1443 1564 ταῖς
1459 1533 1551 1559 ὲλπίσι
1566 1533 1775 1568 προειληφότες.
1800 1532 1828 1557 Ὃ

1043 1578 1071 1606 δὲ
1086 1579 1194 1615 Καῖσαρ
1213 1579 1308 1615 ἠρώτα
1323 1581 1386 1612 τοὺς
1403 1580 1519 1612 οἰκείους
1534 1580 1714 1615 στρατιώτας,
1732 1582 1755 1606 εί
1768 1579 1827 1607 καο¹

198 1626 310 1657 ἑαυτοὺς
331 1625 471 1659 αἱροῦνται
499 1623 671 1660 μαχέσασθαι
696 1623 712 1658 ἦ
733 1622 892 1658 περιμένειν
906 1623 953 1650 καὶ
973 1624 1084 1659 ἑτέρους
1109 1625 1158 1660 ἤδη
1180 1626 1264 1659 ἐγγὺς
1283 1626 1372 1658 ὄντας·
1403 1628 1428 1653 οί
1442 1627 1469 1654 δὲ
1486 1627 1523 1662 μὴ
1538 1628 1698 1662 περιμένειν
1713 1626 1827 1653 ἐδέοντο.

199 1674 318 1700 Θύσαντι
342 1674 371 1701 δὲ
401 1674 440 1708 τῷ
461 1674 580 1708 Καίσαρι
594 1673 608 1699 ὁ
626 1673 723 1708 μάντις
753 1673 884 1708 ἐσήμαινε
912 1673 996 1708 τριῶν
1016 1674 1127 1709 ἡμερῶν
1141 1674 1211 1710 πρὸς
1229 1675 1292 1707 τοὺς
1310 1676 1456 1711 πολεμίους
1470 1676 1658 1711 κριοήσεσοαι.
1683 1675 1828 1710 Ἐρομένου

199 1722 228 1748 δὲ
245 1722 383 1755 Καίσαρος
403 1720 468 1755 περὶ
484 1719 530 1746 τοῦ
555 1719 649 1751 τέλους
670 1719 696 1745 τί
720 1720 838 1755 προορᾷ,
861 1719 1002 1754 Μεγάλην,
1021 1719 1109 1752 εἶπεν,
1126 1721 1173 1747 ἐπὶ
1195 1722 1229 1748 τὰ
1244 1722 1353 1749 ἐναντία
1368 1723 1515 1758 δηλοῦσθαι
1531 1723 1682 1760 μεταϐολὴν
1716 1724 1763 1749 καὶ
1780 1731 1828 1756 με·

198 1766 347 1794 τάπτωσιν,
361 1766 391 1792 Εἰ
411 1767 460 1801 μὲν
472 1763 519 1792 οὖν
533 1764 563 1792 εὖ
578 1765 709 1801 πράττεις
727 1765 756 1791 ὲν
771 1765 810 1799 τῷ
821 1766 945 1800 παρόντι,
965 1765 1013 1800 τὴν
1022 1765 1130 1801 χείρονα
1150 1768 1286 1802 προσδόκα
1300 1769 1396 1804 τύχην,
1420 1770 1444 1796 εἰ
1458 1770 1486 1796 δὲ
1504 1770 1608 1803 κακῶς,
1620 1769 1669 1804 τὴν
1686 1769 1826 1804 ἀμείνονα.

234 1815 281 1843 1x.
307 1814 399 1843 Pridie
411 1822 493 1850 quam
507 1818 658 1849 pugnatum
675 1818 727 1845 est.
751 1821 766 1840 a
781 1812 890 1840 Caesare
905 1821 986 1841 exeu—

1077 1815 1115 1842 G’.
1131 1815 1169 1852 Τῇ
1187 1816 1215 1843 δὲ
1232 1817 1285 1851 πρὸ
1302 1818 1352 1852 τῆς
1365 1818 1454 1853 μάχης
1471 1818 1551 1844 νυκτὶ
1565 1818 1614 1849 τὰς
1631 1818 1755 1851 φυλακὰς
1777 1825 1827 1842 πε-

198 1861 259 1888 bias
283 1860 335 1887 sub
353 1860 472 1887 mediam
492 1864 602 1886 noctem
625 1858 759 1890 obeunte,
774 1864 921 1893 conspecta
944 1862 987 1886 est

198 1908 244 1935 fax
259 1907 378 1936 caelestis
398 1905 479 1941 ignis,
493 1913 574 1940 quam
591 1912 675 1939 supra
688 1912 736 1932 sua
753 1909 844 1931 castra
855 1904 985 1938 delatam,

198 1953 421 1989 resplendentem
444 1956 473 1979 et
495 1951 684 1978 ﬂammantem
701 1951 728 1977 in
749 1955 839 1977 castra
863 1950 986 1985 Pompeii

198 1999 298 2027 cadere
320 1999 438 2034 putavit.
459 1998 587 2025 Diluculo
602 2005 663 2025 eum
685 1997 874 2031 speculatores
892 2005 988 2023 narra-

196 2048 273 2078 rent,
297 2044 392 2072 hostes
414 2044 448 2071 ad
472 2051 591 2079 pugnant
614 2042 783 2070 descendere
801 2050 808 2069 :
823 2042 919 2069 laetitia
938 2050 988 2069 ex-

197 2092 305 2120 sultans
326 2090 452 2125 preliqu
478 2089 551 2121 iniit,
576 2093 605 2115 et
625 2088 748 2123 Pompeii
769 2088 922 2115 exercitum
943 2095 988 2122 pe-

197 2139 279 2174 pulit.
296 2137 422 2171 Quicum
444 2144 509 2164 suos
526 2136 634 2170 equites
653 2135 717 2170 fuga
738 2134 886 2169 dissipatos
901 2134 988 2161 vidis-

197 2192 250 2221 set,
275 2195 331 2215 non
352 2186 473 2221 amplius
489 2185 563 2212 idem
581 2184 645 2217 fuit,
666 2191 756 2218 neque
776 2191 806 2210 se
825 2183 986 2217 Pompeium

197 2235 325 2270 Magnum
338 2241 399 2260 esse
417 2231 562 2259 meminit:
579 2231 626 2259 sed
639 2231 759 2258 attonito
769 2230 879 2261 similis,
893 2234 987 2257 mutus

198 2280 408 2309 tabernaculum
423 2279 572 2313 ingressus,
582 2283 710 2305 eventum
728 2276 829 2305 sedens
847 2281 989 2310 exspecta-

197 2327 247 2354 vit.
271 2324 404 2352 llostibus
422 2332 488 2351 vero
515 2324 616 2351 vallum
643 2322 860 2354 iuvadentibus,
888 2322 986 2349 habitu

198 2372 315 2408 fugienti
336 2375 400 2405 apto
414 2375 535 2404 sumpto,
564 2377 594 2397 se
610 2369 753 2397 subduxit.
779 2368 869 2396 Caesar
903 2368 987 2394 etiam

197 2418 297 2447 castris
312 2416 429 2453 potitus,
447 2421 543 2450 captos
556 2417 583 2443 in
600 2423 663 2443 suas
677 2415 802 2451 legiones
816 2415 944 2447 inseruit,
959 2418 988 2442 et

198 2467 294 2496 multis
311 2467 393 2495 claris
410 2467 478 2493 viris
494 2466 658 2500 impunitate
672 2473 816 2499 concessa,
836 2473 851 2493 e
864 2473 984 2500 quorum

199 2521 316 2541 numero
330 2513 431 2540 Brutus
444 2519 554 2547 quoque
571 2511 633 2544 fuit,
652 2512 700 2546 qui
717 2519 780 2538 eum
794 2517 855 2546 post
872 2511 986 2544 occidit,

197 2561 360 2596 Pompeium
373 2565 415 2588 est
426 2560 510 2596 486
523 2565 694 2595 persecutus.
713 2560 737 2586 ls
755 2567 821 2586 vero
840 2559 903 2586 navi
921 2567 988 2586 oue-

198 2608 271 2634 raria
291 2614 442 2634 conscensa
464 2605 668 2640 Amphipolim,
690 2609 772 2639 atque
796 2605 860 2632 inde
882 2605 988 2640 Mityle-

200 2659 262 2678 ncm
283 2656 325 2679 est
340 2651 493 2686 profectus.
511 2655 542 2677 ut
559 2650 644 2677 filium
657 2655 686 2677 et
700 2657 813 2677 uxorem
829 2649 985 2677 Corneliam

199 2695 338 2730 Scipionis
356 2696 456 2723 Metelli
482 2696 580 2727 tiliam.
611 2696 674 2723 inde
701 2703 796 2723 secum
822 2695 985 2723 abduceret.

197 2741 265 2773 Quae
279 2748 342 2768 cum
355 2741 431 2776 virgo
443 2742 541 2769 Publio
556 2742 647 2769 Crassi
663 2742 719 2769 ﬁlio
731 2746 817 2776 nupta
833 2741 941 2772 fuisset,
952 2749 987 2768 eo

199 2796 215 2815 a
244 2788 352 2815 Parthis
375 2788 530 2821 interfecto,
561 2789 694 2823 Pompeio
718 2789 853 2823 desponsa
886 2788 986 2821 fuerat,

198 2834 288 2867 puclla
303 2838 330 2861 et
349 2834 467 2868 eleganti
482 2834 581 2867 forma,
602 2840 629 2861 et
656 2835 682 2861 in
704 2834 806 2861 litteris
819 2834 904 2869 probe
922 2843 987 2861 cru-

198 2879 265 2913 dita,
280 2887 330 2908 nec
340 2879 446 2912 fidium,
463 2888 512 2908 nec
524 2881 680 2916 geometria:
699 2880 803 2916 ignara,
819 2885 847 2908 et
862 2881 985 2915 ριιίίοδο-

1041 1861 1157 1897 ριιόντος
1171 1864 1237 1898 περὶ
1252 1864 1282 1890 τὸ
1301 1865 1479 1899 μεσονύκτιον
1500 1865 1639 1900 Καίσαρος
1658 1864 1737 1899 ῶφοη
1756 1864 1828 1899 λαμ-

1039 1908 1093 1940 πὰς
1117 1909 1246 1944 οὐρανίου
1271 1909 1367 1945 πυρὸς,
1395 1911 1429 1946 ἣν
1449 1911 1478 1937 τὸ
1499 1911 1582 1937 αὑτοῦ
1600 1911 1827 1946 ὑπερενεχθεῖσαν

1039 1954 1219 1989 στρατόπεδον
1232 1955 1315 1988 ἔῑοξε,
1326 1956 1461 1992 ,λαμπρὰν
1476 1957 1521 1983 καὶ
1533 1956 1655 1991 φλογώδη
1668 1957 1827 1992 γενομένην,

1038 2001 1078 2031 είς
1093 2001 1124 2027 τὸ
1140 2002 1284 2036 Πομπηΐου
1303 2004 1410 2030 πεσεῖν,
1424 2003 1494 2038 Ἤδη
1510 2002 1538 2028 δὲ
1553 2003 1746 2037 ὀιαλαμψάσης
1760 2004 1827 2038 ἠμέ-

1041 2055 1101 2082 ρας,
1125 2047 1150 2073 οἱ
1175 2048 1274 2074 σκοποὶ
1293 2048 1469 2075 καταϐαίνειν
1484 2048 1655 2082 ἀπήγγελλον
1686 2049 1732 2075 ἐπὶ
1755 2050 1827 2084 μάχῃ

1038 2093 1101 2124 τοὺς
1120 2092 1278 2128 πολεμίους.
1303 2093 1459 2129 Περιχαρὴς
1475 2094 1503 2121 δὲ
1523 2094 1669 2129 γενόμενος
1699 2096 1828 2129 ὥρμησεν

1038 2139 1079 2170 εἰς
1096 2140 1197 2175 μάχην,
1218 2139 1266 2166 καὶ
1290 2139 1435 2174 συμϐαλὼν
1452 2142 1507 2172 τοῖς
1528 2141 1574 2167 τοῦ
1598 2141 1743 2175 Πομπηΐου
1767 2141 1827 2176 τρέ-

1039 2194 1120 2212 ararat
1144 2185 1259 2217 τούτοις.
1291 2186 1434 2221 Πομπήϊος
1454 2186 1482 2213 δὲ
1508 2186 1625 2213 κατιδὼν
1647 2188 1712 2219 τοὺς
1737 2187 1827 2219 ἱππεῖς

1039 2233 1111 2267 φυγῇ
1125 2232 1334 2265 σκεδασθέντας,
1348 2233 1440 2259 οὐκέτι
1452 2231 1484 2268 ἦν
1494 2233 1507 2259 ὁ
1519 2233 1611 2265 αὐτὸς,
1622 2233 1676 2259 οὐδ’
1690 2233 1827 2269 ἐμέμνητο

1039 2278 1181 2313 Πομπήϊος
1196 2278 1234 2305 ὢν
1251 2279 1373 2312 Μάγνος,
1389 2278 1446 2305 ἀλλ’
1464 2279 1502 2309 ὡς
1520 2279 1572 2305 ὑπδ
1586 2278 1654 2305 Θεοῦ
1674 2279 1827 2314 βλαπτόμε-

1038 2333 1083 2356 νος
1099 2324 1196 2360 ῷχετο,
1210 2325 1349 2359 ἄφθογγος
1366 2324 1454 2352 ἀπιὼν
1471 2325 1518 2352 ἐπὶ
1538 2326 1652 2360 σκηνὴν,
1677 2327 1724 2352 καὶ
1740 2326 1827 2361 καθή-

1040 2380 1119 2407 μενος
1141 2372 1305 2406 ἐκαραδόκει
1330 2372 1360 2399 τὸ
1389 2372 1498 2407 μέλλον.
1532 2372 1575 2404 Ὠς
1596 2372 1623 2399 δὲ
1639 2372 1688 2399 τοῦ
1708 2373 1828 2408 χάρακος

1038 2418 1183 2445 ἐπ’ἐϐαινον
1202 2418 1227 2444 οι
1246 2418 1384 2453 πολέμιοι,
1401 2418 1531 2452 φεύγοντι
1548 2418 1709 2453 πρέπουσαν
1732 2418 1827 2453 στολὴν

1039 2465 1126 2496 ὲνῖὺς,
1148 2464 1309 2499 ὑπεξῆλθεν.
1335 2464 1363 2490 '0
1382 2465 1411 2491 δὲ
1438 2465 1549 2499 Καῖσαρ
1568 2465 1614 2491 καὶ
1634 2464 1682 2491 τοῦ
1708 2465 1827 2499 χάρακος

1041 2512 1095 2538 τῶν
1121 2511 1261 2546 πολεμίων
1287 2512 1435 2546 ἐκράτησε,
1458 2511 1584 2542 καὶτοὺς
1613 2511 1729 2543 ἁλόντας
1743 2511 1827 2543 ζωοὺς

1042 2558 1098 2589 τοῖς
1119 2556 1218 2583 ἑαυτοῦ
1236 2557 1365 2591 κατέμιξε
1386 2558 1518 2591 τάγμασι.
1537 2556 1647 2587 Πολλοῖς
1666 2557 1695 2583 δὲ
1711 2557 1758 2583 καὶ
1775 2556 1827 2582 τῶν

1042 2603 1182 2638 ἐπιφανῶν
1209 2603 1301 2631 ἄδειαν
1331 2603 1439 2634 ἔδωκεν,
1467 2601 1504 2629 ὧν
1531 2603 1577 2629 καὶ
1594 2605 1606 2628 ὁ
1625 2603 1742 2637 Βροῦτος
1758 2600 1792 2637 ἦν
1814 2603 1827 2628 ό

1041 2650 1148 2681 κτείνας
1162 2650 1246 2676 αὐτὸν
1260 2649 1384 2683 ὕστερον;
1412 2649 1523 2675 Ἑδίωκε
1548 2649 1576 2675 δὲ
1592 2648 1638 2675 τὸν
1667 2649 1823 2683 Πομπήῑον.

1047 2695 1077 2723 ’0
1091 2696 1132 2730 δὲ,
1146 2695 1239 2722 πλοίου
1258 2696 1356 2726 ἐπιϐὰς
1384 2694 1522 2730 φορτηγοῦ
1553 2695 1600 2721 καὶ
1631 2693 1825 2728 παραπλεύσας

1042 2741 1085 2768 ἐπ’
1110 2742 1314 2777 ’Δμφιπὸλεως,
1334 2742 1373 2772 εἰς
1384 2740 1543 2776 Μιτυλήνην
1573 2739 1710 2774 κατήχθη,
1732 2739 1823 2773 βουλόο

1042 2797 1121 2822 μενος
1134 2788 1183 2823 τὴν
1197 2789 1314 2822 γυναῖκα
1332 2788 1488 2823 Κορνηλίαν
1502 2787 1658 2819 ἀναλαϐεῖν,
1676 2787 1724 2813 καὶ
1735 2786 1763 2812 δὲ
1782 2784 1824 2811 τὸν

1039 2835 1106 2862 υἱόν.
1129 2835 1166 2861 Ἦ
1181 2833 1215 2870 ἦν
1238 2834 1362 2869 Θυγάτηρ
1385 2833 1522 2860 Μετέλλου
1545 2832 1708 2864 Σκιπίωνος,
1736 2839 1822 2857 συνοι-

1038 2883 1147 2917 τιίσασα
1175 2881 1224 2916 μὲν
1245 2882 1276 2908 ἐκ
1305 2879 1454 2916 παρῠενίας
1487 2878 1615 2914 Πουπλίῳ
1633 2877 1673 2913 τῷ
1697 2878 1821 2913 Κράσσον
