4018 6250
508 319 664 384 ’827

1845 311 2090 374 JOANN
2101 313 2170 374 [S
2203 313 2530 376 ZONAR/E

3681 318 3766 390 828

557 405 1126 502 cymbam-ingressus
1151 431 1258 481 est.
1292 421 1359 482 Et
1388 434 1514 480 cum
1538 434 1568 474 a
1597 425 1745 475 terra
1774 419 1938 490 longe
1966 419 2150 476 adhuc

2264 425 2436 479 Γαῦτα
2472 424 2849 496 φθεγξάμενος
2874 422 3060 496 ἐνέϐη.
3087 423 3196 478 Καὶ
3224 422 3418 494 συχνοῦ
3445 423 3770 495 διαστήματος

561 523 802 585 abesset,
859 518 1168 574 orationem
1217 528 1384 586 quam
1433 515 1488 568 in
1532 527 1700 582 parvo
1738 512 1924 567 libello
1951 512 2142 568 Graece

561 614 884 682 scripserat,
921 618 984 664 ut
1028 623 1148 664 eam
1180 606 1326 677 apud
1366 621 1548 675 regem
1599 604 1849 667 haberet,
1884 604 2042 674 legit.
2073 603 2145 659 Ut

563 705 634 760 ad
666 714 865 758 terram
899 701 1250 771 appulerant,
1272 697 1526 754 Cornelia
1558 706 1616 751 et
1644 695 1807 750 amici
1837 711 1868 749 e
1900 696 2142 759 triremi,

563 795 698 865 quid
722 794 972 848 futurum
998 799 1164 855 esset,
1188 789 1410 847 solliciti
1441 787 1892 858 speculabantur.
1926 787 2144 842 Interea

563 887 908 955 Pompeium,
939 885 1034 954 qui
1065 882 1302 952 Philippi
1351 881 1512 936 amici
1573 894 1795 934 manum
1835 877 2146 948 prehende-

563 987 671 1040 rat,
710 985 772 1031 ut
806 983 1078 1047 surgeret,
1115 973 1414 1044 Septimius
1435 972 1647 1042 primus
1667 986 1696 1024 a
1723 981 1873 1040 tergo
1905 969 2145 1041 trajicit:

565 1071 768 1125 deinde
824 1069 1092 1133 Achillas,
1151 1076 1209 1123 et
1261 1066 1468 1122 caeteri.
1497 1065 1568 1120 At
1599 1065 1688 1120 ille
1724 1075 1845 1134 toga
1876 1063 2013 1117 facie
2044 1060 2147 1115 ob-

565 1166 753 1226 ducta,
796 1171 1006 1218 tantum
1041 1160 1349 1230 ingemuit:
1383 1173 1565 1228 neque
1593 1157 1894 1227 quidquam
1922 1170 1981 1210 se
2005 1153 2151 1209 indi-

565 1271 736 1328 gnum
787 1256 1031 1317 loeutus,
1069 1270 1136 1310 ex
1181 1251 1504 1308 vulneribus
1552 1259 1798 1304 mortuus
1841 1257 1948 1310 est,
2003 1261 2150 1301 anno

565 1349 745 1402 :etatis
775 1345 1286 1415 undesexagesimo.
1317 1345 1418 1410 Qui
1445 1343 1497 1396 in
1531 1341 1765 1397 navibus
1793 1350 1971 1404 erant,
2000 1341 2150 1396 aede

563 1439 688 1508 ejus
718 1437 858 1503 visa,
892 1452 1018 1492 cum
1049 1443 1202 1490 tanto
1256 1435 1464 1506 ejulatu
1499 1442 1560 1487 ut
1594 1434 1649 1487 in
1679 1442 1826 1487 terra
1859 1432 2150 1488 exaudire—

569 1537 681 1594 tur,
721 1528 1006 1599 l‘ugerunt.
1041 1528 1220 1584 Caedis
1260 1541 1392 1584 vero
1443 1525 1687 1582 ministri
1727 1525 1910 1595 capite
1959 1538 2154 1593 ampu-

575 1630 710 1686 tato,
763 1631 1022 1676 truncum
1073 1620 1283 1676 nudum
1333 1635 1364 1676 e
1402 1619 1592 1690 cymba
1646 1619 1702 1672 in
1739 1618 1896 1672 littus
1939 1616 2155 1687 abjeee-

567 1722 719 1775 runt,
748 1723 809 1767 ut
853 1714 1168 1783 spectaculo
1203 1713 1494 1782 quibusvis
1538 1720 1707 1766 esset.
1738 1710 1858 1774 Quo
1885 1715 2016 1763 dum
2049 1722 2153 1777 po-

2245 519 2399 580 ὖντος
2433 518 2525 572 ἰπὶ
2561 517 2660 589 τὴν
2704 517 2831 587 γῆν,
2867 519 2895 570 ὁ
2927 517 3212 586 Πομπήϊος
3241 515 3382 585 ἔχων
3421 515 3478 568 ἐν
3503 515 3676 586 βιϐλίῳ
3704 537 3774 586 μι-

2248 610 2370 679 κρῷ
2413 609 2571 676 λόγον
2619 610 2710 663 ὑπ’
2749 608 2912 663 αὑτοῦ
2961 610 3352 678 γεγραμμένον
3396 608 3702 679 Ἑλληνικὸν,
3741 605 3776 679 ᾧ

2247 701 2664 771 παρεσκεύαστο
2688 699 2994 772 χρήσασθαι
3024 699 3164 769 πρὸς
3191 699 3285 752 τὸν
3315 699 3650 768 Πτολεμαῖον,
3675 703 3777 754 ἀνευ

2246 792 2537 859 γίνωσκεν.
2579 792 2668 854 Ὧς
2705 791 2762 844 δὲ
2806 793 2871 861 τῇ
2903 793 2973 860 γῇ
3009 789 3439 856 προσεπέλαζον,
3475 791 3507 861 η
3547 791 3636 860 μὲν
3661 793 3779 861 Κορ-

2245 885 2409 954 νηλία
2448 884 2587 954 μετὰ
2630 883 2740 937 τῶν
2785 884 2958 953 φίλων
2999 883 3064 935 ὲκ
3087 882 3186 951 τῆς
3217 882 3476 952 τριήρους
3508 882 3778 952 περιπαθὴς

2246 974 2383 1032 οὖσα
2417 978 2478 1031 τὸ
2536 977 2729 1048 μέλλον
2760 975 3094 1030 ἀπεσκόπει.
3136 973 3226 1028 Ἐν
3264 973 3440 1044 τούτῳ
3467 974 3520 1027 δὲ
3547 975 3629 1028 τὸν
3661 976 3781 1044 Πομ-

2251 1073 2412 1140 πήϊον
2451 1074 2552 1142 τῆς
2587 1071 2682 1124 τοῦ
2709 1070 2864 1140 φίλου
2893 1069 3160 1145 Φιλίππου
3192 1067 3494 1136 λαϐόμενον
3537 1067 3699 1139 χειρὸς
3723 1068 3781 1130 ὡς

2251 1163 2604 1234 ἐξανασταίη,
2637 1163 2932 1232 Σεπτίμιος
2972 1161 3200 1215 ὄπισθεν
3247 1159 3327 1229 τῷ
3369 1157 3507 1229 ξίφει
3555 1159 3781 1213 διελαύνει

2251 1251 2498 1323 πρῶτος·
2529 1246 2650 1304 εἶτα
2706 1251 2803 1306 καὶ
2845 1250 3115 1318 ’Δχιλλᾶς,
3147 1250 3242 1303 καὶ
3284 1249 3482 1320 ἕτεροι.
3519 1250 3576 1301 Ὀ
3601 1249 3651 1302 δὲ
3684 1253 3784 1311 ταῖς

2253 1343 2413 1415 χερσὶ
2437 1344 2536 1414 τὴν
2561 1344 2818 1415 τήϐεννον
2851 1343 3297 1414 ἐφελκυσάμενος
3327 1342 3466 1394 κατὰ
3496 1342 3583 1395 τοῦ
3610 1341 3784 1412 προσώ-

2253 1452 2380 1502 που,
2417 1436 2578 1504 μόνον
2604 1438 2886 1502 στενάξας,
2923 1437 3088 1506 μηδὲν
3111 1436 3157 1488 δ’
3179 1435 3350 1486 εἰπὼν
3374 1434 3583 1500 ἀνάξιον
3604 1434 3781 1495 ἑαυτοῦ,

2253 1528 2654 1598 ἐνεκαρτέρησε
2702 1529 2825 1590 ταῖς
2871 1528 3131 1597 πληγαῖς,
3169 1527 3437 1597 ἐξήκοντα
3477 1525 3588 1589 ἑνὸς
3633 1525 3786 1578 δέοντα

2257 1619 2536 1692 βεϐιωκὼς
2569 1620 2688 1688 ἐτη.
2711 1621 2773 1672 Oi
2795 1620 2841 1673 δ’
2869 1620 2977 1674 ἀπὸ
3001 1619 3112 1673 τῶν
3130 1619 3299 1686 νεῶν,
3335 1618 3410 1682 ὡς
3436 1617 3700 1672 ἐθεάσαντο
3714 1619 3787 1688 τὴν

2257 1710 2492 1780 σφαγὴν,
2527 1710 2728 1780 θρῆνον
2759 1710 3086 1776 ἐξάκουστον
3134 1710 3266 1782 ἄχρι
3293 1712 3390 1781 τῆς
3419 1709 3517 1779 γῆς
3544 1709 3787 1779 ἐκχέαντες

570 1805 734 1872 pulus
761 1775 1077 1870 sntiaretur,
1108 1775 1395 1874 Philippus
1427 1803 1501 1858 ibi
1525 1803 1747 1856 mansit.
1773 1800 1981 1856 Deinde
2013 1775 2151 1855 mari

2264 1775 2632 1872 ιςρυέοὲιπόε
2655 1802 2713 1856 δὲ
2750 1804 3039 1874 Πομπηΐου
3079 1775 3788 1872 τὴν-’μὲνΙκεφαλὴννάποτὲ-

567 1892 819 1946 ablutum
849 1908 1074 1962 corpus,
1111 1904 1168 1948 et
1199 1910 1296 1948 sua
1329 1894 1573 1947 tunicula
1603 1893 1934 1957 involutum,
1974 1906 2156 1962 parva:

571 1982 784 2052 cymba:
822 1983 1074 2052 reliquiis
1124 1985 1422 2039 cremavit:
1465 1992 1522 2039 et
1575 1999 1707 2038 sene
1755 1983 1992 2053 quodam
2042 1984 2158 2037 Ro-

574 2089 761 2140 mano,
807 2075 901 2144 qui
951 2077 1128 2145 prima
1167 2077 1446 2142 stipendia
1491 2076 1596 2131 sub
1657 2076 1920 2145 Pompeio
1969 2075 2160 2129 adole-

567 2176 757 2221 scente
790 2178 1095 2234 meruerat,
1123 2169 1400 2238 adjutore,
1429 2169 1665 2239 sepeliit.
1697 2167 1798 2224 Cui
1844 2168 2158 2237 Philippus,

570 2267 920 2329 percontato,
949 2263 1062 2330 quis
1087 2272 1240 2326 esset,
1270 2262 1359 2332 qui
1392 2261 1699 2332 Pompeium
1729 2259 1986 2329 Magnum
2009 2276 2158 2330 sepe-

571 2350 671 2403 lire
720 2351 1069 2406 institueret?
1111 2353 1416 2421 respondit,
1456 2352 1526 2406 Se
1575 2351 1814 2405 libertum
1844 2351 1990 2405 illius
2021 2365 2153 2406 esse.

575 2440 714 2494 Tum
764 2458 973 2497 senex:
1035 2443 1212 2511 Istud,
1271 2445 1470 2514 inquit,
1520 2445 1678 2498 decus
1729 2461 1834 2498 non
1879 2447 1959 2498 tui
2003 2448 2158 2499 unius

573 2531 692 2586 erit.
735 2531 822 2586 Με
854 2551 1057 2604 quoque
1089 2546 1198 2589 tam
1241 2536 1313 2605 pii
1364 2536 1516 2604 oﬂicii
1547 2537 1743 2589 socium
1785 2536 2074 2599 admittite,
2102 2547 2159 2589 ut

575 2625 703 2677 meis
729 2634 777 2677 et
810 2627 918 2693 ipse
949 2628 1191 2680 manibus
1225 2636 1468 2697 tangam,
1497 2637 1548 2680 et
1585 2643 1762 2681 ornem
1799 2626 2157 2682 Romanorum

573 2717 953 2785 imperatore»:
987 2722 1300 2774 maximum.
1335 2718 1425 2775 Ha:
1457 2720 1703 2791 Pompeii
1749 2720 1976 2776 fuerunt
2001 2736 2158 2776 exsc-

577 2822 742 2875 quise.

2256 1912 2468 1965 μνουσι,
2495 1895 2556 1948 τὸ
2587 1895 2644 1948 δὲ
2675 1895 2804 1950 ἄλλο
2834 1897 2996 1966 σῶμα
3028 1895 3238 1966 γυμνὴν
3279 1895 3590 1957 ὲκῦαλόντες
3607 1893 3788 1960 asoti};

2254 1984 2494 2049 ἁλιάδος,
2526 1987 2640 2047 τοῖς
2667 1986 2942 2056 δεομένοις
2969 1988 3241 2040 ἀπέλιπον
3280 1985 3520 2040 τοιούτου
3543 1985 3787 2053 θεάματος.

2258 2077 2569 2148 Παρέμεινε
2593 2078 2651 2132 δὲ
2676 2077 2826 2148 αύτῷ
2845 2078 3112 2142 Φίλιππος
3137 2078 3240 2139 ἕως
3265 2079 3510 2146 ἐγένοντο
3530 2077 3694 2147 μεστοὶ
3713 2074 3789 2140 τῆς

2257 2165 2456 2234 ὂψεως.
2490 2163 2625 2220 Εἶτα
2659 2167 2990 2239 περιλούσας
3038 2173 3104 2238 τῇ
3153 2168 3406 2240 θαλάσσῃ
3444 2168 3504 2219 τὸ
3547 2166 3684 2234 σῶμα
3719 2165 3791 2216 καὶ

2259 2257 2498 2327 χιτωνίῳ
2529 2257 2638 2311 τινὶ
2665 2258 2774 2312 τῶν
2807 2259 3005 2313 ἑαυτοῦ
3039 2260 3422 2331 περιστείλας,
3459 2259 3646 2329 μικρᾶς
3673 2256 3791 2309 ἁλιά-

2256 2351 2346 2412 δος
2375 2350 2554 2422 εὑρὼν
2587 2350 2838 2421 λείψανα,
2873 2351 3084 2415 τούτοις
3108 2353 3240 2404 αὐτὸ
3271 2353 3593 2416 κατέκαυσε,
3622 2347 3704 2401 καί
3729 2365 3790 2399 τι·

2258 2460 2350 2506 νος
2388 2444 2583 2513 ἀνδρὸς
2622 2444 2898 2514 Ῥωμαίου
2929 2448 3168 2516 γηραιοῦ
3218 2445 3344 2517 ἤδη,
3388 2445 3485 2508 τὰς
3520 2443 3573 2496 δὲ
3612 2441 3792 2511 πρώτας

2261 2536 2551 2606 στρατείας
2576 2536 2656 2589 ἔτι
2686 2536 2792 2606 νέῳ
2820 2537 3090 2608 Πομπηΐῳ
3121 2535 3671 2608 συστρατευσαμένων,
3697 2549 3793 2582 συν·

2263 2628 2664 2698 επιλαὸομένου
2689 2630 2859 2698 αὐτῷ.
2897 2620 2994 2694 ’ὁς
3025 2632 3255 2694 ἐπιστὰς
3283 2632 3362 2700 τῷ
3383 2630 3620 2698 Φιλίππῳ
3641 2621 3789 2680 εἶπεν*

2271 2719 2366 2782 Τίς
2424 2717 2532 2784 ὢν,
2588 2717 2636 2776 ὦ
2691 2721 2988 2790 ἄνθρωπε,
3049 2723 3303 2778 θάπτειν
3346 2721 3553 2790 διανοῇ
3598 2719 3793 2787 Μάγνον

2264 2813 2620 2881 Πομπήϊον;
2671 2814 2912 2867 Ἐκείνου
2943 2815 3000 2866 δὲ
3038 2816 3316 2886 φήσαντος
3380 2817 3459 2882 ὡς
3515 2813 3793 2870 ἀπελεύθε-

570 2918 706 2971 ρος·
751 2903 912 2958 Ἀλλ’
944 2905 1016 2959 οὐ
1045 2906 1211 2974 μόνῳ
1239 2905 1360 2968 σοι,
1385 2906 1513 2975 ἔφη,
1549 2907 1726 2960 τοῦτο
1753 2905 1819 2959 τὸ
1846 2904 2042 2959 καλὸν
2073 2902 2350 2972 ὑπάρξει,
2411 2905 2565 2974 κάμὲ
2617 2906 2688 2960 δὲ
2721 2909 3057 2976 εὑρήματος
3114 2909 3413 2976 εὐσεϐοῦς
3446 2907 3602 2973 δέξαι
3628 2921 3794 2959 κοινω-

577 2995 709 3060 νὸν,
768 2995 1041 3064 ἅψασθαι
1073 2997 1172 3050 καὶ
1237 2997 1605 3066 περιστεῖλαι
1639 2996 1768 3063 ταῖς
1811 2997 1984 3066 ἐμαῖς
2057 2995 2231 3065 χερσὶ
2272 2997 2381 3049 τὸν
2427 2996 2722 3068 μέγιστον
2751 2999 3163 3068 αὐτοκράτορα
3193 2998 3693 3070 Ῥωμαίων.·οὖτω
3721 2996 3793 3067 μὲν

577 3087 850 3158 ἐκηδεύθη
875 3089 1182 3158 Πομπήἶος.

649 3180 719 3233 Χ.
757 3179 941 3234 Cmsar
979 3191 1161 3234 autem
1207 3195 1317 3236 non
1375 3181 1549 3234 multo
1599 3190 1725 3250 post
1774 3181 1826 3234 in
1869 3179 2164 3251 IEgyptum

2341 3181 2398 3236 Γ.
2438 3181 2512 3233 Οὐ
2549 3180 2732 3251 πολλῷ
2754 3181 2797 3233 δ’
2831 3180 3057 3252 ὓστερον
3086 3182 3333 3253 Καῖσαρ,
3371 3180 3538 3234 ἐλθὼν
3559 3181 3632 3242 εἰς
3659 3178 3791 3245 Λῖγυο

579 3289 707 3329 cum
739 3273 1001 3336 venisset,
1036 3289 1164 3327 eum
1194 3289 1223 3325 a
1266 3289 1375 3341 quo
1408 3275 1460 3328 ei
1493 3282 1658 3343 caput
1686 3273 1934 3342 Pompeii
1960 3274 2160 3328 aii'ere-

584 3365 773 3427 batur,
814 3373 1076 3430 tanquam
1129 3363 1455 3433 parrieidam
1503 3372 1588 3420 est
1620 3364 1789 3435 488
1835 3372 2160 3418 aversatus:

583 3469 642 3512 et
669 3456 875 3512 annulo
915 3457 1036 3526 ejus
1067 3466 1316 3525 accepto,
1366 3456 1728 3527 illacrymavit
1755 3475 1769 3511 :
1807 3457 2077 3511 Achillam
2109 3466 2167 3510 et

584 3549 883 3605 Photinum
929 3548 1227 3603 interfecit.
1285 3548 1406 3617 Ipse
1455 3563 1552 3602 rex
1600 3549 1928 3602 Ptolemmus
1974 3548 2166 3618 przelio

584 3650 802 3710 captus,
839 3650 896 3696 et
933 3641 1002 3695 ad
1040 3641 1242 3694 ﬂumen
1277 3639 1527 3694 sublatus
1555 3648 1658 3694 est.
1690 3640 2010 3694 Theodotus
2037 3637 2168 3694 vero

585 3735 804 3800 rhetor,
843 3744 956 3789 tum
987 3733 1212 3804 quidem
1243 3732 1475 3788 Caesaris
1498 3733 1766 3788 ultionem
1796 3734 1991 3799 evasit,
2024 3733 2163 3789 clam

582 3842 656 3882 ex
694 3826 932 3896 Aigypto
965 3826 1206 3895 elapsus,
1243 3833 1302 3880 et
1341 3825 1396 3879 in
1428 3823 1898 3879 humilii‘ortuna
1955 3825 2168 3880 invisus

587 3919 868 3975 omnibus.
899 3917 1004 3973 Sed
1037 3927 1162 3987 post
1191 3933 1222 3972 a
1267 3917 1339 3972 M.
1373 3917 1543 3972 Bruto
1575 3916 1807 3972 Caesaris
1841 3931 2168 3987 percussore

587 4012 647 4068 in
679 4012 806 4066 Asia
852 4011 1306 4080 comprehensus,
1339 4019 1398 4065 et
1433 4012 1584 4064 omni
1647 4009 2044 4080 suppliciorum
2075 4025 2171 4081 ge-

580 4118 723 4160 nere
752 4103 1101 4158 excruciatus
1124 4103 1356 4158 interiit.
1400 4102 1684 4172 Quotquot
1717 4111 1900 4158 autem
1923 4103 2171 4174 Pompeii

589 4197 751 4250 amici
785 4196 854 4250 ab
877 4195 1094 4266 [Egypti
1138 4205 1370 4266 tyranno
1405 4197 1553 4266 capti
1581 4197 1824 4258 fuerant,
1851 4213 1946 4252 eos
1979 4211 2173 4252 omnes

593 4287 776 4342 Caesar
819 4288 1105 4342 beneﬁciis
1135 4289 1238 4343 sibi
1275 4288 1567 4360 adjunxit:
1604 4298 1661 4344 et
1692 4289 1766 4344 ibi
1797 4304 2020 4358 quoque
2051 4289 2171 4344 bel-

592 4377 705 4430 lum
741 4378 932 4446 gessit,
983 4377 1274 4446 Cleopatra
1317 4394 1386 4431 ex
1434 4379 1656 4448 regione
1701 4379 1842 4431 clam
1880 4378 2171 4441 accersita,

593 4482 716 4535 qua:
748 4482 778 4521 a
832 4467 1068 4522 Photino
1127 4468 1384 4523 eunucho
1439 4478 1497 4523 ct
1546 4484 1715 4539 regno
1758 4480 1815 4523 et
1859 4469 1996 4523 urbe
2059 4468 2168 4539 jam

593 4559 766 4629 ejecta
799 4569 938 4613 erat.
975 4557 1107 4624 Qua:
1139 4575 1264 4613 cum
1298 4561 1418 4614 solo
1485 4560 1825 4630 Apollodoro
1858 4558 2047 4614 Siculo
2077 4575 2172 4614 eo-

596 4652 729 4706 mite
758 4667 921 4720 parva
955 4655 1149 4722 cymba
1176 4667 1480 4708 conscensa
1501 4653 1571 4706 ad
1608 4654 1812 4723 regiam
1847 4651 2172 4721 appulisset,

593 4751 652 4798 et
679 4743 923 4798 involuta
975 4744 1216 4814 stragulo
1249 4759 1415 4814 quam
1461 4744 1622 4814 longa
1650 4754 1790 4806 erat,
1839 4753 1896 4798 et
1923 4743 2177 4814 colligata

594 4835 666 4889 ab
685 4834 878 4890 eodem
908 4850 1006 4904 per
1033 4833 1182 4889 fni-es
1209 4835 1276 4890 ad
1303 4836 1573 4892 Caesarem
1604 4835 1811 4905 perlata
1838 4843 1986 4890 esset
2011 4851 2024 4889 :
2062 4844 2175 4889 tum

596 4927 746 4981 illius
795 4931 1093 4981 commenti
1138 4927 1420 4983 solertiam
1466 4927 1794 4992 admiratus,
1835 4937 1948 4983 tum
1994 4927 2178 4982 suavi-
2218 4984 2220 4986 ,

599 5028 710 5075 tate
743 5036 957 5074 morum
1009 5030 1064 5074 et
1102 5020 1291 5090 lepore
1337 5021 1457 5092 ejus
1507 5031 1721 5091 captus,
1780 5036 1901 5075 eam
1933 5030 1992 5075 ut
2019 5021 2177 5092 regni

598 5121 745 5166 esset
771 5113 1067 5181 particeps,
1101 5128 1226 5166 cum
1266 5111 1436 5166 fratre
1480 5113 1879 5168 reconciliavit.
1912 5112 2049 5169 Cum
2080 5129 2181 5167 au-

601 5215 712 5260 tem
750 5205 805 5259 in
836 5206 1092 5260 convivio
1113 5214 1340 5275 propter
1371 5205 1879 5260 reconciliationem
1934 5221 2056 5259 eam
2095 5207 2178 5259 in-

601 5295 816 5358 stituto,
849 5296 919 5351 ab
949 5297 1160 5352 Achilla
1185 5297 1325 5353 duce
1353 5299 1631 5353 exercitus
1657 5308 1714 5352 et
1742 5297 1976 5352 Photino
2001 5314 2182 5352 eunu-

602 5385 708 5439 eho
736 5387 966 5443 insidias
993 5389 1097 5444 sibi
1126 5389 1306 5458 parari
1337 5389 1844 5454 animadvertisset,
1881 5389 2179 5443 Photinum

607 5475 919 5532 interiecit:
979 5479 1220 5536 Achillas
1265 5495 1393 5535 vero
1431 5478 1560 5550 fuga
1590 5480 1835 5549 elapsus,
1870 5495 2034 5550 grave
2067 5479 2184 5533 bel-

607 5568 721 5622 lum
772 5570 822 5623 ci
872 5571 1077 5626 intulit.
1131 5571 1252 5637 Quo
1300 5581 1546 5642 tempore
1597 5587 1724 5626 eum
1778 5572 1958 5626 Caesar
2004 5571 2183 5641 ignem

611 5659 770 5714 classi
821 5660 1120 5729 injecisset,
1173 5679 1368 5734 magna
1418 5679 1640 5734 quoque
1690 5664 1781 5718 illa
1845 5663 2185 5717 Bibliotheca

617 5752 991 5824 eonﬂagravit.
1037 5755 1341 5812 Commisso
1392 5757 1600 5828 prmlio,
1631 5756 1700 5813 ab
1731 5771 1927 5828 aggere
1961 5756 2017 5811 in
2048 5756 2183 5811 lem‘

2267 3273 2528 3339 πτον,τδν
2553 3273 2651 3342 μὲν
2678 3274 3056 3344 προσφέροντα
3085 3273 3186 3344 τὴν
3203 3274 3450 3343 κεφαλὴν
3476 3272 3725 3343 Πομπηΐου
3739 3270 3794 3330 ὡς

2267 3366 2613 3436 παλαμναῖον
2653 3366 2982 3436 ἀπεστράφη
3005 3381 3020 3396 ·
3053 3366 3153 3435 τὴν
3189 3366 3248 3419 δὲ
3299 3367 3568 3436 σφραγῖδα
3605 3363 3685 3416 τοῦ
3717 3363 3788 3413 ἀν-

2267 3458 2394 3529 δρὸς
2429 3457 2751 3526 δεξάμενος.
2781 3458 3084 3526 ἐδάκρυσεν
3111 3474 3128 3490 ο
3173 3458 3428 3529 ’Λχιλλᾶν
3455 3457 3508 3509 δὲ
3536 3457 3618 3510 καὶ
3646 3453 3795 3507 Ποθει-

2270 3551 2362 3604 νὸν
2392 3551 2658 3605 εκτεινεν.
2688 3551 2858 3614 Αὐτὸς
2881 3551 2938 3604 δὲ
2963 3551 2991 3603 ὁ
3021 3551 3280 3621 βασιλεὺς
3320 3549 3659 3617 Πτολεμαῖος,
3681 3547 3794 3614 μάχῃ

2269 3643 2520 3710 ληφθεὶς.
2551 3641 2702 3712 παρὰ
2728 3641 2818 3695 τὸν
2843 3641 3089 3712 ποταμὸν
3118 3640 3420 3709 ἠφανίσθη.
3449 3638 3681 3696 Θεόδοτος
3711 3633 3795 3685 δὲό

2272 3735 2536 3807 σοφιστὴς
2586 3735 2687 3806 τὴν
2753 3735 2854 3806 μὲν
2911 3737 2976 3788 ἐκ
3027 3735 3313 3805 Καίσαρος
3361 3734 3515 3803 δίκην
3565 3731 3793 3797 διέφυγεν.

2270 3827 2584 3894 ὑπεξελθὼν
2617 3827 2896 3896 Αἴγυπτον
2939 3826 3036 3880 καὶ
3067 3826 3306 3881 ταπεινὰ
3339 3827 3586 3897 πράττων
3617 3820 3698 3874 καὶ
3727 3834 3792 3887 μι-

2273 3920 2538 3990 σούμενος
2562 3935 2576 3949 ⁶
2610 3919 2832 3990 Βρούτῳ
2852 3919 2910 3973 δὲ
2941 3919 3154 3991 Μάρκῳ
3184 3918 3262 3988 τῷ
3291 3917 3542 3988 Καίσαρα
3570 3912 3794 3968 κτείναντι

2275 4012 2594 4083 περιπεσὼν
2641 4012 2698 4064 ὲν
2738 4011 2918 4082 ’Δσίᾳ,
2949 4013 3046 4064 καὶ
3091 4011 3272 4063 πᾶσαν
3321 4010 3504 4062 αἰκίαν
3542 4005 3630 4059 ὑπ’
3668 3997 3796 4055 αὐτοῦ

2274 4107 2565 4169 αἰκισθεὶς,
2592 4105 2931 4175 ἀπεκτάνθη.
2960 4106 3114 4159 Ὅσοι
3145 4104 3204 4158 δὲ
3232 4105 3343 4158 τῶν
3367 4102 3640 4171 Πομπηΐου
3664 4094 3796 4165 φίλων

2275 4203 2586 4258 ἑαλώκεσαν
2609 4203 2714 4254 ὑπὸ
2744 4200 2840 4253 τοῦ
2871 4201 2972 4268 τῆς
3009 4199 3290 4267 Αἰγύπτου
3323 4197 3663 4268 κρατοῦντος,
3689 4188 3796 4242 πᾶν·

2273 4313 2372 4358 τας
2403 4295 2776 4366 εὐηργέτησεν
2809 4292 2837 4344 ὁ
2869 4293 3088 4360 Καῖσαρ
3120 4291 3216 4344 καὶ
3243 4287 3636 4359 προσηγάγετο.
3662 4276 3798 4334 Κάκεῖ

2274 4387 2332 4439 δὲ
2358 4385 2593 4454 πόλεμον
2619 4383 3012 4453 συνεστήσατο,
3040 4381 3134 4434 καὶ
3161 4379 3347 4447 κρύφα
3371 4379 3469 4449 τὴν
3490 4372 3797 4440 Κλεοπάτραν

2278 4473 2386 4526 ἀπὸ
2417 4471 2520 4542 τῆς
2548 4471 2734 4542 χώρας
2773 4469 3179 4542 μετεπέμπετο,
3228 4468 3583 4539 ἐκϐληθεῖσαν
3610 4463 3696 4532 ήδη
3724 4457 3798 4523 τῆς

2278 4560 2556 4630 βασιλείας
2580 4576 2640 4612 τε
2670 4561 2762 4613 καὶ
2791 4560 2891 4630 τῆς
2924 4558 3134 4621 πόλεως
3164 4558 3316 4629 παρὰ
3344 4561 3437 4612 τοῦ
3467 4554 3701 4622 εὐνούχου
3722 4547 3799 4600 Πο-

2277 4652 2484 4709 θεινοῦ.
2514 4654 2606 4720 Ἦ,
2643 4655 2741 4708 σὺν
2763 4654 2907 4723 μόνῳ
2924 4653 3003 4723 τῷ
3028 4654 3328 4723 Σικελιώτῃ
3363 4649 3718 4714 Ἀπολλοδώρῳ
3740 4640 3798 4698 εἰς

2279 4747 2507 4801 ἀκάτιον
2543 4746 2740 4817 μικρὸν
2788 4746 3032 4815 ἐμϐᾶσα,
3069 4747 3182 4809 τοῖς
3224 4744 3512 4815 βασιλείοις
3554 4737 3798 4810 προσέσχεν

2279 4840 2376 4892 καλ⁵
2407 4841 2488 4903 είς
2528 4838 3024 4908 στρωματόδεσμον
3055 4836 3275 4899 ἐνδῦσα,
3311 4835 3580 4907 προτείνει
3621 4824 3798 4900 μακρὰν

2280 4934 2500 5002 ἑαυτήν.
2560 4931 2620 4984 Ὀ
2675 4930 2733 4983 δὲ
2800 4929 3221 5000 Ἀπολλόδωρος,
3245 4929 3429 4999 ἱμάντι
3476 4924 3718 4993 συνδήσας
3751 4913 3798 4966 τὸ

2282 5023 2802 5093 στρωματόδεσμον,
2845 5019 3154 5092 εἰσκομίζει
3214 5022 3305 5074 διὰ
3356 5019 3535 5086 θυρῶν
3574 5013 3694 5084 πρὸς
3729 5008 3798 5059 τδν

2283 5112 2560 5182 Καίσαρα.
2589 5112 2698 5165 Καὶ
2721 5111 2812 5163 διά
2831 5110 2992 5164 τοῦτο
3015 5111 3077 5164 τὸ
3101 5111 3348 5181 τέχνημα
3380 5106 3619 5178 λαμυρᾶς
3651 5095 3796 5170 φανεί-

2288 5221 2410 5273 σης,
2451 5204 2548 5256 καὶ
2577 5202 2676 5272 τῆς
2713 5202 2881 5272 ἄλλης
2909 5202 3128 5271 ὁμιλίας
3159 5203 3255 5255 καὶ
3289 5203 3506 5272 χάριτος
3546 5193 3698 5260 αὐτῆς
3723 5190 3795 5255 ἥτ’

2285 5294 2497 5365 τηθεὶς,
2527 5293 2775 5364 διήλλαξε
2819 5292 2956 5364 πρδς
2991 5293 3083 5345 τὸν
3111 5291 3337 5360 ἀδελφὸν
3376 5291 3450 5353 ὡς
3488 5274 3798 5356 συμϐασιλεύσ

2292 5405 2516 5441 σουσαν.
2599 5386 2981 5455 Ἐστιωμένων
3052 5385 3098 5440 δ’
3181 5386 3274 5440 ἐπὶ
3357 5385 3469 5444 ταῖς
3517 5369 3794 5455 διαλλαγαῖἶξ

2292 5478 2590 5547 ἐπιϐουλὴν
2651 5452 2914 5546 φωράσας
2965 5479 2992 5530 ὁ
3052 5479 3272 5549 Καῖσαρ
3333 5467 3685 5544 τυρευομένην
3727 5452 3796 5509 ὑπ’

2304 5571 2522 5641 Ἀχιλλᾶ.
2550 5569 2643 5621 τοῦ
2679 5567 2988 5638 στρατηγοῦ
3016 5569 3110 5621 καὶ
3153 5565 3408 5621 Ποθεινοῦ
3440 5561 3527 5614 τοῦ
3558 5551 3790 5641 εὐνούχους

2292 5633 2399 5716 τδηῖ
2421 5663 2520 5732 μὲν
2546 5633 2802 5714 Ποθεινδν
2831 5633 3066 5714 ἀνεῖλεν·
3108 5659 3356 5730 Ἀχιλλᾶς
3381 5655 3435 5708 δὲ
3462 5652 3634 5724 φυγὼν
3657 5642 3723 5732 τίς
3751 5633 3796 5685 τδ

2297 5754 2661 5824 στρατόπεδον
2707 5751 2877 5823 βαρὺν
2905 5751 3056 5822 αὐτῷ
3089 5751 3398 5822 περιίστησι
3432 5743 3662 5810 πόλεμον.
3689 5731 3789 5782 Ὅτε
