4018 6250
438 277 542 345 831

1725 271 2050 337 JOANNIS
2091 266 2411 331 ΖΟΝΑΒΕ

3584 255 3695 321 εστ

500 397 595 454 XI.
635 396 900 453 Extremo
943 396 1049 452 hoc
1095 395 1248 453 bello
1298 406 1456 469 gesto
1488 397 1716 451 Romam
1753 407 2012 451 reversus

2183 388 2288 445 IA'.
2324 382 2670 441 Ἐπανελθὼν
2707 381 2754 436 δ’
2784 381 2865 444 εἰς
2901 377 3121 450 Ῥώμην
3145 375 3424 448 δικτάτωρ
3455 373 3546 469 διά
3575 374 3697 446 βίον

430 491 638 553 Caesar,
666 489 908 545 dictator
934 500 1239 559 perpetuus
1267 498 1354 545 est
1382 498 1604 544 creatus
1632 506 1646 542 :
1686 504 1810 559 qum
1836 487 2014 542 mani-

432 578 574 634 festa
623 578 874 650 tyrannis
925 577 1050 643 fuit,
1108 588 1306 648 praeter
1353 578 1687 634 monarchiae
1740 590 2011 633 summam

432 677 764 737 potestatem
797 680 1121 724 successore
1149 683 1368 738 quoque
1394 684 1607 723 carens.
1638 669 1798 723 Solus
1825 683 2011 723 rerum

433 760 665 830 potitus,
700 760 907 815 multos
936 760 1032 829 qui
1068 776 1220 816 arma
1267 766 1462 816 contra
1503 762 1767 819 tulerant.
1826 761 2014 815 absol-

429 847 531 899 vit.
561 846 855 903 Nonnullis
884 848 1237 919 magistratus
1265 859 1323 905 et
1375 850 1616 906 honores
1647 850 1800 905 dedit
1825 868 1841 906 :
1881 864 2018 922 quo-

434 950 557 989 rum
587 951 619 989 θ
652 951 888 991 numero
920 936 1148 993 luerunt
1174 938 1379 993 Brutus
1403 934 1461 994 et
1489 939 1733 995 Ca‘ssius.
1768 938 2015 1009 Pompeii

435 1037 653 1083 statuas
700 1029 945 1101 deiectas
998 1030 1264 1087 restituit.
1310 1032 1549 1088 Munitus
1601 1033 1670 1087 ab
1711 1032 1925 1093 amicis.
1957 1041 2018 1087 ut

434 1119 707 1175 satellites
740 1121 808 1176 ad
856 1123 1167 1178 custodiam
1199 1125 1453 1194 corporis
1509 1124 1820 1188 adhiberet,
1852 1139 2017 1180 recu-

434 1209 578 1266 savit
604 1230 619 1266 :
664 1212 857 1267 Melius
887 1216 1027 1269 enim
1056 1230 1167 1269 esse
1194 1226 1417 1271 mortem
1446 1217 1608 1271 semel
1639 1227 1904 1287 oppetere,
1935 1216 2021 1270 di-

432 1316 587 1368 cens,
616 1320 779 1372 quam
807 1315 1057 1376 perpetuo
1089 1307 1401 1375 formidare.
1432 1308 1492 1363 In
1533 1309 1802 1377 majorum
1831 1322 2015 1363 rerum

433 1393 623 1449 studio
648 1403 706 1451 et
731 1410 887 1452 nova:
913 1396 1100 1467 gloriae
1126 1399 1486 1468 appetitione,
1522 1400 1576 1453 in
1614 1399 1801 1453 animo
1825 1398 2019 1453 habuit

439 1486 658 1542 Parthis
686 1486 892 1543 inferre
927 1488 1153 1555 bellum,
1189 1500 1247 1545 et
1280 1506 1379 1561 per
1416 1490 1743 1562 Hyrcaniam
1797 1491 1851 1545 in
1887 1490 2020 1564 Scy-

436 1576 612 1632 thiam
642 1577 827 1634 l‘acerc
856 1578 1299 1649 impressionem.
1334 1579 1532 1636 Odium
1564 1583 1751 1652 populi
1782 1580 2017 1637 Romani

439 1683 568 1723 cum
614 1670 740 1724 aliis
793 1670 864 1726 de
896 1672 1102 1737 causis,
1157 1682 1273 1727 tum
1324 1674 1397 1729 ob
1452 1675 1606 1746 regni
1637 1690 1882 1730 amorem
1930 1676 2017 1731 vel

438 1759 608 1832 5,90
636 1763 874 1818 maxime
924 1766 1189 1834 suscepit.
1219 1766 1375 1823 Unde
1420 1766 1723 1823 familiares
1774 1769 1897 1839 ejus
1924 1784 2018 1822 ru-

437 1867 651 1908 morem
690 1856 750 1909 in
777 1855 978 1927 vulgus
1008 1870 1354 1927 sparserunt.
1387 1860 1669 1933 Sibyllinis
1697 1861 1859 1918 libris
1888 1877 2024 1918 con-

438 1946 627 2012 tineri.
652 1951 885 2009 Parthos
908 1968 1019 2008 non
1050 1954 1156 2010 nisi
1179 1971 1306 2027 rege
1334 1954 1478 2011 duce
1513 1970 1544 2010 a
1569 1956 1833 2012 Romanis
1860 1971 2022 2026 posse

438 2039 608 2094 vinei.
638 2040 706 2096 Et
734 2040 874 2099 Alba
906 2043 1136 2099 Romam
1191 2045 1567 2115 proﬁciscens,
1613 2061 1646 2101 a
1689 2048 2019 2117 quihusdam

439 2143 538 2184 rex
582 2131 910 2201 appellatus,
962 2149 1088 2190 cum
1121 2150 1186 2190 ea
1236 2152 1296 2191 re
1339 2138 1601 2206 pepulum
1635 2138 2020 2207 perturbatum

438 2219 692 2289 vidisset,
761 2239 821 2279 se
852 2240 963 2281 non
1000 2242 1207 2297 regem,
1257 2228 1354 2283 sed
1388 2227 1659 2284 Cmsarem
1708 2245 1832 2286 esse
1861 2229 2019 2286 dixit.

438 2309 674 2369 Cesaris
719 2325 907 2371 alitem
942 2332 1143 2372 nomen
1188 2321 1274 2386 (ut
1309 2320 1537 2389 quidam
1574 2320 1894 2392 opinantur)
1926 2322 2025 2378 ha-

442 2400 584 2467 buit,
636 2406 782 2475 quod
836 2419 1011 2462 matre
1060 2421 1279 2465 mortua
1326 2426 1394 2466 ex
1428 2422 1588 2466 utero
1629 2427 1806 2468 caesus
1834 2424 2019 2477 esset;

441 2498 593 2563 quod
638 2495 834 2552 falsum
868 2509 996 2556 est:
1039 2511 1272 2561 matrem
1322 2505 1471 2559 enim
1505 2505 1570 2559 ad
1602 2505 1814 2560 virilem
1850 2520 2022 2576 usque

439 2594 661 2642 atatem
694 2589 950 2647 habuisse
990 2593 1271 2649 scribitur.
1302 2595 1515 2666 Aliquis
1543 2605 1726 2651 autem
1756 2612 1823 2652 ex
1856 2599 2026 2668 majo-

442 2677 601 2734 ribus
627 2681 749 2753 ejus
781 2698 848 2738 eo
883 2684 1048 2740 modo
1079 2697 1266 2753 natus,
1316 2699 1746 2758 cognomentum
1779 2689 1835 2744 id
1864 2691 1918 2745 in
1946 2690 2026 2745 l'a-

442 2772 654 2830 miliam
702 2779 1043 2848 propagavit.
1099 2780 1233 2834 Cum
1286 2781 1578 2852 aliquando
1621 2783 1941 2839 consulibus
1969 2793 2024 2840 et

424 2867 776 2935 'praatoribus
802 2869 871 2924 ad
905 2886 964 2925 se
992 2873 1405 2941 accedentibus,
1455 2884 1569 2931 toto
1594 2885 1789 2932 senatu
1846 2880 2026 2933 comi-

443 2968 616 3022 tante,
651 2975 760 3015 non
796 2964 1210 3030 assurrexisset,
1237 2982 1346 3022 non
1371 2978 1625 3023 senatum
1656 2978 1893 3036 tantum,
1926 2972 2021 3026 sed

2114 480 2406 551 ἐψήφιστο,
2444 478 2472 532 6
2499 476 2759 548 τυραννὶς
2803 472 3105 544 ἐτύγχανεν
3132 470 3427 542 ἄντικρυς,
3457 467 3540 539 τῷ
3563 469 3699 523 ἀνυ-

2114 557 2368 641 πευθύνῳ
2398 572 2499 640 τῆς
2524 568 2826 640 μοναρχίας
2851 564 3243 638 προσλασοῦσα
3294 562 3355 616 τὸ
3385 560 3700 651 ἀδιάδοχον,

2112 662 2272 718 Οὕτω
2293 662 2349 716 δὲ
2385 660 2664 725 καταστὰς
2711 661 2791 722 είς
2832 657 3160 730 μοναρχίαν,
3228 655 3468 718 πολλοὺς
3509 652 3695 723 ἀφῆκε

2114 754 2225 807 τῶν
2254 751 2720 825 πεπολεμηκότων
2744 749 2914 821 αὐτῷ.
2948 749 3144 810 Ἐνίοις
3172 746 3229 800 δὲ
3264 744 3357 799 καὶ
3392 746 3570 815 ἀρχάς
3600 744 3702 797 καὶ

2114 845 2279 917 τιμὰς
2304 845 2528 909 ἔδωκεν,
2561 837 2636 897 ὧν
2682 838 2822 914 ἦσαν
2856 841 2951 895 καὶ
2988 838 3231 912 Βροῦτος
3278 838 3376 892 καὶ
3425 837 3699 898 Κάσσιος.

2116 939 2227 992 Καὶ
2257 937 2355 1001 τὰς
2381 936 2674 1007 Πομπηΐου
2713 935 2771 989 δὲ
2802 936 3007 1005 στήλας
3037 930 3536 1000 καταῦεελημένας
3569 928 3702 983 avt-

2120 1045 2339 1098 στησεν.
2389 1026 2711 1092 Ἀξιούντων
2775 1026 2832 1079 δὲ
2894 1024 3005 1079 τῶν
3039 1023 3212 1094 φίλων
3274 1020 3703 1092 δορυφορεῖσθαι

2117 1121 2704 1192 αὐτὸν,παρῃτήσατο,
2755 1116 3008 1171 Βέλτιόν
3042 1115 3236 1178 ἐστιν,
3286 1112 3482 1180 εἰπὼν,
3532 1111 3701 1174 ἅπαξ

2116 1212 2466 1276 ἀποθανεῖν,
2496 1208 2536 1281 ἢ
2573 1210 2669 1265 ἀεὶ
2728 1204 3100 1277 προσδοκᾷν.
3147 1204 3432 1269 Ἀίειζόνων
3475 1203 3522 1256 δ’
3556 1200 3705 1274 ἐρῶν

2119 1303 2466 1376 πραγμάτων
2486 1301 2578 1357 καὶ
2596 1301 2922 1385 καινοτέρας
2937 1298 3118 1370 δόξης,
3138 1297 3368 1369 γνώμην
3388 1297 3517 1367 ἔσχε
3542 1313 3706 1365 στρα-

2114 1399 2299 1454 τεύειν
2319 1398 2412 1451 ἐπὶ
2435 1395 2709 1468 Πάρθους,
2738 1394 2832 1449 καὶ
2865 1393 2935 1448 δι’
2972 1391 3272 1463 Ὑρκανίας
3304 1392 3383 1454 είς
3421 1390 3523 1459 τὴν
3553 1389 3704 1442 Σκυ-

2119 1490 2278 1561 θικὴν
2306 1486 2588 1558 ἐμϐαλεῖν.
2617 1487 2790 1547 Μίσος
2824 1483 3014 1554 μέντοι
3064 1481 3179 1543 τοῖς
3212 1477 3530 1548 ἀνθρώποις
3575 1478 3705 1531 κατ’

2118 1580 2288 1636 αὐτοῦ
2321 1579 2420 1635 καὶ
2450 1580 2617 1650 ἕτερα
2647 1577 3002 1647 ἐνεποίησαν,
3030 1572 3092 1627 τδ
3117 1572 3175 1626 δέ
3200 1587 3265 1641 γε
3324 1570 3514 1642 μεῖζον
3544 1570 3572 1622 6
3603 1569 3703 1640 τῆς

2121 1674 2404 1745 βασιλείας
2434 1672 2574 1746 ἔρως
2607 1671 2926 1743 εἰργάσατο,
2967 1667 3035 1722 δι’
3064 1667 3126 1722 δν
3165 1666 3216 1718 οί
3243 1665 3373 1734 νιερλ⁸
3403 1663 3571 1717 αὑτὸν
3602 1665 3703 1719 καὶ

2119 1770 2281 1838 λόγον
2309 1771 2447 1842 πρὸς
2479 1768 2573 1823 τὸν
2605 1766 2778 1837 δῆμον
2823 1763 3173 1834 ἐνέσπειραν,
3212 1759 3289 1824 ὡς
3318 1760 3384 1813 ἐκ
3431 1755 3704 1828 γραμμά-

2121 1883 2229 1921 των
2258 1861 2587 1918 Σιϐυλλείων
2618 1860 2887 1930 φαίνοιτο,
2924 1855 3000 1928 μὴ
3020 1855 3198 1919 ἄλλως
3216 1851 3441 1907 ἔσεσθαι
3468 1851 3537 1904 τὰ
3563 1851 3706 1921 Πάρ-

2120 1963 2231 2015 θων
2280 1956 2577 2028 Ῥωμαίοις
2601 1953 2878 2024 ἁλώσιμα,
2909 1953 2959 2005 εἰ
2994 1949 3070 2022 μὴ
3093 1947 3350 2021 βασιλεὺς
3377 1947 3561 2008 αὑτοῖς
3613 1962 3707 1999 συ-

2124 2050 2538 2121 στρατεύσοιτο.
2571 2046 2684 2103 Kal
2712 2047 2777 2099 ἐκ
2815 2042 2918 2113 τῆς
2951 2041 3157 2112 Ἀλόης
3194 2038 3250 2094 δὲ
3297 2040 3437 2111 πρὸς
3475 2038 3703 2110 Ῥώμην

2126 2143 2274 2197 ίόντα
2301 2146 2392 2195 τὸν
2414 2140 2669 2209 Καίσαρα
2698 2135 3013 2207 ἐτόλμησάν
3056 2149 3202 2196 τινες
3241 2132 3569 2203 προσειπεῖν
3603 2131 3706 2202 βα-

2125 2234 2299 2288 σιλέα.
2342 2232 2449 2286 Τοῦ
2480 2230 2537 2284 δὲ
2566 2228 2744 2301 δήμου
2800 2224 3223 2298 θορυϐηθέντος,
3266 2225 3476 2286 ἐκεῖνος
3506 2225 3705 2294 οὔβί-

2125 2327 2305 2389 σιλεὺς
2325 2323 2462 2377 ἀλλὰ
2494 2324 2710 2393 Καῖσαρ
2735 2320 2839 2392 ἔφη
2874 2317 3180 2373 καλεῖσθαι.
3206 2316 3458 2385 Ἐλέγετο
3481 2316 3538 2368 δέ
3568 2318 3706 2369 Καῖ-

2125 2435 2232 2490 σαρ
2263 2417 2359 2485 (ὥς
2389 2433 2533 2479 τινες
2562 2412 2789 2484 οἴονται)
2817 2407 2905 2466 οἷα
2930 2409 2996 2482 δὴ
3022 2409 3162 2480 τάχα
3211 2410 3311 2480 τῆς
3363 2408 3575 2479 μητρὸς
3605 2409 3705 2461 αὖ-

2121 2510 2221 2564 τοῦ
2251 2512 2312 2560 ἐν
2347 2507 2426 2577 τῷ
2454 2506 2659 2560 τίκτειν
2679 2502 2971 2573 θανούσης,
2995 2501 3091 2554 καὶ
3126 2500 3291 2554 αὐτοῦ
3324 2500 3392 2553 δι’
3424 2501 3705 2570 ἀνατομῆς

2124 2601 2492 2672 προαχθέντος
2520 2600 2600 2660 είς
2636 2597 2770 2666 φῶς.
2792 2595 2908 2650 Ούκ
2932 2593 3132 2667 ἀληθὲς
3159 2592 3215 2646 δὲ
3240 2592 3397 2646 τοῦτό
3422 2594 3562 2646 ἐστι.
3593 2592 3705 2664 Τὴν

2123 2695 2233 2766 γάρ
2263 2693 2473 2766 μητέρα
2491 2688 2657 2747 αὑτοῦ
2704 2688 2805 2759 ζῇν
2840 2688 2890 2742 οί
2958 2687 3087 2758 περὶ
3127 2686 3293 2741 αὐτοῦ
3358 2686 3705 2757 γεγράφασιν

2127 2788 2517 2858 ἱστορήσαντες
2552 2783 2646 2837 καὶ
2697 2782 2864 2836 αὐτοῦ
2895 2779 3285 2850 ἀνδρωθέντος.
3310 2780 3383 2832 T6
3410 2779 3455 2831 δ’
3486 2780 3548 2844 ἐξ
3577 2781 3708 2833 ἀνα-

2123 2882 2306 2953 τομῆς
2336 2878 2631 2950 παρελθεῖν
2656 2877 2735 2941 είς
2762 2876 2855 2930 τὸν
2889 2875 3004 2946 βίον
3030 2874 3130 2928 οὐκ
3161 2872 3248 2925 ἐπ’
3281 2870 3430 2939 αὐτῷ
3455 2872 3701 2941 γέγονεν,

2126 2974 2242 3028 ἀλλ’
2270 2972 2367 3025 ἐπί
2395 2989 2503 3024 τινι
2537 2969 2645 3022 τῶν
2706 2967 2991 3038 προγόνων
3044 2961 3238 3030 αὐτοῦ,
3271 2961 3365 3016 καὶ
3400 2961 3461 3026 ἐξ
3492 2962 3704 3015 ἐκεῖνῖυ

444 3053 711 3121 populum
742 3056 907 3111 etiam
943 3057 1209 3114 oil‘endit:
1253 3063 1405 3130 quasi
1441 3077 1538 3132 per
1565 3075 1816 3118 senatum
1857 3074 2024 3120 totam

2130 3065 2228 3135 τὴν
2259 3064 2452 3134 κλῆσιν
2483 3060 2641 3133 ἔσχον
2676 3060 2723 3114 οί
2776 3059 2989 3113 ἐκείνου
3035 3057 3320 3124 ἀπόγονοι.
3361 3056 3705 3132 [lpos-vivum)

444 3147 842 3216 rempublicam
894 3149 1138 3206 ludibrio
1169 3151 1417 3218 haberet,
1463 3168 1527 3209 ac
1557 3155 1806 3225 plerique
1839 3158 2025 3213 statim

446 3238 631 3291 utmsti
681 3249 1053 3295 recesserunt.
1109 3241 1191 3297 Ad
1228 3242 1328 3298 bas
1368 3245 1608 3301 oll‘ensas
1653 3248 1821 3302 etiam
1853 3249 2030 3304 tribu-

447 3342 644 3382 norum
694 3329 870 3398 plebis
917 3336 1152 3388 accessit
1206 3338 1565 3393 contumelia.
1613 3338 1750 3394 Nam
1808 3356 1931 3396 cum
1972 3343 2027 3399 in

442 3417 614 3484 l'csto,
646 3418 701 3473 in
723 3422 854 3476 sella
879 3439 1044 3478 aurea
1078 3426 1397 3497 triumphali
1426 3428 1617 3485 habitu
1648 3431 1883 3497 sederet,
1915 3434 2029 3488 An-

449 3510 639 3567 tonius
666 3515 857 3569 consul
891 3516 944 3569 in
975 3518 1154 3572 forum
1203 3518 1424 3589 irrupit,
1464 3521 1714 3578 diadema
1744 3524 1903 3580 lauro
1931 3526 2032 3581 im-

445 3605 672 3674 pletum
700 3607 903 3665 Caesari
932 3610 1192 3669 oll‘ereus.
1225 3613 1305 3671 0b
1336 3630 1455 3671 eam
1485 3633 1598 3671 rem
1626 3619 1850 3689 plausus
1880 3621 2027 3677 haud

447 3711 582 3751 sane
611 3696 843 3755 illustris
886 3702 1045 3757 datus
1085 3713 1190 3770 est,
1224 3720 1254 3760 a
1289 3706 1606 3763 subornatis
1665 3710 1983 3767 hominibus
2012 3732 2026 3768 :

447 3787 545 3842 sed
571 3804 698 3845 cum
725 3791 779 3845 id
802 3791 985 3847 Cmsar
1011 3808 1341 3863 recusasset,
1373 3801 1541 3854 totius
1566 3802 1752 3873 p0pnli
1777 3802 2025 3872 plausum

446 3878 598 3934 tulit.
627 3881 706 3937 Ita
737 3883 822 3939 bis
855 3887 1046 3956 populi
1079 3892 1296 3945 animos
1325 3900 1608 3961 expertus,
1647 3899 1913 3952 surrexit.
1945 3899 2026 3954 Ad

448 3970 569 4027 hinc
618 3977 796 4047 regias
831 3978 1039 4036 facsias
1064 3983 1262 4038 statuis
1310 3984 1433 4055 ejus
1481 3983 1770 4055 impositas
1822 3990 2026 4046 tribuni

448 4064 629 4135 plebis
661 4069 1044 4140 detraxerunt,
1074 4085 1130 4130 et
1159 4091 1256 4131 eos
1286 4077 1380 4148 qui
1428 4094 1612 4149 regem
1646 4082 1799 4137 illum
1826 4085 2030 4140 saluta-

449 4167 599 4222 rant,
638 4161 693 4216 iu
726 4178 1005 4221 carcerem
1043 4167 1361 4226 duxerunt:
1403 4172 1769 4241 applaudente
1803 4177 2026 4247 populo,

450 4258 509 4304 et
538 4251 738 4311 Brutos
763 4272 858 4313 eos
885 4261 1214 4330 appellante.
1265 4263 1335 4320 Ut
1368 4264 1516 4319 enim
1548 4280 1711 4332 supra
1745 4277 1832 4324 est
1861 4285 2030 4340 expo-

448 4343 643 4409 situm,
674 4347 875 4405 Brutus
924 4352 1098 4421 pulsis
1128 4354 1446 4425 Tarquiniis
1481 4360 1814 4416 monarchia:
1874 4373 2030 4432 pete-

450 4444 653 4490 statem
685 4440 751 4493 ad
783 4443 1048 4512 populum
1079 4448 1379 4505 transtulit.
1420 4449 1633 4517 Quibus
1655 4453 1822 4509 rebus
1849 4453 2031 4511 Caesar

452 4526 725 4595 irritatus,
755 4534 1007 4591 tribunos
1025 4547 1295 4607 potestate
1317 4542 1590 4611 privavit:
1624 4554 1678 4600 et
1706 4545 1771 4601 iis
1793 4548 2033 4617 graviter

452 4622 764 4695 increpitis,
806 4631 1071 4701 populum
1113 4635 1278 4690 etiam
1303 4652 1401 4707 per
1418 4639 1808 4695 contumeliam
1831 4641 2031 4702 Brutos

451 4717 767 4786 appellavit.
810 4722 978 4779 Exeo
1000 4727 1230 4796 populus
1257 4731 1324 4784 ad
1359 4731 1431 4785 Μ.
1472 4731 1698 4786 Brutum
1737 4737 2030 4806 spectavit,

454 4808 550 4877 qui
578 4825 608 4864 a
635 4822 821 4870 vetere
845 4815 1014 4872 Bruto
1035 4834 1209 4889 genus
1240 4821 1443 4878 ducere
1472 4823 1801 4893 putabatur:
1844 4827 1914 4882 ab
1936 4844 2033 4885 eo-

455 4916 567 4972 que
581 4904 700 4961 solo
715 4907 803 4963 vel
828 4908 1003 4978 primo
1025 4912 1356 4983 pendebant,
1379 4917 1473 4986 qui
1498 4919 1857 4976 mutationem
1881 4920 2028 4978 desi-

456 4994 746 5054 derabant.
774 4999 913 5067 Quia
932 5018 1064 5057 vero
1100 5005 1278 5074 ipsum
1326 5007 1529 5077 alloqui
1579 5025 1689 5065 non
1726 5012 2026 5080 audebant,

453 5095 623 5143 noctu
666 5091 882 5148 litteras
903 5093 1049 5150 circa
1082 5099 1316 5153 tribunal
1353 5108 1404 5155 et
1431 5101 1646 5168 sellam,
1685 5102 1738 5158 in
1763 5118 1868 5174 qua
1890 5120 2029 5176 pra:-

456 5186 544 5233 tor
566 5180 657 5252 jus
682 5183 923 5253 dicebat,
955 5190 1313 5257 spargebant:
1357 5190 1410 5246 in
1440 5193 1642 5262 quibus
1670 5197 1937 5266 scriptum
1969 5212 2028 5253 e-

457 5281 566 5335 rat,
595 5271 779 5342 Brute,
807 5278 1054 5334 dormis?
1083 5291 1159 5344 et,
1194 5284 1313 5336 Non
1352 5300 1405 5337 es
1426 5283 1664 5339 Brutus?
1694 5287 2031 5343 incitabatur

2127 3159 2183 3212 δέ
2207 3175 2335 3212 ποτε
2360 3154 2468 3209 τῶν
2502 3153 2727 3207 ὑπάτων
2784 3150 2934 3220 αὐτῷ
2957 3149 3052 3202 καὶ
3090 3150 3197 3202 τῶν
3248 3149 3573 3218 στρατηγῶν
3610 3149 3705 3201 καὶ

2126 3247 2225 3318 τῆς
2260 3245 2458 3317 βουλῆς
2485 3245 2701 3315 ἀπάσης
2734 3243 3032 3311 ἑπομένης,
3060 3241 3145 3294 ὅτι
3201 3238 3275 3310 μὴ
3308 3238 3576 3310 ἐξανέστη
3604 3258 3707 3291 κα-

2131 3338 2388 3409 θήμενος,
2421 3337 2482 3390 οὐ
2518 3337 2676 3405 μόνον
2703 3332 2940 3402 ἐλύπησε
2960 3330 3060 3401 τὴν
3085 3328 3304 3399 βουλὴν,
3335 3328 3474 3383 ἀλλὰ
3502 3332 3595 3383 καὶ
3618 3330 3706 3383 τὶν

2129 3431 2324 3501 δῆμον,
2354 3429 2428 3493 ὼς
2459 3428 2517 3480 ἐν
2551 3430 2617 3498 τῇ
2657 3425 2820 3497 βουλῇ
2881 3422 3441 3494 προπηλακιζομένης
3471 3425 3576 3494 τῆς
3610 3425 3705 3479 πό-

2127 3523 2288 3585 λεως,
2332 3522 2427 3575 καὶ
2457 3519 2596 3592 μετά
2625 3518 2932 3588 κατηφείας
2987 3518 3037 3570 οἱ
3068 3514 3288 3579 πλείους
3343 3516 3591 3588 ἀπῆλθον
3615 3518 3705 3571 εὑ-

2129 3613 2249 3674 θύς.
2293 3612 2635 3678 Ἐπιγίνεται
2665 3610 2723 3662 δὲ
2748 3611 2861 3672 τοῖς
2887 3608 3349 3679 προσκρούσμασι
3369 3611 3587 3669 τούτοις
3615 3610 3705 3667 καὶ

2128 3708 2158 3760 6
2180 3707 2288 3759 τῶν
2318 3705 2619 3776 δημάρχων
2647 3700 3130 3772 προπηλακισμός.
3174 3701 3439 3755 Ἐτελεῖτο
3475 3700 3578 3773 μὲν
3600 3701 3704 3773 γὰρ

2128 3800 2195 3868 τῇ
2230 3796 2381 3851 πόλει
2413 3796 2596 3866 ἑορτή·
2641 3796 2863 3866 Καῖσαρ
2894 3795 2941 3846 δ’
2968 3795 3064 3848 ἐπὶ
3089 3795 3283 3867 δίφρου
3320 3793 3702 3867 χρυσέου·κα-

2131 3890 2388 3961 θήμενος,
2432 3888 2624 3959 κόσμῳ
2679 3888 3075 3955 κατεκοσμεϊτο
3118 3885 3456 3957 θριαμϐικῷ.
3506 3884 3707 3940 Ἀντώο

2131 4000 2242 4046 νιος
2270 3981 2326 4035 δὲ
2345 3980 2629 4037 ὑπατεύων
2660 3982 2742 4043 είς
2761 3979 2966 4049 ἀγορὰν
2997 3978 3240 4046 ὲνέδαλε,
3260 3978 3442 4050 φέρων
3466 3978 3706 4049 διάδημα

2133 4078 2383 4146 στεφάνῳ
2412 4074 2620 4144 δάφνης
2656 4071 3196 4143 περιπεπλεγμένον,
3248 4071 3344 4125 καὶ
3404 4070 3579 4124 ἐδίδου
3628 4070 3703 4140 τῷ

2130 4166 2391 4237 Καίσαρι,
2427 4165 2524 4218 καὶ
2555 4163 2767 4231 γίνεται
2815 4162 3010 4231 κρότος
3039 4163 3101 4215 οὐ
3122 4160 3379 4231 λαμπρὸς
3405 4163 3470 4216 ἐκ
3523 4176 3705 4234 παρα-

2134 4257 2359 4328 σκευῆς.
2404 4256 2796 4326 Ἀπωσαμένου
2845 4256 2904 4308 δὲ
2962 4256 3058 4309 τοῦ
3111 4255 3411 4326 Καίσαρος,
3475 4256 3625 4321 ἅπας
3676 4256 3705 4308 6

2131 4354 2303 4426 δῆμος
2332 4352 2670 4422 ἀνεκρότησε
2704 4365 2719 4381 ο
2786 4350 2879 4402 καὶ
2916 4348 3110 4403 τούτου
3176 4349 3260 4413 δὶς
3308 4349 3620 4419 γεγονότος,
3669 4353 3702 4423 ἠ

2135 4449 2299 4518 πεῖρα
2326 4445 2650 4516 ἐξηλέγχετο
2680 4441 2819 4514 (69),
2843 4443 2937 4495 ml
2972 4443 3000 4495 6
3025 4442 3248 4513 Καῖσαρ
3299 4441 3524 4513 ἀνέστη.
3553 4444 3705 4497 Ἐπεὶ

2130 4541 2188 4594 δὲ
2218 4539 2314 4593 καὶ
2347 4537 2670 4609 ἀνδριάντες
2709 4533 2875 4590 αὐτοῦ
2900 4534 3227 4605 διαδήμασιν
3277 4533 3539 4605 ὤφθησαν
3574 4536 3703 4589 ἀνα-

2131 4630 2408 4702 δεδεμένοι
2433 4628 2757 4700 βασιλικοῖς,
2788 4627 3115 4680 ἀπέσπασαν
3132 4625 3310 4678 ταῦτα
3330 4626 3379 4678 οἱ
3403 4625 3465 4695 δή
3475 4643 3552 4696 μα
3561 4643 3701 4696 ρχοι,

2134 4725 2233 4781 καὶ
2253 4723 2383 4787 τοὺς
2418 4720 2825 4790 προσειπόντας
2879 4717 3045 4772 αὐτὸν
3091 4716 3319 4789 βασιλέα
3369 4716 3589 4787 ἀπῆγον
3627 4719 3703 4780 εἰς

2133 4817 2528 4888 δεσμωτήριον.
2555 4812 2665 4866 Καὶ
2693 4814 2720 4866 6
2739 4811 2911 4881 δῆμος
2950 4810 3044 4863 ἐπὶ
3070 4808 3284 4873 τούτοις
3330 4810 3568 4881 ἐκρότει,
3605 4810 3701 4863 καὶ

2133 4907 2404 4981 Βρούτους
2433 4905 2618 4960 ἐκάλει
2655 4903 2782 4967 τοὺς
2826 4903 3046 4973 ἄνδρας.
3078 4900 3315 4973 Βροῦτος
3365 4901 3475 4973 γὰρ
3505 4896 3599 4974 ῆν,
3629 4900 3701 4966 ὡς

2130 5002 2422 5073 ἱστόρηται
2471 4996 2664 5063 άνωθι,
2706 4996 2735 5048 6
2776 4995 3092 5058 καταλύσας
3141 4993 3454 5065 Ταρκύνιον
3521 4994 3617 5046 καὶ
3642 4992 3701 5046 τδ

2131 5097 2337 5168 κράτος
2368 5094 2449 5158 είς
2490 5092 2555 5146 τὸ
2605 5087 2786 5144 κοινὸν
2851 5089 3194 5161 περιστήσας
3244 5089 3309 5141 ἐκ
3374 5088 3695 5158 μοναρχίας.

2143 5192 2266 5246 Ἐπὶ
2299 5188 2509 5249 τούτοις
2543 5186 2571 5238 ὁ
2594 5183 2812 5252 Καῖσαρ
2844 5179 3226 5251 παροξυνθεὶς,
3259 5180 3360 5251 τὴν
3391 5180 3488 5251 μὲν
3527 5181 3699 5252 ἀρχὴν

2133 5287 2263 5350 τοὺς
2290 5280 2607 5354 δημάρχους
2635 5275 2887 5346 ἀφείλετο
2909 5287 2924 5304 ⁶
2950 5274 3010 5329 ἐν
3039 5274 3097 5328 δὲ
3131 5272 3212 5344 τῷ
3243 5276 3574 5345 κατηγορεῖν
3603 5274 3695 5328 αὐτ

1604 5400 1806 5463 Varim
1832 5402 2138 5467 lectiones
2179 5413 2239 5465 et
2287 5406 2476 5462 DOliB.

539 5510 656 5580 (69)
686 5513 799 5592 δαὶ
830 5519 1049 5592 τούτου
1083 5521 1177 5587 δὶς
1201 5522 1518 5589 γεγονότος
1542 5523 1578 5591 ἡ
1607 5523 1780 5589 πεῖρα
1801 5522 2042 5592 ἐξηλέγ-

465 5599 627 5663 χετο.
681 5583 969 5655 Converti,
1022 5583 1220 5661 inquit
1261 5583 1539 5648 Wolllus':
1565 5583 1674 5647 Ἰια
1700 5583 1812 5648 ’ὺὶε
1845 5583 2042 5663 populi

458 5656 1263 5733 'gnimos‘expertur,‘sur-rexit.
1299 5663 1405 5717 Sed
1437 5664 1496 5714 τὸ
1516 5703 1530 5727 ,
1561 5664 1658 5732 τὴν
1690 5656 1885 5733 πεῖραν
1925 5656 2041 5729 ἐξε-

469 5720 788 5795 λέγχεσθαι,
826 5720 1059 5800 intelligi
1089 5742 1290 5802 potest,
1319 5733 1404 5789 vcl
1429 5720 1872 5791 animadversum
1901 5720 2044 5798 esse,

2139 5526 2408 5581 Caesarem
2474 5506 2785 5590 periclitari
2834 5515 3080 5570 voluisse
3112 5514 3410 5590 _populum
3437 5553 3451 5577 ,
3519 5520 3692 5590 utrum

2141 5594 2315 5664 aequis
2353 5583 2551 5664 animis
2590 5587 2800 5664 regium
2834 5597 3085 5640 ornatum
3112 5583 3325 5640 laturus
3356 5594 3504 5639 esset
3537 5601 3550 5636 :
3578 5583 3690 5664 vel,

2145 5658 2412 5721 Cmsarcm
2441 5658 2913 5719 animadvertisse,
2942 5664 3199 5710 conatum
3233 5670 3392 5707 suum
3419 5670 3539 5710 esse
3574 5658 3689 5707 irri-

2150 5746 2290 5803 tum,
2328 5733 2532 5802 populo
2564 5744 2595 5783 a
2630 5727 2775 5799 regia
2808 5742 3008 5798 pompa
3042 5725 3394 5781 abhorrente.
