4018 6250
519 322 632 387 835

1821 308 2152 373 JOANNIS
2191 307 2514 367 ZONARE

3651 303 3737 372 835

519 430 822 501 pellaretur
854 445 869 482 :
901 435 963 482 ut
997 427 1117 497 ejus
1150 425 1330 496 imago
1361 423 1416 478 iu
1461 422 1706 478 nummis
1741 421 2096 489 exsculpere-

2215 417 2388 468 205619
2413 418 2499 469 ἀεὶ
2531 415 2840 488 κεχρῆσθαι
2866 457 2879 479 ,
2914 415 3126 486 πατέρα
3172 432 3230 469 τε
3271 416 3430 469 αὐτὸν
3449 418 3543 487 τῆς
3572 424 3740 493 πατρία

524 531 639 585 tur,
681 528 739 572 et
773 518 972 574 natalis
1004 516 1223 586 publice
1251 515 1636 569 celebraretur
1666 531 1680 568 :
1715 521 1776 567 ut
1806 516 1862 565 in
1897 511 2100 564 Roma-

525 612 613 666 nis
648 611 793 663 fanis
851 619 907 664 et
947 609 1204 662 omnibus
1227 610 1461 663 urbibus
1485 609 1606 678 ejus
1633 615 1832 662 statuae
1860 604 2103 660 colloca-

527 712 746 758 rentur.
807 703 912 755 Pro
963 703 1087 770 ejus
1151 713 1331 755 autem
1385 700 1651 755 tribunali
1706 699 1845 754 duas
1897 707 2106 753 statuas

525 798 871 852 collocarunt
913 796 1192 850 :alteram
1223 796 1294 850 ob
1341 797 1493 850 cives
1543 805 1814 858 servatos,
1869 792 2102 845 alteram

528 891 600 943 ob
635 887 828 942 urbem
859 887 1150 941 obsidione
1201 888 1514 952 liberatam,
1575 899 1779 940 corona
1828 884 2002 939 civica
2051 890 2108 937 ct

440 1011 444 1015 -
527 979 864 1036 obsidionali
915 987 1161 1033 ornatas.
1219 979 1288 1033 Et
1335 993 1535 1033 novam
1583 979 1792 1032 curiam
1843 973 2108 1032 aediﬁcari

525 1074 834 1142 jusserunt,
865 1088 987 1142 quae
1009 1058 1227 1126 Juliana
1252 1071 1320 1126 de
1350 1072 1522 1141 ipsius
1550 1071 1776 1125 nomine
1803 1070 2108 1123 diceretur.

529 1165 939 1235 Censoremque
977 1180 1104 1219 eum
1136 1165 1316 1219 solum
1347 1173 1405 1218 et
1445 1173 1774 1234 perpetuum
1803 1171 2063 1217 crearunt
2091 1176 2105 1226 ;

531 1259 822 1329 privilegia
854 1258 1202 1311 tribunorum
1234 1257 1284 1310 ei
1330 1255 1609 1312 dederunt
1641 1273 1654 1322 ;
1685 1256 1733 1310 si
1765 1271 1794 1308 a
1829 1269 2109 1325 quoquam

441 1377 445 1383 -
531 1350 680 1404 dicto
711 1349 927 1404 factove
961 1348 1211 1403 otl‘ensus
1241 1358 1407 1414 esset,
1449 1357 1509 1402 ut
1536 1359 1705 1417 caput
1734 1349 1856 1419 ejus
1887 1363 2108 1403 sacrum

532 1454 682 1496 esset
723 1456 787 1493 ac
823 1441 1042 1508 piaculo
1077 1441 1400 1511 obligatum.
1462 1439 1604 1506 Quid
1658 1451 1845 1494 autem
1890 1455 2109 1494 sacrum

533 1549 656 1588 esse
685 1532 986 1600 signiﬁcet,
1017 1533 1127 1602 jam
1159 1543 1245 1586 est
1275 1549 1302 1584 a
1344 1548 1429 1586 me
1454 1532 1794 1602 expositum.
1829 1532 1949 1587 Jam
1979 1534 2109 1602 quia

535 1625 738 1678 talibus
761 1639 890 1678 eum
925 1623 1092 1678 rebus
1116 1623 1364 1693 gaudere
1396 1623 1727 1688 cernebant,
1775 1633 2024 1678 auratam
2057 1623 2110 1678 ei

536 1716 727 1770 sellam
775 1725 1195 1778 concesserunt,
1243 1723 1301 1770 et
1335 1727 1543 1771 vestem
1597 1730 1706 1785 qua
1773 1716 1907 1770 olim
1955 1730 2112 1786 reges

537 1808 624 1862 usi
658 1808 898 1872 fuerant,
944 1815 999 1862 et
1029 1806 1335 1862 custodiam
1372 1823 1441 1862 ex
1471 1809 1716 1877 equestri
1749 1817 1803 1863 et
1833 1809 2114 1863 senatorio

537 1901 752 1963 ordine,
789 1911 956 1970 utque
981 1900 1202 1969 publice
1234 1916 1334 1969 pro
1349 1916 1416 1955 eo
1432 1900 1866 1970 supplicationes
1894 1901 2112 1967 fierent,

535 2004 595 2049 et
631 2009 729 2064 per
762 1995 886 2066 ejus
920 1995 1202 2048 fortunam
1229 1995 1536 2063 juraretur,
1585 2003 1643 2050 et
1674 2004 1797 2049 acta
1840 1996 1961 2066 ejus
1995 2005 2116 2050 rata

539 2096 749 2150 essent,
778 2095 1104 2150 sanxerunt,
1134 2095 1190 2140 et
1217 2085 1476 2152 Quintilis
1498 2087 1706 2141 mensis
1741 2087 1811 2140 ab
1843 2103 1910 2141 eo
1938 2087 2116 2142 Julius

545 2179 944 2248 appellaretur.
980 2179 1109 2232 Hinc
1140 2186 1198 2231 et
1227 2178 1334 2231 alia
1367 2179 1548 2246 plura,
1585 2194 1654 2233 ne
1695 2178 1930 2248 singulis
1965 2193 2118 2234 com-

541 2270 918 2325 memorandis
976 2270 1241 2324 lectorem
1299 2269 1697 2332 obtundamus,
1748 2270 1800 2324 ei
1857 2270 2116 2326 decreve-

540 2370 694 2414 runt.
729 2359 945 2424 Quibus
968 2358 1136 2413 rebus
1169 2358 1432 2412 invidiam
1458 2359 1770 2424 hominum,
1807 2360 1892 2414 vel
1929 2361 2117 2430 potius

541 2452 680 2506 iram
711 2451 944 2519 deorum
968 2451 1236 2521 suscepit,
1263 2452 1576 2522 multosque
1599 2453 1654 2506 in
1691 2467 1749 2507 se
1775 2455 2114 2522 provocavit,

543 2545 722 2600 donec
753 2560 879 2597 cum
919 2543 1130 2598 exitum
1183 2559 1296 2614 quo
1327 2555 1555 2614 repente
1579 2546 1843 2608 concidit,
1875 2557 1962 2602 est
2001 2562 2120 2602 sor-

544 2635 702 2688 titus.
739 2634 877 2688 Cum
911 2635 987 2690 ita
1019 2635 1348 2691 interfectus
1403 2638 1629 2708 jaceret,
1673 2656 1868 2694 omnes
1915 2642 2011 2710 qui
2041 2640 2116 2694 ibi

543 2724 797 2789 aderant,
835 2727 1064 2792 turbati,
1111 2739 1168 2782 ct
1197 2729 1417 2783 consilii
1470 2746 1865 2799 percussorum
1919 2732 2116 2804 ignari,

542 2817 701 2885 quasi
727 2826 784 2869 et
820 2815 922 2884 ipsi
951 2816 1200 2885 periculo
1232 2818 1472 2887 proximi
1505 2819 1786 2890 fugerunt,
1819 2829 1875 2875 et
1902 2830 2119 2875 terren-

543 2907 632 2962 dis
662 2907 843 2961 obviis
877 2908 1071 2962 urbem
1103 2911 1260 2963 Tuctu
1321 2909 1712 2980 impleverunt.
1770 2912 2005 2968 Civitate
2039 2913 2122 2968 sic

539 2993 758 3059 aﬂ‘ecta,
780 3011 1133 3063 percussores
1157 2998 1266 3053 vim
1291 2999 1571 3067 timentes,
1597 3002 1807 3057 strictis
1830 3013 1886 3058 et
1917 3019 2120 3058 cruen-

545 3087 614 3141 tis
648 3087 848 3156 gladiis
881 3103 982 3156 per
1018 3088 1200 3144 forum
1228 3092 1284 3144 in
1337 3091 1669 3162 Capitolium
1731 3105 2118 3161 accurreruut,

540 3153 727 3244 ibique
759 3153 909 3231 diem
950 3187 1008 3232 et
1037 3191 1258 3235 noctem
1303 3153 1633 3250 exeéerunt.
1679 3185 1750 3237 At
1782 3183 2022 3254 Lepidus
2051 3200 2118 3240 eo
2147 3153 2190 3211 ο

541 3269 787 3323 facinore
813 3271 868 3324 in
905 3273 1105 3326 Castris
1133 3273 1348 3340 audito,
1381 3275 1517 3330 urbe
1549 3291 1676 3331 cum
1714 3277 1990 3333 militibus
2018 3293 2117 3333 oc-

543 3369 763 3426 cupata,
802 3375 902 3428 pro
939 3362 1214 3418 concione
1247 3364 1302 3417 in
1336 3380 1698 3432 percussores
1731 3379 1816 3424 est
1842 3370 2117 3427 invectus.

543 3447 818 3506 Antonius
848 3461 1032 3508 autem
1060 3471 1174 3525 prae
1201 3467 1354 3512 metu
1403 3459 1648 3526 latitans,
1683 3477 1811 3516 cum
1844 3463 1994 3518 illius
2019 3465 2118 3519 ad-

541 3553 710 3596 ventu
745 3544 990 3613 cognito,
1015 3557 1070 3600 et
1101 3563 1494 3617 percussorum
1529 3551 1655 3621 fuga
1680 3553 1733 3606 in
1761 3553 2117 3623 Capitolium,

542 3644 823 3705 resumpta
858 3636 1059 3698 fiducia
1101 3641 1423 3708 prodiisset,
1479 3653 1536 3698 et
1573 3655 1767 3700 senatu
1815 3656 2119 3703 convocato

544 3727 849 3788 sententias
894 3739 1164 3799 rogaret:
1206 3732 1399 3788 Cimro
1431 3735 1692 3791 omnibus
1745 3748 1940 3793 auctor
1987 3737 2114 3806 fuit,

546 3825 607 3869 ut
647 3817 858 3872 mutuis
891 3818 1035 3874 odiis
1063 3820 1322 3888 abolitis,
1355 3825 1634 3895 utrinque,
1677 3827 1720 3881 si
1747 3827 1880 3896 quid
1917 3845 2114 3899 pecca-

546 3917 663 3962 tum
693 3920 862 3976 esset,
900 3911 1302 3982 condonarent,
1349 3932 1419 3971 ne
1472 3919 1635 3974 civile
1677 3920 1900 3975 .bellum
1953 3921 2118 3993 493

543 4001 982 4066 rccrudesceret,
1009 4013 1066 4058 et
1099 4005 1252 4061 cives
1297 4023 1325 4059 a
1355 4008 1573 4065 civibus
1604 4012 1899 4068 interirent
1926 4030 1940 4068 :
1981 4031 2118 4070 con-

543 4095 822 4148 sentirent
871 4095 1082 4164 potius,
1118 4108 1176 4151 ut
1219 4100 1512 4168 populares
1564 4113 1620 4158 et
1662 4107 1814 4161 cives
1869 4107 2116 4163 deceret.

542 4185 760 4256 Adjecit
795 4187 989 4253 etiam,
1035 4202 1153 4243 aeta
1191 4193 1445 4260 Caesaris,
1499 4196 1616 4251 sive
1664 4199 1730 4253 ad
1769 4199 2117 4266 donationes,

545 4279 661 4332 sive
692 4280 761 4334 ad
785 4280 1052 4346 honores,
1103 4283 1220 4337 sive
1267 4284 1336 4338 ad
1367 4289 1720 4359 magistratus
1746 4295 2115 4362 pertinerent,

545 4382 661 4424 rata
699 4388 824 4427 esse
861 4386 1141 4444 oportere,
1193 4393 1300 4432 nec
1331 4381 1655 4450 exagitanda
1691 4385 1990 4454 curiosius,
2022 4398 2119 4442 aut

543 4463 931 4520 reseindenda.
963 4467 1059 4522 llis
1093 4469 1411 4526 rationibus
1437 4473 1680 4540 adducti,
1701 4477 1948 4532 omnium
1975 4478 2117 4550 inju-

545 4555 755 4608 riarum
782 4557 1118 4614 oblivionem
1156 4561 1547 4620 decreverunt.
1587 4568 1950 4626 l’ercussores
1980 4590 2110 4630 vero

545 4642 614 4698 de
647 4646 918 4715 Capitolio
965 4651 1136 4706 verba
1188 4653 1478 4722 facientes,
1535 4660 1807 4718 militibus
1859 4667 2124 4734 promise«

546 4745 699 4802 runt,
731 4754 790 4794 se
816 4741 966 4796 nulla
995 4740 1232 4800 Caesaris
1262 4758 1383 4802 acta
1425 4751 1776 4820 rescissuros,
1800 4771 1980 4828 neque
2002 4761 2126 4815 cui-

546 4843 712 4896 quam
760 4831 1060 4900 quidquam
1113 4835 1182 4890 ab
1235 4837 1330 4892 illo
1366 4840 1555 4896 datum
1593 4855 1904 4915 erepturos.
1965 4850 2125 4907 Sedi-

548 4921 697 4974 tione
728 4921 833 4976 hoc
867 4924 1031 4980 modo
1067 4930 1399 4998 compOsila,
1451 4948 1560 4987 non
1599 4936 1752 5004 prius
1786 4953 1818 4992 e
1850 4937 2125 5009 Capitolio

546 5012 973 5084 descenderunt,
1003 5035 1166 5090 quam
1199 5021 1373 5076 lilium
1403 5024 1596 5094 Lepidi
1623 5037 1678 5082 ct
1713 5029 1938 5086 Antonii
1969 5034 2122 5090 obsi-

545 5102 646 5158 des
675 5108 1039 5176 accepissent.
1071 5111 1284 5169 Deinde
1329 5132 1456 5170 cum
1495 5119 1640 5172 lecto
1672 5108 1904 5178 Caisaris
1951 5135 2120 5182 testa-

547 5204 741 5251 mento
811 5202 1053 5271 populus
1118 5209 1512 5276 cognovisset,
1572 5209 1860 5268 Octavium
1926 5216 1997 5269 ab
2054 5218 2162 5273 eo'

547 5286 862 5358 adoptatum
897 5309 1039 5360 esse,
1075 5306 1131 5352 et
1162 5298 1480 5367 reipublicae
1508 5317 1758 5368 munera,
1811 5315 1868 5360 et
1904 5307 2115 5364 viritim

2201 507 2289 569 δος
2322 507 2708 577 ὀνομάζεσθαι,
2741 508 2836 560 καὶ
2869 508 2927 568 ἐς
2950 507 3010 558 τδ
3031 507 3280 575 νόμισμα
3318 507 3756 578 ὲγχαρὰττεσθαι,

2203 597 2442 668 δημοσίᾳ.
2478 615 2538 650 τε
2581 598 2868 667 ἑορτάζειν
2917 597 3085 650 αὑτοῦ
3121 596 3191 651 τὰ
3229 599 3475 665 γενέθλια
3501 617 3512 629 ·
3569 601 3620 652 ἐν
3645 605 3742 666 τοῖς

2205 693 2355 752 ναοῖς
2379 706 2438 742 τε
2476 693 2576 758 τῆς
2623 691 2848 760 Ῥώμης
2899 691 2995 742 καὶ
3035 692 3094 743 ἐν
3153 692 3358 754 πάσαις
3393 695 3509 755 ταῖς
3547 694 3743 748 πόλεσιν

2206 782 2529 851 ἀνδριάντας
2554 781 2720 834 αὑτοῦ
2751 781 3027 836 ἵστασθαι.
3071 782 3196 835 Ἐπὶ
3231 783 3288 835 δέ
3319 800 3379 851 γε
3416 784 3506 838 τοῦ
3532 785 3743 856 βήματος

2207 875 2300 928 δύο
2328 874 2494 927 αὑτοῦ
2522 875 2850 942 ἀνδριάντας
2885 875 3200 944 ἱδρύσαντο,
3268 875 3360 927 τὸν
3399 876 3494 944 μὲν
3525 876 3592 939 ὡς
3635 879 3747 940 τοὺς

2209 965 2431 1028 πολίτας
2466 965 2793 1026 σεσωκότος,
2833 964 2926 1017 τὸν
2956 963 3001 1015 δ’
3033 963 3109 1026 ὡς
3139 963 3203 1016 ὲκ
3236 963 3553 1030 πολιορκίαις
3597 968 3748 1034 ῥυσα-

2213 1057 2375 1126 μένου
2408 1056 2507 1126 τὴν
2533 1057 2709 1110 πόλιν.
2753 1055 3164 1124 Ἑστεφὰνωντο
3187 1055 3244 1108 δὲ
3265 1056 3358 1108 καὶ
3385 1055 3549 1125 ἄμφω
3573 1060 3748 1126 στεφά-

2209 1167 2324 1212 νοις
2351 1153 2464 1212 τοῖς
2485 1150 2578 1202 ἐπὶ
2609 1148 2874 1212 τοιούτοις
2913 1149 3352 1217 νενομισμένοις.
3385 1148 3750 1219 Βουλευτήριὸ)

2211 1259 2271 1294 τε
2307 1239 2495 1294 καινὸν
2545 1238 2980 1309 οἰκοδομηθῆναι
3034 1240 3332 1304 ἐπέταξαν,
3388 1239 3454 1292 ἵν’
3495 1240 3752 1292 Ἰουλιανὸν

2213 1335 2306 1386 ἐπὶ
2329 1333 2407 1404 τῷ
2432 1332 2598 1387 αὐτοῦ
2653 1332 2879 1403 κληθείη
2934 1333 3181 1400 ὀνόματι.
3213 1331 3465 1402 Τιμητήν
3492 1349 3549 1384 τε
3573 1331 3660 1386 καὶ
3681 1331 3753 1386 διὰ

2216 1423 2333 1493 βίου
2366 1425 2462 1476 καὶ
2489 1425 2649 1492 μόνον
2670 1423 2832 1476 αὐτὸν
2865 1421 3202 1491 ἐψηφίσαντο
3223 1419 3368 1474 εἶναι
3393 1439 3410 1453 υ
3443 1422 3583 1490 ἔχειν
3605 1421 3655 1474 δὲ
3677 1422 3755 1476 καὶ

2213 1518 2282 1568 τὰ
2312 1515 2418 1568 τῶν
2448 1515 2748 1585 δημάρχων
2777 1515 3053 1586 προνόμια
3077 1531 3092 1545 '
3117 1517 3214 1569 καὶ
3243 1515 3299 1568 εἴ
3326 1533 3410 1579 τις
3454 1515 3608 1568 αὐτὸν
3634 1515 3758 1586 ἔργῳ

2215 1608 2740 1679 ἢλόγῳὺὗρίσειεν,
2798 1608 2944 1679 ἱερὸν
3008 1602 3150 1662 εἶναι
3201 1609 3520 1674 ἔθ’έστιισαν,
3575 1607 3754 1679 καὶτῷ

2217 1703 2338 1772 ἄγει
2369 1703 2676 1774 ἐνέχεσθαι.
2713 1705 2778 1758 Τί
2812 1705 2869 1758 δὲ
2899 1705 2961 1758 τὸ
2994 1705 3139 1776 ἱερὸν
3173 1701 3318 1759 εἶναι
3352 1706 3644 1776 νενόμιστο,
3668 1705 3752 1777 ἤδη

2145 1794 2188 1850 Β
2222 1812 2313 1865 μοι
2353 1797 2767 1866 προαφὴγηται.
2805 1797 3081 1866 Χαίροντα
3114 1797 3169 1850 δὲ
3206 1795 3423 1860 τούτοις
3443 1798 3661 1868 ὁρῶντες
3682 1798 3762 1850 αὖ·

2219 1888 2332 1954 τὸν,
2358 1888 2664 1959 ἐπίχρυσόν
2691 1906 2752 1942 τε
2786 1889 2978 1960 δίφρον
3017 1890 3168 1961 αὐτῷ
3198 1889 3410 1956 ἔδοσαν,
3453 1891 3545 1943 καὶ
3595 1889 3760 1960 στολὴν

2219 1975 2252 2056 ᾖ
2281 1980 2448 2035 πάλαι
2475 1981 2714 2051 ἐχρῶντο
2743 1971 2799 2036 οἵ
2827 1981 3281 2052 βασιλεύσαντες,
3320 1983 3413 2035 καὶ
3445 1982 3672 2052 φρουρὰν
3706 1981 3758 2033 ὲκ

2218 2071 2328 2123 τῶν
2365 2072 2576 2125 ἱππέων
2604 2073 2699 2126 καὶ
2727 2074 2792 2127 ὲκ
2829 2074 2938 2126 τῶν
2967 2074 3294 2145 βουλευτῶν,
3329 2073 3579 2143 εῦχεσθαί
3613 2089 3664 2125 τε
3684 2073 3761 2143 δη·

2223 2163 2388 2235 μοσίᾳ
2445 2165 2586 2235 ὑπὲρ
2633 2164 2826 2229 αὑτοῦ,
2891 2167 2987 2220 καὶ
3031 2165 3132 2236 τὴν
3185 2168 3362 2236 τύχην
3411 2165 3572 2219 αὑτοῦ
3618 2165 3761 2234 ὀμνύ-

2219 2274 2307 2312 ναι
2347 2258 2481 2328 (71),
2518 2259 2612 2310 καὶ
2648 2259 2717 2311 τὰ
2748 2258 3184 2330 πραχθησόμενα
3242 2259 3380 2329 παρ’
3415 2259 3574 2312 αὐτοῦ
3623 2258 3760 2328 κύρια

2218 2352 2516 2420 τυγχάνειν
2551 2351 2983 2424 ἐνομοθέτησαν,
3015 2353 3104 2407 διά
3134 2371 3195 2406 τε
3227 2353 3396 2408 αὐτὸν
3432 2353 3642 2406 Ἰούλιον
3663 2352 3757 2421 (Ἷῖ)

2219 2445 2695 2514 προσηγόρευσαν,
2748 2445 2846 2498 καὶ
2897 2445 3035 2500 ἄλλα
3091 2446 3318 2498 πλείονα
3351 2447 3460 2516 (ἵνα
3485 2446 3539 2498 δὲ
3583 2446 3634 2498 τὸ
3661 2443 3762 2498 καθ’

2219 2537 2448 2589 ἕκαστον
2476 2535 2918 2607 ἀπαριθμοῦντες
2943 2539 3036 2590 τὸν
3061 2539 3346 2608 ἀκροατὴν
3378 2540 3454 2608 μὴ
3480 2539 3760 2592 ἁποκναίω-

2223 2628 2344 2697 μεν)
2381 2627 2532 2697 αὐτῷ
2580 2627 2943 2699 ἐψηφίσαντο.
2983 2629 3074 2695 Ἐξ
3098 2625 3172 2683 ὧν
3212 2630 3506 2698 ἐπίφθονος
3553 2628 3763 2696 ἔδοξενῆ

2224 2721 2428 2791 μᾶλλον
2459 2723 2786 2792 νεμεσητὸς,
2822 2725 2916 2778 καὶ
2939 2725 3063 2777 καθ’
3095 2723 3296 2777 ἑαυτοῦ
3332 2724 3562 2787 πολλοὺς
3607 2725 3764 2793 διηρέ-

2222 2815 2361 2879 θισε,
2398 2816 2594 2888 μέχρις
2646 2816 2714 2870 ἂν
2763 2820 2847 2878 εἰς
2899 2815 2962 2869 τὸ
3010 2817 3238 2870 ἐπελθὸν
3289 2815 3439 2886 αὐτῷ
3471 2817 3764 2885 κατηντήκει

2221 2911 2394 2972 τέλος.
2429 2911 2538 2964 Καὶ
2562 2912 2590 2964 ὁ
2640 2912 2740 2981 μὲν
2771 2909 2916 2964 οὕτω
2953 2913 3188 2980 σφαγεὶς
3243 2911 3448 2966 ἔκειτο.
3500 2911 3562 2967 OE
3595 2899 3644 2964 δὲ
3673 2911 3766 2962 ἐκεῖ

2220 3005 2490 3073 παρόντες
2516 3003 2797 3074 ἄνθρωποι
2835 3007 3082 3071 ἅπαντες
3141 3008 3524 3078 ἐταράττοντο,
3562 3007 3650 3072 τὴν
3678 3003 3767 3055 τῶν

2226 3098 2479 3166 σςαγέων
2503 3099 2826 3167 ἅγνοοῦντες
2847 3099 3113 3166 διάνοιαν,
3143 3101 3239 3153 καὶ
3269 3099 3349 3164 ὡς
3394 3101 3589 3153 αὐτίκα
3614 3098 3766 3151 κινδυο

2223 3191 2506 3255 νεύσοντες
2536 3191 2795 3262 ἔφευγον,
2830 3195 2926 3246 καὶ
2958 3194 3084 3256 τοὺς
3122 3195 3508 3256 συναντῶντας
3533 3191 3765 3261 ἐξέπλησ-

2224 3302 2338 3350 σον,
2377 3287 2473 3339 καὶ
2509 3286 2725 3356 θρήνων
2775 3287 2875 3357 τὴν
2925 3287 3085 3339 πόλιν
3134 3285 3433 3359 ἐπλήρουν.
3473 3290 3579 3341 Καὶ
3621 3288 3650 3356 ἡ
3687 3287 3768 3354 μὲν

2221 3375 2376 3438 πόλις
2406 3374 2550 3429 οὕτω
2579 3376 2834 3442 διέκειτο,
2868 3379 2917 3430 ὀί
2940 3377 2998 3430 δὲ
3037 3382 3290 3446 σφαγείς,
3339 3377 3570 3440 δεδιότες
3609 3378 3766 3448 μήτις

2223 3469 2408 3536 σφίσιν
2459 3469 2742 3539 ἐπίθηται,
2803 3474 3031 3540 γυμνοῖς
3064 3473 3159 3523 καὶ
3191 3473 3538 3543 ᾑμαγμένοις
3577 3475 3678 3534 τοῖς
3708 3470 3768 3533 ξί-

2222 3579 2351 3632 φεσι
2384 3561 2474 3615 διὰ
2518 3563 2621 3632 τῆς
2681 3565 2890 3634 ἀγορᾶς
2932 3564 3240 3628 διελθόντες
3294 3567 3601 3637 ἀνέδραμον
3627 3565 3698 3625 είς
3721 3563 3770 3614 τὸ

2220 3655 2590 3720 Καπιτώλιον,
2651 3658 2772 3711 ἐκεῖ
2827 3674 2885 3709 τε
2926 3657 3026 3728 τὴν
3071 3658 3291 3728 ἡμέραν
3338 3665 3432 3713 καὶ
3492 3660 3588 3728 τὴν
3625 3656 3768 3709 νύκτα

2219 3748 2500 3817 διήγαγον.
2552 3748 2609 3801 '0
2638 3747 2696 3801 δὲ
2725 3747 2982 3813 Λέπδος,
3016 3751 3074 3803 ὲν
3102 3749 3180 3820 τῷ
3227 3752 3577 3820 στρατοπέδῳ
3611 3747 3767 3818 μαθὼν

2219 3840 2289 3894 τὰ
2319 3840 2688 3912 γεγενημένα,
2716 3840 2912 3904 νυκτὸς
2946 3843 3044 3896 σὺν
3069 3845 3185 3906 τοῖς
3215 3844 3582 3915 στρατιώταις
3634 3840 3768 3895 κατέ-

2219 3933 2375 3998 λαϐε,
2404 3934 2500 3986 καὶ
2523 3935 2664 3988 κατὰ
2693 3933 2804 3986 τῶν
2838 3934 3097 4003 σφαγέων
3123 3934 3486 4008 ἐδημηγόρει.
3523 3934 3767 3994 Ἀντώνιος

2218 4027 2299 4090 δὲ,
2316 4025 2409 4079 τοῦ
2432 4025 2710 4096 Καίσαρος
2737 4026 3138 4098 ἀναιρεθέντος,
3160 4029 3428 4098 φοϐηθεὶς
3456 4028 3673 4100 ὲκρύὸηο
3696 4027 3769 4080 τὸν

2218 4119 2277 4172 δὲ
2293 4118 2522 4172 Λέπιδον
2539 4118 2764 4172 ἐλθόντα
2795 4119 2982 4189 μαθὼν
3011 4123 3103 4174 καὶ
3126 4123 3256 4185 τοὺς
3285 4141 3381 4192 φοι
3392 4125 3474 4187 εἰς
3497 4124 3576 4188 είς
3594 4125 3649 4175 τὸ
3673 4123 3766 4174 Κα-

2219 4210 2478 4265 πιτώλιον
2497 4211 2680 4276 ὄντας,
2703 4209 2989 4282 θαρρήσας
3009 4212 3225 4284 ἐξῆλθε,
3259 4217 3356 4269 καὶ
3381 4218 3485 4288 τὴν
3507 4215 3770 4287 ’γερουσίαν

2177 4342 2185 4351 -
2219 4306 2488 4377 ἁθροίσας
2514 4306 2712 4378 ὡμίλει
2757 4309 2919 4379 αὐτῇ,
2944 4311 3039 4362 καὶ
3059 4308 3290 4380 γνώμας
3322 4312 3514 4382 είσῆγε
3557 4314 3683 4382 πρὸς
3711 4310 3766 4362 τὰ

2219 4401 2513 4471 γενόμενα.
2558 4402 2617 4456 '0
2638 4402 2696 4456 δὲ
2727 4403 2986 4473 Κικέρων
3009 4405 3417 4476 δημηγορήσας
3461 4408 3640 4460 ἔπεισε
3663 4404 3773 4456 πάν-

2147 4489 2192 4546 D
2222 4513 2321 4560 τας
2360 4494 2436 4566 μὴ
2462 4495 2830 4566 μνησικακεῖν
2855 4494 3132 4564 ἀλλήλοις,
3161 4497 3300 4550 ἀλλὰ
3325 4499 3432 4552 κᾶν
3454 4515 3597 4552 τισιν
3620 4497 3771 4569 ἡμάρ-

2221 4589 2383 4658 τηταί
2412 4604 2488 4653 τι,
2516 4587 2862 4658 παρόψεσθαι
2902 4587 3088 4652 τοῦτο,
3115 4589 3205 4642 ἵνα
3232 4590 3309 4661 μὴ
3365 4592 3622 4660 ἐμφύλιος
3645 4584 3772 4648 αὖθις

2221 4680 2451 4749 γένηται
2487 4678 2725 4747 πόλεμος
2769 4679 2863 4731 καὶ
2903 4677 3012 4731 τῶν
3048 4679 3280 4733 πολιτῶν
3311 4682 3538 4750 δλεθρος
3580 4679 3666 4734 ὑπ’
3689 4678 3768 4732 ἁλ-

2224 4768 2404 4840 λήλων
2465 4768 2796 4838 ὀλλυμένων,
2825 4769 3126 4840 ὁμονοῆσαι
3186 4771 3243 4824 δὲ
3291 4771 3597 4842 ὁμοφύλους
3637 4769 3772 4828 ὄντας

2229 4861 2324 4914 καὶ
2358 4863 2664 4929 συγγενεῖς.
2694 4860 2802 4914 Καὶ
2834 4860 3131 4930 προσέθετο
3169 4862 3280 4916 δεῖν
3308 4866 3407 4918 καὶ
3434 4866 3502 4918 τὰ
3529 4865 3668 4932 παρὰ
3693 4857 3772 4912 τοῦ

2228 4952 2510 5023 Καίσαρος
2569 4953 2883 5023 πραχθέντα
2911 4947 3024 5006 εἴτε
3057 4956 3115 5007 ἐν
3151 4955 3384 5025 δωρεαῖς
3416 4957 3451 5027 ἢ
3481 4955 3656 5025 τιμαῖς
3683 4945 3772 5003 εἶεν

2229 5044 2265 5114 ἦ
2287 5045 2345 5097 έν
2371 5045 2566 5115 ἀρχαῖς
2615 5047 2866 5114 φυλάξαι,
2893 5047 2989 5099 καὶ
3014 5029 3090 5118 μή
3115 5066 3166 5101 τι
3192 5047 3398 5103 τούτων
3423 5050 3772 5130 πολυπραγμο·

2229 5137 2392 5205 νήσαι
2450 5136 2482 5205 ἢ
2535 5138 2860 5207 ἀνατρέψαι.
2901 5140 3223 5204 Πεισθέντες
3272 5139 3366 5194 οὖν
3413 5139 3559 5210 αὐτῷ
3613 5130 3772 5206 μηδενὶ
3816 5159 3822 5168 -

2233 5226 2599 5294 μνησικακεῖν
2651 5227 3010 5296 ἐψηφίσαντο.
3066 5229 3180 5284 Καὶ
3232 5231 3280 5282 οἱ
3338 5228 3646 5299 σφαγείςδὲ
3679 5224 3770 5282 toi;

2229 5312 2589 5389 στρατιώταις
2642 5316 2959 5386 ὁμιλοῦντες
3007 5318 3073 5373 ἐκ
3110 5319 3206 5374 τοῦ
3245 5320 3594 5376 Καπιτωλίου
3630 5313 3769 5389 μηδὲν

1696 5417 1901 5482 Variae
1942 5420 2251 5489 lectiones
2296 5435 2356 5489 et
2403 5437 2594 5489 noue.

622 5519 1114 5609 τύχην
1165 5532 1355 5609 aurai}
1380 5534 1655 5609 ὀμῂύναι.
1715 5537 1820 5593 Per
1848 5541 2121 5609 fortunent

550 5591 799 5682 Caesar-is,
1097 5602 1260 5656 vertit
1291 5621 1313 5682 :_
1362 5591 1560 5682 melius
1592 5591 1737 5663 forte
1764 5591 2128 5682 ile;

553 5657 620 5746 de
633 5743 657 5746 _
669 5675 778 5746 qua.
835 5663 1077 5746 formula
1121 5657 1671 5746 consulendvusﬁp—rie
1683 5657 1918 5736 caeteri;

554 5726 710 5826 ιξιιριζ
737 5730 1116 5792 Hanscniusin
1145 5726 1246 5797 lib.
1280 5726 1366 5796 De
1393 5726 1928 5817 itaiciiiia'hciéj'E-Eﬁi.

2303 5546 2416 5615 (79.)
2447 5546 2550 5601 Διά
2596 5565 2659 5602 τε
2703 5551 2892 5604 αὐτὸν
2951 5554 3228 5612 Ἰούλιον.
3262 5555 3353 5613 Sic
3399 5574 3530 5615 mss.
3569 5554 3767 5613 Wolﬁus

2233 5615 2527 5686 legendum
2566 5629 2775 5683 censet,
2809 5621 2898 5675 διὰ
2923 5640 2980 5676 τε
3017 5626 3178 5679 αὐτὸν
3225 5627 3314 5680 τὸν
3346 5629 3667 5683 Κουϊντίλιον
3693 5627 3766 5676 τὸν

2236 5686 2380 5754 μῆνα
2417 5687 2636 5742 Ἰούλιον
2667 5693 3140 5764 προσηγόρευσαν.
3167 5698 3342 5768 Atque
3375 5699 3448 5756 ita
3475 5702 3645 5756 vertit.
