4018 6250
505 281 609 344 ⁸375

1737 282 2064 347 JOANNIS
2103 285 2428 349 ZONARB
3636 301 3726 367 876

505 397 643 451 citra
695 397 1004 469 periculum
1061 395 1486 453 Taurominium
1548 398 1786 470 trajecit.
1855 399 2084 454 Peracto

2193 401 2298 456 οὒτ’
2325 403 2628 476 ἀναχθῆναι
2671 422 2755 470 τις
2789 404 3080 478 ἠθέλησεν,
3115 406 3406 478 ἐπανῆλθε,
3451 410 3542 466 καὶ
3581 431 3731 483 παρε.

505 488 695 558 ρταιιίο
739 488 940 544 Sextus
998 489 1302 544 Messanam
1348 489 1608 547 celeriter
1663 506 1939 558 reversus,
1991 506 2087 547 co-

504 580 659 652 gnito
683 580 911 638 Caesaris
947 582 1175 653 trajectu
1205 623 1221 648 ,
1257 589 1404 638 terra
1451 599 1578 640 eum
1607 599 1901 656 aggressus
1947 596 2031 642 est
2068 603 2082 639 :

506 674 600 744 qui
649 675 844 730 classis
887 675 1124 730 maxima
1183 684 1339 746 parte
1399 678 1619 744 amissa,
1679 678 2085 748 pr0pemodum

507 765 626 835 ipse
659 780 879 834 quoque
933 765 1229 835 periisset,
1283 765 1380 821 sed
1447 774 1564 821 tum
1612 776 1764 821 terra
1837 767 2017 823 evasit
2068 783 2085 822 :

504 871 760 926 aegreque
786 856 969 912 ferens
1003 858 1308 913 exercitum
1341 858 1396 912 in
1433 858 1618 914 insula
1647 859 2086 914 circumventum

505 963 649 1014 esse,
721 964 833 1003 non
890 950 1050 1019 prius
1093 951 1303 1022 recepit
1372 951 1640 1017 animum,
1699 967 1863 1022 quam
1921 951 2088 1022 piscis

505 1042 647 1097 saltu
683 1054 714 1096 e
749 1043 887 1096 mari
936 1041 990 1096 in
1043 1052 1245 1098 terram
1280 1043 1462 1109 facto,
1509 1053 1704 1114 sponte
1748 1051 1877 1100 ante
1921 1043 2090 1113 pedes

505 1132 630 1200 ejus
680 1133 948 1188 concidit.
1007 1134 1067 1189 Id
1135 1136 1283 1190 enim
1337 1144 1492 1189 vates
1551 1134 2088 1205 interpretabantur,

506 1225 624 1278 fore
657 1233 718 1278 ut
749 1228 885 1281 mari
915 1227 1209 1297 potiretur.
1248 1227 1379 1298 Ejus
1411 1245 1543 1283 vero
1572 1228 1852 1282 exercitus
1875 1242 2000 1282 cum
2032 1234 2089 1280 et

504 1317 877 1386 obsideretur,
936 1329 994 1375 et
1042 1320 1303 1374 alimenta
1356 1337 1465 1374 non
1521 1320 1774 1386 haberet,
1819 1328 1876 1374 et
1921 1333 2081 1388 opem

506 1411 679 1466 ferret
709 1428 873 1468 nemo
895 1453 909 1478 ,
941 1411 1266 1468 Cornificius
1300 1411 1408 1468 dux
1443 1414 1562 1484 ejus
1597 1412 1828 1467 navibus
1851 1426 1881 1466 e
1906 1426 2087 1482 pugna

503 1504 732 1574 reliquis
769 1504 999 1568 exustis,
1029 1505 1143 1574 ipse
1174 1519 1395 1574 quoque
1427 1505 1492 1558 ad
1521 1504 1686 1575 Mylas
1717 1503 1950 1559 abduxit
1975 1517 2069 1556 eo-

504 1596 646 1666 pias,
679 1612 742 1652 ac
769 1596 824 1651 in
855 1597 1052 1653 itinere
1089 1599 1291 1654 multas
1319 1597 1502 1654 clades
1527 1596 1772 1666 accepit,
1815 1596 1871 1651 in
1902 1593 2086 1650 florui-

503 1703 635 1742 num
690 1691 925 1745 transitu
974 1692 1344 1761 potissimum,
1387 1689 1642 1746 hostibus
1691 1699 1848 1760 tergo
1904 1688 2082 1742 inlue-

2191 493 2493 559 σκευάζετο
2529 494 2605 559 ὡς
2651 494 2982 566 πολεμήσων
3014 498 3078 568 τῇ
3134 496 3384 568 ἐπιούσῃ.
3416 499 3492 553 Τά
3528 500 3567 554 δ’
3614 504 3734 558 αὑτᾶ
3824 544 3836 554 .

2188 583 2285 636 καὶ
2322 582 2401 653 τῷ
2429 584 2743 656 Δημοχάρει
2787 583 3128 654 συμϐέϐηκε,
3169 585 3262 638 καὶ
3294 587 3606 658 ἡτοιμάζετο
3648 595 3733 647 κά.

2190 676 2387 740 κεῖνος,
2421 674 2496 740 ὡς
2525 677 2639 739 τοῖς
2680 676 2966 747 πολεμίοις
3025 675 3476 748 ἐπελευσόμενος,
3528 683 3617 736 καὶ
3658 684 3736 738 τὸν

2188 764 2386 830 Σέξτον
2419 767 2474 820 δὲ
2499 765 2914 838 μετεπέμψατο.
2967 765 3184 838 Ἡμέρα
3211 783 3271 820 τε
3301 766 3400 837 ήδη
3453 768 3732 842 ὑπέλαμπε,

2189 855 2288 909 καὶ
2332 855 2500 926 ἄμφω
2534 856 2606 910 τά
2633 859 2866 910 ναυτικά
2895 857 2985 911 ἐπ’
3027 857 3235 928 ἄλληλα
3279 857 3490 923 ἐπλεον,
3524 863 3610 914 καὶ
3648 863 3737 932 τῆς

2190 949 2499 1021 ναυμαχίας
2534 946 3006 1021 ἀπήρξαντο,’καὶ
3033 951 3128 1003 ἐπὶ
3159 949 3411 1005 πλεῖστον
3449 951 3546 1022 μὲν
3575 955 3738 1025 ἀγχω-

2195 1040 2385 1110 μάλως
2413 1042 2775 1113 ἠγωνίσαντο.
2820 1043 2948 1114 Ὀψὲ
2965 1044 3010 1098 δ’
3032 1039 3127 1098 οὖν
3144 1060 3276 1097 ποτε
3313 1045 3407 1098 καὶ
3436 1045 3566 1117 πρὸς
3587 1047 3690 1100 νύκν
3707 1065 3736 1100 α

2188 1133 2293 1205 ήδη
2325 1135 2377 1186 σί
2409 1133 2500 1188 τοῦ
2531 1135 2809 1206 Καίσαρος
2849 1136 3184 1208 ἐκράτησαν,
3217 1136 3281 1190 οὐ
3315 1135 3494 1206 μέντοι
3522 1146 3612 1192 καὶ
3631 1141 3740 1192 ἐπε-

2189 1225 2405 1292 δίωξαν.
2435 1229 2653 1299 Καῖσαρ
2690 1227 2778 1294 δέ,
2811 1227 2906 1282 τοῦ
2935 1228 3132 1295 Σέξτου
3155 1229 3219 1281 ἐκ
3249 1228 3349 1298 τῆς
3373 1229 3616 1298 Μεσήνης
3663 1230 3739 1284 δια

2189 1318 2289 1390 τὴν
2343 1319 2654 1390 ναυμαχίαν
2703 1319 3044 1390 ἀπάραντος,
3093 1319 3397 1384 ἀκινδύνως
3459 1322 3738 1391 ἐπεραιώθη

2193 1411 2327 1479 πρὸς
2354 1409 2749 1481 Ταυρομένιον.
2791 1410 2932 1481 Ἤδη
2966 1411 3024 1464 δέ
3068 1409 3170 1480 τῆς
3203 1410 3510 1481 ναυμαχίας
3541 1411 3740 1466 πασθεί-

2193 1515 2293 1569 σης
2327 1499 2532 1572 σπουδῇ
2562 1501 2699 1571 πρὸς
2731 1500 2829 1574 τὴν
2846 1503 3105 1574 Μεσήνην
3135 1503 3164 1557 6
3187 1502 3380 1568 Σέξτος
3400 1502 3635 1572 ἀφίκετο,
3658 1505 3740 1559 καὶ

2194 1592 2382 1664 μαθὼν
2417 1593 2796 1664 περαιωθέντα
2829 1594 2922 1648 τὸν
2951 1596 3232 1668 Καίσαρα,
3263 1595 3585 1666 προσέμιξεν
3611 1597 3738 1669 αὐτῷ

2192 1686 2334 1741 κατά
2379 1687 2500 1759 γῆν.
2528 1688 2637 1742 Καὶ
2663 1689 2692 1740 6
2734 1690 2956 1761 Καῖσαρ
2989 1689 3084 1744 τοῦ
3119 1707 3178 1744 τε
3210 1690 3470 1745 ναυτικοῦ
3498 1690 3554 1743 τὺ
3581 1690 3740 1744 πλεῖον

497 1780 802 1837 rentibus:
842 1783 1009 1854 idque
1056 1800 1156 1854 per
1218 1784 1461 1838 triduum
1520 1783 1762 1837 duravit.
1825 1780 2086 1835 Extremo

2193 1778 2427 1834 ἀπέόαλε
2458 1780 2554 1836 καὶ
2599 1781 2760 1845 αὐτὸς
2808 1783 2990 1851 ὀλίγου
3027 1783 3482 1854 προσδιεφθάρη·
3533 1782 3658 1847 τέως
3703 1782 3740 1836 δ’

499 1888 637 1928 vero
692 1874 780 1930 die
815 1891 938 1931 cum
987 1875 1186 1932 Sextus
1222 1876 1389 1932 etiam
1430 1875 1768 1939 advenisset,
1826 1872 2076 1943 undique

493 1965 685 2020 a'exati
733 1982 928 2024 omnes
981 1969 1314 2039 periissem,
1373 1968 1477 2026 nisi
1523 1965 1847 2039 Pompeiani
1910 1965 2092 2022 coacti

497 2066 689 2113 essent
742 2060 1108 2116 retrocedere.
1156 2061 1394 2133 Aggripa
1455 2062 1604 2116 enim
1663 2060 1844 2115 navali
1905 2075 2089 2132 pugna

501 2150 702 2211 victor,
737 2151 982 2206 Siciliam
1017 2154 1300 2224 ingressus
1322 2193 1337 2218 ,
1367 2153 1636 2208 exercitui
1663 2152 2005 2207 frumentum
2033 2160 2090 2206 et

501 2241 704 2297 auxilia
749 2244 903 2298 misit
954 2261 969 2299 :
1027 2247 1185 2316 cujus
1232 2244 1530 2299 adventum
1576 2254 1829 2298 metuens
1871 2241 2090 2309 Sextus,

487 2343 651 2389 tanta
693 2335 1050 2394 festinatione
1083 2340 1336 2403 recessit,
1391 2346 1452 2393 ut
1500 2337 1898 2408 impedimenta
1943 2334 2091 2407 quae;

488 2425 628 2481 .dam
676 2435 744 2480 .et
813 2439 1186 2485 commeatum
1233 2429 1287 2484 in
1359 2429 1670 2485 munitione
1733 2429 2092 2499 relinqueret,

2187 1868 2284 1928 οὖν
2319 1875 2401 1937 είς
2449 1874 2550 1946 τὴν
2608 1875 2840 1946 ἧπειρον
2887 1876 3262 1931 διασέσωστο·
3323 1877 3514 1947 ηχθετο
3559 1876 3611 1930 δέ
3661 1876 3739 1930 τοῦ

2189 1963 2601 2036 στρατεύματος
2629 1967 2688 2020 ἐν
2716 1970 2782 2038 τῇ
2811 1969 2959 2038 νήσῳ
2979 1968 3426 2040 ἀπειλημμένου,
3454 1975 3542 2022 καὶ
3555 1970 3610 2022 οὗ
3633 1971 3741 2038 πρὶν

2187 2054 2568 2128 ἀνεθάρσησεν
2592 2055 2696 2120 ἐως
2725 2056 2878 2127 ίχθὺς
2917 2057 3205 2128 ἀναθορὼν
3239 2059 3310 2112 ἐκ
3340 2059 3440 2128 τῆς
3495 2059 3740 2124 θαλάσσης

2189 2148 2506 2219 αὐτόματος
2567 2148 2705 2220 πρὸς
2732 2149 2861 2214 τοὺς
2883 2150 3052 2215 πόδας
3073 2151 3240 2204 αὐτοῦ
3262 2151 3448 2209 ἔπεσε.
3473 2151 3631 2206 Τοῦτο
3651 2149 3738 2220 γὰρ

2190 2243 2241 2298 oi
2276 2242 2503 2314 μάντεις
2526 2243 2726 2314 δηλοῦν
2758 2242 3124 2314 ἐξηγήσαντο,
3160 2245 3244 2298 ὅτι
3291 2243 3612 2299 δουλώσεται
3659 2246 3740 2312 τὴν

2187 2333 2486 2388 θάλασσαν.
2508 2333 2572 2387 Ἦ
2593 2334 2651 2388 δέ
2680 2333 2776 2388 τοῦ
2798 2335 3077 2406 Καίσαρος
3109 2334 3346 2406 στρατιά
3383 2335 3740 2404 ἐπολιορκεῖτο,

2186 2428 2284 2482 καὶ⁵
2311 2428 2434 2480 ἐπεὶ⁵
2463 2427 2532 2480 τὰ
2573 2428 2862 2500 ἐπιτήδεια
2891 2429 3154 2484 ἐπέλιπον
3203 2432 3370 2499 σφᾶς,
3408 2431 3498 2483 καὶ
3520 2433 3546 2484 6
3571 2428 3740 2502 βοηθή-

491 2532 614 2586 quo
682 2521 978 2575 sustentati
1038 2521 1425 2586 Corniﬁciani,
1482 2522 1576 2579 ubi
1655 2521 1726 2576 ad
1790 2521 2086 2593 Agrippam

2198 2537 2309 2573 σων
2343 2520 2444 2573 οὐκ
2476 2516 2566 2590 ἦν,
2623 2521 2652 2572 6
2703 2519 2910 2592 ταύτης
2963 2522 3149 2592 ἄρχων
3198 2522 3588 2594 Κουρνοφίκιος
3612 2520 3671 2574 τά
3697 2536 3744 2571 τε

500 2623 900 2677 pervenerunt,
937 2627 968 2667 a
999 2612 1212 2670 Caesare
1242 2613 1499 2670 laudibus
1535 2623 1591 2670 et
1634 2615 1960 2670 muneribus
1995 2627 2080 2668 re-

2193 2613 2366 2686 σκάφη
2390 2615 2492 2668 ὅσα
2515 2614 2578 2667 ἐκ
2606 2613 2704 2684 τῆς
2728 2615 3039 2685 ναυμαχίας
3052 2615 3434 2686 περισέσωστο
3464 2614 3646 2668 ἔκαυσε
3666 2612 3742 2664 καὶ

501 2702 670 2756 creati
708 2712 859 2758 sunt.

2193 2705 2345 2768 αὐτὸς
2379 2705 2518 2776 πρὸς
2552 2705 2651 2769 τὰς
2713 2706 2906 2770 Μύλας
2972 2707 3156 2776 ἀπῆγε
3187 2708 3293 2776 τὴν
3341 2706 3611 2779 στρατιάν·
3667 2705 3744 2756 καὶ

499 2794 667 2848 πο).λᾶ
693 2795 1054 2868 ἐκακώθησαν
1085 2799 1237 2871 παρὰ
1267 2798 1374 2852 τῶν
1408 2799 1668 2852 ἐναντίων
1720 2797 2076 2868 ἐφεπομένων
2118 2797 2308 2858 αὐτοῖς
2367 2797 2424 2850 ἐν
2457 2815 2516 2850 τε
2547 2799 2614 2869 τῇ
2679 2797 2817 2871 ἄλλῃ
2843 2799 3040 2870 πορείᾳ
3069 2801 3165 2853 καὶ
3203 2800 3412 2870 μᾶλλον
3437 2801 3492 2853 ἐν
3521 2799 3629 2860 ταῖς
3656 2797 3742 2848 τῶν

499 2894 761 2964 ποταμῶν
796 2894 1102 2964 διαϐάσεσι,
1148 2899 1242 2950 καὶ
1276 2897 1370 2951 ἐπὶ
1405 2899 1553 2967 τρεῖς
1597 2895 1814 2968 ἡμέρας
1881 2895 2123 2966 ἔπασχον
2186 2895 2381 2958 οὕτως.
2418 2895 2498 2964 Τῇ
2541 2894 2597 2948 δέ
2630 2913 2695 2964 γε
2741 2896 3028 2966 τελευταίᾳ
3060 2898 3239 2967 πάντη
3271 2897 3472 2960 αὐτοὺς
3497 2897 3744 2950 ἐκάκωσαν

498 2987 937 3058 προσγενομένου
987 2987 1170 3052 αὐτοῖς
1203 2989 1298 3042 καὶ
1338 2987 1430 3041 τοῦ
1480 2988 1694 3053 Σέξτου.
1735 2987 1846 3041 Καί
1883 2987 2088 3050 πάντες
2131 2986 2198 3040 ἂν
2264 2985 2664 3056 διεφθάρησαν,
2699 2986 2748 3039 εί
2779 2987 2854 3057 μὴ
2909 2987 3060 3056 σφῶν
3092 2986 3188 3041 καὶ
3217 2987 3448 3048 ἄκοντες
3478 2986 3744 3054 ἀπέσχοντο

499 3080 549 3132 οἱ
582 3078 857 3147 πολέμιοι.
911 3079 973 3133 ’0
1032 3079 1138 3149 γὰρ
1194 3079 1509 3150 Ἀγρίππας
1561 3080 1794 3149 νικήσας
1854 3080 1954 3150 τὴν
2011 3077 2345 3149 ναυμαχίαν,
2413 3078 2470 3142 ἐς
2544 3077 2799 3132 Σικελίαν
2863 3078 3203 3150 ἐπεραιώθη,
3251 3079 3354 3134 καὶ
3398 3079 3539 3132 σῖτόν
3592 3094 3644 3131 τε
3681 3075 3744 3148 τῷ

502 3169 721 3240 στρατῷ
749 3170 848 3224 καὶ
873 3169 1133 3241 βοήθειαν
1167 3169 1406 3241 ἔπεμψε.
1456 3172 1568 3224 Καὶ
1607 3171 1634 3222 6
1689 3169 1906 3234 Σέξτος,
1933 3169 2098 3222 αὑτὸν
2139 3168 2230 3222 τὸν
2297 3168 2614 3240 Ἀγρίππαν
2642 3168 2796 3240 ἥξειν
2820 3170 2940 3223 ἐκεῖ
2960 3169 3350 3241 προσδοκήσας
3372 3170 3465 3224 καὶ
3499 3168 3741 3240 φοϐηθεὶς.

503 3260 707 3332 σπουδῇ
737 3261 1110 3332 ἀνεχώρησεν,
1140 3261 1282 3315 ὥστε
1319 3262 1490 3334 σκεύη
1528 3261 1652 3316 τινὰ
1680 3264 1777 3316 καὶ
1803 3263 2090 3334 ἐπιτήδεια
2127 3260 2458 3330 καταλεῖψαι
2491 3263 2551 3314 ἐν
2606 3261 2683 3333 τῷ
2708 3262 2966 3335 ἐρύματι,
3004 3262 3062 3327 ἐξ
3091 3256 3166 3316 ὧν
3197 3267 3501 3336 τραφέντες
3532 3264 3576 3317 οἱ
3640 3277 3746 3332 περὶ

498 3355 594 3408 τὸν
624 3353 1022 3425 Κουρνοφίκιον
1050 3354 1188 3425 πρὸς
1239 3354 1330 3408 τὶν
1355 3356 1671 3425 Ἀγρίππαν
1696 3358 1968 3430 ἀπῄεσανο
1999 3355 2093 3422 οὓς
2132 3358 2162 3411 6
2196 3359 2418 3428 Καῖσαρ
2449 3356 2696 3421 ἐπαίνοις
2719 3360 2816 3411 καὶ
2842 3357 3078 3430 δωρεαῖς
3105 3356 3471 3430 ἀνεκτήσατο.

578 3447 744 3504 XXV.
785 3449 917 3504 Post
953 3448 1071 3505 liaic
1097 3465 1221 3505 cum
1250 3449 1448 3506 Sextus
1471 3451 1527 3507 in
1553 3452 1796 3508 Siciliam
1824 3455 2088 3518 venisset,

2269 3449 2400 3507 KE'.
2437 3452 2592 3507 Μετά
2618 3450 2781 3506 τοῦτο
2807 3451 2855 3505 δ’
2883 3454 2940 3516 ἐς
2969 3451 3223 3507 Σικελίαν
3257 3454 3469 3508 ἐλθόντι
3516 3453 3588 3525 τῷ
3628 3450 3745 3506 Kai-

505 3535 572 3590 ad
596 3536 953 3590 Artemisium
981 3545 1162 3591 castra
1191 3540 1375 3609 posuit
1407 3557 1422 3594 :
1457 3541 1550 3596 ubi
1578 3557 1702 3596 cum
1731 3541 1876 3597 inter
1898 3557 1957 3598 se
1991 3558 2089 3598 ve-

491 3631 818 3694 .litarentur,
850 3630 1042 3688 Gallus
1073 3647 1203 3688 suas
1243 3635 1432 3706 copias
1459 3651 1585 3690 cum
1611 3635 1811 3702 Sexto,
1849 3635 2089 3707 Lepidus

489 3739 629 3779 cum
693 3723 910 3779 Caesare
965 3724 1296 3796 conjunxit;
1351 3742 1414 3781 ac
1455 3727 1544 3782 ille
1586 3727 1809 3798 quidem
1861 3728 2088 3784 Sextum

503 3817 872 3882 confirmavit,
911 3817 1001 3872 hic
1033 3827 1217 3873 autem
1247 3833 1372 3873 cum
1403 3817 1616 3874 Caesare
1648 3818 1810 3890 517
1857 3829 2092 3876 conten-

501 3911 626 3976 dit;
661 3926 786 3964 nam
811 3926 876 3965 ex
913 3925 1071 3981 aequo
1103 3927 1228 3966 cum
1263 3927 1330 3966 eo
1353 3911 1744 3968 administrare
1773 3913 1949 3967 voluit
1973 3928 2092 3968 om-

503 4003 595 4058 nia
614 4002 833 4069 ;-Ctesar
854 4017 984 4057 vero
1006 4018 1074 4058 eo
1095 4019 1195 4073 pro
1218 4003 1397 4074 legato
1424 4004 1478 4057 in
1497 4004 1754 4058 omnibus
1780 4003 1856 4058 uti
1877 4005 2050 4058 voluit
2074 4023 2089 4060 :

504 4111 675 4166 quare
742 4094 812 4149 ad
863 4094 1088 4150 Sexlum
1139 4095 1443 4161 inclinaiit,
1507 4103 1563 4150 et
1627 4096 1767 4152 clam
1827 4113 1952 4152 cum
2023 4111 2090 4151 eo

503 4189 669 4244 verba
727 4189 998 4254 contulit;
1060 4203 1170 4258 quo
1219 4186 1395 4242 C:esar
1447 4188 1864 4254 animadverso,
1913 4188 2091 4259 primo

486 4295 727 4350 quoque
753 4287 997 4350 tempore
1029 4280 1352 4349 priusquam
1401 4279 1607 4350 aliquid
1639 4289 1956 4346 novaretur,
1991 4279 2090 4335 de-

505 4384 734 4424 cernere
770 4385 894 4424 cum
923 4369 1089 4424 Sexto
1122 4370 1376 4424 instituit.
1408 4369 1544 4424 Cum
1577 4371 1830 4440 praelium
1865 4369 1919 4424 in
1952 4369 2090 4424 mari

501 4461 863 4515 commissum
903 4461 1224 4532 longissimo
1253 4472 1529 4532 tempore,
1563 4463 1796 4518 victoria
1837 4471 2090 4518 neutram

487 4551 571 4606 -in
615 4563 828 4622 partem
867 4552 1165 4608 inclinante
1207 4553 1456 4621 duraret,
1519 4555 1739 4624 utrique
1805 4555 2090 4624 pedestres

489 4646 788 4700 exercitus
818 4644 872 4699 in
921 4646 1205 4717 procinctu
1246 4655 1390 4700 terra
1421 4654 1652 4713 stantes,
1694 4655 1952 4700 eventum
1988 4645 2091 4700 sol-

508 4739 702 4793 licitati
739 4739 1185 4809 speculabantur.
1217 4738 1386 4794 Sexto
1423 4740 1643 4795 tandem
1675 4739 1982 4811 proﬂigato,
2013 4740 2090 4794 al-

395 4891 398 4894 ,
511 4831 615 4886 teri
669 4846 896 4902 paeanes
934 4831 1230 4895 canebant,
1273 4833 1431 4887 alteri
1485 4832 1930 4887 lamentabantur
1973 4851 1986 4886 :
2027 4847 2091 4887 ac
2129 4816 2173 4872 ι)

507 4923 659 4981 Sexti
689 4925 912 4997 pedites
943 4964 959 4989 ,
989 4928 1149 4996 quasi
1185 4937 1243 4982 et
1275 4927 1379 4996 ipsi
1423 4941 1530 4980 una
1571 4941 1696 4981 cum
1740 4927 1916 4981 classe
1959 4926 2091 4981 victi

507 5023 715 5081 essent,
770 5015 1079 5070 Messanam
1137 5015 1456 5071 tendebaut.
1503 5015 1686 5073 Caesar
1737 5034 1866 5072 vero
1915 5017 2092 5071 victos

505 5106 605 5176 qui
635 5106 690 5161 in
715 5114 917 5161 terram
943 5107 1265 5172 enatabant,
1298 5107 1615 5178 excipiebat
1642 5126 1656 5169 :
1691 5118 1746 5163 et
1774 5123 1943 5162 naves
1969 5123 2092 5177 quze

491 5208 673 5252 terra:
715 5198 1113 5264 allidebantur,
1151 5199 1509 5254 incendebat.
1542 5199 1759 5254 Interea
1791 5200 2094 5253 Democha-

507 5304 596 5344 res
633 5289 739 5344 sibi
775 5290 877 5360 ipsi
911 5305 1106 5344 manus
1133 5291 1318 5345 attulit
1355 5306 1368 5344 :
1417 5289 1788 5360 Apollodorus
1816 5291 1884 5344 ad
1912 5287 2093 5344 Caesa-

509 5395 626 5436 rem
665 5381 890 5438 defecit.
931 5382 1080 5438 Idem
1120 5392 1322 5454 praeter
1354 5382 1493 5436 alios
1526 5390 1582 5436 et
1622 5383 1846 5446 Gallus,
1883 5393 1939 5436 et
1965 5383 2086 5453 ejus

507 5472 724 5543 equites
771 5489 1005 5541 omnes,
1054 5475 1363 5546 etquidem
1411 5471 1626 5543 pedites
1676 5472 1874 5526 imitati
1937 5481 2088 5527 sunt.

509 5565 700 5634 Itaque
748 5562 970 5631 Sextus,
1019 5566 1328 5637 desperatis
1362 5564 1529 5619 rebus
1557 5562 1666 5617 ﬁlia
1704 5579 1830 5618 cum
1868 5564 1992 5617 aliis
2035 5572 2093 5618 et

509 5654 747 5726 pecunia
798 5665 855 5709 et
907 5657 1330 5726 pretiosissimis
1397 5655 1714 5726 quibusque
1771 5655 1940 5710 rebus
2003 5655 2094 5707 lir-

512 5748 773 5804 missimis
814 5749 1049 5803 navibus
1093 5749 1406 5818 impositis,
1454 5757 1622 5802 noctu
1669 5746 1847 5814 abiit,
1901 5763 2096 5819 perse-

2195 3559 2323 3616 σαρι
2381 3545 2512 3616 περὶ
2535 3546 2595 3600 τὸ
2619 3546 2966 3616 ’Δρτεμίσιον
3022 3546 3051 3598 6
3096 3543 3295 3609 Σέξτος
3346 3548 3743 3614 ἀντεστρατοπε·

2191 3635 2440 3693 δεύσατο.
2475 3637 2957 3708 ’Δντικαθημένων
2979 3635 3024 3690 δ’
3055 3635 3314 3708 ἀλληλοις
3355 3641 3450 3692 καὶ
3491 3633 3743 3708 ἀκροϐολι-

2193 3728 2440 3800 ζομένων
2472 3730 2552 3798 τῷ
2576 3731 2678 3802 μὲν
2704 3731 2885 3802 Σέξτῳ
2934 3733 2962 3786 6
3013 3732 3238 3796 Γάλλος,
3297 3732 3375 3803 τῷ
3433 3732 3488 3786 δέ
3540 3731 3744 3799 Καίσαρι

2190 3822 2219 3875 6
2239 3821 2472 3886 Λέπιδος
2492 3823 2589 3876 σὺν
2620 3826 2744 3888 ταῖς
2773 3823 3042 3895 δυνάμεσι
3070 3827 3449 3895 προσήνωντο.
3490 3825 3591 3878 Καὶ
3609 3824 3634 3876 ό
3659 3820 3741 3892 μὲν

2192 3912 2396 3978 Γάλλος
2431 3915 2718 3987 ἐπέρρωσε
2741 3914 2833 3968 τὸν
2865 3916 3082 3984 Σέξτον,
3115 3918 3142 3969 6
3168 3916 3228 3968 δέ
3253 3915 3486 3980 Λέπιδος
3517 3911 3741 3984 διηνέχθη

2192 4005 2272 4076 τῷ
2307 4005 2577 4077 Καίσαρι,
2601 4007 2764 4070 αὐτὸς
2806 4008 2906 4079 μέν
2935 4011 3000 4062 ἐκ
3031 4027 3128 4062 του
3172 4010 3295 4065 ἴσου
3337 4007 3642 4082 συνδιοικεῖν
3667 4003 3743 4056 σὺ·

2192 4095 2273 4166 τῷ
2307 4098 2377 4150 τά
2401 4099 2582 4152 πάντα
2614 4098 2960 4170 βουλόμενος,
2985 4100 3198 4154 ἐκείνου
3255 4101 3316 4155 δὲ
3377 4099 3451 4163 ὡς
3496 4098 3740 4166 ὑποστρα-

2192 4190 2350 4262 τήγῳ
2383 4191 2533 4262 αὐτῷ
2568 4192 2856 4262 χρωμένου
2903 4195 2960 4246 ἐν
2998 4195 3190 4249 ἀπασι.
3257 4196 3351 4247 Διὸ
3393 4194 3482 4247 καὶ
3517 4190 3644 4262 πρὸς
3668 4186 3744 4238 τιν

2195 4284 2390 4351 Σέξτον
2422 4283 2707 4348 ἀπέκλινε,
2743 4287 2837 4338 καὶ
2883 4285 3279 4355 ἐκοινολογεῖτο
3338 4287 3406 4340 δι’
3451 4282 3744 4354 ἀπορρήτων

2193 4375 2366 4446 αύτῷ.
2432 4375 2497 4429 Ὃ
2549 4376 2859 4446 ὑπονοήσας
2899 4377 2927 4428 6
2980 4378 3202 4448 Καῖσαρ
3255 4379 3493 4430 ἔσπευσε
3545 4371 3661 4444 πρίν
3703 4383 3744 4418 τι

2193 4467 2578 4538 νεοχμωθῆναι
2609 4467 2698 4520 διὰ
2741 4469 2930 4539 μάχης
2993 4469 3070 4539 τῷ
3125 4469 3309 4540 Σέξτῳ
3359 4469 3618 4539 χωρῆσαι.
3656 4458 3745 4514 Καὶ

2193 4559 2503 4630 ναυμαχίας
2526 4577 2588 4613 τε
2620 4562 2763 4613 κατά
2794 4562 3074 4616 θάλασσαν
3107 4561 3498 4632 συρραγείσης,
3529 4550 3744 4611 καὶκατὶ

2193 4651 2298 4722 γῆν
2327 4650 2436 4704 τῶν
2475 4651 2658 4716 πεζῶν
2697 4653 2902 4723 ἀμφοῖν
2935 4654 3445 4724 παρατεταγμένων
3491 4651 3578 4704 ἐπὶ
3629 4646 3740 4698 πολὺ

2197 4745 2297 4814 τῆς
2319 4744 2633 4814 ναυμαχίας
2664 4747 2962 4816 γινομένης
2998 4747 3304 4818 ἰσορρόπου
3336 4763 3392 4798 τε
3429 4745 3518 4798 καὶ
3581 4742 3742 4792 laom-

2200 4832 2348 4898 λοῦς,
2385 4833 2454 4886 τά
2481 4833 2623 4896 πεζά
2652 4834 2749 4888 καὶ
2775 4835 2944 4904 ἄμφω
2973 4835 3368 4906 στρατεύματα
3424 4831 3644 4888 ἐθεῶντο
3668 4823 3745 4880 καὶ

2201 4923 2474 4993 ἠγωνίων.
2518 4925 2680 4978 Ἐπεὶ
2706 4925 2752 4978 δ’
2777 4927 2829 4978 oi
2873 4925 2970 4979 τοῦ
3002 4925 3198 4992 Σέξτου
3221 4927 3538 4998 ἐτράποντο,
3563 4923 3608 4974 oi
3660 4916 3744 4987 μὲν

2199 5017 2552 5079 ἐπαιάνισαν,
2589 5020 2636 5072 oi
2661 5017 2706 5070 δ’
2742 5018 3104 5089 ὠλοφύροντο.
3151 5021 3260 5073 Καὶ
3298 5022 3349 5073 oi.
3391 5020 3492 5089 μὲν
3514 5015 3604 5070 τοῦ
3625 5007 3737 5073 Σέε·

2199 5129 2294 5164 του
2363 5111 2524 5176 πεζοὶ
2571 5115 2707 5185 πρὸς
2747 5114 2848 5184 τὴν
2905 5115 3166 5186 Μεσήνην
3217 5113 3481 5186 ἐχώρουν,
3541 5111 3627 5165 ἅτε
3665 5101 3742 5157 καὶ

2207 5204 2366 5258 αὐτοὶ
2427 5203 2855 5276 συνηττηθέντες
2902 5205 2984 5277 τῷ
3034 5207 3296 5279 ναυτικῷ.
3362 5204 3420 5260 '0
3449 5204 3504 5258 δέ
3553 5200 3740 5264 Καῖσαρ

2198 5298 2328 5362 τοὺς
2357 5298 2728 5361 ἐκπίπτοντας
2757 5298 2869 5352 τῶν
2897 5299 3230 5370 ἡττωμένων
3257 5299 3338 5361 είς
3362 5297 3460 5368 τὴν
3496 5293 3594 5364 γῆν
3643 5285 3740 5352 ἔξε⁸

2194 5387 2384 5458 δέχετο
2410 5388 2504 5441 καὶ⁸
2526 5387 2636 5440 τῶν
2656 5388 2885 5458 σκαφῶν
2907 5389 3010 5444 ὅσα
3033 5387 3407 5460 προσώκειλον
3432 5382 3734 5452 ἐνεπίμπρα.

2201 5479 2323 5532 Κάν
2359 5477 2536 5548 τούτῳ
2571 5479 2599 5532 6
2623 5477 2724 5549 μὲν
2751 5479 3066 5552 Δημόχαρις
3111 5481 3302 5534 ἐαυτδν
3361 5472 3677 5544 ἀπέσφαξεν,
3714 5464 3737 5513 δ

2198 5569 2245 5623 δ’
2283 5569 2690 5642 Ἀπολλόδωρος
2731 5570 2809 5642 τῷ
2846 5572 3090 5644 Καίσαρι
3137 5571 3545 5644 προσεχώρησε.
3593 5559 3738 5617 Τοῦτο

2202 5659 2261 5713 δὲ
2301 5660 2454 5713 ἄλλοι
2481 5677 2541 5713 τε
2571 5659 2669 5712 καὶ
2697 5661 2725 5712 6
2752 5661 2792 5713 Γ
2793 5659 2955 5723 ἀλλος
2981 5662 3076 5716 καὶ
3107 5663 3157 5715 οῖ
3183 5663 3369 5724 ἱππεῖς
3399 5661 3447 5713 οί
3474 5658 3566 5710 σὺν
3608 5644 3733 5715 αὐτῷ

2205 5750 2369 5802 πάντε
2383 5740 2412 5813 ς’
2437 5751 2530 5803 καί
2577 5766 2720 5815 τινες
2765 5751 2874 5806 τῶν
2905 5752 3088 5816 πεζῶν
3120 5731 3511 5822 πεποιήκασιν.
3549 5745 3600 5799 ’0
3625 5737 3730 5801 Σέξ-
