4018 6250
320 284 416 349 877

1589 282 1996 346 ANNALIUM
2038 283 2185 343 LIB.
2231 284 2301 348 Χ.

3451 293 3563 356 878

318 416 400 463 τος
453 398 498 455 δ’
531 397 780 455 ἐπιῦθεν
831 398 1102 472 ἀπογνοὺς
1155 397 1250 452 καὶ
1300 396 1397 470 τὴν
1455 398 1733 470 θυγατέρα
1790 414 1880 452 και

1991 408 2197 468 quente
2252 397 2512 464 nemine,
2564 406 2680 454 tum
2736 399 2884 470 qucd
2935 401 3074 463 clam
3135 405 3396 473 slverat,
3445 419 3561 464 tum

317 491 510 556 ἄλλους
551 491 887 564 παραλαϐὼν
917 492 986 547 τά
1016 508 1075 547 τε
1111 491 1377 562 χρήματα
1405 490 1500 544 καὶ
1549 489 1660 544 τῶν
1707 489 1882 544 ἄλλων

315 581 376 634 τὰ
404 579 707 652 τιμιώτερα
738 581 817 644 είς
845 581 945 644 τὰς
987 581 1122 646 ναῦς
1160 581 1258 643 τὰς
1301 579 1583 648 κρείττους
1619 579 1728 632 τῶν
1774 596 1877 632 σω⁹

317 673 508 728 θεισῶν
530 674 821 741 ἐνθέμενος
848 677 1031 746 ἀπῆρε
1065 673 1281 738 νυκτὸς,
1327 673 1437 728 οὐδ’
1489 673 1748 738 ἐπεδίωξέ
1799 690 1883 738 τις

315 766 493 830 αὑτὸν,
527 767 611 820 δτι
637 783 698 820 τε
723 767 903 837 λάθρα
934 766 1235 831 ἐξέπλευσε
1269 766 1364 819 καὶ
1396 767 1423 819 ὁ
1450 767 1670 836 Καῖσαρ
1698 766 1754 818 ἐν
1786 782 1882 834 με·

313 860 447 931 γάλῃ
472 860 665 929 γέγονε
687 864 930 933 ταραχῇ.
983 861 1040 914 Ὀ
1085 860 1196 930 γὰρ
1243 859 1477 923 Λέπιδος
1533 861 1599 931 τῇ
1654 859 1880 929 Μεσήνῃ

314 953 554 1008 ἐπελθὼν
582 954 679 1008 καὶ
706 954 1008 1025 εἰσδεχθεὶς
1037 954 1119 1018 είς
1149 953 1344 1022 αὐτὴν,
1380 951 1449 1006 τὰ
1489 951 1590 1020 μὲν
1650 951 1880 1018 ἐνεπίμ-

312 1061 443 1117 πρα,
469 1049 538 1098 τὰ
577 1045 624 1098 δ’
650 1045 924 1117 ἥρπαζεν.
956 1040 1094 1100 Εἶτα
1133 1044 1394 1116 φοϐηθεὶς
1441 1042 1743 1097 ἐπελθόντα
1787 1042 1879 1096 τὸν

312 1135 561 1207 Καίσαρα
594 1136 686 1189 ,ἐπὶ⁵
726 1135 888 1206 λόφον
937 1139 1209 1208 καρτερὸν
1247 1133 1877 1205 στρατοπεδευσάμενος,

311 1229 483 1282 πάντα
499 1245 557 1280 τε
576 1229 676 1281 ὃσα
699 1228 1060 1282 ἐλαττοῦσθαι
1079 1227 1329 1300 ἐνόμιζεν
1360 1225 1684 1281 ἐπενεκάλει
1705 1223 1877 1294 αὐτῷ,

309 1321 397 1375 καὶ
428 1319 628 1392 ἀπῄτει
660 1321 763 1375 ὅσα
798 1321 949 1392 αύτῷ
973 1320 1114 1374 κατὰ
1139 1321 1239 1392 τὴν
1271 1319 1496 1392 πρώτην
1533 1316 1879 1388 συνωμοσίαν

308 1414 536 1477 ἐδέδοτο,
585 1415 680 1468 καὶ
737 1415 838 1484 τῆς
895 1413 1149 1476 Σικελίας
1191 1413 1538 1466 ἀντεποιεῖτο
1589 1409 1666 1474 ὡς
1705 1409 1879 1480 αὑτὴν

308 1507 856 1580 καταστρεψάμενος,
893 1506 1188 1562 καὶταῦτα
1220 1507 1456 1575 πέμπων
1480 1504 1636 1568 τινας
1679 1503 1879 1572 ὡμίλει

312 1601 388 1670 τῷ
425 1602 686 1672 Καίσαρι,
729 1602 870 1671 ἔχων
905 1599 971 1664 ἃς
993 1602 1042 1652 τ’
1077 1601 1143 1654 ἐκ
1173 1602 1275 1672 τῆς
1315 1597 1524 1668 Λιὸύης
1555 1597 1766 1666 ἐπῆκτο
1788 1595 1878 1648 δυ-

305 1695 496 1763 νάμεις
526 1695 620 1748 καὶ
650 1676 780 1756 τοὺς
812 1694 870 1744 ὲν
921 1694 987 1763 τῇ
1048 1692 1279 1763 Μεσήνῃ
1342 1688 1878 1760 ἐγκαταλειφθέντας

1989 487 2138 558 quod
2168 486 2352 542 Ctesar
2398 488 2781 560 pertimuerat.
2807 490 3050 562 Lepidus
3075 493 3223 548 enim
3257 495 3561 554 Ilessanam

1989 593 2303 648 aggressus,
2334 589 2392 634 et
2431 582 2708 637 moenibus
2736 591 3016 653 receptus,
3053 584 3164 640 alia
3210 583 3563 655 incendebat,

1991 671 2096 725 alia
2161 671 2435 742 rapiebat.
2482 672 2693 730 Deinde
2732 673 2966 731 Caesaris
3019 677 3261 732 adventu
3310 680 3562 744 territus,

1989 761 2187 818 castris
2224 763 2276 816 in
2311 763 2739 820 munitissimum
2786 769 3056 822 tumulum
3103 771 3405 836 translatis,
3435 788 3561 827 eum

1989 872 2057 908 co
2098 855 2166 910 de
2225 855 2391 914 rebus
2431 858 2689 914 omnibus
2731 859 2784 913 in
2838 861 3040 930 quibus
3066 861 3121 916 iu
3161 861 3420 933 injuriam
3456 866 3563 921 sibi

1989 946 2106 1002 ﬁeri
2153 948 2406 1018 putabat,
2443 949 2830 1020 expostulavit,
2882 961 2940 1006 et
2981 967 3044 1008 ea
3103 957 3287 1010 omnia
3339 973 3460 1026 quae
3507 960 3563 1012 in

1989 1044 2164 1112 prima
2195 1045 2577 1116 conjuratione
2602 1045 2707 1100 sibi
2744 1059 3006 1103 conceSSu
3032 1061 3224 1104 essent
3252 1049 3521 1121 ﬂagitavit
3544 1092 3560 1117 ,

1987 1141 2042 1186 et
2091 1133 2334 1188 Siciliam
2371 1137 2519 1204 quod
2550 1151 2672 1190 eam
2721 1136 3034 1208 subegisset
3089 1140 3197 1196 sibi
3239 1143 3558 1199 vindicavit.

1987 1225 2119 1291 Qua
2147 1241 2273 1280 cum
2314 1241 2413 1297 per
2437 1223 2648 1296 legatos
2671 1239 2877 1299 ageret,
2925 1232 3100 1301 copiis
3129 1248 3266 1303 quas
3287 1251 3350 1288 ex
3379 1235 3561 1292 Africa

1985 1317 2293 1372 adduxerat
2356 1319 2644 1386 munitus,
2685 1329 2741 1378 et
2793 1321 2860 1374 iis
2899 1323 2997 1391 qui
3067 1323 3328 1385 Messanae
3383 1327 3561 1382 relicti

1984 1417 2149 1463 erant
2203 1411 2398 1465 ascitis
2452 1412 2712 1467 omnibus
2754 1413 2937 1468 Caesar
2983 1416 3153 1470 armis
3196 1417 3370 1473 frctus
3433 1435 3557 1474 cum

1986 1501 2177 1570 paucis
2210 1502 2277 1556 ad
2323 1517 2451 1558 eum
2493 1505 2595 1558 ivit
2633 1523 2646 1557 :
2681 1513 2740 1560 et
2778 1506 2907 1576 quia
2951 1517 3178 1576 propter
3225 1511 3558 1578 paucitatem

1985 1594 2371 1649 comitantium
2403 1595 2473 1650 de
2499 1611 2633 1666 pace
2664 1606 2892 1653 acturus
2932 1600 3246 1669 palabatur,
3295 1601 3348 1655 in
3381 1613 3560 1658 castra

1983 1695 2070 1740 est
2099 1696 2379 1756 receptura.
2424 1689 2531 1744 Sed
2578 1705 2702 1744 cum
2745 1690 2882 1744 nihil
2933 1691 2998 1745 ad
3054 1693 3558 1750 reconciliationem

307 1788 534 1849 πάντας.
581 1783 640 1839 '0
669 1785 724 1838 δὲ
767 1785 987 1854 Καῖσαρ
1051 1786 1164 1847 τοῖς
1219 1783 1405 1846 ὅπλοις
1462 1781 1684 1853 θαρρῶν
1715 1780 1877 1842 εὐθὺς

1986 1778 2330 1848 loqueretur,
2381 1779 2575 1850 Lepidi
2626 1781 2832 1836 milites
2884 1781 3115 1847 irritati,
3167 1785 3436 1854 quosdam
3492 1802 3562 1842 ex

307 1881 390 1932 ἐπ’
415 1878 579 1932 αὑτὸν
613 1876 730 1949 μετ’
762 1877 962 1945 ὀλίγων
1000 1877 1159 1930 τινῶν
1191 1875 1446 1948 ὥρμησε.
1489 1877 1656 1941 Δόξας
1700 1875 1759 1930 δὲ
1788 1876 1877 1931 διὰ

303 1971 402 2040 τὴν
449 1969 557 2023 τῶν
623 1969 1012 2037 συνεπομένων
1072 1969 1426 2040 ὀλιγανδρίαν
1491 1969 1772 2039 εἰρηνικόν
1823 1986 1878 2021 τι

307 2063 555 2134 πράξειν,
587 2063 642 2126 ἐς
664 2061 724 2114 τὸ
759 2061 1123 2132 στρατόπεδῑν
1159 2061 1463 2132 εἰσεδέχθη.
1508 2059 1597 2124 Ὠς
1629 2060 1675 2114 δ’
1715 2061 1871 2115 οὐδὲν

305 2155 440 2223 πρὸς
475 2152 572 2224 τὴν
600 2152 951 2224 καταλλαγὴν
978 2152 1163 2222 ελεγε,
1197 2152 1635 2226 παρωξύνθησαν
1673 2153 1723 2206 οἱ
1781 2153 1876 2206 τοῦ

307 2246 565 2310 Λεπίδου,
593 2245 685 2299 καί
709 2264 862 2310 τινας
891 2246 1000 2301 τῶν
1041 2247 1252 2300 ἐκείνου
1312 2247 1665 2313 ἀπέκτειναν,
1713 2247 1880 2311 αὐτὸς

303 2338 349 2392 δ’
382 2337 558 2411 ἐσώθη
585 2339 842 2410 βοηθείας
876 2341 1078 2410 τυχών.
1141 2341 1252 2394 Καὶ
1317 2339 1460 2412 μετὰ
1509 2339 1670 2394 τοῦτο
1719 2336 1878 2404 αὖθις

304 2427 541 2500 ἐπῆλθεν
568 2430 755 2494 αὑτοῖς
811 2433 912 2484 σὺν
973 2433 1140 2486 παντὶ
1191 2431 1268 2502 τῷ
1331 2431 1728 2503 στρατεύματι,
1786 2436 1880 2487 καὶ

305 2521 620 2592 ἐπολιόρκει
646 2523 1015 2588 κατακλείσας
1051 2527 1191 2596 σφᾶς
1221 2527 1302 2592 είς
1322 2527 1384 2579 τδ
1415 2528 1731 2597 τάφρευμα.
1775 2529 1876 2582 Φο-

303 2613 561 2684 ϐηθέντες
583 2614 677 2668 οὖν
708 2615 806 2688 τὴν
843 2617 1046 2672 ἅλωσιν
1075 2620 1266 2690 ἀθρόοι
1332 2620 1432 2691 μὲν
1453 2618 1768 2690 αἰδούμενοι
1788 2621 1879 2675 τδν

302 2702 540 2756 Λέπιδον
581 2703 643 2756 ού
696 2704 1044 2776 μετέστησαν
1105 2711 1242 2779 πρὸς
1289 2709 1380 2762 τὸν
1432 2702 1712 2782 Καίσαρα,
1757 2710 1879 2764 κατ’

300 2793 518 2862 ὀλίγους
550 2794 608 2848 δέ
642 2797 1032 2868 προσεχώρουν
1073 2799 1244 2872 αὐτῷ.
1295 2800 1406 2854 Καὶ
1434 2799 1579 2856 οὕτω
1627 2803 1882 2866 κάκεῖνος

299 2885 588 2959 ἐθελοντὴς
624 2886 784 2958 δῆθεν
811 2891 867 2944 ἐν
898 2889 1090 2960 ἐσθῆτι
1126 2893 1259 2962 φαιᾷ
1301 2892 1486 2962 ἱκέτης
1525 2893 1676 2964 αὑτῷ
1705 2911 1881 2966 προσ-

301 2977 554 3049 ελήλυθε.
585 2979 695 3033 Καὶ
748 2983 776 3034 ὁ
811 2983 912 3053 μὲν
947 2984 1044 3055 τῆς
1073 2984 1324 3050 ἐξουσίας
1351 3002 1410 3037 τε
1435 2985 1721 3057 παρελύθη
1786 2987 1880 3040 καὶ

297 3073 364 3124 ἐν
391 3073 457 3142 τῇ
499 3071 703 3144 Ἰταλίᾳ
732 3073 946 3128 δίαιταν
985 3076 1284 3147 ἐπεποίητο
1309 3077 1623 3150 ἔμφρουρον
1644 3095 1662 3111 ·
1699 3077 1802 3131 τῶν
1825 3079 1881 3132 δέ
1909 3114 1949 3174 C

298 3162 372 3216 τὰ
426 3160 522 3216 τοῦ
576 3163 773 3232 Σέξτου
835 3166 1163 3237 πραξάντων
1221 3169 1374 3232 τινὰς
1434 3168 1536 3240 μὲν
1595 3168 1876 3236 ἐκόλασεν,

299 3255 483 3321 ἐνίους
513 3256 558 3310 δ’
586 3255 792 3328 ἀφῆκε·
832 3259 1060 3314 καὶτῶν
1104 3260 1314 3314 πόλεων
1344 3262 1445 3320 τὰς
1473 3261 1572 3331 μὲν
1617 3263 1880 3326 ἑκουσίως

298 3354 782 3424 προσχωρησωςας
840 3350 990 3424 αὑτῷ
1056 3352 1389 3424 συγγνώμης
1416 3353 1639 3423 ἠξίωσε,
1683 3353 1782 3419 τὰς
1835 3355 1880 3408 δ’

295 3445 635 3507 ἀντιστάσας
689 3443 839 3515 αύτῷ
896 3443 1238 3500 ἐδικαίωσεν.
1299 3445 1364 3497 Ol
1441 3445 1773 3516 στρατιῶται
1823 3445 1880 3498 δὲ

295 3536 638 3593 ἐστασίασαν
679 3554 741 3590 τε
789 3536 886 3591 καὶ
933 3537 1320 3609 ἐθρασύνοντο,
1368 3538 1463 3592 καὶ
1493 3536 1880 3607 συλλεγόμενοι

295 3629 468 3702 ᾔτουν
493 3629 730 3694 ἕκαστος
757 3627 786 3683 ὃ
819 3630 1028 3686 ἐπόθει.
1063 3631 1170 3684 Τοῦ
1197 3631 1254 3685 δέ
1278 3631 1558 3702 Καίσαρος
1595 3632 1654 3684 ἐν
1682 3632 1876 3699 ὀλιγω-

298 3724 400 3796 ρία
435 3725 577 3794 σφᾶς
604 3723 961 3794 ποιουμένου,
1000 3722 1076 3786 ὡς
1125 3727 1200 3796 μή
1250 3740 1396 3787 τινος
1432 3722 1693 3795 πολεμίου
1734 3739 1882 3794 παρ-

294 3817 478 3881 όντος,
536 3813 888 3883 ἐπηπείλουν.
926 3813 1015 3878 Ὠς
1047 3815 1092 3868 δ’
1133 3816 1289 3870 οὐδὲν
1336 3815 1520 3886 ἤνυον,
1571 3817 1670 3886 τῆς
1719 3833 1883 3887 στρα-

292 3903 452 3966 τείας
479 3904 746 3976 ἀφεθῆναι
787 3902 976 3975 ¹Ιιξίουν
1011 3903 1170 3975 θυμῷ
1197 3904 1291 3957 καὶ
1319 3904 1441 3974 βοῇ.
1467 3901 1750 3974 Λήψεσθαι
1775 3904 1881 3974 γὰρ

296 3997 545 4067 ἤλπισαν
583 3997 620 4052 ἃ
653 3997 897 4070 ἀπῄτουν
921 3997 1012 4051 διὰ
1051 3999 1150 4062 τὴν
1180 3997 1411 4068 ἀπειλὴν
1437 3997 1536 4068 τῆς
1563 3995 1883 4066 ἐγκαταλεί-

291 4093 470 4163 ψεως.
522 4089 584 4148 ’0
613 4091 669 4145 δέ
699 4093 918 4161 Καῖσαρ
962 4090 1038 4161 μὴ
1068 4091 1179 4144 δεῖν
1209 4089 1450 4160 νομίζων
1483 4090 1576 4142 τὸν
1631 4090 1870 4158 ἄρχοντα

295 4185 366 4252 ἐξ
391 4185 653 4256 ἀνάγκης,
673 4186 786 4248 τοῖς
811 4185 1072 4254 ὑπηκόοις
1095 4183 1362 4248 ὑπείκειν,
1387 4181 1583 4248 εύλογά
1598 4198 1655 4233 τε
1686 4179 1882 4242 αὐτοὺς

293 4277 493 4344 ἀξιοῦν
561 4279 692 4349 ἐφη,
748 4276 847 4331 καὶ
897 4275 1052 4347 διῆκε
1115 4275 1335 4344 πρῶτον
1372 4275 1471 4344 μὲν
1498 4275 1622 4336 τοὺς
1657 4273 1752 4324 ἐπὶ
1791 4271 1884 4324 τὸν

306 4368 602 4423 ’Λντώνιον
621 4366 770 4439 αύτῷ
797 4365 1321 4436 συστρατεύσαντας
1345 4362 1420 4427 ὡς
1452 4364 1508 4416 δὲ
1535 4363 1627 4416 καὶ
1656 4364 1705 4414 οἱ
1736 4363 1883 4415 ἄλλοι

1980 1870 2100 1940 ejus
2132 1871 2396 1925 comitatu
2422 1871 2745 1926 occiderunt
2769 1891 2784 1940 ;
2816 1873 2933 1943 ipse
2960 1883 3240 1943 protectus
3271 1893 3298 1930 a
3327 1879 3550 1947 quibus-

1980 1961 2106 2016 dam
2150 1963 2347 2018 evasit.
2397 1963 2608 2020 Deinde
2637 1975 2750 2020 toto
2782 1967 3026 2021 exercitu
3054 1983 3246 2023 rursus
3277 1970 3516 2026 adducto
3541 2011 3558 2032 .

1981 2069 2080 2109 eos
2113 2057 2169 2108 in
2201 2055 2346 2111 vallo
2367 2055 2591 2112 obsedit
2619 2074 2631 2110 :
2683 2058 2843 2129 cujus
2871 2061 3336 2129 expugnationem
3368 2065 3552 2127 veriti,

1982 2145 2174 2219 Lepidi
2215 2148 2546 2203 verecundia
2577 2149 2821 2205 universi
2857 2150 2923 2205 ad
2957 2150 3226 2207 Caesarem
3263 2169 3372 2208 non
3406 2156 3558 2211 defe-

1982 2251 2198 2307 cerunt,
2235 2241 2329 2297 sed
2367 2243 2629 2311 paulatim
2662 2244 2756 2298 alii
2799 2255 2923 2315 post
2949 2245 3087 2301 alios
3119 2248 3188 2302 ad
3227 2265 3354 2304 eum
3381 2260 3558 2308 trans-

1985 2332 2188 2386 ierunt.
2238 2331 2470 2387 Demum
2547 2343 2605 2388 et
2651 2334 2770 2404 ipse
2815 2335 3060 2406 Lepidus
3127 2340 3272 2394 ultro
3340 2342 3558 2399 scilicet

1983 2423 2148 2498 518
2177 2425 2325 2494 pulla
2367 2435 2518 2482 veste
2547 2428 2772 2498 supplet
2811 2445 2938 2484 eum
2973 2430 3152 2487 adiit:
3195 2433 3558 2506 ademptaque

1983 2525 2256 2588 potestate
2289 2519 2343 2572 in
2371 2518 2547 2582 Italia,
2586 2522 2691 2576 sub
2724 2522 2978 2578 custodia
3013 2525 3198 2582 vivere
3231 2528 3420 2598 jussus
3446 2539 3557 2584 est.

1983 2609 2090 2666 Eos
2111 2610 2202 2680 qui
2251 2625 2279 2664 a
2313 2610 2479 2668 Sexto
2515 2623 2816 2679 steterant,
2852 2615 3035 2672 Caesar
3059 2619 3258 2687 partim
3285 2622 3560 2691 supplicio

1983 2703 2188 2768 all‘ecit,
2238 2707 2437 2774 partim
2469 2705 2698 2762 dimisit.
2745 2708 2988 2764 Urbibus
3015 2726 3139 2780 quae
3163 2723 3359 2781 sponte
3399 2715 3557 2769 dedi-

1984 2793 2192 2848 tionem
2225 2794 2499 2861 fecerunt,
2552 2797 2770 2855 veniam
2804 2799 2956 2856 dedit
2985 2818 3001 2856 :
3049 2818 3143 2858 cas
3173 2820 3296 2874 qua:
3337 2807 3559 2863 restite-

1984 2893 2132 2949 runt,
2177 2885 2449 2940 multavit.
2483 2887 2687 2944 Milites
2722 2906 2853 2946 vero
2882 2907 2981 2962 per
3024 2894 3355 2951 seditionem
3386 2909 3444 2952 et
3472 2909 3560 2954 tu-

1984 2980 2218 3035 multum
2256 2983 2559 3052 congrcssi,
2593 2985 2742 3054 quod
2777 2985 3008 3056 tuisque
3032 2989 3210 3044 visum
3239 3000 3342 3056 est,
3367 3000 3560 3062 postm-

1984 3071 2192 3126 larunt.
2223 3070 2361 3126 Cum
2397 3082 2584 3128 autem
2618 3091 2647 3129 a
2673 3074 2888 3132 Caesare
2921 3079 3353 3150 negligerentur,
3397 3085 3560 3153 quasi

1985 3163 2178 3218 nullus
2225 3163 2405 3220 hostis
2431 3176 2786 3235 superesset,
2839 3171 3115 3242 minisque
3145 3174 3285 3229 nlbil
3329 3177 3562 3245 proiiceo

1984 3264 2127 3321 rent,
2167 3270 2291 3310 cum
2341 3256 2720 3328 indignatione
2752 3270 2808 3317 et
2839 3262 3180 3320 clamoribus
3238 3267 3559 3324 missionem

1983 3341 2322 3412 ﬂagitarunt,
2360 3360 2427 3402 eo
2457 3363 2621 3418 pasto
2651 3363 2710 3405 sc
2731 3366 2855 3420 quae
2890 3362 3142 3422 peterent
3163 3355 3561 3428 impetraturos

1984 3445 2292 3505 sperantes.
2354 3437 2540 3495 Caesar
2585 3457 2696 3496 non
2742 3442 2941 3502 decere
2982 3456 3163 3513 ratus,
3195 3459 3258 3504 ut
3302 3451 3562 3521 princeps

1984 3526 2318 3583 necessitate
2391 3539 2621 3585 coactus
2675 3531 2916 3589 subditis
2972 3536 3172 3592 cedere
3251 3540 3557 3606 videretur,

1982 3629 2200 3684 tequum
2236 3631 2334 3672 eos
2373 3619 2656 3688 postulare
2688 3621 2848 3678 dixit.
2883 3624 2963 3680 Ac
2988 3628 3228 3696 primum
3267 3646 3364 3688 eos
3392 3633 3559 3688 dirui-

1984 3708 2078 3774 sit,
2112 3707 2205 3778 qui
2239 3723 2427 3764 secum
2464 3722 2660 3768 contra
2693 3712 2993 3771 Antonium
3020 3719 3362 3776 militat-ant:
3399 3735 3548 3780 caete-

1986 3798 2061 3851 ris
2115 3814 2339 3870 quoque
2391 3803 2740 3874 urgentibus,
2801 3822 2899 3862 eos
2942 3808 3109 3866 etiam
3153 3811 3404 3878 dimisit,
3461 3819 3557 3886 qui

1984 3906 2188 3944 annum
2215 3893 2489 3949 decimum
2516 3895 2845 3963 militarant,
2887 3914 3056 3970 seque
3094 3902 3204 3958 ullo
3229 3919 3424 3961 eorum
3448 3948 3464 3973 ,
3499 3917 3562 3964 ut

1985 3983 2219 4038 maxime
2243 3986 2466 4051 vellent,
2502 4003 2730 4043 usurum
2764 4005 2885 4045 esse
2922 3995 3158 4063 negavit.
3189 3994 3309 4062 Quo
3343 3999 3556 4067 audito,

1983 4072 2125 4126 nihil
2173 4075 2412 4144 amplius
2465 4076 2657 4145 locuti,
2689 4080 2740 4134 ei
2791 4095 2984 4149 parere
3030 4097 3317 4153 ceperunt.
3362 4089 3560 4148 Postea

1986 4164 2190 4221 Sicilia:
2237 4168 2408 4223 rebus
2449 4173 2790 4242 compositis,
2850 4183 2908 4230 et
2967 4185 3201 4246 utraque
3246 4179 3416 4253 Libya
3460 4199 3560 4255 per

1985 4258 2192 4330 legatos
2234 4262 2370 4316 citra
2403 4279 2642 4334 pugnam
2683 4276 2928 4335 recepta,
2979 4267 3208 4327 Romani
3265 4275 3468 4332 multos
3507 4280 3566 4332 ei

1987 4351 2227 4406 honores
2279 4352 2664 4410 decreverunt.
2719 4357 2917 4414 Sextus
2965 4377 3098 4417 vero
3125 4367 3264 4418 'cum
3312 4367 3561 4427 Messana

295 4461 603 4525 ἐνέκειντο,
641 4459 892 4522 καὶτοὺς
936 4457 1160 4511 δέκατον
1191 4456 1310 4520 ἔτος
1359 4455 1868 4527 στρατευσαμένους

1986 4443 2260 4511 solvisset,
2296 4446 2510 4502 hostem
2546 4449 2783 4520 insequi,
2819 4463 2915 4508 aut
2945 4469 2976 4508 a
3018 4455 3147 4513 suis,
3177 4459 3456 4528 proditum
3491 4465 3595 4521 iri»

292 4554 594 4623 διαφῆκεν,
665 4549 837 4604 εἰπὼν
891 4550 966 4613 ὡς
1020 4549 1196 4603 οὐδενὶ
1256 4547 1332 4602 ἐτ’
1400 4547 1580 4600 αὐτῶν
1637 4545 1749 4600 οὐδ’
1812 4545 1879 4598 ἂν

291 4646 372 4698 τὰ
450 4644 685 4716 μάλιστα
771 4643 1070 4714 ἐθελήσωσι
1133 4641 1433 4728 χρήσεται.
1496 4641 1561 4693 Ὃ
1616 4639 1882 4694 ἀκούσαν-

294 4755 400 4802 τες
491 4737 644 4791 οὐδὲν
729 4736 811 4789 ἔτι
906 4735 1260 4804 ἐφθέγξαντο,
1345 4735 1484 4787 ἀλλὰ
1584 4732 1878 4803 προσέχειν

298 4826 468 4900 αὐτῷ
527 4827 783 4898 ῆρξαντο.
845 4827 956 4881 Καὶ
1011 4828 1132 4879 τότε
1174 4827 1276 4898 μὲν
1342 4831 1409 4880 τὰ
1465 4827 1524 4879 ἐν
1592 4829 1658 4898 τῇ
1720 4826 1880 4879 Σικε-

289 4922 392 4992 λία
412 4920 648 4990 διῴκησε
687 4920 780 4973 καὶ
809 4919 909 4989 τὴν
935 4918 1146 4989 Διϐύην
1174 4917 1441 4990 ἑκατέραν
1477 4918 1701 4988 πέμψας
1733 4919 1881 4988 ἀμα-

293 5014 392 5084 χεὶ
431 5014 842 5084 παρεστήσατο,
872 5012 965 5065 καὶ
993 5012 1044 5064 οἱ
1087 5012 1147 5063 ἐν
1172 5014 1238 5081 τῇ
1277 5009 1468 5083 Ῥώμῃ
1500 5010 1703 5074 πολλὰς
1728 5009 1880 5081 αύτῷ

288 5107 473 5175 τιμὰς
499 5105 856 5177 ἐψηφίσαντο.
887 5103 1084 5170 Σέξτος
1111 5102 1166 5156 δὲ
1196 5103 1262 5156 ἐκ
1291 5102 1388 5172 τῆς
1435 5102 1695 5174 Μεσήνης
1747 5104 1881 5156 ἀνα-

289 5199 477 5270 χθεὶς,
515 5197 870 5268 ὑποτοπήσας
901 5196 956 5250 δέ
989 5195 1284 5266 διωχθῆναι
1317 5195 1348 5264 ἢ
1394 5195 1492 5248 καὶ
1548 5195 1879 5265 προδοθῆναι

291 5291 412 5344 ὑπὸ
443 5289 895 5358 τῶν’συνόντων,
936 5290 1165 5360 προεῖπε
1211 5287 1310 5358 μὲν
1344 5287 1432 5340 διὰ
1478 5285 1572 5339 τοῦ
1609 5285 1880 5355 πελάγους

292 5379 589 5435 πλεύσειψ
619 5378 938 5442 ἀποσϐέσας
964 5378 1019 5432 δὲ
1050 5377 1140 5432 τὸν
1185 5377 1391 5447 πυρσὸν
1423 5376 1482 5429 ὃν
1522 5377 1578 5429 αί
1644 5392 1882 5446 στρατη-

290 5473 454 5542 γίδες
476 5473 726 5544 τριήρεις
751 5473 825 5536 ὡς
853 5473 949 5525 καὶ
987 5471 1044 5524 αἱ
1082 5471 1271 5524 λοιπαὶ
1317 5469 1511 5533 αὑταῖς
1561 5469 1882 5536 ἐφέπωνται

291 5565 615 5634 φαίνουσιν,
648 5567 729 5630 είς
761 5564 1114 5635 Κεφαληνίαν
1137 5561 1534 5616 κατέπλευσεν·
1593 5561 1724 5613 ἔνθα
1787 5562 1882 5614 καὶ

293 5661 355 5713 οἱ
382 5659 566 5714 λοιποὶ
597 5659 742 5713 κατὰ
766 5657 939 5728 τύχην
968 5657 1073 5709 ὑπὸ
1106 5655 1373 5727 χειμῶνος
1409 5656 1756 5717 εἰσπεσόντες
1783 5651 1883 5707 αὗ-

296 5752 394 5817 θις
418 5752 574 5824 αὑτῷ
603 5750 978 5820 συνεγένοντο.
1009 5747 1363 5817 Συγκαλέσας
1395 5746 1488 5800 οὑν
1519 5745 1742 5810 αὐτοὺς,
1789 5748 1884 5801 καὶ

1987 4551 2045 4590 se
2082 4547 2354 4604 metuens,
2399 4541 2624 4611 pelagus
2655 4543 3018 4615 trajecturum
3061 4563 3184 4605 esse
3233 4552 3417 4610 dixit:
3461 4573 3560 4612 ex-

1988 4629 2300 4702 stinctoque
2333 4633 2443 4704 igni
2471 4650 2580 4704 quo
2608 4638 2881 4704 praetoriam
2925 4641 3180 4699 triremes
3203 4649 3565 4716 sequentibus

1989 4724 2226 4778 navibus
2245 4727 2564 4795 praelucent,
2595 4729 2649 4784 in
2667 4729 3058 4801 Cephaleniam
3090 4739 3324 4807 appulit,
3345 4756 3456 4808 quo
3477 4757 3564 4798 re-

1989 4815 2151 4883 Ιίίιυίιυ
2168 4833 2389 4888 quoque
2407 4819 2548 4876 forte
2589 4821 2807 4878 fortuna
2839 4835 3164 4897 tempestate
3179 4833 3474 4900 compulsa:
3487 4836 3559 4888 ad

1989 4922 2114 4962 cum
2145 4909 2447 4966 redierunt.
2498 4913 2569 4968 lis
2611 4915 2779 4986 igitur
2819 4919 3171 4984 convocatis,
3203 4921 3559 4991 imperatoria

1992 5008 2143 5055 veste
2193 5003 2397 5068 posita,
2452 5021 2578 5060 cum
2609 5007 2712 5061 alia
2751 5007 2912 5076 dixit,
2962 5019 3078 5064 tum
3116 5011 3300 5066 illud:
3353 5014 3410 5068 Si
3454 5031 3559 5070 una

1989 5101 2297 5154 manerent,
2337 5107 2395 5147 se
2439 5094 2612 5152 latere
2653 5113 2760 5153 non
2805 5116 2964 5169 posse
2997 5119 3009 5154 :
3044 5102 3130 5156 sin
3173 5102 3562 5174 dispergeren-

1991 5193 2101 5248 tur,
2154 5185 2371 5242 facilius
2409 5188 2755 5258 eﬂ‘ugituros.
2795 5192 2928 5247 Inde
2967 5193 3092 5248 aliis
3131 5194 3242 5250 alio
3279 5195 3560 5266 digressis,

1991 5277 2183 5346 ipsein
2215 5279 2397 5334 Asiam
2434 5281 2667 5351 trajecit,
2695 5297 2764 5339 eo
2791 5284 3025 5339 consilio
3075 5294 3136 5340 ut
3160 5285 3226 5340 ad
3260 5287 3562 5345 Antonium

1990 5385 2050 5424 se
2086 5370 2383 5426 conferret.
2410 5371 2518 5428 Sed
2552 5389 2679 5428 cum
2710 5373 2872 5429 Lesbi
2901 5375 3210 5442 didicisset,
3239 5379 3393 5436 illum
3428 5395 3570 5439 con-

1992 5471 2075 5517 tra
2107 5463 2293 5519 Medos
2324 5467 2632 5534 profectum
2682 5483 2827 5531 esse,
2864 5467 3135 5524 Caesarem
3161 5487 3294 5528 vero
3322 5481 3380 5529 et
3404 5473 3568 5546 Lepi-

1991 5552 2123 5608 dum
2165 5555 2312 5610 inter
2345 5572 2467 5612 sese
2523 5573 2768 5628 pugnare
2803 5572 2943 5626 :spe
2986 5571 3252 5630 concepta
3293 5564 3566 5634 principa-

1993 5657 2106 5716 tum
2141 5647 2364 5706 Antonii
2391 5651 2704 5715 obtinendi,
2734 5651 2986 5706 habitum
3026 5653 3442 5724 imperatorium
3481 5673 3569 5711 re-

1995 5740 2270 5810 sumpsit,
2319 5751 2376 5797 et
2428 5743 2502 5796 ita
2551 5757 2610 5797 se
2649 5744 2906 5813 paravit,
2947 5745 3107 5815 quasi
3175 5756 3571 5804 transmarinas
