4018 6250
524 338 636 401 879

1795 327 2117 391 JOANNIS
2155 327 2474 390 ZONARB
3640 331 3727 396 880

519 454 830 526 proviucras
861 461 1255 524 occupaturus.
1304 449 1425 516 Quo
1467 455 1666 504 conatu
1711 444 1986 499 Antonius
2014 457 2104 495 co-

2218 445 2268 496 ιδ
2306 441 2672 514 στρατηγικὸν
2699 443 3114 515 ἀποδυσάμενος
3137 440 3358 514 ἔνδυμα,
3389 441 3517 499 ἄλλα
3548 460 3600 497 τε
3622 441 3723 499 εἷπε

519 550 696 618 gnito,
748 564 872 604 cum
925 548 978 602 ei
1019 555 1076 602 et
1125 545 1510 615 impunitatem
1551 551 1606 594 et
1656 536 2096 593 benevolentiam

520 657 675 695 suam
709 641 1097 711 promisisset,
1141 639 1186 692 si
1232 652 1380 691 arma
1418 643 1697 706 poneret:
1753 629 1950 686 annuit
2006 628 2098 681 ille

521 732 769 803 quidem,
813 733 908 787 sed
954 746 1056 786 nec
1093 745 1156 784 ea
1182 745 1304 799 qua:
1345 727 1674 798 promiserat
1723 721 2000 792 prmstitit,
2044 727 2099 772 et

522 826 690 880 rebus
722 824 981 894 gerendis
1014 840 1170 893 atque
1207 834 1266 877 ut
1312 824 1462 892 prius
1493 821 1774 881 intentus,
1812 831 1908 885 per
1929 813 2100 867 eadu-

521 925 767 970 ceatores
813 913 1144 969 Parthorum
1190 914 1488 968 amicitiam
1551 911 1728 980 petiit.
1786 905 1949 978 519
1995 903 2100 959 Sed

523 1023 647 1059 cum
685 1007 960 1061 Antonius
995 1006 1067 1060 Μ.
1100 1006 1307 1059 Titium
1353 1019 1478 1059 cum
1527 1003 1702 1058 classe
1738 1008 1932 1054 contra
1971 1011 2100 1050 eum

524 1097 784 1160 misisset,
820 1096 1066 1162 territus,
1113 1111 1211 1165 per
1245 1095 1454 1164 legatos
1493 1091 1562 1146 ab
1591 1089 1836 1146 Antonio
1883 1088 2100 1142 veniam

527 1190 729 1242 oravit.
781 1187 886 1254 Qui
931 1204 1056 1243 cum
1111 1201 1302 1257 pacem
1345 1185 1744 1248 detractasset,
1779 1181 1885 1235 nisi
1932 1194 2102 1233 naves

527 1280 646 1349 ejus
698 1289 1034 1346 caeterasque
1065 1279 1252 1347 copias
1298 1274 1643 1344 accepisset:
1691 1268 2104 1343 impedimentis

526 1371 878 1440 gravioribus
932 1371 985 1423 in
1037 1384 1206 1422 naves
1256 1365 1545 1436 conjectis,
1583 1371 1640 1417 et
1688 1361 1822 1432 ipsis
1869 1359 2105 1414 navibus

529 1462 810 1522 crematis,
867 1461 922 1514 in
976 1459 1380 1514 mediterranea
1434 1471 1492 1511 se
1537 1454 1792 1508 contulit.
1830 1450 2102 1507 Caeterum

527 1552 856 1630 Antonianis
903 1551 1244 1622 persecutis,
1279 1550 1436 1604 vivus
1468 1550 1522 1603 in
1547 1555 1878 1618 potestatem
1911 1559 2104 1600 eorum

531 1650 701 1705 venit.
751 1649 890 1702 Eum
921 1645 1197 1702 Antonius
1237 1645 1316 1698 ira
1350 1642 1592 1714 percitus
1636 1640 1821 1695 statim
1871 1654 1970 1708 per
2013 1638 2105 1691 lit-

535 1749 682 1793 teras
738 1737 937 1804 occidi,
985 1745 1109 1806 post
1159 1740 1368 1787 mutata
1425 1729 1699 1785 sententia
1727 1769 1742 1793 ,
1787 1723 2106 1780 conservari

529 1832 715 1902 jussit.
757 1829 864 1885 Sed
897 1843 1021 1884 cum
1050 1827 1190 1880 alter
1214 1822 1532 1879 tabellarius
1562 1818 1735 1890 priori
1769 1825 1930 1872 antev
1945 1818 2105 1870 ertis—

533 1932 639 1988 set,
689 1922 736 1976 is
768 1922 861 1991 qui
893 1936 1020 1976 eum
1058 1923 1295 1987 ceperat,
1333 1915 1543 1968 litteras
1590 1911 1658 1966 de
1693 1924 1758 1964 eo
1798 1908 2104 1964 occidendo

531 2020 806 2088 posterius
848 2024 1120 2084 acceptas,
1164 2026 1262 2067 seu
1302 2024 1430 2064 vere
1464 2005 1799 2078 posteriores
1844 2018 1965 2058 esse
2017 2018 2107 2056 ra-

533 2122 642 2175 tus,
699 2125 798 2164 seu
849 2106 1097 2162 veritatis
1139 2101 1448 2175 ignorantia
1509 2098 1810 2164 simulata,
1875 2097 2102 2151 Sextum

508 2244 512 2250 .
531 2203 854 2272 Pompeium
879 2201 1114 2257 necavit.

2201 539 2295 590 καὶ
2323 538 2406 590 ὅτι
2441 537 2630 607 ἀθρόοι
2656 538 2758 608 μὲν
2794 537 2944 601 ὄντες
2975 537 3034 592 οὐ
3080 536 3327 607 λήσουσιο
3384 537 3728 598 σκεδασθέντες

2201 631 2258 684 δὲ
2297 632 2412 700 ράῳ
2452 631 2774 698 ποιήσονται
2797 629 2897 698 τὴν
2927 629 3232 697 διάφευξιν.
3270 629 3566 683 Κάντεῦθεν
3586 630 3732 685 ἄλλων

2199 724 2393 779 ἄλλοσε
2423 722 2902 794 ἀποχωρησάντων
2941 723 3108 786 αὐτὸς
3133 723 3188 785 ἐς
3237 723 3335 793 τὴν
3403 722 3576 776 Ἀσίαν
3624 725 3731 776 ἐπε-

2207 815 2434 886 ραιώθη,
2458 814 2682 885 γνώμης
2706 814 2782 868 ὣν
2807 815 3046 886 ὁρμῆσαι
3083 815 3218 886 πρὸς
3237 815 3326 867 τὸν
3361 813 3642 868 Ἀντώνιον.
3660 816 3733 868 Ἐν

2202 907 2394 974 Λέσϐῳ
2446 905 2506 959 δέ
2546 905 2732 977 μαθὼν
2765 907 2973 962 ἐκεῖνον
3017 906 3115 978 μὲν
3145 910 3200 970 ἐς
3243 908 3457 977 Μήδους
3499 907 3734 978 στρατεῦ-

2206 1015 2319 1062 σαι,
2346 997 2778 1068 πεπολεμῶσθαι
2803 999 2860 1052 δέ
2887 999 2980 1051 τὸν
3005 999 3260 1070 Καίσαρα
3296 1000 3388 1052 καὶ
3408 999 3493 1052 τὸν
3513 999 3733 1062 Λέπιδον,

2205 1092 2299 1142 καὶ
2322 1091 2550 1152 ἐλπίσας
2579 1089 2678 1162 τὴν
2702 1089 2798 1144 τοῦ
2849 1091 3139 1144 Ἀντωνίου
3179 1091 3357 1162 ἀρχὴν
3403 1090 3735 1157 διαδέξασθαι,

2203 1184 2266 1235 τό
2295 1201 2353 1236 τε
2393 1183 2764 1254 στρατηγικὸν
2793 1181 3025 1236 ἀνέλαϐε
3059 1183 3266 1253 σχῆμα,
3293 1182 3387 1236 καὶ
3430 1185 3736 1254 παρεσκευά·

2205 1275 2329 1339 ζετο
2350 1275 2425 1338 ὼς
2455 1276 2552 1327 καὶ
2601 1275 2703 1346 τὴν
2737 1273 2976 1345 περαίαν
3007 1275 3474 1344 καταληψόμεντς.
3526 1275 3738 1329 Κάντεῦ-

2206 1365 2297 1418 θεν
2320 1365 2412 1418 τοῦ
2453 1366 2742 1419 Ἀντωνίου
2775 1367 2842 1420 τὰ
2879 1367 3231 1437 πραττόμενα
3265 1369 3355 1420 ὑπ’
3405 1368 3559 1421 αὑτοῦ
3613 1368 3741 1436 γνόν-

2204 1474 2317 1523 τος,
2344 1459 2531 1512 ἄδειάν
2560 1477 2616 1511 τε
2643 1459 2792 1529 αύτῷ
2829 1462 2925 1512 καὶ
2958 1459 3201 1525 εὔνοιαν,
3227 1461 3293 1513 ἂν
3325 1459 3391 1514 τά
3423 1461 3555 1514 ὅπλα
3595 1461 3741 1514 κατά·

2207 1549 2394 1619 θηται,
2429 1550 2833 1620 ὑποσχομένου,
2866 1552 3164 1606 κατένευσε
3198 1555 3318 1622 μὲν,
3347 1553 3443 1606 ούκ
3475 1553 3678 1622 ἐποίησε
3695 1553 3740 1604 δέ

2207 1656 2269 1707 γε
2301 1640 2376 1703 ὡς
2406 1642 2799 1709 ἐπηγγείλατο,
2827 1641 2962 1696 ἀλλὰ
2995 1645 3088 1696 καὶ
3151 1644 3258 1696 τῶν
3321 1643 3643 1714 πραγμάτων
3683 1642 3742 1705 ὡς

2210 1731 2404 1804 πρώην
2451 1734 2652 1803 εἴχετο,
2683 1734 2780 1787 καὶ
2811 1736 2949 1806 πρὸς
2979 1737 3103 1799 τοὺς
3141 1736 3391 1807 Πάρθους
3421 1735 3742 1806 διεκηρυκεύ-

2213 1841 2364 1877 σατο·
2398 1825 2572 1878 ταῦτα
2612 1826 2802 1896 μαθὼν
2836 1829 2863 1880 ὁ
2907 1827 3212 1894 Ἀντώνιος,
3263 1829 3326 1881 τὸ
3357 1829 3596 1882 ναυτικὸν
3631 1828 3743 1897 μετὰ

2211 1915 2442 1986 Μάρκου
2470 1916 2656 1970 Τιτίου
2694 1918 2782 1970 ἐπ’
2811 1917 2972 1972 αὑτὸν
2999 1918 3236 1988 έπεμψε,
3286 1923 3379 1973 καὶ
3413 1919 3470 1982 ὃς
3523 1919 3746 1988 φοϐηθεὶς

2211 2008 2683 2079 διεπρεσϐεύσατο
2719 2011 2856 2078 πρὸς
2898 2011 3210 2066 Ἀντώνιον.
3255 2013 3342 2074 Ὠς
3371 2011 3414 2066 δ’
3439 2013 3630 2075 ἐκεῖνος
3666 2011 3746 2063 οὐκ

2215 2100 2318 2171 ἔφη
2343 2103 2689 2168 σπείσασθαι,
2716 2105 2764 2156 εί
2787 2105 2860 2175 μὴ
2887 2106 2984 2168 τάς
3004 2123 3061 2157 τε
3088 2103 3220 2170 ναῦς
3245 2106 3344 2159 καὶ
3360 2107 3455 2175 τὴν
3471 2105 3644 2175 λοιπὴν
3669 2105 3745 2156 αὑ-

2213 2195 2307 2246 τοῦ
2340 2195 2720 2267 παραλήψοιτο
2757 2196 3012 2267 δύναμιν.
3041 2198 3106 2251 τὰ
3137 2197 3418 2269 βαρύτερα
3443 2198 3544 2250 τῶν
3572 2196 3747 2250 σκευῶν

533 2307 732 2368 εἰςτὰς
763 2302 895 2364 ναῦς
924 2297 1180 2370 ἐμϐαλὼν
1207 2296 1380 2360 αὑτάς
1418 2311 1476 2350 τε
1505 2295 1841 2358 κατέκαυσε,
1889 2291 1986 2346 καὶ
2029 2291 2108 2356 είς
2149 2290 2249 2362 τὴν
2289 2292 2579 2361 μεσόγειον
2642 2292 2893 2364 ὥρμησε,
2928 2293 3024 2346 καὶ
3085 2295 3136 2346 οί
3167 2293 3262 2346 τοῦ
3336 2294 3612 2348 Ἀντωνίου
3651 2295 3748 2346 ἐπι-

533 2395 826 2461 διώξαντες
851 2393 1016 2448 αὐτὺν
1051 2388 1353 2444 κατέλαϐον
1383 2389 1480 2442 καὶ
1543 2385 1890 2457 ἐζώγρησαν.
1957 2385 2024 2437 Ὃ
2083 2382 2272 2453 μαθὼν
2336 2387 2365 2436 ὁ
2409 2383 2698 2448 Ἀντώνιος
2769 2386 2932 2448 εὐθὺς
2991 2386 3091 2456 μὲν
3146 2387 3236 2439 ὑπ’
3303 2385 3466 2457 ὀργῆς
3511 2381 3748 2438 ἐπέστειλε

537 2485 1042 2558 κτωθῆναιαὺτὸν·
1077 2483 1304 2553 ὕστερον
1333 2480 1391 2533 δὲ
1451 2479 1854 2550 μεταμεληθεὶς
1901 2475 2112 2546 ἔγραψε
2189 2476 2430 2546 σωθῆναι
2470 2479 2654 2533 αὐτόν.
2720 2479 2825 2532 Τοῦ
2874 2475 2966 2532 οὖν
3007 2479 3258 2550 δευτέρου
3325 2480 3748 2552 γραμματοφόρου

536 2585 875 2656 τὸν,πρῶτον
907 2579 1347 2653 προρθάταντος,
1387 2575 1617 2647 ὕστερον
1645 2575 1713 2628 τὰ
1738 2574 1868 2646 περὶ
1936 2573 2031 2626 τοῦ
2090 2572 2273 2628 θανεῖν
2339 2576 2368 2628 ὁ
2430 2576 2682 2644 κατέχων
2714 2573 2878 2628 αὑτὸν
2909 2576 3304 2644 κομισάμενος,
3337 2577 3427 2628 καὶ
3455 2576 3660 2642 νομίσας
3682 2575 3751 2627 δν-

537 2696 643 2743 τως
675 2677 906 2746 δεύτερα
939 2669 1102 2738 εἷναι,
1139 2673 1173 2742 ἢ
1237 2672 1462 2739 ἄγνοιαν
1493 2667 1591 2722 τοῦ
1622 2668 1777 2730 ὄντος
1837 2665 2302 2736 ὑποκρινάμενος,
2360 2667 2454 2720 τὸν
2530 2667 2729 2732 Σέξτον
2790 2667 2882 2721 τὸν
2943 2670 3228 2739 Πομπήϊον
3289 2667 3607 2722 ἐθανάτωσε.
3664 2666 3751 2719 Καὶ

537 2773 616 2845 τῷ
658 2773 757 2843 μὲν
783 2770 1029 2824 τοιοῦτον
1059 2768 1122 2820 τὸ
1145 2765 1300 2829 τέλος
1335 2764 1575 2834 ἐγένετο.

609 2865 794 2921 XXVI.
853 2863 930 2918 Eo
972 2861 1121 2915 hunc
1165 2861 1373 2913 exitum
1428 2855 1646 2923 sortito,
1693 2855 1967 2910 Antonius
2014 2869 2112 2924 per

540 2959 853 3018 Ventidium
894 2954 1127 3010 Parthos
1156 2951 1309 3006 vicit.
1337 2951 1473 3006 Nam
1503 2959 1560 3004 et
1586 2965 1682 3004 rex
1712 2964 1903 3004 eorum
1937 2949 2109 3002 Paco-

2219 2941 2498 3010 ἐνίκησεν.
2527 2941 2594 2992 Ὂ
2625 2956 2682 2994 τε
2715 2942 2824 3013 γάρ
2857 2943 3140 3012 ’βασιλεὺς
3197 2945 3427 3000 ἐκείνων
3472 2949 3499 2999 ὁ
3542 2947 3752 3016 Πάκορος

539 3066 635 3106 rus
663 3050 716 3104 in
750 3047 892 3103 bello
923 3043 1164 3107 cecidit;
1209 3051 1265 3096 et
1298 3039 1546 3094 barbaris
1592 3036 1790 3106 partim
1840 3035 1895 3089 in
1925 3033 2113 3104 praelio

2219 3035 2276 3087 ἐν
2311 3033 2390 3104 τῷ
2420 3035 2643 3104 πολέμῳ
2671 3035 2856 3099 ἔπεσε,
2892 3039 2986 3088 καὶ
3018 3036 3066 3088 ot
3092 3035 3364 3109 βάρϐαροι
3397 3039 3445 3090 οἱ
3474 3039 3564 3108 μὲν
3595 3039 3753 3090 ἐκτάν-

541 3142 718 3205 cazsis,
750 3139 953 3210 partim
980 3136 1200 3206 fugatis,
1230 3132 1518 3189 Ventidius
1543 3129 1797 3201 Syriacas
1833 3127 1997 3182 urbes
2023 3141 2111 3180 re-

2219 3128 2392 3200 θηταν
2428 3129 2488 3180 ἐν
2516 3131 2582 3200 τῇ
2622 3129 2792 3200 μάχῃ,
2817 3129 2864 3181 οἱ
2899 3129 2956 3182 δὲ
2986 3129 3206 3200 ἔφυγον,
3236 3133 3331 3184 καὶ
3363 3133 3564 3201 τὰςῑτῆς
3586 3129 3752 3200 Συρίας

2291 2849 2438 2916 KG'.
2467 2846 2752 2911 Ἀντώνιος
2778 2848 2835 2902 δὲ
2863 2849 2949 2903 διὰ
2974 2850 3068 2904 τοῦ
3093 2851 3370 2906 Βεντιδίου
3395 2854 3513 2916 τοὺς
3541 2853 3751 2925 Πάρθους

543 3236 709 3304 cepit.
751 3229 958 3286 Deinde
986 3225 1263 3282 Antiocho
1303 3218 1644 3293 Cornagenes
1679 3222 1793 3292 regi
1832 3235 1983 3274 arma
2034 3220 2120 3273 in-

546 3330 690 3386 tulit.
718 3327 822 3384 Ubi
847 3323 1118 3380 Antonius
1163 3336 1230 3374 ex
1279 3318 1579 3388 improviso
1611 3331 1734 3371 eum
1766 3331 1834 3370 eo
1860 3327 2120 3384 congres-

546 3436 664 3484 sus,
689 3434 801 3474 non
827 3416 991 3472 modo
1014 3411 1364 3469 successibus
1389 3411 1506 3482 ejus
1533 3409 1835 3479 gratulatus
1873 3421 1982 3461 non
2013 3415 2116 3471 est,

546 3513 643 3568 sed
671 3510 837 3567 etiam
880 3523 950 3563 ex
996 3506 1199 3561 invidia
1251 3503 1572 3573 magistratu
1605 3501 1655 3556 ei
1689 3499 1972 3571 abrogato,
2002 3497 2120 3567 ipse

548 3617 674 3658 cum
719 3596 993 3653 Antiocho
1047 3605 1397 3665 congressus,
1429 3591 1711 3646 Samosata
1751 3602 1933 3658 regem
1970 3601 2121 3640 com-

547 3695 710 3766 pulit.
751 3691 858 3746 Sed
910 3704 1036 3743 cum
1091 3685 1382 3741 obsidione
1431 3681 1569 3737 nihil
1625 3679 1938 3752 proﬁceret,
1986 3691 2120 3747 pace

547 3788 713 3849 laeta,
763 3783 818 3836 in
862 3781 1072 3836 Italiam
1125 3787 1210 3833 est
1268 3775 1574 3846 profectus.
1604 3770 1813 3828 Orodes
1841 3785 1974 3825 vero
1997 3769 2122 3822 Par-

552 3880 770 3933 thorum
826 3889 922 3929 rex
971 3871 1195 3942 grandis
1229 3867 1524 3924 admodum
1584 3877 1739 3933 natu,
1797 3865 1868 3918 ob
1910 3864 2121 3918 luctum

521 3973 742 4028 J’acori
794 3969 1045 4024 abdicato
1097 3963 1345 4034 imperio,
1395 3960 1615 4015 Phraati
1664 3973 1696 4013 θ
1740 3957 1954 4012 (περιθείς
1994 3955 2122 4010 ﬁliis

550 4075 680 4120 natu
711 4063 952 4117 maximo
1009 4073 1237 4130 regnum
1272 4056 1534 4110 tradidit:
1575 4053 1668 4122 qui
1715 4069 1808 4122 per
1842 4065 2120 4106 summum

550 4158 730 4213 scelus
761 4155 956 4208 fratres
1005 4151 1130 4206 dolo
1182 4150 1423 4214 sustulit,
1479 4148 1768 4218 ipsumque
1815 4155 2022 4216 patrem
2054 4145 2123 4199 ob

517 4285 521 4292 -
553 4249 756 4303 tandem
793 4246 1010 4301 illorum
1037 4243 1432 4312 indignantem,
1463 4249 1520 4294 et
1546 4255 1612 4294 ex
1637 4238 1848 4293 caeteris
1881 4239 2122 4307 optimos

551 4353 797 4409 quosque
839 4334 1162 4390 trucidavit.
1223 4331 1496 4387 Antonius
1533 4331 1724 4400 legatis
1773 4330 1840 4382 ad
1893 4328 2123 4382 Parthos

551 4436 619 4487 de
655 4447 786 4500 pace
819 4431 1022 4492 missis,
1055 4428 1273 4482 interim
1315 4426 1457 4480 bello
1489 4440 1547 4479 se
1583 4425 1813 4494 paravit,
1843 4432 1903 4476 ut
1935 4437 2031 4476 eos
2054 4421 2123 4475 ob

2220 3221 2408 3285 πόλεις
2437 3223 2465 3275 ό
2494 3221 2759 3287 Βεντίδιος
2787 3223 3124 3293 ὑπηγάγετο.
3161 3218 3298 3276 Εἶτα
3346 3224 3485 3277 κατὰ
3529 3223 3614 3276 τοῦ
3662 3222 3754 3273 ’Δνο

2219 3315 2402 3383 τιόχου
2427 3313 2519 3366 τοῦ
2552 3317 2651 3386 τῆς
2701 3316 3040 3386 Κομαγηνῆς
3087 3315 3474 3385 βασιλεύοντος
3524 3315 3751 3383 ἐπεστρά-

2218 3424 2434 3463 τευσεν.
2471 3409 2740 3463 Ἐνταῦθα
2779 3411 2834 3463 δὲ
2867 3410 2982 3463 ὄντι
3033 3410 3232 3482 ἀθρόον
3265 3414 3298 3466 ὁ
3363 3411 3632 3473 ’Δντώνιος
3659 3411 3754 3460 ἐπι·

2221 3501 2354 3563 στάς
2392 3501 2451 3552 οὐ
2488 3501 2650 3570 μόνον
2679 3503 2771 3554 ἐπὶ
2829 3503 2944 3565 τοῖς
2989 3503 3415 3575 κατορθώμασιν
3475 3505 3568 3573 οὐχ
3620 3502 3754 3572 ἥσθην

2219 3595 2476 3649 ἀλλὰκαὶ
2507 3595 2776 3668 ἐφθόνησε
2818 3599 3045 3669 καὶτῆς
3089 3599 3266 3668 ἀρχῆς
3326 3599 3484 3652 αὑτὸν
3534 3598 3753 3650 ἔκαυσεν.

2219 3688 2392 3751 Αὐτὸς
2417 3689 2474 3773 δὲ
2494 3689 2573 3759 τῷ
2625 3689 2884 3762 Ἀντιόχῳ
2936 3693 3268 3761 προσέϐαλε,
3309 3694 3405 3746 καὶ
3445 3691 3755 3745 κατέκλεισεν

2221 3780 2390 3834 αὐτὸν
2415 3782 2494 3844 είς
2528 3781 2849 3852 Σαμόσατα.
2896 3783 2985 3847 Ὠς
3014 3784 3060 3836 δ’
3109 3784 3263 3837 οὐδὲν
3320 3786 3448 3855 ἤνυε
3495 3777 3754 3850 πολιορκῶν

2222 3873 2409 3939 αὑτὸν,
2486 3875 2763 3944 συνθήκας
2815 3877 3062 3930 σπονδῶν
3112 3879 3414 3949 ἐποιήσατο
3467 3877 3638 3936 καὶείς
3680 3874 3756 3939 τὴν

2235 3967 2471 4020 Ἰταλίαν
2505 3967 2866 4040 ἀφώρμησεν.
2947 3969 3187 4040 ὐρώδης
3242 3971 3430 4040 μέντοι
3482 3972 3508 4022 ό
3560 3964 3754 4035 Πάρθων

2226 4059 2478 4128 βασιλεὺς
2505 4061 2836 4132 ὑπέργηρως
2867 4059 3109 4130 γεγονὼς
3134 4063 3228 4115 καὶ
3275 4063 3354 4134 τῷ
3403 4063 3494 4117 τοῦ
3546 4061 3757 4130 Πακόρου

2225 4151 2412 4206 πένθει
2466 4153 2564 4223 τὴν
2629 4153 2908 4224 βασιλείαν
2968 4155 3382 4226 ἀπαγορεύσας,
3449 4159 3653 4227 Φραάτῃ
3697 4151 3757 4220 τῷ

2224 4245 2587 4316 πρεσϐυτέρῳ
2615 4245 2723 4298 τῶν
2749 4245 2952 4299 λοιπῶν
2980 4247 3147 4298 αὑτοῦ
3203 4249 3411 4303 παίδων
3472 4250 3567 4318 τὴν
3611 4245 3756 4317 ἀρχὴν

2224 4337 2572 4410 ἐνεχείρισεν.
2595 4340 2651 4392 'U
2682 4339 2760 4404 δὲ,
2793 4341 3154 4403 ἀνοσιώτατος
3191 4341 3452 4409 γεγονὼς,
3478 4342 3594 4405 τοὺς
3631 4337 3759 4390 ἀδελ-

2227 4432 2360 4500 φοὺς
2397 4430 2564 4485 αὐτοῦ
2596 4432 2971 4500 ἐδολοφόνησε,
2998 4434 3091 4485 καὶ
3117 4433 3281 4487 αὐτὸν
3304 4435 3395 4488 τὸν
3442 4434 3642 4502 πατέρα
3658 4431 3760 4482 δυσ-

551 4522 1141 4594 spemtransartionis
1196 4520 1494 4589 imparatos
1541 4516 1948 4587 aggrederetur.
2013 4513 2115 4568 Sed

2227 4523 2627 4592 ανασχετοῦντα
2685 4525 2752 4578 δι’
2811 4525 3053 4588 ἐκείνους
3104 4525 3418 4591 ἀπέκτεινε,
3452 4527 3542 4578 καὶ
3565 4524 3661 4576 τῶν
3682 4521 3760 4574 άλ-

551 4635 675 4675 eum
703 4617 918 4672 Medum
951 4617 1154 4671 auxilio
1179 4616 1366 4670 venire
1396 4614 1597 4668 Partho
1623 4611 1926 4672 didicisset,
1955 4608 2122 4676 impe-

551 4712 813 4766 dimentis
835 4719 890 4764 ct
924 4724 1118 4778 magno
1149 4708 1422 4762 exercitus
1471 4715 1625 4774 parte
1658 4703 1930 4757 Stratiano
1997 4700 2124 4754 reli-
2162 4698 2171 4705 '

549 4806 672 4867 etis,
706 4813 767 4857 ut
788 4813 1110 4872 sequeretur
1141 4817 1152 4854 :
1187 4800 1302 4868 ipse
1327 4813 1450 4852 cum
1474 4794 1752 4865 equitibus
1783 4803 1836 4847 et
1866 4792 2124 4863 expedito

551 4897 796 4966 peditatu
854 4893 1187 4964 properavit,
1239 4892 1398 4960 quasi
1451 4887 1637 4942 Medos
1685 4888 1868 4940 statim
1897 4899 2123 4955 supera-

550 4998 710 5046 turus
761 4997 929 5040 esset.
963 4985 1234 5039 Caeterum
1289 4982 1522 5036 Parthus
1577 4990 1633 5034 et
1671 4980 1859 5034 Medus
1891 4979 2124 5033 Stratia-

552 5097 681 5134 uum
713 5081 895 5133 Subito
925 5079 1126 5140 adorti,
1159 5091 1283 5131 eum
1317 5075 1468 5129 omni
1499 5073 1746 5127 exercitu
1781 5073 2120 5126 ceciderunt.

548 5174 684 5228 Nam
740 5171 1012 5226 Antonius
1059 5167 1337 5239 suppetias
1380 5166 1461 5219 eis
1489 5166 1702 5218 laturus
1738 5165 1916 5218 serius
1953 5162 2121 5228 venit,

551 5279 728 5333 neque
750 5263 1048 5333 quidquam
1079 5270 1276 5331 praeter
1307 5258 1573 5312 cadavera
1607 5272 1830 5311 suorum
1868 5254 2079 5306 invenit
2106 5265 2121 5305 :

553 5373 654 5411 nec
682 5358 858 5410 multo
898 5365 1019 5425 post
1053 5357 1316 5408 barbaros
1355 5350 1685 5422 proﬂigavit,
1720 5349 1813 5403 Sed
1841 5363 1956 5400 non
1985 5345 2126 5398 mul-

557 5455 672 5501 tum
703 5449 784 5502 eis
814 5449 1040 5502 .nocuit.
1093 5447 1342 5516 Dumque
1403 5444 1606 5514 regiam
1644 5442 1804 5512 520
1839 5439 2123 5494 Medorum

555 5539 792 5604 obsidet,
846 5541 1016 5608 magis
1065 5539 1181 5608 ipse
1233 5537 1540 5600 obsidetur,
1595 5539 1840 5589 exercitu
1896 5532 2126 5602 penuria

553 5637 893 5686 commeatus
932 5631 1253 5685 laborante:
1311 5645 1474 5700 quem
1528 5627 1657 5680 dum
1711 5641 1777 5680 ex
1809 5625 1953 5695 agris
1976 5637 2128 5696 pete-

551 5733 658 5782 ret,
689 5735 719 5773 a
758 5721 976 5774 Parthis
1001 5737 1068 5774 ex
1103 5721 1318 5777 insidiis
1347 5720 1770 5788 erumpentibus
1808 5720 1947 5774 male
1982 5722 2130 5774 acci-

544 5813 830 5878 piebatur.
867 5812 979 5868 Hoc
1008 5813 1231 5868 Antonii
1260 5817 1426 5869 statu-
1456 5814 1692 5871 Parthus
1722 5830 1822 5886 per
1852 5814 2123 5872 suborna-

2230 4617 2336 4669 λων
2366 4618 2491 4679 τοὺς
2519 4618 2776 4687 ἀρίστους
2798 4617 3128 4687 διέφθειρεν.
3147 4617 3436 4684 Ἀντώνιος
3461 4619 3516 4672 δὲ
3540 4614 3760 4688 πρέσϐεις

2230 4709 2330 4776 μὲν
2363 4708 2501 4778 πρὸς
2528 4710 2652 4771 τοὺς
2690 4709 2940 4780 Πάρθους
2980 4710 3124 4780 *περὶ
3179 4712 3407 4781 είρήνης
3447 4710 3759 4774 ἐκπέπομφεο

2228 4799 2365 4870 πρὸς
2395 4800 2452 4852 δὲ
2479 4799 2573 4852 τὸν
2604 4801 2841 4871 πόλεμον
2874 4801 3222 4872 ἡτοιμάζετο,
3272 4805 3362 4856 ἵνα
3392 4798 3761 4873 ἀπαρασκεύοις

2227 4890 2412 4953 αὐτοῖς
2444 4891 2644 4962 ἐντύχῃ
2670 4892 2758 4948 διὰ
2779 4893 2875 4963 τὴν
2907 4893 3098 4947 ἐλπίδα
3129 4896 3228 4966 τῆς
3279 4896 3616 4965 συμϐάσεως.
3670 4890 3758 4942 Καὶ

2229 4984 2419 5054 μαθὼν
2451 4985 2541 5038 τὸν
2567 4987 2748 5055 Μῆδον
2774 4988 2866 5041 ἐπὶ
2898 4990 3228 5059 συμμαχίαν
3280 4988 3376 5042 τοῦ
3418 4985 3622 5056 Πάρθου
3671 4997 3760 5050 χω-

2231 5076 2494 5146 ρήσαντα,
2537 5078 2606 5130 τὰ
2644 5079 2743 5147 μὲν
2773 5081 3082 5150 σκευοφόρα
3111 5080 3206 5133 καὶ
3232 5077 3366 5132 πολὺ
3415 5079 3510 5146 τῆς
3536 5070 3758 5142 στρατιᾶς

2227 5170 2556 5224 ὑπελείπετο
2593 5172 2731 5242 μετὰ
2766 5172 2859 5226 τοῦ
2893 5174 3229 5244 Στρατιανοῦ
3261 5172 3327 5226 ἶν’
3362 5173 3599 5225 ἕποιντο·
3627 5163 3758 5223 αὐτὸς

2226 5262 2282 5315 δὲ
2313 5266 2409 5316 σὺν
2435 5268 2547 5327 τοῖς
2582 5263 2808 5317 ἱππεῦσι
2858 5265 3088 5320 καὶτῶν
3141 5267 3322 5330 πεζῶν
3370 5267 3482 5327 τοῖς
3537 5258 3758 5323 εὐζώνοις

2228 5355 2492 5423 ἠπείγετο
2531 5357 2606 5418 ὡς
2647 5356 2848 5410 αὐτίκα
2882 5357 2951 5410 τὰ
3009 5356 3118 5410 τῶν
3175 5357 3373 5428 Μήδων
3427 5345 3758 5418 καταστρεψόο

2231 5463 2414 5514 μενος.
2462 5447 2521 5499 Ὀ
2557 5447 2743 5517 μέντοι
2783 5447 2996 5518 Πάρθος
3027 5449 3122 5501 καὶ
3180 5451 3206 5500 ὁ
3257 5447 3440 5517 Μῆδος
3487 5443 3559 5512 τῷ
3613 5440 3753 5506 ΣτΡ²¹

2228 5538 2399 5610 τιανῷ
2433 5541 2860 5612 ἀπροσδοκήτως
2896 5543 3250 5606 ἐπιπεσόντες
3285 5541 3380 5594 καὶ
3430 5541 3493 5611 τῇ
3533 5533 3638 5607 μετ’
3677 5528 3754 5582 αὖ*

2227 5632 2322 5686 ’τθῦ
2383 5636 2633 5705 στρατιᾷ»
2700 5637 2909 5698 πάντας
2965 5637 3284 5704 ἐφόνευσαν,
3349 5631 3442 5686 τοῦ
3507 5622 3752 5684 Ἀντωνίου

2231 5723 2568 5787 σπεύσαντος
2601 5725 2699 5794 μὲν
2738 5724 3005 5796 βοηθῆσαι
3047 5727 3253 5792 αὐτοῖς,
3288 5722 3426 5793 πλὴν
3472 5716 3750 5788 emptam-

2233 5833 2342 5886 τος,
2371 5819 2462 5871 καὶ
2507 5819 2702 5890 μόνους
2762 5818 2888 5883 τοὺς
2950 5819 3178 5890 νεκροὺς
3219 5815 3529 5889 εὑρηκότος.
3575 5812 3656 5870 ὐς
3699 5801 3748 5854 0⁵
