4018 6250
496 344 600 407 8.87

1798 345 2126 409 JOANNIS
2166 346 2490 410 ΖΟΝΑΒΕ

3635 357 3725 423 888

497 466 681 514 mente
715 465 908 527 captus
942 456 1260 527 putabatur.
1299 456 1492 528 Neque
1537 473 1671 513 vero
1705 473 1833 521 eum
1875 461 2073 526 solum.

2194 461 2478 532 εἰσεφοίτα,
2504 460 2714 526 καὶτὰς
2735 457 3073 533 πανηγΰρεις
3095 461 3467 526 συνδιετιθετο.
3490 467 3580 532 τὰς
3595 469 3727 537 δίκας

497 550 593 604 sed
623 558 680 604 et
712 563 970 619 proceres
1001 549 1120 618 ejus
1152 563 1220 604 eo
1246 547 1456 619 redegit
1489 550 1814 620 imposturis
1853 552 1990 616 suis,
2019 560 2082 606 ut

500 641 765 697 Romanis
794 640 1028 710 quisque
1055 655 1115 695 se
1145 640 1542 710 imperaturum
1575 651 1863 712 speraret:
1905 651 1962 700 et
2021 645 2078 698 in

495 734 766 803 Capitolio
791 734 884 804 jus
917 733 1126 800 dicere,
1185 744 1374 790 votum
1404 735 1870 806 etjusjurandum
1903 738 2079 792 maxi-

497 842 645 881 mum
685 825 938 879 duceret.
977 823 1254 880 Antonius
1289 840 1424 879 vero
1469 824 1766 895 aliquando
1792 826 2076 882 acinacem

495 917 836 988 :iccingebat,
884 929 940 974 et
995 919 1286 989 peregrina
1337 927 1490 973 veste
1522 918 1802 972 utebatur.
1838 918 1995 985 Quod
2031 921 2077 974 si

496 1011 594 1076 illi,
627 1011 1005 1065 Romanorum
1053 1010 1270 1065 consuli
1303 1018 1361 1065 et
1394 1010 1546 1074 duci,
1598 1010 1815 1065 crimini
1844 1011 2080 1066 dabatur

496 1118 787 1173 peregrina
811 1102 1015 1158 vestis:
1041 1104 1214 1157 nostri
1247 1105 1509 1171 temporis
1529 1103 1693 1174 524
1721 1104 2080 1174 imperatores

375 1248 390 1254 _,
497 1197 626 1262 quis
654 1195 1088 1264 reprehensione
1118 1196 1342 1264 eximat,
1367 1198 1460 1266 qui
1488 1213 1518 1250 a
1551 1197 1732 1265 patrio
1758 1197 1958 1252 vestitu
1989 1212 2078 1252 re-

495 1289 722 1354 cedunt,
774 1297 831 1344 et
872 1305 985 1345 non
1037 1290 1340 1358 interdum,
1388 1291 1482 1346 sed
1514 1290 1750 1347 subinde
1784 1290 2077 1346 barbarica

497 1393 652 1438 veste
701 1384 981 1438 utuntur?
1032 1383 1147 1439 Hoc
1196 1400 1380 1439 rerum
1411 1395 1555 1440 statu
1606 1384 1788 1440 Caesar
1816 1393 1873 1438 et
1912 1387 2080 1439 Anto-

498 1475 626 1530 nius
658 1476 725 1530 ad
776 1475 978 1530 bellum
1009 1491 1068 1532 se
1109 1477 1394 1546 parabant,
1422 1486 1652 1545 uterque
1702 1477 1892 1531 multis
1913 1475 2079 1530 sociis

499 1570 786 1625 munitus:
821 1585 885 1624 ac
917 1570 1090 1624 multa
1121 1569 1283 1640 vulgo
1307 1569 1683 1638 jactabantur,
1715 1578 1772 1622 et
1793 1569 1948 1638 signa
1983 1567 2078 1622 ﬁe-

502 1662 654 1720 hant.
685 1661 818 1717 Nam
853 1662 908 1716 in
941 1660 1214 1716 sacriﬁcio
1239 1661 1477 1730 quodam
1514 1660 1712 1715 simius
1748 1660 1935 1713 fanum
1970 1659 2074 1715 Ce-

499 1754 642 1809 reris
684 1754 985 1822 ingressus,
1032 1753 1388 1809 conturbavit
1441 1753 1648 1808 omnia.
1709 1751 1862 1807 Multi
1913 1752 2072 1822 pueri

2180 570 2241 608 τε
2268 550 2620 623 συνεξὴταζε,
2667 554 2764 607 καὶ
2801 555 3130 620 συνίππευε,
3190 556 3282 609 καὶ
3313 558 3372 610 ἐν
3401 561 3512 624 ταῖς
3536 561 3729 619 πόλεσιν

2192 647 2378 716 ἐκείνη
2435 647 2532 717 μὲν
2564 647 2622 701 ὲν
2641 646 2818 716 δίφρῳ
2851 647 3134 719 ἐφέρετο,
3175 649 3204 700 ὁ
3225 649 3270 702 δ’
3314 649 3585 717 Ἀντώνιος
3609 657 3728 727 πεζῇ

2189 739 2335 810 μετά
2365 741 2474 792 τῶν
2505 738 2779 809 εὐνούχων
2818 740 2987 809 αὐτῆς
3025 741 3330 810 ἠκολούθειο
3395 747 3730 817 ωνεγράφετό

2183 845 2243 883 τε
2272 831 2436 898 αὐτῇ,
2479 830 2570 882 καὶ
2607 828 3032 893 συνεπλάττετο,
3069 830 3236 893 αὐτὸς
3273 832 3483 904 Ὄσιρις
3513 837 3601 889 καὶ
3627 841 3731 892 Διό.

2185 939 2346 985 νυσος
2378 921 2694 992 λεγόμενος,
2735 922 2920 992 ἐκείνη
2954 921 3011 975 δὲ
3043 921 3249 994 Σελήνη
3321 926 3415 978 καὶ
3457 921 3607 991 Ἶσις.
3649 930 3732 984 ὀ.

2182 1015 2275 1069 θεν
2304 1015 2526 1086 ἔκφρων
2555 1016 2648 1070 ὑπ’
2674 1015 2847 1085 αὐτῆς
2890 1016 2956 1069 ἐκ
3039 1018 3376 1086 μαγγανείας
3423 1019 3562 1086 ἔδοξε
3597 1040 3734 1092 γεγο.

2182 1108 2352 1166 νέναι.
2385 1109 2494 1162 Ka‘t
2530 1109 2632 1162 οὐκ
2683 1109 2888 1163 ἐκεῖνον
2931 1110 3118 1180 μόνον,
3165 1110 3304 1164 ἀλλά
3339 1113 3434 1166 καὶ
3476 1114 3595 1177 τοὺς
3622 1119 3734 1187 παρ’

2186 1199 2336 1268 αὑτῷ
2379 1200 2716 1271 δυναμένους
2752 1203 3158 1274 κατεγοήτευσε
3211 1205 3308 1258 καὶ
3337 1205 3639 1278 κατέδησεν,
3673 1209 3736 1272 ὡς

2183 1292 2405 1348 ἐλπίσαι
2443 1294 2666 1348 καὶτῶν
2711 1294 3000 1365 Ῥωμαίων
3024 1297 3233 1366 ἄρξειν,
3284 1298 3451 1368 εὐχήν
3483 1316 3538 1352 τε
3585 1302 3736 1354 ποιεῖ-

2185 1383 2310 1438 σθαι
2343 1385 2608 1457 μεγίστην
2637 1386 2734 1440 καὶ
2766 1387 2932 1458 ὅρκον
2963 1387 3024 1441 τὸ
3053 1389 3112 1442 ὲν
3131 1389 3212 1458 τῷ
3260 1391 3581 1460 Καπιτωλίῳ
3609 1392 3736 1447 δικά-

2183 1493 2296 1531 σαι.
2327 1479 2388 1532 ⁹Ο
2404 1478 2460 1532 δὲ
2489 1477 2774 1543 Ἀντώνιος
2796 1480 3067 1552 ἀκινάκην
3087 1498 3147 1534 τε
3170 1482 3343 1536 ἐνίοτε
3365 1483 3734 1555 παρεζώννυτο,

2185 1569 2282 1624 καὶ
2309 1569 2497 1640 ἐσθῆτι
2531 1573 2731 1642 εχρῆτο
2768 1572 2918 1644 παρὰ
2942 1573 3014 1627 τὰ
3039 1574 3267 1644 πάτρια.
3332 1576 3518 1648 Τούτῳ
3547 1578 3636 1647 μὲν
3661 1576 3738 1631 οὖν

2196 1662 2390 1732 ὑπάτῳ
2429 1663 2546 1717 όντι
2606 1665 2703 1718 καὶ
2765 1666 3058 1737 στρατηγῷ
3103 1667 3394 1738 Ῥωμαίων
3434 1670 3512 1731 εἰς
3539 1671 3740 1739 αἰτίαμα

2185 1757 2443 1828 ἐλογίσθη
2493 1758 2527 1827 ἡ
2560 1756 2666 1824 ἔξω
2701 1757 2812 1810 τῶν
2845 1758 3095 1830 πατρίων
3151 1758 3354 1831 στολή·
3423 1762 3544 1826 τοὺς
3574 1762 3626 1816 δὲ
3663 1763 3740 1817 νῦν

500 1843 688 1899 Romae
711 1845 1048 1916 congregati,
1089 1852 1147 1899 et
1188 1845 1242 1898 in
1283 1843 1579 1898 factionem
1619 1844 1986 1898 Antonianam
2019 1852 2075 1899 et

2194 1849 2421 1913 Βασιλεῖς
2455 1849 2747 1921 Ῥωμαίων
2796 1851 2955 1921 (85“)
3013 1851 3132 1916 πῶς
3200 1853 3266 1908 ἄν
3315 1870 3401 1918 τις
3427 1853 3741 1926 ἐξαιρήσοιτο

498 1935 864 1990 Caesarianam
897 1935 1084 1993 divisi.
1141 1935 1362 1990 nemine
1392 1934 1622 2006 jubcnte
1655 1934 1798 1988 inter
1830 1949 1951 1990 sese
1976 1935 2080 1990 de-

498 2035 816 2081 certarunt:
873 2036 928 2082 et
978 2027 1073 2098 qui
1136 2027 1361 2083 Antonii
1424 2020 1622 2081 nomen
1685 2026 2076 2096 praeferebant,

500 2119 634 2175 victi
683 2129 832 2174 sunt.
891 2119 1149 2190 Ejusdem
1206 2131 1385 2174 statua
1453 2136 1758 2175 marmorea
1813 2122 2079 2191 sanguine

504 2212 768 2267 manavit.
825 2211 972 2283 Ignis
1005 2211 1192 2266 fanum
1229 2212 1453 2267 Cereris
1501 2223 1558 2268 et
1597 2213 1723 2282 Spei
1750 2213 2078 2284 absumpsit.

502 2304 841 2359 Acciderunt
892 2311 949 2358 et
1001 2305 1138 2359 alias
1201 2305 1365 2374 hujus
1393 2305 1632 2374 generis,
1679 2320 1915 2374 quorum
1948 2306 2080 2360 nihil

501 2411 602 2452 eos
634 2397 850 2452 terruit.
887 2397 1162 2451 Antonius
1193 2397 1339 2451 enim
1390 2396 1692 2462 lestinavit,
1731 2407 1790 2453 ut
1819 2414 1917 2454 eos
1962 2399 2082 2454 ino-

505 2490 760 2558 pinantes
791 2490 846 2544 in
905 2490 1057 2544 ltalia
1108 2490 1466 2558 opprimeret.
1497 2489 1601 2544 Sed
1632 2505 1756 2544 cum
1787 2491 2080 2561 Corcyram

503 2579 825 2649 appulisset,
851 2589 1018 2650 atque
1050 2580 1176 2634 inde
1208 2581 1262 2634 in
1288 2580 1724 2650 Peloponnesum
1754 2582 2082 2653 navigasset,

503 2672 686 2727 Patris
734 2671 1068 2736 hibernavit,
1124 2679 1179 2728 ct
1238 2671 1441 2726 milites
1497 2675 1699 2741 passim
1758 2674 2083 2731 distribuit:

503 2761 687 2816 Caesar
733 2777 865 2816 vero
900 2761 1216 2816 Brundusio
1249 2762 1490 2826 solvens,
1527 2773 1856 2834 tempestate
1890 2765 2088 2838 fatiga-

507 2865 600 2912 tus
636 2854 886 2910 recessit.

2190 1941 2397 2013 μώμων
2450 1940 2548 1996 καὶ
2609 1942 2921 2008 αἱτιάσεως,
2977 1946 3560 2016 μεταμφιεννυμένους
3617 1950 3743 2016 παρὰ

2182 2034 2251 2088 τὰ
2267 2035 2494 2104 πάτρια,
2522 2035 2619 2089 καὶ
2643 2035 2742 2088 οὐκ
2771 2035 2964 2098 ἐνίοτε,
2990 2036 3081 2090 ἀεὶ
3109 2035 3167 2090 δὲ
3199 2037 3572 2108 κεχρημένους
3587 2038 3743 2108 ἐσθῆτι

2188 2125 2530 2196 βαρϐαρικῆς
2561 2124 2721 2179 Οὕτω
2774 2126 2873 2194 μὲν
2899 2124 2999 2179 οὖν
3049 2125 3131 2195 τῷ
3181 2143 3240 2179 τε
3316 2126 3554 2198 Καίσαρι
3579 2125 3744 2196 καὶτῷ

2198 2215 2467 2285 Ἀντωνίῳ
2501 2217 2806 2286 συνηνέχθη
2827 2217 2897 2269 τὰ
2921 2217 3247 2288 πράγματα.
3269 2218 3336 2270 Oi
3361 2216 3420 2270 δὲ
3437 2217 3743 2287 παρεσκευὰ-

2185 2308 2341 2373 ξοντο
2375 2308 2514 2380 πρὸς
2554 2309 2647 2361 τὸν
2683 2308 2945 2378 πόλεμον,
2995 2309 3232 2373 ἕκαστος
3291 2309 3521 2372 πολλοὺς
3553 2307 3743 2378 συμμά-

2184 2418 2313 2470 χους
2349 2401 2770 2473 προσειληφώςο
2808 2403 3113 2457 καὶπολλά
3149 2404 3305 2474 παρὰ
3337 2402 3446 2458 τῶν
3476 2400 3743 2472 ἀνθρώπων

2185 2493 2515 2564 commata,
2552 2494 2724 2548 πολλά
2770 2495 2829 2548 δὲ
2891 2495 2988 2549 καὶ¹
3030 2498 3236 2566 σημεῖα
3281 2495 3552 2566 γεγόνασι.
3603 2493 3746 2562 Πιθη-

2192 2586 2286 2649 κός
2311 2603 2372 2639 τε
2395 2587 2504 2656 γὰρ
2542 2589 2602 2650 ἐς
2635 2586 2694 2641 τδ
2713 2590 3034 2660 Δημήτριον
3059 2589 3117 2643 ὲν
3161 2590 3454 2662 ἱερουργίᾳ
3475 2588 3576 2642 τινὶ
3601 2587 3748 2640 sicel-

2195 2676 2330 2742 θὼν,
2364 2677 2543 2732 πάντα
2606 2679 2676 2732 τὰ
2725 2679 2873 2734 ἔνδον
2921 2680 3169 2752 συνέχεε.
3226 2681 3342 2735 Καὶ
3403 2681 3585 2744 παῖδες
3615 2680 3667 2732 ὲν
3691 2678 3746 2746 τῇ

2211 2769 2400 2843 Ῥώμῃ
2431 2762 2622 2824 πολλοὶ
2653 2771 3061 2844 ἀθροισθέντες,
3115 2773 3482 2836 κελεύσαντος
3535 2768 3747 2842 μηδενὸς,

2212 2863 2508 2932 συνέμιξαν
2539 2864 2809 2938 ἀλλήλοις,
2829 2867 2880 2918 οἱ
2915 2866 3013 2937 μὲν
3051 2865 3128 2930 ώς
3163 2866 3515 2936 Καισάρειοι,
3546 2863 3592 2916 οἱ
3613 2861 3663 2915 δὲ
3687 2859 3749 2922 ὡς

503 2948 600 3001 τοῦ
664 2949 953 3003 ’Λντωνίου
1003 2949 1323 3021 μαχόμενοι,
1369 2952 1460 3004 καὶ
1492 2952 1804 3022 ἡττήθησαν
1842 2953 1890 3006 οἱ
1924 2955 1984 3007 τὸ
2019 2953 2112 3008 τοῦ
2161 2955 2446 3013 ’Δντωνίου
2498 2959 2672 3030 ὄνομα
2718 2962 2998 3033 φέροντες.
3048 2960 3227 3015 Elicth
3273 2977 3338 3014 τε
3393 2956 3554 3014 αὐτοῦ
3600 2954 3750 3028 λιθίνη

423 3119 426 3122 Α
503 3036 646 3112 αἷμα
665 3041 856 3111 ἀνῆκε,
882 3041 974 3095 καὶ
1007 3042 1117 3112 πῦρ
1144 3042 1204 3096 τό
1230 3060 1290 3096 τε
1333 3044 1649 3114 Δημήτριον
1676 3045 1770 3098 καὶ
1834 3045 1960 3098 ναὸν
2027 3045 2222 3118 ἓτερον
2298 3049 2547 3115 Ἐλπίδος
2574 3051 2872 3123 διέφθειρε,
2904 3053 2998 3108 καὶ
3061 3051 3198 3107 ἄλλα
3246 3049 3476 3105 τοιαῦτα
3507 3045 3752 3118 συμὸέδηο

507 3156 625 3194 κεν.
657 3140 821 3194 Οὐδὲν
854 3139 911 3192 δὲ
949 3139 1155 3194 τούτων
1187 3138 1384 3201 αὐτοὺς
1429 3140 1730 3209 ἐφόϐησενο
1782 3141 1898 3196 ἀλλ’
1928 3144 1956 3195 ό
2029 3143 2132 3214 μὲν
2175 3144 2458 3211 ’Δντώνιος
2517 3148 2801 3220 ὥρμησεν,
2862 3149 2940 3214 ὡς
2984 3149 3043 3202 ἓν
3097 3151 3198 3220 τῇ¹
3239 3146 3445 3217 Ἰταλίᾳ
3516 3144 3754 3212 ἀδοκήτως

505 3233 690 3295 αὐτοῖς
743 3231 834 3285 τὶν
888 3230 1127 3300 πόλεμον
1186 3230 1569 3301 ποιησόμενος.
1614 3231 1814 3285 Ἐλθὼν
1869 3233 1926 3286 δὲ
1980 3235 2062 3299 εἰς
2101 3235 2398 3310 Κέρκυραν
2437 3242 2693 3296 κάκεῖθεν
2719 3244 2799 3306 εἰς
2831 3242 2929 3312 τὴν
2988 3241 3371 3312 Πελοτοόνησον
3403 3236 3752 3296 ἀναπλεύσας,

507 3329 670 3392 αὐτὸς
713 3328 811 3398 μὲν
846 3328 904 3378 ὲν
956 3327 1200 3396 Πάτραις
1233 3326 1636 3398 παρεχείμασε,
1688 3331 1816 3392 τοὺς
1879 3329 1938 3382 δὲ
2001 3334 2343 3400 στρατιώτας
2383 3337 2690 3409 πανταχόσε
2743 3337 3064 3409 διέπεμψενο
3131 3335 3246 3390 όδὲ
3307 3337 3522 3406 Καῖσαρ
3573 3328 3754 3415 ἀνήχθη

511 3423 610 3492 μὲν
656 3421 721 3474 ὲκ
767 3419 860 3473 τοῦ
892 3421 1233 3490 Βρεντεσίου,
1278 3420 1508 3490 χειμῶνι
1533 3421 1588 3475 δὲ
1621 3421 1937 3493 περιπεσὼν
1976 3425 2072 3478 καὶ
2113 3427 2372 3498 πονηθεὶς
2395 3430 2770 3502 ἀνεχώρησεν.

578 3513 772 3569 XXIX.
811 3513 950 3568 Vere
981 3512 1278 3582 incipiente
1307 3515 1580 3569 Antonius
1602 3529 1662 3569 se
1691 3530 1800 3569 non
1837 3530 2084 3570 commo-

2260 3522 2391 3577 KO’.
2456 3521 2770 3594 Ἧργμένου
2822 3523 2878 3576 δὲ
2935 3522 3096 3592 ἔαρος
3135 3523 3162 3575 ὁ
3205 3519 3312 3592 μὲν
3383 3517 3650 3578 Ἀντώνιος
3674 3514 3752 3566 οὗ·

508 3608 607 3663 vit.
631 3605 769 3663 Nam
798 3605 918 3677 ejus
951 3605 1218 3660 classiarii
1252 3621 1319 3660 ex
1368 3606 1605 3663 diversis
1633 3607 1890 3675 gentibus
1918 3609 2089 3664 colle-

508 3701 605 3764 cti,
654 3715 778 3753 cum
829 3698 1023 3768 procul
1079 3697 1148 3753 ab
1193 3714 1262 3754 eo
1314 3699 1713 3754 hibernarent:
1757 3717 1936 3772 neque
1969 3717 2090 3758 sese

507 3792 860 3856 exercebant,
894 3802 952 3848 et
984 3791 1180 3847 morbo
1213 3808 1278 3848 ac
1307 3793 1626 3864 transfugiis
1676 3793 2086 3851 minuebantur.

508 3883 748 3954 Agrippa
803 3897 1024 3953 quoque
1073 3882 1328 3938 Methone
1375 3886 1586 3952 impetu
1627 3896 1809 3955 capta,
1866 3888 2089 3942 navium

509 3975 892 4029 onerariarum
917 3974 1182 4043 appulsus
1211 3975 1581 4041 observando,
1603 3984 1662 4031 et
1689 3977 1742 4032 in
1775 3978 1900 4032 aliis
1925 3985 2091 4048 atque

511 4066 634 4122 aliis
660 4066 885 4123 Graeciae
919 4066 1056 4121 locis
1085 4081 1386 4123 exscensus
1443 4068 1698 4124 faciendo
1719 4110 1732 4134 ,
1794 4070 2091 4127 admodum

511 4173 640 4213 eum
671 4157 1048 4226 perturbabat.
1088 4156 1272 4214 G'esar
1305 4174 1437 4214 vero
1467 4175 1660 4215 omnes
1694 4162 1917 4226 milites,
1975 4177 2095 4218 om-

513 4259 611 4300 nes
641 4253 949 4310 senatores,
985 4261 1181 4301 omnes
1232 4247 1469 4317 equites,
1505 4263 1740 4317 quorum
1766 4240 1948 4320 aliqua
1977 4260 2097 4306 erat

513 4336 852 4402 auctoritas,
914 4338 1211 4396 Brundusii
1281 4343 1579 4400 convenire
1645 4345 1854 4413 jussit,
1915 4346 2094 4410 alios,

515 4435 578 4482 ut
625 4427 830 4497 aliquid
871 4429 1224 4499 adiutarent,
1280 4434 1460 4499 alios,
1521 4450 1591 4491 ne
1653 4437 1884 4492 seorsim
1933 4438 2099 4493 rebus

514 4517 674 4574 novis
742 4519 1028 4575 studerent
1080 4539 1094 4576 :
1148 4533 1316 4594 utque
1363 4527 1683 4583 ostenderet
1738 4543 1798 4583 se
1850 4528 2100 4584 maximae

518 4610 1091 4683 prmstantissimzeque
1151 4617 1324 4684 partis
1385 4619 1759 4675 Romanorum
1827 4635 2098 4676 consensu

515 4701 642 4757 niti.
697 4702 832 4759 Cum
891 4704 1068 4775 iisque
1124 4707 1277 4763 Ionio
1341 4713 1686 4776 transmisso,
1731 4723 1786 4768 et
1843 4713 2097 4784 Corcyra,

515 4807 683 4861 quam
742 4794 1069 4865 praesidiarii
1123 4800 1499 4869 reliquerant,
1557 4813 1754 4872 capta,
1819 4803 1874 4857 in
1934 4815 2097 4874 portu

2190 3611 2338 3681 δαμῆ
2389 3612 2638 3683 ἐκινήθη.
2711 3612 3020 3684 Σύμμικτοι
3057 3611 3167 3683 γὰρ
3225 3614 3295 3666 ὲκ
3349 3609 3556 3665 πολλῶν
3601 3604 3745 3660 ἐθνῶν

2189 3702 2343 3768 ὄντες
2366 3705 2414 3756 oi
2453 3708 2736 3775 τριηρῖται
2785 3704 2954 3758 αὑτοῦ
3015 3705 3112 3758 καὶ⁹
3174 3705 3373 3776 esset.)
3431 3702 3753 3774 χειμάζοντες

2189 3793 2286 3846 ἀπ’
2305 3794 2496 3861 αὑτοῦ,
2515 3795 2629 3849 οὔτ’
2649 3796 2746 3864 ὲγυ
2756 3794 3043 3865 μνάζοντο,
3063 3794 3158 3850 καὶ
3173 3795 3316 3866 νόσῳ
3331 3794 3429 3849 καὶ
3445 3788 3753 3862 αὐτομολίαις

2189 3885 2520 3954 ὴλάττωντο.
2549 3887 2659 3940 Καὶ
2681 3892 2709 3941 ὁ
2743 3888 3055 3958 Ἀγρίππας
3089 3890 3187 3958 τὴν
3206 3888 3477 3958 Μεθώνην
3503 3879 3754 3951 κατασχὼν

2192 3975 2254 4039 ἐξ
2280 3975 2493 4045 ἐφόδου,
2522 3977 2736 4039 καὶτὰς
2768 3979 3072 4049 κατάρσεις
3093 3979 3204 4033 τῶν
3229 3979 3474 4034 ὁλκάδων
3491 3971 3752 4045 ἐπιτηρῶν,

2194 4069 2289 4121 καὶ
2323 4069 2624 4132 ἀποϐάσεις
2652 4070 2841 4124 ἄλλοτε
2866 4071 3004 4141 ἄλλῃ
3027 4071 3126 4141 τῆς
3167 4070 3423 4133 Ἑλλάδος
3447 4067 3754 4137 ποιούμενος.

2198 4158 2435 4230 ἰσχυρῶς
2471 4159 2634 4214 αὐτὸν
2663 4159 2938 4231 ἐθορύϐει.
2993 4161 3052 4214 '0
3075 4161 3132 4214 δὲ
3165 4163 3390 4232 Καῖσαρ
3425 4163 3627 4220 πάντας
3674 4153 3754 4224 μὲν

2193 4252 2321 4315 τοὺς
2351 4250 2711 4321 στρατιώτας,
2746 4252 2959 4316 πάντας
2981 4254 3039 4307 δὲ
3073 4253 3201 4317 τοὺς
3235 4253 3568 4325 δυναμένους
3596 4266 3644 4301 τι
3667 4247 3758 4299 τῶν

2199 4341 2508 4412 βουλευτῶν
2539 4343 2638 4396 καὶ
2667 4345 2881 4397 ἱππέων
2923 4346 3003 4407 εἰς
3035 4344 3095 4398 τὸ
3122 4344 3443 4414 Βρεντέσιον
3490 4337 3755 4409 συνήγαγε,

2195 4434 2325 4499 τοὺς
2377 4433 2480 4502 μὲν
2505 4436 2656 4499 ὅπως
2698 4436 2850 4505 αὐτῷ
2882 4453 2935 4490 τι
2971 4436 3363 4507 συμπράξωσι,
3396 4436 3523 4498 τοὺς
3549 4433 3591 4486 δ’
3631 4432 3757 4492 δπῳς

2203 4527 2280 4597 μὴ
2317 4528 2652 4596 μονωθέντες
2692 4545 2746 4581 τι
2773 4527 3160 4599 νεοχμώσωσιο
3213 4529 3311 4592 καὶ
3354 4528 3423 4582 ἶν’
3469 4523 3747 4590 ἐνδείξηται

2200 4620 2285 4672 ὅτι
2312 4619 2374 4673 τὸ
2407 4620 2658 4673 πλεῖστον
2693 4620 2788 4674 καὶ
2817 4619 3178 4691 κρατιστεῢον
3204 4621 3314 4674 τῶν
3345 4616 3626 4688 Ῥωμαίων
3649 4608 3757 4680 ὁμό-

2203 4729 2422 4784 γνωμον
2459 4714 2724 4785 κέκτηται
2744 4730 2761 4747 ο
2794 4715 2892 4768 καὶ
2914 4714 3016 4767 σὺν
3047 4714 3233 4778 αὐτοῖς
3260 4713 3354 4767 τδν
3393 4711 3575 4767 Ἰόνιον
3594 4701 3752 4760 διαϐέ-

2205 4805 2368 4875 δηκε.
2431 4805 2530 4858 καὶ
2579 4804 2680 4878 τὴν
2724 4805 3021 4877 Κέρκυραν
3075 4805 3459 4875 ἐκλειφθεῖσαν
3520 4800 3617 4855 ὑπὸ
3665 4793 3756 4850 τῶν

516 4881 683 4955 Glyce
731 4887 981 4954 appulit,
1037 4890 1132 4959 qui
1199 4907 1229 4945 a
1281 4891 1569 4949 dulcedine
1652 4893 1802 4949 ﬂuvii
1859 4895 1912 4950 in
1968 4909 2089 4951 eum

2205 4895 2588 4974 φρουρρύντων
2607 4897 2809 4965 λαϐὼν,
2842 4899 2923 4963 εἱς
2941 4897 3034 4953 τὸν
3071 4897 3268 4969 λιμένα
3289 4898 3386 4951 τὸν
3415 4893 3616 4949 Γλυκὺν
3645 4901 3755 4974 κατέ

523 4979 809 5040 inﬂuentis
838 4999 1040 5042 nomen
1083 4987 1290 5043 habet:
1351 4989 1481 5045 inde
1524 4991 1742 5047 Actium
1800 4992 2099 5063 navigavit.

2208 4989 2330 5060 ἦρε.
2387 4973 2655 5045 Καλεῖται
2703 4991 2764 5046 δὲ
2821 4991 2998 5056 οὕτως
3039 4993 3122 5046 ὅτι
3173 4992 3241 5045 ὲκ
3278 4989 3377 5045 τοῦ
3415 4983 3652 5058 ποταμοῦ
3679 4973 3754 5034 τοῦ

1712 5105 1912 5168 Variae
1966 5105 2277 5168 lectiones
2322 5111 2384 5167 et
2423 5112 2616 5168 notae.

591 5201 746 5272 (85")
788 5200 933 5266 Τοὺς
979 5201 1048 5254 δὲ
1104 5203 1221 5256 νῦν
1283 5204 1565 5271 βασιλεῖς
1627 5204 1948 5273 Ῥωμαίων.
2002 5205 2102 5260 Hic

519 5285 686 5343 porro
739 5273 919 5340 carpit
958 5273 1198 5327 Zonaras
1243 5274 1606 5343 imperatores
1647 5285 1702 5328 et
1755 5274 1974 5331 Graecos
2017 5277 2102 5329 sui

521 5342 644 5398 aevi.
684 5345 776 5410 qui
813 5343 1043 5413 dimisso
1070 5344 1251 5413 patrio
1280 5342 1505 5405 vestitu,
1537 5344 1832 5400 barbarico
1871 5361 1967 5400 seu
2005 5360 2103 5399 ex—

524 5418 718 5484 traneo
745 5413 821 5484 uti
861 5412 1137 5484 amabant.
1169 5413 1376 5468 Scribit
1421 5414 1765 5483 Nicephorus
1808 5413 2102 5484 Gregoras,

523 5478 622 5532 lib.
672 5497 708 5535 ll
749 5481 1013 5547 Joannem
1062 5483 1340 5538 Vatatzcm
1389 5485 1521 5553 imp.
1559 5478 1685 5538 cum
1737 5478 1949 5537 videre't
1995 5478 2107 5538 R04-

525 5563 716 5624 manas
745 5553 1045 5624 divitias‘in
1079 5554 1397 5624 peregrinas
1428 5563 1486 5608 et
1517 5565 1869 5624 sumptuosas
1896 5563 2103 5618 vestes,

530 5619 770 5694 Sericas,
795 5619 1452 5694 Assyriaszabﬂonias,
1480 5619 1657 5694 atque
1679 5624 1914 5694 Italicas,
1949 5625 2105 5678 vario

526 5705 588 5741 ac
618 5691 805 5744 solerti
857 5691 1090 5745 artiﬁcio
1127 5691 1406 5748 confectas
1446 5691 1655 5748 eﬂ‘uhdi
1685 5737 1698 5757 ,
1744 5693 1929 5748 edicto
1975 5709 2106 5748 san-

526 5759 707 5820 xisse,
759 5776 827 5815 ne
865 5759 988 5829 quis
1035 5761 1384 5827 subditorum
1443 5763 1512 5818 iis
1569 5773 1839 5828 uteretur,
1892 5763 1987 5818 sed
2038 5764 2106 5820 iis

529 5831 774 5884 contenti
821 5839 1028 5900 essent,
1061 5845 1197 5900 quas
1241 5834 1498 5892 Romana:
1550 5836 1849 5904 provincia
1892 5833 2106 5905 prabe-

2213 5214 2361 5261 rent.
2411 5206 2561 5261 ldem
2593 5208 2694 5261 lib.
2737 5223 2790 5261 xi
2821 5213 2964 5261 extr.
3011 5222 3138 5261 eum
3171 5205 3339 5261 etiam
3389 5217 3591 5259 morem
3627 5199 3755 5254 inva-

2207 5277 2378 5332 luisse
2409 5277 2574 5354 tradit
2599 5279 2712 5354 sub
2746 5278 3065 5354 Andronico
3098 5277 3402 5343 Palaeologo
3427 5274 3661 5354 Juniore,
3684 5272 3753 5354 Διιι

2209 5362 2406 5402 omnes
2451 5348 2733 5422 simul,_et
2755 5349 3136 5422 adolescentes
3161 5356 3220 5401 et
3259 5361 3422 5422 senes
3458 5345 3754 5422 pileis'utej

2210 5425 2424 5480 rentur,
2460 5433 2568 5472 non
2597 5419 2782 5472 minus
2806 5419 2860 5472 in
2897 5419 3098 5486 palatio
3128 5433 3290 5487 quam
3323 5416 3377 5468 in
3407 5415 3569 5485 agris,
3604 5415 3753 5487 iisque

2209 5487 2275 5562 a_d
2295 5477 2532 5562 libitum
2567 5477 3090 5562 multiformibuset
3116 5477 3469 5562 peregrinis:
3499 5477 3750 5562 (κιαι-,ιζ

2211 5557 2340 5629 tinis
2375 5557 2502 5629 alii,
2533 5558 2625 5611 alii
2662 5558 2843 5628 Mysiis
2871 5568 2928 5613 et
2977 5552 3291 5629 Triballicis
3317 5597 3330 5616 .
3379 5555 3470 5629 alii
3514 5552 3676 5629 Syriis
3706 5552 3752 5629 el

2207 5626 2508 5714 Phoeniciis
2537 5619 2847 5714 uterentur,
2879 5637 3048 5714 atque
3077 5627 3408 5714 idndenique
3446 5618 3751 5714 in-

2208 5696 2566 5774 observasse,
2613 5697 2858 5774 ad_eo_ut
2909 5696 3294 5774 prudentiores
3346 5696 3748 5774 portweﬂlaﬂ"

2208 5777 2457 5836 (luamiet
2499 5767 2713 5836 imperii
2756 5765 3189 5824 destructionem
3215 5808 3229 5832 ,
3266 5765 3361 5820 sed
3405 5773 3457 5818 et
3499 5765 3749 5816 instituto-

2209 5850 2334 5895 rum
2367 5835 2531 5894 tinem
2573 5835 2635 5895 ac
2664 5853 2883 5897 morum
2915 5839 3043 5899 inde
3071 5841 3211 5900 male
3241 5837 3631 5896 ominarentur.
