2009 3125
184 185 237 217 889

831 187 1033 218 ANNALIUM
1053 187 1128 220 LIB.
1149 189 1184 220 X.

1759 194 1813 227 $90

185 241 225 272 εἰς
242 240 323 267 αὑτὸν
337 239 520 275 ἐμϐάλλοντος
543 239 728 274 γλυκαίνεται.
743 239 877 268 Κάκεῖθεν
892 242 931 273 είς
946 241 976 267 τὸ

1026 241 1096 268 Cum
1112 250 1194 270 nemo
1213 247 1308 271 contra
1332 244 1446 271 classem
1463 245 1603 280 educeret,
1621 255 1711 283 neque
1735 250 1815 284 quid-

187 287 299 314 Ἃκτιον
314 286 401 314 ἔπλει.
425 286 468 317 '0;
482 285 505 312 6‘
524 286 612 318 οὐδεὶς
626 286 689 312 οὔτε
712 286 849 318 ἀντέπλει,
866 287 926 314 οὔτε
942 289 971 319 ἐς

178 334 282 369 λόγους
300 333 345 369 ¹ᾔει
373 333 459 368 αὐτῷ,
477 333 493 369 ἢ
509 333 577 368 πρὸς
593 332 684 368 μάχην
699 332 714 367 ἢ
731 332 800 367 πρὸς
825 333 971 368 ὁμολογίαν

179 380 384 414 -ὶκκαλουμένῳ
397 379 459 410 τοὺς
490 379 639 410 ἐναντίους,
663 378 795 405 κατέλαϐε
820 379 851 405 τὸ
872 379 972 414 χωρίον

185 427 265 454 τοῦτο
280 428 310 453 ὲν
324 423 347 460 ᾧ
362 424 411 452 νῦν
421 428 493 452 ἐστιν
509 426 525 461 ἡ
546 425 706 457 Νικόπολις,
724 426 779 451 κάκ
792 425 889 452 τούτου
904 425 972 460 ἐφή-

186 474 266 509 δρευε
279 472 319 508 τῷ
339 472 528 507 Ἀκτίῳ,κατὰ
542 473 596 506 γῆν
608 480 638 498 τε
654 472 702 498 καὶ
721 471 870 498 θάλασσαν.
896 471 933 497 Τὸ
945 470 974 496 δὲ

187 520 297 546 ’Ἄκτιον
322 519 347 545 οι
382 518 431 545 τοῦ
466 518 615 544 Ἀντωνίου
648 517 903 553 προκατελάϐοντο,
927 517 974 543 καὶ

186 565 302 600 πύργοις
326 564 478 600 ὠχύρωσαν
497 564 678 599 ἑκατέρωθεν.
708 563 787 590 Ἐπεὶ
807 563 836 589 δὲ
863 563 912 598 τὴν
927 563 974 589 τοῦ

186 611 326 645 Καίσαρος
355 609 448 644 ἄφιξιν
474 609 590 636 ἐπύθετο
618 610 632 636 6
665 610 826 642 Ἀντώνιος,
854 609 974 643 ἠπείχθη

188 656 257 692 μετὰ
280 656 335 683 τῶν
353 655 417 691 περὶ
435 655 519 682 αὑτὸν
546 656 587 687 είς
602 655 633 682 τὸ
660 655 788 681 Ἄκτιον·
820 655 871 681 οὐκ
894 655 977 686 εὐθὺς

187 702 279 738 μέντοι
293 703 341 729 καὶ
356 701 521 737 ἠγωνίσατο,
541 701 631 728 καίτοι
660 700 708 728 τοῦ
731 700 871 735 Καίσαρος
894 700 976 726 παντὶ

185 748 261 783 τόπῳ
273 750 313 779 είς
328 748 421 782 ἀγῶνα
433 747 528 774 τοῦτον
542 746 692 781 ἐνάγοντος
702 754 709 762 θ
732 746 942 781 ἀκροϐολισμοῖς
954 745 976 771 δ’

185 796 231 822 ἐπὶ
247 795 356 827 πλείους
368 795 475 831 ἡμέρας
488 795 643 830 ἐχρήσατο,
661 794 742 829 μέχρι
767 793 927 828 συνήθροισε
944 793 977 819 τὰ

186 841 388 877 στρατεύματα.
409 842 437 868 '0
453 842 482 868 δὲ
496 842 604 876 Καῖσαρ
624 841 665 872 εἰς
681 841 732 875 τὴν
749 840 863 866 Ἐλλάδα
879 840 932 874 τήν
947 847 976 865 τε

186 887 356 915 Μακεδονίαν
382 888 490 923 έπεμψε
510 888 653 923 στρατιὰν,
682 888 757 918 ὅπως
785 887 855 922 πρὸς
884 887 977 912 ἐκεῖνα

1028 295 1111 323 quam
1129 290 1171 316 vel
1200 291 1233 317 ad
1257 297 1375 325 pugnam
1404 292 1446 319 vel
1473 293 1506 320 ad
1535 293 1703 321 deditionem
1722 295 1815 325 hostes

1025 335 1188 368 provocanti
1213 336 1433 371 responderent:
1454 345 1517 365 eum
1543 341 1689 375 occupavit
1709 341 1812 375 locum,

1024 379 1051 406 in
1071 388 1126 415 quo
1152 388 1225 408 nunc
1251 386 1294 409 est
1317 382 1463 418 Nicopolis,
1492 385 1585 419 ibique
1607 386 1680 414 circa
1703 387 1812 415 Actium

1024 429 1098 452 terra
1113 427 1237 461 marique
1249 428 1382 455 stationes
1394 429 1500 457 habuit.
1517 430 1584 458 Nam
1600 431 1688 466 ipsum
1704 433 1812 461 Actium

1024 471 1174 499 Antoniani
1188 479 1407 509 praeoccupatum
1424 476 1548 504 turribus
1561 478 1690 512 utrinque
1706 480 1815 507 munie-

1025 522 1098 545 rant.
1116 519 1252 547 Antoninus
1268 520 1388 548 adventu
1408 521 1523 550 Caesaris
1538 524 1657 558 cognito,
1675 532 1737 552 cum
1757 526 1815 554 suis

1025 564 1133 592 Actium
1150 567 1328 600 properavit:
1357 567 1436 602 525
1454 569 1501 595 sed
1520 577 1574 596 non
1589 571 1682 597 statim
1710 580 1815 607 pugna-

1027 610 1076 643 vit,
1095 611 1220 645 quamvis
1244 619 1257 638 a
1279 612 1385 640 Cmsare
1404 614 1492 642 modis
1518 616 1647 643 omnibus
1663 617 1814 646 lacessere-

1026 659 1091 685 tur:
1112 657 1299 684 tumultuariis
1316 664 1406 686 tamen
1432 661 1531 694 pugnis
1550 669 1599 695 per
1614 662 1674 689 dies
1691 665 1816 699 complu-

1026 709 1073 729 res
1085 703 1212 735 certavit,
1230 703 1320 731 donec
1340 705 1518 733 conduxisset
1533 714 1598 734 suos
1614 709 1763 735 exercitus.
1781 709 1816 736 At

1026 747 1117 775 Caesar
1133 749 1159 775 in
1175 749 1306 776 Graeciam
1324 757 1351 777 et
1367 750 1554 778 Macedoniam
1569 752 1643 780 misit
1667 755 1771 789 copias,
1786 759 1816 781 ut

1027 795 1177 822 Antonium
1196 796 1238 822 vel
1255 796 1370 823 invitum
1397 797 1462 824 illuc
1486 798 1668 832 pertraheret.
1695 800 1816 835 Agrippa

1028 840 1120 868 subito
1139 848 1250 868 accessu
1263 841 1389 869 Leucade
1406 847 1434 869 et
1446 843 1562 871 navibus
1588 844 1662 872 illius
1677 845 1729 872 loci
1747 847 1818 880 poli-

1030 889 1075 913 tus
1087 890 1139 916 est,
1166 886 1262 914 Patras
1289 886 1373 921 cepit.
1398 887 1562 916 Corinthum
1588 890 1621 917 ad
1649 891 1815 919 deditionem

187 933 339 970 μνετιγκῃ
355 934 402 960 καὶ
416 934 518 960 ἄκοντα
529 934 576 961 τὸν
586 933 741 960 Ἀντώνιον.
757 933 813 959 Καὶ
832 933 845 958 6
858 932 976 966 Ἀγρίπ-

1029 932 1171 966 compulit.
1189 932 1268 960 Titus
1291 933 1398 961 Marcus
1421 939 1449 961 et
1464 935 1571 963 Taurus
1586 935 1718 970 Statilius,
1738 938 1816 972 equi-

186 987 241 1010 πας
251 979 301 1014 τῆς
316 987 345 1005 τε
357 980 492 1011 Λευκάδος
507 980 554 1006 καὶ
567 980 622 1005 τῶν
637 980 667 1006 ὲν
691 979 777 1014 ταύτῃ
800 978 913 1012 σκαφῶν
932 979 974 1004 αί-

185 1025 297 1059 φνιδιως
309 1026 477 1057 ἐπιπλεύσας
492 1025 639 1061 ἐκράτησε,
658 1026 707 1052 καὶ
721 1026 832 1060 Πάτρας
855 1022 912 1051 εἷλε
929 1024 977 1051 καὶ

184 1070 235 1104 τὴν
251 1071 383 1106 Κόρινθον
399 1072 600 1106 παρεστήσατο.
617 1072 673 1098 Καὶ
689 1071 703 1096 6
724 1071 807 1102 Τῖτος
824 1072 837 1097 6
852 1071 975 1106 Μάρκος,

186 1116 293 1152 Ταῦρος
322 1126 351 1143 τι
366 1118 380 1143 6
395 1117 534 1148 Στατίλιος
562 1117 593 1143 τὺ
618 1117 732 1143 ἱππικὸν
753 1116 801 1144 τοῦ
833 1116 976 1143 Ἀντωνίου

185 1162 284 1197 ἀθρόον
303 1162 486 1198 ἐκδραμόντες
503 1162 644 1197 συνέσχον,
660 1164 708 1189 καὶ
719 1162 883 1197 Φιλάδελφον
899 1162 977 1197 βασι-

185 1209 236 1235 λέα
250 1209 442 1244 Παφλαγονίας
456 1209 702 1244 προσεποιήσαντο.
721 1209 777 1235 Καὶ
789 1210 803 1235 6
817 1208 943 1243 Δομίτιος
961 1207 976 1234 6

175 1255 281 1286 ,Γναῖος
291 1257 337 1282 καὶ
353 1255 428 1283 ἄλλοι
439 1255 479 1290 τῷ
500 1255 621 1290 Καίσαρι
635 1254 863 1291 προσεχώρησαν.
889 1253 977 1288 Φοϐη-

185 1301 245 1333 θεὶς
258 1302 306 1329 οὖν
319 1303 334 1328 6
349 1302 505 1335 Ἀντώνιος,
523 1302 560 1338 μὴ
587 1302 643 1329 ὅσοι
672 1303 701 1333 ἐς
727 1302 777 1337 τὴν
806 1300 977 1329 Μακεδονίαν

187 1347 237 1375 καὶ
248 1348 296 1383 τὴν
303 1348 412 1384 Θρᾴκην
429 1348 608 1384 ἐπέμφθησαν
620 1348 686 1382 παρ’
701 1347 796 1381 αὑτοῦ,
809 1347 847 1382 τῷ
857 1347 977 1380 Καίσαρι

187 1394 371 1430 πρόσθωνται,
385 1395 499 1430 ὥρμησε
517 1394 585 1430 πρὸς
601 1393 717 1425 αὐτούς.
743 1394 802 1420 Κάν
812 1392 901 1428 τούτῳ
914 1401 980 1418 ναυ-

188 1440 276 1476 μαχία
289 1449 331 1472 τις
347 1441 475 1475 συνέστη,
499 1441 547 1467 καὶ
571 1441 647 1474 παρὰ
663 1439 711 1474 μὲν
727 1440 759 1474 τῇ
779 1437 877 1473 πρώτῃ
895 1446 979 1472 προσ·

185 1487 252 1523 ϐολῇ
274 1487 422 1523 ἐτρέψαντο
443 1488 468 1513 οἱ
489 1487 535 1513 τοῦ
569 1486 714 1513 ’Δντωνίου
748 1486 811 1517 τοὺς
837 1485 978 1519 Καίσαρος

186 1532 297 1567 ὀλίγους
327 1532 419 1563 ὄντας.
447 1531 501 1558 Τοῦ
530 1532 559 1559 δὲ
581 1532 748 1568 Ἀγρίππου,
773 1528 795 1566 ᾧ
813 1532 867 1558 πᾶν
887 1531 978 1557 ἀνεῖτο

186 1580 220 1606 τδ
231 1579 280 1605 τοῦ
296 1579 433 1614 Καίσαρος
451 1579 596 1615 ναυτικὸ-ικ
609 1579 680 1605 κατὰ
692 1580 778 1614 τύχην
791 1578 868 1613 ἑπιδη
874 1578 978 1613 μήσαν-

177 1631 243 1655 -τος,
256 1624 285 1651 ού
298 1625 377 1658 μόνον
388 1624 464 1650 οὐδὲν
477 1625 527 1659 τῆς
537 1625 616 1660 νίκης
630 1625 654 1651 οι
667 1624 715 1651 τοῦ
737 1625 880 1652 Ἀντωνίου
897 1624 976 1652 ἀπώ-

185 1678 278 1703 ναντο,
292 1670 358 1697 ἀλλὰ
377 1671 424 1697 καὶ
434 1671 584 1698 ἀπώλοντο.
604 1671 659 1697 Καὶ
670 1671 714 1698 διὰ
728 1671 808 1698 τοῦτο
820 1671 977 1699 ἐπανελθὼν

185 1715 202 1741 6
221 1714 364 1747 1Δνειτώνιος
381 1716 539 1751 ἱππομαχίᾳ.
555 1717 610 1743 τινὶ
620 1717 689 1752 πρὸς
706 1717 756 1752 τὴν
772 1717 820 1743 τοῦ
836 1717 978 1752 Καίσαρος

185 1758 365 1795 προφυλακὴν
379 1759 496 1795 ἡττήθη.
512 1760 567 1787 Καὶ
585 1761 647 1786 ἐπεὶ
667 1761 701 1786 τὰ
726 1760 871 1795 ἐπιτήδεια
895 1760 977 1786 αὑτὸν

185 1805 307 1840 ἤρξαντο
318 1806 479 1837 ἐπιλείπειν,
493 1806 594 1842 βουλὴν
606 1807 758 1841 ἐποιήσατο
777 1806 891 1840 πότερον
905 1805 977 1831 κατὰ

185 1851 280 1888 χώραν
298 1852 441 1887 μείναντες
456 1852 735 1886 διακινδυνεύσουσιν,
757 1851 773 1886 ἥ
794 1851 977 1886 μεταστάντες

185 1901 276 1935 χρόνῳ
288 1899 334 1926 τὸν
353 1899 473 1935 πόλεμον
484 1899 657 1933 διενέγκωσι.
675 1899 731 1926 Καὶ
744 1898 823 1926 ἄλλοι
841 1899 890 1933 μὲν
908 1898 977 1925 ἄλλα

186 1945 411 1979 συνεϐούλευσαν,
437 1946 455 1981 ἡ
472 1946 501 1973 δέ
523 1954 556 1979 γε
578 1945 754 1980 Κλεοπάτρα,
771 1944 805 1971 τὰ
832 1943 976 1979 ἐπικαιρό-

185 2000 256 2020 τατα
273 1992 328 2020 τῶν
343 1992 450 2028 χωρίων
466 1992 600 2027 φρουραῖς
635 1990 834 2026 παραδοθῆναι,
851 1991 899 2017 καὶ
914 1990 978 2021 τοὺς

184 2037 297 2069 λοιποὺς
311 2037 466 2071 συναπᾶραι
480 2038 572 2069 αὐτοῖς
586 2038 626 2068 είς
643 2036 694 2072 τὴν
706 2037 845 2071 Αιγυπτον
859 2035 977 2070 συμϐου-

172 2084 320 2118 λεύσασα,
333 2084 469 2120 ἑνίκησε.·
484 2084 531 2116 Εἰς
547 2083 576 2110 δὲ
590 2083 693 2118 ταύτην
708 2080 774 2115 ἦλθε
789 2083 838 2116 τὴν
864 2081 977 2116 γνώμην

185 2131 242 2158 ὑπὸ
257 2131 378 2167 σημείων
404 2129 598 2165 θορυϐηθεῖσα,
611 2129 659 2156 καὶ
672 2130 705 2156 ἑκ
721 2128 771 2163 τῆς
784 2128 831 2155 τοῦ
847 2127 978 2162 στρατεύ-

185 2186 272 2214 ματος
284 2177 403 2213 ἀθυμίας
425 2177 474 2204 καὶ
488 2176 645 2212 ἀρρωστίας
658 2175 781 2208 δείσασα,
792 2176 839 2201 καὶ
851 2174 897 2200 τὸν
918 2173 977 2200 ’Av—

184 2224 282 2252 τὼνιον
308 2224 484 2258 ἰξεφόϐησεν.
507 2223 545 2250 οὐ
576 2222 669 2258 μέντοι
697 2221 797 2256 λάθρα,
831 2219 892 2246 οὐδὲ
923 2218 976 2254 μὴν

1029 980 1114 1003 tatum
1128 978 1241 1005 Antonii
1267 979 1357 1006 subita
1371 981 1536 1008 excursione
1554 988 1697 1016 ceperunt,
1714 989 1741 1010 et
1754 984 1816 1010 Phi«

1027 1022 1185 1057 ladelphum
1204 1024 1395 1060 Paphlagoniae
1413 1033 1505 1060 regem
1529 1026 1555 1054 in
1572 1034 1635 1055 suas
1654 1032 1744 1062 partes
1760 1032 1816 1055 tra-

1027 1069 1176 1096 duxerunt.
1193 1069 1243 1097 Cn.
1260 1071 1325 1098 item
1340 1071 1474 1099 Domitius
1489 1077 1517 1100 et
1531 1073 1576 1100 alii
1589 1073 1623 1100 ad
1640 1073 1774 1101 Caesarem
1787 1083 1816 1101 se

1027 1116 1215 1144 contulerunt.
1240 1117 1352 1145 Veritus
1376 1117 1461 1153 igitur
1484 1118 1631 1152 Antonius,
1660 1128 1694 1147 ne
1712 1120 1730 1146 ii
1745 1128 1816 1154 quos

1028 1161 1057 1189 in
1079 1162 1265 1190 Macedoniam
1288 1167 1317 1190 ct
1339 1163 1485 1191 Thraciam
1506 1164 1636 1196 misisset,
1655 1164 1727 1191 idem
1742 1165 1816 1193 face-

1027 1212 1100 1241 rent,
1114 1208 1148 1236 ad
1163 1216 1211 1236 eos
1224 1210 1392 1244 properavit.
1409 1210 1517 1237 interea
1536 1211 1683 1238 conﬂictus
1702 1212 1816 1246 quidam

1028 1256 1096 1283 mari
1120 1257 1209 1284 factus
1226 1261 1291 1284 est:
1315 1261 1344 1284 et
1357 1256 1519 1290 Caesariani,
1544 1258 1625 1292 pauci
1641 1265 1766 1289 numero,
1782 1258 1816 1285 ab

1027 1300 1192 1329 Antonianis
1215 1302 1352 1337 principio
1373 1302 1455 1336 pulsi.
1481 1302 1534 1330 Sed
1562 1302 1678 1330 fortuito
1691 1303 1817 1337 Agrippa:

1028 1352 1208 1381 superventu.
1226 1348 1272 1382 qui
1286 1348 1334 1377 toti
1348 1348 1509 1376 Caesariana:
1522 1349 1601 1376 classi
1619 1354 1746 1384 praeerat,
1780 1348 1818 1375 ia-

1028 1397 1102 1420 ctum
1111 1397 1164 1426 est,
1176 1398 1205 1420 ut
1219 1393 1258 1420 illi
1274 1401 1328 1420 non
1344 1393 1426 1421 modo
1442 1395 1548 1421 nullum
1566 1394 1685 1422 victoria:
1698 1395 1817 1422 fructum

1028 1445 1169 1473 caperent,
1182 1439 1229 1467 sed
1242 1440 1325 1466 etiam
1341 1439 1498 1467 interirent.
1512 1441 1571 1473 Qua
1585 1439 1619 1467 de
1630 1447 1713 1467 causa
1725 1447 1818 1467 rever-

1028 1492 1075 1513 sus
1090 1484 1236 1518 Antonius,
1251 1485 1371 1520 equestri
1394 1485 1544 1513 certamine
1554 1476 1628 1512 cum
1648 1485 1745 1520 primis
1756 1484 1817 1513 Ca2-

1028 1533 1098 1560 saris
1110 1533 1235 1560 excubiis
1247 1540 1420 1568 congressus,
1436 1533 1591 1561 succubuit.
1613 1533 1646 1559 Et
1664 1534 1727 1567 quia
1739 1539 1818 1559 com-

1029 1583 1135 1606 meatus
1157 1579 1272 1613 penuria
1302 1579 1428 1607 laborare
1455 1578 1612 1613 incipiebat,
1636 1578 1752 1605 concilio
1774 1578 1817 1605 in-

1028 1627 1112 1654 ducto
1134 1626 1307 1657 deliberavit,
1337 1634 1371 1653 an
1399 1625 1578 1658 manendum,
1605 1629 1633 1652 et
1649 1624 1744 1652 martis
1758 1624 1816 1651 alea

1028 1672 1228 1706 periclitanda:
1255 1679 1289 1699 an
1315 1679 1382 1699 vero
1404 1671 1459 1699 alio
1484 1671 1655 1704 abeundum,
1669 1675 1698 1698 et
1713 1670 1815 1697 bellum

1028 1718 1183 1745 ducendum
1199 1723 1281 1745 esset.
1308 1718 1377 1745 Aliis
1391 1717 1467 1744 aliud
1492 1717 1680 1748 censentibus,
1699 1716 1815 1751 Cleopa-

1029 1768 1076 1790 trae
1096 1764 1232 1791 sententia
1254 1764 1329 1795 vicit,
1348 1767 1379 1790 ut
1402 1762 1646 1797 opportunissimis
1659 1762 1728 1789 locis
1744 1770 1816 1797 prat-

1028 1810 1097 1837 sidia
1113 1810 1333 1844 imponerentur,
1347 1809 1439 1836 caeteri
1453 1816 1547 1836 secum
1563 1809 1589 1835 in
1605 1807 1751 1843 [Egyptum
1765 1816 1817 1834 na-

1028 1855 1163 1890 vigarent.
1178 1855 1207 1882 ld
1222 1860 1313 1882 autem
1331 1854 1440 1884 consilii
1458 1855 1541 1889 cepit,
1560 1858 1616 1881 tum
1632 1854 1705 1888 quod
1722 1853 1817 1888 prodi-

1027 1901 1079 1937 giis
1093 1901 1258 1935 quibusdam
1275 1901 1441 1935 terrebatur,
1454 1905 1510 1927 tum
1524 1900 1587 1935 quia
1613 1900 1752 1927 exercitus
1765 1900 1815 1927 do-

1028 1948 1215 1982 sperationem
1232 1952 1260 1974 et
1276 1947 1402 1974 morbum
1418 1947 1550 1974 timebat:
1569 1946 1690 1973 Antonio
1705 1954 1816 1980 quoque

1030 1997 1163 2022 terrorem
1189 1993 1316 2021 incussit.
1343 1992 1396 2021 Sed
1413 1993 1476 2027 quia
1501 2000 1592 2027 neque
1615 1992 1697 2023 clam,
1726 1999 1816 2026 neque

1019 2039 1111 2071 etiam
1128 2043 1223 2074 aperte
1236 2043 1366 2074 tanquam
1383 2038 1519 2074 fugientes
1534 2038 1610 2065 abire
1623 2038 1763 2070 volebant,
1781 2045 1815 2064 ne

1028 2086 1113 2113 sociis
1130 2089 1264 2118 terrorem
1289 2086 1457 2118 incuterent,
1482 2084 1531 2112 sed
1561 2089 1691 2119 tanquam
1714 2085 1747 2111 ad
1764 2092 1815 2118 pu-

1028 2139 1108 2167 gnam
1137 2132 1225 2166 parati
1252 2132 1369 2159 navibus
1398 2131 1511 2166 optimis
1534 2130 1666 2162 delectis,
1694 2134 1723 2158 et
1750 2129 1816 2164 quia

1020 2178 1126 2209 morbo
1142 2183 1171 2206 et
1187 2178 1345 2214 transfugiis
1354 2178 1489 2213 remigum
1507 2177 1669 2205 imminutus
1685 2181 1746 2204 erat
1762 2184 1815 2203 nu—

1029 2233 1134 2257 merus,
1160 2225 1276 2259 reliquis
1301 2224 1441 2256 crematis,
1467 2228 1495 2252 et
1510 2228 1591 2251 noctu
1608 2222 1817 2257 pretiosissimis

187 2271 314 2307 φανερῶς
326 2270 478 2297 ἐκπλεῦσαι
493 2269 531 2300 ὡς
547 2268 694 2303 φεύγοντες
713 2265 921 2298 ἔϐουλεύσαντο,
931 2265 976 2291 ἴνα

1029 2271 1187 2307 quibusque
1213 2271 1298 2299 rebus
1320 2271 1389 2298 clam
1416 2270 1511 2302 illatis,
1537 2270 1570 2297 ad
1591 2269 1774 2304 navigandum
1787 2276 1816 2296 se

187 2318 227 2354 μὴ
241 2319 282 2350 είς
307 2317 367 2349 δέος
393 2317 457 2347 τοὺς
481 2315 644 2350 συμμάχους
666 2313 842 2349 ἐμϐάλωσιν·
861 2311 918 2338 ἀλλ’
937 2311 976 2341 ὡς

184 2364 233 2393 ent
259 2364 412 2398 ναυμαχίαν
445 2362 729 2397 παρασκευαζόμενοι,
762 2358 909 2387 κάντεῦθεν
942 2357 977 2385 τὰ

182 2412 284 2446 ἄριστα
299 2410 352 2437 τῶν
365 2409 475 2443 σκαφῶν
486 2408 672 2442 ἐκλεξάμενοι,
686 2407 726 2433 ὅτι
750 2406 781 2432 ἐκ
806 2405 857 2439 τῆς
873 2403 977 2439 φθορᾶς

170 2466 216 2485 -τε
232 2459 280 2485 καὶ
293 2458 343 2493 τῆς
354 2456 520 2491 αὐτομολίας
541 2456 566 2482 οι
590 2455 684 2489 ὲρέται
700 2453 869 2488 ὴλάττωντο,
892 2449 973 2477 κατέ-

186 2511 302 2539 πρησαν
315 2502 349 2530 τὰ
361 2501 453 2534 λοιπὰ,
468 2502 517 2528 καὶ
535 2500 644 2536 νύκτωρ
664 2499 754 2526 πάντα
769 2498 804 2525 τὰ
820 2497 977 2533 τιμιώτατα

170 2551 324 2587 ¹λαθραίως
344 2549 512 2585 Ξμϐαλόντες
544 2548 648 2579 αὐτοῖς,
676 2546 775 2580 ἕτοιμα
804 2545 843 2576 εἰς
860 2543 977 2570 ἔκπλουν

169 2597 331 2632 λιποίησαν.
345 2596 399 2623 Καὶ
413 2595 478 2626 τοὺς
501 2592 670 2629 στρατιώτας
697 2590 889 2626 παρεθάρρυνε
908 2589 977 2624 πρὸς

182 2645 236 2679 τὴν
248 2642 416 2677 ναυμαχίαν,
431 2640 587 2676 διαλεχθεὶς
605 2639 696 2671 αὐτοῖς
715 2638 730 2664 6
750 2636 905 2668 Ἀντώνιος.
922 2637 977 2663 Καὶ

183 2687 273 2719 οὓτως
287 2686 393 2717 πάντας
408 2687 458 2721 μὶν
468 2686 532 2716 τοὺς
545 2685 671 2720 πρώτους
686 2684 740 2710 τῶν
756 2682 891 2709 συνόντων
902 2681 977 2717 αὐτῷ

183 2733 225 2764 είς
236 2732 287 2764 τὰς
300 2731 367 2764 ναῦς
378 2731 548 2762 ἐνεϐίϐασεν,
561 2730 604 2756 ῐνα
620 2730 655 2765 μή
668 2738 694 2756 τι
709 2728 922 2764 νεωτερίσωσιν,
935 2727 974 2758 ὡς

182 2780 200 2807 ὁ
217 2779 326 2811 Δέλλιος
339 2779 387 2806 καὶ
397 2778 474 2805 ἄλλοι
490 2777 562 2808 τινὲς
576 2776 814 2811 αὐτομολήσαντες
826 2784 833 2791 ·
845 2775 977 2809 παμπλη-

184 2826 242 2857 θεῖς
257 2825 286 2853 δὲ
301 2825 350 2852 καὶ
373 2824 486 2857 τοξότας
507 2824 555 2850 καὶ
580 2822 765 2858 σφενδονήτας
788 2821 836 2848 καὶ
861 2821 976 2853 ὁπλίτας

184 2871 339 2898 ὶνῑϐἱϐασι.
373 2870 502 2905 Τριήρεις
534 2868 585 2904 μὲν
610 2868 666 2904 γὰρ
683 2868 776 2902 ὀλίγας
795 2865 879 2902 εἶχεν,
904 2866 932 2894 αί
947 2866 976 2893 δὲ

183 2916 279 2954 longe).
293 2917 436 2954 τετρήρεις
452 2915 499 2943 καὶ
514 2914 642 2950 δεκήρεις
658 2912 729 2951 ἦσαν
746 2913 832 2950 αὐτῷ.
863 2914 975 2949 Καῖσαρ

1029 2315 1231 2343 instruxerunt.
1256 2315 1394 2343 Antonius
1416 2314 1519 2342 milites
1543 2322 1594 2349 pro
1624 2315 1756 2342 concione
1781 2313 1816 2341 ad

1028 2369 1147 2397 pugnam
1162 2361 1298 2394 incitavit,
1315 2365 1396 2396 atque
1419 2360 1456 2388 ita
1473 2360 1608 2395 primores
1624 2368 1720 2388 omnes
1734 2360 1816 2388 fami-

1027 2409 1138 2436 liarium
1157 2416 1272 2436 suorum
1296 2408 1323 2435 in
1349 2414 1435 2435 naves
1450 2407 1592 2442 imposuit,
1609 2415 1645 2434 ne
1664 2406 1730 2441 quid
1750 2406 1814 2433 novi

1027 2454 1212 2481 molirentur:
1233 2457 1263 2481 ut
1284 2453 1389 2480 Dellius
1404 2457 1432 2480 et
1455 2453 1502 2480 alii
1519 2452 1665 2486 transfugae
1682 2451 1813 2478 fecerant.

1027 2499 1114 2533 Quam
1130 2499 1265 2534 plurimos
1277 2499 1360 2527 etiam
1378 2499 1543 2531 funditores,
1558 2497 1715 2533 sagittarios
1731 2500 1758 2523 et
1769 2504 1814 2523 ar-

1018 2549 1116 2575 ,matos
1139 2544 1282 2579 imposuit.
1309 2542 1450 2571 Triremes
1461 2542 1543 2577 526
1556 2542 1630 2569 enim
1647 2548 1748 2576 paucas
1763 2541 1814 2567 ha-

1028 2589 1121 2622 bebat,
1148 2593 1255 2617 caeteras
1280 2588 1471 2624 quadriremes
1493 2591 1521 2614 et
1548 2586 1700 2613 deciremes
1723 2590 1813 2613 erant.

1021 2634 1117 2673 Caesar
1130 2642 1226 2661 eorum
1244 2633 1428 2661 instructione
1441 2632 1509 2663 visa,
1523 2636 1619 2659 contra
1635 2638 1664 2658 se
1680 2630 1814 2665 parabat:

1027 2680 1075 2708 sed
1090 2688 1185 2708 eorum
1201 2680 1318 2707 consilio
1333 2684 1389 2706 tum
1405 2686 1438 2705 ex
1453 2677 1525 2711 aliis,
1542 2681 1599 2704 tum
1616 2684 1648 2703 ex
1663 2675 1749 2702 Dellio
1767 2683 1815 2702 co-

1026 2728 1114 2763 gnito,
1131 2726 1283 2754 exercitum
1309 2723 1492 2753 convocavit:
1521 2730 1602 2758 quem
1630 2722 1695 2749 dum
1710 2721 1743 2749 ad
1763 2729 1814 2757 pu-

1026 2780 1107 2809 gnam
1125 2773 1296 2802 cohortatur,
1314 2770 1418 2805 ingenti
1434 2768 1515 2796 imbri
1532 2773 1560 2795 ct
1576 2768 1684 2796 turbine
1701 2768 1727 2795 in
1744 2768 1815 2795 clas-

1025 2828 1083 2848 sem
1108 2819 1220 2847 Autonii
1252 2819 1338 2850 illato,
1357 2820 1496 2851 resumpta
1512 2815 1624 2846 fiducia.
1643 2822 1738 2843 eorum
1755 2814 1815 2841 abi«

1027 2871 1085 2894 tum
1111 2857 1276 2893 observavit.
1304 2862 1427 2896 Cumque
1452 2861 1600 2889 Antoniaui
1622 2861 1649 2887 in
1670 2858 1813 2895 procinctu

1027 2915 1144 2944 starent,
1164 2918 1215 2938 nec
1238 2914 1328 2938 tamen
1351 2907 1505 2944 prodirent,
1534 2908 1561 2936 in
1586 2906 1679 2935 animo
1704 2904 1812 2937 habuit,
