4018 6250
333 367 442 429 893

1590 363 1998 426 ANNALIUM
2039 364 2187 430 LIB.
2221 366 2298 427 Χ.

3475 367 3581 432 89ί

329 483 462 551 προς
490 477 742 551 Καίσαρα
764 477 960 549 λόγους
985 479 1126 551 ὑπὲρ
1161 479 1389 552 εἰρήνης
1421 479 1768 550 κομίζοντας,
1792 481 1904 543 τοῖς

2014 481 2160 537 teria:
2187 496 2469 547 coronam,
2507 491 2564 539 et
2609 482 2796 538 sellam
2841 479 3047 553 regiam
3098 477 3267 546 misit,
3320 487 3580 552 tanquam

325 571 380 624 δὲ
405 570 656 626 συνοῦσιν
685 571 836 642 αύτῷ
856 571 1117 641 χρήματα
1137 586 1150 601 ·
1177 572 1272 626 καὶ
1294 573 1328 642 ή
1348 569 1676 640 Κλεοπάτρα
1709 571 1902 640 κρύφα

323 665 420 719 τοῦ
460 662 748 717 Ἀντωνίου
783 664 1064 733 σκῆπτρον
1098 662 1250 735 αύτῷ
1298 662 1543 736 χρυσοῦν
1581 663 1679 718 καὶ
1705 662 1907 732 στέφα-

323 773 412 810 νον
443 756 633 826 ὅμοιον
691 755 786 808 καὶ
831 755 1024 825 δίφρον
1058 755 1334 826 βασίλειον
1379 755 1652 825 ἔπεμψεν,
1701 754 1778 819 ὡς
1809 756 1906 808 καὶ

321 848 423 918 τὴν
455 846 630 919 ἀρχὴν
672 846 824 918 αύτῷ
872 849 941 902 δι’
989 847 1175 903 αὐτῶν
1219 848 1459 904 διδοῦσα.
1534 847 1596 903 '0
1625 847 1682 902 δὲ
1709 847 1778 901 τὰ
1807 846 1907 918 μιν

320 939 468 1011 δῶρα
497 940 710 1003 ἔλασεν,
736 939 928 994 οἰωνὸν
959 940 1099 994 αὐτὰ
1132 941 1528 1012 ποιησάμενος.
1571 939 1908 1007 ἁπεκρίνατο

319 1030 376 1083 δὲ
403 1029 478 1100 τῷ
509 1029 608 1098 μὲν
641 1030 912 1100 Ἀντωνίῳ
952 1029 1140 1094 οὐδὲν,
1179 1029 1509 1101 Κλεοπάτρᾳ
1555 1028 1612 1082 δὲ
1657 1029 1741 1081 ὅτι
1773 1028 1907 1081 ἀπο-

321 1121 582 1193 κτεινάσῃ
612 1121 705 1174 τὸν
764 1120 1074 1182 Ἀντώνιον,
1124 1121 1156 1189 ἢ
1189 1119 1507 1192 ὲκϐαλούσῃ
1537 1119 1726 1174 ἄδειαν
1764 1118 1904 1187 αὐτῇ

320 1211 503 1277 δώσει,
555 1214 651 1266 καὶ
702 1211 804 1282 τὴν
856 1211 1033 1282 ἀρχὴν
1087 1210 1771 1283 ἑάσειάπαρεγχείρητον.
1817 1207 1907 1262 Ἐν

319 1303 558 1373 τοσούτῳ
581 1302 636 1354 δὲ
661 1301 759 1365 τὰς
794 1303 850 1354 ἐν
878 1302 956 1372 τῷ
979 1301 1262 1372 ’Δραὸικῷ
1313 1302 1498 1373 κόλπῳ
1526 1302 1906 1370 ναυπηγηθεί-

323 1391 424 1460 si;
485 1397 549 1466 τῇ
589 1393 916 1466 Κλεοπάτρᾳ
969 1396 1218 1466 τριήρεις
1270 1395 1619 1446 κατέκαυσαν
1646 1393 1695 1445 οί
1741 1391 1908 1462 Ἀρά·

320 1488 448 1554 ειοι,
472 1486 567 1540 καὶ
599 1487 698 1548 τὰς
724 1486 1053 1557 ἐπικουρίας
1109 1487 1160 1540 οἱ
1200 1485 1365 1556 δῆμοι
1399 1485 1496 1538 καὶ
1547 1485 1595 1537 oi
1648 1483 1907 1538 δυνάσται

320 1579 637 1650 ξύμπαντες
669 1578 1084 1648 ἁπηρνήσαντο.
1121 1576 1413 1641 Ἀντώνιος
1449 1577 1505 1628 δὲ
1534 1575 1630 1629 καὶ
1669 1576 1703 1646 η
1739 1574 1909 1626 Κλεο-

320 1669 524 1742 πάτρα,
555 1669 890 1734 ἀκούσαντες
940 1670 1011 1725 τὰ
1042 1671 1193 1742 παρά
1239 1668 1336 1723 τοῦ
1386 1667 1666 1738 Καίσαρος
1723 1665 1908 1729 αὐτοῖς

320 1763 698 1834 ἐπεσταλμένα
727 1763 982 1834 ἔπεμψαν
1011 1763 1197 1828 αὖθις,
1241 1765 1274 1833 ἡ
1331 1762 1428 1834 μὲν
1466 1763 1727 1833 χρήματα
1759 1757 1907 1829 αὐτῷ

323 1857 495 1909 πολλὰ
526 1856 722 1910 δώσειν
745 1857 1178 1928 ὑπισχνουμένη,
1231 1859 1260 1910 ὁ
1286 1857 1346 1910 δὲ
1376 1855 1478 1924 τῆς
1510 1872 1568 1908 τε
1597 1853 1781 1924 φιλίας
1811 1853 1906 1906 καὶ

319 1951 417 2016 τῆς
450 1947 770 2018 συγγενείας
824 1949 989 2002 αὑτὸν
1033 1948 1512 2019 ἀναμιμνήσκωνο
1567 1947 1660 2000 καὶ
1712 1946 1906 1998 ἑαυτὸν

320 2040 755 2112 διαχειρίσασθαι
778 2041 1174 2112 ἐπηγγέλλετο,
1205 2042 1271 2095 ἂν
1297 2040 1388 2095 διὰ
1411 2039 1568 2093 τοῦτο
1597 2041 1629 2109 ή
1655 2038 1905 2092 Κλεοπά-

321 2151 425 2202 τρα
451 2133 618 2204 σωθῇ.
650 2133 817 2188 Οὐδὲν
849 2135 1038 2205 μέντοι
1063 2134 1186 2188 οὐδὲ
1213 2133 1335 2187 τότε
1372 2131 1645 2202 Ἀντωνίῳ
1669 2130 1906 2202 ἀπεκρί-

322 2225 391 2294 θη
419 2241 433 2257 ο
464 2227 530 2297 τῇ
555 2225 610 2278 δὲ
641 2225 974 2298 Κλεοπάτρᾳ
1002 2226 1176 2280 πολλὰ
1211 2226 1304 2280 καὶ
1335 2226 1457 2279 τότε
1487 2225 1754 2297 ἠπείλησε
1811 2224 1906 2278 καὶ

323 2317 611 2388 ὑπέσχετο.
645 2317 913 2389 Φοϐηθεὶς
939 2317 999 2372 δὲ
1057 2316 1134 2390 μὴ
1186 2319 1256 2371 τὰ
1284 2321 1546 2390 χρήματα
1596 2317 1906 2388 παμπληθῆ

321 2409 453 2464 ὄντα
470 2409 760 2482 διαφθείρῃ
792 2413 825 2479 η
855 2409 1214 2480 Κλεοπάτρα,
1239 2407 1276 2464 ά
1296 2411 1376 2474 είς
1399 2409 1458 2463 τὸ
1489 2411 1778 2480 μνημεῖον,
1798 2408 1827 2463 δ
1847 2409 1908 2463 ἐν

320 2503 437 2568 τοῖς
492 2503 792 2574 βασιλείοις
845 2504 1282 2569 κατεσκεύασεν,
1340 2504 1564 2576 ἦθροισε
1616 2503 1751 2575 (καὶ
1797 2503 1908 2577 γὰρ

323 2595 506 2649 πάντα
549 2595 919 2650 κατακαύσειν
942 2596 1158 2666 ἠπείλει
1192 2595 1313 2668 μεθ’
1353 2596 1577 2668 ἑαυτῆς.
1604 2599 1654 2651 εἰ
1679 2592 1753 2650 ὧν
1777 2595 1908 2667 βούο

322 2689 470 2743 λοιτο
527 2690 868 2762 διαμάρτῃ),
920 2690 1134 2762 Θύρσον
1172 2693 1373 2745 οἰκεῖον
1406 2689 1654 2762 ἔπεμψεν
1689 2689 1909 2759 ἐξελεύ-

325 2782 484 2853 θερον
543 2784 715 2838 πολλὰ
758 2783 992 2854 ἐροῦντα
1045 2785 1186 2856 αύτῇ
1241 2783 1628 2855 φιλάνθρωπα,
1677 2783 1774 2837 καὶ
1825 2784 1908 2838 ὅτι

323 2873 504 2946 ἔρωτα
528 2875 718 2945 τρέφει
752 2874 778 2928 ό
810 2875 1026 2947 Καῖσαρ
1059 2875 1255 2945 αύτῆς.
1287 2875 1455 2929 Ὅθεν
1483 2873 1580 2928 κα)⁸
1604 2873 1665 2928 τδ
1697 2873 1910 2945 Πηλού-

325 2983 443 3019 σιον
467 2967 734 3038 κατέσχεν
769 2969 798 3022 6
828 2969 1068 3040 Καίσαρ,
1093 2968 1324 3039 δυνάμει
1353 2968 1454 3038 μὲν
1475 2967 1536 3020 τὸ
1556 2966 1909 3038 φαινόμενον,

324 3058 504 3132 λάθρα
525 3061 580 3116 δὲ
604 3061 866 3132 προδοθὶν
897 3061 1005 3116 ύπδ
1038 3061 1422 3132 Κλεοπάτρας.
1473 3061 1639 3132 Ἐρᾷν
1673 3060 1781 3132 γάρ
1811 3062 1908 3115 αὺ-

2009 587 2116 626 una
2150 588 2274 627 cum
2326 572 2414 628 bis
2462 572 2752 644 imperium
2801 572 2968 628 etiam
3017 571 3068 627 ei
3107 571 3365 626 traderet.
3401 569 3584 626 Caesar

2006 665 2333 722 muneribus
2384 666 2514 722 boni
2570 666 2768 722 ominis
2814 679 2979 722 causa
3030 663 3290 734 acceptis,
3344 663 3584 720 Antonio

2006 759 2143 814 nihil
2179 760 2505 830 respondit:
2541 759 2845 830 Cleopatra:
2879 759 3124 814 nuntiari
3157 759 3347 829 jussit,
3389 758 3433 813 si
3468 758 3582 812 An-

2008 852 2220 908 tonium
2269 853 2354 908 vel
2402 853 2722 916 occidisset,
2753 852 2840 908 vel
2873 851 3142 922 rjeeisset,
3175 865 3235 905 se
3288 848 3586 919 impunita-

2009 953 2119 1002 tem
2145 947 2195 1001 ei
2229 947 2512 1011 daturum,
2539 958 2595 1000 et
2621 960 2850 1016 regnum
2884 944 3206 998 inviolatum
3237 941 3582 996 relicturum.

2007 1036 2220 1094 Interea
2247 1038 2543 1094 :edilicatas
2563 1039 2865 1108 Cleopatra:
2888 1037 2942 1090 in
2974 1036 3096 1090 sinu
3129 1033 3366 1089 Arabico
3391 1046 3584 1096 naves,

2007 1130 2220 1186 Arabes
2280 1139 2688 1193 cremaverunt,
2741 1127 2942 1182 auxilia
2995 1125 3179 1197 populi
3233 1125 3586 1194 dyuastaeque

2008 1237 2199 1276 omnes
2221 1230 2581 1292 negaverunt.
2643 1219 2884 1288 Accepto
2911 1217 3144 1274 Caesaris
3172 1230 3457 1286 responso,
3490 1212 3587 1267 de-

2008 1331 2120 1370 nuo
2157 1315 2365 1384 legatos
2417 1314 2726 1369 miserunt:
2775 1313 3066 1382 Cleopatra
3126 1323 3376 1378 magnam
3416 1321 3589 1377 pecu-

2008 1408 2155 1462 niam
2193 1405 2482 1476 poliicens,
2530 1405 2807 1460 Antonius
2850 1401 3195 1472 ceguatiouis
3248 1409 3305 1454 et
3333 1397 3587 1452 amicitia:

2007 1515 2134 1555 eum
2171 1497 2693 1560 commonefacieus,
2734 1510 2902 1566 seque
2938 1495 3043 1548 sibi
3072 1507 3270 1547 manus
3289 1491 3585 1545 allaturum

2009 1591 2312 1652 aﬂirmans.
2334 1591 2380 1646 si
2411 1606 2544 1645 suus
2575 1589 2836 1644 interitus
2860 1588 3165 1656 Cleopatrze
3199 1585 3431 1639 salutem
3457 1581 3588 1636 alla-

2011 1692 2169 1738 turus
2202 1692 2368 1738 esset.
2405 1681 2586 1737 Caesar
2618 1696 2751 1736 vero
2793 1695 2862 1734 ne
2913 1688 3031 1732 tum
3077 1675 3300 1746 quidem
3351 1671 3589 1728 Antonio

2012 1775 2314 1846 quidquam
2345 1773 2649 1845 respondit,
2680 1772 2982 1840 Cleopatrae
3006 1784 3136 1824 vero
3167 1767 3340 1822 multa
3359 1776 3416 1820 et
3439 1779 3588 1820 com-

2010 1869 2254 1923 minatus
2297 1877 2352 1922 et
2403 1867 2683 1936 pollicitus
2734 1873 2858 1920 est:
2911 1871 2968 1918 et
3018 1862 3147 1932 quia
3176 1859 3481 1923 tnetuebat,
3520 1871 3590 1910 ne

2007 1961 2208 2016 mulier
2243 1961 2520 2030 ingentem
2579 1958 2891 2028 pecuniam,
2944 1969 3107 2024 quam
3157 1953 3212 2007 iu
3262 1965 3590 2006 monumen-

2010 2051 2212 2107 tumin
2244 2051 2391 2121 regia
2421 2059 2669 2119 paratum
2717 2047 3001 2111 intulerat,
3054 2044 3303 2099 aboleret
3360 2041 3592 2112 (minata

2007 2144 2153 2199 enim
2197 2150 2340 2206 erat.
2381 2143 2487 2197 nisi
2542 2151 2797 2196 votorum
2855 2153 3084 2206 compos
3146 2137 3326 2200 ﬁeret,
3376 2149 3498 2190 eam
3531 2149 3593 2190 se

2008 2253 2119 2292 una
2170 2251 2359 2292 secum
2415 2233 2830 2300 crematuram)
2880 2231 3154 2305 Thyrsum
3205 2228 3466 2284 libertum
3520 2224 3590 2281 ad

2007 2344 2130 2384 eam
2168 2326 2338 2392 misit,
2375 2325 2472 2396 qui
2505 2333 2709 2395 prater
2745 2323 2852 2379 alia
2885 2319 3246 2378 humanitatis
3297 2319 3481 2390 plena,
3529 2316 3596 2371 il-

2008 2421 2104 2477 lud
2128 2421 2297 2476 etiam
2331 2419 2383 2475 ei
2441 2417 2674 2483 diceret,
2719 2415 2992 2472 Caesarem
3042 2427 3232 2469 amore
3277 2411 3426 2466 illius
3469 2423 3596 2465 esse

2009 2521 2253 2584 captum.
2283 2511 2374 2567 Sic
2401 2509 2622 2567 Pelusio
2650 2509 2859 2580 potitus
2885 2515 2993 2573 est,
3018 2505 3175 2577 quasi
3209 2502 3402 2559 urbem
3430 2500 3599 2574 528

2009 2606 2063 2662 vi
2097 2611 2488 2676 expugnasset,
2539 2617 2667 2659 cum
2701 2613 2896 2657 revera
2929 2599 3148 2671 prodita
3201 2606 3349 2653 esset
3376 2612 3406 2651 a
3433 2593 3596 2651 Cleo-

2012 2707 2190 2770 patra.
2225 2696 2362 2752 Nam
2393 2711 2519 2752 cum
2569 2711 2629 2752 se
2671 2695 2740 2751 ab
2774 2693 2874 2749 illo
2921 2692 3095 2748 amari
3127 2690 3394 2754 audisset,
3428 2695 3597 2758 atque

2009 2793 2131 2863 ejus
2156 2789 2436 2847 desiderio
2469 2797 2778 2854 teneretur,
2813 2785 3000 2842 statim
3027 2784 3078 2840 ei
3114 2783 3392 2840 Pelusium
3430 2779 3593 2835 dedi—

2010 2885 2111 2942 dit.
2160 2883 2436 2940 Autonius
2497 2881 2666 2951 igitur
2715 2879 2938 2943 absens,
2995 2875 3198 2932 Pelusii
3229 2870 3594 2942 occupatione

2010 2976 2251 3049 cognita,
2280 2975 2336 3030 in
2360 2974 2538 3030 reditu
2569 2981 2698 3028 ante
2720 2969 3109 3026 Alexandriam
3137 2966 3444 3037 equitatum
3473 2961 3594 3017 Ca:-

2010 3070 2152 3127 saris
2185 3069 2384 3124 itinere
2419 3067 2706 3135 fatigatum
2738 3063 2892 3120 vicit.
2940 3061 3072 3117 lude
3104 3057 3343 3128 receptis
3366 3053 3592 3121 animis,

325 3155 428 3226 τῆς
457 3155 665 3209 ἐκεῖνον
687 3153 993 3222 ἀκούσασα,
1023 3155 1120 3209 καὶ
1163 3157 1356 3209 τούτου
1408 3155 1696 3226 ιφιεμένη,
1743 3153 1906 3220 εὐθὺς

2014 3171 2067 3218 et
2097 3177 2168 3218 eo
2191 3163 2389 3226 fretus,
2425 3158 2571 3230 quod
2607 3158 2822 3214 litteras
2845 3154 3056 3226 sagittis
3089 3165 3358 3223 appensas
3400 3148 3454 3203 in
3503 3162 3598 3202 ca-

329 3244 481 3316 αὐτῷ
511 3247 794 3316 προήκατο
824 3246 887 3300 τὺ
916 3245 1242 3317 Πηλούσιον.
1303 3245 1365 3300 '0
1398 3245 1443 3300 δ’
1474 3245 1570 3300 οὖν
1623 3245 1910 3311 Ἀντώνιος

327 3337 509 3401 ἀπὼν,
566 3336 664 3392 καὶ
710 3337 813 3409 τὴν
864 3336 959 3390 τοῦ
1012 3338 1314 3408 Πηλουσίου
1367 3337 1676 3410 κατάληψιν
1724 3339 1906 3408 γνοὺς,

327 3429 641 3486 ἐπανελθὼν
663 3431 769 3502 πρὸ
785 3431 886 3500 τῆς
910 3430 1318 3502 Ἀλεξανδρείας
1338 3432 1417 3503 τῷ
1437 3434 1676 3503 Καίσαρι
1693 3436 1834 3505 προῡ
1844 3451 1910 3486 π-

329 3525 553 3595 ήντησε,
590 3525 686 3579 καὶ
731 3524 1027 3595 συμῦαλὼν
1080 3527 1193 3590 τοῖς
1219 3523 1446 3579 ἱππεῦσι
1475 3525 1816 3596 κεκμηκόσιν
1845 3527 1910 3579 ὲκ

327 3615 432 3684 τῆς
476 3615 803 3687 ὁδοιπορίας,
837 3616 1076 3688 ὶνίκησε.
1110 3618 1237 3670 Κάκ
1264 3617 1454 3671 τούτου
1496 3617 1910 3689 ἀναθαρσήσας,

331 3710 430 3762 καὶ
456 3709 538 3763 ὅτι
560 3708 893 3780 τοξεύμασιν
927 3711 985 3771 ἐς
1015 3709 1076 3763 τὸ
1102 3709 1468 3780 στρατόπεδον
1491 3709 1588 3763 τοῦ
1631 3710 1913 3779 Καίσαρος

331 3803 663 3874 γραμμάτια
690 3802 928 3872 ἔπεμψε,
981 3802 1155 3855 πολλὰ
1191 3805 1452 3874 χρήματα
1499 3805 1612 3866 τοῖς
1648 3803 1918 3872 στρατιώ-

329 3911 457 3957 ταις
485 3893 979 3964 ἐπαγγελλόμενος,
1013 3894 1312 3965 προσέμιξε
1354 3895 1453 3948 καὶ
1478 3893 1558 3963 τῷ
1595 3893 1769 3962 πεζῷ,
1817 3893 1915 3948 καὶ

332 3987 566 4058 ἡττήθη.
613 3987 723 4042 Καὶ
764 3988 792 4041 ό
852 3986 951 4056 μὲν
1006 3987 1334 4050 ἐλαττωθεὶς
1389 3987 1650 4041 ἀπέκλινε
1683 3987 1821 4059 πρὸς
1852 3987 1916 4042 τὸ

332 4078 590 4131 ναυτικὸν
620 4078 716 4131 καὶ
740 4076 816 4139 ὡς
847 4080 1220 4148 ναυμαχήσων
1252 4077 1698 4148 παρεσκευάζετο
1720 4078 1754 4149 ἢ
1778 4077 1916 4148 πρὸς

333 4168 578 4240 Ἰϐηρίαν
608 4168 1038 4240 πλευσούμενος.
1070 4169 1282 4224 Γνοῦσα
1310 4169 1368 4224 δὲ
1417 4169 1577 4224 τοῦτο
1601 4171 1634 4242 ῃ
1660 4169 1916 4225 Κλεοπά·

333 4277 445 4330 τρα
494 4259 594 4325 τὰς
646 4261 748 4331 μὲν
794 4259 926 4324 ναῦς
960 4261 1338 4331 αὐτομολῆσαι
1381 4262 1661 4333 ἐποίησεν,
1695 4262 1831 4334 αὐτὴ
1857 4263 1917 4317 δὲ

335 4354 420 4417 είς
435 4354 496 4406 τὸ
523 4353 677 4424 ἠρίον
699 4353 882 4407 είσίδυ
908 4353 1201 4422 αἰφνίδιον,
1228 4354 1305 4418 ὡς
1330 4353 1476 4424 τάχα
1498 4353 1594 4408 τὸν
1629 4354 1919 4409 ’Λντώνιον

337 4443 651 4516 φοϐουμένη
685 4444 1026 4518 ὑπειληφότα
1055 4445 1405 4516 προδίδοσθαι
1431 4445 1562 4516 παρ’
1589 4444 1920 4515 αύτῆςεΔύω

2016 3266 2132 3312 stra
2153 3253 2383 3310 Caesaris
2398 3251 2705 3324 eiaculatus
2728 3257 2898 3313 esset,
2925 3247 3129 3318 quibus
3152 3255 3401 3313 magnam
3426 3255 3596 3310 pecu-

2014 3347 2164 3404 niam
2199 3345 2470 3400 militibus
2495 3342 2864 3414 pollicebatur
2891 3358 2904 3395 :
2945 3339 3116 3394 etiam
3138 3337 3352 3408 pedites
3383 3347 3600 3404 aggres-

2014 3455 2130 3503 sus,
2163 3447 2222 3494 et
2247 3439 2447 3502 vietus,
2504 3452 2602 3506 spe
2647 3437 2704 3491 in
2739 3435 2969 3489 classem
2995 3431 3215 3490 collata,
3254 3429 3325 3482 ita
3350 3441 3412 3481 se
3439 3440 3598 3495 para-

2015 3533 2118 3596 vit,
2149 3531 2306 3602 quasi
2337 3540 2434 3586 aut
2477 3529 2613 3584 mari
2643 3536 3009 3598 pugnaturus,
3039 3532 3136 3579 aut
3188 3522 3243 3576 in
3278 3519 3600 3588 Hispaniam

2014 3625 2288 3680 abiturus.
2323 3623 2403 3678 Eo
2437 3622 2732 3689 Cleopatra
2781 3616 3023 3688 cognito,
3070 3611 3288 3669 curavit
3341 3619 3402 3664 ut
3431 3623 3602 3664 naves

2015 3717 2084 3772 ad
2110 3716 2382 3772 Caesarem
2413 3713 2735 3775 transirent,
2765 3710 2880 3780 ipsa
2914 3714 3334 3762 monumentum
3373 3710 3600 3771 repente

2015 3822 2141 3863 cum
2172 3806 2389 3860 duabus
2414 3802 2631 3859 ancillis
2683 3810 2742 3855 et
2772 3817 2882 3854 uno
2927 3797 3187 3854 eunucho
3214 3794 3406 3854 subiit,
3441 3791 3600 3862 quasi

2015 3900 2316 3956 Antonium
2349 3898 2591 3960 timeret,
2639 3895 2734 3966 qui
2767 3908 2826 3950 se
2862 3893 2931 3948 ab
2973 3893 3090 3962 ipsa
3147 3887 3306 3959 prodi
3339 3895 3596 3957 putaret:

2017 4003 2070 4048 et
2097 3993 2268 4062 janua
2297 3990 2594 4060 diligenter
2623 3989 2831 4050 clausa,
2886 3985 2954 4041 ad
3011 3985 3166 4039 illum
3215 3982 3385 4044 misit,
3413 3977 3508 4049 qui
3547 3976 3602 4032 ei

2017 4084 2354 4141 nuntiarent
2393 4082 2567 4151 ipsam
2629 4095 2752 4136 esse
2787 4089 3084 4134 mortuam.
3122 4074 3279 4142 Quod
3314 4087 3442 4127 cum
3472 4085 3600 4125 ere-

2018 4176 2178 4231 deret
2206 4173 2503 4237 Antonius,
2536 4187 2595 4228 se
2628 4189 2659 4229 a
2683 4171 2924 4241 quodam
2956 4164 3338 4236 oceidijussit.
3371 4163 3442 4218 Ut
3471 4176 3602 4216 vero

2020 4269 2112 4326 ille
2163 4269 2362 4325 stricto
2419 4267 2603 4339 gladio
2655 4265 3016 4333 semetipsum
3062 4258 3397 4318 interiecit:
3446 4255 3602 4310 Recte

2019 4376 2164 4426 vero,
2210 4360 2414 4430 inquit,
2459 4357 2598 4412 Eros
2653 4355 2731 4430 (id
2779 4356 2929 4410 enim
2981 4352 3192 4408 homini
3225 4359 3348 4406 erat
3377 4363 3603 4410 nomen,

2022 4454 2169 4524 quod
2219 4452 2435 4510 Latinis
2484 4452 2744 4508 Amorem
2789 4449 2909 4505 sive
2947 4445 3276 4517 Cupidinem
3305 4440 3602 4514 signiﬁcat)

335 4538 397 4592 δὲ
429 4533 570 4608 ἦσαν
601 4539 720 4593 ἐκεῖ
739 4540 838 4590 σὺν
871 4537 1009 4608 αὐτῇ
1043 4537 1373 4608 θεράπαιναι
1399 4539 1494 4592 καὶ
1524 4538 1778 4610 εὐνοῦχος
1811 4534 1912 4600 εἷς.

2021 4547 2148 4618 quid
2193 4547 2264 4601 sit
2307 4544 2578 4616 agendum
2612 4559 2696 4597 me
2733 4542 2886 4597 doces
2908 4557 2928 4596 :
2959 4539 3223 4608 illatoque
3267 4539 3324 4591 in
3355 4545 3604 4591 ventrem

339 4628 675 4686 Είσελθούσα
710 4628 766 4681 δὲ
789 4627 887 4692 τὰς
920 4629 1019 4697 μὲν
1042 4629 1215 4700 θύρας
1245 4629 1600 4685 κατέκλεισεν
1634 4630 1920 4699 ἀσφαλῶς,

343 4721 482 4792 πρὸς
506 4721 562 4776 δὲ
589 4722 680 4776 τὸν
707 4720 994 4776 ’Λντώνιον
1024 4723 1144 4786 τοὺς
1183 4721 1634 4792 ἀπαγγελοῦντας
1674 4722 1923 4794 επεμψεν

339 4815 429 4870 ὅτι
463 4813 747 4880 τέθνηκεν.
770 4815 1078 4880 Πιστεύσας
1097 4814 1141 4867 δ’
1170 4817 1401 4882 ικείνος,
1435 4817 1545 4870 τινὶ
1580 4815 1690 4870 τῶν
1714 4816 1923 4887 παρόν-

341 4924 454 4961 των
505 4908 807 4978 ἐπέτρεψεν
870 4909 1194 4962 ἀποκτεῖναι
1244 4908 1433 4964 αὐτόν.
1496 4909 1586 4974 Ὦς
1617 4909 1663 4962 δ’
1712 4909 1922 4971 ἐκεῖνος

346 4995 700 5064 σπασάμενος
727 4997 787 5050 τὸ
829 4996 985 5064 ξίφος
1035 4996 1231 5050 ἑαυτὸν
1255 4999 1688 5069 κατειργάσατο,
1736 4995 1920 5068 Εὖγε,

343 5083 523 5156 εἶπεν,
542 5082 590 5142 ὦ
619 5090 829 5156 Ἔρως,
866 5087 1056 5160 (τοῦτο
1079 5087 1189 5157 γὰρ
1212 5083 1278 5158 ἦν
1301 5088 1474 5159 δνομα
1501 5090 1582 5161 τῷ
1610 5090 1920 5161 ἀνθρώπῳ)

343 5183 439 5238 ὅτι
454 5199 531 5252 με
561 5181 614 5235 τί
637 5181 752 5250 χρὴ
781 5181 975 5236 ποιεῖν
1001 5179 1312 5247 διδάσκεις
1331 5197 1346 5213 θ
1371 5181 1469 5234 καὶ
1489 5181 1701 5252 πλήξας
1729 5182 1924 5236 ἑαυτὸν

343 5276 435 5331 διὰ
463 5275 566 5346 τῆς
609 5275 817 5337 κοιλίας
848 5275 930 5338 είς
957 5275 1056 5345 τὴν
1105 5273 1294 5344 κλίνην
1320 5274 1556 5345 ἀφῆκεν.
1582 5270 1691 5327 τΗν
1720 5275 1778 5328 δὲ
1822 5275 1923 5329 ούκ

345 5367 713 5431 εὐθυθάνατος
737 5369 771 5437 ἠ
801 5368 1008 5438 πληγή.
1029 5365 1274 5438 Θορύὸου
1291 5366 1350 5419 δὲ
1379 5365 1700 5436 γενομένου,
1717 5367 1924 5439 quam

343 5463 380 5530 ἡ
418 5459 768 5530 Κλεοπάτρα,
801 5458 898 5512 καὶ
931 5458 1028 5522 τὰς
1052 5458 1151 5528 μὲν
1175 5457 1347 5529 θύρας
1369 5458 1472 5512 οὑκ
1495 5458 1751 5529 ἀνέῳξεν,
1783 5458 1925 5512 ἄνω-

346 5553 441 5606 θεν
455 5551 510 5605 δὲ
535 5550 862 5621 προκύψασα
887 5550 1062 5621 (ούπω
1089 5551 1196 5624 γάρ
1217 5551 1286 5605 τὰ
1310 5550 1448 5623 πρὸς
1465 5553 1534 5622 τῇ
1557 5552 1730 5622 ὀροφῇ
1748 5551 1925 5622 tisip-

347 5643 541 5715 γαστο)
576 5643 670 5700 καὶ
708 5641 957 5713 μαθοῦσα
999 5643 1061 5698 τὸ
1090 5643 1335 5712 γεγονὸς,
1383 5643 1632 5712 κομίζειν
1662 5645 1826 5699 αὑτὸν
1863 5647 1922 5709 ἐς

347 5734 442 5789 τὸν
487 5734 654 5806 τάφον
703 5732 978 5790 ὶκέλευσε.
1023 5734 1191 5801 Γνοὺς
1231 5735 1289 5790 δὲ
1335 5735 1586 5803 κάκεῖνος
1629 5735 1710 5791 ἔτι
1739 5735 1921 5802 ζῶσαν

2027 4636 2163 4700 ictu,
2210 4651 2320 4692 non
2351 4634 2539 4690 statim
2585 4631 2863 4697 lethii’ero,
2916 4629 3141 4685 lectulo'
3173 4625 3446 4682 incubuit.
3495 4624 3608 4680 Tu-

2024 4727 2204 4782 multu
2235 4736 2378 4792 orto,
2428 4724 2719 4794 Cleopatra
2764 4725 2912 4778 fores
2964 4735 3076 4777 non
3119 4720 3360 4790 aperuit,
3384 4715 3481 4772 sed
3511 4731 3608 4770 su-

2025 4835 2195 4890 perne
2222 4828 2584 4889 prospectans
2624 4816 2885 4886 (necdum
2919 4815 3069 4870 enim
3121 4822 3327 4868 tectum
3377 4807 3610 4864 absolu-

2026 4920 2144 4966 tum
2173 4910 2313 4981 erat)
2343 4925 2410 4966 eo
2441 4909 2686 4966 facinore
2717 4908 2960 4978 cognito,
2997 4907 3150 4961 illum
3183 4904 3239 4958 in
3277 4914 3614 4956 monumen-

2026 5010 2142 5058 tum
2172 4999 2363 5058 inferri
2387 5000 2596 5070 jussit:
2632 4999 2727 5070 qui
2775 5013 2904 5054 cum
2941 5012 3060 5053 eam
3095 4995 3280 5048 vivere
3321 4989 3616 5060 cognovis-

2027 5102 2134 5157 set.
2164 5102 2224 5148 ut
2245 5093 2312 5147 ad
2348 5106 2470 5147 eam
2499 5100 2833 5162 portaretur,
2873 5089 3070 5144 oravit.
3101 5086 3237 5142 Cum
3287 5084 3485 5139 altatus
3519 5097 3615 5137 εει

2027 5193 2134 5250 set,
2164 5182 2376 5239 catenis
2427 5191 2485 5238 et
2529 5182 2758 5237 funibus
2791 5182 2858 5236 ab
2888 5195 2949 5234 ea
2981 5188 3039 5234 et
3085 5176 3354 5232 ambabus
3386 5172 3610 5230 ancillis

2025 5275 2423 5332 attrahebatur.
2473 5273 2646 5342 Quem
2691 5273 2786 5328 ubi
2821 5279 3171 5326 cruentatum
3223 5276 3281 5323 et
3313 5265 3603 5321 moribun-

2026 5369 2155 5423 dum
2181 5367 2418 5437 accepit,
2446 5375 2630 5422 vestes
2660 5381 2788 5420 suas
2822 5363 3009 5427 scidit,
3037 5371 3096 5416 et
3126 5369 3320 5432 pectus
3345 5358 3616 5416 manibus

2025 5460 2260 5531 planxit,
2314 5474 2382 5515 ac
2425 5475 2486 5514 se
2541 5459 2828 5514 laceravit.
2869 5455 2943 5511 At
2991 5455 3084 5511 ille
3136 5455 3266 5510 vino
3301 5454 3604 5526 postulato,

2027 5553 2356 5623 haustaque,
2401 5551 2667 5606 nonnulla
2723 5563 2852 5606 cum
2887 5549 3118 5605 muliere
3150 5549 3479 5611 collocutus.
3506 5563 3603 5602 ex-

2025 5643 2275 5716 spiravit.
2318 5643 2525 5706 (lwsar,
2566 5640 2796 5697 Antonii
2848 5649 3024 5696 morte
3045 5640 3319 5703 nuntiata,
3375 5639 3612 5708 illacry—

2027 5738 2196 5796 mavit
2227 5755 2243 5798 :
2294 5747 2352 5794 et
2397 5736 2615 5792 litteras
2654 5735 2776 5805 ejus
2825 5733 3021 5792 amicis
3057 5733 3318 5799 recitans,
3353 5730 3613 5802 seipsuna
