4018 6250
425 304 535 370 809
1675 295 1997 358 JOANNIS
2029 292 2350 357 ZONARIE
3569 291 3674 354 930

427 431 659 492 tumque
692 417 1074 476 manubiarum
1100 414 1300 482 adfuit,
1326 421 1387 469 ut
1412 414 1478 470 iis
1501 411 1761 468 omnibus
1784 411 2004 468 sul‘lice—

2118 412 2227 482 >ὐχὶ
2259 412 2387 482 βοῦς
2441 409 2784 486 προσκυνεῖν
2828 413 3096 484 εἴθισμαι.
3138 411 3252 482 Τὴν
3307 409 3353 464 δ’
3405 409 3680 480 Αἴγυπτον

423 521 571 569 rent.
603 512 701 567 Est
746 521 804 567 et
845 510 1144 578 Cleopatra:
1193 517 1373 563 Statua
1419 506 1476 561 in
1533 505 1677 560 lecto
1721 506 1996 570 traducta,

2118 505 2333 576 ιπητελῆ
2369 507 2620 577 εποίησε,
2668 507 2932 579 χρήματά
2977 523 3038 561 τε
3070 505 3372 574 πάμπολλα
3433 499 3561 576 εὗρε
3589 506 3682 560 καὶ

425 604 547 674 ejus
575 601 803 659 brachio
821 601 1009 671 aspide
1035 599 1363 653 inhaerente.
1387 597 1537 652 Inter
1565 596 1702 650 alios
1728 595 1997 663 captivos,

2118 598 2272 652 πάντα
2291 599 2572 669 ἀφείλετο.
2614 600 2724 654 Καὶ
2765 600 2836 653 τὰ
2869 602 2986 654 ἐκεῖ
3017 599 3283 670 ὡςπαὺτῷ
3345 599 3523 653 ὲδυκει
3555 599 3683 652 διοι-

425 697 546 765 ejus
605 709 824 765 quoque
883 693 1045 748 liberi
1077 709 1092 748 :
1122 691 1450 755 Alexander,
1507 689 1602 760 qui
1659 696 1715 743 ct
1766 687 1858 744 Sol
1893 703 1906 740 :
1941 695 2000 741 ct

2118 690 2438 761 ιησάμενος,
2474 693 2553 756 είς
2591 693 2690 764 τὴν
2733 692 2922 746 Ἀσίαν
2955 692 3046 746 διά
3075 693 3173 764 τῆς
3225 691 3426 762 Συρίας
3447 689 3684 761 ἀπῆλθε,

425 786 736 856 CleOpatra,
786 801 908 856 qua:
955 795 1012 840 et
1038 784 1190 838 Luna
1241 783 1551 846 dicebatur,
1613 782 1665 835 in
1719 779 1998 849 triumpho

2118 781 2193 835 ιαὶ
2216 785 2338 835 ἐκεῖ
2365 784 2795 854 παρεχείμασεν.
2827 785 2891 837 Οί
2915 784 2974 837 δὲ
3015 785 3282 854 Ῥωμαῖοι
3316 785 3413 836 καὶ
3443 781 3566 835 τότε
3589 783 3681 834 καὶ

427 871 578 928 ducti
605 883 755 927 sunt.
791 873 922 929 Post
955 874 1143 926 omnia
1176 871 1357 928 Caesar
1381 871 1656 937 invectus,
1688 869 2000 940 spectacula

2118 872 2388 943 τρὸτερον,
2447 875 2537 926 ὅτε
2591 878 2690 945 τὴν
2739 874 3052 945 ναυμαχίαν
3108 873 3353 942 ἐνίκησε,
3413 870 3585 925 πολλά
3628 871 3686 930 ές

427 979 528 1032 per
557 966 753 1018 multos
779 964 898 1019 dies
927 965 1122 1020 edidit.
1999 985 2015 998 ’

2118 965 2272 1035 ιἰμὴν
2305 964 2454 1036 αὐτῷ
2487 966 2850 1038 ἔψηφίσαντο.
2905 967 3063 1020 Κατά
3103 966 3162 1019 δὲ
3193 965 3285 1019 τὸν
3338 963 3436 1016 τοῦ
3495 962 3687 1038 θέρους

425 1058 616 1128 καιρὸν
651 1060 708 1121 ὲς
738 1057 837 1129 τὴν
882 1057 1109 1111 Ἐλλάδα
1138 1056 1233 1110 καὶ
1259 1056 1315 1118 ἐς
1343 1055 1442 1127 τὴν
1466 1053 1698 1109 Ἰταλίαν
1731 1053 2070 1126 ἐπεραιώθη.
2143 1059 2254 1111 Καὶ
2283 1057 2450 1111 αὐτοῦ
2523 1036 2604 1123 είς
2631 1059 2731 1130 τὴν
2793 1059 2951 1113 πόλιν
2999 1059 3337 1120 εἰσελθόντος
3385 1057 3590 1112 ἔθυσαν
3639 1036 3690 1107 οί

436 1151 724 1219 Ῥωμαῖοι,
759 1153 908 1204 καὶὸ
949 1151 1153 1212 ὓπατος
1176 1147 1613 1218 ὲϐουθύτησεν,ὂ
1639 1149 1806 1218 μήπω
1873 1148 2141 1218 πρότερον
2203 1149 2292 1203 ἐπ’
2349 1144 2497 1222 ἄλλῳ
2549 1151 2786 1219 ἐγένετο.
2832 1151 3108 1221 Ἐώρτασε
3138 1150 3194 1204 δὲ
3224 1151 3320 1204 καὶ
3369 1151 3462 1204 ἐπὶ
3510 1148 3691 1220 τρισὶν

426 1245 663 1314 ἡμέραις
711 1245 781 1298 τὰ
832 1244 1148 1314 νικητήρια,
1189 1241 1284 1296 καὶ
1317 1242 1604 1310 ἐπιφανεῖς
1665 1240 1723 1292 αί
1782 1240 2006 1310 πομπαὶ
2047 1241 2219 1295 πᾶσαι
2281 1243 2566 1311 γεγόνασι.
2604 1242 2858 1297 Τοσαῦτα
2884 1242 2994 1314 γὰρ
3057 1241 3430 1314 ἡθροίσθησαν
3474 1240 3693 1308 λάφυρα

428 1337 570 1389 ὥστε
605 1336 802 1398 πάσαι,
834 1339 1163 1407 ἐπαρκέσαι.
1198 1332 1586 1404 Παρεκομίσθη
1623 1332 1681 1386 δὲ
1743 1333 1840 1387 καὶ
1907 1332 2075 1403 στήλη
2110 1335 2210 1404 τῆς
2263 1335 2626 1407 Κλεοπάτρας
2683 1337 2778 1390 επὶ
2812 1336 3026 1406 κλίνης,
3059 1336 3265 1390 ἀσπίδα
3303 1333 3692 1406 ἐμπεφυκυῖαν

428 1429 628 1497 ἔχουσα
650 1429 727 1498 τῷ
759 1429 1030 1500 βραχίονι.
1079 1430 1185 1480 Καὶ
1216 1427 1356 1497 μετὰ
1378 1425 1488 1479 τῶν
1515 1425 1694 1478 ἄλλων
1721 1424 2089 1496 αἰχμαλώτων
2144 1427 2240 1480 καὶ
2294 1429 2345 1482 οἱ
2403 1430 2622 1501 ἐκείνης
2645 1430 2858 1495 παῖδες,
2885 1430 2912 1482 ὅ
2937 1446 2992 1482 τε
3023 1428 3378 1499 ’Δλέξανδρος
3397 1428 3426 1478 δ
3479 1427 3694 1486 Ἥλιον

428 1528 526 1579 καὶ
562 1525 888 1592 Κλεοπάτρα
921 1527 953 1593 ἡ
986 1524 1079 1575 καὶ
1108 1522 1333 1592 Σελήνη.
1395 1517 1512 1586 Ἐφ’
1550 1518 1782 1572 ἀπασιδ⁹
1810 1521 1839 1572 6
1869 1520 2084 1589 Καῖσαρ
2155 1520 2400 1592 ἐπήλασε
2423 1562 2438 1588 ,
2507 1524 2600 1576 καὶ
2649 1521 2877 1594 θεωρίαι
2909 1523 3002 1576 ἐπὶ
3045 1521 3244 1585 πολλὰς
3302 1521 3518 1594 ἡμέρας
3577 1518 3696 1590 ἐγέ-

430 1634 605 1674 νοντο.

501 1709 720 1766 XXXII.
774 1706 887 1761 Sub
920 1706 1036 1762 haec
1067 1714 1316 1775 tempora
1350 1703 1420 1758 Μ.
1451 1702 1687 1759 Crassus
1734 1702 1789 1756 in
1825 1701 2005 1757 Mace-

2184 1700 2308 1758 AB'.
2339 1703 2460 1757 Καὶ,
2480 1705 2508 1756 6
2537 1701 2794 1772 Κράσσος
2821 1703 2848 1756 6
2879 1683 3109 1773 Μάέκος
3137 1703 3279 1756 κατὰ
3310 1703 3538 1768 τούτους
3565 1704 3695 1758 τοὶς

429 1804 674 1865 deuiam,
733 1799 1020 1853 Thraciam
1063 1807 1120 1852 et
1169 1797 1436 1852 Graeciam
1498 1795 1721 1858 missus,
1773 1801 1830 1849 et
1876 1807 2002 1848 cum

2118 1795 2337 1866 χρόνους
2382 1795 2462 1858 είς
2516 1794 2616 1865 τὴν
2664 1794 3028 1862 Μακεδονίαν,
3071 1795 3166 1848 καὶ
3197 1797 3276 1857 είς
3310 1795 3412 1866 τὴν
3443 1794 3690 1868 Θρᾴκην,

433 1895 624 1950 multis
658 1892 917 1963 gentibus
952 1890 1092 1944 bella
1129 1904 1348 1959 gerens,
1397 1889 1536 1942 alias
1567 1887 1717 1950 vicit,
1763 1886 1902 1942 alias
1951 1886 2008 1940 in

431 1988 715 2044 deditione
740 1985 976 2054 accepit.
1019 1983 1110 2038 Ea:
1160 1992 1354 2053 gentes
1395 1982 1527 2036 olim
1580 1980 1718 2053 Mysi
1760 1990 1819 2035 et
1861 1980 2011 2035 Geta:

433 2079 798 2139 vocabantur,
831 2089 1051 2130 onmem
1097 2089 1224 2128 eum
1260 2081 1496 2127 tractum
1547 2072 1644 2141 qui
1689 2071 1835 2126 intra
1887 2070 2012 2124 Hm-

435 2186 584 2224 mum
616 2179 671 2224 et
705 2169 906 2223 Istrum
942 2175 1047 2230 est,
1087 2165 1412 2220 incolentes.
1466 2165 1769 2234 Progressa
1802 2175 2013 2236 tempo-

437 2265 514 2318 ris
560 2272 766 2326 autem,
821 2258 1069 2329 quaedam
1116 2273 1302 2312 earum
1353 2257 1477 2311 aliis
1522 2257 1843 2312 nominibus
1884 2267 2014 2313 sunt

435 2356 741 2425 appellatae.
782 2351 988 2406 Deinde
1020 2350 1204 2403 omnia
1237 2365 1300 2403 ea
1332 2363 1455 2418 quae
1502 2347 1680 2404 Savus
1711 2346 1915 2404 ﬂuvius
1955 2350 2012 2404 in

437 2447 636 2502 Istrum
670 2442 924 2507 inﬂuens,
957 2457 1122 2510 supra
1151 2439 1498 2505 Dalmatiam,
1541 2439 1914 2495 Macedoniam
1958 2452 2013 2496 ct

439 2537 728 2592 Thraciam
757 2551 787 2589 a
821 2535 1104 2590 Pannonia
1141 2533 1514 2597 disterminat,
1553 2532 1735 2604 Mysiae
1765 2535 2012 2604 appella-

447 2631 656 2685 tionem
695 2628 1009 2684 subierunt.
1056 2625 1206 2681 lnter
1232 2640 1348 2688 eos,
1397 2633 1594 2694 praeter
1621 2625 1760 2679 alias
1810 2626 2014 2682 multas

438 2732 630 2794 gentes
659 2731 790 2776 sunt
834 2717 1060 2774 Triballi
1099 2725 1156 2773 et
1192 2717 1475 2772 Dardanii.
1521 2714 1648 2771 Haec
1689 2717 1858 2788 igitur
1901 2717 2014 2771 Ro-

439 2815 586 2869 mani
617 2813 720 2868 sub
752 2811 974 2882 regibus
1003 2825 1068 2866 ac
1102 2811 1156 2864 in
1189 2809 1369 2864 libera
1413 2809 1723 2881 republica,
1764 2818 1822 2864 et
1852 2826 1883 2864 a
1915 2825 2014 2880 po-

439 2904 687 2960 tentibus
717 2917 1004 2974 oppressa,
1048 2900 1208 2956 annis
1238 2916 1346 2954 xxv
1372 2910 1430 2956 et
1473 2917 1570 2958 occ
1601 2909 1656 2956 et
1695 2911 2010 2972 gesserunt,

439 3006 497 3053 et
539 2998 905 3068 pertulerunt.
954 2995 1225 3064 Deinceps
1277 2993 1423 3048 haud
1479 2994 1649 3049 dubie
1699 2994 1805 3050 sub
1847 2998 2014 3050 unius

443 3097 770 3159 potestatem
799 3086 1140 3142 reciderunt.
1174 3085 1310 3141 Nam
1349 3100 1475 3140 cum
1511 3085 1695 3141 Caesar
1725 3085 1780 3140 in
1826 3086 2012 3141 animo

441 3179 690 3241 haberet,
726 3181 896 3234 armis
935 3179 1154 3249 positis,
1205 3177 1496 3250 imperium
1529 3180 1747 3234 senatui
1783 3179 2016 3251 populo-

442 3285 552 3340 que
591 3273 910 3336 restituere,
946 3271 1121 3339 idque
1167 3271 1460 3325 consilium
1498 3271 1756 3342 Agrippae
1804 3283 1860 3328 et
1891 3272 2020 3328 llae-

441 3365 648 3428 ccnati,
683 3361 843 3436 532
895 3362 1102 3432 quibus
1153 3377 1356 3417 arcana
1404 3377 1504 3418 sua
1557 3365 1841 3431 credebat,
1889 3381 2020 3437 ape-

443 3455 647 3510 ruisset
679 3471 694 3507 :
723 3453 967 3525 Agrippa
1017 3453 1357 3524 deponendae
1404 3455 1697 3525 potestatis
1727 3467 1922 3513 auctor
1963 3457 2017 3514 ei

444 3545 571 3610 fuit,
599 3545 868 3602 Maecenas
900 3547 1237 3603 contrarium
1261 3546 1487 3603 omnino
1507 3548 1702 3606 suasit.
1729 3549 1865 3605 Nam
1889 3565 2018 3607 cum

442 3637 608 3707 longo
633 3639 747 3708 jam
779 3645 1028 3708 tempore
1057 3651 1243 3693 rerum
1269 3637 1482 3710 potitus
1505 3647 1674 3706 esset,
1709 3650 1806 3696 aut
1831 3644 2019 3711 [pote-

445 3739 644 3785 statem
673 3730 724 3786 ei
777 3729 1142 3795 retinendam,
1203 3739 1302 3787 aut
1347 3746 1412 3787 ea
1445 3734 1623 3802 posita
1673 3734 2018 3804 pereundum

443 3837 569 3878 esse
607 3824 912 3880 allirntabat
945 3841 959 3878 :
991 3823 1143 3894 quod
1171 3825 1267 3894 qui
1300 3824 1471 3880 semel
1500 3825 1846 3895 imperariut,
1897 3835 2018 3882 tuto

443 3915 611 3970 vitam
647 3916 915 3986 privatam
948 3932 1110 3987 agere
1137 3916 1292 3972 nullo
1316 3916 1482 3972 modo
1515 3927 1763 3988 possent.
1797 3917 2018 3990 Longa-

440 4023 555 4078 que
606 4011 860 4064 oratione
912 4010 1150 4075 monuit,
1203 4009 1408 4080 quibus
1437 4011 1751 4067 rationibus
1796 4021 1916 4067 tuto
1961 4018 2019 4068 et.

433 4099 612 4170 justc,
645 4110 810 4170 atque
834 4102 1003 4156 etiam
1051 4104 1191 4156 citra
1223 4102 1430 4158 civium
1479 4103 1791 4158 molestiam
1842 4105 2020 4174 impe-

447 4205 571 4244 rare
605 4202 810 4261 posset,
843 4193 945 4248 bac
975 4193 1160 4248 addita
1203 4194 1448 4250 clausula
1502 4217 1517 4252 :
1560 4194 1620 4251 Si
1643 4212 1728 4261 ea,
1765 4211 1882 4267 quis
1909 4196 2019 4250 alio

442 4285 740 4353 imperante
772 4285 862 4338 tibi
905 4283 1025 4352 ﬁeri
1053 4283 1232 4345 velles.
1276 4287 1390 4356 ipse
1438 4285 1580 4341 ultro
1640 4289 1826 4357 feceris
1873 4287 2018 4352 aliis,

445 4387 614 4441 neque
637 4374 871 4440 peccabis
895 4375 1208 4444 quidquam,
1254 4385 1302 4428 et
1347 4377 1529 4430 omnia
1572 4377 1797 4447 feliciter
1845 4377 2018 4431 admi-

2111 1889 2207 1940 καὶ
2239 1889 2319 1949 είς
2342 1886 2439 1954 τὴν
2485 1886 2710 1940 Ἑλλάδι
2753 1888 3048 1956 πεμφθεὶς,
3084 1887 3307 1950 πολλοῖς
3348 1886 3690 1960 ἐπολέμησεν

2110 1977 2309 2042 ἔθνεσι,
2339 1981 2432 2031 καὶ
2461 1978 2529 2030 τὰ
2568 1979 2666 2049 μὲν
2698 1977 2942 2049 ἐνίκησε,
2987 1980 3055 2045 si
3093 1979 3149 2032 δὲ
3177 1981 3586 2050 προσηγάγετο.
3617 1980 3696 2034 Τὰ

2110 2065 2155 2120 δ’
2192 2066 2320 2136 ἔθνη
2359 2065 2534 2119 ταῦτα
2587 2067 2758 2120 παλαι
2811 2068 2910 2138 μὲν
2943 2069 3122 2124 Μυσοί
3148 2085 3207 2122 τε
3235 2071 3330 2122 καὶ
3363 2071 3523 2124 Γέται
3563 2073 3686 2125 ὲκέ-

2112 2157 2344 2228 κληντο·
2382 2161 2568 2212 πᾶσαν
2603 2161 2714 2230 γὰρ
2765 2160 2969 2229 μεταξὺ
2997 2160 3094 2215 τοῦ
3147 2179 3206 2215 τε
3247 2163 3426 2233 Αἵμου
3460 2165 3556 2218 καὶ
3595 2163 3688 2217 τοῦ

2117 2251 2332 2322 Ἴστρου
2379 2248 2545 2304 οὖσαν
2577 2253 2871 2323 νεμόμενοι
2893 2269 2905 2283 ο
2946 2254 3231 2325 προίόντος
3273 2256 3329 2309 δὲ
3362 2255 3459 2308 τοῦ
3494 2257 3686 2327 χρόνον

2113 2345 2261 2409 τινὲς
2292 2345 2473 2398 αὐτῶν
2504 2349 2599 2399 καὶ
2625 2347 2808 2412 ἄλλοις
2841 2349 3107 2417 ὀνόμασιν
3137 2349 3549 2422 ἑπεκλήθησαν.
3586 2352 3695 2409 Καὶ

2121 2441 2260 2510 μετὰ
2313 2440 2489 2494 ταῦτα
2537 2439 2699 2493 πάνθ’
2739 2441 2840 2494 δσα
2873 2441 2900 2494 6
2936 2441 3179 2512 ποταμὸς
3217 2445 3244 2496 6
3274 2444 3447 2508 Σαῦος
3484 2447 3566 2506 είς
3605 2443 3694 2496 τδν

2119 2532 2333 2602 Ἴστρον
2387 2532 2676 2602 ἐμϐάλλων
2732 2533 2875 2605 ὑπὲρ
2923 2535 3023 2604 τῆς
3079 2535 3392 2604 Δαλματίας
3445 2536 3541 2589 καὶ
3594 2536 3692 2607 τῆς

2114 2621 2450 2686 Μακεδονίας
2513 2622 2614 2693 τῆς
2666 2639 2726 2676 τε
2781 2623 3006 2695 Θρᾴκης
3068 2626 3178 2681 ἀπὸ
3235 2628 3336 2698 τῆς
3394 2627 3691 2689 Παννονίας

2113 2714 2387 2785 ἀφορίζει,
2417 2716 2497 2778 είς
2539 2715 2600 2768 τὸ
2629 2714 2729 2786 τῆς
2764 2716 2984 2781 Μυσίας
3032 2717 3464 2790 προκεχώρηκεν
3495 2718 3690 2788 δνομα,

2116 2808 2209 2861 καὶ
2241 2809 2300 2860 έν
2327 2809 2510 2871 αὐτοῖς
2536 2808 2672 2864 ἄλλα
2712 2825 2771 2862 τε
2805 2809 2977 2864 πολλά
3007 2812 3146 2863 εἰσιν
3183 2810 3310 2882 ἔθνη
3353 2810 3450 2864 καὶ
3479 2813 3530 2865 οί
3565 2811 3695 2882 Τρι-

2116 2898 2304 2954 ϐαλλοὶ
2334 2901 2890 2972 προσαγορευθέντες,
2917 2901 2973 2956 οῖ
3006 2920 3065 2956 τε
3115 2901 3449 2971 κεκλημένοι
3485 2903 3694 2973 Δαρδά-

2117 3007 2240 3046 νιοι.
2305 2991 2494 3046 Ταῦτα
2544 2993 2646 3062 μὲν
2700 2992 2795 3048 οὖν
2845 2993 2904 3048 έν
2948 3011 3005 3048 τε
3053 2997 3119 3066 τῇ
3173 2995 3426 3067 βασιλείᾳ
3480 2998 3580 3050 καὶ
3629 2998 3692 3068 τῇ

2117 3083 2461 3156 δημοκρατίᾳ
2484 3087 2580 3140 καὶ
2600 3087 2717 3150 ταῖς
2749 3087 3088 3152 δυναστείαις
3107 3088 3268 3142 πέντε
3293 3089 3387 3142 καὶ
3401 3087 3575 3142 εἴκοσι
3604 3089 3698 3142 καὶ

2121 3177 2488 3243 ἑπτακοσίοις
2534 3177 2718 3232 ἔτεσιν
2750 3179 2996 3251 ἔπραξάν
3037 3197 3098 3234 τε
3136 3181 3405 3252 Ῥωμαῖοι
3434 3183 3532 3236 καὶ
3569 3181 3699 3236 επα-

2119 3269 2234 3326 θον.
2274 3271 2370 3325 Ἐκ
2426 3272 2484 3326 δὲ
2538 3274 2736 3328 τούτου
2805 3273 3196 3345 μοναρχεῖσθαι
3243 3274 3400 3340 αὖθις
3453 3276 3697 3348 ἀκριϐῶς

2121 3362 2378 3434 ἤρξαντο,
2423 3364 2605 3418 καίτοι
2639 3363 2734 3418 τοῦ
2783 3365 3068 3437 Καίσαρος
3127 3366 3196 3421 τά
3241 3383 3301 3420 τε
3337 3367 3481 3421 ὅπλα
3526 3384 3696 3422 κατα-

2121 3454 2310 3510 θέσθαι
2334 3453 2746 3526 βουλευομένου,
2770 3457 2864 3510 καὶ
2891 3459 2958 3528 τῇ
2986 3457 3251 3530 γερουσίᾳ
3288 3457 3384 3511 καὶ
3415 3455 3496 3530 τῷ
3533 3457 3692 3529 δήμῳ

2119 3545 2415 3618 ὶπιτρέψαι
2461 3546 2532 3602 τὰ
2585 3548 2908 3620 πράγματα.
2945 3547 3055 3622 Τὴν
3107 3551 3292 3621 μέντοι
3334 3550 3563 3624 γνώμην
3620 3550 3695 3623 τῷ

2132 3637 2416 3712 ’Δγρίππᾳ
2443 3639 2540 3694 καὶ
2566 3640 2645 3711 τῷ
2667 3643 2952 3714 Μαικήνᾳ,
2979 3637 3063 3706 οἷς
3098 3641 3390 3697 ἐπίστευσε
3420 3643 3491 3698 τὰ
3523 3644 3696 3717 ἀπόρ-

2122 3733 2282 3804 ῥητα,
2317 3734 2746 3806 κοινωσάμενος,
2788 3735 2887 3806 τὴν
2939 3737 3038 3807 μὲν
3099 3737 3412 3808 Ἀγρίππου
3464 3739 3695 3811 γνώμην

2120 3822 2540 3893 ἀποτρέπουσαν
2569 3823 2734 3877 αὐτὸν
2781 3824 2884 3894 τῆς
2927 3824 3226 3895 μοναρχίας
3257 3825 3496 3896 εὕρηκεν
3519 3841 3536 3858 ⁸
3576 3829 3604 3879 6
3641 3825 3695 3879 δὲ

2122 3915 2418 3984 Μαικήνας
2493 3915 2806 3970 τούναντίον
2864 3916 3255 3970 συνεϐούλευεν
3307 3917 3479 3981 ἆπαν,
3531 3916 3698 3970 είπιὶν

2119 4008 2220 4079 ἠδη
2256 4009 2357 4080 τὴν
2391 4009 2695 4081 μοναρχίαν
2733 4010 2827 4064 ἐπὶ
2861 4010 2996 4064 πολὺ
3037 4010 3317 4082 διοικῆσαι
3365 4011 3556 4076 αὐτὸν,
3604 4010 3696 4065 καὶ

2120 4103 2424 4171 ἀναγκαῖον
2470 4099 2610 4157 εἶναι
2663 4102 2812 4156 δυεῖν
2859 4102 3110 4172 θάτερον,
3149 4104 3182 4175 ἢ
3233 4105 3413 4174 μεῖναι
3452 4104 3549 4158 ἐπὶ
3590 4103 3694 4158 τῶν

2121 4193 2387 4265 αὐτῶν,ἢ
2441 4193 2746 4248 ἀπολέσθαι
2802 4193 2976 4249 ταῦτα
3032 4195 3361 4266 προέμενον.
3412 4197 3542 4260 Τοῖς
3591 4198 3695 4268 γὰρ

2122 4283 2274 4350 ἅπαξ
2351 4288 2763 4356 μοναρχήσασιν
2836 4288 3096 4357 ἀσφαλῶς
3173 4287 3482 4343 ἰδιωτεῦσαι
3558 4285 3695 4343 εῖναι

2122 4378 2404 4434 ἀδύνατον.
2452 4379 2720 4434 ’Υπέθετο
2776 4381 2834 4435 δέ
2870 4381 2964 4434 καὶ
2995 4383 3145 4446 ὅπως
3197 4383 3456 4453 ἀσφαλῶς
3497 4385 3594 4438 καὶ
3623 4384 3697 4437 διο

441 4464 718 4527 Jtistrabis,
757 4473 806 4518 et
842 4467 1158 4520 suavissime
1207 4467 1456 4536 nulloque
1483 4484 1600 4522 cum
1639 4468 1870 4539 periculo
1899 4483 2015 4524 reta-

2125 4469 2300 4532 καίως
2341 4470 2505 4542 ἄρξῃ,
2536 4470 2670 4540 πρὸς
2701 4471 2759 4524 δὲ
2809 4473 2902 4524 καὶ
2948 4472 3297 4545 ἀνεπαχθῶς,
3329 4473 3500 4527 πολὺν
3532 4491 3696 4528 κατα-

439 4561 552 4606 sem
594 4556 765 4624 deges.
817 4554 915 4610 His
943 4557 1190 4613 consiliis
1229 4559 1459 4622 auditis,
1508 4570 1745 4630 utroque
1782 4561 2015 4631 probato

2121 4560 2303 4622 τείνας
2325 4562 2486 4630 λόγον
2537 4562 2667 4632 περὶ
2721 4563 2824 4632 τῆς
2876 4563 3214 4630 ὑποθέσεως,
3275 4565 3372 4619 καὶ
3421 4567 3518 4619 ἐπὶ
3566 4568 3695 4619 πᾶσι

443 4653 504 4698 et
531 4646 864 4713 collaudato,
905 4649 1220 4706 Maecenatis
1257 4653 1592 4708 sententiam
1618 4663 1704 4710 est
1750 4665 2014 4713 secutus:

441 4745 503 4790 et
529 4737 848 4794 monarcltia
891 4756 1001 4796 non
1035 4742 1308 4812 deposita,
1359 4757 1788 4816 cognomentum
1838 4749 2016 4820 impe-

447 4828 648 4882 ratoris
673 4828 778 4884 sibi
821 4832 1036 4898 ascivit,
1085 4849 1193 4889 non
1238 4835 1371 4892 illud
1417 4836 1564 4907 quod
1608 4837 1917 4909 antiquitus
1945 4841 2016 4897 ob

445 4917 736 4974 victoriam
762 4920 930 4976 tribui
957 4923 1188 4990 solebat,
1225 4926 1321 4981 sed
1353 4926 1406 4981 id
1435 4941 1549 4997 quo
1581 4929 1732 5000 regia
1769 4940 2016 5001 potestas

442 5011 888 5082 signiﬁcabatur.
923 5017 1084 5072 Anno
1125 5021 1376 5089 sequenti
1434 5030 1647 5076 sextum
1696 5025 1887 5079 consul
1932 5024 2015 5079 fa-

441 5113 589 5171 ctus,
615 5106 856 5178 Agrippa
877 5109 1112 5180 collega,
1147 5127 1314 5181 quem
1345 5113 1545 5184 insigni
1578 5114 1792 5170 honore
1828 5131 2015 5186 prose-

443 5197 738 5265 quebatur,
767 5199 1044 5270 desponsa
1065 5203 1232 5258 etiam
1265 5219 1458 5260 sorore
1485 5205 1733 5270 Octavia,
1761 5217 1818 5262 et
1859 5209 2016 5277 prin-

443 5301 578 5357 ceps
629 5301 856 5348 senatus
903 5295 1329 5362 cognominatus
1375 5306 1482 5364 est,
1529 5307 1590 5352 ut
1633 5299 1686 5354 in
1727 5299 2015 5355 liberrima

439 5379 669 5436 civitate
714 5397 1000 5454 receptum
1050 5387 1249 5444 fuerat.
1297 5388 1358 5444 In
1417 5389 1683 5446 honorem
1727 5391 1914 5447 Romae
1960 5401 2017 5448 et

443 5468 644 5524 civium
689 5483 803 5528 tum
847 5477 954 5531 alia
1000 5478 1154 5542 fecit,
1197 5487 1312 5535 tum
1360 5481 1562 5536 multos
1608 5483 1677 5536 ad
1715 5493 2012 5554 egestatem

443 5560 699 5618 redactos
740 5565 1046 5625 liberaliter
1075 5570 1305 5626 donavit
1340 5587 1356 5625 :
1385 5582 1501 5628 tum
1549 5581 1765 5629 veteres
1800 5574 2015 5631 tabulas

439 5665 636 5707 eorum
665 5657 759 5726 qui
795 5657 848 5711 in
877 5661 1104 5717 ararim
1134 5663 1291 5719 relati
1321 5663 1568 5728 fuerant,
1599 5666 1811 5722 exussit
1840 5683 1856 5721 :
1899 5677 2011 5723 tum

439 5758 560 5810 quae
591 5749 696 5804 sub
727 5751 969 5814 Antonio
997 5763 1054 5808 et
1080 5754 1288 5824 Lepido
1314 5772 1412 5828 per
1440 5758 1698 5829 injuriam
1727 5768 1847 5816 acta
1888 5760 2012 5817 fue-

2123 4653 2299 4708 ταῦτα
2323 4655 2623 4724 ἐπήγαγεν-
2648 4659 2719 4711 El
2743 4656 2859 4710 ὅσα
2887 4656 3094 4726 ἑτερόι⁴
3127 4674 3264 4712 τινα
3285 4657 3555 4726 ἆρξαντά
3583 4676 3696 4715 σου

2121 4747 2318 4802 ποιεῖν
2375 4747 2668 4814 ἐϐούλου,
2723 4748 2910 4803 ταῦτα
2971 4749 3156 4817 αὐτὸς
3217 4750 3696 4821 αὐτεπάγγελτος

2120 4841 2420 4911 πράττεις,
2447 4843 2692 4897 οὔτετι
2741 4845 3128 4913 ἁμαρτήσας,
3161 4847 3261 4901 καί
3301 4847 3502 4901 πάντα
3546 4864 3688 4904 κατε

2118 4933 2420 5002 ορθώσεις,
2444 4932 2664 5001 ἣδιστὰ
2698 4951 2760 4990 τε
2799 4936 2900 4990 καί
2923 4937 3364 4992 ἀκινδυνότατα
3388 4939 3608 5008 ζήσεις.
3633 4944 3692 4996 Oi

2121 5025 2222 5096 μὲν
2256 5021 2353 5079 οὖν
2391 5025 2570 5081 ταῦτα
2615 5029 2696 5100 τῷ
2749 5029 2992 5101 Καίσαρι
3041 5032 3509 5088 συνεϐούλευσανο
3565 5037 3594 5090 δ
3637 5035 3691 5088 δὲ

2117 5119 2284 5190 ἄμφω
2331 5120 2430 5191 μὲν
2473 5121 2569 5174 καὶ
2613 5120 2894 5191 ἐθαύμασε
2940 5123 3037 5175 καὶ
3086 5124 3379 5195 ἐπῄνεσεν,
3421 5127 3599 5181 εἵλετο
3635 5128 3689 5180 δὲ

2117 5212 2210 5266 τοῦ
2241 5214 2526 5284 Μαικήνου
2551 5214 2652 5286 τὴν
2691 5215 3021 5287 συμϐουλὴν,
3065 5218 3158 5270 καὶ
3187 5217 3313 5271 οὔτε
3347 5219 3450 5292 τὴν
3482 5238 3687 5290 μοναρ-

2116 5303 2241 5373 χίαν
2262 5304 2494 5358 ἀπέθετο
2525 5305 2619 5359 καὶ
2641 5306 2860 5384 τὴν-τοῦ
2892 5309 3297 5380 αὐτοκράτορος
3327 5313 3683 5384 προσειλήφει

2116 5396 2427 5468 δπίκλησιν,
2459 5398 2523 5451 οὐ
2549 5398 2650 5468 τὴν
2680 5380 2773 5452 ἐπί
2817 5398 2996 5463 νίκαις
3027 5401 3170 5455 κατὰ
3197 5401 3258 5454 τὸ
3284 5403 3515 5473 ἀρχαῖον
3547 5380 3685 5457 δὶδο-

2121 5488 2292 5560 μένην
2335 5489 2470 5555 τισὶ,
2520 5490 2726 5560 ταύτην
2757 5493 2866 5560 γὰρ
2916 5492 3178 5556 πολλάκις
3226 5494 3528 5566 ἐπεκλήθη.
3560 5495 3686 5550 ἀλλὰ

2115 5582 2216 5646 τὴν
2263 5583 2326 5636 τὸ
2363 5581 2565 5653 κράτος
2617 5583 2992 5653 σημαίνουσαν
3035 5586 3099 5637 τὸ
3151 5585 3448 5656 βασίλειον.
3509 5587 3596 5657 Τῷ
3643 5589 3685 5640 δ’

2116 5672 2242 5743 έξῆς
2271 5675 2384 5727 ἔτει
2416 5675 2577 5728 ῑκτον
2620 5673 2948 5741 ὑπάτευσεν,
2972 5676 3260 5747 ’Δγρίππα
3300 5679 3350 5731 oi
3398 5678 3682 5749 συνάρχον⁸

2116 5781 2226 5830 τος,
2291 5765 2352 5818 ὃν
2399 5765 2848 5837 ὑπερϐαλλόντως
2909 5767 3094 5838 ιτίμαι,
3147 5769 3243 5822 καὶ
3296 5768 3395 5840 τὴν
3454 5768 3679 5836 ἀδελφὴν
