4018 6250
335 288 440 355 9οι

1577 288 1980 353 ANNALIUM
2016 286 2163 347 LIB.
2207 287 2280 348 Χ.

3484 295 3592 359 902

335 403 483 474 αὑτῷ
526 404 627 474 τὴν
669 402 966 458 Ὀκτασίαν
1002 400 1296 474 συνῴκισε.
1331 401 1445 458 Καὶ
1473 404 1572 474 τῆς
1610 405 1908 473 γερουσίας

2010 407 2158 466 rant,
2209 413 2324 454 uno
2371 397 2598 454 decreto
2647 398 2888 456 abolevit
2943 401 3146 458 omnia.
3185 405 3333 472 Quas
3377 407 3450 463 ob
3501 427 3590 467 res

333 497 627 568 πρόκριτος
677 495 954 566 ἐπεκλήθη
1007 496 1036 546 ὁ
1075 495 1314 566 Καῖσαρ,
1347 495 1422 559 ὡς
1469 497 1526 548 ἐν
1576 498 1642 568 τῇ
1693 496 1915 567 ἀκριϐεῖ

332 589 682 660 δημοκρατίᾳ
727 589 1051 657 νενόμιστο,
1088 589 1224 642 ἄλλα
1279 605 1341 642 τε
1385 588 1558 643 πολλὰ
1614 589 1914 660 πεποίηκεν

333 681 412 746 είς
439 681 607 750 τιμὴν
647 681 750 749 τῆς
794 680 1012 750 Ῥώμης
1046 681 1140 734 καὶ
1183 681 1292 734 τῶν
1330 669 1593 745 πολιτῶν,
1631 682 1724 734 καὶ
1772 681 1910 750 χρή-

322 789 483 842 ματα
545 771 762 835 πολλοῖς
828 773 940 823 τῶν
998 772 1233 825 πολιτῶν
1283 772 1575 843 ἐχαρίσατο
1641 770 1912 842 λαμπρῶς

337 864 726 936 πενητεύσασι,
757 864 828 918 τά
869 881 930 917 τε
985 863 1192 918 παλαιὰ
1243 865 1551 932 ωμὸὀλαια
1580 864 1689 918 τῶν
1719 866 1797 927 είς
1851 863 1912 917 τὸ

335 957 512 1012 κοινὸν
546 957 875 1026 ὀφειλόντων
913 956 1224 1010 κατέκαυσε
1249 974 1264 989 ο
1297 958 1394 1011 καὶ
1423 957 1522 1010 ὅσα
1549 957 1642 1011 ἐπὶ
1670 955 1908 1008 Λεπίδου

335 1051 428 1103 καὶ
473 1046 762 1103 Ἀντωνίου
817 1047 1018 1112 ἀδίκως
1051 1049 1325 1118 ἐγένοντο,
1358 1048 1428 1102 δι’
1469 1048 1588 1110 ἐνὸς
1618 1046 1912 1120 προγράμ-

337 1157 506 1212 ματος
555 1140 852 1193 κατέλυσεν
897 1139 1134 1195 ἅπαντα.
1171 1141 1283 1195 Καὶ
1324 1143 1417 1196 ἐπὶ
1456 1143 1668 1205 τούτοις
1706 1139 1911 1212 ὑμνού-

335 1247 520 1302 μενος,
557 1231 647 1285 ἴνα
683 1231 889 1302 μᾶλλον
924 1232 1209 1303 τιμηθείη,
1253 1234 1348 1286 καὶ
1384 1232 1516 1304 παρ’
1545 1232 1783 1286 ἑκόντων
1812 1231 1912 1302 τὴν

313 1323 638 1395 ’μοναρχίαν
708 1324 896 1378 λαϐεῖν
971 1323 1346 1398 ἐπεθύμησεν.
1415 1326 1503 1390 Ὦς
1579 1324 1653 1398 μὴ
1722 1321 1908 1397 δοκοίη

332 1416 574 1469 ἀκόντων
603 1416 817 1487 ἄρχειν,
838 1417 934 1471 καὶ
962 1419 1090 1481 τοὺς
1115 1417 1265 1490 αὑτῷ
1297 1418 1534 1488 μάλιστα
1559 1419 1906 1489 ἐπιτηδείους

333 1511 789 1579 παρασκευάσας,
824 1511 905 1571 είς
933 1509 1032 1579 τὴν
1070 1509 1364 1578 γερουσίαν
1401 1510 1653 1580 εἰσῆλθεν
1677 1511 1910 1580 ἕϐδομον

332 1601 645 1666 ὑπατεύων,
676 1601 773 1653 καὶ
802 1602 1218 1671 παραιτεῖσθαι,
1260 1601 1437 1671 λέγων
1469 1602 1567 1670 τὴν
1605 1603 1908 1676 μοναρχίαν

329 1691 426 1744 καὶ
459 1693 632 1744 πάντα
667 1689 772 1742 ὑπὸ
815 1693 928 1752 τοῖς
960 1691 1209 1760 ἀρίστοις
1253 1695 1446 1756 ποιεῖν,
1479 1692 1656 1746 ἐδέετο
1700 1693 1908 1746 τούτων

2015 505 2142 545 cum
2178 491 2437 547 laudibus
2472 494 2524 546 in
2558 494 2758 548 ccelum
2790 496 3104 563 efferretur,
3150 501 3377 571 majoris
3423 506 3588 560 etiam

2014 581 2244 636 honoris
2271 583 2550 638 desiderio
2585 585 2878 654 imperium
2914 604 2944 642 a
2978 589 3290 647 volentibus
3336 596 3586 666 accipere

2016 676 2370 742 desideravit,
2407 696 2470 735 ac
2496 695 2565 735 ne
2588 681 2775 737 invitis
2822 683 3092 754 imperare
3119 688 3422 756 videretur,
3455 693 3587 747 sub-

2013 770 2224 824 ornatis
2280 770 2491 825 intimis
2542 773 2678 837 suis,
2738 776 3032 844 septimum
3081 781 3273 834 consul
3325 781 3378 835 in
3430 786 3583 839 curia

2013 860 2345 930 deprecatus
2373 871 2454 918 est
2489 864 2782 934 imperium
2813 887 2826 920 :
2869 876 2924 921 et
2954 885 3167 924 summa
3197 888 3383 927 rerum
3435 878 3580 946 οι)ιί-

2011 952 2282 1020 malibus.
2301 954 2652 1022 demandata,
2683 973 2778 1013 eos
2825 962 3061 1030 rogavit,
3109 972 3170 1017 ut
3212 979 3371 1035 aquo
3397 968 3584 1022 animo

2012 1055 2072 1097 se
2100 1043 2370 1114 privatam
2409 1047 2574 1102 vitam
2607 1065 2774 1120 agere
2801 1062 3149 1120 paterentur.
3201 1057 3271 1112 At
3305 1069 3586 1116 senatores

2009 1135 2133 1204 ejus
2166 1140 2498 1193 sententiam
2529 1143 2727 1211 partim
2769 1144 3030 1212 scientes,
3067 1151 3266 1217 partim
3298 1155 3588 1224 suspican-

2013 1235 2118 1292 tes,
2145 1227 2235 1282 alii
2273 1245 2504 1301 arguere
2533 1233 2817 1300 nolebant,
2859 1237 2953 1292 alii
2987 1239 3271 1296 timebant.
3308 1243 3445 1299 Cum
3481 1247 3581 1318 igi-

2011 1327 2101 1372 tur
2131 1321 2182 1373 ei
2213 1321 2442 1377 credere
2471 1323 2562 1377 alii
2587 1325 2876 1396 ﬁngerent,
2909 1330 3003 1384 alii
3034 1347 3262 1391 necesse
3292 1336 3582 1408 haberent,

2009 1409 2306 1481 imperium
2355 1415 2596 1470 retinere
2649 1431 2874 1475 coactus
2924 1430 3010 1477 est
3058 1426 3287 1484 scilicet.
3336 1429 3456 1498 Quo
3518 1439 3584 1488 ad

2011 1503 2160 1560 hunc
2191 1505 2413 1560 modum
2449 1523 2477 1562 a
2513 1521 2708 1564 senatu
2738 1513 3051 1584 populoque
3093 1517 3330 1582 ﬁrmato,
3367 1537 3583 1580 omnem

2013 1596 2332 1663 reipublicae
2370 1614 2558 1654 curam
2600 1601 2654 1655 in
2692 1618 2751 1658 se
2784 1608 3047 1677 suscepit.
3082 1609 3400 1668 Provincias
3437 1615 3589 1669 inﬁr-

1949 1749 1960 1754 _
2012 1688 2238 1753 miores,
2269 1700 2329 1744 ut
2362 1701 2586 1760 pacatas
2620 1703 2677 1748 et
2727 1695 3001 1763 imbelles,
3037 1703 3294 1758 attribuit
3325 1710 3539 1762 senatui
3571 1729 3584 1762 :

326 1782 585 1848 δέξασθαι
612 1784 776 1836 αὑτοῦ
820 1785 918 1856 τὴν
953 1785 1053 1855 τῆς
1097 1785 1399 1855 μοναρχίας
1439 1785 1722 1840 ἀπόθεσιν.
1757 1787 1819 1840 Οἱ
1849 1788 1904 1840 δὲ

2013 1778 2312 1845 ﬁrmiores,
2349 1793 2409 1837 ut
2434 1785 2774 1853 periculosas
2804 1798 2859 1842 et
2893 1806 3089 1859 parum
3120 1802 3286 1863 tutas,
3339 1797 3454 1866 ipse
3496 1815 3586 1853 re-

327 1877 429 1946 τῆς
461 1875 682 1946 βουλῆς,
720 1877 769 1928 οἱ
801 1878 902 1946 μὲν
937 1877 1138 1940 εἰδότες
1167 1878 1267 1948 τὴν
1296 1875 1526 1949 γνώμην
1557 1878 1747 1943 αὑτοῦ,
1781 1879 1831 1931 οί
1861 1879 1908 1931 δ’

329 1968 755 2036 ὑποπτεύοντες,
790 1970 838 2022 οἱ
871 1969 970 2039 μὲν
999 1968 1217 2039 ἐλέγξαι
1259 1971 1424 2022 αὑτὸν
1468 1971 1569 2023 οὑκ
1598 1969 1908 2037 ἐϐούλοντο,

327 2061 376 2113 oi
414 2059 460 2114 δ’
492 2061 855 2116 ἐδεδοίκεσαν.
891 2061 1054 2114 Ὅθεν
1102 2062 1195 2114 καὶ
1247 2061 1522 2116 πιστεύειν
1551 2061 1701 2134 αὐτῷ
1731 2065 1778 2116 οί
1807 2063 1910 2133 μὲν

329 2154 678 2219 ἔπλαττον-το,
714 2157 762 2207 οἱ
804 2155 861 2206 δὲ
912 2155 1304 2224 ἠναγκάζοντο.
1343 2156 1439 2208 καὶ
1490 2155 1715 2209 ἑὸἰασαν
1749 2156 1910 2227 δῆθεν

328 2246 494 2300 αὑτὸν
544 2247 861 2318 αὐταρκεῖν.
898 2249 1005 2300 Καὶ
1055 2249 1155 2316 τὴν
1215 2249 1316 2317 μὲν
1377 2249 1679 2318 ἡγεμονίαν
1731 2248 1911 2312 οὕτως

330 2339 482 2409 παρά
519 2355 578 2390 τε
607 2339 705 2408 τῆς
740 2338 1032 2409 γερουσίας
1067 2339 1160 2390 καὶ
1184 2337 1278 2390 τοῦ
1307 2339 1482 2408 δήμου
1507 2338 1906 2403 ἐσεϐαιώσατο,

328 2430 426 2482 καὶ³
462 2430 563 2498 τὴν
622 2429 883 2500 φροντίδα
943 2431 1123 2482 πᾶσαν
1179 2428 1289 2480 τῶν
1341 2427 1536 2480 κοινῶν
1587 2429 1904 2496 ὑπεδέξατο.

329 2521 453 2575 Τῶν
486 2521 532 2574 δ’
557 2521 728 2575 ἐθνῶν
771 2523 840 2574 τὰ
879 2521 980 2592 μὲν
1017 2521 1386 2591 ἀσθενέστερα
1426 2521 1502 2585 ὡς
1540 2524 1797 2594 εἰρηναῖά
1843 2539 1903 2576 τε

326 2615 424 2668 καὶ
470 2615 724 2682 ἀπόλεμα
780 2613 1116 2683 προσένειμε
1148 2614 1216 2682 τῇ
1259 2611 1462 2683 βουλῇ·
1496 2611 1565 2665 τὰ
1604 2612 1650 2666 δ’
1693 2614 1911 2684 ίσχυρό-

325 2721 465 2776 τερα
521 2703 596 2768 ὡς
627 2704 945 2758 ἐπικίνδυνα
1001 2703 1144 2774 τάχα
1203 2703 1296 2755 καὶ
1354 2702 1602 2771 σφαλερὰ
1634 2703 1907 2772 κατέσχεν

330 2796 522 2859 αὐτὸς,
561 2796 782 2866 δοκήσει
835 2796 934 2866 μὲν
970 2795 1120 2857 ὅπως
1161 2796 1194 2866 η
1240 2795 1507 2865 γερουσία
1539 2795 1607 2848 τὰ
1641 2795 1907 2848 κάλλιστα

329 2885 433 2954 τῆς
461 2884 640 2956 ἀρχῆς
670 2884 954 2954 καρπῷτο,
1005 2881 1152 2953 αύτῷ
1197 2882 1242 2934 δ’
1286 2883 1337 2936 ot
1392 2885 1540 2936 πόνοι
1580 2883 1908 2948 ἐπίκεινται,

326 2979 396 3049 τῇ
450 2977 497 3030 δ’
557 2975 810 3048 ἀληθείᾳ,
861 2977 948 3030 ἵνα
1002 2977 1208 3030 ἐκεῖνοι
1263 2976 1363 3048 μὲν
1420 2977 1517 3031 καὶ
1571 2975 1765 3030 ἄοπλοι
1815 2976 1909 3030 καὶ⁹

327 3071 534 3141 ἄμαχοι
563 3063 717 3133 ὦσιν,
736 3071 899 3134 αὐτὸς
926 3070 982 3122 δὲ
1011 3071 1103 3123 καὶ
1131 3070 1272 3123 ὅπλα
1293 3069 1397 3140 ἔχῃ
1428 3071 1524 3123 καὶ
1561 3070 1906 3141 στρατιώτας

326 3163 527 3234 τρέφῃ.
557 3163 675 3216 Ἵνα
697 3162 754 3216 δὲ
789 3163 865 3234 μή
902 3179 956 3215 τι
990 3163 1323 3233 μοναρχικὸν
1367 3160 1551 3232 δοκοίη
1581 3164 1820 3233 φρονεῖν,
1851 3165 1908 3227 ἐς

329 3257 466 3310 δέκα
495 3256 590 3326 ἐτη
632 3255 732 3326 τὴν
765 3255 940 3327 ἀρχὴν
965 3255 1073 3309 τῶν
1100 3254 1563 3326 ἀπονεμηθέντων
1591 3253 1741 3324 α)τῷ
1770 3271 1907 3307 κατ-

329 3349 572 3413 εδέξατο.
622 3347 878 3418 Τοσούτῳ
929 3349 1040 3419 γὰρ
1110 3348 1288 3418 χρόνῳ
1350 3347 1494 3402 αὐτὰ
1544 3348 1910 3416 καταστήσειν

329 3443 624 3512 ὑπέσχετο,
663 3439 807 3512 λόγῳ
854 3439 1026 3494 ταῦτα
1084 3437 1582 3508 ἐπαγγελλόμενος.
1633 3439 1746 3506 Τῆς
1799 3437 1908 3508 γὰρ

325 3534 616 3596 δεκαετίας
641 3531 1003 3604 περανθείσης
1033 3531 1198 3603 ἕτερα
1225 3531 1390 3584 πέντε
1431 3529 1528 3601 ἐτη
1561 3567 1578 3595 ,
1608 3524 1710 3583 εἴτ’
1749 3527 1908 3592 αὖθις

329 3627 516 3691 πέντε,
547 3627 644 3679 καὶ
683 3625 823 3694 μετὰ
849 3623 1012 3678 τοῦτο
1054 3623 1191 3676 δέκα
1237 3623 1334 3676 καὶ
1374 3622 1542 3693 ἐτερα
1577 3622 1742 3676 πάλιν
1777 3638 1906 3675 πεν·

328 3719 491 3782 τάκις
543 3715 655 3789 (86)
701 3715 850 3784 αὐτῷ
881 3715 1181 3786 ἐψηφίσθη,
1215 3713 1355 3767 ὥστε
1400 3715 1466 3783 τῇ
1510 3712 1619 3766 τῶν
1648 3713 1912 3783 δεκαετη-

332 3809 500 3882 ρίδων
540 3808 757 3880 διαδοχῇ
809 3807 898 3862 διὰ
954 3807 1072 3879 βίου
1133 3805 1478 3878 μοναρχῆσαι
1532 3803 1718 3858 αὐτόν.
1765 3806 1912 3858 Κάν-

328 3900 527 3955 τεῦθεν
571 3900 666 3954 καὶ
699 3900 752 3954 οι
802 3898 921 3971 μετ’
952 3899 1118 3953 αὐτὸν
1138 3897 1568 3968 αὐτοκράτορες,
1602 3897 1784 3949 καίτοι
1819 3896 1908 3950 διὰ

331 3993 452 4064 βίον
486 3991 968 4062 ἀποδεικνύμενοι,
1018 3990 1172 4061 ὅμως
1221 3989 1311 4043 διὰ
1349 3987 1459 4042 τῶν
1491 3987 1625 4040 δέκα
1659 3986 1798 4039 ἐτῶν
1821 3987 1909 4040 ἀεὶ

330 4084 628 4157 ἑώρταζον,
658 4085 736 4146 ώς
767 4079 923 4144 αὖθις
956 4082 1080 4135 τότε
1109 4080 1208 4152 τὴν
1235 4079 1542 4151 ἡγεμονίαν
1570 4075 1906 4147 ἀνανεούμε-

330 4192 435 4230 νοι.
469 4176 649 4230 Πολλὰ
681 4175 737 4228 δὲ
763 4175 859 4228 καὶ
881 4175 1005 4228 τότε
1028 4174 1109 4236 είς
1154 4171 1321 4242 τιμὴν
1349 4167 1628 4240 ἐψηφίσθη
1669 4167 1748 4239 τῷ
1775 4168 1913 4221 Καί-

331 4286 484 4340 σαρι,
518 4271 612 4322 καὶ
660 4268 973 4336 Αὔγουστος
1016 4265 1320 4336 ἐπεκλήθη.
1383 4263 1598 4332 Ἐφίετο
1647 4263 1746 4332 μὲν
1800 4263 1909 4332 γὰρ

341 4360 625 4429 Ῥωμύλος
652 4359 1040 4430 ὀνομασθῆναι,
1065 4357 1386 4427 αἰσθόμενος
1410 4355 1466 4408 δὲ
1505 4351 1909 4408 ὑποπτεύεσθαι

2015 1869 2196 1925 tinuit.
2236 1872 2290 1927 Id
2320 1889 2387 1928 eo
2421 1875 2756 1946 pertinebat,
2793 1878 2950 1951 533
2984 1890 3044 1937 ut
3071 1896 3297 1941 senatus
3330 1890 3577 1958 pulcher,

2014 1963 2170 2018 rimis
2199 1964 2414 2034 imperii
2447 1969 2700 2037 partibus
2728 1971 2856 2034 frui.
2902 1975 3016 2044 ipse
3049 1977 3266 2033 labores
3312 1981 3586 2038 sustinere

2011 2054 2296 2110 videretur
2329 2076 2342 2111 :
2377 2073 2504 2111 cum
2552 2058 2605 2113 id
2659 2062 2779 2131 ejus
2821 2066 3114 2120 consilium
3170 2078 3336 2136 esset,
3400 2081 3458 2126 ut
3507 2073 3582 2126 illi

2011 2146 2255 2203 inermes
2289 2159 2345 2204 et
2384 2149 2634 2207 imbelles
2665 2165 2850 2209 essent
2874 2197 2887 2219 ,
2925 2157 3040 2226 ipse
3071 2175 3221 2214 arma
3248 2171 3496 2230 teneret,
3530 2176 3586 2219 et

2011 2238 2218 2293 milites
2245 2239 2434 2296 aleret.
2468 2242 2545 2295 Ac
2575 2259 2646 2296 ne
2673 2245 2804 2313 quid
2837 2248 3045 2316 regium
3087 2265 3195 2318 pra:
3222 2268 3278 2306 se
3301 2252 3494 2319 ferret,
3531 2255 3582 2308 in

2009 2331 2327 2400 provincias
2354 2333 2458 2388 sibi
2489 2337 2785 2392 attributas
2820 2338 3113 2408 imperium
3150 2343 3215 2396 ad
3249 2343 3579 2399 decennium

2009 2425 2245 2494 accepit,
2279 2437 2487 2496 quanto
2533 2436 2780 2499 tempore
2816 2447 2873 2484 se
2904 2433 3026 2488 illas
3062 2444 3386 2501 pacaturum
3424 2440 3583 2508 polli-

2008 2515 2262 2582 cebatur,
2295 2516 2400 2572 Sed
2434 2533 2498 2573 ea
2531 2521 2790 2576 nimirum
2822 2522 2988 2576 verba
3016 2535 3192 2579 erant.
3231 2525 3408 2581 Finito
3435 2526 3582 2582 enim

2009 2607 2305 2671 decennio,
2361 2611 2850 2681 quinquennium:
2889 2613 3086 2670 deinde
3139 2615 3372 2670 alterum
3421 2619 3584 2687 quin-

2008 2701 2335 2768 quennium,
2379 2713 2506 2772 post
2553 2704 2881 2758 decennium
2924 2722 2938 2761 :
2977 2721 3101 2761 mox
3137 2708 3244 2762 alia
3286 2709 3587 2780 quinquies

2009 2793 2058 2848 ei
2094 2794 2315 2850 decreta
2363 2805 2514 2860 sunt,
2556 2805 2618 2850 ut
2665 2797 3060 2852 deeenniorum
3094 2803 3446 2856 successione
3487 2817 3589 2872 per

2011 2901 2230 2941 omnem
2268 2898 2482 2944 etatem
2516 2891 2666 2944 solus
2711 2905 2898 2944 rerum
2948 2891 3240 2961 potiretur.
3307 2892 3467 2948 Unde
3507 2893 3590 2948 fa-

2013 2986 2162 3032 ctum
2177 2987 2282 3041 est,
2303 2987 2362 3033 ut
2394 2979 2756 3050 imperatores
2777 2982 2869 3051 qui
2899 2981 3052 3036 illum
3079 2983 3254 3037 secuti
3283 2991 3433 3049 sunt,
3459 3000 3585 3038 cum

2015 3070 2072 3124 in
2124 3085 2342 3125 omnem
2397 3079 2612 3127 aetatem
2669 3083 3014 3140 crearentur,
3076 3083 3259 3130 tamen
3309 3060 3585 3131 de'cimum

2012 3174 2288 3230 quemque
2316 3176 2523 3216 annum
2571 3161 2769 3217 festum
2805 3175 3050 3235 agerent,
3104 3167 3397 3235 imperium
3432 3165 3590 3238 quasi

2011 3262 2363 3308 renovantes.
2423 3253 2564 3307 Tum
2617 3265 2818 3323 praeter
2869 3258 3076 3312 multos
3126 3257 3268 3313 alios
3324 3257 3590 3322 honores,

2009 3343 2175 3397 etiam
2213 3340 2492 3414 Augustus
2518 3353 2603 3400 est
2633 3346 3077 3415 cOgnominstus.
3123 3346 3260 3402 Nam
3307 3361 3434 3403 cum
3483 3348 3592 3404 Ro-

2011 3437 2195 3491 mulus
2237 3436 2344 3491 diei
2396 3447 2648 3506 cuperet,
2676 3446 2733 3492 et
2783 3447 2966 3493 tamen
3013 3439 3388 3510 suspicionem
3435 3440 3586 3511 regni

2009 3529 2292 3597 concupiti
2323 3529 2522 3584 vitaret
2546 3529 2800 3599 (Romani
2828 3531 2975 3585 enim
3000 3545 3126 3586 cum
3153 3531 3331 3601 ipsum
3355 3547 3588 3602 regnum

2010 3627 2352 3688 paterentur,
2386 3634 2586 3673 nomen
2621 3619 2772 3689 regni
2806 3620 3230 3690 aversabantur)
3264 3635 3327 3676 ea
3359 3621 3586 3692 quidem

2010 3709 2378 3778 appellatione
2407 3710 2706 3778 abstinuit;
2736 3713 3042 3782 Augustum
3074 3720 3259 3766 autem
3303 3726 3361 3766 se
3399 3714 3589 3784 appel«

2010 3799 2112 3854 lari
2165 3801 2364 3867 voluit,
2402 3809 2463 3855 ut
2502 3801 2740 3856 humana
2791 3802 3113 3857 conditione
3159 3803 3443 3873 majorem.
3493 3802 3588 3859 Sic

2010 3892 2159 3946 enim
2210 3891 2557 3945 sanctissima
2596 3905 2826 3960 quaeque
2855 3900 2911 3946 et
2937 3905 3168 3946 summa:
3217 3893 3587 3950 venerationis

2010 3985 2294 4040 dicuntur.
2334 3985 2734 4054 lmperatorum
2785 3985 3128 4040 domicilium
3177 3986 3438 4056 palatium
3494 4002 3588 4042 vo-

2013 4085 2192 4142 catur,
2223 4077 2370 4146 quod
2399 4077 2454 4130 in
2489 4085 2674 4131 monte
2713 4076 2965 4131 Palatino
2999 4077 3200 4140 Caesar,
3233 4086 3294 4132 ut
3335 4086 3392 4134 et
3453 4077 3585 4133 Fau-

2010 4169 2187 4224 stulus
2228 4167 2450 4223 Romuli
2482 4167 2767 4232 nutritius,
2805 4167 3112 4230 habitabat,
3159 4167 3347 4237 ibique
3389 4177 3589 4239 praeto-

2011 4261 2154 4316 rium
2210 4260 2471 4314 habebat.
2527 4258 2895 4325 Quamobrem
2940 4259 3043 4313 etsi
3097 4259 3399 4329 imperator
3454 4259 3590 4314 alibi

2011 4351 2323 4413 diverterit.
2357 4359 2541 4405 tamen
2564 4351 2683 4421 ejus
2707 4350 3008 4419 hospitium
3037 4350 3091 4405 id
3117 4367 3316 4406 nomen
3349 4351 3588 4410 obtinet.

329 4457 397 4508 ἐκ
451 4454 642 4506 τούτου
695 4454 793 4523 τῆς
845 4451 1124 4522 βασιλείας
1173 4449 1487 4518 ἐπιθυμεῖν,
1521 4447 1591 4518 (οἱ
1621 4448 1730 4516 γὰρ
1773 4446 1908 4498 Ῥω-

2013 4444 2204 4500 Omnis
2230 4451 2412 4498 autem
2451 4450 2717 4512 potestas,
2742 4458 2864 4512 quae
2894 4443 3209 4508 consulum,
3234 4445 3585 4499 tribunorum

334 4551 490 4619 μαῖοι
519 4548 806 4618 πράγματι
850 4547 950 4615 μὲν
977 4546 1046 4598 τὰ
1071 4543 1184 4596 τῶν
1227 4539 1674 4611 βασιλευομένων
1705 4537 1909 4608 ὑπέμε-

2011 4533 2213 4604 plebis,
2280 4547 2598 4597 censorum,
2653 4543 2980 4588 caeterorum
3044 4534 3284 4604 denique
3339 4539 3589 4590 omnium

328 4656 444 4705 vov,
472 4638 552 4708 τῷ
573 4637 617 4690 δ’
657 4638 882 4706 ὀνόματι
915 4632 1166 4704 ἡχθοντο)
1193 4630 1466 4700 ἀπέσχετο
1492 4628 1586 4682 τοῦ
1636 4628 1909 4697 Ῥωμύλος

2011 4626 2141 4681 οΙίιιι
2194 4625 2395 4691 fuerat,
2452 4624 2507 4678 in
2562 4625 2927 4694 imperatores
2956 4637 3042 4681 est
3084 4627 3367 4683 translata.
3405 4628 3587 4698 Atque

331 4730 717 4800 ἐπικληθῆναι,
765 4729 858 4780 καὶ
907 4726 1218 4794 Αῦγουστος
1273 4721 1563 4776 καλεῖσθαι
1613 4720 1906 4791 ἠθέλησεν,

2012 4718 2150 4772 illud
2193 4719 2360 4772 etiam
2409 4717 2490 4772 eis
2525 4716 2734 4782 datum,
2778 4725 2840 4772 ut
2889 4717 3103 4788 legibus
3153 4719 3323 4776 soluti
3375 4728 3588 4784 essent,

331 4825 410 4888 ὼς
467 4823 560 4875 καὶ
616 4820 804 4874 πλεῖόν
849 4837 906 4872 τι
957 4819 990 4890 ἢ
1047 4817 1190 4871 κατὰ
1242 4813 1571 4884 ἀνθρώπους
1623 4811 1908 4882 ὑπάρχων.

2009 4825 2115 4866 nec
2147 4810 2259 4864 ullo
2291 4809 2612 4880 praescripto
2651 4817 2995 4864 tenerentur.

342 4918 531 4972 Πάντα
573 4917 682 4987 γὰρ
729 4919 798 4970 τὰ
857 4914 1127 4985 ίερώτατα
1167 4909 1262 4964 καὶ
1311 4907 1589 4977 σεϐάσμια
1629 4905 1918 4974 Αὖγουστα
1951 4903 2456 4976 προσαγορεύεται·
2521 4901 2582 4966 ἐξ
2621 4896 2792 4972 οὗπερ
2824 4901 2917 4954 καὶ
2959 4900 3232 4954 Σέϐαστον
3291 4901 3590 4972 προσεῖπον

336 5014 508 5068 αὐτὸν
560 5011 666 5065 ἀπὸ
713 5009 808 5063 τοῦ
879 5004 1230 5069 σεδάζεσθαι,
1284 4998 1726 5069 ἐξελληνίζοντές
1785 5015 1900 5062 πως
1939 4998 2128 5067 ὥσπερ
2178 4997 2306 5048 τινὰ
2359 4993 2580 5049 σεπτόν.
2621 4994 2687 5046 Ἦ
2715 4994 2772 5047 δὲ
2819 4993 2929 5047 τῶν
2969 4989 3390 5062 αὐτοκρατόρων
3448 5007 3586 5043 κατ-

328 5106 484 5162 οικία
536 5075 798 5159 παλατιον
847 5099 1164 5171 ὠνομάσθη,
1197 5099 1278 5150 ὅτι
1310 5094 1368 5147 ἐν
1433 5109 1493 5144 τε
1541 5091 1619 5161 τῷ
1652 5090 1898 5160 παλατίῳ
1939 5091 2220 5162 λεγομένῳ
2288 5087 2430 5160 ὄρει,
2499 5090 2556 5140 ἐν
2664 5086 3003 5147 Φαυστοῦλος
3045 5083 3200 5154 ᾤκει,
3235 5083 3330 5136 καὶ
3372 5083 3489 5136 ἐκεῖ
3520 5085 3587 5138 τὸ

336 5199 668 5269 στρατήγιον
717 5191 854 5266 εἶχε,
890 5172 990 5246 καὶ
1044 5191 1131 5244 διὰ
1183 5185 1366 5249 τοῦτο,
1395 5185 1500 5238 κᾶν
1549 5182 1734 5237 ἄλλοθί
1775 5200 1879 5236 που
1931 5186 1962 5236 ὁ
2001 5181 2360 5252 αὐτοκράτωρ
2407 5178 2678 5252 καταλύῃ,
2715 5178 2816 5250 τὴν
2881 5173 3296 5269 τοῦῃπαλατίου-
3331 5172 3524 5269 κλῆσιν
3551 5176 3588 5247 η

334 5265 640 5363 καταγώγὴ
673 5265 840 5347 αὑτοῦ
897 5288 1035 5358 ἔχει.
1062 5285 1220 5338 Πᾶσα
1249 5281 1305 5335 δὲ
1340 5275 1559 5346 ἐξουσία
1600 5276 1636 5346 ἦ
1686 5292 1747 5329 τε
1789 5279 1902 5340 τοῖς
1941 5278 2168 5338 ὑπάτοις
2234 5274 2296 5326 τὸ
2362 5272 2597 5327 παλαιδν
2639 5271 2892 5340 διδομένη
2928 5266 3022 5320 καὶ
3120 5265 3585 5363 τοῖς-δημαρχοις

335 5392 432 5445 καὶ
561 5357 676 5447 τοῖς
712 5384 972 5454 τιμηταῖς
1025 5380 1120 5432 καὶ
1161 5379 1276 5439 τοῖς
1318 5373 1500 5434 ἄλλοις
1556 5369 1728 5423 ἅπασι
1771 5372 1885 5435 τοῖς
1952 5368 2351 5440 αὐτοκράτορσι
2401 5365 2632 5424 δέδοται.
2701 5363 2814 5417 Καὶ
2898 5358 3122 5432 προσέτι
3178 5358 3276 5412 καὶ
3329 5357 3587 5418 λελύσθαι

1528 5535 1732 5600 νοτία)
1753 5533 2064 5597 lectiones
2103 5537 2166 5594 et
2202 5539 2393 5594 notae.

413 5677 521 5751 (86)
566 5675 670 5751 Καὶ
697 5674 868 5751 ἕτερα
891 5670 1078 5751 πάλιν
1103 5664 1408 5730 πεντάκις.
1438 5661 1516 5716 Ila
1544 5660 1656 5716 duo
1689 5658 1825 5725 Reg.
1889 5671 1909 5712 ε

2009 5654 2225 5711 Zolbert.
2296 5651 2524 5708 Wolﬁus
2574 5648 2733 5702 πέντε
2774 5643 3046 5699 ediderat.
3098 5643 3250 5699 Alter
3307 5643 3441 5710 Reg.
3493 5637 3588 5690 καὶ

334 5744 692 5804 habitam
726 5749 820 5798 καὶ
847 5744 1126 5802 πεντάκις.
