4018 6250
452 280 560 346 903

1721 271 2048 335 JOANNIS
2088 271 2410 334 ΖΟΝΑΒᾹΞ

3595 278 3696 344 908

446 397 556 452 τῶν
591 395 770 464 νόμων
798 392 958 460 ἐδόθη
987 390 1198 457 αὐτοῖς,
1236 386 1518 443 τουτέστιν
1552 385 1878 456 ἐλευθέρους
1939 382 2048 436 ἀπὸ
2087 382 2267 454 πάσης
2328 381 2437 438 τῶν
2465 381 2648 454 νὸμων
2680 378 2930 456 ἀνάγκης
2952 378 3117 450 εἶναι,
3143 383 3240 440 καὶ
3275 384 3466 459 μηδενὶ
3495 387 3697 445 τούτων

449 490 754 560 ἐνέχεσθαι.

515 574 759 638 XXXIII.
801 579 922 646 Qun
952 577 1044 634 die
1077 575 1260 632 Caesar
1291 575 1573 645 Augustus
1602 571 2013 644 cognominatus

2204 564 2329 619 AI".
2374 563 2505 616 Ὀτε
2555 562 2613 617 δὲ
2669 561 2984 632 Αὔγουστος
3041 563 3326 638 ἐπεκλήθη
3384 569 3412 622 ὁ
3469 570 3703 642 Καῖσαρ,

445 688 552 741 est,
615 684 780 730 noctu
835 687 1094 742 magnum
1158 668 1474 740 prodigium
1513 667 1747 722 exstitit.
1805 666 2026 720 Tiberis

447 770 594 824 enim
623 767 804 821 omnia
835 765 1092 818 Romanae
1124 761 1276 816 urbis
1308 761 1469 830 plana
1503 759 1620 814 loca
1657 759 1736 814 sic
1777 758 2024 812 inunda-

445 859 546 924 vit,
585 865 644 912 ut
672 856 1083 926 navigarentur.
1118 853 1239 922 Quo
1275 862 1428 908 vates
1479 851 1733 921 portendi
1787 850 2024 905 allirma-

445 957 575 1004 runt
631 950 747 1003 fore
811 958 872 1001 ut
925 947 1120 1002 urbem
1179 944 1564 1014 ampliﬁcaret,
1629 952 1686 996 et
1747 949 1915 996 totam
1967 940 2023 996 in

445 1049 715 1110 potestate
746 1054 843 1093 sua
889 1037 1139 1091 haberet.
1172 1034 1224 1090 Is
1252 1049 1380 1088 vero
1414 1048 1538 1087 cum
1584 1032 1690 1086 alia
1731 1030 1800 1084 ad
1851 1031 2023 1098 impe-

445 1133 592 1186 rium
653 1130 1004 1201 pertinentia,
1069 1135 1131 1182 ut
1188 1126 1283 1196 qui
1340 1123 1652 1179 volentibus
1701 1125 2019 1193 imperaret,

443 1225 681 1279 alacrius
737 1221 1145 1283 administravit
1199 1235 1214 1272 :
1272 1227 1386 1273 tum
1455 1217 1610 1286 leges
1664 1215 1866 1279 sanxit,
1920 1227 2022 1267 nec

444 1324 628 1368 tamen
662 1321 853 1381 suapte
881 1309 1207 1366 auctoritate
1237 1324 1464 1372 omnes,
1518 1307 1614 1362 sed
1651 1306 1916 1375 quasdam
1951 1303 2019 1358 ad

447 1407 711 1476 populum
741 1404 891 1467 tulit,
928 1414 988 1456 ut
1019 1418 1138 1472 quae
1165 1401 1542 1469 displicerent,
1571 1414 1637 1454 ea
1667 1397 1967 1467 corrigeret
2001 1411 2016 1449 :

447 1497 671 1550 hortans
713 1509 925 1559 omnes,
977 1501 1037 1546 ut
1076 1491 1239 1563 535.
1285 1493 1330 1546 si
1363 1490 1497 1561 quid
1546 1489 1744 1544 melius
1788 1488 2017 1554 scirent,

446 1593 755 1640 monerent.
782 1584 1049 1640 Consules
1075 1584 1204 1638 item
1233 1593 1288 1638 et
1316 1599 1346 1638 c
1372 1584 1587 1639 caneris
1611 1585 2022 1654 magistratibus

445 1679 724 1749 singulos,
758 1688 814 1733 et
845 1694 874 1732 e
907 1685 1220 1732 senatorum
1257 1692 1488 1732 numero
1521 1693 1589 1729 xv
1639 1677 1707 1730 ad
1753 1686 2018 1733 semestre

446 1769 500 1822 iu
527 1768 818 1822 consilium
847 1767 1118 1831 adhibuit,
1150 1776 1210 1820 ut
1241 1781 1339 1835 per
1368 1780 1463 1820 eos
1488 1765 1743 1820 omnibus
1768 1780 1832 1820 ea
1864 1781 2018 1820 com-

447 1861 778 1922 municaret,
843 1875 964 1928 quae
1023 1857 1376 1913 deliberanda
1438 1864 1663 1923 essent,
1737 1857 2013 1912 interdum

444 1951 611 2005 etiam
639 1953 727 2021 jus
757 1967 878 2004 cum
908 1951 989 2005 eis
1016 1950 1168 2004 dixit.
1195 1950 1330 2004 Nam
1358 1959 1581 2004 senatus
1621 1949 1787 2003 etiam
1825 1965 1924 2019 per
1958 1965 2018 2006 se

445 2042 700 2110 sulfragia
763 2042 1022 2098 ferebat:
1065 2043 1256 2112 legatis
1313 2058 1532 2113 quoque
1579 2052 1636 2098 et
1689 2044 2017 2098 caduceato-

447 2133 603 2186 ribus
639 2134 939 2203 respondit.
972 2134 1216 2204 Populus
1245 2134 1494 2203 quamvis
1519 2133 1586 2188 ad
1630 2134 1848 2189 comitia
1879 2151 2016 2189 con-

445 2225 682 2291 veniret,
715 2227 852 2279 nihil
890 2236 1070 2281 tamen
1104 2229 1418 2294 gerebatur,
1449 2225 1593 2294 quod
1643 2226 1721 2279 illi
1755 2226 2014 2296 displice-

446 2324 551 2368 ret.
612 2315 958 2385 Magistratus
1014 2316 1211 2385 partim
1271 2317 1387 2385 ipse
1439 2315 1769 2386 designavit,
1815 2319 2015 2388 partim

449 2407 682 2460 arbitrio
721 2409 909 2477 pepuli
963 2407 1330 2479 designandos
1381 2411 1632 2478 permisit
1682 2410 1784 2464 :in
1824 2411 1876 2464 id
1932 2412 2019 2465 in-

445 2504 653 2560 tentus,
692 2513 760 2550 ne
798 2496 991 2566 inepti,
1017 2513 1154 2551 neve
1187 2513 1284 2567 per
1315 2498 1582 2553 ambitum
1619 2507 1674 2553 et
1702 2501 2018 2572 largitiones

445 2585 615 2654 aliqui
658 2596 1000 2640 crearentur.
1046 2587 1248 2641 Gentes
1293 2588 1554 2657 quasdam
1606 2606 1704 2660 per
1753 2579 2015 2662 semetip-

445 2688 587 2740 sum,
629 2680 825 2745 partim
866 2693 964 2746 per
1008 2678 1144 2732 alios
1193 2678 1439 2734 Romano
1487 2682 1715 2750 imperio
1757 2684 2014 2753 subjecit.

444 2766 512 2818 At
539 2765 751 2836 Aigypti
781 2778 978 2836 praeter
1000 2769 1177 2824 1Elius
1202 2769 1389 2826 Gallus
1412 2772 1762 2841 expeditione
1794 2775 1850 2828 in
1880 2777 2017 2829 Ara-

443 2858 586 2911 biam
626 2858 885 2925 Felicem,
921 2860 1008 2914 cui
1050 2859 1219 2916 Sabas
1251 2863 1575 2933 imperabat,
1606 2877 1878 2938 suscepta,
1912 2869 2016 2924 etsi

443 2952 494 3004 ei
532 2951 825 3005 resistebat
857 2968 1043 3015 nemo,
1077 2969 1184 3008 non
1222 2963 1405 3011 tamen
1443 2957 1581 3013 citra
1602 2975 1906 3014 aerumnam
1933 2971 2018 3016 est

444 3059 788 3112 progressus.
824 3042 956 3097 Nam
991 3054 1047 3099 et
1076 3047 1392 3112 solitudine,
1427 3057 1483 3104 et
1525 3050 1658 3105 solis
1689 3052 1909 3118 ardore,
1960 3062 2016 3109 et

443 3150 584 3204 aqua
644 3136 912 3190 insalubri
969 3137 1174 3193 milites
1237 3142 1479 3210 graviter
1530 3151 1659 3197 sunt
1710 3144 1916 3211 aﬂlicti,
1958 3154 2017 3200 ut

2129 662 2357 732 σημεῖον
2412 659 2473 712 ού
2534 659 2736 728 μικρὸν
2788 660 2908 714 τότε
2966 661 3110 714 κατά
3139 661 3239 733 τὴν
3285 662 3459 719 νύκτα
3490 667 3703 737 ἐκείνην

2123 754 2366 822 ἐγένετο.
2427 753 2488 805 Ὀ
2543 751 2650 822 γὰρ
2705 752 2952 824 Τίϐερις,
2997 753 3324 824 πελαγίσας,
3378 760 3558 813 πᾶσαν
3609 763 3705 832 τὴν

2124 845 2349 899 πεδιάδα
2378 843 2478 915 τῆς
2510 842 2729 916 Ῥώμης
2759 846 3061 900 κατέλαϐεν
3090 847 3234 902 ὥστε
3271 850 3526 906 πλεῖσθαι
3549 869 3565 884 '
3609 857 3704 910 καὶ

2121 936 2169 988 oi
2203 935 2426 1005 μάντεις
2464 935 2547 987 ὃτι
2580 951 2640 986 τε
2680 935 2786 987 ἐπὶ.
2807 935 2951 1004 μέγα
2979 933 3230 1006 αὐξήσει,
3270 941 3365 990 καὶ
3390 937 3480 991 ὅτι
3521 940 3701 994 πᾶσαν

2120 1026 2220 1097 τὴν
2277 1026 2436 1079 πόλιν
2496 1025 2820 1095 ὑποχειρίαν
2873 1026 3009 1093 ἕξει,
3049 1028 3113 1080 ἐκ
3173 1029 3368 1082 τούτου
3411 1035 3703 1100 προεῖπον.

2133 1118 2193 1171 '0
2223 1118 2278 1171 δὲ
2317 1119 2386 1172 τά
2423 1135 2480 1172 τε
2512 1118 2649 1172 ἄλλα
2677 1118 2745 1172 τὰ
2788 1121 2854 1189 τῇ
2907 1120 3050 1190 ἀρχῇ
3103 1121 3456 1191 προσήκοντα
3501 1125 3705 1196 προθυ-

2125 1209 2356 1281 μότερον
2402 1210 2698 1280 ἔπραττεν,
2748 1210 2823 1273 ὡς
2873 1210 3166 1265 ἐθελόντων
3199 1213 3406 1284 ἄρχων,
3442 1216 3538 1270 καὶ
3591 1219 3706 1271 ἐνο-

2125 1303 2468 1370 μοθέτει·οὑ
2522 1303 2705 1373 μέντοι
2772 1303 2950 1356 πάντα
2989 1303 3442 1374 ἐθελογνωμονῶν
3507 1307 3700 1377 ἐνομο-

2123 1390 2292 1456 θέτει,
2322 1391 2437 1445 ἀλλ’
2471 1391 2620 1446 ἐστιν
2662 1391 2698 1445 ἃ
2747 1391 2844 1445 καὶ
2893 1393 2951 1454 ἐς
2983 1391 3043 1444 τὸ
3088 1393 3352 1463 δημόσιον
3400 1397 3703 1472 προετίθει,

2120 1484 2267 1547 ὅπως
2303 1484 2368 1536 ἄν
2388 1501 2441 1536 τι
2474 1483 2548 1554 μὴ
2585 1483 2780 1554 ἀρέσῃ,
2801 1484 3182 1556 ἐπανορθώσῃ,
3215 1489 3309 1538 καὶ
3334 1488 3706 1559 προετρέπετο

2125 1575 2310 1629 πάντα
2361 1573 2756 1645 συμϐουλεύειν
2804 1573 2952 1645 αὑτῷ
2988 1575 3042 1628 εί
3069 1574 3151 1639 τίς
3183 1594 3238 1630 τι
3268 1575 3492 1648 ἄμεινον
3541 1581 3699 1650 γνοίη

2120 1667 2310 1722 αὑτοῦ.
2367 1669 2476 1720 Καὶ
2517 1667 2645 1731 τοὺς
2700 1667 2942 1732 ὑπάτους
2991 1671 3086 1722 καὶ
3127 1670 3195 1722 ἐκ
3234 1669 3344 1724 τῶν
3383 1671 3562 1724 ἄλλων
3603 1674 3703 1741 ἀρ-

2119 1761 2325 1831 χόντων
2354 1759 2451 1814 ἕνα
2477 1761 2610 1830 παρ’
2641 1761 2918 1826 ἑκάστων,
2959 1763 3055 1815 καὶ
3091 1763 3157 1816 ἐκ
3200 1762 3294 1816 τοῦ
3336 1763 3445 1817 τῶν
3473 1764 3702 1835 βουλευ-

2119 1852 2230 1905 τῶν
2264 1851 2508 1920 πλήθους
2540 1851 2940 1905 πεντεκαίδεκα
2973 1853 3312 1923 συμϐούλους
3342 1857 3396 1918 ἐς
3428 1856 3700 1928 ἑξάμηνον

2121 1943 2570 2014 παρελάμϐανεν,
2591 1941 2733 1996 ὥστε
2763 1944 2830 1997 δι’
2863 1944 3045 1997 αὐτῶν
3076 1946 3170 2000 καὶ
3207 1947 3341 1999 πᾶσι
3379 1948 3700 2004 κοινοῦσθαι

2119 2037 2186 2090 τὰ
2225 2035 2611 2105 βουλευόμενα.
2648 2035 2804 2088 Ἔστι
2849 2033 2896 2088 δ’
2942 2037 3028 2089 ὅτε
3063 2037 3154 2089 καὶ
3185 2036 3402 2101 ἐδίκαζε
3437 2038 3556 2108 μετ’
3599 2041 3698 2093 αύ-

2119 2126 2247 2180 τῶν.
2287 2126 2511 2196 Ἕκρινε
2570 2125 2672 2195 μὲν
2726 2125 2834 2196 γὰρ
2882 2125 2977 2178 καὶ
3037 2125 3162 2180 καθ’
3207 2127 3471 2199 ἐαυτὴνή
3509 2130 3694 2202 βουλή.

2129 2218 2240 2269 Καὶ
2265 2215 2588 2286 πρεσϐείαις
2620 2216 2716 2268 καὶ
2747 2215 3070 2288 κηρυκείαις
3106 2218 3497 2288 ἐχρημάτιζεν.
3532 2221 3601 2275 Ὅ
3636 2239 3695 2274 τε

2117 2309 2286 2378 δῆμος
2339 2309 2421 2370 εἰς
2459 2307 2557 2370 τὰς
2606 2307 2965 2378 ἀρχαιρεσίας
3015 2309 3359 2378 συνελέγετο,
3396 2313 3456 2364 οὑ
3510 2313 3694 2381 μέντοι

2118 2401 2422 2471 ἐπράττετό
2455 2417 2506 2452 τι
2542 2401 2569 2452 ὃ
2608 2401 2683 2469 μὴ
2731 2401 2929 2470 ἐκείνῳ
2990 2399 3217 2470 ἤρεσκε.
3275 2401 3382 2454 Καὶ
3427 2405 3555 2466 τοὺς
3594 2404 3695 2475 ἆρ-

2120 2494 2312 2558 ξοντας
2346 2493 2472 2556 τοὺς
2525 2491 2623 2560 μὲν
2653 2492 2818 2555 αὐτὸς
2851 2491 3247 2563 προεϐάλλετο,
3283 2495 3409 2557 τοὺς
3437 2494 3494 2548 δέ
3536 2496 3594 2556 ἐς
3628 2495 3691 2549 τὸ

2118 2587 2296 2642 κοινὸν
2342 2586 2602 2649 ἐποιεῖτο,
2643 2585 3075 2656 ἐπιμελούμενος
3119 2587 3262 2640 ὥστε
3321 2585 3448 2656 μήτ’
3497 2589 3689 2642 ἀνεπι-

2116 2680 2317 2750 τήδειοι
2355 2677 2479 2750 μήτ’
2506 2679 2568 2732 ἐκ
2611 2677 3134 2751 παρακελεύσεωςῆ
3172 2682 3265 2732 καὶ
3311 2681 3375 2732 ἐκ
3413 2680 3692 2752 δεκασμοῦ

2118 2769 2560 2822 ἀποδείκνυνται.
2607 2771 2717 2822 Καὶ
2746 2768 2872 2841 ἔθνη
2903 2769 2974 2823 τὰ
3007 2772 3106 2840 μὲν
3158 2769 3226 2824 δι’
3251 2771 3472 2837 ἐαυτοῦ,
3522 2772 3592 2825 τὰ
3636 2773 3692 2826 δέ

2117 2858 2183 2912 δι’
2212 2860 2416 2930 ἐτέρων
2459 2863 2526 2930 τῇ
2566 2860 2857 2930 Ῥωμαίων
2891 2861 3165 2932 ἡγεμονίᾳ
3206 2862 3500 2928 ὑπέταξεν.
3545 2863 3604 2917 Ὁ
3632 2863 3691 2923 δέ

2116 2949 2219 3021 τῆς
2259 2948 2536 3018 Αἰγύπτου
2584 2949 2770 3021 ἄρχων
2805 2951 2987 3014 Αἴλιος
3030 2953 3234 3016 Γάλλος
3278 2954 3372 3005 ἐπὶ
3426 2955 3688 3024 Ἀραϐίαν

2118 3040 2223 3112 τὴν
2269 3041 2596 3110 Εὐδαίμονα,
2641 3039 2710 3116 ἦς
2757 3043 2929 3108 Σάϐος
2971 3045 3311 3113 ἐϐασίλευεν,
3361 3049 3690 3118 ἐστράτευσε

2116 3135 2259 3197 τότε,
2296 3134 2391 3188 καὶ
2419 3136 2594 3196 οὐδεὶς
2627 3136 2728 3206 μὲν
2757 3136 2993 3191 ἐνώπιον
3019 3138 3185 3192 αὑτοῦ
3227 3140 3360 3210 ἔστη
3391 3143 3502 3194 τῶν
3533 3145 3690 3197 πολε-

444 3225 677 3278 maxima
712 3242 838 3295 pars
868 3229 1140 3284 exercitus
1168 3246 1234 3283 ex
1269 3232 1463 3286 morbo
1490 3249 1602 3303 quo
1630 3237 1808 3307 capita
1839 3238 2011 3292 exsic-

2123 3225 2279 3295 μίων,
2309 3225 2371 3277 οὑ
2405 3225 2512 3295 μὴν
2555 3225 2774 3288 ἀπόνως
2807 3227 3120 3298 προύχώρει
3147 3245 3162 3260 ο
3193 3231 3227 3300 ἦ
3260 3248 3317 3283 τε
3344 3233 3453 3302 γὰρ
3480 3234 3690 3304 ἐρημία

443 3316 737 3382 cabantur,
790 3318 1060 3373 interiret.
1115 3322 1165 3376 Is
1217 3325 1422 3380 multos
1463 3327 1646 3382 statim
1689 3329 2011 3398 perimebat.

447 3407 503 3463 Si
536 3409 629 3488 qui
666 3425 794 3464 vere
821 3412 1148 3478 evadebant,
1183 3417 1238 3469 in
1273 3431 1464 3472 eorum
1495 3419 1694 3488 pedes,
1726 3429 1839 3475 toto
1887 3423 2016 3478 reli-

443 3485 553 3569 quo
588 3516 818 3571 corpore
849 3502 1131 3572 incolumi,
1171 3507 1475 3576 desidebat,
1499 3526 1704 3581 eosque
1739 3514 2012 3570 vexabat:

441 3606 547 3645 nec
587 3593 757 3645 ullum
789 3603 908 3648 erat
941 3597 1244 3651 remedium
1279 3599 1449 3666 aliud,
1482 3601 1588 3657 nisi
1637 3612 1696 3657 ut
1720 3604 1842 3660 oleo
1884 3607 2013 3662 vino

442 3689 746 3752 ten'tperato
792 3685 1205 3757 inungerentur.
1252 3690 1310 3746 Id
1355 3707 1486 3748 vero
1537 3698 1831 3763 perpaucis
1876 3714 2012 3770 sup-

442 3774 662 3843 petebat
693 3793 709 3832 :
741 3792 868 3831 nam
901 3792 966 3832 ea
1012 3781 1160 3851 regio
1201 3792 1458 3839 neutrum
1487 3785 1679 3856 gignit,
1726 3804 1902 3858 neque
1934 3791 2012 3846 illi

443 3877 693 3932 magnam
735 3868 947 3936 copiam
989 3881 1381 3939 prmpararant.
1425 3872 1484 3926 In
1534 3889 1598 3929 ea
1646 3876 1738 3933 lue
1791 3879 2010 3936 barbari

443 3968 683 4024 quoque,
719 3958 956 4028 receptis
982 3960 1121 4016 locis
1147 3978 1268 4032 quaa
1299 3963 1621 4034 amiSerant,
1661 3983 1850 4025 eorum
1883 3972 2013 4029 reli-

445 4046 600 4113 quias
629 4048 850 4118 regione
877 4051 1225 4120 expulerunt.
1258 4054 1539 4126 Augustus
1561 4074 1695 4114 vero
1721 4061 2012 4121 undecimo

445 4140 726 4191 consulatu
757 4140 874 4194 sine
914 4142 1021 4195 ulla
1053 4158 1147 4212 spe
1179 4145 1373 4200 Salutis
1394 4158 1700 4216 :egrotans,
1742 4161 1804 4207 ut
1839 4156 2009 4208 mori-

430 4235 599 4281 turus
646 4237 1035 4285 testamentum
1072 4232 1239 4300 fecit,
1281 4251 1382 4291 nec
1426 4237 1645 4308 imperii
1693 4255 2011 4300 successore

440 4317 554 4372 ullo
588 4319 780 4374 relicto
813 4337 827 4374 :
859 4321 1104 4376 libellum
1135 4325 1189 4378 in
1225 4341 1333 4394 quo
1384 4327 1626 4398 legiones
1661 4340 1716 4386 et
1764 4333 2012 4402 publicos

440 4403 650 4459 reditus
677 4407 1094 4477 perscripserat,
1130 4413 1313 4468 Pisoni
1349 4417 1593 4483 tradidit,
1627 4420 1882 4492 Agrippae
1915 4441 2011 4479 an-

440 4493 634 4545 nulum
672 4497 936 4562 porrexit.
984 4499 1090 4554 Sed
1132 4502 1200 4556 ab
1228 4503 1468 4562 Antonio
1514 4509 1664 4564 Musa
1711 4511 2010 4571 lotionibus

2117 3316 2210 3368 καὶ
2238 3314 2265 3366 ὁ
2291 3315 2442 3387 ἥλιος
2472 3315 2542 3368 τά
2583 3333 2642 3368 τε
2667 3315 2858 3382 ὕδατα,
2891 3317 3052 3386 φύσιν
3081 3321 3289 3374 ἄτοπον
3318 3321 3528 3392 ἔχοντα,
3557 3328 3688 3394 σφό-

2113 3405 2217 3477 δρα
2264 3406 2465 3469 αὐτοὺς
2506 3406 2980 3480 ἐταλαιπώρησεν,
3013 3409 3152 3463 ὥστε
3199 3413 3263 3465 τὸ
3307 3415 3497 3470 πλεῖον
3547 3418 3687 3487 φθα-

2118 3497 2276 3568 ρῆναι
2337 3497 2436 3567 τῆς
2480 3500 2774 3568 στρατιᾶςο
2831 3502 2894 3553 τὸ
2946 3501 3003 3554 δὲ
3057 3503 3295 3574 νόσημα,
3354 3510 3419 3578 τῇ
3476 3510 3684 3582 κεφαλῇ

2115 3588 2758 3663 ἐνσκῆπτον,ἐξήραινεν
2792 3593 2988 3666 αὐτὴν,
3018 3597 3116 3650 καὶ
3163 3598 3394 3662 πολλοὺς
3441 3601 3543 3671 μὲν
3586 3604 3682 3656 αὑ-

2112 3682 2240 3736 τίκα
2269 3683 2524 3737 ἀπώλλυε
2544 3700 2558 3714 ’
2593 3687 2702 3739 τῶν
2732 3685 2789 3740 δέ
2832 3692 3272 3761 περιγενομένων
3317 3695 3375 3757 ἐς
3407 3695 3476 3750 τὰ
3520 3697 3683 3768 σκέλη

2113 3772 2329 3844 κατῄει,
2359 3773 2508 3828 ἅπαν
2537 3774 2601 3829 τὸ
2641 3776 2848 3844 μεταξὺ
2903 3779 2998 3832 τοῦ
3035 3780 3291 3851 σώματος
3331 3785 3682 3855 ὑπερϐαἰνον,

2114 3866 2209 3920 καὶ
2239 3867 2423 3932 αὐτοῖς
2477 3867 2805 3941 ἐλυμαίνετο
2831 3886 2844 3901 ⁸
2882 3871 3021 3942 ἵσμά
3060 3890 3122 3928 τε
3163 3875 3317 3931 οὐδὲν
3349 3873 3417 3951 ἦν
3447 3878 3480 3950 ἢ
3522 3881 3578 3933 εί
3605 3900 3683 3948 τις

2113 3958 2290 4014 ἔλαιον
2321 3963 2448 4031 οἴνῳ
2481 3965 2824 4035 μεμιγμένον
2855 3966 3133 4038 ἠλείψατο.
3165 3970 3246 4024 Τὰ
3290 3972 3350 4025 δέ
3397 3974 3540 4028 πάνυ
3574 3977 3684 4030 ὀλί-

2112 4069 2230 4122 γοις
2259 4049 2350 4126 ἦν.
2385 4055 2460 4107 ’Ἡ
2507 4073 2565 4108 τε
2611 4060 2721 4127 γὰρ
2765 4057 2920 4129 χώρα
2953 4061 3239 4134 οὑδετερον
3275 4065 3460 4118 αὐτῶν
3507 4068 3682 4140 φέρει,

2113 4146 2388 4211 κάκείνοις
2417 4149 2515 4202 οὑκ
2537 4150 2749 4220 ἄφθονα
2782 4154 2956 4208 ταῦτα
2990 4162 3538 4228 προπαρεσκεύαστο.
3570 4167 3684 4220 Κάν

2110 4236 2189 4306 τῷ
2222 4238 2366 4308 πόνῳ
2395 4239 2571 4311 τούτῳ
2601 4243 2694 4296 καὶ
2714 4245 2765 4296 οἱ
2792 4244 3060 4317 βάρϐαροι
3106 4250 3290 4318 σφίσιν
3313 4255 3684 4324 ἐπιτιθέμενοι

2110 4327 2179 4380 τά
2206 4343 2268 4379 τε
2307 4329 2484 4398 χωρία
2517 4329 2553 4384 δ.
2583 4334 2711 4402 πρὶν
2738 4335 3021 4408 ἀφῄρηντο
3052 4341 3406 4412 ἐκομίσαντο,
3432 4348 3526 4400 καὶ
3558 4351 3682 4408 τοὺς

2112 4419 2580 4500 περιλειφθέντας
2624 4425 2689 4478 ἐκ
2748 4428 2846 4496 τῆς
2916 4429 3106 4499 χώρας
3173 4434 3466 4504 ἐξήλασαν.
3537 4437 3596 4492 ’0
3639 4440 3680 4491 δ’

2112 4509 2426 4578 Αὔγουστος
2487 4513 2773 4570 ἑνδέκατον
2831 4519 3142 4586 ὑπατεύσας
3206 4526 3484 4596 ἐνόσησεν,
3542 4529 3680 4584 ὥστε

439 4590 497 4634 et
536 4585 849 4652 potionibus
881 4588 1090 4661 frigidis
1119 4602 1203 4649 est
1233 4607 1531 4655 recreatus.
1577 4601 1692 4668 Qua
1731 4604 1799 4659 de
1846 4621 2008 4662 causa

2117 4601 2240 4671 μηδ’
2290 4603 2486 4658 ἐλπίδα
2527 4610 2676 4678 σχεῖν
2726 4611 3026 4683 σωτηρίας,
3079 4585 3173 4668 καὶ
3215 4615 3292 4679 ὡς
3338 4585 3682 4690 τελευτήσων

439 4676 689 4731 medicus
733 4686 790 4733 et
844 4681 912 4735 ab
950 4684 1043 4736 illo
1073 4692 1127 4738 et
1166 4700 1422 4744 a—senatu
1470 4695 1782 4762 pecuniam,
1828 4708 1885 4753 et
1917 4700 2009 4770 jus

438 4771 590 4821 aurei
623 4771 831 4838 annuli,
869 4777 1121 4843 quamvis
1155 4778 1482 4849 libertinus,
1516 4787 1726 4856 accepit
1762 4807 1774 4843 :
1805 4789 2008 4847 immu-

437 4859 608 4914 nitate
633 4869 690 4914 et
719 4862 820 4932 ipsi
849 4873 904 4918 et
931 4866 1160 4922 medicis
1192 4872 1450 4928 omnibus
1473 4885 1528 4930 et
1566 4885 1677 4932 tum
1702 4889 1757 4934 et
1813 4881 1870 4936 in
1908 4899 2008 4953 po-

2111 4693 2340 4760 διέθετο,
2398 4697 2493 4751 καὶ
2560 4699 2809 4772 διάδοχον
2859 4704 2961 4772 μὲν
3014 4706 3210 4761 οὐδένα
3264 4709 3544 4778 ἀπέδειξε,
3605 4713 3678 4784 τῷ

2117 4788 2353 4843 Πείσωνι
2398 4790 2456 4843 δέ
2494 4793 2592 4856 τάς
2623 4810 2682 4846 τε
2724 4795 2986 4867 δυνάμεις
3012 4799 3232 4864 καὶτὰς
3277 4804 3468 4868 κοινὰς
3512 4823 3683 4877 προσ-

2111 4881 2266 4945 όδους
2324 4884 2406 4946 είς
2461 4883 2669 4954 βιϐλίον
2713 4889 2934 4958 γράψας
2973 4891 3168 4957 ἔδωκε,
3204 4894 3282 4961 τῷ
3311 4894 3356 4946 δ’
3400 4897 3684 4968 Ἀγρίππᾳ

436 4960 643 5006 sterum
672 4953 815 5008 data.
849 4956 926 5011 Ita
956 4972 1335 5027 conservatus,
1371 4961 1751 5025 testamentum
1789 4973 1844 5027 in
1877 4989 2011 5030 con-

2116 4978 2199 5028 τὶν
2227 4975 2515 5030 δακτύλιον
2543 4979 2896 5051 ἐνεχείρισεν.
2934 4983 3223 5049 Ἀντώνιος
3250 4985 3308 5038 δέ
3335 5005 3420 5050 τις
3454 4990 3681 5054 Μούσας

436 5043 620 5096 cilium
671 5045 879 5101 illatum
958 5052 1172 5106 recitari
1216 5054 1404 5124 jussit,
1459 5068 1519 5113 ut
1570 5064 1886 5120 ostenderet
1948 5083 2007 5125 se

436 5136 647 5189 nullum
685 5153 1058 5196 successorem
1108 5148 1397 5216 scripsisse
1432 5168 1446 5205 :
1478 5153 1572 5207 sed
1599 5155 1653 5210 id
1702 5171 1734 5211 a
1785 5161 2007 5214 nemine

435 5223 637 5281 lectum
667 5240 769 5284 est.
799 5232 957 5288 Anno
989 5241 1243 5306 sequenti
1276 5257 1399 5295 cum
1433 5255 1587 5312 peste
1639 5259 1696 5303 et
1741 5248 1884 5304 fame
1907 5268 2007 5322 per

440 5328 602 5371 totam
637 5320 843 5377 Italiam
879 5326 1244 5396 laboraretur,
1289 5334 1516 5390 Romani
1560 5339 1848 5408 opinantes
1891 5320 2003 5399 non

437 5407 593 5462 aliam
644 5411 800 5483 535
830 5433 1020 5472 eorum
1070 5424 1336 5479 malorum
1376 5442 1499 5483 esse
1545 5446 1784 5498 causam,
1834 5450 1998 5503 quam

437 5502 583 5566 quod
623 5503 898 5572 Augustus
951 5522 1062 5565 tum
1117 5532 1335 5586 quoque
1385 5523 1575 5575 consul
1627 5540 1736 5578 non
1783 5537 2000 5584 creatus

437 5601 612 5656 esset,
645 5595 966 5680 dictatorem
1005 5620 1129 5658 eum
1165 5608 1347 5664 dicere
1378 5611 1669 5669 voluerunt
1700 5634 1712 5669 :
1745 5626 1797 5672 et
1837 5635 1999 5674 sena—

438 5685 552 5734 tum
581 5681 636 5737 in
665 5688 817 5741 curia
851 5692 1166 5750 conclusum
1199 5697 1303 5755 hoc
1341 5700 1637 5760 decernere
1676 5720 1996 5779 coegerunt,

2112 5068 2257 5122 οὕτω
2297 5071 2486 5133 κακῶς
2517 5071 2682 5124 αὑτὸν
2728 5073 3081 5144 διακείμενον
3118 5077 3548 5149 ψυχρολουσίαις
3593 5085 3685 5135 καὶ

2112 5161 2507 5232 ψυχροποσίαις
2573 5164 2877 5234 ἀνέρρωσε.
2931 5166 3023 5220 Διὸ
3076 5169 3170 5221 καὶ
3233 5171 3497 5241 χρήματα
3553 5172 3684 5243 παρ’

2111 5252 2281 5305 αὑτοῦ
2319 5269 2378 5305 τε
2415 5255 2695 5324 καὶπαρά
2742 5255 2843 5325 τῆς
2896 5256 3093 5329 βουλῆς
3137 5259 3320 5325 ἔλαϐε,
3362 5263 3456 5316 καὶ
3490 5263 3682 5318 δακτυ-

2111 5345 2246 5408 λίοις
2297 5347 2540 5415 χρυσοῖς,
2593 5345 2962 5418 ἀπελεύθερος
3011 5347 3106 5416 ὢν,
3145 5353 3433 5423 ἐπετράπη
3483 5354 3680 5424 κεχρῆ-

2113 5437 2260 5500 σθαι,
2309 5437 2563 5491 ἀτέλειαν
2600 5455 2660 5490 τε
2707 5440 2859 5509 αὑτῷ
2914 5443 3008 5494 καὶ
3037 5445 3149 5506 τοῖς
3201 5444 3516 5514 ὁμοτέχνοις
3571 5447 3678 5506 τοῖς

2109 5529 2228 5584 οὖσι
2256 5531 2353 5583 καὶ
2384 5534 2493 5594 τοῖς
2523 5533 2805 5602 ἐσομένοις
2829 5535 3192 5605 παρέσχοντο.
3221 5537 3378 5591 Οὕτω
3406 5538 3464 5590 δέ
3488 5537 3676 5598 σωθεὶς

2109 5623 2189 5685 είς
2223 5622 2286 5676 τὸ
2323 5623 2600 5694 συνέδριον
2643 5626 2746 5688 τὰς
2778 5625 3049 5697 διαθήκας
3072 5629 3389 5702 εἰσήνεγκε,
3420 5630 3516 5683 καὶ
3548 5629 3673 5683 ἀνα-

2110 5713 2429 5784 γνωσθῆναι
2452 5716 2776 5788 ἐπέτρεπεν,
2809 5719 3331 5792 ἐνδεικνύμενοςνὸτι
3364 5721 3557 5775 οὑδένα
3580 5719 3670 5790 τῆς
