4018 6250
317 313 425 376 905

1611 321 2015 381 ANNALIUM
2050 324 2193 384 LlB.
2242 324 2313 391 Χ,

3471 334 3574 397 906

313 426 490 494 αρχῆς
521 425 764 496 διάδοχον
796 427 1221 480 καταλέλοιπεν·
1246 426 1307 478 ού
1339 427 1526 497 μέντοι
1557 427 1649 479 καὶ
1678 429 1892 494 ἀνέγνω

2007 447 2236 501 eumque
2269 441 2500 486 orarunt
2532 443 2590 489 ut
2621 442 2676 490 et
2709 435 3030 493 dictatorem
3073 448 3128 494 ct
3159 442 3239 496 rei
3270 442 3570 498 frumenta

313 519 487 580 αυτάς
515 534 617 580 τις.
646 518 820 587 Λιμοῦ
844 520 901 572 δὲ
943 517 1020 588 τῷ
1054 519 1186 588 ἐξῆς
1225 519 1338 572 ἔτει
1370 520 1466 572 καὶ
1507 517 1700 587 λοιμοῦ
1733 536 1892 586 γενο-

317 607 484 674 μένου
511 606 570 659 ἐν
613 607 762 678 πάσῃ
793 610 857 679 τῇ
911 609 1137 678 Ἰταλίᾳ,
1177 609 1506 678 νομίσαντες
1541 607 1591 659 οἱ
1626 607 1892 678 Ῥωμαῖοι

314 699 416 751 οὐκ
446 696 626 762 ἄλλως
671 698 844 752 ταῦτα
877 700 1312 770 συμϐεϐηκέναι,
1340 701 1372 770 ἣ
1409 700 1492 752 ὅτι
1527 699 1602 770 μὴ
1646 700 1739 752 καὶ
1771 699 1894 751 τότε

315 790 655 845 ὑπατεύοντα
692 793 785 845 τὸν
813 791 1148 860 Αὔγουστον,
1195 793 1358 862 ἔσχον
1387 792 1684 862 δικτάτορα
1732 793 1894 844 αὐτὸν

312 885 588 955 ἠθέλησαν
623 886 1105 955 προχειρίσασθαι,
1133 888 1228 939 καὶ
1271 889 1372 955 τὴν
1434 885 1634 957 βουλὴν
1696 887 1777 948 είς
1833 886 1894 938 τὸ

314 976 593 1044 συνέδριον
638 977 1102 1042 κατακλείσαντες
1152 978 1478 1047 ἠνάγκασαν
1521 977 1682 1030 τοῦτο
1722 975 1892 1046 ψηφί·

316 1070 546 1124 σασθαι’
608 1073 704 1124 καὶ
753 1071 902 1141 αύτῷ
964 1071 1274 1142 προσῆλθον
1330 1070 1578 1140 δεόμενοι
1633 1069 1893 1138 λεχθῆναι

311 1161 604 1235 δικτάτορα
635 1164 848 1233 καὶτῆς
874 1165 966 1216 τοῦ
995 1164 1144 1216 σίτου
1177 1163 1499 1231 συναγωγῆς
1527 1160 1892 1231 ἐπιμελητήν.

317 1255 428 1306 Καὶ
461 1255 520 1318 ὃς
565 1256 664 1325 τὴν
708 1255 808 1322 μὲν
862 1253 959 1307 τοῦ
1007 1255 1156 1308 σίτου
1203 1255 1462 1324 φροντίδα
1514 1253 1752 1317 ἐδέξατο,
1797 1253 1896 1321 τὴν

2009 523 2105 577 riae
2150 529 2564 592 procuratorem
2618 540 2678 580 se
2725 527 2832 580 dici
2884 537 3182 596 pateretur.
3214 530 3266 585 Is
3297 547 3430 586 vero
3475 550 3578 586 an-

2005 625 2161 662 nona:
2194 611 2538 665 curationem
2573 615 2836 683 suscepit,
2865 616 3190 671 dictaturam
3223 621 3534 690 repudiavit
3563 643 3574 676 :

2005 713 2059 756 et
2107 717 2230 755 cum
2273 717 2452 772 neque
2495 704 2888 770 dissuadendo,
2917 725 3093 779 neque
3145 715 3384 782 rogando
3414 717 3569 784 quid-

2004 808 2165 860 quam
2222 794 2534 862 prnﬂceret,
2584 807 2792 851 vestem
2842 815 2998 852 suam
3069 801 3372 868 laceravit,
3430 818 3577 860 recte

2004 885 2414 957 prudenterque
2454 890 2624 944 vitato
2656 890 2836 944 inviso
2869 904 2924 945 ct
2951 892 3143 947 odioso
3178 897 3420 962 nomine,
3451 914 3576 953 cum

2001 976 2324 1046 dignitatem
2391 987 2445 1032 et
2501 990 2831 1048 potestatem
2890 982 3165 1038 dictatura
3237 988 3576 1056 superiorem

1999 1067 2302 1122 obtineret.
2348 1069 2604 1135 Quidam,
2653 1072 2750 1141 qui
2786 1072 3016 1129 insidias
3069 1076 3118 1129 ei
3169 1087 3575 1150 compararant,

1999 1158 2208 1213 indicta
2239 1173 2402 1213 causa
2438 1161 2632 1215 exsilio
2660 1164 2877 1218 multati
2901 1207 2915 1226 .
2963 1182 3063 1221 nec
3093 1170 3267 1225 multo
3314 1181 3438 1241 post
3469 1191 3579 1228 una

2003 1262 2127 1302 cum
2161 1248 2468 1316 conjuratis
2505 1249 2785 1306 interiecti
2823 1265 2973 1308 sunt.

314 1347 660 1416 δικτατορίαν
683 1347 739 1400 δέ
771 1348 832 1399 ού
862 1349 1197 1417 προσήκατο.
1228 1345 1370 1398 Ἀλλ’
1400 1345 1523 1398 ἐπεὶ
1587 1346 1727 1416 μήτε
1788 1342 2171 1410 διαλεγόμενος
2209 1340 2416 1405 αὐτοῖς.
2469 1341 2604 1411 μήτε
2645 1343 2899 1413 δεόμενος
2938 1346 3148 1411 ἔπειθε,
3213 1351 3314 1420 τὴν
3377 1354 3580 1425 ἐσθῆτα

320 1435 635 1510 διέρῤηξεν.
686 1437 892 1509 Ὀρθᾶς
944 1438 1054 1507 γὰρ
1113 1437 1207 1490 καὶ
1255 1436 1496 1498 συνετῶς
1549 1436 1611 1489 τὸ
1670 1433 1900 1506 μισητὸν
1940 1433 2039 1499 τῆς
2102 1430 2444 1499 ἐπικλήσεως
2470 1430 2774 1498 ἐφυλάξατο
2828 1435 2922 1486 καὶ
2948 1438 3257 1506 ἐπίφθονον,
3291 1439 3431 1511 ὑπὲρ
3454 1446 3580 1505 τοὺς

315 1528 638 1598 δικτάτορας
662 1528 804 1599 ἔχων
836 1529 936 1598 τὴν
966 1529 1218 1596 ἐξουσίαν
1286 1529 1381 1582 καὶ
1443 1530 1542 1598 τὴν
1605 1532 1794 1599 τιμήν.
1865 1523 2190 1591 Ἐπιϐουλὴν
2238 1522 2294 1574 δὲ
2345 1523 2466 1575 κατ’
2513 1524 2679 1576 αὑτοῦ
2723 1531 3153 1597 συστησαμένων
3199 1534 3380 1601 τινῶν,
3424 1535 3581 1601 αὐτοι

316 1636 372 1672 τε
408 1621 502 1671 καὶ
525 1621 574 1672 οί
608 1620 918 1690 συνωμόται
947 1621 1162 1690 ἐρήμην
1190 1620 1407 1691 ἥλωσαν
1439 1621 1514 1683 ὠς
1548 1619 1894 1687 φευξόμενοι,
1933 1616 1993 1668 οὺ
2037 1610 2216 1678 πολλῷ
2249 1611 2292 1664 δ’
2333 1610 2564 1682 ὔστερον
2592 1615 3016 1687 ἀπεσφάγησαν.

385 1714 509 1766 ΛΔν.
539 1713 695 1767 Μετὰ
717 1712 890 1766 ταῦτα
917 1713 958 1764 δ’
984 1716 1064 1775 είς
1123 1713 1378 1766 Σικελίαν
1403 1709 1558 1782 ἦλθε,
1604 1714 1780 1767 Κάκεῖ
1813 1711 1902 1763 ὅν-

2084 1703 2324 1758 ΧΧΧιν.
2355 1705 2559 1759 Deinde
2589 1722 2711 1760 cum
2740 1708 2796 1761 in
2837 1709 3023 1763 Sicilia
3051 1712 3286 1780 abesset,
3325 1717 3379 1770 in
3408 1721 3581 1774 comi-

315 1821 408 1867 τος
438 1806 465 1857 6
495 1803 669 1874 δῆμος
697 1804 806 1856 τῶν
852 1804 1144 1870 Ῥωμαίων
1196 1806 1323 1867 τοὺς
1377 1804 1618 1868 ὑπάτους
1657 1819 1900 1875 χειροτο-

2012 1793 2105 1847 tiis
2135 1795 2518 1849 consularibus
2560 1797 2761 1850 su-ditio
2814 1808 2933 1852 orta
2991 1812 3118 1855 est:
3152 1813 3210 1857 ut
3263 1807 3348 1860 vel
3400 1824 3467 1862 ex
3514 1827 3582 1864 eo

316 1896 426 1950 νῶν
455 1897 804 1962 ἐστασίασεν,
831 1895 905 1958 ώς
942 1896 1236 1950 κάντεῦθεν
1291 1898 1570 1968 δειχθῆναι
1632 1899 1715 1952 ὅτι
1766 1897 1897 1949 ἀδύ-

316 2004 480 2041 νατον
511 1985 578 2059 ἧν
604 1989 1162 2059 δημοκρατουμένους
1196 1988 1396 2051 αὐτοὺς
1442 1988 1702 2058 σωθῆναι.
1747 1987 1905 2040 Οὔτω

316 2079 429 2149 γὰρ
459 2077 805 2150 ἐθορύϐησαν
857 2077 952 2131 καὶ
1016 2078 1236 2132 ἅπαντα
1305 2077 1704 2150 συνετάραξαν,
1762 2077 1902 2130 ὥστε

319 2173 418 2225 καὶ
449 2172 540 2225 τὸν
565 2171 875 2240 Αὔγουστον
903 2173 1007 2225 ὑπὸ
1036 2173 1144 2225 τῶν
1177 2172 1469 2242 ἐμφρόνων
1506 2171 1902 2240 ἀνακληθῆναι.

317 2263 739 2334 Ἀγανακτήσας
766 2263 811 2317 δ’
839 2263 931 2316 ἐπὶ
985 2263 1161 2334 τούτῳ
1188 2266 1216 2317 6
1241 2262 1584 2332 Αὔγουστος,
1641 2264 1735 2315 καὶ
1769 2263 1905 2333 μήτε

321 2357 409 2409 ἀεὶ
426 2361 493 2427 τῇ
531 2356 721 2427 Ῥώμῃ
749 2357 1033 2428 σχολάζειν
1057 2357 1378 2426 δυνάμενος,
1422 2355 1548 2427 μήτ’
1573 2355 1642 2410 αὖ
1671 2358 1904 2426 ἄναρχον

317 2447 494 2516 αὐτὴν
531 2446 884 2500 καταλείπειν
913 2447 1150 2517 τολμῶν,
1183 2447 1368 2517 ἐζήτει
1408 2447 1544 2517 αὐτῇ
1613 2447 1904 2514 ἐπιστῆσαί

317 2554 464 2591 τινα.
512 2538 621 2589 Καὶ
665 2537 848 2608 ἔκρινε
883 2538 982 2608 μὲν
1043 2541 1136 2592 τὸν
1193 2539 1510 2610 ’Δγρίππαν
1573 2541 1710 2610 πρὸς
1773 2542 1905 2593 αὐτὸ

320 2628 782 2696 ἐπιτηδειότατον,
830 2629 1115 2700 βουληθεὶς
1138 2629 1194 2682 δὲ
1227 2631 1322 2682 καὶ
1350 2632 1536 2700 μεῖζον
1573 2631 1722 2701 αὐτῷ
1753 2649 1907 2701 περι-

321 2720 494 2772 θεῖναι
523 2721 761 2791 ἁξίωμα,
789 2722 877 2776 ἵνα
905 2725 967 2775 ἐκ
997 2722 1188 2777 τούτου
1220 2724 1350 2793 ῥᾷον
1377 2721 1556 2776 αὐτῶν
1581 2723 1744 2795 ἄρχῃ,
1774 2741 1905 2776 κατ·

317 2813 636 2880 ηνάγκασεν
695 2814 858 2867 αὐτὸν
898 2817 996 2886 τὴν
1054 2820 1288 2882 γυναῖκα
1348 2815 1574 2885 ἀφέντα,
1631 2819 1697 2886 τῇ
1738 2805 1904 2868 ἀὑτοῦ

323 2903 559 2972 θυγατρὶ
592 2905 913 2974 συνοικῆσαι
943 2909 1008 2976 τῇ
1040 2905 1259 2977 Ἰουλίᾳ,
1301 2908 1395 2959 καὶ
1426 2910 1483 2969 ἐς
1538 2906 1636 2975 τὴν
1685 2905 1904 2974 Ῥώμην

321 2996 523 3049 αὐτίκα
547 2997 639 3048 ἐπί
663 3014 720 3050 τε
756 2998 834 3067 τῷ
861 2999 1150 3068 γάμῳκαὶ
1173 3001 1266 3051 ἐπὶ
1307 3003 1374 3070 τῇ
1409 3000 1782 3071 μεταχειρίσει
1804 2997 1906 3067 τῆς

321 3088 532 3148 πόλεως
554 3088 790 3158 ἔπεμψε,
813 3090 902 3141 διά
930 3107 990 3143 τε
1020 3090 1188 3143 τᾶλλα
1221 3092 1316 3144 καὶ
1339 3092 1421 3144 ὅτι
1470 3092 1755 3161 Μαικήνας
1785 3085 1904 3142 εἶπε

319 3176 399 3246 τῷ
465 3179 726 3250 Καίσαρι,
773 3181 848 3243 ὠς
909 3181 1272 3247 Τηλικοῦτον
1334 3182 1526 3237 αὐτὸν
1573 3183 1905 3250 πεποίηκας

325 3269 487 3324 ὥστε
516 3271 554 3340 ἢ
587 3276 848 3342 γαμϐρόν
878 3291 994 3327 σου
1027 3275 1302 3342 γενέσθαι
1339 3275 1576 3344 χρῆναι,
1623 3275 1661 3342 ἣ
1690 3292 1906 3344 φονευο

319 3361 526 3431 θῆναι.
572 3365 887 3435 Ἀγρίππας
926 3366 1018 3418 οῦν
1049 3367 1295 3420 οἰδοῦντα
1325 3366 1502 3437 εὑρὼν
1529 3369 1584 3420 ἐν
1612 3371 1680 3438 τῇ
1719 3366 1907 3438 Ῥώμῃ

320 3455 393 3507 τὰ
415 3457 717 3525 πράγματα
739 3459 1134 3528 κατεστήσατο.
1198 3458 1257 3512 Ὀ
1305 3459 1348 3511 δ’
1395 3457 1710 3526 Αὔγουστος
1737 3458 1808 3511 τὰ
1847 3462 1905 3511 ὲν

319 3551 388 3617 τῇ
427 3549 652 3618 Σικελία
683 3550 987 3621 διοικήσας,
1014 3553 1091 3614 είς
1113 3550 1214 3621 τὴν
1280 3551 1509 3604 Ἐλλάδα
1557 3550 1901 3620 ἐπεραιώθη,

322 3640 499 3691 καὶτὸ
539 3641 846 3712 Ἑλληνικὸν
868 3641 1146 3710 διαγαγὼν
1180 3643 1261 3704 είς
1301 3641 1398 3712 τὴν
1429 3641 1611 3711 Σάμον
1645 3642 1903 3694 ἔπλευσε.

323 3732 508 3785 Κάκεῖ
526 3735 820 3802 χειμάσας,
839 3735 918 3797 εἰς
941 3735 1042 3804 τὴν
1070 3733 1260 3785 Ἀσίαν
1288 3735 1344 3784 ἐν
1375 3733 1453 3802 τῷ
1475 3733 1595 3802 ἔαρι
1614 3732 1901 3802 ἐκομίσθη.

324 3826 424 3875 καὶ
458 3823 526 3875 τὰ
553 3825 669 3876 ἐκεῖ
695 3825 790 3877 καὶ
817 3825 887 3877 τὰ
924 3827 980 3877 ἐν
1013 3828 1075 3895 τῇ
1113 3824 1340 3894 Βιθυνίᾳ
1364 3823 1576 3887 διέταξε
1625 3826 1719 3876 καὶ
1777 3823 1906 3886 τοὺς

327 3912 670 3982 Κυζικηνοὺς
709 3913 1065 3978 ἐδουλώσατο,
1096 3916 1177 3967 ὃτι
1236 3915 1540 3984 Ῥωμαίους
1572 3913 1724 3976 τινας
1797 3930 1903 3981 μα-

329 4002 695 4068 στιγώσαντες
717 4003 989 4059 ἔκτειναν.
1021 4005 1095 4056 Τὸ
1119 4006 1250 4058 αὐτὸ
1279 4006 1334 4057 δὲ
1371 4007 1465 4057 καὶ
1510 4008 1623 4068 τοῖς
1685 4005 1906 4076 Τυρίοις

327 4093 558 4156 καὶτοῖς
589 4095 863 4159 Σιδωνίοις
895 4097 1174 4167 ἐποίησεν,
1201 4100 1259 4150 ἐν
1286 4100 1353 4168 τῇ
1385 4099 1556 4168 Συρίᾳ
1594 4099 1910 4169 γενόμενος.

341 4183 404 4235 Ἢ
444 4184 638 4236 Ἰουλία
663 4185 720 4238 δὲ
763 4188 858 4238 τὸν
893 4187 1053 4240 Γάῖον
1083 4188 1254 4241 ἔτεκε.
1289 4189 1398 4242 Καὶ
1429 4191 1456 4242 6
1484 4187 1789 4257 Αὔγουστος
1813 4189 1907 4242 ἐθ-

324 4273 436 4325 νῶν
465 4275 762 4344 ἡγεμονίας
791 4278 902 4330 τισὶ
922 4278 1170 4340 δεδωκὼς
1199 4279 1506 4348 ἐπανῆλθεν
1554 4281 1635 4343 είς
1697 4281 1902 4350 Σάμον

325 4366 492 4418 κάκεῖ
513 4367 607 4418 καὶ
623 4366 782 4429 αὖθις
808 4369 1066 4438 ἐχείμασε
1092 4371 1185 4422 καὶ
1233 4371 1404 4424 πολλὰ
1450 4371 1741 4442 διῴκησεν.
1773 4373 1905 4441 Ἀφ-

2008 1886 2358 1954 perspicuum
2389 1896 2558 1953 esset,
2613 1889 2890 1945 Romanos
2939 1892 3112 1947 libera
3168 1898 3443 1964 republica
3498 1901 3585 1953 in-

2005 1978 2253 2031 columes
2278 1993 2396 2033 esse
2426 1994 2535 2032 non
2577 1996 2755 2048 p05se.
2791 1982 2866 2036 Ita
2898 1983 3044 2036 enim
3075 1987 3391 2044 tumultuati
3424 2000 3577 2055 sunt,

2009 2068 2082 2122 ita
2115 2070 2408 2124 turbarunt
2429 2072 2634 2138 oznnia,
2667 2084 2725 2128 ut
2749 2076 3030 2146 Augustus
3069 2095 3098 2133 a
3130 2082 3582 2149 prudentioribus

2007 2170 2404 2215 accerseretur.
2445 2162 2498 2216 ld
2542 2165 2733 2234 iniquo
2761 2167 2944 2223 ferens
2988 2173 3194 2238 animo,
3240 2191 3365 2230 cum
3399 2194 3581 2246 neque

2007 2247 2193 2303 Romae
2241 2265 2458 2320 semper
2499 2269 2692 2309 vacare
2723 2269 2943 2326 posset,
2994 2277 3172 2331 neque
3221 2265 3411 2320 urbem
3463 2269 3582 2324 sine

2007 2341 2330 2410 magistratu
2401 2343 2717 2414 relinquere
2788 2349 3068 2419 auderet,
3107 2355 3174 2408 de
3222 2357 3428 2426 aliquo,
3490 2363 3581 2416 cui

2007 2445 2276 2486 summam
2311 2448 2495 2488 rerum
2548 2437 2852 2505 mandaret,
2883 2441 3176 2512 deligendo
3231 2448 3578 2507 deliberavit.

2006 2523 2177 2589 Quam
2210 2523 2278 2578 ad
2311 2539 2426 2578 rem
2454 2540 2579 2580 cum
2630 2529 2949 2597 aptissimus
2994 2535 3233 2604 Agrippa
3275 2539 3579 2607 videretur,

2005 2625 2062 2668 et
2094 2630 2203 2682 quo
2249 2616 2438 2686 majori
2481 2628 2630 2673 esset
2679 2623 3029 2690 auctoritate,
3067 2627 3386 2696 dignitatem
3434 2635 3582 2689 illius

2007 2721 2208 2775 augere
2264 2707 2448 2774 vellet,
2480 2725 2606 2764 eum
2657 2714 2856 2782 coegit,
2912 2718 3098 2773 relicta
3136 2736 3331 2786 uxore,
3377 2725 3577 2779 Juliam

2009 2800 2176 2854 ﬁliam
2208 2802 2430 2864 ducere,
2461 2819 2524 2857 ac
2552 2807 2737 2858 statim
2764 2807 2991 2863 Romam
3016 2822 3073 2865 et
3104 2814 3170 2867 ad
3204 2817 3422 2885 nuptias
3453 2835 3583 2873 con-

2012 2896 2327 2960 trahendas,
2351 2905 2408 2951 et
2438 2897 2506 2951 ad
2535 2899 2912 2969 magistratum
2941 2903 3266 2970 ineundum,
3289 2908 3435 2979 (cum
3461 2912 3584 2964 aliis

2010 2987 2076 3040 de
2108 2989 2311 3050 causis,
2353 2998 2466 3042 tum
2495 2990 2640 3058 quod
2675 2991 2938 3048 Maecenas
2965 2995 3199 3060 dixerat,
3234 3014 3351 3052 eum
3373 3009 3580 3054 tantum

2008 3094 2116 3131 esse
2145 3078 2343 3146 factum
2367 3080 2431 3132 ab
2464 3081 2574 3147 ipso
2606 3080 2934 3146 (Σίμωνα-ατ
2972 3096 3064 3138 aut
3093 3104 3342 3156 generum
3396 3091 3578 3160 deligi,

2011 3177 2107 3222 aut
2141 3170 2308 3222 occidi
2339 3179 2625 3237 Oporteret,
2658 3171 2948 3243 ablegavit.
2981 3177 3221 3247 Agrippa
3256 3179 3421 3248 igitur
3462 3197 3576 3236 rem

2006 3260 2303 3316 Romanam
2341 3262 2693 3318 ﬂuctuantem
2723 3269 3052 3334 composuit,
3078 3269 3353 3340 Augustus
3385 3272 3578 3329 Sicilia

2005 3355 2255 3410 ordinata
2301 3357 2356 3409 in
2419 3356 2682 3412 (ἐι-πείθω
2748 3361 2964 3430 trajecit
3021 3381 3034 3417 :
3086 3380 3192 3433 qua
3261 3367 3580 3434 constituta,

2007 3448 2226 3503 Samum
2278 3451 2578 3520 navigavit.
2641 3452 2831 3522 ibique
2897 3455 3079 3511 hieme
3127 3470 3338 3523 exacta,
3409 3478 3579 3516 verno

2009 3549 2256 3610 tempore
2293 3543 2346 3596 in
2380 3543 2572 3596 Asiam
2598 3545 2897 3613 profectus,
2937 3563 3059 3601 eum
3087 3564 3206 3603 eam
3240 3553 3575 3620 provinciam

2006 3639 2062 3684 et
2096 3630 2405 3700 Bithyniam
2448 3634 2777 3697 ordinasset,
2825 3635 3124 3705 Cyzicenos
3173 3639 3227 3692 in
3259 3641 3578 3696 servitutem

2009 3719 2241 3790 redegit,
2277 3722 2420 3790 quod
2448 3724 2724 3778 Romanos
2749 3725 2898 3779 cives
2930 3726 3112 3797 ﬂagris
3149 3744 3317 3784 caesos
3359 3732 3564 3787 occide-

2009 3825 2153 3870 rant.
2200 3817 2405 3870 Eodem
2457 3818 2620 3872 modo
2671 3819 2866 3889 Tyrios
2924 3829 2979 3874 et
3030 3820 3306 3885 Sidonios,
3349 3840 3473 3877 cum
3523 3830 3579 3881 in

2010 3907 2221 3978 Syriam
2276 3911 2538 3973 venisset,
2587 3913 2860 3966 tractavit.
2923 3913 3135 3967 Interea
3186 3914 3328 3968 Julia
3384 3916 3578 3970 Caium

2008 3999 2225 4068 peperit
2262 4017 2274 4051 :
2306 4006 2585 4069 Augustus
2609 4040 2623 4064 ,
2659 4000 2752 4054 ubi
2787 4009 2968 4055 certos
2999 4001 3251 4056 homines
3285 4006 3532 4073 provinci
3559 4023 3584 4061 s

2010 4086 2279 4156 prail‘ecit,
2318 4088 2502 4142 denuo
2553 4088 2700 4142 Sami
2753 4090 3084 4156 hibernavit,
3151 4092 3337 4162 ibique
3397 4096 3586 4151 multis

2011 4180 2245 4249 negotiis
2275 4188 2331 4234 et
2381 4180 2633 4249 plurimis
2665 4181 3035 4252 legationibus
3083 4184 3371 4241 audiendis
3419 4202 3582 4244 occu-

2012 4280 2171 4339 patus
2206 4270 2326 4325 fuit.
2361 4271 2500 4324 Tum
2546 4272 2661 4326 lndi
2709 4272 3006 4328 amicitiam
3041 4289 3167 4329 cum
3211 4290 3278 4330 eo
3307 4277 3580 4344 fecerunt,

2016 4361 2307 4431 tigridibus
2365 4363 2510 4417 dono
2557 4363 2744 4417 datis:
2779 4378 2918 4432 quas
2969 4364 3202 4420 Romani
3258 4375 3372 4422 tum
3425 4369 3587 4443 536

329 4457 510 4510 ίκοντο
540 4460 650 4529 γὰρ
669 4459 906 4512 ἐνταῦθα
934 4460 1221 4532 πρεσϐεῖαι
1248 4461 1517 4514 πλεῖσταιο
1542 4466 1634 4516 καὶ
1663 4464 1713 4516 οἱ
1739 4464 1899 4518 Ἰνδοὶ

2013 4453 2250 4521 primum
2287 4453 2562 4507 viderunt.
2615 4455 2800 4508 Romae
2843 4465 3026 4510 autem
3057 4456 3238 4512 denuo
3281 4461 3585 4516 tumultua-

322 4547 446 4598 τότε
476 4548 658 4614 φιλίαν
688 4550 1036 4619 ἐποιήσαντο,
1072 4549 1221 4620 δῶρα.
1239 4551 1555 4621 πέμψαντες
1572 4551 1707 4605 ἄλλα
1726 4569 1784 4605 τε
1810 4556 1902 4606 καὶ

323 4640 560 4708 τίγρεις,
593 4640 808 4711 πρῶτον
833 4641 954 4694 τότε
1002 4640 1298 4711 Ῥωμαίοις
1329 4642 1610 4710 ὀφθείσας.
1651 4643 1818 4706 Αὖθίς
1846 4661 1904 4697 τε

326 4731 518 4794 στάσις
548 4734 606 4784 ἐν
627 4735 692 4803 τῇ
731 4731 920 4805 Ῥώμῃ
947 4735 1168 4803 συνέϐη,
1201 4735 1295 4788 καὶ
1319 4736 1525 4804 σφαγαὶ
1540 4737 1796 4805 γεγόνασι
1818 4738 1907 4791 διὰ

323 4823 425 4885 τὰς
445 4823 557 4875 τῶν
596 4825 815 4878 ὑπάτων
850 4827 1235 4896 ἀρχαιρεσίας.
1281 4825 1485 4881 Μαθὼν
1538 4823 1631 4882 οὖν
1685 4829 1837 4882 ταῦθ’
1877 4832 1904 4882 6

327 4915 572 4982 Καῖσαρ,
607 4916 702 4967 καὶ
738 4915 968 4970 συνιδὼν
991 4917 1075 4968 ὃτι
1106 4915 1258 4968 οὐδὲν
1291 4917 1464 4986 πέρας
1493 4919 1782 4988 γενήσεται
1809 4919 1904 4971 τοῦ

330 5005 528 5070 κακοῦ,
555 5007 634 5069 είς
655 5008 752 5078 τὴν
790 5009 1008 5078 Ῥώμην
1037 5007 1274 5078 ἠπείχθη
1307 5010 1400 5062 καὶ
1439 5010 1600 5072 αὐτὸς
1624 5011 1904 5074 ἀπέδειξεν

333 5098 750 5153 ὔπατονιἘπεὶ
780 5102 836 5155 δέ
858 5103 1166 5172 ὑπαντῆσαι
1189 5102 1339 5171 αὐτῷ
1371 5102 1571 5165 πάντες
1594 5119 1904 5172 παρεσκευ-

329 5193 545 5256 ἁζοντο,
571 5193 789 5263 νύκτωρ
819 5196 898 5258 είς
928 5195 1026 5266 τὴν
1078 5196 1236 5248 πόλιν
1289 5195 1664 5265 ἀνεκομίσθη·
1726 5196 1754 5247 ὃ
1809 5197 1905 5249 καὶ

327 5283 591 5347 πολλάκις
630 5285 877 5355 ἐποίησε,
914 5289 1007 5340 καὶ
1041 5286 1201 5352 ἐξιὼν
1230 5285 1323 5340 τοῦ
1362 5286 1553 5349 ἄστεος
1586 5288 1680 5338 καὶ
1737 5289 1905 5339 ἐπαν-

330 5374 447 5440 ιὼν,
478 5376 566 5429 ἵνα
618 5377 810 5446 μηδενὶ
830 5378 1059 5448 ὀχληρὸς
1082 5379 1191 5448 εἴη.
1233 5374 1368 5430 Εἶτα
1394 5378 1501 5431 τῶν
1538 5380 1755 5447 τρόπων
1785 5379 1906 5431 ἐπι-

331 5466 573 5536 μελητὴς
614 5469 708 5520 καὶ
753 5468 988 5539 τιμητὴς
1028 5471 1107 5533 είς
1162 5468 1492 5523 πενταετίαν
1529 5468 1904 5538 παρακληθεὶς

326 5557 753 5629 ἐχειροτονήθη·
789 5560 887 5628 τὴν
922 5559 979 5611 δὲ
1005 5561 1112 5612 τῶν
1164 5560 1385 5613 ὑπάτων
1443 5559 1606 5630 τιμὴν
1651 5559 1738 5611 διὰ
1786 5559 1901 5629 βίου

327 5648 512 5701 ἔλαϐε.
565 5650 742 5702 Τινῶν
767 5649 815 5702 δ’
845 5650 1026 5712 αἰτίας
1063 5651 1300 5720 σχόντων
1350 5650 1725 5704 ἐπιϐουλεύειν
1753 5649 1902 5719 αὐτῷ

327 5743 421 5794 καί
446 5740 524 5812 τῷ
554 5740 867 5812 Ἀγρίππᾳ,
895 5741 1088 5804 ἄλλους
1115 5740 1214 5809 μέν
1245 5758 1397 5804 τινας
1454 5739 1739 5796 ἐδικαίωσε
1760 5758 1774 5773 ·
1809 5741 1901 5798 τὸν

653 5840 922 5898 l’naOL.
969 5838 1086 5898 Gn.
1118 5839 1465 5904 CXXXIV,

2012 4555 2126 4598 tum
2171 4554 2257 4599 est
2304 4546 2373 4600 oh
2408 4545 2630 4600 comitia
2680 4547 3011 4612 consularia,
3061 4558 3118 4603 et
3171 4549 3348 4604 caedes
3403 4553 3580 4607 factm.

2007 4636 2126 4702 Quo
2150 4638 2369 4708 cegnito
2405 4638 2623 4704 Caesar,
2657 4640 2783 4709 quia
2825 4641 3033 4709 nullum
3073 4642 3200 4696 mali
3252 4642 3416 4698 linem
3464 4646 3582 4700 fore

2008 4727 2352 4796 providebat,
2409 4729 2638 4783 Romam
2698 4747 2931 4800 propere
2977 4733 3304 4800 contendit,
3357 4745 3415 4789 et
3465 4736 3582 4806 ipse

2007 4820 2296 4872 consulem
2326 4820 2654 4890 designavit.
2690 4823 2753 4876 Et
2795 4824 2922 4893 quia
2957 4840 3016 4878 se
3064 4840 3254 4879 omnes
3287 4838 3343 4877 ut
3386 4841 3582 4894 proce-

2007 4908 2200 4963 derent
2247 4911 2462 4966 obviam
2529 4913 2815 4979 parabant,
2865 4923 3028 4967 noctu
3092 4915 3368 4984 ingressus
3427 4927 3513 4970 est
3563 4933 3578 4969 :

2007 5010 2170 5069 atque
2207 5002 2258 5056 id
2295 5015 2401 5056 tam
2439 5004 2496 5057 in
2537 5021 2762 5075 egressu
2795 5022 2957 5075 quam
3002 5007 3244 5075 ingressu
3285 5006 3437 5060 urbis
3478 5023 3581 5061 sa:-

2008 5094 2132 5162 pius
2163 5097 2313 5162 fecit,
2347 5113 2414 5151 ne
2443 5099 2700 5168 cuiquam
2744 5107 2892 5152 esset
2917 5101 3115 5167 gravis.
3156 5097 3364 5151 Deinde
3398 5100 3595 5166 prcei-‘

2007 5184 2111 5238 bus
2139 5185 2208 5238 ab
2253 5201 2320 5241 eo
2352 5187 2700 5256 impetratmn
2733 5198 2838 5252 est,
2893 5197 2952 5240 ut
2998 5202 3210 5239 morum
3259 5189 3578 5255 magismnn

2006 5285 2063 5332 et
2091 5293 2377 5332 censorem
2412 5279 2467 5332 in
2493 5279 2930 5348 quinquennium
2962 5293 3019 5331 se
3049 5278 3222 5330 creari
3248 5287 3530 5346 pateretur
3562 5298 3577 5334 :

2005 5370 2350 5424 consularem
2403 5386 2532 5425 vero
2597 5371 2918 5440 dignitatem
2977 5369 3032 5422 in
3087 5383 3305 5422 onmem
3364 5382 3578 5427 aetatem

2005 5465 2238 5532 accepit.
2281 5462 2419 5518 Cum
2453 5463 2676 5532 quidam
2710 5463 2780 5516 ob
2825 5461 3073 5523 insidias,
3105 5477 3242 5531 quas
3288 5473 3344 5518 et
3390 5464 3492 5535 ipsi
3526 5476 3582 5520 et

2009 5554 2256 5623 Agrippce
2285 5554 2566 5617 fecissent,
2612 5553 2855 5607 accusati
2899 5564 3106 5616 essent,
3143 5554 3278 5610 alios
3312 5557 3578 5625 quosdam

2008 5646 2280 5715 supplicio
2335 5646 2520 5700 affecit
2555 5663 2568 5697 :
2608 5644 2873 5712 Lepidum
2935 5653 3120 5699 autem
3168 5661 3292 5700 cum
3341 5648 3461 5701 alis
3509 5648 3577 5700 de

2006 5737 2210 5804 causis,
2256 5748 2370 5792 tum
2419 5737 2490 5792 ob
2540 5735 2765 5790 insidias
2815 5751 2845 5787 a
2895 5733 3009 5791 lilio
3061 5737 3209 5792 illius
3256 5738 3362 5793 sibi
3406 5739 3577 5792 iactes

3174 5829 3251 5892 ‘29
