4018 6250
467 312 574 377 907

1724 302 2052 363 JOANNIS
2086 282 2408 362 zonam

3615 314 3717 374 sis

461 425 723 484 invisum,
768 434 877 475 non
926 418 1145 482 occidit,
1185 417 1278 473 sed
1310 418 1449 473 alias
1493 417 1651 470 aliter
1688 414 1930 470 ludibrio
1978 420 2031 467 et

2140 413 2193 467 δὲ
2217 414 2448 466 Λέπιδον
2477 414 2658 483 ἐμίσει
2689 414 2787 483 μὲν
2814 417 2909 468 καὶ
2936 416 3005 469 δι’
3049 416 3205 482 ἄλλα,
3244 418 3341 471 καί
3396 420 3481 474 ὅτι
3529 421 3560 473 ὁ
3610 425 3718 489 υἱὸς

461 516 802 585 contemptui
849 513 1063 569 habuit.
1097 514 1304 568 Prmler
1335 514 1484 582 leges
1524 512 1680 573 alias,
1715 510 1861 563 illam
1895 522 2034 578 quo-

462 622 570 676 que
600 607 746 669 tulit,
781 615 840 658 ut
866 604 958 674 qui
989 604 1042 657 in
1075 604 1314 659 comitiis
1347 601 1606 671 suffragia
1636 602 2033 667 corrupissent,

466 697 877 769 magistratibus
913 695 1355 767 quinquennium
1402 694 1853 752 excluderentur.
1904 690 2038 744 Vita:

465 792 638 845 caelibi
666 802 772 845 tam
808 789 1052 845 virorum
1095 804 1260 860 quam
1306 788 1598 843 mulierum
1630 799 1848 855 υωιιειε,
1901 798 2038 837 cnn-

457 883 611 949 jugio
636 889 692 936 et
716 897 910 952 procre
932 882 1085 936 itioni
1113 883 1414 937 liberorum
1445 880 1666 950 pra-mia
1700 875 1990 947 proposivit
2019 890 2033 926 :

460 978 519 1024 et
546 971 673 1038 quia
715 970 900 1038 plures
930 981 1087 1023 erant
1116 968 1333 1038 patricii
1369 983 1546 1023 mares
1582 982 1744 1037 quam
1779 965 2032 1028 femellas,

461 1056 715 1129 permisit
761 1058 927 1112 etiam
982 1058 1268 1113 libertinas
1314 1058 1523 1113 ducere
1572 1057 1617 1113 si
1658 1056 1754 1127 qui
1807 1046 2034 1120 vellent,

461 1150 811 1205 senatoribus
852 1151 1119 1219 exceptis,
1155 1165 1459 1220 eorumque
1500 1149 1824 1220 progeniem
1855 1146 2038 1217 legiti-

462 1255 605 1295 mam
636 1255 758 1295 esse
789 1242 971 1311 jussit.
998 1241 1119 1295 Jam
1146 1244 1275 1311 quia
1304 1241 1555 1296 nonnulli
1596 1240 1897 1295 infantibus
1929 1237 2036 1293 sibi

462 1334 769 1402 desponsis,
818 1348 945 1388 cum
1000 1334 1248 1389 fraudem
1295 1335 1399 1405 legi
1451 1334 1740 1397 facerent,
1796 1331 2037 1401 praemiis

464 1427 756 1497 conjugum
775 1425 1132 1491 fruebantur:
1163 1427 1365 1489 sanxit,
1400 1442 1467 1480 ne
1491 1441 1599 1495 qua
1623 1423 1899 1494 sponsalia
1950 1438 2039 1476 ra-

466 1529 516 1573 ta
556 1526 762 1583 essent,
804 1517 913 1572 nisi
957 1527 1081 1587 post
1128 1517 1414 1572 biennium
1449 1520 1655 1586 nuptiae
1687 1516 2038 1570 celebraren-

466 1619 553 1663 tur
589 1627 603 1663 :
636 1609 741 1663 hoc
768 1617 874 1670 est,
907 1616 967 1662 ut
997 1609 1194 1678 puella:
1223 1624 1334 1663 non
1389 1610 1633 1662 minores
1676 1623 1709 1660 x
1739 1605 1898 1660 annis
1935 1604 2036 1659 de-

464 1703 1163 1774 sponderentur,quarum
1212 1719 1391 1758 annus
1444 1702 1620 1758 aetatis
1673 1700 2036 1756 duodecimus

466 1773 715 1851 maturus
751 1795 1011 1865 conjugio
1069 1795 1398 1850 habebatur.
1446 1795 1683 1864 Agrippa
1732 1793 1904 1846 ﬁlium
1949 1792 2033 1846 al-
2068 1773 2110 1829 Β

467 1899 643 1939 terum
671 1902 739 1940 ex
773 1885 913 1941 Julia
942 1885 1218 1954 suscepit,
1251 1885 1482 1940 Lucium
1503 1925 1517 1949 ,
1543 1899 1708 1954 quem
1754 1899 1862 1938 una
1907 1898 2035 1939 cum

462 1979 594 2033 (Laio
614 1981 888 2049 Angustus
913 1978 1203 2048 adoptatos
1228 1978 1414 2033 statim
1443 1978 1658 2047 imperii
1686 1991 2037 2032 successores

463 2071 792 2142 designavit,
856 2081 917 2124 ut
968 2070 1153 2125 minus
1191 2070 1408 2127 insidiis
1467 2079 1840 2141 appeteretur.
1897 2072 2037 2126 Cum

462 2166 758 2235 aliquando
805 2165 1089 2220 Pollionis.
1125 2164 1365 2221 hominis
1397 2165 1710 2233 locupletis,
1764 2165 1860 2219 sed
1907 2165 2035 2219 saevi

461 2268 517 2312 ct
573 2256 835 2319 crudelis,
896 2256 1128 2311 conviva
1175 2264 1344 2321 esset,
1398 2266 1455 2311 et
1508 2257 1555 2311 is
1604 2257 1920 2326 pint-eruam
1968 2259 2038 2313 ob

462 2352 692 2406 calicem
742 2351 1121 2421 crystallinttm
1166 2349 1401 2404 fractum
1453 2351 1733 2415 muraenis,
1794 2366 1933 2421 quas
1982 2352 2036 2407 in

467 2441 694 2511 piscinis
723 2440 905 2495 alebat
928 2439 996 2493 ad
1025 2439 1374 2493 devorandos
1400 2438 1650 2493 homines
1677 2440 2035 2513 assuefactas,

466 2532 910 2603 objicijussisset
954 2531 1033 2603 (id
1077 2529 1224 2585 enim
1270 2530 1604 2601 supplicium
1657 2532 1854 2596 servis,
1902 2548 2041 2602 quos

465 2624 771 2688 occidebat,
829 2624 1237 2692 constituerat),
1266 2639 1485 2693 pinnam
1538 2627 1815 2694 pincernae
1859 2624 2041 2679 Caesar

467 2719 797 2786 deprecatus
818 2726 903 2772 est
933 2732 947 2769 :
977 2730 1103 2770 cum
1140 2716 1277 2770 nihil
1314 2716 1682 2785 impetrasset,
1738 2715 2039 2771 Pollionem

467 2813 635 2864 etiam
690 2809 794 2862 alia
844 2808 1091 2875 ejusdem
1152 2808 1394 2862 materia:
1445 2807 1675 2877 pocula,
1728 2815 1784 2861 et
1834 2809 1878 2863 si
1930 2823 2037 2878 qua

466 2910 729 2973 praeterea
758 2899 1001 2971 pretiosa
1030 2898 1280 2964 haberet,
1312 2910 1372 2951 ut
1403 2900 1487 2955 eis
1530 2908 1781 2954 uteretur
1801 2939 1815 2964 ,
1851 2898 2035 2954 aﬁ'erri

461 2995 645 3065 jussit,
674 2993 834 3048 allata
861 2991 1135 3063 confregit
1160 3011 1174 3047 :
1202 2991 1363 3062 537
1396 2990 1480 3045 Nc
1506 3000 1810 3062 propterea,
1836 2992 2035 3062 inquit,

466 3086 698 3170 homines
726 3083 992 3137 occidant.
1026 3080 1118 3136 Sic
1164 3082 1339 3136 Pollio
1374 3090 1601 3152 propter
1627 3080 2036 3135 multitudinem
2065 3111 2108 3170 ο

465 3158 874 3231 ςοιιΐτδῖιοιυηι
908 3174 979 3227 ah
1021 3173 1268 3242 Augusto
1313 3173 1570 3237 calicum,
1618 3172 1790 3226 unius
1811 3172 2036 3238 oblitus,

466 3283 590 3321 cum
652 3267 968 3332 pincernam
1019 3266 1219 3333 punire
1273 3278 1381 3317 non
1428 3274 1636 3333 posset,
1680 3264 1769 3319 vel
1830 3264 2038 3321 invitus

470 3357 678 3411 homini
709 3356 979 3423 pepercit.
1018 3353 1254 3422 Agrippa
1304 3353 1387 3429 in.
1413 3354 1711 3424 Campania
1747 3370 1814 3408 ex
1846 3355 2040 3409 morbo

469 3450 749 3511 defuncto,
799 3446 983 3501 Ca-sar
1007 3460 1075 3500 eo
1107 3444 1409 3515 profectus,
1431 3460 1634 3514 corpus
1657 3446 1778 3514 ejus
1810 3446 2038 3501 Romam

466 3542 723 3605 advexit;
756 3553 934 3608 eoque
965 3539 1018 3591 in
1049 3537 1222 3591 forum
1254 3537 1420 3591 allato
1443 3575 1457 3596 .
1493 3538 1798 3593 orationem
1843 3538 2041 3593 recita-

469 3633 543 3688 vit
576 3649 589 3686 :
625 3632 877 3699 factoque
909 3628 1201 3699 magniﬁco
1227 3630 1443 3694 funere,
1476 3643 1600 3683 ossa
1633 3628 1691 3683 in
1726 3645 1888 3684 suum
1920 3645 2037 3684 mo-

467 3732 791 3777 nomentqu
824 3720 1030 3774 intulit.
1072 3720 1325 3789 Agrippae
1352 3734 1503 3775 mors
1530 3719 1811 3789 publicum
1842 3720 2042 3775 Roma-

467 3816 552 3868 nis
585 3815 795 3867 luctum
832 3812 1038 3866 attulit.
1069 3811 1205 3865 Nam
1233 3825 1357 3866 cum
1391 3820 1587 3865 etetera
1618 3811 1704 3865 vir
1729 3827 1841 3867 sua:
1863 3812 2041 3867 aetatis

468 3910 708 3973 optimus
759 3904 883 3965 fuit,
941 3911 1054 3956 tum
1104 3902 1335 3971 Augusti
1386 3902 1630 3956 amicitia
1675 3902 1742 3956 ad
1783 3902 1955 3972 ipsius
1984 3912 2040 3958 et

472 3997 785 4066 reipublicae
824 3994 1113 4048 utilitatem
1163 4009 1299 4048 usus
1337 4002 1442 4058 est,
1493 4008 1760 4062 suamque
1801 3993 2041 4063 pruden-

472 4100 600 4141 haut
630 4096 687 4139 et
716 4084 1095 4139 fortitudinem
1137 4097 1355 4137 omnem
1391 4082 1449 4137 in
1494 4098 1584 4138 res
1625 4082 1828 4138 Caesari
1865 4085 2042 4139 utilis-

470 4180 637 4233 simas
670 4175 922 4236 contulit,
952 4173 1356 4243 omnipotentis
1380 4181 1439 4228 et
1470 4174 1703 4243 honore,
1741 4174 1942 4244 quibus
1970 4175 2040 4228 ab

469 4272 563 4324 illo
591 4278 816 4323 ornatus
843 4277 981 4331 erat,
1007 4266 1071 4320 ad
1101 4266 1516 4321 beneficentiam
1547 4281 1830 4321 conversa.
1860 4266 2041 4332 Quare

470 4372 573 4410 nec
620 4357 864 4425 Augusto
899 4353 1101 4424 gravis,
1147 4367 1252 4413 nec
1294 4352 1509 4408 caeteris
1560 4352 1866 4408 invidiosus
1912 4353 2037 4408 fuit.

2140 506 2309 559 αὑτοῦ
2345 506 2742 559 ἐπεϐούλευσεν
2770 507 2943 572 αὐτῷ,
2975 509 3038 561 οὐ
3074 508 3260 579 μέντοι
3285 512 3379 564 καὶ
3404 513 3720 571 ἀποκτεῖναι

2133 599 2418 670 ἠθέλησεν,
2434 599 2551 652 ἀλλ’
2567 599 2757 654 ἄλλοτε
2780 599 2956 658 ἄλλως
2985 601 3397 672 προεπηλάκιζε
3420 605 3514 657 καὶ
3540 606 3721 674 ἐχλεύ-

2135 695 2286 756 αζεν.
2332 691 2524 746 Ἐθετό
2576 709 2635 745 τε
2691 693 2787 746 καὶ
2845 693 3040 756 ἄλλους
3089 695 3311 763 νόμους,
3348 696 3441 749 καὶ
3496 697 3559 749 τὸ
3595 700 3722 762 τοὺς

2134 786 2481 848 δεκάσαντάς
2502 802 2660 848 τινας
2688 786 2784 838 ἐπὶ
2830 787 2953 848 ταῖς
3004 787 3220 857 ἀρχαῖς,
3285 789 3343 850 ἐς
3396 789 3561 840 πέντε
3627 792 3722 862 ἔτη

2137 876 2318 930 αὐτῶν
2340 874 2623 946 εῐργεσθαι
2642 891 2659 907 ο
2686 879 2800 940 τοῖς
2816 893 2874 930 τε
2894 878 3131 947 ἀγάμοις
3160 878 3253 932 καὶ
3280 881 3403 943 ταῖς
3435 881 3723 953 ἀνάνδροις

2136 969 2387 1039 ἐπιτίμια
2418 968 2598 1033 ἔταξε,
2623 969 2721 1022 τοῦ
2743 968 2800 1021 δὲ
2839 971 3021 1037 γάμου
3084 969 3182 1022 καὶ
3234 969 3337 1040 τῆς
3369 971 3720 1036 παιδοποιίας

2136 1058 2273 1116 ἆθλα
2314 1061 2499 1133 ἔθηκε.
2530 1060 2781 1133 Κάπειδὴ
2810 1060 2948 1116 πολὺ
2978 1060 3165 1115 πλεῖον
3189 1062 3253 1115 τὸ
3284 1063 3452 1135 ἀρῤεν
3483 1062 3579 1116 τοῦ
3628 1064 3724 1136 θή-

2134 1155 2259 1218 λεος
2287 1154 2383 1208 τοῦ
2438 1153 2692 1223 εὐγενοῦς
2720 1149 2811 1226 ἦν,
2846 1154 3136 1225 ἐπέτρεψε
3195 1156 3293 1207 καὶ
3350 1154 3724 1227 ἀπελευθέρας

2136 1249 2247 1311 τοῖς
2278 1246 2523 1300 ἐθέλουσι
2557 1246 2698 1316 πλὴν
2727 1247 2837 1300 τῶν
2864 1246 3173 1317 βουλευτῶν
3202 1247 3462 1316 ἄγεσθαι,
3490 1249 3721 1319 ἔννομον

2131 1339 2243 1408 τὴν
2296 1339 2647 1392 τεκνοποιίαν
2702 1338 2887 1392 αὐτῶν
2938 1336 3078 1392 εἶναι
3135 1337 3421 1404 κελεύσας.
3471 1339 3629 1393 Ἐπεὶ
3666 1341 3723 1394 δὲ

2139 1429 2314 1501 βρέφη
2369 1430 2515 1494 τινὲς
2545 1431 2976 1502 μνηστευόμενοι
3009 1431 3107 1495 τὰς
3142 1432 3240 1502 μὲν
3264 1432 3375 1484 τῶν
3405 1435 3725 1503 γεγαμηκό-

2136 1534 2247 1571 των
2282 1519 2630 1590 ἐκαρποῦντο
2661 1520 2852 1590 τιμὰς,
2882 1521 2944 1574 τὸ
2971 1520 3018 1574 δ’
3044 1521 3206 1593 ἔργον
3232 1524 3413 1577 αὐτῶν
3444 1525 3506 1577 οὗ
3530 1526 3723 1595 mpsi-

2136 1628 2315 1681 χοντο,
2351 1611 2655 1682 προσέταξε
2687 1613 2957 1685 μηδεμίαν
2983 1613 3189 1683 ίσχύειν
3219 1616 3540 1687 μνηστείαν,
3602 1616 3725 1686 μεθ’

2137 1704 2205 1775 ῆν
2234 1704 2296 1757 οὐ
2320 1702 2413 1756 δύο
2443 1704 2762 1758 διελθόντων
2786 1703 2925 1758 ιτῶν
2956 1706 3117 1769 εὐθὺς
3142 1709 3381 1776 γαμήσει
3416 1724 3523 1772 τις,
3558 1724 3719 1761 τουτ-

2138 1794 2253 1848 έστι
2306 1793 2516 1849 δεκέτιν
2565 1796 2783 1860 πάντως
2813 1797 3137 1865 ἐγγυᾶσθαι,
3157 1796 3365 1849 δώδεκα
3403 1799 3461 1851 δὲ
3482 1799 3607 1861 ταῖς
3632 1798 3721 1852 κό-

2140 1902 2266 1958 ραις
2299 1886 2395 1958 ἔτη
2420 1887 2503 1950 εις
2554 1887 2655 1957 τὴν
2684 1889 2779 1941 τοῦ
2816 1888 2999 1958 γάμου
3033 1887 3184 1958 ὥραν
3210 1887 3390 1959 πλήρη
3412 1890 3718 1959 νομίζεται.

2149 1978 2291 2033 Ὀδὲ
2331 1979 2648 2047 ’Δγρίππας
2677 1980 2774 2034 καὶ
2801 1979 2993 2050 ἕτερον
3040 1981 3158 2035 υίδν
3223 1981 3286 2034 ὲκ
3334 1981 3435 2050 τῆς
3493 1983 3718 2044 Ἰουλίας

2135 2072 2410 2138 ἐγείνατο,
2452 2073 2685 2126 Λούκιον
2713 2073 3106 2142 ὀνομασθέντα,
3156 2075 3218 2127 ὃν
3265 2073 3577 2142 Αὔγουστος
3628 2076 3719 2127 καὶ

2137 2163 2228 2215 τὸν
2258 2164 2488 2232 ἀδελφὸν
2530 2163 2696 2217 αὑτοῦ
2725 2164 2817 2219 τὸν
2856 2165 3015 2217 Γάϊον
3045 2167 3448 2236 εἰσεποιήσατο,
3491 2170 3586 2221 καὶ
3609 2168 3720 2221 δια-

2135 2255 2327 2325 δόχους
2361 2259 2461 2323 τῆς
2493 2258 2669 2328 ἀρχῆς
2699 2258 2930 2313 αὐτόθεν
2958 2258 3261 2325 ἀπέδειξεν,
3295 2260 3364 2312 ἵν’
3399 2256 3563 2332 ἦττον
3597 2261 3719 2315 ἐπι-

2139 2347 2484 2419 δουλεύηται.
2530 2349 2890 2421 Ἐστιώμενος
2924 2351 2982 2403 δέ
3037 2367 3166 2405 ποτε
3233 2353 3381 2422 παρά
3447 2352 3716 2413 multum.

2139 2439 2294 2511 ἀνδρὶ
2331 2441 2573 2509 πλουσίῳ
2609 2442 2708 2510 μὲν
2741 2442 2947 2513 σφόδρα
2979 2442 3115 2512 ὠμῷ
3142 2443 3197 2496 δὲ
3222 2442 3343 2495 λίαν
3371 2444 3469 2496 καὶ
3497 2445 3715 2512 ἀπηνεῖ,

2141 2534 2264 2586 ἐπεὶ
2287 2533 2314 2584 ὁ
2332 2534 2567 2602 οίνοχὲος
2602 2533 2810 2586 ἐκείνου
2839 2533 3036 2587 κύλικα
3070 2534 3434 2604 κρυσταλίνην
3463 2535 3716 2601 κατέαξε,

2141 2623 2235 2677 καί
2287 2625 2345 2686 ἐς
2381 2625 2476 2686 τὰς
2521 2625 2791 2694 μυραίνας
2854 2624 3062 2695 ὡρίσθη
3125 2626 3277 2695 παρά
3302 2624 3396 2678 τοῦ
3458 2626 3719 2680 δεσπότου

2138 2715 2478 2787 ἐμϐληθῆναι
2537 2715 2756 2783 (ἔτρεφε
2800 2716 2907 2788 γὰρ
2960 2718 3018 2767 έν
3062 2716 3386 2786 δεξαμεναῖς
3436 2719 3716 2783 τοιαύτας,

2139 2805 2462 2877 ἀνθρώπους
2491 2806 2882 2876 δεδιδαγμένας
2932 2810 3156 2876 ἐσθίειν,
3193 2814 3286 2865 καὶ
3319 2814 3447 2875 τοὺς
3497 2812 3718 2874 δούλοις

2142 2896 2334 2958 αὑταῖς
2363 2896 2456 2959 οὓς
2483 2897 2746 2951 ἑθανάτου
2781 2898 3139 2970 παρέϐαλλε),
3173 2903 3474 2971 παρῃτεῖτο
3509 2899 3718 2969 τὴντι-

2143 2985 2354 3055 μωρίαν
2378 2987 2406 3038 ὁ
2438 2988 2657 3055 Καῖσαρ
2683 2985 2779 3039 τοῦ
2814 2989 3079 3058 οἰνοχόου.
3137 2989 3225 3053 Ὠς
3278 2988 3326 3042 δ’
3375 2990 3476 3040 οὐκ
3532 2987 3715 3041 ἔπειθε

2140 3078 2232 3130 τὸν
2269 3077 2554 3143 Πωλίωνα,
2588 3079 2747 3149 Φέρε,
2781 3080 2972 3149 φησὶν,
2993 3080 3093 3133 ὅσα
3116 3078 3340 3133 τοιαῦτα
3362 3079 3506 3151 ἔχεις
3539 3079 3717 3132 ἐκπώ-

2144 3168 2380 3239 ματα,ἢ
2425 3173 2522 3222 καὶ
2552 3169 2716 3238 ἕτερα
2759 3170 2990 3239 ἔντιμα,
3045 3171 3113 3224 ἶν’
3166 3172 3351 3234 αὐτοῖς
3404 3173 3714 3241 χρήσωμαι.

2143 3261 2486 3333 Κομισθέντα
2509 3264 2567 3318 δὲ
2600 3264 2939 3336 συνέτριψεν,
2977 3266 3166 3332 εἰπὼν,
3207 3266 3336 3321 Ἵνα
3355 3266 3440 3335 μὴ
3464 3266 3562 3319 διὰ
3582 3267 3717 3319 tm?-

2139 3366 2248 3416 τας
2287 3350 2635 3412 κολάζοιντο
2660 3353 2978 3421 ἄνθρωποι.
3024 3355 3082 3407 '0
3111 3355 3164 3409 δὲ
3198 3355 3421 3408 Πωλίων
3471 3355 3609 3426 πρὸς
3656 3353 3717 3404 τι

2134 3434 2353 3510 ¹πλῆθος
2370 3442 2478 3498 τῶν
2499 3444 2855 3498 ἀπολωλότων
2871 3446 2970 3515 τῆς
2995 3447 3124 3515 μιᾶς
3146 3445 3444 3499 ἐπελάθετο
3475 3445 3714 3508 κύλικος,

2142 3533 2237 3587 καὶ
2265 3534 2358 3589 τὸν
2386 3536 2628 3606 οἰνοχόον
2681 3537 3103 3608 τιμωρήσασθαι
3141 3538 3216 3607 μὴ
3270 3537 3596 3606 δυνάμενος,
3637 3537 3717 3590 ὅτι

2143 3626 2235 3678 ἐπὶ
2270 3626 2485 3690 πολλοῖς
2510 3627 2571 3680 τὸ
2612 3628 2744 3681 αὐτὸ
2775 3630 3106 3700 ἐπεποιήκει
3137 3630 3166 3682 ὁ
3232 3630 3568 3698 Αὔγουστος,
3624 3628 3719 3681 καὶ

2141 3714 2292 3769 ἄκων
2316 3716 2616 3786 ἡσύχασεν.
2634 3719 2950 3788 ’Λγρίππας
2973 3721 3031 3772 δὲ
3068 3721 3304 3790 νοσήσας
3327 3723 3385 3773 ὲν
3415 3718 3716 3789 Καμπανίᾳ

2141 3804 2432 3870 ἀπέθανεν,
2466 3801 2527 3861 οὗ
2556 3808 2584 3860 ὁ
2613 3807 2834 3878 Καῖσαρ
2864 3811 3306 3879 παραγενόμενος
3336 3809 3399 3862 τό
3448 3827 3509 3862 τε
3560 3810 3714 3879 σῶμ-ι

2141 3896 2308 3949 αὐτοῦ
2340 3898 2421 3960 εἰς
2468 3896 2568 3968 τὴν
2627 3897 2849 3969 Ῥώμην
2889 3901 3136 3969 ἐκόμισε,
3172 3903 3265 3953 καὶ
3307 3902 3365 3952 ἐν
3425 3904 3492 3972 τῇ
3545 3902 3719 3969 ἀγορᾷ

2143 3991 2482 4059 προθέμενος
2513 3991 2671 4057 λόγον
2703 3991 2791 4043 ἐπ’
2825 3992 2973 4062 αὐτῷ
2998 3994 3210 4058 ἀνέγνω
3237 3993 3331 4046 καὶ
3352 3992 3450 4064 τὴν
3478 3991 3718 4062 ἐκφορὰν

2141 4079 2307 4132 αὑτοῦ
2343 4079 2605 4151 πολυτελῆ
2649 4081 2942 4151 ἐποιήσατο
2994 4084 3086 4135 καὶ
3119 4084 3177 4135 ἀν
3216 4083 3295 4152 τῷ
3333 4081 3534 4135 ἑαυτοῦ
3584 4097 3719 4150 μνη-

2145 4169 2282 4239 μείῳ
2307 4170 2528 4239 ἔθαψεν.
2571 4171 2629 4225 '0
2653 4172 2710 4225 δὲ
2744 4171 2841 4225 τοῦ
2884 4172 3191 4243 ’Δγρίππου
3251 4173 3479 4235 θάνατος
3542 4172 3720 4224 κοινόν

2141 4280 2195 4315 τι
2224 4265 2337 4327 τοῖς
2373 4262 2667 4332 Ῥωμαίοις
2714 4264 2910 4328 πένθος
2944 4265 3180 4332 ἐγένετο.
3229 4266 3311 4318 Τά
3362 4281 3422 4316 τε
3445 4263 3557 4332 γὰρ
3583 4262 3718 4317 ἄλλα

2143 4355 2362 4424 ἀριστος
2386 4355 2495 4409 τῶν
2529 4354 2651 4409 καθ’
2669 4356 2863 4409 ἑαυτὸν
2890 4355 3197 4425 ἀνθρώπων
3243 4357 3483 4420 ἐγένετο,
3526 4355 3622 4409 καὶ
3649 4357 3717 4423 τῇ

472 4448 548 4501 Eo
577 4446 856 4508 defuncto,
887 4459 1010 4496 cum
1039 4458 1222 4497 rerum
1262 4442 1632 4512 gerendarum
1661 4444 1812 4499 socio
1847 4459 2037 4500 carere

2142 4444 2235 4496 τοῦ
2264 4445 2577 4512 Αὐγούστου
2610 4446 2764 4517 φιλίᾳ
2793 4446 2932 4517 πρὸς
2964 4447 3024 4499 τὸ
3052 4447 3264 4499 ἐκείνου
3324 4447 3419 4498 καὶ
3478 4447 3613 4514 πρὸς
3658 4442 3720 4497 τὸ

472 4554 581 4592 non
633 4545 838 4607 posset,
891 4534 1174 4597 Tiberium
1231 4534 1315 4589 vel
1372 4534 1577 4590 invitus
1631 4535 1828 4589 ascivit
1876 4535 2036 4606 (nam

473 4631 724 4701 Agrippa:
747 4626 866 4690 ﬁlii,
917 4634 1149 4695 nepotes
1182 4625 1381 4695 ip'sius,
1426 4626 1583 4696 pueri
1628 4626 1811 4681 adhuc
1854 4627 2038 4697 erant)

469 4735 773 4795 ereptaque
820 4736 1013 4785 uxore,
1052 4720 1306 4791 Agrippae
1351 4734 1421 4773 ex
1467 4718 1571 4773 alia
1621 4720 1853 4791 conjuge
1902 4721 2036 4789 ﬁlia,

467 4817 665 4873 Juliam
691 4815 744 4869 ei
776 4810 1089 4881 despondit.
1128 4810 1339 4866 Deinde
1367 4826 1462 4880 per
1492 4824 1642 4875 eum,
1672 4820 1729 4864 et
1775 4811 2035 4879 Drusum,

467 4921 522 4964 et
551 4910 784 4964 Lucium
832 4907 1109 4968 Pisonem,
1142 4906 1343 4959 multas
1371 4907 1620 4959 nationes
1648 4905 1887 4975 subegit.
1935 4906 2039 4960 Pe-

468 5001 632 5056 cunia
658 5015 690 5054 a
719 5006 914 5053 senatu
947 5005 1005 5051 et
1036 4996 1242 5065 populo
1277 4996 1343 5049 ad
1371 4996 1493 5066 ejus
1533 4996 1799 5067 imagines
1834 4999 2043 5052 facien-

469 5094 566 5148 das
609 5090 832 5153 collata,
884 5088 968 5143 sui
1031 5087 1238 5141 nullam
1297 5086 1593 5157 imaginem
1669 5089 1886 5154 erexit,
1941 5088 2040 5145 sed

469 5183 704 5254 publica:
742 5180 974 5243 Salutis,
1002 5178 1325 5235 Concordiae
1357 5187 1412 5232 et
1444 5179 1604 5235 Pacis
1633 5191 1843 5235 statuas
1887 5180 2040 5235 fecit.

471 5274 656 5329 Primo
682 5270 812 5327 anni
842 5270 931 5324 die
972 5285 1098 5325 eum
1135 5268 1363 5324 adibant
1412 5269 1688 5335 homines,
1737 5281 1902 5341 atque
1948 5270 2045 5325 alii

473 5363 613 5429 plus,
648 5363 743 5417 alii
781 5362 966 5417 minus
1003 5359 1312 5415 offerebant
1347 5376 1361 5413 :
1395 5359 1602 5428 quibus
1646 5360 1763 5429 ipse
1810 5360 2045 5431 duplum

472 5459 568 5505 aut
602 5455 838 5522 amplius
884 5451 1168 5518 reddebat,
1199 5467 1313 5507 non
1363 5452 1708 5508 senatoribus
1754 5452 2047 5519 duntaxat,

474 5542 571 5597 sed
607 5544 730 5599 aliis
756 5544 945 5599 etiam.
997 5544 1279 5599 Octaviam
1321 5558 1569 5600 sororem
1607 5555 1721 5600 tum
1768 5557 2044 5602 mortuam

473 5634 692 5702 publice
724 5636 1033 5703 proposuit,
1070 5645 1125 5689 ct
1171 5633 1458 5690 funebrem
1510 5635 1579 5690 de
1622 5650 1688 5692 ea
1733 5637 2041 5694 orationem

2146 4540 2301 4607 κοινῇ
2356 4539 2636 4607 συμφέρον
2687 4539 2972 4608 ἐκέχρητο,
3019 4539 3114 4591 καὶ
3150 4539 3330 4602 πᾶσαν
3380 4538 3479 4607 τὴν
3523 4534 3717 4589 ἑαυτοῦ

2147 4628 2341 4697 σοφίαν
2373 4629 2467 4681 καὶ
2522 4629 2747 4699 ἀνδρίαν
2774 4629 2854 4690 είς
2883 4628 2952 4682 τὰ
2982 4629 3404 4703 λυσιτελέστατα
3462 4627 3720 4697 παρέχων

2143 4720 2223 4787 τῷ
2252 4720 2509 4788 Καίσαρι,
2552 4722 2734 4774 πᾶσαν
2770 4720 2872 4791 τὴν
2901 4720 3033 4790 παρ’
3080 4721 3292 4774 ἐκείνου
3355 4718 3588 4790 δύναμιν
3624 4719 3720 4771 καὶ

2145 4810 2312 4880 τιμὴν
2345 4812 2425 4872 είς
2446 4812 2510 4865 τὸ
2531 4811 2654 4875 τοὺς
2674 4811 2868 4875 ἀλλους
2893 4812 3204 4879 εὐεργετεῖν
3226 4812 3536 4880 ἀνήλισκεν.
3559 4809 3719 4864 Ὅθεν

2145 4900 2256 4954 οὔτ’
2278 4903 2426 4971 αὑτῷ
2456 4901 2719 4973 ἐπαχθὴς,
2743 4901 2868 4956 οὕτε
2898 4906 3015 4966 τοῖς
3034 4901 3213 4966 ἄλλοις
3242 4901 3532 4969 ἐπίφθονος
3552 4904 3719 4970 ἐχρηο

2148 4998 2365 5062 μάτισε.
2406 4996 2611 5048 Τούτου
2642 4995 3099 5064 μεταλλάξαντος,
3133 4996 3256 5047 ἐπεὶ
3287 4992 3551 5063 συνεργοῦ
3583 4991 3719 5062 πρὸς

2146 5086 2216 5139 τὰ
2248 5085 2551 5156 πράγματα
2576 5088 2770 5151 ἐδεῖτο,
2812 5087 2904 5140 τὸν
2928 5086 3185 5157 Τιὸέριον
3224 5088 3325 5139 καὶ
3364 5088 3515 5138 ἄκων
3546 5101 3719 5154 atpos-

2148 5177 2325 5233 είλετο
2347 5179 2416 5248 (οἱ
2438 5179 2549 5250 γὰρ
2576 5180 2671 5233 τοῦ
2701 5179 3011 5249 Ἀγρίππου
3046 5180 3173 5240 υἱοὶ,
3202 5178 3415 5247 ἔγγονοι
3453 5177 3500 5230 δ’
3524 5176 3714 5242 αὐτοῦ,

2148 5273 2207 5324 ἐν
2235 5271 2423 5324 παισὶν
2467 5270 2547 5324 ἔτι
2577 5272 2838 5338 ἐτέλουνγ
2871 5273 2966 5325 καί⁵
3004 5273 3335 5331 ἀποσπάσας
3376 5270 3590 5324 ἐκείνου
3624 5268 3719 5336 τὴν

2149 5366 2402 5431 γυναῖκα,
2432 5364 2710 5436 θυγατέρα
2728 5361 2895 5419 οὖσαν
2915 5366 3225 5433 Ἀγρίππου
3258 5365 3318 5430 te
3350 5361 3518 5433 ἄλλης
3549 5377 3718 5431 γαμε-

2141 5456 2264 5527 τῆς,
2294 5457 2396 5526 τὴν
2433 5455 2660 5511 Ἰουλίαν
2680 5456 2832 5526 αὑτῷ
2854 5456 3214 5527 ὲνηγγύησεν.
3242 5451 3377 5508 Εῐτα
3407 5453 3497 5508 διά
3516 5470 3576 5507 τε
3599 5453 3719 5507 τού·

2140 5562 2234 5598 του
2269 5549 2364 5600 καὶ
2396 5546 2483 5600 διὰ
2500 5547 2596 5600 τοῦ
2627 5546 2891 5618 Δρούσου,
2930 5545 3133 5599 καὶδιά
3165 5545 3434 5607 Πείσωνος
3463 5543 3713 5606 Λουκίου,

2141 5641 2316 5695 πολλὰ
2340 5640 2452 5695 τῶν
2485 5639 2653 5696 ἐθνῶν
2687 5639 3024 5710 ὑπηγάγετο.
3061 5636 3350 5707 ’Δργύριον
3402 5635 3463 5689 δὲ
3509 5636 3607 5705 τῆς
3658 5649 3712 5685 τε
