  <div class='ocr_page' id='page_1' title='image "/cluster/home/n/w/nwhite01/storage/ocr_20150623/134/mdp.39015032023197/462.png"; bbox 0 0 4018 6250; ppageno 0'>
   <div class='ocr_carea' id='block_1_1' title="bbox 207 294 430 378">
    <p class='ocr_par' dir='ltr' id='par_1_1' title="bbox 207 294 430 378">
     <span class='ocr_line' id='line_1_1' title="bbox 207 294 430 378; baseline -0.009 0"><span class='ocrx_word' id='word_1_1' title='bbox 207 294 224 304; x_wconf 84' lang='grc'><em>”</em></span> <span class='ocrx_word' id='word_1_2' title='bbox 318 313 430 378; x_wconf 85' lang='lat'><strong>909</strong></span> 
     </span>
    </p>
   </div>
   <div class='ocr_carea' id='block_1_2' title="bbox 1582 309 1910 379">
    <p class='ocr_par' dir='ltr' id='par_1_2' title="bbox 1582 309 1910 371">
     <span class='ocr_line' id='line_1_2' title="bbox 1582 309 1910 371; baseline -0.003 -1"><span class='ocrx_word' id='word_1_3' title='bbox 1582 309 1910 371; x_wconf 69' lang='lat' dir='ltr'><strong>A&#39;NNALIE</strong></span> 
     </span>
    </p>
   </div>
   <div class='ocr_carea' id='block_1_3' title="bbox 2012 309 3568 379">
    <p class='ocr_par' dir='ltr' id='par_1_3' title="bbox 2030 309 3568 379">
     <span class='ocr_line' id='line_1_3' title="bbox 2030 309 3568 379; baseline 0.007 -11"><span class='ocrx_word' id='word_1_4' title='bbox 2030 309 2176 371; x_wconf 83' lang='lat' dir='ltr'><strong>LlB.</strong></span> <span class='ocrx_word' id='word_1_5' title='bbox 2217 311 2287 370; x_wconf 80' lang='grc' dir='ltr'>Χ.</span> <span class='ocrx_word' id='word_1_6' title='bbox 3459 314 3568 379; x_wconf 80' lang='grc'><strong>910</strong></span> 
     </span>
    </p>
   </div>
   <div class='ocr_carea' id='block_1_4' title="bbox 309 418 1910 492">
    <p class='ocr_par' dir='ltr' id='par_1_4' title="bbox 309 419 1889 491">
     <span class='ocr_line' id='line_1_4' title="bbox 309 419 1889 491; baseline -0.003 -17"><span class='ocrx_word' id='word_1_7' title='bbox 309 423 507 491; x_wconf 74' lang='grc' dir='ltr'>βουλῆς</span> <span class='ocrx_word' id='word_1_8' title='bbox 541 421 635 474; x_wconf 73' lang='grc' dir='ltr'>καὶ</span> <span class='ocrx_word' id='word_1_9' title='bbox 658 420 754 474; x_wconf 82' lang='grc' dir='ltr'>τοῦ</span> <span class='ocrx_word' id='word_1_10' title='bbox 786 422 962 490; x_wconf 78' lang='grc' dir='ltr'>δήμου</span> <span class='ocrx_word' id='word_1_11' title='bbox 995 422 1076 486; x_wconf 88' lang='grc' dir='ltr'><strong>είς</strong></span> <span class='ocrx_word' id='word_1_12' title='bbox 1107 420 1328 482; x_wconf 71' lang='grc' dir='ltr'>εἰκόνας</span> <span class='ocrx_word' id='word_1_13' title='bbox 1359 419 1508 490; x_wconf 80' lang='grc' dir='ltr'>αὐτῷ</span> <span class='ocrx_word' id='word_1_14' title='bbox 1539 420 1889 489; x_wconf 74' lang='grc' dir='ltr'>συνενεγκόν-</span> 
     </span>
    </p>
   </div>
   <div class='ocr_carea' id='block_1_5' title="bbox 2012 418 3568 492">
    <p class='ocr_par' dir='ltr' id='par_1_5' title="bbox 2012 419 3568 492">
     <span class='ocr_line' id='line_1_5' title="bbox 2012 419 3568 492; baseline 0.006 -22"><span class='ocrx_word' id='word_1_15' title='bbox 2012 419 2210 473; x_wconf 71' lang='lat' dir='ltr'><strong>tabuit.</strong></span> <span class='ocrx_word' id='word_1_16' title='bbox 2244 420 2455 474; x_wconf 84' lang='lat' dir='ltr'><strong>Drusus</strong></span> <span class='ocrx_word' id='word_1_17' title='bbox 2479 429 2532 474; x_wconf 90' lang='lat' dir='ltr'><strong>et</strong></span> <span class='ocrx_word' id='word_1_18' title='bbox 2575 431 2800 476; x_wconf 75' lang='lat' dir='ltr'><strong>senatus</strong></span> <span class='ocrx_word' id='word_1_19' title='bbox 2839 429 3022 477; x_wconf 85' lang='lat' dir='ltr'><strong>vestes</strong></span> <span class='ocrx_word' id='word_1_20' title='bbox 3067 421 3330 492; x_wconf 80' lang='lat' dir='ltr'><strong>lugubres</strong></span> <span class='ocrx_word' id='word_1_21' title='bbox 3373 422 3568 480; x_wconf 84' lang='lat' dir='ltr'><strong>indue-</strong></span> 
     </span>
    </p>
   </div>
   <div class='ocr_carea' id='block_1_6' title="bbox 302 509 1910 582">
    <p class='ocr_par' dir='ltr' id='par_1_6' title="bbox 302 509 1901 580">
     <span class='ocr_line' id='line_1_6' title="bbox 302 509 1901 580; baseline -0.003 -16"><span class='ocrx_word' id='word_1_22' title='bbox 302 530 436 576; x_wconf 83' lang='grc' dir='ltr'>των,</span> <span class='ocrx_word' id='word_1_23' title='bbox 454 511 652 566; x_wconf 69' lang='grc' dir='ltr'>ἑαυτοῦ</span> <span class='ocrx_word' id='word_1_24' title='bbox 676 511 776 580; x_wconf 86' lang='grc' dir='ltr'><strong>μὲν</strong></span> <span class='ocrx_word' id='word_1_25' title='bbox 791 511 1046 579; x_wconf 78' lang='grc' dir='ltr'>οὐδεμίαν</span> <span class='ocrx_word' id='word_1_26' title='bbox 1071 511 1319 580; x_wconf 73' lang='grc' dir='ltr'>ἔστησενο</span> <span class='ocrx_word' id='word_1_27' title='bbox 1341 511 1529 574; x_wconf 79' lang='grc' dir='ltr'><strong>ὑγείας</strong></span> <span class='ocrx_word' id='word_1_28' title='bbox 1563 510 1618 562; x_wconf 75' lang='grc' dir='ltr'>δὲ</span> <span class='ocrx_word' id='word_1_29' title='bbox 1637 509 1901 579; x_wconf 82' lang='grc' dir='ltr'><strong>δημοσίας</strong></span> 
     </span>
    </p>
   </div>
   <div class='ocr_carea' id='block_1_7' title="bbox 2012 509 2798 582">
    <p class='ocr_par' dir='ltr' id='par_1_7' title="bbox 2012 509 2798 582">
     <span class='ocr_line' id='line_1_7' title="bbox 2012 509 2798 582; baseline 0.005 -20"><span class='ocrx_word' id='word_1_30' title='bbox 2012 521 2160 577; x_wconf 89' lang='lat' dir='ltr'><strong>runt,</strong></span> <span class='ocrx_word' id='word_1_31' title='bbox 2195 521 2256 566; x_wconf 93' lang='lat' dir='ltr'><strong>ut</strong></span> <span class='ocrx_word' id='word_1_32' title='bbox 2283 509 2336 564; x_wconf 92' lang='lat' dir='ltr'><strong>in</strong></span> <span class='ocrx_word' id='word_1_33' title='bbox 2372 510 2522 566; x_wconf 91' lang='lat' dir='ltr'><strong>luctu</strong></span> <span class='ocrx_word' id='word_1_34' title='bbox 2559 513 2798 582; x_wconf 85' lang='lat' dir='ltr'><strong>publico.</strong></span> 
     </span>
    </p>
   </div>
   <div class='ocr_carea' id='block_1_8' title="bbox 305 604 3570 682">
    <p class='ocr_par' dir='ltr' id='par_1_8' title="bbox 305 604 3570 682">
     <span class='ocr_line' id='line_1_8' title="bbox 305 604 3570 682; baseline 0.001 -21"><span class='ocrx_word' id='word_1_35' title='bbox 305 610 402 662; x_wconf 78' lang='grc' dir='ltr'>καὶ</span> <span class='ocrx_word' id='word_1_36' title='bbox 429 607 716 677; x_wconf 80' lang='grc' dir='ltr'>Ὁμονοίας</span> <span class='ocrx_word' id='word_1_37' title='bbox 737 607 832 659; x_wconf 77' lang='grc' dir='ltr'><strong>καὶ</strong></span> <span class='ocrx_word' id='word_1_38' title='bbox 861 606 1096 676; x_wconf 80' lang='grc' dir='ltr'><strong>Εἰρήνης</strong></span> <span class='ocrx_word' id='word_1_39' title='bbox 1117 606 1332 669; x_wconf 80' lang='grc' dir='ltr'><strong>εἰκόνας</strong></span> <span class='ocrx_word' id='word_1_40' title='bbox 1382 607 1700 675; x_wconf 76' lang='grc' dir='ltr'><strong>εἰργάσατο.</strong></span> <span class='ocrx_word' id='word_1_41' title='bbox 1764 606 1874 657; x_wconf 75' lang='grc' dir='ltr'><strong>Καὶ</strong></span> <span class='ocrx_word' id='word_1_42' title='bbox 1905 604 1962 656; x_wconf 77' lang='grc' dir='ltr'><strong>ἐν</strong></span> <span class='ocrx_word' id='word_1_43' title='bbox 2001 607 2136 675; x_wconf 82' lang='grc' dir='ltr'>αὐτῇ</span> <span class='ocrx_word' id='word_1_44' title='bbox 2169 608 2232 676; x_wconf 84' lang='grc' dir='ltr'>τῇ</span> <span class='ocrx_word' id='word_1_45' title='bbox 2270 605 2460 678; x_wconf 77' lang='grc' dir='ltr'>πρώτῃ</span> <span class='ocrx_word' id='word_1_46' title='bbox 2495 607 2589 659; x_wconf 78' lang='grc' dir='ltr'>τοῦ</span> <span class='ocrx_word' id='word_1_47' title='bbox 2619 607 2772 670; x_wconf 76' lang='grc' dir='ltr'>ἔτους</span> <span class='ocrx_word' id='word_1_48' title='bbox 2798 609 2981 679; x_wconf 73' lang='grc' dir='ltr'>ἡμέρᾳ</span> <span class='ocrx_word' id='word_1_49' title='bbox 3007 609 3155 679; x_wconf 82' lang='grc' dir='ltr'>αὐτῷ</span> <span class='ocrx_word' id='word_1_50' title='bbox 3180 611 3371 681; x_wconf 83' lang='grc' dir='ltr'>ἐκείνῳ</span> <span class='ocrx_word' id='word_1_51' title='bbox 3397 628 3570 682; x_wconf 66' lang='grc' dir='ltr'>προσ.</span> 
     </span>
    </p>
   </div>
   <div class='ocr_carea' id='block_1_9' title="bbox 306 692 3570 771">
    <p class='ocr_par' dir='ltr' id='par_1_9' title="bbox 306 692 3570 771">
     <span class='ocr_line' id='line_1_9' title="bbox 306 692 3570 771; baseline 0.002 -19"><span class='ocrx_word' id='word_1_52' title='bbox 306 703 499 762; x_wconf 64' lang='grc' dir='ltr'>εόντες,</span> <span class='ocrx_word' id='word_1_53' title='bbox 532 700 581 751; x_wconf 74' lang='lat' dir='ltr'><strong>oi</strong></span> <span class='ocrx_word' id='word_1_54' title='bbox 620 702 719 767; x_wconf 79' lang='grc' dir='ltr'><strong>μὲν</strong></span> <span class='ocrx_word' id='word_1_55' title='bbox 747 698 928 751; x_wconf 78' lang='grc' dir='ltr'>πλεῖον</span> <span class='ocrx_word' id='word_1_56' title='bbox 971 699 1022 750; x_wconf 73' lang='lat' dir='ltr'><strong>ot</strong></span> <span class='ocrx_word' id='word_1_57' title='bbox 1070 697 1114 750; x_wconf 77' lang='grc' dir='ltr'>δ’</span> <span class='ocrx_word' id='word_1_58' title='bbox 1154 692 1319 769; x_wconf 78' lang='grc' dir='ltr'>ἦττον</span> <span class='ocrx_word' id='word_1_59' title='bbox 1368 698 1640 761; x_wconf 80' lang='grc' dir='ltr'>ἐδίδοσαν,</span> <span class='ocrx_word' id='word_1_60' title='bbox 1684 699 1778 751; x_wconf 66' lang='grc' dir='ltr'><strong>καὶ</strong></span> <span class='ocrx_word' id='word_1_61' title='bbox 1838 697 1898 760; x_wconf 71' lang='grc' dir='ltr'>ὃς</span> <span class='ocrx_word' id='word_1_62' title='bbox 1938 698 2248 767; x_wconf 73' lang='grc' dir='ltr'>προστιθεὶς</span> <span class='ocrx_word' id='word_1_63' title='bbox 2311 699 2499 770; x_wconf 77' lang='grc' dir='ltr'>ἕτερον</span> <span class='ocrx_word' id='word_1_64' title='bbox 2563 702 2820 754; x_wconf 69' lang='grc' dir='ltr'>τοσοῦτον</span> <span class='ocrx_word' id='word_1_65' title='bbox 2852 703 2883 771; x_wconf 76' lang='grc' dir='ltr'>ἢ</span> <span class='ocrx_word' id='word_1_66' title='bbox 2915 703 3011 754; x_wconf 75' lang='grc' dir='ltr'>καὶ</span> <span class='ocrx_word' id='word_1_67' title='bbox 3062 704 3222 756; x_wconf 70' lang='grc' dir='ltr'>πλέον</span> <span class='ocrx_word' id='word_1_68' title='bbox 3274 706 3570 770; x_wconf 69' lang='grc' dir='ltr'>ἀντεδίδου,</span> 
     </span>
    </p>
   </div>
   <div class='ocr_carea' id='block_1_10' title="bbox 304 789 3572 864">
    <p class='ocr_par' dir='ltr' id='par_1_10' title="bbox 304 789 3572 864">
     <span class='ocr_line' id='line_1_10' title="bbox 304 789 3572 864; baseline 0.002 -18"><span class='ocrx_word' id='word_1_69' title='bbox 304 794 368 846; x_wconf 81' lang='grc' dir='ltr'><strong>οὐ</strong></span> <span class='ocrx_word' id='word_1_70' title='bbox 408 793 593 864; x_wconf 80' lang='grc' dir='ltr'>μόνοις</span> <span class='ocrx_word' id='word_1_71' title='bbox 612 795 726 855; x_wconf 88' lang='grc' dir='ltr'>τοῖς</span> <span class='ocrx_word' id='word_1_72' title='bbox 752 793 1089 862; x_wconf 82' lang='grc' dir='ltr'><strong>βουλευταῖς,</strong></span> <span class='ocrx_word' id='word_1_73' title='bbox 1127 792 1264 846; x_wconf 70' lang='grc' dir='ltr'><strong>ἀλλὰ</strong></span> <span class='ocrx_word' id='word_1_74' title='bbox 1298 794 1393 847; x_wconf 73' lang='grc' dir='ltr'><strong>καὶ</strong></span> <span class='ocrx_word' id='word_1_75' title='bbox 1436 795 1547 855; x_wconf 77' lang='grc' dir='ltr'>τοῖς</span> <span class='ocrx_word' id='word_1_76' title='bbox 1595 792 1792 853; x_wconf 75' lang='grc' dir='ltr'>ἄλλοις.</span> <span class='ocrx_word' id='word_1_77' title='bbox 1861 789 2104 858; x_wconf 74' lang='grc' dir='ltr'>Τέθνηκε</span> <span class='ocrx_word' id='word_1_78' title='bbox 2169 792 2226 844; x_wconf 85' lang='grc' dir='ltr'><strong>δὲ</strong></span> <span class='ocrx_word' id='word_1_79' title='bbox 2262 793 2381 845; x_wconf 87' lang='grc' dir='ltr'>τότε</span> <span class='ocrx_word' id='word_1_80' title='bbox 2437 795 2532 846; x_wconf 75' lang='grc' dir='ltr'>καὶ</span> <span class='ocrx_word' id='word_1_81' title='bbox 2575 795 2609 863; x_wconf 82' lang='grc' dir='ltr'>ἡ</span> <span class='ocrx_word' id='word_1_82' title='bbox 2675 794 2878 862; x_wconf 81' lang='grc' dir='ltr'>ἀδελφὴ</span> <span class='ocrx_word' id='word_1_83' title='bbox 2928 794 3095 848; x_wconf 83' lang='grc' dir='ltr'>αὑτοῦ</span> <span class='ocrx_word' id='word_1_84' title='bbox 3146 797 3425 858; x_wconf 75' lang='grc' dir='ltr'>Ὀκταόἱα.</span> <span class='ocrx_word' id='word_1_85' title='bbox 3479 801 3572 852; x_wconf 78' lang='grc' dir='ltr'>καὶ</span> 
     </span>
    </p>
   </div>
   <div class='ocr_carea' id='block_1_11' title="bbox 307 877 3569 959">
    <p class='ocr_par' dir='ltr' id='par_1_11' title="bbox 307 877 3569 959">
     <span class='ocr_line' id='line_1_11' title="bbox 307 877 3569 959; baseline 0.001 -23"><span class='ocrx_word' id='word_1_86' title='bbox 307 887 470 948; x_wconf 84' lang='grc' dir='ltr'>αὐτός</span> <span class='ocrx_word' id='word_1_87' title='bbox 502 903 563 938; x_wconf 90' lang='grc' dir='ltr'><strong>τε</strong></span> <span class='ocrx_word' id='word_1_88' title='bbox 598 884 686 938; x_wconf 84' lang='grc' dir='ltr'>ἐπ’</span> <span class='ocrx_word' id='word_1_89' title='bbox 734 887 874 955; x_wconf 86' lang='grc' dir='ltr'>αὐτῇ</span> <span class='ocrx_word' id='word_1_90' title='bbox 921 883 1159 955; x_wconf 76' lang='grc' dir='ltr'><strong>δημοσίᾳ</strong></span> <span class='ocrx_word' id='word_1_91' title='bbox 1216 884 1545 955; x_wconf 72' lang='grc' dir='ltr'>προτεθείσῃ</span> <span class='ocrx_word' id='word_1_92' title='bbox 1601 882 1886 948; x_wconf 60' lang='grc' dir='ltr'>ἐπιτάφιον</span> <span class='ocrx_word' id='word_1_93' title='bbox 1926 877 2067 932; x_wconf 85' lang='grc' dir='ltr'>εἷπε.</span> <span class='ocrx_word' id='word_1_94' title='bbox 2108 882 2523 953; x_wconf 70' lang='grc' dir='ltr'>ΚαιὸΔροῦσος</span> <span class='ocrx_word' id='word_1_95' title='bbox 2559 887 2652 936; x_wconf 61' lang='grc' dir='ltr'><strong>καὶ</strong></span> <span class='ocrx_word' id='word_1_96' title='bbox 2711 885 2759 936; x_wconf 88' lang='grc' dir='ltr'><strong>οί</strong></span> <span class='ocrx_word' id='word_1_97' title='bbox 2826 884 3109 953; x_wconf 74' lang='grc' dir='ltr'>βουλευταί</span> <span class='ocrx_word' id='word_1_98' title='bbox 3146 888 3440 958; x_wconf 73' lang='grc' dir='ltr'>πενθήρεις</span> <span class='ocrx_word' id='word_1_99' title='bbox 3487 908 3569 959; x_wconf 76' lang='grc' dir='ltr'><strong>χι-</strong></span> 
     </span>
    </p>
   </div>
   <div class='ocr_carea' id='block_1_12' title="bbox 304 977 1708 1052">
    <p class='ocr_par' dir='ltr' id='par_1_12' title="bbox 304 977 1708 1052">
     <span class='ocr_line' id='line_1_12' title="bbox 304 977 1708 1052; baseline -0.003 -19"><span class='ocrx_word' id='word_1_100' title='bbox 304 980 484 1041; x_wconf 84' lang='grc' dir='ltr'>τῶνας</span> <span class='ocrx_word' id='word_1_101' title='bbox 511 977 728 1042; x_wconf 69' lang='grc' dir='ltr'>ἔλαϐον,</span> <span class='ocrx_word' id='word_1_102' title='bbox 767 978 1004 1052; x_wconf 72' lang='grc' dir='ltr'>δημοσίᾳ</span> <span class='ocrx_word' id='word_1_103' title='bbox 1039 981 1100 1032; x_wconf 83' lang='grc' dir='ltr'>τὸ</span> <span class='ocrx_word' id='word_1_104' title='bbox 1135 977 1329 1040; x_wconf 79' lang='grc' dir='ltr'>πένθος</span> <span class='ocrx_word' id='word_1_105' title='bbox 1362 979 1708 1048; x_wconf 81' lang='grc' dir='ltr'><strong>ποιήσαντες.</strong></span> 
     </span>
    </p>
   </div>
   <div class='ocr_carea' id='block_1_13' title="bbox 349 1070 1886 1145">
    <p class='ocr_par' dir='ltr' id='par_1_13' title="bbox 349 1070 1886 1145">
     <span class='ocr_line' id='line_1_13' title="bbox 349 1070 1886 1145; baseline -0.003 -19"><span class='ocrx_word' id='word_1_106' title='bbox 349 1073 504 1128; x_wconf 78' lang='lat' dir='ltr'><strong>.AE&#39;.</strong></span> <span class='ocrx_word' id='word_1_107' title='bbox 527 1075 618 1142; x_wconf 81' lang='grc' dir='ltr'>Τῷ</span> <span class='ocrx_word' id='word_1_108' title='bbox 639 1073 683 1127; x_wconf 86' lang='grc' dir='ltr'>δ’</span> <span class='ocrx_word' id='word_1_109' title='bbox 707 1076 952 1145; x_wconf 79' lang='grc' dir='ltr'>ἐχομένῳ</span> <span class='ocrx_word' id='word_1_110' title='bbox 1011 1075 1121 1128; x_wconf 77' lang='grc' dir='ltr'>ἔτει</span> <span class='ocrx_word' id='word_1_111' title='bbox 1180 1077 1208 1127; x_wconf 83' lang='grc' dir='ltr'><strong><em>ὁ</em></strong></span> <span class='ocrx_word' id='word_1_112' title='bbox 1270 1074 1508 1144; x_wconf 80' lang='grc' dir='ltr'><strong>Δροῦσος</strong></span> <span class='ocrx_word' id='word_1_113' title='bbox 1555 1070 1886 1130; x_wconf 81' lang='grc' dir='ltr'>ὑπατεύσας,</span> 
     </span>
    </p>
   </div>
   <div class='ocr_carea' id='block_1_14' title="bbox 311 1162 1888 1234">
    <p class='ocr_par' dir='ltr' id='par_1_14' title="bbox 311 1162 1888 1234">
     <span class='ocr_line' id='line_1_14' title="bbox 311 1162 1888 1234; baseline -0.004 -17"><span class='ocrx_word' id='word_1_114' title='bbox 311 1183 415 1219; x_wconf 88' lang='grc' dir='ltr'><strong>κατ</strong></span> <span class='ocrx_word' id='word_1_115' title='bbox 461 1163 632 1218; x_wconf 85' lang='grc' dir='ltr'>ἐθνῶν</span> <span class='ocrx_word' id='word_1_116' title='bbox 660 1182 825 1218; x_wconf 86' lang='grc' dir='ltr'>τινων</span> <span class='ocrx_word' id='word_1_117' title='bbox 854 1165 1274 1234; x_wconf 78' lang='grc' dir='ltr'>ἐξεστράτευσε.</span> <span class='ocrx_word' id='word_1_118' title='bbox 1334 1165 1442 1217; x_wconf 85' lang='grc' dir='ltr'>Καί</span> <span class='ocrx_word' id='word_1_119' title='bbox 1467 1182 1588 1217; x_wconf 86' lang='grc' dir='ltr'>τινα</span> <span class='ocrx_word' id='word_1_120' title='bbox 1619 1162 1888 1232; x_wconf 82' lang='grc' dir='ltr'>χειρωσὰ-</span> 
     </span>
    </p>
   </div>
   <div class='ocr_carea' id='block_1_15' title="bbox 314 1256 1890 1327">
    <p class='ocr_par' dir='ltr' id='par_1_15' title="bbox 314 1256 1890 1327">
     <span class='ocr_line' id='line_1_15' title="bbox 314 1256 1890 1327; baseline -0.003 -18"><span class='ocrx_word' id='word_1_121' title='bbox 314 1275 478 1327; x_wconf 67' lang='grc' dir='ltr'>μενος</span> <span class='ocrx_word' id='word_1_122' title='bbox 503 1257 838 1327; x_wconf 81' lang='grc' dir='ltr'>προσωτέρω</span> <span class='ocrx_word' id='word_1_123' title='bbox 887 1259 1090 1326; x_wconf 82' lang='grc' dir='ltr'>χωρεῖν</span> <span class='ocrx_word' id='word_1_124' title='bbox 1116 1257 1442 1327; x_wconf 77' lang='grc' dir='ltr'>ἐπεχείρησε</span> <span class='ocrx_word' id='word_1_125' title='bbox 1463 1270 1476 1282; x_wconf 93' lang='grc'><strong>·</strong></span> <span class='ocrx_word' id='word_1_126' title='bbox 1512 1256 1602 1308; x_wconf 86' lang='grc' dir='ltr'><strong>καί</strong></span> <span class='ocrx_word' id='word_1_127' title='bbox 1631 1271 1740 1306; x_wconf 89' lang='grc' dir='ltr'>τινι</span> <span class='ocrx_word' id='word_1_128' title='bbox 1790 1269 1890 1321; x_wconf 83' lang='grc' dir='ltr'>γυ-</span> 
     </span>
    </p>
   </div>
   <div class='ocr_carea' id='block_1_16' title="bbox 313 1348 1894 1418">
    <p class='ocr_par' dir='ltr' id='par_1_16' title="bbox 313 1348 1894 1418">
     <span class='ocr_line' id='line_1_16' title="bbox 313 1348 1894 1418; baseline -0.001 -18"><span class='ocrx_word' id='word_1_129' title='bbox 313 1351 464 1401; x_wconf 75' lang='grc' dir='ltr'>ναικὶ</span> <span class='ocrx_word' id='word_1_130' title='bbox 503 1349 711 1417; x_wconf 80' lang='grc' dir='ltr'>μείζονι</span> <span class='ocrx_word' id='word_1_131' title='bbox 758 1348 790 1418; x_wconf 78' lang='grc' dir='ltr'>ἢ</span> <span class='ocrx_word' id='word_1_132' title='bbox 852 1349 994 1400; x_wconf 82' lang='grc' dir='ltr'>κατὰ</span> <span class='ocrx_word' id='word_1_133' title='bbox 1035 1348 1323 1417; x_wconf 80' lang='grc' dir='ltr'>ἀνθρώπου</span> <span class='ocrx_word' id='word_1_134' title='bbox 1361 1349 1518 1417; x_wconf 70' lang='grc' dir='ltr'>φύσιν</span> <span class='ocrx_word' id='word_1_135' title='bbox 1583 1350 1894 1418; x_wconf 79' lang='grc' dir='ltr'>ἀπήντησεν</span> 
     </span>
    </p>
   </div>
   <div class='ocr_carea' id='block_1_17' title="bbox 312 1438 1893 1509">
    <p class='ocr_par' dir='ltr' id='par_1_17' title="bbox 312 1438 1893 1509">
     <span class='ocr_line' id='line_1_17' title="bbox 312 1438 1893 1509; baseline -0.001 -17"><span class='ocrx_word' id='word_1_136' title='bbox 312 1439 512 1502; x_wconf 83' lang='grc' dir='ltr'>ἀπιὼν,</span> <span class='ocrx_word' id='word_1_137' title='bbox 546 1438 606 1504; x_wconf 78' lang='grc' dir='ltr'>ἦ,</span> <span class='ocrx_word' id='word_1_138' title='bbox 632 1439 744 1492; x_wconf 87' lang='grc' dir='ltr'><strong>Ποῖ</strong></span> <span class='ocrx_word' id='word_1_139' title='bbox 777 1439 928 1507; x_wconf 80' lang='grc' dir='ltr'>δῆτα</span> <span class='ocrx_word' id='word_1_140' title='bbox 955 1442 1187 1509; x_wconf 72' lang='grc' dir='ltr'>ἐπείγῃ,</span> <span class='ocrx_word' id='word_1_141' title='bbox 1214 1441 1440 1508; x_wconf 73' lang='grc' dir='ltr'>Δροῦσε</span> <span class='ocrx_word' id='word_1_142' title='bbox 1465 1442 1772 1508; x_wconf 75' lang='grc' dir='ltr'>ἀκόρεστε,</span> <span class='ocrx_word' id='word_1_143' title='bbox 1806 1439 1893 1491; x_wconf 79' lang='grc' dir='ltr'><strong>λέ-</strong></span> 
     </span>
    </p>
   </div>
   <div class='ocr_carea' id='block_1_18' title="bbox 312 1532 1893 1602">
    <p class='ocr_par' dir='ltr' id='par_1_18' title="bbox 312 1532 1893 1602">
     <span class='ocr_line' id='line_1_18' title="bbox 312 1532 1893 1602; baseline 0 -16"><span class='ocrx_word' id='word_1_144' title='bbox 312 1550 432 1601; x_wconf 85' lang='grc' dir='ltr'>γειν</span> <span class='ocrx_word' id='word_1_145' title='bbox 462 1532 614 1602; x_wconf 86' lang='grc' dir='ltr'><strong>αὑτῷ</strong></span> <span class='ocrx_word' id='word_1_146' title='bbox 637 1533 836 1599; x_wconf 71' lang='grc' dir='ltr'>ἔδοξεν.</span> <span class='ocrx_word' id='word_1_147' title='bbox 865 1536 948 1588; x_wconf 84' lang='grc' dir='ltr'><strong>Οὐ</strong></span> <span class='ocrx_word' id='word_1_148' title='bbox 987 1534 1186 1588; x_wconf 81' lang='grc' dir='ltr'>πάντα</span> <span class='ocrx_word' id='word_1_149' title='bbox 1228 1550 1326 1587; x_wconf 88' lang='grc' dir='ltr'><strong>σοι</strong></span> <span class='ocrx_word' id='word_1_150' title='bbox 1356 1533 1542 1587; x_wconf 82' lang='grc' dir='ltr'>ταῦτα</span> <span class='ocrx_word' id='word_1_151' title='bbox 1575 1533 1726 1588; x_wconf 73' lang='grc' dir='ltr'><strong>ἰδεῖν</strong></span> <span class='ocrx_word' id='word_1_152' title='bbox 1791 1533 1893 1586; x_wconf 76' lang='grc' dir='ltr'>πέ-</span> 
     </span>
    </p>
   </div>
   <div class='ocr_carea' id='block_1_19' title="bbox 314 1627 1896 1699">
    <p class='ocr_par' dir='ltr' id='par_1_19' title="bbox 314 1627 1896 1699">
     <span class='ocr_line' id='line_1_19' title="bbox 314 1627 1896 1699; baseline -0.001 -19"><span class='ocrx_word' id='word_1_153' title='bbox 314 1644 557 1694; x_wconf 81' lang='grc' dir='ltr'>πρωται.</span> <span class='ocrx_word' id='word_1_154' title='bbox 589 1628 749 1682; x_wconf 70' lang='grc' dir='ltr'><strong>Ἀλλ’</strong></span> <span class='ocrx_word' id='word_1_155' title='bbox 781 1627 947 1682; x_wconf 73' lang='grc' dir='ltr'>ἄπιθι</span> <span class='ocrx_word' id='word_1_156' title='bbox 977 1643 990 1658; x_wconf 84' lang='lat'><strong><em>°</em></strong></span> <span class='ocrx_word' id='word_1_157' title='bbox 1020 1627 1138 1697; x_wconf 75' lang='grc' dir='ltr'>ἤδη</span> <span class='ocrx_word' id='word_1_158' title='bbox 1170 1628 1279 1697; x_wconf 80' lang='grc' dir='ltr'>γάρ</span> <span class='ocrx_word' id='word_1_159' title='bbox 1303 1645 1402 1682; x_wconf 68' lang='grc' dir='ltr'><strong>σοι</strong></span> <span class='ocrx_word' id='word_1_160' title='bbox 1425 1628 1524 1681; x_wconf 76' lang='grc' dir='ltr'>καὶ</span> <span class='ocrx_word' id='word_1_161' title='bbox 1554 1628 1592 1694; x_wconf 74' lang='grc' dir='ltr'><em>ἡ</em></span> <span class='ocrx_word' id='word_1_162' title='bbox 1634 1627 1739 1682; x_wconf 79' lang='grc' dir='ltr'><strong>τοῦ</strong></span> <span class='ocrx_word' id='word_1_163' title='bbox 1764 1627 1896 1699; x_wconf 83' lang='grc' dir='ltr'>βίου</span> 
     </span>
    </p>
   </div>
   <div class='ocr_carea' id='block_1_20' title="bbox 315 1693 1971 1790">
    <p class='ocr_par' dir='ltr' id='par_1_20' title="bbox 315 1693 1971 1790">
     <span class='ocr_line' id='line_1_20' title="bbox 315 1693 1971 1790; baseline -0.001 -17"><span class='ocrx_word' id='word_1_164' title='bbox 315 1693 416 1773; x_wconf 73' lang='grc' dir='ltr'><strong>καί</strong></span> <span class='ocrx_word' id='word_1_165' title='bbox 446 1723 484 1786; x_wconf 71' lang='grc' dir='ltr'><em>ἠ</em></span> <span class='ocrx_word' id='word_1_166' title='bbox 513 1721 632 1772; x_wconf 76' lang='grc' dir='ltr'><strong>τῶν</strong></span> <span class='ocrx_word' id='word_1_167' title='bbox 658 1721 848 1787; x_wconf 71' lang='grc' dir='ltr'>ἔργων</span> <span class='ocrx_word' id='word_1_168' title='bbox 874 1693 1133 1790; x_wconf 67' lang='grc' dir='ltr'>πάρεστι</span> <span class='ocrx_word' id='word_1_169' title='bbox 1157 1693 1429 1786; x_wconf 40' lang='grc' dir='ltr'>τελευτή.</span> <span class='ocrx_word' id='word_1_170' title='bbox 1469 1693 1897 1789; x_wconf 48' lang='grc' dir='ltr'>’Υποστρέῇοντι</span> <span class='ocrx_word' id='word_1_171' title='bbox 1927 1693 1971 1752; x_wconf 80' lang='grc' dir='ltr'><strong>Β</strong></span> 
     </span>
    </p>
   </div>
   <div class='ocr_carea' id='block_1_21' title="bbox 313 1805 1893 1885">
    <p class='ocr_par' dir='ltr' id='par_1_21' title="bbox 313 1805 1893 1885">
     <span class='ocr_line' id='line_1_21' title="bbox 313 1805 1893 1885; baseline -0.001 -21"><span class='ocrx_word' id='word_1_172' title='bbox 313 1813 358 1864; x_wconf 85' lang='grc' dir='ltr'>δ’</span> <span class='ocrx_word' id='word_1_173' title='bbox 393 1813 601 1865; x_wconf 81' lang='grc' dir='ltr'>ἐκεῖθεν</span> <span class='ocrx_word' id='word_1_174' title='bbox 639 1805 788 1879; x_wconf 79' lang='grc' dir='ltr'>αὑτῷ</span> <span class='ocrx_word' id='word_1_175' title='bbox 822 1816 974 1876; x_wconf 80' lang='grc' dir='ltr'>νόσος</span> <span class='ocrx_word' id='word_1_176' title='bbox 996 1813 1318 1881; x_wconf 71' lang='grc' dir='ltr'>ἐνέσκηψεν,</span> <span class='ocrx_word' id='word_1_177' title='bbox 1353 1813 1411 1877; x_wconf 72' lang='grc' dir='ltr'><strong>ἐξ</strong></span> <span class='ocrx_word' id='word_1_178' title='bbox 1436 1807 1504 1885; x_wconf 84' lang='grc' dir='ltr'>ἦς</span> <span class='ocrx_word' id='word_1_179' title='bbox 1553 1812 1893 1876; x_wconf 76' lang='grc' dir='ltr'>ἐτελεύτησε.</span> 
     </span>
    </p>
   </div>
   <div class='ocr_carea' id='block_1_22' title="bbox 320 1901 1900 1973">
    <p class='ocr_par' dir='ltr' id='par_1_22' title="bbox 320 1901 1900 1973">
     <span class='ocr_line' id='line_1_22' title="bbox 320 1901 1900 1973; baseline -0.001 -17"><span class='ocrx_word' id='word_1_180' title='bbox 320 1903 628 1973; x_wconf 76' lang='grc' dir='ltr'>Πυθόμενος</span> <span class='ocrx_word' id='word_1_181' title='bbox 661 1903 706 1954; x_wconf 83' lang='grc' dir='ltr'>δ’</span> <span class='ocrx_word' id='word_1_182' title='bbox 735 1905 763 1954; x_wconf 78' lang='grc' dir='ltr'><strong>ὁ</strong></span> <span class='ocrx_word' id='word_1_183' title='bbox 798 1903 1160 1972; x_wconf 77' lang='grc' dir='ltr'>αὐτοκράτωρ</span> <span class='ocrx_word' id='word_1_184' title='bbox 1187 1902 1268 1955; x_wconf 82' lang='grc' dir='ltr'><strong>ὅτι</strong></span> <span class='ocrx_word' id='word_1_185' title='bbox 1300 1905 1463 1966; x_wconf 83' lang='grc' dir='ltr'>νοσεῖ,</span> <span class='ocrx_word' id='word_1_186' title='bbox 1505 1901 1596 1954; x_wconf 72' lang='grc' dir='ltr'>τὸν</span> <span class='ocrx_word' id='word_1_187' title='bbox 1647 1902 1900 1972; x_wconf 73' lang='grc' dir='ltr'>Τιϐέριον</span> 
     </span>
    </p>
   </div>
   <div class='ocr_carea' id='block_1_23' title="bbox 316 1986 1901 2062">
    <p class='ocr_par' dir='ltr' id='par_1_23' title="bbox 316 1986 1901 2062">
     <span class='ocr_line' id='line_1_23' title="bbox 316 1986 1901 2062; baseline 0 -18"><span class='ocrx_word' id='word_1_188' title='bbox 316 1994 459 2045; x_wconf 79' lang='grc' dir='ltr'>κατὰ</span> <span class='ocrx_word' id='word_1_189' title='bbox 488 1994 649 2062; x_wconf 81' lang='grc' dir='ltr'>τάχος</span> <span class='ocrx_word' id='word_1_190' title='bbox 685 1992 955 2061; x_wconf 76' lang='grc' dir='ltr'>ἔπεμψεν,</span> <span class='ocrx_word' id='word_1_191' title='bbox 989 1992 1046 2054; x_wconf 76' lang='grc' dir='ltr'>ὃς</span> <span class='ocrx_word' id='word_1_192' title='bbox 1079 1991 1323 2060; x_wconf 77' lang='grc' dir='ltr'>ἔμπνουν</span> <span class='ocrx_word' id='word_1_193' title='bbox 1357 2009 1415 2042; x_wconf 93' lang='grc' dir='ltr'><strong>τε</strong></span> <span class='ocrx_word' id='word_1_194' title='bbox 1443 1991 1603 2044; x_wconf 73' lang='grc' dir='ltr'>αὑτὸν</span> <span class='ocrx_word' id='word_1_195' title='bbox 1632 1986 1759 2062; x_wconf 75' lang='grc' dir='ltr'>εὗρε</span> <span class='ocrx_word' id='word_1_196' title='bbox 1806 1993 1901 2046; x_wconf 78' lang='grc' dir='ltr'>καὶ</span> 
     </span>
    </p>
   </div>
   <div class='ocr_carea' id='block_1_24' title="bbox 317 2082 1905 2154">
    <p class='ocr_par' dir='ltr' id='par_1_24' title="bbox 317 2082 1905 2154">
     <span class='ocr_line' id='line_1_24' title="bbox 317 2082 1905 2154; baseline 0.001 -20"><span class='ocrx_word' id='word_1_197' title='bbox 317 2083 552 2136; x_wconf 82' lang='grc' dir='ltr'>θανόντα</span> <span class='ocrx_word' id='word_1_198' title='bbox 581 2085 636 2147; x_wconf 83' lang='grc' dir='ltr'><strong>ἐς</strong></span> <span class='ocrx_word' id='word_1_199' title='bbox 667 2086 764 2153; x_wconf 76' lang='grc' dir='ltr'><strong>τὴν</strong></span> <span class='ocrx_word' id='word_1_200' title='bbox 800 2083 1016 2152; x_wconf 82' lang='grc' dir='ltr'>Ῥώμην</span> <span class='ocrx_word' id='word_1_201' title='bbox 1043 2084 1287 2152; x_wconf 80' lang='grc' dir='ltr'>ἐκόμισε.</span> <span class='ocrx_word' id='word_1_202' title='bbox 1349 2082 1460 2135; x_wconf 78' lang='grc' dir='ltr'><strong>Καὶ</strong></span> <span class='ocrx_word' id='word_1_203' title='bbox 1492 2084 1550 2134; x_wconf 81' lang='grc' dir='ltr'><strong>ἐν</strong></span> <span class='ocrx_word' id='word_1_204' title='bbox 1603 2086 1669 2151; x_wconf 84' lang='grc' dir='ltr'><strong>τῇ</strong></span> <span class='ocrx_word' id='word_1_205' title='bbox 1726 2085 1905 2154; x_wconf 81' lang='grc' dir='ltr'>ἀγορᾷ</span> 
     </span>
    </p>
   </div>
   <div class='ocr_carea' id='block_1_25' title="bbox 320 2173 1903 2244">
    <p class='ocr_par' dir='ltr' id='par_1_25' title="bbox 320 2173 1903 2244">
     <span class='ocr_line' id='line_1_25' title="bbox 320 2173 1903 2244; baseline 0 -18"><span class='ocrx_word' id='word_1_206' title='bbox 320 2175 673 2244; x_wconf 78' lang='grc' dir='ltr'>προτεθέντα,</span> <span class='ocrx_word' id='word_1_207' title='bbox 706 2177 733 2227; x_wconf 85' lang='grc' dir='ltr'><strong>ὃ</strong></span> <span class='ocrx_word' id='word_1_208' title='bbox 773 2192 828 2226; x_wconf 88' lang='grc' dir='ltr'><strong>τε</strong></span> <span class='ocrx_word' id='word_1_209' title='bbox 858 2173 1164 2241; x_wconf 79' lang='grc' dir='ltr'>Αὔγουστος</span> <span class='ocrx_word' id='word_1_210' title='bbox 1201 2176 1294 2226; x_wconf 68' lang='grc' dir='ltr'><strong>καὶ</strong></span> <span class='ocrx_word' id='word_1_211' title='bbox 1338 2175 1366 2224; x_wconf 87' lang='grc' dir='ltr'>ὁ</span> <span class='ocrx_word' id='word_1_212' title='bbox 1398 2173 1666 2242; x_wconf 75' lang='grc' dir='ltr'>Τιϐέριος</span> <span class='ocrx_word' id='word_1_213' title='bbox 1710 2176 1903 2226; x_wconf 83' lang='grc' dir='ltr'>ἐπιτα-</span> 
     </span>
    </p>
   </div>
   <div class='ocr_carea' id='block_1_26' title="bbox 318 2265 1902 2338">
    <p class='ocr_par' dir='ltr' id='par_1_26' title="bbox 318 2265 1902 2338">
     <span class='ocr_line' id='line_1_26' title="bbox 318 2265 1902 2338; baseline 0 -20"><span class='ocrx_word' id='word_1_214' title='bbox 318 2267 464 2335; x_wconf 85' lang='grc' dir='ltr'>φίοις</span> <span class='ocrx_word' id='word_1_215' title='bbox 489 2267 779 2338; x_wconf 73' lang='grc' dir='ltr'>ἐπῄνεσαν.</span> <span class='ocrx_word' id='word_1_216' title='bbox 820 2268 1034 2335; x_wconf 82' lang='grc' dir='ltr'>Νόμους</span> <span class='ocrx_word' id='word_1_217' title='bbox 1090 2267 1147 2318; x_wconf 81' lang='grc' dir='ltr'><strong>δέ</strong></span> <span class='ocrx_word' id='word_1_218' title='bbox 1190 2265 1326 2336; x_wconf 78' lang='grc' dir='ltr'>μετὰ</span> <span class='ocrx_word' id='word_1_219' title='bbox 1368 2265 1544 2318; x_wconf 77' lang='grc' dir='ltr'>ταῦτα</span> <span class='ocrx_word' id='word_1_220' title='bbox 1596 2266 1624 2316; x_wconf 84' lang='grc' dir='ltr'>ὁ</span> <span class='ocrx_word' id='word_1_221' title='bbox 1686 2265 1902 2335; x_wconf 77' lang='grc' dir='ltr'>Καῖσαρ</span> 
     </span>
    </p>
   </div>
   <div class='ocr_carea' id='block_1_27' title="bbox 318 2355 1902 2428">
    <p class='ocr_par' dir='ltr' id='par_1_27' title="bbox 318 2355 1902 2428">
     <span class='ocr_line' id='line_1_27' title="bbox 318 2355 1902 2428; baseline -0.001 -19"><span class='ocrx_word' id='word_1_222' title='bbox 318 2359 630 2428; x_wconf 77' lang='grc' dir='ltr'>εἰσήνεγκε,</span> <span class='ocrx_word' id='word_1_223' title='bbox 663 2360 756 2411; x_wconf 71' lang='grc' dir='ltr'>καὶ</span> <span class='ocrx_word' id='word_1_224' title='bbox 772 2361 880 2419; x_wconf 60' lang='lat' dir='ltr'><strong>toi;</strong></span> <span class='ocrx_word' id='word_1_225' title='bbox 914 2359 1226 2428; x_wconf 76' lang='grc' dir='ltr'>βουλευταῖς</span> <span class='ocrx_word' id='word_1_226' title='bbox 1253 2358 1451 2419; x_wconf 77' lang='grc' dir='ltr'>αὐτοὺς</span> <span class='ocrx_word' id='word_1_227' title='bbox 1477 2355 1902 2426; x_wconf 83' lang='grc' dir='ltr'>ἀναγνῶναι(8¹7)</span> 
     </span>
    </p>
   </div>
   <div class='ocr_carea' id='block_1_28' title="bbox 320 2448 1904 2519">
    <p class='ocr_par' dir='ltr' id='par_1_28' title="bbox 320 2448 1904 2519">
     <span class='ocr_line' id='line_1_28' title="bbox 320 2448 1904 2519; baseline 0 -20"><span class='ocrx_word' id='word_1_228' title='bbox 320 2448 646 2519; x_wconf 82' lang='grc' dir='ltr'>ἐπέτρεψεν,</span> <span class='ocrx_word' id='word_1_229' title='bbox 678 2449 848 2512; x_wconf 81' lang='grc' dir='ltr'>ὅπως,</span> <span class='ocrx_word' id='word_1_230' title='bbox 902 2451 950 2501; x_wconf 86' lang='grc' dir='ltr'><strong>εί</strong></span> <span class='ocrx_word' id='word_1_231' title='bbox 994 2452 1157 2519; x_wconf 78' lang='grc' dir='ltr'>μήτι</span> <span class='ocrx_word' id='word_1_232' title='bbox 1211 2450 1437 2519; x_wconf 82' lang='grc' dir='ltr'>ἀρέσκει</span> <span class='ocrx_word' id='word_1_233' title='bbox 1479 2449 1512 2518; x_wconf 78' lang='grc' dir='ltr'>ἢ</span> <span class='ocrx_word' id='word_1_234' title='bbox 1571 2448 1794 2518; x_wconf 80' lang='grc' dir='ltr'>ἄμεινόν</span> <span class='ocrx_word' id='word_1_235' title='bbox 1851 2466 1904 2499; x_wconf 87' lang='grc' dir='ltr'><strong>τι</strong></span> 
     </span>
    </p>
   </div>
   <div class='ocr_carea' id='block_1_29' title="bbox 320 2539 1903 2612">
    <p class='ocr_par' dir='ltr' id='par_1_29' title="bbox 320 2539 1903 2612">
     <span class='ocr_line' id='line_1_29' title="bbox 320 2539 1903 2612; baseline -0.001 -20"><span class='ocrx_word' id='word_1_236' title='bbox 320 2543 599 2612; x_wconf 80' lang='grc' dir='ltr'>νοήσουσι,</span> <span class='ocrx_word' id='word_1_237' title='bbox 627 2543 873 2594; x_wconf 77' lang='grc' dir='ltr'>εἴπωσιν.</span> <span class='ocrx_word' id='word_1_238' title='bbox 917 2541 1082 2594; x_wconf 78' lang='grc' dir='ltr'>Οὕτω</span> <span class='ocrx_word' id='word_1_239' title='bbox 1137 2543 1247 2610; x_wconf 78' lang='grc' dir='ltr'><strong>γὰρ</strong></span> <span class='ocrx_word' id='word_1_240' title='bbox 1293 2541 1696 2610; x_wconf 78' lang='grc' dir='ltr'>δημοκρατικὸς</span> <span class='ocrx_word' id='word_1_241' title='bbox 1751 2539 1903 2608; x_wconf 75' lang='grc' dir='ltr'>ἠξίου</span> 
     </span>
    </p>
   </div>
   <div class='ocr_carea' id='block_1_30' title="bbox 321 2630 1907 2703">
    <p class='ocr_par' dir='ltr' id='par_1_30' title="bbox 321 2630 1907 2703">
     <span class='ocr_line' id='line_1_30' title="bbox 321 2630 1907 2703; baseline -0.003 -17"><span class='ocrx_word' id='word_1_242' title='bbox 321 2630 484 2697; x_wconf 68' lang='grc' dir='ltr'>εἶναι,</span> <span class='ocrx_word' id='word_1_243' title='bbox 527 2633 665 2685; x_wconf 84' lang='grc' dir='ltr'>ὥστε</span> <span class='ocrx_word' id='word_1_244' title='bbox 702 2633 846 2694; x_wconf 82' lang='grc' dir='ltr'>τινὸς</span> <span class='ocrx_word' id='word_1_245' title='bbox 880 2634 988 2684; x_wconf 86' lang='grc' dir='ltr'><strong>τῶν</strong></span> <span class='ocrx_word' id='word_1_246' title='bbox 1015 2632 1576 2703; x_wconf 73' lang='grc' dir='ltr'>συστρατευσαμένων</span> <span class='ocrx_word' id='word_1_247' title='bbox 1602 2631 1752 2700; x_wconf 80' lang='grc' dir='ltr'><strong>αὑτῷ</strong></span> <span class='ocrx_word' id='word_1_248' title='bbox 1784 2647 1907 2683; x_wconf 79' lang='grc' dir='ltr'>συνο</span> 
     </span>
    </p>
   </div>
   <div class='ocr_carea' id='block_1_31' title="bbox 319 2720 1906 2797">
    <p class='ocr_par' dir='ltr' id='par_1_31' title="bbox 319 2720 1906 2797">
     <span class='ocr_line' id='line_1_31' title="bbox 319 2720 1906 2797; baseline -0.006 -16"><span class='ocrx_word' id='word_1_249' title='bbox 319 2727 681 2797; x_wconf 78' lang='grc' dir='ltr'>ηγορήματος</span> <span class='ocrx_word' id='word_1_250' title='bbox 735 2727 867 2797; x_wconf 86' lang='grc' dir='ltr'>παρ’</span> <span class='ocrx_word' id='word_1_251' title='bbox 895 2725 1061 2778; x_wconf 84' lang='grc' dir='ltr'>αὑτοῦ</span> <span class='ocrx_word' id='word_1_252' title='bbox 1080 2725 1386 2793; x_wconf 74' lang='grc' dir='ltr'>δεηθέντος,</span> <span class='ocrx_word' id='word_1_253' title='bbox 1419 2724 1528 2776; x_wconf 81' lang='grc' dir='ltr'><strong>τῶν</strong></span> <span class='ocrx_word' id='word_1_254' title='bbox 1556 2723 1725 2792; x_wconf 81' lang='grc' dir='ltr'>φίλων</span> <span class='ocrx_word' id='word_1_255' title='bbox 1756 2720 1906 2792; x_wconf 82' lang='grc' dir='ltr'>αὐτῷ</span> 
     </span>
    </p>
   </div>
   <div class='ocr_carea' id='block_1_32' title="bbox 323 2817 1904 2890">
    <p class='ocr_par' dir='ltr' id='par_1_32' title="bbox 323 2817 1904 2890">
     <span class='ocr_line' id='line_1_32' title="bbox 323 2817 1904 2890; baseline -0.003 -19"><span class='ocrx_word' id='word_1_256' title='bbox 323 2820 604 2871; x_wconf 69' lang='grc' dir='ltr'>υυνειπεῖν</span> <span class='ocrx_word' id='word_1_257' title='bbox 633 2837 756 2872; x_wconf 88' lang='grc' dir='ltr'>τινα</span> <span class='ocrx_word' id='word_1_258' title='bbox 788 2820 1056 2890; x_wconf 81' lang='grc' dir='ltr'>ἔπεμπεν,</span> <span class='ocrx_word' id='word_1_259' title='bbox 1117 2818 1192 2880; x_wconf 83' lang='grc' dir='ltr'>ὡς</span> <span class='ocrx_word' id='word_1_260' title='bbox 1234 2817 1394 2879; x_wconf 75' lang='grc' dir='ltr'>αὐτὸς</span> <span class='ocrx_word' id='word_1_261' title='bbox 1427 2818 1528 2868; x_wconf 87' lang='grc' dir='ltr'>οὐκ</span> <span class='ocrx_word' id='word_1_262' title='bbox 1574 2817 1724 2882; x_wconf 83' lang='grc' dir='ltr'>ἄγων</span> <span class='ocrx_word' id='word_1_263' title='bbox 1780 2831 1904 2884; x_wconf 83' lang='grc' dir='ltr'>σχο-</span> 
     </span>
    </p>
   </div>
   <div class='ocr_carea' id='block_1_33' title="bbox 322 2908 1906 2981">
    <p class='ocr_par' dir='ltr' id='par_1_33' title="bbox 322 2908 1906 2981">
     <span class='ocr_line' id='line_1_33' title="bbox 322 2908 1906 2981; baseline -0.001 -21"><span class='ocrx_word' id='word_1_264' title='bbox 322 2913 444 2979; x_wconf 73' lang='grc' dir='ltr'>λήν.</span> <span class='ocrx_word' id='word_1_265' title='bbox 485 2910 638 2963; x_wconf 80' lang='grc' dir='ltr'>Ἐπεὶ</span> <span class='ocrx_word' id='word_1_266' title='bbox 667 2911 723 2964; x_wconf 82' lang='grc' dir='ltr'><strong>δὲ</strong></span> <span class='ocrx_word' id='word_1_267' title='bbox 759 2914 787 2964; x_wconf 83' lang='grc' dir='ltr'>ὁ</span> <span class='ocrx_word' id='word_1_268' title='bbox 820 2913 918 2981; x_wconf 87' lang='grc' dir='ltr'>τῆς</span> <span class='ocrx_word' id='word_1_269' title='bbox 947 2911 1274 2980; x_wconf 69' lang='grc' dir='ltr'>συνηγορίας</span> <span class='ocrx_word' id='word_1_270' title='bbox 1306 2910 1562 2976; x_wconf 82' lang='grc' dir='ltr'>δεόμενος</span> <span class='ocrx_word' id='word_1_271' title='bbox 1618 2908 1906 2976; x_wconf 76' lang='grc' dir='ltr'>ἀχθεσθεὶς</span> 
     </span>
    </p>
   </div>
   <div class='ocr_carea' id='block_1_34' title="bbox 322 3001 1978 3087">
    <p class='ocr_par' dir='ltr' id='par_1_34' title="bbox 322 3001 1978 3087">
     <span class='ocr_line' id='line_1_34' title="bbox 322 3001 1978 3087; baseline -0.001 -33"><span class='ocrx_word' id='word_1_272' title='bbox 322 3005 454 3072; x_wconf 61' lang='grc' dir='ltr'>ἐψηο</span> <span class='ocrx_word' id='word_1_273' title='bbox 506 3001 654 3071; x_wconf 77' lang='grc' dir='ltr'><strong>Ἐγὼ</strong></span> <span class='ocrx_word' id='word_1_274' title='bbox 689 3003 742 3055; x_wconf 83' lang='grc' dir='ltr'>δ’</span> <span class='ocrx_word' id='word_1_275' title='bbox 809 3003 1020 3067; x_wconf 78' lang='grc' dir='ltr'>ὁσάκις</span> <span class='ocrx_word' id='word_1_276' title='bbox 1086 3004 1432 3068; x_wconf 70' lang='grc' dir='ltr'>ἐπικουρίας</span> <span class='ocrx_word' id='word_1_277' title='bbox 1476 3001 1746 3067; x_wconf 81' lang='grc' dir='ltr'>ἑδεήθης,</span> <span class='ocrx_word' id='word_1_278' title='bbox 1799 3002 1978 3087; x_wconf 74' lang='grc' dir='ltr'><strong>οἱ)κο</strong></span> 
     </span>
    </p>
   </div>
   <div class='ocr_carea' id='block_1_35' title="bbox 319 3094 1906 3165">
    <p class='ocr_par' dir='ltr' id='par_1_35' title="bbox 319 3094 1906 3165">
     <span class='ocr_line' id='line_1_35' title="bbox 319 3094 1906 3165; baseline -0.002 -17"><span class='ocrx_word' id='word_1_279' title='bbox 319 3095 526 3149; x_wconf 74' lang='grc' dir='ltr'><em>ἄλλον</em></span> <span class='ocrx_word' id='word_1_280' title='bbox 565 3094 694 3148; x_wconf 80' lang='grc' dir='ltr'><strong>ἀντ’</strong></span> <span class='ocrx_word' id='word_1_281' title='bbox 749 3095 1008 3164; x_wconf 81' lang='grc' dir='ltr'>ἐμαυτοῦ</span> <span class='ocrx_word' id='word_1_282' title='bbox 1079 3095 1340 3165; x_wconf 65' lang='grc' dir='ltr'>ἔπεμψα,</span> <span class='ocrx_word' id='word_1_283' title='bbox 1396 3095 1533 3147; x_wconf 71' lang='grc' dir='ltr'><strong>ἀλλ’</strong></span> <span class='ocrx_word' id='word_1_284' title='bbox 1588 3094 1771 3158; x_wconf 73' lang='grc' dir='ltr'>αὑτός</span> <span class='ocrx_word' id='word_1_285' title='bbox 1790 3109 1906 3145; x_wconf 87' lang='grc' dir='ltr'><strong>σου</strong></span> 
     </span>
    </p>
   </div>
   <div class='ocr_carea' id='block_1_36' title="bbox 322 3184 1908 3254">
    <p class='ocr_par' dir='ltr' id='par_1_36' title="bbox 322 3184 1908 3254">
     <span class='ocr_line' id='line_1_36' title="bbox 322 3184 1908 3254; baseline -0.003 -15"><span class='ocrx_word' id='word_1_286' title='bbox 322 3185 882 3254; x_wconf 75' lang='grc' dir='ltr'>προεκινδύνευσα·</span> <span class='ocrx_word' id='word_1_287' title='bbox 923 3189 1002 3247; x_wconf 75' lang='grc' dir='ltr'><strong>εἰς</strong></span> <span class='ocrx_word' id='word_1_288' title='bbox 1025 3187 1084 3240; x_wconf 74' lang='grc' dir='ltr'>τὸ</span> <span class='ocrx_word' id='word_1_289' title='bbox 1123 3187 1478 3254; x_wconf 79' lang='grc' dir='ltr'>δικαστήριόν</span> <span class='ocrx_word' id='word_1_290' title='bbox 1530 3202 1591 3238; x_wconf 89' lang='grc' dir='ltr'><strong>τε</strong></span> <span class='ocrx_word' id='word_1_291' title='bbox 1651 3184 1908 3254; x_wconf 81' lang='grc' dir='ltr'>ἐφοίτησε</span> 
     </span>
    </p>
   </div>
   <div class='ocr_carea' id='block_1_37' title="bbox 325 3278 1909 3350">
    <p class='ocr_par' dir='ltr' id='par_1_37' title="bbox 325 3278 1909 3350">
     <span class='ocr_line' id='line_1_37' title="bbox 325 3278 1909 3350; baseline -0.001 -19"><span class='ocrx_word' id='word_1_292' title='bbox 325 3280 426 3331; x_wconf 66' lang='grc' dir='ltr'>καὶ</span> <span class='ocrx_word' id='word_1_293' title='bbox 457 3279 608 3350; x_wconf 84' lang='grc' dir='ltr'><strong>αὐτῷ</strong></span> <span class='ocrx_word' id='word_1_294' title='bbox 643 3280 1040 3350; x_wconf 80' lang='grc' dir='ltr'>συνηγόρησεν.</span> <span class='ocrx_word' id='word_1_295' title='bbox 1071 3279 1433 3332; x_wconf 82' lang='grc' dir='ltr'>Αἱτιαθέντων</span> <span class='ocrx_word' id='word_1_296' title='bbox 1485 3278 1545 3330; x_wconf 85' lang='grc' dir='ltr'><strong>δέ</strong></span> <span class='ocrx_word' id='word_1_297' title='bbox 1601 3293 1763 3329; x_wconf 88' lang='grc' dir='ltr'>τινων</span> <span class='ocrx_word' id='word_1_298' title='bbox 1807 3278 1909 3345; x_wconf 88' lang='grc' dir='ltr'>ἁρ-</span> 
     </span>
    </p>
   </div>
   <div class='ocr_carea' id='block_1_38' title="bbox 326 3366 1908 3443">
    <p class='ocr_par' dir='ltr' id='par_1_38' title="bbox 326 3366 1908 3443">
     <span class='ocr_line' id='line_1_38' title="bbox 326 3366 1908 3443; baseline -0.005 -17"><span class='ocrx_word' id='word_1_299' title='bbox 326 3374 538 3443; x_wconf 79' lang='grc' dir='ltr'>χόντων</span> <span class='ocrx_word' id='word_1_300' title='bbox 561 3373 634 3435; x_wconf 80' lang='grc' dir='ltr'><strong>ὡς</strong></span> <span class='ocrx_word' id='word_1_301' title='bbox 662 3374 726 3425; x_wconf 82' lang='grc' dir='ltr'><strong>ἐκ</strong></span> <span class='ocrx_word' id='word_1_302' title='bbox 754 3370 1030 3442; x_wconf 73' lang='grc' dir='ltr'>δεκασμοῦ</span> <span class='ocrx_word' id='word_1_303' title='bbox 1072 3371 1168 3434; x_wconf 75' lang='grc' dir='ltr'>τὰς</span> <span class='ocrx_word' id='word_1_304' title='bbox 1217 3371 1394 3440; x_wconf 73' lang='grc' dir='ltr'>ἀρχὰς</span> <span class='ocrx_word' id='word_1_305' title='bbox 1449 3370 1749 3432; x_wconf 80' lang='grc' dir='ltr'>λαϐόντων,</span> <span class='ocrx_word' id='word_1_306' title='bbox 1798 3366 1908 3419; x_wconf 79' lang='grc' dir='ltr'>οὒτ’</span> 
     </span>
    </p>
   </div>
   <div class='ocr_carea' id='block_1_39' title="bbox 323 3458 1908 3536">
    <p class='ocr_par' dir='ltr' id='par_1_39' title="bbox 323 3458 1908 3536">
     <span class='ocr_line' id='line_1_39' title="bbox 323 3458 1908 3536; baseline -0.008 -13"><span class='ocrx_word' id='word_1_307' title='bbox 323 3466 609 3536; x_wconf 67' lang='grc' dir='ltr'>ἐξήλεγξε,</span> <span class='ocrx_word' id='word_1_308' title='bbox 646 3468 740 3518; x_wconf 74' lang='grc' dir='ltr'><strong>καὶ</strong></span> <span class='ocrx_word' id='word_1_309' title='bbox 786 3464 1249 3535; x_wconf 79' lang='grc' dir='ltr'>προσεποιήσατο,</span> <span class='ocrx_word' id='word_1_310' title='bbox 1279 3462 1412 3533; x_wconf 78' lang='grc' dir='ltr'>μηδὲ</span> <span class='ocrx_word' id='word_1_311' title='bbox 1468 3461 1671 3529; x_wconf 65' lang='grc' dir='ltr'>γνῶ-ραι</span> <span class='ocrx_word' id='word_1_312' title='bbox 1731 3458 1908 3514; x_wconf 83' lang='grc' dir='ltr'>τοῦτο.</span> 
     </span>
    </p>
   </div>
   <div class='ocr_carea' id='block_1_40' title="bbox 328 3553 1911 3625">
    <p class='ocr_par' dir='ltr' id='par_1_40' title="bbox 328 3553 1911 3625">
     <span class='ocr_line' id='line_1_40' title="bbox 328 3553 1911 3625; baseline -0.001 -17"><span class='ocrx_word' id='word_1_313' title='bbox 328 3555 472 3608; x_wconf 79' lang='grc' dir='ltr'>Οὔτε</span> <span class='ocrx_word' id='word_1_314' title='bbox 494 3557 602 3625; x_wconf 81' lang='grc' dir='ltr'>γὰρ</span> <span class='ocrx_word' id='word_1_315' title='bbox 629 3558 856 3609; x_wconf 80' lang='grc' dir='ltr'>κολάσαι</span> <span class='ocrx_word' id='word_1_316' title='bbox 890 3555 1042 3618; x_wconf 85' lang='grc' dir='ltr'>τινὰς</span> <span class='ocrx_word' id='word_1_317' title='bbox 1085 3555 1174 3607; x_wconf 83' lang='grc' dir='ltr'>διὰ</span> <span class='ocrx_word' id='word_1_318' title='bbox 1206 3555 1386 3620; x_wconf 84' lang='grc' dir='ltr'>τοῦτο,</span> <span class='ocrx_word' id='word_1_319' title='bbox 1440 3553 1560 3606; x_wconf 76' lang='grc' dir='ltr'>οὔτε</span> <span class='ocrx_word' id='word_1_320' title='bbox 1602 3555 1911 3622; x_wconf 82' lang='grc' dir='ltr'>συγγνῶναι</span> 
     </span>
    </p>
   </div>
   <div class='ocr_carea' id='block_1_41' title="bbox 329 3643 1912 3716">
    <p class='ocr_par' dir='ltr' id='par_1_41' title="bbox 329 3643 1912 3716">
     <span class='ocr_line' id='line_1_41' title="bbox 329 3643 1912 3716; baseline -0.002 -18"><span class='ocrx_word' id='word_1_321' title='bbox 329 3645 670 3716; x_wconf 76' lang='grc' dir='ltr'>ἐλεγχθεῖσιν</span> <span class='ocrx_word' id='word_1_322' title='bbox 697 3645 947 3714; x_wconf 73' lang='grc' dir='ltr'>ἠθέλησε.</span> <span class='ocrx_word' id='word_1_323' title='bbox 997 3644 1103 3712; x_wconf 83' lang='grc' dir='ltr'>Τὴν</span> <span class='ocrx_word' id='word_1_324' title='bbox 1143 3643 1186 3694; x_wconf 87' lang='grc' dir='ltr'>δ’</span> <span class='ocrx_word' id='word_1_325' title='bbox 1222 3645 1515 3712; x_wconf 81' lang='grc' dir='ltr'>ἡγεμονίαν</span> <span class='ocrx_word' id='word_1_326' title='bbox 1562 3644 1785 3710; x_wconf 82' lang='grc' dir='ltr'>καίπερ,</span> <span class='ocrx_word' id='word_1_327' title='bbox 1837 3645 1912 3705; x_wconf 86' lang='grc' dir='ltr'>ὡς</span> 
     </span>
    </p>
   </div>
   <div class='ocr_carea' id='block_1_42' title="bbox 328 3735 1908 3806">
    <p class='ocr_par' dir='ltr' id='par_1_42' title="bbox 328 3735 1908 3806">
     <span class='ocr_line' id='line_1_42' title="bbox 328 3735 1908 3806; baseline -0.003 -15"><span class='ocrx_word' id='word_1_328' title='bbox 328 3740 544 3804; x_wconf 70' lang='grc' dir='ltr'>ἔλεγεν,</span> <span class='ocrx_word' id='word_1_329' title='bbox 580 3740 783 3806; x_wconf 72' lang='grc' dir='ltr'>ἀφιεὶς,</span> <span class='ocrx_word' id='word_1_330' title='bbox 807 3736 995 3803; x_wconf 80' lang='grc' dir='ltr'>ἐπειδὴ</span> <span class='ocrx_word' id='word_1_331' title='bbox 1017 3737 1112 3788; x_wconf 75' lang='grc' dir='ltr'>καὶ</span> <span class='ocrx_word' id='word_1_332' title='bbox 1143 3737 1212 3787; x_wconf 81' lang='grc' dir='ltr'>τὰ</span> <span class='ocrx_word' id='word_1_333' title='bbox 1233 3735 1463 3804; x_wconf 83' lang='grc' dir='ltr'>δεύτερα</span> <span class='ocrx_word' id='word_1_334' title='bbox 1494 3735 1626 3787; x_wconf 83' lang='grc' dir='ltr'>δέκα</span> <span class='ocrx_word' id='word_1_335' title='bbox 1656 3736 1751 3802; x_wconf 78' lang='grc' dir='ltr'><strong>ἔτη</strong></span> <span class='ocrx_word' id='word_1_336' title='bbox 1768 3750 1908 3804; x_wconf 89' lang='grc' dir='ltr'>παρ-</span> 
     </span>
    </p>
   </div>
   <div class='ocr_carea' id='block_1_43' title="bbox 332 3826 1914 3900">
    <p class='ocr_par' dir='ltr' id='par_1_43' title="bbox 332 3826 1914 3900">
     <span class='ocr_line' id='line_1_43' title="bbox 332 3826 1914 3900; baseline -0.003 -17"><span class='ocrx_word' id='word_1_337' title='bbox 332 3832 519 3900; x_wconf 75' lang='grc' dir='ltr'>ῆλθον,</span> <span class='ocrx_word' id='word_1_338' title='bbox 553 3831 702 3884; x_wconf 77' lang='grc' dir='ltr'>ἄκων</span> <span class='ocrx_word' id='word_1_339' title='bbox 729 3830 890 3900; x_wconf 78' lang='grc' dir='ltr'>δῆθεν</span> <span class='ocrx_word' id='word_1_340' title='bbox 919 3826 1078 3890; x_wconf 80' lang='grc' dir='ltr'>αὖθις</span> <span class='ocrx_word' id='word_1_341' title='bbox 1111 3829 1349 3892; x_wconf 77' lang='grc' dir='ltr'>ἐδέξατο,</span> <span class='ocrx_word' id='word_1_342' title='bbox 1385 3828 1458 3887; x_wconf 74' lang='grc' dir='ltr'>ὡς</span> <span class='ocrx_word' id='word_1_343' title='bbox 1504 3827 1596 3880; x_wconf 75' lang='grc' dir='ltr'>ἐπὶ</span> <span class='ocrx_word' id='word_1_344' title='bbox 1626 3829 1752 3890; x_wconf 87' lang='grc' dir='ltr'>τοὺς</span> <span class='ocrx_word' id='word_1_345' title='bbox 1777 3827 1914 3879; x_wconf 81' lang='grc' dir='ltr'>Κελ-</span> 
     </span>
    </p>
   </div>
   <div class='ocr_carea' id='block_1_44' title="bbox 331 3919 1910 3993">
    <p class='ocr_par' dir='ltr' id='par_1_44' title="bbox 331 3919 1910 3993">
     <span class='ocr_line' id='line_1_44' title="bbox 331 3919 1910 3993; baseline -0.004 -17"><span class='ocrx_word' id='word_1_346' title='bbox 331 3926 462 3985; x_wconf 80' lang='grc' dir='ltr'>τοὺς</span> <span class='ocrx_word' id='word_1_347' title='bbox 493 3921 864 3993; x_wconf 84' lang='grc' dir='ltr'>στρατεύσων.</span> <span class='ocrx_word' id='word_1_348' title='bbox 897 3920 1005 3973; x_wconf 77' lang='grc' dir='ltr'><strong>Καὶ</strong></span> <span class='ocrx_word' id='word_1_349' title='bbox 1037 3919 1198 3982; x_wconf 77' lang='grc' dir='ltr'>αὐτὸς</span> <span class='ocrx_word' id='word_1_350' title='bbox 1242 3920 1341 3987; x_wconf 81' lang='grc' dir='ltr'>μὲν</span> <span class='ocrx_word' id='word_1_351' title='bbox 1377 3921 1514 3971; x_wconf 67' lang='grc' dir='ltr'>οἶκοι</span> <span class='ocrx_word' id='word_1_352' title='bbox 1570 3920 1910 3987; x_wconf 73' lang='grc' dir='ltr'>&gt;ατέμεινεν,</span> 
     </span>
    </p>
   </div>
   <div class='ocr_carea' id='block_1_45' title="bbox 334 4011 1918 4081">
    <p class='ocr_par' dir='ltr' id='par_1_45' title="bbox 334 4011 1918 4081">
     <span class='ocr_line' id='line_1_45' title="bbox 334 4011 1918 4081; baseline -0.005 -12"><span class='ocrx_word' id='word_1_353' title='bbox 334 4017 426 4069; x_wconf 88' lang='grc' dir='ltr'>ἐπ’</span> <span class='ocrx_word' id='word_1_354' title='bbox 458 4017 705 4077; x_wconf 77' lang='grc' dir='ltr'>ἐκείνους</span> <span class='ocrx_word' id='word_1_355' title='bbox 733 4014 788 4066; x_wconf 81' lang='grc' dir='ltr'><strong>δέ</strong></span> <span class='ocrx_word' id='word_1_356' title='bbox 814 4013 902 4066; x_wconf 74' lang='grc' dir='ltr'><strong>τὸν</strong></span> <span class='ocrx_word' id='word_1_357' title='bbox 926 4014 967 4063; x_wconf 86' lang='grc' dir='ltr'><strong>Τ</strong></span> <span class='ocrx_word' id='word_1_358' title='bbox 975 4012 1178 4081; x_wconf 79' lang='grc' dir='ltr'>ιὸέριον</span> <span class='ocrx_word' id='word_1_359' title='bbox 1221 4011 1485 4080; x_wconf 68' lang='grc' dir='ltr'>ἔπεμψεν.</span> <span class='ocrx_word' id='word_1_360' title='bbox 1544 4013 1641 4062; x_wconf 73' lang='lat' dir='ltr'><strong>“Ov</strong></span> <span class='ocrx_word' id='word_1_361' title='bbox 1694 4011 1918 4064; x_wconf 74' lang='grc' dir='ltr'>ἐπανελ-</span> 
     </span>
    </p>
   </div>
   <div class='ocr_carea' id='block_1_46' title="bbox 333 4104 1918 4175">
    <p class='ocr_par' dir='ltr' id='par_1_46' title="bbox 333 4104 1918 4175">
     <span class='ocr_line' id='line_1_46' title="bbox 333 4104 1918 4175; baseline -0.004 -13"><span class='ocrx_word' id='word_1_362' title='bbox 333 4110 502 4162; x_wconf 78' lang='grc' dir='ltr'>θόντα</span> <span class='ocrx_word' id='word_1_363' title='bbox 540 4110 762 4161; x_wconf 75' lang='grc' dir='ltr'>ἀνεῖπεν</span> <span class='ocrx_word' id='word_1_364' title='bbox 799 4106 1202 4175; x_wconf 71' lang='grc' dir='ltr'>αὐτοκράτορα,</span> <span class='ocrx_word' id='word_1_365' title='bbox 1227 4106 1320 4158; x_wconf 74' lang='grc' dir='ltr'><strong>καὶ</strong></span> <span class='ocrx_word' id='word_1_366' title='bbox 1380 4104 1584 4157; x_wconf 80' lang='grc' dir='ltr'>ὕπατον</span> <span class='ocrx_word' id='word_1_367' title='bbox 1628 4104 1783 4166; x_wconf 79' lang='grc' dir='ltr'>αὖθις</span> <span class='ocrx_word' id='word_1_368' title='bbox 1811 4105 1918 4156; x_wconf 71' lang='lat' dir='ltr'><strong>d1:-</strong></span> 
     </span>
    </p>
   </div>
   <div class='ocr_carea' id='block_1_47' title="bbox 334 4196 1918 4265">
    <p class='ocr_par' dir='ltr' id='par_1_47' title="bbox 334 4196 1918 4265">
     <span class='ocr_line' id='line_1_47' title="bbox 334 4196 1918 4265; baseline -0.004 -10"><span class='ocrx_word' id='word_1_369' title='bbox 334 4202 514 4265; x_wconf 74' lang='grc' dir='ltr'>ἐδειξε</span> <span class='ocrx_word' id='word_1_370' title='bbox 547 4205 642 4254; x_wconf 74' lang='grc' dir='ltr'><strong>καὶ</strong></span> <span class='ocrx_word' id='word_1_371' title='bbox 701 4201 817 4260; x_wconf 85' lang='grc' dir='ltr'>τοῖς</span> <span class='ocrx_word' id='word_1_372' title='bbox 853 4200 1146 4260; x_wconf 75' lang='grc' dir='ltr'>ἐπινικίοις</span> <span class='ocrx_word' id='word_1_373' title='bbox 1184 4201 1496 4264; x_wconf 74' lang='grc' dir='ltr'>ἐσέμνυνεν.</span> <span class='ocrx_word' id='word_1_374' title='bbox 1534 4198 1705 4260; x_wconf 83' lang='grc' dir='ltr'>Αὐτὸς</span> <span class='ocrx_word' id='word_1_375' title='bbox 1737 4197 1792 4248; x_wconf 83' lang='grc' dir='ltr'>δὲ</span> <span class='ocrx_word' id='word_1_376' title='bbox 1824 4196 1918 4249; x_wconf 83' lang='grc' dir='ltr'><strong>τὸν</strong></span> 
     </span>
    </p>
   </div>
   <div class='ocr_carea' id='block_1_48' title="bbox 337 4289 1914 4361">
    <p class='ocr_par' dir='ltr' id='par_1_48' title="bbox 337 4289 1914 4361">
     <span class='ocr_line' id='line_1_48' title="bbox 337 4289 1914 4361; baseline -0.004 -13"><span class='ocrx_word' id='word_1_377' title='bbox 337 4294 616 4358; x_wconf 78' lang='grc' dir='ltr'>Σεξτίλιον</span> <span class='ocrx_word' id='word_1_378' title='bbox 641 4293 978 4361; x_wconf 73' lang='grc' dir='ltr'>καλούμενον</span> <span class='ocrx_word' id='word_1_379' title='bbox 1015 4293 1159 4360; x_wconf 82' lang='grc' dir='ltr'>μῆνα</span> <span class='ocrx_word' id='word_1_380' title='bbox 1179 4289 1508 4357; x_wconf 76' lang='grc' dir='ltr'>Ἀὔγουστον</span> <span class='ocrx_word' id='word_1_381' title='bbox 1543 4291 1914 4359; x_wconf 82' lang='grc' dir='ltr'>ἁντωνόμασε.</span> 
     </span>
    </p>
   </div>
   <div class='ocr_carea' id='block_1_49' title="bbox 2067 1063 3573 1137">
    <p class='ocr_par' dir='ltr' id='par_1_49' title="bbox 2067 1063 3573 1137">
     <span class='ocr_line' id='line_1_49' title="bbox 2067 1063 3573 1137; baseline 0.005 -20"><span class='ocrx_word' id='word_1_382' title='bbox 2067 1063 2284 1120; x_wconf 73' lang='lat' dir='ltr'><strong>XXXV.</strong></span> <span class='ocrx_word' id='word_1_383' title='bbox 2325 1065 2484 1119; x_wconf 83' lang='lat' dir='ltr'><strong>Anno</strong></span> <span class='ocrx_word' id='word_1_384' title='bbox 2539 1066 2790 1137; x_wconf 88' lang='lat' dir='ltr'><strong>sequenti</strong></span> <span class='ocrx_word' id='word_1_385' title='bbox 2851 1067 3062 1122; x_wconf 86' lang='lat' dir='ltr'><strong>Drusus</strong></span> <span class='ocrx_word' id='word_1_386' title='bbox 3116 1071 3306 1124; x_wconf 82' lang='lat' dir='ltr'><strong>consul</strong></span> <span class='ocrx_word' id='word_1_387' title='bbox 3373 1070 3573 1136; x_wconf 78' lang='lat' dir='ltr'><strong>factus,</strong></span> 
     </span>
    </p>
   </div>
   <div class='ocr_carea' id='block_1_50' title="bbox 1998 1157 3577 1225">
    <p class='ocr_par' dir='ltr' id='par_1_50' title="bbox 1998 1157 3577 1225">
     <span class='ocr_line' id='line_1_50' title="bbox 1998 1157 3577 1225; baseline 0.007 -18"><span class='ocrx_word' id='word_1_388' title='bbox 1998 1157 2254 1225; x_wconf 76' lang='lat' dir='ltr'><strong>gentibus</strong></span> <span class='ocrx_word' id='word_1_389' title='bbox 2286 1157 2613 1224; x_wconf 86' lang='lat' dir='ltr'><strong>quibusdam</strong></span> <span class='ocrx_word' id='word_1_390' title='bbox 2649 1159 2852 1213; x_wconf 87' lang='lat' dir='ltr'><strong>bellum</strong></span> <span class='ocrx_word' id='word_1_391' title='bbox 2882 1159 3068 1214; x_wconf 88' lang='lat' dir='ltr'><strong>intulit</strong></span> <span class='ocrx_word' id='word_1_392' title='bbox 3101 1180 3112 1214; x_wconf 91' lang='lat'><strong>:</strong></span> <span class='ocrx_word' id='word_1_393' title='bbox 3142 1174 3226 1224; x_wconf 88' lang='lat' dir='ltr'><strong>et,</strong></span> <span class='ocrx_word' id='word_1_394' title='bbox 3261 1179 3386 1218; x_wconf 90' lang='lat' dir='ltr'><strong>cum</strong></span> <span class='ocrx_word' id='word_1_395' title='bbox 3433 1180 3577 1218; x_wconf 83' lang='lat' dir='ltr'><strong>non-</strong></span> 
     </span>
    </p>
   </div>
   <div class='ocr_carea' id='block_1_51' title="bbox 2006 1246 3579 1320">
    <p class='ocr_par' dir='ltr' id='par_1_51' title="bbox 2006 1246 3579 1320">
     <span class='ocr_line' id='line_1_51' title="bbox 2006 1246 3579 1320; baseline 0.006 -21"><span class='ocrx_word' id='word_1_396' title='bbox 2006 1247 2174 1300; x_wconf 87' lang='lat' dir='ltr'><strong>nullis</strong></span> <span class='ocrx_word' id='word_1_397' title='bbox 2200 1246 2444 1302; x_wconf 73' lang='lat' dir='ltr'><strong>subactis</strong></span> <span class='ocrx_word' id='word_1_398' title='bbox 2480 1249 2714 1303; x_wconf 89' lang='lat' dir='ltr'><strong>ulterius</strong></span> <span class='ocrx_word' id='word_1_399' title='bbox 2741 1251 2998 1320; x_wconf 78' lang='lat' dir='ltr'><strong>progredi</strong></span> <span class='ocrx_word' id='word_1_400' title='bbox 3029 1253 3344 1318; x_wconf 85' lang='lat' dir='ltr'><strong>statuisset,</strong></span> <span class='ocrx_word' id='word_1_401' title='bbox 3380 1257 3579 1309; x_wconf 83' lang='lat' dir='ltr'><strong>mulier</strong></span> 
     </span>
    </p>
   </div>
   <div class='ocr_carea' id='block_1_52' title="bbox 2003 1339 3577 1410">
    <p class='ocr_par' dir='ltr' id='par_1_52' title="bbox 2003 1339 3577 1410">
     <span class='ocr_line' id='line_1_52' title="bbox 2003 1339 3577 1410; baseline 0.005 -18"><span class='ocrx_word' id='word_1_402' title='bbox 2003 1339 2052 1392; x_wconf 87' lang='lat' dir='ltr'><strong>ei</strong></span> <span class='ocrx_word' id='word_1_403' title='bbox 2095 1346 2286 1392; x_wconf 88' lang='lat' dir='ltr'><strong>natura</strong></span> <span class='ocrx_word' id='word_1_404' title='bbox 2325 1339 2562 1394; x_wconf 85' lang='lat' dir='ltr'><strong>humana</strong></span> <span class='ocrx_word' id='word_1_405' title='bbox 2609 1342 2783 1410; x_wconf 86' lang='lat' dir='ltr'><strong>major</strong></span> <span class='ocrx_word' id='word_1_406' title='bbox 2822 1341 3017 1407; x_wconf 84' lang='lat' dir='ltr'><strong>obvia,</strong></span> <span class='ocrx_word' id='word_1_407' title='bbox 3051 1342 3234 1398; x_wconf 86' lang='lat' dir='ltr'><strong>dicere</strong></span> <span class='ocrx_word' id='word_1_408' title='bbox 3284 1344 3398 1399; x_wconf 86' lang='lat' dir='ltr'><strong>visa</strong></span> <span class='ocrx_word' id='word_1_409' title='bbox 3440 1357 3524 1400; x_wconf 89' lang='lat' dir='ltr'><strong>est</strong></span> <span class='ocrx_word' id='word_1_410' title='bbox 3560 1363 3577 1401; x_wconf 89' lang='lat'><strong>:</strong></span> 
     </span>
    </p>
   </div>
   <div class='ocr_carea' id='block_1_53' title="bbox 2005 1431 3580 1508">
    <p class='ocr_par' dir='ltr' id='par_1_53' title="bbox 2005 1431 3580 1508">
     <span class='ocr_line' id='line_1_53' title="bbox 2005 1431 3580 1508; baseline 0.006 -25"><span class='ocrx_word' id='word_1_411' title='bbox 2005 1431 2246 1496; x_wconf 83' lang='lat' dir='ltr'><strong>Quonam</strong></span> <span class='ocrx_word' id='word_1_412' title='bbox 2281 1448 2560 1502; x_wconf 79' lang='lat' dir='ltr'><strong>properas,</strong></span> <span class='ocrx_word' id='word_1_413' title='bbox 2593 1433 2760 1486; x_wconf 80' lang='lat' dir='ltr'><strong>Druse</strong></span> <span class='ocrx_word' id='word_1_414' title='bbox 2799 1435 3160 1490; x_wconf 79' lang='lat' dir='ltr'><strong>insatiabilis?</strong></span> <span class='ocrx_word' id='word_1_415' title='bbox 3205 1435 3322 1491; x_wconf 87' lang='lat' dir='ltr'><strong>Non</strong></span> <span class='ocrx_word' id='word_1_416' title='bbox 3369 1441 3422 1492; x_wconf 87' lang='lat' dir='ltr'><strong>in</strong></span> <span class='ocrx_word' id='word_1_417' title='bbox 3454 1441 3580 1508; x_wconf 73' lang='lat' dir='ltr'><strong>falis</strong></span> 
     </span>
    </p>
   </div>
   <div class='ocr_carea' id='block_1_54' title="bbox 2003 1528 3577 1600">
    <p class='ocr_par' dir='ltr' id='par_1_54' title="bbox 2003 1528 3577 1600">
     <span class='ocr_line' id='line_1_54' title="bbox 2003 1528 3577 1600; baseline 0.005 -21"><span class='ocrx_word' id='word_1_418' title='bbox 2003 1534 2102 1590; x_wconf 81' lang='lat' dir='ltr'><strong>est,</strong></span> <span class='ocrx_word' id='word_1_419' title='bbox 2133 1535 2190 1579; x_wconf 84' lang='lat' dir='ltr'><strong>ut</strong></span> <span class='ocrx_word' id='word_1_420' title='bbox 2212 1528 2316 1580; x_wconf 82' lang='lat' dir='ltr'><strong>ista</strong></span> <span class='ocrx_word' id='word_1_421' title='bbox 2341 1529 2519 1580; x_wconf 84' lang='lat' dir='ltr'><strong>omnia</strong></span> <span class='ocrx_word' id='word_1_422' title='bbox 2545 1530 2742 1582; x_wconf 75' lang='lat' dir='ltr'><strong>rideas.</strong></span> <span class='ocrx_word' id='word_1_423' title='bbox 2784 1528 2972 1582; x_wconf 70' lang='lat' dir='ltr'><strong>Verum</strong></span> <span class='ocrx_word' id='word_1_424' title='bbox 3009 1531 3147 1583; x_wconf 78' lang='lat' dir='ltr'><strong>abito</strong></span> <span class='ocrx_word' id='word_1_425' title='bbox 3177 1547 3194 1584; x_wconf 91' lang='lat'><em>:</em></span> <span class='ocrx_word' id='word_1_426' title='bbox 3215 1533 3334 1600; x_wconf 87' lang='lat' dir='ltr'><strong>jam</strong></span> <span class='ocrx_word' id='word_1_427' title='bbox 3367 1536 3501 1586; x_wconf 88' lang='lat' dir='ltr'><strong>enim</strong></span> <span class='ocrx_word' id='word_1_428' title='bbox 3530 1546 3577 1588; x_wconf 84' lang='lat' dir='ltr'><strong>et</strong></span> 
     </span>
    </p>
   </div>
   <div class='ocr_carea' id='block_1_55' title="bbox 2003 1613 3580 1692">
    <p class='ocr_par' dir='ltr' id='par_1_55' title="bbox 2003 1613 3580 1692">
     <span class='ocr_line' id='line_1_55' title="bbox 2003 1613 3580 1692; baseline 0.004 -17"><span class='ocrx_word' id='word_1_429' title='bbox 2003 1623 2122 1675; x_wconf 76' lang='lat' dir='ltr'><strong>vita:</strong></span> <span class='ocrx_word' id='word_1_430' title='bbox 2166 1630 2215 1674; x_wconf 87' lang='lat' dir='ltr'><strong>et</strong></span> <span class='ocrx_word' id='word_1_431' title='bbox 2259 1637 2476 1692; x_wconf 82' lang='lat' dir='ltr'><strong>aperum</strong></span> <span class='ocrx_word' id='word_1_432' title='bbox 2523 1624 2614 1677; x_wconf 86' lang='lat' dir='ltr'><strong>tibi</strong></span> <span class='ocrx_word' id='word_1_433' title='bbox 2658 1622 2780 1689; x_wconf 85' lang='lat' dir='ltr'><strong>ﬁnis</strong></span> <span class='ocrx_word' id='word_1_434' title='bbox 2829 1613 3010 1677; x_wconf 75' lang='lat' dir='ltr'><strong>instat.</strong></span> <span class='ocrx_word' id='word_1_435' title='bbox 3063 1625 3192 1678; x_wconf 88' lang='lat' dir='ltr'><strong>lude</strong></span> <span class='ocrx_word' id='word_1_436' title='bbox 3249 1627 3466 1681; x_wconf 86' lang='lat' dir='ltr'><strong>rediens</strong></span> <span class='ocrx_word' id='word_1_437' title='bbox 3526 1630 3580 1682; x_wconf 84' lang='lat' dir='ltr'><strong>in</strong></span> 
     </span>
    </p>
   </div>
   <div class='ocr_carea' id='block_1_56' title="bbox 2002 1714 3581 1789">
    <p class='ocr_par' dir='ltr' id='par_1_56' title="bbox 2002 1714 3581 1789">
     <span class='ocr_line' id='line_1_56' title="bbox 2002 1714 3581 1789; baseline 0.006 -24"><span class='ocrx_word' id='word_1_438' title='bbox 2002 1714 2254 1768; x_wconf 87' lang='lat' dir='ltr'><strong>morbum</strong></span> <span class='ocrx_word' id='word_1_439' title='bbox 2324 1715 2539 1776; x_wconf 85' lang='lat' dir='ltr'><strong>incidit,</strong></span> <span class='ocrx_word' id='word_1_440' title='bbox 2608 1731 2673 1769; x_wconf 59' lang='lat' dir='ltr'><strong>ex</strong></span> <span class='ocrx_word' id='word_1_441' title='bbox 2725 1731 2834 1783; x_wconf 86' lang='lat' dir='ltr'><strong>quo</strong></span> <span class='ocrx_word' id='word_1_442' title='bbox 2887 1717 3143 1771; x_wconf 86' lang='lat' dir='ltr'><strong>decessit.</strong></span> <span class='ocrx_word' id='word_1_443' title='bbox 3205 1719 3333 1789; x_wconf 83' lang='lat' dir='ltr'><strong>Ejus</strong></span> <span class='ocrx_word' id='word_1_444' title='bbox 3385 1721 3581 1775; x_wconf 88' lang='lat' dir='ltr'><strong>morbo</strong></span> 
     </span>
    </p>
   </div>
   <div class='ocr_carea' id='block_1_57' title="bbox 2003 1810 3576 1882">
    <p class='ocr_par' dir='ltr' id='par_1_57' title="bbox 2003 1810 3576 1882">
     <span class='ocr_line' id='line_1_57' title="bbox 2003 1810 3576 1882; baseline 0.002 -17"><span class='ocrx_word' id='word_1_445' title='bbox 2003 1811 2302 1882; x_wconf 86' lang='lat' dir='ltr'><strong>imperator</strong></span> <span class='ocrx_word' id='word_1_446' title='bbox 2351 1811 2561 1874; x_wconf 85' lang='lat' dir='ltr'><strong>audito,</strong></span> <span class='ocrx_word' id='word_1_447' title='bbox 2617 1810 2898 1864; x_wconf 84' lang='lat' dir='ltr'><strong>Tiberium</strong></span> <span class='ocrx_word' id='word_1_448' title='bbox 2956 1811 3284 1866; x_wconf 74' lang='lat' dir='ltr'><strong>festinanter</strong></span> <span class='ocrx_word' id='word_1_449' title='bbox 3335 1815 3402 1869; x_wconf 89' lang='lat' dir='ltr'><strong>ad</strong></span> <span class='ocrx_word' id='word_1_450' title='bbox 3450 1832 3576 1870; x_wconf 86' lang='lat' dir='ltr'><strong>eum</strong></span> 
     </span>
    </p>
   </div>
   <div class='ocr_carea' id='block_1_58' title="bbox 2003 1903 3577 1974">
    <p class='ocr_par' dir='ltr' id='par_1_58' title="bbox 2003 1903 3577 1974">
     <span class='ocr_line' id='line_1_58' title="bbox 2003 1903 3577 1974; baseline 0.001 -16"><span class='ocrx_word' id='word_1_451' title='bbox 2003 1905 2153 1959; x_wconf 88' lang='lat' dir='ltr'><strong>misit</strong></span> <span class='ocrx_word' id='word_1_452' title='bbox 2187 1923 2199 1958; x_wconf 89' lang='lat'><strong>:</strong></span> <span class='ocrx_word' id='word_1_453' title='bbox 2237 1905 2330 1974; x_wconf 88' lang='lat' dir='ltr'><strong>qui</strong></span> <span class='ocrx_word' id='word_1_454' title='bbox 2365 1914 2419 1958; x_wconf 86' lang='lat' dir='ltr'><strong>et</strong></span> <span class='ocrx_word' id='word_1_455' title='bbox 2451 1911 2805 1972; x_wconf 75' lang='lat' dir='ltr'><strong>aegrotantem</strong></span> <span class='ocrx_word' id='word_1_456' title='bbox 2838 1903 2991 1955; x_wconf 84' lang='lat' dir='ltr'><strong>illum</strong></span> <span class='ocrx_word' id='word_1_457' title='bbox 3026 1905 3181 1967; x_wconf 83' lang='lat' dir='ltr'><strong>vidit,</strong></span> <span class='ocrx_word' id='word_1_458' title='bbox 3209 1916 3264 1960; x_wconf 87' lang='lat' dir='ltr'><strong>et</strong></span> <span class='ocrx_word' id='word_1_459' title='bbox 3304 1917 3577 1961; x_wconf 87' lang='lat' dir='ltr'><strong>mortuum</strong></span> 
     </span>
    </p>
   </div>
   <div class='ocr_carea' id='block_1_59' title="bbox 2004 1993 3580 2066">
    <p class='ocr_par' dir='ltr' id='par_1_59' title="bbox 2004 1993 3580 2066">
     <span class='ocr_line' id='line_1_59' title="bbox 2004 1993 3580 2066; baseline 0.002 -16"><span class='ocrx_word' id='word_1_460' title='bbox 2004 1997 2232 2050; x_wconf 80' lang='lat' dir='ltr'><strong>Romam</strong></span> <span class='ocrx_word' id='word_1_461' title='bbox 2267 1995 2554 2050; x_wconf 70' lang='lat' dir='ltr'><strong>advectum</strong></span> <span class='ocrx_word' id='word_1_462' title='bbox 2587 1996 2637 2046; x_wconf 89' lang='lat' dir='ltr'><strong>in</strong></span> <span class='ocrx_word' id='word_1_463' title='bbox 2679 1993 2798 2047; x_wconf 81' lang='lat' dir='ltr'><strong>foro</strong></span> <span class='ocrx_word' id='word_1_464' title='bbox 2837 1997 3143 2063; x_wconf 85' lang='lat' dir='ltr'><strong>proposuit,</strong></span> <span class='ocrx_word' id='word_1_465' title='bbox 3186 2007 3350 2066; x_wconf 87' lang='lat' dir='ltr'><strong>atque</strong></span> <span class='ocrx_word' id='word_1_466' title='bbox 3383 1998 3436 2052; x_wconf 91' lang='lat' dir='ltr'><strong>in</strong></span> <span class='ocrx_word' id='word_1_467' title='bbox 3481 2000 3580 2053; x_wconf 82' lang='lat' dir='ltr'><strong>de-</strong></span> 
     </span>
    </p>
   </div>
   <div class='ocr_carea' id='block_1_60' title="bbox 2005 2085 3580 2155">
    <p class='ocr_par' dir='ltr' id='par_1_60' title="bbox 2005 2085 3580 2155">
     <span class='ocr_line' id='line_1_60' title="bbox 2005 2085 3580 2155; baseline 0.004 -15"><span class='ocrx_word' id='word_1_468' title='bbox 2005 2086 2183 2140; x_wconf 81' lang='lat' dir='ltr'><strong>functi</strong></span> <span class='ocrx_word' id='word_1_469' title='bbox 2217 2087 2438 2140; x_wconf 89' lang='lat' dir='ltr'><strong>laudem</strong></span> <span class='ocrx_word' id='word_1_470' title='bbox 2473 2095 2529 2138; x_wconf 91' lang='lat' dir='ltr'><strong>et</strong></span> <span class='ocrx_word' id='word_1_471' title='bbox 2572 2085 2852 2155; x_wconf 85' lang='lat' dir='ltr'><strong>Augustus</strong></span> <span class='ocrx_word' id='word_1_472' title='bbox 2899 2095 2954 2140; x_wconf 90' lang='lat' dir='ltr'><strong>et</strong></span> <span class='ocrx_word' id='word_1_473' title='bbox 2999 2087 3253 2144; x_wconf 89' lang='lat' dir='ltr'><strong>Tiberius</strong></span> <span class='ocrx_word' id='word_1_474' title='bbox 3301 2092 3580 2146; x_wconf 84' lang='lat' dir='ltr'><strong>orationes</strong></span> 
     </span>
    </p>
   </div>
   <div class='ocr_carea' id='block_1_61' title="bbox 2007 2177 3580 2250">
    <p class='ocr_par' dir='ltr' id='par_1_61' title="bbox 2007 2177 3580 2250">
     <span class='ocr_line' id='line_1_61' title="bbox 2007 2177 3580 2250; baseline 0.004 -19"><span class='ocrx_word' id='word_1_475' title='bbox 2007 2178 2170 2249; x_wconf 77' lang='lat'><strong>533</strong></span> <span class='ocrx_word' id='word_1_476' title='bbox 2198 2179 2530 2232; x_wconf 89' lang='lat' dir='ltr'><strong>habuerunt.</strong></span> <span class='ocrx_word' id='word_1_477' title='bbox 2557 2178 2687 2232; x_wconf 90' lang='lat' dir='ltr'><strong>lnde</strong></span> <span class='ocrx_word' id='word_1_478' title='bbox 2711 2177 2777 2232; x_wconf 90' lang='lat' dir='ltr'><strong>ad</strong></span> <span class='ocrx_word' id='word_1_479' title='bbox 2803 2179 2952 2250; x_wconf 81' lang='lat' dir='ltr'><strong>leges</strong></span> <span class='ocrx_word' id='word_1_480' title='bbox 2979 2179 3232 2236; x_wconf 81' lang='lat' dir='ltr'><strong>ferendas</strong></span> <span class='ocrx_word' id='word_1_481' title='bbox 3254 2197 3580 2250; x_wconf 87' lang='lat' dir='ltr'><strong>conversus,</strong></span> 
     </span>
    </p>
   </div>
   <div class='ocr_carea' id='block_1_62' title="bbox 2007 2267 3582 2341">
    <p class='ocr_par' dir='ltr' id='par_1_62' title="bbox 2007 2267 3582 2341">
     <span class='ocr_line' id='line_1_62' title="bbox 2007 2267 3582 2341; baseline 0.002 -16"><span class='ocrx_word' id='word_1_482' title='bbox 2007 2287 2100 2325; x_wconf 76' lang='lat' dir='ltr'><strong>eas</strong></span> <span class='ocrx_word' id='word_1_483' title='bbox 2143 2269 2491 2324; x_wconf 81' lang='lat' dir='ltr'><strong>senatoribus</strong></span> <span class='ocrx_word' id='word_1_484' title='bbox 2523 2270 2780 2340; x_wconf 82' lang='lat' dir='ltr'><strong>legendas</strong></span> <span class='ocrx_word' id='word_1_485' title='bbox 2813 2271 2988 2333; x_wconf 81' lang='lat' dir='ltr'><strong>dedit,</strong></span> <span class='ocrx_word' id='word_1_486' title='bbox 3024 2281 3083 2325; x_wconf 92' lang='lat' dir='ltr'><strong>ut</strong></span> <span class='ocrx_word' id='word_1_487' title='bbox 3108 2273 3151 2326; x_wconf 93' lang='lat' dir='ltr'><strong>si</strong></span> <span class='ocrx_word' id='word_1_488' title='bbox 3184 2274 3313 2341; x_wconf 88' lang='lat' dir='ltr'><strong>quid</strong></span> <span class='ocrx_word' id='word_1_489' title='bbox 3344 2275 3426 2329; x_wconf 83' lang='lat' dir='ltr'><strong>vel</strong></span> <span class='ocrx_word' id='word_1_490' title='bbox 3476 2267 3582 2328; x_wconf 87' lang='lat' dir='ltr'><strong>im-</strong></span> 
     </span>
    </p>
   </div>
   <div class='ocr_carea' id='block_1_63' title="bbox 2011 2359 3586 2431">
    <p class='ocr_par' dir='ltr' id='par_1_63' title="bbox 2011 2359 3586 2431">
     <span class='ocr_line' id='line_1_63' title="bbox 2011 2359 3586 2431; baseline 0.005 -19"><span class='ocrx_word' id='word_1_491' title='bbox 2011 2362 2328 2431; x_wconf 82' lang='lat' dir='ltr'><strong>probarent,</strong></span> <span class='ocrx_word' id='word_1_492' title='bbox 2386 2361 2468 2414; x_wconf 80' lang='lat' dir='ltr'><strong>vel</strong></span> <span class='ocrx_word' id='word_1_493' title='bbox 2528 2359 2724 2414; x_wconf 87' lang='lat' dir='ltr'><strong>melius</strong></span> <span class='ocrx_word' id='word_1_494' title='bbox 2771 2369 3032 2426; x_wconf 85' lang='lat' dir='ltr'><strong>nossent,</strong></span> <span class='ocrx_word' id='word_1_495' title='bbox 3085 2362 3351 2417; x_wconf 89' lang='lat' dir='ltr'><strong>dicerent.</strong></span> <span class='ocrx_word' id='word_1_496' title='bbox 3433 2366 3586 2420; x_wconf 86' lang='lat' dir='ltr'><strong>Adeo</strong></span> 
     </span>
    </p>
   </div>
   <div class='ocr_carea' id='block_1_64' title="bbox 2007 2451 3586 2521">
    <p class='ocr_par' dir='ltr' id='par_1_64' title="bbox 2007 2451 3586 2521">
     <span class='ocr_line' id='line_1_64' title="bbox 2007 2451 3586 2521; baseline 0.003 -14"><span class='ocrx_word' id='word_1_497' title='bbox 2007 2453 2154 2507; x_wconf 89' lang='lat' dir='ltr'><strong>enim</strong></span> <span class='ocrx_word' id='word_1_498' title='bbox 2191 2453 2509 2521; x_wconf 83' lang='lat' dir='ltr'><strong>pepularem</strong></span> <span class='ocrx_word' id='word_1_499' title='bbox 2545 2467 2602 2505; x_wconf 88' lang='lat' dir='ltr'><strong>se</strong></span> <span class='ocrx_word' id='word_1_500' title='bbox 2637 2451 2934 2520; x_wconf 66' lang='lat' dir='ltr'><strong>pra&#39;bebat,</strong></span> <span class='ocrx_word' id='word_1_501' title='bbox 2972 2464 3030 2508; x_wconf 91' lang='lat' dir='ltr'><strong>ut</strong></span> <span class='ocrx_word' id='word_1_502' title='bbox 3060 2469 3183 2507; x_wconf 88' lang='lat' dir='ltr'><strong>cum</strong></span> <span class='ocrx_word' id='word_1_503' title='bbox 3216 2472 3281 2508; x_wconf 76' lang='lat' dir='ltr'><strong>ex</strong></span> <span class='ocrx_word' id='word_1_504' title='bbox 3311 2457 3586 2511; x_wconf 85' lang='lat' dir='ltr'><strong>commili-</strong></span> 
     </span>
    </p>
   </div>
   <div class='ocr_carea' id='block_1_65' title="bbox 2011 2540 3586 2615">
    <p class='ocr_par' dir='ltr' id='par_1_65' title="bbox 2011 2540 3586 2615">
     <span class='ocr_line' id='line_1_65' title="bbox 2011 2540 3586 2615; baseline 0.003 -20"><span class='ocrx_word' id='word_1_505' title='bbox 2011 2543 2232 2595; x_wconf 89' lang='lat' dir='ltr'><strong>tonibus</strong></span> <span class='ocrx_word' id='word_1_506' title='bbox 2255 2541 2476 2610; x_wconf 87' lang='lat' dir='ltr'><strong>quidam</strong></span> <span class='ocrx_word' id='word_1_507' title='bbox 2510 2557 2635 2595; x_wconf 90' lang='lat' dir='ltr'><strong>eum</strong></span> <span class='ocrx_word' id='word_1_508' title='bbox 2674 2540 2998 2596; x_wconf 85' lang='lat' dir='ltr'><strong>advocatum</strong></span> <span class='ocrx_word' id='word_1_509' title='bbox 3032 2553 3258 2608; x_wconf 77' lang='lat' dir='ltr'><strong>orasset,</strong></span> <span class='ocrx_word' id='word_1_510' title='bbox 3300 2545 3416 2615; x_wconf 88' lang='lat' dir='ltr'><strong>ipse</strong></span> <span class='ocrx_word' id='word_1_511' title='bbox 3451 2563 3586 2602; x_wconf 83' lang='lat' dir='ltr'><strong>vero</strong></span> 
     </span>
    </p>
   </div>
   <div class='ocr_carea' id='block_1_66' title="bbox 2010 2616 3582 2704">
    <p class='ocr_par' dir='ltr' id='par_1_66' title="bbox 2010 2616 3582 2704">
     <span class='ocr_line' id='line_1_66' title="bbox 2010 2616 3582 2704; baseline 0.004 -21"><span class='ocrx_word' id='word_1_512' title='bbox 2010 2640 2232 2700; x_wconf 80' lang='lat' dir='ltr'><strong>propter</strong></span> <span class='ocrx_word' id='word_1_513' title='bbox 2275 2633 2667 2699; x_wconf 87' lang='lat' dir='ltr'><strong>occupationes</strong></span> <span class='ocrx_word' id='word_1_514' title='bbox 2711 2632 2948 2685; x_wconf 88' lang='lat' dir='ltr'><strong>amicum</strong></span> <span class='ocrx_word' id='word_1_515' title='bbox 3004 2647 3105 2686; x_wconf 88' lang='lat' dir='ltr'><strong>suo</strong></span> <span class='ocrx_word' id='word_1_516' title='bbox 3154 2616 3582 2704; x_wconf 45' lang='lat' dir='ltr'><strong>loeo&#39;misisset,</strong></span> 
     </span>
    </p>
   </div>
   <div class='ocr_carea' id='block_1_67' title="bbox 2011 2723 3585 2798">
    <p class='ocr_par' dir='ltr' id='par_1_67' title="bbox 2011 2723 3585 2798">
     <span class='ocr_line' id='line_1_67' title="bbox 2011 2723 3585 2798; baseline 0.007 -25"><span class='ocrx_word' id='word_1_517' title='bbox 2011 2723 2174 2791; x_wconf 90' lang='lat' dir='ltr'><strong>idque</strong></span> <span class='ocrx_word' id='word_1_518' title='bbox 2209 2723 2299 2775; x_wconf 90' lang='lat' dir='ltr'><strong>ille</strong></span> <span class='ocrx_word' id='word_1_519' title='bbox 2331 2723 2560 2778; x_wconf 90' lang='lat' dir='ltr'><strong>moleste</strong></span> <span class='ocrx_word' id='word_1_520' title='bbox 2593 2725 2794 2790; x_wconf 80' lang='lat' dir='ltr'><strong>ferens,</strong></span> <span class='ocrx_word' id='word_1_521' title='bbox 2827 2724 3055 2780; x_wconf 82' lang='lat' dir='ltr'><strong>dixisset</strong></span> <span class='ocrx_word' id='word_1_522' title='bbox 3088 2743 3102 2779; x_wconf 88' lang='lat'><strong>:</strong></span> <span class='ocrx_word' id='word_1_523' title='bbox 3132 2727 3202 2779; x_wconf 83' lang='lat' dir='ltr'><strong>At</strong></span> <span class='ocrx_word' id='word_1_524' title='bbox 3229 2744 3342 2798; x_wconf 77' lang='lat' dir='ltr'><strong>ego.</strong></span> <span class='ocrx_word' id='word_1_525' title='bbox 3382 2732 3585 2798; x_wconf 66' lang='lat' dir='ltr'><strong>quatiet</strong></span> 
     </span>
    </p>
   </div>
   <div class='ocr_carea' id='block_1_68' title="bbox 2012 2812 3589 2887">
    <p class='ocr_par' dir='ltr' id='par_1_68' title="bbox 2012 2812 3589 2887">
     <span class='ocr_line' id='line_1_68' title="bbox 2012 2812 3589 2887; baseline 0.008 -22"><span class='ocrx_word' id='word_1_526' title='bbox 2012 2813 2103 2865; x_wconf 86' lang='lat' dir='ltr'><strong>tibi</strong></span> <span class='ocrx_word' id='word_1_527' title='bbox 2129 2812 2331 2866; x_wconf 69' lang='lat' dir='ltr'><strong>auxilio</strong></span> <span class='ocrx_word' id='word_1_528' title='bbox 2367 2813 2466 2882; x_wconf 78' lang='lat' dir='ltr'><strong>fuit</strong></span> <span class='ocrx_word' id='word_1_529' title='bbox 2510 2831 2660 2883; x_wconf 79' lang='lat' dir='ltr'><strong>opus,</strong></span> <span class='ocrx_word' id='word_1_530' title='bbox 2706 2832 2808 2868; x_wconf 89' lang='lat' dir='ltr'><strong>non</strong></span> <span class='ocrx_word' id='word_1_531' title='bbox 2840 2817 3007 2870; x_wconf 82' lang='lat' dir='ltr'><strong>alium</strong></span> <span class='ocrx_word' id='word_1_532' title='bbox 3049 2835 3144 2887; x_wconf 87' lang='lat' dir='ltr'><strong>pro</strong></span> <span class='ocrx_word' id='word_1_533' title='bbox 3197 2838 3278 2874; x_wconf 88' lang='lat' dir='ltr'><strong>me</strong></span> <span class='ocrx_word' id='word_1_534' title='bbox 3323 2825 3460 2886; x_wconf 80' lang='lat' dir='ltr'><strong>misi,</strong></span> <span class='ocrx_word' id='word_1_535' title='bbox 3499 2824 3589 2877; x_wconf 82' lang='lat' dir='ltr'><strong>sed</strong></span> 
     </span>
    </p>
   </div>
   <div class='ocr_carea' id='block_1_69' title="bbox 2011 2906 3590 2985">
    <p class='ocr_par' dir='ltr' id='par_1_69' title="bbox 2011 2906 3590 2985">
     <span class='ocr_line' id='line_1_69' title="bbox 2011 2906 3590 2985; baseline 0.008 -28"><span class='ocrx_word' id='word_1_536' title='bbox 2011 2906 2124 2974; x_wconf 79' lang='lat' dir='ltr'><strong>ipse</strong></span> <span class='ocrx_word' id='word_1_537' title='bbox 2152 2921 2247 2975; x_wconf 85' lang='lat' dir='ltr'><strong>pro</strong></span> <span class='ocrx_word' id='word_1_538' title='bbox 2282 2915 2332 2958; x_wconf 82' lang='lat' dir='ltr'><strong>te</strong></span> <span class='ocrx_word' id='word_1_539' title='bbox 2366 2906 2640 2960; x_wconf 77' lang='lat' dir='ltr'><strong>discrimen</strong></span> <span class='ocrx_word' id='word_1_540' title='bbox 2667 2909 2796 2968; x_wconf 85' lang='lat' dir='ltr'><strong>adii,</strong></span> <span class='ocrx_word' id='word_1_541' title='bbox 2832 2909 2883 2961; x_wconf 92' lang='lat' dir='ltr'><strong>iu</strong></span> <span class='ocrx_word' id='word_1_542' title='bbox 2934 2909 3114 2964; x_wconf 79' lang='lat' dir='ltr'><strong>forum</strong></span> <span class='ocrx_word' id='word_1_543' title='bbox 3149 2915 3318 2976; x_wconf 85' lang='lat' dir='ltr'><strong>venit,</strong></span> <span class='ocrx_word' id='word_1_544' title='bbox 3368 2924 3424 2967; x_wconf 90' lang='lat' dir='ltr'><strong>et</strong></span> <span class='ocrx_word' id='word_1_545' title='bbox 3473 2915 3590 2985; x_wconf 78' lang='lat' dir='ltr'><strong>ipse</strong></span> 
     </span>
    </p>
   </div>
   <div class='ocr_carea' id='block_1_70' title="bbox 2011 2997 3588 3074">
    <p class='ocr_par' dir='ltr' id='par_1_70' title="bbox 2011 2997 3588 3074">
     <span class='ocr_line' id='line_1_70' title="bbox 2011 2997 3588 3074; baseline 0.008 -23"><span class='ocrx_word' id='word_1_546' title='bbox 2011 2999 2060 3051; x_wconf 85' lang='lat' dir='ltr'><strong>ei</strong></span> <span class='ocrx_word' id='word_1_547' title='bbox 2091 2997 2467 3068; x_wconf 86' lang='lat' dir='ltr'><strong>patrocinatus</strong></span> <span class='ocrx_word' id='word_1_548' title='bbox 2499 3007 2603 3054; x_wconf 90' lang='lat' dir='ltr'><strong>est.</strong></span> <span class='ocrx_word' id='word_1_549' title='bbox 2633 2998 2769 3053; x_wconf 90' lang='lat' dir='ltr'><strong>Cum</strong></span> <span class='ocrx_word' id='word_1_550' title='bbox 2809 3003 3052 3070; x_wconf 86' lang='lat' dir='ltr'><strong>quidam,</strong></span> <span class='ocrx_word' id='word_1_551' title='bbox 3087 3013 3145 3057; x_wconf 83' lang='lat' dir='ltr'><strong>ut</strong></span> <span class='ocrx_word' id='word_1_552' title='bbox 3193 3022 3288 3074; x_wconf 86' lang='lat' dir='ltr'><strong>per</strong></span> <span class='ocrx_word' id='word_1_553' title='bbox 3320 3007 3588 3063; x_wconf 84' lang='lat' dir='ltr'><strong>ambitum</strong></span> 
     </span>
    </p>
   </div>
   <div class='ocr_carea' id='block_1_71' title="bbox 2013 3090 3588 3167">
    <p class='ocr_par' dir='ltr' id='par_1_71' title="bbox 2013 3090 3588 3167">
     <span class='ocr_line' id='line_1_71' title="bbox 2013 3090 3588 3167; baseline 0.006 -22"><span class='ocrx_word' id='word_1_554' title='bbox 2013 3101 2068 3145; x_wconf 87' lang='lat' dir='ltr'><strong>et</strong></span> <span class='ocrx_word' id='word_1_555' title='bbox 2117 3090 2459 3159; x_wconf 85' lang='lat' dir='ltr'><strong>corruptelas</strong></span> <span class='ocrx_word' id='word_1_556' title='bbox 2509 3091 2862 3161; x_wconf 78' lang='lat' dir='ltr'><strong>magistratus</strong></span> <span class='ocrx_word' id='word_1_557' title='bbox 2913 3096 3120 3164; x_wconf 87' lang='lat' dir='ltr'><strong>adepti,</strong></span> <span class='ocrx_word' id='word_1_558' title='bbox 3177 3108 3588 3167; x_wconf 80' lang='lat' dir='ltr'><strong>arguerentur:</strong></span> 
     </span>
    </p>
   </div>
   <div class='ocr_carea' id='block_1_72' title="bbox 2011 3181 3590 3257">
    <p class='ocr_par' dir='ltr' id='par_1_72' title="bbox 2011 3181 3590 3257">
     <span class='ocr_line' id='line_1_72' title="bbox 2011 3181 3590 3257; baseline 0.008 -24"><span class='ocrx_word' id='word_1_559' title='bbox 2011 3196 2126 3234; x_wconf 91' lang='lat' dir='ltr'><strong>rem</strong></span> <span class='ocrx_word' id='word_1_560' title='bbox 2162 3196 2341 3249; x_wconf 88' lang='lat' dir='ltr'><strong>neque</strong></span> <span class='ocrx_word' id='word_1_561' title='bbox 2368 3181 2690 3248; x_wconf 81' lang='lat' dir='ltr'><strong>exploravit,</strong></span> <span class='ocrx_word' id='word_1_562' title='bbox 2729 3192 2785 3238; x_wconf 89' lang='lat' dir='ltr'><strong>et</strong></span> <span class='ocrx_word' id='word_1_563' title='bbox 2816 3183 3216 3252; x_wconf 81' lang='lat' dir='ltr'><strong>dissimulavit,</strong></span> <span class='ocrx_word' id='word_1_564' title='bbox 3249 3190 3394 3257; x_wconf 89' lang='lat' dir='ltr'><strong>quod</strong></span> <span class='ocrx_word' id='word_1_565' title='bbox 3426 3205 3489 3245; x_wconf 87' lang='lat' dir='ltr'><strong>ea</strong></span> <span class='ocrx_word' id='word_1_566' title='bbox 3522 3192 3590 3246; x_wconf 87' lang='lat' dir='ltr'><strong>de</strong></span> 
     </span>
    </p>
   </div>
   <div class='ocr_carea' id='block_1_73' title="bbox 2011 3274 3592 3348">
    <p class='ocr_par' dir='ltr' id='par_1_73' title="bbox 2011 3274 3592 3348">
     <span class='ocr_line' id='line_1_73' title="bbox 2011 3274 3592 3348; baseline 0.008 -23"><span class='ocrx_word' id='word_1_567' title='bbox 2011 3286 2173 3325; x_wconf 88' lang='lat' dir='ltr'><strong>causa</strong></span> <span class='ocrx_word' id='word_1_568' title='bbox 2205 3286 2380 3340; x_wconf 83' lang='lat' dir='ltr'><strong>neque</strong></span> <span class='ocrx_word' id='word_1_569' title='bbox 2413 3274 2645 3327; x_wconf 88' lang='lat' dir='ltr'><strong>multare</strong></span> <span class='ocrx_word' id='word_1_570' title='bbox 2683 3289 3053 3344; x_wconf 89' lang='lat' dir='ltr'><strong>quemquam,</strong></span> <span class='ocrx_word' id='word_1_571' title='bbox 3117 3293 3296 3348; x_wconf 85' lang='lat' dir='ltr'><strong>neque</strong></span> <span class='ocrx_word' id='word_1_572' title='bbox 3325 3285 3592 3338; x_wconf 70' lang='lat' dir='ltr'><strong>convictis</strong></span> 
     </span>
    </p>
   </div>
   <div class='ocr_carea' id='block_1_74' title="bbox 2013 3363 3592 3442">
    <p class='ocr_par' dir='ltr' id='par_1_74' title="bbox 2013 3363 3592 3442">
     <span class='ocr_line' id='line_1_74' title="bbox 2013 3363 3592 3442; baseline 0.008 -26"><span class='ocrx_word' id='word_1_573' title='bbox 2013 3365 2229 3417; x_wconf 75' lang='lat' dir='ltr'><strong>veniam</strong></span> <span class='ocrx_word' id='word_1_574' title='bbox 2267 3363 2400 3416; x_wconf 90' lang='lat' dir='ltr'><strong>dare</strong></span> <span class='ocrx_word' id='word_1_575' title='bbox 2439 3365 2676 3418; x_wconf 86' lang='lat' dir='ltr'><strong>volebat.</strong></span> <span class='ocrx_word' id='word_1_576' title='bbox 2712 3365 3085 3436; x_wconf 86' lang='lat' dir='ltr'><strong>Principatum</strong></span> <span class='ocrx_word' id='word_1_577' title='bbox 3109 3410 3124 3435; x_wconf 92' lang='lat'><strong>,</strong></span> <span class='ocrx_word' id='word_1_578' title='bbox 3159 3371 3261 3424; x_wconf 89' lang='lat' dir='ltr'><strong>etsi</strong></span> <span class='ocrx_word' id='word_1_579' title='bbox 3305 3373 3592 3442; x_wconf 89' lang='lat' dir='ltr'><strong>depositu-</strong></span> 
     </span>
    </p>
   </div>
   <div class='ocr_carea' id='block_1_75' title="bbox 2013 3455 3588 3534">
    <p class='ocr_par' dir='ltr' id='par_1_75' title="bbox 2013 3455 3588 3534">
     <span class='ocr_line' id='line_1_75' title="bbox 2013 3455 3588 3534; baseline 0.009 -28"><span class='ocrx_word' id='word_1_580' title='bbox 2013 3469 2134 3506; x_wconf 91' lang='lat' dir='ltr'><strong>rum</strong></span> <span class='ocrx_word' id='word_1_581' title='bbox 2169 3469 2278 3522; x_wconf 77' lang='lat' dir='ltr'><strong>prae</strong></span> <span class='ocrx_word' id='word_1_582' title='bbox 2304 3469 2362 3508; x_wconf 86' lang='lat' dir='ltr'><strong>se</strong></span> <span class='ocrx_word' id='word_1_583' title='bbox 2395 3455 2605 3510; x_wconf 72' lang='lat' dir='ltr'><strong>ferebat</strong></span> <span class='ocrx_word' id='word_1_584' title='bbox 2630 3474 2643 3509; x_wconf 87' lang='lat'><strong>:</strong></span> <span class='ocrx_word' id='word_1_585' title='bbox 2673 3465 2855 3510; x_wconf 89' lang='lat' dir='ltr'><strong>tamen</strong></span> <span class='ocrx_word' id='word_1_586' title='bbox 2888 3459 3062 3512; x_wconf 88' lang='lat' dir='ltr'><strong>altero</strong></span> <span class='ocrx_word' id='word_1_587' title='bbox 3089 3461 3358 3517; x_wconf 89' lang='lat' dir='ltr'><strong>deccunio</strong></span> <span class='ocrx_word' id='word_1_588' title='bbox 3380 3466 3588 3534; x_wconf 84' lang='lat' dir='ltr'><strong>elapso,</strong></span> 
     </span>
    </p>
   </div>
   <div class='ocr_carea' id='block_1_76' title="bbox 2015 3545 3588 3618">
    <p class='ocr_par' dir='ltr' id='par_1_76' title="bbox 2015 3545 3588 3618">
     <span class='ocr_line' id='line_1_76' title="bbox 2015 3545 3588 3618; baseline 0.009 -20"><span class='ocrx_word' id='word_1_589' title='bbox 2015 3545 2218 3598; x_wconf 87' lang='lat' dir='ltr'><strong>invitus</strong></span> <span class='ocrx_word' id='word_1_590' title='bbox 2249 3546 2488 3608; x_wconf 83' lang='lat' dir='ltr'><strong>scilicet,</strong></span> <span class='ocrx_word' id='word_1_591' title='bbox 2527 3547 2707 3599; x_wconf 90' lang='lat' dir='ltr'><strong>denuo</strong></span> <span class='ocrx_word' id='word_1_592' title='bbox 2753 3549 3026 3618; x_wconf 86' lang='lat' dir='ltr'><strong>suscepit,</strong></span> <span class='ocrx_word' id='word_1_593' title='bbox 3063 3560 3123 3605; x_wconf 89' lang='lat' dir='ltr'><strong>ut</strong></span> <span class='ocrx_word' id='word_1_594' title='bbox 3171 3553 3340 3608; x_wconf 86' lang='lat' dir='ltr'><strong>Gallis</strong></span> <span class='ocrx_word' id='word_1_595' title='bbox 3385 3556 3588 3612; x_wconf 82' lang='lat' dir='ltr'><strong>bellum</strong></span> 
     </span>
    </p>
   </div>
   <div class='ocr_carea' id='block_1_77' title="bbox 2014 3637 3584 3714">
    <p class='ocr_par' dir='ltr' id='par_1_77' title="bbox 2014 3637 3584 3714">
     <span class='ocr_line' id='line_1_77' title="bbox 2014 3637 3584 3714; baseline 0.012 -24"><span class='ocrx_word' id='word_1_596' title='bbox 2014 3637 2264 3693; x_wconf 83' lang='lat' dir='ltr'><strong>inferret.</strong></span> <span class='ocrx_word' id='word_1_597' title='bbox 2293 3639 2564 3694; x_wconf 61' lang='lat' dir='ltr'><strong>Caeterum</strong></span> <span class='ocrx_word' id='word_1_598' title='bbox 2597 3641 2711 3710; x_wconf 91' lang='lat' dir='ltr'><strong>ipse</strong></span> <span class='ocrx_word' id='word_1_599' title='bbox 2751 3643 2896 3696; x_wconf 92' lang='lat' dir='ltr'><strong>domi</strong></span> <span class='ocrx_word' id='word_1_600' title='bbox 2941 3647 3184 3714; x_wconf 86' lang='lat' dir='ltr'><strong>mansit,</strong></span> <span class='ocrx_word' id='word_1_601' title='bbox 3216 3659 3272 3704; x_wconf 90' lang='lat' dir='ltr'><strong>et</strong></span> <span class='ocrx_word' id='word_1_602' title='bbox 3306 3649 3584 3708; x_wconf 83' lang='lat' dir='ltr'><strong>Tiberium</strong></span> 
     </span>
    </p>
   </div>
   <div class='ocr_carea' id='block_1_78' title="bbox 2013 3731 3588 3806">
    <p class='ocr_par' dir='ltr' id='par_1_78' title="bbox 2013 3731 3588 3806">
     <span class='ocr_line' id='line_1_78' title="bbox 2013 3731 3588 3806; baseline 0.01 -21"><span class='ocrx_word' id='word_1_603' title='bbox 2013 3741 2206 3785; x_wconf 86' lang='lat' dir='ltr'><strong>contra</strong></span> <span class='ocrx_word' id='word_1_604' title='bbox 2251 3731 2371 3784; x_wconf 85' lang='lat' dir='ltr'><strong>illos</strong></span> <span class='ocrx_word' id='word_1_605' title='bbox 2409 3731 2558 3785; x_wconf 87' lang='lat' dir='ltr'><strong>misit</strong></span> <span class='ocrx_word' id='word_1_606' title='bbox 2590 3749 2603 3784; x_wconf 88' lang='lat'>:</span> <span class='ocrx_word' id='word_1_607' title='bbox 2633 3748 2948 3801; x_wconf 89' lang='lat' dir='ltr'><strong>reversum,</strong></span> <span class='ocrx_word' id='word_1_608' title='bbox 2986 3735 3374 3806; x_wconf 86' lang='lat' dir='ltr'><strong>imperatorem</strong></span> <span class='ocrx_word' id='word_1_609' title='bbox 3405 3744 3588 3799; x_wconf 62' lang='lat' dir='ltr'><strong>decla«</strong></span> 
     </span>
    </p>
   </div>
   <div class='ocr_carea' id='block_1_79' title="bbox 2013 3823 3587 3901">
    <p class='ocr_par' dir='ltr' id='par_1_79' title="bbox 2013 3823 3587 3901">
     <span class='ocr_line' id='line_1_79' title="bbox 2013 3823 3587 3901; baseline 0.011 -25"><span class='ocrx_word' id='word_1_610' title='bbox 2013 3823 2178 3883; x_wconf 86' lang='lat' dir='ltr'><strong>ravit,</strong></span> <span class='ocrx_word' id='word_1_611' title='bbox 2229 3833 2286 3876; x_wconf 88' lang='lat' dir='ltr'><strong>et</strong></span> <span class='ocrx_word' id='word_1_612' title='bbox 2336 3825 2620 3878; x_wconf 90' lang='lat' dir='ltr'><strong>consulem</strong></span> <span class='ocrx_word' id='word_1_613' title='bbox 2696 3826 2861 3892; x_wconf 84' lang='lat' dir='ltr'><strong>fecit,</strong></span> <span class='ocrx_word' id='word_1_614' title='bbox 2916 3838 2972 3882; x_wconf 80' lang='lat' dir='ltr'><strong>et</strong></span> <span class='ocrx_word' id='word_1_615' title='bbox 3021 3832 3297 3901; x_wconf 86' lang='lat' dir='ltr'><strong>triumpho</strong></span> <span class='ocrx_word' id='word_1_616' title='bbox 3355 3839 3587 3894; x_wconf 79' lang='lat' dir='ltr'><strong>ornavit.</strong></span> 
     </span>
    </p>
   </div>
   <div class='ocr_carea' id='block_1_80' title="bbox 2017 3913 3590 3997">
    <p class='ocr_par' dir='ltr' id='par_1_80' title="bbox 2017 3913 3590 3997">
     <span class='ocr_line' id='line_1_80' title="bbox 2017 3913 3590 3997; baseline 0.01 -30"><span class='ocrx_word' id='word_1_617' title='bbox 2017 3913 2257 3970; x_wconf 82' lang='lat' dir='ltr'><strong>Mensem</strong></span> <span class='ocrx_word' id='word_1_618' title='bbox 2296 3915 2555 3969; x_wconf 86' lang='lat' dir='ltr'><strong>Sextilem</strong></span> <span class='ocrx_word' id='word_1_619' title='bbox 2582 3916 2650 3970; x_wconf 90' lang='lat' dir='ltr'><strong>de</strong></span> <span class='ocrx_word' id='word_1_620' title='bbox 2679 3933 2780 3970; x_wconf 85' lang='lat' dir='ltr'><strong>suo</strong></span> <span class='ocrx_word' id='word_1_621' title='bbox 2816 3921 3037 3973; x_wconf 90' lang='lat' dir='ltr'><strong>nomine</strong></span> <span class='ocrx_word' id='word_1_622' title='bbox 3069 3922 3373 3992; x_wconf 80' lang='lat' dir='ltr'><strong>Augustum</strong></span> <span class='ocrx_word' id='word_1_623' title='bbox 3407 3931 3590 3997; x_wconf 79' lang='lat' dir='ltr'><strong>appel-</strong></span> 
     </span>
    </p>
   </div>
   <div class='ocr_carea' id='block_1_81' title="bbox 2016 4006 3591 4083">
    <p class='ocr_par' dir='ltr' id='par_1_81' title="bbox 2016 4006 3591 4083">
     <span class='ocr_line' id='line_1_81' title="bbox 2016 4006 3591 4083; baseline 0.01 -23"><span class='ocrx_word' id='word_1_624' title='bbox 2016 4006 2151 4061; x_wconf 88' lang='lat' dir='ltr'><strong>lavit</strong></span> <span class='ocrx_word' id='word_1_625' title='bbox 2180 4023 2194 4060; x_wconf 91' lang='lat'><strong>:</strong></span> <span class='ocrx_word' id='word_1_626' title='bbox 2238 4007 2555 4061; x_wconf 68' lang='lat' dir='ltr'><strong>Maecenatis</strong></span> <span class='ocrx_word' id='word_1_627' title='bbox 2585 4007 2796 4062; x_wconf 90' lang='lat' dir='ltr'><strong>obitum</strong></span> <span class='ocrx_word' id='word_1_628' title='bbox 2831 4026 2971 4078; x_wconf 56' lang='lat' dir='ltr'><strong>a‘grc</strong></span> <span class='ocrx_word' id='word_1_629' title='bbox 3007 4014 3156 4080; x_wconf 88' lang='lat' dir='ltr'><strong>tulit,</strong></span> <span class='ocrx_word' id='word_1_630' title='bbox 3189 4016 3281 4083; x_wconf 89' lang='lat' dir='ltr'><strong>qui</strong></span> <span class='ocrx_word' id='word_1_631' title='bbox 3313 4032 3434 4070; x_wconf 91' lang='lat' dir='ltr'><strong>cum</strong></span> <span class='ocrx_word' id='word_1_632' title='bbox 3467 4020 3591 4075; x_wconf 88' lang='lat' dir='ltr'><strong>aliis</strong></span> 
     </span>
    </p>
   </div>
   <div class='ocr_carea' id='block_1_82' title="bbox 2018 4098 3591 4179">
    <p class='ocr_par' dir='ltr' id='par_1_82' title="bbox 2018 4098 3591 4179">
     <span class='ocr_line' id='line_1_82' title="bbox 2018 4098 3591 4179; baseline 0.008 -27"><span class='ocrx_word' id='word_1_633' title='bbox 2018 4099 2074 4152; x_wconf 90' lang='lat' dir='ltr'><strong>in</strong></span> <span class='ocrx_word' id='word_1_634' title='bbox 2106 4099 2272 4153; x_wconf 88' lang='lat' dir='ltr'><strong>rebus</strong></span> <span class='ocrx_word' id='word_1_635' title='bbox 2293 4100 2343 4153; x_wconf 89' lang='lat' dir='ltr'><strong>ei</strong></span> <span class='ocrx_word' id='word_1_636' title='bbox 2384 4098 2487 4153; x_wconf 87' lang='lat' dir='ltr'><strong>luit</strong></span> <span class='ocrx_word' id='word_1_637' title='bbox 2523 4101 2694 4163; x_wconf 88' lang='lat' dir='ltr'><strong>utilis,</strong></span> <span class='ocrx_word' id='word_1_638' title='bbox 2737 4109 2848 4156; x_wconf 90' lang='lat' dir='ltr'><strong>tum</strong></span> <span class='ocrx_word' id='word_1_639' title='bbox 2883 4102 2961 4155; x_wconf 84' lang='lat' dir='ltr'><strong>ira</strong></span> <span class='ocrx_word' id='word_1_640' title='bbox 2995 4104 3442 4162; x_wconf 61' lang='grc' dir='ltr'>εθετιυδςεηιοηι</span> <span class='ocrx_word' id='word_1_641' title='bbox 3480 4111 3591 4179; x_wconf 77' lang='lat' dir='ltr'><strong>pla-</strong></span> 
     </span>
    </p>
   </div>
   <div class='ocr_carea' id='block_1_83' title="bbox 2017 4191 3594 4270">
    <p class='ocr_par' dir='ltr' id='par_1_83' title="bbox 2017 4191 3594 4270">
     <span class='ocr_line' id='line_1_83' title="bbox 2017 4191 3594 4270; baseline 0.007 -25"><span class='ocrx_word' id='word_1_642' title='bbox 2017 4206 2144 4246; x_wconf 87' lang='lat' dir='ltr'><strong>care</strong></span> <span class='ocrx_word' id='word_1_643' title='bbox 2173 4191 2388 4256; x_wconf 88' lang='lat' dir='ltr'><strong>solitus,</strong></span> <span class='ocrx_word' id='word_1_644' title='bbox 2419 4200 2474 4245; x_wconf 88' lang='lat' dir='ltr'><strong>et</strong></span> <span class='ocrx_word' id='word_1_645' title='bbox 2509 4191 2574 4245; x_wconf 87' lang='lat' dir='ltr'><strong>ad</strong></span> <span class='ocrx_word' id='word_1_646' title='bbox 2613 4191 3046 4248; x_wconf 86' lang='lat' dir='ltr'><strong>moderationem</strong></span> <span class='ocrx_word' id='word_1_647' title='bbox 3080 4196 3386 4251; x_wconf 86' lang='lat' dir='ltr'><strong>traducere.</strong></span> <span class='ocrx_word' id='word_1_648' title='bbox 3425 4199 3594 4270; x_wconf 88' lang='lat' dir='ltr'><strong>Cujus</strong></span> 
     </span>
    </p>
   </div>
   <div class='ocr_carea' id='block_1_84' title="bbox 2019 4288 3596 4363">
    <p class='ocr_par' dir='ltr' id='par_1_84' title="bbox 2019 4288 3596 4363">
     <span class='ocr_line' id='line_1_84' title="bbox 2019 4288 3596 4363; baseline 0.006 -22"><span class='ocrx_word' id='word_1_649' title='bbox 2019 4288 2155 4343; x_wconf 87' lang='lat' dir='ltr'><strong>illud</strong></span> <span class='ocrx_word' id='word_1_650' title='bbox 2192 4297 2576 4357; x_wconf 80' lang='lat' dir='ltr'><strong>argumentum</strong></span> <span class='ocrx_word' id='word_1_651' title='bbox 2609 4299 2713 4343; x_wconf 88' lang='lat' dir='ltr'><strong>est.</strong></span> <span class='ocrx_word' id='word_1_652' title='bbox 2762 4290 2899 4344; x_wconf 90' lang='lat' dir='ltr'><strong>Cum</strong></span> <span class='ocrx_word' id='word_1_653' title='bbox 2954 4291 3250 4361; x_wconf 87' lang='lat' dir='ltr'><strong>aliquando</strong></span> <span class='ocrx_word' id='word_1_654' title='bbox 3287 4310 3386 4363; x_wconf 89' lang='lat' dir='ltr'><strong>pro</strong></span> <span class='ocrx_word' id='word_1_655' title='bbox 3421 4297 3596 4350; x_wconf 91' lang='lat' dir='ltr'><strong>tribu-</strong></span> 
     </span>
    </p>
   </div>
   <div class='ocr_carea' id='block_1_85' title="bbox 338 4378 1910 4457">
    <p class='ocr_par' dir='ltr' id='par_1_85' title="bbox 338 4378 1910 4451">
     <span class='ocr_line' id='line_1_85' title="bbox 338 4378 1910 4451; baseline -0.006 -13"><span class='ocrx_word' id='word_1_656' title='bbox 338 4384 452 4438; x_wconf 85' lang='grc' dir='ltr'><strong>Τοῦ</strong></span> <span class='ocrx_word' id='word_1_657' title='bbox 490 4385 547 4436; x_wconf 84' lang='grc' dir='ltr'>δὲ</span> <span class='ocrx_word' id='word_1_658' title='bbox 570 4385 858 4451; x_wconf 81' lang='grc' dir='ltr'>Μαικήνου</span> <span class='ocrx_word' id='word_1_659' title='bbox 887 4381 1336 4449; x_wconf 75' lang='grc' dir='ltr'>τελευτήσαντος,</span> <span class='ocrx_word' id='word_1_660' title='bbox 1371 4378 1779 4449; x_wconf 67' lang='grc' dir='ltr'>ἧ).γησε.ῐιολ&gt;.ὰ</span> <span class='ocrx_word' id='word_1_661' title='bbox 1815 4380 1910 4446; x_wconf 82' lang='grc' dir='ltr'>μὲν</span> 
     </span>
    </p>
   </div>
   <div class='ocr_carea' id='block_1_86' title="bbox 2012 4378 3594 4457">
    <p class='ocr_par' dir='ltr' id='par_1_86' title="bbox 2021 4380 3594 4457">
     <span class='ocr_line' id='line_1_86' title="bbox 2021 4380 3594 4457; baseline 0.007 -25"><span class='ocrx_word' id='word_1_662' title='bbox 2021 4381 2130 4433; x_wconf 89' lang='lat' dir='ltr'><strong>nali</strong></span> <span class='ocrx_word' id='word_1_663' title='bbox 2176 4381 2379 4434; x_wconf 89' lang='lat' dir='ltr'><strong>multos</strong></span> <span class='ocrx_word' id='word_1_664' title='bbox 2426 4380 2624 4449; x_wconf 87' lang='lat' dir='ltr'><strong>capitis</strong></span> <span class='ocrx_word' id='word_1_665' title='bbox 2675 4383 3114 4448; x_wconf 88' lang='lat' dir='ltr'><strong>condemnasset,</strong></span> <span class='ocrx_word' id='word_1_666' title='bbox 3173 4383 3466 4449; x_wconf 81' lang='lat' dir='ltr'><strong>Maecenas.</strong></span> <span class='ocrx_word' id='word_1_667' title='bbox 3497 4404 3594 4457; x_wconf 90' lang='lat' dir='ltr'><strong>per</strong></span> 
     </span>
    </p>
   </div>
   <div class='ocr_carea' id='block_1_87' title="bbox 337 4464 1909 4546">
    <p class='ocr_par' dir='ltr' id='par_1_87' title="bbox 337 4464 1909 4546">
     <span class='ocr_line' id='line_1_87' title="bbox 337 4464 1909 4546; baseline -0.004 -22"><span class='ocrx_word' id='word_1_668' title='bbox 337 4478 450 4546; x_wconf 77' lang='grc' dir='ltr'>γὰρ</span> <span class='ocrx_word' id='word_1_669' title='bbox 476 4475 569 4525; x_wconf 76' lang='grc' dir='ltr'><strong>καὶ</strong></span> <span class='ocrx_word' id='word_1_670' title='bbox 597 4473 731 4526; x_wconf 75' lang='grc' dir='ltr'><strong>ἄλλα</strong></span> <span class='ocrx_word' id='word_1_671' title='bbox 764 4471 856 4524; x_wconf 77' lang='grc' dir='ltr'>ὑπ’</span> <span class='ocrx_word' id='word_1_672' title='bbox 878 4469 1044 4524; x_wconf 81' lang='grc' dir='ltr'>αὑτοῦ</span> <span class='ocrx_word' id='word_1_673' title='bbox 1069 4469 1264 4536; x_wconf 78' lang='grc' dir='ltr'>ὤνητο.</span> <span class='ocrx_word' id='word_1_674' title='bbox 1288 4467 1519 4536; x_wconf 80' lang='grc' dir='ltr'>μάλιστα</span> <span class='ocrx_word' id='word_1_675' title='bbox 1533 4466 1588 4518; x_wconf 82' lang='grc' dir='ltr'>δὲ</span> <span class='ocrx_word' id='word_1_676' title='bbox 1609 4465 1705 4532; x_wconf 80' lang='grc' dir='ltr'>τῆς</span> <span class='ocrx_word' id='word_1_677' title='bbox 1717 4464 1909 4533; x_wconf 79' lang='grc' dir='ltr'>ὀργῆς,</span> 
     </span>
    </p>
   </div>
   <div class='ocr_carea' id='block_1_88' title="bbox 335 4555 1915 4636">
    <p class='ocr_par' dir='ltr' id='par_1_88' title="bbox 335 4555 1915 4636">
     <span class='ocr_line' id='line_1_88' title="bbox 335 4555 1915 4636; baseline -0.009 -16"><span class='ocrx_word' id='word_1_678' title='bbox 335 4569 432 4621; x_wconf 82' lang='grc' dir='ltr'>ὅτε</span> <span class='ocrx_word' id='word_1_679' title='bbox 479 4565 884 4636; x_wconf 76' lang='grc' dir='ltr'>ἀκρατέστερον</span> <span class='ocrx_word' id='word_1_680' title='bbox 941 4562 1074 4629; x_wconf 77' lang='grc' dir='ltr'>αὐτῇ</span> <span class='ocrx_word' id='word_1_681' title='bbox 1136 4561 1420 4628; x_wconf 84' lang='grc' dir='ltr'>ἐκέχρητο,</span> <span class='ocrx_word' id='word_1_682' title='bbox 1476 4555 1779 4626; x_wconf 82' lang='grc' dir='ltr'>παρελύετο</span> <span class='ocrx_word' id='word_1_683' title='bbox 1822 4555 1915 4606; x_wconf 72' lang='grc' dir='ltr'>καὶ</span> 
     </span>
    </p>
   </div>
   <div class='ocr_carea' id='block_1_89' title="bbox 341 4645 1913 4731">
    <p class='ocr_par' dir='ltr' id='par_1_89' title="bbox 341 4645 1913 4731">
     <span class='ocr_line' id='line_1_89' title="bbox 341 4645 1913 4731; baseline -0.011 -18"><span class='ocrx_word' id='word_1_684' title='bbox 341 4662 645 4731; x_wconf 82' lang='grc' dir='ltr'>μετήνεκτο</span> <span class='ocrx_word' id='word_1_685' title='bbox 669 4658 804 4728; x_wconf 79' lang='grc' dir='ltr'>πρὸς</span> <span class='ocrx_word' id='word_1_686' title='bbox 824 4655 884 4707; x_wconf 85' lang='grc' dir='ltr'>τὺ</span> <span class='ocrx_word' id='word_1_687' title='bbox 913 4652 1241 4723; x_wconf 67' lang='grc' dir='ltr'>ἠπιώτερον.</span> <span class='ocrx_word' id='word_1_688' title='bbox 1279 4651 1590 4719; x_wconf 78' lang='grc' dir='ltr'>ἰἐκμήριον</span> <span class='ocrx_word' id='word_1_689' title='bbox 1645 4647 1725 4712; x_wconf 69' lang='grc' dir='ltr'><strong>δὲ,</strong></span> <span class='ocrx_word' id='word_1_690' title='bbox 1760 4645 1913 4697; x_wconf 78' lang='grc' dir='ltr'>δικά-</span> 
     </span>
    </p>
   </div>
   <div class='ocr_carea' id='block_1_90' title="bbox 337 4739 1913 4816">
    <p class='ocr_par' dir='ltr' id='par_1_90' title="bbox 337 4739 1913 4816">
     <span class='ocr_line' id='line_1_90' title="bbox 337 4739 1913 4816; baseline -0.011 -12"><span class='ocrx_word' id='word_1_691' title='bbox 337 4751 527 4816; x_wconf 79' lang='grc' dir='ltr'>ζοντὸς</span> <span class='ocrx_word' id='word_1_692' title='bbox 553 4766 680 4802; x_wconf 83' lang='grc' dir='ltr'>ποτε</span> <span class='ocrx_word' id='word_1_693' title='bbox 709 4751 802 4800; x_wconf 79' lang='grc' dir='ltr'><strong>καὶ</strong></span> <span class='ocrx_word' id='word_1_694' title='bbox 833 4746 1033 4807; x_wconf 78' lang='grc' dir='ltr'>πολλὰς</span> <span class='ocrx_word' id='word_1_695' title='bbox 1062 4742 1481 4812; x_wconf 80' lang='grc' dir='ltr'>ἀποφηναμένου</span> <span class='ocrx_word' id='word_1_696' title='bbox 1503 4739 1718 4808; x_wconf 70' lang='grc' dir='ltr'>ψήφους</span> <span class='ocrx_word' id='word_1_697' title='bbox 1749 4739 1913 4789; x_wconf 89' lang='grc' dir='ltr'>θανα-</span> 
     </span>
    </p>
   </div>
   <div class='ocr_carea' id='block_1_91' title="bbox 339 4830 1914 4911">
    <p class='ocr_par' dir='ltr' id='par_1_91' title="bbox 339 4830 1914 4911">
     <span class='ocr_line' id='line_1_91' title="bbox 339 4830 1914 4911; baseline -0.008 -16"><span class='ocrx_word' id='word_1_698' title='bbox 339 4844 523 4907; x_wconf 77' lang='grc' dir='ltr'>τικὰς,</span> <span class='ocrx_word' id='word_1_699' title='bbox 558 4841 882 4911; x_wconf 81' lang='grc' dir='ltr'>ἐπεχείρησε</span> <span class='ocrx_word' id='word_1_700' title='bbox 919 4840 1017 4906; x_wconf 79' lang='grc' dir='ltr'><strong>μὲν</strong></span> <span class='ocrx_word' id='word_1_701' title='bbox 1053 4841 1080 4890; x_wconf 82' lang='grc' dir='ltr'>ὁ</span> <span class='ocrx_word' id='word_1_702' title='bbox 1115 4837 1400 4905; x_wconf 79' lang='grc' dir='ltr'>Μαικήνας</span> <span class='ocrx_word' id='word_1_703' title='bbox 1435 4833 1732 4887; x_wconf 86' lang='grc' dir='ltr'>διώσασθαι</span> <span class='ocrx_word' id='word_1_704' title='bbox 1789 4830 1914 4894; x_wconf 75' lang='grc' dir='ltr'>τοὺς</span> 
     </span>
    </p>
   </div>
   <div class='ocr_carea' id='block_1_92' title="bbox 337 4925 1919 5007">
    <p class='ocr_par' dir='ltr' id='par_1_92' title="bbox 337 4925 1919 5007">
     <span class='ocr_line' id='line_1_92' title="bbox 337 4925 1919 5007; baseline -0.009 -17"><span class='ocrx_word' id='word_1_705' title='bbox 337 4935 716 5007; x_wconf 77' lang='grc' dir='ltr'>περιεστῶτας</span> <span class='ocrx_word' id='word_1_706' title='bbox 747 4935 838 4986; x_wconf 72' lang='grc' dir='ltr'><strong>καὶ</strong></span> <span class='ocrx_word' id='word_1_707' title='bbox 861 4935 1024 5001; x_wconf 78' lang='grc' dir='ltr'>ἐγγὺς</span> <span class='ocrx_word' id='word_1_708' title='bbox 1061 4931 1210 5001; x_wconf 80' lang='grc' dir='ltr'>αὐτῷ</span> <span class='ocrx_word' id='word_1_709' title='bbox 1254 4927 1570 4997; x_wconf 81' lang='grc' dir='ltr'>προσελθεῖν</span> <span class='ocrx_word' id='word_1_710' title='bbox 1596 4943 1610 4959; x_wconf 86' lang='grc'><strong>·</strong></span> <span class='ocrx_word' id='word_1_711' title='bbox 1653 4925 1728 4996; x_wconf 78' lang='grc' dir='ltr'><strong>μὴ</strong></span> <span class='ocrx_word' id='word_1_712' title='bbox 1759 4927 1919 4994; x_wconf 87' lang='grc' dir='ltr'>δυνη-</span> 
     </span>
    </p>
   </div>
   <div class='ocr_carea' id='block_1_93' title="bbox 339 5015 1915 5095">
    <p class='ocr_par' dir='ltr' id='par_1_93' title="bbox 339 5015 1915 5095">
     <span class='ocr_line' id='line_1_93' title="bbox 339 5015 1915 5095; baseline -0.01 -13"><span class='ocrx_word' id='word_1_713' title='bbox 339 5031 456 5091; x_wconf 75' lang='grc' dir='ltr'>θεὶς</span> <span class='ocrx_word' id='word_1_714' title='bbox 491 5029 546 5081; x_wconf 77' lang='grc' dir='ltr'>δὲ</span> <span class='ocrx_word' id='word_1_715' title='bbox 573 5027 813 5095; x_wconf 73' lang='grc' dir='ltr'>ἔγραψεν</span> <span class='ocrx_word' id='word_1_716' title='bbox 843 5026 902 5078; x_wconf 91' lang='grc' dir='ltr'><strong>ἐν</strong></span> <span class='ocrx_word' id='word_1_717' title='bbox 940 5025 1115 5094; x_wconf 83' lang='grc' dir='ltr'>χάρτῃ</span> <span class='ocrx_word' id='word_1_718' title='bbox 1142 5021 1341 5090; x_wconf 77' lang='grc' dir='ltr'>μικρῴο</span> <span class='ocrx_word' id='word_1_719' title='bbox 1383 5018 1668 5079; x_wconf 75' lang='grc' dir='ltr'>Ἀνάστα,</span> <span class='ocrx_word' id='word_1_720' title='bbox 1708 5015 1915 5082; x_wconf 69' lang='grc' dir='ltr'>δήμω·</span> 
     </span>
    </p>
   </div>
   <div class='ocr_carea' id='block_1_94' title="bbox 339 5109 1918 5182">
    <p class='ocr_par' dir='ltr' id='par_1_94' title="bbox 339 5109 1918 5182">
     <span class='ocr_line' id='line_1_94' title="bbox 339 5109 1918 5182; baseline -0.011 -7"><span class='ocrx_word' id='word_1_721' title='bbox 339 5124 438 5175; x_wconf 75' lang='grc' dir='ltr'><strong>καὶ</strong></span> <span class='ocrx_word' id='word_1_722' title='bbox 465 5121 598 5173; x_wconf 85' lang='grc' dir='ltr'>αὐτὸ</span> <span class='ocrx_word' id='word_1_723' title='bbox 623 5123 702 5180; x_wconf 78' lang='grc' dir='ltr'><strong>είς</strong></span> <span class='ocrx_word' id='word_1_724' title='bbox 736 5120 827 5172; x_wconf 71' lang='grc' dir='ltr'><strong>τὸν</strong></span> <span class='ocrx_word' id='word_1_725' title='bbox 876 5121 1076 5170; x_wconf 76' lang='grc' dir='ltr'>κόλπον</span> <span class='ocrx_word' id='word_1_726' title='bbox 1105 5112 1270 5167; x_wconf 78' lang='grc' dir='ltr'>αὐτοῦ</span> <span class='ocrx_word' id='word_1_727' title='bbox 1304 5113 1548 5182; x_wconf 67' lang='grc' dir='ltr'>ἔρριψεν,</span> <span class='ocrx_word' id='word_1_728' title='bbox 1595 5109 1622 5161; x_wconf 77' lang='grc' dir='ltr'><strong>ὃ</strong></span> <span class='ocrx_word' id='word_1_729' title='bbox 1675 5109 1918 5161; x_wconf 76' lang='grc' dir='ltr'>ἐπελθὼν</span> 
     </span>
    </p>
   </div>
   <div class='ocr_carea' id='block_1_95' title="bbox 339 5199 1919 5279">
    <p class='ocr_par' dir='ltr' id='par_1_95' title="bbox 339 5199 1919 5279">
     <span class='ocr_line' id='line_1_95' title="bbox 339 5199 1919 5279; baseline -0.009 -13"><span class='ocrx_word' id='word_1_730' title='bbox 339 5217 574 5278; x_wconf 78' lang='grc' dir='ltr'>ἐκεῖνος,</span> <span class='ocrx_word' id='word_1_731' title='bbox 596 5212 758 5274; x_wconf 76' lang='grc' dir='ltr'>εὐθὺς</span> <span class='ocrx_word' id='word_1_732' title='bbox 785 5212 1008 5279; x_wconf 69' lang='grc' dir='ltr'>ἀνέσῖη,</span> <span class='ocrx_word' id='word_1_733' title='bbox 1052 5208 1146 5258; x_wconf 75' lang='grc' dir='ltr'>καὶ.</span> <span class='ocrx_word' id='word_1_734' title='bbox 1180 5205 1279 5265; x_wconf 78' lang='grc' dir='ltr'><strong>τὰς</strong></span> <span class='ocrx_word' id='word_1_735' title='bbox 1301 5206 1516 5273; x_wconf 76' lang='grc' dir='ltr'>ψήφους</span> <span class='ocrx_word' id='word_1_736' title='bbox 1544 5201 1831 5271; x_wconf 66' lang='grc' dir='ltr'>ἠκύρωσεν</span> <span class='ocrx_word' id='word_1_737' title='bbox 1852 5199 1919 5260; x_wconf 76' lang='grc' dir='ltr'>ἃς</span> 
     </span>
    </p>
   </div>
   <div class='ocr_carea' id='block_1_96' title="bbox 340 5293 1920 5376">
    <p class='ocr_par' dir='ltr' id='par_1_96' title="bbox 340 5293 1920 5376">
     <span class='ocr_line' id='line_1_96' title="bbox 340 5293 1920 5376; baseline -0.011 -18"><span class='ocrx_word' id='word_1_738' title='bbox 340 5305 645 5376; x_wconf 77' lang='grc' dir='ltr'>τηνικαῦτα</span> <span class='ocrx_word' id='word_1_739' title='bbox 677 5301 746 5376; x_wconf 84' lang='grc' dir='ltr'>ἦν</span> <span class='ocrx_word' id='word_1_740' title='bbox 765 5301 1166 5370; x_wconf 77' lang='grc' dir='ltr'>ψηφισάμενος.</span> <span class='ocrx_word' id='word_1_741' title='bbox 1198 5298 1271 5349; x_wconf 67' lang='lat'><strong>03</strong></span> <span class='ocrx_word' id='word_1_742' title='bbox 1307 5297 1416 5364; x_wconf 78' lang='grc' dir='ltr'>γὰρ</span> <span class='ocrx_word' id='word_1_743' title='bbox 1440 5293 1741 5362; x_wconf 77' lang='grc' dir='ltr'>ἠγανάκτει</span> <span class='ocrx_word' id='word_1_744' title='bbox 1774 5293 1920 5361; x_wconf 83' lang='grc' dir='ltr'>διορ-</span> 
     </span>
    </p>
   </div>
   <div class='ocr_carea' id='block_1_97' title="bbox 2025 4469 3596 4545">
    <p class='ocr_par' dir='ltr' id='par_1_97' title="bbox 2025 4469 3596 4545">
     <span class='ocr_line' id='line_1_97' title="bbox 2025 4469 3596 4545; baseline 0.006 -23"><span class='ocrx_word' id='word_1_745' title='bbox 2025 4471 2238 4524; x_wconf 88' lang='lat' dir='ltr'><strong>turbam</strong></span> <span class='ocrx_word' id='word_1_746' title='bbox 2275 4469 2460 4538; x_wconf 89' lang='lat' dir='ltr'><strong>populi</strong></span> <span class='ocrx_word' id='word_1_747' title='bbox 2497 4470 2562 4524; x_wconf 90' lang='lat' dir='ltr'><strong>ad</strong></span> <span class='ocrx_word' id='word_1_748' title='bbox 2599 4486 2725 4525; x_wconf 91' lang='lat' dir='ltr'><strong>eum</strong></span> <span class='ocrx_word' id='word_1_749' title='bbox 2775 4480 3066 4540; x_wconf 89' lang='lat' dir='ltr'><strong>penetrare</strong></span> <span class='ocrx_word' id='word_1_750' title='bbox 3108 4471 3312 4529; x_wconf 76' lang='lat' dir='ltr'><strong>frustra</strong></span> <span class='ocrx_word' id='word_1_751' title='bbox 3343 4488 3596 4545; x_wconf 86' lang='lat' dir='ltr'><strong>conatus,</strong></span> 
     </span>
    </p>
   </div>
   <div class='ocr_carea' id='block_1_98' title="bbox 2022 4561 3594 4638">
    <p class='ocr_par' dir='ltr' id='par_1_98' title="bbox 2022 4561 3594 4638">
     <span class='ocr_line' id='line_1_98' title="bbox 2022 4561 3594 4638; baseline 0.006 -23"><span class='ocrx_word' id='word_1_752' title='bbox 2022 4562 2286 4615; x_wconf 71' lang='lat' dir='ltr'><strong>chartula:</strong></span> <span class='ocrx_word' id='word_1_753' title='bbox 2333 4561 2636 4630; x_wconf 88' lang='lat' dir='ltr'><strong>inscripsit,</strong></span> <span class='ocrx_word' id='word_1_754' title='bbox 2681 4562 2886 4633; x_wconf 85' lang='lat' dir='ltr'><strong>Surge,</strong></span> <span class='ocrx_word' id='word_1_755' title='bbox 2937 4566 3210 4634; x_wconf 72' lang='lat' dir='ltr'><strong>carnifex,</strong></span> <span class='ocrx_word' id='word_1_756' title='bbox 3266 4583 3498 4638; x_wconf 79' lang='lat' dir='ltr'><strong>eamque</strong></span> <span class='ocrx_word' id='word_1_757' title='bbox 3541 4571 3594 4625; x_wconf 89' lang='lat' dir='ltr'><strong>in</strong></span> 
     </span>
    </p>
   </div>
   <div class='ocr_carea' id='block_1_99' title="bbox 2023 4653 3596 4725">
    <p class='ocr_par' dir='ltr' id='par_1_99' title="bbox 2023 4653 3596 4725">
     <span class='ocr_line' id='line_1_99' title="bbox 2023 4653 3596 4725; baseline 0.006 -20"><span class='ocrx_word' id='word_1_758' title='bbox 2023 4653 2289 4721; x_wconf 76' lang='lat' dir='ltr'><strong>gremium</strong></span> <span class='ocrx_word' id='word_1_759' title='bbox 2323 4653 2444 4723; x_wconf 90' lang='lat' dir='ltr'><strong>ejus</strong></span> <span class='ocrx_word' id='word_1_760' title='bbox 2478 4654 2716 4723; x_wconf 90' lang='lat' dir='ltr'><strong>conjecit</strong></span> <span class='ocrx_word' id='word_1_761' title='bbox 2745 4669 2758 4706; x_wconf 88' lang='lat'><strong>:</strong></span> <span class='ocrx_word' id='word_1_762' title='bbox 2786 4670 2893 4723; x_wconf 91' lang='lat' dir='ltr'><strong>qua</strong></span> <span class='ocrx_word' id='word_1_763' title='bbox 2929 4655 3088 4721; x_wconf 86' lang='lat' dir='ltr'><strong>lecta,</strong></span> <span class='ocrx_word' id='word_1_764' title='bbox 3123 4660 3364 4712; x_wconf 81' lang='lat' dir='ltr'><strong>surrexit</strong></span> <span class='ocrx_word' id='word_1_765' title='bbox 3392 4658 3596 4725; x_wconf 69' lang='lat' dir='ltr'><strong>Caesar,</strong></span> 
     </span>
    </p>
   </div>
   <div class='ocr_carea' id='block_1_100' title="bbox 2021 4743 3598 4817">
    <p class='ocr_par' dir='ltr' id='par_1_100' title="bbox 2021 4743 3598 4817">
     <span class='ocr_line' id='line_1_100' title="bbox 2021 4743 3598 4817; baseline 0.006 -21"><span class='ocrx_word' id='word_1_766' title='bbox 2021 4753 2077 4796; x_wconf 87' lang='lat' dir='ltr'><strong>et</strong></span> <span class='ocrx_word' id='word_1_767' title='bbox 2126 4745 2426 4797; x_wconf 75' lang='lat' dir='ltr'><strong>sententias</strong></span> <span class='ocrx_word' id='word_1_768' title='bbox 2478 4743 2784 4813; x_wconf 80' lang='lat' dir='ltr'><strong>abrogavit,</strong></span> <span class='ocrx_word' id='word_1_769' title='bbox 2829 4761 2965 4813; x_wconf 86' lang='lat' dir='ltr'><strong>quas</strong></span> <span class='ocrx_word' id='word_1_770' title='bbox 3021 4755 3132 4800; x_wconf 89' lang='lat' dir='ltr'><strong>tum</strong></span> <span class='ocrx_word' id='word_1_771' title='bbox 3191 4751 3598 4817; x_wconf 83' lang='lat' dir='ltr'><strong>pronuntiarat.</strong></span> 
     </span>
    </p>
   </div>
   <div class='ocr_carea' id='block_1_101' title="bbox 2023 4835 3594 4909">
    <p class='ocr_par' dir='ltr' id='par_1_101' title="bbox 2023 4835 3594 4909">
     <span class='ocr_line' id='line_1_101' title="bbox 2023 4835 3594 4909; baseline 0.003 -19"><span class='ocrx_word' id='word_1_772' title='bbox 2023 4836 2158 4890; x_wconf 86' lang='lat' dir='ltr'><strong>Nam</strong></span> <span class='ocrx_word' id='word_1_773' title='bbox 2192 4851 2250 4889; x_wconf 88' lang='lat' dir='ltr'><strong>se</strong></span> <span class='ocrx_word' id='word_1_774' title='bbox 2281 4837 2346 4889; x_wconf 88' lang='lat' dir='ltr'><strong>ab</strong></span> <span class='ocrx_word' id='word_1_775' title='bbox 2373 4835 2566 4890; x_wconf 90' lang='lat' dir='ltr'><strong>amicis</strong></span> <span class='ocrx_word' id='word_1_776' title='bbox 2591 4837 2867 4906; x_wconf 85' lang='lat' dir='ltr'><strong>castigari,</strong></span> <span class='ocrx_word' id='word_1_777' title='bbox 2895 4838 3033 4892; x_wconf 82' lang='lat' dir='ltr'><strong>adeo</strong></span> <span class='ocrx_word' id='word_1_778' title='bbox 3061 4855 3168 4892; x_wconf 86' lang='lat' dir='ltr'><strong>non</strong></span> <span class='ocrx_word' id='word_1_779' title='bbox 3197 4856 3338 4909; x_wconf 65' lang='lat' dir='ltr'><strong>aegre</strong></span> <span class='ocrx_word' id='word_1_780' title='bbox 3362 4841 3594 4907; x_wconf 79' lang='lat' dir='ltr'><strong>ferebat,</strong></span> 
     </span>
    </p>
   </div>
   <div class='ocr_carea' id='block_1_102' title="bbox 2022 4928 3598 4998">
    <p class='ocr_par' dir='ltr' id='par_1_102' title="bbox 2022 4928 3598 4998">
     <span class='ocr_line' id='line_1_102' title="bbox 2022 4928 3598 4998; baseline 0.003 -18"><span class='ocrx_word' id='word_1_781' title='bbox 2022 4937 2083 4980; x_wconf 90' lang='lat' dir='ltr'><strong>ut</strong></span> <span class='ocrx_word' id='word_1_782' title='bbox 2114 4929 2398 4997; x_wconf 82' lang='lat' dir='ltr'><strong>gauderet.</strong></span> <span class='ocrx_word' id='word_1_783' title='bbox 2428 4928 2748 4982; x_wconf 67' lang='lat' dir='ltr'><strong>Maecenatis</strong></span> <span class='ocrx_word' id='word_1_784' title='bbox 2775 4943 2940 4998; x_wconf 90' lang='lat' dir='ltr'><strong>porro</strong></span> <span class='ocrx_word' id='word_1_785' title='bbox 2970 4931 3228 4983; x_wconf 83' lang='lat' dir='ltr'><strong>virtutem</strong></span> <span class='ocrx_word' id='word_1_786' title='bbox 3256 4929 3386 4983; x_wconf 89' lang='lat' dir='ltr'><strong>illud</strong></span> <span class='ocrx_word' id='word_1_787' title='bbox 3418 4931 3598 4984; x_wconf 85' lang='lat' dir='ltr'><strong>decla-</strong></span> 
     </span>
    </p>
   </div>
   <div class='ocr_carea' id='block_1_103' title="bbox 2022 5020 3598 5090">
    <p class='ocr_par' dir='ltr' id='par_1_103' title="bbox 2022 5020 3598 5090">
     <span class='ocr_line' id='line_1_103' title="bbox 2022 5020 3598 5090; baseline 0.002 -18"><span class='ocrx_word' id='word_1_788' title='bbox 2022 5031 2105 5073; x_wconf 88' lang='lat' dir='ltr'><strong>rat</strong></span> <span class='ocrx_word' id='word_1_789' title='bbox 2137 5021 2393 5081; x_wconf 81' lang='lat' dir='ltr'><strong>maxime,</strong></span> <span class='ocrx_word' id='word_1_790' title='bbox 2427 5020 2572 5088; x_wconf 78' lang='lat' dir='ltr'><strong>quml</strong></span> <span class='ocrx_word' id='word_1_791' title='bbox 2617 5035 2740 5074; x_wconf 89' lang='lat' dir='ltr'><strong>cum</strong></span> <span class='ocrx_word' id='word_1_792' title='bbox 2790 5021 3186 5090; x_wconf 86' lang='lat' dir='ltr'><strong>cupiditatibus</strong></span> <span class='ocrx_word' id='word_1_793' title='bbox 3229 5024 3453 5089; x_wconf 79' lang='lat' dir='ltr'><strong>Augusti</strong></span> <span class='ocrx_word' id='word_1_794' title='bbox 3510 5037 3598 5075; x_wconf 88' lang='lat' dir='ltr'><strong>rc-</strong></span> 
     </span>
    </p>
   </div>
   <div class='ocr_carea' id='block_1_104' title="bbox 2021 5108 3597 5178">
    <p class='ocr_par' dir='ltr' id='par_1_104' title="bbox 2021 5108 3597 5178">
     <span class='ocr_line' id='line_1_104' title="bbox 2021 5108 3597 5178; baseline 0 -17"><span class='ocrx_word' id='word_1_795' title='bbox 2021 5109 2345 5178; x_wconf 80' lang='lat' dir='ltr'><strong>fragaretur,</strong></span> <span class='ocrx_word' id='word_1_796' title='bbox 2378 5108 2742 5162; x_wconf 90' lang='lat' dir='ltr'><strong>nihilominus</strong></span> <span class='ocrx_word' id='word_1_797' title='bbox 2780 5109 2831 5161; x_wconf 89' lang='lat' dir='ltr'><strong>ei</strong></span> <span class='ocrx_word' id='word_1_798' title='bbox 2867 5108 3069 5161; x_wconf 84' lang='lat' dir='ltr'><strong>Charus</strong></span> <span class='ocrx_word' id='word_1_799' title='bbox 3098 5117 3244 5170; x_wconf 89' lang='lat' dir='ltr'><strong>erat,</strong></span> <span class='ocrx_word' id='word_1_800' title='bbox 3279 5117 3333 5160; x_wconf 90' lang='lat' dir='ltr'><strong>et</strong></span> <span class='ocrx_word' id='word_1_801' title='bbox 3382 5109 3597 5161; x_wconf 67' lang='lat' dir='ltr'><strong>caeteris</strong></span> 
     </span>
    </p>
   </div>
   <div class='ocr_carea' id='block_1_105' title="bbox 2021 5199 3598 5282">
    <p class='ocr_par' dir='ltr' id='par_1_105' title="bbox 2021 5199 3598 5282">
     <span class='ocr_line' id='line_1_105' title="bbox 2021 5199 3598 5282; baseline -0.001 -28"><span class='ocrx_word' id='word_1_802' title='bbox 2021 5202 2282 5254; x_wconf 89' lang='lat' dir='ltr'><strong>omnibus</strong></span> <span class='ocrx_word' id='word_1_803' title='bbox 2327 5201 2578 5269; x_wconf 82' lang='lat' dir='ltr'><strong>placebat</strong></span> <span class='ocrx_word' id='word_1_804' title='bbox 2616 5217 2630 5252; x_wconf 95' lang='lat'>:</span> <span class='ocrx_word' id='word_1_805' title='bbox 2686 5209 2741 5254; x_wconf 89' lang='lat' dir='ltr'><strong>et</strong></span> <span class='ocrx_word' id='word_1_806' title='bbox 2787 5199 3040 5282; x_wconf 78' lang='lat' dir='ltr'><strong>quamvis</strong></span> <span class='ocrx_word' id='word_1_807' title='bbox 3089 5209 3235 5252; x_wconf 84' lang='lat' dir='ltr'><strong>tanta</strong></span> <span class='ocrx_word' id='word_1_808' title='bbox 3287 5200 3408 5268; x_wconf 89' lang='lat' dir='ltr'><strong>ejus</strong></span> <span class='ocrx_word' id='word_1_809' title='bbox 3450 5209 3598 5254; x_wconf 85' lang='lat' dir='ltr'><strong>esset</strong></span> 
     </span>
    </p>
   </div>
   <div class='ocr_carea' id='block_1_106' title="bbox 2023 5289 3598 5360">
    <p class='ocr_par' dir='ltr' id='par_1_106' title="bbox 2023 5289 3598 5360">
     <span class='ocr_line' id='line_1_106' title="bbox 2023 5289 3598 5360; baseline -0.001 -15"><span class='ocrx_word' id='word_1_810' title='bbox 2023 5293 2342 5355; x_wconf 76' lang='lat' dir='ltr'><strong>aurtoritas,</strong></span> <span class='ocrx_word' id='word_1_811' title='bbox 2379 5300 2440 5345; x_wconf 87' lang='lat' dir='ltr'><strong>ut</strong></span> <span class='ocrx_word' id='word_1_812' title='bbox 2468 5291 2657 5345; x_wconf 88' lang='lat' dir='ltr'><strong>multis</strong></span> <span class='ocrx_word' id='word_1_813' title='bbox 2686 5292 2926 5344; x_wconf 85' lang='lat' dir='ltr'><strong>honores</strong></span> <span class='ocrx_word' id='word_1_814' title='bbox 2959 5301 3015 5343; x_wconf 89' lang='lat' dir='ltr'><strong>et</strong></span> <span class='ocrx_word' id='word_1_815' title='bbox 3042 5291 3389 5358; x_wconf 82' lang='lat' dir='ltr'><strong>magistratus</strong></span> <span class='ocrx_word' id='word_1_816' title='bbox 3430 5289 3598 5360; x_wconf 76' lang='lat' dir='ltr'><strong>largi-</strong></span> 
     </span>
    </p>
   </div>
   <div class='ocr_carea' id='block_1_107' title="bbox 1524 5408 2427 5470">
    <p class='ocr_par' dir='ltr' id='par_1_107' title="bbox 1524 5408 2427 5470">
     <span class='ocr_line' id='line_1_107' title="bbox 1524 5408 2427 5470; baseline 0 -3"><span class='ocrx_word' id='word_1_817' title='bbox 1524 5408 1723 5470; x_wconf 79' lang='lat' dir='ltr'><strong>Variee</strong></span> <span class='ocrx_word' id='word_1_818' title='bbox 1786 5408 2093 5469; x_wconf 82' lang='lat' dir='ltr'><strong>lectiones</strong></span> <span class='ocrx_word' id='word_1_819' title='bbox 2128 5415 2188 5468; x_wconf 88' lang='lat' dir='ltr'><strong>et</strong></span> <span class='ocrx_word' id='word_1_820' title='bbox 2235 5414 2427 5468; x_wconf 77' lang='lat' dir='ltr'><strong>noue.</strong></span> 
     </span>
    </p>
   </div>
   <div class='ocr_carea' id='block_1_108' title="bbox 415 5535 1913 5622">
    <p class='ocr_par' dir='ltr' id='par_1_108' title="bbox 415 5535 1913 5622">
     <span class='ocr_line' id='line_1_108' title="bbox 415 5535 1913 5622; baseline -0.011 -17"><span class='ocrx_word' id='word_1_821' title='bbox 415 5552 527 5622; x_wconf 72' lang='lat'><strong>(37)</strong></span> <span class='ocrx_word' id='word_1_822' title='bbox 579 5544 961 5622; x_wconf 60' lang='grc' dir='ltr'><strong>Ἀνᾳγνῶναιτ</strong></span> <span class='ocrx_word' id='word_1_823' title='bbox 1008 5543 1127 5597; x_wconf 79' lang='lat' dir='ltr'><strong>Huc</strong></span> <span class='ocrx_word' id='word_1_824' title='bbox 1173 5542 1366 5596; x_wconf 68' lang='lat' dir='ltr'><strong>reierri</strong></span> <span class='ocrx_word' id='word_1_825' title='bbox 1416 5551 1594 5609; x_wconf 77' lang='lat' dir='ltr'><strong>potest</strong></span> <span class='ocrx_word' id='word_1_826' title='bbox 1637 5538 1730 5607; x_wconf 84' lang='grc' dir='ltr'><strong>(ιυί</strong></span> <span class='ocrx_word' id='word_1_827' title='bbox 1757 5535 1913 5622; x_wconf 61' lang='lat' dir='ltr'><strong>apud</strong></span> 
     </span>
    </p>
   </div>
   <div class='ocr_carea' id='block_1_109' title="bbox 343 5609 1918 5682">
    <p class='ocr_par' dir='ltr' id='par_1_109' title="bbox 343 5609 1918 5682">
     <span class='ocr_line' id='line_1_109' title="bbox 343 5609 1918 5682; baseline -0.011 -7"><span class='ocrx_word' id='word_1_828' title='bbox 343 5609 568 5676; x_wconf 75' lang='lat' dir='ltr'><strong>nostros</strong></span> <span class='ocrx_word' id='word_1_829' title='bbox 616 5609 799 5671; x_wconf 78' lang='lat' dir='ltr'><strong>adhuc</strong></span> <span class='ocrx_word' id='word_1_830' title='bbox 848 5615 1059 5669; x_wconf 84' lang='lat' dir='ltr'><strong>obtinet</strong></span> <span class='ocrx_word' id='word_1_831' title='bbox 1111 5629 1263 5674; x_wconf 84' lang='lat' dir='ltr'><strong>mos,</strong></span> <span class='ocrx_word' id='word_1_832' title='bbox 1320 5630 1430 5682; x_wconf 87' lang='lat' dir='ltr'><strong>quo</strong></span> <span class='ocrx_word' id='word_1_833' title='bbox 1469 5627 1663 5682; x_wconf 82' lang='lat' dir='ltr'><strong>regum</strong></span> <span class='ocrx_word' id='word_1_834' title='bbox 1703 5609 1918 5669; x_wconf 76' lang='lat' dir='ltr'><strong>edicta,</strong></span> 
     </span>
    </p>
   </div>
   <div class='ocr_carea' id='block_1_110' title="bbox 344 5681 1924 5761">
    <p class='ocr_par' dir='ltr' id='par_1_110' title="bbox 344 5681 1924 5761">
     <span class='ocr_line' id='line_1_110' title="bbox 344 5681 1924 5761; baseline -0.009 -17"><span class='ocrx_word' id='word_1_835' title='bbox 344 5692 672 5761; x_wconf 0' lang='lat' dir='ltr'><strong>priusquam,</strong></span> <span class='ocrx_word' id='word_1_836' title='bbox 701 5687 808 5761; x_wconf 86' lang='lat' dir='ltr'><strong>vim</strong></span> <span class='ocrx_word' id='word_1_837' title='bbox 853 5685 1216 5761; x_wconf 28' lang='lat' dir='ltr'><strong>babeauttad</strong></span> <span class='ocrx_word' id='word_1_838' title='bbox 1254 5681 1505 5761; x_wconf 83' lang='lat' dir='ltr'><strong>senatum</strong></span> <span class='ocrx_word' id='word_1_839' title='bbox 1541 5681 1924 5761; x_wconf 34' lang='lat' dir='ltr'><strong>&quot;pariamenta-</strong></span> 
     </span>
    </p>
   </div>
   <div class='ocr_carea' id='block_1_111' title="bbox 345 5751 1926 5822">
    <p class='ocr_par' dir='ltr' id='par_1_111' title="bbox 345 5751 1926 5822">
     <span class='ocr_line' id='line_1_111' title="bbox 345 5751 1926 5822; baseline -0.012 -5"><span class='ocrx_word' id='word_1_840' title='bbox 345 5751 496 5817; x_wconf 70' lang='lat' dir='ltr'><strong>rium</strong></span> <span class='ocrx_word' id='word_1_841' title='bbox 521 5751 678 5813; x_wconf 57' lang='lat' dir='ltr'><strong>&#39;mitti</strong></span> <span class='ocrx_word' id='word_1_842' title='bbox 719 5757 896 5811; x_wconf 84' lang='lat' dir='ltr'><strong>solent</strong></span> <span class='ocrx_word' id='word_1_843' title='bbox 926 5766 985 5809; x_wconf 89' lang='lat' dir='ltr'><strong>ut</strong></span> <span class='ocrx_word' id='word_1_844' title='bbox 1015 5754 1337 5822; x_wconf 51' lang='lat' dir='ltr'><strong>probentur,</strong></span> <span class='ocrx_word' id='word_1_845' title='bbox 1377 5770 1440 5807; x_wconf 84' lang='lat' dir='ltr'><strong>ac</strong></span> <span class='ocrx_word' id='word_1_846' title='bbox 1470 5751 1672 5806; x_wconf 86' lang='lat' dir='ltr'><strong>deinde</strong></span> <span class='ocrx_word' id='word_1_847' title='bbox 1712 5752 1766 5801; x_wconf 89' lang='lat' dir='ltr'><strong>in</strong></span> <span class='ocrx_word' id='word_1_848' title='bbox 1807 5755 1926 5800; x_wconf 86' lang='lat' dir='ltr'><strong>acta</strong></span> 
     </span>
    </p>
   </div>
   <div class='ocr_carea' id='block_1_112' title="bbox 2025 5520 3596 5604">
    <p class='ocr_par' dir='ltr' id='par_1_112' title="bbox 2025 5520 3596 5604">
     <span class='ocr_line' id='line_1_112' title="bbox 2025 5520 3596 5604; baseline 0 -17"><span class='ocrx_word' id='word_1_849' title='bbox 2025 5520 2338 5589; x_wconf 81' lang='lat' dir='ltr'><strong>referantur</strong></span> <span class='ocrx_word' id='word_1_850' title='bbox 2373 5554 2386 5588; x_wconf 86' lang='lat'>:</span> <span class='ocrx_word' id='word_1_851' title='bbox 2429 5533 2574 5604; x_wconf 87' lang='lat' dir='ltr'><strong>quod</strong></span> <span class='ocrx_word' id='word_1_852' title='bbox 2617 5533 2662 5586; x_wconf 90' lang='lat' dir='ltr'><strong>si</strong></span> <span class='ocrx_word' id='word_1_853' title='bbox 2695 5529 2978 5604; x_wconf 78' lang='lat' dir='ltr'><strong>quidpiam</strong></span> <span class='ocrx_word' id='word_1_854' title='bbox 3017 5527 3076 5604; x_wconf 78' lang='lat' dir='ltr'><strong>in</strong></span> <span class='ocrx_word' id='word_1_855' title='bbox 3126 5529 3192 5584; x_wconf 90' lang='lat' dir='ltr'><strong>iis</strong></span> <span class='ocrx_word' id='word_1_856' title='bbox 3219 5539 3476 5604; x_wconf 84' lang='lat' dir='ltr'><strong>occurrat</strong></span> <span class='ocrx_word' id='word_1_857' title='bbox 3504 5533 3596 5588; x_wconf 87' lang='lat' dir='ltr'><strong>cui</strong></span> 
     </span>
    </p>
   </div>
   <div class='ocr_carea' id='block_1_113' title="bbox 2021 5597 3598 5670">
    <p class='ocr_par' dir='ltr' id='par_1_113' title="bbox 2021 5597 3598 5670">
     <span class='ocr_line' id='line_1_113' title="bbox 2021 5597 3598 5670; baseline -0.003 -10"><span class='ocrx_word' id='word_1_858' title='bbox 2021 5607 2348 5660; x_wconf 84' lang='lat' dir='ltr'><strong>sententiam</strong></span> <span class='ocrx_word' id='word_1_859' title='bbox 2382 5597 2536 5658; x_wconf 74' lang='lat' dir='ltr'><strong>suam</strong></span> <span class='ocrx_word' id='word_1_860' title='bbox 2565 5619 2671 5656; x_wconf 91' lang='lat' dir='ltr'><strong>non</strong></span> <span class='ocrx_word' id='word_1_861' title='bbox 2711 5597 3109 5663; x_wconf 73' lang='lat' dir='ltr'><strong>accolit&#39;tuodet,</strong></span> <span class='ocrx_word' id='word_1_862' title='bbox 3144 5603 3211 5654; x_wconf 89' lang='lat' dir='ltr'><strong>de</strong></span> <span class='ocrx_word' id='word_1_863' title='bbox 3247 5617 3313 5655; x_wconf 84' lang='lat' dir='ltr'><strong>eo</strong></span> <span class='ocrx_word' id='word_1_864' title='bbox 3341 5601 3598 5670; x_wconf 81' lang='lat' dir='ltr'><strong>princeps</strong></span> 
     </span>
    </p>
   </div>
   <div class='ocr_carea' id='block_1_114' title="bbox 2004 5678 2726 5743">
    <p class='ocr_par' dir='ltr' id='par_1_114' title="bbox 2004 5678 2726 5743">
     <span class='ocr_line' id='line_1_114' title="bbox 2004 5678 2726 5743; baseline -0.01 -14"><span class='ocrx_word' id='word_1_865' title='bbox 2004 5678 2355 5731; x_wconf 85' lang='lat' dir='ltr'><strong>admonetur</strong></span> <span class='ocrx_word' id='word_1_866' title='bbox 2389 5691 2452 5729; x_wconf 86' lang='lat' dir='ltr'><strong>ac</strong></span> <span class='ocrx_word' id='word_1_867' title='bbox 2485 5683 2726 5743; x_wconf 80' lang='lat' dir='ltr'><strong>rogatur.</strong></span> 
     </span>
    </p>
   </div>
  </div>
