4018 6250
457 283 554 350 911

1716 279 2042 341 JOANNIS
2081 277 2412 339 ΖΟΝΛΒιΕ

3621 275 3728 339 9i?

457 411 630 458 retur.
697 395 813 466 ipse
867 395 920 449 in
970 393 1164 448 ordine
1214 392 1456 462 equestri
1527 407 1746 447 omnem
1821 402 2032 449 aetatem

2144 391 2410 460 θούμενος
2433 389 2539 444 ὑπὸ
2557 388 2665 444 τῶν
2690 389 2884 460 φίλων,
2907 386 3047 442 ἀλλὰ
3096 385 3312 459 ἔχαιρε.
3347 386 3626 456 Μέγιστον
3672 390 3728 442 δέ

453 507 610 562 aequo
641 492 825 544 animo
873 488 1073 558 exegit.
1110 487 1389 557 Augustus
1425 502 1552 541 cum
1588 486 1778 541 Caium
1809 497 1868 542 et
1919 486 2034 543 Lu-

454 583 600 636 cium
659 590 918 650 nepotes,
986 578 1320 648 eosdemque
1374 577 1516 632 ﬁlios
1559 577 1869 646 adoptivos,
1923 593 2032 632 non

455 690 588 728 suos
617 673 820 727 imitari
857 685 1038 725 mores
1074 669 1287 725 videret
1341 669 1465 741 (nec
1498 671 1643 724 enim
1693 669 2034 724 luxuriosius

452 767 715 821 duntaxat
736 807 750 830 ,
783 764 874 819 sed
925 764 1349 819 ferocius-etiarn
1387 778 1445 818 se
1479 762 1791 834 gerebant),
1824 778 2032 832 eosque

410 869 513 936 out
556 859 819 927 privatos,
868 857 1231 910 modestiores
1287 855 1519 910 reddere
1579 855 1862 909 statuisset
1893 871 1906 906 :
1937 854 2034 908 tri-

451 952 718 1008 bunitiam
789 960 1113 1021 potestatem
1167 951 1222 1004 in
1296 949 1738 1017 quinquennium
1807 947 2031 1002 Tiberio

451 1045 720 1109 decrevit,
753 1055 808 1100 et
838 1044 1153 1098 Armeniam
1181 1041 1343 1113 539
1369 1051 1492 1112 post
1526 1040 1780 1111 Tigranis
1815 1040 2028 1095 obitum

451 1140 745 1194 alienatam
799 1137 1076 1192 attribuit.
1130 1137 1331 1190 Verum
1369 1152 1431 1190 ea
1483 1149 1542 1188 re
1584 1134 1720 1188 nihil
1775 1133 2026 1203 profecit.

448 1233 586 1287 Nam
609 1214 670 1287 iet
696 1231 854 1302 pueri
882 1245 1007 1286 cum
1047 1245 1108 1285 se
1153 1228 1352 1298 negligi
1400 1237 1681 1298 putarent,
1713 1226 1762 1280 ei
1797 1239 2030 1280 succen-

447 1325 644 1381 sebant
676 1343 690 1379 :
723 1335 782 1380 et
814 1323 1069 1379 Tiberius
1118 1323 1336 1378 illorum
1379 1321 1513 1374 iram
1545 1320 1753 1374 veritus
1774 1361 1788 1383 ,
1835 1319 1889 1372 in
1925 1318 2030 1372 Ar-

449 1420 688 1474 meniam
751 1431 861 1471 non
914 1415 1071 1480 abiit,
1124 1415 1217 1468 sed
1283 1412 1538 1468 Rhodum
1594 1421 1680 1465 est
1731 1411 2026 1480 profectus.

450 1514 728 1581 Augustus
763 1523 893 1563 vero
931 1523 1074 1561 anno
1105 1505 1354 1575 sequenti
1387 1505 1777 1559 duodecimum
1813 1501 2026 1563 consul,

449 1604 645 1658 Caium
681 1611 804 1672 toga
833 1600 978 1654 virili
1010 1600 1136 1652 data
1182 1599 1234 1652 in
1265 1599 1474 1652 curiam
1504 1597 1826 1658 adductum,
1871 1593 2028 1663 prin-

451 1694 626 1762 cipem
670 1691 979 1757 iuventutis
1007 1687 1350 1758 designavit,
1384 1697 1441 1740 et
1489 1685 1807 1755 przefectum
1853 1684 2029 1738 tribus

2141 487 2240 556 τῆς
2272 484 2474 556 ἀρετῆς
2495 482 2590 536 τοῦ
2621 481 2908 552 Μαικήνου
2945 482 3168 550 δεῖγμα,
3198 482 3282 534 δτι
3299 481 3381 551 τῷ
3409 497 3473 533 τε
3522 481 3729 548 Δὺγού-

2143 595 2254 648 στῳ
2284 577 2421 647 πρὶς
2455 575 2554 638 τὰς
2584 575 2764 645 ὁρμὰς
2808 573 2976 628 αὑτοῦ
3023 575 3425 644 ἀνθιστάμενος
3457 575 3726 645 ᾠκείωτο,

2141 671 2378 734 καὶτοῖς
2411 669 2596 732 ἄλλοις
2649 668 2855 722 ἅπασιν
2909 669 3140 739 ἤρεσκε,
3203 671 3302 722 καὶ
3340 670 3424 722 ὅτι
3457 655 3728 722 ’πλεῖστον

2140 761 2272 830 παρ’
2304 759 2454 829 αὑτῷ
2485 759 2758 831 δυνηθεὶς,
2780 761 2854 822 ὠς
2881 759 3158 828 καὶτιμὰς
3189 759 3408 823 πολλοῖς
3433 761 3530 813 καὶ
3556 759 3725 830 ἀρχὰς

2137 851 2347 916 δοῦναι,
2377 853 2541 914 αὑτὸς
2571 855 2630 906 ἐν
2658 851 2735 920 τῷ
2761 851 2868 904 τῶν
2920 853 3138 905 ἱππέων
3166 851 3309 906 τέλει
3352 853 3596 906 κατεϐἱω
3635 854 3731 906 καὶ

2138 947 2232 1016 οὑχ
2283 947 2751 1016 ὑπερεφρόνησεν.
2809 946 2983 1016 Ὁρῶν
3017 945 3074 999 δέ
3105 948 3132 998 ὁ
3171 944 3482 1014 Αὔγουστος
3522 947 3614 998 τόν
3669 963 3730 998 τε

2140 1036 2306 1090 Γάϊον
2340 1039 2432 1090 καὶ
2457 1037 2546 1090 τὸν
2573 1039 2804 1092 Λούκιον
2826 1037 2950 1099 τοὺς
2989 1037 3250 1105 ἐγγόνους
3273 1037 3461 1101 αὑτοῦ,
3504 1037 3600 1100 οὓς
3633 1037 3728 1090 καὶ

2139 1130 2513 1200 υἱοθετήσατο,
2542 1131 2616 1200 μὴ
2641 1132 2710 1184 τὰ
2764 1131 2870 1202 ἢθη
2921 1131 3221 1202 ζηλοῦντας
3271 1130 3440 1183 αὑτοῦ
3487 1130 3576 1200 (ού
3617 1131 3724 1200 γάρ

2135 1221 2432 1290 ἁδρότερον
2460 1223 2647 1292 διῆγον
2675 1224 2858 1291 μόνον,
2893 1221 3030 1275 άλλά
3057 1223 3148 1275 καὶ
3186 1221 3596 1292 ἐθρασύνοντο),
3633 1223 3729 1273 καὶ

2139 1311 2417 1384 βουληθεὶς
2441 1314 2639 1376 αὐτοὺς
2660 1317 3131 1385 σωφρονεστέρους
3153 1313 3364 1375 θέσθαι,
3384 1313 3460 1376 ὼς
3488 1313 3724 1377 ἰδιώτας,

2135 1404 2212 1472 τῷ
2239 1404 2473 1475 Τιϐερίῳ
2496 1406 2573 1468 είς
2608 1404 2768 1458 πέντε
2797 1405 2888 1474 ἐτη
2943 1404 3044 1475 τὴν
3091 1405 3443 1475 δημαρχικὴν
3477 1403 3727 1468 ἐξουσίαν

2135 1493 2420 1562 ἀπένειμε,
2454 1495 2548 1547 καὶ
2589 1495 2688 1564 τὴν
2729 1494 3022 1565 Ἀρμενίαν
3078 1493 3539 1566 ἀλλοτριουμένην
3586 1493 3728 1561 μετά

2135 1587 2228 1640 τὸν
2252 1586 2346 1640 τοῦ
2378 1587 2648 1656 Τιγράνου
2693 1587 2924 1642 θάνατον
2955 1588 3233 1657 προσεκλή
3246 1604 3438 1657 ρωσεν.
3473 1586 3642 1642 Οὑδέν
3675 1585 3727 1638 δ’

2136 1678 2200 1731 ἐκ
2220 1678 2412 1730 τούτου
2437 1676 2716 1732 ἀπώνατο.
2755 1679 2820 1732 Ui
2855 1679 2955 1748 μέν
2989 1679 3096 1749 γὰρ
3135 1679 3328 1739 παῖδες
3369 1676 3724 1748 παρορᾶσθαι

449 1797 571 1834 esse
603 1781 787 1850 jussit,
818 1795 1076 1847 annoque
1115 1786 1236 1847 post
1274 1777 1445 1830 Lucio
1475 1778 1596 1845 ejus
1621 1774 1776 1830 fratri
1807 1774 2030 1830 eosdem

2139 1769 2390 1834 δόξαντες
2426 1770 2678 1840 ἤχθοντο.
2724 1772 2781 1824 Ὀ
2808 1771 2862 1824 δὲ
2901 1772 3153 1842 Τιϐέριος
3187 1771 3286 1841 τὴν
3327 1771 3501 1841 ὀργὴν
3543 1770 3724 1824 αὑτῶν

450 1875 692 1928 honores
723 1873 893 1927 dedit.
934 1870 1140 1938 Populo
1170 1878 1524 1938 congregato,
1552 1876 1608 1921 et
1636 1867 1882 1936 quaulam
1909 1882 2031 1922 cor-

452 1965 548 2032 rigi
588 1963 919 2032 postulante,
953 1977 1017 2014 ea
1051 1961 1117 2015 de
1153 1975 1314 2015 causa
1358 1959 1596 2013 tribunis
1627 1959 1691 2012 ad
1722 1960 2028 2028 Augustum

451 2051 654 2110 missis.
690 2050 803 2118 ipse
834 2049 1015 2114 venit,
1049 2058 1102 2102 et
1138 2063 1260 2117 qum
1305 2047 1584 2118 petebant,
1621 2064 1728 2102 una
1779 2064 1904 2102 cum
1949 2049 2033 2104 eis

451 2141 820 2196 consideravit
861 2159 874 2194 :
906 2157 1013 2209 qua
1039 2157 1098 2195 re
1132 2155 1326 2194 omnes
1361 2150 1490 2194 sunt
1515 2139 1794 2195 delectati.
1828 2141 2028 2197 Juliam

452 2237 643 2300 tiliam,
673 2235 955 2288 lasciviam
989 2235 1110 2300 ejus
1133 2231 1418 2303 aegerrime
1454 2233 1638 2286 ferens
1661 2274 1675 2297 ,
1709 2232 1763 2285 in
1801 2234 2034 2288 insulam

452 2329 768 2397 relegavit:
813 2342 937 2380 cum
991 2341 1164 2394 eaque
1211 2335 1388 2380 mater
1447 2324 1735 2380 Scribonia
1781 2325 1924 2380 ultro
1980 2327 2032 2381 in

451 2418 704 2472 exsilium
737 2416 890 2470 abiit.
942 2415 1019 2468 Ex
1055 2413 1394 2469 amatoribus
1437 2417 1558 2484 ejus
1603 2414 1808 2470 Julium
1860 2417 2036 2472 Anto-

451 2510 626 2572 nium,
659 2517 715 2567 et
763 2507 902 2560 alios
943 2507 1120 2560 claros
1156 2507 1302 2561 viros
1338 2515 1399 2560 ut
1438 2522 1666 2577 regnum
1711 2507 2036 2563 aﬂectantes

452 2600 751 2663 interfecit,
786 2607 1012 2653 cateros
1052 2597 1108 2652 in
1145 2597 1355 2653 insulas
1390 2598 1675 2670 relegavit.

2135 1863 2402 1933 ἐφοϐήθη,
2428 1863 2509 1916 διὸ
2534 1863 2646 1918 οὔτ’
2672 1865 2751 1926 εἰς
2783 1863 3084 1934 Ἀρμενίαν
3111 1864 3466 1936 ἀπεληλύθει,
3493 1864 3612 1917 ἀλλ’
3645 1866 3723 1926 είς

2148 1954 2329 2007 Ῥόδον
2350 1955 2598 2023 ἀφίκετο.
2656 1954 2750 2026 Τῷ
2783 1957 2828 2009 δ’
2856 1956 3053 2026 ἐφεξῆς
3077 1956 3192 2010 ἐτει
3236 1957 3538 2010 δωδέκατον
3577 1957 3722 2008 ὑπα-

2132 2045 2311 2099 τεύων
2365 2049 2396 2100 ὁ
2453 2046 2788 2116 Αὑγουστος,
2854 2051 2935 2112 είς
2987 2050 3113 2112 τοὺς
3164 2049 3402 2119 ἐφήϐους
3438 2048 3525 2101 τὸν
3560 2048 3722 2102 Γάϊον

2135 2139 2318 2206 ἔταξε,
2348 2142 2440 2194 καὶ
2468 2143 2525 2204 ἐς
2549 2141 2610 2194 τὸ
2639 2141 3024 2213 βουλευτήριον
3054 2141 3169 2212 ἅμα
3191 2144 3454 2211 εἰσήγαγε
3487 2143 3583 2194 καὶ
3601 2141 3726 2210 πρό-

2131 2245 2320 2299 κριτον
2355 2229 2604 2300 ἀπέφηνε
2626 2232 2724 2301 τῆς
2748 2231 3024 2300 νεότητος,
3065 2232 3284 2303 ῐλαρχόν
3317 2250 3376 2284 τε
3407 2233 3582 2302 φυλῆς
3614 2231 3722 2300 (88)

2137 2319 2403 2389 γενέσθαι
2426 2321 2722 2394 ἐπέτρεψε,
2749 2325 2845 2377 καὶ
2878 2324 2996 2395 μετ’
3028 2325 3278 2378 ἐνιαυτὸν
3306 2326 3400 2378 καὶ
3431 2325 3460 2376 ὁ
3490 2323 3722 2385 Λούκιος

2131 2412 2232 2475 τάς
2262 2414 2431 2484 τιμάς
2453 2415 2576 2469 ὅσαι
2607 2415 2686 2486 τῷ
2714 2417 2862 2487 Γαΐῳ
2893 2417 2972 2486 τῷ
2997 2416 3215 2488 ἀδελφῷ
3263 2415 3430 2470 αὑτοῦ
3467 2417 3719 2479 ἐδίδοντο,

2133 2506 2348 2561 ἐλαϐεν.
2398 2505 2804 2578 Ἀθροισθέντος
2837 2510 2892 2562 δὲ
2919 2509 3014 2562 τοῦ
3043 2510 3238 2580 δήμου,
3273 2514 3367 2563 καὶ
3400 2509 3720 2578 ἐπανορθω-

2135 2599 2297 2670 θῆναί
2319 2617 2474 2663 τινας
2497 2599 2800 2666 ἀξιοῦντος,
2825 2603 2922 2655 καὶ
2950 2601 3078 2664 τοὺς
3109 2601 3424 2672 δημάρχους
3449 2601 3539 2654 διὰ
3565 2600 3722 2655 τοῦτο

454 2697 592 2761 πρὸς
613 2695 703 2747 τὸν
726 2692 1043 2761 Αὔγουστον
1076 2691 1417 2762 πέμψαντος,
1450 2687 1616 2763 ἦλθεν
1665 2693 1898 2756 ἐκεῖνος,
1940 2693 2035 2747 καὶ
2068 2694 2199 2762 περὶ
2261 2689 2338 2750 ὧν
2389 2693 2601 2746 ἐδέοντο
2632 2693 2786 2762 σφίσι
2817 2694 3262 2763 συνδιεσκέψατο.
3296 2695 3406 2748 Καὶ
3429 2696 3520 2746 ἐπὶ
3547 2695 3720 2762 τούτῳ

450 2789 701 2859 ἥσθησαν
730 2785 990 2849 ἅπαντες.
1038 2785 1149 2856 Τὴν
1179 2784 1235 2838 δέ
1290 2784 1568 2855 θυγατέρα
1600 2785 1829 2838 Ἰουλίαν
1881 2787 2315 2855 ἀσελγαίνουσαν
2391 2786 2658 2856 φωράσας
2724 2787 3139 2858 ὑπερωργίσθη·
3184 2788 3279 2840 καὶ
3349 2787 3568 2856 ἐκείνην
3623 2787 3718 2855 μὲν

451 2882 531 2944 εἱς
563 2880 724 2949 νῆσον
745 2879 1037 2948 ἀπήγαγεν
1081 2877 1400 2948 ὑπερόριον,
1538 2875 1634 2930 καὶ
1687 2877 1720 2944 ή
1776 2877 1963 2949 μήτηρ
2010 2878 2043 2947 ή
2083 2875 2392 2948 Σκριϐωνία
2463 2874 2666 2930 ἑκοῦσα
2716 2875 3131 2940 συνεξέπλευσε.
3171 2876 3294 2928 Τῶν
3343 2877 3400 2928 δὲ
3439 2877 3721 2947 χρησαμέ-

450 2994 556 3030 νων
590 2976 727 3046 αὑτῇ
759 2975 850 3027 τὸν
877 2972 976 3043 μὲν
1005 2970 1226 3024 Ἰούλιον
1255 2969 1545 3022 Ἀντώνιον
1574 2969 1817 3022 ἔκτεινεν
1838 2969 2033 3032 ἄλλους
2079 2969 2139 3021 τέ
2163 2985 2316 3031 τινας
2361 2969 2643 3038 ἐπιφανεῖς
2675 2967 2899 3035 ἄνδρας,
2920 2969 2996 3032 ὼς
3029 2967 3129 3038 τῆς
3172 2967 3476 3038 μοναρχίας
3499 2969 3719 3036 ἐφιεμέ-

450 3088 597 3132 νους,
631 3068 755 3130 τοὺς
782 3066 837 3119 δέ
883 3064 1104 3127 λοιποὺς
1136 3064 1214 3126 εἰς
1246 3065 1444 3132 νήσους
1473 3063 1626 3126 τινας
1672 3062 2013 3134 ὑπερώρισε.

523 3162 764 3219 XXXVI.
803 3159 938 3215 Cum
977 3159 1223 3213 Armenii
1279 3157 1634 3218 defecissent.
1663 3168 1720 3212 et
1752 3174 1782 3211 a
1811 3157 2032 3212 Parthis

2214 3153 2356 3224 ΔΕΓ.
2383 3154 2506 3208 Τῶν
2528 3156 2833 3227 Ἀρμενίων
2859 3155 2918 3208 δέ
2969 3155 3436 3224 νεωτερισάντων,
3465 3156 3564 3209 καὶ
3613 3158 3717 3210 τῶν

451 3263 775 3348 prvarentur
805 3290 819 3316 ,
864 3265 927 3303 ea
967 3264 1023 3302 re
1054 3248 1268 3311 dolens,
1319 3247 1454 3317 quid
1488 3259 1674 3319 ageret
1705 3250 2032 3320 ambigebat.

2150 3251 2384 3321 Πάρθων
2409 3251 2590 3313 αὐτοῖς
2621 3248 3051 3320 συνεργούντων,
3089 3251 3276 3318 ἀλγῶν
3307 3251 3401 3302 ἐπὶ
3444 3251 3542 3302 τού
3555 3267 3660 3315 τοις
3689 3253 3719 3303 δ

466 3346 578 3400 Nec
603 3343 752 3396 enim
803 3342 920 3408 ipse
973 3346 1196 3406 propter
1251 3347 1593 3392 senectutem
1620 3338 1821 3392 bellum
1854 3355 2032 3409 gerere

2144 3342 2475 3411 Αὔγουστος,
2493 3344 2601 3413 ὴπό
2611 3361 2695 3413 ρει-
2713 3343 2763 3395 τί
2788 3344 2854 3397 ἂν
2873 3344 3076 3416 πράξῃ.
3103 3342 3240 3396 Οὔτε
3257 3344 3365 3413 γὰρ
3380 3346 3541 3407 αὐτὸς
3559 3361 3720 3415 στρα-

456 3444 718 3506 poterat:
782 3443 837 3486 et
861 3430 1138 3494 Tiberius,
1176 3440 1234 3482 ut
1281 3429 1487 3484 dictum
1527 3441 1632 3496 est,
1663 3431 1775 3499 jam
1800 3447 2044 3487 secesse-

454 3538 560 3592 rat,
605 3541 705 3579 nec
749 3525 918 3578 alium
965 3537 1030 3575 ex
1065 3521 1472 3591 potentioribus
1509 3522 1728 3577 mittere
1775 3523 2033 3578 audebat.

453 3620 620 3672 Caius
653 3630 784 3670 vero
818 3623 872 3668 et
906 3612 1112 3667 Lucius
1149 3612 1552 3674 adolescentes.
1605 3623 1663 3667 et
1707 3629 1895 3668 rerum
1932 3614 2037 3669 im-

455 3712 614 3782 periti
639 3719 821 3764 erant.
855 3708 1053 3763 Verum
1079 3715 1310 3776 urgente
1340 3705 1692 3770 necessitate,
1723 3705 1915 3762 Caium
1941 3708 2039 3763 de-

453 3806 608 3875 legit,
644 3811 915 3872 potestate
965 3798 1346 3869 proconsulari
1381 3808 1438 3853 et
1470 3814 1642 3854 uxore
1673 3798 1823 3864 data,
1880 3810 1942 3855 ut
1969 3817 2036 3856 ea

452 3912 676 3968 quoque
713 3910 772 3948 re
806 3893 1045 3965 dignitas
1091 3893 1213 3962 ejus
1254 3901 1570 3962 augeretur,
1603 3901 1658 3947 et
1704 3893 2036 3948 consiliariis

453 3987 752 4059 adjunctis.
803 3986 854 4039 Is
903 3986 1007 4038 iter
1041 3984 1340 4054 ingressus,
1371 3984 1440 4038 ab
1485 3985 1743 4039 omnibus
1775 3994 1834 4039 ut
1866 3988 2037 4056 impe-

456 4081 656 4135 ratoris
686 4093 878 4148 nepos,
919 4092 984 4132 ac
1015 4077 1197 4145 potius
1234 4075 1403 4142 ﬁlius,
1438 4077 1744 4132 honoriﬁce
1770 4087 2036 4149 exceptus

453 4181 557 4225 est.
591 4171 847 4224 Tiberius
891 4168 1058 4222 etiam
1107 4165 1304 4221 Chium
1343 4168 1582 4237 trajecit,
1624 4179 1679 4224 et
1716 4170 2036 4224 adolescen-

458 4273 566 4317 tem
601 4262 793 4324 coluit,
823 4260 1109 4330 purgando
1141 4258 1509 4328 suspiciones,
1543 4271 1598 4314 et
1627 4262 1899 4316 submisse
1929 4263 2035 4317 hu-

455 4355 770 4422 miiiterque
796 4368 854 4408 se
884 4351 1149 4422 gerendo.
1189 4350 1326 4406 Cum
1363 4353 1416 4405 in
1452 4352 1662 4424 Syriam
1690 4354 1948 4420 venisset,
1977 4364 2033 4409 et

456 4445 590 4500 nihil
652 4443 901 4513 pra-clari
962 4443 1264 4512 gessisset,
1323 4443 1520 4497 vulnus
1580 4445 1814 4513 accepit.
1873 4446 2032 4502 Addo

2143 3437 2332 3488 τεῦσαι
2387 3433 2502 3500 οἷός
2557 3453 2616 3488 τε
2651 3432 2720 3504 ἦν
2780 3435 2870 3488 διὰ
2905 3438 3106 3506 γῆρας,
3142 3436 3258 3488 ὅτε
3313 3436 3595 3506 Τιϐέριος,
3646 3436 3718 3499 ὡς

2143 3526 2383 3598 εἴρηται,
2427 3528 2666 3598 μετέστη
2694 3527 3008 3598 ἧδη,ᾰλλον
3061 3527 3118 3580 δέ
3175 3545 3299 3581 τινα
3347 3528 3566 3597 πέμψαι
3613 3529 3718 3581 τῶν

2141 3619 2386 3672 δυνατῶν
2419 3619 2520 3672 οὑκ
2543 3619 2769 3688 ἐτόλμα.
2815 3620 2874 3673 Ὀ
2907 3620 2944 3672 Γ
2951 3621 3071 3683 άῖος
3092 3621 3149 3674 δὲ
3185 3623 3281 3674 καὶ
3305 3621 3333 3672 ό
3359 3621 3592 3683 Λούκιος
3611 3622 3715 3673 νέοι

2142 3712 2234 3766 καὶ
2258 3712 2600 3782 πραγμάτων
2630 3713 2930 3782 ἐτύγχανον
2953 3711 3197 3783 ἄπειροι.
3226 3713 3502 3783 Ἀνάγκης
3529 3714 3574 3767 δ’
3596 3715 3716 3768 ἐπι-

2140 3803 2402 3871 κειμένης
2429 3803 2520 3856 τὺν
2541 3805 2701 3858 Γάϊον
2721 3805 2918 3871 εἵλετο,
2952 3805 3043 3859 καὶ
3069 3807 3171 3876 τήν
3192 3823 3252 3859 τε
3287 3806 3542 3870 ἐξουσίαν
3571 3807 3716 3877 αὑτῷ

2138 3895 2238 3965 τὴν
2267 3895 2582 3950 ἀνθύπατον
2614 3899 2710 3952 καὶ
2737 3901 2974 3967 γυναῖκα
3003 3899 3230 3963 ἔδωκεν,
3263 3899 3349 3952 ἵνα
3384 3902 3496 3953 κάκ
3525 3901 3716 3953 τούτου

2136 4005 2190 4040 τι
2231 3989 2519 4062 προσλάϐῃ
2545 3990 2787 4060 ἀξίωμα,
2807 3994 2905 4046 καί
2933 3993 2982 4045 oi
3014 3991 3356 4062 συμϐούλους
3387 3994 3714 4065 προσέταξε.

2145 4080 2255 4133 Καὶ
2287 4081 2314 4132 ὁ
2342 4079 2444 4147 μὲν
2474 4082 2790 4150 άφωρμήθη
2822 4083 3059 4150 ἐντίμως
3088 4083 3246 4154 παρά
3275 4085 3496 4137 πάντων
3535 4085 3718 4137 ὑποδε-

2137 4171 2390 4241 χόμενος,
2421 4165 2511 4224 οἷα
2557 4171 2650 4225 τοῦ
2678 4173 3082 4245 αὐτοκράτορος
3107 4175 3350 4244 ἔγγονος,
3384 4175 3417 4245 ἢ
3445 4175 3544 4230 καὶ
3590 4178 3716 4239 παῖς

2137 4261 2514 4330 νομιζόμενος.
2545 4263 2655 4316 Καὶ
2674 4266 2702 4316 ὁ
2731 4263 2986 4334 Τιϐέριος
3002 4265 3048 4317 δ’
3086 4266 3144 4328 ἐς
3167 4264 3301 4318 Χίον
3336 4265 3531 4332 ἐλθὼν,
3557 4267 3718 4320 αὑτὸν

2135 4353 2491 4423 ἐθεράπευσε,
2531 4353 2630 4418 τὰς
2685 4356 2922 4424 ὑποψίας
2985 4357 3417 4427 ἁποτριϐόμενος
3452 4397 3468 4422 ,
3507 4357 3706 4409 ὑποπί-

2136 4459 2286 4496 πτων
2330 4461 2390 4496 τε
2424 4445 2513 4498 διὰ
2549 4444 2709 4498 τοῦτο
2758 4446 2856 4499 καὶ
2885 4447 3334 4516 ταπεινούμενος.
3363 4445 3647 4499 Ἀπελθὼν
3664 4445 3719 4497 δὲ

455 4536 624 4597 enim,
653 4534 744 4602 qui
793 4532 1041 4602 Artagira
1076 4531 1315 4597 tenebat,
1345 4547 1471 4585 eum
1527 4531 1592 4585 ad
1627 4533 1828 4587 muenia
1866 4534 2032 4602 pelle-

2140 4535 2222 4597 είς
2254 4537 2354 4606 τὴν
2383 4537 2584 4607 Συρίαν
2618 4537 2714 4590 καὶ
2751 4539 2917 4608 μηδὲν
2945 4541 3090 4608 μέγα
3126 4537 3513 4608 κατωρθωκὼς
3547 4539 3718 4608 ἐτρώ-

455 4636 626 4686 ctum,
656 4634 911 4692 tanquam
942 4623 1128 4676 arcani
1153 4622 1360 4691 aliquid
1379 4622 1650 4686 dicturus,
1683 4625 2027 4679 vuineravit:

453 4733 518 4772 ac
561 4717 604 4771 is
633 4715 856 4785 quidem
885 4713 1022 4768 urbe
1047 4725 1355 4783 expugnata
1387 4725 1582 4782 captus
1605 4723 1710 4768 est.
1739 4714 1906 4770 Caius
1929 4731 2030 4770 au-

457 4818 588 4874 tem,
633 4818 689 4862 et
735 4807 846 4876 jam
898 4805 1106 4874 alioqui
1143 4819 1336 4873 parum
1394 4804 1550 4858 ﬁrma
1603 4804 1940 4872 valetudine,
1975 4815 2032 4860 et

453 4901 808 4956 dissolutiore
863 4896 1110 4966 ingenio,
1165 4912 1233 4951 ex
1295 4896 1522 4950 vulnere
1577 4898 1906 4966 aegrotavit:
1975 4909 2032 4954 et

456 4996 631 5046 multo
664 4989 916 5046 hebetior
945 4988 1147 5053 factus,
1179 4987 1478 5056 postulavit
1529 4998 1590 5043 ut
1617 4989 1891 5059 privatam
1925 4991 2030 5046 sibi

455 5087 621 5140 vitam
660 5085 848 5140 liceret
876 5097 1059 5153 agere.
1092 5080 1149 5135 Id
1197 5079 1478 5150 Augustus
1508 5082 1795 5152 mgerrime
1827 5083 2032 5150 ferens,

456 5196 581 5232 eum
633 5179 888 5232 hortatus
941 5183 1027 5230 est
1083 5185 1164 5240 ut,
1220 5175 1278 5228 in
1326 5173 1539 5228 Italiam
1573 5190 1850 5241 reversus,
1888 5177 2037 5244 quod

2141 4626 2232 4697 θη.
2270 4630 2474 4683 Ἀδδων
2531 4631 2642 4701 γάρ
2693 4648 2778 4694 τις
2829 4631 2898 4684 τὰ
2938 4632 3270 4700 ’Λρτάγειρα
3317 4631 3569 4701 κατέχων
3625 4632 3723 4683 ὑπ-

2138 4720 2379 4787 ηγάγετο
2426 4723 2579 4791 παρὰ
2628 4721 2691 4775 τὸ
2737 4724 2913 4793 τεῖχος
2940 4722 3031 4774 τὸν
3075 4723 3257 4784 Γάϊον,
3285 4721 3358 4780 ῶς
3390 4739 3447 4774 τι
3498 4721 3720 4792 φράσων

2140 4813 2473 4884 ἀπόρρητον,
2499 4811 2784 4871 καὶαὺτὺν
2812 4813 3072 4884 ἔτρωσεν.
3110 4813 3170 4866 Ὀ
3206 4813 3305 4882 μὲν
3338 4811 3455 4876 οὖν,
3492 4811 3715 4881 πολιορο

2143 4907 2354 4974 κηθεὶς,
2385 4905 2524 4975 ἥλω.
2567 4906 2628 4960 ’0
2654 4907 2712 4960 δέ
2743 4906 2907 4970 Γάϊος
2937 4907 3198 4976 ἐνόσησεν
3226 4909 3290 4959 ἐκ
3343 4906 3441 4958 τοῦ
3471 4905 3720 4975 τραύμα-

2142 5014 2257 5061 τος,
2290 4999 2384 5050 καὶ
2406 4997 2583 5060 ἄλλως
2619 4999 2808 5067 μέντοι
2837 4999 2912 5069 μὴ
2939 4998 3016 5051 ὢν
3054 4999 3315 5063 ὑγιεινός.
3359 4997 3453 5049 Διὸ
3503 4998 3598 5050 καὶ
3625 4995 3723 5065 τὴν

2142 5088 2388 5142 διάνοιαν
2416 5089 2725 5155 ἐξελέλυτο,
2747 5093 2844 5143 καὶ
2881 5091 3060 5160 πολλῷ
3088 5091 3287 5161 μᾶλλον
3318 5087 3714 5159 ἀπημϐλύνθη,

2147 5179 2245 5232 καὶ
2279 5179 2576 5233 ἰδιωτεύειν
2599 5178 2776 5250 ήξίουο
2807 5179 2951 5234 ὥστε
3000 5181 3092 5235 τὸν
3124 5179 3458 5250 Αὔγουστον,
3489 5182 3722 5249 περιαλ-

1645 5327 1844 5389 Variae
1876 5329 2182 5393 lectiones
2211 5339 2271 5395 et
2295 5341 2486 5395 notua.

528 5457 640 5528 (88)
686 5459 971 5528 ’ξιλαρχίν
999 5475 1062 5511 τε
1091 5457 1316 5526 φυλῆς.
1353 5457 1668 5528 Pra'fectum
1708 5461 1872 5514 tribus
1904 5478 2029 5514 ver-

459 5530 525 5582 tit
558 5526 784 5580 Wollius
821 5544 832 5578 :
866 5527 1104 5581 Sevirum
1149 5530 1336 5581 turmis
1384 5526 1620 5596 equitum
1668 5541 1884 5586 vertere
1929 5532 2030 5584 de-

458 5597 956 5668 buissecontendit
992 5597 1241 5652 Valesius
1286 5599 1351 5652 ad
1400 5599 1670 5668 Est-erpta
1708 5601 1933 5657 Dionis.
1965 5618 2031 5654 ex

457 5666 765 5736 Lapitolino
797 5666 849 5718 in
899 5668 1079 5721 Marco
1113 5685 1126 5721 :
1167 5669 1446 5722 Consulem
1478 5666 1665 5723 Serum
1709 5670 1832 5723 Pius
1882 5671 2035 5724 Mar-

462 5755 580 5790 cum
612 5736 938 5801 designavit,
975 5745 1023 5789 et
1059 5737 1285 5792 Caesaris
1310 5738 1668 5804 upocllatione
1708 5742 1952 5807 donavit,
1987 5751 2035 5795 ει

2136 5463 2374 5518 Sevirum
2408 5466 2592 5518 turmis
2634 5467 2870 5528 equitum
2923 5465 3071 5521 Rom.
3118 5467 3232 5528 iam
3272 5470 3543 5521 consulem
3580 5469 3719 5520 desi-

2139 5543 2361 5602 gnatum
2396 5537 2614 5588 creavit.
2664 5536 2788 5600 Ubi,
2835 5536 3043 5606 inquit,
3093 5537 3250 5592 Sevir
3300 5553 3502 5591 nomen
3557 5540 3715 5592 cilicii

2141 5608 2360 5657 vldetur
2411 5606 2580 5660 fuisse
2608 5645 2621 5665 .
2669 5608 2758 5660 cui
2804 5617 2860 5660 ot
2904 5607 3158 5660 ludorum
3199 5608 3531 5663 Seviralium
3588 5624 3719 5665 cura

2141 5675 2512 5744 compclebat,
2556 5685 2695 5732 teste
2725 5677 2919 5733 eodem
2944 5677 3276 5748 Capitolino-
