2009 3125
143 207 195 238 913

766 194 967 227 ANNALIUM
989 194 1060 224 LIB.
1078 194 1113 223 X.

1721 192 1773 225 9H

143 264 279 297 γήσαντα,
295 257 502 294 προτρέψασθαι
527 254 611 289 αυτῷ,
637 255 665 285 ἐς
680 253 731 288 τὴν
749 251 865 279 Ἰταλίαν
888 248 933 275 ἐλ-

986 250 1068 277 Vellct
1092 256 1195 285 ageret.
1223 251 1270 277 llle
1285 256 1351 277 vero
1368 257 1437 276 nave
1457 249 1582 277 oneraria
1611 248 1639 276 in
1662 247 1771 283 Lyciam

143 296 236 339 θόντα,
258 306 391 341 πράττειν
408 303 422 329 ὃ
444 302 579 335 βούλοιτο.
608 301 638 327 '0
668 299 697 326 at
721 300 749 329 ἐς
767 296 873 324 Λυκίαν
901 296 931 321 ἐν

141 354 236 382 ὁλκάδι
257 352 458 388 παρέπλευσεν.
481 348 546 375 ἔνθα
569 348 602 383 δὴ
625 347 674 373 καὶ
702 344 879 380 μετήλλαξεν.
900 342 930 368 '0

141 401 171 427 es
191 399 306 430 Λούκιος
321 399 335 424 ὁ
356 396 471 430 ἀδελφὸς
496 394 578 422 αὑτοῦ
594 392 767 427 προαπέσϐη,
800 389 931 423 ἐξαίφνης

144 447 216 481 νόσῳ
231 443 388 471 ἀποθανών.
404 442 442 468 ’Ἦ
466 450 495 467 τε
511 438 558 467 οὖν
590 438 670 466 Λιϐία
688 438 735 464 επὶ
755 436 793 471 τῷ
822 435 930 468 θανάτῳ

141 491 248 517 τούτων
271 487 451 522 ὑπωπτεύθη,
467 487 515 513 καὶ
534 487 547 513 ὁ
562 484 690 520 Τιϐέριος
703 484 733 509 οὺ
759 482 850 517 πολλῷ
863 481 931 515 πρό-

144 547 225 573 τερον
238 539 270 563 ἐκ
292 536 347 570 τῆς
368 535 462 561 Ῥόδου
483 534 550 567 πρὸς
582 532 631 566 τὴν
655 530 766 564 Ῥώμην
783 528 932 561 ὑπονοστή-

149 594 209 616 σας.
231 583 316 613 Αὐτός
339 591 368 608 τε
383 581 438 616 γὰρ
454 580 503 614 τῆς
517 578 561 605 διὰ
577 578 632 605 τῶν
655 577 764 612 ἄστρων
795 573 931 610 μαντικῆς

140 631 339 667 ἐμπειρότατος
358 626 404 664 ἦν,
426 627 473 654 καὶ
505 625 644 661 Θράσυλον
677 622 752 658 εἶχεν
775 621 861 657 ἄνδρα
880 621 930 655 τὴν

141 676 327 712 ἀστρολογίαν
342 675 504 710 ἀκρότατον*
533 672 594 699 ὅθεν
609 672 657 698 καὶ
676 671 711 697 τὰ
727 668 819 703 ἐαυτῷ
834 668 879 695 καὶ
895 667 930 694 τὰ

141 722 259 753 ἐκείνοις
280 721 411 756 μέλλοντα
445 718 607 754 συμϐαίνειν
635 716 780 750 ἠπίστατο.
813 713 931 747 Λέγεται

140 768 208 803 γοῦν
224 768 275 801 ὃτι,
292 765 435 802 βουληθείς
458 774 523 791 ποτε
550 764 565 790 ό
588 762 716 797 Τιῦέριος
743 762 772 787 ὲν
788 761 822 795 τῇ
841 759 926 793 Ῥόδῳ

140 815 188 841 τὸν
215 813 358 848 Θράσυλον
388 811 443 838 ἀπὸ
471 810 518 837 τοῦ
542 810 649 844 τείχους
675 806 768 838 ὤσειν,
784 805 822 836 ὼς
849 804 930 840 μόνον

142 860 285 887 συνειδότα
304 859 411 893 ὅσαπερ
428 857 542 889 ἐνενόει,
560 852 801 890 σκυθρωπάσαντά
816 860 846 877 τε
869 849 931 877 ἰδὼν

140 907 235 938 αὑτὸν,
250 905 331 941 ἡρετο
345 905 385 931 διό
398 913 424 930 τι
438 903 572 937 συνένηφε
589 911 596 934 ;
614 900 668 928 Τοῦ
684 900 713 926 δὲ
733 898 857 925 κίνδυνόν
871 905 931 923 τινα

141 928 235 938 ..-μη
254 928 330 941 π-.-
347 928 383 931 -.τ
404 928 423 930 ν.
442 928 465 929 η
493 928 498 929 ,
530 928 550 937 η
591 928 596 934 ,

140 952 263 986 προορᾷν
277 949 494 985 ἐπηρωτημένον
504 947 577 982 αὐτῷ
591 943 903 981 φήσαντος,ὲθαύμασεν
918 943 935 968 ὁ’
947 928 969 958 Β

140 998 281 1034 Τιϐέριος,
296 998 345 1025 καὶ
360 997 477 1031 φυλάξαι
498 996 580 1023 αὑτὸν
591 993 680 1029 ἐαυτῷ
695 993 740 1020 διὰ
754 994 804 1023 τὰς
819 990 935 1021 ἐλπίδας

140 1045 284 1079 ὴθὲλησεν.
301 1043 382 1070 Ἀλλὰ
400 1042 486 1070 ταῦτα
502 1042 550 1077 μὲν
563 1040 644 1067 οὕτω.
668 1040 697 1066 Ὀ
714 1040 743 1066 δὲ
768 1037 933 1072 Αὔγουστος,

138 1090 276 1124 δεσπότης
294 1089 346 1115 ὑπὸ
361 1087 409 1114 τοῦ
436 1087 521 1122 δήμου
547 1085 718 1121 όνομασθεὶς,
746 1085 793 1112 καὶ
814 1083 933 1110 ἀπειπά-

141 1144 223 1170 μενος
253 1134 355 1170 μηδένα
376 1133 445 1168 πρδς
467 1132 547 1159 αὑτὸν
573 1131 726 1167 κεχρῆσθαι
742 1131 828 1166 τούτῳ
844 1130 876 1165 δὴ
891 1130 931 1165 τῷ

139 1182 332 1217 προσρήματι,
352 1180 442 1215 χιλίας
465 1188 495 1205 τε
512 1179 561 1206 καὶ
585 1177 769 1209 πεντακοσίας
797 1176 935 1211 μυριάδας

138 1227 268 1263 δραχμῶν
284 1226 398 1257 ἀτόκους
412 1226 469 1257 τοῖς
493 1224 632 1260 δεομένοις
658 1223 785 1254 δανείσας
812 1222 855 1249 ἐπ’
886 1222 933 1257 ἐτη

137 1274 214 1309 τρθα,
230 1274 356 1308 ἐπῃνεῖτο
378 1271 453 1306 παρα
466 1271 583 1303 πάντων,
595 1269 642 1297 καὶ
655 1269 825 1304 ἐσεμνύνετο.
838 1268 936 1302 Δύνανς

139 1329 186 1346 ται
203 1320 231 1346 δι
262 1318 335 1353 παρὰ
356 1317 505 1352 Ῥωμαίοις
517 1317 545 1343 αἱ
564 1316 707 1343 εῐκοσικαὶ
719 1315 799 1342 πέντε
815 1315 935 1350 δραχμαὶ

141 1366 261 1401 χρυσοῦν
277 1366 398 1399 νόμισμα
415 1364 453 1396 ἒν,
468 1364 543 1399 παρὰ
569 1363 597 1389 δὲ
613 1364 669 1394 τοῖς
692 1362 825 1396 Ἓλλησιν
848 1361 935 1387 εἴκοσι

142 1412 276 1448 δραχμῶν
293 1412 308 1437 ὀ
329 1412 398 1438 Δίων
414 1410 482 1446 φησὶ
496 1410 526 1437 τὸ
543 1409 661 1445 χρυσοῦν
678 1408 864 1435 ἀλλάσσεσθαι
888 1407 933 1434 νό-

144 1466 247 1492 μισμα.
264 1458 342 1484 Μετὰ
360 1457 388 1483 δὲ
411 1456 499 1482 ταῦτα
520 1453 656 1481 Κελτικοῦ
682 1453 803 1487 πολέμου
823 1461 935 1487 κεκινη-

142 1504 236 1538 μένου,
251 1503 297 1530 καὶ
309 1503 391 1534 αὐτὸς
407 1501 460 1529 ὑπό
485 1510 514 1528 τε
531 1501 625 1536 γήρως
639 1501 686 1526 καὶ
700 1500 777 1525 νόσου
794 1498 934 1533 κεκμηκὸς

140 1551 212 1585 ἔχων
222 1550 251 1576 τὸ
270 1550 348 1584 σῶμα
361 1549 409 1575 καὶ
422 1547 621 1582 ἐκστρατεῦσαι
638 1547 676 1581 μὴ
696 1543 751 1577 οἷός
771 1554 801 1572 τε
818 1544 868 1576 ὢν,
889 1545 936 1570 τὸν

984 295 1116 323 advectus
1131 297 1212 328 obiit,
1233 295 1318 323 Lucio
1344 297 1429 324 fratre
1455 294 1536 331 540
1551 295 1613 329 ejus
1627 293 1774 329 repentino

985 342 1082 369 morbo
1094 343 1171 377 prius
1181 344 1328 371 exstincto.
1347 344 1424 372 Unde
1442 342 1518 369 Livia
1531 346 1559 368 ct
1571 341 1701 368 Tiberius
1718 347 1772 366 non

985 388 1071 416 multo
1088 393 1151 416 ante
1167 390 1263 418 Rhodo
1279 398 1404 418 reversus
1430 389 1589 423 suspicione
1604 395 1659 414 non
1675 393 1774 414 caruc-

985 438 1060 463 runt.
1086 435 1153 462 Nam
1179 443 1241 463 cum
1266 441 1294 463 et
1310 436 1368 470 ipse
1388 434 1568 462 divinationis
1586 441 1619 460 ex
1634 431 1775 459 sideribus

985 481 1170 515 peritissimus
1181 487 1265 514 esset.
1287 486 1316 511 et
1327 482 1502 518 Thrasyllum
1524 482 1613 508 virum
1641 480 1669 507 in
1684 484 1772 507 astro-

984 527 1055 562 logia
1070 535 1207 555 summttm
1225 537 1318 556 secum
1336 528 1471 556 haberet:
1487 527 1553 562 quid
1570 532 1597 555 ct
1611 526 1663 554 sibi
1676 530 1705 554 et
1722 526 1775 552 illis

984 578 1148 600 eventurum
1171 579 1255 607 esset.
1281 575 1453 609 praesciebat.
1484 574 1552 601 illud
1570 578 1646 601 certe
1662 572 1773 607 quidem

984 619 1092 648 fertur:
1112 628 1174 647 cum
1188 621 1337 655 aliquando
1351 621 1440 648 Rhodi
1451 620 1628 656 Thrasyllum
1649 620 1684 646 dc
1695 626 1775 645 muro

984 665 1157 700 praecipitare
1175 665 1201 692 in
1219 666 1312 693 animo
1330 667 1454 697 haberet,
1468 670 1498 693 ut
1523 665 1613 693 solum
1631 664 1773 699 cogitatio-

984 719 1049 738 num
1074 718 1186 738 suarum
1212 712 1366 744 conscium,
1390 717 1418 739 ct
1447 720 1510 739 eutn
1528 711 1634 739 tristem
1650 710 1773 740 vidisset.

985 757 1104 784 tristitiae
1127 765 1238 785 causam
1257 765 1390 793 rogasse:
1412 757 1459 792 qui
1488 764 1550 784 Cllm
1576 756 1774 791 respondisset.

985 810 1112 838 magnum
1125 802 1177 829 sibi
1196 803 1351 837 periculum
1380 802 1538 834 imminere,
1567 801 1709 829 Tiberium
1725 800 1777 828 ad—

984 849 1134 878 miratione
1164 849 1297 881 scientiae,
1315 855 1343 877 et
1361 855 1474 884 propter
1498 855 1575 884 spem
1603 847 1777 883 principatus

985 894 1055 929 apud
1080 902 1110 922 se
1139 895 1298 922 retinuisse.
1323 894 1377 922 Sed
1394 895 1451 922 lucc
1476 895 1620 922 hactenus.
1636 894 1777 928 Augustus

986 948 1052 968 vero
1072 949 1135 968 cum
1151 941 1260 968 Domini
1278 940 1490 975 appellationem
1504 949 1519 967 a
1535 941 1637 976 populo
1652 940 1777 967 Romano

986 986 1039 1014 sibi
1057 987 1188 1014 tributam
1212 987 1386 1021 repudiasset
1403 1006 1410 1019 ,
1426 986 1615 1021 vetuissetque
1632 993 1667 1013 ne
1681 992 1696 1012 a
1712 993 1779 1019 quo.

985 1040 1067 1066 quam
1097 1032 1132 1058 ita
1162 1032 1385 1066 compellaretur,
1415 1038 1442 1059 et
1469 1032 1657 1067 indigentibus
1685 1031 1778 1058 decies

985 1078 1135 1113 quinquies
1150 1082 1268 1105 centena
1289 1078 1372 1105 millia
1396 1078 1590 1106 drachmarum
1613 1078 1674 1104 sine
1693 1083 1776 1103 usura

987 1124 1014 1151 in
1030 1124 1180 1151 triennium
1195 1128 1347 1151 mutuasset
1361 1131 1368 1151 :
1381 1124 1415 1150 ab
1428 1123 1557 1150 omnibus
1571 1122 1736 1150 laudabatur
1750 1126 1778 1148 et

986 1170 1189 1198 celebrabatur.
1207 1170 1305 1198 Valent
1327 1175 1418 1197 autem
1443 1169 1515 1205 apud
1544 1170 1682 1197 Romanos
1697 1169 1778 1204 quin-

986 1216 1064 1244 denae
1088 1216 1229 1244 drachmis
1258 1224 1344 1243 nnuttt
1370 1224 1485 1244 aureum
1513 1223 1678 1244 nummum:
1706 1215 1777 1250 apud

986 1263 1096 1290 Graecos
1108 1269 1198 1291 autem
1222 1264 1327 1298 vicenis
1348 1264 1487 1291 drachmis
1503 1270 1617 1290 aureum
1632 1268 1776 1293 nummum

986 1310 1150 1344 permutari,
1169 1310 1268 1338 scribit
1290 1311 1370 1338 Dion.
1396 1310 1461 1337 Post
1486 1309 1543 1336 haec
1568 1309 1672 1336 Gallico
1706 1309 1777 1335 bello

986 1361 1058 1387 orto,
1089 1364 1152 1383 cum
1167 1357 1202 1384 ob
1221 1365 1324 1392 corpus
1350 1362 1378 1384 et
1392 1357 1470 1384 senio
1498 1361 1525 1382 et
1550 1356 1647 1382 morbo
1664 1355 1775 1383 fessum,

986 1402 1045 1437 ipse
1057 1401 1159 1430 ducere
1182 1403 1334 1431 exercitum
1367 1411 1420 1430 non
1439 1408 1540 1437 posset.
1559 1403 1699 1429 Tibt‘riutn
1718 1410 1764 1435 par

986 1449 1034 1475 tim
1053 1449 1120 1484 ipsis
1144 1449 1226 1477 rebus
1245 1450 1419 1485 urgentibus,
1444 1449 1542 1484 partim
1559 1449 1638 1475 .lulirc
1656 1448 1774 1482 impulsu

987 1493 1051 1530 (jam
1077 1496 1150 1522 enim
1175 1495 1209 1522 ab
1228 1495 1327 1522 exsilio
1352 1499 1481 1521 revocata
1506 1494 1576 1528 erat)
1607 1493 1776 1526 adoptatum.

987 1545 1081 1568 contra
1096 1540 1188 1568 Gallos
1203 1541 1288 1568 misit.
1314 1540 1425 1568 Veritus
1449 1544 1540 1566 autem
1571 1547 1605 1565 ne
1630 1538 1652 1564 is
1668 1546 1715 1572 per
1732 1545 1777 1564 ευ·

141 1595 272 1630 Τιϐέριον
287 1596 324 1630 πῆ
342 1595 391 1630 μὲν
411 1594 463 1622 ὑπὸ
482 1594 537 1620 τῶν
552 1594 724 1629 πραγμάτιον
733 1591 930 1625 ἀναγκασθεὶς,

987 1588 1109 1622 perbiatn
1134 1587 1197 1614 novi
1221 1587 1327 1622 aliquid
1352 1587 1507 1618 moliretur,
1535 1586 1616 1613 etiam
1634 1584 1778 1612 Germani-

141 1643 182 1677 πῆ
200 1642 222 1668 δ’
238 1643 291 1669 ὑπὸ
305 1644 355 1675 τῆς
378 1640 494 1672 Ἰουλίας
507 1639 685 1670 ἀναπεισθεὶς
701 1638 772 1674 (ἤδη
789 1638 845 1673 γὰρ
861 1637 931 1672 αὕτη

141 1689 175 1715 ἐκ
198 1688 247 1722 τῆς
267 1687 414 1722 ὑπερορίας
443 1685 598 1720 κατήχθη),
614 1684 802 1718 υίοθετήσατο.
821 1683 867 1709 καὶ
883 1682 934 1717 τὴν

140 1734 189 1760 ἐπὶ
203 1735 265 1764 τοὺς
280 1732 400 1764 Κελτοὺς
412 1732 591 1766 ἐκστρατείαν
608 1729 767 1765 ἐπέτρεψεν.
784 1728 935 1755 Ὑποπτεύ-

143 1789 194 1812 σας
217 1780 245 1806 δὲ
263 1780 299 1814 μή
316 1787 341 1805 τι
360 1777 506 1813 νεοχμώσῃ
529 1778 543 1804 ό
558 1776 685 1812 Τιϐέριος
704 1775 932 1810 ὑπερφρονήσας,

143 1826 193 1852 καὶ
207 1825 252 1852 τὸν
275 1823 448 1858 Γερμανικὸν
467 1822 514 1848 τὸν
541 1821 661 1857 Δρούσου
684 1819 767 1846 παῖδα
793 1819 935 1853 εἰσεποιή-

143 1880 221 1898 σατο.
248 1870 401 1904 Πράσσοντι
422 1867 565 1900 δὲταῦτα,
591 1866 666 1893 ἄλλοι
693 1874 723 1892 τε
756 1865 804 1891 καὶ
836 1865 931 1896 Γναῖος

142 1918 293 1953 Κορνήλιος
310 1917 357 1943 τοῦ
375 1916 492 1952 μεγάλου
509 1915 653 1950 Πομπηΐου
687 1913 865 1948 θυγατριδοῦς
887 1913 936 1939 ἐπ-

142 1964 318 1992 εϐούλευσαν.
332 1963 403 1998 Μήτ’
417 1963 463 1990 οὖν
480 1963 639 1989 ἀποκτεῖναι
652 1961 722 1995 σφᾶς
737 1959 836 1987 ἐθέλων
845 1959 935 1994 (οὐδὲν

142 2011 199 2045 γὰρ
214 2011 246 2037 ἐκ
260 2011 314 2036 τῶν
331 2009 526 2044 ἀπολλυμένων
544 2007 619 2042 ἐώρα
632 2007 701 2041 πρὸς
718 2005 869 2040 ἀσφάλειαν
885 2005 935 2032 αὺ-

142 2057 182 2092 τῷ
201 2055 439 2090 κατορθούμενον),
458 2054 520 2089 μήτ’
536 2052 669 2080 ἀπολῦσαι
688 2051 809 2087 θαρρῶν,
832 2051 875 2079 ἴνα
894 2051 931 2086 μὴ

90 2106 94 2108 “
143 2105 190 2131 καὶ
204 2103 301 2134 ἄλλους
323 2103 355 2129 ἐκ
367 2101 465 2128 τούτου
486 2101 529 2133 ἐφ’
542 2100 639 2126 ἑαυτὸν
661 2099 857 2133 ἐπισπάσηται,
875 2097 933 2124 οὗθ’

143 2152 252 2186 ἡμέρας
270 2148 471 2184 ἀφροντιστεῖν,
488 2146 550 2174 οὒτε
563 2146 660 2177 νυκτὸς
678 2146 793 2179 ἠδύνατο
803 2146 929 2180 ἠρεμεῖν.

143 2195 228 2222 Ταῦθ’
244 2196 260 2229 ὴ
274 2194 355 2221 Λιϐία
381 2193 486 2228 ὁρῶσα,
512 2192 595 2227 ἦρετο
626 2191 720 2221 αὑτὸν,
736 2191 762 2216 τί
779 2191 820 2216 ὃτι
836 2190 867 2216 οὐ
885 2197 934 2216 χα-

143 2243 254 2275 θεύδει;
276 2241 306 2267 'O
317 2241 356 2273 δὲ,
375 2240 422 2272 Τίς
437 2239 486 2270 ἂν,
501 2237 589 2271 εἶπεν,
611 2235 634 2265 ὦ
654 2238 753 2271 γύναι,
771 2235 833 2263 κᾶν
864 2237 935 2263 ἐλά.

987 1641 1050 1660 cutn
1066 1633 1145 1660 Drusi
1165 1633 1251 1660 lilium
1269 1633 1421 1667 adoptavit.
1438 1633 1500 1659 llaec
1515 1631 1618 1665 agenti,
1639 1639 1701 1657 cum
1720 1630 1777 1661 alii,

988 1687 1045 1707 tum
1063 1679 1114 1706 Cn.
1135 1678 1281 1707 Cornelius
1312 1678 1436 1713 Pompeii
1455 1678 1544 1713 Magni
1564 1686 1596 1704 ex
1613 1677 1667 1704 lilia
1682 1685 1778 1712 nepos,

986 1732 1051 1753 sunt
1066 1725 1200 1753 insidiati.
1218 1725 1293 1758 Quos
1310 1732 1372 1752 cum
1391 1732 1441 1752 nec
1459 1725 1586 1751 occidere
1615 1724 1695 1751 vellet
1718 1724 1780 1759 (nc-

986 1779 1041 1808 que
1056 1772 1131 1800 enim
1146 1772 1290 1800 securitati
1306 1780 1364 1799 suae
1381 1772 1493 1798 interitu
1505 1771 1615 1797 illorum
1628 1771 1778 1805 quidquatn

986 1819 1092 1846 consuli
1106 1818 1228 1853 videbat)
1241 1826 1292 1845 nec
1308 1818 1452 1845 absolvere
1469 1818 1595 1849 auderet,
1610 1825 1644 1844 ne
1657 1817 1776 1851 plurium

985 1873 1017 1892 ea
1029 1865 1143 1892 lenitate
1159 1870 1255 1892 contra
1268 1872 1296 1891 se
1308 1864 1423 1891 audacia
1435 1864 1651 1890 confirmaretur
1666 1872 1671 1889 :
1689 1870 1779 1896 neque

986 1911 1104 1939 interdiu
1132 1918 1257 1942 securus,
1283 1918 1373 1945 neque
1396 1915 1478 1937 noctu
1495 1910 1606 1944 quietus
1623 1917 1683 1936 esse
1698 1912 1778 1943 potc-

986 1961 1038 1983 rat.
1054 1956 1120 1989 Qua:
1133 1964 1195 1983 cum
1212 1955 1288 1982 Livia
1304 1955 1420 1984 videret.
1441 1955 1553 1989 rogabat
1572 1962 1623 1988 qua
1650 1954 1683 1981 de
1696 1961 1778 1980 causa

986 2007 1069 2030 noctu
1085 2009 1140 2028 non
1157 2001 1303 2029 dortniret.
1340 2001 1390 2028 Cui
1420 2001 1485 2027 ille:
1512 2000 1651 2032 Qutsnant,
1678 2000 1778 2034 inquit,

987 2046 1092 2079 mulier,
1113 2047 1184 2073 inter
1201 2050 1238 2073 tot
1262 2047 1347 2073 hostes
1371 2045 1413 2072 υεί
1437 2045 1576 2071 minimam
1602 2045 1690 2079 capiat
1706 2045 1780 2078 quie-

986 2099 1048 2126 tem,
1064 2098 1088 2120 et
1103 2094 1131 2120 in
1146 2097 1202 2120 tant
1219 2092 1396 2128 frequentibus
1406 2092 1508 2118 insidiis
1522 2091 1533 2118 9
1548 2091 1617 2117 Tutn
1632 2090 1688 2121 illa,
1708 2090 1779 2117 mul—

988 2141 1023 2167 tis
1041 2147 1073 2167 ea
1097 2140 1131 2166 de
1150 2147 1178 2167 re
1200 2138 1294 2166 verbis
1312 2138 1403 2170 factis,
1430 2138 1549 2172 denique
1566 2137 1716 2169 consuluit,
1744 2145 1779 2163 tte

987 2194 1068 2222 quem
1084 2185 1273 2213 insidiatorem
1285 2184 1435 2216 occideret,
1451 2184 1499 2212 sed
1514 2184 1568 2211 alio
1582 2184 1681 2219 quovis
1699 2184 1780 2210 modo

987 2240 1036 2261 eos
1051 2233 1209 2267 castigaret,
1228 2239 1262 2259 ne
1275 2231 1342 2266 quid
1371 2231 1506 2266 ejusmodi
1531 2230 1663 2265 deinceps
1698 2238 1781 2258 cona-

143 2297 251 2325 χιστον
276 2286 461 2321 ἀτρεμήσειε,
480 2285 644 2317 τοσούτους
661 2283 739 2318 ἔχων
753 2283 878 2317 ἐχθροὺς
892 2291 931 2309 κα

995 2285 1102 2310 rentur,
1135 2278 1213 2314 541
1238 2278 1319 2305 venia
1346 2278 1373 2305 in
1400 2277 1497 2312 primis
1525 2282 1553 2305 et
1571 2276 1780 2305 benefaciendo.

144 2334 222 2361 οὕτω
242 2332 381 2366 συνεχῶς
408 2330 708 2363 ἐπιϐουλευόμενος;
733 2328 767 2354 Ἢ
796 2328 824 2353 δὲ
851 2328 936 2354 πολλὰ

145 2379 196 2412 μὲν
214 2378 278 2412 περὶ
291 2376 387 2402 τούτου
411 2373 537 2408 διελέχθη
552 2372 638 2406 αὐτῷ,
655 2371 812 2399 τελευταῖον
824 2371 852 2397 st
866 2371 935 2406 γνώ-

147 2433 202 2459 μην
214 2423 301 2449 ἔδωκε
332 2421 440 2454 θανάτῳ
458 2421 510 2455 μὲν
527 2418 630 2454 μηδένα
643 2417 697 2444 τῶν
712 2417 841 2444 τοιούτων
856 2417 935 2443 κολά-

143 2469 212 2501 ζειν,
234 2468 335 2504 ἑτέρως
348 2466 377 2494 δέ
398 2474 456 2495 πως
468 2465 567 2494 αὐτοὺς
581 2465 770 2500 σωφρονίζειν,
785 2463 855 2490 ὥστε
880 2471 934 2497 μη-

144 2517 206 2542 κέτι
221 2514 344 2541 τοιοῦτόν
364 2523 390 2541 τι
407 2513 586 2548 ἐξαμαρτεῖν,
602 2511 649 2537 καὶ
676 2510 794 2544 μάλιστα
811 2508 935 2543 συγγνώ-

148 2568 187 2595 μῃ
216 2559 262 2585 καὶ
282 2558 431 2590 εὐποιίαις.
447 2559 488 2585 Οὐ
503 2558 559 2591 γὰρ
580 2556 695 2582 πείθειν
711 2554 730 2589 ἢ
746 2554 934 2588 ἀναγκάζειν,

144 2604 210 2640 ἔφη,
226 2603 328 2639 φιλεῖν
342 2604 375 2631 τὸ
393 2605 481 2638 ξίφος
501 2602 569 2629 τινὰ
583 2602 754 2635 δεδύνηται,
780 2600 863 2627 ἀλλὰ
881 2600 936 2626 τόν

140 2650 202 2686 μὲν
229 2650 433 2685 κολαζόμενον
450 2650 615 2680 ἀπόλλυσι,
632 2648 685 2680 τὰς
699 2647 733 2673 δὲ
749 2647 787 2680 δὴ
801 2646 861 2673 τῶν
880 2646 935 2673 ἀλ·

144 2699 211 2724 λων
235 2697 340 2732 ψυχὰς
368 2695 527 2730 ἀλλοτριοῖ
548 2695 601 2722 τοῦ
632 2693 823 2726 κολάζοντος.
855 2693 934 2720 Ἐπεί

141 2744 222 2778 μηδὲ
248 2744 400 2778 φιλοῦσιν,
418 2743 463 2769 ὅτι
491 2741 709 2774 ἐδικαιώθησαν
733 2740 837 2774 ἕτεροι,
866 2740 935 2767 ἀλλ’

143 2790 368 2825 ἀπεχθάνονται
381 2788 512 2824 μᾶλλον,
528 2788 574 2815 ὅτι
590 2789 683 2822 φόϐος
700 2788 748 2815 καὶ
770 2786 873 2819 αὐτοῖς
891 2787 937 2813 ἐν-

988 2327 1131 2360 Nunquam
1141 2325 1221 2356 enim,
1236 2323 1337 2358 inquit,
1353 2323 1457 2358 gladius
1470 2324 1594 2359 cuiquam
1605 2324 1646 2350 sui
1663 2332 1779 2350 amorem

989 2370 1148 2406 persuadere
1164 2374 1213 2401 aut,
1228 2374 1383 2404 extorquere
1410 2369 1494 2404 potuit
1507 2377 1517 2396 :
1533 2370 1579 2395 sed
1601 2377 1660 2396 eum
1675 2371 1719 2404 qui
1733 2377 1782 2404 pu—

988 2419 1060 2445 nitur
1077 2417 1173 2452 perdit,
1198 2420 1352 2442 cwlerorum
1370 2415 1472 2442 animos
1498 2416 1530 2442 ab
1558 2424 1587 2442 eo
1611 2417 1656 2450 qui
1685 2424 1777 2450 poenas

989 2464 1080 2495 sumit,
1097 2462 1209 2489 alienat.
1227 2462 1318 2497 Neque
1331 2463 1399 2489 enim
1410 2463 1527 2498 profecto
1541 2463 1571 2489 ob
1587 2463 1702 2488 aliorum
1717 2470 1780 2495 sup-

990 2509 1068 2544 plicia
1084 2516 1177 2535 amare
1193 2509 1332 2541 incipiunt,
1348 2508 1392 2535 sed
1406 2508 1520 2534 oderunt
1538 2509 1621 2542 magis
1638 2507 1668 2533 ob
1682 2511 1780 2533 metum

988 2556 1037 2583 sibi
1051 2562 1152 2591 quoque
1164 2555 1367 2589 impendentem.
1383 2553 1447 2580 llwc
1462 2559 1490 2581 ct
1506 2554 1531 2580 id
1548 2560 1635 2588 genus
1654 2553 1706 2579 alia
1723 2553 1780 2579 dis-

990 2602 1091 2629 serenti
1108 2602 1192 2629 Liviaa
1204 2602 1408 2637 obtemperavit
1424 2601 1575 2636 Augustus,
1595 2605 1623 2627 et
1639 2608 1702 2627 reos
1717 2608 1779 2626 om-
1815 2597 1819 2629 ζ

991 2655 1039 2674 πρε
1066 2647 1158 2674 verbis
1182 2647 1329 2681 castigatos
1357 2645 1483 2673 dimisit:
1508 2645 1667 2672 Cornelium
1694 2644 1778 2671 etiam

989 2694 1129 2721 consulem
1144 2693 1308 2728 designavit,
1335 2700 1397 2720 cum
1422 2691 1564 2726 superstiti
1579 2699 1613 2718 ex
1631 2691 1703 2719 Julia
1723 2691 1778 2718 tilia

990 2746 1017 2767 et
1033 2740 1150 2775 Agrippa
1167 2739 1273 2773 nepoti,
1293 2746 1376 2773 quem
1392 2739 1538 2773 Agrippam
1555 2738 1719 2772 nominavit,
1738 2743 1779 2765 to-

991 2794 1051 2822 gam
1070 2785 1176 2812 virilem
1195 2785 1327 2812 dedisset.
1645 2794 1647 2796 τ
1768 2787 1772 2791 ”

145 2838 252 2865 τεῦθον
264 2837 440 2872 ἐτήρτηται.
465 2835 583 2863 Τοιαῦτα
608 2834 693 2862 πολλὰ
723 2835 773 2869 τῆς
810 2834 905 2866 Λιϐίας
937 2834 1080 2867 εἰπούσης,
1109 2833 1123 2858 ό
1151 2831 1307 2865 Αὔγουστος
1332 2830 1447 2865 ἐπείσθη
1475 2831 1564 2866 αὐτῇ,
1601 2831 1649 2858 καὶ
1675 2831 1779 2862 πάντας

144 2885 234 2919 ἀφῆκε
251 2885 315 2916 τοὺς
346 2883 500 2915 ὑπαιτίους,
515 2883 605 2917 λόγοις
623 2881 791 2917 νουθετήσας
819 2881 928 2914 αὐτοὺς,
949 2882 995 2908 τὶν
1024 2879 1052 2906 δέ
1086 2887 1118 2913 γε
1136 2878 1288 2913 Κορνήλιον
1304 2877 1351 2904 καὶ
1365 2877 1468 2904 ὕπατον
1483 2877 1691 2913 προσαπέδειξε.
1724 2877 1780 2904 Καὶ
