4018 6250
445 355 552 417 915

1724 358 2049 423 JOANNIS
2086 359 2412 422 ZONAILE

3593 364 3701 429 916

445 468 476 521 6
513 465 699 530 λοιπὸς
742 466 800 521 δὲ
835 465 930 520 τοῦ
955 465 1276 536 Αὐγούστου
1336 464 1724 539 θυγατριδοῦς,
1767 469 1796 522 ὀ
1857 468 1924 521 ἐκ
1959 467 2060 538 τῆς
2099 467 2330 534 Ἰουλίας
2382 469 2462 542 τῷ
2520 470 2804 546 ’Δγρίππᾳ
2843 469 3085 542 τεχθεὶς,
3131 470 3193 525 ὃν
3245 470 3342 527 καὶ
3384 471 3705 542 Ἀγρίππαν

445 561 730 620 ἐκάλεσεν,
762 562 842 622 εἰς
872 561 1114 632 ἐφήϐους
1143 561 1386 632 ἐγράφη.

512 649 780 708 XXXVII.
811 651 1096 717 Tiberius,
1141 670 1255 710 rem
1293 655 1548 712 bellicam
1610 655 2023 720 administrans,

2198 653 2324 712 AZ'.
2367 653 2426 708 Ὀ
2459 653 2516 708 δέ
2562 669 2626 724 γε
2681 653 2931 724 Τιϐέριος
2959 651 3030 705 τά
3056 667 3116 704 τε
3145 649 3255 704 τῶν
3288 650 3546 722 πολέμων
3580 649 3703 722 διῴ-

443 745 671 800 Romam
723 743 922 798 crebro
975 745 1151 810 venit,
1201 759 1458 804 metuens
1513 748 2026 818 nesibiAugustt-s

442 849 542 903 per
570 835 880 890 absentiam
924 851 1078 890 suam
1109 837 1274 894 alium
1303 839 1627 896 anteferret.
1685 837 1791 895 Sed
1837 838 2020 901 Dacis.

441 923 806 992 Sauromatis,
845 925 1082 997 aliisque
1115 927 1450 986 Pannonicis
1482 927 1744 1000 gentibus
1770 927 2022 984 concita-

443 1017 534 1081 tis,
563 1031 634 1070 ex
663 1015 854 1073 Galliis
907 1018 974 1072 ad
1019 1009 1120 1074 eas
1165 1018 1330 1074 rediit
1359 1037 1373 1074 :
1404 1019 1711 1090 eodemque
1741 1018 2026 1090 Augustus

439 1106 826 1172 Germanicum
863 1110 1034 1174 misit,
1066 1127 1192 1168 cum
1224 1111 1462 1168 fortasse
1503 1111 1762 1168 Tiberius
1790 1128 1885 1168 eas
1926 1127 2023 1167 ce-

439 1199 632 1258 leriter
661 1201 886 1256 vincere
921 1213 1129 1272 posset,
1166 1219 1234 1260 ac
1265 1215 1481 1276 tempus
1515 1207 1586 1262 de
1625 1203 1899 1260 industria
1936 1213 2022 1259 te-

439 1302 614 1357 reret,
648 1302 708 1347 ut
738 1305 968 1364 propter
995 1295 1200 1352 bellum
1235 1297 1290 1352 in
1320 1297 1492 1352 armis
1519 1306 1684 1352 esset.
1740 1295 1890 1351 Misit
1919 1310 2023 1350 au-

439 1394 554 1444 tem
587 1385 1000 1451 Germanicum,
1051 1388 1200 1458 quod
1229 1389 1473 1460 Agrippa
1503 1396 1733 1460 propter
1772 1387 2022 1458 pertina-

439 1491 560 1532 cem
592 1493 808 1534 morum
875 1479 1286 1549 improbitatem
1321 1480 1602 1546 abdicato,
1637 1481 1760 1550 ejus
1787 1478 2024 1548 pecunia

441 1565 499 1620 in
531 1569 788 1622 aerarium
837 1568 1012 1624 relata
1063 1569 1326 1638 militare,
1362 1571 1478 1640 ipse
1513 1571 1570 1625 in
1605 1569 1840 1626 insulam
1879 1569 2022 1626 rele-

440 1667 602 1728 gatus
634 1669 776 1718 erat.
809 1661 916 1716 Eas
957 1675 1151 1735 gentes
1193 1664 1425 1719 Romani
1453 1673 1579 1734 post
1608 1663 1808 1720 multas
1838 1662 2025 1718 clades

441 1751 643 1816 illatas,
673 1768 776 1810 nec
805 1756 1102 1825 pauciores
1131 1767 1410 1826 acceptas,
1447 1755 1668 1812 tandem
1715 1755 1917 1828 partim
1951 1755 2022 1810 ad

440 1843 783 1904 deditionem
851 1850 1266 1918 compulerunt,
1331 1849 1536 1920 partim
1583 1849 1704 1904 acie
1747 1849 2022 1904 vicerunt.

441 1933 704 1992 Tiberius
748 1938 978 1994 Romam
1027 1955 1288 1997 reversus
1337 1941 1408 1998 ab
1437 1941 1688 2012 Augusto
1715 1940 1770 1996 in
1803 1939 2024 1996 Dalma-

2131 761 2216 800 κει
2247 747 2340 798 καὶ
2363 745 2446 808 είς
2475 745 2576 814 τὴν
2621 744 2840 816 Ῥώμην
2877 743 3122 814 συνεχῶς
3169 743 3472 812 εἰσεφοίτα,
3505 742 3707 811 φοϐοῦ·

2133 850 2296 905 μενος
2343 834 2419 907 μὴ
2455 837 2481 889 ὁ
2511 833 2826 904 Αὔγουστος
2880 833 3042 889 ἄλλον
3093 835 3216 888 τινὰ
3263 834 3500 898 ἀπόντος
3537 834 3706 888 αὐτοῦ

2129 927 2468 998 προτιμήσῃ.
2501 925 2852 998 Κινηθὲντων
2893 925 2952 980 δὲ
2977 925 3090 980 τῶν
3123 926 3316 979 Δακῶν
3351 927 3444 982 καὶ
3501 926 3706 998 Σαυρο-

2131 1019 2320 1089 ματῶν
2371 1020 2466 1076 καὶ
2519 1017 2698 1074 ἄλλων
2751 1018 3099 1072 Πανωνικῶν
3149 1017 3399 1084 ὲθνῶν,ὁ
3454 1017 3709 1090 Τιϐέριος

2129 1111 2268 1181 πρὸς
2304 1110 2505 1174 αὐτοὺς
2528 1111 2882 1183 ἀνέστρεψεν,
2920 1113 2984 1162 ἐκ
3014 1110 3111 1180 τῆς
3138 1109 3436 1180 Κελτικῆς.
3470 1109 3584 1164 Καὶ
3615 1110 3708 1163 τὸν

2129 1202 2472 1273 Γερμανικὸν
2498 1203 2553 1258 δὲ
2584 1205 2612 1256 ὁ
2640 1203 2952 1272 Αὔγουστος
2985 1204 3102 1257 ἐκεῖ
3129 1201 3398 1272 ἔπεμψεν,
3427 1203 3506 1265 ὡς
3558 1202 3709 1276 τάχα

2127 1293 2220 1348 τοῦ
2260 1293 2518 1364 Τιϐερίου
2553 1293 2766 1364 ταχέως
2790 1293 2972 1348 αὐτῶν
3007 1294 3286 1365 κρατῆσαι
3311 1293 3706 1364 δεδυνημένου,

2129 1384 2392 1449 ἑκουσίως
2421 1385 2477 1438 δὲ
2505 1385 2597 1439 τὸν
2623 1384 2816 1456 καιρὸν
2849 1383 3151 1456 τρίϐοντος,
3184 1383 3250 1436 ἵν’
3287 1385 3344 1436 ἐν
3383 1385 3495 1446 τοῖς
3523 1381 3710 1446 ὅπλοις

2129 1477 2217 1548 εἴη
2241 1477 2334 1530 διὰ
2374 1477 2465 1530 τὸν
2497 1476 2758 1547 πόλεμον.
2796 1474 3052 1546 Ἐπεμψε
3101 1475 3160 1528 δὲ
3205 1473 3296 1528 τὸν
3335 1473 3709 1544 Γερμανικὸν,

2127 1568 2212 1622 δτι
2241 1568 2270 1620 ὁ
2336 1567 2644 1638 Ἀγρίππας
2679 1564 3043 1637 ἀπεκηρύχθη
3075 1565 3152 1629 ὡς
3189 1562 3264 1634 μὴ
3297 1560 3712 1633 σωφρονιζόμε-

2129 1675 2242 1726 νος,
2271 1659 2366 1712 καὶ
2471 1674 2530 1712 τε
2559 1657 2718 1712 οὐσία
2757 1657 2924 1711 αὐτοῦ
2973 1655 3054 1728 τῷ
3087 1653 3466 1725 στρατιωτικῷ
3495 1653 3710 1726 ταμείῳ

2126 1750 2472 1823 ὰπενεμηθη,
2503 1751 2758 1813 κάκεῖνος
2799 1749 2882 1813 είς
2929 1748 3093 1819 νῆσον
3125 1745 3494 1818 περιωρίσθη.
3531 1745 3712 1800 Πολλὰ

2137 1844 2326 1914 μέντοι
2375 1843 2473 1896 καὶ
2534 1842 2868 1910 ποιήσαντες
2926 1842 2975 1893 οἱ
3041 1838 3308 1910 Ῥωμαῖοι
3360 1838 3419 1890 ἐν
3452 1839 3566 1901 τοῖς
3603 1835 3713 1892 τῶν

2127 1934 2302 1990 ἐθνῶν
2337 1933 2544 1988 τούτων
2583 1932 2867 2001 πολέμοις,
2918 1931 2980 1985 οὐ
3017 1930 3155 1999 μείω
3205 1927 3262 1982 δέ
3293 1929 3388 1982 καὶ
3418 1927 3710 1993 παθόντες,

440 2026 574 2082 tiam
622 2041 814 2086 contra
865 2032 1134 2102 quosdam
1198 2035 1600 2090 tumultuantes
1649 2034 1852 2090 missus
1899 2044 2022 2090 est:

2134 2027 2282 2092 τέλος
2334 2027 2406 2082 τὰ
2437 2026 2538 2098 μὲν
2567 2024 2832 2096 ὁμολογίᾳ
2879 2023 3254 2091 ὑπηγάγοντο,
3284 2019 3354 2073 τὰ
3399 2020 3458 2073 δὲ
3506 2021 3712 2092 μάχαις

441 2133 584 2188 quos
613 2137 755 2191 aegre
788 2121 880 2178 ille
911 2123 1162 2194 quidem,
1195 2133 1254 2182 et
1304 2142 1430 2182 cum
1460 2125 1730 2196 periculo,
1759 2125 1860 2181 sed
1890 2125 2026 2180 vicit

442 2219 626 2268 tamen
659 2230 676 2280 ;
707 2214 842 2270 vicit
872 2224 931 2271 et
966 2215 1330 2275 Germanicus
1362 2219 1522 2276 alios.
1586 2218 1739 2274 Bello
1777 2218 1859 2274 sic
1886 2232 2024 2274 con-

441 2301 610 2368 lecto,
653 2306 884 2362 nuntius
928 2323 994 2364 ex
1042 2307 1332 2364 Germania
1385 2309 1586 2368 allatus
1637 2309 1853 2365 obstitit
1884 2324 2028 2380 quo-

442 2397 632 2452 minus
680 2397 1144 2468 triumpharetur.
1198 2400 1335 2456 Nam
1397 2403 1452 2456 in
1516 2401 1690 2458 Gallia
1729 2403 2026 2461 nonnullas

441 2485 569 2555 ejus
595 2497 784 2558 partes
831 2489 1066 2548 Romani
1101 2501 1463 2562 occuparant,
1519 2509 1632 2550 non
1659 2495 1858 2553 eodem
1890 2495 2026 2552 sitas

443 2576 589 2645 loco,
613 2579 710 2635 sed
738 2582 972 2652 sparsim
1007 2599 1109 2655 pro
1139 2594 1386 2658 tempore
1417 2587 1696 2644 subactas.
1753 2589 1924 2652 Erant
1967 2589 2024 2642 in

443 2685 512 2726 ea
536 2671 805 2743 legiones,
853 2683 910 2730 et
953 2675 1126 2732 urbes
1180 2679 1578 2740 condebantur,
1611 2689 1668 2736 et
1693 2679 1920 2735 Barbari
1953 2680 2022 2736 ad

446 2758 728 2816 Romanos
774 2777 958 2820 mores
987 2777 1045 2823 et
1081 2766 1404 2827 civilitatem
1437 2771 1888 2828 traducebantur.
1919 2771 2026 2838 Qui

445 2853 577 2908 dum
603 2853 872 2924 paulatim
903 2867 960 2913 et
983 2859 1202 2914 ratione
1245 2862 1480 2932 quadam
1511 2879 1540 2916 a
1567 2863 1761 2934 patriis
1803 2865 2028 2922 institu-

446 2941 518 2997 tis
555 2945 956 3013 avocabantur,
1011 2949 1138 3006 vitae
1197 2953 1559 3009 mutationem
1613 2954 1760 3010 haud
1817 2955 2030 3026 iniquis

445 3033 646 3092 animis
700 3039 1081 3108 patiebantur.
1139 3041 1248 3099 Sed
1305 3060 1432 3100 cum
1484 3045 1786 3113 Quintilius
1853 3047 2030 3104 Varus

447 3125 756 3184 Germaniae
805 3134 1134 3202 praepositus
1205 3151 1304 3191 eos
1351 3136 1541 3192 subito
1581 3153 1646 3192 ac
1695 3138 1919 3208 penitus
1955 3139 2026 3194 ab

449 3219 756 3276 inveterata
785 3225 1190 3296 consuetudine
1215 3229 1452 3284 avellere
1485 3231 1898 3300 aggrederetur,
1929 3249 2028 3289 su-

449 3309 736 3381 perbeque
763 3322 822 3370 et
835 3307 1014 3400 iuvant;
1040 3327 1102 3374 ut
1135 3320 1428 3390 mancipiis
1457 3323 1820 3392 imperitaret,
1877 3325 2025 3382 ferre

449 3417 564 3460 non
597 3411 1066 3482 potuerunt-.009
1087 3425 1216 3466 eum
1241 3422 1548 3484 receptum,
1579 3423 1842 3486 tanquam
1869 3417 2030 3490 542

452 3497 1147 3578 ἰωρεταιοςίὶυιιῃξὲςι-ιιιιῑο
1203 3504 1310 3560 (ide
1351 3520 1410 3560 se
1457 3505 1594 3562 citra
1640 3507 1848 3564 milites
1887 3509 2032 3566 ultro

451 3587 782 3656 servituros,
837 3587 1002 3664 longe
1045 3610 1076 3650 a
1123 3593 1319 3650 Rheno
1367 3595 1736 3654 abduxerunt.
1773 3597 2030 3664 Quicum

452 3679 533 3738 eis
559 3682 832 3750 crederet,
859 3700 1042 3756 neque
1065 3686 1290 3754 milites,
1315 3698 1373 3742 ut
1407 3689 1460 3742 in
1487 3688 1672 3745 hostili
1708 3707 1861 3761 agro,
1895 3705 2034 3748 cou-

445 3776 676 3848 junctos
707 3777 962 3844 haberet,
1016 3791 1076 3836 et
1123 3779 1264 3836 alios
1287 3780 1395 3836 alio
1446 3781 1789 3840 dimisisset:
1833 3799 2034 3840 securo

451 3869 574 3934 illo,
609 3886 715 3929 uec
746 3871 918 3928 ullum
967 3872 1278 3942 periculum
1335 3883 1638 3938 metuente,
1670 3886 2034 3948 consurgunt,

451 3971 512 4018 et
537 3962 741 4020 occisis
771 3963 866 4034 qui
913 3964 1060 4034 apud
1117 3964 1270 4034 ipsos
1313 3975 1474 4022 erant
1531 3966 1822 4032 militibus,
1874 3968 2032 4024 illum

453 4069 580 4112 cum
619 4053 739 4112 suis
780 4055 1093 4127 legionibus
1135 4055 1194 4112 in
1237 4057 1428 4114 densis
1471 4065 1528 4114 et
1575 4058 1859 4129 impeditis
1882 4061 2038 4120 silvis

451 4156 794 4211 versantem.
827 4164 895 4206 ex
918 4147 1222 4218 improviso
1265 4164 1366 4220 pro
1395 4151 1588 4206 notitia
1618 4151 1896 4216 locorum.
1926 4169 2036 4222 qua

454 4242 683 4299 minime
713 4241 939 4312 patebat
971 4243 1178 4310 exitus,
1206 4244 1718 4306 circumvenerunt,
1753 4258 1820 4300 ac
1848 4245 2033 4314 saepis-

453 4334 595 4395 sime
621 4331 900 4391 Romanos
927 4335 1225 4404 plurimum
1255 4334 1592 4392 alllixerunt.
1619 4335 1724 4404 Qui
1751 4351 1878 4390 cum
1912 4343 2038 4390 tan-

455 4425 584 4484 dem
638 4427 848 4485 multos
893 4441 1123 4486 suorum
1181 4428 1522 4492 amisissent,
1583 4427 1842 4484 Barbaris
1902 4440 2037 4484 vero

457 4519 696 4576 subinde
740 4535 812 4576 ex
859 4519 1217 4590 popularibus
1265 4534 1420 4577 novae
1466 4518 1614 4576 vires
1659 4518 1992 4575 accederent
2021 4559 2038 4584 ,

457 4613 680 4674 facilius
709 4613 1038 4670 circumdati
1069 4611 1449 4670 caedebantur.
1510 4612 1703 4682 Itaque
1756 4612 1935 4669 Varus
1981 4620 2040 4668 et

2133 2121 2417 2192 ἐνίκησαν.
2486 2117 2547 2174 Ὀ
2578 2119 2634 2174 δὲ
2661 2117 2914 2188 Τιϐέριος
2954 2118 3010 2178 ἐς
3041 2114 3140 2183 τὴν
3185 2113 3408 2182 Ῥώμην
3433 2112 3708 2180 ἐπανελή-

2129 2211 2286 2274 λυθε,
2319 2211 2412 2263 καὶ
2443 2204 2599 2272 αὖθις
2631 2207 2781 2278 παρὰ
2814 2203 2908 2258 τοῦ
2943 2201 3253 2270 Αὐγούστου
3286 2202 3367 2262 είς
3391 2198 3711 2268 Δαλματίαν

2143 2302 2349 2373 ἐστάλη
2382 2299 2754 2371 ἁνταιρόντων
2783 2299 2901 2350 ἐκεῖ
2931 2312 3120 2349 τινωνθ
3160 2291 3256 2358 οὒς
3293 2291 3446 2364 μόλις
3481 2291 3584 2362 μὲν
3613 2289 3710 2342 καὶ

2137 2396 2238 2450 σὺν
2284 2392 2578 2458 κινδύνοις,
2609 2391 2749 2454 τέως
2782 2389 2826 2443 δ’
2861 2387 2954 2442 οὖν
2985 2385 3344 2459 ἐχειρώσατο,
3380 2383 3476 2436 καὶ
3510 2383 3539 2436 ὁ
3573 2381 3711 2451 Γερ-

2133 2483 2362 2556 μανικὸς
2411 2481 2613 2552 ὀμοίως
2645 2481 2888 2551 ἐτέρους.
2925 2478 3037 2532 Καὶ
3083 2480 3112 2529 ὁ
3143 2477 3244 2548 μὲν
3289 2473 3528 2542 πόλεμος
3559 2463 3713 2532 οὗτος

2129 2578 2292 2634 τοῦτο
2323 2577 2526 2647 ἔσχηκε
2557 2574 2730 2638 τέλος.
2772 2573 2866 2626 Ἐκ
2895 2571 2948 2626 δὲ
2980 2569 3290 2642 Γερμαιίας
3323 2565 3559 2634 ἀγγελία
3611 2579 3706 2616 κο-

2137 2672 2412 2748 μισθεῖσα,
2449 2671 2708 2739 ἑορτάσαι
2739 2668 2808 2721 τὰ
2841 2667 3136 2737 νικητήρια
3167 2663 3294 2726 τοὺς
3322 2662 3378 2714 ἐν
3410 2662 3478 2730 τῇ
3516 2657 3711 2726 Ῥώμῃ

2132 2765 2428 2820 ἐκώλυσεν.
2483 2763 2572 2816 Ἐν
2605 2761 2712 2830 γὰρ
2749 2762 2817 2832 τῇ
2849 2759 3088 2827 Κελτικῇ
3123 2751 3268 2826 εἶχον
3298 2753 3470 2822 αὐτῆς
3508 2767 3632 2802 τινα
3661 2748 3713 2800 οἱ

2143 2857 2436 2928 Ῥωμαῖοι,
2469 2853 2569 2924 οὐχ
2619 2849 2752 2922 ὁμοῦ
2805 2851 3160 2920 συγκείμενα,
3226 2845 3362 2898 ἀλλὰ
3411 2841 3707 2913 σποράδην,

2133 2951 2208 3014 ὡς
2235 2950 2390 3020 ἔτυχε
2441 2944 2804 3019 χειρωθέντα.
2857 2943 2967 2996 Καὶ
3013 2937 3346 3012 στρατιῶται
3379 2932 3522 3007 ἦσαν
3573 2933 3708 2994 ἐκεῖ,

2133 3045 2230 3098 καὶ
2265 3043 2448 3106 πόλεις
2483 3039 2873 3111 συνῳκίζοντο,
2910 3037 3010 3090 καὶ
3036 3037 3086 3087 οἱ
3124 3032 3396 3104 Βάρϐαροι
3427 3029 3566 3099 πρὸς
3613 3025 3710 3095 ἔθη

2145 3131 2438 3204 Ῥωμαϊκὰ
2493 3133 2591 3185 καὶ
2645 3127 2948 3199 εὐκοσμίαν
2987 3121 3514 3198 μετερῤυθμίζοντο.
3565 3117 3712 3180 Ἕως

2141 3225 2242 3298 μὲν
2279 3223 2374 3279 οὖν
2427 3223 2570 3278 κατὰ
2615 3221 2788 3296 βραχὺ
2821 3220 2913 3273 καὶ
2941 3216 3044 3285 ὀδῷ
3073 3233 3182 3269 τινι
3231 3216 3296 3267 ὲκ
3327 3213 3436 3268 τῶν
3465 3212 3712 3282 πατρίων

2138 3317 2466 3386 μετήγοντο,
2527 3313 2628 3366 ούκ
2691 3311 2920 3382 ἤχθοντο
2966 3309 3032 3376 τῇ
3088 3303 3182 3356 τοῦ
3245 3301 3364 3373 βίου
3417 3298 3711 3371 μεταϐολῇ.

2057 3381 2102 3442 C'
2139 3381 2306 3461 ζΕιτελ
2333 3405 2376 3458 δ’
2408 3407 2436 3458 ὁ
2461 3403 2672 3473 Οὔαρος
2783 3397 3062 3458 Κυντίλιος
3139 3395 3239 3464 τὴν
3275 3391 3585 3464 ἠγεμονίαν
3613 3387 3715 3457 τῆς

2134 3500 2444 3572 Γερμανίας
2484 3495 2664 3550 λαϐὼν
2701 3495 2968 3546 ἔσπευσεν
3028 3489 3230 3551 αὐτοῦς
3290 3485 3488 3556 ἁθρόον
3544 3497 3711 3553 μετα-

2138 3594 2360 3664 στῆσαι,
2418 3592 2514 3644 καὶ
2559 3591 2634 3652 ὡς
2693 3587 3009 3640 δουλεύουσι
3059 3583 3244 3650 σφίσιν
3279 3581 3568 3638 ἐπέταττε,
3619 3573 3718 3629 καὶ

2134 3689 2396 3759 χρήματα
2424 3683 2712 3755 ἔπραττεν·
2756 3679 2856 3731 οὐκ
2888 3676 3200 3747 ἠνέσχοντο,
3237 3671 3373 3725 ἀλλὰ
3418 3668 3712 3739 δεξάμενοι

2133 3781 2224 3843 τὸν
2261 3776 2493 3849 Οὔαρον,
2529 3775 2604 3838 ὼς
2631 3774 2698 3827 τὰ
2729 3771 3084 3842 πραττόμενα
3128 3765 3475 3836 ποιήσοντες,
3524 3760 3714 3832 πόρρω

2134 3871 2230 3926 τοῦ
2263 3869 2462 3940 ἕΡήνου
2493 3867 2831 3937 προήγαγον,
2866 3861 2962 3914 καὶ
2997 3859 3180 3910 πίστιν
3233 3854 3385 3926 αύτῷ
3414 3852 3715 3922 παρέσχον,

2135 3965 2210 4028 ὡς
2259 3961 2355 4016 καὶ
2406 3963 2536 4015 ἄνευ
2598 3955 2954 4027 στρατιωτῶν
3003 3945 3406 4008 δουλεύσοντες.
3445 3945 3506 3997 'U
3542 3941 3598 3996 δὲ
3629 3957 3720 3992 πιο

2139 4053 2372 4117 στεύσας
2400 4049 2523 4105 οὗτε
2565 4050 2632 4104 τὰ
2663 4045 3050 4120 στρατεύματα
3083 4044 3157 4108 ὡς
3187 4045 3244 4096 ἐν
3269 4037 3508 4110 πολεμίᾳ
3537 4033 3716 4089 συνεῖ-

2136 4163 2222 4217 χε,
2255 4144 2348 4198 καὶ
2382 4143 2574 4202 ἄλλους
2605 4138 2838 4210 ἀλλαχοῦ
2893 4137 3128 4208 ἔπεμπε.
3177 4131 3520 4206 Θαρροῦντος
3546 4127 3592 4182 δ’
3621 4124 3721 4182 αὓ-

2134 4237 2232 4291 τοῦ
2267 4235 2364 4291 καὶ
2395 4237 2470 4306 μή
2513 4251 2566 4287 τι
2615 4232 2790 4285 δεινὸν
2841 4228 3242 4288 ὑποπτεύοντος
3293 4221 3715 4278 ἐπανίστανται,

2135 4329 2234 4386 καὶ
2291 4324 2721 4386 ἀποκτείναντες
2777 4321 2906 4384 τοὺς
2953 4317 3104 4388 παρὰ
3164 4315 3316 4386 σφίσι
3373 4306 3718 4386 στρατιώτας

2136 4419 2372 4491 ἐπῆλθον
2400 4416 2549 4488 αὐτῷ
2597 4416 2654 4470 ἐν
2694 4413 2850 4478 ὕλαις
2891 4411 3244 4472 δυσεκϐἀτοις
3287 4407 3403 4460 ὄντι
3437 4403 3579 4474 μετὰ
3617 4401 3715 4469 τῆς

2137 4515 2266 4586 περὶ
2325 4512 2492 4565 αὐτὸν
2543 4508 2830 4580 στρατιᾶς,
2881 4504 2975 4557 καὶ
3018 4503 3252 4568 ἐξάπινα
3303 4497 3448 4568 σφᾶς
3484 4496 3575 4550 διὰ
3609 4494 3717 4548 τῶν

2143 4585 2632 4679 λοχμωδεστάτων,
2673 4600 2932 4670 ἔμπειροι
2967 4595 3173 4649 τούτων
3206 4592 3364 4654 ὅντες
3398 4585 3718 4660 περιεστοί-

457 4705 724 4778 ιπωοίρυί
780 4706 989 4777 quique
1025 4705 1323 4772 vulnerati,
1369 4713 1684 4764 metuentes
1709 4721 1779 4762 ne
1821 4705 1930 4762 vivi
1979 4706 2029 4760 in

2143 4718 2324 4773 χισαν,
2355 4699 2450 4753 καὶ
2477 4696 2704 4750 πλεῖστα
2747 4693 2846 4765 μὲν
2899 4691 2996 4746 καὶ
3029 4686 3352 4748 πλειστάκις
3393 4683 3715 4736 ἐκάκωσαν.

455 4771 700 4858 bestiam
754 4771 1086 4868 potestatem
1147 4771 1424 4865 venirent,
1483 4797 1628 4854 ultro
1679 4797 1789 4854 sibi
1841 4813 2029 4854 necem

2135 4771 2302 4858 Telo;
2327 4792 2384 4846 δὲ
2409 4790 2518 4843 τῶν
2563 4789 2668 4860 μὲν
2714 4785 3003 4858 Ῥωμαίων
3033 4779 3425 4836 ἀποϐαλόντων
3458 4771 3716 4836 πολλοὺς,

457 4893 868 4952 consciverunt.
903 4891 1024 4960 Quo
1069 4892 1252 4948 caeteri
1297 4895 1546 4962 cognito,
1593 4890 1792 4960 partim
1838 4891 2036 4946 ducem

457 4991 659 5046 imitati
685 4997 840 5051 sunt,
873 4985 1075 5056 partim
1099 4983 1332 5053 abiectis
1359 4984 1532 5040 armis
1580 4983 1764 5040 cuivis
1787 4999 1848 5040 se
1873 4984 2038 5056 jugu-

455 5082 653 5140 landos
683 5079 1060 5153 prabuerunt.
1100 5076 1212 5132 Eos
1235 5076 1407 5148 igitur
1427 5075 1655 5132 Barbari
1685 5075 1910 5146 impune
1939 5090 2038 5132 oc-

457 5172 756 5230 ciderunt:
787 5181 846 5228 et
873 5169 1282 5228 ntunitionibus
1329 5167 1610 5232 omnibus,
1641 5183 1750 5224 una
1782 5176 2037 5238 excepta,

457 5275 592 5322 sunt
621 5265 802 5336 potiti.
833 5263 1010 5332 Quam
1033 5263 1164 5320 dum
1198 5270 1538 5332 oppugnant.
1573 5276 1754 5330 neque
1783 5259 2035 5322 Rhenum

461 5355 818 5425 traiecerunt,
845 5369 1029 5425 neque
1057 5351 1363 5410 iuGalliam
1417 5349 1836 5421 impressionem
1891 5347 2039 5404 lece-

459 5457 612 5510 runt,
644 5463 712 5504 ac
731 5463 808 5504 ne
833 5447 1122 5506 castellum
1155 5445 1380 5514 quidem
1419 5444 1556 5500 illd
1598 5457 1912 5513 expugnare
1937 5459 2036 5513 po-

460 5547 689 5593 tuerunt
715 5553 782 5592 ex
814 5539 1166 5594 obsidlouum
1201 5534 1499 5607 imperitia,
1546 5543 1606 5589 et
1629 5536 2036 5604 sagittariorum

463 5627 670 5700 quibus
705 5627 939 5682 Romani
971 5628 1288 5693 utebantur,
1340 5625 1695 5702 multitudine
1724 5639 1738 5678 :
1772 5638 1802 5676 a
1836 5621 2038 5694 quibus

465 5718 902 5787 repellebantur,
951 5727 1008 5774 et
1060 5719 1285 5790 plurimi
1338 5716 1762 5774 occidebantur.
1833 5716 2038 5772 Deinde

469 5821 593 5862 cum
635 5807 906 5875 praesidiis
952 5809 1205 5863 Rhenum
1253 5807 1456 5874 teneri,
1487 5819 1545 5864 et
1587 5807 1871 5864 Tiberium
1911 5825 2036 5866 cum

2135 4889 2250 4950 τοῖς
2289 4885 2347 4938 δὲ
2386 4881 2703 4956 Βαρϐάροις
2738 4881 2824 4934 ἀεὶ
2863 4875 3308 4948 προστιθεμένων
3343 4869 3550 4942 ἐτέρων
3583 4869 3718 4936 ὁμο·-

2135 4974 2331 5047 γενῶν,
2379 4975 2512 5046 ῥᾷον
2547 4975 2598 5028 οἱ
2643 4973 2912 5043 Ῥωμαῖοι
2954 4966 3318 5037 κυκλούμενοι
3365 4959 3714 5032 ἐφονεύοντο,

2132 5069 2278 5124 ὥστε
2301 5067 2520 5122 καὶτὸν
2567 5064 2784 5137 Οὔαρον
2825 5065 2924 5116 καὶ
2978 5062 3110 5124 τοὺς
3155 5057 3374 5118 λοιποὺς
3411 5053 3541 5116 τοὺς
3570 5051 3722 5118 λογι-

2139 5162 2422 5234 μωτὰτους
2449 5158 2744 5231 τρωθῆναν
2782 5155 2834 5211 οἳ
2861 5152 3192 5234 φοϐηθέντες
3229 5150 3304 5221 μὴ
3328 5143 3722 5218 ζωγρηθῶσιν,

2145 5254 2305 5314 αὐτοὶ
2331 5251 2564 5315 ἑαυτοὺς
2593 5252 2827 5306 ἀνεῖλον.
2857 5247 3029 5301 Τοῦτο
3059 5245 3117 5299 δὲ
3152 5243 3371 5314 γνόντες
3401 5237 3499 5292 καὶ
3528 5239 3578 5289 οἱ
3611 5235 3722 5288 λοι-

2146 5347 2263 5409 ποὶ,
2293 5346 2346 5398 οἱ
2375 5344 2475 5416 μὲν
2509 5343 2602 5396 τὸν
2629 5339 2873 5412 ἄρχοντα
2895 5339 3263 5410 ἐμιμήσαντοο
3292 5333 3342 5386 0i
3371 5331 3452 5395 δὲ,
3472 5328 3546 5384 τὰ
3578 5326 3724 5380 ὅπλα

2144 5440 2408 5502 τιθέντες,
2443 5438 2746 5510 ἐπέτρεπον
2776 5433 2857 5504 τῷ
2887 5431 3200 5504 βουλομένῳ
3223 5425 3475 5498 φονεύειν
3498 5419 3722 5484 αὐτούς.

2159 5533 2484 5589 Ἐκόπτοντο
2521 5529 2616 5588 οὖν
2641 5527 2835 5593 ἀδεῶς,
2863 5527 2957 5582 καὶ
2981 5525 3048 5580 τὰ
3075 5522 3326 5596 ἐρύματα
3359 5521 3539 5574 πὲντα
3590 5533 3722 5570 κατ-

2147 5627 2306 5696 έσχον
2345 5625 2394 5678 οί
2425 5622 2702 5694 Βάρϐαροι
2734 5622 2868 5692 ἄτερ
2893 5619 3013 5684 ἑνός
3032 5635 3046 5648 ·
3082 5615 3212 5686 περὶ
3235 5615 3265 5668 ὂ
3299 5608 3720 5683 ἀσχοληθέντες,

2146 5715 2271 5770 οὔτε
2297 5716 2392 5770 τὸν
2431 5717 2622 5786 Ῥῆνον
2645 5713 2928 5783 διέϐησαν,
2949 5709 3062 5764 οὔτ’
3092 5712 3148 5773 ἐς
3181 5707 3278 5774 τὴν
3298 5703 3569 5760 Γαλατίαν
3597 5701 3718 5752 eia-

2147 5807 2363 5864 έϐαλον.
2419 5805 2560 5864 Ἀλλ’
2593 5803 2704 5861 οὐδ’
2739 5805 2918 5858 ἐκεῖνο
2943 5797 3318 5871 χειοώσασθαι
3346 5793 3714 5866 ἠδυνήθησαν,
