4018 6250
336 314 439 374 917

1592 303 1999 364 ANNALIUM
2041 304 2190 365 LIB.
2228 305 2300 365 X.

3481 306 3584 372 918

326 429 450 483 ἐπεὶ
486 426 626 495 μήτε
660 425 970 494 πολιορκεῖν
1019 426 1341 497 ἠπίσταντο.
1400 422 1511 475 Καὶ
1561 418 1807 485 τοξόταις
1856 419 1906 471 οί

2014 420 2228 491 magnis
2258 419 2436 487 copiis
2484 419 2783 474 adventare.
2832 417 3196 482 audivissent,
3247 419 3494 492 plerique
3551 438 3583 479 a

340 521 607 590 Ῥωμαίοι
644 518 859 587 συχνοῖς
894 516 1157 586 ἐχρῶντο,
1188 516 1249 580 ἐξ
1277 509 1351 569 ὧν
1388 515 1485 567 καὶ
1518 512 1905 572 άνεκόπτοντο,

329 615 420 667 καὶ
471 613 709 666 πλεῖστοι
759 609 1095 665 ἀπώλλυντο.
1124 609 1281 663 Μετὰ
1320 608 1376 661 δὲ
1410 607 1566 662 τοῦτο
1620 605 1914 674 πυθΰμενοι

327 705 578 774 φυλακὴν
614 703 708 757 τοῦ
779 703 969 771 Ῥήνου
1025 701 1153 766 τοὺς
1200 699 1504 769 Ῥωμαίους
1551 695 1913 766 ποιήσασθαι,

331 794 425 847 καὶ
474 794 564 846 τὸν
592 792 844 862 Τιϐέριον
876 793 973 845 σὺν
1016 791 1174 861 βαρεῖ
1205 788 1598 862 προσελαύνειν
1632 787 1894 857 στρατεύσ

339 901 494 953 ματι,
545 883 595 936 οἱ
652 883 748 953 μὲν
815 883 1003 958 πολλοὶ
1044 884 1431 951 ἀπανέστησαν
1478 879 1574 933 τοῦ
1612 879 1910 950 ἐρύματος·

332 977 386 1028 ol.
412 975 460 1029 δ’
490 972 910 1042 ὑπολειφθέντες
937 974 1280 1038 ἀποστάντες
1309 971 1501 1037 αὑτοῦ,
1534 970 1677 1024 ὥστε
1707 967 1785 1040 μὴ
1816 969 1907 1022 ai-

337 1066 571 1134 φνιδίαις
630 1064 1013 1130 ὲπεξελεύσεσι
1058 1065 1168 1119 τῶν
1219 1065 1372 1129 ἐντὸς
1427 1060 1752 1125 κακοῦσθαι,
1812 1060 1914 1125 τὰς

336 1161 492 1220 ὁδοὺς
522 1158 777 1226 ἐτήρουν,
828 1158 1024 1213 σπάνει
1072 1157 1259 1210 σιτίων
1313 1156 1568 1226 αἱρήσειν
1620 1152 1915 1224 ἠλπικότες

340 1248 564 1311 αὐτούς.
598 1249 663 1302 Οἱ
716 1249 763 1302 δ’
800 1251 950 1312 ἐντὸς
989 1249 1139 1311 ὄντες
1184 1247 1474 1318 Ῥωμαῖοι,
1542 1246 1646 1310 ἕως
1693 1246 1792 1312 μὲν
1824 1245 1914 1298 εὐ-

332 1339 539 1409 πόρουν
554 1339 785 1409 τροφῆς,
819 1339 962 1392 κατά
990 1338 1171 1409 χώραν
1209 1337 1428 1407 ἔμενον,
1457 1334 1712 1407 βοήθειαν
1743 1349 1913 1405 προσ-

329 1430 632 1500 δεχόμενον
668 1429 743 1493 ὡς
786 1430 831 1482 δ’
867 1429 994 1484 οὔτε
1068 1446 1151 1492 τις
1198 1428 1488 1495 ἐπεκούρει
1530 1427 1741 1491 αὐτοῖς,
1817 1426 1912 1479 καὶ

330 1519 482 1589 λιμῷ
522 1520 860 1592 συνείχοντο,
908 1521 1154 1592 ἐξῆλθον,
1202 1519 1377 1573 νύκτα
1416 1520 1762 1590 τηρήσαντες
1797 1534 1912 1588 χει-

331 1613 527 1682 μέριον
558 1608 718 1681 (ἦσαν
749 1613 806 1665 δὲ
844 1615 1174 1684 στρατιῶται
1222 1613 1320 1683 μὲν
1375 1610 1569 1680 ὀλίγοι,
1598 1610 1800 1666 ἄοπλοι
1853 1608 1912 1663 δὲ

331 1701 546 1775 πολλοὶ)
576 1703 753 1755 καὶτὸ
789 1703 890 1773 μὲν
947 1702 1164 1776 πρῶτον
1200 1704 1294 1757 καὶ
1325 1702 1579 1772 δεύτερον
1631 1701 1911 1772 φυλακτή-

2016 510 2242 567 castello
2286 519 2656 566 recesserunt.
2708 509 2948 579 Reliqui,
3005 527 3074 566 ne
3112 510 3313 567 subitis
3340 511 3582 568 hostium

2013 602 2436 676 excursionibus
2466 601 2878 668 infestarentur,
2919 603 3135 673 longius
3187 602 3438 674 digressi,
3467 604 3586 658 vias

2013 694 2369 758 obsederunt,
2419 702 2481 749 ut
2528 695 2758 765 penuria
2787 707 3126 751 commeatus
3172 711 3268 752 eos
3302 712 3586 766 expugna-

2015 794 2160 859 rept.
2193 783 2423 839 Romani
2453 800 2586 839 vero
2635 789 2764 843 dum
2795 786 3003 843 cibaria
3052 787 3435 856 suppetebant,
3495 802 3588 841 ex-

2014 877 2355 945 spectatione
2399 878 2631 942 auxilii,
2697 878 3040 935 obsidionem
3094 879 3422 934 tolerabant.
3475 879 3583 933 Sed

2011 985 2137 1027 cum
2172 986 2334 1027 nemo
2360 986 2517 1040 opem
2547 971 2737 1037 ferret,
2772 980 2831 1027 et
2874 972 3019 1027 fame
3049 981 3403 1042 urgerentur,
3447 981 3584 1026 tem-

2012 1072 2273 1133 pestuosa
2299 1073 2463 1119 nocte
2493 1074 2705 1134 captata
2741 1064 2948 1135 egressi
2984 1066 3165 1132 (erant
3208 1075 3390 1121 autem
3425 1066 3583 1135 paut-i

2013 1155 2239 1220 milites,
2285 1156 2450 1210 multi
2506 1154 2765 1225 inermes)
2806 1156 3011 1225 primas
3039 1171 3106 1211 ac
3153 1155 3425 1212 secundas
3458 1157 3589 1209 Bar-

2012 1247 2270 1303 barorum
2300 1248 2563 1303 excubias
2586 1248 2939 1303 fefellerunt:
2972 1249 3116 1318 apud
3148 1249 3342 1304 tertias
3358 1248 3591 1304 demum

2012 1339 2368 1409 deprehensi,
2408 1355 2604 1394 omnes
2652 1348 2749 1395 aut
2778 1340 2900 1394 caesi
2930 1350 3027 1395 aut
3052 1341 3199 1410 capti
3231 1350 3438 1404 essent,
3480 1340 3595 1396 nisi.

2009 1431 2239 1487 Barbari
2273 1432 2341 1488 ad
2375 1432 2743 1501 direptionem
2774 1431 2972 1501 praeda:
3007 1434 3261 1488 conversi
3287 1443 3497 1495 essent,
3529 1443 3586 1487 et

2013 1524 2291 1580 tubicines
2330 1524 2559 1578 incitato
2589 1524 2850 1593 clangore
2880 1523 3197 1592 opinionem
3235 1525 3344 1581 illis
3365 1526 3585 1580 attulis-

2011 1625 2155 1680 sent,
2206 1616 2361 1685 quasi
2417 1615 2620 1669 auxilia
2674 1616 2959 1672 venissent
3014 1617 3281 1681 obsessis,
3312 1632 3434 1686 quae
3468 1626 3587 1672 tan-

2011 1708 2137 1762 dem
2173 1723 2363 1762 revera
2397 1708 2759 1763 advenerunt.
2799 1706 3056 1763 Tiberius
3086 1717 3271 1763 autem
3328 1710 3583 1771 “bonum

334 1811 456 1864 ριον
488 1770 597 1848 των
635 1770 940 1867 Βαρϐάρων
993 1770 1296 1865 παρῆλθον,
1332 1796 1467 1866 πρὸς
1490 1770 1574 1847 ἠδὲ
1626 1794 1705 1863 τῷ
1735 1770 1904 1864 τρίτῲ

2010 1800 2115 1855 sibi
2151 1799 2551 1855 transeundum
2589 1815 2698 1854 non
2733 1801 2969 1861 censuit,
2999 1800 3093 1853 sed
3124 1800 3347 1869 quietus
3366 1814 3591 1857 secon-

332 1886 622 1955 γενόμενοι
650 1888 1039 1958 ἐφωράθησαν,
1076 1886 1173 1941 καὶ
1219 1887 1419 1950 πάντες
1451 1886 1516 1940 ἂν
1564 1884 1843 1939 ἀπώλοντο
1876 1882 1909 1953 ἦ

332 1978 430 2030 καὶ
457 1978 727 2045 ἑάλωσαν,
780 1981 829 2033 εί
880 1979 956 2050 μὴ
1012 1982 1059 2033 οἱ
1097 1980 1372 2051 Βάρϐαροι
1427 1979 1557 2046 περὶ
1595 1979 1693 2047 τὴν
1736 1977 1914 2047 ἁρπα·

334 2072 445 2139 γὴν
494 2071 595 2140 τῆς
641 2071 795 2135 λείας
838 2072 1160 2143 ἐτράποντο,
1202 2072 1297 2126 καὶ
1328 2072 1378 2124 οἱ
1414 2070 1756 2135 σαλπιγκταὶ
1788 2086 1918 2138 τρο-

330 2159 490 2230 χαῐὸν
520 2178 576 2213 τι
624 2161 1030 2232 συμϐοήσαντε;
1062 2162 1221 2228 δόξαν
1250 2162 1524 2233 παρέσχον
1566 2163 1640 2226 ὡς
1692 2162 1915 2214 ἐπικου-

332 2252 430 2319 ρία
460 2254 568 2315 τοῖς
600 2253 1078 2323 πολιορκουμένοις
1104 2254 1388 2325 ἐλήλυθεν,
1414 2251 1534 2306 εἶτα
1558 2253 1655 2306 καὶ
1680 2252 1755 2317 ὡς
1778 2252 1914 2320 άλη-

331 2341 444 2405 θῶς
472 2343 946 2415 ἐπεκουρήθησαν.
992 2347 1051 2399 ’0
1104 2346 1161 2399 δὲ
1212 2347 1469 2417 Τιϐέριος
1513 2344 1773 2413 διαϐῆναι
1824 2344 1915 2397 τὸν

345 2433 540 2503 Ῥῆνον
573 2435 675 2489 οὐκ
704 2437 940 2506 ἔκρινεν,
996 2436 1111 2491 ἀλλ’
1144 2438 1462 2509 ήτρέμιξεν,
1499 2437 1777 2505 ἐπιτηρῶν
1838 2436 1913 2507 μὴ

332 2527 388 2577 οἱ
423 2526 702 2598 Βάρϐαροι
734 2529 894 2582 τοῦτο
960 2530 1282 2602 ποιήσωσιν.
1350 2529 1492 2583 Ἀλλ’
1549 2529 1658 2582 οὐδ’
1714 2529 1914 2582 ἐκεῖνοι

328 2614 590 2686 διχϐἧναι
638 2619 969 2691 ἐτόλμησαν,
1016 2620 1235 2688 γνόντες
1268 2621 1431 2674 αὐτὸν
1466 2620 1731 2690 παρόντα.
1762 2620 1917 2674 Μετὰ

332 2707 517 2762 ταῦτα
545 2708 603 2761 δὲ
629 2712 794 2775 αὐτὸς
827 2713 923 2767 καὶ
961 2715 989 2765 ὁ
1025 2713 1366 2783 Γερμανικὸς
1400 2711 1682 2765 εἰσέϐαλον
1708 2713 1788 2774 είς
1815 2711 1914 2780 τὴν

2006 1892 2197 1957 tinuit,
2250 1892 2571 1955 observans,
2628 1908 2695 1946 au
2748 1892 2801 1946 id
2849 1892 3068 1947 Barbari
3142 1890 3343 1955 facturi
3376 1901 3584 1949 essent;

2008 1984 2167 2057 543
2197 1985 2400 2040 Verum
2416 2000 2519 2040 nec
2544 1985 2639 2046 illi,
2665 1985 2953 2053 prtesentia
2986 1984 3107 2056 ejus
3137 1983 3378 2052 cognita,
3406 1992 3585 2040 trans.

2011 2080 2092 2135 ire
2153 2078 2272 2132 ausi
2311 2077 2555 2133 fuerunt.
2589 2077 2718 2132 Post
2764 2079 2878 2134 haec
2910 2078 3025 2147 ipse
3054 2089 3111 2133 et
3139 2078 3500 2135 Germanicus
3531 2080 3588 2134 in

2009 2163 2275 2221 Celticam
2326 2164 2692 2234 impressione
2738 2164 2902 2225 facta.
2952 2168 3218 2236 quasdam
3254 2172 3374 2238 ejus
3403 2179 3593 2239 partes

2011 2258 2368 2311 iuenrsarunt
2394 2273 2408 2309 :
2448 2271 2624 2327 neque
2656 2266 2836 2311 tamen
2863 2259 2949 2313 vel
2980 2259 3171 2328 prmlio
3197 2260 3475 2327 vicerunt,
3502 2262 3590 2316 vel

2010 2358 2231 2417 gentem
2252 2346 2497 2417 aliquam
2525 2347 2886 2418 subegerunt,
2917 2360 3204 2419 propterea
3255 2353 3399 2421 quod
3431 2368 3591 2408 neruo

2010 2439 2080 2494 ad
2112 2453 2307 2494 manus
2345 2441 2641 2493 veniebat:
2682 2452 2786 2494 nec
2831 2438 2935 2508 ipsi
2965 2455 2995 2493 a
3038 2440 3235 2495 Rheno
3264 2441 3425 2511 longe
3460 2456 3589 2510 pro-

2012 2542 2321 2594 cesserunt,
2357 2530 2522 2587 veriti
2551 2546 2620 2586 ne
2649 2531 2834 2588 denuo
2865 2532 3076 2588 cladem
3122 2534 3460 2602 acciperent,
3495 2533 3592 2589 sed

2012 2621 2089 2676 ibi
2117 2634 2292 2689 usque
2324 2620 2379 2674 in
2404 2631 2736 2677 autumnum
2765 2623 3117 2687 commorati,
3150 2624 3376 2678 domum
3407 2623 3589 2680 redie-

2013 2718 2145 2767 runt
2158 2739 2170 2751 -

331 2801 610 2874 Κελτικὴν
636 2804 728 2858 καί
758 2821 880 2859 τινα
929 2806 1137 2878 ταύτης
1184 2806 1552 2877 κατέδραμον,
1612 2804 1674 2857 οὺ
1730 2800 1914 2873 μέντοι
1953 2804 2071 2861 καὶ
2114 2805 2265 2877 μάχῃ
2301 2803 2738 2876 ὲνίκησαν,οὖτε
2768 2804 2923 2870 ἔθνος
2971 2823 3025 2859 τι
3086 2807 3461 2875 ὑπηγάγοντο,
3511 2805 3593 2859 δτι

335 2895 469 2965 μηδ’
519 2897 608 2968 ᾔει
658 2915 743 2961 τις
772 2900 833 2963 ἐς
864 2903 1058 2970 χεῖρας
1112 2902 1321 2967 αὐτοῖς,
1359 2903 1454 2955 καὶ
1477 2898 1588 2954 οὐδ’
1624 2898 1782 2954 αὐτοὶ
1842 2896 1936 2950 τοῦ
1990 2896 2184 2968 Ῥήνου
2235 2898 2425 2971 «spem
2473 2899 2843 2970 προήλθοσαν,
2893 2900 3127 2964 δεδιότες
3205 2901 3281 2972 μὴ
3320 2902 3413 2955 καὶ
3438 2897 3595 2970 αὖθις

329 2989 635 3058 σφαλῶσιν,
674 2990 789 3045 ἀλλ’
816 2992 982 3046 αὐτοῦ
1018 3010 1118 3045 που
1160 2991 1322 3063 μέχρι
1376 2991 1471 3045 τοῦ
1511 2989 1828 3062 μετοπώρου
1858 2986 2237 3061 διατρίψαντες
2268 2988 2591 3056 ἐπανῆλθον.

407 3080 539 3133 ΑΠ’.
582 3078 643 3130 ’0
674 3077 983 3147 Αὔγουστος
1011 3081 1068 3135 δὲ
1103 3081 1173 3135 τά
1203 3082 1308 3150 τῆς
1337 3081 1639 3152 μοναρχίας
1667 3077 1907 3142 διοικῶν,

2082 3076 2371 3135 XXXVIII.
2407 3078 2686 3149 Augustus
2715 3094 2869 3146 vero,
2901 3095 3025 3134 cum
3055 3079 3109 3134 in
3139 3081 3374 3149 imperio
3406 3081 3577 3137 admo

329 3168 434 3224 καὶ
465 3169 793 3239 ὑπέργηρως
826 3169 920 3240 ήδη
969 3170 1285 3239 γενόμενος,
1308 3170 1399 3224 τὸν
1451 3168 1549 3240 μὲν
1574 3168 1915 3239 Γερμανικὸν

328 3259 720 3315 ὑπατεύσαντα
750 3263 854 3331 πρδ
883 3260 977 3314 τοῦ
1013 3266 1421 3335 στρατηγῆσαι,
1454 3262 1804 3333 παρεκάθετο
1845 3263 1912 3331 τῇ

331 3354 526 3424 βουλῇ,
563 3355 661 3422 τὴν
689 3353 745 3408 δὲ
772 3353 849 3424 τῷ
901 3354 1160 3425 Τιϐερίῳ.
1204 3355 1595 3428 Ἱπποδρομίας
1640 3355 1698 3409 δὲ
1727 3353 1916 3409 τελου-

332 3445 509 3515 μένης
540 3447 598 3498 ὲν
636 3447 748 3507 τοῖς
785 3445 1088 3514 γενεθλίοις
1134 3444 1300 3499 αὑτοῦ
1342 3446 1596 3515 ἐμμανής
1640 3460 1725 3507 τις
1775 3444 1915 3514 ἀνὴρ

327 3538 593 3592 ἐκάθισεν
619 3540 676 3603 ἐς
703 3538 795 3592 τὸν
825 3539 1018 3605 δίφρον
1051 3537 1143 3593 τὸν
1167 3537 1243 3608 τῷ
1282 3537 1490 3607 Ἰουλίῳ
1517 3538 1758 3609 Καίσαρι
1781 3541 1913 3592 ἁνα-

331 3632 613 3700 κείμενον,
652 3632 745 3685 καὶ
782 3631 875 3685 τὸν
899 3630 1109 3684 ἐκείνου
1165 3631 1426 3697 στέφανον
1481 3630 1785 3699 περιέθετο.
1847 3630 1913 3682 ’⁸0

333 3723 552 3785 πάντας
594 3722 861 3791 ἐτάραξεν
895 3721 971 3783 ὼς
1019 3721 1099 3785 είς
1156 3721 1250 3773 τὸν
1283 3718 1592 3787 Αὗγουστόν
1620 3734 1674 3772 τι
1709 3720 1912 3788 σημαῖ-

329 3831 447 3867 νον.
486 3813 647 3866 Ἀλλὰ
685 3813 778 3865 καὶ
808 3812 1014 3882 τέρατα
1047 3810 1185 3881 πρὸς
1231 3809 1391 3864 τοῦτο
1447 3810 1682 3880 φέροντα
1738 3824 1909 3879 προσ-

328 3904 501 3958 έπεσε
562 3886 806 3960 πλείονα.
842 3905 909 3959 Ὅ
957 3920 1018 3957 τε
1048 3904 1158 3974 γὰρ
1197 3902 1346 3973 ἥλιος
1372 3900 1521 3964 ἆπας
1551 3899 1787 3965 ἐξέλιπε,
1818 3900 1913 3952 καὶ

329 4000 433 4053 τοῦ
482 3997 712 4067 οὐρανοῦ
769 3998 905 4052 πολὺ
959 3997 1208 4067 πυρῶδες
1274 3996 1599 4066 φαινόμενον
1661 3992 1911 4046 καίεσθαι

330 4092 507 4156 ἔδοξε,
553 4094 649 4146 καὶ
673 4093 904 4163 ἀστέρες
937 4091 1179 4161 κομῆται
1221 4089 1316 4145 καὶ
1345 4087 1677 4159 αἱματώδεις
1719 4085 1906 4156 ὤφθη-

331 4200 461 4237 σαν.
501 4183 706 4252 Βουλῆς
735 4200 795 4236 τε
826 4182 918 4236 ἐπὶ
945 4184 1012 4253 τῇ
1064 4181 1206 4252 νόσῳ
1246 4179 1413 4232 αὑτοῦ
1448 4177 1906 4247 ὲπαγγελθείσης,

328 4273 404 4326 ἵν’
429 4273 596 4343 εὐχάς
626 4273 988 4343 ποιήσωνται,
1012 4271 1401 4340 κεκλεισμένον
1431 4267 1633 4340 εὕρητο
1685 4267 1746 4322 τὸ
1777 4285 1906 4322 συνο

2013 3169 2144 3225 dum
2176 3170 2450 3227 senuisset
2474 3208 2489 3237 ,
2524 3168 2912 3225 Germanicum
2964 3176 3090 3224 ante
3119 3180 3411 3239 praeturam
3457 3186 3591 3227 con-

2013 3263 2194 3319 sulatu
2227 3262 2482 3319 functum
2509 3262 2748 3327 senatui,
2778 3272 3029 3318 senatum
3054 3261 3279 3318 Tiberio
3311 3278 3595 3318 commen-

2012 3354 2184 3411 davit.
2234 3354 2407 3410 Ludis
2446 3353 2822 3416 Circensibus,
2872 3353 3043 3409 natali
3086 3355 3226 3424 ejus,
3267 3354 3434 3410 homo
3469 3357 3590 3425 qui-

2012 3448 2139 3503 dam
2182 3448 2412 3504 insanus
2451 3448 2638 3503 sellam
2684 3446 2832 3503 Julio
2856 3446 3055 3502 Caesari
3087 3447 3396 3503 dedicatam
3426 3462 3586 3502 occn'

2012 3540 2188 3610 pavit,
2228 3538 2487 3609 illiusque
2534 3553 2795 3593 coronam
2843 3553 2946 3593 suo
2979 3539 3144 3606 capiti
3207 3540 3495 3609 imposuit.
3530 3539 3588 3593 Ill

2013 3630 2257 3687 turbavit
2282 3644 2498 3692 omnes,
2554 3629 2802 3699 Augusto
2845 3630 3059 3686 sinistri
3086 3631 3297 3700 aliquid
3331 3631 3586 3701 portendi

2010 3720 2407 3777 existimantes.
2452 3720 2658 3776 Eodem
2712 3721 2955 3792 prodigia
3028 3723 3307 3787 complura
3336 3736 3587 3778 necesse»

2012 3824 2162 3869 runt.
2206 3814 2342 3868 Nam
2389 3823 2445 3868 et
2499 3813 2581 3867 sol
2612 3823 2758 3869 totus
2784 3812 3009 3878 defecit,
3034 3825 3089 3867 et
3116 3814 3315 3870 coelum
3352 3815 3461 3869 late
3491 3830 3584 3868 ar-

2012 3906 2146 3963 dere
2174 3906 2377 3971 visum,
2398 3913 2456 3959 et
2482 3905 2660 3960 stella:
2694 3906 2907 3959 crinitae
2930 3905 3237 3974 sanguineo
3268 3905 3454 3960 colore
3483 3922 3582 3974 ap-

2011 4003 2335 4066 paruerunt.
2387 3993 2710 4065 Iudietoque
2761 4004 2988 4066 propter
3033 3993 3286 4049 morbum
3337 3995 3459 4065 ejus
3497 4008 3585 4049 se-

2010 4101 2165 4150 natu,
2198 4098 2262 4143 ut
2290 4103 2390 4158 pro
2412 4087 2591 4144 salute
2614 4089 2737 4159 eius
2770 4095 2895 4143 vota
2918 4098 3395 4156 nuncupareutnr,
3429 4087 3583 4142 curia

2009 4182 2197 4237 clausa
2223 4190 2307 4236 est
2341 4179 2607 4236 inventa:
2638 4188 2696 4235 et
2726 4179 2933 4236 fulmen
2968 4181 3022 4234 in
3053 4188 3291 4234 statuam
3341 4180 3461 4249 ejus
3487 4179 3587 4231 de-

2010 4274 2202 4334 latum,
2239 4272 2470 4341 primam
2502 4272 2743 4327 litteram
2791 4271 3036 4326 nominis
3089 4270 3320 4326 Caesaris
3351 4270 3581 4326 delevit.

329 4363 533 4433 έδριον³
568 4365 660 4417 καὶ
690 4363 950 4435 κεραυνὸς
973 4364 1056 4427 είς
1098 4361 1282 4415 εἰκόνα
1328 4358 1496 4416 αὐτοῦ
1543 4359 1820 4430 ἐμπεσὼν,
1846 4357 1909 4412 τὸ

2015 4365 2140 4420 llaec
2194 4380 2262 4420 eo
2305 4364 2487 4420 adhuc
2536 4364 2836 4433 superstite
2884 4362 3224 4419 acciderunt.
3284 4362 3407 4431 Ipse
3449 4376 3587 4416 vero

332 4426 554 4525 πρῶτον
569 4426 804 4528 γράμμα
825 4454 918 4509 τοῦ
947 4455 1206 4524 ὀνόματος
1225 4453 1318 4506 τοῦ
1354 4426 1627 4522 Καίσαρος
1649 4450 1902 4521 ἠφάνισε,

2009 4457 2161 4512 Nolae
2197 4471 2266 4511 ex
2312 4455 2503 4511 modo
2552 4426 2809 4517 decessit,
2843 4453 3064 4508 decimo
3113 4426 3326 4523 quarto
3353 4453 3583 4507 Kalend.

331 4546 525 4603 Ταῦτα
573 4548 673 4619 μὶν
706 4541 800 4601 οὖν
822 4545 1024 4613 ζῶντος
1067 4546 1149 4598 ἔτι
1175 4543 1342 4598 αὑτοῦ
1378 4545 1687 4614 προεφάνη.
1756 4544 1816 4595 '0
1850 4542 1907 4595 δὲ

329 4638 570 4709 νοσήσας
616 4640 673 4691 ὲν
695 4636 857 4709 Νὼλῃ
895 4636 1197 4708 μετήλλαξε
1226 4639 1293 4705 τῇ
1331 4634 1791 4705 ἐννεακαιδεκάτῃ
1812 4633 1905 4686 τοῦ

330 4729 645 4797 Αὐγούστου
681 4727 847 4798 μηνὸς
873 4767 888 4791 ,
942 4727 1113 4798 ζήσας
1142 4726 1201 4791 ἓξ
1238 4726 1334 4797 ἔτη
1370 4726 1463 4779 καὶ
1510 4723 1905 4794 ἑϐδομήκοντα,

328 4822 627 4893 τριάκοντα
661 4821 755 4874 καὶ
775 4819 1058 4891 τεσσάρων
1079 4818 1373 4872 ἑνδεουσῶν
1401 4818 1627 4888 ἡμερῶν
1649 4832 1663 4846 ·
1702 4831 1906 4887 μοναρ·

329 4915 508 4985 χήσας
545 4913 603 4967 δὲ
628 4912 723 4982 ἀφ’
767 4903 829 4966 οὗ
869 4913 1007 4983 πρὸς
1052 4909 1131 4980 τῷ
1170 4910 1368 4979 Ἀκτίῳ
1416 4911 1671 4970 ἐνίκησεν
1724 4909 1907 4962 ἐνιαυ-

330 5006 462 5068 τοὺς
521 5003 660 5075 πρὸς
725 5002 987 5073 τέσσαρσι
1045 5004 1474 5070 τεσσαράκοντα.
1536 4998 1905 5068 ’Υπωπτεύθη

338 5096 530 5166 μέντοι
554 5096 650 5149 ἐπὶ
670 5095 750 5173 τῷ
780 5094 998 5165 θανάτῳ
1028 5092 1195 5147 αὑτοῦ
1223 5094 1256 5161 ή
1281 5090 1468 5155 Λιϐία,
1495 5092 1579 5146 δτι
1624 5091 1762 5163 πρδς
1812 5088 1904 5143 τὸν

343 5181 655 5253 ’Δγρίππαν
682 5184 710 5235 ὁ
754 5180 1064 5250 Αὔγουστος
1113 5178 1286 5251 λάθρα
1338 5182 1400 5243 ἐς
1450 5179 1550 5251 τὴν
1596 5181 1760 5248 νῆσον
1827 5178 1906 5233 δι-

334 5275 623 5339 έπλευσεν,
655 5273 783 5326 ἔνθα
812 5273 950 5343 μετὰ
977 5272 1076 5341 τῆς
1118 5270 1342 5333 Ἰουλίας
1367 5270 1466 5340 τῆς
1501 5271 1707 5341 μητρὸς
1727 5286 1905 5338 πεφυ-

340 5366 580 5436 γάδευτο.
616 5354 851 5419 Δείσασα
896 5365 1006 5434 γὰρ
1038 5362 1114 5435 μὴ
1160 5362 1522 5430 καταλλαγεὶς
1556 5362 1650 5415 ἐπὶ
1686 5364 1754 5433 τῇ
1783 5377 1904 5430 μον.

335 5458 499 5530 sp.ng
544 5456 704 5510 αὐτὸν
756 5456 1071 5526 καταγάγῃ,
1122 5455 1265 5509 σῦκά
1332 5472 1455 5508 τινα
1512 5456 1607 5510 ἐπὶ
1662 5455 1904 5525 δένδροις

334 5545 415 5599 ἔτι
465 5547 616 5613 ὄντα,
670 5544 729 5614 ἐξ
766 5539 842 5601 ὧν
869 5549 898 5601 ὁ
927 5546 1240 5616 Αὔγουστος
1274 5547 1594 5617 αὐτοχειρίᾳ
1640 5545 1902 5609 συκάςειν

336 5636 538 5704 εἰώθει,
584 5636 875 5709 φαρμάξαι
914 5638 1156 5707 λέγεται,
1190 5637 1286 5691 καὶ
1321 5637 1459 5707 αὐτὴ
1494 5636 1591 5707 μὲν
1620 5637 1688 5691 τὰ
1725 5636 1902 5708 ἀφάρ-

337 5744 520 5794 poma
547 5727 757 5799 ἢσθιεν,
791 5728 995 5798 ἐκείνῳ,
1026 5728 1083 5783 δὲ
1124 5729 1192 5783 τά
1232 5727 1683 5800 πεφαρμαγμένα
1733 5745 1902 5800 προσ-

2009 4548 2252 4620 Septem.
2306 4564 2407 4601 LXX
2452 4555 2508 4602 et
2552 4563 2604 4600 vt
2661 4546 2836 4601 aetatis
2866 4560 3034 4603 anno,
3067 4544 3260 4601 diebus
3308 4559 3359 4598 tv
3391 4552 3447 4603 et
3478 4559 3579 4597 xxx

2008 4641 2192 4695 minus
2220 4676 2234 4701 ,
2289 4638 2506 4707 imperii
2538 4647 2657 4706 post
2701 4637 2979 4692 Actiacam
3014 4636 3298 4690 victoriam
3330 4651 3380 4690 tv
3406 4642 3463 4690 ct
3493 4651 3580 4688 ιιι..

2006 4727 2084 4782 De
2119 4728 2239 4797 ejus
2268 4733 2445 4780 morte
2472 4732 2726 4794 suspecta
2754 4723 2861 4778 fuit
2911 4722 3085 4788 Livia,
3110 4723 3255 4793 (ιιιοά
3304 4725 3593 4792 Augustus.

2005 4818 2072 4873 ad
2103 4818 2396 4889 Agrippam
2444 4816 2500 4870 in
2532 4815 2792 4881 insulam,
2838 4814 2893 4869 in
2939 4832 3048 4885 qua
3075 4831 3200 4872 cum
3231 4824 3404 4869 matre
3434 4813 3587 4869 Julia

2005 4910 2310 4974 exsulabat,
2340 4909 2482 4963 clam
2519 4908 2831 4977 trajecerat.
2862 4907 3048 4962 Verita
3076 4907 3223 4963 enim
3254 4921 3345 4967 ne,
3379 4919 3573 4959 ret-on.

2006 4998 2189 5052 ciliata
2219 4998 2416 5068 gratia,
2468 5011 2595 5051 eum
2643 4995 2712 5050 ab
2745 4995 2939 5049 exsilio
2979 5003 3293 5049 revocatum
3340 4992 3576 5062 impera-

2006 5098 2181 5144 torem
2227 5087 2585 5159 designaret,
2641 5087 2776 5143 ﬁcus
2810 5086 3071 5156 quasdam
3119 5085 3302 5140 adhuc
3334 5084 3388 5138 in
3415 5084 3580 5139 arbo-

2005 5182 2161 5237 ribus
2182 5183 2512 5252 pendentes,
2538 5181 2685 5236 unde
2711 5196 2804 5254 eas
2840 5180 2955 5249 ipse
2999 5179 3299 5249 decerpere
3342 5179 3577 5246 solebat,

2002 5270 2260 5327 infecisse
2289 5270 2538 5326 dicitur:
2572 5288 2636 5325 ac
2669 5270 2923 5325 salubres
2955 5270 3070 5339 ipsa
3101 5270 3305 5335 edisse,
3336 5285 3577 5335 venena-

2004 5371 2088 5418 tas
2117 5364 2193 5418 illi
2223 5363 2534 5433 reliquisse.
2569 5363 2698 5419 Sive
2730 5363 2895 5432 igitur
2924 5379 3009 5425 ea,
3042 5362 3157 5417 sive
3178 5361 3285 5417 alia
3311 5362 3379 5417 de
3407 5378 3591 5427 causa,

2003 5455 2199 5509 morbo
2224 5453 2479 5519 allectus,
2518 5454 2726 5508 amicos
2772 5453 3116 5516 convocavit,
3155 5462 3211 5508 et
3233 5469 3354 5524 quae
3379 5453 3574 5510 volue-

2001 5554 2085 5599 rat
2114 5545 2442 5608 collocutus,
2470 5544 2708 5612 denique
2732 5542 2869 5596 dixit
2895 5561 2907 5595 :
2946 5540 3135 5598 Urbem
3171 5543 3461 5601 lateritiam
3488 5562 3572 5600 re-

2001 5640 2133 5709 peri,
2170 5653 2527 5693 marmoream
2551 5637 2692 5690 vobis
2716 5634 2979 5702 relinquo.
3012 5635 3223 5703 Quibus
3249 5638 3434 5694 verbis
3461 5649 3572 5694 sta-

2003 5730 2219 5785 bilitum
2249 5744 2370 5786 esse
2403 5745 2432 5783 a
2463 5743 2521 5784 se
2550 5725 2840 5798 imperium
2869 5726 3159 5785 innuebat.
3194 5729 3419 5786 Mortem
3447 5731 3579 5803 ejus.
