4018 6250
493 309 602 374 919

1791 306 2117 368 JOANNIS
2159 309 2482 368 ZONAR£

3599 321 3692 384 920

487 420 637 476 Livia
668 435 772 475 non
825 419 1005 474 statim
1053 419 1287 488 aperuit.
1319 417 1492 473 verita
1551 418 1776 488 nequid
1827 419 2057 474 absente

2164 420 2375 474 έϐαλεν.
2401 421 2515 474 Εἶτ’
2539 415 2632 475 οὖν
2653 419 2848 485 οὕτως,
2882 420 2986 475 εἶτ’
3017 424 3190 488 άλλως
3211 427 3580 500 ἀρρωστήσας,
3603 437 3706 490 τότε

489 513 544 565 in
580 511 846 566 Dalmatia
876 509 1096 563 Tiberio
1131 519 1448 574 novaretur,
1494 509 1588 564 sed
1633 509 1687 563 in
1738 511 1858 579 ejus
1883 525 2056 577 usque

493 603 730 659 reditum
761 603 974 657 celavit.
1015 602 1295 656 Cadavere
1333 603 1559 656 Romam
1589 603 1817 671 perlato.
1851 604 2060 657 Drusus

489 703 872 748 testamentum
906 695 1024 761 ejus
1077 709 1106 748 a
1137 695 1446 748 Vestalibus
1487 695 1815 765 virginibus,
1847 711 1968 764 qua:
2003 694 2057 748 id

485 783 864 846 asservahant,
921 783 1087 854 544
1124 795 1409 853 acceptum
1467 785 1518 837 in
1596 786 1803 839 curiam
1851 786 2057 839 attulit.

485 873 541 926 Id
588 873 780 943 sigillis
812 873 882 927 ab
917 874 983 929 iis
1036 875 1130 944 qui
1182 890 1245 929 ea
1299 875 1695 945 impresserant
1741 876 2059 946 recognitis.

484 952 746 1018 audiente
797 974 988 1018 senatu
1040 966 1330 1019 recita-tum
1377 975 1482 1020 est.
1542 965 1682 1021 Sunt
1723 976 1779 1021 et
1826 976 2064 1036 quatuor

484 1057 605 1126 ejus
637 1055 809 1110 libelli
841 1057 896 1110 in
932 1057 1141 1112 curiam
1194 1058 1343 1112 allati
1374 1075 1387 1112 :
1421 1073 1661 1128 quorum
1694 1075 1836 1113 unus
1875 1060 2062 1129 sepul-

485 1158 622 1202 turae
648 1149 917 1203 rationem
954 1149 1368 1219 prmscribebat,
1420 1150 1562 1204 alter
1596 1160 1714 1205 acta
1743 1152 1862 1222 ejus
1890 1153 2067 1206 conti-

489 1242 674 1298 nebat.
704 1243 763 1296 In
800 1244 962 1297 tertio
1009 1244 1236 1303 milites,
1266 1241 1476 1297 reditus
1503 1254 1558 1298 et
1585 1243 1863 1313 impensas
1895 1245 2066 1312 publi-

489 1345 582 1383 ras
632 1331 1054 1400 perscripserat,
1109 1342 1164 1386 et
1221 1333 1469 1402 pecunia:
1517 1348 1809 1386 numerum
1841 1349 1962 1402 quae
2009 1334 2065 1388 in

492 1423 769 1478 thesauris
793 1433 960 1477 esset.
986 1422 1225 1488 Quartus
1275 1424 1532 1478 mandata
1565 1425 1632 1478 ad
1685 1425 1970 1480 Tiberium
2014 1435 2068 1479 et

490 1513 752 1584 populum
785 1514 1122 1568 continebat.
1180 1513 1275 1569 Ilis
1306 1515 1485 1580 lectis,
1535 1516 1702 1571 funus
1725 1517 1927 1570 elatum
1961 1528 2066 1582 est,

485 1608 768 1660 orationes
832 1607 1092 1662 funebres
1129 1625 1159 1663 a
1216 1610 1392 1663 Druso
1443 1619 1497 1664 et
1563 1610 1786 1664 Tiberio
1844 1611 2065 1664 habita'.

489 1696 692 1752 Deinde
726 1713 928 1767 corpus
971 1700 1091 1770 ejus
1149 1710 1454 1754 crematum
1513 1710 1636 1755 est:
1690 1716 1754 1757 ae
1805 1709 1918 1755 tum
1957 1717 2066 1756 non

2165 513 2295 574 τοὺς
2318 513 2566 577 ἑταίρους
2583 514 2900 584 συνήθροισε
2918 515 3010 568 καὶ
3028 516 3062 570 ἃ
3081 517 3335 585 ἠϐούλετο
3355 523 3549 588 τούτοις
3562 527 3710 581 διαλε-

2160 604 2338 671 χθεὶς,
2368 604 2522 668 τέλος
2551 605 2676 674 ἔφη,
2699 606 2778 658 ὅτι
2803 605 2927 672 Τὴν
2954 607 3190 677 Ῥώμην
3213 613 3705 686 πηλίγηνπαραλαι

2161 696 2300 760 ϐ’ὼν,
2323 699 2564 764 ,τιθένην
2590 697 2734 766 ὑμῖν
2753 701 3114 766 καταλείπω,
3133 702 3305 772 τὸτῆς
3333 706 3497 777 ἀρχῆς
3521 709 3710 780 ίσχυρδν

2167 787 2262 839 τοῦ
2320 788 2482 854 λόγου
2536 790 2970 858 ἐνδεικνυμένου.
3024 793 3099 845 Ού
3135 795 3316 863 μέντοι
3366 798 3454 849 τὸν
3507 800 3708 857 θάνατον

2167 879 2333 932 αὐτοῦ
2380 881 2642 950 αὖτίκαή
2685 882 2850 935 Λιϐία
2885 883 3139 952 ἐξέφηνε,
3194 887 3506 954 φοϐηθεῖσα,
3563 893 3628 962 μή
3663 912 3706 946 τι

2163 973 2518 1044 νεωτερισθῇ,
2570 975 2627 1025 ἐν
2677 975 2961 1046 Δαλματίᾳ
3000 976 3094 1028 τοῦ
3151 977 3400 1044 Τιϐερίου
3443 981 3706 1050 διάγοντος,

2163 1062 2300 1115 ἀλλὰ
2323 1063 2662 1135 συνέκρυψεν
2687 1066 2850 1118 αὑτὸν
2881 1069 3075 1136 μέχρις
3107 1068 3313 1133 ἐκεῖνος
3355 1071 3584 1139 ἀφίκετο.
3631 1076 3706 1128 Ἀ-

2168 1157 2598 1223 νακομισοέντος
2623 1158 2678 1210 δὲ
2709 1158 2803 1210 τοῦ
2839 1157 3088 1228 σώματος
3127 1160 3292 1214 αὑτοῦ
3337 1162 3414 1224 είς
3460 1163 3554 1232 τὴν
3594 1164 3706 1218 Ῥὼ-

2169 1263 2298 1316 μην,
2344 1249 2441 1310 τάς
2488 1248 2756 1319 διαθήκας
2794 1251 2960 1303 αὑτοῦ
2992 1254 3020 1305 ὁ
3058 1251 3296 1321 Δροῦσος
3347 1254 3409 1306 ἐκ
3480 1255 3580 1308 τῶν
3616 1258 3709 1309 ἀει-

2175 1338 2463 1407 παρθένων
2519 1340 2628 1392 τῶν
2681 1343 2780 1411 τῆς
2839 1341 3057 1406 Ἑστίας
3114 1345 3328 1416 ἱερειῶν
3372 1343 3458 1407 αἷς
3507 1348 3710 1416 παρετέ-

2168 1429 2349 1483 θειντο
2380 1431 2620 1502 εἰληφὼς
2654 1435 2733 1496 είς
2767 1433 2826 1486 τὺ
2853 1435 3131 1504 συνέδριον
3173 1436 3477 1505 εἰσήνεγκε,
3503 1440 3591 1489 καὶ
3627 1439 3710 1502 τὰς

2170 1523 2472 1594 σφραγῖδας
2521 1527 2570 1577 οἱ
2615 1526 3140 1596 κατασημηνάμενοι
3213 1528 3590 1594 ἐπεσκέψαντο,
3635 1530 3712 1582 καὶ

2169 1613 2592 1685 ἀνεγνώσθησαν
2635 1617 2692 1667 ἐν
2720 1618 2942 1687 ἐπηκόῳ
2972 1618 3067 1670 τοῦ
3101 1619 3396 1688 συνεδρίου.
3444 1619 3711 1689 Ἐκομίσθη

2169 1703 2316 1767 δἐίς
2348 1704 2408 1756 τὸ
2457 1705 2736 1775 συνέδριον
2781 1707 2877 1758 καὶ
2919 1706 3100 1776 βιϐλία
3148 1708 3314 1760 αὐτοῦ
3359 1708 3608 1778 τέσσαρα·
3650 1703 3711 1761 ὧν

487 1789 668 1853 multi,
701 1799 826 1860 post
863 1807 1056 1847 omnes
1083 1793 1360 1857 luxerunt,
1393 1794 1689 1854 recordati,
1724 1809 1851 1848 eum
1886 1795 2058 1847 omni-

2168 1795 2228 1848 τὸ
2271 1797 2370 1864 μὲν
2399 1795 2458 1848 ἓν
2491 1796 2561 1849 τά
2588 1798 2718 1867 περὶ
2744 1798 2844 1866 τῆς
2869 1799 3047 1866 ταφῆς
3085 1798 3414 1863 διετάττετο,
3451 1798 3510 1850 τὸ
3533 1799 3572 1851 δ’
3612 1799 3712 1851 ἐτε-

483 1883 589 1937 bus
614 1895 836 1938 accessu
859 1884 1095 1950 facilem,
1133 1887 1321 1939 multis
1341 1888 1632 1956 pecuniam
1655 1888 2063 1956 suppeditasse,

484 1973 676 2029 amicis
711 1990 986 2030 summum
1021 1976 1287 2032 honorem
1332 1977 1611 2040 habuisse,
1645 1981 1848 2050 gratias
1887 1981 2066 2050 egisse

486 2065 550 2118 ιίε
600 2081 628 2118 a
675 2065 880 2134 quibus
932 2066 1108 2136 ipsius
1163 2075 1346 2122 errata
1401 2068 1860 2136 corrigerentur,
1913 2079 1971 2121 ut
2011 2077 2066 2122 et

482 2156 838 2210 Athenodoro
881 2157 1003 2211 viro
1052 2159 1310 2227 sapienti,
1365 2159 1453 2213 tali
1493 2159 1560 2214 de
1613 2175 1794 2213 causa.
1849 2161 2064 2214 Pronus

481 2255 600 2300 erat
628 2248 683 2301 in
711 2249 1006 2313 Venerem,
1030 2260 1086 2304 et
1116 2251 1375 2305 mulieres
1407 2251 1473 2305 ad
1505 2268 1630 2306 eum
1659 2268 1796 2320 quas
1819 2253 2060 2315 volebat,

485 2341 538 2392 in
566 2340 724 2395 tectis
767 2342 980 2396 lecticis
1005 2341 1203 2403 allatae,
1243 2343 1296 2396 in
1337 2344 1454 2412 ejus
1485 2345 1782 2397 thalamum
1816 2345 2061 2398 adduce-

486 2433 708 2497 bantur,
741 2433 946 2502 quibus
981 2435 1046 2488 ad
1078 2435 1364 2490 libidinem
1389 2435 1739 2490 abutebatur.
1771 2436 1941 2506 Igitur
1961 2435 2062 2488 ali-

484 2525 706 2594 quando
747 2527 1054 2592 mulierem,
1086 2529 1244 2598 cujus
1265 2545 1450 2583 amore
1483 2537 1676 2598 captus
1703 2537 1840 2591 erat,
1878 2543 2064 2583 accer-

484 2617 630 2676 sivit.
665 2618 823 2688 cujus
849 2619 1106 2673 maritum
1133 2619 1522 2674 Athenodorus
1557 2635 1658 2689 pro
1690 2620 2061 2674 familiaritate

487 2709 788 2774 invisurus,
824 2725 948 2764 cum
1001 2721 1057 2766 et
1105 2713 1282 2779 ipsum
1327 2722 1383 2768 et
1436 2728 1661 2766 uxorem
1715 2713 2062 2783 indignantes

486 2803 786 2858 invenisset
815 2806 938 2872 (nec
971 2804 1118 2858 enim
1153 2805 1412 2860 resistere
1458 2807 1759 2876 poterant),
1804 2807 2060 2860 maeroris

483 2911 646 2950 eausa
697 2897 935 2966 cognita,
975 2912 1070 2952 eos
1111 2898 1410 2966 tranquillo
1456 2899 1642 2952 animo
1695 2913 1816 2953 esse
1855 2898 2055 2966 jussit:

482 3001 540 3040 se
576 2987 724 3040 enim
753 2988 932 3057 ipsum
967 2987 1270 3059 Augustum
1298 3003 1674 3050 accessurum,
1707 3000 1764 3044 et
1811 2991 1931 3059 ejus
1954 2989 2059 3042 im-

483 3088 666 3146 petum
718 3096 1128 3150 repressurum.
1171 3083 1347 3136 Allata
1381 3082 1598 3147 lectica,
1637 3082 2055 3145 Athenodorus,

483 3171 665 3238 gladio
694 3183 920 3241 accepto
957 3190 1058 3242 pro
1085 3174 1339 3238 muliere,
1373 3174 1645 3228 inspendit
1675 3193 1687 3230 :
1723 3190 1896 3243 eaque
1929 3174 2057 3228 dili-

484 3272 675 3332 genter
700 3264 806 3329 tegi
853 3265 1028 3335 jussa.
1084 3266 1148 3318 ad
1179 3267 1404 3337 Augusti
1438 3266 1736 3320 thalamum
1764 3276 1846 3320 est
1878 3267 2056 3336 perla-

487 3366 592 3411 tus.
630 3355 732 3420 Qui
772 3371 898 3412 cum
940 3357 1090 3412 illam
1131 3359 1453 3422 aperuisset,
1514 3356 1604 3412 ille
1648 3358 1842 3412 stricto
1877 3357 2057 3428 gladio

480 3447 782 3505 exsiliens:
814 3445 992 3510 Itane.
1019 3449 1216 3522 inquit,
1253 3467 1356 3503 non
1389 3451 1540 3503 times
1603 3466 1668 3503 ne
1699 3458 1748 3502 te
1780 3450 1970 3520 aliquis
1984 3452 2058 3504 sic

480 3536 742 3616 ingressu:
763 3537 1087 3594 occidat!“
1114 3540 1312 3594 factum
1337 3541 1612 3609 Augustus
1637 3555 1744 3594 non
1769 3541 1930 3594 modo
1951 3555 2057 3594 non

477 3639 619 3694 aegre
644 3627 791 3688 tulit,
817 3645 916 3684 nec
935 3629 1348 3684 Athenodorum
1373 3632 1680 3700 obfurgav.t
1707 3648 1718 3686 :
1745 3633 1837 3685 sed
1855 3641 1911 3686 et
1940 3647 2063 3702 gra-

481 3718 584 3772 ‘ias
611 3721 659 3774 ei
697 3721 829 3791 egit,
880 3730 935 3776 et
961 3723 1262 3776 modestior
1319 3724 1494 3778 factus
1537 3731 1641 3778 est.
1699 3723 1834 3777 Eum
1866 3725 2055 3794 igitur,

477 3827 601 3866 cum
636 3814 705 3867 ob
738 3814 873 3878 haec,
899 3824 1011 3868 tum
1042 3815 1112 3868 ob
1166 3815 1272 3869 alia
1301 3816 1483 3885 plura,
1505 3823 1560 3869 et
1584 3814 1728 3884 quod
1769 3815 2052 3870 Tiberium

477 3919 851 3962 surcessorem
875 3909 1014 3978 ejus,
1048 3910 1215 3962 alimn
1240 3918 1367 3962 sunt
1392 3910 1624 3979 experti.
1649 3908 2058 3965 desiderarunt.

2173 1905 2266 1958 ρον
2302 1891 2400 1951 τὰς
2453 1889 2684 1959 πράξεις
2716 1889 2784 1952 ἃς
2812 1890 3070 1960 εἴργαστο
3103 1891 3332 1960 διεξῄει·
3375 1891 3450 1960 τῷ
3476 1891 3530 1943 δὲ
3572 1889 3712 1961 τρίτῳ

2168 1985 2238 2035 τὰ
2274 1982 2381 2034 τῶν
2412 1985 2759 2053 στρατιωτῶν
2787 1989 2881 2035 καὶ
2906 1985 2974 2036 τὰ
3032 1984 3140 2035 τῶν
3199 1984 3480 2054 προσόδων
3531 1983 3616 2036 καὶ
3658 1984 3713 2034 τὰ

2164 2073 2274 2126 τῶν
2327 2075 2702 2143 ἀναλωμάτων
2755 2075 2866 2128 τῶν
2917 2075 3195 2144 δημοσίων
3245 2075 3501 2141 συνέταξε
3552 2076 3630 2128 καὶ
3664 2075 3714 2126 τὸ

2169 2163 2373 2232 πλῆθος
2403 2165 2513 2216 τῶν
2548 2168 2606 2218 ἐν
2631 2167 2742 2223 τοῖς
2788 2164 3085 2235 θησαυροῖς
3117 2165 3438 2234 χρημάτων·
3476 2163 3532 2216 τὸ
3559 2164 3609 2215 δὲ
3643 2163 3713 2215 τέο

2170 2253 2369 2324 ταρτον
2412 2256 2631 2318 ἐντολὰς
2664 2259 2906 2326 περιεῖχε
2933 2257 3010 2328 τῷ
3035 2256 3297 2326 Τιϐερίῳ,
3329 2258 3419 2309 καὶ
3451 2255 3525 2324 τῷ
3569 2256 3708 2322 κοινῴ

2165 2348 2510 2416 ἐπισκήψεις.
2573 2349 2790 2401 Τούτων
2854 2350 2898 2402 δ’
2949 2349 3414 2417 ἀναγνωσθέντων
3460 2348 3712 2418 ήέκφορά

2163 2440 2374 2508 γέγονε,
2425 2440 2523 2493 καὶ
2553 2440 2830 2509 ἐπιτάφιοι
2856 2441 3170 2511 ἐρρήθησαν
3201 2440 3356 2509 παρά
3387 2439 3478 2492 τοῦ
3508 2439 3713 2510 Δρούσου

2161 2533 2256 2582 καὶ
2286 2532 2438 2600 παρὰ
2483 2530 2578 2584 τοῦ
2639 2531 2914 2600 Τιϐερίου.
2953 2527 3086 2584 Εἶτα
3130 2532 3344 2602 ἐκαύθη
3373 2530 3432 2582 τὸ
3465 2533 3608 2600 σῶμα
3633 2531 3704 2583 αὺι

2159 2622 2278 2674 τοῦ·
2339 2626 2433 2676 καὶ
2485 2624 2677 2688 πένθος
2735 2624 2859 2676 τότε
2915 2623 3014 2692 μὲν
3063 2625 3122 2676 ού
3179 2624 3392 2687 πολλοὶ,
3429 2622 3640 2691 ὓστερον
3665 2622 3710 2672 δὲ

2163 2715 2361 2778 πάντες
2418 2715 2598 2787 ἔσχον,
2640 2717 3002 2786 μεμνημένοι,
3053 2717 3136 2769 ὅτι
3167 2734 3225 2768 τε
3283 2720 3448 2769 πᾶσιν
3513 2713 3712 2782 εὐπρὸσο

2159 2807 2278 2869 οδος
2313 2803 2401 2877 ἦν,
2432 2809 2526 2860 καὶ
2577 2807 2792 2871 πολλοῖς
2848 2809 3080 2878 ἐπήρκει
3121 2809 3178 2871 ἐς
3216 2809 3499 2879 χρήματα,
3531 2807 3613 2859 καὶ
3645 2807 3712 2857 ὅτι

2163 2893 2283 2945 λίαν
2349 2895 2516 2964 ἐτίμα
2566 2896 2694 2958 τοὺς
2751 2896 2960 2965 φίλους,
3015 2898 3110 2951 καὶ
3185 2898 3421 2968 χάριτας
3473 2896 3710 2966 ὡμολόγει

2162 2988 2276 3048 τοῖς
2301 2985 2462 3038 αὑτὸν
2501 2986 2712 3056 διορθου
2723 2989 2906 3056 μένοις
2933 2990 3016 3057 ἐφ’
3068 2983 3150 3050 οἷς
3189 2989 3490 3057 ἐσφάλλετο
3512 3005 3523 3017 ·
3548 2987 3709 3054 ὥσπερ

2123 3079 2258 3150 ρκαὶ
2281 3079 2358 3148 τῷ
2411 3078 2764 3150 Ἀθηνοδώρῳ
2791 3080 2948 3150 ἀνδρὶ
3005 3080 3152 3149 σοφῷ
3196 3081 3296 3132 ἐπὶ
3343 3080 3515 3151 τοιᾷδε
3567 3079 3710 3148 αἰτία.

2165 3171 2554 3241 Εῡκατάφορος
2589 3174 2725 3240 πρὸς
2767 3175 2832 3223 τὰ
2860 3173 3152 3241 ἀφροδίσια
3184 3168 3281 3242 ἦν,
3337 3173 3432 3225 καί
3469 3173 3516 3224 οἱ
3547 3173 3711 3238 γυναῖ-

2164 3279 2258 3326 κες
2313 3265 2638 3330 ἐκομίζοντο
2682 3263 2748 3326 ἃς
2779 3264 3032 3316 ἐϐούλετο
3061 3267 3120 3316 ἐν
3153 3265 3520 3333 καταστέγοις
3551 3266 3711 3334 φορεί-

2161 3372 2263 3420 οις,
2296 3359 2391 3409 καὶ
2418 3357 2593 3419 οὕτως
2637 3359 2719 3420 είς
2769 3359 2859 3411 τὸν
2909 3359 3074 3411 αὑτοῦ
3127 3360 3422 3428 είσήγοντο
3477 3359 3708 3425 θάλαμον.

2173 3447 2416 3509 Ἐκεῖνος
2463 3449 2519 3502 δέ
2557 3452 2760 3511 ταύτας
2807 3450 2969 3518 ὲξῆγέ
3000 3468 3059 3503 τε
3112 3453 3206 3503 καὶ
3244 3452 3529 3520 ἐκέχρητο.
3568 3449 3712 3518 Ἠρά-

2169 3540 2270 3607 σθη
2299 3540 2428 3607 γοῦν
2462 3557 2591 3591 ποτε
2623 3541 2880 3607 γυναικὸς
2916 3543 3008 3593 καὶ
3058 3542 3276 3612 ἔπεμψε
3313 3543 3498 3595 λαϐεῖν
3545 3542 3708 3606 αὑτήν.

2176 3631 2264 3683 Ἐν
2289 3630 2463 3700 τούτῳ
2491 3630 2548 3684 δὲ
2584 3631 2612 3682 ὁ
2651 3631 3036 3701 Ἀθηνόδωρος,
3073 3633 3150 3702 τῷ
3182 3633 3284 3699 τῆς
3317 3633 3568 3699 γυναικὸς
3593 3631 3713 3682 ὲκεί-

2164 3740 2260 3791 νης
2295 3722 2451 3792 ἀνδρὶ
2499 3722 2736 3791 συνήθης
2782 3721 2860 3774 ὢν
2909 3724 3097 3793 ἔτυχεν
3139 3726 3396 3778 ἀπελθὼν
3442 3725 3529 3777 τὸν
3573 3722 3706 3790 φίλον

2163 3813 2452 3884 ὀψόμενος,
2482 3814 2578 3866 καὶ
2611 3814 2949 3885 ἀσχάλλοντα
2979 3815 3158 3886 εὑρὼν
3200 3820 3460 3871 κάκεῖνον
3491 3817 3596 3873 ,καὶ
3628 3813 3710 3881 τὴν

2163 3907 2400 3973 γυναῖκα
2434 3905 2517 3972 (οὐ
2567 3905 2678 3976 γὰρ
2731 3905 2996 3974 ἠδύναντο
3027 3907 3380 3979 ἀντιστῆναι)
3411 3909 3507 3978 τὴν
3552 3905 3709 3960 αἰτίαν

473 3997 574 4068 τῆς
610 3998 784 4072 λύπης
816 4002 1066 4056 ἐπύθετο.
1126 4002 1236 4055 Καὶ
1290 4001 1497 4071 μαθὼν,
1557 4004 1788 4074 ἠρεμεῖν
1833 4001 2028 4062 αὐτοὺς
2093 3987 2399 4053 ἐκέλευσεν.
2440 3996 2614 4060 Αὐτὸς
2669 3998 2779 4067 γὰρ
2843 3999 3102 4052 ἀπελθεῖν
3165 4001 3294 4070 ἔφη,
3333 4003 3466 4068 πρὶς
3494 4002 3579 4052 τὸν
3615 3995 3708 4050 Αὖ-

474 4109 726 4160 γουστον,
785 4097 881 4150 καὶ
920 4097 1018 4169 τὴν
1068 4097 1232 4150 αὐτοῦ
1291 4098 1629 4167 ἀποστρέψαι
1683 4097 1880 4166 ὁρμήν.
1919 4095 2028 4147 Καὶ
2067 4093 2422 4164 κομισθέντος
2463 4092 2556 4144 τοῦ
2583 4093 2924 4159 καταστέγου
2965 4091 3176 4163 δίφρου,
3229 4094 3306 4154 ὡς
3346 4094 3448 4162 τῆς
3480 4089 3686 4162 γυναι>δ

474 4189 532 4238 ἐν
567 4189 715 4258 αύτῷ
769 4189 1242 4261 είσελευσομένης,
1297 4189 1609 4260 εἰσῆλθενδ
1645 4188 2038 4258 Ἀθηνόδωρος,
2074 4190 2168 4241 καὶ
2237 4186 2391 4254 ξίφος
2459 4184 2641 4236 λαϐὼν
2700 4185 2794 4237 καὶ
2851 4186 3352 4254 κατακαλυφθῆναι
3403 4187 3492 4238 τὸν
3540 4186 3709 4251 δίφρον

474 4281 720 4350 ἀκριϐῶς
753 4281 1018 4346 ἐπιτάξας
1082 4282 1227 4337 οὕτω
1280 4284 1415 4354 πρὸς
1448 4284 1538 4336 τὸν
1594 4282 1689 4336 τοῦ
1733 4281 2046 4349 Αὐγούστου
2083 4279 2382 4345 κεκόμιστο
2437 4277 2704 4347 θάλαμον.
2770 4275 3014 4329 Ἐκείνου
3085 4277 3144 4330 δὲ
3219 4279 3315 4331 τδν
3375 4278 3562 4347 δίφρον
3589 4277 3707 4328 άπο·

472 4372 844 4436 καλύπτοντος
897 4374 1132 4444 ξιφήρης
1191 4375 1596 4446 ἐκπεπήδηκεν,
1662 4377 1831 4428 εἰπών
1863 4369 2042 4427 Ἐἶτα
2080 4374 2151 4426 οὐ
2218 4369 2394 4440 φοϐῇ,
2429 4369 2514 4439 μή
2548 4371 2639 4436 τίς
2676 4386 2750 4424 σε
2781 4370 2970 4436 οὕτως
3011 4373 3307 4427 εἰσελθὼν
3350 4371 3700 4434 ἀποκτει’νῃ;

485 4465 545 4517 '0
577 4463 623 4515 δ’
651 4464 960 4532 Αὕγουστος
998 4467 1058 4520 ού
1106 4468 1269 4538 μόνον
1315 4469 1416 4520 οὐκ
1455 4468 1727 4540 ὠργίσθη,
1798 4467 1908 4520 οὐδ’
1983 4465 2214 4518 ἐκάκισε
2272 4464 2364 4516 τὸν
2433 4461 2826 4532 Ἀθηνόδωρον,
2853 4463 2990 4515 ἀλλά
3019 4464 3115 4516 καὶ
3159 4465 3320 4536 χάριν
3379 4465 3518 4532 ἔγνω
3559 4461 3706 4530 αὐτῷ.

481 4555 575 4608 καὶ
627 4558 1072 4631 σωφρονέστερος
1114 4562 1329 4628 γέγονε.
1364 4562 1462 4613 Διὰ
1487 4561 1662 4614 ταῦτα
1714 4564 1914 4626 τοίνυν,
1947 4562 2041 4613 καὶ
2077 4559 2214 4612 ἄλλα
2286 4557 2342 4610 δέ
2408 4556 2581 4610 πλείω
2616 4557 2847 4610 ἐπόθουν
2879 4557 3064 4621 αὐτὸν,
3099 4559 3192 4610 καὶ
3232 4559 3316 4610 ὅτι
3356 4557 3448 4610 τοῦ
3479 4555 3706 4626 Τιϐερίου

476 4650 595 4719 μετ’
621 4649 783 4701 αὑτὸν
817 4654 1254 4724 μοναρχήσαντος
1286 4654 1383 4722 οὐχ
1434 4655 1622 4723 ὁμοίου
1650 4655 2043 4725 ἐπειράθησαν.
2144 4685 2152 4691 -

543 4739 791 4795 XXXIX.
841 4743 996 4797 Anno
1052 4744 1267 4814 imperii
1300 4746 1526 4818 Augusti
1562 4763 1692 4813 XLII,
1722 4747 1887 4801 homo
1961 4748 2042 4800 fa-

2223 4739 2352 4795 ΛΘ’.
2401 4740 2490 4792 Ἐν
2518 4740 2574 4793 δὲ
2604 4739 2683 4810 τῷ
2712 4740 3134 4812 τεσσαρακοστῷ
3163 4739 3403 4810 δευτέρῳ
3459 4737 3565 4790 ἔτει
3614 4737 3702 4805 τῆς

473 4839 594 4887 ctus
624 4842 680 4887 et
709 4841 871 4888 natus
905 4845 988 4889 est
1038 4836 1304 4890 Dominus
1355 4848 1547 4891 noster
1594 4847 1651 4892 et
1708 4838 1850 4892 Deus
1891 4838 2051 4893 Jesus

2162 4834 2460 4902 Αὐγούστου
2500 4833 2802 4902 μοναρχίας
2849 4832 3048 4904 ἐτέχθη
3085 4830 3517 4901 ἐνανθρωπήσας
3542 4831 3567 4882 ὁ
3601 4830 3706 4881 Κύ-

472 4923 748 4987 Christus.
781 4934 1005 4980 auctore
1049 4926 1288 4981 Eusebio
1340 4929 1648 5000 Pamphilo.
1708 4931 1801 5000 qui
1838 4947 1964 4985 cum
1992 4930 2048 4984 in

2162 4943 2259 4990 οιος
2319 4923 2603 4996 ἡμῶνκαὶ
2638 4924 2771 4984 Θεὸς
2827 4925 3039 4996 Ἰησοῦς
3099 4925 3355 4994 Χριστὸς,
3430 4923 3566 4975 κατὰ
3620 4919 3701 4972 τὸν

473 5013 847 5070 Ecclesiaslica
897 5018 1124 5072 historia
1175 5035 1280 5072 Lvn
1322 5035 1496 5074 annos
1523 5023 1700 5076 solum
1735 5038 1918 5076 rerum
1953 5037 2050 5092 po-

2162 5018 2431 5090 Ἱαμφίλου
2455 5017 2734 5080 Εύσέϐιον,
2767 5017 2825 5078 ὃς
2855 5018 2911 5068 ἐν
2928 5019 2993 5086 τῇ
3026 5015 3542 5085 Ἔκκλησιαστικῇ
3562 5017 3707 5066 ἱστο-

471 5107 631 5158 titum
687 5121 806 5162 esse
854 5107 1046 5172 refert,
1099 5124 1222 5161 eum
1255 5109 1345 5163 alii
1390 5127 1511 5164 xuv
1545 5112 1806 5166 duntaxat
1848 5130 2046 5167 nume-

2162 5111 2239 5176 >ίῃ
2280 5113 2371 5163 καὶ
2429 5111 2770 5178 πεντήκοντα
2823 5109 2917 5161 καὶ
2972 5109 3113 5162 ἑπτὰ
3166 5109 3262 5176 ἐτη
3299 5108 3464 5160 αὐτὸν
3517 5102 3706 5173 ἱστορεῖ

471 5209 613 5254 rent.
663 5201 863 5254 Verum
913 5202 1185 5257 dissensio
1235 5203 1359 5258 inde
1405 5206 1638 5271 exsistit,
1665 5206 1810 5274 quod
1856 5207 1944 5260 alii
1975 5206 2045 5260 ab

2162 5204 2518 5272 μοναρχῆσαι,
2552 5201 2659 5254 τῶν
2690 5201 2865 5254 ἄλλων
2895 5202 3138 5271 τέσσαρα
3169 5201 3261 5253 ἐπὶ
3312 5199 3702 5268 τεσσαράκοντα

471 5291 690 5344 Actiaca
728 5292 949 5345 demum
1000 5293 1230 5346 victoria
1288 5309 1579 5348 numerare
1610 5295 1901 5364 incipiunt,
1935 5312 2044 5364 quo

471 5391 721 5449 tempore
764 5398 892 5436 vere
947 5384 1216 5452 imperare
1255 5384 1412 5456 545
1443 5387 1629 5454 (ξαιρίι,
1677 5387 2045 5439 Romanarum

471 5468 750 5536 legionum
805 5472 956 5525 solus
996 5474 1172 5527 factus
1203 5475 1480 5530 dominus.
1533 5476 1804 5530 Eusebius
1841 5492 1965 5530 vero
1993 5476 2047 5530 id

473 5574 691 5626 quoque
723 5568 937 5628 tempus
973 5575 1317 5630 annumerat,
1357 5582 1466 5635 quo
1500 5582 1624 5619 eum
1658 5566 1896 5620 Antonio
1930 5583 2049 5637 ges-

473 5646 547 5701 sit
590 5648 923 5717 imperium:
963 5655 1109 5720 quod
1149 5663 1260 5708 tum
1308 5672 1526 5726 quoque
1580 5658 1671 5711 illo
1727 5657 1782 5710 in
1814 5657 2046 5728 {Egypto

471 5741 643 5794 otium
692 5751 907 5822 agente,
952 5757 1008 5798 et
1057 5749 1340 5804 amoribus
1395 5749 1698 5821 Cleopatra:
1748 5751 2045 5818 serviente,

2151 5293 2222 5346 τά
2253 5295 2352 5360 τῆς
2388 5294 2690 5364 μοναρχίας
2721 5292 2888 5346 αὑτοῦ
2933 5293 3315 5363 ἀριθμούντων
3355 5292 3469 5362 ἐτη.
3506 5291 3700 5343 Γίνεται

2146 5385 2204 5438 δὲ
2234 5387 2266 5454 ἡ
2293 5386 2560 5454 διαφωνία
2585 5385 2857 5450 ἐντεῦθεν,
2885 5386 2967 5437 ὃτι
2991 5387 3040 5437 οἱ
3071 5385 3170 5454 μὲν
3197 5383 3343 5436 ἄλλοι
3374 5384 3474 5455 τὴν
3505 5397 3690 5452 μοναρ-

2145 5476 2268 5546 χίαν
2320 5477 2398 5546 τῷ
2431 5479 2663 5549 Καίσαρι
2703 5477 3038 5544 ἐλογίσαντο,
3086 5476 3269 5543 ἐξότου
3320 5474 3588 5546 ναυμαχία
3637 5472 3690 5522 ἐν

2160 5571 2362 5641 Ἀκτίῳ
2400 5570 2618 5640 ἐνίκησε
2647 5571 2738 5622 τὸν
2783 5569 3094 5631 Ἀντώνιον,
3123 5571 3212 5622 ὅτε
3245 5568 3340 5622 καὶ
3367 5568 3442 5630 ὡς
3495 5563 3692 5633 ἀληθῶς

2145 5661 2514 5732 ἐμονάρχησε,
2573 5663 2736 5732 μόνος
2781 5661 2894 5714 τῶν
2940 5661 3263 5731 Ῥωμαϊκῶν
3283 5659 3575 5730 ταγμάτων
3611 5671 3693 5723 γε·

2143 5755 2366 5824 νόμενος
2423 5753 2632 5826 κύριος’
2679 5755 2707 5807 ὁ
2757 5755 3016 5818 Εὐσέϐιος
3055 5755 3112 5808 δὲ
3143 5755 3236 5808 καὶ
3294 5753 3386 5806 τὸν
3415 5751 3600 5823 χρόνον
3641 5743 3694 5799 ὃν
