4018 6250
322 310 421 376 921

1601 316 2014 378 ANNALIUM
2054 315 2200 376 LIB.
2237 317 2348 377 XI.

3474 313 3589 387 922‘

323 423 561 493 συνῆρξε
615 420 695 492 τῷ
747 422 1022 494 Ἀντωνίῳ
1062 427 1128 496 τῇ
1187 426 1460 498 μοναρχίᾳ
1517 428 1899 501 προστίθησιν,

2007 445 2131 500 qua:
2158 430 2240 485 illi
2274 443 2439 485 causa
2466 428 2724 486 interitus
2752 426 2879 495 fuit,
2917 445 3078 503 atque
3105 433 3299 489 fecerit
3336 450 3457 505 qum
3485 451 3585 492 νο-
3654 494 3666 513 ι,

318 517 395 579 ώς
421 516 516 569 καὶ
539 515 662 569 τότε
682 515 778 568 τοῦ
799 516 1113 586 Αὐγούστου
1142 518 1243 572 ὅσα
1272 520 1524 574 ἐϐούλετο
1548 521 1901 591 πράττοντος,

316 608 528 663 ἐκείνου
558 612 627 678 τῇ
652 610 916 681 Αἰγύπτῳ
951 612 1310 685 σχολάζοντος
1340 613 1440 667 καὶ
1474 613 1551 685 τῷ
1581 616 1684 686 τῆς
1717 615 1894 668 Κλεο-

316 701 533 769 πάτρας
563 699 910 765 δουλεύοντος
939 702 1128 774 ἔρωτι,
1162 704 1231 758 δι’
1260 705 1320 758 ὃν
1350 706 1448 760 καὶ
1483 705 1755 760 ἀπώλετο.
1795 704 1904 759 Οὐ·

317 810 425 856 τως
450 791 544 847 οὖν
570 793 665 847 καὶ
696 793 754 848 ἰν
782 794 861 865 τῷ
885 795 1309 869 τεσσαρακοστῷ
1355 797 1608 869 δευτέρῳ
1652 799 1764 852 ἐτει
1800 799 1903 868 τῆς

319 884 624 953 μοναρχίας
672 884 772 938 τοῦ
807 886 1087 957 Καίσαρος
1124 889 1416 958 ἱστόρησεν
1464 891 1494 943 ό
1522 889 1783 948 Εὐσέϐιος
1807 888 1902 944 τὸν

316 975 556 1043 Χριστὸν
586 976 916 1045 γεννηθῆναι
944 976 1005 1029 τὸ
1044 979 1188 1032 κατὰ
1221 978 1425 1050 σάρκα’
1458 982 1508 1032 εί
1538 979 1647 1051 γὰρ
1705 995 1901 1033 τεσσα-

320 1066 557 1136 ράκοντα
586 1068 680 1121 καὶ
709 1069 989 1139 τέσσαρας
1019 1071 1262 1141 φαίημεν
1290 1072 1418 1134 τοὺς
1443 1070 1544 1140 τῆς
1591 1071 1901 1142 μοναρχίας

315 1160 601 1222 ἐνιαυτοὺς
645 1161 901 1229 γενέσθαι
933 1162 1028 1216 τοῦ
1063 1165 1367 1235 Καίσαρος,
1416 1165 1477 1218 οὐ
1508 1165 1656 1218 κατὰ
1683 1164 1746 1218 τὸ
1774 1181 1901 1217 τεσ-

317 1250 662 1318 σαρακοστὸν
692 1250 947 1319 δεύτερον
1003 1252 1124 1318 ἔτος
1177 1255 1213 1325 ὴ
1250 1254 1544 1322 ἐπιφάνεια
1572 1255 1764 1323 γέγονε
1799 1253 1899 1308 τοῦ

315 1339 528 1411 Κυρίου
560 1343 655 1396 καὶ
684 1343 937 1414 Σωτῆρος
960 1345 1141 1417 ημῶν,
1176 1346 1316 1399 ἀλλὰ
1364 1343 1507 1399 κατὰ
1555 1345 1616 1398 τὸ
1652 1344 1899 1398 είκοστδν

314 1429 538 1484 ἔννατον
588 1431 710 1495 ἔτος
756 1434 1051 1504 συμϐαίνει
1096 1435 1358 1505 τεχθῆναι
1405 1435 1499 1489 τὸν
1537 1434 1767 1504 Κύριον.
1808 1435 1899 1497 Ὠς

314 1523 426 1592 γὰρ
464 1524 493 1576 ὁ
525 1520 814 1588 θεσπέσιος
863 1525 1255 1597 εὐαγγελιστὴς
1314 1526 1521 1596 ἱστορεῖ
1563 1527 1802 1589 Λουκᾶς,
1837 1526 1897 1579 ἐν

310 1612 422 1666 ἔτει
450 1615 925 1687 πεντεκαιδεκάτῳ
953 1617 1053 1686 τῆς
1098 1616 1395 1687 ἡγεμονίας
1442 1616 1697 1687 Τιϐερίου
1757 1615 1894 1668 Καί·

312 1718 479 1773 σαρος
509 1705 601 1757 τὸν
631 1707 870 1776 Χριστὸν
898 1710 926 1761 δ
969 1709 1222 1779 Ἰωάννης
1248 1708 1533 1772 ἐδάπτισε,
1584 1708 1891 1778 τριάκοντα

2006 522 2196 576 luerit.
2224 521 2317 577 Sic
2350 520 2517 592 igitur
2546 537 2696 577 anno
2727 539 2836 578 mi
2875 524 3091 595 imperii
3125 525 3357 582 Caesaris
3386 541 3584 581 narra—

2004 615 2088 668 vit
2112 613 2388 669 Eusebius
2421 614 2705 669 Christum
2731 617 3038 672 secundum
3081 626 3303 673 carnem
3329 633 3451 674 esse
3483 614 3577 672 n'al

2005 711 2145 759 tum.
2197 704 2333 759 Nam
2376 704 2423 759 si
2475 704 2688 774 imperii
2734 707 2855 776 ejus
2892 722 3066 762 annos
3097 724 3224 763 κων
3257 716 3583 774 statuamus,

2003 792 2276 848 adventus
2318 804 2376 848 et
2421 795 2683 850 nativitas
2711 796 2926 852 Domini
2951 806 3008 852 et
3042 798 3350 855 Servatoris
3384 804 3581 868 nostri,

2001 901 2112 941 non
2145 887 2200 941 in
2226 902 2434 943 annum
2469 903 2600 949 nu.
2636 888 2732 943 sed
2768 889 2826 943 in
2858 905 3064 944 nonum
3110 899 3168 946 et
3218 908 3288 946 xx
3317 893 3486 948 cadit.
3514 894 3587 951 Ut

1999 978 2145 1033 enim
2217 988 2441 1035 sanctus
2473 979 2654 1036 Lucas
2701 982 3036 1051 evangelista
3085 993 3295 1048 narrat,
3342 985 3585 1041 Joannes

2000 1068 2287 1126 Christum
2315 1085 2461 1126 anno
2487 1088 2555 1126 xv
2588 1072 2806 1143 imperii
2836 1071 3043 1127 Tiberii
3090 1074 3391 1143 baptizavit
3416 1093 3431 1130 :
3473 1091 3587 1146 quo

2002 1170 2248 1230 tempore
2281 1177 2477 1229 annos,
2505 1163 2700 1218 eodem
2720 1172 2976 1228 auctore,
3002 1163 3256 1221 Christus
3283 1181 3390 1220 xxx
3416 1175 3585 1224 natus

2000 1251 2126 1314 fuit,
2164 1261 2225 1306 ut
2244 1253 2356 1320 jam
2388 1269 2457 1308 xv
2485 1255 2614 1308 anni
2643 1254 2713 1309 de
2743 1271 2849 1309 xxx
2889 1272 2956 1311 ex
2991 1257 3224 1325 imperio
3249 1258 3482 1322 Tiberii,
3506 1273 3585 1313 ‘xv

1999 1343 2197 1412 reliqui
2223 1342 2293 1398 de
2323 1359 2446 1398 xuv
2469 1345 2630 1399 annis
2651 1345 2881 1417 Augusti
2914 1356 3223 1403 sumantur.
3260 1348 3417 1405 Unde
3445 1362 3591 1404 con-‘

1997 1441 2124 1495 stat,
2158 1432 2227 1487 de
2265 1431 2335 1488 iis
2361 1440 2576 1490 restare
2605 1450 2781 1491 annos
2811 1452 2959 1491 xxix.
2990 1436 3228 1493 Proinde
3256 1454 3402 1493 anno
3426 1441 3591 1495 vice--

1998 1525 2140 1578 simo
2168 1537 2315 1579 nono
2343 1524 2652 1581 conﬁrmati
2684 1527 2903 1597 imperii
2934 1529 3168 1584 Caesaris
3209 1529 3464 1600 Augusti,
3498 1546 3588 1586 se.

1997 1616 2239 1672 eundum
2293 1633 2539 1681 carnem,
2599 1633 2668 1673 ex
2725 1633 2946 1688 semper
2994 1619 3238 1689 Virgine,
3292 1629 3349 1676 et
3396 1631 3585 1678 saneta

1997 1708 2168 1765 Maria
2228 1709 2461 1780 Deipara
2512 1719 2704 1766 natum
2760 1726 2887 1767 esse
2931 1712 3224 1766 Dominum
3274 1711 3586 1782 deprehen—

309 1793 354 1845 δ’
388 1790 456 1864 ῆν
491 1797 630 1850 ἐτῶν
668 1799 757 1851 ὅτε
809 1799 1143 1871 ἐϐαπτίσθη,
1187 1801 1332 1854 κατὰ
1366 1800 1459 1853 τὸν
1508 1798 1675 1852 αὐτὸν
1723 1799 1892 1868 εὐαγ-
1928 1793 1969 1845 Β
1999 1801 2177 1858 ditur.

309 1888 590 1962 γελιστήν.
621 1891 786 1946 ’Ὠστε
815 1893 1003 1949 λοιπὸν
1026 1896 1155 1960 τοὺς
1198 1895 1298 1965 μὲν
1342 1894 1745 1949 πεντεκαίδεκα
1808 1895 1919 1949 τῶν
1951 1895 2251 1966 τριάκοντα
2321 1898 2589 1953 ἐνιαυτῶν
2620 1900 2686 1953 ἐκ
2713 1897 2824 1952 τῶν
2870 1899 2972 1968 τῆς
3016 1899 3319 1970 αὐταρχίας
3347 1896 3443 1951 τοῦ
3489 1896 3588 1951 Τι-

308 1986 496 2056 ϐερίου
528 1988 735 2058 χρόνων
763 1988 1160 2061 λαμϐάνεσθαι,
1211 1990 1336 2054 τούς
1369 1989 1427 2044 δέ
1455 2005 1519 2058 γε
1551 1989 1774 2052 λοιποὺς
1823 1990 2218 2046 πεντεκαίδεκα
2249 1994 2314 2046 ἐκ
2349 1993 2457 2046 τῶν
2510 1993 2607 2046 τοῦ
2654 1994 2969 2063 Αὐγούστου
3025 1995 3435 2065 τεσσαράκοντα
3491 1993 3586 2047 καὶ

308 2084 594 2156 τεσσάρων
644 2084 1121 2155 καταλογίζεσθαι.
1181 2085 1482 2157 Συμδαίνει
1527 2086 1710 2140 τοίνυν
1754 2085 1883 2148 τούς
1922 2084 1983 2150 ἐξ
2045 2087 2228 2141 αὐτῶν
2300 2088 2877 2158 περιλιμπανομένους
2904 2090 3062 2144 ἐννέα
3107 2087 3246 2143 εἶναι
3302 2090 3398 2143 καὶ
3444 2088 3584 2143 είκο·

314 2189 426 2228 σιν.
474 2176 564 2229 Ἐν
619 2176 753 2245 γοῦν
811 2177 892 2250 τῷ
944 2177 1177 2248 εἰκοστῷ
1227 2178 1437 2249 ἐννάτῳ
1485 2179 1587 2243 τῆς

1662 2177 1927 2248 ἀκριϐοῦς
1975 2179 2278 2250 μοναρχίας
2318 2179 2415 2233 τοῦ
2485 2181 2763 2250 Καίσαρος
2814 2182 3154 2251 Αὐγούστου,
3215 2181 3582 2251 καταλαμϐά-

308 2286 462 2323 νεται
504 2270 852 2342 τεχθῆναιτύ
877 2272 1019 2326 κατὰ
1067 2273 1252 2343 σάρκα
1282 2274 1347 2326 ἐκ
1385 2273 1487 2342 τῆς
1519 2271 1886 2343 ἀειπαρθένου
1921 2272 2018 2325 καὶ
2067 2273 2234 2340 ἁγίας
2286 2273 2510 2342 Μαρίας
2531 2275 2800 2328 Θεοτόκου
2832 2274 2926 2328 τὸν
2954 2274 3181 2338 Κύριον.

1350 2590 1710 2679 LIBER
1793 2589 2529 2681 UNDECIMUS.

380 2785 462 2841 Α.
502 2783 565 2837 '0
611 2783 711 2855 μὲν
764 2782 857 2838 οὖν
904 2780 1213 2852 Αὔγουστος
1244 2781 1482 2849 άπεῦίω,
1523 2782 1598 2845 ὡς
1630 2783 1882 2852 εἴρηται·

306 2877 415 2947 τὴν
465 2877 522 2929 δέ
579 2876 886 2947 μοναρχίαν
920 2877 948 2928 ό
983 2876 1234 2949 Τιϐέριος
1285 2873 1580 2941 διεδέξατο,
1611 2874 1669 2938 ὃς
1720 2874 1887 2926 εὐπα-

307 2968 504 3039 τρίδης
552 2969 651 3039 μὲν
695 2965 789 3040 ἦν,
834 2969 930 3023 καὶ
971 2968 1326 3033 πεπαίδευτο,
1356 2967 1455 3036 τὴν
1481 2967 1539 3020 δὲ
1564 2964 1795 3037 γνώμην
1825 2959 1894 3035 ἦν

309 3060 736 3125 ποικιλώτατος,
776 3061 1056 3124 ἐναντίους
1089 3063 1155 3130 τῇ
1187 3060 1510 3131 προαιρέσει
1547 3061 1675 3124 τούς
1700 3058 1896 3127 λόγους

312 3155 666 3224 ποιούμενος.
712 3147 814 3206 Ὧν
857 3152 968 3226 γὰρ
1021 3152 1294 3219 ἐδούλετο,
1359 3155 1623 3208 τάναντία
1683 3151 1894 3220 ἔλεγεν,

310 3244 450 3303 ἄλλα
493 3247 594 3317 μὲν
645 3243 857 3323 κεύθων
895 3244 1007 3315 (89)
1026 3246 1109 3298 ἐνὶ
1146 3244 1363 3316 φρεσὶν,
1420 3245 1557 3299 ἄλλα
1602 3244 1660 3298 δὲ
1685 3243 1890 3312 λέγων·

314 3340 416 3395 καὶ
469 3337 788 3410 ὀργίζεσθαι
836 3337 1332 3410 προσποιούμενος,
1366 3338 1425 3391 ἐν
1470 3334 1552 3402 οἷς
1583 3338 1684 3391 οὐκ
1723 3335 1894 3405 ώργίυ

312 3432 469 3499 ζετο·
500 3430 596 3483 καὶ
643 3431 704 3482 ἐν
749 3421 832 3491 οἷς
879 3428 1174 3499 ἐθυμοῦτο,
1226 3427 1699 3499 σχηματιζόμενος
1725 3428 1898 3481 ἐπιεί-

312 3540 476 3578 κειαν
497 3540 512 3555 ·
558 3523 653 3576 καὶ
696 3521 774 3585 ὡς
817 3521 1154 3577 οἰκειότατον
1183 3522 1334 3592 ἑώρα
1371 3522 1464 3574 τὸν
1493 3522 1765 3591 ἔχθιστον,
1798 3522 1896 3576 καὶ

309 3618 394 3681 ὡς
446 3616 864 3688 ἁλλοτριωτάτῳ
913 3616 1290 3687 προσεφέρετο
1342 3615 1420 3686 τῷ
1472 3617 1737 3688 φιλτάτῳ.
1783 3617 1896 3670 Kal

310 3712 418 3764 οὐκ
473 3709 630 3781 ἠξίου
682 3710 795 3774 τοῖς
829 3708 1013 3772 ἄλλοις
1064 3708 1223 3775 δῆλον
1276 3705 1417 3762 εἶναί
1452 3709 1585 3763 οίτὸ
1616 3709 1894 3780 φρόνημα,

310 3801 476 3855 τοῦτο
522 3801 827 3872 προσήκειν
860 3800 940 3871 τῷ
993 3800 1358 3871 αὐταρχοῦντι
1404 3800 1642 3872 φρονῶν.
1680 3802 1791 3855 Καὶ
1818 3800 1895 3855 εῐο

312 3910 376 3945 τε
404 3911 489 3956 τις
513 3894 829 3964 ἠναντιοῦτο
856 3887 938 3957 οἷς
970 3893 1179 3961 ἔλεγεν,
1210 3892 1330 3946 είτε
1385 3892 1491 3964 μὴν
1524 3894 1619 3946 καὶ
1650 3893 1892 3965 συνῄνει,

315 3985 612 4055 peplo-nte.
647 3984 797 4047 Τέως
840 3984 886 4038 δ’
925 3983 1019 4038 οὖν
1058 3986 1141 4048 είς
1186 3985 1258 4037 τὰ
1292 3984 1637 4053 στρατόπεδα
1674 3986 1771 4039 καὶ
1810 3986 1894 4048 εἰς

311 4076 385 4128 τὰ
417 4073 546 4145 έθνη
581 4074 763 4128 πάντα
794 4073 872 4138 ώς
922 4073 1284 4146 αὐτοκράτωρ
1333 4074 1533 4129 αὐτίκα
1583 4074 1892 4139 ἐπέστειλε,

317 4168 399 4237 μὴ
440 4167 617 4234 λέγων
661 4165 1027 4236 αὐτοκράτωρ
1067 4162 1229 4220 εἶναι.
1272 4166 1565 4236 Ψηφισθὲν
1598 4164 1708 4236 γὰρ
1742 4165 1891 4236 αὐτῷ
1926 4199 1971 4255 D

312 4257 417 4311 καὶ
452 4257 611 4310 τοῦτο
646 4255 786 4327 μετὰ
817 4256 927 4309 τῶν
956 4256 1133 4310 ἄλλων
1177 4256 1460 4325 ὀνομάτων
1500 4258 1603 4310 οὐκ
1652 4255 1891 4323 ἐδέξατο,

313 4350 418 4405 καὶ
469 4351 536 4403 τὰ
574 4349 673 4420 τῆς
722 4351 899 4420 ἀρχῆς
943 4348 1163 4401 διοικῶν
1204 4347 1445 4412 ἅπαντα,
1496 4348 1663 4419 μηδὲν
1711 4351 1897 4411 αὐτοῖς

315 4441 531 4496 δεῖσθαι
564 4440 741 4509 ἔλεγε.
780 4440 892 4495 Καὶ
919 4439 1128 4511 ταύτης
1167 4439 1491 4505 ἐξίστασθαι
1530 4440 1896 4511 ὲκομψεύετο,

316 4538 420 4591 καὶ
447 4535 536 4588 διὰ
579 4537 681 4605 τὴν
713 4534 935 4606 ἡλικίαν
971 4534 1052 4606 (ἓξ
1083 4535 1192 4605 γὰρ
1234 4536 1329 4589 καὶ
1370 4536 1715 4605 πεντήκοντα
1757 4538 1896 4589 ἐτῶν

316 4625 413 4699 ἦν)
448 4627 546 4681 καὶ
593 4627 660 4680 δι’
700 4627 1061 4696 ἀμϐλυωπίαν
1087 4644 1102 4659 ο
1155 4627 1408 4681 πλεῖστον
1464 4626 1573 4700 γὰρ
1617 4630 1675 4680 ἐν
1717 4629 1901 4684 σκότει

320 4720 561 4791 βλέπων,
585 4719 841 4787 ἐλάχιστα
869 4718 968 4787 τὴν
1000 4719 1217 4787 ἡμέραν
1247 4715 1415 4785 ἐώρα.
1440 4711 1574 4769 Εἶτα
1602 4717 1899 4780 κοινωνοὺς

321 4813 446 4885 ᾔτει
503 4812 602 4882 τῆς
651 4811 830 4881 ἀρχῆς
882 4813 975 4862 καὶ
1039 4810 1431 4879 συνάρχοντας,
1485 4810 1639 4863 οὐδὲν
1695 4811 1902 4864 τούτων

320 4904 555 4973 ποιῆσαι
604 4901 834 4971 μέλλων,
881 4896 1001 4952 ἀλλ’
1039 4898 1124 4951 ὅτι
1178 4914 1240 4950 τε
1271 4896 1505 4950 ὓπουλον
1553 4893 1699 4966 εἶχεν
1746 4892 1898 4968 ἦθος,

321 4996 424 5050 καὶ
450 4995 533 5047 ὅτι
564 4993 659 5046 καὶ
706 4991 778 5045 τὰ
809 4989 1201 5060 στρατεύματα
1228 4988 1300 5042 τά
1330 5006 1387 5041 τε
1417 4992 1476 5041 ἐν
1508 4989 1776 5061 Παννονίᾳ
1808 4991 1905 5043 καὶ

322 5089 389 5141 ἐν
409 5084 691 5156 Γερμανίᾳ
720 5083 1035 5145 ὑπώπτευε,
1068 5081 1166 5135 καὶ
1197 5081 1289 5135 τὸν
1316 5081 1659 5153 Γερμανικὸν
1690 5082 1902 5148 ἐδεδίει,

321 5183 430 5248 τῆς
464 5175 773 5248 Γερμανίας
803 5175 1042 5245 ἄρχοντα
1080 5172 1225 5239 τότε,
1264 5175 1361 5229 καὶ
1396 5177 1509 5237 τοῖς
1544 5174 1906 5245 στρατιώταις

324 5271 678 5342 φιλούμενον.
727 5267 838 5321 Kal
880 5268 970 5320 διὰ
1013 5265 1187 5321 ταῦτα
1233 5266 1385 5320 οὐδὲν
1428 5265 1503 5330 ὡς
1544 5265 1906 5337 αὐτοκράτωρ

325 5368 570 5435 ἔπραττε
618 5361 893 5433 φανερῶς,
923 5357 1060 5413 ἀλλὰ
1094 5360 1190 5414 καὶ
1221 5361 1400 5415 νοσεῖν
1429 5358 1905 5429 προσποιούμενος

327 5456 605 5527 οἰκουρῶν
679 5448 783 5525 ἦν,
828 5452 922 5506 καὶ
970 5451 1289 5523 διέμελλεν,
1336 5451 1403 5506 ἵν’
1455 5452 1515 5505 ἐν
1574 5450 1752 5505 ἐλπίδι
1809 5452 1907 5505 τοῦ

2067 2782 2110 2838 l.
2145 2781 2396 2853 Augusto
2424 2782 2491 2837 ad
2534 2781 2681 2836 hunc
2710 2781 2958 2845 modum,
2982 2798 3090 2851 quo
3123 2784 3435 2853 expositum
3467 2796 3577 2846 est.

1918 2854 1963 2918 ο
1994 2874 2278 2941 defuncto,
2327 2876 2621 2945 imperium
2669 2875 2927 2930 Tiberius
2974 2877 3241 2945 suscepit.
3295 2893 3364 2933 ex
3418 2888 3585 2947 gente

1996 2965 2253 3035 patricia,
2298 2966 2500 3019 litteris
2562 2966 2837 3030 eruditus,
2892 2966 2988 3019 sed
3039 2967 3259 3034 ingenio
3316 2984 3583 3037 perquam

1994 3057 2172 3120 vario,
2220 3056 2371 3110 aliud
2420 3056 2570 3126 loqui
2597 3056 2746 3111 aliud
2790 3056 3001 3112 sentire
3039 3058 3262 3123 solitus,
3292 3069 3516 3127 pectore
3549 3076 3582 3114 a

1993 3148 2184 3218 lingua
2214 3147 2629 3203 dissentiente:
2689 3164 2815 3203 cum
2864 3164 2974 3203 non
3020 3150 3386 3215 irascebatur,
3442 3152 3581 3207 iram

1995 3241 2306 3294 simulans:
2358 3256 2483 3295 cum
2530 3249 2841 3296 commotus
2870 3252 3010 3307 erat,
3062 3242 3347 3297 lenitatem
3382 3258 3492 3312 pra:
3523 3259 3584 3300 se

1994 3332 2219 3387 ferens:
2273 3332 2719 3389 inimicissimum
2781 3334 2857 3388 ita
2919 3333 3143 3389 intuens
3195 3344 3256 3388 ut
3304 3335 3582 3390 amicissi-

1996 3441 2189 3480 mum:
2244 3437 2300 3481 et
2360 3427 2785 3491 amicissimum,
2836 3435 2894 3480 ut
2936 3426 3358 3483 alienissimum.
3392 3428 3584 3498 Neque

1994 3514 2142 3567 enim
2170 3515 2441 3584 principis
2472 3517 2717 3570 animum
2766 3515 2892 3570 aliis
2941 3530 3066 3571 esse
3099 3517 3380 3586 cognitum
3411 3532 3582 3586 opor-

2020 3621 2113 3661 cre
2163 3608 2559 3664 arbitrabatur.
2595 3607 2835 3663 Proinde
2885 3607 3002 3662 sive
3051 3608 3433 3675 adversarere,
3465 3609 3583 3674 sive

1995 3699 2330 3756 assentirere
2360 3701 2509 3754 illius
2534 3699 2796 3764 orationi,
2822 3699 3012 3754 odium
3039 3699 3375 3754 incurreres.
3411 3701 3491 3754 Ac
3511 3700 3583 3754 ad

1995 3788 2242 3858 legiones
2267 3799 2321 3843 et
2355 3805 2548 3844 omnes
2600 3798 2792 3860 gentes
2843 3790 3031 3844 statim
3075 3798 3131 3846 ut
3167 3790 3470 3859 imperator
3501 3790 3585 3843 le-

1998 3890 2152 3950 gatos
2178 3881 2351 3944 misit,
2383 3880 2731 3936 dissimulato
2761 3880 3117 3951 imperatoris
3148 3884 3398 3949 nomine,
3431 3882 3581 3952 quod

2001 3991 2107 4030 una
2140 3990 2264 4029 cum
2301 3974 2515 4029 caneris
2543 3973 2650 4028 sibi
2675 3973 2959 4030 decretum
2994 3973 3326 4044 repudiavit.
3357 3973 3426 4028 Et
3452 3989 3579 4055 συξη

1997 4073 2175 4120 totum
2212 4064 2511 4135 imperium
2533 4063 2967 4133 administraret,
2996 4064 3134 4119 nihil
3162 4065 3268 4120 sibi
3296 4079 3437 4134 opus
3459 4080 3582 4119 esse

1998 4158 2140 4214 dixit
2172 4155 2405 4228 imperio
2434 4174 2449 4212 :
2485 4170 2663 4226 eoque
2689 4170 2750 4211 se
2775 4171 3059 4212 cessurum
3092 4171 3215 4212 esse
3240 4195 3256 4223 ,
3290 4165 3406 4210 tum
3461 4169 3587 4225 pro-

2000 4261 2123 4323 pter
2163 4260 2379 4307 :etatem
2411 4251 2607 4324 (annos
2638 4251 2787 4307 enim
2817 4268 2868 4306 vr
2923 4260 2980 4306 et
3013 4267 3044 4305 ι.
3070 4260 3231 4307 natus
3280 4249 3443 4321 erat),
3465 4260 3578 4305 tum

2003 4353 2227 4413 propter
2258 4343 2432 4400 aciem
2458 4344 2748 4400 oculorum
2774 4344 3140 4412 obtusiorem,
3167 4344 3412 4417 iactavit.
3444 4343 3582 4399 Nam

1998 4437 2055 4491 in
2084 4436 2332 4494 tenebris
2361 4437 2688 4509 plurimum,
2718 4438 2775 4493 in
2804 4439 2931 4493 luce
2960 4439 3251 4493 minimum
3285 4437 3573 4494 cernebat.

1998 4530 2208 4586 Deinde
2237 4531 2417 4587 socios
2445 4540 2502 4587 et
2534 4532 2774 4603 collegas
2807 4531 3023 4602 imperii
3062 4530 3226 4603 546
3258 4531 3584 4600 postulavit.

1999 4622 2148 4687 Haec,
2182 4628 2435 4696 quamvis
2474 4633 2736 4679 neutrum
2770 4625 2824 4679 in
2868 4624 3056 4679 animo
3082 4625 3332 4688 haberet,
3385 4626 3584 4695 partim

2001 4727 2230 4787 propter
2276 4717 2552 4773 occultum
2587 4715 2891 4787 ingenium,
2953 4716 3152 4786 partim
3192 4716 3264 4771 ob
3293 4716 3587 4771 Germani-

2004 4819 2097 4860 cas
2128 4814 2185 4860 et
2232 4806 2579 4860 Pannonicas
2625 4807 2872 4876 legiones
2922 4822 3061 4877 quas
3090 4817 3375 4875 suspectas
3417 4807 3585 4860 habe-

2005 4895 2118 4960 bat,
2143 4905 2198 4950 et
2226 4897 2537 4953 Germanici
2575 4908 2723 4953 metu
2776 4897 3034 4965 faciebat,
3067 4899 3161 4968 qui
3199 4907 3314 4952 tum
3361 4898 3584 4953 Germa-

2004 4989 2110 5044 nia:
2148 5004 2364 5058 praeses,
2415 4990 2620 5045 charus
2672 5001 2792 5045 erat
2857 4989 3148 5046 militibus.
3184 4988 3280 5042 llis
3320 4989 3489 5058 igitur
3518 4992 3588 5045 de

2006 5080 2210 5144 causis,
2251 5081 2391 5135 nihil
2427 5092 2617 5152 aperte
2660 5097 2760 5152 pro
2794 5082 3029 5153 imperio
3077 5080 3355 5135 faciebat:
3393 5082 3487 5134 sed
3531 5095 3588 5138 et

2008 5173 2262 5227 morbum
2315 5174 2580 5229 simulans
2625 5174 2775 5230 domi
2821 5189 2881 5229 se
2928 5171 3271 5234 continebat,
3318 5181 3375 5226 et
3404 5187 3588 5242 moras

2009 5268 2282 5332 nectebat,
2308 5277 2370 5321 ut
2400 5284 2668 5323 novarum
2698 5282 2882 5323 rerum
2907 5264 3120 5336 cupidi,
3151 5273 3442 5334 sperantes
3459 5280 3587 5321 eum

2011 5362 2159 5416 ultro
2203 5362 2583 5431 depositurum
2631 5361 2946 5431 imperium,
2977 5356 3353 5427 quiescerent,
3412 5356 3590 5413 donec

2014 5455 2378 5524 principatum
2429 5454 2498 5509 ab
2544 5453 2694 5509 omni
2749 5463 2902 5523 parte
2956 5450 3248 5504 ﬁrmasset.
3291 5445 3430 5506 Tum
3459 5463 3591 5505 vero

1523 5616 1718 5680 Variae
1762 5614 2070 5682 lectiones
2114 5628 2175 5683 et
2209 5629 2401 5685 notes.

404 5742 520 5811 (39)
554 5743 807 5797 Κεύθων.
845 5744 918 5818 [ξι
954 5743 1186 5800 "uniero
1211 5740 1371 5799 Iliad.
1412 5760 1447 5807 t,
1470 5761 1522 5798 γ.
1572 5742 1654 5799 15.
