4018 6250
383 276 491 337 923

1715 270 1957 332 JOANN
1969 270 2036 330 [S
2074 269 2397 330 ZONARIE

3551 260 3652 324 924

381 385 679 454 Agrippam
731 382 961 453 Augusti
1010 398 1078 437 ex
1127 381 1271 437 Julia
1310 390 1592 452 nepotem,
1620 382 1872 452 Agrippae
1901 381 1968 435 ti-

2085 381 2272 435 ὲκόντα
2321 380 2421 452 τὴν
2475 381 2654 452 ἀρχὴν
2710 381 2946 451 ἀφήσειν
2998 378 3186 443 αὐτὸν,
3255 377 3331 448 μή
3393 377 3452 430 τί
3514 394 3656 439 τινες

383 474 540 535 lium,
578 472 758 528 occidi
801 473 986 542 jussit.
1047 472 1437 529 Germanicum
1488 488 1622 528 vero
1671 471 1969 527 admodum

386 565 591 620 timuit.
639 564 778 619 Sunt
828 573 888 619 et
941 564 1277 619 Pannonica:
1306 564 1553 635 legiones
1582 573 1775 619 contra
1806 578 1977 631 suum,

386 655 587 711 ducem
620 655 988 711 tumultuatat.
1035 655 1140 711 Sed
1177 655 1569 711 audacioribus
1596 665 1652 710 et
1685 643 1980 710 seditionis.

386 747 581 819 primis
615 746 934 802 auctoribus
956 746 1228 816 supplicio
1266 746 1498 809 allectis,
1526 747 1706 802 caeteri
1740 748 1970 814 quieve-

387 850 541 896 runt.
569 838 910 896 Germanica:
945 855 1077 895 vero
1113 839 1360 911 legiones
1411 840 1636 895 Tiberio
1668 839 1971 894 maledixe-

386 944 538 1001 runt,
568 946 627 992 et
660 934 1050 991 Germanicum
1082 936 1471 1005 imperatorem
1502 936 1834 990 salutarunt.
1867 934 1972 1000 Qui

385 1046 514 1085 cum
544 1029 788 1101 gladium
840 1030 1175 1093 strinxisset,
1208 1030 1365 1099 quasi
1393 1031 1633 1099 seipsum
1661 1029 1972 1093 occisurus,

388 1123 553 1179 miles
576 1122 800 1193 quidam
831 1138 933 1177 suo
958 1138 1091 1177 ense
1119 1122 1375 1177 sublato:
1407 1120 1579 1177 Hunc.
1615 1121 1814 1190 inquit.
1844 1135 1975 1189 cape

390 1222 480 1268 tuo
517 1215 829 1268 acutiorem.
864 1213 1055 1283 itaque
1085 1230 1114 1267 a
1143 1213 1227 1269 sui
1253 1214 1401 1269 caede
1434 1213 1727 1274 abstinuit,
1763 1226 1831 1266 ne
1858 1226 1977 1266 ma-

389 1306 474 1377 gis
509 1307 1020 1361 tumultuarentur:
1073 1306 1169 1361 sed
1221 1306 1472 1360 conlictis
1501 1305 1604 1360 sub
1637 1304 1843 1360 Tiberii
1876 1321 1979 1357 no-

388 1398 540 1453 mine
589 1398 794 1454 litteris
839 1399 1045 1468 quibus
1075 1398 1183 1453 illis
1234 1412 1463 1452 munera
1493 1409 1551 1452 et
1584 1398 1689 1451 alia
1725 1396 1973 1466 qumdam

390 1489 875 1557 promittebantur,
899 1499 1015 1544 tum
1033 1489 1364 1544 seditionem
1383 1490 1741 1559 compescuit.
1768 1488 1973 1543 Deinde

391 1583 590 1652 legatis
644 1597 676 1638 a
723 1582 948 1636 Tiberio
993 1581 1196 1648 missis,
1221 1581 1533 1637 Germanici
1589 1580 1824 1636 artiﬁcio
1875 1595 1971 1635 co-

393 1672 570 1742 gnito,
625 1672 890 1741 suspicati
927 1673 1052 1727 illos
1082 1673 1274 1727 adesse
1312 1683 1371 1727 ut
1404 1674 1530 1744 ejus
1557 1673 1832 1742 promissa
1867 1672 1973 1725 tol-

393 1764 597 1829 lerent,
651 1765 835 1819 denuo
872 1765 1189 1818 tumultuati
1228 1774 1380 1830 sunt,
1428 1775 1485 1819 et
1537 1774 1729 1819 contra
1763 1765 1975 1835 legatos

393 1856 682 1921 concitati,
705 1867 760 1910 et
782 1855 1350 1911 Germaniciuxorem
1380 1855 1751 1926 Agrippinam,
1782 1855 1980 1927 Agrip-

394 1965 477 2020 pae
504 1956 561 2002 et
589 1948 747 2003 Julia:
775 1948 968 2012 tiliam,
1024 1958 1082 2005 et
1134 1948 1309 2003 tilium
1353 1949 1474 2018 ejus
1501 1947 1693 2003 Caium
1723 1964 1979 2018 compre-

398 2039 750 2093 henderunt:
794 2052 858 2092 ac
912 2049 1562 2109 uxorem.pr:egnantem
1609 2039 1661 2094 ei
1718 2040 1977 2095 restitue-

399 2139 550 2193 runt,
603 2130 714 2183 lilio
745 2138 985 2184 retento.
1045 2130 1243 2184 Verum
1276 2146 1400 2185 cum
1434 2131 1571 2185 nihil
1623 2130 1977 2200 proficerent,

398 2229 458 2275 et
484 2220 587 2288 ipsi
638 2219 995 2289 quieverunt.
1037 2220 1129 2276 Sic
1170 2222 1261 2276 ille
1310 2222 1603 2290 imperium
1652 2237 1777 2277 eum
1816 2237 1983 2277 oecu-

397 2324 530 2379 pare
570 2318 776 2377 posset.
825 2319 1152 2378 aspernatus
1200 2321 1307 2365 est.
1338 2312 1453 2377 Qua
1487 2312 1554 2365 de
1586 2326 1751 2367 causa
1798 2314 1977 2382 palam

398 2414 525 2455 eum
559 2397 816 2453 Tiberius
859 2399 1003 2467 apud
1053 2408 1307 2453 senatum
1356 2400 1651 2456 laudabat:
1708 2402 1803 2456 sed
1833 2398 1979 2472 apud

398 2505 522 2546 sese
549 2489 846 2547 admodum
876 2501 1192 2558 suspectum
1237 2490 1495 2555 habebat,
1522 2502 1579 2548 et
1606 2502 1668 2547 ut
1699 2495 1974 2553 munitum

399 2581 711 2651 legionibus
750 2582 1054 2637 metuebat.
1087 2580 1359 2637 Caeterum
1393 2599 1520 2637 cum
1550 2584 1713 2639 nullae
1739 2585 1979 2655 amplius

403 2674 579 2729 turbae
610 2674 1023 2740 nuntiarentur,
1051 2674 1251 2729 omissa
1282 2676 1740 2741 dissimulatione,
1771 2678 1979 2747 princi-

404 2777 590 2835 patum
622 2765 869 2820 admisit.
926 2765 1005 2821 Ac
1035 2766 1279 2834 quandiu
1311 2766 1674 2823 Germanicus
1699 2779 1981 2839 superstes

403 2859 527 2923 fuit,
563 2859 701 2913 nihil
735 2870 928 2928 suapte
956 2860 1287 2914 auctoritate
1321 2860 1452 2930 egit,
1494 2858 1589 2914 sed
1630 2860 1697 2914 ad
1727 2873 1979 2915 senatum

407 2946 592 3001 retulit
618 2948 823 3009 onmia,
856 2961 1034 3017 neque
1061 2947 1130 3002 ab
1166 2948 1278 3001 ullo
1312 2948 1417 3002 nisi
1448 2964 1478 3002 a
1511 2948 1782 3003 militibus
1805 2950 1980 3017 impe-

2073 470 2452 542 νεοχμῶσωσι,
2486 473 2681 543 μέχρις
2705 468 2768 526 οὗ
2792 473 2892 540 τῆς
2925 469 3225 541 ἡγεμονίας
3248 456 3532 539 ἐγκρατὴς
3562 469 3655 521 δια

2074 564 2293 619 πάντων
2345 565 2586 634 ἐγένετο.
2629 566 2735 618 Τὸν
2789 565 2889 633 μὲν
2937 564 3032 619 οὖν
3086 563 3407 631 Ἀγρίππαν
3455 561 3657 615 αὐτίκα

2074 656 2300 727 πέμψας
2365 658 2678 722 ἀπέκτεινε,
2743 657 2835 710 τοῦ
2895 656 3234 724 Αὐγούστου,
3280 655 3358 716 ὡς
3415 654 3656 723 εἴρηται,

2073 746 2204 801 ὄντα
2254 747 2614 819 θυγατριδοῦν
2662 748 2722 814 ἐξ
2760 748 2986 809 Ἰουλίας
3030 749 3126 801 καὶ
3175 746 3271 800 τοῦ
3320 746 3651 816 ’Δγρίππου.

2074 834 2181 893 Τὸν
2226 841 2286 895 δέ
2342 843 2687 913 Γερμανικὸν
2739 842 2861 896 λίαν
2908 844 3178 911 ἐφοϐεῖτο.
3224 841 3560 912 Ἐθορύϐησε
3600 842 3658 896 δὲ

2074 936 2168 988 καὶ
2193 934 2257 987 τὸ
2288 937 2345 987 ἐν
2368 938 2436 1006 τῇ
2474 936 2744 1008 Παννονίᾳ
2772 938 3124 1005 στράτευμα,
3146 935 3225 999 ὡς
3252 937 3348 988 καὶ
3382 936 3533 988 κατὰ
3562 933 3657 987 τοῦ

2074 1025 2336 1095 ἄρχοντος
2367 1026 2550 1080 αὐτῶν
2577 1028 2845 1097 ὁρμῆσαι.
2873 1022 3005 1080 Εἶτα
3037 1025 3264 1079 καὶτῶν
3294 1025 3656 1095 θρασυτέρων

2075 1117 2170 1171 καὶ
2205 1119 2553 1188 πρωταιτίων
2583 1118 2978 1180 κολασθέντων,
3010 1118 3361 1188 κατέστησαν
3384 1119 3437 1169 οἱ
3460 1117 3657 1171 λοιποί.

2075 1211 2138 1263 Οἱ
2166 1210 2224 1264 δὲ
2258 1212 2318 1263 ἐν
2343 1213 2408 1282 τῇ
2440 1211 2723 1282 Γερμανίᾳ
2748 1211 2838 1265 τόν
2863 1228 2921 1264 τε
2955 1210 3213 1279 Τιϐέριον
3242 1210 3657 1281 κατηγόρησαν,

2076 1306 2168 1356 καὶ
2227 1302 2323 1357 τὸν
2404 1305 2746 1373 Γερμανικὸν
2833 1304 3175 1357 ἐπεκάλεσαν
3255 1305 3659 1374 αὐτοκράτορα.

2090 1394 2332 1447 Ἐκείνου
2362 1394 2419 1448 δὲ
2452 1394 2514 1447 τὸ
2562 1394 2713 1463 ξίφος
2748 1397 3130 1464 σπασαμένου,
3164 1395 3243 1457 ὡς
3271 1395 3465 1448 ἑαυτὸν
3502 1398 3660 1448 ἀναι-

2080 1487 2360 1557 ρήσοντος,
2393 1481 2475 1549 εἷς
2517 1503 2603 1548 τις
2631 1486 2741 1539 τῶν
2785 1486 3135 1555 στρατιωτῶν
3166 1486 3226 1538 τὸ
3266 1486 3464 1538 ἐαυτοῦ
3507 1485 3661 1552 ξίφος

2076 1579 2386 1643 ἀνατείνας,
2427 1576 2629 1642 Τοῦτο,
2656 1578 2784 1649 ἐφη,
2817 1578 2983 1641 λάϐε,
3010 1580 3299 1649 ὀξύτερον
3327 1580 3438 1648 γάρ
3468 1581 3660 1635 ἐστιν.

2089 1671 2150 1723 Ὃ
2177 1669 2271 1723 οὖν
2300 1670 2644 1740 Γερμανικὸς
2668 1670 2764 1723 τοῦ
2814 1673 3025 1724 κτεῖναι
3060 1674 3158 1740 μὲν
3189 1671 3383 1724 ἑαυτὸν
3418 1672 3657 1741 ἀπέσχε-

2077 1782 2160 1829 το,
2190 1765 2278 1818 ἵνα
2322 1766 2397 1833 μὴ
2435 1765 2634 1832 μᾶλλον
2669 1766 3029 1820 στασιάσωσι.
3069 1766 3381 1836 Γράμματα
3413 1767 3469 1819 δὲ
3503 1767 3579 1821 ὡς
3601 1768 3664 1819 ἐκ

2076 1855 2172 1910 τοῦ
2196 1855 2450 1927 Τιϐερίου
2484 1856 2804 1927 πεμφθέντα
2830 1856 3201 1926 πλασάμενος,
3237 1856 3449 1927 δωρεὰς
3472 1858 3661 1920 αὐτοῖς

2074 1948 2285 2001 διδόντα
2334 1948 2431 2002 καὶ
2471 1949 2605 2002 ἄλλα
2655 1949 2777 2001 τινὰ
2837 1948 3249 2019 ὑπισχνούμενοι
3302 1950 3401 2018 τὴν
3460 1950 3657 2002 στάσιν

2076 2041 2200 2093 τότε
2249 2040 2619 2094 κατέπαυσεν.
2668 2040 2939 2109 Ὕστερον
2983 2040 3038 2093 δὲ
3088 2041 3446 2110 πρεσϐευτῶν
3509 2042 3664 2109 παρὰ

2078 2131 2172 2184 τοῦ
2216 2130 2470 2202 Τιϐερίου
2506 2132 2896 2201 πεμφθέντων,
2926 2131 3149 2199 γνόντες·
3200 2132 3261 2184 τὸ
3308 2133 3403 2185 τοῦ
3440 2132 3659 2203 Γερμα-

2078 2223 2232 2276 νικοῦ
2257 2224 2756 2294 στρατήγημα,κα“ι
2782 2224 3225 2286 ὑποπτεύσαντες
3245 2225 3372 2288 τοὺς
3400 2225 3665 2295 πρέσϐεις

2082 2315 2493 2384 ἀνατρέψοντας
2537 2317 2695 2387 ἣκειν
2744 2317 2812 2369 τὰ
2856 2317 2948 2370 ὐπ’
2984 2316 3200 2369 ἐκείνου
3249 2316 3662 2389 ἐπηγγελμένα,

2081 2403 2426 2475 ἐθορύϐησαν
2470 2401 2648 2469 αὖθις,
2681 2409 2776 2460 καὶ
2806 2404 2951 2460 κατὰ
2978 2408 3088 2459 τῶν
3135 2406 3425 2476 πρέσϐεων
3461 2406 3661 2478 ὥρμη-

2082 2514 2183 2551 σαν
2203 2513 2216 2526 ·
2258 2497 2354 2552 καὶ
2382 2497 2481 2568 τὴν
2508 2497 2600 2550 τοῦ
2644 2497 2988 2568 Γερμανικοῦ
3016 2501 3258 2566 γυναῖκα
3294 2500 3394 2568 τὴν
3434 2498 3663 2567 ’Δγριπο

2077 2589 2263 2651 πίναν,
2297 2588 2398 2657 τῆς
2449 2587 2544 2640 τοῦ
2594 2588 2875 2656 Καίσαρος
2927 2587 3198 2656 θυγατρὸς
3253 2590 3355 2656 τῆς
3426 2588 3661 2651 Ἰουλίας

2083 2677 2177 2732 καὶ
2201 2677 2295 2731 τοῦ
2343 2677 2649 2749 Ἀγρίππου
2682 2678 2846 2732 παῖδα
2871 2681 3184 2747 γεγονυῖαν,
3212 2678 3533 2742 συνέλαϐον,
3570 2680 3661 2731 καὶ

2080 2771 2172 2822 τὸν
2225 2769 2339 2823 υίὸν
2389 2769 2556 2822 αὐτοῦ
2609 2771 2808 2823 Γάϊον·
2855 2770 2950 2823 καὶ
3000 2771 3100 2841 τὴν
3153 2772 3251 2840 μὲν
3295 2771 3663 2843 Ἀγριππίναν

2082 2861 2363 2930 ἐγκύμονα
2411 2858 2577 2916 οὖσαν
2624 2863 2843 2931 ἀφῆκαν
2902 2862 3075 2931 αὐτῷ,
3157 2867 3412 2933 κατεῖχον
3461 2863 3523 2916 δὲ
3575 2865 3660 2918 τὸν

2084 2954 2221 3007 υἱόν.
2266 2954 2353 3016 Ὠς
2398 2954 2445 3007 δ’
2491 2953 2643 3007 οὐδὲν
2685 2955 2867 3024 ἤνυον,
2896 2954 3178 3024 ἡσύχασαν
3212 2958 3304 3008 καὶ
3338 2956 3520 3009 αὐτοὶ.
3556 2957 3665 3009 Καὶ

404 3045 646 3092 ratorem
675 3053 733 3093 se
761 3039 1021 3107 appellari
1048 3040 1241 3094 voluit.
1293 3039 1476 3094 Czesar
1524 3051 1736 3094 tantum
1765 3052 1820 3097 et
1848 3040 1981 3096 Ger-

2085 3047 2111 3096 ὁ
2149 3044 2247 3115 μὲν
2288 3043 2586 3113 δυνάμενος
2640 3046 2737 3114 τὴν
2794 3043 3171 3114 αὐτοκράτορα
3229 3045 3415 3099 λαϐεῖν
3461 3047 3662 3117 ἀρχὴν,

404 3130 677 3193 manicus,
723 3140 779 3185 et
826 3131 1082 3201 princeps
1105 3141 1332 3186 senatus
1363 3133 1754 3187 nominabatur
1786 3152 1800 3188 :
1832 3143 1887 3188 et
1921 3144 1982 3189 ut

405 3224 674 3291 tantisper
698 3224 991 3301 et'virderet
1013 3233 1070 3279 et
1099 3225 1392 3293 imperaret
1424 3225 1666 3287 optabat,
1698 3225 1827 3280 dum
1857 3242 1984 3296 pro-

404 3315 588 3371 desset
634 3294 811 3388 δωσγ
844 3294 1179 3387 νέῖρυωίςω.
1241 3319 1299 3370 in
1330 3317 1496 3372 rebus
1525 3319 1782 3372 omnibus
1814 3294 1984 3386 popu-

403 3408 539 3462 laris
580 3392 1023 3467 osseum:
1063 3420 1115 3463 et
1154 3410 1483 3480 paucissima
1517 3410 1572 3464 in
1623 3412 1980 3481 semetipsum

405 3501 714 3566 instituens,
740 3506 973 3577 magno:
1012 3513 1264 3573 sumptus
1295 3503 1512 3573 publice
1554 3502 1813 3559 faciebat.
1849 3505 1984 3559 Rui-

407 3610 540 3649 nosa
567 3595 798 3650 aedilicia
855 3595 1199 3651 instaurabat
1230 3606 1284 3651 et
1314 3597 1636 3662 adornabat,
1677 3598 1982 3668 primorum

406 3689 755 3743 conditorum
811 3690 1130 3744 nominibus
1175 3690 1480 3760 inscriptis,
1547 3692 1867 3747 civitatibus
1927 3704 1983 3749 et

410 3782 647 3852 privatis
672 3781 990 3836 hominibus
1013 3797 1170 3851 opem
1200 3782 1432 3845 ferebat,
1467 3795 1521 3837 ct
1548 3784 1749 3839 multos
1773 3784 1985 3839 ordinis

407 3873 671 3928 senatorii
693 3872 760 3928 ad
783 3884 1081 3943 egestatem
1108 3874 1357 3931 redactos
1374 3876 1748 3946 locupleta-bat
1770 3893 1985 3946 :eaeque

408 3965 726 4034 latgitiones
774 3965 963 4021 statim
1007 3967 1125 4037 ipso
1169 3968 1395 4023 vidente
1424 3969 1879 4033 numerabantur,
1916 3985 1984 4024 ne

409 4056 540 4125 quid
580 4056 726 4123 inde,
763 4065 823 4111 ut
851 4057 955 4112 sub
985 4059 1230 4128 Augusto
1261 4058 1467 4113 factum
1501 4061 1847 4123 meminerat,
1889 4076 1984 4129 per

410 4148 823 4217 dispensatores
851 4149 1301 4206 subtraherelur.
1337 4150 1591 4205 Pecuniae
1617 4167 1782 4205 causa
1812 4151 1987 4205 nerui-

325 4274 330 4283 -
410 4254 537 4293 nem
579 4239 867 4295 occidebat
916 4256 1093 4309 neque
1122 4241 1416 4296 bona'tttm
1451 4243 1778 4311 cujusquam
1808 4241 1989 4311 publi-

410 4332 592 4396 rabat,
638 4349 817 4402 neque
877 4334 1019 4387 ultra
1076 4335 1435 4389 constitutum
1470 4334 1770 4404 quidquam
1805 4333 1987 4402 exige-

2089 3136 2190 3188 οὐκ
2235 3135 2502 3204 ἠθέλησεν
2529 3151 2543 3168 ·
2584 3137 2613 3187 ὁ
2647 3136 2699 3187 δὲ
2752 3133 3004 3206 Τιϐέριος
3044 3135 3188 3189 κατὰ
3239 3137 3337 3206 μὲν
3366 3136 3426 3188 τὸ
3474 3139 3663 3205 φαινό-

2094 3243 2252 3294 μενον
2294 3227 2484 3298 ἐπῄνει
2517 3227 2682 3281 αὐτὸν
2730 3225 2880 3297 παρὰ
2909 3230 2975 3299 τῇ
3004 3228 3190 3301 βουλῇ.
3224 3226 3356 3299 παρ’
3394 3230 3577 3299 ἐαυτῷ
3606 3230 3662 3284 δέ

2090 3319 2186 3373 καὶ
2240 3319 2361 3372 λίαν
2410 3318 2724 3383 ὑπώπτευε,
2786 3321 2880 3373 καὶ
2923 3320 3114 3374 ἐδεδίει
3171 3322 3334 3375 αὐτὸν
3385 3324 3463 3386 ὡς
3509 3324 3663 3392 ἐγκε-

2091 3411 2436 3481 χειρισμένον
2467 3414 2877 3481 στρατεύματα,
2911 3413 2997 3475 Ὠς
3027 3413 3071 3467 δ’
3097 3414 3248 3467 οὐδὲν
3283 3415 3365 3468 ἔτι
3397 3414 3665 3486 νεώτερον

2091 3503 2426 3571 ἠγγέλλετο,
2463 3505 2564 3576 τὴν
2624 3504 2799 3575 ἀρχὴν
2847 3505 3032 3559 οὐκέτι
3081 3508 3509 3576 εἰρωνευόμενος
3563 3509 3667 3561 ὐπ-

2092 3597 2332 3662 εδέξατο.
2360 3599 2469 3651 Καὶ
2503 3599 2694 3668 μέχρις
2720 3600 2747 3652 ὁ
2775 3600 3111 3669 Γερμανικὸς
3130 3603 3348 3671 περιῆν,
3368 3602 3519 3655 οὐδὲν
3547 3601 3666 3655 καθ’

2092 3689 2285 3743 ἑαυτὸν
2335 3688 2628 3759 ἔπραττεν,
2663 3690 2798 3743 ἀλλὰ
2847 3692 3027 3745 πάντα
3082 3694 3163 3754 εἰς
3213 3696 3312 3763 τὴν
3369 3698 3666 3763 γερουσίαν

2091 3782 2368 3852 εἰσέφερε,
2396 3781 2494 3834 καὶ
2518 3781 2640 3834 οὐδὲ
2668 3783 3035 3853 αὐτοκράτωρ
3059 3782 3345 3837 καλεῖσθαι
3378 3787 3538 3856 παρά
3573 3803 3667 3840 του

2091 3872 2328 3942 ἣμόνων
2385 3871 2496 3925 τῶν
2553 3873 2905 3943 στρατιωτῶν
2962 3873 3139 3943 ἠξίου.
3189 3876 3406 3944 Καῖσαρ
3460 3875 3517 3929 δὲ
3574 3880 3667 3929 καὶ

2094 3964 2428 4035 Γερμανικὸς
2479 3965 2575 4019 καὶ
2606 3966 2905 4037 πρόκριτος
2954 3966 3051 4037 τῆς
3104 3969 3398 4037 γερουσίας
3448 3970 3669 4041 ὠνομά-

2093 4055 2236 4120 ζετο,
2264 4054 2463 4127 ηὔχετό
2492 4073 2551 4111 τε
2579 4060 2836 4111 τοσοῦτον
2863 4058 2954 4112 καὶ
2984 4058 3149 4129 ἄρξαι
3191 4062 3286 4114 καὶ.
3325 4061 3493 4128 ζῆσαι
3529 4064 3663 4133 χρό-

2092 4165 2199 4211 νον,
2236 4147 2360 4211 ὅσος
2399 4148 2466 4202 ἂν
2505 4149 2582 4219 τῷ
2627 4149 2874 4221 δημοσίῳ
2922 4156 3179 4222 συμφέρῃ
3210 4168 3222 4181 ·
3274 4151 3367 4204 καὶ
3402 4153 3491 4206 διὰ
3532 4155 3667 4209 πᾶν·

2091 4256 2198 4291 των
2255 4239 2547 4309 δημοτικὸς
2593 4239 2773 4293 δοκεῖν
2827 4241 3083 4309 ἔσπευδε,
3136 4243 3232 4296 καὶ
3269 4243 3534 4314 ἐλάχιστα
3584 4247 3665 4309 είς

2093 4331 2286 4383 ἐαυτὸν
2335 4330 2614 4398 δαπανῶν,
2660 4332 2892 4385 πλεῖστα
2949 4335 3008 4396 ἐς
3058 4334 3119 4386 τὸ
3155 4334 3339 4387 κοινὸν
3382 4337 3666 4406 ἀνήλισκε.

411 4424 526 4479 bat.
566 4422 791 4479 Emilio
829 4436 1002 4486 certe.
1031 4424 1124 4495 qui
1169 4426 1295 4496 plus
1338 4428 1587 4496 pecunia:
1640 4441 1801 4495 quam
1836 4425 1981 4480 ordi-

2093 4422 2173 4475 Τὰ
2214 4421 2564 4492 πεπονηκότα
2612 4440 2670 4475 τε
2718 4425 2966 4494 ἀνορθῶν
3020 4427 3119 4479 καί⁵
3172 4428 3517 4498 ἐπικοσμῶν,
3565 4431 3663 4494 τὰς

410 4524 601 4580 natum
624 4524 764 4577 erat,
802 4517 1047 4579 miserat.
1095 4519 1402 4588 rescripsit,
1453 4535 1511 4574 se
1538 4534 1670 4575 oves
1697 4535 1824 4575 suas
1861 4528 1985 4573 ton-

411 4608 531 4663 deri
578 4610 740 4675 velle,
791 4626 901 4665 non
955 4612 1198 4681 deglubi.
1253 4614 1388 4668 Erat
1427 4620 1484 4667 ct
1512 4612 1665 4667 aditu
1698 4612 1898 4672 facilis.
1931 4621 1987 4667 et

410 4700 688 4764 aﬂ‘abilis:
737 4705 1090 4772 magistratus
1148 4715 1409 4775 tanquam
1468 4706 1522 4759 in
1558 4704 1732 4759 libera
1767 4704 1986 4760 civitate

409 4795 649 4859 colebat,
711 4797 1034 4852 consulibus
1085 4797 1445 4868 assurgebat:
1497 4796 1801 4851 amicorum
1849 4811 1988 4851 con-

409 4887 732 4952 suetudine,
786 4904 943 4958 aeque
996 4897 1056 4943 ut
1104 4888 1349 4957 privatus
1393 4888 1641 4953 fecerat,
1689 4886 1985 4942 utebatur:

411 4987 739 5045 (egrotantes
784 4978 1080 5040 invisebat,
1133 4980 1286 5034 nullo
1342 4977 1638 5035 satellitum
1696 4978 1984 5032 comitatu.

412 5070 480 5131 Et
516 5072 756 5139 quodam
787 5085 851 5126 ex
900 5071 984 5127 eis
1033 5071 1318 5137 defuncto,
1363 5070 1648 5127 funebrem
1683 5070 1986 5125 orationem

413 5162 531 5232 ipse
563 5165 839 5219 recitavit.
901 5164 1129 5220 Matrem
1165 5165 1374 5219 Liviam
1414 5180 1540 5235 erga
1569 5178 1763 5218 omnes
1794 5162 1990 5217 eodem

412 5272 473 5311 se
504 5272 697 5327 gerere
743 5258 907 5313 modo
944 5259 1128 5329 jussit.
1183 5258 1277 5312 llla
1315 5274 1447 5312 vero
1479 5269 1738 5326 magnum
1787 5254 1987 5308 fastum

415 5363 528 5416 pra:
556 5363 619 5403 se
644 5348 852 5415 ferens,
888 5350 942 5405 in
970 5348 1179 5406 Tiberii
1211 5348 1460 5419 epistolis
1480 5347 1547 5401 ad
1582 5358 1799 5414 tempus
1824 5344 1994 5400 ascri-

416 5438 675 5504 bebatur,
717 5451 884 5511 atque
936 5440 1074 5498 adeo
1119 5457 1220 5512 pro
1275 5440 1513 5511 imperio
1560 5454 1619 5493 se
1650 5437 1898 5508 gerebat.
1928 5444 1994 5491 ut

417 5546 529 5585 non
557 5546 626 5586 ex
658 5547 817 5601 atquo
846 5548 974 5588 cum
1007 5534 1102 5588 illo
1130 5533 1428 5603 imperare,
1468 5531 1565 5586 sed
1598 5528 1827 5584 meliore
1856 5542 1992 5583 con-

419 5622 632 5676 ditione
672 5638 796 5678 esse
837 5624 1043 5678 vellet:
1079 5638 1140 5679 se
1172 5623 1327 5679 illum
1363 5620 1559 5678 fecisse
1604 5620 1991 5687 imperatorem

421 5715 682 5779 slorians.
707 5715 867 5778 Quod
889 5716 1150 5773 Tiberius
1171 5714 1448 5781 principio
1463 5730 1604 5780 aegre
1625 5712 1768 5781 tulit,
1795 5711 1994 5768 deinde

2087 4511 2198 4566 τῶν
2257 4513 2494 4583 ἀρχῆθεν
2562 4515 3036 4587 οίκοδομησάντων
3093 4518 3233 4573 αὐτὰ
3292 4521 3517 4590 κλήσεις
3570 4523 3667 4575 ἐπ-

2089 4604 2297 4675 έγραφε
2335 4608 2509 4674 σφίσι,
2548 4606 2646 4659 καὶ
2690 4607 2878 4660 πόλεσι
2912 4611 3004 4662 καὶ
3025 4609 3260 4673 ἰδιώταις
3288 4611 3546 4682 ἐπήρκει,
3578 4616 3670 4665 καὶ

2086 4697 2195 4750 τῶν
2226 4696 2533 4767 βουλευτῶν
2567 4699 2798 4768 συχνοὺς
2852 4703 3188 4770 πενομένους
3220 4702 3537 4770 ἐπλούτισε,
3574 4705 3667 4758 καί

2089 4786 2155 4840 τὰ
2180 4786 2504 4857 δωρούμενα
2530 4788 2692 4851 εὐθὺς
2735 4790 2969 4860 ὁρῶντος
3018 4794 3185 4847 αὐτοῦ
3230 4794 3544 4863 ἠριθμεῖτο,
3578 4796 3665 4849 ἵνα

2093 4878 2170 4947 μὴ
2210 4879 2260 4931 οἱ
2294 4878 2519 4949 δοτῆρες
2557 4881 2925 4951 νοσφίζωνταί
2970 4901 3022 4937 τι
3068 4884 3269 4946 αὐτῶν,
3303 4885 3463 4950 εἰδὼς
3514 4885 3671 4940 τοῦτο

2089 4972 2184 5023 ἐπὶ
2212 4970 2309 5023 τοῦ
2349 4972 2665 5037 Αὐγούστου
2704 4975 3014 5044 γινόμενον.
3043 4976 3154 5029 Καὶ
3207 4974 3335 5031 οὔτε
3366 4979 3666 5033 ἀπέκτεινέ

2090 5080 2211 5117 τινα
2237 5062 2326 5117 διὰ
2349 5052 2628 5135 χρήματα,
2654 5065 2768 5121 οὔτ’
2793 5068 2984 5123 οὐσίαν
3016 5070 3139 5124 τότε
3187 5071 3493 5141 ἐδήμευσεν
3547 5072 3669 5126 οὐδ-

2097 5155 2241 5217 ενὸς,
2276 5155 2386 5209 οὐδ’
2405 5156 2511 5221 ἔξω
2539 5174 2592 5210 τι
2620 5158 2731 5211 τῶν
2762 5161 3168 5230 νενομισμένων
3204 5162 3667 5232 ἠργυρολόγησεν.

2091 5246 2325 5317 Αἰμιλίῳ
2353 5247 2484 5316 γοῦν
2528 5253 2792 5319 χρήματα
2824 5251 2996 5305 πλείω
3039 5254 3191 5322 παρὰ
3215 5254 3276 5306 τὸ
3305 5253 3669 5323 διατεταγμέ-

2093 5357 2182 5393 νον
2243 5341 2523 5410 πέμψαντι
2578 5342 3014 5407 ἀντεπέστειλεν,
3069 5345 3151 5397 ὅτι
3204 5344 3509 5415 Κείρεσθαί
3565 5361 3670 5415 μου

2093 5433 2163 5482 τὰ
2186 5432 2461 5501 πρόϐατα.
2499 5432 2618 5484 ἀλλ’
2656 5434 2761 5486 οὐκ
2816 5433 3198 5504 ἀποξυρᾶσθαι
3237 5435 3527 5506 βούλομαι.
3561 5436 3672 5488 Καὶ

2096 5524 2422 5595 εὐπρόσοδος
2459 5525 2554 5578 καί
2584 5525 2995 5595 εὐπροσήγορος
3023 5523 3111 5598 ἦν.
3149 5528 3287 5588 Τούς
3312 5545 3373 5581 τε
3398 5529 3669 5598 ἄρχοντας

2096 5617 2171 5677 ὡς
2220 5619 2277 5669 ἐν
2329 5618 2676 5687 δημοκρατίᾳ
2724 5618 2911 5688 ἐτίμα,
2946 5620 3039 5672 καὶ
3072 5623 3184 5683 τοῖς
3208 5621 3436 5683 ὑπάτοις
3498 5621 3671 5672 ὑπαν-

2102 5710 2305 5765 ίστατο.
2350 5710 2457 5764 Καὶ
2504 5710 2614 5773 τοῖς
2659 5710 2894 5781 ἑταίροις
2942 5713 3017 5776 ὡς
3084 5715 3141 5769 ἐν
3207 5714 3447 5779 ἰδιωτείᾳ
3481 5711 3663 5778 συνῆν.
