4018 6250
377 304 479 365 927

1648 295 1973 356 JOANNIS
2012 296 2335 356 ZONARIE

3532 298 3634 360 9‘23

380 419 500 480 rio,
561 413 933 485 suspicionem
993 413 1148 467 necis
1205 411 1516 467 Germanici
1568 409 1793 463 abolere
1860 423 1956 462 eu-

2066 406 2151 459 καὶ
2180 405 2304 458 οὕτε
2331 423 2386 459 τι
2411 407 2547 478 πρὸς
2570 407 2662 460 τὸν
2700 405 2940 477 Δροῦσον
2979 407 3298 476 ἐπίφθονον,
3335 406 3464 461 οὔτε
3500 412 3632 477 πρὸς

382 511 590 578 piente,
622 509 674 562 in
726 517 976 562 senatum
1000 505 1290 570 adductus,
1325 520 1474 558 mora
1500 503 1669 572 petita
1695 543 1709 566 ,
1750 511 1954 556 semet-

383 602 562 671 ipsum
599 601 898 654 interfecit.
959 599 1319 654 Germanicus
1369 605 1482 651 tres
1519 596 1747 664 reliquit
1787 594 1950 655 ﬁlios,

381 707 520 760 quos
543 693 821 760 Augustus
851 691 902 743 in
934 697 1266 744 testamento
1301 703 1400 742 suo
1431 688 1677 743 Caesares
1707 687 1954 756 appella-

387 783 480 834 vit.
526 782 730 835 Eorum
791 793 922 835 natu
972 781 1246 834 maximus
1279 781 1423 834 Nero
1467 793 1581 833 tum
1618 780 1837 832 virilem
1872 788 1956 830 to-

385 888 504 942 gain
543 874 797 942 sumpsit.
828 875 905 927 Ac
947 873 1012 926 ad
1049 874 1154 927 hoc
1196 888 1370 942 usque
1415 880 1629 941 tempus
1674 870 1838 942 549
1865 870 1958 922 Ti-

390 965 576 1018 berius
599 966 836 1034 plurima
870 980 1017 1018 reete
1050 963 1200 1026 fecit,
1228 966 1279 1018 in
1306 965 1498 1034 paucis
1529 963 1783 1032 deliquit.
1818 962 1957 1016 Ger-

387 1057 602 1110 manico
633 1073 766 1110 vero
793 1073 822 1111 e
865 1057 1046 1110 medio
1081 1057 1318 1117 sublato,
1350 1055 1610 1124 paulatim
1646 1068 1826 1106 mores
1859 1053 1960 1104 im-

388 1149 637 1202 mutavit.
683 1148 820 1202 Nam
857 1166 981 1203 eum
1007 1158 1201 1204 uetera
1249 1165 1442 1218 aspere
1481 1147 1790 1216 imperavit,
1844 1153 1956 1198 tum

385 1259 481 1296 eos
513 1259 539 1296 a
572 1242 775 1311 quibus
811 1243 894 1294 vel
926 1243 1042 1310 ipse
1080 1243 1166 1296 vel
1199 1241 1376 1303 Livia,
1409 1241 1495 1293 vel
1533 1241 1815 1308 Augustus
1839 1238 1959 1292 sive

388 1336 537 1388 dicto
570 1337 688 1389 sive
723 1335 868 1389 facto
901 1335 1090 1388 violati
1122 1345 1330 1396 essent,
1372 1341 1628 1400 tanquam
1662 1329 1960 1398 impietatis

388 1441 512 1480 reos
542 1427 842 1481 crudeliter
889 1427 1197 1481 tractavit:
1253 1434 1444 1479 contra
1485 1423 1812 1477 insidiarum
1865 1436 1961 1475 su-

386 1530 605 1587 spectos
634 1518 1011 1582 inexorabilis,
1043 1517 1286 1571 Tandem
1338 1516 1640 1571 ostendens
1681 1514 1960 1582 aliquibus

388 1627 446 1664 se
475 1612 615 1665 velle
639 1611 778 1664 mori
801 1611 1036 1678 aliquos,
1067 1610 1292 1663 illorum
1321 1624 1487 1678 opera
1513 1608 1615 1662 hos
1640 1606 1956 1662 occidebat:

391 1705 553 1774 idque
569 1721 676 1758 non
699 1703 1372 1758 dissimulanter-faciebat.
1393 1703 1683 1757 Potentum
1709 1701 1957 1754 omnium

388 1796 532 1850 diem
591 1807 646 1852 et
705 1797 894 1850 horam
939 1795 1174 1850 natalem
1227 1794 1581 1864 inquirebat,
1631 1792 1959 1862 itaqueifata

389 1893 656 1960 cujusque
697 1891 1008 1960 indagabat.
1037 1889 1275 1946 Proinde
1302 1888 1487 1943 Galbae
1513 1887 1605 1956 qui
1634 1895 1758 1956 post
1784 1885 1961 1954 impe~

389 1983 551 2045 ravit,
581 1983 797 2036 obviam
839 1982 1034 2045 factus,
1078 1981 1218 2034 dixit
1247 1998 1259 2032 :
1303 1981 1370 2034 Et
1409 1990 1464 2033 tu
1492 1980 1782 2048 aliquando
1808 1981 1961 2048 prin-

390 2076 624 2142 cipatum
655 2075 974 2144 degustabis.
1019 2072 1277 2142 Pepercit
1310 2082 1492 2126 autem
1546 2073 1620 2135 ei,
1656 2072 1782 2140 quia
1811 2072 1964 2125 dice-

389 2169 503 2230 bat,
526 2183 652 2222 eum
679 2167 732 2220 in
763 2174 1068 2228 senectute,
1104 2175 1160 2219 et
1189 2166 1351 2233 longe
1382 2174 1506 2233 post
1542 2180 1704 2217 suum
1748 2164 1962 2217 obitum

390 2259 814 2325 imperaturum.
847 2255 1057 2309 Deinde
1093 2270 1216 2309 cum
1249 2256 1424 2308 Druso
1451 2255 1804 2308 consulatum
1838 2269 1966 2323 ges-

389 2351 481 2410 sit,
511 2348 656 2402 unde
689 2347 844 2401 multi
884 2347 1043 2401 Drusi
1082 2346 1369 2399 interitum
1411 2346 1754 2399 divinarunt.
1791 2345 1965 2400 Nemo

390 2442 538 2493 enim
589 2439 798 2493 Tiberii
841 2439 894 2491 in
938 2439 1224 2491 consulatu
1255 2438 1459 2506 collega
1490 2438 1784 2492 violentam
1817 2453 1968 2492 mor-

391 2543 499 2586 tem
526 2531 793 2586 evitarat:
817 2540 938 2599 post
956 2531 1102 2584 enim
1134 2546 1344 2585 veneno
1376 2531 1558 2600 periit.
1580 2531 1715 2584 Nam
1737 2529 1968 2586 Seianus

390 2622 636 2691 quidam,
667 2621 831 2675 homo
855 2624 994 2690 apud
1026 2622 1306 2675 Tiberium
1340 2633 1533 2689 potens
1564 2631 1621 2676 et
1655 2622 1964 2690 superbus,

391 2728 514 2767 cum
550 2713 723 2767 Druso
751 2713 1048 2782 aliquando
1080 2714 1293 2781 alapam
1356 2712 1642 2776 dedisset,
1689 2729 1864 2782 eaque
1901 2714 1968 2770 de

390 2820 553 2860 causa
601 2815 657 2859 et
701 2806 877 2874 ipsum
925 2816 979 2860 et
1032 2805 1315 2861 Tiberium
1348 2815 1640 2870 metueret,
1695 2809 1968 2879 simulque

391 2911 662 2970 speraret,
710 2900 886 2953 Druso
922 2898 1162 2959 sublato,
1200 2897 1483 2953 Tiberium
1530 2899 1632 2953 sibi
1669 2899 1840 2969 magis
1868 2914 1967 2968 op-

390 3001 688 3060 portunum
738 2989 901 3043 fore:
952 3005 1053 3058 per
1089 2989 1356 3058 quosdam
1391 2989 1681 3044 ministros
1729 3000 1784 3043 et
1832 3005 1968 3043 uxo-

390 3099 543 3147 rem,
599 3084 715 3138 sive
752 3083 952 3138 Juliam
989 3082 1104 3137 sive
1136 3083 1347 3136 Liviam
1385 3085 1532 3148 (nam
1574 3084 1876 3153 scriptores
1912 3084 1964 3137 in
1997 3109 2033 3152 ιλ

391 3175 616 3228 nomine
643 3173 882 3238 variant)
916 3184 1108 3241 stupro
1139 3171 1244 3226 sibi
1276 3172 1580 3242 cognitam,
1612 3189 1886 3227 venenum
1911 3173 1964 3227 ei

391 3263 727 3332 propinavit.
789 3262 920 3330 Ejus
961 3263 1040 3314 sic
1090 3262 1266 3315 necati
1315 3273 1547 3316 mortem
1601 3263 1855 3318 Tiberius
1909 3265 1962 3318 in

392 3351 546 3405 curia
578 3351 923 3420 deploravit,
969 3360 1027 3405 et
1063 3351 1336 3405 Neronem
1361 3367 1426 3407 ac
1461 3354 1697 3407 Drusum
1734 3353 1964 3409 Gcrma-
2009 3394 2016 3402 .

393 3446 500 3498 nici
552 3445 759 3498 liberos
784 3443 1000 3497 senatui
1050 3444 1476 3497 cmumendavit.
1523 3446 1759 3500 Drusum
1796 3446 1963 3500 cada-

389 3552 517 3590 vere
544 3537 663 3605 ejus
700 3551 798 3602 pro
838 3536 1032 3589 rostris
1061 3537 1371 3603 proposito,
1398 3537 1542 3591 Nero
1579 3554 1748 3607 gener
1773 3538 1964 3594 lauda-

386 3627 484 3680 vit.
515 3625 786 3679 Caeterum
820 3625 940 3694 ejus
984 3625 1244 3680 interitus
1287 3629 1475 3681 multis
1521 3644 1687 3683 causa
1735 3630 1842 3682 fuit
1883 3631 1966 3683 in-

387 3719 604 3780 teritus,
657 3717 804 3786 quod
857 3719 976 3785 ejus
1033 3733 1166 3772 nece
1225 3719 1390 3772 lzetati
1435 3736 1559 3774 esse
1615 3721 1962 3779 viderentur.

385 3809 518 3864 Nam
572 3823 771 3878 prmter
804 3812 940 3864 alios
987 3813 1229 3878 multos,
1281 3813 1446 3867 etiam
1500 3814 1795 3885 Agrippina
1838 3834 1962 3872 cum

384 3901 596 3962 liberis,
641 3901 750 3954 lilio
780 3911 912 3954 natu
948 3901 1179 3956 minimo
1221 3912 1474 3973 excepto,
1508 3905 1718 3960 interiit
1751 3926 1763 3961 :
1805 3908 1964 3965 Tibe-

387 3993 469 4046 rio
521 4003 714 4047 contra
769 3995 948 4064 ipsum
998 3995 1363 4050 vehementer
1404 3996 1618 4051 irritato
1655 4014 1682 4051 a
1740 4000 1960 4068 Seiano,

384 4085 475 4153 qui
512 4085 602 4139 illa
638 4101 762 4139 cum
789 4087 979 4141 liberis
1014 4088 1229 4142 sublata
1255 4128 1270 4153 ,
1303 4102 1459 4157 spem
1487 4091 1724 4160 conjugii
1770 4093 1960 4158 Liviae,

381 4176 561 4230 viduze
600 4178 758 4231 Drusi
785 4220 797 4237 ,
827 4195 991 4246 quam
1036 4179 1348 4244 adamabat,
1407 4188 1464 4234 et
1504 4181 1718 4250 imperii
1761 4183 1961 4249 alebat,

383 4283 506 4323 cum
549 4268 808 4322 Tiberius
857 4269 1066 4322 nullum
1106 4285 1483 4324 successorem
1520 4271 1770 4325 haberet.
1823 4273 1960 4326 Nam

385 4367 636 4427 nepotem
673 4376 738 4413 ex
783 4360 914 4424 lilio,
947 4370 1006 4414 ut
1036 4362 1407 4416 adulterinum
1447 4363 1640 4418 oderat
1671 4382 1686 4421 :
1738 4374 1794 4418 et
1825 4365 1964 4420 alios

2052 498 2142 550 τὸν
2176 497 2431 568 Τιϐέριον
2460 500 2634 552 ἐποίει
2661 499 2951 553 ἐπίϐουλον
2979 517 2995 531 ·
3026 500 3123 552 καὶ
3151 499 3458 569 δυνάμενος
3483 503 3634 570 παρα

2053 604 2113 639 τε
2140 588 2248 640 τῶν
2283 590 2633 658 στρατιωτῶν
2663 590 2904 643 ἑκόντων
2937 591 3032 642 καὶ
3060 591 3160 659 τῆς
3188 590 3387 659 βουλῆς
3414 592 3514 644 καὶ
3540 591 3632 643 τοῦ

2053 679 2226 748 δήμου
2276 679 2376 749 τὴν
2422 681 2596 749 ἀρχὴν
2634 680 2734 752 τὴν
2788 682 3171 752 αὐτοκράτορα
3209 683 3503 752 λήψεσθαι,
3536 683 3636 736 ούκ

2053 773 2338 842 ἠθέλησεν.
2384 774 2443 827 Ὀ
2472 775 2528 826 δὲ
2553 775 2762 827 Πείσων
2792 775 2970 846 χρόνῳ
3001 773 3231 844 ὕστερον
3256 779 3336 838 είς
3361 779 3460 846 τὴν
3495 775 3637 828 Ῥώ-

2059 881 2166 934 μην
2200 865 2614 933 ἀνακομισθεὶς,
2649 866 2745 918 καὶ
2799 868 2893 919 ἐπὶ
2947 866 3027 937 τῷ
3060 867 3208 938 φόνῳ
3262 867 3357 919 τοῦ
3420 868 3638 936 Γερμα-

2055 957 2207 1008 νικοῦ
2247 959 2328 1018 είς
2365 961 2426 1010 τὸ
2459 956 2842 1029 βουλευτήριον
2873 960 2966 1012 ὐπ’
3009 959 3178 1013 αὑτοῦ
3237 959 3330 1012 τοῦ
3377 960 3639 1028 Τιϐερίου

2057 1046 2348 1115 εἰσαχθεὶς,
2378 1047 2806 1118 διακρουομένου
2860 1048 2960 1118 τὴν
2991 1048 3230 1118 ὑποψίαν
3285 1048 3383 1118 τὴν
3427 1048 3524 1100 ἐπὶ
3571 1051 3639 1118 τῇ

2058 1139 2235 1208 φθορᾷ
2290 1141 2383 1191 τοῦ
2438 1139 2805 1210 Γερμανικοῦ,
2868 1140 2964 1193 καὶ
3026 1139 3300 1210 ἀναϐολὴν
3368 1141 3642 1208 αἰτήσας,

2060 1230 2252 1283 ἑαυτὸν
2283 1233 2686 1302 κατεχρήσατο.
2738 1231 2864 1285 Ἐπὶ
2897 1232 3044 1302 τρισὶ
3067 1231 3110 1284 δ’
3163 1233 3338 1284 υἱέσιν
3369 1234 3397 1284 6
3427 1232 3647 1300 Γερμα-

2060 1325 2207 1383 νικὸς
2233 1323 2606 1394 ἐτελεύτησεν,
2622 1323 2716 1388 οὒς
2736 1326 2764 1378 6
2781 1323 3092 1394 Αὔγουστος
3115 1327 3174 1377 ἐν
3202 1328 3323 1386 ταῖς
3353 1325 3645 1392 διαθήκαις

2061 1414 2226 1468 αὑτοῦ
2303 1415 2556 1484 ὠνόμασε
2632 1416 2947 1483 Καίσαρας.
3010 1415 3228 1467 Τούτων
3299 1416 3327 1468 6
3401 1413 3648 1484 πρεσϐύ-

2061 1523 2218 1567 τατος
2269 1506 2460 1575 Νέρων
2502 1504 2643 1558 κατά
2698 1508 2789 1558 τὸν
2839 1507 3030 1575 χρόνον
3083 1506 3296 1556 ἐκεῖνον
3342 1506 3455 1564 τοῖς
3511 1504 3648 1572 ἐφή.

2063 1598 2179 1661 6οις
2243 1596 2660 1666 κατηριθμήθη.
2712 1597 2893 1668 Μέχρι
2967 1597 3068 1665 μὲν
3128 1596 3224 1650 οὖν
3287 1595 3382 1648 τοῦ
3447 1597 3646 1664 χρόνου

2061 1689 2252 1742 τούτου
2291 1689 2519 1743 πλεῖστα
2547 1690 2804 1760 χρηστὰὸ
2838 1689 3088 1760 Τιϐέριος
3125 1690 3353 1759 ἔπραξε,
3387 1691 3484 1742 καὶ
3510 1690 3642 1758 βραο

2065 1781 2164 1850 χέα
2199 1781 2530 1850 ἐξήμαρτεν.
2577 1781 2728 1834 Ἐπεὶ
2764 1781 2810 1835 δ’
2853 1784 2882 1834 ὁ
2928 1783 3268 1854 Γερμανικὸς
3309 1784 3557 1839 ἐκποδῶν
3596 1785 3646 1836 ut

2064 1874 2303 1940 ἐγένετο,
2357 1874 2474 1926 κατ’
2527 1872 2709 1943 ὀλίγον
2758 1873 3039 1945 ἠλλοίωτο.
3099 1876 3180 1928 Τά
3228 1893 3287 1929 τε
3351 1877 3462 1946 γὰρ
3511 1875 3649 1929 ἄλλα

2066 1963 2272 2032 ἀγρίως
2305 1959 2464 2035 ἦρχε,
2497 1966 2591 2020 καὶ
2621 1970 2731 2030 τοῖς
2754 1968 2834 2029 είς
2862 1966 3029 2019 αὐτὸν
3063 1966 3096 2037 ἢ
3123 1967 3222 2038 τὴν
3250 1969 3464 2038 μητέρα
3495 1969 3528 2039 ἢ
3558 1970 3651 2022 τὸν

2066 2055 2375 2123 Αὔγουστον
2437 2057 2674 2128 πράξασί
2732 2075 2786 2110 τι
2845 2058 2880 2127 ἦ
2936 2059 3185 2112 εἰποῦσιν
3250 2061 3650 2130 ἀνεπιτήδειον,

2067 2148 2292 2217 ἀπηνῶς
2342 2148 2418 2212 ὡς
2469 2151 2770 2220 ἀσεϐήσασι
2827 2153 3220 2222 προσεφέρετο,
3257 2155 3350 2206 καὶ
3397 2155 3480 2216 εἰς
3524 2154 3651 2216 τοὺς

2068 2241 2471 2310 ὑπονοηθέντας
2531 2242 2907 2297 ἐπιϐουλεύειν
2944 2243 3093 2314 αὐτῷ
3132 2246 3512 2316 ἀπαραίτητος
3557 2243 3646 2316 ἦν.

2071 2333 2211 2404 Ἤδη
2243 2333 2298 2385 δὲ
2325 2334 2419 2385 καὶ
2447 2334 2859 2405 ἐνδεικνύμενος
2888 2354 3034 2389 τισιν
3063 2337 3146 2390 ὅτι
3180 2337 3431 2406 βούλεται
3459 2339 3653 2390 τεθνά-

2068 2441 2156 2476 ναι
2211 2425 2384 2488 τινάς,
2413 2425 2482 2478 δι’
2530 2427 2754 2480 ἐκείνων
2817 2429 2962 2496 σφᾶς
3014 2431 3364 2495 ἀπεκτίννυε,
3403 2432 3500 2484 καὶ
3549 2434 3652 2484 οὐκ

2072 2514 2328 2568 ἐλάνθανε
2379 2516 2554 2570 ταῦτα
2610 2518 2800 2572 ποιῶν.
2843 2520 3106 2590 Ἐξήταζὲ
3152 2539 3208 2574 τε
3247 2522 3355 2574 τῶν
3403 2523 3650 2576 δυνατῶν

2071 2606 2303 2660 ἑκάστου
2335 2608 2434 2677 τὴν
2459 2608 2674 2680 ήμέραν
2710 2610 2805 2663 καὶ
2845 2610 2944 2680 τὴν
2976 2611 3126 2681 ὥραν
3155 2614 3215 2664 ἐν
3335 2613 3648 2682 γεγέννητο,

2071 2699 2168 2751 καὶ
2199 2696 2345 2752 οὕτω
2392 2699 2452 2752 τὸ
2501 2701 2870 2771 πεπρωμένον
2915 2704 3130 2774 ἑκάστῳ
3165 2705 3466 2774 ἐξηρεύνα’
3509 2706 3648 2759 ὥστε

2073 2794 2168 2847 καὶ
2196 2794 2273 2864 τῷ
2296 2795 2333 2846 Γ
2338 2793 2477 2865 ἀλϐα
2498 2793 2576 2865 τῷ
2603 2797 2742 2866 μετά
2767 2796 3378 2875 ταῦτααύταρχὴσαντι
3406 2801 3664 2870 ἀπαντή-Δ

2073 2905 2193 2952 σας,
2231 2887 2360 2957 ἔφη,
2415 2889 2522 2964 Kal
2571 2889 2653 2943 σύ
2709 2905 2855 2944 ποτε
2906 2888 3017 2958 τῆς
3063 2892 3385 2961 ἡγεμονίας
3436 2895 3648 2960 γεύσῃ.

2083 2979 2368 3049 Ἐφείσατο
2408 2981 2465 3033 δὲ
2509 2981 2698 3046 αὐτοῦ,
2739 2982 2911 3050 λέγων
2945 2985 3028 3036 ὅτι
3067 2985 3124 3035 ἐν
3170 2984 3346 3054 γήρᾳ,
3383 2985 3480 3036 καὶ
3515 2987 3651 3053 μετὰ

2071 3075 2206 3128 πολὺ
2273 3077 2374 3146 τῆς
2434 3075 2690 3145 τελευτῆς
2747 3077 2911 3132 αὐτοῦ
2970 3077 3148 3150 ἄρξει.
3201 3073 3333 3132 Εἶτα
3375 3081 3518 3148 μετὰ
3560 3078 3652 3132 τοῦ

2072 3170 2307 3238 Δρούσου
2343 3169 2647 3222 ὑπάτευσεν
2680 3171 2708 3221 6
2728 3169 3001 3240 Τιϐέριος,
3035 3170 3159 3224 ὅθεν
3195 3171 3381 3224 πολλοὶ
3412 3173 3506 3224 τὸν
3538 3173 3652 3225 ὄλε-

2073 3255 2200 3328 θρον
2235 3259 2297 3309 ἐκ
2346 3257 2538 3310 τούτου
2576 3257 2670 3310 τοῦ
2708 3259 2947 3330 Δρούσου
2992 3261 3508 3330 προεμαντεύσαντο
3579 3263 3652 3314 Ού

2072 3349 2181 3419 γὰρ
2240 3350 2388 3401 ἐστιν
2442 3351 2591 3412 ὅστις
2641 3349 2752 3403 τῶν
2805 3354 3334 3408 συνυπατευσάντων
3385 3354 3538 3424 αύτῷ
3591 3355 3652 3408 ού

2075 3439 2264 3508 βιαίως
2291 3441 2533 3494 ἀπέθανε
2554 3456 2569 3472 ⁸
2598 3442 2735 3510 μετὰ
2766 3442 2938 3497 ταῦτα
2970 3446 3078 3516 γὰρ
3103 3447 3382 3518 φαρμάκῳ
3409 3447 3651 3502 διώλετο.

2072 3531 2294 3592 Σεῖανὸς
2333 3531 2443 3601 γάρ
2488 3549 2571 3595 τις
2613 3533 2758 3602 μέγα
2791 3537 2944 3604 παρά
2986 3537 3064 3606 τῷ
3103 3539 3342 3609 Τιϐερίῳ
3378 3540 3652 3612 δυνηθεὶς,

2073 3622 2166 3673 καὶ
2211 3621 2516 3689 ὑπέρογκος
2557 3623 2808 3692 γεγονὼς,
2851 3627 2958 3691 πὺξ
3002 3628 3153 3698 αύτῷ
3189 3646 3319 3683 ποτε
3384 3631 3651 3699 ἐντείνας,

2073 3714 2180 3764 κάκ
2208 3714 2400 3767 τούτου
2440 3715 2624 3778 δείσας
2667 3718 2920 3770 κάκεῖνον
2967 3720 3185 3772 καὶτὸν
3215 3721 3489 3792 Τιϐέριον,
3537 3725 3654 3792 ἅμα

2072 3805 2165 3856 καὶ
2194 3806 2572 3875 προσδοκήσας
2599 3808 2665 3861 ἂν
2689 3808 2780 3862 τδν
2800 3810 3037 3878 Δροῦσον
3062 3815 3494 3884 κατεργάσηται.
3525 3817 3654 3886 ῥᾷον

2075 3898 2558 3967 μεταχειρίσασθαι
2594 3901 2688 3954 τὸν
2723 3902 2995 3974 Τιϐέριον,
3049 3905 3342 3974 φάρμακόν
3397 3926 3450 3960 τι
3503 3909 3653 3978 αύτῷ

2070 3988 2157 4040 διά
2209 4006 2370 4042 τινων
2420 3990 2774 4061 θεραπόντων
2820 3997 2915 4048 καὶ
2959 3996 3050 4050 διὰ
3104 3998 3204 4066 τῆς
3255 4000 3536 4065 γυναικὸς,
3587 4002 3653 4069 ῆν

2085 4081 2330 4145 Ἰουλίαν,
2353 4084 2530 4154 ἕτεροι
2569 4084 2626 4136 δὲ
2668 4087 2864 4140 Λιϐίαν
2895 4088 3168 4158 γράφουσι
3209 4090 3322 4156 (καὶ
3353 4091 3464 4159 γάρ
3499 4091 3652 4160 ἐμοί-

2073 4190 2232 4241 χευεν
2257 4175 2454 4244 αὐτὴν)
2482 4177 2704 4230 ἔδωκεν.
2752 4176 2806 4232 ’0
2838 4181 2938 4246 μὲν
2965 4180 3058 4234 οὖν
3080 4180 3251 4244 οὕτως
3285 4183 3554 4236 ἀπώλετο.
3596 4184 3650 4234 ’0

2071 4265 2128 4317 δέ
2159 4282 2221 4332 γε
2246 4266 2500 4336 Τιϐέριος
2528 4269 2610 4331 εἰς
2645 4268 2705 4322 τὸ
2736 4271 3015 4340 συνέδριον
3045 4275 3398 4342 ἀφικόμενος,
3442 4275 3650 4328 ἐκεῖνόν

2070 4371 2130 4408 τε
2163 4356 2510 4427 ἀπωδύρατο,
2544 4359 2638 4410 καὶ
2668 4360 2760 4412 τὸν
2785 4346 3020 4431 Νέρωνα
3050 4361 3142 4414 τόν
3178 4379 3239 4416 τε
3265 4363 3506 4431 Δροῦσον
3524 4365 3649 4428 τοὺς

387 4450 589 4502 mullos
639 4450 760 4503 aliis
809 4459 970 4518 atque
1003 4453 1126 4506 aliis
1169 4453 1237 4506 de
1267 4453 1483 4519 causis,
1537 4454 1633 4508 sed
1681 4455 1963 4524 plerisque

2069 4446 2166 4500 τοῦ
2203 4449 2541 4518 Γερμανικοῦ
2575 4450 2772 4514 παῖδας
2813 4454 2879 4522 τῇ
2912 4454 3178 4524 γερουσία
3208 4456 3648 4526 παρακατέθετο,

387 4541 660 4598 conﬁctis.
697 4541 781 4594 vel
833 4541 885 4594 in
935 4543 1187 4598 exsilium
1227 4545 1500 4607 mittebat,
1529 4546 1614 4599 vel
1658 4545 1964 4600 occidebat.

383 4631 685 4697 Quemdam
726 4633 819 4702 qui
859 4634 1087 4688 Caesaris
1139 4643 1196 4691 et
1238 4635 1470 4706 Augusti
1509 4653 1592 4691 res
1625 4647 1828 4707 gestas,
1865 4655 1963 4693 ne-

384 4741 492 4793 quc
526 4725 828 4794 quidquam
877 4736 1057 4780 tamen
1091 4738 1284 4782 contra
1327 4745 1426 4784 eos
1473 4730 1795 4798 scripserat,
1833 4747 1965 4800 sup-

385 4817 551 4884 plicio
581 4817 766 4872 all‘ecit
791 4837 803 4871 :
841 4827 897 4872 et
927 4818 1106 4887 ipsum
1140 4819 1301 4889 550
1329 4823 1618 4891 scriptum,
1644 4823 1963 4893 ubicunque

384 4910 628 4977 reperire
669 4910 871 4978 potuit,
908 4910 1141 4967 exussit.
1192 4914 1338 4981 quod
1378 4915 1504 4968 illus
1539 4932 1644 4969 non
1682 4926 1958 4973 ornasset.

384 5001 683 5068 Plerosque
718 5002 876 5069 quasi
909 5001 1016 5055 sibi
1057 5003 1492 5065 maledixisscnt.
1532 5007 1813 5063 interiecit
1849 5027 1863 5062 :
1904 5019 1961 5064 ct

386 5093 626 5148 Sabinus
677 5094 904 5163 quidam
959 5095 1030 5149 ob
1082 5095 1633 5166 hujusmodicrimen
1671 5102 1724 5155 in
1775 5116 1957 5156 carce-

383 5199 496 5236 rem
545 5187 828 5256 conjectura
862 5195 918 5240 et
949 5191 1168 5242 occisus
1219 5200 1324 5254 est,
1356 5200 1413 5244 et
1459 5193 1698 5246 cadaver
1730 5195 1851 5262 ejus
1903 5196 1957 5248 in

382 5274 626 5329 Tiberim
678 5278 977 5347 abjectum.
1014 5280 1070 5332 Id
1113 5281 1328 5338 facinus
1373 5298 1499 5337 cum
1547 5301 1646 5353 per
1697 5299 1754 5338 se
1800 5297 1956 5340 atrox

380 5367 583 5429 visum,
627 5379 741 5422 tum
772 5386 870 5438 per
909 5370 1100 5425 Sabini
1133 5389 1326 5428 canem
1361 5378 1604 5430 atrocius
1643 5377 1868 5432 factum.
1906 5380 1958 5434 ls

381 5457 528 5509 enim
571 5473 696 5512 cum
733 5461 870 5516 hero
893 5477 993 5516 suo
1025 5479 1305 5519 carcerem
1337 5467 1618 5536 ingressus
1652 5479 1758 5529 est,
1792 5481 1848 5524 et
1874 5471 1960 5524 in-

383 5538 613 5601 terter-to
657 5551 885 5616 assedit,
927 5564 1080 5607 eteo
1111 5556 1162 5608 in
1199 5557 1562 5625 proﬂuentem
1601 5560 1816 5629 abjecto
1840 5561 1956 5624 ipse

383 5651 603 5704 quoque
635 5651 694 5690 sc
728 5637 1066 5706 praecipitem
1094 5642 1270 5698 dedit.
1312 5645 1436 5700 llaec
1467 5663 1637 5714 pauca
1659 5653 1726 5702 de
1767 5651 1955 5704 multis

385 5739 814 5784 tounncmorata
840 5720 990 5785 sunt.
1021 5731 1172 5788 Livia
1213 5748 1398 5792 autem
1432 5755 1578 5793 anno
1610 5741 1786 5796 a-latis
1811 5758 1862 5795 γι
1896 5752 1954 5797 et

2069 4541 2161 4592 καὶ
2194 4540 2256 4593 τὸ
2294 4541 2459 4610 σῶμα
2496 4541 2589 4594 τοῦ
2624 4543 2868 4614 Δρούσου
2901 4546 3178 4618 προύτέθη
3216 4549 3311 4601 ἐπὶ
3347 4548 3442 4601 τοῦ
3471 4551 3652 4619 βήμαο

2067 4649 2157 4694 τος
2182 4649 2197 4664 ’
2229 4633 2326 4686 καὶ
2355 4635 2382 4686 6
2413 4634 2608 4704 Νέρων
2646 4635 2896 4706 γαμϐρὸς
2923 4637 3090 4690 αὑτοῦ
3128 4637 3205 4690 ῶν
3239 4639 3500 4701 ἐπαίνους
3562 4640 3650 4693 ἐπ’

2066 4725 2216 4794 αύτῷ
2245 4721 2424 4779 εἶπεν.
2462 4727 2521 4779 '0
2557 4727 2613 4778 δὲ
2653 4728 2718 4796 δὴ
2766 4728 2998 4792 θάνατος
3024 4730 3189 4782 αὑτοῦ
3225 4731 3444 4795 πολλοῖς
3473 4732 3652 4798 αἴτιος

2069 4819 2299 4871 θανάτου
2327 4818 2565 4886 ἐγένετο,
2605 4821 2681 4881 ῶς
2736 4822 3024 4890 ὲφησθεῖσι
3071 4827 3135 4895 τῇ
3167 4825 3416 4896 ἀπωλείᾳ
3457 4827 3646 4885 αὐτοῦ.

2067 4911 2261 4962 Πολλοί
2288 4925 2347 4962 τε
2378 4911 2488 4980 γὰρ
2527 4913 2622 4966 καὶ
2668 4913 2815 4966 ἄλλοι
2864 4915 3140 4978 διώλοντο,
3185 4917 3281 4970 καὶ
3314 4917 3648 4987 Ἀγριππίνα

2069 5002 2206 5071 μετὰ
2231 5000 2338 5054 τῶν
2359 5003 2565 5056 παίδων
2600 5004 2797 5072 αὐτῆς,
2826 5005 2922 5057 τοῦ
2955 5008 3226 5060 νεωτάτου
3255 5011 3444 5079 χωρίς.
3468 5011 3646 5065 Πολλὰ

2067 5094 2174 5162 γὰρ
2217 5093 2340 5146 κατ’
2369 5095 2538 5162 αὐτῆς
2569 5096 2597 5146 ὁ
2631 5097 2851 5159 Σεῖανὸς
2895 5099 3187 5167 παρώξυνε
3227 5101 3320 5154 τὸν
3371 5102 3642 5171 Τιϐέριον,

2067 5184 2451 5255 προσδοκήσας
2484 5186 2704 5252 ἐκείνης
2743 5189 2882 5258 μετά
2911 5191 3021 5242 τῶν
3046 5192 3256 5246 τέκνων
3291 5195 3644 5264 ἀπολομένης

2064 5279 2129 5346 τῇ
2162 5296 2222 5330 τε
2255 5278 2422 5349 Λιϐίᾳ.
2449 5281 2794 5349 συνοικήσειν
2817 5284 2881 5351 τῇ
2907 5283 3001 5334 τοῦ
3034 5283 3272 5354 Δρούσου
3301 5288 3542 5353 γυναικὶ.
3573 5283 3642 5359 ἧς

2061 5371 2191 5440 ἦρα,
2224 5372 2319 5423 καὶ
2355 5371 2417 5422 τὸ
2446 5371 2647 5442 κράτος
2673 5372 2837 5436 ἕξειν,
2868 5375 3096 5443 μηδενδς
3127 5377 3204 5447 τῷ
3237 5380 3474 5449 Τιϐερίῳ
3504 5399 3640 5448 τυγ-

2061 5464 2317 5530 χάνοντος
2352 5461 2617 5533 διαδόχου.
2653 5465 2758 5516 Τὸν
2803 5465 2910 5535 γὰρ
2958 5467 3136 5520 ὑῖδοῦν
3189 5470 3372 5538 ἐμίσει
3424 5474 3501 5534 ὡς
3544 5475 3639 5525 καὶ

2063 5553 2347 5621 μοιχίδιον,
2373 5557 2465 5607 καὶ
2493 5557 2687 5618 ἄλλους
2716 5557 2773 5610 δὲ
2810 5558 3037 5622 πολλοὺς
3067 5560 3161 5614 ἐπὶ
3194 5561 3382 5625 ἄλλαις
3418 5565 3512 5616 καὶ
3541 5564 3632 5617 ἄλο

2059 5648 2181 5712 λαις
2227 5651 2452 5718 αἰτίαις,
2483 5655 2607 5716 ταῖς
2633 5653 2689 5704 δέ
2721 5669 2782 5720 γε
2818 5655 3030 5708 πλείοσι
3073 5658 3509 5721 πεπλασμέναις,
3538 5657 3630 5710 καὶ

2058 5741 2415 5810 ἐφυγάδευσε,
2441 5744 2534 5802 καὶ
2559 5745 2852 5814 διεφθειρε.
2886 5748 2991 5801 Καί
3015 5765 3155 5814 τινα,
3185 5749 3266 5802 ὅτι
3294 5748 3356 5802 τά
3382 5748 3474 5803 τοῦ
3499 5747 3634 5801 Kai-
