4018 6250
365 287 476 348 929

362 492 486 544 κατ’
520 491 751 543 ἐκείνων
787 492 1235 561 συγγεγραφότα,
1273 494 1522 560 ἐκόλασε,
1562 496 1658 549 καὶ
1710 495 1771 548 τὸ
1815 495 1947 563 σύγ-

361 600 601 656 γραμμα
655 584 809 637 ὅπου·
835 583 898 653 δὴ
941 580 1051 637 ’καὶ
1085 585 1284 656 εὑρέθη
1339 585 1703 650 κατέκαυσεν,
1736 587 1818 639 ὃτι
1867 587 1944 658 μή

355 674 608 736 ἐκείνους
654 675 940 744 ὲσέμνυνε.
975 676 1234 739 Πλείονας
1277 676 1336 729 δὲ
1381 677 1456 740 ὡς
1490 678 1655 730 αὐτὸν
1695 676 1941 749 βλασφηο

365 765 610 837 μοῦντας
659 765 956 836 διέφθειρε.
1001 767 1112 821 Καί
1150 785 1236 831 τις
1284 768 1517 831 Σαϐῖνος
1576 769 1667 823 ἐπὶ
1714 772 1944 842 τοιαύτῃ

360 859 766 929 κατηγορηθεὶς
800 859 974 929 αίτίᾳ,
1012 860 1092 924 εἰς
1122 860 1185 912 τὸ
1218 860 1596 932 δεσμωτήριον
1616 861 1942 934 καθείρχθη,

359 944 484 1002 εἶτα
515 952 608 1003 καὶ
644 949 936 1019 ἐφονεύθη,
964 949 1060 1003 καὶ
1091 950 1151 1003 τὺ
1178 952 1338 1021 σῶμα
1364 951 1533 1006 αὑτοῦ
1554 954 1635 1016 είς
1659 953 1752 1007 τὸν
1778 970 1946 1007 ποτα-

365 1043 467 1109 μὸν
521 1042 724 1112 ἐρρίφη
773 1042 883 1097 Καὶ
933 1042 1106 1094 δεινὸν
1159 1044 1257 1110 μὲν
1286 1043 1444 1097 τοῦτο
1486 1046 1581 1098 καὶ
1615 1046 1736 1101 καθ’
1780 1045 1944 1100 ἑαυτὸ

332 1133 568 1217 ’ἀπασιν
600 1129 702 1203 ἦν·
736 1133 988 1187 ἑδείνωσε
1022 1132 1067 1186 δ’
1110 1133 1245 1188 αὐτὸ
1286 1134 1382 1187 ἐπὶ
1428 1134 1617 1190 πλεῖον
1665 1136 1813 1190 κύων
1858 1153 1944 1201 τις
2008 1152 2011 1153 ⁷

360 1225 457 1278 τοῦ
489 1224 745 1290 Σαϐίνου,
778 1223 1138 1278 συνεισελθὼν
1180 1242 1238 1278 τε
1274 1225 1423 1297 αὐτῷ
1452 1228 1534 1290 είς
1562 1227 1625 1280 τὸ
1658 1227 1946 1301 δεσμωτή-

366 1332 505 1386 ριον.
536 1316 632 1369 καὶ
659 1315 991 1370 ἀποθανόντι
1029 1318 1398 1388 παραμείνας,
1431 1317 1527 1371 καὶ
1552 1319 1632 1381 είς
1656 1318 1748 1371 τὸν
1778 1336 1947 1372 ποτα-

364 1407 465 1476 μὸν
492 1408 704 1478 ριφέντι
728 1408 1124 1466 συνεισπεσὼν.
1158 1408 1346 1463 Ταῦτα
1379 1410 1560 1482 ταύτῃ
1579 1411 1821 1478 ἐγένετο,
1848 1413 1943 1465 καὶ

356 1500 429 1552 ἐκ
454 1499 565 1552 τῶν
602 1499 818 1553 πολλῶν
850 1500 1007 1568 ὀλίγα
1034 1502 1342 1573 ἱστόρηται.
1391 1503 1458 1556 Ἦ
1494 1501 1551 1555 δὲ
1577 1502 1739 1556 Λιϐία
1774 1502 1943 1574 ὑπέρ-

360 1608 546 1661 γηρως
606 1595 866 1661 γεγονυῖα
921 1593 1274 1662 μετήλλαξεν,
1322 1594 1382 1662 ἒξ
1431 1593 1646 1665 ζήσασα
1690 1594 1786 1664 ἔτη
1846 1597 1942 1651 καὶ

357 1683 719 1752 ὀγδοήκοντα.
768 1686 878 1738 Καὶ
933 1688 1059 1739 οὒτε
1096 1687 1362 1740 νοσοῦσαν
1403 1686 1576 1757 αὐτὴν
1628 1688 1657 1740 ὁ
1693 1687 1942 1757 Τιϐέριος

364 1774 735 1843 ἐπεσκέψατο,
760 1773 871 1828 οὔτ’
898 1776 1276 1830 ἀποθανοῦσαν
1299 1777 1550 1848 ἐτίμησε,
1576 1778 1718 1848 πλὴν
1757 1778 1925 1848 μόνης
1975 1764 2014 1819 Β

356 1867 604 1936 ἐκφορᾶς
631 1870 724 1919 καὶ
751 1867 978 1921 εἰκόνων
1003 1870 1166 1922 τινῶν
1225 1870 1386 1923 Ἀλλά
1413 1871 1550 1940 πρὸς
1569 1870 1823 1938 διαϐολὴν
1844 1871 1939 1925 τοῦ

360 1956 614 2027 Τιϐερίου
670 1956 859 2020 πένθος
914 1961 1033 2021 ταῖς
1081 1959 1327 2029 γυναιξὶν
1370 1962 1404 2031 ή
1447 1960 1608 2032 βουλὴ
1649 1962 1781 2033 παρ’
1818 1963 1940 2015 ὅλον

359 2048 613 2103 ὶνιαυτὺν
664 2049 752 2102 ἐπ’
794 2051 932 2121 αὐτῇ
974 2050 1302 2122 ἐψηφίσατο,
1350 2053 1445 2107 καὶ
1491 2053 1574 2106 ὅτι
1613 2053 1670 2106 δὲ
1712 2053 1941 2117 πολλοὺς

351 2144 541 2197 αὐτῶν
574 2141 838 2197 ὲσεσώκει
894 2146 988 2198 καὶ
1017 2146 1216 2208 παῖδας
1256 2145 1469 2198 πολλῶν
1519 2145 1796 2216 έτετρόφει
1844 2145 1933 2198 κό-

360 2252 462 2306 ρας
490 2252 547 2288 τε
581 2235 824 2288 πλείοσιν
853 2234 1188 2303 ἐξεδεδώκει,
1229 2237 1327 2292 καὶ
1353 2235 1519 2299 ἄλλας
1552 2236 1719 2306 τιμὰς
1757 2236 1941 2306 ἐκείνῃ

355 2328 690 2400 ἀπένειμαν.
722 2331 889 2385 Οὐδὲν
930 2330 986 2384 δὲ
1023 2331 1133 2383 τῶν
1174 2347 1284 2385 τισι
1338 2330 1809 2401 καταλειφθέντων
1851 2330 1944 2383 ὑπ’

355 2420 575 2491 ἐκείνης
612 2421 845 2477 δέδωκεν
900 2424 927 2475 ὁ
980 2423 1021 2476 Τ
1030 2423 1256 2495 ιϐἐριος.
1303 2424 1845 2493 Ἀπομνημονευτέον
1885 2421 1943 2475 δὲ

358 2514 458 2567 καὶ
483 2516 593 2568 τῶν
616 2515 748 2584 παρ’
782 2516 1004 2584 ἐκείνης
1035 2515 1346 2586 εἰρημένων
1375 2515 1553 2569 ἐνίων.
1590 2514 1824 2581 Λέγεται
1854 2514 1938 2568 ὅτι

359 2619 606 2679 γυμνούς
641 2625 770 2661 ποτε
804 2608 1002 2679 ἄνδρας
1034 2608 1172 2679 αὐτῇ
1202 2608 1646 2676 ἀπαντήσαντας,
1676 2604 1939 2689 καλ-ψέλ-

1603 293 1647 350 Α
1662 288 2021 352 NNALIUM
2058 293 2203 353 LIB.
2246 290 2355 356 XI.

366 412 536 472 σαρος
581 399 677 454 καὶ
732 399 802 454 τὰ
846 398 943 453 τοῦ
978 400 1296 470 Αὐγούστου
1335 402 1611 473 ἱστόρησε,
1639 404 1819 458 καίτοι
1872 407 1944 476 μή

2052 423 2193 464 Lxxx
2224 410 2462 467 decessit
2490 430 2503 465 :
2531 426 2696 481 quam
2732 410 2991 474 Tiberius
3027 434 3130 477 nec
3152 396 3512 494 aegrotantem
3538 429 3624 482 in-
3724 424 3729 429 ’

3511 309 3622 372 930

2043 495 2200 562 visit,
2237 512 2341 552 nec
2371 509 2647 555 mortuam
2695 503 3008 570 honoravit,
3049 509 3152 562 nisi
3203 510 3398 567 funere
3425 524 3482 566 et
3512 525 3624 568 sta-

2044 589 2156 644 tuis
2185 590 2541 659 quibusdam.
2572 596 2810 652 Senatus
2831 606 3016 653 autem
3049 603 3371 659 traducendi
3405 605 3620 662 Tiberii

2043 696 2230 742 causa,
2274 683 2486 739 luctum
2540 686 2710 741 totius
2753 692 2884 743 anni
2926 695 3192 748 matronis
3231 697 3429 752 indixit
3474 700 3621 768 quod

2045 781 2101 827 et
2140 774 2348 829 multos
2394 791 2463 829 ex
2494 790 2563 831 eo
2609 777 2808 832 ordine
2855 793 3253 849 conservasset,
3313 795 3369 842 et
3416 789 3623 845 liberos

2044 866 2345 921 multorum
2383 868 2639 931 aluisset,
2684 877 2740 923 et
2779 868 2919 926 ﬁlias
2951 864 3256 931 multorum
3305 879 3617 937 elocassct:

2043 973 2259 1013 necnon
2290 959 2428 1014 alios
2460 961 2702 1017 honores
2738 963 2787 1017 ei
2821 963 3036 1023 habuit.
3077 967 3187 1023 Sed
3225 969 3484 1028 Tiberius
3531 991 3624 1029 ne-

2045 1050 2181 1104 mini
2211 1052 2510 1122 quidquam
2546 1053 2725 1115 dedit.
2755 1057 2904 1125 quod
2939 1058 3028 1113 illa
3068 1059 3295 1131 legarat.
3323 1064 3622 1122 Enimvero

2044 1143 2187 1198 dicta
2220 1159 2440 1214 quoque
2476 1144 2647 1200 Livia:
2680 1149 2945 1205 nonnulla
2982 1152 3270 1209 referenda
3297 1167 3446 1212 sunt.
3484 1159 3622 1213 Cum

2044 1230 2342 1300 aliquando
2396 1233 2499 1288 viri
2546 1235 2797 1304 aliquot,
2850 1249 3144 1308 propterea
3190 1246 3337 1314 quod
3386 1250 3518 1303 nudi
3568 1250 3621 1304 ei

2042 1324 2439 1384 occurrissent,
2491 1326 2783 1382 occidendi
2837 1343 3044 1398 essent,
3095 1339 3334 1392 servavit
3392 1355 3508 1405 eos,
3566 1353 3624 1396 et

2043 1412 2217 1469 dixit:
2257 1415 2406 1470 Tales
2435 1418 2568 1472 nihil
2606 1419 2816 1490 diferre
2841 1412 2886 1476 ia
2931 1427 3145 1490 statuis,
3196 1431 3244 1482 ei
3280 1448 3397 1500 qua:
3428 1435 3621 1504 pudica

2042 1506 2134 1559 sit.
2164 1506 2203 1560 A
2232 1511 2472 1575 quodam
2516 1510 2875 1582 interrogata,
2912 1531 3020 1585 qua
3068 1520 3283 1575 ratione
3314 1524 3620 1596 Augustum

2043 1596 2326 1652 vicisset?
2398 1601 2741 1666 respondit,
2816 1602 3075 1660 Custitate
3152 1622 3398 1666 accurate
3467 1624 3621 1668 tuen-

2045 1690 2154 1754 da,
2216 1700 2263 1744 et
2309 1693 2567 1763 quidquid
2631 1695 2721 1748 ille
2775 1697 2939 1751 voluit
2981 1739 2996 1763 ,
3048 1699 3302 1757 alacriter
3347 1707 3620 1776 faciendo.

2045 1791 2094 1837 et
2155 1785 2330 1837 nullas
2371 1801 2451 1838 res
2512 1787 2626 1856 ejus
2693 1791 2896 1843 curiose
2954 1794 3304 1862 vestigando;
3367 1806 3418 1851 et
3479 1797 3625 1854 lusus

2047 1873 2161 1942 ejus
2203 1891 2467 1939 venereae,
2521 1878 2738 1944 perinde
2772 1896 2834 1933 ac
2870 1882 2917 1934 si
2957 1898 3094 1937 ctera
3130 1895 3177 1937 et
3229 1887 3397 1941 surda
3430 1905 3620 1954 essem,

2046 1964 2456 2020 dissimulando.
2516 1965 2783 2039 Sejanum
2828 1969 3084 2026 Tiberius
3127 1975 3194 2029 ad
3241 1992 3492 2047 magnam
3521 1995 3623 2033 au-

2050 2057 2367 2111 ctoritatem
2389 2071 2664 2124 evectum,
2704 2060 3090 2133 desponsaque
3115 2065 3256 2121 Julia
3290 2068 3450 2123 Drusi
3486 2069 3617 2133 ﬁlia.

2044 2149 2261 2204 curavit
2306 2165 2338 2204 a
2365 2161 2559 2205 senatu
2596 2154 2792 2222 capitis
2831 2156 3341 2226 condemnandum,
3389 2164 3622 2233 ejusque

2046 2240 2303 2294 cadaveri
2340 2256 2438 2310 per
2467 2243 2712 2298 triduum
2749 2247 3019 2317 projecto,
3070 2250 3264 2321 vulgus
3315 2253 3618 2311 insultat-it.

2045 2331 2254 2387 Deinde
2288 2333 2346 2387 id
2388 2334 2440 2388 in
2488 2333 2771 2391 Tiberium
2812 2340 3069 2410 projecit.
3113 2341 3255 2397 Sunt
3296 2345 3418 2414 ejus
3462 2347 3621 2401 liberi

2045 2425 2529 2480 senatusconsulto
2571 2427 2869 2484 interfecti.
2930 2431 3079 2487 Uxor
3119 2433 3239 2498 ejus
3272 2434 3392 2511 ipsa
3427 2451 3624 2494 manus

2049 2513 2156 2570 sibi
2204 2515 2413 2570 attulit.
2455 2516 2633 2571 Etiam
2665 2519 2757 2572 alii
2791 2520 2911 2590 ejus
2944 2538 3108 2578 causa
3134 2524 3445 2609 perlege“,
3492 2545 3622 2599 par-

2057 2604 2154 2659 tim
2189 2620 2220 2659 a
2247 2619 2390 2669 sese,
2424 2608 2624 2675 partim
2652 2608 2721 2661 ab
2752 2609 2877 2664 aliis
2900 2612 3094 2666 occisi.

359 2707 556 2763 λοντας
578 2703 666 2756 διὰ
692 2703 852 2757 τοῦτο
878 2703 1280 2772 θανατωθῆναι,
1303 2701 1528 2767 ἔσωσεν,
1559 2700 1811 2764 εἰποῦσα,
1867 2700 1949 2775 ὅτι
2015 2700 2209 2756 Οὐδὲν
2244 2699 2617 2768 ἀνδριάντων
2651 2702 2779 2769 ταῖς
2828 2707 3287 2776 σωφρονούσαις
3333 2713 3389 2765 οι
3427 2712 3625 2766 τοιοῦ..

355 2809 453 2848 ⁴τοι
498 2793 908 2862 διαφέρουσιν.
965 2792 1256 2863 Ἐρομένου
1302 2791 1363 2845 δέ
1411 2807 1556 2855 τινος
1584 2784 1929 2869 ultimm;
1969 2793 2065 2844 xui.
2128 2789 2182 2842 τί
2209 2789 2391 2857 δρῶσα
2455 2789 2548 2841 τοῦ
2612 2792 2926 2858 Αὐγούστου
2994 2798 3447 2869 κατεκράτησαςς
3485 2802 3623 2855 ἀπε-

358 2890 614 2957 κρίνατο,
648 2888 731 2941 ὅτι
777 2886 940 2955 Αὒτή
980 2903 1046 2940 τε
1083 2883 1340 2954 ἀκριϐῶς
1378 2870 1803 2953 σωφρονοῦσα.
1841 2884 1939 2939 καὶ
1977 2884 2177 2937 πάντα
2230 2885 2305 2936 τὰ
2363 2882 2663 2939 δοκοῦντα
2687 2884 2846 2950 αὐτῷ
2874 2885 3063 2954 ἡδέως
3084 2889 3364 2957 ποιοῦσα,
3392 2894 3490 2947 καί
3510 2907 3623 2961 μηο

358 2979 473 3033 δὲν
537 2980 657 3033 τῶν
703 2981 942 3035 ἐκείνου
1006 2978 1641 3048 πολυπραγμονοῦσα,
1708 2974 1808 3030 καὶ
1865 2974 1941 3029 τὰ
1977 2974 2304 3044 ἀφροδίσια
2348 2975 2536 3030 αὐτοῦ
2616 2977 2923 3045 ἀθύρματα
2974 2979 3114 3046 μήτ’
3152 2980 3400 3036 ἀκούειν
3479 2985 3622 3056 μήτ’

355 3076 759 3133 αἰσθάνεσθαι
781 3075 1299 3145 προσποιουμένη.
1331 3074 1440 3127 Τὸν
1466 3075 1525 3128 δὲ
1585 3072 1809 3127 Σεϊανδν
1873 3074 1901 3127 ὁ
1963 3070 2216 3142 Τιϐέριος
2296 3071 2386 3123 ἐπὶ
2439 3072 2583 3141 μέγα
2638 3070 2796 3143 δόξης
2845 3075 3078 3145 ἐπάρας,
3110 3076 3204 3129 καὶ
3233 3076 3505 3148 κηδεστήν
3529 3079 3622 3138 ἐπὶ

372 3170 573 3242 Ἰουλίᾳ
599 3173 665 3243 τῇ
700 3171 794 3225 τοῦ
820 3169 1075 3240 Δρούσου
1093 3168 1326 3240 θυγατρί⁵
1359 3165 1752 3237 ποιησάμενος,
1818 3162 2049 3236 ὕστερον
2118 3164 2351 3226 ἔκτεινε,
2416 3164 2515 3234 τῆς
2545 3165 2836 3235 γερουσίας
2884 3166 3117 3222 θάνατον
3145 3169 3312 3224 αὑτοῦ
3377 3174 3626 3242 καταψη-

358 3269 679 3339 φισαμένης
705 3267 911 3337 σπουδῇ
947 3263 1140 3329 αὐτοῦ,
1179 3266 1273 3319 καὶ
1330 3262 1409 3333 τῷ
1440 3262 1656 3334 σώματι
1720 3260 1887 3316 αὐτοῦ
1923 3261 2018 3314 ἐπὶ
2054 3263 2235 3330 τρισὶν
2290 3259 2529 3330 ἡμέραις
2578 3260 2899 3333 ἐρριμμένῳ
2926 3263 3015 3323 quo
3063 3263 3267 3336 πλῆθος
3314 3267 3622 3336 ὲνύϐρισεν,

359 3360 488 3420 εἶτα
515 3368 596 3429 είς
627 3364 716 3417 τὸν
755 3363 1001 3432 ποταμὸν
1047 3360 1298 3415 ἐνέϐαλε.
1335 3360 1417 3414 Τά
1483 3377 1545 3412 τε
1585 3358 1775 3414 παιδία
1849 3358 2017 3413 αὐτοῦ
2056 3357 2201 3412 κατά
2261 3355 2440 3426 δόγμα
2496 3355 2766 3424 ἀπέθανε,
2821 3358 2916 3412 καὶ
2977 3360 3010 3430 ἡ
3072 3362 3212 3430 γυνὴ
3265 3364 3434 3418 αὐτοῦ
3494 3367 3624 3420 ἑαυ-

359 3459 463 3531 τὴν
494 3456 840 3528 διεχρήσατο.
865 3454 975 3508 Καὶ
1006 3454 1157 3509 ἄλλοι
1190 3454 1258 3508 δι’
1298 3455 1506 3507 ἐκεῖνον
1537 3451 1841 3520 ἀπώλοντο,
1879 3453 1929 3506 οἱ
1964 3450 2064 3523 μὲν
2100 3448 2329 3513 ἑαυτοὺς
2352 3450 2658 3518 ἀνελόντες,
2690 3453 2740 3505 oi
2771 3451 2828 3505 δὲ
2861 3451 2950 3522 ὑφ’
2978 3453 3180 3524 ἐτέρων
3219 3456 3622 3528 ἀναιρεθέντες.

436 3573 514 3627 Γν.
565 3570 819 3641 Τιϐέριος
877 3568 934 3622 δὲ
996 3572 1134 3638 πρὸς
1182 3568 1295 3629 τοῖς
1330 3566 1514 3628 ἄλλοις
1556 3570 1647 3619 καὶ
1688 3565 1777 3618 διὰ
1815 3566 1941 3627 τοὺς

2117 3562 2212 3617 Ill.
2239 3563 2462 3618 Tiberio
2496 3573 2695 3632 printer
2719 3564 2825 3617 alia
2856 3563 3081 3633 ﬂagitia,
3112 3567 3278 3622 etiam
3303 3578 3492 3638 stupra
3523 3585 3625 3626 no-

358 3664 595 3734 ερωτας,
648 3658 728 3722 οἷς
774 3659 1018 3728 ἀσελγῶς
1057 3675 1115 3711 τε
1159 3660 1254 3713 καὶ
1303 3658 1533 3720 ἀναιδῶς
1589 3658 1789 3728 ἐχρῆτο
1833 3659 1943 3710 τῶν

2048 3652 2336 3709 bilissiinis
2368 3656 2655 3725 utriusque
2682 3670 2846 3709 sexus
2887 3660 3325 3726 intemperanter
3349 3670 3408 3715 et
3442 3661 3623 3732 impu-

361 3754 779 3822 εὐγενεστάτων
812 3753 907 3806 καὶ
942 3752 1191 3823 ἀρρένων
1218 3751 1315 3805 καὶ
1340 3750 1570 3820 θηλειῶν
1598 3749 1940 3804 διεϐάλλετοο

2046 3744 2245 3800 denter
2277 3747 2449 3811 illata.
2486 3749 2693 3818 probro
2721 3750 2848 3805 data
2880 3759 3009 3805 sunt
3045 3769 3060 3806 :
3101 3763 3159 3808 et
3184 3764 3409 3825 propter
3428 3754 3624 3827 Agrip-

364 3852 463 3906 καὶ
498 3850 586 3902 διὰ
622 3848 714 3901 τὸν
743 3850 842 3919 τῆς
882 3846 1252 3917 Ἀγριππίνης
1280 3844 1375 3898 τοῦ
1405 3862 1466 3898 τε
1497 3842 1736 3914 Δρούσου
1776 3843 1946 3896 θάνα-

361 3960 462 3997 τον
500 3945 555 4005 ἐς
593 3941 858 4009 ὠμότητα
900 3938 1240 4008 ἐλοιδορεῖτο.
1275 3936 1570 3998 Δοκοῦντες
1612 3935 1721 4003 γὰρ
1758 3936 1807 3988 oi
1844 3937 1942 3989 ἀν-

362 4034 575 4104 θρωττοι
603 4034 708 4086 ὑπὸ
740 4033 833 4086 τοῦ
861 4030 1085 4086 Σεῖανοῢ
1113 4031 1293 4083 πάντα
1322 4030 1389 4082 τά
1421 4030 1542 4082 κατ’
1573 4028 1795 4081 ἐκείνων
1817 4027 1947 4099 πρό-

361 4141 526 4195 τερον
546 4123 817 4193 γίνεσθαι,
841 4123 914 4191 ὡς
947 4122 1233 4184 κάκείνους
1259 4120 1553 4189 κτανθῆναι
1575 4118 1780 4188 ἔμαθον
1805 4118 1940 4187 μετά

360 4215 467 4284 τὴν
492 4211 704 4267 ἐκείνου
741 4211 973 4283 φθορὰν,
1017 4211 1429 4282 ὑπερήλγησαν.
1460 4209 1566 4262 Τὸν
1591 4209 1649 4261 δὲ
1686 4208 1750 4280 δὴ
1786 4209 1943 4262 Γάϊον

360 4307 459 4359 τὸν
488 4304 755 4375 νεώτερον
802 4306 910 4358 τῶν
956 4302 1054 4357 τοῦ
1096 4301 1439 4375 Γερμανικοῦ
1484 4301 1691 4353 παίδων
1737 4301 1944 4369 ταμίαν

363 4398 649 4462 ἀπέδειξε·
674 4400 768 4451 τὸν
788 4397 896 4467 γὰρ
938 4395 1161 4464 ἔγγονον
1195 4394 1285 4447 τὸν
1319 4393 1589 4462 Τιϐέριον,
1615 4393 1697 4446 ὅτι
1721 4408 1782 4444 τε
1813 4407 1942 4446 παι-

363 4493 481 4546 δίον
531 4487 620 4562 ἦν,
652 4491 750 4543 καί¹
798 4490 880 4542 ὄτι
934 4490 1010 4558 μὴ
1062 4486 1203 4539 εἶναι
1250 4484 1347 4540 τοῦ
1402 4484 1642 4554 Δρούσου
1676 4485 1806 4547 παῖς
1844 4483 1946 4534 ὑπο

364 4582 669 4647 ωπτεύετο,
712 4579 996 4651 παρεώρα.
1033 4578 1124 4648 Τῷ
1153 4578 1298 4648 Γαΐῳ
1330 4576 1385 4628 δὲ
1414 4575 1487 4639 ὡς
1522 4577 1615 4628 καὶ
1664 4573 1945 4644 μοναρχή-

365 4692 519 4729 σοντι
556 4675 869 4745 προσεῖχεν.
916 4670 1132 4738 Ἠγνόει
1170 4671 1279 4738 γὰρ
1333 4665 1486 4721 οὐδὲν
1534 4664 1643 4717 τῶν
1682 4665 1823 4718 κατὰ
1851 4664 1945 4716 τὸν

365 4767 551 4832 Γάϊον,
576 4764 713 4818 ἀλλά
751 4763 848 4816 καὶ⁸
890 4761 996 4832 ἔφη
1032 4761 1162 4814 ποτὲ
1202 4758 1353 4829 αὐτῷ
1396 4755 1778 4827 διαφερομένῳ
1808 4754 1943 4825 πρὸς

2045 3837 2189 3908 pina:
2219 3847 2277 3893 et
2298 3839 2459 3894 Drusi
2486 3856 2679 3896 necem
2714 3841 3058 3899 crudelitatis
3089 3847 3315 3903 nomine
3357 3851 3499 3907 male
3523 3868 3623 3907 au-

2046 3929 2211 3984 divit.
2242 3930 2381 3984 Nam
2412 3946 2539 3986 cum
2584 3932 2740 4003 prius
2769 3942 3031 4004 putarent
3076 3936 3331 3994 homines
3358 3956 3389 3995 a
3419 3941 3622 4013 Sejano

2045 4026 2240 4074 contra
2264 4018 2387 4077 illos
2415 4021 2601 4075 omnia
2634 4021 2777 4090 ﬁeri,
2805 4038 2930 4079 cum
2958 4039 3058 4080 eos
3090 4026 3257 4082 etiam
3279 4043 3404 4099 post
3432 4032 3620 4103 Sejani

2051 4108 2341 4165 interitum
2389 4113 2603 4168 occisos
2649 4128 2776 4169 esse
2814 4119 3225 4186 cognovissent,
3260 4122 3621 4181 vehementer

2046 4197 2366 4254 doluerunt.
2399 4198 2595 4256 Caium
2638 4216 2707 4256 ex
2748 4202 3062 4261 Germanici
3105 4206 3262 4279 551
3322 4210 3449 4267 ﬁliis
3483 4224 3619 4270 natu

2044 4290 2356 4355 minimum,
2401 4301 2730 4362 quaestorem
2770 4295 3098 4366 designavit.
3145 4299 3282 4356 Nam
3336 4302 3617 4361 Tiberium

2044 4389 2304 4451 nepotem
2340 4391 2453 4437 tum
2502 4383 2575 4439 oh
2633 4386 2952 4455 pueritiam,
3010 4398 3127 4444 tum
3172 4393 3305 4462 quia
3377 4397 3619 4465 suspicio

2045 4483 2164 4531 erat
2211 4490 2242 4529 e
2292 4476 2471 4531 Druso
2532 4492 2646 4534 non
2692 4494 2814 4535 esse
2862 4488 3052 4536 natum
3084 4522 3100 4545 ,
3159 4484 3432 4554 despexit.
3479 4489 3618 4562 Erga

2045 4567 2235 4624 Caium
2261 4584 2394 4625 vero
2423 4570 2497 4625 ita
2522 4585 2582 4627 se
2604 4572 2956 4644 gessit.quasi
2989 4575 3036 4631 is
3066 4577 3434 4647 imperaturus
3451 4594 3620 4640 esset.

2047 4660 2192 4716 Nihil
2221 4665 2369 4718 enim
2397 4678 2580 4718 rerum
2617 4664 2739 4736 ejus
2768 4666 3049 4736 ignorans,
3079 4672 3248 4725 semel
3285 4672 3338 4726 ei
3370 4689 3494 4728 cum
3528 4675 3621 4730 Ti-

2048 4750 2208 4806 berio
2244 4763 2448 4822 nepote
2481 4753 2722 4820 rixanti,
2773 4756 2914 4810 dixit
2945 4775 2958 4813 :
3013 4758 3083 4812 Ει
3113 4767 3171 4815 tu
3196 4762 3354 4815 istum
3396 4765 3618 4831 occides,

363 4859 460 4911 τὸν
490 4858 741 4927 Τιϐέριον
787 4857 869 4909 ὅτι
919 4855 1004 4908 Σύ
1068 4870 1134 4907 τε
1177 4851 1394 4906 τοῦτον
1419 4846 1791 4912 ἀποκτενεῖς,
1846 4844 1944 4901 καὶ

2050 4851 2100 4897 et
2124 4843 2221 4899 alii
2274 4854 2344 4899 te.
2378 4845 2447 4900 Et
2468 4848 2723 4916 quamvis
2754 4849 2923 4904 sciret
2966 4864 3095 4905 eum
3139 4850 3256 4908 fore
3294 4855 3616 4923 pessimum,

896 4905 956 5000 δέ
976 4905 1188 5016 -έτερόν
1218 4905 1338 4996 τινα
1366 4943 1569 5013 ὁμοίως
1598 4905 1944 5010 προσήκοντα

2050 4939 2234 4987 tamen
2271 4905 2566 5004 imperium
2591 4935 2835 4991 libenter
2867 4936 2920 4992 ei
2948 4937 3102 4993 dedit
3129 4978 3146 5004 ,
3171 4905 3620 5010 tum-quod—

366 5044 554 5115 ἑαυτῷ
587 5044 748 5116 ἔχων,
796 5044 890 5097 καὶ
920 5043 1129 5094 ἐκεῖνον
1162 5026 1318 5100 εἰδὼς
1358 5037 1618 5106 ἐσόμενον
1662 5033 1944 5097 κάκιστον,

368 5139 625 5208 ἀσμένως
654 5136 751 5206 τὴν
784 5135 982 5206 ἀρχὴν,
1025 5131 1099 5195 ὥς
1126 5131 1283 5199 φασι,
1315 5127 1546 5181 δέδωκεν
1589 5124 1761 5194 αὐτῷ,
1796 5124 1944 5185 ὅπως

367 5233 438 5301 τῇ
482 5228 575 5282 τοῦ
610 5229 771 5281 Γαΐου
805 5227 902 5297 τῆς
942 5224 1141 5285 κακίας
1174 5218 1450 5290 ὑπερϐολῇ
1485 5217 1555 5271 τὰ
1578 5212 1778 5268 ἑαυτοῦ
1808 5230 1945 5284 κρυ-

369 5322 557 5393 φθείη,
589 5323 684 5375 καὶ
706 5322 767 5373 τὸ
804 5319 1053 5372 πλεῖστον
1078 5316 1171 5369 καὶ
1202 5312 1588 5381 εὐγενέστατον
1619 5309 1721 5376 τῆς
1752 5305 1946 5377 βουλῆς

370 5417 557 5486 φθαρῇ
591 5413 954 5484 παρελθόντος
979 5406 1169 5464 αὐτοῦ.
1209 5405 1444 5474 Λέγεται
1473 5404 1531 5457 δὲ
1565 5403 1660 5455 καὶ
1683 5399 1943 5464 πολλάκις

368 5507 816 5577 ἀναφθέγξασθαι
840 5503 996 5583 τοῦτο
1025 5502 1088 5574 δή
1122 5501 1184 5555 τὸ
1211 5499 1439 5571 ἀρχαῖον
1461 5511 1478 5529 ⁶

598 5621 777 5692 Ἐμοῦ
802 5621 1094 5684 θανόντος
1118 5614 1255 5684 γαῖα
1275 5612 1543 5689 μιχθήτω
1571 5602 1742 5678 πυρὶ,

371 5744 473 5801 καὶ
520 5742 612 5797 τδν
661 5739 910 5814 Πρίαμον
965 5734 1291 5810 μακαρίζειν
1321 5733 1404 5787 ὅτι
1449 5730 1619 5805 ἄρδην
1652 5728 1792 5800 μετά
1838 5727 1939 5797 τῆς

2050 5022 2255 5077 minem
2313 5039 2471 5094 aeque
2516 5026 2890 5099 pr0pinquuin
2936 5028 3195 5093 habebat,
3237 5038 3349 5084 tum
3400 5038 3460 5084 ut
3499 5031 3621 5103 ejus

2046 5113 2249 5184 insigni
2301 5115 2656 5185 improbitate
2711 5131 2810 5171 sua
2885 5117 3018 5170 Vitia
3069 5118 3507 5183 occultarentur,
3561 5131 3619 5176 et

2048 5208 2284 5262 maxima
2311 5216 2369 5263 et
2394 5209 2741 5265 nobilissima
2781 5216 3011 5264 senatus
3046 5225 3176 5279 pars
3200 5209 3475 5268 interiret.
3517 5213 3621 5269 Ve-

2052 5306 2233 5355 terum
2250 5300 2421 5356 ‘illum
2436 5302 2794 5363 versiculum,

2282 5599 2371 5655 lle
2418 5609 2624 5655 mortuo
2663 5602 2952 5671 conﬂagret
2977 5606 3118 5656 terra
3137 5602 3408 5671 incendio,

2047 5724 2106 5780 in
2124 5738 2220 5782 ore
2238 5720 2519 5788 habuisse,
2544 5728 2598 5776 et
2627 5719 2830 5775 Priami
2863 5717 3114 5776 fortunas
3139 5719 3392 5777 laudasse
3418 5718 3616 5789 fertur,
