2009 3125
196 121 247 154 931

826 107 989 140 JOANNIS
1007 107 1168 139 ZONARIE

1770 99 1821 131 932

195 173 267 209 quod
276 170 399 198 funditus
408 177 470 197 cum
479 168 567 203 patria
577 171 605 194 et
613 172 696 201 regno
709 162 859 191 interisset.
868 162 984 189 Senato-

1045 161 1164 196 πατρίδος
1188 160 1236 187 καὶ
1257 160 1306 194 τῆς
1323 158 1464 193 βασιλείας
1486 156 1620 183 ἀπώλετο.
1643 154 1778 182 Τοσοῦτον
1793 152 1821 181 δι

198 208 340 246 rumcerte
354 216 465 251 quidem
476 219 503 241 et
516 213 632 240 aliorum
644 215 720 239 tanta
736 208 885 236 multitudo
897 208 983 234 inter-

197 266 266 294 lecta
277 269 330 296 est,
344 268 373 290 ut
383 269 435 289 non
447 264 540 287 essent
555 258 602 293 qui
613 256 814 293 provinciarum
821 252 984 289 praesidibus

198 317 373 339 successores
395 307 456 334 dari
480 309 603 341 possent.
624 305 663 331 Ac
679 303 725 330 alii
749 301 817 328 alias
838 300 873 327 ob
889 305 986 326 causas

200 363 252 384 tam
266 357 347 383 falsas
361 362 442 389 quam
457 360 535 380 veras
551 350 762 378 occidebantur.
778 347 906 374 Aﬂmilius
921 352 986 372 vero

200 404 318 431 Scaurus
343 402 377 428 ob
393 400 505 427 Atreum
526 397 697 432 tragoediam,
727 395 754 421 in
779 401 833 428 qua
857 391 987 418 monebat

200 448 346 484 quemdam
362 451 391 473 ut
405 446 537 480 principis
552 443 736 470 temeritatem
761 440 855 470 ferret,
874 436 987 464 interfe—

200 482 261 521 ctus
281 498 332 519 est.
347 492 414 518 Nam
434 490 559 516 Tiberius
573 488 617 515 illa
639 491 732 514 contra
754 493 782 512 se
799 483 914 511 conficta
928 482 987 509 exi-

200 540 327 569 stimans,
338 537 421 564 dixit:
435 538 490 570 Ego
505 543 563 562 vero
580 533 657 560 illum
667 532 773 566 Ajacem
786 530 894 564 faciant.
911 535 988 554 eum-

201 593 254 619 que
281 584 334 610 sibi
352 590 450 609 manus
472 581 570 607 alferre
594 579 692 613 coegit.
714 578 788 604 Inter
817 576 875 601 haec
893 573 988 600 adole-

202 636 281 657 seens
296 628 405 663 quidam
417 625 553 653 inGraecia
569 628 596 650 et
610 623 684 650 lunia
702 629 730 649 se
746 622 863 648 Drusum
876 625 936 646 esse
948 625 989 652 ja—

203 679 293 703 ctans,
309 671 409 707 cupide
432 679 446 697 a
467 669 624 697 civitatibus
648 673 689 694 est
712 670 858 700 susceptus
877 672 884 691 :
906 671 938 690 ac
961 663 989 690 in

204 719 310 754 Syriam
326 724 413 751 usque
434 722 607 750 progressus,
623 714 746 748 legiones
768 713 850 739 etiam
867 710 989 744 accepis-

203 770 256 797 set,
270 764 322 791 nisi
336 764 444 798 agnitus
461 770 476 788 a
491 761 610 795 quodam
630 764 657 786 et
673 764 781 794 captus.
797 758 831 785 ad
846 757 987 784 Tiberium

203 810 260 838 Caii
277 810 387 844 nuptias
396 808 469 835 Antii
481 808 665 833 celebrantem
690 806 839 839 perductus
855 807 936 830 esset.
952 802 990 829 Eo

1035 206 1138 242 πλῆθος
1152 206 1208 233 τῶν
1222 214 1252 232 τε
1266 204 1417 240 βουλευτῶν
1432 204 1479 230 καὶ
1492 203 1547 228 τῶν
1560 202 1648 229 ἀλλων
1664 202 1821 236 διέφθαρτο,

1035 252 1106 279 ὥστε
1123 252 1187 284 τοὺς
1204 251 1253 283 τὰς
1275 250 1425 285 ἡγεμονίας
1449 249 1503 276 τῶν
1523 249 1608 275 ἐθνῶν
1625 248 1737 283 ἔχοντας
1755 250 1822 274 ἀπο-

1037 300 1083 334 ρίᾳ
1107 298 1161 324 τῶν
1182 297 1281 328 αὐτοὺς
1296 295 1493 331 διαδεξομένων
1510 294 1669 328 ἀδιαδόχους
1685 291 1766 320 εἶναι.
1792 294 1822 320 οι

1038 346 1087 379 μὲν
1101 342 1149 371 οὖν
1164 344 1240 371 ἄλλοι
1254 344 1288 370 δι’
1302 342 1386 373 ἄλλας
1402 342 1492 372 αἰτίας
1507 342 1553 366 καὶ
1570 340 1676 374 ψευδεῖς
1696 340 1744 366 καὶ
1759 339 1824 373 ἀλη-

1037 391 1093 422 θεῖς
1116 385 1303 417 ἐκτιννὺοντο.
1319 388 1444 423 Αἰμίλιος
1463 387 1491 413 δὲ
1516 386 1638 421 Σκαῦρος
1653 386 1699 412 δια
1714 393 1825 420 τραγῳ-

1037 437 1096 463 δίαν
1118 436 1266 463 ἀπέθανεν.
1293 435 1407 470 Ἀτρεὺς
1431 433 1481 468 μὲν
1508 433 1562 467 γὰρ
1588 433 1620 459 τὸ
1648 432 1756 467 ποίημα
1781 429 1826 467 ἦν,

1038 482 1156 518 παρῄνει
1173 482 1202 508 δὲ
1217 481 1271 508 τῶν
1288 480 1450 516 ἀρχομένων
1463 480 1525 511 τινὶ,
1538 479 1587 514 τὴν
1601 480 1648 505 τοῦ
1661 477 1826 514 κρατοῦντος

1039 529 1168 556 ἀὸουλίαν
1182 528 1288 562 φέρειν.
1305 525 1409 554 Μαθὼν
1425 523 1472 552 οὖν
1485 525 1573 551 ταῦτα
1599 525 1613 550 6
1633 524 1770 558 Τιϐέριος.
1784 523 1827 561 Et“

1039 575 1119 603 αὐτον
1138 573 1303 607 πεποιῆσθαι
1317 572 1347 598 τὸ
1363 571 1427 603 ἔπος
1438 572 1561 606 ἐνόμισε,
1579 572 1626 597 καὶ
1640 568 1699 597 εῖιτε
1710 578 1717 586 ⁶
1741 569 1827 603 Κάγὼ

1039 618 1096 648 οὖν
1111 620 1224 647 Διαντα
1244 617 1338 644 αὑτὸν
1354 616 1481 649 ποιήσω,
1508 617 1554 642 καὶ
1574 616 1704 650 αὑθεντία
1729 614 1826 641 ἀπολέ-

1041 667 1102 693 σθαι
1120 665 1201 692 αὑτὸν
1224 664 1390 699 ἠνάγκασεν.
1414 663 1459 689 Ἐν
1484 663 1589 694 τούτοις
1614 663 1757 693 νεανίσκος
1786 669 1827 693 τις

1040 713 1158 747 Δροῦσος
1174 710 1247 738 εἶναι
1263 711 1360 742 λέγων,
1376 710 1440 745 περί
1454 718 1482 736 τε
1499 709 1548 744 τὴν
1567 708 1682 736 Ἐλλάδα
1706 708 1753 734 καὶ
1778 708 1826 742 τὴν

1047 758 1152 785 Ἰωνίαν
1165 757 1254 792 ὤφθη.
1270 757 1325 783 Καὶ
1350 757 1475 789 ἐδέξαντο
1492 755 1572 782 αὑτὸν
1591 755 1720 789 ἁσμένως
1739 755 1769 780 αί
1782 754 1828 779 πό-

1041 805 1109 836 λεις,
1126 804 1171 830 καί.
1191 804 1243 829 κᾶν
1259 804 1288 834 ἐς
1305 803 1355 837 τὴν
1380 802 1481 836 Συρίαν
1508 802 1691 836 προχωρήσας
1711 800 1826 834 κατέσχε

204 864 275 882 anno
292 854 400 881 Tiberis
414 853 497 879 multa
515 852 593 878 urbis
610 852 667 877 loca
681 848 884 880 sicinundavit,
899 852 928 874 ut
942 854 989 873 na-

1045 850 1074 876 τά
1096 849 1276 884 στρατόπεδα,
1296 849 1320 875 εί
1337 850 1375 882 μή
1393 856 1436 879 τις
1457 848 1583 882 ἐπιγνοὺς
1600 847 1679 873 αὑτὸν
1697 847 1826 873 συνέλαϐε

205 901 371 934 rigareulur,
390 903 418 925 et
435 898 488 932 igni
507 897 623 931 plurima
637 894 751 921 aedilicia
764 892 988 928 sunt'assumpta.

204 945 281 978 Quod
310 944 331 971 si
348 943 412 978 quid
436 942 597 978 Aigyptiaca
621 941 655 967 ad
678 941 814 967 Rmuanos
839 938 989 972 pertinent,

205 991 317 1026 phoenix
333 998 366 1016 eo
383 996 455 1015 anno
472 992 636 1022 conspectus
658 991 701 1013 est
716 995 722 1013 :
747 993 807 1019 qua:
826 992 870 1011 res
886 983 990 1010 Tiberii

208 1041 323 1064 tnorteni
354 1035 519 1070 portendere
544 1033 719 1060 videbantur.
741 1032 793 1064 Qui
816 1038 876 1057 cum
905 1029 991 1056 multo

206 1088 269 1110 ante
288 1087 453 1117 aegrotaret,
471 1088 561 1115 neque
579 1080 667 1107 victus
688 1079 823 1105 rationem
850 1076 991 1107 mutabat,

206 1137 294 1163 neque
306 1128 419 1154 medicis
440 1127 568 1153 utebatur
591 1130 704 1160 propter
722 1123 866 1157 Tbrasyllii
883 1121 966 1148 verba
984 1129 989 1146 :

206 1176 250 1209 qui
273 1183 335 1201 cum
361 1179 389 1200 et
413 1173 484 1199 diem
500 1177 528 1199 ct
543 1173 635 1198 horam
656 1170 751 1197 mortis
780 1170 839 1203 ejus
857 1167 992 1202 exquisite

206 1224 309 1251 nosset,
332 1219 356 1246 ei
373 1219 481 1246 dixerat
498 1217 662 1244 decennium
686 1215 776 1242 adhuc
791 1215 941 1245 victurum,
964 1217 993 1239 ut

207 1274 253 1301 spe
266 1264 448 1292 dintnrnioris
466 1264 528 1290 vitae
548 1262 639 1289 minus
659 1261 760 1288 multos
776 1260 926 1287 occideret.
946 1258 991 1286 Uti

207 1319 297 1340 autem
322 1313 351 1339 lit
376 1312 403 1338 in
419 1312 497 1338 senio
518 1315 546 1337 et
568 1310 664 1336 morbo
680 1317 733 1336 non
751 1314 843 1341 acuto,
861 1308 929 1335 alias
946 1307 993 1334 de-

207 1359 365 1390 cumbebat,
383 1358 450 1384 alias
468 1356 687 1384 convalescebat.
708 1355 784 1383 Unde
797 1354 879 1382 Caius
898 1358 926 1380 et
946 1353 993 1380 alii

208 1413 281 1432 nunc
296 1409 325 1431 ut
341 1412 375 1431 ρο
386 1404 521 1430 11101¹11111¹0
546 1402 722 1434 laetabantur,
741 1408 813 1427 nunc
828 1404 857 1426 ut
874 1406 993 1427 evasuro

208 1450 371 1477 mmrebant.
390 1450 428 1475 Ae
445 1447 550 1474 veritus
561 1447 653 1477 Caius,
666 1454 699 1472 ne
710 1445 896 1472 valetudinem
913 1444 993 1479 552

211 1499 401 1529 recuperaret,
413 1501 463 1520 nec
479 1493 571 1519 cibum
594 1492 697 1525 petenti
716 1492 808 1521 (labat.
824 1491 901 1525 quasi
916 1490 938 1517 is
952 1490 995 1516 in-

208 1541 432 1569 commodaturus
455 1540 479 1566 ei
505 1543 588 1569 esset,
603 1543 629 1565 et
646 1538 740 1564 multis
758 1545 790 1563 ac
805 1536 898 1563 densis
920 1540 992 1562 stra-

208 1586 279 1621 gulis
302 1586 422 1619 injectis,
448 1585 525 1619 quasi
548 1583 727 1610 ealefactione
743 1590 812 1616 opus
826 1586 910 1614 esset,
930 1589 993 1608 eum

209 1630 363 1661 suﬂocarit,
394 1637 481 1662 annos
503 1637 539 1655 ut
556 1634 583 1655 et
604 1635 653 1653 Lxx
675 1632 780 1658 natum,
796 1634 904 1653 menses
924 1630 996 1658 tv,et

210 1676 270 1702 dies
300 1683 338 1703 ix.
361 1682 480 1709 quorum
508 1682 526 1699 ιι
557 1678 585 1700 et
609 1681 643 1699 xx
672 1672 828 1707 imperarit,
858 1680 891 1699 ac
918 1679 995 1698 men-

210 1730 253 1749 ses
268 1726 296 1748 et
312 1722 372 1748 dies
393 1728 441 1751 vn,
459 1719 536 1747 Obiit
557 1727 605 1746 xm
632 1719 690 1746 Kal.
709 1719 819 1753 Aprilis.
841 1718 920 1745 Anno
937 1719 996 1753 ejus

211 1769 319 1803 imperii
335 1776 368 1794 xv
391 1768 524 1794 Dominus
539 1771 631 1792 noster
642 1766 720 1792 Jesus
738 1765 863 1792 Christus
876 1764 998 1799 baptiza-

212 1820 255 1842 tus
270 1819 330 1846 est;
365 1822 441 1845 xvnt,
460 1813 578 1839 traditus
601 1816 628 1838 et
641 1811 807 1843 crucifixus,
831 1811 996 1838 resurrexit.

211 1862 309 1888 Narrat
331 1859 479 1888 Eusebius.
502 1858 622 1885 Pilatum
644 1856 744 1884 tuam
760 1861 817 1883 tum
836 1856 991 1890 prresidem,

212 1906 317 1933 Domini
332 1911 392 1932 acta
413 1905 447 1931 ad
470 1904 614 1931 Tiberium
640 1902 784 1936 scripsisse
800 1922 807 1934 ,
831 1909 893 1928 cum
908 1902 993 1928 moris

211 1959 263 1979 esst
276 1956 302 1983 ι,
323 1957 352 1977 ιιι
370 1950 575 1984 provinciarum
592 1947 724 1982 prtefecti,
742 1947 764 1973 si
780 1946 846 1981 quid
865 1946 929 1973 novi
949 1955 995 1974 ac—

209 1997 332 2028 cidisset,
366 1996 392 2022 id
418 1994 536 2030 principi
558 1994 755 2028 signiﬁcarent,
783 2000 818 2019 ne
841 1992 925 2019 uilius
956 1993 995 2019 rei

211 2050 272 2078 quae
290 2042 361 2076 apud
381 2045 497 2074 exteros;
512 2044 675 2074 gereretur,
700 2039 812 2073 ignarus
829 2043 911 2066 esset.
928 2037 997 2066 Cum

210 2089 297 2119 enim,
314 2086 412 2121 inquit,
426 2085 583 2113 Servatoris
600 2085 688 2111 nostri
704 2092 719 2111 e
744 2085 861 2111 mortuis
874 2092 998 2111 resurre-

210 2133 267 2160 ctio
292 2140 339 2167 per
354 2137 437 2158 totam
455 2131 626 2159 Palaestinam
644 2130 783 2157 celebrata
801 2136 884 2162 esset,
894 2130 998 2157 Pilatus

1042 896 1088 922 καὶ
1103 896 1171 930 πρὶς
1185 895 1231 921 τὸν
1247 895 1373 930 Τιόἐριυν
1389 895 1495 929 ἤγαγεν
1507 902 1514 910 ·
1530 895 1543 920 6
1556 894 1585 920 δὲ
1604 894 1632 919 ἐν
1651 893 1750 927 ’Λντίῳ
1766 893 1828 923 τοὺς

1041 941 1088 967 τοῦ
1110 941 1191 967 Γαΐου
1215 940 1322 975 γάμους
1348 940 1496 975 ἑώρταζεν.
1522 939 1550 966 '0
1577 939 1688 972 Τίϐερις
1712 939 1740 964 δὲ
1769 938 1828 963 τότε

1043 987 1130 1014 πολλὰ
1157 987 1206 1022 τῆς
1229 987 1340 1022 Ῥώμης
1364 987 1526 1018 ἐπέκλυσεν,
1551 986 1620 1012 ὥστε
1649 984 1827 1019 πλευσθῆναι,

1043 1036 1090 1061 καὶ
1106 1034 1174 1070 πυρὶ
1193 1034 1279 1069 μυρία
1304 1034 1421 1068 ἐφθάρη,
1440 1034 1471 1059 Et
1484 1033 1512 1059 δέ
1527 1041 1553 1059 τι
1577 1033 1623 1059 καὶ
1639 1032 1672 1058 τὰ
1692 1031 1829 1065 Αἰγύπτια

1044 1081 1111 1117 πρὸς
1130 1081 1192 1111 τοὺς
1215 1080 1368 1115 Ῥωμαίους
1382 1080 1527 1115 προσήκει,
1541 1080 1555 1105 6
1570 1078 1658 1113 φοῖνιξ
1679 1078 1777 1111 ἐκείνῳ
1792 1077 1829 1111 τῷ

1044 1128 1099 1154 ἕτει
1117 1127 1207 1162 ὤφθη·
1222 1128 1269 1153 καὶ
1280 1127 1354 1158 ἔδοξε
1370 1126 1458 1153 ταῦτα
1473 1126 1518 1152 τὸν
1535 1126 1650 1152 θάνατον
1663 1125 1701 1159 τῷ
1712 1124 1830 1159 Τιὸερίῳ

1045 1173 1254 1208 προσημαίνειν.
1273 1173 1323 1204 ⁸ος
1347 1173 1458 1206 ἐνόσησε
1478 1172 1526 1206 μὲν
1553 1171 1605 1206 πρὸ
1627 1170 1749 1201 πλείονος
1766 1169 1830 1204 χρό-

1045 1227 1103 1251 νου,
1132 1218 1194 1245 οὕτε
1220 1219 1248 1245 δὲ
1276 1218 1324 1253 τὴν
1350 1218 1456 1244 δίαιταν
1481 1217 1667 1252 παρήλλαξεν,
1685 1215 1749 1242 οὒτε
1775 1216 1831 1246 τοῖς

1048 1266 1149 1300 ίατροῐς
1174 1265 1321 1300 ἐκέχρητο,
1346 1264 1389 1291 διὰ
1405 1264 1449 1291 τον
1465 1264 1510 1290 τοῦ
1528 1263 1671 1299 Θρασύλον
1694 1263 1786 1296 λόγον,
1803 1262 1831 1292 ὃς

1046 1311 1116 1337 πάνυ
1144 1311 1192 1345 μὲν
1219 1309 1343 1344 ἁκριῦὦς
1366 1309 1425 1344 ᾔδει
1445 1309 1492 1336 καὶ
1510 1309 1560 1343 τὴν
1585 1308 1693 1343 ἡμέραν
1715 1309 1764 1334 καὶ
1782 1307 1830 1341 τὴν

1046 1358 1120 1393 ὥραν
1155 1356 1216 1383 καθ’
1238 1356 1271 1391 ἡν
1298 1354 1473 1390 τεθνήξεσθαι
1504 1355 1616 1389 ἔμελλεν
1644 1355 1658 1380 6
1695 1354 1830 1388 Τιϐέριος.

1046 1404 1141 1437 ἐκείνῳ
1168 1403 1194 1428 δὲ
1210 1403 1276 1428 δέκα
1296 1401 1437 1432 ἐνιαυτοὺς
1452 1401 1492 1427 ἑτι
1507 1400 1654 1436 βιώσεσθαι
1677 1400 1782 1434 ἔλεγεν,
1799 1400 1832 1426 ἶν’

1046 1451 1084 1480 ὡς
1111 1450 1157 1475 ἐπὶ
1180 1449 1348 1484 μακρότερον
1379 1447 1480 1481 ζήσων,
1513 1447 1550 1482 μὴ
1575 1447 1690 1481 ὲπειχθῇ
1719 1445 1833 1477 πολλοὺς

1007 1513 1029 1542 c
1047 1496 1217 1522 ἀποκτεῖναι.
1233 1492 1283 1521 Οἷα
1296 1494 1318 1520 δ’
1334 1494 1363 1519 ὲν
1377 1494 1451 1528 γήρᾳ
1470 1492 1517 1519 καὶ
1531 1492 1600 1528 νόσῳ
1615 1494 1651 1528 μὴ
1667 1492 1755 1527 ὀξείᾳ,
1772 1491 1832 1517 τοτὶ

1048 1542 1098 1576 μὲν
1117 1541 1307 1573 κατεπονεῖτο,
1325 1539 1386 1566 τοτὲ
1403 1539 1431 1565 δὲ
1456 1538 1658 1574 ἀνερῤὡννυτο.
1677 1537 1833 1564 Κάντεῦθεν

1047 1587 1132 1613 ἐνίοτε
1151 1587 1200 1622 μὲν
1219 1586 1315 1622 ἣδοντο
1338 1585 1365 1611 οἵ
1388 1594 1418 1611 τε
1437 1585 1539 1617 λοιποὶ,
1569 1584 1617 1610 καὶ
1641 1585 1654 1610 6
1683 1584 1774 1614 Γαῖος,
1796 1583 1833 1614 ὡς

1046 1633 1265 1667 τελευτήσοντος.
1289 1631 1390 1658 Ἐνίοτε
1409 1631 1437 1657 δὲ
1453 1631 1489 1662 ὼς
1507 1631 1554 1657 καὶ
1572 1629 1725 1665 ζησομένου
1750 1629 1834 1663 πεφό-

1048 1680 1142 1714 6ηντο.
1159 1678 1256 1710 Δείσας
1273 1678 1319 1705 οὖν
1342 1679 1355 1703 6
1375 1678 1454 1709 Γαῖος
1480 1678 1516 1712 μὴ
1542 1678 1588 1704 καὶ
1607 1676 1750 1712 ἀνασωθῇ,
1773 1676 1833 1702 οὔτε

1048 1726 1145 1759 φαγεῖν
1170 1725 1313 1760 αἰτήσαντι
1336 1724 1447 1756 ἔδωκεν,
1466 1724 1501 1754 ὡς
1523 1723 1593 1757 τάχα
1625 1722 1833 1758 βλαϐησομὲνῳ,

1047 1769 1096 1795 ’καὶ
1112 1770 1206 1804 ἱμάτια
1222 1769 1307 1796 πυλλά
1322 1770 1368 1796 καὶ
1388 1769 1478 1803 παχέα
1497 1769 1532 1800 ὡς
1548 1768 1699 1803 θερμασίας
1716 1768 1836 1802 δεομένῳ

1049 1815 1221 1850 προσέϐαλε·
1250 1815 1296 1842 καὶ
1312 1815 1399 1845 οὓτως
1416 1814 1567 1845 ἀπέπνιξεν
1594 1814 1686 1843 αὐτὴν,
1714 1813 1834 1849 ζήσαντα

1049 1861 1095 1895 ἔτη
1112 1861 1182 1887 ἑπτὰ
1196 1860 1264 1895 πρὸς
1282 1861 1341 1891 τοῖς
1357 1860 1546 1894 ἐϐδομήκοντα
1565 1859 1612 1886 καὶ
1633 1859 1722 1894 μῆνας
1739 1859 1834 1886 τέσσα⁴

1050 1916 1110 1942 ρας,
1134 1907 1182 1933 καὶ
1211 1907 1316 1941 ἡμέρας
1341 1907 1429 1937 ἐννέα,
1458 1905 1506 1939 ἀφ’
1522 1902 1559 1932 ὧν
1586 1905 1640 1931 δύω
1668 1906 1714 1931 καὶ
1733 1906 1836 1931 εἴκοσιν

1049 1952 1190 1982 ἐνιαυτοὺς
1216 1951 1391 1986 ὲμονάρχησε
1413 1950 1459 1976 καὶ
1483 1950 1570 1985 μῆνας
1585 1950 1654 1976 ἐτττά
1668 1951 1715 1977 καὶ
1730 1950 1834 1985 ἡμέρας

1049 1998 1119 2024 ἑπτά
1131 2005 1137 2012 ⁵
1156 1996 1305 2031 μετήλλαξε
1324 1996 1351 2022 δὲ
1367 1997 1400 2031 τῇ
1416 1996 1527 2030 εἰκοστῇ
1543 1995 1587 2021 τοῦ
1601 1996 1724 2030 Μαρτίου
1736 1996 1833 2031 ἡμέρᾳ.

1049 2043 1150 2069 Τούτου
1166 2042 1204 2076 τῷ
1221 2041 1456 2076 πεντεκαιδεκάτῳ
1473 2041 1527 2067 ἔτει
1542 2041 1694 2076 ἐὸαπτίσθη
1708 2042 1721 2067 6
1736 2042 1835 2076 Κύριος

1048 2089 1127 2123 ἡμῶν
1150 2087 1253 2123 Ἰησοῦς
1279 2087 1415 2123 Χριστός·
1445 2088 1474 2113 ὲν
1498 2087 1525 2113 δὲ
1553 2086 1592 2122 τῷ
1608 2087 1836 2122 ὀκτωκαιδεκάτῳ

1050 2134 1184 2170 παρεξόοη
1209 2135 1255 2160 καὶ
1279 2133 1440 2169 ἐσταυρώθη
1457 2134 1504 2160 καὶ
1520 2133 1630 2168 ἀνέστη.
1653 2133 1767 2168 Ἱστορεῖ
1784 2134 1836 2160 δὲό

210 2186 271 2206 eam
288 2186 346 2205 rem
365 2178 477 2204 Tiberio
498 2177 660 2211 imperatori
676 2177 893 2204 communicavit
910 2185 916 2203 :
949 2176 992 2211 qui

1051 2181 1179 2211 Εὐσέϐιος
1196 2201 1204 2214 ,
1230 2180 1275 2207 τὸν
1299 2180 1416 2206 Πιλᾶτον
1444 2179 1493 2213 τῆς
1526 2179 1657 2210 Ἰουδαίας
1687 2179 1836 2214 τηνικαῦτα

211 2230 275 2251 cum
301 2223 406 2250 caeteris
426 2223 487 2256 ejus
523 2223 663 2250 miraculis
685 2222 808 2253 auditis,
839 2226 895 2248 tum
922 2221 995 2256 quod

212 2273 275 2303 post
286 2269 519 2295 resurrectionem
531 2275 546 2294 e
560 2268 676 2295 mortuis
688 2275 702 2294 ο
723 2267 848 2302 plurimis
865 2267 937 2294 Deus
954 2275 997 2294 cs-

211 2321 242 2341 se
259 2314 431 2345 crederetur,
445 2313 479 2340 ad
500 2317 625 2340 senatum
634 2314 668 2340 de
683 2321 717 2340 eo
732 2313 833 2340 retulit.
846 2313 869 2340 Is
881 2319 946 2340 vero
955 2320 997 2340 re-

212 2362 334 2396 [ragatus
358 2365 411 2392 est,
436 2359 510 2394 quod
534 2359 592 2394 ipse
616 2359 641 2386 id
662 2367 716 2386 non
742 2360 820 2394 prius
842 2359 995 2393 probasset.

211 2407 278 2436 Nam
293 2406 379 2433 veteri
395 2406 455 2440 lege
469 2405 605 2432 sancitum
618 2410 687 2437 erat,
712 2412 745 2432 ne
757 2405 820 2439 quis
835 2405 914 2431 aliter
926 2404 997 2439 apud

211 2454 349 2480 Romanos
375 2452 404 2478 in
430 2452 544 2478 deorum
562 2458 708 2478 numerum
729 2450 890 2482 referretur,
907 2451 933 2477 ni
955 2458 998 2478 se-

213 2503 294 2525 natus
312 2498 439 2533 jussisset
454 2504 487 2524 ac
497 2497 674 2523 decrevisset.
687 2496 755 2524 Cum
774 2501 865 2523 autem
881 2496 997 2524 Romani

211 2544 382 2579 rogationem
402 2544 435 2570 de
446 2544 593 2571 Servatore
609 2548 703 2570 nostro
721 2543 934 2577 improbassent.
950 2544 997 2569 Ti-

214 2591 320 2618 berium
340 2591 366 2617 in
385 2590 500 2625 pristina
521 2590 555 2616 de
578 2597 611 2616 eo
632 2589 767 2616 sententia
781 2595 997 2623 permanentem,

212 2637 281 2663 nihil
305 2637 416 2671 gravius
444 2636 472 2663 in
501 2635 653 2662 doctrinam
681 2635 865 2662 Christianam
894 2636 998 2663 consti-

214 2681 298 2708 tuisse
317 2692 322 2708 :
339 2689 371 2708 ac
388 2686 485 2709 testem
498 2681 592 2708 laudat
605 2681 824 2712 Tertullianum,
844 2681 998 2709 Romanum

214 2727 376 2760 scriptorem
404 2732 432 2754 et
444 2727 548 2753 clarum
559 2727 662 2759 virum,
676 2727 756 2761 cujus
781 2727 840 2755 haec
863 2735 895 2755 ea
913 2728 947 2755 de
969 2737 999 2757 re

213 2773 296 2799 verba
318 2778 452 2800 exstant:
484 2772 562 2800 Vetus
588 2777 719 2800 statutum
737 2774 798 2808 fuit,
824 2782 856 2800 ne
881 2776 937 2810 quis
966 2776 998 2803 ab

214 2817 269 2844 ullo
289 2818 351 2844 deus
363 2823 573 2851 consecraretur,
588 2820 742 2850 vriusquam
753 2819 781 2846 id
794 2829 809 2847 a
824 2824 919 2848 senatu
936 2829 999 2849 vra-

1050 2227 1276 2262 ὲπιτροπεύοντα,
1290 2227 1395 2261 γράψαι
1411 2224 1446 2251 τὰ
1468 2225 1533 2260 περὶ
1557 2225 1603 2251 τοῦ
1619 2225 1719 2259 Κυρίου
1736 2225 1776 2260 τῷ
1791 2226 1835 2252 Τι-

1049 2272 1144 2306 ὕερίῳ,
1157 2272 1233 2303 ἔθους
1246 2271 1322 2302 ὕντος
1347 2271 1403 2302 τοῖς
1417 2270 1472 2297 τῶν
1485 2271 1571 2297 ἐθνῶν
1584 2271 1699 2306 ἄρχουσι
1714 2271 1747 2297 τὰ
1761 2271 1836 2307 παρὲ

1051 2317 1126 2351 σφισι
1155 2315 1389 2350 καινοτομούμενα
1414 2315 1510 2350 δηλοῦν
1534 2315 1574 2350 τῷ
1607 2317 1657 2351 τὴν
1685 2318 1835 2352 μοναρχίαν

1053 2361 1178 2393 ίθύνοντι,
1196 2361 1229 2387 ἵν’
1245 2361 1319 2396 αὐτῷ
1340 2361 1423 2396 μηδὲν
1451 2362 1583 2395 ἀγνοῆται
1610 2361 1664 2388 τῶν
1691 2362 1758 2396 παρ’
1774 2363 1836 2390 ἑκά-

1052 2415 1124 2438 στοις
1147 2406 1202 2432 τῶν
1220 2407 1305 2433 ἐθνῶν
1323 2408 1484 2441 γινομένων.
1503 2408 1572 2443 Ἤδη
1597 2407 1662 2443 γὰρ,
1691 2404 1769 2443 ὶρησὶ,
1786 2409 1835 2443 τῆς

1052 2455 1084 2480 ὲκ
1118 2454 1224 2488 νεκρῶν
1256 2454 1430 2483 ἀναστάσεως
1458 2453 1503 2479 τοῦ
1534 2454 1659 2488 Σωτῆρος
1688 2454 1768 2489 ἡμῶν
1796 2455 1836 2486 εἰς

1053 2501 1177 2530 ἅπαντας
1195 2500 1223 2525 ἐν
1241 2499 1315 2534 πάσῃ
1331 2501 1362 2533 τῇ
1381 2498 1544 2533 Παλαιστίνῃ
1560 2498 1787 2533 διαὸεὸοημένης,
1802 2499 1836 2525 τὰ

1053 2546 1117 2581 περὶ
1139 2545 1223 2579 αὐτῆς
1248 2546 1261 2571 6
1283 2545 1397 2575 Πιλᾶτος
1415 2543 1578 2569 ἐκοινώσατο
1596 2544 1714 2579 Τιϐερίῳ
1734 2544 1773 2577 τῷ
1789 2545 1837 2570 au—

1053 2592 1197 2626 τοκράτορι
1220 2590 1247 2622 ὃς
1263 2592 1295 2617 τὰ
1318 2591 1400 2616 λοιπά
1417 2599 1445 2616 τε
1469 2590 1551 2616 αὐτοῦ
1569 2590 1752 2624 ἡνωτισμένος
1770 2591 1835 2616 θαυ-

1054 2637 1151 2671 μάσια,
1175 2638 1222 2663 καὶ
1245 2637 1282 2668 ὡς
1301 2637 1370 2671 μετὰ
1395 2637 1509 2662 θάνατον
1534 2637 1566 2662 ἐκ
1591 2637 1695 2669 νεκρῶν
1716 2637 1835 2667 ἀναστὰς

1052 2682 1118 2715 Θεὸς
1141 2680 1210 2709 εἶναι
1232 2681 1308 2716 παρὰ
1334 2682 1471 2713 πλείστοις
1497 2681 1546 2718 ἤδη
1582 2682 1770 2713 πεπίστευται,
1788 2682 1835 2708 ἀν-

1053 2729 1154 2764 ήνεγκε
1173 2729 1207 2764 τῇ
1224 2728 1367 2763 συγκλήτῳ
1390 2727 1486 2755 ταῦτα.
1509 2728 1616 2762 Ἐκείνη
1637 2727 1666 2754 δὲ
1689 2728 1735 2754 τὸν
1758 2727 1835 2761 λόγον

1053 2776 1194 2806 ἀπώσατο,
1221 2775 1263 2800 ὅτι
1282 2773 1319 2809 μὴ
1338 2774 1470 2808 πρότερον
1487 2774 1555 2808 αὑτὴ
1571 2774 1649 2801 τοῦτο
1664 2774 1834 2807 δοκιμάσασα

1052 2819 1097 2855 ἦν,
1123 2821 1238 2848 παλαιοῦ
1263 2821 1347 2856 νόμου
1363 2820 1503 2856 κειμένου,
1525 2820 1564 2857 μὴ
1577 2820 1665 2851 ἄλλως
1680 2819 1743 2847 τινὰ
1757 2819 1833 2855 παρὰ
