4018 6250
356 260 465 323 933
1068 263 1073 268 ’
1625 268 1722 334 ΑΝ
1733 271 1828 333 NA
1838 275 1922 334 Ll'

2026 277 2033 335 l
2072 276 2220 338 LlB.
2261 277 2365 340 ΧῘ.
3519 284 3629 347 934

364 375 666 446 Ῥωμαίοις
701 376 1092 442 θεοποιεῖσθαι,
1137 382 1215 451 μὴ
1250 382 1388 453 ὀὐχί
1438 384 1607 458 ψήφῳ
1654 388 1755 458 τῆς
1802 405 1922 456 συγ-

2037 391 2220 444 batum
2251 399 2404 444 esset.
2438 388 2697 446 Tiberius
2729 391 2917 462 igitur,
2959 406 3085 447 cum
3121 404 3323 448 nomen
3354 393 3621 452 Christia-

353 467 558 539 κλήτου
609 470 707 522 καὶ
761 469 1019 541 δόγματι.
1061 473 1282 543 Ταύτης
1334 475 1379 528 δ’
1409 474 1502 528 οῦν
1562 480 1922 550 ἀπωσαμένη

2040 495 2241 534 norum
2281 480 2339 533 in
2380 481 2649 535 mundum
2678 482 2987 553 ingressum
3029 493 3212 549 esset,
3248 483 3300 538 id
3335 486 3636 539 decretum.

353 561 446 614 τὸν
477 561 609 633 περὶ
632 560 726 614 τοῦ
766 563 1019 632 Σωτῆρος
1043 565 1205 635 ήμῶν
1233 567 1417 635 λόγον,
1447 569 1540 622 τὸν
1586 570 1842 641 Τιϐέριον
1873 572 1922 643 ῆι

2037 588 2106 630 ex
2131 574 2446 640 Palaestina,
2472 576 2568 631 ubi
2602 577 2840 647 primum
2867 585 3049 631 ortum
3079 586 3222 641 erat,
3260 577 3365 632 sibi
3402 576 3627 631 nunt-

352 653 451 705 καὶ
484 652 679 723 πρώην
728 649 845 724 εἶχε
879 657 1109 728 γνώμην
1143 660 1488 730 τηρήσαντα,
1528 663 1699 733 μηδὲν
1738 664 1922 718 ἀει-οπο1

2042 673 2181 730 tum,
2208 680 2334 719 eum
2372 675 2566 720 senatu
2608 667 3044 721 communicavit
3086 708 3102 733 ,
3161 669 3306 721 haud
3362 667 3626 722 dissimu-

352 745 500 797 κατὰ
535 745 636 814 τῆς
664 746 905 816 Χριστοῦ
934 748 1289 815 διδασκαλίας
1321 754 1629 824 ἐπινοῆσαι.
1663 757 1922 828 Μάρτυρο

2036 754 2182 819 laus,
2251 757 2477 827 probari
2510 758 2614 811 sibi
2652 758 2704 811 id
2740 760 3102 827 praeconium.
3145 759 3265 825 Quo
3315 774 3345 812 a
3400 768 3619 821 senatu,

349 838 395 889 δ’
421 837 514 889 sui.
542 837 752 900 τούτοις
791 839 1032 910 παράγει
1052 843 1448 913 Τερτουλιανὸν
1478 849 1505 900 ὁ
1535 848 1817 914 Εὐσέϐιος,
1847 848 1945 902 ἄν-

354 928 460 999 δρα
500 929 775 1000 Ῥωμαῖον
808 934 904 985 καὶ
934 933 1034 987 ἕνα
1061 935 1173 988 τῶν
1219 936 1280 989 ὲν
1319 940 1389 1008 τῇ
1431 932 1618 1009 Ῥώμῃ
1648 939 1938 1009 λαμπρῶν,

350 1024 412 1074 ὲν
455 1027 752 1095 συγγραφῇ
795 1042 902 1076 τινι
944 1028 1077 1096 παρ’
1113 1027 1279 1082 αὐτοῦ
1326 1030 1612 1102 ὲκτεθείσῃ
1649 1031 1937 1103 Ῥωμαϊκῇ

344 1115 646 1185 διαλέκτῳ,
700 1118 1106 1193 μεταϐληθείσῃ
1137 1121 1183 1174 δ’
1214 1126 1293 1185 εἷς
1325 1123 1425 1192 τὴν
1467 1124 1696 1178 Ἐλλάδα
1734 1128 1940 1193 φωνὴν,

350 1206 581 1272 λέγοντα
605 1208 779 1263 ταῦτα
804 1226 819 1242 ο
854 1214 1126 1265 Παλαιὸν
1155 1209 1235 1282 ἦν
1277 1217 1489 1282 δόγμα,
1519 1215 1754 1283 μηδένα
1790 1216 1941 1270 Θεὸν

348 1300 474 1351 ὑπό
514 1314 620 1354 του
653 1302 1092 1369 καθιεροῦσθαι,
1118 1307 1264 1372 πρὶν
1287 1306 1408 1361 ὑπὸ
1436 1305 1549 1376 τῆς
1584 1307 1938 1376 συγκλήτου

2041 845 2302 914 quoniam
2339 847 2392 901 id
2426 850 2543 917 ipse
2576 862 2687 900 non
2728 848 3042 917 probasset,
3073 849 3386 917 repudiato,
3421 848 3624 901 nihilo-

2039 938 2226 992 minus
2258 940 2311 993 in
2346 940 2540 994 eadem
2580 941 2875 995 sententia
2929 940 3253 1011 permansit,
3285 939 3625 993 Christiano-

2041 1046 2166 1085 rum
2201 1032 2627 1087 accusatoribus
2662 1043 2896 1088 mortem
2936 1034 3328 1088 comminatus.
3362 1030 3487 1086 Haec
3530 1030 3625 1084 'I‘i-

2040 1123 2255 1177 berium
2304 1123 2503 1179 fecisse
2527 1124 2825 1189 Eusebius,
2861 1124 3153 1179 divinitate
3183 1123 3493 1177 Servatoris
3524 1134 3624 1174 no-

2041 1217 2139 1271 su-i
2197 1224 2253 1270 et
2296 1218 2707 1273 resurrectione
2763 1232 2832 1272 ex
2862 1218 3097 1271 mortuis
3128 1217 3370 1287 cognita,
3418 1230 3450 1269 e
3484 1213 3618 1268 Ter-

2042 1306 2261 1361 tulliani
2292 1307 2518 1377 scriptis
2552 1318 2975 1364 commemorat.

347 1392 713 1463 δοκιμασθῇ.
770 1395 1115 1466 ὍίΤιϐέριος
1189 1396 1304 1468 οὖν,
1374 1400 1462 1471 ἰφ’
1522 1392 1584 1453 οὗ
1630 1402 1693 1455 τὸ
1736 1403 1845 1456 τῶν
1900 1400 2246 1473 Χριστιανῶν
2295 1400 2468 1469 ὄνομα
2501 1403 2582 1465 είς
2628 1401 2721 1454 τὸν
2770 1402 2976 1471 κόσμον
3021 1400 3379 1470 εἰσεληλύθει,
3420 1401 3621 1469 ἀγγελ-

349 1483 538 1548 θέντος
582 1486 728 1555 αὐτρ
776 1488 846 1542 ὲκ
894 1488 1268 1561 Παλαιστίνης
1309 1493 1402 1546 τοῦ
1446 1493 1718 1566 δόγματος
1772 1493 1963 1547 τούτου
2005 1491 2135 1545 ἔνθα
2187 1491 2402 1563 πρῶτον
2449 1491 2673 1564 ἤρξατο,
2742 1495 2808 1563 τῇ
2859 1490 3147 1562 συγκλήτῳ
3196 1492 3619 1572 ἀνεκοινώσατο,

342 1574 508 1646 δῆλος
535 1577 611 1631 ὢν
662 1576 894 1643 ἐκείνοις
924 1580 1000 1643 ὡς
1031 1581 1331 1649 ἀρέσκεται
1395 1584 1475 1654 τῷ
1516 1585 1854 1656 κηρύγματι.
1943 1581 2008 1635 Ἦ
2046 1582 2105 1635 δὲ
2159 1580 2465 1652 σύγκλητος
2517 1582 2643 1634 ἐπεὶ
2694 1582 2797 1634 οὐκ
2858 1581 2994 1653 αὐτὴ
3051 1581 3401 1649 δεδοκιμάκει
3459 1582 3622 1635 τοῦτο

347 1670 630 1724 ἀπώσατο.
677 1672 737 1724 Ὀ
779 1670 837 1724 δὲ
863 1672 921 1725 ὲν
953 1675 1018 1743 τῇ
1051 1675 1188 1745 αὐτῇ
1222 1675 1418 1747 γνώμῃ
1462 1676 1680 1746 ἔμεινεν
1737 1675 2042 1744 ἀπειλήσας
2109 1674 2340 1729 θάνατον
2398 1676 2514 1737 τοῖς
2563 1674 2675 1727 τῶν
2706 1674 3046 1743 Χριστιανῶν
3069 1675 3416 1743 κατηγόροιςο
3447 1673 3620 1727 ταῦτα.

346 1763 381 1814 ὁ
432 1763 689 1826 Εὐσέϐιος
724 1766 947 1833 ποιῆσαι
991 1766 1083 1818 τὸν
1119 1768 1369 1836 Τιϐέριον
1413 1771 1639 1840 ἱστορεῖ,
1687 1769 1927 1840 μαθόντα
1967 1770 2098 1840 περὶ
2170 1768 2271 1837 τῆς
2318 1766 2574 1838 θεότητος
2620 1766 2716 1820 τοῦ
2785 1768 3036 1837 Σωτῆρος
3083 1770 3242 1840 ήμῶν
3289 1768 3381 1821 καὶ
3427 1771 3525 1841 τῆς
3555 1771 3622 1822 ἐκ

346 1857 559 1929 νεκρῶν
595 1858 765 1911 αὐτοῦ
795 1861 1168 1928 ἀναστάσεως,
1197 1865 1262 1914 ἐκ
1295 1864 1395 1934 τῆς
1423 1864 1518 1917 τοῦ
1569 1863 1929 1935 Τερτυλιανοῦ
1971 1864 2299 1933 συγγραφῆς
2332 1866 2471 1918 αὐτὰ
2494 1865 2870 1933 ἐκλεξάμενος.

422 1951 496 2003 Δ¹.
525 1950 632 2002 Καὶ
658 1952 685 2002 ὁ
723 1949 822 2018 μὲν
859 1952 1110 2024 Τιϐέριος
1154 1952 1327 2019 οὕτως
1375 1956 1609 2011 ἀπεϐίω.
1659 1955 1922 2021 Διεδέξατι

2115 1956 2204 2011 ιν.
2249 1956 2477 2010 Tiberio
2517 1957 2585 2010 ad
2647 1957 2793 2011 hunc
2852 1956 3076 2011 modum
3125 1950 3405 2022 defuncto,
3452 1957 3621 2015 Caius

346 2043 409 2096 δὲ
441 2043 605 2097 αὐτὸν
638 2045 665 2095 ὁ
698 2044 858 2106 Γάϊος
888 2046 916 2097 ὁ
944 2046 1039 2098 τοῦ
1074 2046 1420 2117 Γερμανικοῦ
1462 2051 1674 2120 καὶτῆς
1706 2050 1931 2119 Ἀγριπ-

348 2135 512 2204 πίνης
567 2137 721 2198 παῖς,
776 2135 839 2187 ὃν
895 2138 991 2189 καὶ
1047 2138 1390 2208 Γερμανικὸν
1448 2141 1543 2194 καὶ
1587 2139 1930 2208 Καλλιγόλαν

344 2226 722 2296 ἐπωνόμαζον.
767 2228 828 2279 Ei
886 2227 994 2300 γὰρ
1046 2233 1140 2282 καὶ
1195 2232 1223 2281 ὀ
1264 2231 1518 2303 Τιϐέριος
1565 2233 1660 2287 καὶ
1689 2234 1768 2304 τῷ
1813 2233 1929 2305 ἰδίῳ

343 2319 560 2389 ἐγγὸνῳ
587 2318 666 2389 τῷ
697 2319 935 2390 Τιϐερίῳ
972 2319 1071 2392 τὴν
1110 2322 1414 2393 αὐταρχίαν
1460 2322 1772 2389 κατέλιπεν,
1809 2324 1928 2379 ἀλλ’

342 2413 374 2463 ὁ
405 2412 566 2476 Γάϊος
600 2411 1003 2483 rae-alaeam;
1049 2413 1215 2468 αὐτοῦ
1254 2418 1334 2479 εἰς
1367 2416 1426 2469 τὸ
1467 2416 1744 2488 συνέδριον
1791 2416 1930 2488 πέμ-

340 2504 476 2574 ψας,
500 2503 741 2575 ἀκύρους
792 2505 1173 2574 παρεηεόασε
1215 2506 1490 2574 γενέσθαι,
1524 2506 1602 2570 ὡς
1637 2523 1927 2581 παραφρο-

338 2596 648 2667 Δνήσαντος,
697 2591 785 2649 οἷα
829 2595 986 2650 παιδὶ
1025 2590 1069 2665 ᾧ
1110 2598 1236 2668 μηδ’
1265 2598 1528 2653 εἰσελθεῖν

343 2690 753 2760 βουλευτήριον,
797 2691 990 2760 ἄρχειν
1018 2690 1129 2744 τῶν
1172 2691 1460 2760 Ῥωμαίων

348 2758 462 2851 Τῆς
508 2758 628 2850 μὲνὴ
652 2777 747 2835 οῦν
993 2782 1158 2835 αὐτὸν
1189 2758 1362 2847 οὕτως
1391 2784 1589 2836 αὐτίκα

342 2874 442 2924 καὶ
492 2871 634 2942 μετὰ
671 2872 830 2925 τοῦτο
873 2875 1335 2944 εἰσποιησάμενος
1368 2876 1710 2939 ἀπέκτεινεν,
1736 2875 1812 2938 ὼς
1838 2892 1924 2928 τε·

341 2961 604 3030 λευτῆσαι
632 2961 798 3015 αὐτὸν
831 2961 1156 3032 εὐξάμενον.
1196 2964 1475 3035 Χρήματα
1503 2965 1560 3019 δὲ
1589 2965 1763 3019 πολλὰ
1809 2968 1924 3031 τοῖς

341 3051 713 3121 στρατιώταις
747 3054 842 3107 καὶ
878 3053 959 3124 τῷ
1006 3054 1167 3126 δήμῳ
1199 3055 1460 3126 διένειμε,
1496 3057 1564 3110 τὰ
1601 3057 1703 3124 μὲν
1732 3059 1795 3111 ἐκ
1817 3059 1926 3112 τῶν

341 3144 599 3213 Τιϐερίου
653 3145 949 3215 διαθηκῶν,
992 3149 1061 3199 τὰ
1091 3147 1148 3200 δὲ
1180 3150 1244 3200 ἐκ
1292 3150 1400 3202 τῶν
1429 3149 1527 3218 τῆς
1570 3150 1784 3216 Λιϐίας,
1817 3150 1851 3204 ἂ
1897 3154 1926 3205 ὁ

338 3237 600 3307 Τιϐέριος
624 3239 687 3290 οὐ
717 3240 985 3309 παρέσχε.
1019 3241 1129 3294 Καὶ
1158 3240 1320 3312 ειπερ
1351 3244 1445 3295 καί
1473 3242 1542 3295 τὰ
1568 3242 1733 3297 λοιπὰ
1778 3243 1924 3296 δεόν-

337 3346 450 3391 τως
508 3328 787 3398 ἀνήλισκε,
842 3330 1175 3400 μεγαλόνους
1223 3333 1292 3386 ἂν
1344 3334 1438 3386 καὶ
1492 3335 1920 3406 μεγαλοπρεπὴς

337 3419 510 3483 εδοξε.
549 3419 666 3474 Νῦν
714 3421 772 3474 δὲ
830 3423 925 3475 καὶ
975 3423 1055 3483 είς
1106 3423 1382 3494 ὀρχηστὰς
1437 3423 1532 3478 καὶ
1572 3425 1773 3488 ἵππους
1823 3425 1919 3479 καὶ

341 3513 711 3582 μονομάχους,
740 3515 834 3565 καὶ
863 3517 1254 3585 τοιουτότροπα
1293 3516 1455 3584 ἕτερα
1493 3516 1785 3585 ἀπλήστως
1821 3517 1918 3570 δα-

340 3602 553 3669 πανῶν,
582 3604 678 3656 καὶ
706 3603 831 3667 τοὺς
856 3604 1168 3675 θησαυροὺς
1211 3607 1483 3675 μεγάλους
1513 3610 1802 3675 γεγονότας
1828 3610 1917 3663 διὰ

338 3696 594 3765 βραχέος,
622 3695 945 3762 ἐξεκένωσε,
981 3700 1075 3751 καὶ
1120 3700 1316 3752 ἑαυτὸν
1342 3699 1794 3770 προσεξήλεγξεν,
1836 3703 1919 3756 ὅτι

336 3785 599 3856 εὐχερείᾳ
629 3789 726 3838 καὶ
769 3788 996 3859 ἀκρισίᾳ
1048 3789 1280 3841 κάκεῖνα
1330 3791 1623 3856 πεποίηκε.
1656 3793 1767 3845 Καὶ
1808 3793 1921 3847 οὐδ’

336 3881 402 3939 ἐς
439 3875 623 3947 τρίτον
646 3878 767 3940 ἔτος
803 3879 969 3950 μέρος
1004 3880 1183 3932 αὐτῶν
1215 3896 1270 3932 τι
1302 3880 1583 3945 διέσωσεν,
1611 3882 1725 3933 ἀλλ’
1755 3883 1918 3948 εὐθὺς

336 3966 679 4037 παμπόλλων
713 3969 1081 4040 προσεδεήθη.
1108 3970 1196 4038 Τῷ
1228 3969 1274 4023 δ’
1300 3970 1451 4040 αὐτῷ
1487 3973 1677 4043 τρόπῳ
1725 3977 1820 4027 καὶ
1858 3977 1917 4039 ἐς

334 4059 411 4115 τὰ
444 4058 583 4116 ἄλλα
629 4062 919 4131 ὲκέχρητο.
970 4062 1386 4131 Μοιχικώτατός
1437 4081 1498 4115 τε
1546 4065 1659 4135 γὰρ
1701 4066 1914 4136 ἀνδρῶν

335 4150 655 4221 γενόμενος,
705 4153 800 4207 καὶ
832 4155 1070 4221 γυναῖκα
1106 4153 1235 4223 μίαν
1289 4154 1388 4224 μὲν
1420 4155 1677 4225 ἀρπάσας
1714 4158 1917 4210 ἐκδιδο-

340 4243 521 4312 μένην
566 4243 743 4312 ἀνδρὶ,
780 4244 945 4307 ἄλλας
995 4244 1052 4296 δὲ
1086 4244 1187 4315 ἤδη
1216 4246 1575 4316 ὲκδεδομένας
1607 4249 1702 4300 καὶ
1742 4264 1919 4301 συνοι-

340 4335 547 4395 κούσας
603 4337 747 4388 τισὶν
806 4336 1168 4401 ἀποσπάσας,
1222 4337 1361 4406 πλὴν
1421 4340 1549 4407 μιᾶς
1597 4337 1698 4402 τὰς
1749 4339 1915 4405 ἄλλας

337 4426 611 4496 ἐμίσησε·
666 4429 884 4490 πάντως
915 4429 1030 4501 (90)
1058 4428 1103 4480 δ’
1131 4429 1199 4483 ἂν
1247 4430 1509 4500 κάκείνην
1538 4431 1822 4501 ἐμίσησεν,
1864 4436 1913 4486 εί

336 4518 435 4570 ἐπὶ
483 4517 643 4573 πλέον
687 4518 992 4572 ἐϐεϐιώκει.
1020 4521 1128 4573 Καὶ
1160 4522 1220 4584 ἐς
1250 4522 1348 4590 τήν
1407 4522 1643 4592 μητέρα,
1676 4526 1770 4577 καὶ
1812 4525 1912 4589 τὰς

2032 2045 2340 2101 Germanici
2368 2054 2420 2101 et
2444 2047 2760 2116 Agrippina:
2781 2046 2946 2111 ﬁlius,
2966 2048 3059 2116 qui
3092 2046 3530 2104 etGermanicus
3559 2059 3625 2103 et

2034 2136 2197 2207 553
2240 2137 2464 2207 Calgula
2506 2138 2959 2207 cegnominatur,
2987 2140 3277 2193 successit.
3318 2139 3431 2194 Etsi
3465 2140 3618 2195 enim

2035 2228 2317 2294 Tiberius,
2350 2229 2518 2283 etiam
2561 2228 2787 2283 Tiberio
2841 2230 3027 2299 nepoti
3079 2231 3381 2300 reliquerat
3439 2233 3616 2300 impe-

2031 2321 2196 2385 rium,
2248 2330 2430 2376 tamen
2483 2321 2650 2376 Caius
2704 2331 3033 2376 testamento
3085 2323 3207 2387 ejus
3255 2331 3315 2376 ut
3366 2323 3525 2378 deliri
3557 2323 3612 2377 in

2031 2412 2242 2467 curiam
2283 2414 2473 2477 misso,
2505 2414 2710 2479 eﬂ‘ecit,
2764 2425 2824 2469 ut
2857 2414 3197 2478 aboleretur,
3238 2415 3383 2485 quod
3416 2432 3612 2486 puero,

2030 2504 2117 2559 cui
2150 2520 2247 2575 per
2274 2514 2491 2559 aetatem
2520 2506 2757 2559 necdum
2792 2505 3005 2575 ingredi
3037 2504 3246 2559 curiam
3274 2505 3621 2574 liceret,|lloo

2031 2613 2252 2652 manum
2290 2598 2579 2669 imperium
2617 2599 2948 2668 reliquisset.
2985 2600 3166 2669 Atque
3220 2599 3294 2653 ita
3328 2599 3613 2670 principa-

2030 2700 2144 2744 tum
2178 2690 2228 2743 ei
2257 2689 2441 2743 statim
2466 2690 2691 2744 ademit.
2725 2691 2874 2757 Post,
2903 2692 3223 2761 adOptatum
3276 2692 3557 2747 interfecit
3587 2734 3609 2757 τ

2029 2796 2089 2835 ιιι
2115 2781 2207 2850 qui
2240 2781 2417 2849 ipsum
2452 2782 2591 2835 mori
2625 2792 2886 2851 optasset.
2936 2785 3183 2854 Magnam
3233 2785 3524 2854 pecuniam
3554 2797 3611 2839 et

2028 2871 2295 2926 militibus
2326 2880 2382 2924 et
2413 2871 2636 2940 populo,
2675 2875 2871 2942 partim
2905 2891 2971 2928 ex
3009 2874 3241 2937 Tiberii,
3283 2879 3482 2944 partim
3536 2890 3606 2929 ex

2028 2964 2195 3018 Liviae
2226 2968 2555 3017 testamento
2589 2965 2832 3017 nondum
2879 2979 2907 3018 a
2939 2964 3164 3019 Tiberio
3213 2972 3557 3018 numeratam
3589 3003 3607 3028 ,

2028 3055 2333 3112 distribuit.
2374 3053 2533 3123 Quod
2564 3055 2609 3109 si
2645 3055 2912 3124 reliquam
2948 3054 3114 3109 etiam
3147 3094 3161 3119 ,
3221 3052 3297 3108 ita
3323 3063 3384 3108 ut
3439 3054 3607 3109 dece-

2028 3148 2141 3209 bat,
2178 3148 2581 3221 insumpsisset,
2619 3147 2998 3216 magnanimus
3045 3156 3102 3200 et
3150 3145 3475 3216 magniﬁcus
3514 3161 3607 3201 es-

2026 3248 2111 3294 set
2149 3240 2389 3298 habitus.
2418 3241 2576 3295 Nunc
2603 3239 2835 3294 inﬁnitis
2883 3238 3147 3308 impensis
3182 3238 3235 3293 in
3271 3238 3560 3293 saltatores
3588 3279 3605 3304 ,

2028 3344 2225 3400 equos,
2252 3331 2607 3402 gladiatores,
2644 3339 2701 3385 et
2739 3329 2795 3383 id
2821 3344 2993 3400 genus
3021 3329 3127 3383 alia
3157 3328 3317 3385 factis
3346 3371 3361 3396 ,
3399 3339 3455 3384 et
3488 3331 3606 3385 tbe-

2030 3438 2226 3477 sauros
2260 3423 2528 3478 maximos
2557 3422 2831 3485 exhausit,
2860 3430 2916 3475 et
2945 3422 3037 3476 illa
3078 3439 3295 3493 quoque
3328 3439 3387 3479 se
3434 3430 3608 3478 teme-

2031 3514 2195 3568 ritate
2222 3522 2278 3568 et
2315 3516 2535 3569 levitate
2565 3513 2802 3583 quadam
2839 3513 3037 3567 fecisse
3093 3513 3413 3568 declaravit.
3467 3513 3604 3567 Nam

2026 3606 2261 3675 publica:
2293 3606 2541 3675 pecuniae
2585 3620 2688 3661 nec
2738 3605 2795 3658 in
2848 3604 3073 3659 tertium
3126 3618 3333 3658 annum
3394 3616 3602 3674 partem

2030 3698 2198 3752 ullam
2231 3698 2485 3763 retinuit,
2519 3697 2614 3751 sed
2646 3696 2826 3750 statim
2854 3696 3040 3749 multis
3065 3710 3228 3765 egere
3287 3696 3474 3765 cmpit.
3508 3696 3594 3752 lis-

2027 3786 2150 3841 dem
2193 3785 2438 3839 moribus
2487 3784 2654 3840 etiam
2701 3784 2825 3838 aliis
2874 3782 2931 3836 in
2986 3783 3152 3838 rebus
3180 3823 3194 3848 ,
3236 3790 3292 3837 et
3335 3784 3603 3839 maximus

2024 3876 2241 3934 adulter
2305 3876 2454 3931 fuit:
2501 3884 2560 3931 et
2605 3891 2731 3932 cum
2786 3875 3076 3929 mulierem
3126 3874 3421 3944 quamdam
3479 3876 3599 3931 viro

2023 3969 2351 4036 desponsam
2406 3968 2724 4037 rapuisset,
2786 3967 2920 4022 alias
2974 3967 3087 4037 jam
3141 3966 3378 4021 elocatas
3423 3976 3480 4022 et
3541 3968 3599 4022 in

2023 4061 2280 4131 eonjugio
2318 4061 2566 4114 viventes
2617 4074 2648 4113 a
2699 4060 2912 4113 maritis
2938 4058 3297 4113 abstraxisset
3326 4098 3341 4124 ,
3373 4069 3602 4114 caeteras

2022 4163 2218 4203 omnes
2241 4148 2369 4202 odio
2402 4157 2731 4216 prosecutus
2777 4157 2900 4211 est,
2945 4161 3053 4200 una
3101 4155 3371 4216 excepta:
3427 4164 3596 4217 quam

2019 4251 2079 4298 et
2105 4243 2277 4312 ipsam
2331 4242 2522 4311 utique
2564 4256 2766 4296 osurus
2808 4241 2948 4305 fuit,
3002 4243 3048 4296 si
3103 4239 3313 4296 diutius
3346 4241 3597 4296 vixisset.

2022 4334 2162 4403 Erga
2193 4344 2442 4397 matrem,
2473 4346 2692 4386 sorores
2735 4338 2792 4385 et
2849 4331 3029 4386 aviam
3077 4329 3374 4385 Antoniam
3424 4332 3597 4386 multa

2020 4425 2111 4497 pie
2147 4424 2279 4480 fecit
2315 4447 2326 4479 :
2362 4432 2504 4492 post,
2532 4423 2712 4478 aviam
2752 4439 2783 4478 a
2813 4438 2922 4494 qua
2961 4423 3286 4494 obiurgatus
3322 4430 3443 4478 erat
3465 4464 3480 4487 ,
3519 4423 3591 4480 ad

2020 4531 2215 4571 necem
2250 4515 2615 4570 voluntariam
2649 4515 2931 4584 compulit.
2974 4512 3208 4568 Sorores
3233 4528 3428 4569 omnes
3463 4529 3592 4569 cor-

320 4608 601 4679 ,hﬁakpd;,
633 4616 732 4681 τήν
775 4628 835 4665 τε
867 4610 1038 4681 τήθην
1083 4612 1185 4682 τὴν
1221 4614 1510 4667 Ἀντωνίαν
1558 4616 1733 4668 πολλά
1760 4617 1918 4670 εὐσε-

2026 4610 2190 4679 rupit,
2219 4617 2276 4663 et
2314 4610 2448 4662 duas
2501 4606 2554 4660 in
2594 4606 2833 4662 insulam
2888 4608 3149 4677 relegavit
3185 4623 3199 4660 :
3243 4607 3368 4661 nam
3426 4607 3595 4663 tertia.

335 4702 453 4766 ϐῶς
481 4702 857 4772 ἐνδειξάμενος
883 4721 896 4734 ο
942 4706 1084 4773 μετὰ
1116 4703 1290 4759 ταῦτα
1320 4705 1419 4774 τὴν
1463 4707 1563 4777 μὲν
1592 4708 1763 4778 τήθην
1790 4711 1914 4762 ὲπι-

332 4795 653 4864 τιμήσασάν
701 4812 755 4848 τι
797 4795 947 4864 αὐτῷ
990 4799 1071 4859 είς
1113 4797 1359 4868 ἀνάγκην
1397 4799 1651 4852 ἑκουσίου
1681 4798 1913 4853 θανάτου

336 4887 668 4956 κατέστησε.
723 4886 834 4950 Τὰς
887 4885 1125 4955 ἀδελφὰς
1170 4887 1229 4939 δὲ
1283 4889 1512 4960 φθείρας
1546 4890 1783 4954 ἁπάσας,
1833 4891 1916 4954 εἰς

322 4977 508 5046 τνῆσον
536 4978 635 5040 τὰς
669 4975 780 5032 δύω
812 4978 1186 5033 κατέκλεισεν·
1236 4979 1268 5048 ἡ
1316 4981 1426 5048 γάρ
1468 4982 1625 5051 τρίτη
1681 4998 1912 5051 προετε-

326 5069 554 5139 θνήκει,
604 5069 698 5122 καὶ
738 5068 874 5124 ἄλλα
920 5068 1095 5123 πολλὰ
1141 5068 1371 5122 τοιαῦτα
1407 5071 1655 5138 εποίησε.
1685 5073 1796 5125 Καὶ
1821 5072 1914 5127 τὸν

336 5162 593 5226 Τιϐέριον
632 5161 707 5224 ὡς
744 5161 952 5230 ἀσελγῆ
999 5162 1094 5217 καὶ
1123 5161 1422 5232 μιαιφόνον
1439 5162 1741 5227 διέϐαλλεν,
1771 5164 1913 5218 ὥστε

320 5256 440 5310 ,καὶ
464 5254 659 5317 ἄλλους
681 5255 745 5308 ὲκ
776 5255 971 5308 τούτου
994 5253 1311 5324 χαριεῖσθαί
1338 5255 1388 5307 οἰ
1416 5255 1747 5326 νομίσαντας
1774 5273 1911 5328 προσ

338 5347 648 5417 πετεστέρᾳ
674 5348 960 5419 παρρησίᾳ
985 5345 1317 5417 χρήσασθαι.
1347 5341 1483 5401 Εἶτα
1501 5348 1694 5420 ἐπῄνει
1727 5365 1793 5402 τε
1819 5351 1913 5402 καὶ

336 5440 661 5509 ἐσέμνυνεν,
685 5436 826 5493 ὥστε
861 5441 957 5499 καὶ
979 5442 1204 5491 κολάσαι
1227 5436 1379 5500 τινὰς
1414 5438 1500 5506 ἐφ’
1521 5433 1603 5500 οἷς
1631 5438 1753 5491 κατ’
1772 5439 1916 5495 ὲκεί-

2018 4703 2175 4773 prius
2212 4701 2450 4755 obierat.
2483 4700 2565 4755 Ac
2594 4700 2765 4754 multa
2804 4699 2856 4753 id
2882 4714 3055 4770 genus
3100 4698 3251 4754 fecit.
3307 4698 3441 4754 Cum
3496 4698 3598 4754 Ti-

2015 4793 2229 4848 berium
2260 4803 2320 4846 ut
2350 4793 2690 4847 luxuriosum
2715 4801 2772 4847 et
2806 4792 3137 4846 homicidam
3171 4790 3592 4854 criminaretur,

2014 4885 2107 4938 alii
2132 4899 2352 4953 quoque
2407 4899 2466 4938 se
2499 4884 2574 4938 illi
2610 4897 2824 4954 gratum
2859 4885 3105 4939 faeturos
3153 4883 3303 4948 rati,
3359 4881 3594 4938 liberius

2016 4978 2070 5030 in
2097 4993 2223 5031 eum
2259 4986 2388 5031 sunt
2415 4976 2637 5031 invecti.
2677 4978 2888 5032 Deinde
2920 4978 3178 5033 eumdem
3232 4975 3478 5030 laudavit
3535 4982 3594 5032 et

2015 5069 2331 5132 celebravit,
2365 5080 2421 5122 et
2447 5083 2634 5138 poenas
2673 5069 2741 5123 de
2773 5062 2839 5123 iis
2864 5068 3098 5137 sumpsit
3147 5067 3239 5136 qui
3287 5066 3367 5119 illi
3422 5066 3581 5121 male-

2016 5160 2292 5214 dixerant.
2332 5160 2467 5214 Male
2505 5160 2574 5215 de
2607 5175 2674 5214 eo
2710 5163 3001 5227 loquentes
3037 5157 3427 5226 vituperabat,
3462 5157 3587 5210 lau-

2016 5253 2209 5306 dantes
2234 5251 2464 5316 oderat,
2506 5260 2568 5305 ut
2597 5253 2806 5306 amicos
2849 5250 3019 5304 illius.
3072 5249 3317 5319 Magnam
3371 5248 3587 5303 turbam

2013 5358 2206 5399 eorum
2247 5344 2342 5413 qui
2386 5344 2671 5397 Tiberium
2724 5350 2913 5397 contra
2944 5351 3153 5411 patrem
3182 5379 3197 5405 ,
3250 5349 3481 5393 matrem
3531 5350 3588 5397 et
3635 5379 3642 5385 -

2015 5434 2216 5491 fratres
2233 5437 2355 5508 ejus
2380 5436 2683 5501 irritarant,
2710 5432 2913 5489 occidit
2935 5449 2949 5486 :
2967 5432 3217 5503 quamvis
3241 5447 3298 5487 se
3308 5432 3588 5503 placatum

1524 5570 1731 5656 Variis
1751 5591 2060 5655 lectiones
2100 5601 2163 5654 et
2196 5601 2383 5655 notua.

408 5710 525 5783 (90)
552 5710 817 5781 Πάντως.
846 5713 924 5769 ita
970 5730 1103 5771 :nss.
1148 5714 1571 5776 codd.,Woltius
1605 5716 1811 5781 πάντας
1839 5713 2109 5774 ediderat.
