2009 3125
164 127 219 159 935

797 110 918 143 JOANN
926 111 959 140 lS
977 109 1048 140 ZON
1055 108 1140 138 ΑΒΕ

1737 99 1791 131 936

166 185 206 211 eis
221 189 294 214 esse,
308 187 460 213 eorumque
472 178 580 204 litteras
596 180 733 202 cremasse
746 172 861 199 diceret.
875 171 955 197 Tem—
971 173 980 200 ,4

1033 178 1052 194 .u
1076 167 1242 202 εἰρήκεσαν,
1264 163 1313 191 καὶ
1336 163 1399 194 τοὺς
1431 159 1662 197 βλασφημοῦντας
1690 160 1796 186 halt/oi!

168 230 212 256 ola
229 228 281 255 sibi
297 224 470 253 etsacriiieia
499 227 528 249 ut
548 221 600 248 deo
626 219 686 246 ﬁeri
710 218 802 253 jussit.
831 216 860 243 Si
886 216 952 250 quid

127 298 133 303 .
169 275 324 310 petebatur,
340 270 511 298 irascebatur
526 277 533 300 ;
556 267 579 294 si
595 266 665 293 nihil
687 264 843 299 petebatur,
858 269 954 289 rursus

167 308 362 350 .Zuccensebat.
379 315 432 341 Res
446 313 577 348 quasdam
604 311 749 339 celerrime
777 308 952 343 aggredieba-

174 372 228 396 tur,
255 362 400 390 nonnullas
419 359 575 387 tardissime
603 356 783 391 susctprebat.
808 355 956 382 Pecuniam

173 418 202 438 nt
216 418 265 444 per
279 416 414 436 summam
436 406 618 433 temeritatem
636 402 796 430 ell'undcbat
811 421 818 433 ,
842 401 879 427 ita
899 408 959 427 sor-

173 455 314 483 didissimo
344 452 530 487 comparabat.
557 449 639 485 554Ι
674 449 740 476 Tam
769 447 960 474 adulatoribus

174 509 254 536 quam
274 499 457 530 monitoribus
483 505 517 524 ex
540 503 619 530 aequo
647 500 675 522 et
700 492 909 525 delectabatur,
933 496 961 518 et

174 547 377 575 otl'endebatur.
392 545 490 572 Multos
507 542 676 578 gravissimis
699 539 868 567 facinoribus
894 545 961 564 con-

176 593 287 620 strictos
304 591 452 626 puniebat,
471 590 573 616 multos
596 588 675 622 plane
700 586 822 612 insontes
853 583 963 611 occide-

177 642 234 666 bat.
249 638 406 665 Amicorum
423 636 484 663 aliis
502 634 647 662 immodice
663 632 858 659 assentabatur
874 650 882 661 ,
894 630 964 657 alios

177 685 309 713 extremis
324 681 497 710 contumeliis
514 680 658 707 adiciebat.
685 678 742 705 Tali
767 677 886 711 denique
915 676 966 703 im-

179 730 299 767 peratori
316 734 372 756 tum
387 727 502 754 Romani
517 731 582 753 sunt
598 724 703 755 traditi,
728 728 757 750 ut
772 722 875 749 Tiberii
900 720 967 748 l'aci-

180 786 246 805 nora
264 775 440 812 quantumvis
457 772 561 799 atrocia
585 779 600 798 a
626 770 684 797 Caii
712 769 865 796 sceleribus
892 771 968 794 tanto

182 820 325 848 intervallo
339 819 527 847 vincerentur,
546 820 651 850 quanto
675 814 815 848 Augustus
840 812 969 847 princeps

1003 213 1129 246 ἐκάκιζε,
1155 211 1203 238 καὶ
1224 211 1288 241 τοὺς
1323 208 1502 239 ἐπαινοῦντας
1523 207 1561 239 ὡς
1580 206 1676 241 φίλους
1690 206 1796 232 ἐκείνου

1005 260 1108 294 ὲμίσει,
1132 258 1180 284 καὶ
1204 255 1381 291 παμπληθεῖς
1404 254 1552 280 ἀπέκτεινε
1575 253 1631 279 τῶν
1651 251 1724 278 κατὰ
1749 250 1798 277 τοῦ

1007 293 1120 339 ττατρὸς,
1147 301 1195 329 καὶ
1215 302 1265 336 τῆς
1287 299 1401 335 μητρὸς,
1419 298 1466 324 καὶ
1485 297 1541 323 τῶν
1565 296 1689 330 ἀδελφῶν
1714 293 1798 321 αὑτοῦ

1007 350 1054 376 τὸν
1076 348 1201 383 Τιϐέριον
1218 346 1411 381 ὲρεθισάντων,
1431 343 1520 370 καίτοι
1543 343 1592 377 τὴν
1608 341 1694 377 ὀργὴν
1708 340 1801 370 αὐτοῖς

1007 397 1115 431 ἀφεῖναι
1130 394 1230 428 λέγων,
1245 393 1291 420 καὶ
1302 392 1336 418 τὰ
1350 391 1503 426 γράμματα
1516 388 1688 422 καταφλέξαι
1699 386 1800 412 αὐτῶν.

1010 443 1066 469 Καὶ
1083 442 1163 472 ναοὺς
1187 440 1216 466 δὲ
1236 438 1326 473 ἑαυτῷ
1349 438 1395 464 καὶ
1417 436 1514 467 θυσίας
1533 435 1571 466 ὡς
1594 434 1654 468 Θεῷ
1675 431 1802 467 γίνεσθαι

1011 487 1165 515 ἐκέλευσεν.
1191 484 1356 519 Αίτούμενός
1384 483 1413 510 τέ
1438 491 1465 508 τι
1489 480 1639 516 ὠργίζετο,
1659 479 1708 506 καὶ
1725 477 1804 508 αὖθις

1013 534 1113 570 ἒμηνία
1127 533 1164 563 ὠς
1182 532 1220 566 μὴ
1232 530 1403 564 αἰτούμενος·
1420 527 1484 560 ὀξύς
1497 528 1520 553 τ’
1536 527 1582 553 ἐπί
1597 535 1673 557 τινας
1689 525 1805 560 πράξεις

1014 580 1138 616 ἐφέρετο,
1153 579 1201 605 καὶ
1221 578 1378 604 νωθέστατα
1394 575 1468 606 ἐνίας
1488 573 1681 609 μεταχείριστο
1694 581 1700 588 ·
1725 572 1761 599 τά
1777 580 1807 599 τε

1015 627 1145 662 χρήματα
1168 625 1217 652 καὶ
1241 623 1425 658 ἀφειδέστατα
1451 622 1594 657 ἀνήλισκε,
1611 620 1658 647 καὶ
1675 619 1807 655 ῥυπαρῶ-

1016 682 1084 700 τατα
1094 671 1289 708 ἠργυρολόγει,
1303 671 1360 700 τοῖς
1372 677 1402 695 τε
1416 668 1584 695 θωπεύουσιν
1598 666 1679 693 αὑτὸν
1691 665 1740 692 καὶ
1752 666 1808 696 τοῖς

1018 718 1286 755 παρρησιαζομένοις
1298 717 1346 743 καὶ
1358 715 1456 750 ἡχθετο
1467 714 1570 749 ὁμοίως
1585 713 1633 740 καὶ
1648 713 1738 747 ἥδετο.
1754 711 1808 737 Καὶ

1019 765 1133 795 πολλοὺς
1149 765 1198 799 μὲν
1216 763 1322 799 μεγάλα
1337 762 1522 796 ἀδικήσαντας
1549 759 1679 791 ἐκόλασε,
1694 758 1810 789 πολλοὺς

1020 811 1048 838 δὲ
1067 811 1151 846 μηδὲν
1172 810 1338 844 ὴδικηκότα;
1357 808 1512 834 ἀπέκτεινε.
1539 806 1593 833 Καὶ
1616 805 1672 832 τῶν
1695 806 1812 838 ἑταίρων

184 872 300 900 utroque
315 864 411 890 melior
429 862 591 889 habebatur.
605 859 672 886 Nam
700 858 827 885 Tiberius
852 858 969 891 impera-

1033 858 1085 888 :ob;
1101 858 1151 891 μὲν
1165 855 1395 890 ὑπερεκολὰκευε.
1405 855 1468 885 τοὺς
1481 853 1508 879 δὲ
1524 851 1703 887 ὑπερύϐριζε.
1716 850 1812 877 Τοιού-

184 912 241 942 bat,
252 915 280 938 et
293 911 415 937 aliorum‘
425 908 578 935 ministerio
591 906 624 933 ad
640 904 802 939 explendam
826 903 971 930 libidinem

185 966 261 985 suam
279 957 416 984 utebatur.
434 954 562 982 AtCaius
588 952 690 987 aurigis
723 956 751 978 et
776 949 973 986 gladiatoribus

182 1004 318 1038 parebat,
335 1006 362 1029 et
385 1000 561 1028 saltatoribus
582 998 746 1032 ea‘terisque
772 996 891 1024 scenicis
917 1002 974 1022 ser—

185 1051 289 1077 viebat.
311 1048 434 1083 Apellem
455 1047 565 1081 quidem
587 1044 773 1079 tragoedorum
803 1043 864 1078 ejus
886 1041 975 1069 anatis

187 1096 351 1130 principem,
368 1093 450 1120 etiam
465 1092 492 1118 in
510 1090 620 1125 publico
647 1096 756 1122 semper
780 1087 901 1114 habebat
926 1094 971 1114 se-

187 1149 250 1168 cum
268 1150 275 1168 :
291 1148 322 1167 ac
342 1139 468 1174 privatim
483 1142 512 1164 et
530 1137 576 1164 ille
589 1141 617 1163 et
633 1140 727 1162 caeteri
749 1142 800 1168 pro
812 1133 977 1161 auctoritate

190 1187 327 1214 faciebant
341 1193 384 1216 ca,
402 1192 463 1218 qua:
480 1183 507 1210 id
524 1190 611 1216 genus
627 1181 769 1208 hominum
791 1180 854 1207 data
868 1179 978 1206 licentia

189 1233 293 1260 audere
307 1231 387 1261 solet.
401 1230 440 1257 Ac
458 1228 593 1264 principio
608 1227 720 1262 quidem
739 1233 768 1254 se
791 1226 846 1253 illis
870 1229 898 1253 et
916 1233 979 1261 spe-

191 1282 323 1305 ctatorem
336 1281 364 1304 et
378 1276 533 1303 auditorem
549 1273 698 1308 praebebat,
714 1277 742 1300 et
767 1272 908 1307 aliquibus
935 1271 979 1298 vel

193 1324 300 1350 favebat
312 1322 355 1350 vel
372 1321 580 1349 adversabatur.
599 1318 701 1347 Deinde
714 1323 805 1345 autem
830 1322 858 1345 et
880 1325 981 1345 currus

191 1370 317 1406 agitavit.
333 1373 360 1396 et
377 1376 438 1396 cum
452 1366 651 1402 gladiatoribus
663 1369 689 1392 in
704 1373 816 1393 arenam
829 1365 979 1395 descendit,

193 1423 221 1444 et
239 1416 365 1447 saltavit,
383 1419 412 1442 et
440 1413 588 1449 tragoedias
616 1413 683 1445 egit.
698 1412 788 1439 Semel
814 1411 983 1446 primoribus

194 1465 315 1492 senatus,
334 1463 364 1485 ut
378 1459 404 1485 in
426 1466 454 1485 re
473 1458 621 1485 admodum
638 1456 710 1484 seria
729 1461 812 1483 noctu
829 1456 982 1488 accersitis,

194 1503 314 1530 saltavit.
325 1502 363 1529 Eo
372 1510 443 1529 anno
455 1509 509 1537 quo
520 1501 647 1528 Tiberius
663 1501 742 1533 obiit,
758 1501 879 1533 senatui,
897 1508 983 1535 eque-

195 1550 244 1576 stri
260 1548 350 1575 ordini
365 1553 391 1575 et
405 1548 477 1582 plebi
496 1552 653 1575 assentatus
670 1553 712 1574 cst
728 1567 734 1579 ,
751 1555 853 1573 annum
868 1554 953 1581 agens
968 1555 983 1573 v

193 1598 223 1621 et
238 1602 282 1626 xx,
300 1599 328 1620 et
343 1594 451 1620 vinctos
466 1601 576 1620 carcere
590 1593 702 1624 eduxit,
720 1597 748 1620 et
773 1593 888 1619 erimina
916 1592 985 1619 lzesze

196 1639 348 1674 majestatis
365 1639 485 1671 sustulit,
499 1638 599 1665 litteris
616 1637 719 1664 Tiberii
733 1645 765 1665 ea
780 1638 813 1664 de
828 1646 858 1665 re
878 1645 984 1665 crema-

197 1683 244 1715 tis,
264 1688 293 1709 ut
307 1683 408 1717 aiebat,
423 1690 491 1718 quas
506 1683 540 1710 ob
554 1691 597 1710 res
615 1683 790 1710 laudabatur.

1023 912 1062 938 τῳ
1089 902 1117 929 δὲ
1145 902 1175 928 τὸ
1198 901 1309 935 σύμπαν
1328 900 1353 926 οι
1381 899 1512 933 Ῥωμαῖοι
1540 898 1602 924 τότε
1620 896 1814 931 παρεδόθησαν

1025 947 1218 983 αὐτοκράτορι,
1236 946 1307 973 ὥστε
1334 946 1369 972 τὰ
1397 945 1444 971 τοῦ
1471 944 1598 979 Τιϐερίου
1625 943 1705 977 ἔργα,
1726 942 1815 968 καίτοι

1025 994 1156 1021 δοκοῦντα
1183 992 1357 1028 παγχάλεπα,
1377 991 1505 1018 τοσοῦτον
1525 991 1559 1017 τὰ
1573 989 1622 1016 τοῦ
1636 989 1718 1015 Γαΐου
1748 996 1818 1023 παρ.

1026 1042 1158 1073 ενεγκείν,
1184 1040 1246 1065 ὅσον
1267 1038 1384 1073 κρείττω
1401 1038 1514 1064 ἐκείνων
1536 1037 1571 1063 τὰ
1590 1036 1638 1062 τοῦ
1658 1034 1816 1069 Αὐγούστου

1027 1083 1095 1112 εἶναι
1111 1086 1231 1113 ἐδόκουν.
1245 1084 1369 1118 Τιϐέριος
1381 1084 1431 1118 μὲν
1443 1082 1498 1117 γὰρ
1510 1080 1591 1118 ἦρχε,
1601 1082 1648 1108 καὶ
1659 1083 1714 1112 τοῖς
1727 1080 1818 1111 ἄλλοις

1028 1132 1181 1167 ὑπηρέταις
1207 1131 1275 1166 πρὸς
1298 1131 1329 1157 τὸ
1350 1130 1433 1157 αὑτοῦ
1462 1129 1597 1165 ἐκέχρητο
1626 1128 1762 1163 βούλημα.
1788 1127 1818 1153 ’0

1029 1179 1108 1209 Γάϊος
1126 1178 1155 1203 ὂὲ
1169 1178 1268 1213 ἠρχετο
1283 1177 1330 1212 μὲν
1343 1176 1395 1203 ὑπὸ
1412 1175 1466 1202 τῶν
1482 1172 1820 1210 ἁρματηλατούντων,κ;ιὶ

1031 1224 1083 1251 ὑπὸ
1098 1224 1152 1250 τῶν
1166 1222 1406 1258 ὁπλομαχούντων·
1417 1222 1543 1249 ἐδούλευε
1556 1221 1585 1248 δὲ
1600 1221 1647 1247 καὶ
1660 1221 1718 1251 τοῖς
1735 1220 1820 1254 ὀρχη-

1032 1271 1107 1302 σταῖς
1127 1271 1244 1300 καὶτοῖς
1271 1270 1375 1300 λοιποῖς
1400 1270 1456 1299 τοῖς
1477 1267 1542 1303 περὶ
1564 1267 1615 1300 τὴν
1638 1267 1752 1301 σκηνήν.
1770 1265 1820 1290 Τὸν

1032 1316 1098 1350 γοῦν
1119 1316 1251 1349 Ἀπελλῆν
1268 1315 1322 1342 τῶν
1341 1315 1403 1341 τότε
1418 1313 1565 1349 τραγῳδῶν
1578 1313 1624 1339 τὸν
1637 1310 1822 1345 εὐδοκιμώτα-

1033 1371 1078 1389 τον
1095 1363 1142 1389 καὶ
1159 1361 1330 1396 δημοσιεύων
1359 1360 1472 1387 συνόντα
1497 1359 1572 1394 αὺτῷ
1596 1356 1668 1393 εἶχεν
1694 1357 1749 1389 ἀεὶ,
1774 1356 1820 1383 καὶ

1033 1409 1118 1443 χωρὶς
1137 1408 1188 1443 μὲν
1205 1409 1318 1438 ἐκεῖνος,
1336 1407 1423 1442 χωρὶς
1436 1407 1458 1433 δ’
1475 1407 1500 1432 οἱ
1516 1404 1617 1436 λοιποὶ.
1634 1404 1715 1430 πάνθ’
1729 1404 1780 1430 ὃσα
1792 1402 1824 1429 ἃν

1034 1454 1150 1481 τοιοῦτοι
1168 1453 1327 1489 δυνηθέντες
1336 1454 1512 1488 τολμήσειαν,
1522 1451 1566 1479 ἐπ’
1575 1451 1698 1485 ἐξουσίας
1707 1450 1826 1476 ἐποίουν.

1036 1500 1090 1527 Καὶ
1103 1500 1192 1526 αὐτῶν
1212 1500 1247 1526 τὰ
1263 1500 1311 1534 μὲν
1329 1498 1427 1534 πρῶτα
1440 1498 1539 1533 θεατὴς
1558 1499 1605 1524 καὶ
1619 1497 1758 1532 ἀκροατὴς
1772 1495 1829 1529 ἐγί-

1037 1555 1108 1578 νετο,
1128 1546 1322 1578 συσπουδάςων
1346 1546 1393 1572 καὶ
1416 1545 1635 1576 ἀντιστασιάζων
1651 1543 1733 1570 τισίν.
1762 1541 1829 1569 Εἶτα

1038 1592 1085 1619 καὶ
1105 1592 1215 1627 ἅρματα
1239 1592 1324 1627 ἦλασε
1349 1592 1396 1618 καὶ
1420 1591 1640 1625 ἐμονομάχησεν,
1668 1589 1784 1625 ὀρχήσει
1801 1598 1830 1614 τε

1038 1638 1172 1673 ἐκέχρητο
1183 1638 1230 1665 καὶ
1248 1638 1403 1672 τραγῳδίαν
1422 1637 1593 1672 ὑπεκρίνετο.
1611 1637 1702 1669 Ἀπαξ
1723 1636 1752 1662 δὲ
1768 1636 1832 1667 τοὺς

1038 1684 1164 1719 πρώτους
1179 1686 1228 1719 τῆς
1240 1684 1386 1719 γερουσίας
1401 1684 1499 1714 νυκτὸς
1513 1683 1551 1714 ὡς
1566 1683 1614 1710 ἐπί
1638 1692 1666 1709 τι
1681 1683 1831 1717 ἀναγκαῖον

197 1729 460 1763 μεταπεμψάμενος,
476 1729 630 1764 ὠρχήσατο.
656 1728 761 1764 Ἑνμεν
787 1726 834 1755 οὖν
852 1728 889 1764 τῷ
918 1729 972 1756 ἐτει
1005 1730 1035 1756 ὲν
1053 1726 1076 1764 ᾧ
1099 1731 1113 1756 ὁ
1138 1729 1262 1765 Τιϐέριος
1282 1729 1452 1764 ἐτελεύτησε,
1470 1728 1535 1760 τούς
1559 1737 1588 1755 τε
1618 1729 1765 1763 βουλευτὰς
1787 1720 1834 1753 καὶ

197 1777 259 1807 τοὺς
279 1776 389 1807 ἱππέας,
419 1776 467 1802 καὶ
490 1776 535 1802 τὸν
559 1776 645 1811 δῆμον
670 1776 828 1809 ἐκολάκευε,
856 1777 984 1811 πέμπτον
1005 1778 1053 1803 καὶ
1088 1777 1211 1804 εἰκοστὸν
1244 1777 1334 1804 ἀνύων
1351 1777 1485 1804 ἐνιαυτόν.
1500 1777 1553 1803 Καὶ
1566 1777 1630 1807 τοὺς
1647 1777 1675 1802 ὲν
1688 1776 1833 1809 δεσμωτη-

199 1822 266 1855 ρίοις
280 1821 410 1853 ἀπέλυσε,
424 1822 458 1849 τά
471 1830 500 1847 τε
516 1822 677 1857 ἐγκλήματα
693 1822 743 1857 τῆς
759 1822 886 1854 ἀσεϐείας
900 1822 1045 1855 κατέλυσε,
1077 1824 1125 1849 καὶ
1158 1824 1193 1850 τὰ
1222 1824 1288 1859 περὶ
1303 1823 1385 1850 αὑτὸν
1402 1823 1449 1849 τοῦ
1464 1823 1589 1857 Τιϐερίου
1619 1822 1785 1857 γράμματα,
1798 1820 1835 1851 ὡς

199 1867 302 1901 ἔλεγεν,
319 1867 444 1895 ἔκαυσεν·
464 1868 589 1903 ἐπῃνεῖτο
604 1876 634 1894 τε
648 1868 694 1894 ἐπὶ
706 1867 820 1899 τούτοις.

234 1915 267 1943 ν.
296 1915 398 1942 Deinde
424 1916 597 1942 consulatum
639 1917 740 1951 gessit,
769 1917 854 1944 ascito
884 1917 989 1951 collega

199 1961 313 1988 Claudio
343 1967 450 1996 patruo.
479 1962 505 1993 Is
527 1962 601 1989 enim
623 1970 687 1989 cum
713 1970 799 1997 eques
823 1968 913 1995 esset,
930 1968 988 1990 tum

200 2008 320 2042 primum
341 2012 368 2034 et
381 2007 476 2034 consul
493 2012 521 2034 et
535 2013 646 2035 senator
662 2008 749 2035 factus
765 2014 805 2036 est
817 2029 825 2040 ,
852 2017 939 2036 annos
962 2017 989 2036 vn

202 2057 231 2080 et
249 2061 282 2080 ιι
299 2058 390 2080 natus.
407 2053 441 2080 At
456 2061 535 2080 socer
555 2054 614 2088 ejus
638 2054 673 2080 M.
699 2054 829 2085 Sillanus,
847 2062 861 2080 a
879 2054 991 2081 Tiberio

203 2098 231 2124 in
249 2105 356 2125 summo
370 2099 475 2126 honore
491 2098 602 2125 habitus
613 2118 620 2130 ,
636 2097 702 2125 Caio
720 2103 776 2125 tum
802 2100 838 2126 ob
861 2099 990 2127 virtutem

204 2149 261 2170 tum
278 2144 313 2171 ob
331 2144 490 2171 afﬁnitatem
506 2144 612 2179 gravis,
627 2152 690 2171 cum
714 2145 823 2180 injuriis
841 2151 869 2173 et
892 2150 991 2173 contu-

204 2191 293 2218 meliis
315 2191 477 2225 agitaretur,
505 2192 625 2225 seipsum
653 2192 803 2221 interfecit.
822 2192 904 2220 Caius
926 2201 991 2220 vero

204 2237 260 2263 lilia
285 2236 344 2270 ejus
369 2237 467 2271 ejecta,
490 2236 647 2263 Corneliam
668 2237 824 2265 Orestillam
846 2239 936 2269 duxit,
964 2239 990 2265 in

206 2281 273 2316 ipsis
291 2281 403 2315 nuptiis,
419 2289 488 2316 quas
506 2290 560 2309 una
585 2282 762 2316 celebrabat,
782 2283 814 2311 C.
843 2283 992 2319 Calpurnio

205 2327 298 2354 Pisoni
312 2335 414 2361 sponso
430 2332 564 2362 ereptam.
580 2329 709 2361 Quamvis
721 2334 813 2356 autem
827 2330 889 2357 talis
904 2336 990 2363 esset,

207 2378 296 2400 tamen
319 2373 451 2400 nonnulla
470 2374 550 2401 laude
570 2374 650 2409 digna
675 2375 750 2403 fecit.
778 2376 846 2403 Nam
864 2376 994 2404 incendio

206 2426 268 2445 cum
299 2419 434 2446 militibus
459 2420 607 2452 exstincto,
633 2422 789 2449 sublevavit
812 2431 860 2449 eos
894 2424 995 2456 quibus

207 2465 278 2500 ignis
299 2470 432 2493 nocuerat
451 2475 457 2493 :
474 2471 502 2493 et
519 2467 641 2500 equestri
659 2468 755 2495 ordine
775 2468 809 2495 ad
831 2469 995 2503 paucitatem

207 2512 337 2544 redacto,
356 2513 511 2547 praecipuos
531 2521 565 2540 ex
585 2513 714 2541 universo
737 2514 854 2549 imperio
878 2515 998 2542 accersi-

211 2566 252 2590 os,
265 2559 293 2585 in
316 2567 381 2586 eum
396 2560 499 2594 allegit,
515 2563 542 2586 et
558 2559 688 2594 suﬂ‘ragia
705 2561 879 2587 comitiorum
896 2562 997 2595 populo

207 2604 349 2637 restituit,
364 2609 391 2631 et
406 2605 460 2631 alia
478 2604 504 2631 id
521 2613 608 2639 genus
628 2606 683 2640 egit
696 2626 703 2636 ,
722 2613 783 2640 qute
805 2614 868 2633 cum
890 2606 999 2634 delictis

207 2648 290 2683 555
308 2654 467 2684 comparata
483 2650 559 2677 nullo
574 2650 600 2676 in
617 2658 731 2677 numero
746 2655 838 2678 erunt.
856 2651 922 2678 Nam
936 2659 998 2679 cum

208 2693 312 2721 multos
328 2695 478 2728 occideret,
496 2695 627 2722 acerbum
644 2696 671 2722 id
690 2696 800 2730 quidem
817 2701 877 2723 crat
896 2701 999 2724 tantam

210 2738 302 2773 perire
329 2741 537 2768 multitudinem
560 2749 567 2767 :
589 2741 637 2768 sed
664 2742 730 2768 illud
755 2742 841 2768 multo
862 2743 998 2775 acerbius,

211 2784 285 2818 quod
311 2785 433 2812 caedibus
459 2793 546 2821 usque
562 2787 632 2815 adeo
661 2787 867 2819 delectabatur,
890 2793 918 2816 et
938 2797 1001 2823 spe-

209 2830 319 2858 ctaculo
339 2831 485 2866 sanguinis
498 2833 594 2860 satiari
610 2841 665 2861 non
683 2838 801 2869 poterat.
817 2834 885 2862 Nam
902 2842 933 2862 ea
949 2843 1001 2863 sa-

1077 1915 1115 1942 E'.
1140 1912 1206 1942 Εἶτα
1226 1916 1274 1942 καὶ
1296 1916 1443 1949 ὑπάτευσε,
1471 1915 1517 1942 τὸν
1542 1914 1613 1942 θεῖον
1634 1918 1679 1941 τον
1700 1913 1835 1941 Κλαύδιον

1044 1961 1218 1996 προσλαϐών.
1238 1958 1321 1992 Οὗτος
1338 1962 1393 1996 γὰρ
1417 1962 1517 1992 ἱππεὺς
1534 1961 1572 1987 ῶν
1590 1962 1650 1987 τότε
1666 1961 1776 1995 πρῶτον
1790 1960 1836 1986 καὶ

1044 2008 1180 2034 ὑπάτευσε
1210 2007 1259 2034 καὶ
1290 2008 1461 2040 ἐϐούλευσεν,
1490 2007 1522 2039 ἓξ
1552 2008 1599 2033 καὶ
1628 2007 1835 2041 τεσσαράκοντα

1044 2054 1111 2080 ἑτῶν
1138 2054 1266 2087 γεγονώς.
1291 2053 1320 2079 '0
1340 2053 1369 2080 δὲ
1392 2053 1425 2088 δὴ
1454 2054 1587 2088 πενθερὸς
1612 2053 1695 2080 αὐτοῦ
1723 2053 1835 2088 Μάρκος

1045 2100 1168 2132 Σιλανὸς,
1183 2100 1278 2135 ἐπειδὴ
1294 2099 1379 2135 βαρὺς
1399 2100 1474 2134 αὐτῷ
1498 2101 1550 2127 ὑπό
1564 2109 1592 2126 τε
1608 2101 1658 2134 τῆς
1673 2100 1774 2135 ἀρετῆς
1791 2100 1837 2126 καὶ

1046 2145 1098 2170 ὑπὸ
1113 2145 1164 2178 τῆς
1185 2145 1347 2179 συγγενείας
1365 2143 1410 2180 ἦν,
1435 2146 1709 2181 προπηλακιζόμενος
1736 2154 1765 2172 τε
1793 2145 1837 2171 aut

1010 2186 1030 2213 Ῑ)
1045 2191 1301 2225 περιυϐριζόμενος,
1319 2192 1503 2226 διεχειρίσατο
1526 2192 1634 2223 ἑαυτὸν,
1649 2191 1738 2218 καίτοι
1762 2192 1837 2226 παρὰ

1047 2236 1094 2263 τοῦ
1108 2237 1232 2272 Τιϐερίου
1250 2237 1352 2271 σφόδρα
1371 2237 1541 2272 τιμώμενος.
1563 2237 1592 2264 ’0
1606 2237 1633 2264 δὲ
1651 2237 1699 2264 καὶ
1715 2237 1766 2272 τὴν
1792 2237 1839 2262 Θυ-

1048 2284 1154 2318 γατέρα
1169 2283 1252 2310 αὑτοῦ
1270 2283 1407 2315 ἐκϐαλὼν,
1425 2284 1514 2318 ἔγημε
1541 2283 1695 2318 Κορνηλίαν
1718 2283 1839 2317 Ὀρεστί-

1048 2337 1107 2362 ναν,
1121 2330 1154 2364 ἢν
1177 2331 1205 2356 ἐν
1230 2330 1321 2361 αὐτοῖς
1337 2331 1393 2362 τοῖς
1409 2331 1509 2365 γάμοις
1532 2332 1697 2364 ἀφήρπασεν
1712 2329 1759 2361 οὓς
1777 2338 1839 2355 συν-

1050 2374 1173 2410 εώρταζε
1188 2375 1227 2410 τῷ
1244 2375 1443 2411 ὲγγεγυημένῳ
1469 2376 1555 2411 αὐτὴν
1570 2376 1644 2409 Γαΐῳ
1659 2375 1841 2409 Καλπουρνῑῳ

1051 2421 1179 2447 Πείσωνι.
1189 2421 1286 2448 Καίτοι
1296 2421 1324 2448 δὲ
1334 2421 1454 2453 τοιοῦτος
1463 2422 1513 2453 ὢν,
1523 2421 1625 2457 ἔπραξέ
1633 2430 1694 2448 τινα
1705 2422 1753 2447 καὶ
1763 2420 1842 2446 ἐπαί-

1051 2475 1097 2493 νου
1110 2466 1184 2498 ἄξια.
1199 2467 1379 2502 Ἐμπρησμὸν
1392 2468 1445 2502 γὰρ
1459 2468 1590 2502 μετὰτῶν
1605 2467 1781 2502 στρατιωτῶν
1790 2474 1840 2492 κα-

1051 2513 1197 2544 τασϐέσας,
1208 2513 1346 2548 ἐπήρκεσε
1358 2515 1415 2545 τοῖς
1429 2513 1594 2548 ζημιωθείσι
1604 2521 1610 2528 ·
1622 2513 1670 2539 τοῦ
1684 2521 1712 2538 τε
1728 2513 1784 2538 τῶν
1796 2513 1839 2537 ἰτ-

1052 2559 1124 2585 πέων
1143 2559 1237 2590 τέλους
1258 2559 1483 2594 ὁλιγανδροῢντος
1501 2559 1532 2592 ἐξ
1548 2559 1657 2594 ἀπάσης
1673 2558 1762 2592 ἀρχῆς
1780 2558 1841 2588 τοὺς

1052 2605 1177 2640 πρώτους
1188 2606 1437 2641 μεταπεμψάμενος
1448 2606 1622 2638 κατελέξατο,
1631 2606 1734 2636 καὶτὰς
1748 2605 1844 2639 ἀρχαι-

1054 2651 1148 2686 ρεσίας
1156 2651 1195 2686 τῷ
1203 2651 1281 2686 δήμῳ
1290 2652 1418 2678 ἀπέδωκε
1428 2660 1435 2667 ·
1449 2653 1496 2678 καὶ
1504 2651 1639 2679 ἀλλατινὰ
1648 2651 1762 2677 τοιαῦτα
1770 2649 1844 2676 ἐποί-

1052 2705 1130 2730 ησεν.
1145 2697 1152 2706 '
1158 2697 1277 2724 Υπαίτια
1283 2697 1310 2723 δὲ
1318 2698 1465 2732 εἰργάσατο
1472 2697 1723 2729 πολλαπλάσια,καὶ
1732 2696 1844 2727 πολλοὺς

1057 2743 1232 2770 ἀπέκτεινεν.
1251 2740 1305 2769 Ἦν
1328 2743 1356 2769 δὲ
1374 2743 1405 2769 οὐ
1428 2743 1457 2769 τὸ
1473 2743 1572 2778 πλῆθος
1586 2743 1639 2769 τῶν
1653 2742 1844 2776 ἀπολλυμένων

1058 2788 1130 2815 οὕτω
1137 2789 1233 2815 δεινόν·
1242 2789 1332 2816 καίτοι
1339 2789 1425 2817 δεινὸν
1436 2789 1476 2823 ὃν,
1485 2790 1647 2823 nummi;
1656 2797 1686 2815 τε
1696 2789 1783 2823 φόνοις
1793 2787 1842 2812 αυ-

1056 2835 1110 2864 τών
1121 2837 1295 2873 ὑπερέχαιρε,
1306 2837 1355 2864 καὶ
1366 2837 1511 2873 ἀπλήστως
1519 2836 1574 2873 εἶχε
1583 2837 1632 2872 τῆς
1639 2837 1701 2868 θέας
1708 2838 1755 2863 τοῦ
1763 2836 1841 2870 αἵμα-
