4018 6250
244 313 347 375 937

1502 301 1908 364 ANNALIUM
1944 305 2085 368 Ll-B.
2119 304 2223 364 XI.

3377 318 3482 381 938

240 447 354 493 τες.
405 425 545 480 ’Υπδ
573 424 707 494 γοῦν
762 420 1051 492 ὠμότητος
1100 418 1467 474 ἐπιλιπόντων
1524 419 1655 473 ποτὲ
1701 419 1811 471 τῶν

1916 419 2047 475 vitia
2073 422 2198 487 iuit,
2227 431 2287 477 ut
2328 437 2453 477 cum
2491 423 2785 495 aliquando
2813 425 3163 484 condemnati
3212 443 3321 485 non
3351 433 3486 487 satis

239 508 365 580 τοῖς
388 517 602 587 θηρίοις
633 515 698 567 ἐκ
728 511 1030 580 καταδίκης
1058 509 1375 581 διδομένων,
1423 510 1708 564 ἐκέλευσεν
1746 514 1813 565 ἐκ

238 609 334 661 τοῦ
367 607 471 678 δχλ
483 624 543 659 ου
573 604 667 659 τοῦ
691 606 803 667 τοῖς
841 601 1038 671 ἰκρίοις
1065 603 1497 671 προστετηκότος
1529 618 1812 672 συναρπα-

240 698 432 770 σθῆναι
463 713 637 758 τινας,
677 693 775 747 καὶ
809 691 1230 763 παραϐληθῆναι
1260 692 1463 753 αὐτοῖς.
1497 693 1611 745 Καὶ
1662 692 1814 755 ὅπως

237 792 382 862 μήτε
414 785 816 856 ἐπιϐοήσασθαι
844 785 988 856 μήτε
1012 782 1369 838 αἰτιάσασθαι
1393 782 1692 854 δυνηθῶσι,
1713 783 1815 846 τάς

235 882 491 952 γλώσσας
529 878 711 935 αὐτῶν
763 878 1176 948 προαπέτεμον.
1213 875 1455 939 Πολλοὺς
1482 875 1538 928 δὲ
1596 878 1691 928 καὶ
1723 874 1816 929 διὰ

235 977 334 1039 τὰς
368 973 556 1037 οὐσίας
582 972 860 1040 ἐφόνευεν,
896 969 1041 1039 ἕτερ’
1078 971 1217 1024 ἄττα
1258 970 1445 1038 σφίσιν
1466 967 1812 1037 ἐπεγκαλῶν.

237 1068 353 1122 Καὶ
376 1068 405 1120 ὁ
433 1067 532 1135 τῆς
565 1063 902 1133 Δρουσίλλης
942 1062 1045 1132 τῆς
1084 1061 1322 1132 ἀδελφῆς
1345 1060 1577 1124 θάνατος
1607 1061 1670 1113 οὐ
1697 1060 1816 1131 psi-

234 1179 332 1224 ους
383 1157 715 1228 διέφθειρεν,
859 1154 1094 1227 συνῴκει
1156 1154 1254 1226 μὲν
1306 1154 1534 1225 Μάρκος
1586 1153 1816 1216 Λέπιδος

235 1252 468 1307 παιδικᾶ
506 1249 624 1320 ἅμα
654 1250 821 1303 αὑτοῦ
869 1252 964 1302 καὶ
996 1248 1236 1320 ἐραστὴς
1267 1247 1365 1313 ὢν,
1412 1248 1582 1317 συνῆν
1625 1245 1683 1301 δέ
1717 1247 1815 1300 καὶ

232 1344 263 1394 ὁ
306 1342 481 1404 Γάϊος·
535 1336 914 1392 ἀποθανοῦσαν
971 1336 1067 1390 οὖν
1123 1336 1336 1389 πολλῶν
1365 1337 1464 1405 μέν
1495 1335 1590 1387 καὶ
1640 1332 1816 1388 ἄλλων

231 1433 491 1504 ἠξίωσεν,
515 1428 636 1484 εἶτα
659 1431 753 1483 καὶ
782 1428 1085 1483 ἀπεθέωσε.
1135 1427 1269 1482 Μετ’
1303 1427 1483 1495 ὀλίγον
1521 1427 1581 1481 δέ
1639 1426 1814 1497 ἔγημε

232 1526 439 1579 Λολίαν
486 1524 779 1590 Παυλῖναν,
806 1523 968 1577 αὐτὸν
992 1522 1085 1574 τὸν
1113 1522 1285 1592 ἄνδρα
1319 1521 1495 1592 αὐτῆς
1539 1521 1815 1590 ἐγγυῆσαι

232 1619 392 1689 αὐτῷ
422 1617 522 1688 τὴν
548 1620 788 1687 γυναῖκα
827 1615 1042 1686 βιάσας,
1074 1615 1164 1670 ἵνα
1193 1614 1289 1686 μὴ,
1333 1615 1604 1683 ἀνέγγυον
1640 1613 1813 1684 αὐτὴν

229 1709 441 1774 λαϐὼν,
468 1708 864 1780 παρανομήσῃ.
912 1707 1001 1760 Ἑν
1053 1707 1315 1776 στενωπῷ
1353 1707 1410 1759 δέ
1446 1723 1578 1759 ποτε
1640 1708 1813 1777 πηλὸν

1919 513 2075 567 multi
2108 523 2326 579 essent,
2356 513 2449 584 qui
2496 516 2686 571 bestiis
2731 518 3142 587 objicerentur,
3181 521 3405 590 juberet
3452 540 3485 579 e

1918 606 2078 660 turba
2115 621 2236 676 quae
2268 607 2527 665 tabulatis
2552 609 2882 675 inhaerebat,
2911 610 3122 681 aliquot
3148 613 3257 668 illis
3280 614 3443 688 objici
3468 634 3484 671 :

1915 697 2117 765 quibus
2152 713 2222 752 ne
2259 699 2547 755 vociferari
2589 710 2646 755 et
2684 700 2936 771 quiritari
2966 714 3225 773 possent,
3273 706 3490 778 linguas
3536 700 3539 704 4

1916 788 1972 842 in
2027 788 2216 858 primis
2277 792 2548 859 praecidit.
2598 793 2797 848 Multos
2846 794 2953 848 alia
2995 810 3158 851 causa
3201 798 3486 866 simulata,

1915 889 2140 950 propter
2183 881 2324 937 bona
2360 885 2582 939 occidit.
2620 885 2767 939 Mors
2796 901 3017 957 quoque
3049 889 3297 944 Drusillae
3329 906 3490 947 soroo

1917 972 1994 1025 ris
2044 972 2183 1042 ejus,
2238 988 2349 1028 nou
2406 975 2597 1042 paucis
2646 976 2814 1030 exitio
2846 977 2968 1041 fuit,
3007 993 3128 1048 quae
3174 980 3242 1033 Μ.
3286 981 3491 1052 Lepido

1916 1062 2036 1131 ejus
2069 1063 2278 1118 amasio
2310 1064 2473 1119 simul
2510 1074 2567 1121 et
2592 1067 2824 1121 amatori
2858 1078 3049 1137 nupta.
3075 1062 3230 1127 fraCi
3270 1087 3491 1142 quoque

1916 1156 2000 1208 sui
2036 1156 2250 1225 copiam
2296 1157 2551 1213 faciebat.
2602 1160 2734 1214 Eam
2786 1171 3057 1216 mortuam
3112 1173 3311 1232 praeter
3355 1163 3492 1219 alios

1916 1249 2158 1304 honores
2201 1251 2256 1304 in
2298 1266 2592 1306 numerum
2639 1254 2865 1307 deorum
2899 1256 3107 1309 retulit.
3147 1254 3315 1310 Paulo
3367 1266 3490 1326 post

1915 1340 2144 1395 Lolliam
2192 1342 2477 1397 Paulinam
2512 1343 2706 1408 duxit,
2752 1355 2945 1401 coacto
2995 1350 3193 1402 marito
3237 1350 3376 1419 ejus.
3430 1358 3492 1403 ut

1915 1445 2035 1485 eam
2098 1431 2205 1484 sibi
2257 1431 2771 1511 desponderettne
2816 1434 2872 1488 in
2922 1435 3070 1505 leges
3121 1439 3492 1494 committeret

1915 1523 2148 1590 scilicet,
2174 1524 2219 1578 si
2250 1539 2369 1579 eam
2397 1525 2514 1580 sine
2542 1525 2894 1595 sponsalibus
2920 1528 3186 1583 duxisset.
3216 1529 3351 1584 Cum
3388 1532 3490 1586 ali-

1913 1617 2137 1687 quando
2177 1619 2233 1673 in
2259 1621 2550 1689 angiportu
2584 1621 2815 1676 multum
2851 1623 2992 1676 caeni
3020 1622 3283 1683 vidisset.
3328 1625 3381 1679 id
3431 1627 3488 1681 in

1914 1710 2088 1765 aedilis
2127 1719 2184 1764 et
2232 1712 2350 1781 ejus
2393 1713 2487 1782 qui
2538 1712 2641 1767 viis
2706 1713 3009 1784 purgandis
3059 1726 3289 1784 praeerat
3328 1720 3490 1773 vesti-

231 1800 407 1853 πολὺν
445 1799 802 1868 θεασάμενος,
827 1798 1113 1852 ἐκέλευσεν
1141 1798 1305 1850 αὐτὸν
1331 1800 1414 1859 εἰς
1437 1798 1507 1851 τά
1537 1798 1634 1851 τοῦ
1679 1800 1812 1865 ἀγο-

1916 1813 2096 1858 menla
2134 1805 2330 1875 conjici
2361 1805 2543 1875 jussit.
2595 1805 2734 1859 Tum
2778 1817 2959 1861 autem
2992 1807 3168 1881 :edilis
3201 1817 3317 1864 erat
3379 1809 3492 1866 Ve-

235 1892 613 1963 ρανομοῧντος
678 1890 801 1943 τότε
859 1889 952 1943 καὶ
1012 1890 1109 1960 τῆς
1147 1890 1257 1943 τῶν
1308 1890 1447 1945 ὁδῶν
1489 1891 1809 1962 καθάρσεως

230 1983 677 2053 ἐπιμελουμένου
734 1984 932 2052 ἱμάτια
983 1982 1347 2053 ἐμϐληθῆναι.
1400 1983 1813 2048 Οὐεσπασιανὸς

227 2076 292 2131 δὲ
321 2080 443 2129 τότε
472 2071 540 2146 ἦν
577 2075 957 2146 ἀγορανομῶψ
991 2075 1130 2128 ὥστε
1187 2075 1435 2145 ὕστερον,
1464 2076 1673 2130 ἐκείνου
1718 2079 1814 2130 καὶ

228 2173 307 2225 τὰ
333 2176 636 2241 πράγματα
661 2174 1050 2243 τεταραγμένα
1074 2174 1167 2226 καὶ
1197 2173 1525 2242 πεφυρμένα
1565 2173 1814 2245 παραλα-

229 2266 429 2329 ϐόντος
460 2267 554 2319 καὶ
584 2267 1051 2337 καταστήσαντος,
1084 2265 1264 2330 ἔδοξεν
1290 2266 1391 2317 οὐκ
1421 2265 1573 2319 ἀθεεὶ
1601 2267 1662 2318 τὸ
1690 2266 1812 2319 τότε

229 2356 463 2426 συμϐὰν
510 2356 818 2426 γεγονέναι,
861 2356 978 2409 ἀλλ’
1010 2357 1273 2429 ἄντικρυς
1311 2357 1463 2427 αὐτῷ
1510 2357 1612 2429 τὴν
1658 2358 1814 2411 πόλιν

231 2447 379 2518 πρὸς
413 2434 788 2519 ἐπανόρωσιν
820 2448 976 2518 παρὰ
1008 2449 1170 2501 Γαΐου
1216 2448 1654 2518 ἐγχειρισθῆναι.
1683 2451 1815 2521 Διη-

230 2538 416 2603 νεκῶς
447 2539 505 2592 δὲ
548 2538 777 2602 πολλοὺς
808 2541 836 2592 ὁ
868 2540 1030 2602 Γάϊος
1054 2541 1300 2605 ἐφόνευε,
1329 2540 1423 2593 καὶ
1450 2535 1519 2609 ἦν
1548 2539 1654 2605 ἔξω
1703 2541 1813 2594 τῶν

231 2633 420 2702 φόνων
454 2632 634 2698 οὐδὲν,
679 2633 775 2686 καὶ
819 2632 944 2686 ούδέ
1016 2630 1096 2702 τῷ
1162 2632 1360 2702 πλήθει
1396 2647 1450 2686 τι
1502 2632 1849 2702 exutum;-

229 2724 487 2779 κάκεῖνοι
513 2724 655 2778 πάνυ
681 2724 830 2795 αὐτῷ
859 2725 1261 2795 ἀπηχθάνοντο.
1342 2726 1524 2780 Πολλά
1561 2722 1839 2798 μηέγῷ;

229 2818 337 2870 καὶ
365 2817 502 2871 ἄλλα
527 2817 677 2888 αὐτῷ
712 2819 786 2889 μὴ
813 2819 1122 2887 ἀρέσκοντα
1149 2818 1340 2885 ἐλεγόν
1377 2835 1438 2871 τε
1487 2821 1581 2873 καὶ
1610 2814 1839 2891 ἐπίβατέ

226 2929 354 2964 τονο
387 2911 524 2982 πρὸς
552 2911 610 2964 δὲ
650 2914 762 2973 τοῖς
798 2912 1103 2982 ἠγανάκτει
1153 2910 1342 2975 δεινῶς
1391 2912 1475 2966 ὃτι
1528 2912 1817 2976 δοκοῦντες

231 3002 569 3073 μεγαλύνειν
618 3002 800 3063 αὐτὸν,
851 3001 1151 3054 Νεανίσκε
1175 3001 1507 3070 Αὔγουστε,
1551 3002 1812 3056 ἐπεϐόων.

226 3096 314 3146 Ub
342 3094 457 3161 γὰρ
487 3092 893 3162 μακαρίζεσθαι
947 3094 1155 3161 ήγείτο,
1211 3091 1295 3144 ὅτι
1329 3092 1446 3157 νέος
1475 3090 1552 3145 ὢν
1580 3093 1815 3162 ἐμονάρ-

227 3203 346 3257 χει,
376 3184 490 3237 ἀλλ’
521 3184 880 3253 ἐγκαλεῖσθαι
911 3184 994 3236 ὅτι
1033 3185 1091 3237 ἐν
1129 3184 1316 3256 ἡλικίᾳ
1340 3184 1569 3257 τοιαύτῃ
1621 3186 1813 3257 τηλικσ

227 3277 412 3349 αὐτην
443 3274 591 3348 εἶχεν
617 3279 815 3349 ἀρχήν.
858 3278 1231 3348 Ἐχρημὰτιςε
1268 3278 1315 3331 δ’
1359 3281 1424 3331 ἐκ
1447 3281 1653 3350 τρόπου
1681 3296 1817 3333 παν-

228 3372 357 3435 τὸς,
381 3371 723 3442 ἀργυρισμοῦ
747 3370 934 3424 ἄλλοτε
957 3370 1123 3435 ἄλλας
1137 3371 1475 3442 ἐφευρίσκων
1502 3372 1693 3437 λαὸὰς,
1720 3375 1816 3426 καὶ

234 3464 483 3536 ἀζήμιος
522 3465 633 3517 τῶν
667 3464 729 3533 γέ
752 3481 805 3516 τι
833 3466 1065 3536 ἐχόντων
1081 3464 1255 3527 οὐδεὶς
1279 3466 1382 3517 οὐκ
1412 3465 1570 3532 ἀνὴρ,
1591 3468 1652 3518 ού
1679 3467 1817 3536 γυνή

230 3555 663 3613 καταλέλειπτω
726 3557 828 3610 κᾶν
876 3574 1032 3620 τινας
1091 3556 1150 3610 δὲ
1205 3554 1315 3608 τῶν
1368 3555 1817 3626 ἀφηλικεστέρων

232 3650 346 3720 ζῇν
385 3649 495 3714 εία,
525 3648 662 3702 ἀλλὰ
698 3650 948 3718 πατέρας
981 3665 1041 3700 τε
1075 3648 1168 3701 καὶ
1228 3649 1477 3702 πάππου
1500 3688 1514 3713 ,
1567 3650 1813 3717 μητέρας

230 3759 303 3798 τε
343 3741 628 3810 ὀνομάζων
658 3741 754 3795 καὶ
782 3740 975 3810 τήθας,
1014 3742 1112 3793 καὶ
1158 3740 1367 3804 ζῶντας
1417 3739 1815 3810 ἐξεκαρποῦτο,

233 3839 342 3892 καὶ
372 3835 750 3890 τελευτώντων
786 3837 884 3900 τὰς
914 3837 1105 3899 οὐσίας
1144 3835 1531 3907 ἐκληρονόμει.
1587 3834 1819 3890 Ἐλάοαι

231 3930 303 3986 5t
365 3929 457 3984 διὰ
506 3930 606 3999 τῆς
654 3927 935 3998 θαλάσσης
981 3929 1187 3999 τρόπον
1216 3927 1343 3980 τινὰ
1373 3929 1469 3981 καὶ
1497 3926 1820 3980 διιππεῦσαι

245 4019 597 4087 ἐπεθύμησε,
634 4021 729 4075 καὶ
767 4018 1085 4088 ἐγεφύρωσε
1115 4020 1177 4072 τὸ
1245 4019 1450 4088 μεταξὺ
1490 4019 1599 4071 τῶν
1634 4020 1824 4072 Ποτιό-

234 4109 356 4163 λων
394 4111 487 4161 καὶ
521 4110 628 4162 τῶν
653 4110 900 4164 Βαύλων.
922 4109 997 4164 Τὸ
1024 4110 1082 4162 δέ
1112 4098 1315 4180 χωρίον
1354 4110 1511 4163 τοῦτο
1567 4127 1822 4164 καταντι-

236 4205 425 4276 πὲραν
454 4205 551 4273 τῆς
587 4203 797 4265 πόλεώς
836 4206 976 4268 ἐστι,
1014 4203 1196 4274 διέχον
1233 4204 1407 4272 αὐτῆς
1454 4202 1706 4266 σταδίους
1764 4203 1822 4270 ἐξ

238 4297 343 4348 καὶ
371 4297 570 4347 εἴκοσι.
621 4296 787 4348 Πλοία
826 4295 884 4348 δὲ
913 4298 995 4357 εἰς
1030 4297 1132 4366 τήν
1162 4296 1409 4365 γέφυραν
1447 4296 1518 4348 τὰ
1576 4296 1674 4364 μὲν
1725 4312 1824 4349 κα-

238 4387 612 4456 τεσκευάσθη,
658 4387 726 4439 τὰ
754 4387 809 4440 δὲ
847 4386 1130 4457 ἠθροίσθη.
1176 4387 1294 4455 Ἀφ’
1318 4380 1490 4458 οὗπερ
1542 4389 1634 4439 καὶ
1664 4387 1823 4457 λιμὸς

1860 1940 1871 1943 -
1917 1896 2204 1964 spasiauus
2229 1896 2355 1965 :qui
2384 1911 2509 1951 cum
2541 1905 2682 1966 post.
2717 1897 3009 1966 imperium
3050 1915 3270 1970 quoque
3304 1902 3491 1957 turba-

1917 1994 2031 2042 tum
2060 1997 2116 2044 et
2146 1988 2435 2043 confusum
2466 1989 2850 2059 tranquillitati
2879 1992 3195 2045 restitutum
3225 1984 3491 2048 adornas-

1915 2087 2019 2142 set,
2083 2081 2214 2135 illud
2266 2095 2377 2135 non
2427 2081 2548 2135 sine
2600 2081 2828 2137 numine
2891 2082 3117 2145 factum,
3165 2084 3261 2139 sed
3328 2086 3490 2155 plane

1915 2173 2104 2227 civitas
2139 2173 2190 2227 ei
2236 2172 2303 2226 ad
2341 2172 2664 2244 corrigenda
2698 2175 2826 2229 vitia
2863 2175 3065 2230 tradita
3101 2190 3223 2231 esse
3269 2193 3298 2231 a
3330 2176 3488 2244 Caio,

1914 2266 2235 2336 putabatur.
2264 2266 2508 2323 Caedium
2538 2267 2753 2322 nullum
2799 2267 3037 2323 faciebat
3085 2270 3309 2325 modum
3336 2312 3349 2331 .
3387 2285 3492 2326 nec

1914 2359 2037 2429 ejus
2062 2358 2382 2413 dominatus
2412 2358 2558 2413 aliud
2590 2374 2755 2429 quam
2790 2360 3108 2417 carnificina
3136 2371 3262 2417 erat
3292 2380 3307 2419 :
3334 2373 3391 2417 et
3431 2373 3492 2419 ut

1915 2451 2063 2522 plebi
2094 2450 2243 2505 nulla
2273 2451 2328 2504 in
2360 2466 2420 2506 re
2465 2451 2899 2522 gratiﬁcabatur,
2934 2452 3015 2507 sic
3067 2452 3143 2507 illi
3191 2454 3486 2513 adtuodum

1917 2544 2128 2598 invisus
2158 2551 2298 2597 erat.
2330 2545 2409 2597 Ac
2455 2552 2658 2613 praeter
2696 2542 2801 2598 alia
2839 2544 3009 2599 multa
3061 2536 3507 2621 dicta’et‘ffacta‘

1917 2637 2145 2691 minime
2174 2644 2348 2705 grata,
2380 2634 2514 2689 illud
2545 2636 2829 2705 aegerrime
2857 2635 3103 2699 ferebat,
3139 2620 3495 2708 quﬂi'ﬂpu-

1916 2727 2003 2782 lus
2031 2742 2130 2797 per
2179 2728 2421 2797 speciem
2472 2726 2700 2780 honoris
2749 2727 3136 2783 acclamabat:
3175 2728 3493 2783 Adolescens

1917 2820 2174 2890 Auguste.
2207 2819 2320 2874 Nec
2351 2818 2500 2874 enim
2538 2833 2598 2873 se
2626 2816 2843 2874 felicem
2874 2819 3161 2887 praedicari
3206 2820 3488 2887 credebat,

1918 2912 2064 2982 quod
2108 2910 2434 2967 adolescens
2467 2910 2814 2979 imperaret;
2874 2906 2970 2964 se'd
3021 2911 3292 2977 accusari,
3341 2913 3492 2981 quod

1921 3005 2132 3060 tantilla
2162 3012 2322 3060 aetate
2376 3010 2586 3057 tantum
2636 3000 2926 3070 imperium
2976 3000 3270 3056 obtineret.
3312 3000 3490 3059 Pecu-

1919 3099 2065 3152 niam
2105 3092 2301 3168 quovis
2334 3095 2501 3149 modo
2521 3093 2766 3165 parabat,
2797 3085 2933 3148 alias
2958 3103 3125 3163 atque
3176 3094 3311 3150 alias
3342 3111 3493 3166 quaa-

1924 3196 2042 3242 stus
2074 3188 2390 3242 occasiones
2433 3197 2682 3256 captans,
2733 3199 2909 3255 neque
2948 3186 3238 3256 quisquam
3270 3188 3357 3243 vel
3406 3188 3493 3243 vir

1918 3279 2002 3334 vel
2038 3279 2235 3333 mulier
2270 3278 2497 3334 multam
2531 3276 2846 3348 eﬂ‘ugiebat.
2906 3278 3061 3345 Quod
3094 3278 3140 3332 si
3180 3295 3320 3349 quos
3367 3295 3494 3350 pro-

1918 3369 2176 3424 vectioris
2207 3370 2386 3425 :etatis
2427 3369 2616 3424 vivere
2665 3367 3002 3438 patiebatur,
3061 3383 3158 3423 eos
3206 3379 3391 3439 patres
3436 3380 3496 3427 et

1919 3476 2074 3526 avos,
2106 3470 2164 3515 et
2194 3471 2398 3515 matres
2418 3469 2475 3514 ct
2497 3462 2650 3514 avias
2672 3460 3017 3530 appellando,
3051 3469 3164 3514 tum
3190 3463 3492 3520 viventium

1919 3553 2100 3608 adhuc
2130 3551 2291 3606 bonis
2328 3552 2635 3615 fruebatur,
2669 3561 2782 3605 tum
2831 3552 3219 3608 defunctorum
3250 3554 3499 3609 haeredi-

1922 3655 2089 3701 tatem
2120 3647 2404 3701 cernebat.
2437 3645 2575 3700 Cum
2612 3645 2662 3698 ei
2694 3644 2869 3698 libido
2903 3645 3224 3700 incessisset
3254 3647 3308 3701 in
3353 3648 3494 3703 mari

1921 3737 2105 3807 aliquo
2130 3737 2294 3791 modo
2323 3736 2610 3808 aurigandi
2651 3745 2709 3792 et
2748 3738 3069 3808 equitandi,
3107 3738 3309 3794 fretum
3347 3741 3493 3810 quod

1923 3829 2067 3884 inter
2093 3830 2353 3884 Puteolos
2382 3837 2439 3884 et
2472 3829 2670 3884 Baulos
2696 3839 2804 3894 est,
2834 3838 3001 3900 ponte
3032 3831 3234 3902 junxit.
3275 3833 3323 3885 Is
3365 3847 3492 3888 vero

1921 3922 2078 3977 locus
2106 3937 2138 3977 e
2172 3921 2393 3993 regione
2425 3922 2587 3993 556
2614 3922 2767 3978 urbis
2788 3931 2895 3988 est,
2926 3938 2978 3977 vi
3015 3932 3070 3978 et
3092 3940 3161 3978 xx
3184 3924 3377 3980 Stadiis
3422 3925 3492 3980 ab

1922 4029 1988 4069 ea
2034 4013 2263 4068 distans.
2312 4012 2392 4067 Ad
2425 4030 2552 4068 eum
2589 4022 2808 4083 pontem
2858 4028 2984 4069 cum
3029 4016 3243 4086 navigia
3295 4016 3495 4088 partim

1923 4105 2211 4172 aulilicata,
2245 4107 2443 4176 partim
2497 4114 2759 4160 convecta
2807 4116 3011 4173 essent,
3083 4107 3276 4179 ingens
3323 4110 3498 4165 fames

1924 4198 1980 4253 in
2012 4206 2126 4253 tota
2157 4197 2332 4264 Italia,
2375 4206 2433 4252 et
2471 4198 2657 4253 Romae
2704 4198 2759 4252 in
2805 4199 2999 4267 primis
3048 4199 3170 4254 fuit.
3216 4201 3332 4270 Ipse
3364 4217 3497 4256 vero

1923 4290 2243 4350 Alexandri.
2275 4300 2337 4345 ut
2364 4290 2566 4355 aiebat,
2621 4290 2901 4345 thoracem
2957 4289 3207 4357 indutus,
3243 4306 3298 4347 et
3331 4309 3498 4361 super

1925 4400 1993 4439 eo
2035 4384 2374 4455 chlamydem
2429 4384 2658 4438 sericam
2711 4383 2971 4453 purpurei
3030 4385 3273 4450 coloris,
3323 4380 3499 4443 inulto

244 4481 308 4534 ἐν
337 4497 399 4532 τε
441 4481 504 4547 τῇ
542 4478 745 4549 Ἰταλίᾳ
783 4480 876 4533 καὶ
907 4481 965 4532 ἐν
994 4482 1060 4549 τῇ
1106 4478 1294 4550 Ῥώμῃ
1337 4478 1569 4548 μάλιστα
1603 4478 1817 4549 ἰσχυρὸς

1929 4492 2085 4539 auro,
2139 4475 2325 4530 multis
2354 4474 2557 4530 Indicis
2598 4477 2829 4546 gemmis
2874 4485 3145 4539 ornatam,
3175 4477 3377 4547 ‘gladio
3405 4496 3499 4534 ac-

242 4572 491 4638 ὲγένετο.
542 4570 600 4621 ’0
628 4570 685 4622 δὲ
722 4572 813 4622 τὸν
835 4570 928 4623 τοῦ
971 4571 1354 4640 Ἀλεξάνδρου,
1377 4571 1453 4634 ὡς
1491 4570 1647 4639 ἔλεγε
1681 4570 1817 4641 (91),

1928 4571 2141 4625 cinctus
2169 4590 2182 4623 ;
2216 4576 2545 4638 sumptoque
2577 4569 2797 4638 clypeo,
2822 4576 2877 4623 et
2905 4584 3114 4638 querna
3158 4585 3361 4625 corona
3414 4587 3501 4626 re-

244 4664 481 4734 θώρακα
520 4663 906 4732 ἐνδυσάμενος,
935 4663 1031 4716 καὶ
1060 4663 1146 4716 ἐπ’
1180 4665 1329 4734 αύτῷ
1356 4661 1606 4733 χλαμύδα
1662 4678 1817 4733 σηρι-

1932 4661 2177 4725 dimitus,
2215 4660 2542 4714 festinanter
2574 4660 2628 4713 in
2665 4660 2858 4714 urbem
2898 4660 3052 4729 quasi
3087 4670 3277 4715 contra
3313 4661 3498 4718 hostes

242 4760 356 4825 κῆν
387 4755 631 4824 ἁλουργῆ
680 4755 815 4810 πολὺ
854 4755 953 4825 μὲν
984 4756 1224 4824 χρυσίον,
1275 4754 1501 4816 πολλοὺς
1530 4754 1587 4806 δέ
1641 4753 1817 4816 λίθους

1933 4766 2058 4803 cum
2109 4751 2347 4804 maxime
2377 4749 2624 4819 equitum
2655 4760 2710 4805 et
2738 4749 2981 4820 peditum
3008 4764 3343 4807 armatorum
3393 4769 3497 4806 nu-

258 4846 524 4909 Ἰνδικοὺς
554 4847 804 4916 ἔχουσαν,
838 4846 934 4900 καὶ⁵
996 4845 1148 4913 ξίφος
1204 4844 1676 4914 περιζωσάμενος,
1728 4843 1817 4896 καὶ

1934 4855 2086 4894 mero
2133 4839 2382 4893 introivit
2413 4857 2426 4893 :
2463 4848 2523 4892 et
2553 4839 2679 4892 aliis
2712 4839 2765 4893 id
2800 4854 2975 4909 genus
3023 4839 3191 4893 rebus
3224 4852 3321 4907 pro
3363 4851 3499 4889 con-

245 4940 461 4994 ἀσπίδα
514 4938 720 5001 λαῦὼν,
776 4938 899 5009 δρυΐ
951 4955 1012 4989 τε
1050 4936 1567 5005 στεφανωσάμενος,
1624 4936 1817 5004 σπουδῇ

1929 4930 2086 4984 cione
2120 4929 2427 4997 gloriando,
2468 4930 2689 4987 Darium
2720 4937 2777 4983 et
2808 4931 3042 4983 Xerxem
3077 4929 3305 4992 derisit,
3352 4926 3497 4994 quod

247 5033 508 5102 καθάπερ
540 5031 635 5085 ἐπὶ
658 5031 927 5101 πολεμίαν
958 5031 1039 5091 είς
1063 5030 1162 5096 τὴν
1187 5029 1342 5081 πόλιν
1371 5030 1649 5096 εἰσήλασε,
1678 5044 1817 5096 παμ-

1932 5023 2049 5093 ipse
2091 5024 2253 5093 longe
2288 5025 2463 5094 majus
2493 5039 2657 5091 quam
2706 5023 2785 5076 illi
2834 5036 3068 5091 spatium
3124 5020 3290 5072 maris
3335 5027 3498 5086 ponte

248 5126 480 5195 πιληθεὶς
522 5126 708 5187 ἱππεῖς
758 5141 818 5176 τε
854 5124 946 5176 καὶ
991 5121 1189 5185 πεζοὺς
1222 5121 1598 5188 ὡπλισμένους
1626 5117 1817 5185 ἐπαγό-

1936 5123 2279 5185 occupasset.
2326 5114 2378 5170 ls
2422 5128 2644 5184 quoque
2685 5128 2823 5184 pons
2870 5112 3055 5165 multis
3103 5125 3264 5163 causa
3308 5108 3498 5185 mortis

254 5235 440 5290 μενος,
466 5220 560 5271 καὶ
599 5217 734 5270 ἄλλα
759 5217 816 5270 δέ
847 5232 968 5269 τινα
992 5214 1219 5268 τοιαῦτα
1248 5214 1482 5278 ποιήσας
1513 5213 1609 5264 καὶ
1633 5211 1817 5263 ἑαυτὸν

1936 5205 2165 5259 exstitit.
2198 5204 2331 5258 Nam
2368 5202 2601 5279 pecunia
2630 5205 2684 5258 In
2720 5217 2846 5257 eum
2884 5207 3154 5267 insumpta
3186 5198 3497 5251 innumera-

252 5287 646 5381 άποσεμνύνας
705 5314 764 5363 ἐν
793 5308 1109 5379 δημηγορίᾳ
1136 5307 1223 5360 διὰ
1263 5307 1436 5358 ταῦτα
1490 5305 1549 5366 ἐς
1584 5303 1676 5356 τὸν
1728 5306 1817 5355 Δα-

1936 5297 2053 5360 bili,
2095 5298 2256 5363 longe
2289 5297 2538 5366 pluribus
2563 5304 2787 5365 propter
2817 5304 3040 5345 uivmas
3070 5299 3150 5344 est
3190 5287 3500 5342 insidiatus.

255 5407 402 5478 μίον
432 5379 527 5457 καὶ
556 5404 648 5455 τὸν
667 5402 874 5472 Ξέρξην
895 5401 1283 5461 ἀπέσκωπτεθ,
1308 5396 1384 5460 ὡς
1422 5395 1817 5449 πολλαπλάσιον

1938 5392 2125 5460 Itaque
2156 5389 2321 5445 Junio
2363 5387 2553 5442 Prisco
2601 5395 2831 5454 praetore
2883 5382 3006 5435 aliis
3051 5379 3272 5449 quidem
3318 5379 3492 5434 crimi

255 5469 291 5569 il,
335 5499 536 5552 ἐκεῖνοι
557 5498 652 5567 τῆς
693 5469 972 5565 θαλάσσης
1006 5495 1206 5563 μέτρον
1227 5490 1423 5555 ζεύξις
1457 5489 1639 5550 αὑτός.
1669 5486 1817 5540 Αἰτία

1940 5485 2106 5540 nibus
2142 5494 2419 5548 accusato,
2469 5480 2564 5535 sed
2610 5494 2707 5549 pro
2754 5475 2921 5527 divite
2966 5472 3295 5536 interiecto;
3343 5469 3498 5527 Caiut

1437 5635 1630 5696 Variae
1669 5636 1971 5695 lectiones
2005 5639 2066 5693 et
2107 5637 2296 5690 noue.

327 5763 442 5837 (9i)
487 5763 589 5829 Ὠς
617 5761 810 5830 ἔλεγε.
839 5761 999 5815 Dion.
1031 5759 1127 5814 lib.
1159 5775 1271 5821 ιιι,
1306 5774 1364 5828 p.
1395 5759 1524 5814 655.

585 5859 852 5917 PATROL.
900 5856 1018 5915 (in.
1059 5853 1386 5919 CXXXIV.

3064 5836 3135 5901 3i)
