4018 6250
299 286 409 350 915

1546 278 1826 340 ANNALI
1842 276 1952 339 ΗΜ
1993 279 2136 338 LIB.
2181 276 2286 339 ΧῘ.

3463 283 3570 347 946

297 396 765 469 δημοκρατεῖσθαι
799 396 998 458 ἐδόκει,
1040 396 1089 446 οἱ
1120 394 1177 448 δὲ
1230 392 1627 464 μοναρχεῖσθαι
1662 394 1758 443 καὶ
1788 389 1879 443 a6-

1992 390 2282 460 imperium
2318 390 2565 454 laudant,
2593 400 2651 444 et
2681 406 2745 445 ex
2788 391 2875 445 his
2903 390 2993 444 alii
3029 380 3198 446 alium
3227 392 3523 461 praeferunt
3551 410 3566 447 :

300 492 384 553 θις
416 488 657 560 ἔκρινον.
696 488 803 540 Καὶ
841 487 1050 539 τούτων
1079 487 1129 538 οἱ
1167 485 1267 556 μὲν
1315 484 1490 548 τόνδε,
1524 482 1573 535 οἱ
1625 480 1683 534 δὲ
1729 480 1880 535 τόνδε

299 579 548 650 ᾑροῦντο.
588 578 704 632 Κάν
724 577 898 648 τούτῳ
928 574 1257 646 στρατιῶταί
1311 590 1456 637 τινες
1482 574 1562 635 είς
1596 571 1658 623 τὸ
1704 569 1880 622 παλά-

296 687 432 735 τιον,
468 672 555 725 ἵνα
595 688 645 723 τι
697 670 1076 738 διαρπάσωσιν
1125 668 1563 737 εἰσπηδήσαντες
1615 655 1776 734 εὖρον
1825 664 1883 716 ὲν

299 767 550 834 σκοτεινῇ
605 764 783 833 γωνίᾳ
825 761 1352 832 κατακρυπτόμενόν
1409 776 1513 813 που
1547 759 1639 812 τὸν
1694 756 1882 812 Κλαύ-

300 857 411 909 διον
447 856 642 928 (συνῆν
663 856 774 928 γὰρ
817 855 897 927 τῷ
927 857 1073 926 Γαΐῳ
1108 856 1201 910 τοῦ
1251 855 1481 925 Θεάτρου
1516 851 1880 923 ἐξερχομένῳ,

304 950 399 1001 καὶ
426 952 525 1019 τὴν
558 949 805 1020 ταραχὴν
835 949 1097 1019 φοϐηθεὶς
1151 946 1514 1018 κατεκρύϐη),
1577 945 1670 998 καὶ
1717 943 1887 1008 ἐξεῖλ-

301 1054 399 1096 κον
436 1042 598 1095 αὑτὸν
657 1042 731 1112 μὴ
787 1042 989 1105 εἰδότες
1022 1043 1169 1104 ὅστις
1210 1037 1301 1113 ἦν·
1362 1040 1586 1110 γνόντες
1638 1039 1693 1091 δὲ
1727 1038 1887 1090 αὐτοι

302 1135 553 1207 κράτορά
583 1154 642 1189 τε
677 1136 1157 1223 προσηγόρευσαν,
1186 1136 1280 1190 καὶ
1309 1138 1367 1200 ἐς
1410 1138 1472 1188 τὸ
1505 1133 1877 1205 στρατόπεδον

298 1228 531 1297 ήγαγον,
565 1230 662 1281 καὶ
700 1231 772 1298 μὴ
834 1245 984 1293 τινος
1033 1228 1408 1291 ἐνδοιάσαντος
1463 1227 1702 1290 ἅπαντες
1736 1225 1886 1298 αὐτῷ

299 1320 363 1372 τι
395 1320 593 1390 κράτος
625 1319 947 1384 δεδώκασιν,
985 1321 1059 1384 ώς
1093 1324 1157 1374 ὲκ
1185 1320 1377 1387 γένους
1404 1318 1519 1372 ὄντι
1573 1317 1882 1389 βασιλικοῦ,

304 1414 395 1467 καὶ
427 1414 775 1484 νομιζομένῳ
805 1415 1060 1468 ἐπιεικεῖ.
1100 1413 1160 1466 ΕΞ
1200 1416 1307 1484 γὰρ
1357 1413 1451 1465 κα¹ι
1503 1410 1760 1465 ἀνεδύετο
1791 1411 1886 1464 καὶ

301 1505 614 1573 ἀντέλεγεν,
642 1506 759 1560 ἀλλ’
782 1495 907 1560 ὅσον
942 1506 1195 1572 ἐξίστατο
1221 1506 1316 1558 καὶ
1338 1504 1656 1570 ἀντέκειτο,
1679 1504 1874 1557 τοσοῦ-

298 1614 392 1649 τον
423 1597 627 1666 μᾶλλον
661 1597 1138 1667 ἀντεφιλονείκουν
1188 1598 1237 1650 οί
1269 1593 1609 1667 στρατιῶται
1640 1594 1717 1666 μὴ
1750 1599 1888 1665 παρ⁴

298 1688 506 1753 ἑεέρων
535 1688 719 1741 λαϐεῖν
741 1690 1148 1760 αὐτοκράτορα,
1186 1688 1302 1742 ἀλλ’
1326 1690 1483 1742 αὐτοὶ
1511 1687 1697 1741 δοῦναι
1724 1689 1878 1740 πᾶσι.

301 1781 393 1833 Διὸ
426 1782 517 1833 καὶ
576 1782 747 1846 ἄκων,
788 1781 862 1844 ὡς
913 1781 1110 1846 ἐδῦκει,
1168 1781 1442 1851 ὑπέκυψε.
1487 1780 1769 1843 Μαθόντες
1827 1780 1884 1831 δὲ

302 1876 395 1926 καὶ
425 1873 473 1925 oi
521 1870 718 1926 ὕπατοι
740 1874 833 1927 καὶ
895 1875 945 1926 οἱ
1005 1873 1317 1944 βουλευταὶ,
1364 1873 1464 1944 ήδη
1519 1871 1886 1944 προκατειλῆ-

224 1957 233 1964 ’
304 1962 437 2030 φθαι
472 1961 571 2032 τὴν
604 1964 800 2035 ἀρχὴν,
838 1964 935 2016 καὶ
971 1964 1127 2018 αὐτοὶ
1173 1962 1561 2035 ὡμολόγησαν.
1602 1962 1714 2015 Καὶ
1743 1961 1887 2014 οὕτω

301 2054 557 2125 Τιϐέριος
587 2055 852 2119 Κλαύδιος
878 2056 1072 2125 Νέρων
1102 2054 1466 2128 Γερμανικὸς,
1520 2056 1548 2108 ὁ
1584 2052 1681 2108 τοῦ
1722 2052 1889 2124 Δρού-

303 2163 399 2200 σου
421 2148 516 2201 τοῦ
542 2148 641 2217 τῆς
670 2148 866 2213 Λιϐίας
898 2149 1012 2219 (95)
1042 2147 1162 2202 υίοῦ
1191 2150 1343 2215 παῖς,
1374 2150 1475 2220 τῆς
1505 2145 1886 2216 αὐτοκρατοῢς

302 2241 486 2312 ἀρχῆς
535 2241 751 2312 ἔτυχεν,
789 2241 959 2311 ἄγωνι
998 2242 1119 2307 ἔτος
1169 2241 1564 2313 πεντηκοστόν.
1637 2241 1888 2310 Ἐγένετο

295 2334 357 2387 δὲ
389 2336 489 2401 τὴν
508 2334 687 2406 ψυχὴν
715 2337 777 2390 οὐ
810 2335 1034 2405 φαῦλος,
1066 2336 1204 2390 ἀλλά
1227 2337 1325 2389 καὶ
1353 2338 1411 2391 ὲν
1436 2321 1660 2407 παιδείᾳ
1713 2335 1888 2406 ἤσκη-

295 2442 385 2492 ‘h,
416 2424 556 2479 ὥστε
587 2428 681 2481 καὶ
707 2427 1022 2499 συγγράψαι
1050 2427 1191 2483 τινά.
1219 2427 1293 2481 Τὸ
1325 2428 1383 2481 δὲ
1415 2427 1576 2498 σῶμα
1608 2426 1874 2495 νοσώδης,

298 2522 443 2573 «iw
461 2520 516 2574 δὲ
553 2522 1064 2594 ὲγυναικοκρστήθη
1119 2521 1241 2593 ἅμα
1287 2521 1382 2575 καὶ
1421 2520 1886 2592 ὲδουλοκρατήθη,

301 2612 402 2666 ὅτε
442 2615 536 2666 καὶ
564 2615 630 2667 ὲκ
658 2614 867 2669 παίδων
904 2614 962 2667 ἔν
984 2631 1046 2668 τε
1076 2615 1334 2687 νοσηλείᾳ
1362 2614 1458 2669 καὶ
1491 2616 1549 2667 ὲν
1582 2613 1732 2686 φόϐῳ
1760 2614 1891 2669 πολ-

297 2703 381 2774 λῷ
416 2707 663 2778 τραφείς.
722 2706 1037 2761 Κάντεῦθεν
1092 2707 1352 2778 εὐήθειαν
1409 2708 1508 2762 καὶ
1555 2707 1650 2760 ἐπὶ
1702 2707 1888 2761 πλεῖον

297 2799 400 2868 τῆς
447 2799 705 2868 ἀληθείας
741 2801 1279 2871 προσποιησάμενος,
1329 2801 1426 2854 καὶ
1474 2800 1640 2871 ἤθους
1695 2800 1891 2871 χαυνό-

301 2906 463 2959 τητα,
489 2891 625 2962 ὅπερ
659 2894 752 2946 καὶ
780 2893 943 2956 αὐτὸς
978 2896 1037 2947 ὲν
1066 2896 1131 2964 τῇ
1178 2892 1343 2964 βουλῇ
1403 2893 1748 2964 ὡμολόγησε)
1797 2894 1891 2947 καὶ

298 2983 481 3036 πολὺν
506 2984 605 3054 μὲν
634 2985 831 3056 χρόνον
870 2989 936 3058 τῇ
969 2985 1109 3056 τηθῇ
1143 2985 1319 3057 Λιϐίᾳ
1370 2984 1539 3040 πολὺν
1571 2985 1628 3039 δὲ
1668 2988 1734 3058 τῇ
1780 3005 1886 3059 μη-

1989 483 2201 537 interea
2237 481 2439 537 milites
2473 483 2684 553 aliquot
2721 483 2941 552 impetu
2988 486 3041 538 in
3095 470 3357 554 palatium
3408 484 3571 555 560

1987 576 2152 638 facto,
2207 582 2265 628 ut
2318 575 2524 645 aliquid
2576 584 2857 645 raperent,
2902 574 3190 631 Claudium
3230 576 3284 629 in
3330 575 3571 629 obscuro

1987 668 2187 739 angulo
2211 668 2518 724 latitantem
2550 678 2897 739 repererunt.
2931 668 3065 723 Nam
3097 684 3220 725 eum
3252 667 3386 724 Caio
3413 668 3571 722 thea-

1988 771 2075 825 tro
2132 762 2384 827 exierat,
2441 762 2792 832 tumultuque
2856 761 3084 817 territus
3131 777 3188 816 se
3241 755 3569 827 occultarat.

1990 855 2127 909 Eum
2164 855 2330 926 igitur
2357 863 2770 925 protraxerunt,
2819 854 2993 924 ignari
3029 854 3154 923 quis
3184 864 3331 909 esset
3364 872 3377 907 :
3412 852 3569 923 agni-

1991 955 2129 1011 tum,
2185 947 2576 1017 imperatorem
2626 948 2956 1003 salutarunt.
3004 945 3061 1000 In
3096 955 3273 1001 castra
3302 946 3570 1017 perducto

1987 1040 2125 1095 citra
2157 1041 2321 1095 ullam
2370 1040 2774 1096 dubitationem
2815 1054 3007 1095 omnes
3039 1040 3369 1095 detulerunt
3393 1040 3570 1108 impe-

1989 1132 2153 1197 rium,
2187 1132 2335 1201 quod
2385 1139 2441 1187 et
2486 1131 2721 1188 Caesarei
2762 1131 2983 1203 generis
3032 1140 3198 1194 esset,
3234 1138 3288 1185 et
3330 1131 3571 1185 clemens

1991 1224 2312 1279 haberetur.
2354 1226 2463 1280 Etsi
2514 1225 2661 1280 enim
2703 1224 2995 1279 recusabat
3041 1234 3096 1278 et
3149 1224 3528 1298 refragabatur
3555 1264 3571 1287 ,

1989 1325 2172 1371 tamen
2204 1326 2473 1397 quantum
2504 1317 2594 1372 ille
2629 1317 2995 1382 renitebatur,
3034 1332 3204 1386 seque
3235 1316 3571 1387 opponebat,

1990 1418 2201 1464 tantum
2243 1408 2448 1465 milites
2499 1410 2932 1475 contendebant,
2970 1426 3038 1465 ne
3084 1411 3153 1465 ab
3181 1410 3302 1465 aliis
3338 1412 3573 1489 impera-

1990 1511 2162 1556 torem
2193 1502 2531 1572 acciperent,
2571 1502 2666 1557 sed
2703 1501 2807 1572 ipsi
2838 1503 3099 1557 omnibus
3128 1502 3346 1557 darent.
3382 1502 3573 1572 Itaque

1989 1597 2197 1653 invitus
2224 1597 2468 1662 tandem,
2502 1604 2562 1651 ut
2586 1612 2699 1667 pra:
2725 1611 2784 1651 se
2810 1594 3047 1671 l’erebat,
3075 1594 3183 1650 illis
3213 1595 3402 1649 cessit.
3429 1593 3573 1671 (ξοην

1990 1692 2137 1747 snles
2183 1706 2314 1745 vero
2371 1700 2428 1745 et
2477 1702 2764 1744 senatores
2818 1688 2910 1743 ubi
2957 1689 3070 1761 jam
3128 1664 3573 1759 praeoccupat‘um

1988 1801 2107 1840 esse
2156 1784 2447 1854 imperium
2486 1782 2827 1847 didicerunt,
2873 1781 2975 1852 ipsi
3011 1796 3231 1851 quoque
3286 1781 3572 1835 renuntia-

1946 1900 1949 1901 ν
1992 1876 2126 1930 tioni
2156 1878 2276 1947 ejus
2311 1884 2441 1931 sunt
2476 1877 2706 1931 assensi.
2744 1875 2819 1929 Ita
2848 1874 3107 1930 Tiberius
3129 1873 3392 1930 Claudius
3430 1874 3574 1928 Nero

1988 1954 2369 2029 Germanicus,
2400 1966 2568 2021 Livia:
2598 1982 2665 2022 ex
2705 1968 2881 2021 Druso
2916 1981 3113 2035 nepos,
3164 1965 3457 2035 imperium
3488 1971 3575 2019 est

1989 2058 2242 2127 adeptus,
2274 2074 2422 2112 anno
2453 2058 2633 2114 aetatis
2684 2057 3166 2129 quinquagesimo.
3220 2057 3443 2127 Ingenio
3472 2057 3574 2111 fuit

1990 2168 2101 2207 non
2153 2153 2583 2219 contemnendo,
2624 2161 2681 2207 et
2727 2151 3039 2223 disciplinis
3081 2152 3154 2207 ita
3188 2151 3465 2215 eruditus,
3516 2158 3575 2206 ut

1989 2245 2240 2316 quaedam
2268 2246 2683 2315 conscripserit.
2716 2244 2987 2301 Caeterum
3028 2244 3346 2299 valetudine
3380 2259 3574 2314 parum

1992 2344 2173 2407 ﬁrma,
2206 2342 2533 2398 mulieribus
2571 2350 2627 2397 et
2648 2342 2827 2397 servis
2882 2354 3081 2411 parere
3113 2339 3331 2405 solitus,
3366 2347 3428 2392 ut
3460 2339 3573 2408 jam

1992 2437 2119 2492 inde
2155 2453 2183 2490 a
2217 2437 2455 2507 pueritia
2514 2437 2568 2490 in
2606 2434 2817 2490 morbis
2859 2443 2916 2490 et
2959 2449 3158 2505 magno
3190 2441 3338 2487 metu
3372 2430 3567 2485 educa-

1994 2540 2101 2587 tus.
2140 2530 2299 2620 vnde
2329 2530 2721 2600 simpliciorem
2744 2538 2811 2584 'et
2843 2526 3297 2583 dissolutior-ibus
3328 2524 3575 2593 moribus

1991 2638 2052 2679 se
2100 2617 2225 2680 esse
2277 2622 2454 2689 ﬁnxit,
2504 2637 2669 2693 quam
2712 2637 2905 2676 revera
2940 2621 3064 2682 fuit,
3093 2620 3242 2690 quod
3274 2628 3330 2673 et
3366 2619 3481 2689 ipse
3517 2617 3571 2670 in

1992 2728 2188 2775 senatu
2220 2718 2508 2775 confessus
2537 2726 2623 2773 est
2649 2736 2662 2774 :
2722 2718 2944 2789 vitaque
2969 2718 3133 2789 longo
3164 2726 3415 2787 tempore
3448 2731 3573 2770 eum

1992 2813 2112 2868 avia
2143 2811 2297 2866 Livia
2327 2820 2383 2866 et
2413 2811 2649 2866 Antonia
2679 2820 2853 2866 matre
2893 2825 2957 2866 ac
2990 2809 3212 2865 libertis
3259 2817 3401 2871 aeta,
3433 2808 3572 2862 nihil

1993 2905 2236 2976 ingenuo
2260 2903 2485 2975 dignum
2517 2919 2630 2974 pra?
2667 2918 2725 2958 se
2768 2901 2913 2958 tulit.
2951 2902 3089 2958 Sunt
3136 2903 3185 2957 ei
3221 2912 3278 2957 et
3315 2900 3574 2957 mulieres

1993 3006 2051 3052 et
2089 2996 2275 3052 liberti
2309 2995 2363 3051 in
2400 2996 2900 3065 compotationibus
2945 3004 3002 3051 et
3044 3010 3102 3050 re
3153 3009 3385 3049 verenea
3442 2992 3573 3048 insi-

298 3082 393 3147 τρὶ
447 3078 730 3152 Ἀντωνίᾳ,
778 3082 892 3144 τοίς
954 3081 1002 3134 τ’
1029 3080 1423 3151 ἀπελευθέροις
1458 3078 1885 3149 συνδιαιτηθεὶς,

1995 3088 2154 3155 diati,
2184 3089 2387 3160 quibus
2412 3090 2663 3160 utrisque
2703 3088 2889 3143 satiari
2923 3104 3031 3143 non
3065 3094 3300 3158 poterat.
3344 3084 3426 3140 Ad
3459 3084 3574 3139 haec

300 3170 459 3223 οὐδὲν
498 3170 971 3241 ἐλευθεροπρεπὲς
1011 3172 1387 3226 ἐπεδείκνυτο.
1470 3171 1816 3226 Ἐπετίθεντο
1845 3171 1889 3225 δ’

301 3261 460 3334 αὐτῷ
508 3265 565 3317 αἱ
619 3264 884 3332 γυναῖκές
942 3281 1001 3317 τε
1043 3266 1137 3317 καὶ
1168 3266 1216 3317 οί
1254 3264 1617 3335 ἀπελεύθεροι
1671 3266 1727 3319 ἐν
1767 3266 1891 3329 ταῖς

300 3357 513 3427 μίξεσι,
556 3359 659 3412 κάν
712 3359 824 3421 τοῖς
859 3336 1092 3421 πότοιςί⁸
1108 3358 1257 3412 Πάνυ
1292 3357 1401 3428 γὰρ
1456 3357 1752 3428 ἀπλήστως
1783 3358 1892 3427 ἀμ-

301 3450 555 3519 φοτέροις
570 3451 912 3523 προσέκειτο,
928 3451 1063 3521 πρὸς
1080 3450 1134 3502 δὲ
1153 3454 1244 3502 καὶ
1259 3450 1463 3504 δειλίαν
1481 3444 1614 3521 εἶχε.
1635 3450 1890 3511 Τοιοῦτος

296 3544 360 3597 δὲ
386 3544 640 3614 πεφυκὼς
660 3544 757 3614 (ώς
785 3543 1059 3599 συνελόντι
1091 3544 1289 3613 είπείν)
1314 3545 1465 3616 ὅμως
1490 3546 1592 3597 οὐκ
1608 3544 1767 3614 ὀλίγα
1796 3546 1892 3599 καὶ

298 3637 534 3700 δεόντως
580 3637 872 3709 ἔπραττεν,
929 3637 1124 3701 ὁσάκις
1161 3640 1271 3690 τῶν
1322 3637 1634 3709 εἰρημένων
1699 3636 1892 3690 παθῶν

300 3730 413 3794 ἔξω
446 3728 675 3799 ἐγίνετο,
711 3733 805 3784 καὶ
842 3730 1040 3785 ἑαυτοῦ
1077 3730 1327 3801 ἐκράτει.
1363 3731 1480 3785 Οὐκ
1506 3730 1670 3794 εὐθὺς
1705 3731 1891 3799 μέντοι

300 3825 386 3884 είς
427 3822 526 3892 τὴν
578 3821 774 3893 βουλὴν
811 3823 1085 3891 εἰσῆλθεν,
1148 3822 1288 3875 ἀλλά
1354 3822 1495 3891 μετά
1556 3820 1891 3893 τριακοστὴν

302 3914 546 3985 ἡμέραν,
577 3915 663 3969 διά
696 3932 756 3968 τε
788 3917 879 3969 τὸν
910 3916 1072 3967 Γαῖον
1122 3914 1299 3977 οὕτως
1332 3914 1655 3968 ἀπολωλότα
1679 3912 1887 3978 δεδιὼς,

302 4010 405 4062 καὶ
431 4008 514 4061 ὅτι
551 4009 695 4074 τινὲς
727 4008 927 4063 ἑαυτοῦ
972 4009 1218 4079 βελτίους
1246 4011 1326 4072 εἰς
1374 4009 1474 4080 τὴν
1515 4008 1691 4079 ἀρχὴν
1740 4008 1892 4076 παρὰ

312 4102 411 4171 τῆς
442 4102 635 4172 βουλῆς
675 4102 1096 4172 ὠνομάσθησαν.
1144 4102 1307 4154 ’Λλλά
1337 4102 1408 4154 τά
1464 4119 1524 4154 τε
1564 4101 1702 4154 ἄλλα
1734 4101 1894 4170 ἀκρι-

304 4193 421 4257 ϐῶς
451 4193 804 4261 ἐφυλάσσετο,
834 4195 929 4249 καὶ
958 4195 1164 4257 πάντας
1193 4195 1321 4257 τοὺς
1351 4191 1499 4263 αὐτῷ
1559 4192 1887 4263 προσιὸντας

304 4286 639 4357 ἐρευνᾶσθαι
664 4286 863 4349 ἐποίει,
895 4289 968 4357 μή
1000 4303 1053 4338 τι
1090 4286 1320 4355 ξιφίδιον
1348 4285 1537 4355 ἔχωσι,
1567 4284 1664 4336 καὶ
1695 4285 1752 4336 έν
1779 4286 1892 4345 τοῖς

305 4378 636 4448 συμποσίοις
666 4382 1008 4446 στρατιώτας
1036 4374 1182 4450 εἶχεν
1231 4376 1380 4447 αὐτῷ
1410 4375 1690 4438 συνόνταςν
1736 4374 1764 4426 ὃ
1796 4374 1892 4427 καὶ

306 4471 456 4541 μετὰ
487 4470 663 4523 ταῦτα
703 4471 931 4539 ἐγίνετο.
970 4471 1035 4523 Ἦ
1065 4471 1120 4523 δὲ
1150 4471 1255 4522 τῶν
1287 4469 1533 4537 ξιφιδίων
1561 4468 1759 4538 ἔρευνα
1802 4467 1891 4520 διὰ

307 4562 723 4615 Οὐεσπασιανοῦ
788 4561 1085 4615 ἐπαύσατο.
1150 4562 1253 4615 Τὸν
1321 4561 1422 4641 μὲν
1476 4557 1570 4614 οὖν
1632 4560 1895 4629 Χαιρέαν,

309 4657 408 4712 καί
462 4674 613 4719 τινας
670 4656 864 4718 ἀλλους
923 4655 1270 4713 ἀπέκτεινεν.
1326 4655 1386 4706 οὐ
1427 4652 1516 4706 διὰ
1567 4654 1657 4705 τὸν
1712 4653 1892 4714 Γαῖον,

309 4749 433 4804 ἀλλ’
461 4748 642 4817 ἑαυτῷ
677 4748 979 4817 ἀσιράλειαν
1014 4747 1488 4819 προμηθούμενος.
1548 4745 1658 4799 Καὶ
1699 4748 1726 4798 ὁ
1793 4747 1892 4797 Σα-

308 4842 465 4903 ϐῖνος
504 4840 561 4892 δὲ
612 4839 755 4894 ἑκὼν
806 4838 1068 4902 ἀπέθανε,
1115 4840 1189 4910 μὴ
1243 4838 1487 4906 ἀξιώσας
1539 4836 1894 4898 κολασθέντος

312 4933 415 4987 τοῦ
469 4932 709 5003 Χαιρέου
770 4932 931 4994 αὐτὸς
979 4933 1269 5000 περιεῖναι.
1337 4930 1447 4991 Τὰς
1480 4929 1538 4981 δὲ
1578 4927 1671 4980 τοῦ
1729 4927 1893 4981 Γαΐου

313 5025 554 5092 ἀδελφὰς
596 5027 694 5095 τήν
726 5042 784 5077 τε
830 5023 1200 5095 Ἀγριππίνσν
1231 5023 1326 5076 καὶ
1370 5021 1469 5092 τὴν
1536 5020 1762 5074 Ἰουλίαν
1790 5035 1890 5070 κα-

316 5117 575 5187 ταγαγὼν
601 5120 667 5171 ἐκ
703 5117 805 5185 τῆς
840 5117 1162 5185 ὑπερορίας,
1197 5115 1293 5167 καὶ
1322 5115 1420 5177 τὰς
1468 5113 1657 5177 οὐσίας
1702 5112 1895 5172 αὐταῖς

316 5213 596 5276 ἀπέδωκε,
628 5212 724 5266 καὶ
762 5213 888 5275 τοὺς
922 5209 1119 5272 ἄλλους
1149 5209 1278 5271 τοὺς
1313 5206 1643 5267 ἐκπεσόντας
1694 5202 1896 5275 ὁμοίιος

316 5307 626 5377 κατήγαγε.
667 5305 774 5358 Καὶ
804 5304 929 5366 τοὺς
966 5303 1024 5357 ὲν
1067 5301 1313 5371 εἱρκταῖς
1361 5298 1682 5369 δεδεμένους
1718 5298 1894 5365 ἀκρι-

1998 3185 2225 3239 timidus
2265 3184 2392 3239 fuit.
2428 3184 2691 3250 Quamvis
2716 3192 2901 3239 autem
2941 3184 3026 3255 (ut
3049 3199 3165 3238 rem
3205 3181 3393 3254 paucis
3420 3196 3572 3237 eom-

1994 3278 2224 3348 plectarl
2263 3277 2387 3332 talis
2417 3286 2603 3333 esset:
2655 3285 2834 3332 tamen
2870 3277 3037 3331 multa
3078 3285 3387 3345 opportune
3422 3274 3574 3336 fecit,

1994 3369 2213 3441 quoties
2247 3369 2397 3425 vitiis
2424 3369 2544 3425 istis
2567 3369 2807 3435 evitatis,
2841 3368 2923 3424 sui
2951 3369 3095 3439 juris
3121 3368 3245 3423 fuit.
3277 3368 3333 3421 ln
3365 3366 3574 3420 curiam

1994 3478 2104 3517 non
2136 3462 2346 3526 statim,
2372 3461 2467 3516 sed
2504 3452 2786 3518 triecsimo
2821 3461 2911 3516 die
2938 3472 3058 3531 post
3108 3463 3280 3524 venit,
3316 3469 3429 3513 tum
3456 3459 3573 3514 Caii

1996 3554 2224 3610 interitu
2254 3555 2506 3617 territus,
2533 3562 2647 3607 tum
2666 3553 2820 3623 quod
2845 3553 3016 3622 aliqui
3039 3553 3154 3622 ipso
3185 3553 3250 3607 ad
3278 3552 3572 3622 imperium

1995 3644 2240 3714 aptiores
2272 3659 2299 3695 a
2332 3652 2524 3699 senatu
2571 3642 2840 3697 nominati
2873 3652 3051 3696 erant.
3087 3641 3226 3696 Cum
3261 3640 3475 3697 caeteris
3519 3640 3573 3694 in

1997 3737 2164 3792 rebus
2192 3745 2448 3791 accurate
2500 3750 2560 3791 se
2609 3734 2896 3797 custodiit,
2934 3745 3046 3788 tum
3074 3748 3266 3788 omnes
3307 3749 3337 3786 a
3373 3732 3590 3803 quibus.

1994 3828 2260 3888 adiretur,
2285 3824 2466 3880 excuti
2502 3825 2684 3895 jussit,
2721 3840 2788 3878 ne
2818 3825 2961 3879 sicas
2995 3823 3242 3890 ferrent:
3284 3830 3341 3877 et
3369 3821 3574 3885 milites

1994 3920 2058 3973 ad
2094 3917 2344 3972 convivia
2376 3933 2563 3971 secum
2594 3916 2840 3981 adduxit,
2872 3916 3017 3985 quod
3060 3916 3321 3985 deinceps
3352 3930 3573 3984 quoque

1996 4009 2220 4062 factum.
2278 4006 2529 4062 Siearum
2557 4022 2691 4061 vero
2726 4005 3013 4076 inquisitio
3050 4022 3146 4074 per
3179 4006 3582 4074 Vespasianum.

1966 4098 2210 4155 'sublata
2242 4108 2345 4154 est.
2380 4098 2663 4153 Chaeream
2693 4106 2750 4152 et
2778 4097 2990 4166 aliquot
3019 4097 3157 4153 alios
3188 4095 3411 4157 occidit,
3464 4111 3571 4148 nou

1997 4196 2056 4241 ut
2083 4185 2201 4240 Caii
2242 4201 2435 4241 necem
2482 4187 2869 4251 ulcisceretur,
2902 4185 2998 4240 sed
3039 4195 3099 4240 ut
3130 4184 3410 4240 securitati
3463 4201 3572 4238 sure

1995 4276 2308 4331 consultum
2345 4283 2511 4329 esset.
2544 4274 2784 4330 Sabinus
2812 4275 2955 4330 ultro
2997 4275 3103 4330 sibi
3140 4290 3335 4329 manus
3365 4275 3572 4333 attulit.

1998 4367 2283 4438 indignum
2325 4375 2499 4429 ratus,
2526 4368 2570 4422 si
2603 4367 2827 4421 Chaerea
2856 4368 3149 4422 interfecto
3179 4377 3461 4437 superstes
3493 4383 3576 4423 es-

1997 4470 2103 4516 set.
2139 4459 2255 4515 Caii
2289 4476 2508 4514 sorores
2538 4461 2894 4529 Agrippinam
2928 4458 3085 4530 561
3119 4460 3395 4515 etJUliam
3420 4475 3577 4514 revo-

1998 4553 2164 4615 cavit,
2205 4552 2363 4606 bonis
2390 4552 2682 4607 restitutis.
2732 4552 2936 4606 Eodem
2986 4552 3150 4606 modo
3176 4563 3402 4607 czeteros
3439 4566 3577 4620 qum

2001 4664 2108 4719 que
2156 4648 2376 4701 exsules
2427 4646 2703 4701 tractavit.
2762 4646 2870 4701 Eos
2914 4646 3006 4717 qui
3060 4647 3113 4700 in
3144 4661 3364 4700 carcere
3406 4645 3575 4699 vincti

2001 4746 2181 4801 erant,
2230 4745 2487 4791 accurate
2534 4737 2882 4806 exploravit:
2929 4753 3027 4808 per
3060 4737 3392 4792 calumniam
3423 4736 3577 4788 dela-

2005 4841 2088 4886 tos
2133 4831 2365 4896 dimisit,
2400 4839 2587 4885 sontes
2617 4831 2890 4901 supplicio
2918 4831 3121 4887 all'eeit.
3159 4832 3403 4891 Venena,
3433 4843 3573 4895 quo-

2004 4936 2125 4974 rum
2161 4936 2354 4989 magna
2400 4921 2558 4990 copia
2609 4920 2661 4975 in
2711 4921 2826 4977 Caii
2884 4923 3106 4978 scriniis
3135 4932 3219 4977 est
3252 4927 3485 4988 reperta,
3517 4926 3574 4970 et

2003 5013 2217 5067 libellos
2248 5012 2591 5080 Protogenis.
2628 5031 2789 5084 quem
2822 5017 2983 5073 etiam
3030 5015 3261 5076 occidit,
3285 5008 3570 5066 cremavit.

2005 5103 2242 5174 δετῖνιθ,
2265 5120 2387 5173 qua:
2409 5103 2571 5159 Caius
2597 5121 2654 5159 se
2683 5123 2957 5170 cremasse
2989 5107 3302 5163 allirmarat,
3332 5108 3573 5169 reperta,

2006 5196 2220 5250 senatui
2272 5197 2536 5259 ostendit,
2597 5198 2938 5268 legendaque
2985 5208 3091 5251 tam
3146 5197 3213 5250 iis
3264 5212 3292 5249 ει
3348 5192 3573 5262 quibus,

2003 5304 2165 5359 quam
2197 5288 2264 5343 iis
2298 5300 2485 5343 contra
2513 5304 2651 5358 quos
2673 5291 2873 5359 scripta
2905 5299 3081 5352 erant,
3109 5286 3393 5343 exhibuit:
3425 5301 3575 5354 post,-

1524 5411 1724 5474 Varize
1756 5406 2061 5470 lectiones
2112 5387 2404 5462 et—notae.

400 5549 510 5618 (95)
543 5545 967 5618 Aab’z’acailccte
994 5545 1414 5618 quidemgnam
1449 5538 1656 5595 Tiberii
1685 5533 1901 5592 Claudii

323 5613 567 5675 Neronis
609 5632 744 5671 uxor
770 5616 874 5670 fuit
904 5613 1056 5670 Livia
1084 5614 1345 5669 Drusilla.
1375 5613 1574 5667 Verum
1616 5624 1748 5662 mss.
1779 5620 1903 5659 om-

324 5708 426 5746 nes
459 5689 613 5759 Regii
637 5697 693 5743 et
713 5686 956 5759 Colbert.
993 5697 1052 5740 ut
1083 5696 1138 5739 ct
1160 5685 1300 5738 intra
1330 5699 1393 5759 p._
1419 5681 1521 5736 185
1544 5689 1599 5734 et
1632 5677 1902 5759 190,193»

322 5762 445 5818 λίαν
486 5752 775 5822 ικῖτυοιιιιιι
810 5755 1108 5822 praeferunt
1144 5772 1155 5807 :
1188 5770 1288 5810 nec
1317 5752 1435 5809 scio
1465 5767 1532 5807 an
1565 5767 1629 5808 ex
1683 5752 1902 5819 ingenio

2011 5525 2245 5595 Wolﬁus
2269 5524 2463 5595 Λιϐίας
2488 5527 2798 5595 reposuerit
2825 5546 2837 5577 :
2873 5535 3023 5581 certe
3047 5525 3302 5581 eumdem
3330 5540 3577 5580 errorem

2003 5605 2153 5652 errat
2176 5592 2568 5649 Constantinus
2591 5595 2869 5650 Minasses
2894 5614 2907 5649 :

2117 5666 2258 5737 Γυνή
2283 5681 2367 5726 τις
2397 5664 2759 5737 ὲτ-ταφρρὂτος
2789 5667 3109 5730 συνέζευκτο
3140 5686 3204 5735 γσ
3220 5667 3380 5737 μέτη,

2116 5729 2305 5805 Νέρων
2339 5729 2561 5804 ἐκείνης
2594 5729 2660 5805 ἦν
2691 5736 2849 5808 ἀνὴρ,
2886 5729 3069 5809 ἐκείνη
3097 5729 3401 5792 δὲῚοιλία.
