4018 6250
482 239 586 308 947

1744 250 2070 317 JOANNIS
2109 254 2428 319 ΖΟΝΑΗΑΞ

3630 257 3727 328 943

477 367 544 408 ea
594 354 824 411 exussit.
880 351 1109 414 Senatui
1148 356 1342 416 Caium
1415 361 1716 432 ignominia
1765 375 2026 421 notatum

2154 366 2265 431 ϐὡς
2298 367 2583 434 ἐξετάσας,
2620 372 2746 438 τοὺς
2793 373 2892 445 μὲν
2930 378 3476 449 συκοφαντουμένους
3528 379 3723 450 ἀφῆκε,

477 441 705 509 restitit,
759 447 1055 515 quominus
1101 448 1154 503 id
1205 448 1488 506 decretum
1540 453 1718 510 ﬂeret.
1770 455 1892 527 ipse
1917 472 2050 513 vero

476 541 646 589 noctu
697 543 908 593 statuas
936 538 1056 604 ejus
1085 555 1278 597 omnes
1324 544 1566 612 sustulit,
1616 554 1672 602 et
1715 562 1839 617 qua).
1867 548 1949 602 vel
1980 549 2051 605 ab

475 622 621 692 ipso,
675 626 760 681 vel
801 627 870 681 ab
914 629 1038 684 aliis
1082 640 1310 702 propter
1360 633 1541 704 ipsum
1603 652 1893 708 perperam
1929 650 2050 695 acta

472 725 651 783 erant,
691 716 952 774 abolevit.
1012 719 1235 778 Statuas
1268 723 1519 781 decretas
1566 728 1864 791 recusavit,
1914 730 2050 785 sibi-

472 818 580 873 que
621 807 919 864 sacriﬁcari
978 821 1074 866 aut
1123 794 1357 886 efﬁgiem
1391 832 1544 874 suam
1596 820 1816 875 adorari
1848 822 2046 879 vetuit.

472 891 626 951 Fecit
676 907 732 953 et
765 900 870 955 alia
904 903 1075 959 multa
1126 905 1180 961 id
1230 922 1404 977 genus
1453 911 1755 977 moderate,
1810 913 2043 985 judicio,

468 1000 579 1044 non
611 990 981 1053 simulatione.
1014 997 1206 1054 Filiam
1233 1011 1384 1058 certe
1416 1004 1643 1074 quidem
1674 1023 1837 1063 unam
1865 1009 1927 1065 L.
1951 1010 2045 1067 Ju-

467 1079 564 1133 nio
597 1079 826 1147 Sillano,
887 1083 1115 1142 alteram
1147 1089 1247 1147 Cn.
1285 1092 1550 1165 Pompeio
1579 1095 1773 1169 Magno
1806 1099 2046 1171 deSpon-

465 1169 568 1233 dit.
603 1174 756 1229 nullo
791 1175 1090 1235 immodico
1118 1192 1419 1254 apparatu:
1455 1202 1580 1243 nam
1615 1201 1672 1246 et
1703 1192 1819 1261 ipse
1849 1169 2045 1250 diebus

464 1261 577 1319 illis
602 1264 692 1336 jus
717 1266 877 1333 dixit.
921 1280 977 1327 et
1005 1285 1230 1331 senatus
1267 1280 1546 1336 convenit.
1595 1280 1867 1341 Prazterea
1915 1302 2041 1343 cum

464 1357 724 1415 consules
753 1360 808 1416 in
831 1363 985 1419 curia
1022 1371 1521 1440 consurrexissem,
1554 1382 1615 1429 ut
1644 1391 1769 1430 eum
1797 1377 2045 1449 alloque-

462 1454 678 1510 renlur,
731 1455 1037 1510 assurrexit
1064 1468 1120 1512 et
1166 1458 1303 1529 ipse,
1355 1471 1413 1517 et
1442 1463 1683 1521 vicissim
1711 1467 1794 1522 eis
1819 1468 2040 1524 obvium

460 1533 584 1592 ivit.
640 1540 864 1599 Privato
916 1556 972 1601 et
1003 1547 1192 1605 Graeco
1224 1567 1380 1609 more
1414 1555 1741 1628 plerumque
1768 1571 1891 1615 enm
1924 1562 2041 1619 suis

458 1626 615 1684 vixit.
668 1630 725 1687 ln
778 1637 1012 1704 pecunia
1064 1641 1371 1699 mirabilem
1427 1662 1488 1703 se
1537 1626 1811 1718 pragbuit:
1864 1652 2039 1726 vetuit

2154 458 2279 522 τοὺς
2305 459 2360 512 δὲ
2397 465 2882 534 κακουργήσαντάς
2924 482 2978 521 τι
3034 468 3284 523 ἐκόλασε.
3344 469 3455 523 Καὶ
3485 470 3555 523 τὰ
3595 468 3724 536 φάρ-

2155 567 2307 618 μακα
2338 551 2375 607 ἃ
2404 553 2579 607 πολλὰ
2624 556 2684 608 ἐν
2738 559 2853 620 τοῖς
2900 558 2997 612 τοῦ
3051 558 3215 612 Γαΐου
3270 560 3495 631 εὑρέθη,
3532 560 3630 612 καὶ
3658 558 3725 612 τὰ

2152 640 2335 711 βιϐλία
2364 643 2456 699 τοῦ
2484 646 2890 715 Πρωτογένους,
2912 649 2979 703 ὃν
3008 650 3101 703 καὶ
3134 651 3474 717 ἀπέκτεινεν,
3505 651 3723 708 ἔκαυσε.

2150 734 2231 788 Τά
2256 753 2315 789 τε
2353 737 2661 808 γράμματα
2688 738 2725 793 ἃ
2748 740 2902 809 ἔλεγε
2932 741 3032 813 μὲν
3086 743 3433 796 κατακαῦσαι
3464 744 3491 796 6
3528 744 3714 809 Γάῖος,

2148 824 2454 898 εὑρέθησαν
2507 828 2564 883 δὲ
2602 829 2751 895 ὄντα,
2811 836 2926 898 τοῖς
2977 833 3295 903 βουλευταῖς
3340 852 3403 889 τε
3440 835 3705 900 ἐπέδειξε,

2147 918 2244 972 καὶ
2277 918 2479 971 ἔδωκεν
2517 920 2834 989 ἀναγνῶναι
2869 925 2983 984 τοῖς
3012 941 3073 976 τε
3106 923 3384 996 γράψασιν
3416 924 3583 989 αὐτὰ,
3630 926 3723 978 καὶ⁵

2144 1013 2256 1075 τοῖς
2276 1012 2395 1064 καθ’
2425 1005 2500 1065 ὧν
2530 1013 2862 1082 ἐγέγραπτο,
2893 1015 2987 1069 καὶ
3021 1015 3159 1082 μετά
3194 1016 3352 1069 τοῦτο
3380 1016 3700 1084 κατέφλεξε.

2146 1098 2258 1170 Τῆς
2293 1119 2351 1155 τε
2385 1103 2675 1174 γερουσίας
2703 1104 2982 1175 ἀτιμῶσαι
3024 1106 3384 1177 βουληθείσης
3406 1107 3497 1159 τὸν
3534 1107 3719 1171 Γάϊον,

2144 1193 2488 1262 ψηφισθῆναι
2543 1197 2644 1267 μὲν
2683 1194 2844 1250 τοῦτο
2896 1197 3056 1261 αὐτὸς
3117 1195 3382 1251 ἐκώλυσῖ
3422 1200 3618 1263 νυκτὸς
3666 1200 3723 1253 δέ

2149 1282 2243 1343 τὰς
2279 1282 2495 1347 εἰκόνας
2538 1283 2704 1337 αὐτοῦ
2756 1284 2940 1349 πάσας
2971 1286 3235 1356 ἠφάνισε,
3269 1287 3363 1341 καὶ
3386 1288 3454 1341 τὰ
3490 1288 3596 1342 ὑπὸ
3627 1288 3720 1342 τοῦ

2147 1372 2313 1428 Γαΐου
2346 1377 2441 1430 κα)⁸
2469 1377 2561 1447 ὑφ’
2591 1374 2795 1448 ἐτέρων
2824 1378 2892 1432 δι’
2916 1379 3126 1432 ἐκεῖνον
3174 1379 3275 1433 οὐκ
3327 1379 3506 1449 ὀρθῶς
3557 1395 3721 1448 γεγο-

2142 1465 2273 1519 νότα
2304 1466 2618 1537 ἀνέτρεψεν,
2664 1467 3029 1539 ’Δνδριάντων
3056 1467 3113 1521 δέ
3137 1466 3284 1540 αὐτῷ
3302 1466 3708 1538 ψηφισθέντων,

2141 1559 2519 1631 παρῃτήσατο.
2550 1559 2657 1611 Καὶ
2690 1557 2845 1612 θύειν
2880 1559 2913 1630 ἢ
2957 1562 3285 1629 προσκυνεῖν
3319 1560 3376 1611 ὲν
3404 1560 3722 1629 ἀγάλμασιν

2141 1648 2289 1720 αὑτῷ
2347 1649 2722 1720 ἀπηγόρευσε.
2782 1651 2895 1706 Καὶ
2946 1650 3084 1704 ἄλλα
3146 1648 3203 1704 δὲ
3268 1649 3497 1704 τοιαῦτα
3549 1651 3722 1704 πολλὰ

456 1718 604 1815 enim
637 1723 824 1780 oli‘erri
877 1728 982 1785 sibi
1035 1742 1344 1805 argentum,
1381 1716 1625 1808 quod—et
1655 1743 1758 1797 sub
1789 1722 2026 1815 Auguste

2139 1716 2313 1796 ἐποίει
2352 1716 2777 1813 μετριοςρρονῶν,
2800 1744 2892 1797 καὶ
2911 1744 3092 1814 κρίσει
3113 1743 3285 1797 ταῦτα
3303 1744 3581 1813 πράττων,
3604 1742 3721 1796 ἀλλ’

456 1807 894 1906 fiebaLd/etuit,
949 1836 1019 1876 ne
1053 1822 1124 1877 ab
1174 1825 1285 1881 ullo
1336 1807 1431 1899 qui
1473 1841 1736 1901 cognatos
1785 1807 2030 1906 haberet,

456 1894 636 1955 ha3res
665 1901 1071 1967 institueretur.
1106 1912 1255 1969 Bona
1288 1894 1409 1987 qua:
1432 1894 1790 1980 sub'Tiberio
1816 1935 1873 1981 et
1905 1894 2034 1984 Caio

451 1992 733 2063 publicata
771 1996 1005 2068 fuerant,
1044 2015 1140 2060 aut
1191 2007 1325 2079 ipsis
1374 2015 1807 2083 possessoribus,
1855 2021 1901 2075 si
1941 2036 2035 2077 su-

449 2087 715 2153 perstites
738 2103 919 2159 erant,
957 2106 1053 2152 aut
1082 2113 1277 2155 eorum
1308 2101 1502 2161 liberis
1546 2107 1809 2166 reddidit.
1847 2113 2034 2172 Multis

448 2178 808 2248 magistratus
841 2195 899 2241 et
936 2191 1253 2257 provincias
1282 2211 1312 2249 a
1344 2195 1477 2253 Caio
1505 2211 1724 2271 ereptas
1751 2206 2029 2263 restituit:

447 2277 505 2357 et
537 2269 644 2328 hoc
669 2290 842 2346 genus
869 2279 975 2334 alia
1009 2281 1156 2347 fecit,
1182 2286 1253 2340 oh
1277 2303 1398 2357 quae
1418 2269 1674 2349 laudat—us
1696 2305 1798 2349 est.
1828 2294 2027 2353 Verum

447 2356 517 2414 ab
547 2362 669 2432 ejus
712 2364 932 2422 libertis
981 2380 1038 2425 et
1097 2386 1267 2430 uxore
1296 2356 1530 2435 iValeria
1586 2382 1871 2440 Messalina
1922 2390 2028 2443 alia

445 2460 566 2505 acta
611 2466 763 2518 sunt,
811 2455 899 2513 his
943 2461 1169 2518 minime
1218 2478 1609 2527 consentanea.
1656 2472 1792 2528 Cum
1822 2476 2026 2548 ingenti

444 2554 677 2599 annonae
733 2551 964 2618 penuria
1024 2554 1412 2629 laboraretur,
1467 2579 1576 2618 non
1631 2565 1707 2620 illi
1764 2567 2029 2627 duntaxat

442 2636 704 2703 tempori,
757 2639 850 2693 sed
903 2642 959 2697 in
1015 2643 1261 2702 futurum
1313 2654 1478 2708 etiam
1531 2661 1833 2728 prospexit.
1888 2663 2024 2719 Nam

441 2741 568 2780 eum
599 2726 833 2787 Romani
871 2732 1150 2795 frumento
1188 2741 1301 2798 fere
1333 2752 1541 2801 tantum
1568 2749 1790 2809 aliunde
1818 2753 2025 2826 impero

442 2824 558 2874 tato
592 2831 839 2890 utantur,
880 2829 1032 2899 regio
1060 2847 1183 2901 qua:
1211 2835 1277 2889 ad
1310 2838 1451 2895 ostia
1484 2839 1704 2900 Tiberis
1737 2855 1842 2913 est,
1875 2824 2024 2920 ejus.

441 2913 614 2980 modi,
653 2925 715 2971 ut
750 2932 932 2990 neque
987 2929 1106 2978 tuto
1133 2929 1329 2998 appelli
1381 2934 1576 3000 possit,
1614 2952 1794 3009 neque
1831 2913 2025 3012 portus

439 3009 763 3066 commodos
809 3013 1059 3083 haberet,
1098 3018 1386 3089 efﬁciebat,
1438 3035 1499 3081 ut
1526 3028 1606 3083 eis
1637 3032 1804 3088 maris
1833 3009 2024 3105 iimpe-
2051 3049 2095 3107 ο

440 3099 585 3154 rium
611 3118 806 3171 parum
835 3107 1146 3175 prodesset.
1174 3110 1420 3171 Hiberno
1443 3118 1589 3174 enim
1616 3130 1862 3192 tempore
1884 3099 2022 3182 nihil

441 3184 731 3260 importari
760 3205 995 3265 poterat.
1029 3200 1103 3256 Ea
1136 3216 1195 3258 re
1223 3208 1592 3279 considerata,
1625 3184 1817 3283 portus
1843 3217 2020 3273 aedifi-

440 3280 610 3341 cavit.
672 3297 924 3354 opusque
972 3289 1206 3357 perfecit
1238 3280 1639 3365 magnetudine
1673 3314 1729 3358 et
1767 3306 1935 3361 animi
1966 3317 2022 3363 et

439 3370 659 3456 imperii
691 3373 923 3433 Romani
952 3379 1200 3450 dignum.
1239 3377 1399 3456 562
1427 3388 1502 3442 Ac
1536 3390 1817 3451 modestus
1846 3397 1899 3451 in
1932 3414 2020 3453 re-

437 3455 545 3518 bus
576 3467 855 3531 omnibus,
886 3483 1016 3527 nato
1046 3472 1151 3528 sibi
1187 3455 1327 3542 filio,
1358 3455 1450 3549 qm
1483 3489 1596 3535 tum
1638 3482 1900 3543 Claudius
1925 3489 2019 3544 Ti-

436 3552 631 3612 berius
654 3557 1039 3628 Germanicus,
1081 3574 1205 3635 post
1233 3571 1397 3624 etiam
1424 3571 1778 3633 Britannicus
1810 3589 1895 3634 cst
1922 3596 2018 3636 co-

436 3646 814 3717 gnominatus,
858 3666 961 3708 nec
991 3654 1102 3709 ullo
1127 3657 1234 3712 alio
1260 3661 1559 3722 splendore
1591 3680 1721 3722 usus
1759 3679 1874 3724 est:
1915 3686 2020 3728 nec

437 3752 497 3794 se
531 3740 867 3813 Angustum,
916 3755 1012 3802 aut
1042 3746 1388 3808 Messalinam
1424 3756 1727 3827 Augustam
1754 3761 2017 3832 appellari

433 3830 564 3889 sivit

2137 1832 2238 1886 οὒκ
2275 1832 2647 1903 ἐπιτηδεύσει.
2684 1833 2797 1896 Τὰς
2840 1832 2973 1902 γοῦν
3008 1832 3319 1905 θυγατέρας
3353 1834 3714 1905 κατηγγύησξ.

2134 1924 2235 1995 τὴν
2288 1923 2386 1993 μὲν
2441 1923 2657 1994 Λουκίῳ
2723 1922 2925 1997 Ὶουνίῳ
2985 1925 3228 1995 Σιλανῷ,
3285 1925 3385 1996 τὴν
3426 1924 3483 1979 δὲ
3538 1926 3719 1998 Γναίῳ

2137 2014 2414 2095 Πομπηίῳ
2465 2016 2678 2085 Μάγνῳ
2703 2057 2718 2079 ,
2750 2015 2846 2069 καὶ
2879 2013 3034 2070 οὐδὲν
3090 2016 3399 2088 ὑπέρογκον
3456 2016 3720 2088 ἔπραξεν,

2133 2108 2269 2163 ἀλλά
2301 2108 2394 2162 καὶ
2435 2106 2595 2171 αὐτὸς
2647 2109 2706 2161 ἐν
2749 2111 2868 2170 ταῖς
2901 2109 3136 2179 ἡμέραις
3167 2109 3406 2172 ἐκείναις
3464 2110 3715 2172 ἐδίκασε,

2135 2201 2228 2254 καὶ
2251 2202 2284 2271 ἡ
2310 2199 2474 2272 βουλὴ
2506 2198 2791 2273 ἡθροίσθη.
2815 2201 3000 2256 Ταῦτά
3023 2219 3081 2255 τε
3104 2198 3195 2256 οὖν
3227 2202 3485 2263 ἐπιεικῶς
3513 2203 3717 2272 ἔπρατο

2131 2306 2214 2344 τε.
2241 2291 2349 2343 Καὶ
2385 2290 2494 2343 τῶν
2557 2290 2785 2344 ὑπάτων
2828 2288 2885 2343 ἐν
2944 2292 3020 2362 τῷ
3052 2290 3312 2362 συνεδρίῳ
3358 2292 3716 2346 καταϐάντων

2130 2378 2240 2433 ἀπὸ
2275 2378 2383 2433 τῶν
2416 2379 2624 2451 δίφρων
2662 2380 2752 2435 ἴνα
2798 2382 3160 2454 διαλεχθῶσιν
3212 2381 3383 2454 αὐτῷ,
3433 2382 3711 2452 προσεξαο

2131 2472 2293 2542 νέστη
2330 2488 2388 2525 τε
2439 2473 2536 2526 καὶ
2591 2472 2995 2543 άντιπροσῆλθε
3056 2477 3267 2543 οφῖσιν.
3313 2474 3628 2537 Ἰδιωτικιῖις
3655 2489 3714 2527 τι

2130 2560 2227 2632 ἐξη
2275 2561 2350 2626 ὡς
2382 2561 2451 2615 τὰ
2505 2561 2698 2628 πολλὰ,
2731 2564 2828 2629 καὶ
2868 2564 3198 2636 Ἑλληνικῶς
3258 2565 3420 2627 αὐτός
3447 2582 3506 2618 τε
3536 2566 3632 2619 καὶ
3663 2568 3710 2618 οἱ

2131 2654 2263 2726 περὶ
2293 2655 2458 2709 αὑτὸν
2511 2654 2797 2728 διῃτῶντο.
2837 2656 2971 2728 Περὶ
3015 2658 3081 2711 τὰ
3124 2657 3382 2729 χρήματα
3408 2657 3467 2710 δέ
3493 2658 3709 2726 θαυμα-

2130 2744 2253 2808 στὸς
2287 2744 2529 2815 ἐγένετο’
2559 2748 2910 2817 ἀπηγόρευσε
2941 2747 3047 2818 γάρ
3074 2747 3338 2817 ἀργύριον
3362 2746 3513 2819 αὐτῷ
3538 2761 3707 2816 προσ»

2127 2837 2416 2908 φέρεσθαι,
2467 2837 2496 2891 ὃ
2528 2832 2625 2892 καὶ
2657 2838 2752 2892 ἐπ)⁸
2775 2837 2868 2893 τοῦ
2895 2838 3210 2908 Αὐγούστου
3240 2841 3475 2908 ἐγίνετο.
3521 2839 3706 2891 Ἀπεῐ-
3746 2911 3750 2914 ξ

2128 2947 2197 2983 πε
2231 2929 2288 2983 δὲ
2325 2929 2461 3001 μηδέ
2492 2931 2834 3002 κληρονόμος
2866 2929 3017 3003 παρά
3037 2949 3183 2994 τινος
3212 2934 3498 2999 συγγενεῖς
3529 2930 3686 3001 έχον-

2128 3038 2222 3085 τος
2266 3022 2810 3092 καταλιμπάνεσθαι.
2870 3023 2983 3077 Καὶ
3040 3025 3151 3078 τῶν
3206 3025 3708 3096 προδημευοέντων

2127 3114 2219 3168 ἐπί
2252 3130 2311 3167 τε
2338 3112 2433 3167 τοῦ
2473 3114 2728 3184 Τιϐερίου
2775 3115 2990 3169 καὶίτοῦ
3031 3116 3216 3179 Γαΐου,
3258 3118 3327 3170 τὰ
3362 3115 3464 3186 μέν
3515 3115 3704 3177 αὐτοῖς

2124 3206 2207 3260 ἔτι
2236 3206 2507 3278 περιοῦσι,
2549 3207 2615 3261 τὰ
2658 3207 2714 3261 δέ
2767 3211 2881 3273 τοῖς
2934 3209 3146 3276 τέκνοις
3188 3210 3371 3264 αὐτῶν
3423 3208 3700 3264 ἀπέδωκε·

2123 3301 2217 3355 καὶ
2246 3301 2483 3364 πολλοῖς,
2519 3301 2669 3374 παρά
2698 3301 2793 3356 τοῦ
2830 3302 2992 3358 Γαῖον
3042 3305 3143 3368 τὰς
3204 3304 3475 3375 σφετέρας
3521 3300 3699 3373 ἀρχὰς

2120 3393 2215 3447 καὶ
2246 3393 2430 3465 χώρας
2460 3394 2861 3466 ἀφαιρεθεῖσιν,
2895 3396 3058 3460 αὐτὸς
3093 3391 3249 3459 αὖθις
3283 3392 3693 3449 ἐπανεσὼσατο.

2120 3485 2231 3538 Καὶ
2259 3484 2396 3539 ἄλλα
2450 3485 2676 3539 τοιαῦτα
2723 3484 2860 3557 ἔργα
2907 3487 3223 3558 εἰργάσατο,
3247 3486 3312 3539 δι’
3347 3485 3382 3539 ἃ
3418 3486 3694 3557 ἐπῃνεῖτο.

2130 3577 2263 3631 Ὑπὸ
2289 3577 2347 3631 δὲ
2378 3577 2486 3632 τῶν
2515 3578 2882 3650 ἐξελευθέρων
2920 3580 3089 3633 αὐτοῦ
3145 3582 3238 3633 καὶ
3289 3582 3390 3651 τῆς
3436 3575 3696 3647 γυναικὸς

2118 3670 2382 3741 Βαλερίας
2438 3670 2785 3743 Μεσσαλίνης
2839 3671 3000 3743 ἕτερα
3054 3672 3304 3743 ἐπράχθη
3360 3670 3459 3742 ob)!
3510 3669 3697 3741 ὁμοιόο

2115 3781 2314 3832 τροπα.
2360 3762 2538 3834 Λιμοῦ
2593 3764 2778 3834 μέντοι
2827 3766 3070 3835 ἰσχυροῦ,
3116 3766 3177 3818 οὐ
3230 3763 3393 3835 μόνον
3439 3763 3542 3833 τῆς
3571 3763 3693 3815 τότε

2116 3855 2381 3925 ἀφθονίας
2430 3855 2776 3924 ἐιξρὸντισεν,
2815 3857 2951 3910 ἀλλὰ
3000 3856 3222 3925 καὶτῆς
3254 3856 3558 3909 εἰσέπειτα.
3604 3853 3693 3906 Ἐ-

432 3929 731 3983 πεισάκτου
767 3932 873 4004 γὰρ
925 3936 1131 4001 παντὸς
1171 3938 1358 4010 σχεδὸν
1390 3939 1484 3994 τοῦ
1527 3944 1673 3997 σίτου
1710 3946 1824 4011 τοῖς
1897 3945 2190 4018 Ῥωμαίοις
2250 3949 2424 4012 ὄντος,
2499 3948 2533 4019 η
2603 3947 2816 4019 χώραὴ
2854 3951 2991 4020 πρὸς
3036 3950 3155 4012 ταῖς
3196 3948 3446 4011 ἐκϐολαῖς
3473 3947 3568 4000 τοῦ
3598 3945 3694 3998 Τι-

432 4020 644 4050 ειηκη-
674 4020 795 4050 -9.--
829 4026 1128 4050 ..._-.!.-_-,-
1166 4030 1330 4050 2__,,,-~_
1373 4034 1397 4049 υ
1511 4033 1533 4050 ο
1637 4036 1654 4050 ι
1747 4035 1760 4050 ι
1921 4041 1934 4050 .
2089 4039 2112 4050 μ
2153 4039 2164 4050 .
2337 4039 2357 4050 ..
2629 4042 2639 4050 .
2807 4040 2852 4050 ..
3010 4042 3020 4050 .
3173 4043 3184 4050 .
3319 4041 3329 4050 .
3503 4038 3532 4050 ..ρ
3597 4036 3622 4050 ιι

432 4020 644 4089 ϐέριδος
673 4020 797 4075 οὔτε
829 4026 1128 4098 κατάρσεις
1158 4030 1445 4099 ἀσφαλεῖς,
1476 4033 1601 4088 οὔτε
1637 4035 1863 4107 λιμένας
1918 4039 2258 4110 ἐπιτηδεέους
2335 4039 2554 4109 ἔχουσα,
2618 4040 2895 4109 ἀνωφελὲς
2926 4042 3074 4110 σφίσι
3137 4043 3198 4095 τὸ
3230 4041 3431 4113 κράτος
3468 4038 3569 4109 τῆἶ
3594 4036 3688 4090 03‘

429 4106 637 4201 ξιάσσης
662 4115 858 4171 ἐποίει.
889 4119 1056 4172 Οὐδὲν
1079 4120 1189 4193 γὰρ
1218 4123 1361 4179 κατά
1387 4126 1484 4197 τὴν
1511 4106 1830 4201 χειμερινὴν
1859 4130 2009 4204 ὥραν
2049 4106 2286 4203 ἡδύνατο
2324 4106 2628 4201 είσφοιτᾷνζ
2670 4106 2843 4187 Τοῦτο
2915 4106 3009 4189 οὖν
3053 4136 3300 4201 συνιδὼν,
3365 4135 3594 4205 λιμένας
3627 4144 3687 4185 τε

421 4190 823 4272 τκατεσκεύασε,
860 4210 956 4263 καὶ
985 4190 1283 4267 ἀπετέλεσε
1345 4190 1729 4288 πρᾶγμα-καὶ
1775 4220 1869 4275 τοῦ
1909 4190 2290 4295 ’φρονήματος
2350 4226 2444 4278 καὶ
2508 4225 2602 4280 τοῦ
2654 4226 2919 4295 μεγέθους
2961 4226 3062 4296 τῆς
3127 4225 3343 4298 Ῥώμης
3387 4226 3561 4293 ἄξιον·
3630 4228 3687 4280 ὲν

429 4297 568 4350 πᾶσι
613 4290 669 4351 δέ
705 4301 1039 4371 μετριάζων,
1083 4303 1209 4359 οὔτε
1260 4307 1616 4379 γεννηθέντος
1649 4312 1801 4386 αὐτῷ
1856 4290 1999 4379 υἱέος
2040 4290 2129 4386 (εξ
2149 4315 2267 4368 τότε
2299 4316 2401 4387 μὲν
2429 4290 2696 4381 Κλαύδιος
2737 4290 3402 4389 ττιδέριος-Γερμανικὸς,
3460 4319 3688 4391 ὕστερον

426 4389 483 4441 δέ
514 4390 610 4443 καὶ
641 4392 1004 4463 Βρεττανικὸς
1050 4395 1444 4470 ἐπωνομάσθη)
1474 4399 1602 4455 ἄλλο
1630 4420 1681 4455 τι
1732 4406 1998 4475 ἐπιφανὲς
2041 4405 2299 4477 ἔπραξεν,
2355 4405 2471 4461 οὔτ’

426 4482 750 4549 Αὖγοῦσταν
788 4486 1156 4561 ἐπικληθῆναι
1190 4490 1386 4561 ἐφῆκε.

2543 4406 2852 4476 Αὔγουστον
2899 4411 3064 4463 αὑτὸν
3128 4411 3160 4481 ἢ
3197 4411 3294 4482 τὴν
3338 4411 3687 4466 Μεσσαλίναν

499 4572 591 4629 lX.
649 4574 817 4632 Ludis
870 4578 1210 4650 gladiatoriis
1282 4584 1528 4655 impense
1583 4588 2002 4666 delectabatur:

2180 4593 2257 4645 6'.
2294 4593 2538 4666 Συνεχῶς
2577 4595 2634 4649 δέ
2664 4593 2998 4667 μονομαχίας
3038 4592 3255 4661 ἀγῶνας
3305 4593 3495 4659 ἐτίθει,
3541 4598 3684 4650 πάνυ

428 4680 570 4735 quos
607 4681 731 4721 cum
762 4670 961 4725 crebro
986 4673 1198 4741 ederet,
1237 4677 1392 4731 multi
1420 4680 1680 4736 mortales
1709 4684 1876 4738 variis
1901 4685 2012 4740 cri-

426 4755 674 4813 minibus
713 4759 1067 4818 Condemnati
1126 4765 1405 4834 peribant.
1457 4768 1538 4825 Ad
1592 4771 1741 4828 hunc
1786 4775 2009 4830 modum

427 4848 682 4917 sanguini
713 4857 769 4905 et
795 4851 1041 4908 czedibus
1074 4856 1434 4923 assuefactus,
1490 4860 1707 4917 facilius
1740 4864 1907 4918 etiam
1938 4867 2007 4921 ad

426 4939 565 4994 alios
588 4942 921 4998 occidendos
951 4954 1035 5000 est
1064 4947 1351 5017 impulsus.
1381 4951 1440 5005 in
1465 4967 1629 5007 causa
1663 4964 1850 5012 autem
1881 4958 2003 5013 fue-

428 5042 559 5086 runt
604 5031 837 5091 C.e3arei
891 5036 1075 5094 liberti
1126 5049 1183 5094 et
1242 5043 1569 5123 Messalina;
1615 5050 1707 5119 qui
1751 5052 1796 5106 si
1834 5069 1996 5123 quem

424 5123 702 5179 sublatum
742 5128 1026 5192 volebant.
1076 5140 1287 5190 terrore
1325 5137 1376 5192 ei
1415 5140 1639 5196 incusso
1667 5153 1997 5212 potestatem

423 5214 769 5284 accipiebant
797 5216 1033 5275 faciendi
1064 5224 1209 5293 quod
1249 5227 1467 5282 vellent.
1506 5230 1660 5301 Saepe
1692 5248 1758 5287 ex
1789 5234 1997 5305 impro-

421 5303 540 5357 viso
588 5319 998 5378 consternatus,
1045 5330 1167 5371 cum
1219 5316 1273 5371 in
1327 5320 1512 5375 subito
1540 5331 1750 5378 terrore
1788 5326 2005 5397 aliquos

422 5394 599 5449 occidi
629 5398 886 5467 iussisset
917 5424 930 5460 :
988 5418 1181 5476 postea
1220 5409 1328 5465 sibi
1373 5411 1647 5479 redditus,
1684 5424 1741 5470 et
1768 5394 2003 5476 sani—tate

423 5488 623 5542 mentis
671 5505 1013 5564 recuperata,
1084 5500 1211 5556 facti
1276 5504 1552 5573 paenitens
1609 5506 2003 5585 doluit.’Qu:e

420 5591 547 5630 rum
576 5578 804 5650 faceret,
836 5587 1181 5662 Romanique
1211 5610 1360 5665 sz'm
1381 5597 1448 5653 de
1477 5613 1545 5654 eo
1570 5615 1761 5669 parum
1798 5601 1999 5658 bonam

423 5665 732 5729 haberent:
778 5691 903 5733 cum
950 5681 1018 5735 ab
1049 5683 1195 5753 aliis,
1250 5698 1361 5743 tum
1398 5688 1469 5745 ab
1503 5690 1682 5749 Annio
1708 5693 1998 5753 Viniciano

2112 4685 2319 4757 χαίρων
2347 4688 2550 4750 αὐτοῖς,
2586 4686 2884 4742 κάντεῦθεν
2915 4686 3103 4739 πολλοὶ
3126 4686 3445 4740 ἀπώλλυντο
3474 4687 3684 4758 ἄνθρωο

2110 4793 2224 4842 ποι,
2271 4779 2360 4830 ἐπ’
2413 4780 2612 4843 αίτίαις
2669 4779 2780 4833 τισὶ
2828 4778 3355 4849 καταψηφισθέντες.
3411 4781 3681 4845 Ἐθισθεὶς

2107 4866 2201 4920 οῦν
2264 4866 2438 4931 οὕτως
2495 4869 2727 4935 αἵματος
2792 4870 2886 4921 καὶ
2962 4870 3144 4937 φόνων
3198 4869 3677 4939 ἀναπίμπλασθαι,

2108 4961 2543 5030 προπετέστερον
2598 4963 2693 5014 καὶ
2745 4964 2868 5022 ταῖς
2936 4960 3128 5025 ἄλλαις
3198 4965 3436 5032 σφαγαῖς
3506 4964 3675 5035 ἑ19⁸11⁸

2109 5068 2261 5105 σατο.
2300 5052 2471 5105 Λίτιοι
2505 5053 2561 5106 δέ
2594 5053 2787 5106 τούτου
2820 5053 2875 5107 οἵ
2902 5070 2960 5106 τε
2995 5053 3315 5125 Καισάρειοι
3340 5056 3435 5108 καὶ
3465 5057 3498 5124 ή
3529 5058 3677 5110 Μεσ-

2108 5144 2296 5199 σαλίνα
2332 5145 2590 5213 ἐγίνοντο.
2620 5145 2682 5198 El
2708 5146 2815 5217 γὰρ
2839 5145 3156 5200 ἀποκτεῖναί
3183 5163 3304 5200 τινα
3335 5148 3672 5220 ἐθελήσειαν,

2105 5236 2398 5304 ἐξεφὸὄουν
2446 5238 2631 5303 αὐτὸν,
2667 5239 2760 5292 καὶ
2811 5238 2970 5292 πάνθ’
3004 5239 3105 5293 ὅσα
3162 5240 3445 5294 ἐσούλοντο
3499 5244 3672 5296 ποιεῖν

2101 5326 2487 5398 ἐπετρέποντο.
2530 5329 2639 5381 Καὶ
2668 5327 2931 5393 πολλάκις
2979 5328 3313 5395 ἐξαπιναίως
3347 5332 3668 5401 ἐκπλαγεὶς.

2102 5419 2198 5473 καὶ
2243 5420 2510 5484 κελεύσας
2559 5423 2684 5475 τινὰ
2725 5422 2789 5475 ἐκ
2846 5422 2942 5476 τοῦ
2995 5425 3336 5494 παραχρῆμα
3390 5423 3672 5496 περιδεοῦς

2098 5511 2426 5576 ἀπολέσθαι,
2477 5511 2671 5566 ἔπειτα
2736 5514 3046 5584 ἀνενεγκὼν
3114 5516 3208 5570 καὶ
3265 5518 3665 5588 ἀναφρονήσας,

2100 5601 2292 5672 μαθὼν
2328 5602 2391 5656 τὸ
2414 5603 2661 5670 γεγονὸς,
2687 5605 2939 5659 ἐλυπεῖτο
2973 5609 3068 5660 καὶ
3106 5608 3497 5678 μετεγίνωσκε.
3544 5610 3666 5663 Τοι-

2100 5694 2245 5750 αῦτα
2280 5679 2360 5750 δὲ’
2389 5694 2669 5761 ποιοῦντος
2710 5699 2899 5770 αὐτοῦ,
2952 5700 3136 5755 οὐκέτι
3179 5701 3424 5774 χρηστὴν
3472 5702 3654 5757 ἐλπίδα
