4018 6250
341 326 448 393 953

1588 316 1996 379 ANNALIUM
2033 315 2182 381 LIB.
2228 315 2335 382 XI.
3016 336 3019 338 ·
3485 313 3593 378 954

340 439 440 510 τὴν
464 434 805 491 Μεσσαλίναν
834 428 1187 503 ἀναιρεθῆναι
1209 428 1557 500 ποιήσαντες.
1586 423 1915 494 Δεδογμένου

2042 423 2251 481 Ilaudio
2284 437 2343 482 ut
2376 427 2458 483 vir
2507 427 2684 482 bonus
2709 422 3111 489 honorabatur,
3157 439 3260 481 nec
3293 439 3401 478 non
3434 425 3595 480 Octa-

341 532 398 584 Et
431 529 533 600 ἤδη
568 527 665 581 τοῦ
721 524 922 595 γάμου,
975 524 1252 586 δείσαντες
1302 521 1391 576 τὸν
1447 521 1667 573 Σιλανὶν
1695 517 1798 569 ὑπὸ
1825 512 1917 566 τοῦ

343 618 613 676 Κλαυδίου
644 615 953 685 τιμώμενον
1002 613 1077 677 ὡς
1130 613 1299 684 ἄνδρα
1327 609 1546 679 ἀγαθὸν,
1588 607 1706 677 ἅμα
1736 607 1791 659 δὲ
1826 604 1921 656 καὶ

342 716 444 785 τὴν
478 710 773 766 Ὀκταϐίαν
801 706 899 779 τὴν
931 707 1210 777 Θυγατέρα
1246 703 1433 768 αὐτοῦ,
1459 702 1536 771 τῷ
1563 702 1659 769 τῆς
1687 699 1918 769 Ἀγριπ-

344 808 507 875 πίνης
538 802 638 873 υἱῷ
669 800 748 872 τῷ
768 799 1004 871 Δομιτίῳ
1038 801 1443 869 προμνώμενοι,
1506 791 1920 863 ἐγγεγυημένην

344 897 422 968 τῷ
450 893 676 966 Σιλανῷ,
706 893 950 946 πείθουσι
978 892 1068 945 τὸν
1091 890 1377 954 Κλαύδιον,
1402 890 1475 950 ὼς
1499 881 1922 941 ὲπ;ϐ.υλεύοντά

345 992 394 1044 οἱ
426 989 519 1042 τὸν
579 988 800 1040 Σιλανὸν
861 986 1208 1041 ἀποκτεῖναι.
1265 984 1304 1037 Γ
1308 980 1565 1054 ενὸμένου
1609 980 1664 1033 δὲ
1706 978 1920 1040 τούτου,

346 1082 539 1151 λόγους
569 1082 628 1134 ὲν
654 1081 721 1150 τῇ
754 1079 916 1150 βουλῇ
944 1080 971 1131 ό
1002 1076 1306 1138 Οὐϊτέλλιος
1335 1076 1650 1145 ἐποιήσατο,
1675 1075 1758 1126 ὅτι
1786 1089 1922 1141 συμ-

347 1178 506 1245 φέρει
567 1174 645 1245 τῷ
698 1174 883 1242 κοινῷ,
942 1172 1121 1241 γῆμαι
1171 1171 1263 1223 τὸν
1323 1168 1613 1223 Κλαύδιον.
1674 1165 1778 1218 Καὶ
1826 1163 1924 1233 τὴν

360 1263 724 1337 Ἀγριππίναν
746 1263 1055 1330 ἐπιτηδείαν
1076 1262 1157 1327 είς
1182 1259 1339 1314 τοῦτο
1363 1258 1653 1326 ἀπέφαινε,
1686 1254 1783 1310 καὶ
1802 1254 1923 1325 βιά-

348 1357 546 1411 σασθαι
592 1356 778 1425 σφίσιν
836 1355 997 1408 αὐτὸν
1021 1354 1114 1407 ἐπὶ
1161 1353 1253 1407 τὸν
1303 1355 1479 1423 γάμον
1520 1349 1922 1404 συνεϐούλευεν.

347 1447 629 1501 ’ἐντεῦθεν
657 1446 993 1517 ὁρμηθέντες
1027 1445 1077 1496 οί
1107 1444 1417 1514 βουλευταὶ,
1455 1442 1593 1511 πρὸς
1623 1440 1711 1492 τὸν
1742 1437 1923 1492 Κλαύ·

346 1542 459 1597 διον
486 1538 672 1613 ἦλθον,
711 1541 805 1592 καὶ
826 1540 1151 1609 ἠνάγκασαν
1177 1534 1337 1608 δῆθεν
1370 1535 1534 1587 αὑτὸν
1585 1534 1783 1603 γῆμαι.
1812 1531 1925 1583 Καὶ

345 1637 605 1709 ψήφισμα
631 1637 960 1705 ἐποιήσαντο
1014 1632 1216 1700 ἐξεῖναι
1286 1629 1580 1700 Ῥωμαίοις
1637 1624 1923 1694 ἀδελφιδᾶς

2021 519 2166 573 viam
2216 519 2382 574 ﬁliam
2428 520 2551 589 ejus
2602 519 2813 576 Sillano
2859 518 3215 589 desponsam,
3280 517 3596 587 Agrippina:

2024 611 2137 666 tilio
2185 613 2424 667 Domitio
2472 615 2584 681 jam
2623 620 2748 667 ante
2780 611 3156 667 destinantes:
3206 609 3436 664 Claudio
3471 624 3597 676 per-

2021 702 2280 768 suadcnt,
2315 710 2376 756 ut
2408 702 2674 758 Sillanum
2730 716 2828 772 pro
2859 702 3182 757 insidiatore
3214 699 3448 754 occidat.
3479 696 3600 763 Quo

2022 794 2191 861 facto,
2241 796 2492 851 Vitellius
2540 798 2595 851 in
2639 808 2830 851 senatu
2878 796 3189 864 proposuit,
3218 807 3336 847 esse
3365 807 3395 845 e.
3431 806 3600 860 repu-

2026 888 2190 951 blica,
2221 898 2281 944 ιιι
2308 888 2573 945 Claudius
2600 903 2827 943 uxorem
2861 887 3059 941 ducat:
3089 895 3144 940 et
3170 883 3525 955 Agrippinam
3549 878 3601 934 ei

2022 980 2141 1035 fore
2188 980 2442 1035 idoneam
2495 979 2895 1050 pronuntiavit,
2953 988 3123 1048 utque
3167 976 3353 1030 adeas
3382 972 3604 1042 nuptias

2024 1073 2341 1140 adigeretur
2399 1083 2594 1127 auctor
2644 1072 2769 1127 fuit.
2827 1071 2904 1125 lta
2950 1079 3235 1126 senatores
3268 1079 3503 1138 propere
3535 1062 3605 1117 ad

2024 1162 2313 1220 Claudium
2347 1164 2623 1223 abierunt.
2660 1178 2897 1232 eumque
2928 1167 3222 1231 coegerant
3261 1158 3494 1218 scilicet,
3546 1165 3608 1209 ut

2027 1258 2441 1311 matrimonium
2474 1257 2827 1312 contraheret
2862 1274 2875 1311 :
2927 1258 3070 1310 facto
3101 1249 3605 1313 senatusconsulto,

2027 1359 2086 1405 ut
2113 1350 2347 1404 fratrum
2397 1358 2453 1404 et
2513 1363 2767 1404 sororum
2801 1348 2938 1402 ﬁlias
2963 1349 3165 1401 ducere
3199 1343 3358 1415 565
3394 1342 3606 1404 liceret,

2026 1442 2175 1511 quod
2205 1449 2333 1497 ante
2379 1441 2612 1496 vetitum
2663 1449 2802 1495 erat.
2846 1438 3089 1494 Peractis
3136 1416 3611 1507 nuptiispmuiicr

2028 1534 2232 1607 ingenii
2269 1533 2635 1598 callidissimi,
2685 1518 2977 1589 Claudium
3028 1531 3186 1598 plane
3221 1529 3274 1581 in
3311 1540 3409 1581 sua
3449 1523 3608 1590 quasi

2029 1629 2196 1683 verba
2241 1630 2431 1700 jarare
2466 1627 2682 1698 coegit:
2739 1625 2946 1680 amicos
2994 1624 3134 1693 ejus,
3189 1621 3387 1691 partim
3435 1625 3610 1682 metu,

348 1713 577 1800 ἄγεσθαι
598 1746 611 1761 ·
644 1729 909 1801 πρότερον
940 1727 1049 1797 γὰρ
1092 1724 1423 1779 ἐκεκώλυτο.
1494 1722 1585 1786 Ὠς
1613 1719 1657 1773 δ’
1685 1721 1713 1773 ό
1749 1717 1923 1788 γάμος

2042 1720 2229 1790 partim
2278 1719 2566 1776 beneﬁciis
2597 1716 2702 1775 sibi
2745 1716 3082 1772 conciliavit.
3116 1713 3365 1781 Denique
3392 1710 3613 1763 Britan-

350 1825 629 1896 ἐτελέσθη,
656 1827 752 1878 τόν
792 1841 853 1876 τε
902 1820 1174 1875 Κλαύδιον
1207 1817 1616 1889 ἐσφετερίσατο,
1644 1814 1923 1883 δεινοτάτη

349 1917 485 1971 οὖσα
542 1916 831 1987 πράγμασι
885 1910 1145 1984 χρῆσθαι,
1177 1911 1269 1966 καὶ
1328 1909 1465 1980 πρὸς
1522 1907 1616 1972 οὓς
1661 1905 1925 1970 εὐνοϊκῶς

350 2009 558 2070 ἐκεῖ.ος
614 2005 746 2077 εἶχε,
808 2005 934 2068 τοὺς
989 2004 1089 2074 μὲν
1132 2003 1304 2074 φόϐῳ,
1336 2003 1462 2064 τοὺς
1489 2001 1545 2054 δὲ
1580 1998 1927 2069 εὐεργεσίαις

350 2101 682 2173 ᾠκειώσατο.
710 2100 819 2152 Καὶ
840 2099 993 2161 τέλος
1020 2097 1112 2151 τὸν
1138 2098 1234 2168 μὲν
1252 2095 1615 2168 Βρεττανικδν
1645 2094 1735 2147 τὸν
1760 2094 1929 2147 παῖδα

352 2193 517 2247 αὑτοῦ
538 2193 612 2255 ὡς
635 2191 741 2246 τῶν
768 2192 1044 2260 τυχόιτων
1069 2188 1191 2243 τινὰ
1216 2188 1512 2258 τρέφεσθαι
1538 2187 1711 2240 ἐποίει
1736 2185 1795 2255 (ό
1818 2186 1929 2258 γὰρ

352 2286 540 2358 ἕτερος
572 2284 880 2353 ἔθανε)’τὺν
911 2284 966 2338 δὲ
1000 2284 1251 2354 Δομίτιον
1290 2282 1412 2335 τότε
1445 2279 1543 2351 μὲν
1571 2278 1821 2358 γαμϐρὸν
1855 2278 1930 2352 τῷ

356 2356 612 2450 Κλαυδίῳ
641 2378 942 2445 ἀπέδειξεν,
983 2377 1213 2447 ὕστερον
1246 2376 1303 2430 δὲ
1344 2374 1439 2428 καὶ
1466 2356 1800 2446 εἰσεποίησε,
1835 2372 1932 2428 καὶ

355 2472 717 2542 είσποιήσασα
748 2470 825 2541 τῷ
859 2470 1110 2542 Κλαυδίῳ
1147 2469 1311 2523 αὐτὸν
1343 2468 1437 2520 καὶ
1466 2468 1600 2539 πρὸς
1635 2467 1694 2521 τὸ
1729 2467 1931 2538 κράτος

358 2566 604 2636 ὲξήσκει,
634 2565 730 2617 καὶ
755 2564 906 2634 παρὰ
936 2537 1011 2631 τῷ
1043 2559 1248 2631 Σενέκα
1276 2559 1637 2625 ὲξεπαίδευεν.
1687 2537 1931 2628 Ἀμύθη-

358 2661 452 2714 τόν
475 2675 532 2711 τε
561 2654 788 2711 πλοῦτον
823 2654 1129 2723 συνέλεγεν,
1165 2653 1288 2707 οὐδὲ
1317 2654 1416 2723 τὴν
1458 2649 1727 2722 τυχοῦσαν
1759 2649 1931 2721 λαϐὴν

360 2749 449 2804 ἐπ’
476 2747 811 2820 ἀργυρισμῷ
856 2747 1299 2813 παραλείπουσα,
1350 2744 1577 2806 πολλοὺς
1609 2741 1663 2797 δὲ
1704 2744 1798 2797 καὶ
1836 2761 1934 2811 φο-

358 2843 592 2896 νεύουσα
640 2840 728 2894 διὰ
764 2840 1025 2911 χρήματα
1046 2855 1060 2869 ·
1111 2838 1213 2908 ἤδη
1270 2836 1327 2890 δέ
1358 2854 1512 2897 τινας
1545 2834 1639 2888 καὶ
1670 2836 1933 2901 γυναῖκας

360 2933 784 3005 ζηλοτυπήσασα
813 2929 1042 2984 ἔκτεινε.
1074 2928 1185 2998 Τὴν
1215 2928 1344 2997 γοῦν
1367 2925 1637 2981 Παυλίναν
1668 2925 1765 2992 τὴν
1797 2925 1929 2977 Λολ-

359 3029 483 3083 λίαν
518 3025 914 3086 ἀποκτείνασα,
939 3022 1038 3076 καὶ
1068 3021 1165 3092 τὴν
1190 3020 1430 3091 κεφαλὴν
1458 3019 1626 3088 αὐτῆς
1657 3016 1935 3087 κομισθεί-

365 3137 464 3174 σαν
495 3118 570 3190 μὴ
606 3116 943 3186 γνωρίσασα,
975 3115 1036 3166 τό
1065 3129 1123 3166 τε
1180 3112 1357 3183 στόμα
1403 3109 1574 3178 αὐτῆς
1626 3109 1764 3179 αὐτὴ
1818 3108 1938 3168 ταῖς

363 3212 550 3284 χερσὶν
579 3207 803 3278 ἀνέῳξτ,
839 3206 932 3260 καὶ
962 3206 1092 3268 τοὺς
1124 3204 1340 3267 ὀδόντας
1373 3200 1751 3270 ἐπεσκέψατο,
1792 3198 1938 3262 ἰδίως

363 3320 483 3364 πως
513 3301 757 3371 ἔχοντας.
794 3299 950 3351 Μετὰ
984 3296 1158 3350 ταῦτα
1206 3295 1264 3349 δὲ
1317 3297 1413 3348 καὶ
1476 3294 1794 3362 Δύγοῦσταν
1840 3293 1940 3364 τὴν

374 3394 741 3465 Ἀγριππίναν
790 3392 817 3443 ὁ
858 3390 1122 3453 Κλαύδιος
1168 3389 1498 3455 ὲπεκάλεσε,
1561 3388 1655 3441 καὶ
1702 3388 1794 3441 τὸν
1828 3387 1942 3440 υἱὸν

368 3490 537 3559 αὐτῆς
569 3485 1042 3556 εἰσποιησάμενος,
1086 3484 1439 3555 μετωνόμασε
1477 3481 1725 3552 Τιϐέριον
1756 3480 1945 3535 Κλαύ-

364 3583 478 3635 διον
525 3579 756 3649 Νέρωνα
796 3575 1031 3648 Δροῦσον
1064 3570 1401 3647 Γερμανικὸν
1464 3576 1740 3646 Καίσαρα,
1779 3574 1947 3645 μηδὲν

368 3673 665 3745 φροντίσας
696 3671 778 3724 ὅτι
810 3668 1062 3724 καίεσθαι
1093 3668 1121 3720 ὁ
1146 3666 1377 3738 ούορανὸς
1410 3665 1508 3738 τὴν
1550 3669 1767 3738 ἡμέραν
1798 3667 1946 3719 ὲκεί-

367 3785 466 3838 νην
496 3766 660 3832 ἔδοξε.
691 3764 804 3818 Καὶ
830 3762 968 3834 μετὰ
992 3761 1154 3816 τοῦτο
1183 3763 1280 3832 τὴν
1312 3761 1591 3831 θυγατέρα
1618 3761 1720 3833 τὴν
1757 3762 1951 3816 Ὀκτα-

369 3856 494 3909 ϐίαν
525 3856 603 3917 είς
626 3853 812 3924 ἕτερόν
837 3868 891 3904 τι
910 3853 1067 3921 γένος
1102 3848 1439 3919 εἰσαγαγὼν,
1471 3848 1561 3904 ἵνα
1587 3847 1663 3919 μὴ
1685 3847 1950 3919 ἀδελφοὺς

372 3944 698 4010 συνοικίζειν
728 3944 884 4015 δοκῇ,
936 3941 1270 4014 ἐνεγγύησεν
1304 3938 1475 4011 αὐτῷ.
1528 3940 1865 4006 Ἀγριππίνα
1895 3939 1950 3993 δὲ

370 4040 470 4094 καὶ
492 4036 874 4112 Καλπουρνίαν
897 4037 1133 4104 γυναῖκα
1155 4034 1266 4087 τῶν
1298 4032 1529 4103 πρώτων
1553 4031 1949 4100 ἐφυγάδευσεν,

369 4133 405 4204 ἢ
436 4131 509 4195 ὡς
536 4133 755 4199 λέγεται
778 4129 872 4184 καὶ
901 4130 1244 4191 ἀπέκτεινεν,
1267 4127 1455 4196 ἐπειδὴ
1474 4125 1535 4178 τὸ
1556 4124 1750 4188 κάλλος
1781 4123 1952 4192 αὐτῆς

371 4227 400 4277 ὁ
435 4223 699 4287 Κλαύδιος
730 4219 1011 4292 ἐθαύμασε
1043 4220 1139 4273 καὶ
1170 4218 1429 4291 ἐπῄνεσε.
1467 4217 1574 4271 Τοῦ
1605 4218 1661 4271 δὲ
1699 4217 1953 4289 Νέρωνος

374 4316 568 4387 (τοῦτο
589 4317 697 4387 γὰρ
729 4315 789 4369 τὸ
817 4313 990 4382 ϐνομα
1024 4312 1113 4367 ἐπ’
1145 4311 1295 4383 αὐτῷ
1319 4311 1671 4382 ἐξενίκησεν)
1720 4311 1779 4373 ἐς
1826 4310 1953 4372 τοὺς

324 4398 327 4399 ν
373 4409 612 4480 ἐφήϐους
634 4407 1026 4479 ἐγγραφέντος,
1054 4408 1194 4459 κατὰ
1221 4403 1320 4474 τὴν
1351 4403 1565 4474 ἡμέραν
1588 4402 1643 4455 ἐν
1666 4395 1699 4476 ᾖ
1730 4399 1957 4474 ἐνεγρά-

377 4503 558 4574 φη,τδ
583 4501 861 4571 δαιμόνιον
895 4499 995 4570 τήν
1032 4515 1090 4551 τε
1127 4498 1228 4568 γῆν
1275 4498 1369 4550 ἐπὶ
1428 4495 1564 4549 πολὺ
1616 4493 1815 4559 ἔσεισε,
1867 4496 1963 4548 καί⁵

379 4596 548 4666 φόϐον
577 4592 773 4654 νυκτὸς
807 4591 973 4646 πᾶσιν
998 4591 1199 4660 ὁμοίως
1233 4589 1478 4644 ἐνέϐαλε.
1503 4589 1699 4658 Νέρων
1735 4587 1836 4659 μὲν
1865 4581 1961 4641 οῦν

374 4686 594 4759 ηὔξετο,
632 4682 992 4756 Βρεττανικὸς
1028 4683 1084 4736 δὲ
1114 4679 1236 4735 οὗτε
1265 4681 1387 4735 τινὰ
1420 4680 1588 4751 τιμὴν
1614 4678 1739 4734 οὔτε
1764 4678 1963 4749 ἐπιμέ-

374 4782 530 4834 λειαν
583 4775 767 4849 εἶχεν·
831 4776 1003 4848 ἡγὰρ
1045 4774 1383 4846 Ἀγριππίνα
1439 4775 1566 4836 τοὺς
1595 4774 1965 4843 περιέποντας

380 4872 545 4946 σύιτὸν
568 4872 694 4933 τοὺς
723 4868 821 4939 μὲν
843 4868 1095 4939 ἐξήλασε,
1124 4868 1251 4929 τοὺς
1290 4865 1347 4918 δὲ
1381 4866 1475 4919 καὶ
1506 4866 1797 4919 ἀπέκτεινε
1819 4883 1833 4896 ο
1867 4866 1962 4918 καὶ

375 4967 470 5018 τὸν
503 4965 765 5018 Σωσίϐιον
796 4963 931 5034 (99),
972 4956 1015 5030 ᾧ
1065 4958 1306 5032 ή”τροφὴ
1331 4958 1496 5014 αὑτοῦ
1529 4960 1622 5011 καὶ
1653 4960 1685 5029 ἡ
1744 4957 1961 5012 παιδεία

380 5056 810 5127 προσετέτακτο,
871 5052 1234 5122 κατέσφαξεν,
1271 5052 1345 5117 ὡς
1379 5051 1458 5122 τῷ
1488 5050 1703 5122 Νέρωνι
1736 5050 1960 5104 ἐπιϐου-

379 5149 631 5204 λεύοντα.
666 5149 778 5202 Καὶ
806 5146 1128 5219 παραδοῦσα
1160 5144 1323 5200 αὑτὸν
1357 5139 1437 5208 οἷς
1465 5144 1676 5214 ἢθελεν,
1717 5142 1840 5197 οὔτε
1885 5133 1965 5213 τῷ

382 5242 554 5312 πατρὶ
574 5244 845 5323 συνεῖναι,
879 5238 1005 5293 οὔτε
1060 5238 1412 5309 δημοσιεύειν
1466 5238 1579 5291 εἴα.
1614 5233 1879 5289 Ἠδύνατο
1905 5235 1963 5289 δὲ

383 5333 570 5389 πάντα
597 5331 692 5387 τοῦ
731 5330 999 5385 Κλαυδίου
1039 5328 1339 5399 κρατοῦσα,
1385 5329 1479 5381 καὶ
1521 5328 1615 5381 τὸν
1650 5326 1965 5396 Νάρκισσον

383 5428 484 5481 καὶ
516 5424 610 5479 τὸν
647 5423 934 5478 Πάλλαντα
964 5422 1389 5494 οίκειωσαμένη.
1431 5421 1492 5475 '0
1525 5420 1633 5490 γὰρ
1665 5418 1967 5484 Κάλλιστος

2027 1816 2213 1870 nicum
2247 1815 2559 1884 privignum
2597 1812 2813 1883 plebeio
2851 1826 3003 1865 more
3035 1807 3257 1863 educari
3306 1805 3437 1860 fecit
3464 1804 3611 1870 (nam

2028 1907 2171 1960 alter
2199 1904 2435 1977 obierat)
2467 1906 2765 1960 Domitium
2797 1913 2982 1958 autem
3016 1910 3129 1956 tum
3162 1914 3424 1970 generum
3454 1895 3618 1951 Clau-

2029 1998 2105 2054 dii
2154 1998 2483 2069 designavit,
2533 2007 2658 2067 post
2698 1997 2864 2051 etiam
2920 1992 3301 2063 adoptandum
3361 1987 3613 2042 curavit:

2029 2108 2141 2163 quo
2186 2094 2354 2156 facto,
2400 2092 2659 2146 eumdem
2693 2090 2760 2144 ad
2791 2087 3087 2159 imperium
3138 2085 3240 2140 sub
3276 2089 3615 2153 praeceptore

2032 2189 2244 2244 Seneca
2269 2186 2497 2241 erudiit.
2531 2184 2759 2240 Divitias
2788 2176 2966 2253 coegit
2997 2177 3326 2239 ineffabiles,
3355 2191 3422 2229 ne
3453 2171 3617 2227 levis-

2031 2283 2172 2338 sima
2206 2279 2431 2350 quidem
2484 2275 2732 2348 pecuniae
2763 2272 3027 2329 faciendae
3056 2268 3348 2325 occasione
3388 2271 3618 2334 prater-

2032 2375 2223 2439 missa,
2272 2371 2462 2427 multis
2516 2371 2682 2425 etiam
2713 2367 2963 2439 pecuniae
2993 2379 3158 2419 causa
3187 2359 3406 2415 occisis.
3442 2356 3621 2410 Inter-

2032 2465 2162 2521 fecit
2214 2463 2383 2518 etiam
2433 2461 2699 2516 mulieres
2745 2455 3041 2511 nonnullas
3097 2468 3162 2506 ex
3223 2447 3514 2518 zelotypia,
3557 2448 3620 2497 ut

2033 2555 2267 2611 Lolliam
2304 2552 2590 2609 Paulinam
2617 2592 2632 2617 ,
2677 2551 2834 2622 cujus
2862 2554 3028 2616 caput
3057 2544 3123 2600 ad
3157 2559 3213 2597 se
3242 2540 3463 2596 allatum
3492 2552 3618 2592 cum

2034 2664 2147 2705 non
2189 2655 2534 2718 agnosceret,
2570 2643 2689 2698 suis
2721 2641 2978 2696 manibus
3017 2652 3080 2692 os
3119 2634 3357 2704 aperuit,
3394 2639 3453 2684 ut
3484 2628 3622 2683 den-

2036 2754 2119 2796 tes
2150 2741 2443 2811 aspiceret,
2477 2750 2714 2807 quorum
2759 2728 3059 2804 peculiaris
3089 2736 3209 2783 erat
3234 2727 3426 2780 series.
3458 2721 3621 2777 Post-

2036 2834 2154 2890 htec
2200 2833 2505 2902 Augustam
2556 2825 2853 2898 appellavit
2908 2821 3265 2893 Agrippinam
3320 2812 3623 2871 Claudius:

2036 2936 2090 2981 et
2127 2926 2296 3005 tilium
2324 2923 2445 2993 ejus
2493 2920 2841 2989 adoptatum,
2883 2914 3169 2969 Tiberium
3197 2907 3488 2966 Claudium
3514 2902 3622 2959 Ne-

2041 2994 2231 3071 ronem
2268 3016 2499 3069 Drusum
2545 3008 2931 3068 Germanicum
2984 3002 3255 3061 01853me
3296 2994 3623 3056 nominavit,

2039 3110 2181 3166 nihil
2222 3109 2496 3169 turbatus,
2541 3105 2688 3175 quod
2741 3120 2808 3158 eo
2857 3101 2946 3156 die
2975 3099 3176 3155 malum
3224 3094 3419 3150 ardere
3445 3089 3626 3144 visum

2040 3215 2148 3264 est.
2203 3204 2416 3260 Deinde
2464 3200 2633 3255 tiliam
2685 3197 2970 3254 Octaviam
3033 3192 3087 3247 in
3143 3190 3306 3245 aliam
3364 3183 3627 3241 familiam

2044 3299 2381 3368 adeptatam,
2413 3310 2486 3349 ne
2536 3293 2766 3346 fratrem
2815 3297 2872 3343 et
2900 3298 3150 3341 sororem
3183 3280 3446 3350 copulare
3477 3273 3630 3329 vide-

2046 3404 2223 3458 rctur,
2263 3391 2314 3446 ei
2349 3384 2665 3457 despondit.
2701 3380 3003 3453 Agrippina
3033 3373 3384 3446 Calpurniam
3412 3379 3633 3439 quoque

2047 3485 2354 3558 principem
2408 3491 2715 3535 matronam
2765 3475 2854 3530 vel
2886 3473 2940 3526 in
2970 3470 3226 3526 exsilium
3262 3463 3399 3534 egit,
3430 3459 3538 3524 vel,
3574 3466 3635 3511 ut

2048 3555 2248 3641 iertur,
2275 3575 2443 3631 etiam
2472 3571 2718 3628 occidit:
2773 3565 2921 3636 quod
2962 3561 3227 3616 Claudius
3253 3557 3374 3625 ejus
3402 3555 3633 3607 formam

2049 3669 2353 3725 admiratus
2402 3672 2570 3727 esset,
2619 3655 2684 3715 ac
2732 3657 3031 3713 laudasset.
3062 3652 3182 3719 Quo
3210 3650 3301 3705 die
3333 3647 3479 3702 Nero
3509 3645 3638 3709 (hoc

2051 3761 2200 3817 enim
2248 3774 2447 3812 nomen
2482 3753 2597 3810 fere
2636 3748 2956 3820 usurpatur)
2998 3745 3220 3800 virilem
3256 3754 3434 3811 togam
3486 3751 3639 3791 sum-

2061 3852 2194 3924 psit,
2225 3862 2371 3905 terra
2403 3850 2511 3904 late
2559 3857 2827 3901 concussa
2854 3848 2961 3904 est,
2995 3845 3050 3892 et
3077 3846 3249 3890 noctu
3284 3830 3541 3885 omnibus
3569 3840 3638 3880 ex

2052 3958 2210 4014 aequo
2230 3951 2420 3996 terror
2451 3938 2727 3992 incussus.
2756 3928 3151 3988 Crescentibus
3175 3923 3410 3980 Neronis
3435 3920 3637 3991 opibus

2054 4013 2410 4092 Britannicus
2433 4031 2555 4086 sine
2588 4027 2701 4081 ullo
2735 4026 2948 4079 honore
2980 4020 3201 4093 penitus
3233 4013 3638 4085 ncgligcbatur,

2056 4126 2329 4183 ministris
2365 4124 2483 4193 eius
2522 4119 2592 4174 ab
2623 4115 2920 4188 Agrippina
2953 4110 3150 4181 partim
3183 4105 3406 4176 fugatis,
3440 4100 3640 4173 partim
3664 4160 3683 4171 χ

2057 4221 2275 4278 occisis.
2331 4215 2585 4272 Sosibius
2631 4219 2839 4271 autem,
2866 4207 2953 4261 cui
2994 4201 3252 4258 educatio
3276 4206 3332 4253 et
3361 4193 3642 4250 institutio

2061 4312 2208 4368 illius
2243 4308 2496 4363 mandata
2541 4308 2680 4365 erat,
2712 4296 2868 4368 quasi
2904 4292 3109 4349 Neroni
3157 4288 3453 4344 insidiatus
3471 4293 3642 4350 esset,

2062 4402 2390 4461 interfectus
2435 4404 2543 4453 est.
2597 4389 2979 4447 Britannicum
3025 4399 3158 4440 vero
3185 4383 3252 4437 iis
3285 4378 3645 4435 commissum

2063 4512 2205 4569 quos
2230 4495 2346 4565 ipse
2373 4488 2659 4562 probabat,
2687 4498 2788 4538 nec
2815 4496 2939 4537 cum
2966 4490 3121 4550 patre
3142 4476 3351 4538 vivere,
3385 4489 3487 4528 nec
3516 4486 3649 4543 pro-

2064 4567 2183 4646 dire
2219 4587 2274 4642 in
2306 4583 2587 4657 publicum
2619 4592 2780 4650 passa
2814 4582 2920 4630 est.
2967 4572 3193 4628 Poterat
3219 4577 3404 4624 autem
3438 4567 3645 4629 omnia,

2065 4696 2191 4737 cum
2228 4675 2461 4734 Claudio
2505 4670 2913 4730 dominaretur,
2963 4671 3019 4719 et
3080 4661 3397 4719 Narcissum
3430 4673 3495 4713 ac
3524 4657 3651 4712 Pai-

2066 4755 2274 4828 lantem
2308 4768 2517 4822 amicos
2551 4763 2807 4817 haberet.
2838 4758 2974 4815 Nam
3019 4755 3303 4817 Callistus,
3346 4749 3650 4821 potentiam
3706 4822 3715 4830 _
3746 4741 3756 4750 ’

2071 4863 2365 4920 maximam
2392 4859 2646 4928 adeptus,
2676 4854 2912 4908 obicrat.
2949 4847 3220 4917 Astrologi
3253 4857 3365 4900 tum
3406 4849 3517 4895 tota
3545 4839 3653 4893 Ita-

2067 4959 2142 5013 lia
2179 4954 2318 5025 pulsi
2354 4958 2503 5013 sunt,
2559 4956 2615 5003 et.
2663 4947 2757 5023 qui
2813 4959 2910 4999 eos
2949 4939 3350 5000 consulebant,
3409 4929 3649 4986 multati.

2053 5047 2352 5105 Caratacus
2377 5039 2602 5112 quidam
2645 5033 3031 5089 Barbarorum'
3059 5027 3324 5098 princeps
3356 5031 3569 5091 captus,
3596 5026 3655 5073 et

2062 5146 2296 5201 Romam
2325 5140 2548 5199 ductus,
2584 5133 2801 5188 veniam
2833 5145 2861 5181 ει
2885 5122 3115 5182 Claudio
3149 5114 3484 5188 impetravit.
3512 5111 3650 5166 Cum

2066 5236 2335 5294 dimissus
2367 5238 2537 5294 esset,
2562 5235 2618 5283 et
2648 5226 2837 5280 Ruina:
2872 5215 3219 5288 Splendoretn
3251 5217 3414 5278 atque
3449 5203 3651 5274 ampli-

2064 5329 2312 5386 tudinem
2361 5323 2523 5396 566
2566 5319 2989 5390 perlustrasset:
3044 5307 3219 5370 Itane,
3272 5302 3472 5372 inquit,
3539 5315 3656 5353 cum

2066 5421 2175 5477 hac
2206 5427 2257 5474 et
2303 5393 2604 5486 huiusmodi
2640 5406 2899 5468 habeatis,
2934 5407 3115 5454 nostra
3145 5393 3412 5468 tuguriolo
3464 5409 3655 5447 concu-

1513 5581 1714 5647 Varite
1735 5581 2048 5646 lectiones
2094 5587 2158 5641 et
2223 5586 2417 5640 notaa.

463 5716 573 5788 (99)
604 5709 1236 5788 Κᾳιίτὸν-Σίρᾲᾳίδιονξ
1259 5713 1341 5788 Ita
1370 5712 1720 5783 reposuimus
1743 5726 1810 5765 ex
1839 5723 1974 5764 mss.

404 5784 522 5861 Reg
557 5784 627 5845 ἐι
648 5786 804 5844 Colb.
831 5786 923 5842 ubi
952 5784 1180 5843 Wolﬁus
1204 5786 1463 5839 Σωσίκιον
1486 5796 1770 5855 perperam
1804 5798 1818 5836 :
1851 5795 1975 5836 nam

2087 5704 2344 5760 Sosibium
2377 5707 2575 5755 vocant
2604 5696 2767 5752 etiam
2794 5691 3037 5756 Tacitus,
3083 5687 3179 5745 lib.
3222 5702 3298 5752 XI,
3352 5691 3408 5739 et
3470 5679 3567 5736 Dio
3594 5678 3650 5732 in

2089 5775 2375 5844 Excerptis
2400 5768 2724 5834 Valcsianis,
2744 5782 2797 5838 ι).
2829 5763 2954 5821 θ’ῐ8.
