4018 6250
358 254 468 321 955
1637 258 1960 323 IOANNIS
1992 261 2312 326 ZONAB/E
3501 259 3617 323 956

357 371 601 437 piscitis?
647 370 851 428 Julium
882 369 1154 427 Gallicum
1204 368 1469 426 Claudius
1494 385 1716 427 causam
1746 371 1937 427 dicen.

2048 377 2132 429 ἐπὶ
2167 374 2302 428 πολῦ
2351 372 2716 446 προχωρήσας
2773 370 3056 444 δυνάμεως
3119 373 3491 445 ἐτελεύτησεν,
3550 377 3627 432 0‘,

360 472 492 527 tem,
528 465 578 518 in
614 464 857 519 Tiberim
887 465 1060 517 iratus
1092 462 1425 532 praecipitari
1457 464 1643 534 jussit.
1682 465 1741 519 In
1771 481 1937 536 quem

2048 465 2359 535 ίστρολόγοι
2383 463 2438 516 δὲ
2466 462 2524 526 ἐξ
2556 464 2773 532 ἀπάσης
2799 463 2899 532 τῆς
2935 462 3171 529 Ἰταλίας
3199 466 3503 538 ἠλάθησαν,
3522 471 3620 522 καὶ

362 555 633 610 Domitius
659 555 812 620 Afer,
860 553 1104 624 optimus
1145 554 1294 609 illius
1317 556 1497 611 anatis
1542 565 1826 625 patronus,
1860 556 1940 612 l'a-

2048 558 2086 610 )i
2119 557 2302 619 αὐτοῖς
2329 554 2707 627 συγγινόμενοι
2754 554 3149 624 ἐκολάσθησαν.
3200 559 3527 627 Καράτακος
3558 560 3619 614 δέ

359 662 480 705 cete
506 649 800 705 admodum
821 650 1039 720 jocatus
1066 657 1165 703 est.
1202 648 1337 705 Nam
1365 665 1490 705 cum
1515 650 1737 720 quidam
1763 664 1793 703 a
1815 648 1942 704 Gal-

2048 663 2117 710 ιις
2150 647 2457 717 Βαρὸειρων
2489 645 2735 717 ἀρχηγὸς
2772 646 2933 708 ἁλοὺς
2966 648 3062 699 καὶ
3095 648 3175 710 εἰς
3234 649 3334 717 τὴν
3398 650 3623 721 Ῥώμην

358 740 464 796 lico
494 743 820 805 destiturus,
867 743 988 812 ejus
1048 741 1314 796 auxilium
1363 742 1748 811 implorasset:
1807 741 1938 807 Qui:

2048 739 2243 807 Ξιχθεὶς,
2276 740 2369 791 καὶ
2401 736 2737 806 συγγνώμης
2764 737 2913 807 ποιρᾶ
2965 735 3064 789 τοῦ
3101 737 3389 792 Κλαυδίου,
3416 739 3624 810 τυχών.

358 834 472 896 tibi,
509 833 708 903 inquit,
760 835 1024 898 narravit,
1076 849 1158 888 me
1188 842 1489 887 natatorem
1528 832 1623 887 illo
1668 831 1938 886 meliorem

2048 819 2174 879 Εἶτα
2206 825 2605 894 περινοστήσας
2635 823 2734 894 τὴν
2771 826 2922 877 πόλιν
2958 827 3098 894 μετὰ
3143 828 3242 897 τὴν
3270 827 3490 896 ἄφεσιν,
3528 830 3625 882 καὶ

356 938 466 975 esse
491 924 516 976 γ
2037 917 2159 972 ἰδὼν
2179 917 2351 984 αὐτῆς
2380 918 2479 989 τὴν
2514 917 2876 989 λαμπρότητα
2911 919 3005 971 καὶ
3034 918 3094 972 τὸ
3127 920 3357 989 μέγεθος
3382 938 3395 952 ·
3450 917 3624 986 Εἶτα,

355 1015 484 1086 ἔφη,
515 1013 821 1070 ταῦτακαὶ
850 1013 933 1091 τὰ,
952 1013 1201 1069 τοιαῦτα
1227 1015 1582 1085 κεκτημένοι
1630 1014 1751 1069 τῶν
1818 1012 2150 1081 σκηνιδίων
2208 1010 2376 1079 ἡμῶν
2436 1010 2817 1081 ἐπιθυμεῖτεξ
2882 1008 3087 1083 Ἰουλίῳ
3130 1013 3190 1066 δέ
3233 1029 3339 1067 τινι
3374 1014 3625 1084 Γαλλικῷ

356 1109 513 1177 δίκην
542 1107 757 1175 λέγοντι
783 1107 1070 1177 ἀχθεσθεὶς
1100 1107 1435 1173 δΚλαὺδιος,
1494 1108 1783 1161 ἐκέλευσεν
1840 1107 2005 1161 αὐτὸν
2045 1107 2124 1168 είς
2169 1105 2261 1158 τὸν
2295 1104 2516 1175 Τίϐεριν
2575 1104 2955 1174 ἐμϐληθῆναιο
3008 1108 3094 1177 ἐφ’
3149 1101 3194 1176 ᾧ
3240 1107 3324 1181 δὴ.
3370 1109 3628 1179 Δομίτιος

360 1196 591 1271 ’Λφρος,
628 1200 883 1254 πλεῖστον
906 1200 1015 1253 τῶν
1049 1201 1172 1255 κατ’
1204 1202 1364 1256 αὐτὸν
1393 1203 1452 1253 ἐν
1484 1201 1560 1270 τῷ
1613 1202 1933 1271 συνηγορεῖν
1971 1196 2216 1268 ίσχῦσας,
2286 1198 2552 1252 κάλλιστα
2598 1198 2918 1267 ἀπέσκωψε.
2974 1200 3268 1269 Δεηθὲντος
3336 1201 3445 1271 γάρ
3476 1218 3625 1266 τινος

355 1297 456 1363 τῆς
506 1297 637 1364 παρ’
681 1295 849 1348 αὑτοῦ
908 1294 1184 1365 βοηθείας,
1217 1294 1407 1365 ἐπειδὴ
1456 1294 1561 1348 ὑπὸ
1592 1293 1685 1347 τοῦ
1741 1289 2007 1347 Γαλλικοῦ
2048 1290 2465 1363 ἐγκατελείφθη,
2492 1290 2596 1362 ἔφη
2626 1290 2762 1359 πρὸς
2789 1292 2986 1345 αὐτόν·
3018 1292 3129 1346 Καὶ
3180 1293 3274 1360 τίς
3312 1289 3620 1349 σοιηεζπεν

358 1386 447 1439 ὅτι
491 1383 783 1452 κρεῖσσον
801 1387 1039 1442 ἐκείνου
1064 1387 1367 1456 νήχομαι;

428 1475 521 1531 XI.
571 1477 699 1532 Post
730 1477 845 1532 lnce
882 1478 1112 1532 (flaudio
1152 1489 1486 1549 aegrotante,
1536 1481 1681 1536 Nero
1720 1478 1933 1537 curiam

359 1568 661 1640 ingressus,
698 1569 860 1623 ludos
909 1570 1185 1625 circenses
1232 1568 1606 1641 nuncupavit,
1642 1573 1686 1628 si
1733 1587 1934 1627 conva-

2113 1470 2216 1527 IA'.
2247 1469 2595 1538 Νοσὴσαντος
2653 1468 2711 1523 δέ
2767 1467 2909 1541 μετὰ
2955 1468 3128 1523 ταῦτα
3171 1471 3267 1526 τοῦ
3325 1472 3621 1529 Κλαυδίουν

2038 1562 2292 1633 εἰσῆλθεν
2320 1563 2349 1614 6
2384 1561 2575 1631 Νέρων
2607 1561 2687 1624 εἰς
2713 1563 2773 1612 τὸ
2810 1562 3115 1641 συνέδριον,
3144 1565 3238 1618 καὶ
3292 1567 3340 1618 εί
3370 1568 3625 1639 mappa.

358 1654 575 1715 luisset.
609 1659 907 1731 Agrippina
942 1661 1088 1715 enim
1119 1661 1338 1731 quidvis
1379 1662 1660 1728 teutabat,
1702 1670 1762 1716 ut
1790 1661 1935 1716 Nero

2048 1655 2196 1725 σθείη
2225 1656 2253 1707 6
2278 1652 2562 1717 Κλαύδιος,
2596 1653 2965 1724 ἱπποδρομίαν
2993 1656 3273 1727 ὑπέσχετο.
3307 1658 3499 1713 Πάντα
3515 1660 3625 1730 γὰρ

361 1752 549 1822 pepuli
579 1753 810 1821 gratiam
844 1752 1151 1823 colligeret,
1182 1764 1237 1809 et
1277 1770 1421 1809 unus
1458 1754 1674 1823 imperii
1713 1768 1935 1810 succes-

361 1858 454 1895 sor
500 1841 623 1896 [οι-θ
680 1852 988 1912 putaretur.
1047 1844 1237 1915 Itaque
1290 1854 1348 1901 et
1400 1846 1557 1901 ludos
1601 1830 1935 1911 'circenses,

361 1933 567 2001 quibus
614 1935 850 1988 maxime
902 1935 1132 1990 Romani
1183 1937 1498 2001 studebant,
1542 1954 1572 1992 a
1604 1937 1826 1994 Nerone
1867 1938 1938 1992 ob

360 2024 593 2080 salutem
618 2024 858 2089 Claudii,
896 2043 1059 2098 quam
1092 2029 1327 2084 maxime
1354 2030 1775 2099 deprecabatur,
1812 2044 1939 2102 pro-

368 2119 666 2174 mittendos
698 2123 914 2177 curavit
946 2136 960 2176 :
991 2134 1045 2176 et
1079 2123 1312 2177 tumultu
1357 2122 1430 2177 ob
1472 2126 1631 2193 panis
1665 2123 1938 2178 venditio-

370 2227 494 2266 ncm
528 2213 853 2280 subornato,
889 2212 1121 2270 Claudio
1155 2216 1458 2285 persuasit,
1492 2226 1549 2269 ut
1590 2215 1795 2285 populo
1842 2229 1940 2285 per

363 2304 647 2373 publicum
676 2306 945 2370 edictum,
965 2307 1179 2361 senatui
1213 2324 1309 2377 per
1343 2308 1557 2362 litteras
1579 2305 1935 2377 signiﬁcaret,

358 2396 466 2452 c'si
501 2397 617 2468 ipse
646 2409 983 2464 moreretur,
1006 2399 1283 2455 Neronem
1306 2399 1416 2472 jam
1442 2399 1509 2455 ad
1541 2398 1938 2470 rempublicam

363 2487 858 2545 adminisuandam
895 2506 1018 2547 esse
1073 2491 1354 2546 idoneum.
1405 2491 1457 2546 Is
1514 2490 1684 2563 igitur
1739 2506 1805 2544 ex
1871 2506 1939 2546 eo

366 2595 599 2649 magnus
626 2580 752 2646 fuit,
784 2591 837 2636 et
871 2582 1094 2638 celeber
1127 2601 1141 2638 :
1169 2578 1551 2639 Britannicum
1595 2598 1723 2637 vero
1752 2583 1940 2639 vivere

367 2670 618 2740 plerique
661 2672 1024 2744 ignorabant,
1056 2674 1240 2731 cmteri
1286 2691 1352 2731 ex
1395 2675 1714 2731 rumoribus
1761 2691 1792 2730 a
1840 2691 1942 2729 no-

367 2776 528 2815 verca
560 2764 799 2832 sparsis,
837 2765 1125 2819 vecordem
1173 2775 1230 2820 et
1268 2762 1570 2820 lunaticum
1614 2780 1737 2821 esse
1777 2775 1941 2836 puta-

360 2848 523 2908 bant.
559 2853 693 2909 Cum
727 2854 993 2911 Claudius
1020 2858 1415 2919 convaluisset.
1447 2858 1594 2914 Nero
1627 2859 1787 2916 ludos
1824 2875 1942 2915 ma-

364 2947 565 3016 guiﬁce
596 2947 761 3015 fecit,
793 2959 849 3004 et
876 2951 978 3005 sub
1007 2951 1151 3006 idem
1186 2962 1402 3022 tempus
1441 2950 1722 3007 Octaviam
1761 2951 1939 3016 duxit,

2034 1746 2237 1815 τρίπον
2268 1746 2302 1816 ἡ
2342 1744 2675 1814 Ἀγριππίνα
2702 1745 2896 1810 ἐκίνει,
2934 1745 3020 1799 ἵνα
3046 1746 3124 1818 τῷ
3154 1764 3213 1800 τε
3244 1750 3439 1820 πλήθει
3463 1753 3626 1819 χαρί-

2037 1836 2184 1903 ζομτο
2238 1838 2335 1891 καὶ
2395 1836 2562 1908 μόνος
2608 1836 2835 1891 ἔσεσθαι
2866 1839 3144 1909 νομίζοιτο
3175 1841 3275 1909 τῆς
3322 1840 3625 1914 αὖταρχίας

2034 1926 2304 2000 δάδοχος.
2331 1927 2424 1981 Διὺ
2457 1927 2547 1982 τόν
2574 1943 2633 1981 τε
2680 1930 2908 1984 ἱππικὸν
2938 1931 3147 2000 ἀγῶνα,
3192 1925 3233 2000 ᾧ
3265 1936 3625 2005 προσέκειντο

2041 2020 2299 2092 μάλιστα,
2327 2020 2548 2091 ἐποίησε
2581 2020 2671 2074 τὸν
2690 2020 2921 2093 Νέρωνα
2953 2024 3292 2095 ὑποσχέσθαι
3318 2028 3411 2079 ὲπί
3434 2029 3503 2097 τῇ
3525 2027 3622 2081 τοῦ

2041 2114 2310 2168 Κλαυδίου
2335 2114 2515 2185 ὑγεία,
2547 2113 2618 2184 ἢν
2657 2115 2750 2168 καὶ
2785 2114 2926 2167 πάνυ
2963 2116 3277 2189 ἁπηύχετοο
3340 2120 3435 2172 καὶ
3483 2121 3625 2190 πρὸς

2038 2208 2134 2279 τὴν
2158 2210 2362 2279 πρᾶσιν
2385 2208 2493 2261 τῶν
2526 2208 2708 2279 ἄρτων
2744 2208 2974 2281 θόρυϐόν
3000 2228 3123 2263 τινα
3154 2211 3409 2279 γενέσθαι
3438 2231 3624 2285 παρα-

2042 2301 2385 2366 σκευάσασα,
2416 2301 2674 2355 ἁνέπεισε
2703 2301 2795 2356 τὸν
2849 2302 3138 2366 Κλαύδιον,
3166 2303 3244 2375 τῷ
3277 2304 3332 2357 δὲ
3363 2305 3524 2377 δήμῳ
3556 2309 3627 2362 ἐκ

2040 2393 2370 2462 προγραφῆς
2393 2390 2654 2461 δηλῶσαι,
2682 2393 2777 2446 καὶ
2797 2395 2863 2464 τῇ
2896 2394 3156 2468 γερουσίᾳ
3176 2397 3477 2452 ἐπιστεῖλαι
3507 2400 3620 2468 ὅτι,

2041 2481 2146 2536 κᾶν
2174 2482 2336 2547 αὐτὸς
2366 2482 2650 2547 ἀποθάνοι,
2704 2485 2732 2537 ὁ
2788 2480 2979 2555 Νέρων
3012 2485 3080 2538 τὰ
3105 2487 3255 2540 κοινὰ
3287 2487 3472 2549 ἱκανὸς
3514 2489 3621 2561 ἤδη

2040 2575 2159 2629 ἐστὶ
2212 2575 2455 2630 διοικεῖν.
2515 2575 2629 2628 Καὶ
2679 2578 2708 2628 ὁ
2742 2568 2839 2647 μὲν
2876 2576 3040 2640 πολύς
3066 2595 3122 2630 τε
3164 2576 3349 2631 ἔκτοτε
3403 2574 3493 2649 ἦν,
3526 2582 3624 2633 καὶ

2040 2666 2129 2722 διὰ
2169 2670 2439 2737 στόματος
2476 2666 2645 2738 ἤγετο
2671 2666 2866 2723 ἅπασι.
2894 2669 2999 2722 Τὸν
3023 2670 3078 2723 δὲ
3114 2669 3475 2742 Βρεττανικὸν
3523 2690 3623 2724 συο

2043 2761 2159 2833 χνοὶ
2183 2760 2281 2831 μὲν
2313 2759 2424 2813 οὐδ’
2454 2763 2502 2813 εἰ
2529 2762 2624 2832 ἐζη
2672 2761 2993 2829 ἐγίνωσκον,
3039 2763 3087 2816 oi
3119 2763 3302 2816 λο;ποὶ
3353 2763 3408 2818 δὲ
3440 2781 3622 2834 παρα-

2045 2853 2230 2923 πλῆγα
2288 2852 2385 2906 καὶ
2446 2853 2793 2924 ἐπίληπτον,
2852 2853 3026 2909 ταῦτα
3090 2855 3469 2927 κηρυττθύσηῖ
3522 2860 3624 2928 τῆς
3680 2875 3685 2878 ’

2055 2942 2445 3014 Ἀγριππίνης,
2496 2941 2699 3014 ᾤοντο·
2746 2943 3047 3014 ,ῥαῖσαντος
3090 2943 3146 2997 δέ
3175 2940 3270 2996 τοῦ
3328 2943 3625 3009 Κλαυδίου,

369 3049 430 3092 ut
461 3054 528 3093 ex
563 3055 630 3095 eo
654 3057 876 3112 quoque
908 3042 1022 3113 jam
1052 3043 1136 3097 vir
1174 3059 1298 3099 esse
1333 3043 1634 3099 videretur.
1683 3044 1944 3112 Quamvis

2049 3036 2145 3106 τὴν
2180 3033 2546 3105 ἱπποδρομίαν
2572 3033 2600 3087 6
2621 3033 2811 3104 Νέρων
2841 3034 3277 3107 μεγαλοπρεπῶς
3309 3035 3621 3101 ἐπετὲὶεσε,

366 3138 555 3185 autem
580 3132 893 3204 Agrippinae
917 3143 974 3189 et
1003 3150 1067 3189 ea
1096 3150 1218 3204 quae
1243 3135 1397 3190 Livia
1431 3136 1733 3202 habuerat,
1762 3136 1944 3191 omnia

2048 3126 2143 3180 καὶ
2175 3127 2274 3198 τὴν
2302 3125 2600 3181 Ὀκταόίαν
2649 3125 2707 3180 δὲ
2758 3127 2882 3180 τότε
2922 3126 3154 3197 ἔγημεν,
3213 3125 3354 3181 ὥστε
3406 3126 3504 3180 καὶ
3557 3129 3625 3180 ἐκ

369 3235 631 3275 concessa
659 3261 676 3286 ,
730 3230 786 3276 et
833 3223 990 3293 plura
1039 3226 1206 3280 etiam
1256 3225 1481 3281 decreta
1527 3234 1712 3281 essent
1753 3244 1766 3280 :
1807 3225 1944 3281 nihil

2048 3217 2236 3272 τούτου
2281 3218 2419 3292 ἀνὴρ
2472 3214 2613 3273 εἶναι
2668 3219 2770 3289 ἤδη
2798 3218 2996 3275 δοκεῖν.
3047 3219 3214 3273 Οὐδὲν
3236 3218 3291 3272 δὲ
3322 3217 3525 3289 ἀρκοῦν
3555 3222 3625 3290 τῇ

372 3317 556 3364 tamen
585 3311 636 3365 ei
676 3311 813 3367 satis
844 3321 1001 3380 erat,
1047 3315 1102 3368 ni
1157 3315 1448 3371 manifeste
1495 3332 1563 3373 ex
1610 3332 1769 3388 aequo
1818 3333 1944 3373 cum

2060 3310 2393 3383 ’Λγριππίνῃ
2421 3311 2616 3377 ἐδόκει,
2648 3312 2828 3364 καίτοι
2858 3313 2960 3365 ὅσα
3002 3329 3063 3366 τε
3098 3313 3132 3383 ἠ
3171 3311 3331 3366 Λιϐία
3362 3313 3488 3383 ἔσχε
3520 3316 3624 3367 κὰρ

367 3399 604 3457 Claudio
660 3403 981 3475 imperatrix
1034 3409 1418 3464 nominaretur
1461 3428 1476 3465 :
1518 3420 1574 3466 ct
1619 3427 1815 3481 magno
1863 3411 1944 3467 in-

2048 3408 2204 3479 κείνῃ
2262 3406 2497 3472 ἐδέδοτο,
2534 3409 2629 3460 καὶ
2662 3407 2801 3461 ἄλλα
2852 3425 2911 3461 τε
2938 3408 3109 3461 πλείω
3139 3409 3424 3479 ἐψήφιστο.
3472 3410 3537 3462 Ἦ
3567 3409 3624 3462 δὲ

370 3493 569 3548 ccndio
605 3495 797 3551 urbem
843 3509 1198 3570 pervagante,
1231 3517 1338 3556 una
1393 3519 1518 3557 cum
1562 3519 1646 3556 eo.
1673 3503 1738 3558 ad
1784 3518 1943 3573 opem

2048 3502 2143 3554 καὶ
2196 3499 2491 3571 ίσοκρατὴς
2535 3497 2613 3570 τῷ
2667 3498 2922 3570 Κλαυδίῳ
2967 3500 3229 3571 ἄντικρυς
3260 3499 3625 3570 ὀνομάζεσθαι

369 3584 656 3641 ferendam
716 3588 769 3643 in
827 3590 1108 3659 publicum
1162 3593 1389 3663 prodiit.
1453 3595 1718 3652 Claudius
1776 3597 1944 3668 igitur

2048 3590 2231 3664 ἤθελε,
2287 3591 2380 3645 καί
2439 3608 2573 3645 ποτε
2628 3590 2826 3645 πολλοῦ
2884 3593 2986 3662 τὴν
3018 3593 3173 3676 πόλιν
3221 3594 3624 3664 ἐπινεμομένου

371 3678 617 3735 offensus
669 3682 739 3737 iis
783 3697 908 3752 quae
950 3683 1220 3741 hactenus
1247 3697 1365 3742 acta
1408 3703 1530 3744 esse
1572 3699 1943 3761 cognoverat,

2048 3681 2241 3753 πυρὸς,
2271 3681 2408 3753 πρὸς
2436 3680 2537 3752 τὴν
2556 3681 2875 3753 ἐπικουρίαν
2908 3681 3106 3754 ἐκείνῳ
3151 3685 3621 3755 συμπαρεγένετο.

371 3785 475 3825 nec
522 3771 747 3828 ferenda
789 3774 900 3841 illa,
949 3786 1008 3831 et
1058 3778 1345 3833 mulierem
1399 3781 1762 3837 coercendam
1821 3797 1944 3837 esse

2059 3772 2119 3826 Ὀ
2153 3771 2286 3841 γοῦν
2319 3770 2589 3834 Κλαύίιος
2648 3772 2956 3842 ἀχθόμενος
3005 3774 3120 3838 τοῖς
3160 3771 3461 3846 δρωμένοις
3510 3776 3626 3840 τοῖς

371 3873 549 3925 ratus,
586 3862 965 3920 Britannicum
990 3867 1116 3921 data
1150 3868 1293 3923 virili
1327 3879 1448 3940 toga
1479 3871 1695 3941 imperii
1726 3886 1944 3929 succes-

2048 3863 2184 3926 τέως
2204 3862 2285 3927 είς
2312 3862 2515 3931 γνῶσιν
2548 3861 2721 3916 ίοῦσιν
2753 3861 2924 3934 αὐτῷ,
2959 3864 3054 3916 καὶ
3092 3862 3435 3935 Βρεττανικῷ
3460 3866 3625 3919 ὁπτέτε

370 3968 554 4009 sorem
589 3955 877 4026 designare
930 3958 985 4012 in
1026 3962 1213 4014 animo
1247 3961 1460 4016 habuit.
1494 3962 1613 4029 Quo
1645 3963 1944 4035 Agrippina

370 4045 624 4116 cognito,
662 4064 878 4103 veneno
926 4066 1051 4105 eum
1101 4062 1474 4122 antevertere,
1513 4055 1835 4126 priusquam
1881 4072 1945 4111 ea

373 4137 690 4208 perﬁceret,
722 4142 981 4213 inStituit.
1017 4143 1173 4211 Quod
1202 4161 1326 4202 cum
1373 4148 1443 4203 ob
1494 4164 1705 4204 merum
1736 4149 1944 4204 all‘atim

370 4245 593 4301 semper
617 4246 648 4286 a
672 4231 901 4289 Claudio
931 4234 1138 4290 hauriri
1167 4237 1391 4293 solitum
1413 4279 1429 4304 ,
1465 4247 1523 4295 et
1544 4240 1726 4296 victus
1772 4241 1945 4296 ratio-

2046 3956 2262 4027 ἐντύχοι
2292 3954 2632 4025 φιλοφρόνως
2696 3957 3113 4025 συγγινόμενος,
3173 3957 3272 4010 οὐκ
3324 3959 3524 4029 ἤνεγκε
3557 3958 3627 4012 τὰ

2047 4052 2331 4121 γινόμενα,
2363 4048 2480 4103 ἀλλ’
2515 4049 2732 4117 ἐκείνην
2760 4067 2819 4103 τε
2873 4050 3201 4116 καταλῦσαι,
3238 4053 3330 4105 καὶ
3371 4052 3462 4105 τὸν
3510 4053 3627 4105 υί’.ν

2047 4144 2105 4206 ἐς
2134 4141 2260 4204 τοὺς
2290 4141 2530 4211 ἐφήϐους
2558 4142 2878 4211 εἰσαγαγεῖν
2932 4142 3031 4196 καὶ
3056 4141 3300 4213 διάδοχον
3344 4144 3625 4211 ἀποδεῖξαι

2049 4230 2515 4305 παρεσκευάζετο.
2548 4232 2587 4285 Γ
2592 4232 2756 4286 νούσα
2789 4232 2845 4286 δὲ
2867 4231 3040 4287 ταῦτα
3067 4237 3099 4305 ή
3132 4234 3467 4303 Ἀγριππίνα
3494 4252 3627 4306 προ-

372 4335 525 4387 neal,
575 4339 682 4391 qua
733 4339 926 4381 omnes
976 4327 1254 4398 principes
1313 4332 1531 4387 tuendae
1576 4333 1772 4388 salutis
1815 4349 1944 4403 ergo

2050 4326 2377 4381 καταλαϐεῖν
2412 4325 2575 4381 αὑτὸν
2606 4324 2887 4397 φαρμάκῳ
2935 4324 3065 4395 πρίν
3116 4345 3171 4379 τι
3210 4327 3451 4381 τοιοῦτον
3487 4346 3626 4398 πρα-

373 4413 452 4467 uti
482 4413 694 4480 Solent,
738 4415 930 4472 fuisset
964 4416 1208 4495 ineliicax
1241 4439 1254 4475 :
1282 4421 1575 4479 Locustam
1602 4468 1615 4489 ,
1647 4424 1944 4481 veneﬁcam

2050 4418 2269 4489 χοῆναι,
2306 4393 2666 4472 ἐσπούδασεν.
2707 4393 2797 4482 Ὦς
2826 4393 2872 4471 6;
2905 4393 3084 4471 ἐκεῖνο
3105 4418 3258 4472 οὐδὲν
3291 4420 3396 4473 ὑπό
3437 4437 3497 4474 τε
3528 4393 3625 4474 τοῦ

372 4505 673 4570 celebrem,
698 4507 769 4562 ob
797 4506 847 4562 id
877 4511 1053 4580 ipsum
1083 4513 1290 4569 crimen
1316 4532 1493 4586 nuper
1519 4517 1944 4588 deprehensam,

2049 4512 2217 4574 οἴνου,
2252 4511 2310 4563 δν
2338 4510 2507 4564 πολὺν
2529 4511 2618 4564 ἀεὶ
2646 4511 2674 4564 6
2698 4510 2969 4574 Κλαύδιος
2992 4510 3196 4576 ἔπινεν,
3248 4509 3623 4584 ἐξειργάσατο,

375 4597 705 4663 accersivit,
761 4601 919 4671 cujus
973 4617 1141 4673 opera
1202 4606 1411 4663 boletos
1463 4609 1674 4678 aliquot
1733 4625 1944 4664 veneno

2050 4603 2144 4655 καὶ
2179 4602 2284 4656 ὑπὸ
2330 4605 2428 4674 τῆς
2480 4601 2647 4672 ἄλλης
2676 4602 2910 4672 διαίτης,
3036 4604 3235 4667 πάντες
3259 4605 3463 4655 ἐπίπαν
3488 4605 3536 4656 οῖ
3565 4603 3629 4657 τὸ

373 4687 538 4761 567
571 4691 824 4747 lethil'ero
854 4693 1045 4750 iniecit
1074 4713 1087 4750 ι
1116 4711 1178 4750 ac
1219 4698 1333 4769 ipsa
1372 4699 1439 4754 de
1468 4700 1682 4755 caeteris
1708 4701 1858 4760 edit.
1892 4710 1944 4757 et

2050 4696 2249 4766 κρᾶτος
2285 4695 2499 4767 ἔχοντες
2530 4694 2769 4767 χρῶνται
2806 4696 2940 4765 πρὸς
2964 4695 3212 4766 φυλακὴν
3235 4697 3466 4761 ἑαυτῶν,
3487 4698 3628 4749 Λου-

375 4783 531 4838 illmn
571 4794 631 4838 ut
672 4797 946 4841 venenato
982 4788 1075 4858 qui
1124 4791 1396 4846 maximus
1439 4800 1495 4849 et
1542 4792 1950 4862 pulcherrimus

376 4888 719 4942 vesceretur,
753 4877 993 4949 impulit.
1025 4879 1108 4935 Ad
1156 4883 1303 4940 hunc
1349 4885 1570 4939 modum
1624 4884 1815 4941 fraude
1846 4887 1952 4941 cir-

375 4980 727 5035 cumveutus,
766 4980 1025 5042 tanquam
1056 4978 1277 5045 crapula
1307 4985 1362 5031 et
1388 4977 1681 5040 ebrietate,
1720 4991 1780 5033 ut
1816 4977 1951 5034 alias

377 5061 580 5131 saepius
624 5060 826 5116 factum
876 5076 1015 5126 erat,
1063 5081 1361 5136 Oppressus
1399 5077 1565 5130 esset,
1617 5085 1648 5123 e
1696 5069 1951 5123 convivio

375 5152 578 5214 elatus.
608 5161 662 5207 et
690 5167 720 5207 a
759 5168 970 5209 veneno
999 5171 1098 5225 per
1126 5167 1343 5212 noctem
1376 5154 1681 5220 conlectus,
1718 5159 1949 5220 interiit,

375 5247 434 5293 et
466 5240 668 5310 lingua“:
718 5251 774 5297 et
825 5245 1043 5298 aurium
1092 5261 1193 5299 usu
1245 5247 1430 5301 statim
1481 5249 1760 5318 adempto.
1806 5249 1953 5306 Vixit

379 5340 556 5386 annos
587 5349 754 5399 um,
797 5352 1015 5391 menses
1045 5353 1130 5400 xl.
1169 5338 1288 5393 dies
1330 5354 1457 5403 sui;
1507 5340 1797 5409 imperavit
1849 5357 1952 5396 an-

379 5436 485 5476 nos
512 5440 630 5489 xru,
666 5442 882 5482 menses
915 5445 1027 5495 vui,
1054 5430 1172 5485 dies
1201 5446 1283 5483 xx.
1320 5430 1445 5485 "me
1473 5432 1769 5502 Agrippina
1793 5433 1951 5500 fecit,

380 5510 636 5565 Narcisso
673 5515 724 5568 in
757 5517 1110 5587 Campaniam
1148 5521 1215 5575 ad
1249 5522 1456 5578 calidas
1486 5540 1656 5594 aquas
1701 5527 1954 5598 podagrae

384 5601 658 5657 lenienda:
686 5620 848 5660 causa
879 5608 1151 5679 ablegato.
1187 5612 1321 5665 Nam
1361 5613 1457 5666 illo
1498 5627 1780 5682 pra-sonte,
1817 5617 1951 5671 nihil

377 5691 700 5762 huiusmodi
730 5697 1002 5754 coniicere
1030 5704 1300 5771 potuisset
1334 5725 1345 5757 :
1383 5716 1488 5760 tam
1522 5718 1814 5765 accuratus
1837 5721 1956 5765 crat

2050 4789 2282 4843 κοῦσταν
2313 4788 2633 4858 φαρμακίδα
2654 4787 2776 4842 und
2807 4787 3131 4858 περιϐὃητον
3166 4788 3253 4840 ἐπ’
3275 4788 3424 4859 αὐτῴ
3449 4789 3623 4858 τούτῳ

2050 4882 2171 4934 νέον
2234 4880 2540 4934 ἑαλωκυῖαν
2601 4878 3033 4950 μετεπέμψατο·
3090 4880 3183 4933 καί
3238 4897 3290 4933 τι
3332 4882 3626 4951 φάρμακον

2048 4973 2242 5044 ἕτερον
2271 4973 2514 5044 ἄφυκτον
2563 4973 2878 5026 σκευάσασα
2927 4971 2996 5025 δι’
3033 4972 3226 5041 αὐτῆς,
3262 4974 3341 5034 εἰς
3371 4974 3493 5027 ἔνια
3516 4976 3624 5026 τῶν

2057 5065 2408 5136 καλουμένων
2441 5067 2701 5138 μυκήτων
2725 5064 2973 5131 ἐνέϐαλε,
3000 5066 3096 5118 καὶ
3121 5065 3260 5135 αὑτὴ
3291 5065 3391 5135 μὲν
3415 5069 3480 5119 ἐκ
3517 5067 3625 5119 τῶν

2053 5158 2140 5212 ἄλ)
2154 5177 2230 5212 ων
2257 5159 2465 5231 ἢσθιεν,
2499 5160 2710 5213 ἐκεῖνον
2739 5157 2794 5210 δὲ
2831 5158 2895 5211 ἐκ
2945 5157 3039 5210 τοῦ
3068 5158 3126 5211 τὸ
3159 5159 3449 5230 φάρμακον
3474 5159 3625 5230 ἔχον-

2053 5267 2165 5312 τος,
2188 5249 2339 5313 ὄντος
2371 5248 2631 5319 μεγίστου
2657 5266 2717 5301 τε
2758 5249 2851 5302 καὶ
2876 5249 3186 5312 καλλίστου,
3241 5252 3436 5319 φαγεῖν
3488 5269 3627 5323 παρ⁴

2055 5341 2340 5393 εσκεύασε.
2367 5342 2473 5393 Καὶ
2501 5343 2528 5393 ὁ
2561 5341 2659 5410 μὲν
2688 5340 2858 5403 οὕτως
2903 5339 3311 5405 ἐπιϐουλευθεὶς
3356 5341 3431 5405 ὡς
3460 5343 3613 5414 ὑπερ-

2051 5432 2223 5502 κορὴς
2270 5432 2474 5502 σφόδρα
2521 5435 2586 5504 τῇ
2624 5431 2763 5504 μέθῃ
2816 5432 3129 5502 γενόμενος,
3156 5433 3291 5504 ὅπερ
3318 5437 3414 5488 καὶ
3438 5428 3623 5489 ἄλλοτε

2056 5522 2317 5587 πολλάκις
2376 5522 2618 5591 ἐγένετο,
2680 5524 2743 5576 ἐκ
2799 5522 2895 5576 τοῦ
2929 5525 3233 5593 συμποσίου
3272 5524 3619 5596 ἐξεκομίσοη.

2058 5615 2474 5683 Κατεργασθεὶς
2515 5614 2573 5667 δὲ
2599 5613 2677 5684 τῷ
2723 5616 3002 5685 φαρμάκῳ
3053 5616 3354 5685 μετήλλαξε
3386 5617 3476 5669 διὰ
3526 5622 3621 5687 τῆς

2056 5706 2269 5774 νυκτὸς,
2308 5705 2432 5778 μήτ’
2457 5709 2632 5762 εἰπεῖν
2666 5707 2788 5778 μήτ’
2819 5705 3054 5760 ἀκοῦσαί
3087 5707 3430 5779 τιδυνηοεὶς,
3453 5709 3617 5781 ζήσες
