4018 6250
273 286 382 354 957

1517 286 1923 351 ANNALIUM
1965 292 2110 354 LIB.
2153 290 2262 353 XI.

3416 290 3523 352 953

268 401 365 472 ἔτη
395 401 484 453 ἐπὶ
525 397 708 467 τρισὶν
739 397 1003 465 ἐξήκοντα
1030 400 1125 452 καὶ
1160 398 1336 470 μῆνας
1367 399 1460 454 δύο
1504 403 1598 454 καὶ
1627 397 1840 474 ἡμέρας

1951 403 2150 458 domini
2182 413 2390 460 custos.
2436 402 2544 460 Sed
2578 402 2814 458 Claudio
2838 402 3134 464 defuncte,
3169 409 3228 455 et
3261 400 3379 470 ipse
3411 409 3522 456 eta-

269 491 652 562 τρισκαίδεκα.
689 490 1049 559 αὑταρχήσας
1078 491 1124 542 δ’
1154 491 1436 555 ἐνιαυτοὺς
1469 495 1844 562 τρισκαίδεκα,

269 583 447 654 μῆνάς
464 599 520 634 τε
540 580 683 634 ὀκτὼ
706 579 800 633 καὶ
827 581 1036 650 ἡμέρας
1061 584 1254 636 εἴκοσι.
1277 584 1468 639 Ταῦτα
1483 587 1540 638 δὲ
1565 589 1596 655 ἡ
1620 586 1849 654 Ἀγριπι

267 675 404 726 πίνα
429 671 720 734 πεποίηκε,
746 675 839 724 τὸν
873 672 1188 740 Νάρκισσον
1213 675 1294 737 εις
1350 676 1684 743 Καμπανίαν
1707 692 1846 746 προ-

268 764 561 832 πέμψασα,
605 762 679 824 ὡς
711 763 823 825 τοῖς
886 763 1074 818 ὕδασιν
1105 766 1222 818 ἐκεῖ
1249 766 1387 836 πρὸς
1416 766 1516 838 τὴν
1567 767 1847 837 ποδάγραν

267 857 632 927 χρησόμενον.
665 855 740 908 Οὐ
773 856 884 926 γάρ
915 871 1046 909 ποτε
1074 858 1342 927 παρόντος
1362 859 1571 912 ἐκείνου
1601 859 1847 912 τοιοῦτόν

159 981 164 988 -
265 963 319 999 τι
355 947 678 1017 δεδρακέναι
709 947 930 1018 ἴσχυσεν
956 949 1045 1010 ἂν,
1071 948 1312 1010 τοιοῦτος
1335 949 1428 1001 τοῦ
1458 947 1721 1003 δεσπότου
1746 949 1848 1017 φύ-

265 1039 370 1103 λαξ
392 1039 685 1110 ἐτύγχανε.
721 1037 992 1102 Θανόντος
1021 1039 1077 1092 δὲ
1132 1039 1226 1092 τοῦ
1261 1040 1531 1094 Κλαυδίου
1563 1042 1657 1093 καὶ
1680 1042 1847 1102 αὐτὸς

265 1130 432 1194 εὐθὺς
492 1129 785 1199 διεφθάρη,
845 1131 1107 1199 μέγιστον
1164 1129 1435 1198 δυνηθείς.
1486 1131 1602 1201 Πρὸ
1659 1132 1715 1185 δὲ
1750 1133 1845 1185 τοῦ

269 1223 547 1290 σφαγῆναι
572 1220 736 1289 ἔργον
759 1221 1015 1290 λαμπρὸν
1043 1221 1393 1292 διεπράξατο.
1426 1223 1507 1276 Τὰ
1531 1225 1639 1294 γὰρ
1665 1224 1848 1294 γράμ-

271 1331 419 1384 ματα
471 1312 567 1365 τοῦ
617 1314 890 1366 Κλαυδίου
944 1315 1044 1366 ὅσα
1089 1314 1379 1384 ἀπόρρητα
1437 1315 1578 1367 κατά
1628 1331 1687 1367 τι
1746 1316 1845 1383 τῆς

281 1409 651 1478 Ἀγριππίνης
707 1408 802 1461 καὶ
857 1407 980 1460 καθ’
1016 1409 1221 1477 ἑτέρων
1246 1408 1410 1461 τινῶν
1439 1409 1602 1478 ἔχων,
1635 1404 1722 1462 οἷα
1748 1409 1846 1472 τὰς

267 1499 564 1562 ἐπιστολὰς
621 1499 789 1553 αὐτοῦ
823 1500 1062 1564 διοικῶν,
1123 1501 1337 1555 ἅπαντα
1372 1503 1843 1571 προκατέκαυσεν.

279 1590 524 1660 Ἐσφὰγη
553 1591 610 1644 δὲ
635 1591 788 1661 παρὰ
810 1590 887 1659 τῷ
916 1593 1014 1660 τῆς
1038 1592 1387 1657 Μεσσαλίνης
1414 1593 1686 1662 μνημείῳ,
1707 1595 1845 1664 ὅπερ

267 1685 332 1737 ὲκ
362 1684 656 1754 συντυχίας
688 1683 1034 1752 συνενεχθὲν,
1066 1684 1246 1749 εδοξεν
1275 1685 1357 1746 εἰς
1385 1686 1484 1754 τὴν
1515 1686 1734 1754 ἐκείνης
1760 1703 1836 1740 τι·

1953 495 2046 550 tim
2090 495 2332 562 interiit,
2387 511 2514 551 cum
2561 511 2831 550 summam
2880 493 3178 564 potentiam
3229 493 3520 548 tenuisset.

1946 587 2254 654 Antequam
2297 597 2482 641 autem
2533 586 2920 649 occideretur,
2973 585 3253 654 egregium
3308 582 3524 638 facinus

1947 677 2143 732 edidit.
2173 678 2308 734 Nam
2339 679 2550 733 litteras
2587 677 2802 734 Claudii
2842 691 3072 732 arcanas
3097 686 3291 730 contra
3325 673 3526 744 Agrip-

1947 771 2133 841 pinam
2167 781 2223 828 et
2249 773 2385 827 alios
2413 774 2654 842 scriptas
2677 772 2966 834 cremavit,
2993 786 3150 840 quas.
3199 778 3260 823 ut
3296 770 3390 838 qni
3443 769 3521 821 illi

1946 874 2093 918 esset
2121 865 2190 918 ab
2219 865 2488 934 epistolis.
2516 880 2709 918 omnes
2737 863 2994 917 habebat.
3028 863 3123 915 Est
3160 871 3346 915 autem
3369 861 3523 930 juxta

1951 954 2252 1010 Messalinae
2297 957 2614 1024 sepulcrum
2676 955 3050 1009 interfectus:
3093 952 3239 1021 quod
3295 950 3524 1006 fortuito

1947 1049 2177 1112 tactum,
2231 1047 2284 1101 in
2341 1047 2490 1100 illius
2545 1046 2810 1100 ultionem
2864 1044 3134 1098 accidisse
3178 1044 3358 1096 visum
3416 1050 3520 1095 est.

1946 1137 2172 1192 Cometa
2225 1139 2545 1206 longissimo
2582 1147 2831 1208 tempore
2862 1138 3138 1206 apparuit,
3169 1145 3225 1191 et
3263 1134 3521 1189 vexillum

1947 1231 2246 1284 satellitum
2274 1230 2444 1300 guttis
2481 1231 2801 1299 sanguineis
2839 1229 3127 1292 infectum,
3170 1239 3225 1282 et
3273 1227 3340 1280 de
3382 1225 3522 1280 caelo

1947 1329 2173 1375 tactum.
2208 1319 2573 1390 Contigerunt
2615 1330 2672 1374 et
2721 1320 2772 1373 id
2807 1335 2980 1388 genus
3011 1319 3151 1383 alia,
3202 1333 3322 1386 qute
3371 1317 3525 1385 signa

1953 1413 2213 1468 interitus
2269 1411 2484 1469 Claudii
2537 1413 2896 1482 putabantur.
2951 1411 3067 1466 Sub
3115 1412 3220 1464 hoc
3273 1409 3524 1477 principe

1947 1505 2204 1561 Theudas
2225 1507 2455 1569 exstitit,
2479 1507 2639 1575 cujus
2659 1507 2720 1559 D.
2756 1505 2935 1559 Lucas
2962 1504 3016 1557 in
3045 1504 3196 1557 Actis
3225 1501 3480 1555 meminit
3506 1516 3520 1554 :

1946 1608 2003 1655 et
2039 1599 2316 1669 Josophus
2359 1599 2754 1670 Antiquitatum
2809 1599 2952 1652 libro
3011 1612 3096 1650 nx
3141 1595 3343 1658 refert,
3394 1606 3524 1647 eum

1948 1692 2117 1748 fuisSc
2166 1693 2545 1761 impostorem,
2599 1692 2692 1761 qui
2747 1691 2953 1744 multos
2997 1687 3302 1748 seduxerit,
3348 1685 3527 1738 donec

272 1776 487 1846 μωρίαν
520 1747 798 1843 γενέσθαι.
831 1747 1011 1845 "(iiqu
1052 1747 1242 1844 μέντοι
1275 1747 1522 1846 κομήτης
1550 1747 1725 1849 ἀστήρ
1752 1779 1846 1829 ἐπὶ

1951 1787 2128 1841 Fadus
2161 1785 2363 1840 Judmze
2403 1795 2751 1856 procuratur,
2789 1783 2970 1836 missis
2996 1779 3277 1849 equitibus
3325 1776 3527 1830 multos

269 1870 543 1930 πλεῖστον,
579 1869 674 1922 καὶ
699 1869 882 1936 ψεκὰς
909 1869 1247 1938 αίμλτώδης,
1277 1870 1376 1922 καὶ
1415 1869 1660 1938 σκηπτὸς
1695 1871 1751 1932 ἐς
1785 1871 1847 1923 τὸ

1951 1883 2068 1948 ejus
2117 1888 2423 1934 sectatores
2463 1878 2768 1940 occiderit,
2819 1876 3021 1928 multos
3075 1872 3326 1942 ceperit,
3357 1879 3524 1936 mque

267 1961 626 2030 δορυφορικὸν
663 1963 888 2030 σημεῖον
931 1961 1194 2027 ἐνέπεσε,
1242 1963 1336 2014 καὶ
1365 1961 1508 2032 ἕτερ’
1534 1963 1671 2016 ἄττα
1720 1981 1847 2016 συν-

1951 1971 2054 2041 ipsi
2090 1971 2331 2025 Theudae
2364 1978 2529 2038 caput
2561 1967 2884 2036 amputarit.
2929 1965 3116 2020 Simon
3147 1976 3367 2030 quoque
3412 1959 3526 2012 Ma-

268 2054 465 2106 έπεσεν
486 2053 521 2108 ἃ
549 2057 748 2124 σημεῖα
769 2054 867 2123 τῆς
888 2055 1156 2108 Κλαυδίου
1180 2054 1440 2124 τελευτῆς
1459 2056 1843 2124 ἐλογίσθησαν.

1951 2081 2049 2136 gus
2078 2066 2180 2119 hoc
2211 2066 2518 2133 imperante
2568 2061 2755 2115 Romae
2808 2069 3089 2120 versatus,
3139 2055 3340 2107 multos
3386 2064 3524 2118 prae.

270 2145 476 2198 Τούτου
502 2144 633 2213 γοῦν
663 2145 1060 2215 μοναρχοῦντος
1112 2145 1208 2199 καὶ
1267 2145 1469 2209 Θευδᾶς
1504 2147 1721 2216 ἐγένετο
1744 2188 1758 2212 ,
1785 2143 1846 2201 οὗ

1951 2157 2131 2226 stigiis
2159 2155 2420 2224 deceptos
2450 2157 2504 2207 in
2546 2167 2700 2207 suam
2731 2160 2936 2206 sectam
2971 2146 3255 2218 pertraxit.
3291 2142 3346 2197 Id
3375 2138 3526 2210 quod

269 2238 366 2290 καὶ
397 2239 427 2289 6
454 2237 599 2300 θεῖος
624 2238 840 2300 Λουκᾶς
874 2238 932 2290 ὲν
957 2241 1077 2297 ταῖς
1108 2237 1346 2310 Πράξεσι
1381 2241 1677 2310 μέμνηται,
1701 2241 1796 2292 καὶ
1820 2243 1848 2293 6

1951 2248 2201 2305 Justinus
2230 2245 2595 2318 pliildSOpbus
2623 2255 2680 2299 et
2711 2252 2919 2314 martyr
2948 2243 3000 2295 in
3036 2238 3367 2294 Defensione
3398 2232 3529 2288 relic

280 2328 544 2400 Ἰώσηπος
565 2333 622 2383 ὲν
648 2330 727 2401 τῷ
759 2332 1230 2401 ἐννεακαιδεκάτῳ
1262 2333 1406 2400 λόγῳ
1431 2334 1531 2404 τῆς
1576 2334 1848 2402 Ἀρχαιο-

267 2422 478 2491 alariae
509 2423 734 2485 ἱστορεῖ,
780 2421 957 2490 γόητα
1015 2423 1178 2476 αὑτὸν
1206 2422 1338 2477 ὄντα
1364 2424 1596 2488 πολλοὺς
1627 2427 1847 2497 ἀπατῆο

269 2529 388 2578 σαι,
415 2512 521 2575 ἕως
550 2512 718 2575 Φᾶδος
754 2515 781 2564 6
807 2513 906 2582 τῆς
936 2512 1198 2578 Ἰουδαίας
1249 2516 1546 2586 ἐπίτροπος
1583 2517 1704 2588 ἴλην
1756 2521 1848 2571 ἰπ-

266 2606 420 2660 Ιΐιέων
447 2605 668 2674 πέμψας
715 2606 947 2669 πολλοὺς
969 2606 1076 2660 τῶν
1132 2611 1261 2678 περὶ
1287 2610 1449 2662 αὐτὸν
1480 2611 1682 2677 ἀνεῖλε,
1716 2614 1848 2665 πολο

261 2695 395 2762 λοὺς
417 2698 462 2751 δ’
508 2698 814 2768 ἐζώγρησε,
856 2698 953 2752 καὶ
1004 2698 1172 2752 αὑτοῦ
1205 2699 1262 2752 δὲ
1303 2699 1398 2753 τοῦ
1431 2701 1605 2756 Θευδᾶ
1635 2704 1852 2775 ζωγρηο

267 2788 456 2850 θέντος
513 2790 613 2857 τὴν
645 2788 822 2858 κάραν
858 2789 1124 2860 ἀπέτεμε.
1160 2792 1270 2844 Καὶ
1322 2792 1502 2861 Σίμων
1534 2794 1578 2847 δ’
1609 2798 1636 2847 ὁ
1659 2797 1850 2864 Μάγος

269 2881 365 2933 ἐπὶ
413 2883 604 2933 τούτου
663 2880 757 2932 τοῦ
820 2879 1086 2950 βασιλέως
1127 2885 1191 2953 τῇ
1267 2882 1454 2956 Ῥώμῃ
1501 2887 1850 2958 ἐπιδημήσας

267 2975 502 3039 πολλοὺς
554 2977 664 3028 τῶν
714 2976 885 3046 αὐτὴν
942 2977 1239 3032 οἰκούντων
1267 2981 1548 3049 γοητείαις
1597 2983 1849 3055 ὴπάτησε

1949 2343 2131 2414 gionis
2171 2350 2372 2394 nostra:
2398 2339 2465 2393 ad
2495 2337 2793 2392 Antonium
2836 2335 3114 2394 declarat,
3163 2330 3250 2384 his
3297 2324 3523 2381 verbis:

1954 2433 2079 2488 Post
2130 2432 2342 2486 Domini
2404 2431 2460 2484 in
2513 2428 2700 2483 caelum
2751 2425 3208 2494 assumptionem,
3262 2418 3526 2472 dwmones

1949 2525 2207 2596 quosdam
2239 2523 2472 2577 homines
2498 2520 2894 2578 snbornarunt,
2934 2515 3024 2580 qui
3051 2529 3107 2567 se
3141 2512 3261 2564 deos
3289 2522 3399 2562 esse
3443 2506 3530 2558 di~

1950 2627 2125 2672 carent
2157 2633 2174 2670 :
2199 2617 2290 2686 qui
2319 2616 2452 2668 adeo
2491 2631 2522 2668 a
2555 2613 2694 2667 vobis
2718 2611 2856 2682 pulsi
2878 2625 2983 2662 non
3010 2616 3158 2668 sunt,
3187 2612 3243 2657 ut
3269 2603 3342 2656 eis
3365 2602 3530 2655 Itono-

1952 2727 2062 2764 rem
2098 2708 2408 2764 habueritis.
2451 2707 2689 2771 Quorum
2717 2721 2744 2757 e
2777 2716 2996 2756 numero
3041 2699 3138 2769 fuit
3185 2695 3368 2751 Simon
3424 2690 3530 2746 Sa-

1951 2803 2285 2863 maritanus,
2336 2815 2364 2852 e
2402 2813 2539 2868 pagi)
2582 2797 2799 2851 Cittano
2827 2809 2846 2847 :
2874 2792 2964 2862 qui
2999 2807 3121 2844 cum
3167 2787 3261 2842 sub
3304 2785 3530 2839 Claudio

1952 2895 2165 2950 Ctesare
2193 2893 2492 2946 dwmonum
2520 2904 2681 2957 Opera
2711 2882 2976 2940 miracula
3005 2881 3248 2936 edidisset
3271 2918 3286 2942 ,
3320 2879 3375 2932 in
3399 2875 3528 2928 urbe

1954 3002 2125 3047 vestra
2155 2987 2492 3057 imperatrice
2517 2983 2705 3047 Roma,
2731 2983 2860 3034 deus
2893 2987 2966 3032 est
3002 2975 3210 3030 habitus
3233 2989 3252 3027 :
3274 2972 3517 3025 decreta-

267 3071 366 3124 καὶ
389 3069 799 3139 ἐσφετερίσατο.
834 3072 996 3143 Δηλοῐ
1031 3070 1088 3124 δὲ
1127 3071 1290 3124 τοῦτο
1320 3069 1605 3136 Ἰουστίνος
1641 3076 1670 3128 ό
1699 3074 1849 3144 φιλό-

1953 3099 2052 3147 que
2083 3082 2129 3135 ei
2154 3088 2334 3135 statua
2368 3080 2425 3133 in
2467 3075 2638 3130 Tiberi
2662 3075 2821 3144 ﬂuvio
2849 3073 2988 3124 inter
3025 3068 3156 3120 duos
3203 3071 3408 3134 pontes,
3443 3059 3528 3112 cui

268 3164 436 3231 σοφός
463 3180 522 3215 τε
564 3166 658 3217 καὶ
693 3164 903 3235 μάρτυς
958 3165 1016 3218 ἑν
1055 3167 1122 3235 τῇ
1173 3167 1312 3236 πρὸς
1359 3167 1676 3220 Ἀντωνῖνον
1707 3169 1850 3240 ὑπὲρ

268 3257 366 3311 τοῦ
395 3256 518 3309 καθ’
548 3258 692 3327 inid;
726 3257 996 3325 δόγματος
1027 3258 1314 3330 ἀπολογίᾳ,
1367 3259 1596 3329 γράφων
1641 3261 1813 3314 ταῦτα
1833 3279 1849 3292 ο

268 3350 381 3403 Καὶ
408 3350 559 3419 μετὰ
587 3349 700 3415 τὴν
719 3348 1033 3417 ἀνάληψιν
1060 3348 1170 3402 τοῦ
1217 3351 1440 3418 Κυρίου
1461 3353 1548 3418 εἰς
1567 3353 1848 3420 οὐρανὸν,

271 3440 725 3508 προεϐάλλοντο
761 3443 814 3495 οι
853 3440 1134 3510 δαίμονες
1179 3442 1534 3511 ἀνθρώπους
1561 3445 1728 3510 τινὰς
1751 3444 1849 3498 λέ-

267 3551 488 3603 τοντας
540 3533 794 3599 ἑαυτοὺς
840 3531 996 3588 εἶναι
1056 3534 1250 3600 θεοὺς.
1302 3533 1358 3588 οε
1408 3537 1481 3590 οὐ
1505 3537 1701 3604 μόνον
1737 3541 1849 3591 οὐκ

268 3625 651 3694 ἐδιώχθησαν
687 3627 785 3694 ὑφ’
836 3625 1021 3694 ὑμῶν,
1078 3627 1242 3680 dum
1263 3627 1359 3680 καὶ
1391 3625 1564 3695 τιμῆς
1591 3626 1850 3695 ἠξιώθη-

268 3731 430 3773 σαν*
463 3713 552 3773 ὧν
579 3714 661 3782 εἷς
693 3721 788 3773 καὶ
823 3721 1018 3788 Σίμων
1044 3723 1075 3773 ό
1099 3720 1406 3788 Σαμαρεὺς
1434 3723 1466 3774 ὀ
1501 3720 1617 3774 ἀπὸ
1648 3720 1850 3790 κώμης

268 3810 520 3873 Γιττῶν,
545 3810 614 3874 ὃς
646 3811 744 3863 ἐπὶ
772 3812 1076 3865 Κλαυδίου
1118 3812 1418 3878 Καίσαρος
1457 3809 1555 3863 διὰ
1581 3809 1691 3878 τῆς
1730 3811 1851 3864 τῶν

271 3905 575 3975 δαιμόνων
605 3905 908 3973 ἐνεργείας
953 3903 1240 3972 δυνάμεις
1278 3902 1540 3972 ματικὰς
1589 3903 1852 3971 ποιήσας

1959 3175 2210 3230 Romanis
2249 3171 2436 3225 litteris
2465 3167 2774 3236 inscriptum
2807 3171 2903 3227 est,
2938 3159 3142 3215 Simoni
3179 3161 3278 3208 deo
3316 3157 3526 3206 saneto.

1954 3269 2152 3322 Petrus
2181 3280 2403 3336 quoque
2452 3264 2616 3334 568
2650 3260 2752 3315 sub
2783 3257 3014 3313 Claudio
3045 3255 3232 3308 Ruina:
3271 3245 3531 3302 salutaris

1955 3335 2211 3429 prreconii
2263 3356 2472 3411 semina
2525 3352 2762 3423 sparsit,
2814 3350 2903 3404 cui
2945 3347 3102 3400 multi
3157 3360 3224 3398 ex
3267 3335 3531 3395 Romanis

1956 3449 2114 3504 fidem
2159 3447 2473 3502 habuerunt
2508 3462 2522 3499 :
2557 3445 2742 3513 itaque
2787 3439 3038 3495 doctrina
3087 3432 3353 3505 principis
3400 3443 3532 3496 apo-

1954 3543 2222 3597 stolorum
2255 3539 2400 3609 capti
2440 3545 2590 3594 sunt.
2619 3545 2679 3590 ut
2704 3533 2839 3589 solis
2867 3533 2988 3601 ejus
3019 3528 3206 3582 verbis
3235 3539 3342 3578 non
3394 3535 3532 3576 con-

1957 3637 2112 3698 tenti,
2146 3633 2386 3686 Marcum
2426 3629 2759 3699 apostolum,
2798 3623 2944 3679 Petri
2991 3620 3247 3676 comitem
3275 3654 3290 3677 ,
3334 3625 3532 3666 exora—

1956 3732 2082 3778 rent
2115 3732 2177 3778 ut
2224 3722 2525 3777 conciones
2569 3717 2769 3774 summi
2801 3716 2903 3770 viri
2938 3711 3156 3780 scriptis
3195 3705 3480 3762 mandaret
3510 3714 3528 3755 :

1956 3825 2122 3885 atque
2155 3815 2209 3868 in
2239 3828 2406 3868 causa
2441 3819 2663 3875 essent,
2699 3817 2759 3862 ut
2784 3806 2949 3862 Marci
2993 3799 3348 3870 Evangelium
3388 3808 3528 3848 con-

1959 3909 2319 3971 scriberetur,
2353 3900 2816 3974 quemadmodum
2850 3897 3016 3953 refert
3045 3890 3340 3948 Eusebius.

268 4003 344 4054 ἐν
372 3971 454 4070 τῇ
480 4004 653 4055 πόλει
682 3971 848 4068 ὑμῶν
880 3999 956 4067 τῇ
975 3971 1256 4063 ,ϐασιλίδι
1300 3998 1512 4068 Ῥώμῃ,
1555 3999 1692 4065 θεὸς
1755 3999 2070 4070 ἐνομίσθη,
2133 4000 2232 4054 καὶ
2291 3971 2597 4066 ἀνδριάντι
2625 3994 2760 4063 παρ’
2805 3989 2951 4061 ὑμῖν
3012 3986 3312 4054 τετίμηται
3351 3979 3420 4033 ἐν
3449 3971 3530 4040 τῷ

277 4093 524 4166 Τιόἐμιδι
549 4091 791 4162 ποταμῷ
843 4091 1072 4162 μεταξὺ
1139 4091 1258 4146 τῶν
1300 4091 1412 4146 δύο
1457 4091 1733 4160 γεφυρῶν
1804 4069 2104 4164 ἱσταμένῳ
2130 4131 2147 4157 ,
2213 4090 2555 4161 γράμμασιν
2611 4080 3088 4154 ἐπιγεγραμμένῳ
3161 4069 3528 4144 Ῥωμαῖκοῖς,

270 4165 492 4256 Σίμωνι
523 4188 640 4254 δέῳ
659 4188 898 4258 σάγκτφ
917 4206 931 4220 ο
961 4189 1098 4257 ὅπερ
1123 4187 1620 4258 ὲξελληνιζόμενον,
1676 4189 1880 4258 Σίμωνι
1921 4188 2028 4259 θεῷ
2087 4189 2228 4259 ἁγίῳ
2254 4187 2422 4258 δηλοῖ.
2459 4187 2567 4239 Καὶ
2601 4185 2628 4236 6
2665 4184 2869 4251 Πέτρος
2891 4181 2946 4232 δὲ
2972 4177 3066 4230 ἐπὶ
3093 4171 3354 4227 Κλαυδίου
3377 4165 3530 4235 πρῶ·

269 4298 368 4338 τον
412 4284 730 4353 ἐπεδήμησε
787 4285 853 4353 τῇ
923 4282 1136 4356 Ῥώμῃ,
1170 4283 1233 4335 τὺ
1293 4285 1561 4353 σωτήριον
1627 4284 1891 4353 κήρυγμα
1924 4283 2380 4352 ἐγκατασπείρων
2446 4280 2608 4347 αὐτῇ,
2658 4275 2754 4330 καὶ
2810 4273 2888 4342 τῷ
2936 4271 3074 4340 φωτὶ
3127 4269 3224 4336 τῆς
3273 4260 3532 4333 ἀληθείας

271 4380 641 4449 καταυγὰζων
665 4382 764 4442 τὰς
793 4378 1032 4442 διανοίας
1059 4379 1166 4433 τῶν
1198 4381 1257 4432 ὲν
1288 4380 1451 4450 αὐτῇ,
1519 4377 1595 4441 ὡς
1665 4383 1758 4434 καὶ
1824 4379 2051 4443 πολλοὺς
2105 4378 2396 4433 πιστεῦσαι
2422 4374 2530 4428 τῶν
2566 4369 2880 4440 Ῥωμαίων,
2919 4365 3016 4419 καὶ
3037 4363 3208 4424 οὕτως
3241 4359 3445 4414 ἀλῶναι
3465 4357 3529 4424 τῇ

269 4473 593 4543 διδασκαλίᾳ
615 4472 710 4525 τοῦ
749 4472 1055 4542 κορυφαίου
1090 4471 1198 4524 τῶν
1237 4473 1552 4525 ἀποστόλων
1596 4471 1672 4535 ὡς
1711 4472 1848 4542 μηδὲ
1885 4475 1996 4537 τοῖς
2055 4473 2235 4539 λόγοις
2297 4467 2464 4522 αὑτοῦ
2517 4462 2855 4536 ἀρκεσθῆναι
2888 4457 3097 4528 μόνοις.
3147 4450 3534 4543 παρακὶήτιεςσι

269 4568 330 4621 δὲ
375 4566 514 4635 πρὸς
547 4540 772 4634 Μάρκον
821 4540 1132 4636 χρήσασθαι
1175 4564 1266 4616 τὸν
1298 4565 1598 4618 ἀπόστολον
1649 4540 1847 4618 ὀπαδὸν
1891 4565 2022 4619 ὅντα
2077 4565 2311 4634 Πέτρου,
2372 4561 2654 4630 ἔγγραφον
2683 4556 2868 4614 αὐτοῖς
2913 4551 3011 4619 τῆς
3077 4545 3170 4600 τοῦ
3231 4540 3532 4615 κορυφαίου

266 4659 618 4722 διδασκαλίας
646 4658 901 4712 ἐκθέσθαι
939 4658 1262 4726 ὑπόμνημα,
1299 4658 1394 4712 καὶ
1417 4659 1618 4721 αὐτοὺς
1679 4659 1890 4722 αἰτίους
1929 4659 2182 4728 γενέσθαι
2211 4658 2308 4728 τῆς
2341 4655 2436 4708 τοῦ
2461 4651 2605 4706 κατὰ
2633 4649 2860 4719 Μάρκον
2890 4639 3223 4710 Εὐαγγελίου
3292 4649 3532 4704 συγγρα-

271 4758 407 4827 φῆς.
435 4755 592 4806 Οὕτω
615 4751 770 4805 ταῦθ’
804 4751 1087 4823 ἱστόρησεν
1110 4755 1138 4806 6
1166 4753 1445 4816 Εὐσέϐιος.

281 4826 292 4886 ’ί
344 4826 448 4905 iB’.
483 4850 593 4902 Καὶ
621 4848 887 4911 Κ-λαύδιος
936 4849 1033 4918 μὲν
1059 4847 1119 4901 ὃν
1173 4849 1387 4919 εἴρηται
1441 4850 1640 4920 τρόπον
1671 4851 1730 4914 ἐξ
1750 4851 1844 4902 av-

2022 4846 2141 4901 XII.
2186 4841 2418 4899 Claudio
2443 4840 2509 4895 ad
2537 4839 2686 4893 hunc
2715 4831 2960 4896 modum,
2993 4839 3052 4884 ut
3090 4826 3396 4897 expositum
3425 4828 3534 4880 est.

271 4942 514 5014 θρὼπων
548 4942 765 5010 ἐγένετο
785 4957 798 4972 ·
833 4916 1002 5011 τὴνδ’
1033 4916 1331 5012 ἡγεμονίαν
1360 4916 1550 5013 Νέρων
1574 4943 1849 5014 ἐσφετερί-

1959 4941 2125 4994 rebus
2185 4934 2440 4990 humanis
2504 4939 2802 4998 exemplo,
2863 4927 3010 4981 Nero
3062 4920 3356 4990 adoptivus
3414 4916 3535 4982 ejus

274 5052 410 5088 σατο
441 5035 540 5100 τῆς
584 5032 952 5101 Ἀγριππίνης
1004 5033 1208 5103 σπουδῇ
1233 5074 1246 5095 ,
1299 5034 1412 5095 υίὸς
1445 5033 1612 5104 αὐτῆς
1661 5033 1737 5086 ὢν
1769 5036 1859 5087 καὶ

271 5127 591 5195 είσποιητδς
625 5126 754 5188 παῖς
781 5123 859 5194 τῷ
890 5123 1144 5193 Κλαυδίῳ
1175 5125 1486 5192 γενόμενος,
1513 5125 1622 5179 τῶν
1655 5141 1709 5177 τε
1736 5127 1858 5178 δια-

270 5219 462 5286 θηκῶν
485 5217 582 5270 τοῦ
616 5216 884 5271 Κλαυδίου
910 5215 1320 5283 ἀφανισθεισῶν
1343 5218 1548 5270 καὶτοῦ
1571 5218 1859 5289 Βρεττανι-

273 5307 377 5362 κοῦ
410 5306 962 5376 παρηγκωνισμένου,
990 5305 1048 5368 ὃς
1073 5307 1296 5376 γνήσιος
1320 5299 1390 5377 ἦν
1424 5306 1518 5361 τοῦ
1564 5308 1858 5372 τεθνεῶτος

271 5401 413 5464 υῑὲς,
442 5401 498 5452 ὲν
528 5399 752 5468 παιδικῇ
783 5398 878 5466 ἐτη
901 5398 1187 5467 τυγχάνων
1210 5400 1271 5464 τῇ
1299 5398 1507 5470 ἡλικίᾳ.
1542 5400 1648 5452 Τοῦ
1674 5401 1862 5470 Νέρω-

269 5511 363 5557 νος
387 5493 444 5546 δὲ
468 5494 873 5566 αὐτοκράτορος
901 5511 996 5549 και
1029 5493 1344 5560 Αὐγούστου
1375 5494 1481 5546 ὑπό
1506 5509 1564 5545 τε
1591 5493 1693 5562 τῆς
1723 5493 1855 5562 βου-

1958 5031 2135 5090 filius.
2169 5026 2479 5096 Agrippime
2506 5021 2696 5078 matris
2726 5035 2894 5090 opera
2937 5015 3042 5071 sibi
3073 5008 3376 5067 vindicavit
3424 5006 3531 5059 im-

1957 5121 2194 5193 perium,
2228 5117 2441 5172 Claudii
2473 5122 2805 5169 testamento
2846 5107 3072 5168 abolito,
3115 5113 3172 5159 et
3213 5098 3534 5156 Britannico

1955 5223 2160 5278 amoto,
2195 5211 2290 5282 qui
2323 5224 2619 5281 germanus
2654 5201 2896 5260 defuncti
2937 5200 3080 5253 ﬁlius
3105 5237 3118 5260 ,
3146 5195 3393 5266 pueritiae
3431 5208 3530 5246 an-

1955 5322 2056 5361 nos
2087 5304 2330 5358 nondum
2360 5307 2689 5356 excesserat.
2727 5297 2942 5350 Nerone
2983 5307 3012 5344 a
3045 5296 3239 5344 senatu
3284 5296 3340 5341 et
3379 5286 3528 5339 mili-

1957 5398 2104 5454 tibus
2131 5396 2464 5464 imperatorc
2493 5399 2550 5445 et
2585 5392 2834 5459 Augusto
2877 5383 3154 5438 declarato
3181 5420 3196 5444 ,
3230 5378 3530 5448 Agrippina

1954 5490 2246 5560 imperium
2273 5487 2375 5542 sub
2407 5487 2555 5540 illius
2583 5482 2803 5536 nomine
2839 5477 3255 5537 administrans,
3305 5476 3520 5527 venalia

271 5588 375 5655 λῆς
404 5588 500 5641 καὶ
521 5590 620 5658 τῆς
643 5565 900 5659 στρατιᾶς
941 5587 1472 5658 ἀναγορευθέντος.ή
1519 5584 1849 5656 Ἀγριππίνα

1951 5581 2146 5638 habuit
2197 5579 2383 5634 omnia
2423 5597 2439 5631 :
2479 5576 2574 5631 sed
2628 5583 2874 5640 tempore
2931 5569 3266 5638 procedente
3317 5565 3524 5619 Seneca

277 5678 460 5733 πάντα
491 5679 560 5732 τὰ
583 5681 648 5749 τῇ
678 5681 820 5750 ἀρχῇ
874 5680 1222 5749 προσήκοντα
1275 5676 1462 5748 διῴκει
1511 5676 1592 5746 τῷ
1641 5676 1849 5728 ἐκείνου

1952 5673 2245 5745 praefectus
2271 5667 2593 5723 satellitum.
2631 5672 2683 5718 ct
2713 5663 2924 5716 Burrus
2963 5659 3224 5730 magister
3250 5655 3484 5712 Neronis
3506 5693 3521 5712 .

277 5771 512 5844 ὀνόματι
535 5771 918 5846 καπηλεύουσα
943 5771 1138 5828 πάντα.
1167 5771 1449 5843 Προϊόντος
1469 5769 1526 5825 δὲ
1550 5768 1643 5826 τοῦ
1661 5767 1849 5840 κρόνου

1951 5767 2043 5823 illa
2088 5766 2365 5829 submota,
2426 5757 2719 5829 imperium
2767 5751 3014 5825 quandiu
3069 5751 3262 5817 licuit,
3315 5749 3523 5819 optimc
