4018 6250
460 283 568 347 959

1717 272 2041 337 JOANNIS
2083 269 2409 331 ZONARx‘E

3604 254 3715 317 960

458 401 768 463 gesserunt.
801 392 945 448 Nero
975 392 1121 447 enim
1152 406 1276 445 cum
1308 404 1491 444 rerum
1518 388 1806 458 potiretur,
1846 386 2032 440 admo-

2146 386 2163 437 5
2196 383 2431 442 Σενέκας
2457 380 2696 448 ἔπαρχος
2722 376 2799 431 ὣν
2827 374 2921 429 τοῦ
2943 368 3327 442 ὣρυφορικοῦ.
3360 370 3455 423 καὶ
3487 370 3515 421 ό
3544 365 3717 438 Βοῦρο

461 487 593 539 dum
620 486 942 540 adolescens
973 486 1167 552 (annos
1195 481 1344 537 enim
1384 491 1497 536 tum
1529 496 1638 535 xvu
1675 478 1948 547 habebat)
1976 484 2032 531 et

459 577 559 631 otii
619 592 785 646 quam
840 575 1046 646 negotii
1104 575 1412 636 amantior,
1464 572 1783 639 indulgebat
1833 570 2028 640 genio,

459 667 710 732 amabat,
739 667 1189 730 comessabatur,
1231 666 1470 732 potabat,
1503 664 1650 719 ludis
1692 661 2034 734 gladiatoriis

461 770 516 811 et
549 757 893 812 circensibus
928 757 1176 821 vacabat,
1223 773 1333 811 non
1368 756 1586 827 augusti
1628 755 1799 810 animi
1843 755 2029 818 homo,

463 849 556 903 sed
613 857 992 918 sumptuosus,
1041 865 1105 903 ac
1161 849 1347 919 potius
1398 848 1678 918 prodigus.
1729 846 1901 917 Cujus
1949 846 2034 901 vel

461 940 591 993 illud
626 952 1010 1009 argumentum
1049 949 1156 1004 est,
1196 939 1342 1009 quod
1384 938 1474 994 uni
1505 953 1574 993 ex
1612 937 1899 992 sodalibus
1951 935 2036 991 bis

459 1031 659 1085 millies
679 1041 736 1085 et
764 1032 1117 1103 quingenties
1142 1033 1287 1087 mille
1314 1032 1602 1087 drachmas
1629 1032 1842 1102 argenti
1870 1029 2034 1085 simul

459 1123 576 1178 dari
599 1124 782 1193 jussit.
803 1124 939 1179 Cum
971 1140 1101 1180 vero
1138 1126 1435 1195 Agrippina
1469 1123 1759 1194 pecuniam
1790 1131 2061 1178 coactam:

458 1212 509 1265 ei
551 1214 963 1281 proponendam
1015 1222 1296 1279 curasset,
1355 1224 1414 1267 ut
1462 1222 1612 1268 tanta
1659 1227 1872 1267 summa
1919 1212 2037 1265 visa

462 1312 701 1358 mutaret
756 1304 1098 1358 consilium:
1144 1307 1232 1359 ille
1290 1322 1349 1359 re
1403 1306 1720 1368 intellecta,
1784 1304 2035 1374 rogavit,

460 1393 732 1460 Quantum
790 1404 922 1449 esset
973 1396 1076 1449 id?
1125 1413 1250 1450 cum
1296 1397 1581 1453 didicisset
1620 1415 1634 1453 :
1680 1397 2036 1468 Ignorabam,

462 1488 680 1556 inquit,
718 1502 801 1540 me
838 1499 946 1541 tam
993 1506 1184 1557 parum
1222 1492 1481 1551 donasse,
1529 1505 1594 1544 ac
1633 1505 1903 1544 summam
1938 1489 2040 1545 du-

462 1579 651 1646 plicari
692 1579 877 1646 jussit.
922 1581 1001 1634 Eo
1053 1590 1212 1648 pacto
1260 1583 1390 1636 ﬁsco
1440 1583 1700 1638 celeriter
1743 1583 2038 1648 exhausto,

459 1670 718 1725 celeriter
765 1672 925 1725 novis
976 1672 1241 1727 facienda:
1293 1676 1541 1743 pecunia:
1580 1674 1892 1730 rationibus
1937 1674 2040 1729 fuit

461 1776 621 1829 Opus.
686 1763 874 1832 Itaque
952 1764 1174 1818 insolita
1235 1766 1518 1837 vectigalia
1581 1767 1763 1822 ubivis
1833 1767 2037 1838 exegit.

460 1852 760 1923 Agrippina
790 1872 941 1919 vero,
973 1866 1031 1911 ut
1057 1869 1176 1911 erat
1201 1859 1543 1923 avarissima,
1571 1859 1929 1915 vehementer
1960 1860 2043 1914 in-

461 1944 744 2016 dignante,
774 1950 1135 2004 corradeuda:
1162 1951 1268 2005 sibi
1312 1952 1564 2021 pecuniae
1597 1952 1908 2023 ademptam
1945 1968 2043 2009 oc-

461 2038 745 2094 casionem
770 2082 785 2107 ,
820 2050 877 2096 et
909 2044 1243 2099 comminata
1277 2059 1335 2099 se
1367 2045 1751 2101 Britannicum
1800 2046 2042 2116 impera-

459 2141 639 2187 torem
693 2132 1007 2191 facturam':
1037 2136 1182 2191 Nero
1212 2139 1460 2203 territus,
1494 2140 1647 2194 illum
1682 2154 1896 2196 veneno
1913 2155 2041 2195 sus-

464 2226 605 2295 tulit.
669 2225 923 2292 Quicum
953 2230 1139 2284 statim
1170 2230 1513 2302 diriguisset,
1537 2242 1596 2288 et
1621 2249 1721 2301 pro
1746 2234 2044 2306 epileptico

460 2318 776 2384 efferretur,
806 2337 931 2378 cum
966 2322 1173 2377 livores
1197 2339 1266 2378 ex
1305 2339 1519 2380 veneno
1562 2327 1618 2380 in
1661 2342 1896 2398 corpore
1940 2343 2042 2398 ap-

465 2424 750 2480 parerent,
797 2431 967 2486 gypso
1021 2417 1281 2472 inunctus
1326 2433 1426 2487 per
1469 2419 1651 2474 forum
1699 2422 2040 2490 gestabatur.

465 2502 523 2557 lal
560 2504 743 2559 adhuc
776 2507 1070 2572 liquidum,
1103 2508 1298 2578 ingens
1321 2510 1505 2578 pluvia
1530 2526 1761 2581 prorsus
1785 2511 2040 2576 detersit,

465 2603 528 2647 nt
558 2593 770 2650 facinus
798 2612 907 2652 non
940 2607 1150 2653 tantum
1183 2599 1347 2671 569
1375 2601 1665 2656 audiretur
1688 2643 1704 2668 ,
1737 2604 1831 2657 sed
1876 2604 2043 2658 etiam

465 2683 645 2739 oculis
673 2696 1015 2742 cerneretur.
1053 2690 1182 2745 Post
1210 2692 1377 2745 etiam
1417 2701 1647 2747 matrem
1690 2693 2042 2764 Agrippinam

466 2792 566 2846 per
594 2777 854 2834 libertum
899 2782 1191 2837 Anicetum
1237 2786 1460 2840 sustulit
1497 2802 1665 2857 :qute
1712 2802 1837 2843 cum
1881 2789 2046 2845 caedis

468 2869 782 2926 ministrum
818 2873 1013 2929 adesse
1048 2877 1430 2943 intellexisset,
1465 2879 1705 2935 lacerata
1737 2891 1911 2947 veste,
1941 2900 2047 2938 nu-

467 2962 708 3034 datoque
737 2974 927 3021 ventre
952 2984 967 3023 :
998 2967 1175 3033 Ilunc,
1208 2971 1365 3036 hunc,
1397 2971 1600 3041 inquit,
1631 2972 1879 3040 Anicete,
1907 2976 2042 3046 feri,

2139 478 2228 544 ρος
2259 472 2583 536 διδάσκαλος
2629 469 2727 524 τοῦ
2775 468 3053 538 Νέρωνος,
3105 464 3208 533 τὴν
3264 461 3366 532 μὲν
3431 460 3717 514 ἔπαυσαν

2137 567 2291 619 αὐτοὶ
2315 564 2373 617 δέ
2402 563 2505 631 τὴν
2537 561 2711 633 ἀρχὴν
2743 559 2949 629 ἧνυσαν
2979 558 3177 626 ἄριστα
3208 554 3295 623 ἐφ’
3325 549 3722 621 ὅσονπερῂδν-

2134 655 2397 723 νήθησαν.
2439 653 2499 708 ’0
2521 654 2628 724 γὰρ
2644 652 2840 723 Νέρων
2868 649 3137 711 νεώτατος
3164 647 3453 715 τυγχάνων
3476 642 3555 697 ὅτ’
3588 645 3709 711 ἐμο-

2136 749 2436 818 νάρχησεν.
2469 745 2976 817 (ἑπτακαιδέκατον
3007 740 3120 811 γὰρ
3153 739 3272 802 ἔτος
3305 736 3408 810 ἦγε
3468 737 3587 790 τότε
3619 734 3724 803 τῆς

2137 842 2358 910 ἡλικίας
2387 840 2553 894 αὐτοῦ
2575 842 2613 908 ),
2640 840 2733 893 καὶ
2764 839 2901 908 μήτε
2928 833 3415 906 φιλοπραγματίας
3441 829 3542 895 ὢν,
3567 828 3726 898 ἐτρύ-

2139 953 2214 1004 φα
2248 934 2344 989 καὶ
2372 934 2482 1005 ἦρα
2514 933 2610 987 καὶ
2635 930 2915 1000 ἐκώμαζε,
2938 929 3037 983 καὶ
3065 927 3288 997 ἐμὲθυε,
3344 922 3440 976 καὶ
3474 938 3724 993 μονομαο

2138 1028 2285 1099 χίαις
2319 1029 2414 1081 καὶ
2464 1025 2854 1096 ἱπποδρομίαις
2908 1019 3194 1100 ἐσχόλαζε.
3251 1012 3725 1077 Πολυδάπανοςδέ

2141 1120 2236 1173 καὶ
2265 1120 2326 1172 οὐ
2364 1118 2686 1188 μικρόφρων
2738 1111 2830 1187 ἦν,
2859 1114 2994 1168 ἀλλὰ
3028 1113 3230 1183 μᾶλλον
3283 1108 3724 1177 ἀσωτευόμενος.

2140 1212 2457 1282 Τεκμήριον
2490 1210 2568 1275 δὲ,
2591 1211 2698 1263 τινὶ
2718 1209 2829 1262 τῶν
2866 1207 2996 1277 περὶ
3024 1205 3188 1259 αὐτὸν
3218 1205 3562 1271 πεντήκοντα
3611 1200 3729 1269 ἅμα

2139 1306 2234 1359 καὶ
2263 1303 2549 1365 διακοσίας
2574 1300 2843 1373 μυριάδας
2895 1299 3162 1370 ἀργυρίου
3185 1296 3407 1366 δοθῆναι
3437 1292 3726 1357 κελεύσας,

2140 1397 2390 1466 ἐπειδὴή
2440 1395 2778 1465 Ἀγριππίνα
2822 1392 3131 1464 ἀθροίσασα
3179 1389 3242 1442 τὸ
3274 1387 3566 1459 ἀργύριον,
3598 1383 3730 1438 ἐνώ-

2143 1506 2268 1543 πιον
2297 1489 2464 1542 αὐτοῦ
2493 1488 2721 1558 τεθῆναι
2753 1487 3080 1555 πεποίηκεν,
3100 1482 3169 1537 ἵν’
3205 1481 3402 1554 ἀθρόον
3438 1478 3569 1533 ἰδὼν
3596 1477 3731 1534 αὐτὸ

2147 1582 2548 1654 μεταδάληται,
2609 1583 2792 1642 συνεὶς
2841 1580 3047 1642 ἐκεῖνος
3106 1578 3272 1648 ῆρετο
3315 1577 3519 1630 Πόσον
3544 1574 3642 1640 εἴη
3664 1573 3732 1627 τὸ

2144 1673 2599 1745 κειμενογ;.κα“ι
2634 1672 2843 1742 μαθὼν,
2889 1671 3217 1741 Ἢγνόησα,
3281 1664 3459 1729 εἶπεν,
3522 1666 3735 1735 ὀλίγον

2143 1769 2296 1823 οὕτω
2326 1765 2783 1837 κεχαρισμένος,
2804 1765 2900 1817 καὶ
2928 1761 3392 1830 διπλασιασθῆναι
3415 1759 3733 1814 ἐκέλευσεν.

2144 1862 2302 1916 Οὕτω
2325 1861 2383 1915 δέ
2412 1860 2550 1931 ταχὺ
2576 1858 2708 1922 τοὺς
2730 1857 3044 1928 βασιλικοὺς
3073 1855 3368 1925 ἐξήντλησε
3395 1850 3735 1922 θησαυροὺς,

2143 1956 2280 2024 ταχὺ
2310 1953 2367 2006 δὲ
2395 1950 2578 2023 πόρων
2609 1949 2803 2019 ἐδεήθη
2851 1946 3077 2012 καινῶν,
3134 1946 3230 1999 καὶ
3290 1945 3420 2013 τέλη
3453 1942 3556 1996 οὐκ
3602 1942 3739 1994 εἰθι-

2147 2047 2326 2116 σμένα
2353 2042 2621 2098 πάντοθεν
2647 2041 2954 2109 ἐξελέγετο.
3006 2038 3119 2109 Τῆς
3148 2037 3194 2091 δ’
3247 2035 3622 2107 Ἀγριππίνης
3654 2034 3740 2086 ὅτι

2149 2138 2225 2209 μὴ
2294 2135 2691 2208 ἀργυρολογεῖν
2738 2133 2999 2204 ἠδύνατο,
3060 2130 3539 2202 φυλαργυρωτάτη
3575 2122 3738 2190 οὖσα,

2147 2230 2472 2302 περιθύμως
2530 2224 2906 2300 όργισθέίσης,
2958 2227 3056 2281 καὶ
3108 2222 3589 2294 ἀπειλησαμένης,
3644 2220 3743 2272 τὸν

2144 2322 2511 2395 Βρεττανικὸν
2541 2322 2929 2393 αὐτοκράτορα
2980 2318 3374 2388 καταστήσειν.
3406 2314 3672 2385 φοϐηθεὶς
3712 2313 3745 2366 ό

2145 2416 2344 2488 Νέρων
2373 2415 2665 2469 ἀπέκτεινε
2697 2414 2981 2484 φαρμάκῳ
3005 2412 3173 2466 αὐτόν
3193 2429 3205 2442 ·
3251 2411 3348 2465 καὶ
3375 2411 3405 2463 ό
3433 2409 3534 2480 μὲν
3559 2424 3745 2477 παρα-

2144 2506 2336 2576 χρῆμα
2356 2502 2627 2573 ἀπέψυξε,
2662 2505 2759 2558 καὶ
2779 2504 3023 2575 φοράδην
3070 2503 3148 2567 ὡς
3178 2502 3483 2572 ἐπίληπτος
3511 2500 3747 2551 ἐκκεκό-

2150 2613 2332 2667 μιστο.
2384 2597 2474 2654 Ἐν
2496 2596 2552 2649 δέ
2581 2612 2647 2664 γε
2673 2598 2740 2667 τῇ
2773 2596 2984 2668 ἐκφορᾷ
3012 2594 3138 2648 ἐπεὶ
3185 2592 3434 2655 πελιδνὸς
3477 2590 3586 2643 ὑπὸ
3641 2587 3744 2642 τοῦ

2147 2689 2442 2760 φαρμάκου
2494 2686 2713 2756 γέγονε,
2762 2686 2922 2757 γύψῳ
2977 2684 3227 2757 χρισύεὶς
3257 2684 3348 2737 διὰ
3395 2684 3497 2752 τῆς
3529 2682 3745 2752 ἀγορᾶς

2146 2784 2333 2855 ἠγετο.
2381 2781 2567 2845 ’Υετδς
2619 2779 2681 2833 δι
2719 2779 2888 2843 πολὺς
2920 2779 3097 2855 ὑγρᾷς
3127 2777 3210 2831 ἐτι
3241 2779 3340 2848 τῆς
3367 2774 3545 2843 γύψου
3569 2774 3746 2843 οὔσης

2147 2874 2451 2940 ἐπιπεσὼν,
2488 2874 2710 2929 ἃπασαν
2734 2873 2952 2945 ἐκείνην
2982 2852 3296 2926 ἀπέκλυσεν
3322 2887 3335 2901 ·
3362 2869 3507 2925 ὥστε
3538 2869 3601 2922 τὸ
3628 2868 3747 2922 δει-

2147 2970 2237 3025 νὸν
2267 2970 2341 3041 μὴ
2373 2970 2535 3038 μόνον
2559 2967 2880 3034 ἀκούεσθαι,
2904 2966 3042 3020 ἀλλά
3062 2966 3159 3020 καὶ
3182 2964 3436 3037 ὁρᾶσθαι.
3466 2961 3750 3030 ’Ὕστερον

469 3054 615 3152 quod
661 3054 926 3111 Neronem
956 3062 1178 3130 peperit.
1243 3061 1315 3116 Ea
1362 3063 1672 3130 interiecta,
1730 3066 1877 3121 Nero
1929 3068 2042 3137 ipse

2149 3062 2206 3115 δὲ
2236 3063 2331 3115 καὶ
2356 3062 2455 3133 τὴν
2480 3062 2696 3132 μητέρα
2726 3061 2827 3131 τὴν
2879 3058 3272 3130 Ἀγριππίναν,
3306 3056 3402 3109 τὸν
3436 3052 3750 3109 ἀπελεύθε-

464 3142 669 3200 intueri
720 3148 934 3205 facinus
983 3152 1186 3218 voluit,
1236 3169 1470 3224 eamque
1518 3172 1737 3211 omnem
1779 3158 2042 3213 nudatam

465 3238 845 3305 perlustravit,
876 3252 934 3297 et
977 3245 1204 3299 vulnera
1247 3248 1575 3305 numeravit.
1626 3251 1805 3305 Noctu
1858 3261 2044 3307 autem

469 3327 541 3382 ita
569 3330 920 3398 turbabatur,
947 3347 1004 3387 ut
1027 3352 1095 3389 ex
1119 3336 1263 3391 lecto
1288 3339 1539 3393 exsiliret
1564 3356 1676 3410 pra:
1697 3343 2040 3398 terroribus:

463 3430 521 3473 ct
553 3422 743 3477 Romae
771 3426 961 3482 multis
1003 3428 1059 3482 in
1105 3427 1240 3484 locis
1272 3445 1301 3485 a
1348 3431 1679 3501 quibusdam
1720 3433 1859 3487 clam
1903 3435 2044 3489 scri-

467 3510 706 3567 bebatur
740 3533 753 3568 :

622 3607 745 3662 Tres
786 3613 1095 3676 matricida',
1126 3611 1348 3674 Orestes.
1388 3616 1655 3673 Alcmaeon
1680 3661 1693 3684 ,
1729 3618 1886 3675 Nero.

2152 3172 2246 3223 ρον
2269 3156 2555 3226 Ἀνίκητον
2580 3154 2802 3226 πέμψας
2826 3152 3217 3224 διεχειρίσατο.
3243 3152 3315 3205 Ἦ
3346 3150 3437 3203 τὸν
3458 3150 3750 3220 πεμφθὲν.

2150 3265 2222 3303 τα
2279 3247 2484 3310 ἰδοῦσα,
2541 3247 2639 3301 καὶ
2690 3246 2896 3316 γνοῦσα
2956 3247 3045 3316 ἐφ’
3073 3247 3181 3316 ὅτῳ
3229 3245 3379 3315 ἥκει,
3409 3243 3511 3315 τὴν
3534 3241 3748 3311 ἐσθῆτα

2153 3343 2510 3414 περιέρρηξε,
2543 3342 2641 3396 καὶ
2662 3340 2763 3412 τὴν
2789 3341 3037 3412 γαστέρα
3089 3337 3566 3409 ἀπογυμνώσασαο
3596 3339 3750 3391 Ιιαῖε

2151 3436 2400 3503 ταύτην,
2430 3435 2557 3505 ἔφη,
2601 3435 2889 3502 Ἀνίκητε,
2931 3433 3091 3498 παῖε,
3132 3432 3224 3487 ὅτι
3257 3430 3508 3501 Νέρωνα
3545 3430 3748 3485 ἔτεκε.

2153 3529 2323 3596 Καὶή
2369 3530 2467 3597 μὲν
2495 3527 2735 3597 ἐσφάγη,
2775 3530 2803 3580 ό
2831 3527 2889 3589 δὲ
2917 3528 3113 3598 Νέρων
3170 3525 3266 3580 καὶ
3316 3525 3601 3593 αὐτόπτης
3647 3523 3750 3577 τοῦ

2156 3621 2509 3691 τολμήματος
2562 3623 2776 3689 γέγονε,
2815 3623 2909 3674 καὶ
2967 3618 3148 3674 πᾶσαν
3173 3615 3284 3672 εἶδε
3312 3616 3615 3689 γυμνώσας
3649 3614 3753 3668 καὶ

466 3700 763 3771 τραύματα
796 3702 1159 3775 ἐξηρίθμησε.
1195 3709 1328 3772 Ταῖς
1396 3711 1450 3762 δὲ
1487 3713 1636 3774 νυξὶν
1679 3712 2088 3784 ἐξεταράττετο,
2132 3714 2274 3767 ὥστε
2303 3717 2397 3768 καὶ
2450 3716 2516 3766 ἐκ
2568 3716 2666 3784 τῆς
2701 3716 2864 3783 εὐνῆς
2894 3714 3181 3784 ἁναπηδᾷν
3230 3714 3326 3767 καὶ
3382 3706 3751 3782 ἑκδειματοῦ-

466 3794 609 3847 σθαι.
645 3796 734 3848 Ἐν
782 3794 839 3848 δὲ
903 3800 970 3868 τῇ
1041 3798 1230 3871 Ῥώμῃ
1288 3801 1586 3873 πολλαχόθι
1636 3804 1912 3874 ἐγράφετο
1977 3806 2129 3876 παρά
2154 3823 2311 3860 τινων
2342 3805 2591 3873 ἀφανῶς.

1404 3934 1627 4014 Νέρων,
1667 3946 1973 4015 ὀρέστης,
2017 3946 2376 4016 Ἀλκμαίων,
2401 3946 2822 4017 μητροκτόνοι.

465 4079 766 4149 Augustam
795 4077 1077 4134 Octaviam
1101 4079 1315 4135 Claudii
1349 4080 1549 4146 tiliam,
1600 4097 1827 4136 uxorem
1860 4097 2039 4146 suam,

466 4172 792 4240 repudiavit.
824 4170 957 4225 Nam
987 4172 1247 4225 Sabinam
1294 4175 1603 4227 adamatatn
1636 4214 1650 4236 ,
1681 4176 1871 4228 uxoris
1918 4175 2043 4228 loco

468 4259 674 4316 habere
722 4263 946 4318 voluit:
997 4279 1119 4333 quae
1162 4264 1333 4319 verita
1390 4278 1457 4318 ne
1514 4250 1606 4320 illa
1646 4275 2043 4331 revocaretur,

462 4355 894 4411 calumniatores
925 4356 1272 4419 subornavit,
1300 4373 1329 4411 a
1357 4357 1560 4427 quibus
1604 4368 1665 4412 et
1692 4358 1949 4414 adulterii
1985 4368 2042 4414 et

2149 4083 2258 4135 Kal
2284 4081 2383 4152 τὴν
2413 4082 2734 4150 Αὑγοῦσταν
2772 4082 3068 4137 ὐκταϐίαν
3094 4082 3195 4154 τὴν
3227 4083 3324 4137 τοῦ
3355 4084 3630 4139 Κλαυδίου
3648 4085 3751 4138 θυ-

2146 4176 2377 4244 γατέρα,
2417 4176 2518 4246 τὴν
2545 4175 2743 4229 ἑαυτοῦ
2778 4180 3015 4245 γυναῖκα
3051 4178 3445 4248 ἀπεπέμψατο.
3483 4179 3601 4246 Τῆς
3629 4180 3750 4249 γὰρ

2148 4268 2384 4339 Σαϐίνης
2440 4268 2602 4340 ἐρῶν,
2649 4268 2844 4339 ἧθελεν
2898 4272 3035 4339 αὐτῇ
3094 4274 3331 4323 συνεῖναι
3369 4271 3445 4333 ὡς
3493 4274 3749 4341 γαμετῇ.

2151 4360 2391 4414 Δείσασα
2428 4360 2484 4413 δὲ
2515 4362 2546 4431 ἡ
2588 4360 2792 4414 Σασίνα
2825 4363 2898 4431 μή
2930 4378 3059 4414 ποτε
3092 4362 3124 4431 ή
3165 4360 3428 4414 Ὀκταϐία
3455 4362 3748 4431 μετακλη-

470 4445 720 4502 venelicii
745 4458 1135 4515 accusaretur,
1172 4467 1235 4503 ae
1292 4452 1471 4520 primo
1521 4452 1872 4523 relegandam
1901 4495 1914 4512 ,
1947 4455 2042 4509 de-

2149 4451 2293 4521 θείη,
2317 4453 2654 4520 κατηγόρους
2684 4454 2772 4504 ἐπ’
2793 4452 2928 4522 αὐτῇ
2965 4455 3058 4506 καὶ
3093 4453 3310 4523 μοιχίας
3339 4455 3435 4507 καὶ
3470 4454 3745 4525 γοητείας

472 4537 600 4591 inde
628 4539 986 4594 occidendam
1019 4544 1261 4596 curavit.
1293 4543 1422 4597 Post
1464 4544 1580 4612 ipsa
1632 4545 1798 4599 etiam
1846 4544 2047 4620 Sabina

467 4644 500 4683 a
528 4629 745 4685 Nerone
776 4632 1062 4689 interieCta
1096 4643 1201 4698 est,
1225 4649 1351 4689 cum
1388 4635 1444 4689 in
1493 4650 1617 4690 eam
1675 4648 2047 4707 praegnantem

468 4721 715 4778 calcibus
743 4722 1069 4790 insiliisset,
1114 4742 1274 4795 quam
1317 4726 1539 4796 quidem
1589 4728 1752 4799 longo
1801 4739 2047 4799 tempore

469 4814 609 4871 luxit
640 4834 654 4870 :
688 4832 750 4871 ac
792 4827 1076 4887 tantopere
1110 4819 1478 4883 desideravit,
1522 4831 1581 4875 ut
1613 4821 1893 4892 principio
1923 4837 2047 4876 mu-

470 4909 662 4965 lierem
719 4911 797 4966 illi
866 4912 1104 4967 similem
1161 4914 1283 4985 ejus
1346 4915 1469 4969 loco
1528 4925 1787 4970 teneret:
1846 4916 2048 4972 deinde

471 5019 706 5072 puerum
734 5004 1053 5059 libertinum
1075 5048 1089 5070 ,
1122 5007 1347 5062 nomine
1375 5010 1648 5078 Sporum,
1676 5008 1914 5063 exsectis
1968 5009 2050 5062 vi-

470 5097 668 5151 rilibus
697 5113 922 5153 uxorem
950 5097 1176 5154 duceret
1205 5140 1221 5166 ,
1257 5101 1403 5169 quod
1457 5101 1504 5154 is
1552 5116 1775 5170 quoque
1831 5100 2050 5157 Sabinae

466 5199 618 5245 esset
642 5191 859 5255 similis,
890 5208 1203 5262 quanquam
1255 5194 1369 5263 ipse
1417 5191 1564 5247 Nero
1613 5194 1935 5265 Pythagora
1984 5195 2051 5250 li-

472 5280 632 5337 berto
660 5284 955 5353 nupsisset.
990 5282 1053 5339 lli
1087 5284 1199 5339 duo
1225 5284 1394 5354 igitur
1444 5300 1550 5338 una
1594 5300 1712 5339 rem
1772 5285 2049 5341 habebant

468 5390 596 5430 cum
630 5377 865 5442 Nerone,
898 5379 1231 5450 Pythagoras
1261 5391 1318 5435 ut
1359 5381 1461 5446 vir,
1496 5381 1704 5450 Sporus
1734 5391 1795 5437 ut
1825 5385 2044 5439 mulier.

476 5466 701 5521 Publice
730 5470 941 5524 cithara
967 5472 1188 5534 cecinit,
1217 5472 1470 5542 quamvis
1501 5473 1694 5542 exigua
1726 5484 1784 5530 et
1808 5475 2046 5530 obseura

470 5570 609 5612 voce
670 5561 953 5626 praditus.
1022 5564 1080 5618 ln
1137 5565 1287 5618 circo
1347 5565 1639 5634 aurigavit.
1694 5566 1935 5637 ’Irajecit
1989 5567 2044 5622 in

470 5647 585 5704 Cra
599 5649 760 5716 ciam,
791 5669 902 5708 non
935 5663 996 5708 ut
1019 5657 1255 5725 majores
1281 5658 1387 5719 sui,
1418 5657 1511 5710 sed
1537 5656 1792 5721 saltandi,
1820 5658 2047 5713 citharae

474 5743 779 5814 pulsandae,
812 5748 1072 5816 praeconii
1110 5748 1369 5817 faciendi,
1398 5748 1731 5821 agenda-quc
1767 5751 2046 5821 tragazdia:

2151 4542 2383 4612 ψευδοῦς
2414 4545 2890 4613 παρεσκευάσατο.
2927 4544 3040 4598 Καὶ
3068 4544 3131 4596 τὸ
3169 4546 3269 4613 μὲν
3305 4545 3525 4614 πρῶτον
3554 4562 3750 4614 φυγα-

2151 4635 2408 4705 δευθῆναι
2464 4637 2655 4706 αὐτὴν,
2706 4636 2897 4689 ἔπειτα
2958 4637 3052 4690 καὶ
3109 4638 3387 4706 σφαγῆναι
3447 4640 3747 4706 ἐποίηπεν.

2154 4726 2285 4784 Εἶτα
2328 4730 2419 4782 καὶ
2486 4731 2690 4800 αὐτὴή
2734 4731 2937 4784 Σαϐίνα
2980 4730 3215 4799 ἐκτάνθη
3269 4731 3375 4783 ὑπὸ
3415 4731 3511 4784 τοῦ
3550 4730 3752 4797 Νέρω-

2151 4839 2241 4885 νος
2265 4837 2279 4852 ·
2325 4820 2531 4891 κυούσῃ
2587 4820 2697 4887 γὰρ
2728 4821 2863 4889 αὐτῇ
2911 4819 3010 4885 λὰξ
3040 4822 3309 4890 ἐνέοορεν.
3356 4822 3482 4874 Ἐπὶ
3509 4822 3645 4875 πολὺ
3682 4824 3751 4876 δὲ

2152 4914 2421 4969 θανοῦσαν
2459 4914 2783 4982 ἐπένθησεν·
2811 4913 2986 4977 οὔτως
3014 4913 3057 4964 δ’
3087 4914 3257 4984 αὐτὴν
3282 4914 3556 4983 ἐπόθησεν
3590 4913 3750 4968 ὥστε

2149 5005 2217 5057 τὰ
2253 5005 2353 5071 μὲν
2395 5003 2585 5072 πρῶτα
2622 5006 2857 5071 γυναῖκα
2882 5021 3005 5058 τινα
3030 5007 3317 5075 προσφερῆ
3351 5006 3543 5076 ἐκείνῃ
3577 5023 3750 5075 μετε-

2153 5097 2407 5167 πέμψατο
2441 5098 2534 5151 καὶ
2568 5097 2746 5167 ἔσχεν.
2786 5099 3021 5151 Ἔπειτα
3049 5098 3215 5151 παῖδα
3242 5096 3641 5169 ἀπελεύθερον,
3673 5098 3747 5152 ὃν

2152 5194 2361 5264 Σπόρον
2404 5189 2706 5260 ὠνόμαζεν,
2742 5190 2993 5260 ἐκτεμὼν
3023 5190 3251 5260 ἔγημεν,
3278 5192 3467 5262 ἐπειδὴ
3506 5193 3605 5246 καὶ
3632 5194 3749 5247 αὐο

2148 5284 2239 5346 τὸς
2275 5285 2341 5354 τῇ
2371 5282 2574 5352 Σαδίνῃ
2605 5280 2789 5351 ἐῴκει,
2824 5280 3028 5352 καίπερ
3057 5282 3351 5352 Πυθαγόρᾳ
3377 5284 3487 5337 τινὶ
3515 5283 3747 5349 ἐξελευο

2151 5381 2296 5448 θέρῳ
2318 5378 2726 5445 γεγαμημένας.
2743 5375 2850 5428 Καὶ
2877 5376 3219 5443 συνεγίνοντο
3243 5378 3359 5445 ἄμα
3383 5376 3462 5447 τῷ
3488 5378 3743 5449 Νέρωνι,

2151 5470 2477 5539 Πυθαγόρας
2515 5467 2614 5537 μὲν
2658 5468 2733 5530 ὡς
2779 5468 2940 5538 ἀνὴρ,
2975 5469 3184 5540 Σπόρος
3214 5469 3269 5521 δὲ
3299 5469 3375 5532 ὡς
3424 5470 3587 5539 γυνή.
3620 5470 3744 5523 Καὶ

2148 5562 2520 5636 ἐκιθαρῴδησε
2554 5561 2611 5613 δὲ
2656 5560 2915 5630 δημοσία,
2955 5562 3135 5614 καίτοι
3172 5562 3346 5632 βραχὺ
3404 5562 3501 5615 καὶ
3554 5561 3740 5629 μέλαν

2150 5656 2385 5724 φώνημα
2418 5654 2577 5724 ἔχω-ι’
2612 5654 2704 5706 καὶ
2742 5655 2801 5705 ἐν
2830 5652 2908 5723 τῷ
2949 5653 3291 5722 ἰπποδρομίῳ
3325 5655 3739 5724 ἡρματηλάιη-

2153 5760 2264 5803 σεν.
2313 5746 2657 5819 Ἐπεραιώοη
2686 5744 2740 5799 δὲ
2765 5745 2862 5801 καὶ
2891 5745 3025 5817 πρὸς
3056 5743 3155 5815 τὴν
3201 5743 3447 5811 Ἐλλάδα,
3483 5742 3633 5799 οὗτοι
3657 5757 3731 5810 γε
