4018 6250
327 361 426 422 961

1555 363 1840 423 ANNALI
1855 364 1962 423 UM
2007 363 2154 423 LIB.
2196 365 2303 424 XI.

3477 375 3582 437 052

323 475 397 537 ὡς
449 475 496 524 οἱ
552 471 804 541 πρόγονοι
850 470 1038 538 αὑτοῦ,
1075 471 1304 540 ἀλλ’ὲπὶ
1358 471 1612 542 ὀρχήσει,
1667 473 1762 526 καὶ
1808 475 1877 526 ἐπ

2005 488 2190 529 causa.
2225 475 2338 528 Nec
2364 474 2510 529 enim
2543 476 2592 530 ei
2633 478 2805 531 Roma
2851 477 2985 531 satis
3028 477 3206 548 ampla
3267 486 3432 533 erat:
3485 483 3580 536 sed

325 563 716 633 κιθαρῳδήσει,
745 562 974 634 κηρύξει
1016 581 1074 616 τε
1111 564 1205 616 καὶ
1249 563 1554 634 τραγῳδίας
1587 566 1896 636 ὑποκρίσει.

324 657 402 710 Οὐ
460 657 569 725 γὰρ
633 656 794 726 ἤρκει
841 656 993 724 αὐτῷ
1046 659 1078 726 ή
1124 657 1336 725 Ῥώμη,
1389 657 1504 709 ἀλλ’
1555 657 1748 727 ἐδεήθη
1805 659 1900 709 καὶ

323 749 708 819 ἐκστρατείας,
743 747 828 800 ἵνα
856 748 949 800 καὶ
976 748 1380 818 Περιοδονίκης,
1416 748 1490 811 ὡς
1523 749 1701 815 ἔλεγε,
1735 749 1897 816 γένη-

321 861 433 896 ται.
485 841 642 893 Ἀλλά
681 840 732 892 τί
787 840 850 891 ἄν
878 857 959 900 τις
1001 839 1124 891 καθ’
1160 839 1392 891 ἕκαστον
1433 839 1580 906 λέγοι
1624 839 1732 890 τῶν
1766 836 1896 906 παρ’

322 932 533 984 ἐκείνου
588 928 1022 998 πραττομένωνς
1074 929 1250 980 πάντα
1305 929 1414 998 γὰρ
1459 929 1668 994 ἁπλῶς,
1714 931 1813 982 ὅσα
1845 929 1895 980 οἱ

318 1021 581 1088 τυχόντες
657 1019 1091 1087 ὑπεκρίνονται,
1169 1023 1420 1082 κάκεῖνος
1466 1021 1621 1089 ἐλεγέ
1695 1039 1751 1074 τε
1803 1022 1895 1074 καὶ

317 1110 556 1180 επραττε
587 1151 601 1174 ,
658 1111 751 1162 καὶ
801 1111 1007 1179 ἔπασχε
1038 1150 1051 1174 ,
1084 1110 1222 1180 πλὴν
1284 1111 1405 1162 καθ’
1473 1112 1594 1163 ὅσον
1661 1115 1893 1182 χρυσαῖς

315 1203 491 1256 ἐδεῖτο
550 1202 844 1255 ἀλύσεσιν·
887 1204 947 1254 ού
994 1203 1102 1271 γὰρ
1133 1204 1339 1272 ἔπρεπε
1385 1202 1676 1271 Ῥωμαίων
1736 1204 1896 1254 αύτο-

312 1296 556 1364 κράτορα
582 1296 828 1364 σιδηραῖς
877 1295 1102 1347 δεῖσθαι.
1143 1294 1488 1365 Στρατιώτης
1520 1295 1574 1347 δέ
1609 1313 1722 1360 τις,
1767 1295 1894 1348 ἰδὼν

311 1389 477 1440 αὐτὸν
516 1390 644 1441 ποτὲ
669 1388 976 1457 δεδεμένον,
1005 1389 1494 1458 ἡγανάκτησε,καὶ
1525 1387 1893 1456 προσδραμὼν

311 1479 528 1536 ἔλυσεν.
557 1483 784 1552 Ἕτερος
813 1486 888 1548 δὲ,
924 1487 1189 1557 ἐρομένου
1223 1488 1361 1549 τινος
1397 1486 1462 1539 Τί
1491 1486 1654 1539 ποιεῖ
1710 1488 1742 1539 ό
1781 1487 1889 1538 αὺ-

307 1576 650 1645 τοκράτωρ;
685 1581 1020 1650 ἀπεκρίνατο
1073 1582 1158 1635 ὅτι
1211 1583 1418 1635 Τι’)ιτει.
1470 1581 1726 1634 Τοιοῦτον
1782 1581 1892 1649 γάρ

306 1686 364 1720 τι
391 1671 716 1739 ὑπεκρίνετο
747 1673 893 1725 τότε.
929 1673 1172 1741 ’Ἠρξατο
1205 1673 1258 1724 δὲ
1294 1675 1385 1726 καὶ
1420 1673 1510 1725 τὸν
1562 1671 1772 1740 Ἰσθμὸν
1794 1673 1892 1741 τῆς

311 1760 731 1832 Πελοποννήσου
810 1764 1078 1834 διορύξαι,
1141 1767 1343 1832 καίπερ
1404 1766 1514 1817 τῶν
1585 1763 1889 1833 ἀνθρώπων

2002 567 2354 636 expeditione
2383 577 2502 622 erat
2531 586 2692 638 opus,
2727 583 2785 624 ut
2823 571 3212 627 Periodonices
3244 615 3260 637 ,
3313 573 3418 628 hoc
3440 586 3542 627 est
3563 615 3578 638 ,

2002 661 2204 727 passim
2244 660 2440 724 victor,
2475 672 2534 715 ut
2567 663 2774 728 aiebat,
2803 664 3084 719 evaderet.
3143 663 3249 718 Sed
3295 668 3422 734 quis
3458 667 3579 720 sin-

1999 752 2123 819 gula
2159 753 2278 821 ejus
2309 751 2447 806 facta
2480 756 2815 808 enunieret?
2856 756 2993 809 Nam
3027 772 3138 809 uno
3170 758 3362 818 verbo.
3413 759 3580 827 quid-

1998 844 2128 911 quid
2163 845 2301 898 viles
2339 845 2642 900 histriones
2679 857 3099 916 repraesentant,
3133 863 3198 902 ea
3236 849 3418 902 omnia
3464 851 3579 918 ipse

1996 946 2046 989 et
2080 936 2302 990 dicebat
2337 947 2393 991 et
2426 937 2662 992 faciebat
2695 948 2751 992 et
2785 939 3054 994 tolerabat
3081 981 3096 1002 ,
3135 940 3239 994 nisi
3290 943 3435 1010 quod
3481 957 3581 994 au-

2000 1025 2109 1077 reis
2141 1025 2352 1080 catenis
2379 1027 2728 1082 vinciebatur
2773 1045 2787 1083 :
2815 1045 2938 1082 nam
2971 1032 3163 1083 ferrea:
3199 1031 3572 1085 RoInanorum

1969 1115 2382 1184 .imperatorem
2440 1118 2584 1173 haud
2644 1121 2982 1175 decuissent.
3037 1122 3347 1189 Aliquando
3410 1123 3580 1192 igitur

1996 1207 2155 1260 miles
2188 1211 2431 1262 vinetum
2471 1212 2860 1280 conspicatus,
2901 1229 3009 1281 pra:
3052 1213 3427 1280 indignatione
3485 1231 3581 1267 ac-

1997 1300 2206 1360 currit,
2255 1316 2494 1370 eumque
2534 1303 2720 1356 solvit.
2776 1305 2936 1356 Alius
2990 1305 3358 1373 interrogatus
3389 1347 3402 1367 ,
3450 1307 3578 1374 quid

1995 1401 2172 1462 ageret
2212 1393 2523 1461 imperator,
2581 1394 2888 1461 respondit,
2938 1411 3052 1447 eum
3101 1398 3390 1464 parturire.
3443 1397 3576 1451 Par-

1997 1495 2109 1537 tum
2145 1485 2292 1537 enim
2327 1492 2440 1536 tum
2487 1486 2945 1553 reprmscntabat.
2999 1487 3174 1556 (ῖαερίι
3217 1489 3381 1542 etiam
3441 1489 3580 1543 Isth-

1993 1591 2142 1628 mum
2180 1575 2506 1645 perfodere;
2533 1592 2562 1630 a
2604 1593 2715 1646 quo
2740 1593 2864 1630 cum
2895 1579 3144 1632 honnncs
3188 1581 3573 1642 abhorrerent,

1993 1665 2156 1736 570
2190 1679 2408 1736 sumpto
2435 1668 2614 1738 ligone
2651 1669 2766 1738 ipse
2812 1669 3000 1724 fodere
3041 1672 3208 1740 cmpit
3239 1711 3253 1730 ,
3319 1672 3575 1742 idemque

1994 1778 2094 1815 suo
2122 1763 2373 1830 exemplo
2409 1761 2589 1816 facere
2625 1773 2857 1816 caeteros
2891 1764 3090 1834 coegit.
3141 1766 3336 1819 Fertur
3369 1775 3574 1820 autem

303 1855 630 1908 ὀκνούντων.
669 1855 868 1908 Λαϐὼν
923 1854 1015 1910 οὖν
1056 1858 1216 1920 αὐτὸ,
1272 1858 1545 1923 δίκελλαν,
1588 1857 1681 1908 καί
1712 1873 1764 1907 τι
1789 1856 1877 1908 καὶ

1989 1854 2211 1923 sanguis
2237 1853 2521 1907 cbulliisc
2549 1892 2564 1916 ,
2599 1870 2723 1906 cum
2756 1863 2900 1906 terra
2942 1857 3182 1924 primum
3229 1867 3572 1926 tangeretur,

303 1947 643 2014 ἀνασκάψας,
679 1946 865 2000 ἔπεισε
926 1954 1018 2001 καὶ
1062 1951 1186 2012 τοὺς
1225 1949 1414 2011 ἄλλους
1455 1950 1667 2021 ἀνάγκη
1717 1949 1880 2000 αὐτὸν

305 2041 673 2109 μιμήσασθαι.
733 2039 884 2112 Αἷμα
941 2043 996 2095 δὲ
1028 2046 1142 2106 τοῖς
1167 2043 1402 2113 πρώτοις
1454 2043 1759 2112 ἁψαμένοις
1782 2042 1879 2110 τῆς

1988 1959 2044 2003 ct
2077 1947 2312 2017 gemitus
2335 1959 2390 2000 et
2421 1951 2662 2014 mugitus
2690 1949 2983 2003 exauditus
3025 1965 3156 2006 esse
3186 1989 3200 2014 ,
3254 1960 3310 2003 ct
3353 1959 3574 2020 spcctra

1987 2043 2159 2095 multa
2192 2040 2537 2108 apparuisse.

299 2133 409 2200 γῆς
469 2132 686 2200 λέγεται
757 2135 1059 2189 ἀναϐλύσαι
1099 2139 1196 2189 καὶ
1261 2137 1508 2206 οἰμωγὰς
1573 2139 1669 2189 καὶ
1740 2133 2067 2205 μυκηθμοὺς
2107 2133 2494 2199 ἐξακούεσθαι,
2542 2131 2639 2184 καὶ
2688 2132 2926 2187 εἰδώλων
2962 2135 3217 2203 γενέσθαι
3268 2139 3571 2206 φαντασίαν

301 2226 534 2282 πολλῶν.

376 2321 470 2373 ΙΓ¹.
533 2316 698 2385 Οὗτος
764 2325 979 2394 πρῶτος
1050 2329 1142 2380 καὶ
1190 2327 1285 2380 τοῦ
1339 2329 1481 2381 κατὰ
1529 2327 1873 2399 Χριστιανῶν

298 2415 506 2485 ἤρξατο
537 2415 800 2486 διωγμοῦ,
835 2420 930 2470 καὶ
958 2421 1160 2489 Πέτρον
1188 2423 1282 2473 καὶ
1315 2421 1524 2474 Παῦλον
1552 2423 1676 2482 τοὺς
1712 2437 1876 2490 κορυο

297 2507 498 2574 φαίους
532 2509 640 2559 τῶν
696 2511 1012 2563 ἀποστόλων
1067 2513 1357 2565 ἀπέκτεινε
1407 2516 1546 2566 κατᾶ
1589 2513 1680 2564 τὸν
1712 2512 1876 2564 αὑτὸν

295 2598 514 2667 καιρὸν,
569 2599 643 2662 ὡς
690 2601 718 2652 ὁ
766 2601 1024 2666 Εὐσέϐιος
1081 2605 1315 2672 ἱστορεῖ,
1375 2607 1439 2656 ὲκ
1496 2604 1874 2673 παλαιοτέρων

298 2691 664 2760 συγγραφέων
695 2694 1003 2763 μαρτυρίας
1055 2697 1344 2766 παράγων.
1389 2697 1608 2766 ’Έτεροι
1637 2697 1692 2749 δὲ
1729 2696 1870 2748 κατά

292 2781 582 2852 τὴναύτὴν
607 2785 822 2856 ἡμέραν
859 2789 994 2855 φασὶ
1026 2789 1378 2858 τελειωθῆναι
1417 2791 1511 2842 καὶ
1547 2790 1718 2858 ἄμφω
1741 2791 1871 2850 τοὺς

2053 2319 2193 2374 Xlll.
2228 2319 2326 2374 llic
2359 2323 2762 2389 persecutionis
2797 2323 3242 2379 Christianorum
3287 2325 3567 2394 princeps,

1981 2413 2204 2467 Petrum
2232 2420 2287 2465 et
2321 2411 2550 2464 Paulum
2584 2413 2863 2482 principes
2905 2417 3288 2484 apostolorum
3340 2415 3570 2470 interfe-

1979 2505 2078 2566 cit,
2110 2506 2302 2559 eodem
2347 2513 2620 2573 tempore,
2652 2515 2711 2558 ut
2743 2505 3022 2561 Eusebius
3082 2523 3148 2560 ex
3201 2507 3566 2577 antiquorum

1983 2598 2316 2652 testimoniis
2367 2598 2587 2654 asserit.
2620 2597 2754 2650 Nam
2803 2598 2896 2651 alii
2944 2599 3139 2652 eodem
3200 2599 3426 2668 quidem
3476 2599 3568 2654 die

1979 2697 2274 2757 utrumque
2316 2699 2756 2742 consummatum
2786 2704 2907 2743 esse
2938 2689 3166 2744 tradunt
3192 2727 3208 2751 ,
3263 2691 3362 2745 sed
3416 2706 3566 2745 anno

1977 2780 2218 2834 diverso.
2251 2780 2377 2833 Post
2415 2781 2660 2843 Petrum,
2697 2781 2910 2850 primus
2939 2783 3183 2851 pontifex
3221 2783 3391 2838 Linus
3427 2782 3559 2839 fuit.

293 2875 651 2939 ἀποστόλους,
703 2877 759 2927 ἐν
817 2877 964 2947 ἄλλῳ
1026 2878 1084 2931 δὲ
1139 2880 1250 2932 ἔτει
1299 2883 1392 2935 καὶ
1423 2882 1590 2951 ἄλλῳ.
1624 2883 1778 2934 Μετὰ
1817 2880 1876 2934 δὲ

1980 2872 2123 2928 Nero
2151 2871 2333 2926 adhuc
2357 2871 2412 2926 in
2444 2871 2653 2927 Grtecia
2681 2873 2912 2942 degens.
2965 2874 3386 2943 Vespasianum,
3427 2890 3564 2930 cou-

294 2965 502 3034 Πέτρον
539 2967 754 3036 πρῶτος
790 2970 1084 3040 ἀρχιερεὺς
1119 2971 1220 3040 τῆς
1253 2973 1472 3042 Ῥώμης
1506 2977 1533 3025 ό
1561 2975 1724 3037 Λίνις
1750 2973 1874 3041 ἐγέ-

289 3072 436 3108 νετο.
468 3057 589 3109 Ἔτι
615 3059 660 3110 δ’
692 3062 750 3112 ὲν
769 3064 833 3130 τῇ
883 3060 1097 3116 Ἐλλάδι
1126 3063 1278 3127 ὄντος
1314 3065 1409 3117 τοῦ
1447 3065 1698 3135 Νέρωνος
1739 3067 1872 3119 ’1ου-

287 3149 431 3202 δαίοι
471 3153 549 3213 είς
608 3149 886 3222 προῦπτον
924 3157 1264 3226 ἀπέστησαν,
1296 3158 1392 3212 καὶ
1420 3160 1511 3212 ἐπ’
1534 3161 1731 3224 αὐτοὺς
1782 3162 1872 3214 τὸν

288 3245 707 3300 Οὐεσπασιανὸν
763 3248 1002 3318 ἔπεμψε.
1049 3253 1160 3304 Καὶ
1212 3255 1261 3306 οἱ
1289 3255 1347 3306 ὲν
1379 3257 1444 3325 τῇ
1490 3255 1791 3324 Βρεττανίᾳ
1813 3256 1870 3308 δὲ

287 3338 388 3390 καὶ
417 3339 464 3390 oi
496 3339 732 3398 Γαλάται
765 3341 1130 3412 βαρυνόμενοι
1164 3349 1284 3410 ταῖς
1317 3347 1600 3417 εἰσφοραῖς
1661 3349 1870 3418 ήσχαλ-

287 3429 386 3481 λον
427 3433 490 3483 ἐκ
523 3432 788 3496 πλείονος,
815 3437 908 3488 καὶ
936 3437 1326 3508 ὲφλέγμαινον.
1362 3441 1520 3504 Γάϊος
1553 3443 1610 3495 δὲ
1655 3443 1871 3506 Ἰούλιος

285 3523 504 3590 Οθιῒνδιξ
557 3527 655 3595 (1),
688 3528 828 3599 ἀνὴρ
877 3531 1016 3583 κατὰ
1049 3532 1141 3584 τὸν
1179 3535 1398 3604 πατέρα
1441 3535 1733 3604 βουλευτὴς
1759 3537 1869 3590 τῶν

297 3618 614 3688 Ῥωμαίων,
644 3623 788 3692 ὁρῶν
814 3628 940 3688 τοὺς
971 3627 1279 3695 ὁμοφύλους
1307 3630 1554 3693 Γαλάτας
1587 3631 1870 3702 ὀργῶντας

284 3710 429 3780 πρὸς
483 3713 842 3780 ἀποστασίαν,
903 3717 973 3770 δι’
1023 3715 1098 3770 ὧν
1145 3720 1567 3792 ἐδημηγόρησεν
1613 3723 1870 3793 ἠρέθισεν

284 3805 511 3869 αὐτοὺς,
560 3811 654 3861 καὶ
677 3807 909 3878 ὥρκωσε
968 3813 1148 3866 πάντα
1207 3815 1346 3884 ὑπὲρ
1399 3817 1495 3884 τῆς
1528 3817 1728 3885 βουλῆς
1775 3818 1869 3868 καὶ

281 3895 384 3948 τοῦ
403 3897 572 3968 δήμου
601 3899 705 3953 τῶν
729 3901 1016 3971 Ῥωμαίων
1049 3910 1316 3972 ποιήσειν,
1347 3908 1442 3958 καὶ
1469 3906 1688 3971 ἑαυτὸν,
1719 3908 1785 3960 ἄν
1816 3925 1868 3959 τι

285 3992 444 4058 παρὰ
499 3993 672 4045 ταῦτα
722 3995 927 4065 πράξῃ,
965 3997 1272 4064 φονεύσειν.
1353 3999 1742 4070 Αύτοκράτορα
1811 4002 1869 4056 δὲ

285 4082 506 4136 Γάλϐαν
554 4085 646 4137 τὸν
699 4086 1010 4154 Σερουΐλιον
1062 4089 1153 4140 τὸν
1192 4089 1517 4144 Σουλπίκιον
1550 4094 1864 4165 προεχειρί-

283 4187 440 4233 σατο,
474 4174 768 4242 γενόμενον
803 4175 862 4240 ἐξ
895 4177 1260 4248 εὐπατριδῶν,
1302 4182 1395 4233 καὶ
1427 4182 1547 4234 τότε
1597 4186 1695 4252 τῆς
1734 4185 1866 4254 ’16η-

283 4264 412 4334 ρίας
471 4265 728 4337 ἄρχοντα.
795 4270 905 4324 Καὶ
939 4269 997 4330 ὃς
1041 4271 1141 4342 τὴν
1171 4274 1468 4342 ἡγεμονίαν
1499 4275 1738 4341 ἐδέξατο,
1763 4279 1866 4330 οὐκ

275 4357 518 4426 ἠθέλησε
551 4358 608 4412 δὲ
660 4361 760 4422 τὰς
809 4363 906 4430 τῆς
943 4365 1249 4433 αὑταρχίας
1273 4365 1592 4436 ἐπικλήσεις
1625 4369 1864 4435 προσλα-

279 4450 402 4499 6εἰν
454 4453 596 4502 τότε.
666 4452 777 4521 Ἰἧς
837 4453 881 4505 δ’
939 4457 1283 4520 ἁποστατίας
1327 4461 1798 4529 παρατεινομένης
1839 4463 1866 4513 ό

284 4542 506 4608 υύἲνδιξ
535 4546 724 4597 ἑαυτὸν
745 4547 1050 4614 ἀπέσφαξε,
1095 4550 1206 4601 τῶν
1258 4550 1375 4618 μετ’
1397 4551 1562 4603 αὑτοῦ
1594 4569 1864 4622 στρατιω-

285 4634 402 4684 τῶν
448 4635 910 4690 κινδυνευσάντων
976 4640 1406 4712 ὑπεραλγήσας,
1465 4644 1558 4696 καὶ
1616 4650 1755 4715 πρὸς
1805 4649 1864 4700 τὸ

281 4723 570 4791 δαιμόνιον
620 4728 1040 4797 ἀγανακτήσας,
1099 4733 1183 4782 ὅτι
1236 4734 1482 4786 τοιούτου
1537 4738 1864 4808 πράγματος

279 4815 619 4885 ὀριγνηθεὶς,
653 4819 747 4870 τοῦ
775 4822 866 4872 τὸν
895 4823 1125 4892 Νέρωνα
1153 4827 1405 4879 καθελεῖν
1436 4830 1530 4881 καὶ
1557 4831 1685 4892 τοὺς
1729 4831 1862 4884 Ῥω-

285 4908 488 4974 μαίους
549 4911 916 4982 ἐλευθερῶσαι
961 4917 1062 4970 οὐκ
1097 4918 1407 4982 ἐξετέλεσεν
1431 4923 1583 4976 αὑτό.
1609 4924 1860 4997 Τοσαύτη

275 4997 391 5067 γὰρ
429 5001 709 5074 προθυμίᾳ
740 5005 876 5074 πρὸς
924 5007 1084 5059 τοῦτο
1123 5009 1418 5079 ἐχρήσατο,
1451 5012 1593 5065 ὥστε
1630 5015 1725 5066 τοῦ
1751 5016 1862 5067 Νέ-

277 5107 456 5161 ρωνος
483 5094 766 5159 διακοσίας
815 5099 910 5150 καὶ
951 5101 1292 5167 πεντήκοντα
1347 5106 1614 5174 μυριάδας
1662 5109 1856 5175 ἐπικη-

193 5197 200 5204 ·
275 5184 543 5255 ρύξαντος
591 5190 670 5259 τῷ
730 5192 830 5262 τὴν
900 5195 1146 5263 κεφαλὴν
1200 5198 1350 5265 αύτῷ
1418 5200 1702 5269 κομίσοντι
1762 5202 1856 5254 τοῦ

271 5280 585 5343 Οὺῒνδικος,
617 5286 822 5346 ἐκεῖνος
857 5287 962 5357 ἔφη
995 5288 1077 5339 ὅτι
1120 5288 1174 5340 Ὁ
1202 5290 1446 5357 Νέρωνα
1469 5293 1856 5360 ἀποκτείνας,

270 5372 380 5425 καὶ
402 5373 516 5438 τὴν
543 5375 778 5430 ἐκείνου
803 5381 1058 5447 κομίσας
1101 5400 1206 5450 μοι
1245 5385 1524 5452 κεφαλὴν
1568 5386 1679 5450 τὴν
1705 5388 1860 5455 ἐμὴν

271 5470 676 5538 ἀντιλήψεται
741 5475 1035 5543 κεφαλή-ι’.
1077 5477 1136 5529 ’0
1169 5477 1224 5528 δὲ
1278 5475 1491 5546 Νέρων,
1537 5477 1726 5546 μαθὼν
1764 5481 1858 5531 καὶ

1981 2975 2064 3020 tra
2101 2965 2340 3027 Judteos,
2375 2965 2468 3033 qui
2498 2965 2606 3034 jam
2639 2976 2828 3032 aperte
2856 2965 3197 3028 defecerant,
3241 2966 3412 3021 misit.
3443 2966 3564 3020 Bri-

1978 3060 2128 3112 tanni
2167 3074 2388 3128 quoque
2413 3069 2467 3112 et
2493 3058 2632 3112 Galli
2667 3058 3053 3112 exactionibus
3077 3059 3290 3129 gravari
3324 3075 3384 3114 se
3413 3098 3429 3122 ,
3460 3059 3565 3113 ini-

1977 3153 2102 3220 quis
2135 3161 2192 3206 et
2215 3152 2545 3206 exulceratis
2569 3152 2771 3204 animis
2824 3153 3201 3220 patiebantur.
3251 3153 3439 3222 Itaque
3495 3153 3560 3207 C.

1973 3247 2154 3302 Julius
2185 3246 2397 3301 Vindex
2421 3247 2682 3301 senatorii
2712 3246 2944 3310 ordinis,
2983 3257 3044 3301 ut
3077 3258 3132 3301 et
3171 3256 3330 3317 pater
3356 3247 3559 3313 fut-rat,

1975 3340 2268 3410 populares
2299 3353 2428 3392 suos
2453 3339 2564 3408 jam
2593 3349 2720 3392 ante
2769 3338 2836 3392 ad
2893 3339 3261 3394 defeetionem
3322 3357 3564 3411 propen-

1974 3448 2066 3487 sos
2097 3472 2112 3497 ,
2151 3431 2327 3502 magis
2357 3430 2525 3486 etiam
2573 3432 2944 3486 concionibus
2993 3433 3300 3502 instigavit,
3354 3435 3563 3506 jureju-

1976 3525 2146 3579 rando
2177 3526 2421 3590 adactos,
2457 3540 2514 3579 se
2545 3540 2646 3592 pro
2679 3535 2874 3580 senatu
2935 3529 3249 3596 populoque
3305 3527 3558 3582 Romano

1973 3619 2222 3672 facturos
2252 3632 2376 3674 esse
2405 3619 2589 3672 omnia
2629 3638 2640 3672 ε
2675 3627 2728 3672 et
2765 3621 2968 3688 ipsum,
3004 3620 3049 3674 si
3080 3619 3212 3689 quid
3267 3635 3428 3674 secus
3480 3620 3560 3674 fe-

1972 3710 2190 3774 cisset,
2237 3713 2544 3767 occisuros.
2616 3712 3015 3781 Imperatorem
3078 3727 3210 3766 vero
3260 3712 3554 3768 Servilium

1972 3802 2276 3872 Sulpicium
2315 3803 2540 3858 Galbam
2574 3804 2928 3872 designavit,
2984 3807 3159 3858 virum
3207 3805 3502 3873 patricium
3537 3843 3554 3871 ,

1976 3906 2092 3950 tum
2124 3895 2399 3964 Hispaniae
2430 3905 2722 3964 praetorem
2760 3913 2776 3950 :
2807 3911 2870 3950 ac
2922 3896 2968 3951 is
3004 3897 3378 3966 principatum
3428 3896 3554 3965 qui-

1970 3987 2094 4041 dem
2125 3989 2387 4056 suscepit,
2428 3988 2523 4044 sed
2559 3989 2773 4057 imperii
2807 3998 3177 4057 cognomenta
3227 3996 3341 4042 tum
3395 4004 3555 4042 assu-

1969 4096 2121 4135 mere
2150 4082 2345 4135 noluit.
2375 4081 2512 4137 Cum
2546 4093 2728 4137 autem
2759 4083 2997 4137 defectio
3023 4083 3172 4150 lente
3203 4084 3551 4149 procederet.

1969 4174 2184 4229 Vindex
2219 4189 2329 4244 prae
2367 4174 2556 4228 dolore
2585 4185 2812 4244 propter
2845 4175 3083 4228 militum
3137 4190 3364 4229 suorum
3399 4175 3551 4244 peri-

1971 4269 2157 4322 culum
2205 4267 2310 4322 sibi
2363 4268 2464 4337 ipsi
2508 4283 2704 4322 manus
2749 4267 2968 4331 attulit,
3032 4266 3268 4320 fortunae.
3319 4267 3498 4322 iratus
3533 4309 3549 4333 ,

1970 4361 2115 4429 quod
2153 4369 2260 4412 tam
2293 4359 2614 4428 praeclarum
2650 4361 2864 4413 facinus
2894 4357 3181 4412 occidendi
3217 4359 3452 4414 Neronis
3495 4369 3553 4414 et

1970 4452 2156 4521 p0puli
2191 4451 2422 4506 Romani
2462 4451 2736 4504 liberandi
2769 4451 2834 4504 ad
2861 4450 3070 4503 exitum
3101 4451 3407 4520 perducere
3435 4466 3546 4506 non

1969 4545 2260 4615 potuisset.
2285 4543 2441 4610 Quod
2471 4552 2620 4596 tanta
2649 4543 2936 4597 alacritate
2988 4543 3058 4596 ab
3107 4558 3177 4598 eo
3231 4554 3550 4613 susceptum

1969 4639 2092 4702 fuit,
2128 4647 2187 4690 ut
2217 4653 2342 4691 eum
2382 4635 2524 4690 Nero
2553 4635 2638 4690 bis
2671 4636 2870 4690 millies
2917 4646 2972 4690 et
3002 4636 3350 4706 quingenties
3403 4637 3552 4690 mille

1969 4727 2256 4781 drachmas
2280 4729 2330 4779 ei
2371 4726 2742 4794 promitteret,
2777 4726 2872 4795 qui
2931 4727 3035 4780 sibi
3095 4727 3342 4782 Vindicis
3387 4735 3552 4794 caput

1967 4819 2262 4880 attulisset,
2293 4818 2514 4883 dixerit,
2546 4833 2600 4871 se
2624 4819 2671 4870 ei
2715 4819 2806 4887 qui
2859 4817 3084 4872 Neronis
3134 4818 3398 4887 interfecti
3453 4817 3552 4869 sibi

1965 4920 2122 4979 caput
2159 4909 2460 4974 attulisset,
2497 4928 2652 4965 suum
2689 4919 2850 4982 caput
2875 4913 3100 4966 vicissim
3128 4912 3382 4963 daturum
3418 4922 3548 4962 esse.

1965 5019 2110 5073 Nero
2139 5034 2268 5072 vero
2300 5035 2424 5074 cum
2477 5019 2796 5076 Petronium
2847 5036 3069 5090 quoque
3097 5060 3111 5078 ,
3173 5026 3364 5072 contra
3405 5016 3550 5070 sedi-

1967 5113 2138 5166 tiosos
2171 5128 2292 5166 cum
2326 5115 2515 5184 majori
2548 5124 2703 5185 parte
2735 5116 3017 5185 capiarum
3055 5113 3398 5182 praemissum
3422 5153 3436 5176 ,
3477 5111 3547 5164 ad

1964 5203 2190 5257 Galbam
2218 5204 2486 5260 defecisse
2519 5207 2886 5276 cognovisset,
2925 5222 3018 5275 spe
3065 5218 3341 5258 armorum
3398 5201 3550 5273 abjc-

1963 5305 2073 5361 cta,
2111 5296 2165 5350 in
2195 5300 2380 5352 animo
2415 5299 2630 5364 habuit,
2666 5309 2859 5352 senatu
2898 5298 3114 5360 occiso,
3149 5306 3205 5350 et
3268 5295 3404 5349 urbe
3459 5295 3546 5347 in-

1962 5405 2149 5453 censa,
2186 5392 2441 5460 navigare
2474 5391 2856 5446 Alexandriam
2888 5407 2900 5442 :
2939 5399 3104 5459 atque
3140 5389 3342 5460 adjecit
3375 5405 3390 5441 :
3425 5387 3544 5440 Etsi

1963 5483 2185 5552 imperio
2218 5483 2587 5547 exciderimus,
2622 5491 2797 5535 tamen
2831 5481 2942 5534 illic
2979 5497 3067 5534 ars
3099 5497 3191 5534 nos
3241 5479 3365 5534 alet.
3412 5479 3544 5545 Qua:

1487 5636 1681 5697 Varia:
1736 5636 2043 5704 lectiones
2087 5651 2146 5704 et
2184 5653 2372 5705 notae.

1893 5796 1994 5826 70?:

352 5757 430 5851 il.)
475 5788 739 5854 Οί·ῖνδιξο
801 5793 902 5858 Qui
939 5795 1114 5858 Βίνδιξ
1183 5796 1339 5850 Dioni
1396 5797 1490 5850 lib.
1537 5813 1685 5860 um,
1732 5813 1850 5866 pug.
1893 5796 2017 5851 79.3%.
