4018 6250
313 293 422 356 965

1563 288 1961 351 ANNALIUM
2005 289 2154 349 LIB.
2191 288 2295 351 Χῐζ

3459 288 3564 360 966

308 410 451 473 νέαις
506 407 835 479 στρατιῶται
867 407 1311 478 προστησάμενοι
1363 400 1537 460 Αὖλον
1585 405 1893 458 Οὐϊτέλλιον

2000 403 2346 472 prudentem,
2400 403 2722 475 adoptatum
2751 404 2912 476 572
2963 405 3235 462 Czcsarem
3291 406 3454 463 dixit.
3510 409 3573 465 Id

310 501 709 573 ἐπανέστησαν.
746 500 807 553 ‘0
828 499 921 553 οὖν
953 500 1190 565 Γάλϐαῖ,
1236 501 1351 571 τὴν.
1386 499 1758 553 ιπανάστασιν
1788 514 1892 551 πυ-

313 590 545 662 θόμενος
577 628 594 651 ,
669 588 904 645 Λούκιον
983 589 1234 643 Πείσωνα
1306 589 1595 642 νεανίσκον
1645 588 1845 656 εὐγενῆ
1870 626 1888 653 ,

309 682 553 750 ἐπιεικῆ.
603 681 870 752 φρόνιμον
903 679 1287 750 υίοθετήσατο.
1333 679 1433 732 καὶ
1463 678 1717 744 ἀπέδειξε
1752 679 1890 733 Καί-

312 791 478 843 σαρα.
498 771 558 828 Ὀ
586 772 643 825 δὲ
675 772 861 825 Ὄθων
887 773 915 825 ό
939 772 1168 842 Μάρκος
1210 774 1238 825 ό
1264 772 1544 836 Σαλούῖος,
1574 772 1891 841 ἀγανακτή-

311 882 412 927 σας
427 865 510 918 ὃτι
538 863 614 934 μὴ
645 863 810 927 αὐτὸς
838 862 947 917 ὐπὸ
973 863 1069 917 τοῦ
1102 863 1311 918 Γαλϐου
1337 863 1655 934 υίοθετήθη,
1688 861 1889 917 ἐπανό-

311 972 414 1025 στη
445 953 618 1025 αὐτῷ,
648 954 948 1025 τριάκοντα
985 955 1182 1025 μόνους
1213 953 1554 1027 στρατιώτας
1596 954 1892 1024 ἕτοιμασά-

315 1062 498 1116 μενος.
539 1040 696 1100 Ἐπεὶ
746 1046 855 1116 γὰρ
894 1045 1183 1117 θύοντιτῷ
1228 1046 1410 1117 Γάλϐᾳ
1439 1046 1596 1115 μόνος
1619 1045 1729 1097 τῶν
1767 1044 1889 1116 βουο

311 1138 519 1191 λευτῶν
546 1136 697 1208 αὐτῷ
721 1137 995 1208 παρέστη,
1028 1139 1123 1192 καὶ
1155 1138 1250 1193 τοῦ
1280 1139 1534 1209 ίερόπτου
1568 1135 1891 1191 ἐπιϐουλευο

316 1228 581 1298 θήσεσθαι
610 1228 775 1282 αὐτὸν
804 1230 1056 1293 εἰπόντες
1087 1230 1313 1300 ἧκουσε,
1364 1229 1458 1281 καὶ
1494 1226 1890 1298 παραινοῦντος

315 1317 456 1372 οῐκοι
495 1321 696 1389 μεῖναι,
728 1321 824 1373 καὶ
858 1321 1083 1390 μηδαμῆ
1121 1318 1442 1391 προελθεῖνο
1481 1318 1795 1388 κατέδραμέ
1828 1333 1891 1371 τε

317 1411 502 1474 εὐθὺς,
531 1409 606 1472 ώς
649 1410 735 1464 ἐπ’
798 1411 931 1464 ἄλλο
983 1428 1034 1466 τι
1070 1411 1151 1474 εἰς
1180 1411 1243 1464 τὸ
1283 1410 1648 1480 στρατόπεδον
1684 1406 1894 1475 ἀπιὼν,

318 1504 412 1552 καὶ
440 1501 545 1552 ὑπὸ
591 1500 701 1553 τῶν
738 1503 1214 1572 συνομωμοκότων
1248 1501 1400 1572 αὐτῷ
1432 1501 1780 1571 στρατιωτῶν
1809 1503 1893 1565 εἰς

210 1592 227 1617 ί
315 1589 380 1645 τὸ
435 1594 613 1661 τεῖχος
672 1592 926 1663 είσήχθη,
986 1595 1084 1647 καὶ
1132 1595 1259 1657 τοὺς
1315 1593 1511 1657 ἀλλους
1554 1595 1893 1663 στρατιώτας

317 1685 794 1756 προσαναπείσας,
823 1686 857 1757 ἢ
895 1685 1096 1756 μᾶλλον
1125 1688 1325 1752 εἰπεῖν,
1353 1687 1725 1757 ἑκπριάμενος
1759 1687 1891 1740 πολ-

314 1747 435 1839 λαῖς
458 1747 812 1846 ὐποσχέσεσι,
844 1747 1004 1850 ’παρ’
1041 1779 1269 1833 ἐκείνων
1310 1747 1370 1832 τε
1417 1747 1764 1851 παραχρῆμα
1793 1782 1890 1834 καὶ
1923 1747 1965 1803 Β

314 1870 425 1924 τῶν
449 1869 623 1924 ἄλλων
653 1869 815 1924 ἔλαϐε
845 1871 946 1943 τὴν
969 1872 1171 1942 ἀρχήν.
1207 1871 1267 1926 ’0
1288 1871 1500 1935 Γάλϐας
1521 1873 1580 1926 δὲ
1602 1873 1792 1943 μαθὼν
1823 1874 1894 1929 τὰ

315 1965 695 2032 πρασσόμενα,
726 1961 974 2033 επεμψεν
1002 1965 1080 2027 είς
1103 1964 1165 2017 τὺ
1205 1965 1573 2034 στρατόπεδόν
1599 1982 1775 2032 τινας,
1813 1965 1892 2031 ὡς

320 2054 653 2122 μεταπεῖσαι
686 2055 814 2117 τοὺς
841 2055 902 2107 ὲν
945 2054 1098 2126 αὐτῷ
1131 2054 1522 2125 δυνησόμενος.
1565 2057 1685 2108 Κάν
1715 2055 1893 2126 τούτῳ

315 2144 657 2216 στρατιώτης
683 2163 766 2209 τις
812 2148 1018 2216 γυμνὸν
1036 2148 1098 2201 τὸ
1119 2147 1274 2218 ξίφος
1299 2148 1393 2203 καὶ
1417 2148 1739 2221 ᾑμαγμένον
1762 2150 1895 2203 ἁνα-

311 2236 526 2304 τείνων,
544 2238 852 2310 προσῆλθεν
876 2239 1044 2310 αὐτῷ,
1066 2240 1289 2310 φάσκων
1304 2253 1318 2271 ⁹
1341 2240 1580 2310 Θάρσει,
1603 2242 1892 2307 αὑτοκράο

310 2347 447 2398 τωρ,
482 2331 707 2387 Ὄθωνα
730 2332 840 2401 γὰρ
875 2333 1219 2388 ἀπέκτεινα.
1247 2334 1553 2399 Πιστεύσας
1584 2329 1679 2389 οὖν
1706 2337 1733 2388 ό
1758 2335 1899 2387 re)...

311 2421 435 2488 ϐας,
454 2424 533 2486 είς
549 2424 611 2476 τὸ
626 2423 973 2478 Καπιτώλιον
988 2425 1060 2491 ώς
1083 2425 1261 2480 θύσων
1275 2425 1440 2497 ῶρμη
1452 2444 1536 2494 σε,
1559 2428 1653 2480 καὶ
1673 2429 1731 2479 ὲν
1751 2427 1895 2500 μέσῃ

310 2518 382 2586 τῇ
422 2516 600 2588 ἀγορᾷ
622 2517 1037 2588 ἀπαντήσαντες
1057 2517 1209 2590 αὐτῷ
1255 2520 1350 2572 καὶ
1385 2521 1572 2584 ἱππεῖς
1611 2519 1710 2574 καὶ
1736 2519 1901 2584 πεζοὶ

311 2611 434 2663 ἐκεῖ
463 2610 554 2663 τὸν
570 2609 801 2680 γέροντα
829 2610 922 2664 τὸν
951 2611 1181 2675 ὕπατον,
1198 2611 1290 2666 τὸν
1324 2613 1611 2684 ἀρχιερέα,
1635 2615 1728 2666 τὸν
1755 2612 1896 2667 Καί-

313 2716 483 2770 σαρα,
502 2701 594 2755 τδν
626 2701 1011 2772 αὐτοκράτορα
1031 2701 1243 2758 πολλῶν
1265 2700 1518 2772 ὁρώντων
1539 2702 1850 2770 κατέκοψαν
1873 2717 1891 2735 ·

310 2793 411 2846 καὶ
444 2793 544 2863 τὴν
562 2792 804 2866 κεφαλὴν
820 2795 1224 2865 ἀποκόψαντες,
1249 2795 1426 2866 κοντῷ
1445 2795 1733 2868 ὲνέπειραν
1753 2811 1769 2826 ·
1799 2796 1894 2848 καὶ

310 2886 341 2939 ὀ
374 2884 474 2955 μὲν
502 2884 677 2950 οὕτως
729 2885 997 2957 ὲφονεύθη
1045 2885 1205 2939 τοῦτο
1255 2885 1417 2956 μόνον
1452 2885 1623 2938 εἰπών
1647 2899 1664 2917 °
1687 2884 1798 2941 Καὶ
1837 2883 1896 2939 τί

311 2977 509 3032 κακὸν
560 2979 862 3046 ἐποίησας
927 2977 1194 3032 ’Δπέθανε
1246 2977 1303 3030 δὲ
1350 2977 1446 3032 καὶ
1477 2976 1507 3030 ό
1534 2975 1769 3042 Πείσων,
1799 2976 1894 3029 καὶ

1993 494 2064 549 Μ.
2098 495 2312 551 Salvius
2342 495 2486 552 Otho
2514 512 2657 568 aegre
2692 497 2897 562 ferens,
2931 498 3077 567 quod
3108 500 3224 569 ipse
3275 500 3572 570 adoptatus

1992 602 2104 641 non
2138 596 2306 654 esset,
2335 589 2664 644 seditionem
2701 590 2890 651 movit,
2925 606 3029 649 xu
3060 591 3329 648 duntaxat
3372 593 3570 648 militi-

1993 676 2098 732 bus
2126 678 2319 734 fretus.
2356 680 2492 735 Nam
2538 695 2664 736 cum
2719 681 2905 737 Galba:
2945 682 3249 738 immolanti
3299 685 3450 741 solus
3500 701 3570 741 ex

1998 771 2350 826 senatoribus
2384 780 2590 839 astans,
2627 775 2936 843 aruspicem
2979 775 3206 831 insidias
3230 776 3281 830 ei
3314 778 3569 846 portendi

1992 861 2175 918 dicere
2203 863 2468 927 audisset,
2498 879 2563 918 ac
2593 879 2819 920 monere
2852 875 2913 941 ut
2938 865 3086 920 domi
3129 877 3375 922 maneret
3403 909 3420 935 ,
3465 883 3572 926 nec

1993 967 2224 1022 usquam
2276 955 2756 1025 progrederetur:
2814 959 2998 1013 statim
3049 959 3205 1028 quasi
3252 975 3350 1030 per
3405 961 3566 1015 aliam

1993 1057 2213 1097 causam
2247 1044 2303 1097 in
2331 1053 2512 1100 castra
2545 1046 2832 1110 decurrit,
2860 1056 2916 1100 et
2966 1060 2995 1099 a
3038 1046 3341 1116 coniuratis
3379 1047 3572 1101 militi-

1993 1131 2101 1187 bus
2122 1133 2177 1187 in
2207 1135 2568 1191 munitionem
2606 1147 2882 1206 receptus,
2917 1137 3132 1191 caneris
3179 1153 3397 1207 quoque
3441 1153 3568 1207 pcr-

1992 1226 2194 1291 suasis,
2219 1235 2334 1288 aut,
2372 1234 2435 1281 ut
2463 1229 2667 1283 rectius
2703 1229 2881 1284 dicam
2909 1268 2926 1296 ,
2959 1229 3170 1298 magnis
3215 1229 3571 1299 pollicitatio-

1992 1317 2158 1393 nibus
2189 1320 2409 1389 emptis,
2442 1321 2742 1391 imperator
2786 1322 2973 1377 statim
2995 1323 3265 1377 salutatus
3308 1334 3413 1378 est.
3447 1322 3569 1389 Quo

1991 1407 2161 1464 Galba
2182 1411 2424 1482 cognito,
2455 1413 2723 1483 quosdam
2757 1414 2809 1468 in
2838 1426 3014 1469 castra
3044 1416 3212 1478 misit,
3246 1416 3338 1485 qui
3368 1416 3480 1469 mili
3508 1430 3571 1470 cs

1992 1516 2022 1555 a
2057 1504 2333 1558 sententia
2379 1503 2747 1561 dimoverent.
2801 1505 3011 1562 Interea
3056 1524 3187 1562 vero
3240 1507 3399 1563 miles
3441 1510 3572 1578 qui-

1993 1592 2117 1647 dam
2157 1608 2283 1648 cum
2313 1594 2495 1665 gladio
2538 1607 2773 1654 cruento
2822 1613 2950 1653 eum
2995 1600 3271 1663 accessit,
3308 1614 3372 1655 ac
3418 1599 3575 1654 Bono.

1997 1686 2175 1739 animo
2204 1702 2278 1750 ea,
2320 1686 2497 1757 inquit
2525 1728 2545 1754 ,
2573 1687 2867 1758 imperator
2889 1731 2904 1748 .
2929 1687 3182 1744 Othonem
3216 1689 3357 1743 enim
3383 1690 3570 1747 occidi.

1993 1777 2149 1844 Quod
2177 1777 2346 1835 Galba
2373 1780 2628 1845 credens,
2672 1794 2800 1836 cum
2848 1781 2905 1835 in
2952 1781 3285 1851 Capitolium
3342 1781 3411 1837 ad
3453 1796 3572 1837 rem

1993 1871 2235 1927 divinam
2259 1871 2568 1929 faciendam
2598 1882 2942 1943 properaret.
2973 1873 3029 1927 in
3061 1871 3246 1927 medio
3274 1872 3400 1928 foro
3429 1914 3443 1934 ,
3479 1886 3576 1942 pe-

1993 1962 2169 2020 ditum
2203 1974 2259 2035 et
2280 1965 2529 2035 equitum
2556 1979 2813 2023 occursu.
2845 1978 3032 2026 senex,
3057 1964 3273 2027 consul,
3305 1962 3572 2032 pontifex,

1992 2042 2201 2121 Crsar,
2233 2056 2554 2127 imperator,
2586 2055 2773 2111 multis
2806 2055 3248 2125 inspectantibus
3279 2066 3365 2110 est
3392 2054 3574 2111 truci-

1994 2149 2155 2202 datus
2194 2164 2208 2200 :
2244 2154 2411 2216 caput
2440 2146 2560 2216 ejus
2584 2154 2748 2199 canto
2799 2144 3106 2214 praeﬁxum.
3157 2143 3295 2198 Cum
3349 2143 3574 2199 occide-

1994 2246 2170 2296 retur.
2203 2234 2341 2290 nihil
2375 2234 2525 2288 aliud
2564 2233 2780 2289 locutus
2801 2241 2886 2289 est
2909 2272 2924 2298 ,
2975 2233 3083 2288 nisi
3117 2250 3133 2288 :
3176 2233 3382 2304 Ecquid
3443 2235 3575 2289 mali

1996 2327 2092 2395 feci
2117 2328 2139 2379 2
2166 2324 2335 2382 Periit
2370 2324 2535 2379 etiam
2562 2324 2707 2390 Piso,
2740 2334 2796 2380 et
2825 2324 2914 2381 alii
2952 2323 3131 2378 multi.
3170 2323 3266 2379 [iis
3308 2324 3572 2394 peractis,

1995 2418 2199 2472 milites
2220 2416 2399 2489 capita
2437 2416 2659 2470 illorum
2691 2415 2744 2470 in
2784 2425 2959 2471 castra
2985 2415 3053 2470 ad
3093 2415 3364 2471 Othonem
3414 2425 3472 2471 et
3517 2417 3574 2473 in

1994 2510 2207 2567 curiam
2266 2509 2597 2563 attulerunt.
2668 2508 2884 2575 Quibus
2947 2507 3281 2563 consternati
3347 2516 3574 2579 patres,

1993 2600 2182 2657 laetitia
2212 2599 2491 2663 simulata,
2523 2598 2718 2655 Othoni
2751 2598 2937 2655 onmia
2983 2614 3106 2669 qua:
3154 2599 3222 2654 ad
3277 2598 3583 2669 imperium

1995 2689 2320 2760 pertinent,
2379 2688 2773 2743 decreverunt.
2829 2686 3020 2758 Neque
3079 2703 3214 2742 vero
3274 2687 3582 2744 obscurum-

1995 2808 2137 2868 erat,
2173 2814 2299 2854 cum
2332 2798 2547 2854 senatui
2588 2798 2699 2853 vim
2723 2798 2957 2863 fecisse,
3005 2809 3059 2852 et
3104 2797 3445 2868 petulantius
3491 2810 3577 2852 at-

1996 2905 2106 2961 que
2140 2890 2397 2946 acerbius
2426 2889 2547 2960 ipso
2562 2888 2782 2945 Nerone
2809 2891 3209 2961 imperaturum
3231 2904 3375 2946 esse.
3401 2891 3581 2946 Galba

1996 2996 2175 3038 annos
2207 2984 2555 3053 septuaginta
2583 2982 2748 3045 duos,
2777 2982 2899 3038 dies
2930 2992 3042 3039 tres
3075 2991 3133 3037 et
3151 2982 3344 3053 viginti
3389 2991 3579 3047 natus,

310 3068 470 3122 ἄλλοι
519 3070 725 3139 συχνοί.
778 3070 888 3123 Καὶ
922 3069 1230 3140 πράξαντες
1254 3067 1428 3123 ταῦτα
1453 3069 1503 3123 oi
1535 3067 1891 3139 στρατιῶται,

2001 3073 2214 3143 imperii
2245 3088 2434 3128 mense
2463 3087 2630 3140 nono,
2657 3083 2717 3130 et
2753 3074 2845 3128 die
2894 3072 3112 3130 decimo
3159 3074 3324 3131 tertio
3349 3114 3366 3142 ,
3422 3074 3583 3131 hunc

311 3158 418 3224 τάς
453 3177 514 3213 τε
558 3162 817 3230 κεφαλὰς
853 3161 1083 3215 ἐκείνων
1136 3161 1549 3231 ἀποτεμόντες,
1606 3160 1743 3231 πρὸς
1798 3161 1893 3215 τὸν

2000 3165 2211 3223 exitum
2242 3163 2461 3219 habuit.

315 3252 535 3308 Ὄθωνα
589 3255 758 3320 αὐτὰς
799 3258 858 3310 ὲν
888 3255 1339 3328 τῷστρατοπέδῳ
1390 3257 1486 3311 καὶ
1553 3258 1635 3320 είς
1706 3256 1769 3310 τὸ
1840 3260 2119 3332 συνέδριον
2190 3260 2481 3331 ἐκόμισαν,
2550 3259 2695 3315 ὥστε
2741 3261 2871 3326 τοὺς
2920 3260 3220 3332 βουλευτὰς
3285 3264 3577 3319 καταπλα-

309 3345 513 3415 γέντας
572 3348 788 3420 χαίρειν
835 3364 896 3402 τε
950 3351 1392 3419 προσποιεῖσθαι,
1428 3350 1525 3403 καὶ
1573 3350 1653 3421 τῷ
1723 3351 1927 3406 Ὄθωνι
1966 3355 2145 3409 πάντα
2208 3355 2280 3409 τὰ
2341 3356 2480 3426 πρὸς
2533 3354 2635 3426 τὴν
2678 3354 2857 3426 ἀρχὴν
2921 3354 3158 3424 φέροντα
3205 3353 3581 3426 ψηφίσασθαιι

310 3442 435 3494 οὐκ
469 3441 725 3495 ἐλάνθανε
763 3442 820 3496 δὲ
878 3443 961 3495 ὅτι
1007 3442 1170 3506 αὐτὸς
1223 3442 1326 3512 τὴν
1400 3442 1597 3513 βουλὴν
1651 3443 1922 3513 ἐϐιάζετο,
1962 3451 2058 3500 καὶ
2098 3446 2174 3511 ὡς
2219 3447 2621 3518 ἀσελγέστερον
2678 3445 2776 3501 καὶ
2810 3448 3138 3518 πικρότερον
3192 3446 3289 3501 τοῦ
3322 3448 3579 3518 Νέρωνος

306 3536 501 3605 ἄρξειν
524 3536 736 3605 ἔμελλε.
768 3537 805 3589 Γ
808 3535 949 3609 ἀλϐᾳ
996 3536 1096 3607 μὲν
1130 3532 1224 3590 οὖν
1273 3535 1503 3604 ζήσαντι
1548 3535 1644 3606 ἔτη
1704 3536 1801 3591 δύο
1861 3539 1959 3592 καὶ
1994 3539 2400 3610 ἐϐδομήκοντα,
2424 3541 2522 3594 καὶ
2548 3540 2769 3611 ἡμέρας
2793 3541 2943 3611 τρεῖς
2971 3538 3068 3593 καὶ
3091 3536 3320 3604 εἴκοσιν,
3348 3539 3585 3609 ἄρξαντι

304 3630 372 3683 δὲ
407 3630 581 3701 μῆνας
599 3631 755 3684 ἐννέα
790 3633 882 3684 καὶ
906 3632 1120 3702 ἡμέρας
1149 3629 1527 3702 τρισκαίδεκα,
1557 3629 1717 3686 τοῦτο
1733 3630 1889 3696 τέλος
1930 3634 2171 3704 ἐγένετο.

385 3721 486 3776 lE’.
533 3723 593 3778 '0
622 3721 678 3776 δὲ
713 3721 897 3776 Ὄθων
947 3728 1197 3791 μετέγνω
1266 3721 1366 3789 μὲν
1405 3725 1495 3774 ἐπὶ
1529 3723 1639 3784 τοῖς
1676 3738 1892 3792 πεπρα-

2065 3725 2180 3781 XV.
2216 3726 2513 3793 Othonem,
2550 3741 2676 3783 cum
2710 3735 2834 3782 exta
2858 3725 3190 3782 sacriﬁcanti
3229 3739 3423 3796 parum
3454 3724 3576 3781 fau-

305 3816 563 3889 γμένοις,
594 3816 702 3870 τῶν
734 3815 895 3887 ἱερῶν
926 3815 1076 3885 αὑτῷ
1114 3815 1298 3869 θύοντι
1331 3816 1586 3887 πονηρῶν
1614 3815 1893 3883 ὀφθέντων

1996 3825 2075 3872 sta
2107 3826 2314 3885 essent,
2339 3817 2557 3891 aliaque
2588 3819 2742 3889 signa
2789 3818 3177 3888 apparuissent
3202 3858 3216 3880 ,
3266 3818 3574 3888 perpetrati
3664 3848 3668 3853 ι

307 3911 414 3965 καὶ
443 3911 618 3966 ἀλλων
648 3909 894 3982 σημείων
913 3909 1066 3980 αὐτῷ
1102 3910 1417 3979 γενομένων
1436 3924 1449 3940 ⁸
1473 3908 1589 3961 ἀλλ’
1616 3910 1717 3962 οὐκ
1741 3905 1891 3981 εἶχεν

1996 3909 2251 3965 facinoris
2275 3911 2531 3981 paenituit
2561 3929 2575 3966 :
2602 3911 2697 3966 sed
2721 3911 2988 3981 imperio,
3030 3909 3176 3981 quod
3229 3910 3398 3965 semel
3452 3926 3578 3965 sus~
3686 3915 3694 3929 ‘

306 4004 398 4068 εἰς
419 4003 519 4073 τὴν
553 4001 729 4074 ἀρχὴν
761 4002 862 4074 ἤδη
881 4000 1144 4055 είσελθὼν
1169 4000 1451 4067 ἀναδῦναι,
1485 4001 1579 4053 καὶ⁵
1611 4000 1890 4071 ἐνέμεινεν

1996 4012 2208 4073 ceptum
2233 4003 2511 4074 deponere
2539 4018 2649 4057 non
2678 4003 2881 4058 licebat
2944 4011 3158 4057 retento
3184 4042 3198 4063 .
3227 4017 3418 4072 poenas
3469 4002 3571 4057 de-

308 4097 483 4166 αὐτῇ,
520 4096 616 4150 καὶ
639 4095 797 4167 δίκην
816 4095 1066 4149 δέδωκεν.
1113 4093 1202 4149 Ἐν
1230 4094 1442 4155 τούτοις
1459 4094 1515 4151 δέ
1538 4102 1646 4162 τις,
1680 4096 1897 4150 πλασά-

1996 4095 2098 4151 dit.
2131 4095 2345 4152 Interea
2409 4096 2634 4167 quidam
2690 4095 2764 4151 ob
2811 4096 3268 4150 lineamentorum
3327 4094 3580 4164 corporis

313 4204 484 4257 μενος
501 4188 696 4257 Νέρων
729 4184 871 4241 εἶναι
921 4189 986 4241 ἐκ
1024 4185 1129 4257 τῆς
1163 4187 1301 4258 πρὸς
1340 4187 1433 4239 τὸν
1465 4186 1697 4258 Νέρωνα
1727 4186 1897 4258 οὔσης

1996 4187 2416 4243 similitudinem
2451 4202 2509 4243 se
2543 4187 2815 4243 Neronem
2867 4200 2991 4241 esse
3031 4184 3350 4257 professus.
3402 4193 3575 4241 totam

309 4281 618 4353 ἐμφερείας
646 4278 820 4350 αὐτῷ,
843 4280 947 4350 τὴν
974 4279 1203 4334 Ἐλλάδα
1228 4279 1412 4349 ὀλίγου
1433 4281 1615 4335 πᾶσαν
1642 4280 1896 4351 ἐτάραξε,

1996 4293 2135 4348 pene
2162 4277 2425 4334 (ἱππείου)
2479 4278 2879 4334 conturbavit:
2926 4286 2983 4333 et
3038 4292 3207 4331 manu
3249 4276 3576 4333 sicariorum

311 4374 421 4427 καὶ
488 4375 645 4441 χεῖρα
696 4368 1026 4440 κακούργων
1067 4369 1284 4441 ἀνδρῶν
1338 4369 1624 4442 ἀθροίσας,
1656 4371 1792 4442 πρὸς
1829 4371 1897 4424 τὰ

1996 4378 2334 4441 comparata,
2370 4369 2438 4426 ad
2484 4369 2737 4443 Syriacas
2785 4369 3037 4439 legiones
3079 4369 3417 4441 properavit.
3465 4370 3575 4427 Sed

312 4468 386 4519 ἐν
432 4467 499 4534 τῇ
557 4465 729 4535 Συρίᾳ
781 4462 1122 4533 στρατόπεδα
1155 4460 1444 4531 ὥρμησεν.
1494 4462 1582 4515 Ἐν
1624 4463 1817 4534 Κύδνῳ
1839 4463 1897 4516 δὲ

2000 4478 2131 4533 eum
2158 4460 2533 4532 Calphurnius
2563 4463 2616 4515 in
2651 4462 2881 4531 trajectu
2920 4459 3096 4531 Cydni
3127 4460 3305 4515 munis
3327 4476 3580 4531 compre-

313 4554 724 4624 περαιούμενον
781 4554 947 4609 αὐτὸν
973 4549 1019 4606 ’ό
1073 4552 1455 4621 Καλπούρνιος
1496 4551 1759 4606 συνέλαϐε
1798 4554 1897 4607 καὶ

313 4647 669 4703 ἀπέκτεινεν.
709 4646 770 4700 'O
801 4646 863 4701 δὲ,
893 4645 1074 4699 Ὄθων
1124 4644 1303 4715 λάθρα
1361 4644 1594 4707 πολλοὺς
1625 4645 1761 4713 πρὸς
1805 4645 1898 4699 τὸν

313 4737 635 4794 Οὐϊτέλλιον
650 4738 744 4792 ἐπὶ
765 4738 1084 4809 καταλλαγῇ
1105 4739 1375 4808 ἐπεμψεν.
1418 4738 1506 4802 Ὠς
1524 4738 1594 4818 ,δὲ
1615 4740 1718 4793 οὐκ
1748 4739 1899 4792 ἐπεί-

316 4833 473 4896 θετο,
540 4832 884 4904 πρεσϐευτὰς
955 4831 1244 4885 ἀπέστειλε
1317 4831 1591 4902 φανερῶς.
1640 4830 1781 4886 Οὔτε
1838 4829 1898 4884 δὲ

315 4924 666 4995 ἀπεκρίνατό
702 4941 758 4976 τι
814 4924 974 4985 αὐτὸς
1025 4919 1498 4984 Οὑῖτέλλιος,οὖτε
1550 4918 1899 4989 ἀπέπεμψεν

316 5015 548 5078 αὐτούς.
604 5011 737 5067 Εἶτα
794 5011 1042 5084 ἐπεμψεν
1075 5012 1256 5065 Ὄθων
1311 5009 1466 5081 ἰσχὺν
1517 5011 1659 5063 κατὰ
1691 5009 1797 5080 γῆν
1839 5024 1898 5061 τε

319 5106 425 5163 καὶ
451 5108 594 5160 κατά
613 5106 915 5172 θάλασσαν,
969 5104 1182 5177 ἡττήθη
1214 5104 1272 5157 δὲ
1314 5102 1406 5157 διὰ
1433 5103 1801 5173 πολυαρχίαν,
1833 5101 1896 5153 οὐ

317 5201 395 5255 δι’
444 5200 752 5267 ἀσθένειαν,
790 5201 899 5253 κάκ
931 5202 1030 5272 τῆς
1088 5199 1313 5269 Ῥώμης
1363 5197 1422 5251 δὲ
1472 5196 1770 5266 ὲξωρνμήθη
1805 5194 1901 5248 καὶ

318 5297 451 5360 τοὺς
488 5294 738 5367 πρώτους
794 5292 1054 5366 ἐξήγαγε.
1091 5292 1274 5361 Μέρος
1304 5289 1364 5346 δέ
1408 5306 1461 5343 τι
1491 5291 1591 5360 τῆς
1616 5288 1901 5357 δυνάμεως

319 5388 406 5456 τῷ
440 5387 670 5458 Πρόκλῳ
692 5385 842 5451 δοὺς,
882 5384 1048 5446 αὐτὸς
1100 5382 1444 5452 ἀνεχώρησε,
1478 5379 1661 5447 λέγων
1696 5379 1769 5448 μὴ
1804 5377 1904 5445 φέ-

326 5494 447 5549 ρειν
475 5477 657 5546 μάχην
688 5475 899 5546 ἀνδρῶν
934 5471 1223 5545 ὁμοφύλων
1252 5471 1400 5526 ἰδεῖν.
1439 5466 1605 5522 Ὀθεν
1629 5467 1903 5536 μαλακίαν

323 5569 496 5626 αὐτοῦ
531 5570 896 5638 καταγνόντες
917 5568 968 5620 oi.
987 5565 1320 5637 στρατιῶται
1347 5561 1441 5616 καὶ
1455 5562 1504 5614 oi
1539 5558 1900 5629 στρατάρχαι,

325 5664 481 5718 οὐδὲν
504 5662 613 5714 τῶν
667 5661 902 5714 δεόντων
950 5657 1220 5729 ἔπραξαν,
1264 5653 1382 5707 ἀλλ’
1432 5650 1772 5722 ἡττήθησαν,
1808 5649 1904 5703 καὶ

326 5759 441 5822 τοῖς
456 5758 549 5811 τοῦ
568 5752 882 5811 Οὐϊτελλίου
913 5747 1453 5821 ἐπεκηρυκεύσαντο,
1478 5745 1573 5798 καὶ
1598 5739 1903 5812 ἀνεμίχθη-

1998 4554 2231 4609 hensum
2259 4552 2559 4609 interfecit.
2593 4552 2662 4606 At
2690 4551 2837 4609 Otho
2863 4553 3002 4608 clam
3035 4550 3239 4607 multos
3282 4551 3351 4606 ad
3407 4551 3580 4607 Vitel-

1998 4640 2131 4695 lium
2204 4641 2672 4697 reconciliandam
2706 4680 2721 4706 ,
2789 4655 2915 4695 cum
2981 4640 3121 4696 nihil
3176 4639 3526 4709 impetrasset
3559 4677 3576 4704 ,

1998 4741 2187 4803 aperte
2233 4734 2445 4804 legatos
2504 4733 2675 4788 misit.
2737 4731 2885 4799 Quos
2934 4746 3059 4786 cum
3122 4731 3376 4786 Vitellius
3426 4730 3581 4785 nullo

2000 4839 2266 4896 responso
2297 4824 2556 4895 dignatus
2580 4834 2748 4889 esset,
2781 4832 2947 4893 atque
2997 4823 3161 4878 etiam
3210 4821 3529 4876 retinuisset
3558 4836 3575 4874 :

2001 4917 2178 4987 copiis
2210 4926 2356 4971 terra
2385 4916 2634 4986 marique
2665 4914 2830 4987 573,
2860 4912 3043 4970 missis
3066 4954 3083 4980 ,
3128 4929 3238 4968 non
3287 4928 3353 4967 ex
3403 4912 3581 4967 imbe-

1999 5009 2247 5072 ciuitate,
2280 5007 2378 5062 sed
2417 5016 2641 5077 propter
2666 5006 2869 5060 ducum
2925 5004 3338 5059 multitudinem
3374 5002 3575 5067 victus,

2001 5101 2118 5171 ipse
2150 5100 2322 5155 Roma
2352 5114 2477 5154 cum
2512 5098 2850 5169 primoribus
2872 5110 3125 5168 egressus
3156 5103 3242 5150 est
3269 5113 3282 5149 :
3325 5104 3382 5148 ct
3420 5104 3577 5163 parto

2001 5192 2234 5246 militum
2260 5189 2457 5246 Proclo
2494 5190 2643 5255 data,
2680 5188 2947 5251 recessit,
2974 5200 3032 5240 se
3079 5197 3314 5253 pugnam
3372 5183 3579 5239 civium

2001 5286 2151 5341 inter
2175 5298 2235 5337 se
2269 5281 2454 5336 videre
2486 5294 2643 5350 posse
2675 5293 2902 5349 negans.
2935 5276 3125 5340 Itaque
3156 5273 3357 5329 milites
3382 5283 3440 5329 et
3466 5273 3577 5329 du-

2002 5390 2094 5429 ces
2125 5374 2392 5445 ignaviam
2423 5374 2542 5443 ejus
2573 5371 2815 5440 pertaesi,
2850 5385 2911 5423 re
2974 5369 3113 5422 male
3149 5376 3322 5433 gesta,
3372 5368 3439 5421 ad
3485 5367 3589 5423 Vis

2006 5467 2258 5523 tellianos
2315 5465 2654 5519 defecerunt.
2721 5462 2877 5527 Quod
2935 5475 3060 5516 cum
3114 5474 3288 5529 eques
3353 5459 3579 5529 quidam

2003 5557 2205 5613 Othoni
2240 5556 2570 5617 nuntiasset,
2595 5562 2761 5622 atque
2790 5552 2836 5606 is
2865 5566 2974 5605 non
3009 5550 3263 5606 crederet
3292 5567 3303 5604 :
3341 5551 3583 5613 Utinam,

2005 5648 2204 5718 inquit,
2240 5646 2439 5711 Cwsar,
2476 5646 2586 5699 Ita’c
2619 5644 2759 5714 falsa
2785 5654 2993 5709 essent,
3041 5658 3209 5711 seque
3253 5641 3435 5697 statim
3490 5641 3578 5695 in-

2011 5740 2245 5797 terfecit.
2276 5738 2483 5793 Deinde
2510 5752 2635 5792 cum
2661 5752 2855 5793 omnes
2876 5736 2942 5791 dc
3000 5751 3193 5806 pugnae
3231 5743 3429 5788 eventu
3468 5746 3582 5786 non
