4018 6250
472 317 575 379 961

1735 306 2062 371 IOANNIS
2095 306 2418 368 ZONAR.’E

3622 296 3727 361 968

467 426 706 497 amplius
732 424 1083 489 dubitantes,
1113 422 1296 479 denuo
1345 419 1533 476 alartis
1577 420 1752 474 aleam
1799 419 2037 490 experiri

2166 438 2246 474 παν
2281 423 2458 490 σφίσι.
2486 419 2576 490 Τῷ
2599 419 2655 474 δὲ
2700 416 2905 471 ’Ὄθωνι
2933 412 3160 486 ἤγγειλε
3193 411 3369 468 ταῦτα
3413 410 3616 473 ἱππεὺς
3651 410 3727 477 (5)

468 519 646 588 parati
675 525 859 572 essent
914 517 1084 587 (nam
1147 522 1202 569 et
1246 513 1511 569 satellites
1560 512 1764 579 multi,
1831 521 1890 566 et
1949 511 2045 565 alii

468 626 578 663 non
610 610 767 679 pauci
797 607 1057 677 aberant)
1090 620 1331 675 eumque
1374 614 1631 674 rogarent
1659 643 1675 669 ,
1721 619 1792 659 ne
1841 612 2047 658 semet.

471 702 654 771 ipsum
688 714 743 757 et
776 702 924 771 ipsos
955 700 1285 754 destitueret
1319 717 1331 752 :
1363 714 1421 754 se
1464 699 1611 751 enim
1635 711 1826 751 omnes
1857 695 2044 749 liben-

470 803 554 848 ter
588 809 684 863 pro
711 808 777 846 eo
805 793 1101 846 morituros
1163 790 1309 846 Otho
1336 829 1351 854 ,
1386 788 1552 844 multo
1579 791 1775 858 a'quius
1800 803 1931 851 esse,
1967 786 2050 841 di-

471 888 573 949 xit,
602 901 763 938 unum
781 901 876 952 pro
900 885 1159 949 omnibus,
1194 901 1352 954 quam
1375 882 1562 936 multos
1588 898 1681 950 pro
1704 896 1809 935 uno
1840 881 2012 951 perire
2030 891 2049 930 :

473 992 637 1044 neque
666 991 721 1028 se
743 976 1142 1028 commissurum
1171 1015 1185 1040 ,
1218 985 1273 1027 ut
1316 974 1376 1028 ob
1437 990 1599 1027 unum
1656 974 1827 1027 virum
1870 969 2051 1042 populi

471 1068 698 1123 Romam"
726 1070 911 1122 seditio
940 1072 1207 1130 oriretur,
1256 1077 1303 1121 et
1353 1077 1505 1121 tanta
1561 1068 1831 1120 hominum
1869 1062 2052 1116 multi-

470 1161 595 1214 tudo
635 1163 894 1214 interiret.
931 1161 1026 1214 llis
1074 1160 1256 1226 dictis,
1305 1159 1359 1213 in
1410 1159 1671 1214 conclave
1726 1157 2048 1226 ingressus,

469 1268 594 1307 cum
640 1252 901 1306 nonnulla
954 1252 1021 1306 ad
1071 1267 1237 1315 suos,
1287 1261 1347 1307 et
1393 1250 1460 1303 ad
1491 1250 1765 1304 Vitellium
1810 1246 1879 1301 de
1934 1247 2052 1300 suis

473 1345 801 1413 scripsisset,
827 1345 1027 1398 litteris
1055 1344 1123 1399 ad
1180 1360 1238 1399 se
1266 1355 1456 1398 contra
1488 1344 1640 1398 illum
1677 1339 1898 1408 scriptis
1925 1353 2050 1392 cre-

475 1433 657 1497 matis,
687 1450 758 1487 ne
788 1435 876 1488 cui
913 1434 1214 1504 periculum
1252 1433 1378 1488 inde
1429 1440 1711 1487 crearetur
1735 1468 1751 1495 ,
1808 1427 2055 1497 singulos

473 1547 754 1610 salutavit,
807 1554 864 1600 et
899 1544 1129 1616 pecunia
1165 1543 1408 1598 donavit.
1442 1542 1653 1596 Interea
1701 1539 1933 1593 militum
1968 1543 2055 1587 tu-

475 1639 651 1692 multu
691 1647 837 1699 orto,
873 1639 1007 1692 exiit
1042 1655 1055 1690 :
1101 1652 1278 1705 eoque
1329 1635 1507 1703 sopito
1541 1674 1555 1697 ,
1600 1648 1705 1685 non
1759 1632 1909 1700 prius
1934 1630 2054 1683 dis-

482 1729 669 1791 cessit,
729 1744 889 1799 quam
923 1729 1060 1782 alios
1091 1728 1197 1780 alio
1246 1727 1300 1779 in
1336 1727 1455 1780 loca
1494 1733 1608 1778 tuta
1654 1723 1923 1778 misisset.
1976 1724 2054 1777 Ae
2085 1756 2129 1814 Β

480 1821 553 1875 ita
585 1821 831 1884 demum,
867 1835 991 1874 eum
1030 1819 1322 1887 tranquilla
1355 1826 1538 1871 essent
1564 1817 1768 1881 omnia,
1802 1814 2044 1886 seipsum

479 1913 780 1969 interfecit.
820 1913 1018 1967 Milites
1041 1912 1274 1965 cadaver
1294 1911 1413 1981 ejus
1454 1910 1850 1980 sepeliverunt,
1898 1909 2060 1963 multi

477 2023 697 2077 quoque
722 2023 889 2078 super
914 2022 980 2061 eo
1033 2023 1092 2062 se
1122 2008 1463 2077 jugularunt.
1531 2007 1633 2061 Hic
1685 2005 1909 2062 Othonis
1961 2006 2065 2060 fuit

476 2101 680 2165 exitus,
710 2116 834 2155 cum
861 2114 1034 2154 annos
1065 2116 1242 2154 xxxvu
1291 2100 1559 2163 vixisset,
1600 2100 1720 2153 dies
1776 2114 1841 2152 xc
1888 2099 2063 2166 impe-

478 2188 675 2257 rasset,
709 2208 819 2262 quo
850 2202 1063 2246 tetatem
1093 2191 1436 2260 superiorem
1489 2190 1661 2259 impie
1696 2200 1751 2244 et
1798 2189 2062 2244 scelerate

478 2295 657 2338 actam
676 2285 1046 2346 obumbravit,
1064 2293 1118 2337 et
1134 2282 1300 2339 vitam
1319 2282 1562 2336 omnium
1583 2281 2060 2350 ﬂagitiosissimam

481 2387 660 2431 morte
709 2378 1095 2431 honestissima
1163 2376 1467 2430 decoravit.
1515 2375 1646 2429 Post
1675 2379 1793 2442 ejus
1827 2373 2060 2440 obitum,

489 2470 693 2523 milites
718 2469 901 2523 statim
946 2468 1259 2522 tumultuati
1294 2475 1423 2521 sunt
1454 2484 1468 2521 :
1511 2474 1566 2520 et
1592 2466 1782 2520 multis
1826 2464 2061 2518 invicem

484 2558 660 2618 caesis,
684 2557 855 2628 gratia
880 2557 1229 2612 reconciliata
1251 2571 1308 2611 se
1333 2555 1401 2610 ad
1428 2557 1663 2610 victores
1682 2553 2060 2609 contulerunt.

2152 517 2248 568 καὶ
2273 513 2698 582 ἀπιστούμενος,
2731 511 2893 575 Εἴθε,
2928 508 3055 578 ἔφη,
3101 506 3290 559 ταῦτα
3329 502 3556 572 ψευδῆ.
3595 500 3729 556 Kai-

2151 623 2291 672 σαρ.
2329 604 2443 672 ἦν’
2497 604 2593 657 καὶ
2644 600 2841 660 εἰπὼν.
2874 599 3070 653 ἑαυτὸν
3112 597 3464 665 διεχρήσατο.
3509 594 3731 645 Πιστευο

2154 699 2364 750 σάντων
2395 697 2439 749 δ’
2473 699 2536 749 ὲκ
2558 693 2757 747 τούτου
2812 692 3060 748 πάντων,
3105 689 3200 740 καὶ
3228 686 3466 756 ἑτοίμως
3500 684 3730 753 ἑχόντων

2151 785 2604 858 ἀναμαχέσασθαι
2655 783 2729 852 (οἴ
2752 800 2812 835 τε
2856 782 2964 851 γὰρ
3018 778 3311 848 δορυφόροι
3352 777 3540 847 συχνοὶ
3567 770 3725 844 ἦσαν,

2152 883 2246 934 καὶ
2271 882 2448 949 ἕτεροι
2474 879 2575 931 οὐκ
2595 876 2765 943 ὀλίγοι
2787 871 3069 944 παρῆσαν)
3084 872 3179 924 καὶ
3195 870 3547 923 ἱκετευόντων
3568 866 3729 920 αὐτὸν

2157 972 2283 1044 μήθ’
2307 970 2503 1024 ἑαυτὸν
2530 970 2665 1040 μήτε
2695 968 2834 1036 σφᾶς
2855 963 3149 1036 προδοῦναι
3178 978 3191 989 ⁸
3225 961 3436 1022 Πάντες
3468 959 3577 1028 γάρ
3596 957 3729 1024 (ἐλε-

2152 1063 2269 1133 γον)
2299 1063 2440 1132 ὑπὲρ
2471 1060 2566 1115 σοῦ
2588 1060 2760 1130 ἡδέως
2784 1054 3247 1124 ἀπαθανοὺμεθα’
3271 1052 3300 1104 ό
3329 1051 3538 1114 Ὄθων,
3558 1048 3730 1103 ,Πολὺ

2153 1157 2526 1222 δικαιότερόν
2537 1153 2729 1211 ἐστιν.
2746 1147 2925 1215 εἶπεν,
2951 1148 3059 1202 ἕνα
3083 1146 3236 1213 ὑπὲρ
3256 1144 3503 1198 πάντων
3530 1143 3568 1210 ἢ
3592 1146 3732 1194 πολ-

2152 1250 2300 1316 λοὺς
2320 1245 2473 1314 ὑπὲρ
2495 1244 2633 1309 ἐνὸς
2658 1240 3018 1304 ἀπολέσθαι,
3058 1237 3155 1291 καὶ
3177 1235 3263 1304 μὴ
3297 1234 3633 1299 βούλεσθαι
3659 1228 3731 1283 δι’

2153 1343 2267 1398 ἕνα
2313 1339 2503 1406 ἄνδρα
2527 1336 2634 1389 τὸν
2659 1333 2854 1402 δῆμον
2870 1329 2988 1384 τῶν
3031 1329 3326 1396 Ῥωμαίων
3367 1320 3729 1383 στασιάζειν,

2156 1436 2252 1490 καὶ
2280 1432 2576 1488 τοσοῦτον
2598 1428 2789 1497 ὄχλον
2807 1421 3134 1490 ἀνθρώπων
3175 1420 3542 1488 φθείρεσθαι.
3569 1414 3733 1468 Ταῦτ’

2156 1528 2329 1583 εἰπὼν
2348 1528 2427 1589 εἰς
2448 1526 2509 1577 τὸ
2525 1522 2799 1588 δωμάτιον
2822 1516 3160 1587 ἀνεχώρησε,
3181 1514 3275 1566 καί
3290 1529 3412 1564 τινα
3436 1513 3551 1572 τοῖς
3579 1527 3635 1561 τε
3656 1510 3733 1560 οἰ-

2157 1622 2324 1682 κείοις
2348 1619 2445 1673 καὶ⁹
2466 1615 2543 1686 τῷ
2568 1610 2863 1681 Οὐϊτελλίῳ
2879 1609 3019 1679 ὑπὲρ
3035 1606 3216 1661 αὐτῶν
3230 1602 3562 1664 ἐπιστείλας,
3583 1601 3648 1654 τά
3675 1616 3731 1652 τε

2156 1712 2464 1782 γράμματα
2519 1707 2619 1758 ὅσα
2681 1701 2829 1764 τινὲς
2887 1698 3038 1767 αὐτῷ
3090 1698 3213 1749 κατ’
3246 1697 3457 1749 ἐκείνου
3500 1692 3732 1761 ἐγεγρά-

2158 1820 2373 1875 φεισαν,
2409 1799 2666 1861 ἔκαυσεν,
2700 1794 2842 1848 ὥστε
2894 1791 3098 1862 μηδένα
3126 1789 3184 1855 ἐξ
3209 1787 3386 1841 αὐτῶν
3414 1785 3732 1854 φωραθέντα

2158 1874 2554 1950 κινδυνεῦσαι·
2597 1887 2693 1940 καὶ
2755 1883 2938 1938 καλῶν
2988 1879 3086 1933 ἕνα
3120 1879 3355 1931 ἕκαστον
3384 1876 3494 1930 τῶν
3529 1874 3734 1944 παρόν-

2157 2006 2288 2053 των,
2314 1983 2598 2056 ήσπάζετο
2632 1978 2855 2040 αὐτοὺς,
2916 1974 3009 2028 καὶ
3045 1972 3218 2024 ἐδίδου
3265 1970 3418 2036 σφίσι
3448 1968 3731 2056 χρήματα.

2160 2082 2277 2133 Κάν
2301 2054 2478 2145 τούτῳ
2505 2072 2750 2143 ταραχῆς
2781 2065 3083 2137 γενομένης
3120 2059 3494 2132 στρατιωτῶν,
3524 2054 3734 2125 ἐξῆλθε,

2160 2175 2258 2227 καὶ
2289 2168 2640 2238 καταστήσας
2701 2160 2922 2221 αὐτοὺς,
2970 2156 3031 2209 οὐ
3066 2153 3337 2225 πρότερον
3384 2149 3737 2217 ἀνεχώρησε,

2162 2266 2293 2334 πρὶν
2361 2263 2418 2322 ἐς
2470 2262 2532 2312 τὸ
2579 2252 2824 2323 ἀσφαλὲς
2867 2251 3064 2312 ἄλλους
3090 2244 3326 2318 ἀλλαχοῦ
3363 2244 3597 2313 πέμψαι.
3633 2241 3740 2294 Καὶ

2160 2332 2359 2420 οθτως,
2390 2351 2515 2403 ἐπεὶ
2552 2345 2722 2417 μηδὲν
2769 2343 2850 2396 ἔτι
2900 2339 3214 2412 ταραχῶδες
3263 2337 3493 2405 ἐγίνετο,
3550 2332 3740 2386 ἑαυτὸν

2160 2448 2577 2516 κατεχρήσατο·
2632 2439 2729 2493 καὶ
2781 2437 2834 2490 οἱ
2899 2432 3237 2503 στρατιῶται
3281 2428 3344 2482 τὸ
3378 2429 3539 2496 σῶμα
3572 2421 3739 2477 αὑτοῦ

2142 2513 2404 2607 illati/av,
2422 2534 2519 2588 καί
2552 2538 2694 2593 τινες
2744 2525 2893 2597 αὐτῷ
2923 2521 3235 2591 ἐπέσφαξαν
3286 2516 3536 2579 ἑαυτούς.
3572 2513 3745 2568 Τοῦτο

1178 2609 1392 2714 γέέονε,
1459 2645 1689 2715 ξήσαντι
1749 2644 1848 2715 μὲν
1879 2643 2019 2696 ἑπτὰ
2063 2637 2161 2693 καὶ
2211 2632 2512 2704 τριάκοντα
2543 2623 2660 2694 ἔτην
2697 2617 2965 2716 ’ἄρξαντξ
3000 2615 3066 2716 δὲ,
3114 2614 3332 2716 fl???“
3380 2609 3744 2716 timui?

480 2698 751 2793 ὅθεν
972 2698 1230 2792 ἀσέόειαν
1256 2698 1392 2790 ικαὶ,
1575 2698 1844 2809 πονηρίαν
1904 2734 1998 2788 τοῦ
2054 2732 2171 2804 βίου
2229 2698 2581 2780 συνεσκίασε.
2626 2712 2886 2809 detc‘ta
3045 2706 3347 2809 ﬁ‘topdt‘ittxtv
3381 2703 3583 2809 Plui.

489 2833 649 2886 λιστα
702 2793 995 2885 ἀπέθάνεν.
1036 2832 1102 2883 Ol.
1163 2830 1220 2883 δὲ
1290 2793 1630 2901 στρατιῶται
1694 2793 1859 2893 εὐθὺς
1940 2793 2490 2898 μὲνιὲταράχθησαν,
2538 2810 2635 2863 καὶ
2687 2805 2779 2861 ὑπ’
2837 2802 3085 2874 ἀλλήλων
3136 2797 3323 2852 πολλοὶ
3370 2793 3745 2865 ἀνῃρέθησανο

483 2924 676 2981 ἔπειτα
722 2923 1070 2993 ὡμονόησαν,
1103 2921 1197 2976 καὶ
1238 2927 1776 2995 προσκεχωρήκεσαν
1806 2928 1918 2985 τοῖς
1948 2913 2377 2990 κεκρατηκόσιν.

556 3012 696 3069 XVI.
737 3013 970 3068 Romani
999 3002 1219 3082 cognito
1252 3010 1484 3067 Othonis
1529 3014 1756 3069 interitu
1794 3014 1966 3085 (nam,
2001 3018 2062 3067 ut

484 3113 616 3163 ante
647 3105 856 3161 dictum
894 3113 1002 3169 est,
1037 3104 1177 3158 urbe
1208 3105 1418 3172 aberat)
1455 3105 1730 3160 Vitellium
1760 3108 2060 3175 imperato-

2237 2997 2355 3067 ις’.
2392 2997 2455 3049 Οἱ
2486 2994 2533 3049 δ’
2561 2994 2618 3046 ἐν
2650 2994 2714 3062 τῇ
2751 2988 2964 3059 Ῥώμῃ,
3017 2985 3078 3038 τὸ
3109 2984 3282 3047 πάθος
3335 2980 3599 3051 μαθόντες
3648 2977 3746 3031 τοῦ

2174 3093 2412 3152 Ὄθωνος
2441 3085 2731 3158 (ἀπεδήμει
2754 3082 2864 3150 γὰρ
2910 3078 3004 3131 τοῦ
3038 3077 3267 3139 ἄστεως,
3297 3075 3372 3136 ὼς
3401 3070 3746 3140 προείρηται)

485 3211 602 3250 rem
638 3196 1019 3264 designarunt.
1074 3194 1174 3249 Cui
1207 3211 1355 3249 mors
1383 3195 1613 3251 Othonis
1644 3198 1696 3250 in
1725 3198 1913 3252 Galliis
1938 3213 2065 3250 ver-

2170 3180 2549 3251 αὐτοκράτορα
2578 3175 2671 3227 τὸν
2698 3170 3007 3225 Οὐϊτέλλιον
3033 3165 3392 3234 ἀνηγόρευον.
3429 3163 3599 3264 Ὀντὶ
3615 3158 3672 3264 δ’,
3690 3159 3748 3264 ἐν

486 3287 629 3342 santi
682 3285 934 3340 nuntiata
964 3296 1071 3345 est.
1128 3286 1219 3339 ubi
1261 3300 1389 3340 eum
1417 3302 1556 3341 uxor
1613 3304 1738 3342 cum
1770 3288 1936 3343 tiliolo
1970 3303 2066 3343 sex

487 3391 665 3432 annos
694 3385 824 3430 nato
853 3379 1132 3440 convenit,
1162 3392 1325 3446 quem
1370 3394 1469 3447 pro
1499 3390 1755 3451 suggesto
1780 3379 2060 3435 Germani-

488 3483 615 3522 cum
643 3477 700 3522 et
741 3467 1014 3523 Caesarem
1044 3467 1374 3538 designavit.
1405 3471 1523 3525 Jam
1553 3486 1678 3525 cum
1707 3471 2062 3526 divinationi-

488 3561 594 3618 bus
621 3560 844 3616 deditus
880 3570 1047 3625 esset,
1099 3577 1203 3617 nec
1237 3562 1358 3618 sine
1405 3563 1473 3619 iis
1519 3564 1605 3620 vel
1636 3565 1863 3619 minima
1891 3565 2068 3620 susci-

490 3658 664 3722 peret.
697 3659 809 3705 tum
847 3659 1211 3716 astronomos,
1241 3662 1363 3721 post
1397 3654 1563 3708 etiam
1596 3654 1798 3709 ariolos
1832 3654 2065 3725 pepulit,

492 3752 646 3797 certo
675 3740 765 3795 die
795 3740 1088 3810 praeﬁnito,
1132 3741 1274 3797 intra
1309 3758 1472 3812 quem
1503 3752 1616 3799 tota
1646 3744 1800 3798 Italia
1827 3744 2065 3799 excede-

493 3839 637 3887 rent.
688 3830 793 3897 Qui
839 3841 1006 3886 noctu
1054 3832 1296 3886 vicissim
1326 3834 1546 3888 schedis
1579 3833 1744 3905 57h.
1770 3835 2068 3903 propositis

490 3924 544 3977 ei
572 3922 995 3981 denuntiarunt.
1044 3933 1105 3977 ut
1138 3924 1281 3978 intra
1311 3940 1437 3978 cum
1465 3926 1611 3981 diem
1641 3942 1672 3980 e
1700 3928 1809 3981 vita
1837 3927 2071 3984 excede-

492 4024 601 4079 ret,
631 4029 740 4082 quo
768 4014 1031 4069 excessit.
1070 4015 1204 4070 Dum
1236 4027 1420 4074 autem
1452 4018 1604 4072 luxui
1634 4030 1689 4073 et
1716 4019 1954 4075 lasciviae
1976 4019 2073 4073 de-

491 4104 662 4169 ditus,
692 4116 749 4161 et
772 4123 799 4158 a
827 4105 1001 4176 prima
1022 4115 1181 4161 aelate
1214 4107 1269 4160 in
1300 4109 1586 4176 cauponis,
1629 4109 1749 4164 foro
1780 4111 2070 4174 aleatorio,

492 4197 876 4252 saltationibus
922 4207 980 4252 et
1029 4197 1470 4267 aurigationibus
1519 4211 1768 4257 versatus
1812 4212 1979 4263 esset,
2015 4212 2072 4255 et

493 4288 705 4342 inﬁnita
739 4289 792 4342 in
825 4304 918 4344 eas
950 4304 1040 4344 res
1075 4291 1308 4358 pecunia
1356 4291 1657 4361 insumpta,
1681 4294 1914 4347 multum
1944 4293 2072 4349 aeris

496 4379 662 4435 alicui
702 4380 943 4444 fecisset,
990 4389 1104 4437 tum
1140 4390 1304 4436 aucto
1338 4382 1467 4437 luxu
1501 4384 1829 4443 insolentius
1867 4402 1926 4440 se
1951 4402 2073 4456 δοες

496 4469 591 4531 sit,
630 4471 975 4541 majorcsque
1020 4481 1274 4541 sumptus
1304 4472 1454 4528 fecit.
1485 4475 1770 4531 Maximam
1803 4476 1912 4532 diei
1948 4489 2073 4547 paro

2165 3278 2232 3344 τῇ
2260 3246 2497 3338 Γαλατίᾳ
2519 3268 2548 3319 ό
2575 3265 2799 3323 θάνατος
2861 3258 3106 3331 ὴγγέλθη
3130 3256 3226 3308 τοῦ
3267 3254 3532 3313 Ὄθωνος.
3573 3246 3749 3302 Ἦλθε

2176 3343 2235 3420 δὲ
2270 3364 2404 3434 πρὸς
2440 3359 2603 3413 αὐτὸν
2626 3358 2720 3411 καὶ
2742 3357 2775 3425 ἡ
2805 3354 2944 3423 γυνὴ
2978 3353 3074 3405 καὶ
3095 3350 3157 3403 τὸ
3199 3347 3433 3406 παιδίον.
3471 3344 3501 3397 ὃ
3534 3344 3628 3397 καὶ
3660 3343 3754 3396 ἐπὶ

2168 3455 2411 3527 βήματος
2443 3447 2782 3519 Γερμανικόν
2809 3461 2868 3497 τε
2913 3444 3005 3496 καὶ
3042 3439 3426 3509 αὐτοκράτορα
3453 3436 3752 3503 ὲπωνόμαυ

2170 3526 2283 3612 σεν,
2311 3544 2529 3608 ἑξάετες
2579 3540 2661 3593 ὅν.
2698 3536 3021 3606 Φιλόμαντις
3060 3534 3115 3589 δὲ
3153 3530 3438 3600 ὑπάρχων,
3490 3528 3582 3580 καὶ
3616 3526 3755 3595 μηδὲ

2166 3638 2228 3691 τὺ
2262 3636 2433 3707 βραχὺ
2462 3634 2726 3707 πράσσων
2755 3630 2884 3684 ἀνευ
2918 3626 3119 3686 αὐτῶν,
3146 3625 3267 3676 τότε
3290 3621 3390 3691 μὲν
3408 3618 3533 3682 τοὺς
3556 3621 3756 3686 ἀστροσ

2170 3730 2389 3799 νόμους,
2425 3727 2652 3794 ὕστερον
2674 3721 2731 3777 δὲ
2754 3720 2849 3777 καὶ
2876 3720 3003 3783 τοὺς
3049 3718 3251 3785 γόητας
3282 3712 3533 3782 ἐξήλασε,
3566 3726 3756 3779 προει-

2169 3824 2287 3876 πῖυν
2351 3821 2534 3889 σφισιν
2601 3817 2750 3880 ἐντὸς
2792 3814 2955 3883 τῆσδε
3000 3812 3100 3878 τῆς
3149 3809 3365 3880 ἡμέρας
3411 3806 3470 3872 ἐξ
3529 3804 3755 3872 ἀπάσης

2171 3914 2490 3985 ἐκχωρῆσαι
2521 3914 2616 3980 τῆς
2661 3909 2915 3971 Ἰταλίας.
2957 3906 3219 3959 Κάκεῖνοι
3248 3901 3442 3962 νυκτὸς
3490 3900 3756 3967 ἀντιπρο-

2173 4006 2360 4068 θέντες
2392 4003 2826 4075 προγράμματα,
2858 3993 3362 4067 ἀντιπαρήγγειλαν
3393 3990 3543 4059 αὐτῷ
3575 3988 3759 4041 ἀπαλ-

2172 4096 2405 4164 λαγῆναι
2443 4094 2537 4147 τοῦ
2569 4094 2684 4164 βίου
2724 4092 2876 4153 me;
2900 4090 2998 4157 τῆς
3034 4086 3249 4158 ἡμέρας
3279 4086 3337 4137 ὲν
3397 4077 3431 4156 ᾗ
3464 4081 3757 4150 ἐτελεύτη-

2176 4204 2286 4243 σεν.
2327 4184 2435 4241 τΗν
2466 4187 2524 4239 δὲ
2565 4186 2746 4255 τρυφῇ
2780 4199 2838 4238 τε
2896 4181 2994 4234 καὶ
3034 4178 3295 4248 ἀσελγείᾳ
3328 4173 3756 4245 προσκείμενος,

2174 4282 2267 4333 καὶ
2297 4277 2392 4334 ἀπ’
2421 4277 2596 4347 ἀρχῆς
2654 4274 2894 4331 τοιοῦτος
2927 4271 3002 4324 ὢν
3044 4266 3156 4332 οἷος
3203 4269 3334 4338 περὶ
3382 4267 3451 4319 τά
3480 4265 3761 4333 καπηλεῖα

2174 4374 2271 4428 καὶ
2332 4369 2403 4422 τὰ
2462 4368 2825 4436 κυϐευτήρια,
2873 4365 2967 4416 καὶ
3003 4363 3128 4423 τοὺς
3164 4359 3460 4431 ὀρχηστάς,
3507 4358 3760 4423 καὶτοὺς

2176 4463 2566 4534 ἁρματηλάτας
2615 4456 3031 4512 ἐσπουδακέναι.
3098 4455 3209 4509 Καὶ
3259 4450 3518 4519 ἀμύθητα
3569 4450 3629 4513 ἐς
3688 4451 3758 4502 τά

500 4570 632 4625 tem,
688 4574 744 4615 et
789 4575 958 4619 noctu
1015 4580 1258 4634 quoque,
1313 4567 1533 4623 secitra
1577 4569 1741 4624 ullam
1767 4543 2065 4623 satietatem

2178 4556 2403 4609 τοιαῦτα
2432 4554 2718 4622 ἀνήλισκε,
2758 4551 2848 4603 καὶ
2873 4548 2962 4603 διὰ
2984 4546 3141 4600 τοῦτο
3183 4545 3277 4598 καὶ
3306 4545 3593 4606 δανειστὰς
3623 4543 3758 4594 πολ-

501 4653 913 4723 ingurgitando,
965 4665 1023 4710 et
1075 4657 1310 4711 subinde
1362 4674 1484 4725 quae
1529 4659 1865 4728 ingesserat,
1916 4675 2076 4714 revo-

502 4742 724 4805 utendo,
774 4750 832 4797 ut
858 4744 977 4798 solo
1007 4745 1340 4800 cibariorum
1368 4748 1598 4803 transitur
1651 4750 1721 4803 ali
1754 4750 2073 4805 videretur:

501 4849 623 4904 quae
651 4850 736 4889 res
765 4833 1058 4900 eﬂiciebat,
1092 4846 1150 4890 ut
1180 4850 1499 4908 perpetuam
1531 4842 1809 4910 crapulam
1845 4844 2075 4898 tolerare

500 4934 708 4994 posset,
745 4940 872 4981 cum
905 4927 1024 4996 ejus
1055 4938 1403 4996 compotores
1434 4930 1667 4996 pessime
1712 4929 1997 4984 haberent.
2036 4930 2076 4983 Ε

499 5030 610 5085 quo
669 5032 900 5070 numero
956 5032 1080 5072 cum
1127 5017 1349 5089 quidam
1408 5028 1632 5088 propter
1687 5021 1940 5074 morbum
1980 5037 2076 5089 per

507 5109 719 5178 aliquot
748 5110 868 5163 dies
891 5126 920 5163 a
948 5110 1234 5167 sodalitate
1265 5111 1548 5171 abfuisset.
1571 5129 1627 5165 sc
1645 5115 1856 5169 omnino
1882 5117 2085 5181 peritu-

504 5215 624 5252 rum
653 5203 812 5269 fuisse
841 5202 1003 5264 dixit,
1034 5204 1132 5257 nisi
1164 5212 1486 5273 u-grotasset.
1516 5204 1626 5258 Nec
1664 5214 1836 5258 totum
1867 5215 2082 5274 tempus

503 5287 722 5355 imperii
762 5292 882 5362 ejus
911 5294 1211 5363 quidquam
1260 5294 1407 5350 aliud
1463 5294 1588 5351 fuit.
1622 5295 1731 5348 nisi
1756 5295 1997 5348 ebrietas
2025 5305 2084 5351 et

508 5388 950 5438 comessationes.
996 5385 1129 5450 Quis
1168 5396 1352 5439 autem
1402 5386 1615 5454 singula
1643 5387 2082 5441 commemoret?

508 5482 632 5524 cum
667 5471 807 5525 inter
830 5488 1021 5528 omnes
1051 5484 1288 5539 constet,
1314 5491 1438 5529 eum
1476 5475 1688 5543 imperii
1719 5477 1801 5528 sui
1837 5481 2084 5544 tempore

2173 4649 2299 4711 λοὺς
2329 4644 2465 4717 εἶχε.
2503 4647 2644 4698 Τότε
2676 4643 2732 4699 δὲ
2785 4643 2878 4696 καὶ
2908 4640 3111 4710 μᾶλλον
3142 4636 3357 4708 ὕϐριζε,
3412 4638 3509 4688 καὶ
3557 4635 3655 4704 τῆς
3694 4651 3757 4686 τε

2173 4743 2387 4811 ἡμέρας
2453 4739 2515 4792 τὸ
2558 4737 2808 4790 πλεῖστον
2847 4738 2947 4805 τῆς
2976 4750 3035 4786 τε
3080 4733 3272 4792 νυκτὸς
3299 4728 3543 4781 ἐδαπάνα
3576 4725 3758 4793 eum.

2178 4850 2317 4894 στως
2355 4829 2788 4900 ἐμφορούμενος,
2820 4827 2915 4881 καὶ
2952 4823 3195 4893 συνεχῶς
3231 4819 3465 4889 ὲξεμῶν,
3506 4817 3581 4880 ὼς
3617 4816 3759 4885 μόνῃ

2176 4927 2241 4994 τῇ
2278 4921 2497 4991 παρόδῳ
2528 4918 2636 4971 τῶν
2695 4916 2882 4971 σινιων
2934 4913 3251 4985 τρέφεσθαι.
3294 4912 3410 4978 Ἀφ’
3454 4902 3626 4977 οὗπερ
3662 4907 3762 4958 καὶ

2179 5020 2472 5087 αὐταρκεῖν
2509 5014 2767 5084 ἠδύνατο.
2795 5012 2860 5064 Oi
2887 5010 2944 5064 δὲ
2967 5005 3409 5066 συνδειπνοῦντες
3439 5001 3591 5070 αὐτῷ
3618 4998 3759 5051 πάνν

2177 5109 2362 5171 κακῶς
2393 5106 2826 5177 ἀπηλλάσσοντο.
2859 5102 3024 5153 Ὅθεν
3050 5094 3130 5161 εἷς
3148 5115 3230 5160 τις
3264 5095 3466 5156 αὐτῶν,
3496 5092 3759 5161 νοσήσας,

2178 5202 2272 5256 καὶ
2303 5201 2393 5252 διὰ
2418 5199 2577 5251 τοῦτο
2629 5197 2841 5267 ἡμέρας
2886 5193 3038 5255 τινὰς
3089 5191 3182 5244 τοῦ
3225 5188 3504 5241 συσσιτίου
3535 5187 3763 5237 ἀπολει-

2182 5294 2354 5361 φθεὶς,
2383 5287 2535 5344 εἶπεν
2567 5292 2649 5343 ὃῖι
2687 5291 2752 5342 El
2798 5288 2882 5355 μὴ
2905 5285 3200 5351 ἐνόσησα,
3220 5279 3460 5344 πάντως
3499 5278 3577 5331 ἂν
3604 5278 3759 5330 ἁπο-

2178 5383 2420 5439 λώλειν.
2477 5385 2587 5437 Καὶ
2650 5383 2869 5449 ἐγένετο
2907 5383 2935 5433 ὁ
2972 5377 3163 5447 χρόνος
3197 5377 3224 5429 ὀ
3253 5376 3349 5443 τῆς
3380 5372 3555 5443 ἀρχῆς
3589 5369 3760 5422 αὐτοῦ

2185 5478 2408 5546 σύμπας
2438 5476 2592 5530 οὐδὲν
2627 5476 2757 5528 ἄλλο
2817 5473 2850 5543 ἢ
2911 5473 3069 5541 μέθαι
3092 5470 3185 5523 καὶ
3235 5470 3434 5536 κ’ἰμοι.
3477 5466 3587 5518 Καὶ
3616 5464 3667 5517 τί
3693 5462 3761 5518 ἄν

1705 5612 1902 5673 Variae
1938 5613 2247 5677 lectiones
2278 5627 2340 5678 et
2377 5622 2566 5677 notae.

589 5734 663 5804 (ὅ)
709 5734 971 5800 Ἱππεύς.
1003 5738 1096 5792 0ζο
1131 5756 1225 5793 seu
1264 5737 1598 5808 Xipliiliuus,
1638 5735 1831 5798 ἱππεύς
1859 5753 1940 5802 τε,
1982 5738 2065 5791 ubi

2166 5739 2432 5812 ,‘lburgius
2456 5736 2711 5793 emendat
2741 5737 2937 5797 innexi,-
2979 5751 3083 5799 τις.
