4018 6250
515 289 620 362 979

1780 303 2104 371 JOANNIS
2143 305 2464 375 ZONARE

3658 329 3756 392 980

517 415 778 484 tanquam
821 432 1010 480 uxore,
1054 413 1201 472 haud
1232 418 1648 478 dissimulanter
1679 439 1794 480 rem
1828 426 2062 481 habebat

2190 429 2396 500 χηστὴν
2434 430 2492 484 ἐν
2529 433 2670 506 μέσῃ
2701 439 2764 506 τῇ
2799 437 2902 504 ὀδῷ
2931 431 3190 508 δι⁶αὖτὴν
3221 438 3512 509 φονεύσας.
3552 444 3659 496 Καὶ
3694 449 3755 514 τῇ

511 503 717 558 Deinde
741 521 770 559 a
808 507 1006 576 pOpulo
1035 518 1314 574 exoratus,
1352 511 1405 565 in
1439 513 1668 582 gratiam
1695 529 1821 568 cum
1853 515 2082 570 Domitia

509 597 691 662 rediit,
714 598 806 651 sed
824 598 980 653 Julia:
999 602 1399 660 consuetudine
1423 605 1597 660 nihilo
1620 607 1806 662 secius
1827 624 1958 663 usus
1975 619 2081 664 est.

506 675 565 741 in
585 687 810 743 Galliam
834 691 1131 758 profectus,
1155 705 1210 748 et
1235 703 1385 750 trans
1409 698 1687 765 Rhenum,
1711 715 1872 770 agros
1889 715 2080 755 eorum

505 793 628 831 cum
674 779 878 848 quibus
910 793 1010 850 pax
1045 785 1441 852 intercedebat,
1477 790 1788 858 populatus,
1819 791 1975 860 quasi
2023 806 2082 844 re

508 869 764 936 praeclare
783 882 933 939 gesta
953 873 1498 942 superbiebat,aucm
1518 879 1788 934 militibus
1805 879 2081 948 stipendio

503 957 574 1010 ob
635 959 917 1013 victoriam
971 964 1203 1018 scilicet.
1257 967 1391 1021 Nam
1435 983 1562 1022 cum
1605 970 1688 1024 eis
1737 979 2081 1039 septuagena:

501 1049 682 1118 quinae
709 1051 983 1107 drachma:
1021 1055 1389 1123 solverentur,
1451 1071 1715 1118 centenas
1753 1064 2078 1134 darijussit.

499 1139 668 1212 Cujus
703 1144 1009 1216 largitionis
1045 1165 1168 1202 cum
1209 1152 1558 1220 pmnituisset
1584 1195 1597 1219 ,
1633 1155 1927 1225 stipendiis
1969 1173 2078 1212 non

499 1233 826 1300 imminutis,
855 1241 948 1293 sed
977 1257 1208 1297 numero
1231 1244 1466 1298 militum
1497 1254 1809 1313 contracto,
1845 1258 2078 1318 utraque

499 1341 558 1379 re
587 1328 906 1396 reipublicae
971 1334 1204 1388 multum
1260 1337 1689 1393 incommodavit
1727 1339 1913 1410 :quod
1976 1355 2079 1395 nec

497 1417 631 1471 satis
666 1427 824 1472 crant
854 1421 946 1490 qui
981 1437 1101 1476 eam
1133 1423 1523 1491 defenderent,
1551 1438 1604 1483 et
1634 1444 1826 1498 magna
1871 1429 2080 1498 stipen-

498 1506 588 1561 d'ia
643 1511 1007 1588 accipiebant.
1060 1512 1165 1570 Eas
1205 1533 1234 1570 a
1264 1519 1465 1586 quibus
1498 1520 1917 1584 observabatur,
1953 1531 2007 1575 et
2047 1538 2075 1574 a

495 1600 698 1669 quibus
729 1604 1110 1675 negligebatur
1136 1649 1150 1672 ,
1182 1624 1248 1663 ex
1279 1625 1438 1680 aequo
1470 1611 1662 1667 oderat
1713 1631 1726 1667 :
1777 1614 1978 1669 alteros
2019 1623 2078 1667 ut

494 1696 829 1766 adulatores,
869 1702 1072 1758 alteros
1121 1713 1178 1758 ut
1224 1716 1658 1775 contemptores.
1690 1707 1865 1762 Falsis
1898 1707 2073 1762 victo-

498 1790 634 1859 riisj
659 1795 889 1849 ectandis
919 1798 1264 1852 consulatum
1299 1800 1355 1853 in
1387 1799 1739 1864 decennium,
1781 1814 2069 1855 censuram

495 1895 592 1948 per
627 1897 845 1939 onmem
881 1895 1096 1942 aetatem
1130 1891 1363 1959 accepit.
1406 1890 1559 1945 Multi
1588 1891 1952 1962 provinciales
2000 1893 2070 1946 ob

493 1972 763 2029 violentas
817 1979 1134 2036 exactiones
1169 1980 1512 2046 defecerunt,
1567 1994 1628 2038 ut
1676 1985 2015 2040 Nasamones
2056 2005 2069 2041 :

491 2067 584 2135 qui
616 2077 668 2121 et
713 2080 1014 2138 quzestores
1062 2074 1408 2144 occiderunt,
1453 2086 1508 2133 et
1555 2079 1826 2134 Numidiae
1872 2090 2070 2149 praetera

493 2161 608 2212 rem
653 2161 904 2218 Flaccum
939 2167 1013 2219 ita
1045 2167 1318 2235 vicerunt,
1357 2179 1417 2225 ut
1448 2172 1642 2227 castris
1671 2173 1794 2243 ejus
1819 2173 2068 2242 potiren-

494 2256 584 2302 tur
619 2253 669 2304 in
702 2255 903 2323 quibus
944 2271 1066 2311 cum
1104 2266 1306 2328 praeter
1345 2262 1453 2316 alia
1494 2263 1724 2328 cibaria,
1773 2263 1884 2318 vini
1933 2278 2069 2334 quo-

490 2355 599 2411 que
628 2346 841 2414 c0piam
888 2350 1260 2417 reperissent,
1291 2353 1546 2409 inebriati
1593 2355 2066 2410 obdormiverunt.

490 2431 611 2499 Quo
652 2434 879 2493 Flaccus
924 2440 1164 2508 cOgnito,
1218 2458 1316 2498 eos
1362 2460 1650 2516 aggressus
1691 2448 2069 2504 internecione

491 2525 713 2591 delevit,
745 2543 810 2583 ac
842 2545 910 2584 ne
955 2531 1163 2589 imbelli
1197 2535 1421 2605 quidem
1445 2538 1596 2592 aetati
1639 2538 1906 2608 pepercit.
1947 2538 2067 2604 Quo

490 2631 748 2678 tuccessu
793 2625 971 2683 elatus
1001 2620 1364 2699 Domitianus,
1395 2633 1461 2687 ad
1494 2643 1743 2689 senatum
1801 2633 1940 2690 dixit
2008 2650 2068 2690 se

491 2713 892 2773 Nasamonibus
925 2720 1032 2774 vita
1068 2723 1440 2780 interdixisse.
1473 2725 1593 2781 Jam
1622 2727 1770 2784 enim
1803 2729 1974 2784 Deum
2008 2745 2068 2784 se

489 2808 772 2875 perhiberi
800 2811 1040 2878 volebat,
1072 2825 1128 2870 et
1155 2816 1325 2871 Deum
1354 2832 1418 2874 ac
1449 2819 1742 2874 Dominum
1791 2821 2067 2876 nominari

490 2906 840 2972 Summopere
862 2905 1168 2962 laztabatur.
1195 2908 1372 2979 Atque
1389 2910 1505 2965 haec
1535 2927 1644 2966 non
1677 2920 1887 2968 tantum
1918 2911 2068 2968 dice-

2187 522 2441 594 ἀδελφιδῇ
2471 524 2668 598 Ἰουλίᾳ
2696 527 2807 597 (14)
2839 530 3003 597 συνῆν
3027 530 3531 600 ἀπαρακαλύπτως,
3561 535 3637 598 ὼς
3665 553 3758 602 γαι-

2187 620 2347 690 μετῇ.
2385 617 2518 675 Εἶτα
2543 624 2827 691 δεηθέντος
2863 624 2956 678 τοῦ
2996 626 3172 696 δήμου
3213 628 3528 696 κατηλλάγη
3567 631 3667 699 μὲν
3692 635 3754 701 τῇ

2185 713 2434 784 Δομιτίᾳ,
2465 715 2663 784 ἐχρῆτο
2694 715 2738 769 δ’
2769 718 2921 770 οὐδὲν
2952 713 3118 789 ἦττον
3147 722 3212 790 τῇ
3261 721 3478 790 Ἰουλίᾳ.
3508 723 3623 774 Καὶ
3666 740 3758 792 με·

2183 803 2252 856 τὰ
2289 803 2464 859 ταῦτα
2507 809 2586 870 εἰς
2615 807 2888 863 Γαλατίαν
2914 807 3247 881 ἐξορμήσας,
3294 814 3391 864 καὶ
3419 812 3758 883 λεηλατήσας

2182 897 2304 949 τινὰ
2333 897 2442 949 τῶν
2477 900 2652 967 πέραν
2692 892 2880 970 Ῥήνου
2902 903 3013 954 τῶν
3048 904 3373 967 ἐνσπόνδων,
3409 904 3660 972 ώγκοῦτο
3687 906 3759 970 ὣς

2181 1006 2234 1040 τι
2267 990 2414 1058 μέγα
2447 990 2850 1061 κατωρθωκὼς,
2892 993 2982 1045 καὶ
3025 997 3139 1053 τοῖς
3178 995 3544 1062 στρατιώταις
3590 995 3762 1062 ἐπηύς

2184 1079 2316 1149 ξησε
2365 1079 2465 1149 τὴν
2517 1082 2852 1152 μισθοφορὰν
2913 1084 3058 1153 τάχα
3089 1084 3180 1137 διὰ
3228 1084 3328 1155 τὴν
3375 1087 3553 1155 νίκην.
3590 1086 3756 1139 Πέντε

2181 1173 2290 1242 γὰρ
2316 1173 2409 1226 καὶ
2435 1173 2808 1244 ἐϐδομήκοντα
2829 1175 3078 1245 δραχμὰς
3105 1177 3340 1230 ἑκάστου
3361 1176 3427 1228 λα
3436 1177 3754 1245 μσάνοντος,

2181 1264 2377 1318 ἑκατὸν
2415 1265 2676 1318 ἐκέλευσε
2701 1265 2963 1320 δίδοσθαι.
2992 1266 3409 1338 Μεταμεληθεὶς
3433 1267 3490 1320 δέ
3515 1270 3615 1336 τὴν
3659 1270 3751 1336 μὲν

2181 1357 2456 1425 ποσότητα
2495 1358 2596 1410 οὐκ
2625 1357 2880 1427 ἐμείωσε.
2911 1358 2972 1410 τὸ
2999 1358 3057 1412 δὲ
3097 1359 3300 1428 πλῆθος
3325 1349 3756 1428 τών⁶στρατευοι

2183 1449 2362 1518 μένων
2413 1448 2748 1502 συνέστειλε.
2795 1449 2906 1504 Καὶ
2940 1451 3284 1520 ἑκατέρωθεν
3329 1453 3543 1522 μεγάλα
3574 1453 3636 1505 τὸ
3663 1454 3754 1520 δη-

2181 1541 2371 1610 μόσιον
2411 1540 2637 1610 ἔϐλαψε,
2665 1542 2793 1610 μήθ’
2833 1543 3053 1605 ἱκανοὺς
3081 1545 3209 1606 τοὺς
3242 1543 3554 1612 ἀμύνοντας
3583 1544 3750 1614 αὐτῷ,

2178 1632 2272 1685 καὶ
2312 1632 2538 1695 τούτους
2587 1632 3029 1703 μεγαλομίσθους
3071 1635 3328 1701 ποιήσας.
3365 1634 3478 1688 Καὶ
3511 1639 3624 1699 τοῖς
3670 1636 3753 1688 θε-

2180 1724 2478 1793 ραπεύουσι
2507 1725 2564 1777 δέ
2599 1726 2694 1778 καὶ⁵
2718 1728 2830 1790 τοῖς
2861 1726 2934 1797 μὴ
2957 1727 3288 1796 ἀμφοτέροις
3312 1728 3512 1797 ὁμοίως
3538 1729 3750 1799 ἤχθετο,

2176 1820 2285 1878 τοῖς
2340 1817 2438 1886 μὲν
2490 1821 2568 1882 ὼς
2607 1818 2934 1881 θωπεύουσι,
2961 1823 3075 1882 τοῖς
3106 1820 3162 1872 δὲ
3196 1820 3272 1884 ὡς
3320 1821 3748 1889 καταφρονοῦσι.

2175 1911 2351 1975 Νίκας
2396 1909 2454 1966 δέ
2494 1913 2708 1982 ψευδεῖς
2740 1913 3232 1984 προσποιούμενος,
3271 1915 3480 1979 ὕπατος
3518 1917 3618 1985 μὲν
3666 1917 3748 1968 ἐπ’

2173 2005 2268 2074 ἔτη
2296 2005 2446 2069 δέκα,
2473 2004 2708 2075 τιμητὴς
2738 2005 2795 2058 δέ
2823 2005 2913 2058 διὰ
2957 2004 3072 2074 βίου
3095 2007 3529 2076 κεχειροτόνητο.
3561 2006 3750 2060 Πολλοὶ

2172 2097 2228 2150 δὲ
2284 2098 2394 2150 τῶν
2461 2098 2737 2152 ὑποτελῶν
2781 2097 3076 2170 Ῥωμαίοις
3123 2100 3441 2167 ἀφίσταντο,
3487 2102 3749 2170 χρήματα

2175 2190 2364 2258 βιαίως
2395 2189 2796 2261 πρασσόμενοι,
2826 2189 2900 2253 ὡς
2923 2191 3018 2245 καὶ
3039 2192 3088 2244 oi
3123 2191 3486 2261 Νασαμῶνες.
3521 2191 3662 2254 Tati;
3689 2209 3746 2245 τε

2171 2275 2281 2344 γὰρ
2330 2275 2440 2327 τῶν
2484 2275 2782 2346 χρημάτων
2837 2276 3157 2346 πράκτορας
3208 2275 3489 2345 ἔφθειραν,
3533 2279 3630 2330 καὶ
3658 2278 3748 2332 τὸν

2172 2369 2469 2439 Νουμιδίας
2496 2369 2736 2438 ἄρχοντα
2761 2368 3006 2422 Φλάκκον
3040 2367 3337 2423 ἐπελθόντα
3361 2369 3547 2438 σφίσιν
3573 2371 3742 2440 ἥττη-

2175 2479 2276 2518 σαν
2305 2462 2477 2526 οὓτως
2505 2463 2582 2525 ὡς
2607 2463 2882 2531 πορθῆσαι
2920 2464 3016 2516 καὶ
3041 2461 3102 2516 τδ
3136 2463 3524 2533 στρατόπεδον.
3553 2462 3626 2516 Εὖ
3638 2463 3750 2533 ρόνδ

2171 2571 2262 2616 τες
2291 2555 2350 2607 δὲ
2382 2555 2441 2607 ἐν
2470 2553 2617 2623 αὑτῷ
2640 2553 2809 2610 τᾶλλα
2836 2564 2896 2608 τε
2923 2554 3204 2624 ἐπιτήδεια
3236 2554 3334 2608 καὶ
3355 2549 3750 2623 οῐνον,’ἐμπλη-

2173 2645 2392 2708 σθέντες
2417 2643 2696 2702 ὕπνωσαν.
2721 2646 2833 2699 Καὶ
2850 2647 3010 2714 γνοὺς
3031 2647 3060 2700 δ
3075 2645 3321 2709 Φλάκκος
3346 2644 3505 2698 τοῦτο
3525 2647 3750 2698 ἐπέθετο

2170 2736 2356 2800 αὐτοῖς
2387 2737 2483 2790 καὶ
2505 2735 2712 2798 πάντας
2744 2735 2992 2789 ἀπώλεσε
3017 2736 3112 2790 καὶ
3132 2738 3262 2799 τοὺς
3286 2737 3612 2808 ἀπομάχους
3637 2737 3745 2806 (15)

2167 2828 2479 2898 διέφθειρεν
2508 2828 2778 2890 ἅπαντας.
2825 2827 2942 2898 Ἐφ’
2971 2822 3015 2896 ᾧ
3041 2830 3068 2882 ὁ
3099 2829 3426 2898 Δομετιανὸς
3463 2829 3744 2898 ἐπαρθεὶς,

2168 2915 2292 2973 εἷπε
2328 2919 2465 2989 πρὸς
2493 2922 2592 2987 τὴν
2623 2918 2822 2990 βουλὴν
2854 2921 2935 2974 ὅτι
2965 2919 3316 2990 Νασαμῶνας
3347 2921 3458 2993 (16)
3497 2921 3744 2974 ἐκώλυσα

493 2994 710 3058 bantur,
747 2994 842 3050 sed
877 2996 1042 3052 etiam
1074 2999 1465 3071 pingebantur.
1497 3001 1634 3058 Cum
1667 3003 1722 3058 in
1747 3005 2064 3074 spectaculo

2173 3009 2328 3067 εἷναι.
2378 3011 2516 3081 Ἤδη
2549 3013 2657 3082 γὰρ
2697 3011 2794 3066 καὶ
2865 3012 2986 3075 θεὸς
3049 3012 3202 3082 ἠξίου
3262 3013 3603 3084 νομίζεσθαι,
3655 3015 3747 3066 καὶ

492 3089 686 3154 magna
700 3085 880 3156 pluvia
896 3097 952 3143 et
971 3098 1266 3162 tempestas
1277 3095 1461 3150 subito
1480 3096 2063 3166 erupisset,neminem

490 3175 774 3231 discedere
803 3188 900 3234 aut
929 3180 1066 3237 alias
1095 3190 1274 3238 vestes
1299 3183 1530 3240 induere
1563 3201 1778 3255 passus,
1820 3188 1937 3258 ipse
1969 3203 2067 3259 pe-

493 3269 654 3322 h-ulas
675 3270 910 3326 subinde
929 3277 1160 3329 mutavit
1194 3285 1210 3329 ':
1240 3277 1384 3332 unde
1414 3279 1572 3334 multi
1598 3281 1725 3336 laesa
1751 3282 2066 3339 valetudine

493 3357 797 3426 perierunt.
820 3360 928 3417 Eos
946 3377 1084 3432 quos
1108 3365 1392 3435 suppliciis
1426 3367 1629 3430 atl‘ecit,
1665 3386 1828 3426 nemo
1868 3389 2066 3429 nume-

493 3465 616 3506 rare
639 3462 846 3521 queat:
889 3470 954 3510 ae
985 3455 1129 3511 inter
1157 3469 1385 3516 caeteros
1430 3462 1501 3516 ob
1547 3464 1804 3521 adulterii
1854 3468 2065 3524 crimen

493 3545 656 3600 multi
678 3546 980 3616 locupletes
1011 3549 1169 3619 581
1200 3561 1254 3606 et
1290 3551 1391 3608 viri
1421 3563 1476 3609 et
1508 3556 1800 3624 mulieres,
1828 3575 2065 3629 quarum

494 3640 710 3710 aliquas
738 3641 854 3711 ipse
894 3653 1296 3714 constuprarat,
1325 3660 1516 3716 pinnas
1537 3649 1824 3706 dederunt.
1849 3655 1989 3709 Sunt
2011 3664 2068 3709 et

490 3731 613 3786 aliis
643 3731 710 3787 de
735 3734 918 3790 causis
945 3735 1104 3790 multi
1129 3745 1182 3791 et
1219 3738 1432 3794 multati
1478 3749 1534 3794 et
1577 3741 1876 3798 interfecti.
1928 3744 2064 3799 Nam

492 3823 693 3876 mulier
709 3825 958 3894 quaedam
977 3827 1123 3896 quod
1147 3844 1205 3883 se
1224 3839 1351 3884 ante
1373 3831 1519 3886 illius
1535 3842 1771 3888 statuam
1795 3835 2065 3903 exuisset,

492 3917 676 3970 occisa
703 3927 788 3972 est
817 3934 831 3971 :
863 3919 1028 3985 alius,
1057 3931 1116 3975 ut
1135 3937 1260 3976 cum
1282 3925 1572 3996 astrologis
1603 3928 1927 3985 collocutus.
1957 3931 2066 3986 Me-

489 4008 628 4062 tium
657 4009 972 4078 quemdam,
1006 4025 1168 4082 quem
1199 4030 1384 4071 rerum
1412 4020 1716 4088 potiturum
1757 4037 1878 4078 esse
1921 4023 2063 4078 fama

491 4108 631 4162 erat,
669 4101 970 4172 relegatum
1004 4105 1244 4172 occidit,
1297 4123 1396 4177 per
1437 4125 1556 4165 eam
1606 4128 1828 4168 causam
1853 4153 1868 4178 ,
1916 4116 2065 4185 quod

492 4189 683 4244 orbem
722 4199 993 4248 terrarum
1034 4195 1087 4250 in
1116 4197 1359 4254 cubiculi
1393 4200 1477 4255 sui
1505 4203 1812 4272 parietibus
1855 4207 2063 4276 pictum

495 4279 742 4339 haberet.
807 4278 1104 4342 Rbetorem
1181 4290 1497 4360 quemdam,
1560 4295 1707 4364 quod
1763 4299 2056 4352 exercendi

493 4374 700 4444 ingenii
726 4392 888 4432 causa
916 4389 1108 4434 contra
1149 4392 1408 4454 tyrannos
1446 4385 1845 4456 declamasset,
1888 4389 2066 4459 capite
2102 4363 2143 4415 υ

494 4467 768 4525 multavit.
818 4469 972 4525 Multi
1028 4473 1099 4527 ob
1159 4474 1523 4546 philosophiae
1565 4480 1810 4534 studium
1885 4483 2068 4551 perie-

495 4569 646 4628 runt,
685 4565 856 4632 pulsis
896 4567 1144 4637 reliquis.
1194 4569 1274 4625 Ad
1329 4572 1476 4628 hunc
1523 4575 1748 4630 modum
1795 4578 2067 4645 grassanti

493 4653 709 4708 insidia:
739 4665 964 4713 structae
1010 4671 1140 4716 sunt
1189 4678 1220 4717 a
1269 4663 1564 4721 Parthenio
1592 4675 1647 4720 et
1679 4667 1871 4738 Sigero
1905 4671 2067 4725 cubi-

492 4745 599 4801 culi
639 4748 983 4815 custodibus,
1033 4762 1088 4808 et
1137 4754 1208 4809 ab
1246 4753 1464 4812 Entello
1507 4759 1600 4829 qui
1640 4774 1670 4814 a
1717 4760 1918 4816 libellis
1946 4772 2068 4818 erat

487 4841 824 4911 reipublicae,
857 4853 912 4900 et
944 4861 973 4901 a
1005 4845 1284 4919 Stephano
1324 4853 1544 4909 liberto.
1590 4854 1794 4912 Earum
1842 4858 2070 4916 insidia-

486 4949 612 4988 tum
643 4945 700 4990 et
733 4937 969 5007 Domitia
1008 4957 1164 5006 uxor,
1203 4953 1260 4998 et
1306 4943 1598 5004 Norbanus
1647 4951 1973 5019 praefectus,
2015 4962 2070 5008 ct

485 5027 696 5099 collega
735 5029 1028 5088 Petronius
1068 5038 1274 5091 conscii
1328 5037 1571 5095 fuerunt.
1617 5040 1753 5097 Nam
1807 5043 2065 5109 Domitia,

489 5132 612 5186 quae
643 5135 703 5175 se
743 5121 975 5178 invisam
1011 5126 1087 5179 illi
1118 5143 1240 5184 esse
1277 5130 1465 5196 sciret,
1503 5133 1707 5188 caedem
1762 5139 2066 5201 metuebat,

490 5212 710 5268 caeteris
770 5230 880 5271 nou
943 5219 1184 5288 amplius
1237 5236 1366 5276 eum
1423 5224 1804 5293 diligentibus.
1871 5229 2069 5284 Fertur

2168 3102 2434 3172 δεσπότης
2467 3101 2824 3171 καλούμενος,
2853 3105 2946 3156 καὶ
2985 3102 3110 3164 θεὸς
3145 3103 3580 3173 ὑπερηγόύιλετο.
3601 3103 3748 3156 Ταῦ-

2169 3213 2234 3248 τα
2259 3195 2318 3248 οὐ
2350 3190 2510 3264 μόνον
2540 3194 2777 3262 ἐλέγετο,
2811 3193 2944 3248 ἀλλὰ
2971 3195 3067 3248 καὶ
3095 3195 3384 3266 ἐγράφετο.
3423 3196 3512 3248 Ἐν
3542 3196 3601 3248 δέ
3625 3196 3742 3268 θέα,

2170 3285 2328 3339 ὑετοῦ
2361 3285 2558 3339 πολλοῦ
2592 3288 2686 3340 καὶ
2715 3286 2984 3356 χειμῶνος
3014 3288 3248 3357 σφοδροῦ
3291 3287 3554 3358 ἐξαίφνης
3594 3305 3747 3356 -γενο⁴

2172 3379 2356 3449 μένου,
2393 3378 2582 3432 οὐδένα
2614 3380 2800 3432 εἴασεν
2829 3381 2892 3434 ἐκ
2915 3382 3011 3451 τῆς
3048 3381 3176 3444 θέας
3207 3378 3746 3451 ἀ.παλλαγῆναι,ἀλλ’

2169 3473 2332 3536 αὐτὸς
2356 3471 2604 3542 μανδύας
2635 3471 3062 3542 ἀλλασσόμενος,
3094 3474 3328 3536 ἐκείνοις
3359 3473 3514 3527 οὐδὲν
3541 3491 3748 3543 μεταμ-

2169 3563 2470 3632 φιάσασθαι
2499 3563 2862 3634 παρεχώρησε
2883 3580 2899 3595 ⁸
2928 3564 3233 3618 κάντεῦθεν
3266 3565 3748 3635 πο>.λοὶ,νοσήσαν-

2167 3672 2280 3721 τες,
2330 3655 2712 3725 ἐτελεύτησαν.
2756 3655 2894 3719 Τοὺς
2937 3655 2980 3708 δ’
3045 3656 3134 3708 ὑπ’
3175 3655 3338 3708 αὑτοῦ
3382 3655 3747 3718 κολασθέντας

2168 3749 2266 3801 οὐκ
2314 3748 2379 3801 ἄν
2417 3765 2502 3812 τις
2541 3746 3016 3817 ἐξαριθμήσασθαι
3063 3746 3299 3812 δύναιτο,
3340 3746 3525 3817 συχνοὶ
3553 3747 3611 3801 δὲ
3656 3748 3746 3799 καὶ

2169 3841 2360 3910 ἄνδρες
2387 3841 2481 3894 καὶ
2515 3842 2768 3906 γυναῖκες
2792 3840 2901 3893 τῶν
2932 3841 3207 3893 πλουσίων
3246 3841 3341 3894 ἐπὶ
3371 3841 3592 3913 μοιχείᾳ
3621 3843 3746 3894 ἐκοο

2167 3933 2443 4004 λάσθησαν
2469 3951 2484 3965 ο
2519 3927 2592 3986 ὧν
2636 3932 2776 3987 ἔνιαι
2834 3931 2928 3986 καὶ
2979 3933 3071 3985 ὑπ’
3110 3932 3274 3986 αὑτοῦ
3319 3933 3743 4004 ἐμοιχεύθησαν,

2171 4028 2280 4079 Καὶ
2318 4027 2508 4089 ἄλλαις
2533 4027 2577 4079 δ’
2624 4026 2826 4088 αἰτίαις
2862 4024 3046 4078 πολλοὶ
3090 4027 3184 4078 καὶ
3216 4025 3606 4095 ἐζημιώθησαν
3653 4027 3748 4080 καὶ

2168 4117 2458 4173 ἀπέθανον.
2489 4117 2632 4188 Γυνὴ
2672 4117 2778 4186 γάρ
2806 4133 2910 4182 τις,
2933 4116 3016 4169 ὅτι
3044 4117 3287 4170 ἐναντίον
3322 4118 3534 4181 εἰκόνος
3581 4113 3747 4170 αὐτοῦ

2169 4212 2501 4278 ἀπεδύσατο,
2535 4210 2839 4280 ἐφονεύθη·
2883 4214 2977 4264 καὶ
3033 4211 3218 4282 ἔτερος
3272 4212 3346 4276 ὡς
3392 4212 3748 4286 ἀστρολόγοις

2170 4304 2488 4375 ὡμιληκώς.
2523 4304 2725 4358 Μέτιον
2766 4304 2824 4356 δέ
2864 4322 3008 4368 τινα,
3042 4303 3100 4356 ὃν
3137 4305 3355 4374 ήφήμη
3399 4305 3747 4376 μοναρχήσαι

2175 4397 2391 4466 μέλλειν
2417 4399 2741 4467 ἐκήρυττεν,
2789 4394 3041 4464 ἐξορίσας
3087 4396 3398 4464 ἐφόνευσεν,
3441 4397 3748 4463 ἐγκαλέσας

2167 4488 2318 4559 αὐτῴ
2343 4490 2429 4542 ὃτι
2463 4491 2520 4542 ἐν
2556 4491 2667 4551 τοῖς
2692 4488 2789 4541 τοῦ
2821 4488 3079 4551 κοιτῶνος
3109 4488 3310 4558 τοίχοις
3337 4485 3452 4558 εἶχε
3491 4505 3747 4559 γεγραμ.⁴

2169 4582 2337 4651 μένην
2367 4583 2466 4654 τὴν
2492 4584 2640 4634 οἰκον
2650 4581 2837 4651 μένην.
2859 4581 2970 4634 Καὶ
3005 4582 3264 4651 σοφιστήν
3286 4591 3426 4645 τινα,
3452 4582 3539 4633 ὅτι
3561 4580 3747 4634 ἀσκῶν

2169 4675 2405 4744 μελέτην
2438 4675 2580 4728 κατὰ
2620 4675 2900 4744 τυράννων
2936 4673 3336 4742 συνεγράψατο,
3367 4673 3584 4740 θανάτῳ
3627 4673 3738 4725 ἐκό-

2165 4769 2319 4823 λασε.
2353 4768 2545 4822 Πολλοὶ
2584 4767 2640 4820 δὲ
2669 4768 2760 4820 καὶ
2789 4767 2863 4830 ὡς
2890 4765 3309 4834 φιλοσοφοῦντες
3339 4766 3617 4829 διώλοντο,
3653 4766 3747 4819 καὶ

2163 4862 2212 4913 oi
2246 4861 2422 4915 λοιποὶ
2453 4858 2818 4929 ἐξηλάθησαν.
2860 4859 3098 4913 Τοιαῦτα
3122 4859 3180 4911 δὲ
3219 4859 3476 4929 πράττων
3516 4859 3748 4912 ἐπεϐου·

2166 4953 2332 5022 λεύθη
2363 4952 2516 5022 παρά
2555 4969 2614 5006 τε
2653 4950 2955 5022 Παρθενίου
2985 4953 3082 5005 καὶ
3111 4952 3347 5022 Σιγήρου
3378 4949 3488 5004 τῶν
3521 4949 3746 5021 προκοίο

2167 5063 2276 5100 των
2319 5045 2510 5108 αὑτοῦ,
2541 5044 2634 5098 καὶ
2679 5044 2963 5098 Ἐντέλλου
3005 5043 3100 5096 τοῦ
3131 5044 3199 5096 τὰ
3227 5043 3326 5112 τῆς
3358 5041 3533 5112 ἀρχῆς
3564 5039 3746 5111 βιϐλία

2165 5138 2469 5201 διέποντος,
2505 5137 2601 5191 καί
2641 5136 2916 5206 Στεφάνου
2949 5137 3342 5207 ἀπελευθέρου.
3377 5136 3490 5204 Τὴν
3531 5134 3578 5187 δ’
3626 5136 3748 5185 ἐπι-

2166 5230 2364 5299 ϐουλὴν
2393 5229 2514 5283 οὒτε
2541 5231 2574 5300 ἡ
2608 5231 2746 5301 γυνὴ
2781 5229 2948 5284 αὐτοῦ
2978 5228 3205 5300 Δομιτία
3237 5228 3528 5298 ἠγνόησεν,
3561 5225 3686 5279 οὗτε
3715 5222 3748 5274 6

1665 5389 1867 5449 Variae
1909 5388 2211 5453 lectiones
2245 5401 2304 5454 et
2353 5401 2540 5456 notae.

710 5537 788 5622 Τῆ
841 5541 1094 5622 ,ἀδξνξέξῇ
1135 5545 1383 5622 λ’ζουλίςι.
1432 5547 1608 5622 Alter,
1644 5553 1835 5622 codex.
1878 5552 2055 5622 inquit

488 5589 1214 5686 Wolﬁus,:iiubet_d6:)§:at6ﬁ,
1244 5626 1289 5670 et
1320 5599 1394 5674 sic
1424 5618 1700 5685 leqendum
1723 5639 1784 5675 ea:
1812 5589 2060 5677 Suetdnio

487 5681 725 5755 uastat.
753 5681 826 5732 Ita
859 5681 1023 5755 etiam
1055 5681 1256 5752 legitur
1281 5692 1334 5742 in
1365 5681 1548 5755 Regiis
1588 5700 1643 5744 et
1674 5692 1984 5748 Colbertco.

559 5750 670 5819 115)
716 5750 1119 5820 Ἀπομάκουςζ
1155 5757 1192 5812 S
1215 5773 1244 5812 c
1277 5775 1405 5815 mss.
1447 5750 1587 5832 'lleg.
1624 5773 1678 5817 et
1705 5762 1860 5819 Cnlb.
1890 5765 2060 5817 amo-—

2169 5557 2564 5637 μάχονςιιιιιρι·
2589 5575 2631 5636 e_
2653 5554 3711 5637 Wolli_a_n_is,§ed__perperam.“prartulit.

2238 5627 2347 5691 (16)
2373 5627 2772 5700 ,Νίιίξαμῷναςκ
2804 5628 2936 5684 Vide
2969 5624 3302 5700 Scaligerum
3327 5627 3390 5682 ad
3417 5624 3733 5692 Eusebium,

2167 5713 2286 5768 pag.
2321 5699 2449 5765 9.05,
2483 5699 2518 5752 2
2550 5698 2683 5754 edit.
