4018 6250
469 301 581 368 983

1743 306 2067 371 JOANNIS
2105 312 2430 373 ΖΟΝΑΒΞ

3625 326 3727 389 984

392 460 407 473 .
467 418 666 477 laboris
691 428 1004 490 argumento
1032 423 1394 479 ostenderunt.
1434 422 1759 496 Interrogati
1787 426 1953 480 etiam
1984 428 2050 482 de

2175 434 2387 504 στορῶν
2425 434 2455 487 ὁ
2493 434 2751 499 Εὐσέϐιος
2787 435 2901 508 (17)
2954 436 3044 489 τὶν
3094 438 3450 510 ’ίιγήσιππον
3497 444 3730 514 παράγει

474 510 671 567 Christi
701 527 883 582 regno,
912 512 1205 583 cujusmodi
1227 514 1282 569 id
1313 514 1492 569 esset?
1520 522 1570 569 et
1608 517 1697 570 ubi
1715 556 1730 580 ,
1757 526 1806 572 et
1837 519 2050 588 quando

466 606 808 662 revetandum
828 606 854 659 ?
884 606 939 660 id
966 623 1070 661 non
1100 623 1210 662 esse
1240 609 1594 674 mundanum,
1627 608 1916 677 dixerunt,
1960 626 2053 665 ne-

465 714 566 768 que
600 708 889 764 terrenum,
914 699 1005 752 sed
1033 698 1237 753 caeleste
1257 740 1272 765 ,
1304 708 1353 754 et
1386 702 1440 754 in
1469 706 1917 757 consummatione
1947 719 2052 758 sa:-

469 792 709 845 cnlorum
740 791 1100 847 revelandum.
1135 793 1229 847 His
1261 794 1457 849 auditis
1488 794 1849 861 Domitianus,
1881 813 1965 852 eos
1990 798 2051 852 ob

464 882 727 936 vilitatem
767 887 1103 956 contempsit,
1139 894 1187 939 et
1222 886 1411 942 liberos
1435 887 1658 954 dimisit,
1707 897 1756 942 et
1810 905 2051 958 persecu-

469 978 663 1030 tionem
686 977 852 1030 edicto
878 977 1122 1034 inhibuit.
1155 977 1227 1034 Ut
1252 988 1435 1033 autem
1468 980 1741 1050 pessimus
1782 980 1922 1047 fuit,
1971 982 2048 1037 ita

465 1068 636 1124 vitam
669 1068 942 1124 violenter
990 1068 1215 1140 abrupit
1250 1087 1263 1124 :
1298 1071 1446 1139 quod
1489 1071 1698 1128 utinam
1748 1082 1876 1130 ante
1928 1088 2051 1130 sus-

2150 523 2381 591 λέγοντα
2424 523 2630 590 οὕτως’
2665 527 2795 581 Ἔτι
2825 527 2895 581 δὲ
2940 529 3244 597 περιῆσαν
3290 532 3497 585 υἱωνοί
3544 534 3734 591 Ἰούδα

2148 614 2256 669 τοῦ
2277 616 2430 671 κατὰ
2449 616 2649 685 σάρκα
2689 620 3023 689 λεγομένου
3052 621 3324 692 ἀδελφοῦ
3353 624 3462 678 τοῦ
3495 628 3736 693 Κυρίου,

2150 706 2258 772 οὕς
2281 724 2441 775 τινες
2474 708 2933 780 προσήγγειλαν
2959 713 3038 779 ὠς
3069 715 3136 767 ἐκ
3167 716 3387 783 γένους
3424 715 3609 783 ὄντας
3638 721 3741 770 Aac

2150 797 2264 851 ῖίδ.
2307 801 2561 867 Τούτους
2590 802 2741 869 πρὸς
2767 805 2956 858 αὑτὸν
2991 806 3289 874 ἀχθέντας
3320 810 3353 861 ὁ
3389 810 3742 876 Δομετιανὸς

2148 888 2324 957 ἤρετο
2353 893 2403 947 εί
2417 891 2486 945 ἐκ
2520 892 2697 946 Δαϐίδ
2724 896 2867 961 εισι,
2910 895 3010 949 καί
3038 896 3384 955 κατέθεντο.
3429 901 3732 967 Upon-amr

2150 998 2293 1050 ρετο
2348 978 2465 1039 οὖν
2502 985 2703 1052 πόσας
2737 985 3058 1055 κέκτηνται
3110 989 3359 1057 κτήσεις
3388 990 3488 1045 καί
3534 993 3745 1045 πόσων

2155 1077 2485 1145 εὐποροῦσι
2510 1077 2850 1147 χρημάτων
2888 1084 2943 1135 οἱ
2972 1081 3025 1135 δ’
3055 1083 3296 1159 ἔφασαν
3323 1084 3743 1153 ἐννακισχίλια

466 1165 687 1228 ceptum
718 1158 1011 1230 imperium
1038 1160 1244 1217 factum
1267 1167 1447 1221 esset!

2168 1166 2411 1235 δηνάρια
2458 1169 2759 1238 ὑπάρχειν
2794 1172 3003 1238 αὐτοῖς
3036 1158 3223 1243 μόνα,
3260 1174 3361 1228 καί
3404 1174 3599 1231 ταῦτα
3636 1178 3746 1229 οὐκ

465 1248 535 1303 ἐν
556 1250 862 1320 ἀργυρίοις
901 1251 1087 1321 ἔχειν,
1147 1255 1226 1309 ἀλ
1244 1256 1285 1309 ι’
1348 1257 1418 1311 ἐν
1464 1257 1815 1329 διατιμήσει
1867 1259 1982 1329 γῆς
2056 1253 2129 1332 ἦς
2165 1261 2391 1325 αὐτούς
2449 1278 2512 1314 τε
2567 1261 3013 1332 διατρέφεσθαι,
3073 1268 3588 1337 αὐτουργοῦντας,
3652 1261 3745 1321 καὶ

465 1344 610 1412 τοὺς
639 1349 864 1416 φιῖρους
893 1348 1198 1418 είσφέρειν
1224 1367 1238 1381 ·
1300 1353 1395 1406 καί
1428 1353 1542 1420 τὴν
1592 1353 1711 1409 τῶν
1745 1354 1963 1424 χειρῶν
2024 1354 2092 1407 δὲ
2129 1356 2470 1423 τραχύτητα
2501 1356 2897 1413 ἐπεδείκνυον
2957 1358 3069 1428 τῆς
3118 1361 3484 1430 αὐτουργίας
3515 1361 3746 1433 μαρτύ-

465 1453 619 1504 ριον.
666 1441 1092 1509 Ἐρωτηθέντες
1122 1442 1192 1496 δὲ
1217 1444 1318 1499 καί
1346 1445 1479 1516 περὶ
1513 1446 1619 1515 τῆς
1644 1448 1752 1504 τοῦ
1793 1450 2051 1516 Χριστοῦ
2085 1448 2433 1516 βασιλείας,
2503 1452 2678 1506 ὁποία
2706 1472 2801 1521 τις
2828 1452 2922 1522 τίη
2975 1452 3077 1509 καί
3111 1455 3216 1509 ποῖ
3244 1455 3344 1509 καὶ
3378 1458 3528 1510 πότε
3560 1471 3748 1525 φανη-

468 1529 722 1601 σομένη,
758 1535 829 1588 οὐ
852 1537 1157 1606 κοσμικὴν
1195 1538 1393 1607 αὐτὴν
1420 1535 1576 1595 εἶναι
1606 1540 1734 1596 οὐδ’
1782 1541 2054 1610 ἐπίγειον
2122 1542 2546 1611 ἀπεκρίναντο,
2592 1546 2731 1601 ἀλλ’
2782 1547 3173 1616 ἐπουράνιον,
3249 1550 3348 1604 ἐπὶ
3424 1552 3752 1616 συντελείᾳ

468 1623 591 1679 τῶν
629 1627 862 1683 αἰώνων
894 1633 1354 1704 φανησομένην.
1402 1637 1528 1705 Ἐφ’
1557 1630 1648 1703 οἷς
1675 1637 1756 1702 ὡς
1790 1638 2058 1692 εὐτελῶν
2092 1637 2295 1693 αὐτῶν
2349 1640 2817 1710 καταφρονήσας
2882 1646 2915 1697 ό
2974 1643 3337 1713 Δομετιανὸς
3393 1642 3751 1711 ἐλευθέρους

469 1720 691 1792 ἀφῆκε,
716 1725 815 1779 καί
848 1728 955 1780 τὸν
994 1726 1254 1798 διωγμὸν
1309 1730 1725 1801 προστάγματι
1751 1732 2046 1787 ἔπαυσεν.
2095 1732 2157 1787 '0
2217 1732 2321 1803 μὲν
2350 1729 2444 1787 οὖν
2501 1736 2763 1800 κάκιστος
2796 1734 3037 1805 γεγονὼς
3112 1736 3309 1807 βιαίως
3349 1737 3635 1809 ἀπέρρηξε
3657 1737 3750 1809 τὴν

471 1810 639 1888 ζωὴν,
670 1819 744 1881 ὡς
774 1818 888 1873 είθε
915 1823 1009 1873 καὶ
1039 1823 1144 1890 πρὸ
1162 1823 1262 1893 τῆς
1295 1824 1631 1895 μοναρχίαςε

547 1911 668 1969 XX.
707 1913 812 1982 Qui
839 1926 1025 1972 autem
1053 1917 1370 1975 Domitiano
1401 1921 1834 1990 insidiabantur,
1871 1921 1928 1977 id
1979 1921 2060 1977 fa-

2230 1919 2318 1973 K'.
2385 1918 2453 1972 Ἠ
2507 1917 2554 1971 δ’
2609 1917 2880 1989 ἡγεμονία
2950 1918 3031 1981 είς
3096 1915 3349 1990 Νερούαν
3412 1917 3742 1988 μετήνεκτο.

474 2004 638 2062 cinus
667 2021 779 2062 non
810 2006 967 2078 prius
994 2008 1155 2081 583
1177 2012 1443 2083 aggressi,
1476 2028 1643 2083 quam
1678 2024 1891 2070 certum
1926 2028 2057 2068 suc-

2168 2010 2338 2079 ᾶνδρα
2359 2009 2456 2064 καὶ
2497 2010 2888 2078 εὐγενέστατον
2917 2009 3011 2063 καὶ
3042 2010 3490 2065 ἐπιεικέστατον.
3542 2010 3608 2064 Ol
3642 2010 3748 2079 γὰρ

474 2110 752 2153 cessorem
780 2098 927 2155 nacti
953 2109 1161 2165 essent,
1198 2102 1571 2173 principatum
1609 2104 1803 2159 Nerva:
1845 2103 2055 2175 optimo

2168 2103 2241 2174 τῷ
2288 2102 2600 2173 Δομετιανῷ
2639 2100 3081 2167 ἐπιϐουλεύοντες
3132 2101 3196 2155 οὐ
3272 2101 3544 2174 πρότερον
3584 2100 3749 2172 ἔργον

477 2196 534 2243 et
575 2188 925 2247 nobilissimo
956 2192 1074 2247 viro
1114 2190 1463 2261 detulerunt,
1508 2195 1603 2266 qui
1632 2195 1704 2252 ob
1736 2195 2058 2266 praedictum

476 2279 549 2336 ab
573 2282 864 2354 astrologis
892 2283 1184 2354 imperium
1214 2301 1354 2356 pene
1390 2287 1665 2358 periisset.
1716 2288 2062 2344 Domitianus

475 2373 624 2428 enim
658 2374 903 2429 omnium
935 2376 1250 2446 principum
1279 2378 1543 2435 natalitiis
1568 2379 1767 2435 diebus
1812 2389 1867 2435 et
1906 2380 2062 2437 horis

479 2463 753 2534 indagatis
790 2484 802 2517 :
841 2480 906 2521 ea
953 2482 1175 2537 quoque
1221 2468 1289 2525 de
1341 2484 1504 2526 causa
1551 2486 1663 2526 non
1706 2487 1933 2543 paucos,
1967 2474 2062 2544 qui

478 2565 736 2625 potentes
787 2556 906 2614 fore
944 2559 1315 2629 putabantur,
1356 2562 1617 2627 sustulit,
1661 2564 1956 2621 occidisset
2009 2573 2065 2620 et

480 2650 650 2715 hunc,
705 2649 807 2705 nisi
854 2650 1164 2722 astrologus
1215 2652 1437 2722 quidam
1491 2653 1568 2709 illi
1621 2655 1761 2711 bene
1811 2657 2063 2726 cupiens,

482 2756 609 2796 eum
663 2742 805 2797 intra
855 2756 1061 2812 paucos
1100 2742 1220 2797 dies
1257 2758 1380 2798 esse
1436 2744 1768 2800 moriturum
1811 2747 2061 2802 dixisset.

480 2830 637 2899 Quod
670 2846 797 2886 cum
828 2846 1022 2887 verum
1062 2847 1184 2888 esse
1229 2832 1502 2900 crederet,
1544 2836 1693 2890 caede
1735 2837 1857 2907 ejus
1894 2836 2067 2892 absti-

482 2924 626 2988 nuit,
659 2938 823 2994 quem
847 2924 958 2995 jam
993 2924 1063 2979 ab
1106 2924 1223 2995 ipsa
1255 2934 1450 2981 natura
1482 2927 1640 2997 quasi
1671 2928 1877 2998 capitis
1910 2928 2062 2983 dam-

483 3026 674 3074 natum
705 3033 828 3075 esse
871 3019 1126 3091 putabat.
1173 3021 1354 3077 Nerva
1389 3031 1572 3078 autem
1607 3024 1679 3078 ob
1709 3038 1831 3079 eam
1862 3025 2064 3095 praedi-

485 3110 728 3166 ctionem
792 3110 1012 3167 facilius
1061 3112 1387 3182 persuaderi
1434 3114 1540 3169 sibi
1588 3129 1783 3184 passus
1820 3124 1924 3177 est.
1982 3124 2062 3183 ut,

486 3202 802 3257 Dcmitiano
832 3202 1148 3267 interfecto,
1182 3204 1367 3258 statim
1409 3206 1721 3274 susciperet
1745 3206 2063 3276 imperium.

488 3291 658 3364 Cujus
677 3294 852 3363 prima
883 3310 1016 3349 cura
1046 3295 1168 3361 fuit,
1200 3304 1262 3349 ut
1295 3295 1365 3350 ab
1401 3295 1494 3351 illo
1527 3306 1679 3352 actos
1707 3298 1760 3353 in
1790 3299 2064 3368 exsilium,

490 3395 716 3441 decreto
758 3395 1065 3450 revocaret,
1114 3386 1276 3443 bonis
1313 3388 1480 3443 etiam
1528 3390 1819 3445 restitutis.
1874 3392 2069 3448 Patres

487 3494 623 3535 vero
653 3478 951 3549 conscripti
990 3480 1231 3536 honores
1265 3480 1579 3536 Domitiano
1613 3485 1867 3538 decretos
1911 3500 2070 3539 sena-

491 3571 837 3626 tusconsulto
873 3571 1228 3643 abrogarunt.
1275 3573 1415 3627 Tum
1448 3572 1616 3628 etiam
1670 3591 1898 3646 magnus
1937 3591 2072 3647 apo-

488 3663 664 3720 stolus
694 3662 937 3717 Joannes
966 3677 996 3717 e
1026 3662 1272 3719 Patmico
1300 3663 1495 3717 exsilio
1521 3663 1799 3733 Ephesum
1834 3665 2069 3722 rediisse

489 3755 684 3809 fertur.
708 3754 885 3808 Nerva
914 3764 970 3808 et
991 3753 1224 3825 justitia:
1253 3769 1466 3820 amans,
1502 3765 1556 3811 et
1589 3756 1807 3812 alienus
1837 3757 1908 3812 ab
1944 3774 2071 3812 ava-

491 3845 617 3901 ritia
670 3844 795 3900 fuit.
846 3844 980 3899 Nam
1038 3860 1163 3899 cum
1228 3844 1467 3912 Atticus,
1530 3846 1767 3902 Herodis
1830 3848 2072 3906 rhetoris

491 3949 648 4010 pater
673 3939 757 4010 (ut
787 3939 1155 3995 Philostratus
1194 3938 1249 3994 in
1297 3939 1440 3995 libro
1464 3955 1626 4010 quem
1674 3942 1749 3994 De
1798 3943 2070 3999 rhetorum

489 4033 599 4086 uita
655 4030 960 4100 inscripsit,
1014 4028 1206 4100 refert)
1256 4030 1406 4084 dumi
1453 4047 1568 4086 suae
1617 4030 1896 4101 ingentem
1953 4034 2074 4088 the-

490 4136 715 4175 saurum
773 4120 1089 4190 reperisset,
1140 4134 1209 4174 ne
1266 4119 1401 4190 quid
1445 4136 1512 4175 ex
1561 4136 1629 4174 eo
1684 4119 1914 4190 periculi
1964 4122 2070 4178 sibi

491 4222 775 4268 crearetur
802 4212 1020 4274 timens,
1052 4211 1244 4266 Nerva:
1268 4211 1528 4282 scripsit:
1577 4212 1875 4270 Thesaurus
1921 4233 1952 4270 a
1991 4231 2072 4270 me

492 4307 739 4359 inventus
762 4312 858 4358 est.
893 4302 1033 4369 Quid
1058 4319 1181 4374 ergo
1204 4304 1396 4374 jubes?
1438 4304 1490 4361 ei
1524 4306 1812 4376 rescripsit
1854 4307 2067 4363 Nerva:

499 4395 655 4452 Utere
694 4395 929 4449 inuento.
977 4393 1114 4450 Cum
1155 4395 1247 4448 ille
1306 4395 1551 4449 nondum
1609 4411 1843 4451 securus
1891 4397 2072 4454 denuo

497 4487 847 4557 scripsisset:
876 4485 943 4539 At
968 4487 1320 4541 conditionem
1352 4503 1522 4541 meant
1542 4490 1807 4542 inventum
1824 4498 2070 4558 superat;

2161 2194 2393 2263 ἥψαντο,
2423 2194 2553 2265 πρὶν
2585 2193 2674 2247 τὸν
2705 2193 3089 2263 διαδεξόμενον
3124 2194 3228 2262 τὴν
3260 2192 3570 2263 αὐταρχίαν
3624 2191 3744 2244 ἐϐε-

2162 2283 2496 2340 ϐαιώσαντο.
2527 2276 2737 2339 ’Ἦλθον
2763 2283 2857 2338 οὖν
2895 2284 2989 2337 ἐπὶ
3028 2284 3120 2338 τὸν
3152 2283 3426 2356 Νερούαν,
3466 2282 3527 2346 ὃς
3550 2285 3751 2354 ἀστρο-

2162 2376 2340 2445 λόγων
2367 2377 2450 2429 ὅτι
2504 2378 2842 2447 μοναρχήσει
2900 2377 3217 2444 φησάντων,
3268 2375 3468 2447 μικροῦ
3524 2374 3751 2429 διώλετο

2164 2466 2250 2521 ἄν.
2287 2467 2346 2520 Ὀ
2374 2470 2484 2535 γὰρ
2509 2467 2837 2535 Δομετιανὸς
2871 2466 3092 2521 πάντων
3115 2470 3225 2521 τῶν
3274 2466 3512 2539 πρώτων
3550 2466 3654 2530 τάς
3689 2482 3749 2519 τι

2163 2557 2381 2628 ἡμέρας
2418 2556 2515 2609 καὶ
2540 2556 2637 2620 τὰς
2658 2555 2809 2628 ὥρας
2838 2558 2896 2609 ἐν
2926 2548 3013 2621 αἷς
3044 2556 3380 2627 ἐγεγένηντο
3406 2557 3746 2615 διασκοπῶν.

2179 2649 2284 2704 οὐκ
2317 2648 2532 2718 ὀλίγους
2590 2651 2702 2704 κάκ
2755 2649 2947 2703 τούτου
2972 2648 3082 2702 τῶν
3126 2648 3503 2719 ἐλπιζομένων
3537 2650 3597 2703 ἐν
3645 2666 3749 2705 τινι

2165 2743 2393 2811 δυνάμει
2446 2740 2667 2795 ἔσεσθαι
2705 2741 3099 2814 προανήλισκε.
3133 2743 3244 2796 Καὶ
3266 2741 3460 2795 τοῦτον
3488 2742 3748 2795 ἀπέκτει-

2166 2851 2255 2890 νεν
2289 2834 2375 2901 ἂν,
2423 2836 2471 2888 εί
2504 2835 2579 2906 μή
2631 2851 2718 2898 τις
2760 2835 2870 2887 τῶν
2920 2834 3272 2906 ἀστρολόγων
3325 2834 3479 2905 αὐτῷ
3538 2834 3743 2890 εὐνοῶν

2166 2928 2272 3000 ἔφη
2300 2929 2382 2982 ὅτι
2425 2929 2493 2982 δι’
2527 2929 2723 2997 ὀὲίγων
2770 2925 2995 2999 ἡμερῶν
3043 2927 3386 3000 τελευτήσειο
3444 2929 3750 2990 πιστεύσας

2166 3023 2276 3093 γὰρ
2319 3020 2497 3083 ὅντως
2556 3018 2702 3073 τοῦτ’
2765 3019 3013 3086 ἔσεσθαι,
3059 3019 3161 3073 οὐκ
3214 3019 3452 3090 ἠθέλησε
3498 3020 3752 3072 κάκεῖιον

2169 3112 2596 3181 πεφονευκέναι,
2644 3111 2719 3175 ὡς
2772 3111 2995 3176 πάντως
3038 3110 3177 3182 μετὰ
3240 3111 3441 3182 μικρὸν
3498 3109 3753 3180 τεθνηξόο

2172 3220 2354 3273 μενον.
2413 3202 2513 3257 Διὰ
2542 3201 2719 3256 ταῦτα
2747 3201 2884 3271 γοῦν
2941 3202 3073 3274 ῥᾷον
3105 3202 3334 3256 ἔπεισαν
3367 3200 3534 3255 αὐτὸν
3565 3201 3751 3253 συνθέ-

2172 3297 2294 3352 σθαι
2323 3298 2389 3366 τῇ
2429 3298 2529 3368 τῆς
2581 3297 2883 3366 ἡγεμονίας
2929 3296 3203 3366 γαταδοχῇ
3244 3310 3257 3323 ·
3293 3295 3387 3348 καί⁵
3448 3293 3748 3364 φθαρέντος

2169 3389 2264 3442 τοῦ
2292 3387 2621 3456 Δομετιανοῦ
2645 3386 2805 3451 εὐθὺς
2835 3387 2999 3450 αὐτὸς
3024 3387 3124 3458 τὴν
3157 3388 3464 3457 αὐταρχίαν
3503 3387 3745 3453 ἐδέξατο,

2171 3480 2265 3533 καὶ
2299 3479 2412 3542 τοῖς
2444 3478 2536 3531 ὐπ’
2568 3478 2778 3531 ἐκείνου
2805 3476 3110 3544 ἐξελαθεῖσι
3151 3478 3386 3548 δόγματι
3429 3477 3750 3532 ἐπανελθεῖν

2172 3573 2372 3642 ἐφῆκε,
2412 3571 2507 3624 καὶ
2532 3570 2632 3633 τὶς
2683 3570 2874 3634 οὐσίας
2919 3568 3244 3625 ἀπολαϐεῖν,
3306 3569 3367 3623 Ἡ
3401 3570 3457 3623 δέ
3507 3586 3571 3638 γε,
3613 3569 3744 3633 σύγ-

2172 3665 2369 3735 κλητος
2409 3662 2808 3735 καθαιρεθῆναι
2838 3664 2935 3727 τὰς
2965 3661 3293 3732 Δομετιανοῦ
3339 3662 3508 3731 τιμὰς
3555 3660 3752 3732 ἕψησίν

2175 3772 2330 3811 σατο.
2376 3756 2418 3807 Τ
2421 3755 2511 3809 ότι
2566 3756 2746 3809 τοίνυν
2779 3756 2870 3808 καὶ
2915 3755 3007 3808 τὸν
3065 3754 3240 3825 μέγαν
3296 3753 3599 3807 ἀπόστολον
3639 3755 3750 3806 Ἰω·

2172 3849 2338 3916 ἀννην
2366 3848 2476 3903 ἀπὸ
2504 3849 2602 3918 τῆς
2630 3849 2688 3901 ἐν
2740 3851 2808 3919 τῇ
2860 3848 3069 3918 Πάτμῳ
3100 3848 3399 3917 ύπερορῖας
3433 3845 3593 3913 λόγος
3638 3844 3751 3915 ἔχει

2173 3940 2493 3996 ἐπανελθεῖν
2542 3938 2681 4010 πρὸς
2722 3940 2824 4011 τὴν
2884 3940 3138 4008 Ἔφεσον.
3190 3936 3299 3992 Ἠν
3331 3938 3387 3991 δὲ
3434 3941 3460 3990 ὁ
3505 3937 3750 4008 Νερούας

2175 4034 2505 4104 φιλοδίκαιος
2564 4034 2659 4086 καὶ
2703 4032 3007 4103 χρημάτων
3056 4030 3157 4101 οὐχ
3212 4031 3440 4099 ἥττητο.
3505 4028 3748 4083 Ἔκείνου

2173 4128 2280 4197 γὰρ
2318 4123 2747 4195 μοναρχοῦντος,
2790 4122 3039 4186 Ἄττικος
3084 4122 3112 4172 ὁ
3138 4119 3230 4173 τοῦ
3268 4117 3529 4188 σοςιστοῦ
3572 4117 3750 4187 Ἡρώ-

2172 4216 2261 4269 δου
2305 4216 2508 4286 πατὴρ,
2569 4212 2642 4278 ὡς
2694 4212 3111 4285 ὁΦιλὸστρατος
3170 4212 3227 4263 ἐν
3289 4212 3404 4272 τοῖς
3453 4207 3592 4278 βίοις
3644 4206 3749 4261 τῶν

2174 4305 2445 4375 σοφιστῶν
2499 4304 2870 4376 ἀνεγράψατο,
2928 4299 3208 4373 θησαυροῦ
3241 4317 3292 4353 τι
3328 4294 3491 4368 εὗρεν
3528 4300 3623 4351 ἐπὶ
3655 4297 3748 4365 τῆς

2172 4399 2349 4462 οἰκίας
2382 4398 2575 4469 χρῆμα
2629 4396 2930 4469 ἀμύθητον.
2976 4393 3089 4447 Καὶ
3110 4390 3386 4461 φοϐηθεὶς
3432 4389 3642 4461 ἔγραψε
3675 4386 3748 4457 τῷ

2172 4491 2394 4563 Νερούᾳ
2423 4491 2496 4553 ὼς
2525 4488 2842 4558 Θησαυρὸς
2872 4487 2970 4540 ἐπὶ
3000 4484 3113 4554 τῆς
3144 4485 3338 4547 οἰκίας
3367 4481 3585 4552 εὑρέθη
3630 4492 3748 4550 μοι’

498 4577 787 4648 respondit
839 4578 1177 4647 imperator:
1217 4580 1398 4632 Etiam
1447 4579 1683 4633 abutere.
1732 4578 1846 4635 Hoc
1890 4582 2066 4650 impe-

2174 4585 2231 4639 τί
2259 4581 2375 4640 οὖν
2398 4583 2666 4649 κελεύεις
2697 4582 2828 4651 περί
2883 4579 3093 4635 αὐτοῦ.
3151 4579 3263 4632 Καὶ
3309 4577 3368 4639 ὃς
3410 4573 3747 4645 ἀντέγραψε·

500 4679 679 4736 rante,
728 4669 1005 4724 secundus
1057 4669 1466 4724 Alexandrinus
1517 4670 1812 4741 cpiscopus
1859 4671 2074 4729 Abilius

499 4761 646 4816 diem
683 4775 845 4815 suum
881 4758 1044 4822 obiit,
1090 4767 1147 4815 et
1195 4760 1374 4814 Cerdo
1418 4762 1540 4832 ejus
1576 4761 1837 4817 Ecrlcsia:
1868 4763 2075 4834 guber-

501 4853 783 4910 nationem
829 4852 1096 4921 suscepit.
1133 4851 1492 4906 Antiocheme
1543 4849 1801 4906 Ecclesiae
1837 4852 2077 4923 lgnatius

502 4957 619 5002 tum
669 4943 911 5016 praefuit,
958 4945 1042 4999 vir
1087 4945 1199 4999 Deo
1256 4945 1475 5014 plenus,
1528 4944 1808 4999 secundus
1855 4953 1910 4998 ct
1960 4946 2076 5015 ipse

499 5042 624 5111 ejus
648 5040 754 5095 loci
785 5039 1080 5109 episcopus
1103 5047 1228 5108 post
1259 5038 1551 5092 Evodium.
1572 5037 1856 5092 .Similiter
1889 5038 2078 5094 lliero-

2173 4676 2303 4747 Χρώ
2337 4676 2414 4743 τῷ
2457 4675 2769 4745 εὑρήματι.
2813 4673 2873 4726 Ὀ
2908 4673 2952 4727 δ’
2998 4672 3077 4725 ἔτι
3121 4668 3448 4740 εὐλαϐηθεὶς
3516 4667 3752 4738 ἔγραψεν

2174 4768 2350 4832 αὖθις·
2390 4770 2555 4823 Ἀλλ’
2588 4768 2742 4836 ὑπὲρ
2791 4765 2896 4837 ἐμὲ
2928 4764 3208 4836 τυγχάνει
3247 4762 3314 4817 τὸ
3342 4760 3595 4830 εὑρεθέν
3615 4777 3628 4791 ο
3661 4758 3751 4813 καὶ

2175 4869 2204 4920 ὁ
2241 4863 2596 4934 αὐτοκράτωρ
2644 4862 2782 4932 πρὸς
2812 4858 2990 4926 τοῦτο,
3024 4859 3137 4914 Καὶ
3190 4854 3489 4924 nummi),
3524 4853 3755 4907 ἀντεπέ-

2180 4956 2376 5009 στειλε.
2418 4954 2624 5006 Τούτου
2666 4951 3044 5022 βασιλεύοντος
3075 4951 3102 5003 ὀ
3140 4948 3396 5019 δεύτερος
3448 4946 3751 5005 ἐπίσκοπος

2188 5040 2597 5111 Ἀλεξανδρείας
2661 5039 2894 5104 Ἀϐίλιος
2936 5037 3237 5109 μετήλλαξε
3287 5036 3386 5107 τὴν
3436 5034 3603 5106 ζωὴν,
3660 5033 3752 5087 καὶ

504 5132 849 5204 solytnitanu:
910 5144 1130 5200 quoque
1191 5129 1437 5183 fidelium
1504 5126 1766 5184 Ecclesia:
1842 5130 2066 5200 Symeor

2179 5134 2401 5204 Κέρδων
2459 5132 2559 5201 τῆς
2617 5132 2733 5185 ἐκεῖ
2780 5130 3109 5201 Ἐκκλησίας
3162 5127 3428 5199 προέστη.
3468 5128 3582 5195 Τῆς
3612 5124 3658 5179 δ’
3690 5126 3747 5176 ἐν

506 5222 746 5294 praefuit,
791 5222 934 5276 alter
973 5228 1031 5277 et
1079 5219 1171 5276 hic
1204 5236 1233 5274 a
1270 5229 1503 5291 cognato
1543 5219 1748 5275 Jacobo
1775 5220 1867 5289 qui
1912 5220 2083 5275 frater

506 5314 723 5369 Domini
776 5313 1001 5378 dicitur,
1034 5314 1415 5383 episcopatum
1464 5313 1712 5367 sortitus.
1767 5311 1865 5367 llic
1912 5311 2085 5381 impc-

2194 5220 2496 5292 Ἀντιοχείᾳ
2542 5219 2876 5290 Ἐκκλησίας
2922 5220 3193 5288 Ἰγνάτιος
3249 5221 3373 5273 τότε
3416 5221 3444 5272 ὁ
3484 5216 3754 5285 Θεοφόρος

2182 5315 2501 5384 προΐστατο,
2547 5312 2802 5380 δεύτερος
2833 5314 2927 5368 καὶ
2949 5312 3101 5378 οὗτος
3137 5313 3438 5375 ἐπίσκοπος
3468 5312 3587 5364 ἐκεῖ
3617 5307 3751 5379 μετὰ

511 5413 661 5459 rator
698 5405 1134 5475 compositiones
1178 5404 1548 5474 gladiatorum
1594 5402 1901 5458 interdixit.
1938 5401 2062 5456 Nibi

2182 5406 2404 5458 Εὐόδιον
2461 5404 2889 5477 γνωριζόμενος.
2960 5405 3196 5477 Ὁμοίως
3254 5405 3311 5457 δὲ
3369 5404 3465 5457 καὶ
3522 5401 3625 5471 τῆς
3695 5400 3751 5449 ἐν

512 5496 622 5564 egit
643 5495 747 5550 nisi
771 5496 841 5551 de
870 5496 1145 5552 sententia
1171 5495 1478 5565 principum
1513 5503 1850 5550 senatorum.
1874 5491 2085 5563 Legem

2199 5495 2606 5567 Ἱεροσολύμοις
2678 5497 2787 5552 τῶν
2870 5495 3079 5551 πιστῶν
3133 5495 3457 5567 Ἐκκλησίας
3532 5487 3753 5561 Συμεὼν

1695 5650 1891 5712 Variae
1927 5648 2236 5712 lectiones
2267 5661 2326 5714 et
2358 5659 2542 5714 notae.

583 5761 695 5832 (l7)
738 5758 1044 5824 Εὐσέϐιος.
1081 5760 1204 5816 Lib.
1242 5778 1321 5827 In,
1346 5762 1572 5831 cap.20.
