4018 6250
493 325 598 386 9δ7

1756 312 1940 374 JOAN
1953 313 1997 371 N
2012 313 2080 371 lS
2119 310 2441 372 ZONARIE

3628 314 3731 376 958

483 436 648 504 regia:
710 431 1219 503 appropinquaret,
1283 423 1588 482 Decebalus
1667 441 1762 495 per
1819 427 2050 495 legatos,

2162 439 2340 477 τατον.
2363 422 2472 474 Καὶ
2500 421 2742 492 πολέμου
2774 420 3142 493 συρραγέντος
3169 421 3340 490 σφίσι,
3379 421 3606 484 πολλοὺς
3639 424 3730 489 μὲν

482 526 788 596 pollicitus.
839 539 897 578 se
945 537 1117 582 arma,
1170 519 1453 574 machinas
1487 528 1544 573 et
1596 518 1784 572 fabros
1817 517 2058 572 traditu-

482 635 628 682 rum,
671 625 726 672 et
769 614 1035 684 quidquid
1087 621 1353 682 praeterea
1401 627 1430 665 a
1484 626 1543 664 se
1577 610 1946 680 postularetur
1978 608 2062 662 fa-

480 721 699 765 cturum
725 725 737 761 :
781 708 895 777 ipse
925 707 988 759 ad
1019 706 1407 774 imperatorem
1437 703 1609 766 venit,
1637 716 1875 770 eumque
1903 699 2056 754 hutni

481 808 791 868 prostratus
848 796 1118 849 adoravit.
1168 792 1376 846 Deinde
1411 792 1681 862 Trajanus
1735 791 1790 844 in
1842 791 2056 845 Italiam

482 902 761 946 reversus,
797 886 1004 954 legatos
1037 882 1291 937 Decebali
1333 898 1519 937 secum
1550 881 1823 935 adduxit:
1870 880 1964 950 qui
2003 881 2058 934 in

482 988 735 1030 senatqu
791 974 1118 1038 introducti,
1187 974 1382 1044 positis
1442 975 1631 1039 armis,
1694 974 2056 1042 manibusque

482 1069 826 1139 captivorum
861 1069 1034 1122 instar
1060 1066 1389 1136 conjunctis,
1419 1066 1608 1121 multis
1638 1066 1819 1121 verbis
1851 1068 2058 1136 suppli-

481 1170 699 1224 caruut,
733 1169 788 1213 et
821 1175 952 1230 pace
986 1159 1306 1227 impetrata,
1339 1172 1490 1210 arma
1526 1158 1879 1227 receperunt.
1918 1158 2054 1212 Trao

477 1251 643 1320 janus
682 1251 962 1320 triumpho
1011 1260 1156 1316 acto,
1194 1249 1426 1303 Dacicus
1477 1251 1894 1319 cognominatus
1952 1260 2055 1306 est.

482 1341 670 1412 Neque
725 1359 855 1397 vero
897 1352 1122 1410 propter
1163 1341 1240 1394 rei
1291 1341 1544 1396 militaris
1573 1341 1815 1396 studium
1864 1351 2060 1396 ca'tera

487 1435 750 1504 neglexit,
782 1434 876 1488 sed
908 1433 1093 1487 multis
1123 1432 1176 1486 in
1211 1433 1349 1486 locis
1383 1441 1439 1487 et
1472 1447 1615 1501 saepe
1640 1433 1731 1503 jus
1759 1446 1858 1501 pro
1887 1432 2061 1486 tribu-

483 1527 590 1579 nali
623 1526 783 1580 dixit.
810 1524 946 1580 Cum
983 1525 1284 1581 Decebalus
1312 1526 1489 1594 pactis
1533 1534 1589 1580 et
1620 1524 1913 1580 conventis
1941 1525 2058 1578 vio-

483 1617 630 1682 latis,
664 1633 750 1672 res
784 1632 954 1672 novas
992 1617 1174 1670 moliri
1220 1617 1594 1678 nuntiaretur,
1628 1615 1814 1669 denuo
1863 1628 2058 1671 contra

485 1709 636 1762 illum
690 1709 844 1762 duxit
896 1708 1200 1762 exercitum
1245 1725 1258 1761 :
1306 1708 1400 1776 qui
1436 1707 1566 1777 quia
1617 1707 1832 1761 viribus
1881 1707 2058 1776 impar

2163 515 2273 568 τῶν
2309 514 2585 584 πολεμίων
2613 516 2945 568 ἀπέκτειναν
2976 515 3026 567 οἰ
3097 515 3382 584 Ῥωμαῖοι,
3438 515 3500 567 οὑ
3555 514 3734 584 μείους

2161 607 2216 660 δὲ
2246 609 2342 662 καὶ
2388 608 2568 660 αὐτῶν
2621 607 3160 677 ἐτραυματίσθησαν.
3222 605 3483 659 τοσοῦτοι
3517 606 3562 659 δ’
3595 602 3732 674 ἦσαν

2161 701 2210 753 οἱ
2231 699 2583 768 τραυματίαι,
2616 700 2690 763 ῶς
2715 699 3076 752 ἐπιλιπόντων
3102 699 3210 753 τῶν
3255 699 3572 769 ὲπιὸἐσμων
3601 702 3734 769 μηδὲ

2160 792 2260 862 τῆς
2294 792 2488 846 ἑαυτοῦ
2514 793 2743 862 ἐσθῆτος
2779 791 3074 860 φείσασθαι
3107 793 3199 846 τὸν
3233 793 3526 862 τραίανόν.
3580 793 3736 846 Ἐπεὶ

2161 884 2216 937 δὲ
2248 885 2316 938 τά
2369 902 2430 937 τε
2477 884 2628 953 ’ἄκρα
2679 884 2956 954 δυσχερῶς
3009 885 3130 954 μὲν,
3178 884 3448 938 κατέλαϐε
3504 885 3583 948 δὲ,
3645 886 3740 938 καὶ

2163 979 2332 1040 πέλας
2381 977 2488 1030 τῶν
2533 977 2817 1047 βασιλείων
2853 973 3016 1044 ἦλθεν
3046 977 3253 1043 αὐτῶν,
3285 978 3549 1048 πρέσϐεις
3577 980 3605 1030 6
3637 981 3738 1029 Δε-

2163 1073 2390 1135 κέϐαλος
2427 1072 2710 1140 πέπομφε,
2737 1070 3119 1139 συντιθέμενος
3150 1071 3220 1123 τά
3247 1087 3306 1122 τε
3355 1069 3494 1123 ὅπλα
3542 1069 3636 1122 καὶ
3671 1069 3740 1122 τὰ

2166 1167 2537 1235 μηχανήματα
2594 1164 2690 1217 καὶ
2742 1165 2869 1226 τοὺς
2921 1163 3326 1232 μηχανοποιοὺς
3379 1162 3741 1232 παραδοῦναι,

2161 1258 2256 1311 καὶ
2280 1255 2426 1309 ἆπαν
2454 1255 2642 1325 ἕτερον
2669 1254 2696 1306 ὂ
2725 1253 2790 1308 ἂν
2837 1254 3121 1307 ἁπαιτοϊτο
3155 1254 3383 1322 ποιῆσαι
3403 1294 3415 1307 .
3445 1255 3557 1306 Ka't
3602 1254 3740 1322 πρδς

2159 1350 2250 1403 τὸν
2283 1348 2664 1419 αὐτοκράτορα
2688 1345 2878 1412 ἐλθὼν,
2913 1347 2970 1410 ἒς
3000 1341 3159 1410 οὖδας
3195 1344 3547 1409 κατακλιθεὶς
3591 1345 3740 1414 αὐτῷ

2161 1441 2594 1512 προσεκύνησεν.
2655 1436 2786 1494 Εἶτα
2837 1441 2916 1502 εἰς
2954 1438 3055 1510 τὴν
3111 1439 3342 1492 Ἰταλίαν
3396 1439 3423 1491 6
3473 1438 3514 1489 Τ
3523 1437 3740 1506 ραῐανδς

2160 1531 2484 1597 ἀναζεύξας.
2525 1532 2620 1585 καὶ
2661 1532 2787 1594 τοὺς
2831 1529 2925 1582 τοῦ
2975 1530 3278 1584 Δεκεόάλου
3323 1528 3584 1600 πρέσϐεις
3641 1529 3740 1579 ἐπ-

2165 1627 2351 1694 ήγετο.
2401 1623 2600 1693 Οῖπερ,
2625 1622 2970 1691 εἰσαχθέντες
2995 1621 3076 1686 εἰς
3099 1623 3158 1674 τὸ
3194 1621 3491 1689 συνέδριον,
3510 1620 3577 1672 τὰ
3602 1619 3743 1672 ὅπλα

2160 1714 2510 1785 ἀποθέμενοι,
2573 1715 2669 1767 καὶ
2733 1712 2834 1776 τὰς
2884 1715 3076 1784 χεῖρας
3137 1711 3473 1781 συνάψαντες
3513 1713 3572 1765 ὲν
3623 1711 3743 1780 αἰχ-

485 1811 624 1864 erat,
658 1801 785 1856 dolo
836 1801 1228 1870 imperatorem
1279 1801 1500 1854 vincere
1559 1799 1838 1854 studebat.
1883 1798 2056 1864 Quem

2165 1779 2428 1878 μαλώτων
2471 1808 2734 1878 σχήματι,
2775 1779 3048 1861 πολλά-τε
3101 1803 3256 1859 εἶπον
3287 1779 3378 1858 καὶ
3430 1779 3739 1860 ἱκέτευσαν.

485 1907 609 1946 cum
641 1907 862 1946 accessu
922 1907 1044 1946 esse
1101 1891 1345 1955 facilem,
1391 1901 1448 1945 et
1482 1880 1735 1960 quemvis
1781 1891 1847 1943 ad
1891 1891 2061 1946 collo-

484 1983 673 2052 quium
705 1982 1002 2036 admittere
1029 1983 1218 2046 sciret,
1250 1981 1558 2052 transfugas
1589 1981 1935 2045 subornavit,
1964 1979 2056 2051 qui

483 2087 633 2134 emu,
667 2073 714 2126 si
760 2082 1004 2140 pesscnt,
1035 2070 1374 2125 occiderent.
1431 2070 1536 2124 Sed
1593 2087 1736 2126 unus
1767 2087 1957 2125 eorum
1991 2072 2061 2126 ob

485 2165 851 2232 suspicionem
883 2164 1341 2232 comprehensus,
1382 2163 1436 2216 in
1468 2162 1873 2233 quaestionibus
1907 2179 2062 2218 arca-

484 2269 614 2310 num
654 2256 852 2309 effatus
875 2266 976 2308 est.
1002 2255 1304 2324 Imperator
1327 2264 1510 2310 autem
1541 2265 1706 2325 ponte
1733 2271 1832 2325 per
1859 2255 2060 2311 Istrum

485 2349 652 2410 iacto,
686 2346 834 2414 quod
865 2361 1004 2415 opus
1031 2354 1250 2401 nionem
1279 2347 1704 2401 admirationem
1729 2355 1786 2402 et
1815 2363 2061 2403 eorume-

486 2439 847 2492 moratiouem
885 2447 1132 2507 superat,
1171 2438 1536 2509 traductoque
1562 2439 1830 2505 exercitu,
1853 2441 1942 2494 vix
1971 2441 2062 2495 ille

485 2530 706 2598 quidem
736 2538 791 2582 et
820 2545 944 2582 cuin
987 2529 1260 2598 periculo,
1313 2531 1410 2584 sed
1444 2531 1577 2585 vicit
1630 2541 1811 2586 tamen
1861 2533 2058 2588 Dacos.

485 2621 791 2676 Detcbalus
843 2636 956 2690 prae
1003 2620 1396 2690 desperatione
1447 2625 1689 2693 seipsum
1737 2624 2058 2680 interfecit:

487 2729 554 2766 ex
586 2728 767 2782 eoque
795 2728 930 2783 gens
961 2712 1258 2779 Dacorum,
1289 2728 1594 2786 eorumque
1625 2717 1914 2786 previncia
1945 2719 2060 2774 Ro-

489 2806 668 2859 manis
697 2821 887 2874 parere
906 2805 1095 2874 cmpit.
1128 2805 1353 2876 Reper‘it
1378 2819 1432 2862 et
1457 2809 1749 2864 thesauros
1781 2811 2062 2878 Deeebali,

483 2900 736 2968 quamvis
767 2897 1006 2954 difﬁcilis
1037 2914 1231 2954 eorum
1277 2910 1425 2956 esset
1467 2901 1736 2957 inventio.
1789 2902 2063 2961 Barbarus

481 2992 632 3045 enim
677 2991 868 3056 fluvio,
914 2993 1010 3061 qui
1069 2993 1271 3064 regiam
1315 2995 1746 3063 praeterfluebat,
1795 2998 1905 3052 alio
1955 3007 2065 3053 tra-

2163 1901 2273 1954 Καὶ
2309 1898 2482 1962 οὕτως
2517 1898 2763 1954 σπονδῶν
2788 1899 3046 1969 τυχόντες
3077 1894 3233 1961 αὖθις
3261 1898 3329 1952 τὰ
3362 1897 3503 1950 ὅπλα
3533 1895 3739 1948 ἀπέλαο

2161 1991 2276 2048 ϐον.
2327 1992 2596 2062 Τραϊανὸς
2663 1992 2722 2044 δὲ
2784 1992 2880 2045 καὶ
2935 1991 3326 2061 ἐθριάμϐευσε,
3383 1991 3476 2045 καὶ
3508 1988 3741 2052 Δακικδς

2160 2084 2478 2154 ὠνομάσθη.
2529 2085 2642 2154 Οὐχ
2672 2084 2747 2147 ὡς
2800 2085 2993 2154 ἀρήϊος
3034 2084 3090 2138 δὲ
3138 2083 3247 2137 τῶν
3301 2083 3480 2137 ἄλλων
3521 2083 3739 2151 ἠμέλει,

2159 2175 2193 2246 ἦ
2227 2171 2388 2247 ἦττον
2438 2174 2710 2238 ἐδίκαζεν,
2741 2175 2878 2228 ἀλλὰ
2909 2176 3004 2227 καὶ
3039 2175 3309 2244 πολλαχοῦ
3344 2174 3440 2228 καὶ
3472 2173 3742 2236 πολλάκις

2163 2269 2253 2320 ἐπὶ
2295 2267 2542 2338 βήματος
2590 2266 2826 2339 ἔκρινεν.
2870 2267 2963 2331 Ὧς
3003 2266 3060 2321 δὲ
3093 2265 3473 2337 ἀπηγγέλλετο
3503 2270 3532 2320 6
3577 2267 3743 2318 Δεκέ-

2164 2359 2329 2424 Gelo;
2355 2357 2513 2424 αὖθις
2571 2357 2934 2430 νεωτερίζων,
2989 2358 3087 2413 καὶ
3121 2360 3242 2420 ταῖς
3292 2356 3594 2426 συνθήκαις
3644 2356 3741 2408 οὐκ

2161 2447 2436 2518 ἐμμένων,
2461 2447 2624 2511 αὐτὸς
2660 2448 2757 2501 καὶ
2786 2447 2950 2500 πάλιν
2977 2445 3114 2516 πρὸς
3149 2445 3357 2497 ἐκεῖνον
3381 2444 3735 2516 ἐστράτευσε.

2164 2538 2275 2592 Καὶ
2329 2539 2356 2591 δ
2413 2537 2738 2603 Δεκέδαλος,
2775 2535 3090 2607 ἡττώμενος
3159 2534 3325 2604 ίσχύῖ,
3377 2533 3515 2601 δόλιε)
3573 2534 3737 2587 αὖτοῦ

2161 2627 2550 2700 περιγενέσθαι
2594 2629 2977 2698 διεμελέτησε.
3030 2627 3142 2681 Καὶ
3202 2625 3358 2690 εἰδὼς
3413 2626 3738 2695 εὖπρόσιτον

2161 2723 2290 2776 ὄντα
2327 2719 2621 2794 Τραϊανὸν,
2655 2721 2749 2774 καὶ
2789 2719 2886 2774 τὸν
2923 2717 3252 2791 βουλόμενον
3284 2720 3363 2782 τίς
3403 2717 3626 2787 ὁμιλίαν
3653 2719 3740 2772 δε·

2163 2817 2414 2886 χύμενον,
2433 2813 2899 2884 ψευδαυτθμόλους
2931 2811 3273 2874 ἀπέστειλεν,
3303 2811 3370 2864 ἵν’
3397 2811 3446 2863 εί
3463 2811 3742 2881 δυνηθεῖεν

2163 2907 2328 2962 αὐτὸν
2383 2907 2793 2977 διαχρήσαιντο.
2862 2899 2955 2967 Εἷς
2993 2904 3040 2957 δ’
3088 2903 3315 2956 ἐκείνων
3369 2905 3738 2966 ὑποπτευθεὶς

2165 2997 2497 3069 συνελήφθη,
2550 2997 2645 3051 καὶ
2693 2995 2947 3058 ὲτασθεὶς
3009 2995 3240 3066 ἐξέφηνε
3294 2995 3354 3048 τὸ
3405 2995 3739 3066 ἀπόρρητον.

482 3082 676 3146 ducto,
709 3082 765 3136 iu
799 3083 958 3137 alveo
987 3081 1202 3136 foveam
1237 3084 1517 3152 praealtam
1547 3097 1866 3151 exeavarat,
1895 3102 2060 3157 quam

2166 3089 2496 3161 Γεφυρώσας
2520 3090 2578 3142 δὲ
2609 3088 2703 3142 τὸν
2728 3088 2944 3156 Ἴστρον
2974 3087 3002 3140 6
3039 3087 3425 3157 αὐτοκράτωρ,
3449 3089 3549 3139 καὶ
3581 3087 3740 3157 ἔργον

487 3194 679 3245 magna
726 3177 870 3242 auri,
932 3179 1141 3247 maiore
1189 3179 1426 3249 argenti,
1473 3181 1819 3252 aliarumque
1873 3199 2060 3240 rerum

489 3267 695 3334 quibus
724 3268 1024 3322 humiditas
1057 3283 1166 3322 non
1193 3279 1374 3334 nocet,
1399 3271 1557 3340 copia
1586 3272 1808 3344 injecta,
1833 3275 2062 3344 lapideis

489 3359 691 3414 tabulis
714 3361 1107 3416 obstruxerat:
1150 3373 1483 3433 aggestaque
1520 3367 1687 3429 terra,
1723 3367 1955 3424 fluvium
2004 3370 2060 3425 in

488 3460 734 3505 veterem
783 3453 998 3505 alveum
1057 3454 1377 3510 reduxerat.
1425 3456 1592 3511 Multa
1624 3459 1790 3514 etiam
1831 3461 1886 3514 in
1935 3477 2062 3532 spe-

489 3542 667 3598 luncis
688 3541 996 3597 abdiderat.
1029 3543 1154 3599 llaec
1179 3547 1398 3600 nemine
1417 3559 1684 3616 praesente
1708 3551 1812 3605 nisi
1831 3555 2063 3622 captivis

489 3633 732 3687 faciebat
767 3649 782 3693 ;
819 3647 978 3702 quos,
1016 3633 1272 3690 absoluto
1312 3651 1502 3705 Opere,
1559 3647 1614 3693 et
1663 3641 1831 3714 rebus
1872 3645 2061 3699 occul-

491 3726 638 3790 tatis,
688 3726 1103 3782 interficiendos
1146 3729 1395 3794 curabat,
1445 3747 1516 3786 ne
1565 3747 1828 3789 arcanum
1860 3739 2062 3806 prode-

489 3831 632 3872 rent.
673 3817 827 3872 Unus
867 3827 1048 3873 tamen
1081 3818 1366 3877 familiaris
1399 3823 1539 3891 ejus,
1569 3842 1773 3895 gnarus
1818 3829 1909 3883 tibi
1945 3831 2062 3886 the-

485 3911 632 3964 sauri
661 3921 864 3974 essent,
900 3911 1166 3965 indicium
1199 3911 1358 3967 fecit.
1400 3913 1535 3969 Cum
1587 3917 1859 3973 Licinium
1897 3920 2062 3993 586

483 4001 706 4066 Suram,
741 4003 924 4056 virum
961 4004 1212 4069 divitem,
1241 4021 1406 4076 quem
1441 4020 1635 4064 mutuo
1661 4011 1903 4087 amabat,
1938 4016 2061 4084 quia-

483 4096 610 4149 dam
659 4107 719 4150 ut
774 4097 1151 4153 insidiatorem
1191 4100 1467 4155 criminati
1501 4109 1686 4157 essent
1711 4109 1746 4168 ,'
1771 4106 2061 4162 invocatus

485 4195 760 4241 etenatum
793 4189 861 4241 ad
895 4205 1020 4243 eum
1077 4191 1235 4256 abiit,
1288 4201 1362 4257 et,
1412 4196 1742 4253 satellitibus
1773 4199 2058 4270 ablegatis,

485 4280 644 4334 Sane
679 4281 896 4336 medico
921 4283 1112 4336 oculos
1131 4286 1425 4350 curandos,
1451 4287 1571 4357 ejus
1592 4290 1802 4344 tonsori
1834 4290 2058 4346 barbam

487 4371 780 4426 radendam
805 4374 1063 4442 praebuit.
1097 4373 1304 4431 Deinde
1335 4377 1466 4433 lavit
1497 4389 1553 4434 et
1573 4383 1831 4444 cmnavit.
1853 4383 2062 4439 Postri~

2165 3183 2327 3236 τοῦτο
2399 3180 2869 3250 διαπραξάμενος,
2929 3179 3070 3250 μήτε
3122 3176 3503 3247 θαυμασθῆναι
3555 3177 3740 3241 ἀξίως,

2167 3277 2293 3348 μήτ’
2358 3273 2698 3347 ἐξηγηθῆναι
2737 3273 3060 3342 δυνάμενον,
3111 3271 3200 3325 διὰ
3242 3271 3344 3340 τῆς
3387 3270 3634 3340 γεφύρας
3684 3287 3739 3322 τε

2164 3370 2370 3437 ταύτης
2413 3368 2506 3421 τὸν
2562 3366 2811 3436 ποταμὸν
2863 3364 3218 3436 περαιωθεὶς,
3282 3364 3435 3434 μόλις
3482 3363 3584 3432 μὲν
3642 3363 3736 3416 καὶ

2164 3460 2504 3524 κινδυνωδῶς
2542 3460 2812 3529 ἐκράτησε
2843 3458 2952 3510 τῶν
2991 3457 3201 3521 Δακῶν,
3235 3455 3512 3526 ἐκράτησε
3545 3454 3591 3507 δ’
3627 3453 3740 3510 οὖν.

2165 3555 2275 3608 Καὶ
2323 3555 2350 3606 6
2380 3552 2703 3614 Δεκέϐαλος,
2739 3552 3035 3618 ἀπογνοὺς,
3095 3549 3460 3620 διεχειρίσατο
3525 3548 3740 3602 ἑαυτόν.

2164 3647 2474 3701 Κὰ-ιτεῦθεν
2498 3645 2558 3699 τὸ
2588 3645 2742 3707 ἔθνος
2771 3645 2831 3696 τὺ
2854 3643 2962 3696 τῶν
3000 3642 3194 3695 Δακῶν
3224 3644 3316 3694 καὶ
3341 3643 3372 3711 ἡ
3401 3641 3556 3711 χώρα
3581 3640 3737 3709 σφῶν

2175 3737 2467 3806 Ῥωμαίοις
2523 3737 2764 3806 ὑπήκοος
2793 3735 2984 3803 γέγονε
3021 3733 3155 3802 (l9).
3207 3736 3318 3788 Καὶ
3349 3735 3474 3796 τοὺς
3534 3735 3740 3802 θησαυ-

2165 3829 2291 3899 ροὺς
2323 3828 2367 3880 δ’
2395 3821 2520 3899 εὗρε
2558 3829 2688 3888 τοὺς
2711 3824 3039 3892 Δεκεϐάλου,
3076 3825 3257 3878 καίτοι
3299 3824 3603 3894 δυσχεροῦς
3645 3825 3739 3878 οὖα

2163 3935 2265 3990 σης
2307 3921 2406 3988 τῆς
2465 3918 2676 3972 τούτων
2731 3918 3027 3988 εὑρέσεως.
3072 3917 3324 3986 Ποταμὸν
3362 3919 3471 3987 γὰρ
3517 3917 3576 3978 ὃς
3629 3921 3741 3980 τοῖς

2165 4009 2453 4081 βασιλείοις
2475 4008 2642 4063 αὐτοῦ
2667 4007 2955 4078 παρέρρει,
2983 4007 3376 4077 μετοχετεύσας
3395 4010 3421 4060 6
3443 4007 3618 4078 βάρὸα
3628 4025 3738 4079 ρος,

2161 4101 2265 4172 τὴν
2317 4101 2424 4172 γῆν
2485 4100 2573 4169 ἐφ’
2622 4096 2691 4172 ἧς
2735 4099 2874 4170 διῄει
2908 4100 2968 4153 τὸ
3001 4099 3144 4170 ὕδωρ
3182 4100 3393 4169 ὤρυξεν
3440 4101 3521 4162 εἰς
3574 4100 3739 4170 βάθος

2161 4195 2318 4260 πολὺ,
2350 4197 2446 4247 καὶ
2477 4189 2726 4246 πλεῖστον
2759 4194 2860 4263 μὲν
2889 4193 3111 4263 χρυσὸν,
3161 4191 3331 4245 πλείω
3359 4192 3416 4245 δὲ
3469 4192 3737 4261 ἄργυρον,

2159 4287 2256 4339 καὶ
2293 4285 2426 4340 ἄλλα
2454 4285 2564 4340 τῶν
2602 4285 2799 4356 τιμίων
2831 4286 2933 4339 ὅσα
2963 4285 3038 4354 μὴ
3065 4283 3314 4353 πέφυκεν
3348 4282 3408 4348 ἐξ
3433 4284 3736 4353 ὑγρότητος

2160 4376 2507 4444 φθείρεσθαι,
2569 4374 2943 4445 καταθέμενος
2995 4373 3076 4442 τῷ
3129 4373 3427 4443 ὀρύγματι,
3466 4374 3634 4440 πλαξί
3680 4389 3740 4427 τε

485 4463 576 4514 die
605 4464 1101 4521 calumniatoribus
1130 4467 1265 4523 dixit
1291 4484 1308 4523 :
1350 4469 1408 4524 Si
1440 4488 1519 4525 me
1548 4474 1944 4539 occidere,Sura
1967 4494 2059 4531 υο-

2162 4469 2506 4540 κατέστρωσε
2564 4468 2663 4539 τὴν
2698 4469 2816 4521 ἐκεῖ
2889 4467 2990 4537 γῆν
3026 4467 3124 4520 καὶ
3151 4466 3281 4536 χοῦν
3329 4466 3557 4527 ταύταις
3597 4465 3738 4536 ἐπή-

485 4551 685 4615 litissct,
717 4554 847 4606 nihil
871 4556 917 4608 ei
945 4555 1247 4621 obstitisset,
1278 4561 1557 4626 quominus
1616 4560 1670 4612 id
1699 4561 1808 4613 heri
1836 4562 2060 4629 fecisset.

481 4641 620 4695 Cum
657 4644 973 4711 prtrfectum
1021 4649 1275 4716 praetorio
1311 4649 1648 4720 designaret,
1681 4653 1843 4721 eique
1874 4668 2061 4707 ensem

485 4735 819 4804 porrigeret,
868 4751 978 4806 quo
1025 4738 1072 4790 is
1125 4740 1336 4808 accingi
1391 4741 1671 4797 debebat:
1724 4744 1869 4814 Cape
1901 4746 2060 4810 hunc,

485 4827 687 4896 inquit,
705 4831 818 4882 etsi
842 4828 968 4881 bene
994 4830 1214 4900 impero,
1250 4848 1345 4901 pro
1369 4849 1468 4894 me.
1497 4836 1580 4887 sin
1602 4835 1742 4888 male
1765 4846 1954 4890 contra
1977 4850 2061 4890 me

486 4919 585 4973 illo
609 4921 793 4974 utitor.
820 4923 1081 4976 Instruxit
1104 4925 1265 4978 etiam
1295 4926 1678 4983 bibliothecas.
1698 4928 1848 4992 Post,
1871 4939 2062 4983 contra

485 5011 717 5069 Parthos
766 5024 822 5070 et
875 5017 1166 5072 Armenios
1210 5018 1367 5073 duxit
1394 5021 1739 5077 exercitum:
1781 5021 1928 5090 quod
1964 5023 2063 5076 Ar-

487 5103 706 5159 menius
737 5104 990 5159 diadema
1035 5122 1145 5161 non
1189 5122 1219 5161 a
1255 5122 1337 5171 se,
1366 5109 1463 5162 sed
1491 5127 1522 5164 a
1559 5110 1890 5164 Parthorum
1937 5126 2065 5181 rege

483 5197 818 5264 accepisset,
859 5197 933 5250 Ea
963 5213 1127 5253 causa
1160 5200 1565 5267 prastexebatur
1597 5202 1762 5265 bello,
1800 5216 1924 5256 cum
1951 5210 2064 5256 tota

489 5300 580 5339 res
615 5287 685 5340 ab
715 5287 1018 5342 ambitione
1071 5302 1128 5344 et
1178 5291 1368 5360 gloriae
1393 5291 1696 5359 cupiditate
1749 5292 2066 5360 proﬁcisce-

489 5386 668 5432 retur.
697 5376 960 5434 Armenia
987 5380 1237 5448 subacta,
1267 5381 1441 5437 multa
1475 5383 1526 5437 ei
1553 5396 1582 5436 a
1613 5395 1808 5438 senatu
1839 5384 2061 5438 decreta

2159 4575 2340 4628 νεγκε,
2386 4560 2480 4612 καὶ
2511 4557 2683 4621 οὕτως
2745 4556 2902 4619 αὖθις
2932 4557 2993 4610 τὸ
3025 4556 3168 4626 ὕδωρ
3201 4559 3278 4619 εἰς
3299 4556 3396 4622 τὴν
3426 4557 3622 4624 πρώην
3645 4573 3740 4623 με-

2157 4650 2420 4721 τέστρεψε
2471 4649 2664 4712 δίοδον,
2710 4651 2804 4701 καὶ
2871 4650 2928 4711 ἐς
2999 4646 3260 4716 σπήλαιον
3311 4647 3368 4700 δὲ
3417 4646 3590 4699 πολλὰ
3621 4649 3741 4699 ἐνα-

2159 4741 2376 4794 πέθετο.
2407 4739 2594 4792 Ταῦτα
2641 4738 2687 4791 δ’
2733 4738 2909 4791 ἐποίει
2959 4739 3036 4808 μή
3068 4755 3212 4801 τινος
3246 4738 3406 4792 ἄλλου
3466 4740 3738 4809 παρόντος

2158 4832 2190 4902 ἢ
2215 4830 2602 4901 αἰχμαλώτων,
2629 4830 2678 4882 οἳ
2711 4831 2836 4900 περὶ
2869 4830 3045 4882 ταῦτα
3077 4830 3324 4883 ἐπόνουν·
3358 4831 3456 4884 καὶ
3481 4829 3626 4898 μετὰ
3644 4829 3740 4899 τὴν

2158 4922 2502 4994 κατάκρυψιν
2573 4923 2700 4985 τοὺς
2747 4920 3128 4991 αἰχμαλώτους
3187 4921 3482 4986 ὲκτξννυεν,
3529 4923 3618 4974 ἵνα
3670 4922 3742 4992 μὴ

2165 5017 2374 5084 ἔκφορα
2401 5016 2471 5068 τὰ
2509 5016 2640 5084 παρ’
2673 5015 2853 5067 αὐτῶν
2887 5013 3152 5081 γεγονότα
3187 5015 3513 5082 ποιήσωσιν.
3558 5008 3652 5076 Εἷς
3684 5014 3740 5065 δέ

2165 5123 2250 5171 τις
2284 5111 2498 5179 ἑταῖρος
2529 5107 2624 5161 τοῦ
2678 5107 3005 5170 Δεκεϐἀλου,
3038 5105 3294 5169 συνειδὼς
3328 5107 3398 5160 τά
3439 5123 3500 5159 τε
3539 5107 3743 5176 θησαυ-

2174 5201 2424 5269 ρισμένα,
2457 5199 2734 5264 ὑπέδειξεν
2766 5199 2930 5253 αὐτά.
2973 5198 3082 5249 Τὸν
3102 5198 3160 5250 δὲ
3195 5199 3468 5252 Λικίννιον
3495 5198 3743 5267 Σούρῤαν

2168 5291 2427 5343 πλούσιον
2457 5289 2625 5359 ἄνδρα
2662 5288 2853 5356 φιλῶν,
2886 5287 2980 5340 καὶ
3013 5288 3107 5340 ὑπ’
3146 5288 3355 5341 ἐκείνου
3390 5287 3740 5356 φιλούμενος,

2167 5385 2196 5435 δ
2219 5384 2531 5438 αϐαλόντων
2560 5383 2723 5436 τινῶν
2750 5383 2838 5437 τὸν
2867 5383 3156 5453 ἄνθρωπον
3216 5382 3291 5446 ὡς
3318 5381 3740 5435 ἐπιϐουλεύοντα

1647 5539 1842 5600 Variae
1867 5539 2170 5601 lectiones
2215 5549 2274 5601 et
2316 5549 2502 5602 noue.

569 5679 678 5753 (19)
721 5675 1023 5753 Ῥωμαίων·
1049 5683 1320 5750 ὑπήκοος
1352 5684 1578 5753 γέγονε.
1627 5685 1784 5739 Addit
1837 5683 2068 5738 Lactan-

501 5749 630 5813 tius,
657 5749 713 5802 in
746 5750 843 5805 lib.
871 5752 948 5804 De
973 5749 1225 5808 mortibus
1246 5749 1660 5822 persecutorum,
1689 5773 1738 5808 n.
1764 5757 1850 5811 23.
1875 5755 2063 5821 Traia-

2175 5702 2302 5768 nam
2334 5687 2485 5740 Dacis
2510 5686 2717 5766 assidite
2744 5682 3110 5738 rebellantibus
3139 5695 3348 5734 censum
3368 5697 3534 5752 prmia:
3566 5683 3736 5752 gratia

2173 5758 2412 5811 rictorem
2448 5758 2769 5811 imposuisse.
