4018 6250
455 262 596 324 1015

1724 262 2050 323 JOANNIS
2090 260 2409 320 ΖΟΝΑΒᾹΞ

3550 254 3682 317 1016

446 379 627 425 ctator
653 369 814 443 θοι
852 380 909 427 et
939 387 1137 443 pratco.
1164 373 1241 429 De
1264 372 1658 445 Hierosolymis
1685 387 1848 444 supra
1892 389 2010 428 nar-

2124 372 2217 426 καὶ
2245 372 2457 441 ἡμέρας
2476 371 2965 441 τεσσαρεσκαίδεκα
3001 371 3452 441 μοναρχήσαντα,
3492 368 3682 439 βεϐιω-

444 462 728 529 ravimus,
795 463 944 519 illam
1012 465 1310 521 Ecelesiam
1382 474 1505 532 post
1572 466 1930 521 circumeisos
1982 481 2011 518 a

441 549 622 606 Marco
644 567 766 609 esse
788 554 1171 624 gubernatam,
1203 555 1343 610 urbe
1376 557 1445 610 ab
1501 556 1742 611 Adriano
1795 556 2012 610 instan-

438 650 578 705 rata,
610 651 666 696 et
695 659 724 697 a
755 644 1057 710 gentilibus
1088 644 1362 699 habitata.
1401 643 1462 698 Ei
1496 645 1765 700 successit
1792 642 2010 699 Cassia-

438 746 563 797 nus,
597 733 726 787 huic
752 732 998 797 Publius,
1030 733 1224 788 Publio
1248 733 1525 796 Julianus,
1553 732 1773 789 Juliano
1822 732 2008 797 Caius,

436 821 570 876 Caio
612 822 970 894 Symmachus
997 863 1012 887 ,
1066 821 1393 894 Symmacho
1441 825 1580 879 alter
1616 821 1819 890 Caius,
1876 822 2011 878 Caio

437 916 578 969 alter
604 915 853 969 Julianus
876 958 889 979 ,
918 915 1139 970 Juliano
1181 915 1374 985 Capito
1402 956 1416 976 ,
1473 914 1725 986 Capitoni
1776 916 1974 972 Valens
1994 959 2009 981 ,

379 1042 385 1047 ι
437 1006 647 1060 Valenti
674 1007 1028 1063 Dolichianus
1065 1027 1077 1063 :
1116 1020 1239 1079 post
1264 1026 1402 1080 quos
1433 1024 1623 1066 omnes
1663 1010 1953 1065 Narcissus
1993 1053 2007 1070 .

436 1094 749 1151 tricesimus
772 1097 840 1151 ab
871 1098 1135 1167 apostolis
1162 1098 1668 1171 Hierosolymorum
1714 1101 2011 1171 episcopus

434 1189 561 1246 fuit.
591 1190 816 1245 Decimo
856 1207 1000 1246 anno
1050 1191 1269 1262 imperii
1319 1191 1608 1248 Commodi
1661 1192 1962 1248 Eleuthero
1992 1232 2007 1257 ,

436 1277 667 1331 Romani
693 1279 1042 1349 episcopatus
1065 1295 1211 1334 anno
1243 1281 1459 1337 decimo
1491 1282 1676 1347 tertio,
1722 1282 2007 1343 defuncto,

432 1366 619 1421 Victor
648 1370 814 1424 coetui
876 1368 1119 1426 ﬁdelium
1162 1371 1401 1442 praefuit.
1437 1373 1655 1429 Juliano
1694 1384 1817 1442 post
1861 1373 2010 1429 deci-

434 1473 581 1512 mum
612 1475 815 1515 annum
846 1462 1199 1533 episcopatus
1248 1464 1603 1520 Alexandrini
1649 1474 1902 1525 mortuo,
1955 1464 2007 1519 id

431 1565 633 1604 munus
662 1551 939 1608 Demetrio
987 1562 1074 1609 est
1120 1557 1497 1613 commissum.
1533 1555 1594 1611 In
1663 1556 2007 1611 Antiochena

431 1640 673 1697 Ecclesia
698 1641 926 1716 Serapio
959 1642 1084 1715 post
1141 1645 1496 1701 Maximinum
1557 1646 2005 1701 Christianorum

2114 463 2249 517 κότα
2272 463 2328 516 δὲ
2357 464 2652 534 τριάκοντα
2678 464 2959 527 ἐνιαυτοὺς
2992 464 3078 532 ἐφ’
3116 464 3217 524 ἐνὶ,
3245 464 3339 516 καὶ
3370 465 3547 532 μῆνας
3568 462 3683 517 τέσ-

2114 571 2308 626 σαρας,
2334 556 2413 617 είς
2443 554 2502 607 δν
2528 556 2561 626 ἠ
2592 556 2742 609 οἰκία
2766 553 2873 609 τῶν
2908 556 2984 619 ὡς
3032 555 3250 625 ἀληθῶς
3275 554 3563 625 Δύρηλίων
3590 554 3685 621 τῆς

2111 644 2416 715 αὑταρχίας
2454 647 2705 717 Κομόδου
2737 646 3028 711 Ἰουλιανὸς
3053 648 3153 718 τὴν
3181 648 3487 718 ἐπισκοπὴν
3514 646 3689 711 Ἀλεξ-

2113 738 2366 808 ανδρείας
2393 738 2760 808 ἐνεχειρίσθη,
2796 739 3159 813 Ἀγριππίνου
3187 740 3283 794 ἐπὶ
3331 740 3539 793 δώδεκα
3596 738 3688 808 ἐτη

2112 829 2317 900 ταύτην
2354 832 2836 903 οἱκονομήσαντος,
2861 833 2956 886 καὶ
2987 833 3356 902 μεταστάντος
3388 833 3498 884 τῶν
3542 832 3690 901 τῇδε.

2113 921 2247 975 Τότε
2262 924 2356 976 καὶ
2380 924 2609 996 Κλήμης
2631 927 2659 978 ὁ
2681 927 3039 997 Στρωματεὺς
3062 926 3407 996 ὲγνωρίζετο,
3432 927 3527 979 καὶ
3552 926 3694 977 [latv-

2112 1017 2293 1078 ταίνος
2317 1018 2345 1068 ὁ
2369 1016 2658 1085 φιλόσοφος
2691 1020 3031 1089 σπουδαστής
3053 1037 3110 1072 τε
3134 1021 3229 1071 καὶ
3249 1019 3423 1087 κῆρυξ
3450 1015 3545 1069 τοῦ
3569 1015 3690 1068 καθ’

2113 1107 2259 1176 ἡμᾶς
2280 1108 2600 1177 μυστηρίου.
2622 1108 2910 1179 ’Δνωτέρω
2939 1111 2996 1163 δὲ
3023 1110 3121 1179 τῆς
3145 1108 3537 1178 Ἰεροσολύμων
3567 1105 3694 1156 Ἐκ-

2112 1196 2380 1266 κλησίαςδ
2405 1199 2828 1270 λόγοςίστὸρησε
2868 1200 3088 1270 Μάρκον
3124 1199 3265 1269 μετὰ
3292 1200 3420 1261 τοὺς
3453 1199 3517 1248 ἐκ
3546 1210 3696 1264 περι·

2111 1288 2283 1358 τομῆς
2299 1289 2717 1360 καθηγήσασθαι
2744 1295 2843 1362 τῆς
2861 1292 3065 1351 adiam;
3087 1292 3237 1361 παρά
3256 1289 3350 1342 τοῦ
3371 1287 3698 1355 αὐτοκράτορ

2115 1396 2205 1450 ρος
2232 1380 2746 1450 ἀνοικοδομηθείσης
2768 1380 3051 1453 Ἀδριανοῦ
3087 1378 3523 1443 συνοικισθείσης
3549 1393 3607 1427 τε
3638 1374 3695 1441 ἐξ

2111 1470 2300 1525 ἐθνῶν.
2314 1473 2410 1525 Ὃν
2425 1474 2735 1535 Κασσιανδς
2749 1474 2778 1526 δ
2786 1473 3042 1540 eseam.
3063 1474 3160 1526 καὶ
3191 1471 3383 1525 τοῦτον
3402 1468 3510 1522 [ἰού
3520 1468 3695 1528 πλιος,

2112 1560 2207 1612 καὶ
2232 1560 2504 1613 Πούπλιον
2526 1560 2840 1624 ’ῐουλιανδς,
2859 1562 3115 1613 κάκεῖνον
3182 1559 3368 1621 Γαῖος,
3410 1557 3507 1609 καὶ
3535 1555 3697 1608 Γαῖον

2112 1650 2430 1721 Σύμμαχος.
2471 1651 2531 1705 Ὀ
2565 1651 2609 1704 δ’
2671 1651 2760 1720 ἐφ’
2817 1652 2992 1722 ἑτέρῳ
3052 1652 3198 1719 ratth
3247 1647 3549 1719 μετήλλαξε
3599 1646 3697 1712 τξν

429 1740 619 1801 pastor
650 1733 784 1800 fuit,
816 1746 1043 1793 octavus
1095 1738 1165 1794 ab
1219 1739 1484 1809 apostolis
1531 1738 1798 1809 pontifex.
1853 1739 2008 1794 Tunc

2116 1743 2280 1812 ζωήν.
2313 1742 2429 1796 Εἶθ’
2454 1743 2643 1813 ἕτερος
2672 1743 2962 1807 Ἰουλιανὸς
3031 1742 3127 1815 τὴν
3183 1741 3492 1808 ἐπισκοπὴν
3531 1738 3700 1791 διεξέ-

429 1823 752 1893 Apollonius
817 1827 1186 1899 Philosophus
1228 1831 1428 1902 inclyta
1487 1830 1754 1886 doctrinae
1817 1829 2003 1895 fama,

2116 1836 2261 1901 ξατο,
2287 1837 2381 1890 καὶ
2410 1836 2602 1890 τούτου
2632 1836 2876 1906 διάδοχος
2909 1836 3169 1889 Καπίτων
3199 1832 3537 1900 ὲγένετο,καὶ
3560 1829 3701 1882 Οὐά-

430 1928 654 1974 senatus
681 1921 910 1976 Romani
944 1923 1164 1978 decreto
1188 1923 1603 1989 condemnatus,
1636 1939 1736 1994 per
1802 1933 2007 1994 marty-

2116 1924 2210 1996 λης
2241 1927 2585 1992 Καπίτωνος,
2616 1928 2912 1991 Οὐάλεντος
2942 1927 2999 1981 δὲ
3021 1927 3116 1980 καὶ
3135 1923 3464 1995 Δολιχιανδς,
3490 1922 3587 1974 καὶ
3612 1922 3703 1972 ἐπὶ

431 2007 573 2063 rium
603 2009 658 2064 in
693 2021 898 2068 mterna
937 2015 1288 2071 tabernacula
1334 2014 1607 2086 migravit.

2116 2020 2247 2072 πᾶσι
2280 2020 2594 2090 Νάρκισσος
2644 2020 2969 2091 τριακοστὸς
3017 2019 3313 2089 ἐπίσκοπος
3367 2016 3474 2071 τῶν
3535 2011 3703 2082 Ἰερο-

428 2097 684 2189 σολύμων
706 2103 811 2156 ἀπὸ
837 2102 945 2157 τῶν
967 2105 1285 2160 ἀποστόλων
1311 2105 1548 2174 ἐγένετο.
1584 2104 1804 2175 Δεκάτῳ
1860 2105 1906 2158 δ’
1970 2106 2079 2162 ἔτει
2119 2110 2215 2181 τῆς
2239 2111 2485 2180 Κομὸδου
2532 2113 2705 2183 ἀρχῆς
2761 2111 3081 2182 Ἐλεύθερος
3139 2112 3167 2164 ὁ
3229 2109 3337 2163 τῶν
3413 2105 3702 2176 Ῥωμαίων

469 2191 777 2262 Εκκλησίας
815 2198 1198 2268 ὲπισκοπήσας
1228 2198 1318 2249 ἔπ’
1354 2196 1449 2268 ἐτη
1500 2196 1857 2267 τρισκαίδεκα
1904 2198 2014 2251 τῶν
2051 2201 2176 2271 τῇδε
2240 2203 2499 2274 μετέστη,
2532 2204 2629 2256 καὶ
2697 2203 2912 2273 Βίκτωρ
2930 2204 3040 2257 τῶν
3064 2206 3182 2258 ἐκεῖ
3204 2198 3443 2276 προέστη
3472 2195 3703 2250 πιστῶν.

431 2282 543 2334 Καὶ
567 2282 862 2339 Ἰουλιανοῦ
896 2288 986 2340 ἐπὶ
1014 2288 1245 2341 δέκατον
1301 2288 1420 2349 ἔτος
1465 2287 1565 2357 τὴν
1608 2287 2011 2358 Ἀλεξανδρέων
2053 2290 2385 2361 Ἐκκλησίαν
2445 2294 2743 2360 ίθύναντος,
2797 2297 2891 2350 καὶ
2911 2293 3161 2368 τὸχρεὼν
3179 2294 3697 2369 λειτουργήταντος.

429 2374 743 2445 Δημήτριος
772 2376 834 2429 τὸ
859 2377 1166 2447 ἐπισκοπῆς
1221 2376 1559 2447 ἐνεχειρίσθη
1611 2375 2009 2447 λειτούργημα.
2052 2379 2140 2432 Ἐν
2209 2381 2264 2434 δὲ
2333 2387 2399 2454 τῇ
2452 2385 2775 2454 Ἀντιοχέων
2837 2384 3138 2455 Ἐκκλησίᾳ
3196 2381 3336 2453 μετά
3397 2381 3704 2450 Μαξιμῖνον

430 2465 723 2533 Σαραπίων
760 2466 1089 2520 ὲπεσκόπτει
1124 2469 1253 2529 τοὺς
1293 2468 1726 2537 χριστωνύμουτ,
1783 2469 1966 2537 ὃγδοος
1996 2470 2287 2543 ἀρχιερεὺς
2356 2476 2465 2528 ἀπὸ
2520 2477 2627 2530 τῶν
2670 2478 2983 2532 ἀποστόλων
3039 2477 3353 2546 γενόμενος.
3414 2473 3551 2525 Τότε
3610 2469 3703 2524 καὶ

443 2554 836 2627 Ἀπωλλὼνιος,
874 2562 1016 2633 ἀνὴρ
1070 2561 1163 2615 ἐπὶ
1195 2563 1412 2634 παιδείᾳ
1454 2564 1546 2615 καὶ
1583 2562 1871 2636 φιλοσοφίᾳ
1926 2565 2274 2638 βεεοημένος,
2347 2575 2669 2643 μαρτυρικῦ
2759 2574 2903 2628 τέλει
2964 2576 3022 2627 ὲν
3084 2571 3272 2643 Ῥώμη
3321 2570 3555 2640 δόγματι
3606 2568 3703 2638 τῆς

431 2660 737 2731 συγκλήτου
766 2658 902 2729 πρὸς
932 2659 1031 2722 τὰς
1056 2658 1310 2723 αἰωνίους
1339 2662 1575 2731 μετέστη
1608 2661 1834 2731 σκηνάς.

503 2753 589 2809 τι.
623 2753 979 2820 Commodus,
1012 2753 1244 2823 imperio
1299 2753 1365 2808 ad
1411 2753 1561 2808 hunc
1612 2755 1835 2809 modum
1882 2770 2010 2824 per-

430 2849 569 2913 dito,
604 2856 664 2903 ut
692 2846 1001 2918 expositum
1035 2854 1141 2908 est,
1171 2845 1289 2916 ipse
1320 2860 1540 2916 quoque
1570 2846 1754 2916 periit.
1786 2846 2007 2902 Electus

429 2955 563 2996 vero
589 2948 647 2995 et
677 2939 857 2994 Laetus
890 2938 956 2993 ad
984 2937 1326 2992 Pertinacem
1348 2977 1363 3002 ,
1412 2939 1484 2991 ob
1514 2939 1774 2992 virtutem
1830 2946 1886 2992 et
1916 2937 2004 2992 di-

430 3031 690 3101 gnitatem
718 3030 843 3091 viri,
867 3030 1237 3100 principatum
1270 3029 1630 3084 detulerunt:
1663 3031 1782 3101 qui,
1812 3030 2005 3100 explo-

431 3131 547 3176 rata
585 3120 869 3177 Commodi
897 3131 1095 3185 morte,
1128 3131 1385 3191 suscepto
1424 3123 1654 3193 imperio
1714 3125 1768 3176 in
1827 3132 2009 3178 castra

430 3213 578 3267 venit
612 3253 627 3276 ,
683 3213 1033 3281 militumque
1094 3211 1280 3267 favore
1321 3221 1377 3267 et
1424 3212 1554 3268 lacti
1612 3213 1903 3282 praesentia
1956 3223 2013 3268 et

432 3302 648 3371 magnis
715 3302 1207 3372 pollicitationibus
1258 3302 1553 3357 conciliato
1584 3343 1600 3369 ,
1653 3306 1861 3359 curiam
1926 3306 2013 3360 in-

434 3408 676 3463 gressus,
708 3408 764 3448 se
797 3411 831 3448 α
886 3393 1180 3464 legionibus
1232 3395 1566 3464 appellatum
1619 3412 1727 3449 esse
1780 3397 2011 3466 impera-

436 3493 634 3553 torem,
677 3488 768 3539 sed
820 3496 1038 3553 propter
1092 3495 1305 3541 a’tatem
1370 3499 1414 3540 et
1479 3489 1895 3542 imbecillitatem
1961 3499 2012 3542 et

435 3596 613 3634 rerum
642 3578 998 3650 difficultatem
1023 3581 1205 3634 cedere
1228 3582 1479 3651 imperio,
1512 3581 1668 3635 dixit.
1700 3580 1835 3636 Cum
1880 3597 2013 3637 vero

437 3689 471 3733 a
502 3680 692 3727 senatu
734 3687 954 3743 quoque
1006 3672 1324 3728 laudaretur
1372 3684 1427 3728 et
1495 3676 1827 3742 probaretur
1853 3715 1869 3739 ,
1907 3676 2013 3729 im-

438 3775 662 3834 perator
722 3765 1034 3821 declaratus
1081 3774 1210 3820 est:
1265 3765 1602 3821 Commodus
1647 3782 1780 3821 vero
1841 3765 2016 3821 hostis

435 3856 738 3927 judicatus,
770 3866 827 3913 et
860 3873 889 3911 a
925 3868 1117 3913 senatu
1150 3858 1459 3928 populoque
1500 3858 1853 3913 contumeliis
1881 3857 2015 3912 alle-

439 3958 690 4009 Ctusest.
724 3949 799 4004 Ac
833 3951 1068 4005 revulsis
1090 3950 1210 4018 ejus
1241 3949 1437 4005 statuis
1462 3992 1477 4014 ,
1512 3951 1565 4004 in
1619 3949 1803 4003 animo
1835 3949 2015 4005 habe-

438 4043 833 4100 banteadaver
861 4042 1027 4097 etiam
1074 4060 1172 4112 per
1217 4044 1370 4098 vicos
1418 4051 1636 4113 raptare
1686 4061 1699 4098 :
1738 4041 1834 4098 sed
1886 4058 2011 4098 cum

438 4136 497 4193 id
550 4136 810 4193 Pertinax
867 4136 979 4206 jam
1034 4135 1308 4205 sepultum
1367 4150 1490 4189 esse
1538 4133 1798 4199 dixisset,
1846 4149 1910 4188 ea
1958 4149 2015 4188 re

438 4229 663 4295 omissa,
699 4228 1063 4283 Commodum
1113 4227 1380 4282 nefarium
1414 4267 1429 4292 ,
1485 4236 1780 4299 tyrannum
1803 4268 1819 4292 ,
1860 4227 2013 4280 auri-

436 4338 558 4393 gam
587 4360 605 4385 ,
657 4322 1053 4393 gladiatorem,
1092 4327 1149 4376 et
1209 4320 1461 4389 pluribus
1508 4319 1630 4375 aliis
1697 4317 2015 4373 nominibus

2194 2758 2284 2827 ς’.
2329 2758 2386 2812 Ὀ
2420 2758 2519 2829 μὲν
2543 2759 2634 2813 οὖν
2654 2759 2898 2829 Κὸμοδος
2928 2757 2997 2813 τὰ
3022 2758 3122 2827 τῆς
3149 2758 3325 2828 ἀρχῆς
3353 2751 3698 2823 διαφθείρας.

2116 2852 2192 2915 ὡς
2258 2851 2494 2921 εἴρηται,
2545 2853 2769 2905 κάκεῖνο
2825 2850 3138 2920 διέφθαρτο.
3206 2849 3270 2901 Οἱ
3320 2848 3378 2900 δὲ
3428 2846 3560 2914 περὶ
3610 2847 3697 2898 ’ὢν

2120 2944 2417 2997 ’Έκλεκτον
2448 2944 2543 2997 καὶ
2575 2944 2666 2996 τδν
2697 2945 2895 2996 Λαῖτον
2961 2942 3051 2995 τόν
3108 2940 3427 3010 Περτίνακα
3464 2940 3546 3000 είς
3598 2936 3696 3006 τὴν

2114 3036 2420 3107 αὐταρχίαν
2448 3034 2535 3088 διὰ
2562 3034 2662 3105 τὴν
2683 3035 2884 3106 ἀρετὴν
2923 3035 3017 3088 καὶ
3058 3034 3118 3086 τὸ
3148 3031 3367 3101 ἀξίωμα
3398 3028 3566 3083 αὐτοῦ
3598 3032 3696 3081 ἑπ-

2068 3113 2078 3130 ⁴
2120 3130 2391 3194 ελέξαντο.
2412 3128 2470 3182 Ὀ
2487 3129 2565 3194 δὲ,
2592 3129 2675 3182 ὅτι
2697 3127 2925 3198 τέθνηκε
2949 3126 3197 3195 Κὸμοδος
3226 3122 3695 3194 ἀκριίωσάμενος,

2117 3215 2341 3280 ἐδέξατο
2376 3216 2474 3285 τὴν
2509 3216 2708 3288 ἀρχὴν,
2764 3217 2856 3268 καὶ
2896 3215 3145 3285 εἰσῆλθεν
3184 3216 3264 3276 εἰς
3302 3213 3361 3266 τδ
3397 3212 3701 3281 στρατόπε-

2115 3307 2227 3371 δον,
2257 3308 2351 3358 καὶ
2383 3310 2448 3376 τῇ
2477 3323 2535 3359 τε
2569 3305 2841 3377 παρουσίᾳ
2863 3307 2956 3359 τοῦ
2988 3306 3187 3359 Λαίτου
3221 3304 3318 3358 καὶ
3344 3303 3539 3373 ἁδραῖς
3570 3302 3700 3354 ὑπο-

2121 3399 2338 3468 σχέσεσι
2366 3399 2491 3473 τοὺς
2523 3396 2863 3467 στρατιώτας
2918 3401 3381 3469 προσεποιήσατο.
3435 3391 3568 3450 Εἶτα
3620 3397 3698 3456 εἰς

2116 3492 2176 3543 τὸ
2199 3491 2477 3562 συνέδριον
2503 3491 2858 3560 ἀφικόμενος,
2881 3486 3035 3541 εἶπεν
3065 3490 3148 3541 δτι
3184 3488 3549 3556 Ὠνόμασμαι
3579 3484 3697 3539 ὑπὸ

2117 3581 2225 3648 τῆς
2250 3582 2532 3649 στρατιᾶς
2558 3582 2958 3650 αὐτοκράτωρ,
2999 3580 3318 3650 ἐξίσταμαι
3341 3579 3410 3633 δὲ
3447 3577 3559 3646 τῆς
3598 3577 3692 3644 ἁρ-

2118 3674 2235 3743 χῆς
2272 3674 2371 3728 διά
2404 3691 2467 3727 τε
2505 3672 2619 3741 τὴν
2644 3675 2889 3739 ἠλικίαν
2917 3673 3013 3727 καὶ
3049 3673 3410 3741 ἀρρωστίαν,
3447 3670 3546 3724 καί
3584 3668 3697 3735 τὴν

2117 3767 2229 3820 τῶν
2267 3765 2623 3836 πραγμάτων
2653 3764 3037 3835 δυσχέρειαν.
3079 3764 3168 3826 Ὠς
3192 3763 3249 3815 δὲ
3289 3763 3381 3815 καὶ
3415 3761 3568 3831 παρὰ
3599 3761 3696 3830 τῆς

2121 3859 2316 3928 βουλῆς
2347 3859 2442 3910 καὶ
2469 3859 2724 3928 ἐπῃνεῖτο
2759 3857 2853 3909 καὶ
2878 3857 3082 3927 ᾑρεῖτο,
3117 3855 3145 3907 ὁ
3201 3854 3298 3924 μὲν
3336 3852 3694 3920 αὐτοκράτωρ

2119 3947 2437 4016 ἀπεδείχθη,
2470 3948 2496 3998 ὁ
2534 3945 2590 3997 δὲ
2622 3946 2866 4012 Κόμοδος
2900 3943 3178 4015 ἐψηφίσθη
3205 3942 3484 4010 πολέμιο;.
3524 3941 3633 3992 Καὶ
3660 3941 3693 4007 ἠ

2123 4039 2283 4109 βουλὴ
2299 4040 2394 4091 καὶ
2412 4041 2438 4091 ὁ
2456 4038 2624 4108 δῆμος
2652 4039 2733 4100 είς
2760 4037 2966 4089 ἐκεῖνον
2994 4034 3297 4105 ἐξύϐριζον,
3333 4032 3685 4094 καὶτὰςεξκὸ-

2119 4151 2215 4197 νας
2244 4130 2407 4185 αὐτοῦ
2438 4131 2748 4184 κατέσπων.
2787 4129 3015 4181 Ἤθελον
3064 4127 3119 4182 δὲ
3148 4127 3240 4179 καὶ
3266 4129 3324 4179 τδ
3350 4125 3507 4195 σῶμα
3531 4123 3695 4177 αὐτοῦ

2118 4227 2372 4295 διασῦραι
2403 4224 2496 4277 καὶ
2516 4221 2836 4276 διασπάσαι·
2868 4222 3114 4283 εἰπόντος
3138 4218 3195 4273 δὲ
3214 4217 3306 4272 τοῦ
3340 4217 3692 4288 Περτίνακος,

2121 4320 2222 4390 ἤδη
2283 4320 2350 4388 τῇ
2400 4318 2468 4386 γῇ
2524 4314 2835 4385 κεκρύφθαι
2885 4314 3035 4376 αὐτὸ,
3092 4311 3185 4365 τοῦ
3241 4312 3339 4379 μὲν
3372 4309 3694 4379 ἀπέσχοντο,

437 4411 804 4480 appellarunt.
837 4411 1099 4465 Pertiuax
1137 4409 1267 4464 Afer
1291 4426 1356 4465 ex
1386 4409 1523 4464 Alba
1557 4409 1816 4480 Pompeia
1844 4451 1858 4472 ,
1916 4424 2008 4475 pa-

2119 4410 2398 4479 ἀλιτήριον
2447 4408 2504 4462 δὲ
2558 4408 2655 4461 καὶ
2713 4407 2979 4477 τύραννον
3026 4405 3339 4458 ἀπεκάλουν
3377 4403 3565 4465 αὐτὸν,
3605 4402 3695 4453 καὶ

439 4512 523 4556 tre
550 4500 691 4557 haud
760 4500 930 4556 nobili
960 4540 976 4563 ,
1028 4510 1229 4565 natus,
1286 4503 1541 4558 tribunus
1582 4503 1827 4571 equitum
1872 4501 2011 4564 fuit,

438 4594 597 4647 aditu
622 4591 821 4658 facilis,
850 4592 997 4647 haud
1038 4594 1301 4664 gravatim
1332 4593 1609 4656 audiebat,
1684 4605 1741 4648 et
1785 4609 1981 4662 respon

437 4684 604 4739 debat
645 4700 766 4754 qua:
818 4684 1167 4740 videbantur.
1215 4685 1431 4740 Potitus
1490 4685 1761 4755 imperio.
1818 4696 2015 4754 praeter

437 4777 577 4833 alios
606 4775 794 4831 titulos
847 4776 1009 4831 etiam
1064 4779 1322 4847 princeps
1365 4787 1593 4833 senatus
1638 4777 1808 4832 veteri
1860 4793 2012 4833 more

440 4870 620 4939 aliqua
647 4879 752 4925 est.
786 4869 962 4929 Prava
988 4870 1261 4935 instituta,
1289 4886 1386 4926 sua
1417 4886 1551 4926 cura
1584 4881 1640 4925 et
1664 4871 2010 4941 providentia

438 4963 603 5038 603
659 4963 940 5026 correxit,
999 4972 1164 5033 atque
1215 4963 1271 5019 in
1327 4964 1526 5020 melius
1572 4965 1859 5020 mutavit:
1916 4982 2014 5036 per

440 5056 698 5126 injuriam
752 5072 923 5112 caesos
978 5058 1277 5128 ignominia
1335 5057 1560 5112 exemit.
1620 5057 1755 5112 Cum
1828 5069 2012 5112 autem

439 5147 689 5219 pecunia:
719 5159 865 5205 tanta
898 5149 1083 5220 inopia
1115 5149 1169 5204 in
1206 5149 1407 5219 palatio
1437 5158 1584 5205 esset
1612 5188 1625 5213 ,
1670 5158 1729 5204 ut
1778 5149 1830 5204 in
1883 5150 2015 5204 ﬁsco

441 5259 552 5299 non
591 5245 829 5314 amplius
860 5260 957 5301 CCL
983 5245 1151 5299 millia
1173 5243 1559 5297 drachmarum
1592 5243 2012 5297 invenirentur:

440 5350 683 5404 aegre-ex
705 5337 920 5401 statuis,
951 5337 1143 5401 armis,
1192 5334 1496 5390 domestico
1542 5335 1908 5389 instrumento
1961 5345 2016 5388 et

442 5423 655 5477 deliciis
683 5425 966 5481 Commodi
997 5435 1208 5481 tantum
1239 5426 1441 5493 coegit,
1477 5435 1537 5478 ut
1570 5424 1726 5477 militi
1775 5425 2017 5479 solveret

441 5530 563 5582 qua:
616 5516 981 5583 promiserat,
1034 5526 1091 5571 et
1144 5518 1346 5585 ponulo
1406 5525 1671 5570 centenas
1725 5515 2017 5571 drachmas

441 5604 820 5667 distribueret.
871 5608 947 5662 Ea
995 5608 1141 5662 enim
1195 5608 1377 5662 omnia
1430 5607 1632 5677 quibus
1666 5608 2018 5675 Commodus

442 5699 507 5749 ad
534 5697 782 5763 delicias,
817 5700 1247 5769 compositiones
1302 5699 1662 5769 gladiatorum
1690 5743 1703 5767 ,
1754 5711 1810 5755 et
1869 5703 2015 5759 auri-

2122 4502 2537 4573 ἁρματηλάτην,
2586 4502 2681 4554 καὶ
2734 4496 3062 4568 μονομάχον,
3129 4496 3223 4547 καὶ
3284 4493 3455 4545 πλείω
3510 4492 3691 4561 ἕτερα.

2121 4599 2158 4651 Λ
2174 4597 2318 4660 ίϐους
2343 4595 2385 4647 δ’
2410 4590 2476 4664 ἦν
2499 4597 2526 4648 ὁ
2548 4589 2813 4660 Περτίναξ
2843 4588 2901 4653 ἐξ
2924 4586 3125 4657 ’Ἄλϐης
3154 4586 3460 4656 Πομπετας,
3493 4584 3695 4651 πατρὸς

2119 4694 2219 4744 οὐκ
2266 4688 2542 4755 εὐγενοῦς,
2599 4689 2656 4739 ὲν
2701 4687 2813 4747 τοῖς
2862 4682 3084 4737 ἱππεῦσι
3156 4681 3536 4752 χιλιαρχήσας,
3589 4674 3691 4730 Ἦν

2120 4783 2163 4836 δ’
2213 4783 2644 4852 εὐπροσήγορος,
2688 4777 2854 4849 ἠκουέ
2921 4792 2979 4830 τε
3035 4774 3270 4842 ἑτοίμως
3328 4772 3422 4826 καὶ
3458 4770 3694 4843 ἀπεκρί-

2121 4892 2248 4929 νατο
2276 4875 2376 4927 ὅσα
2409 4874 2456 4925 οἱ
2493 4871 2690 4924 ἐδόκει.
2727 4868 2885 4924 Οὕτω
2920 4868 3019 4937 μὲν
3043 4869 3072 4919 δ
3102 4866 3371 4934 Περτίναξ
3392 4866 3493 4933 τῆς
3521 4864 3691 4934 ἀρχῆς

2120 4969 2435 5023 ἐπελάϐετο.
2494 4967 2605 5019 Καὶ
2654 4963 2790 5034 πρὸς
2853 4965 2969 5024 ταῖς
3013 4960 3202 5023 ἄλλαις
3239 4960 3563 5028 ἐπικλήσεσι
3603 4955 3692 5008 καὶ

2122 5060 2412 5131 πρόκριτος
2447 5059 2545 5126 τῆς
2600 5056 2891 5127 γερουσίας
2921 5056 3062 5108 κατὰ
3101 5053 3161 5106 τὸ
3209 5053 3436 5122 ἀρχαῖον
3486 5052 3693 5102 ἐπωνο-

2125 5150 2329 5221 μάσθη.
2357 5150 2497 5202 Ὅσα
2521 5147 2651 5215 γοῦν
2679 5146 2912 5199 διέκειτο
2940 5143 3281 5214 πλημμελῶς
3317 5140 3454 5209 πρὸς
3495 5138 3556 5191 τὸ
3598 5138 3695 5191 κό-

2124 5257 2261 5309 σμον
2293 5238 2693 5310 μετεσκεύαστο
2725 5234 3008 5305 οἰκονομίᾳ
3034 5238 3128 5287 καὶ
3152 5230 3380 5301 προνοίᾳ
3407 5229 3503 5281 τοῦ
3529 5228 3689 5281 αὐτο·

2122 5333 2405 5402 κράτορος,
2438 5333 2529 5384 κοιλ⁵
2564 5330 2598 5400 η
2633 5329 2830 5398 ἀτιμία
2889 5326 2999 5379 τῶν
3033 5326 3232 5384 ἀδίκως
3274 5320 3692 5389 πεφονευμένων

2121 5424 2284 5495 ἐλύθη
2318 5422 2446 5493 παρ’
2497 5421 2689 5476 αὐτοῦ.
2733 5420 2983 5490 Τοσαύτη
3047 5418 3103 5471 δὲ
3165 5416 3467 5486 χρημάιων
3522 5412 3692 5464 ἔνδεια

2125 5517 2265 5570 κατὰ
2295 5515 2353 5567 τὸ
2379 5514 2651 5585 βασίλειον
2680 5509 2768 5585 ἦν,
2800 5512 2872 5576 ὡς
2899 5513 3059 5563 πέντε
3096 5512 3187 5562 καὶ
3221 5509 3394 5559 είκοσι
3427 5503 3690 5575 μυριάδας

2122 5607 2383 5677 δραχμῶν
2420 5607 2709 5677 εὑρεθῆναι
2740 5605 2928 5674 μόνας.
2965 5601 3133 5663 Μόλις
3163 5600 3206 5651 δ’
3232 5600 3324 5652 οὖν
3368 5603 3394 5653 ὁ
3427 5592 3687 5668 Περτῖναξ

2125 5701 2183 5765 ἐξ
2204 5699 2680 5770 ἀνδριάντιι›ν,κσι“ι
2708 5696 2909 5761 ὃπλων,
2972 5693 3066 5746 καὶ
3110 5691 3370 5755 ἐπίπλων,
3429 5690 3519 5743 καὶ
3580 5686 3679 5739 τῶν
