4034 6244
312 317 447 384 1021

1543 325 1953 390 ANNALIUM
1998 329 2145 389 LIB.
2187 326 2333 395 XII.

3436 326 3576 388 toea

315 438 413 502 ζεν
449 437 886 509 ἐπικεκλημένον
917 438 1021 494 ύπδ
1048 441 1141 496 τοῦ
1169 439 1366 513 δήμου,
1402 443 1476 507 ὡς
1507 442 1726 515 εἴρηται
1751 443 1888 514 πρὸς

2012 443 2260 499 elusisset
2300 460 2316 498 :
2356 457 2416 498 se
2463 440 2795 498 incolumem
2845 455 3143 499 evasurum
3198 440 3480 507 credebat,
3531 444 3577 497 si

309 528 407 583 τὸν
442 530 692 583 Ἀλϐῖνον
739 531 1032 599 ἀπένευσε,
1083 533 1182 590 καὶ
1224 536 1293 587 δι’
1354 537 1694 608 ἀπορρήτων
1745 536 1894 603 αὐτῷ
1946 532 1949 536 ⁴

310 614 523 685 ἔγραψε
550 617 812 689 Καίσαρα
843 621 1091 689 ποιήσειν
1128 624 1312 678 αὐτόν.
1344 625 1452 678 Καὶ
1484 620 1541 689 ὃς
1595 625 1738 678 κατά
1787 625 1897 695 χὼ-

313 720 418 778 ραν
474 708 715 778 ἔμεινεν,
745 710 820 776 ὡς
851 716 1176 786 κοινωνήσει
1207 715 1308 786 τῆς
1352 717 1527 787 ἀρχῆς
1559 716 1637 788 τῷ
1670 718 1894 789 Σευήρῳ

307 796 699 873 τεθαρρηκώς.
736 801 794 856 '0
832 803 888 857 δὲ
920 806 1164 878 Σευῆρος
1192 809 1285 861 ἐπὶ
1331 809 1433 879 τὴν
1479 809 1700 880 Ῥώμην
1732 811 1896 880 ηπεί·

279 902 465 957 ’γετο,
502 893 597 945 καὶ
630 892 658 944 ὁ
696 889 988 960 Ἰουλιανὸς
1043 897 1220 952 ταῦτα
1280 899 1470 969 μαθὼν
1517 902 1779 972 πολέμιόν
1835 918 1894 954 τε

311 980 664 1050 ψηφίσασθαι
697 982 790 1036 τὸν
822 983 1061 1056 Σευῆρον
1097 986 1196 1058 τὴν
1227 986 1425 1060 βουλὴν
1484 988 1894 1058 παρεσκεύασε,

313 1073 412 1126 καί
443 1073 581 1145 πρὸς
614 1075 852 1146 πόλεμον
883 1078 1235 1149 ἡτοιμάζετο,
1269 1080 1446 1134 καὶτὸ
1477 1082 1741 1137 παλάτιον
1771 1100 1898 1152 κιγ-

321 1164 475 1216 κλίσι
529 1166 622 1219 καὶ
683 1166 880 1236 θύραις
930 1169 1181 1241 ἰσχυραῖς
1229 1171 1589 1242 ἐκρατύνατο*
1638 1174 1721 1225 ὅτι
1788 1173 1897 1244 γὰρ

312 1256 534 1324 ἐνόμιζε
569 1258 645 1332 μὴ
676 1260 742 1315 ἄν
772 1277 904 1315 ποτε
935 1263 1133 1334 ῥαδίως
1162 1261 1292 1327 τοὺς
1316 1265 1659 1336 στρατιώτας
1679 1268 1898 1318 κτανεῖν

313 1352 411 1406 τὸν
442 1351 781 1422 ηερτίνακα,
815 1355 932 1422 είγε
991 1354 1057 1425 δὴ
1109 1356 1564 1423 ’συνεκέκλειστο,
1624 1355 1765 1428 ᾤετο
1823 1356 1900 1421 ὡς

313 1444 611 1515 δυνήσεται
646 1445 1069 1511 κατακλεισθεὶς
1094 1448 1152 1501 ὲν
1184 1447 1338 1516 αὐτῷ
1380 1450 1770 1520 περιγενέσθαι
1831 1450 1899 1505 ἂν

318 1535 551 1606 ἡττηθῇ.
581 1537 879 1606 Ἐφόνευσε
910 1538 967 1591 δὲ
1000 1539 1097 1593 καὶ
1125 1539 1217 1593 τὸν
1239 1541 1461 1603 Λαττον,
1519 1544 1614 1594 καὶ
1663 1541 1758 1594 ἐπὶ
1807 1542 1900 1598 τὸν

317 1626 564 1698 Σευῆρον
595 1628 803 1699 καθῆκε
853 1630 1051 1694 συνοὺς
1102 1630 1179 1694 ὡς
1246 1630 1343 1684 τὸν
1402 1632 1573 1703 ἄνδρα
1610 1633 1903 1706 δολοφονή-

321 1733 542 1782 σοντας.
577 1719 732 1772 Ἐπεὶ
755 1719 802 1773 δ’
832 1723 1043 1785 ἐκεῖνος
1069 1722 1148 1787 είς
1170 1723 1271 1793 τὴν
1334 1721 1571 1779 Ἰταλίαν
1624 1724 1898 1793 είσὲὄαλε,

1998 535 2178 589 victus
2207 537 2352 589 intra
2378 534 2617 589 claustra
2649 550 2708 590 se
2735 534 3071 589 contineret.
3115 534 3325 589 Laetum
3357 550 3577 605 quoque

1998 626 2226 692 occidit,
2257 636 2313 682 et
2356 628 2672 697 complures
2724 627 2931 690 emisit,
2989 628 3082 697 qui
3136 627 3399 682 Severum
3449 627 3577 681 dolo

1999 721 2317 777 occiderent
2348 738 2362 774 :
2397 721 2640 795 quicum
2676 720 2731 774 in
2776 720 2982 774 Italiam
3029 721 3352 790 irrupisset,
3381 729 3435 774 et
3467 720 3573 773 R-i-

1997 829 2233 867 vennam
2268 824 2632 884 occupasset,
2665 823 2722 868 et
2753 813 2847 883 qui
2879 822 3076 868 contra
3111 828 3238 868 eum
3285 813 3581 867 mitteban-

2002 916 2093 959 tur
2141 906 2207 961 ad
2245 921 2373 961 eutn
2425 922 2485 961 se
2535 905 2878 971 conferrent,
2928 915 2985 960 et
3019 907 3285 961 satellites
3316 906 3387 959 ob
3433 906 3580 961 illius

2001 999 2298 1053 adventum
2355 999 2747 1069 trepidarent:
2793 1010 3099 1054 convocato
3152 1008 3369 1063 senatu,
3415 997 3580 1052 Seve-

2000 1109 2122 1146 rum
2170 1093 2433 1162 collegam
2491 1092 2710 1158 imperii
2748 1091 2971 1146 decerni
3005 1091 3189 1161 jussit.
3221 1090 3326 1144 Sed
3377 1105 3502 1144 cum
3537 1090 3582 1144 is

2001 1182 2271 1237 militibus
2319 1183 2708 1251 impunitatem
2760 1182 3140 1251 promisisset.
3185 1180 3229 1234 si
3277 1178 3583 1235 Pertinacis

1998 1286 2354 1343 percussores
2367 1272 2653 1335 dederent,
2675 1273 3128 1343 obtemperarunt
3142 1274 3317 1342 iisque
3334 1286 3582 1340 compre—

2002 1365 2192 1420 hensis
2254 1363 2391 1419 Silio
2439 1364 2680 1420 Messala:
2714 1365 2928 1419 consuli
2987 1379 3102 1419 rem
3159 1362 3497 1418 indicarunt.
3535 1361 3584 1416 Is

2001 1471 2134 1511 vero
2161 1466 2353 1511 senatu
2386 1456 2442 1510 in
2478 1456 2651 1511 sedem
2686 1452 2944 1509 Minerva:
2981 1463 3317 1521 convocato,
3345 1470 3467 1524 quae
3514 1454 3583 1509 ab

2003 1543 2351 1600 institutione
2412 1545 2801 1600 adolescentiae
2865 1545 2939 1599 ita
2972 1544 3276 1599 vocabatur
3321 1561 3336 1598 :
3380 1561 3503 1613 qua:
3553 1561 3584 1598 a

2004 1634 2277 1692 militibus
2304 1638 2649 1709 accepisset,
2682 1636 2955 1708 exposuit.
3009 1634 3246 1692 Senatus
3296 1636 3462 1706 igitur
3495 1635 3588 1691 Ju-

2004 1728 2153 1783 liano
2191 1729 2387 1798 capitis
2421 1728 2704 1793 damnato,
2756 1729 3023 1782 Severum
3054 1727 3239 1782 statim
3287 1728 3585 1796 imperatu-

321 1812 419 1866 καὶ
442 1812 539 1881 τὴν
610 1811 905 1868 Ῥάϐενναν
941 1812 1283 1885 ᾠκειώσατο,
1332 1816 1428 1870 καὶ
1453 1817 1503 1870 oi
1555 1819 1901 1889 πεμπόμενοι

2012 1834 2121 1874 rem
2152 1819 2310 1875 dixit.
2350 1818 2605 1876 Julianus
2636 1835 2769 1874 vero
2800 1836 2925 1875 cum
2975 1819 3327 1875 occideretur
3364 1836 3380 1876 :
3428 1817 3584 1884 Quid,

323 1904 711 1975 προσεχώρουν
738 1906 908 1977 αὐτῷ,
939 1907 1034 1960 καὶ
1061 1907 1109 1959 οε
1157 1907 1446 1981 δορυφόροι
1479 1908 1568 1962 διὰ
1619 1909 1717 1980 τὴν
1753 1927 1895 1980 πέρ-

324 1996 516 2049 ουσίαν
543 1997 787 2069 Σευήρου
845 1996 1226 2064 ἐδειλαίνοντο,
1259 1999 1602 2066 συγκαλέσας
1635 2002 1763 2065 τοὺς
1795 2003 1895 2073 τῆς

2009 1913 2208 1983 inquit,
2249 1914 2379 1968 mali
2404 1914 2549 1985 feci?
2583 1922 2675 1967 aut
2708 1930 2860 1984 quem
2890 1913 3098 1968 occidi?
3122 1913 3269 1970 Vixit
3317 1928 3491 1966 annos
3523 1928 3587 1965 ιτ

2006 2022 2223 2061 menses
2257 2024 2309 2062 tv
2337 2016 2393 2062 et
2424 2008 2544 2062 dies
2577 2007 2803 2061 totidem
2842 2024 2855 2059 :
2890 2008 3182 2077 imperavit
3205 2006 3323 2061 dies
3359 2021 3444 2059 ις.

324 2087 545 2159 βουλῆς,
601 2090 857 2144 ἐκέλευσε
911 2090 1170 2145 κοινωνὸν
1231 2091 1383 2162 αύτῷ
1431 2091 1532 2163 τῆς
1577 2094 1757 2166 ἀρχῆς
1809 2098 1902 2150 τὸν
1934 2099 2175 2170 Σευῆρον
2248 2099 2615 2171 ψηφίσασθαι.
2663 2100 2768 2154 Τοῦ
2831 2099 2887 2152 δὲ
2947 2098 3186 2169 Σευήρου
3235 2102 3350 2162 τοῖς
3424 2112 3589 2167 στρα-

318 2179 552 2248 τιώταις,
577 2180 744 2251 μηδὲν
773 2181 945 2234 κακὸν
973 2181 1261 2235 πείσεσθαι
1284 2183 1615 2256 γράψαντος,
1661 2186 1880 2241 ἐκδοῦσι
1915 2192 2039 2255 τοὺς
2066 2194 2292 2260 σφαγεῖς
2313 2193 2406 2245 τοῦ
2442 2192 2773 2263 Περτενακος
2808 2192 3124 2254 πεισθέντες
3150 2208 3164 2222 ·
3222 2191 3464 2250 ἐκείνους
3524 2204 3583 2239 τε

318 2274 629 2335 συνέλαϐον,
660 2278 753 2331 καὶ
778 2276 852 2346 τῷ
883 2276 1042 2348 Σιλεῳ
1066 2278 1330 2349 Μεσσάλα
1365 2278 1689 2333 ὑπατεύοντι
1719 2281 1894 2336 τιῦτα
1922 2286 2219 2354 ὲμήνυτιν.
2241 2285 2298 2339 ’0
2325 2285 2380 2339 δὲ
2417 2287 2516 2357 τῆν
2542 2285 2740 2355 βουλὴν
2773 2283 3032 2352 ἀθροίσας
3064 2287 3143 2345 εἰς
3165 2285 3224 2337 τὸ
3444 2296 3583 2347 αιον,

325 2361 470 2419 οὕτω
487 2366 822 2440 καλούμενον
846 2369 921 2433 ὡς
960 2370 1020 2422 ὲν
1061 2369 1208 2441 αὐτῷ
1256 2369 1364 2423 τῶν
1406 2370 1810 2441 παιδευομένων
1847 2374 2186 2444 ποιουμένων
2212 2375 2309 2446 τὴν
2337 2375 2592 2447 ἄσκησιν,
2635 2376 2701 2429 τα
2732 2376 2881 2444 παρὰ
2915 2374 3021 2426 τῶν
3068 2374 3416 2445 στρατιωτῶν
3450 2374 3588 2444 αὐτῇ

319 2458 809 2514 ικοινώσατο.Καὶ
840 2461 873 2530 ἡ
904 2461 1070 2531 βουλὴ
1133 2459 1226 2513 τοῦ
1274 2460 1375 2531 μὲν
1451 2461 1741 2516 Ἰουλιανοῦ
1795 2464 2211 2536 κατεψηφίσατο
2283 2467 2536 2533 θάνατον,
2611 2469 2703 2521 τὸν
2762 2468 2819 2522 δὲ
2874 2469 3113 2539 Σευῆρον
3159 2469 3380 2520 ἀνεῖπεν
3429 2468 3591 2540 εὐθὺς

320 2550 722 2621 αὐτοκράτορα.
759 2551 1072 2606 Κάντεύθεν
1098 2551 1156 2606 ὲν
1211 2551 1288 2623 τῷ
1328 2554 1577 2625 παλατίῳ
1635 2556 1664 2609 ὁ
1705 2553 1998 2619 Ἰουλιανὸς
2053 2559 2341 2631 ὲφονεύθη,
2382 2559 2554 2613 εἰπών
2590 2578 2603 2592 υ
2649 2562 2711 2616 Τί
2746 2563 2856 2631 γὰρ
2904 2560 3106 2614 δεινὸν
3157 2562 3439 2628 ἐποίησα,
3494 2557 3593 2614 καί

318 2640 457 2696 τινα
482 2640 838 2710 ἀπέκτεινα;
873 2643 1036 2697 Ἐϐίω
1055 2644 1112 2697 δὲ
1138 2644 1230 2715 ἔτη
1278 2646 1544 2717 ἑξήκοντα
1587 2647 1726 2721 πρὸς
1779 2648 1919 2721 μησὶ
1958 2649 2249 2721 τέσσαρσι,
2315 2653 2411 2706 καὶ
2479 2653 2791 2724 ίσαρὲθμοις
2841 2653 3103 2723 ἡμέραις,
3153 2651 3322 2723 ἄρξας
3375 2652 3590 2726 ἡμέρας

321 2730 611 2803 ιξήκοντα.
2151 2777 2169 2797 ,
3631 2750 3640 2759 ι

396 2824 480 2884 H’.
517 2825 757 2897 Σευῆρος
798 2827 985 2899 μέντοι
1043 2828 1143 2899 τὴν
1194 2829 1501 2903 αὖταρχίαν
1552 2830 1733 2885 λαϐὼν
1779 2831 1906 2894 τοὺς

2082 2824 2221 2886 Vill.
2261 2827 2500 2885 Severus
2527 2844 2712 2883 rerum
2761 2829 2968 2899 potitus
2994 2870 3009 2893 ,
3045 2830 3243 2884 milites
3288 2828 3595 2885 Pertinacis

330 2919 433 2989 μὲν
473 2918 802 2990 αὐτόχειρας
864 2920 960 2973 τοῦ
1014 2920 1352 2991 Περτενακος
1404 2921 1514 2976 τῶν
1555 2922 1907 2992 στρατιωτῶν

2012 2938 2360 2996 percussores
2428 2922 2701 2992 supplicio
2750 2920 2967 2989 affecit;
3028 2932 3255 2977 caeteros
3328 2922 3593 2975 acerrime

325 3010 547 3082 θανάτῳ
577 3012 888 3079 ἐδικαίωσε,
910 3014 1035 3076 τοὺς
1059 3013 1346 3078 δ”ἄλλους
1391 3014 1661 3078 ὀνειδίσας
1709 3016 1905 3086 πικρό-

2012 3016 2168 3091 605
2205 3019 2529 3085 insectatus,
2555 3027 2612 3074 et
2635 3017 2803 3072 armis
2830 3015 3098 3086 equisque
3129 3013 3392 3085 privatos.
3421 3012 3595 3066 Ruina

322 3106 486 3163 τατα,
509 3101 619 3155 τῶν
648 3119 705 3156 τε
736 3101 920 3156 ὅπλων
949 3102 1204 3177 ἀπεῖρξε,
1236 3106 1330 3158 καὶ
1354 3106 1482 3168 τοὺς
1515 3106 1716 3169 ἵππους
1741 3107 1903 3176 ἀφεί-

2012 3112 2243 3183 expulit.
2272 3108 2386 3167 Hoc
2422 3118 2678 3182 peracto,
2720 3107 2890 3178 pedes
2921 3108 3111 3162 urbem
3147 3105 3460 3176 ingressus,
3504 3120 3594 3158 ar—

324 3192 469 3260 λετο,
493 3199 586 3250 καὶ
617 3199 717 3268 τῆς
753 3197 974 3271 Ῥώμης
1009 3202 1284 3273 ἀπήλασε*
1316 3203 1413 3256 καὶ
1440 3202 1613 3266 οὕτως
1664 3203 1745 3267 εἰς
1806 3204 1907 3274 τὴν

341 3287 563 3361 Ῥώμην
592 3291 851 3364 εἰσήλασε
882 3293 1133 3365 βαδίζων,
1164 3296 1259 3350 καί
1289 3297 1338 3350 οἱ
1363 3297 1392 3349 ὁ
1424 3297 1655 3367 στρατὸς
1676 3297 1906 3369 ὁπλίτης

326 3382 653 3452 παρείπετο,
690 3386 785 3437 καὶ
809 3385 842 3455 ἡ
879 3384 1030 3450 πόλις
1050 3386 1239 3441 ἄνθεσί
1265 3405 1322 3440 τε
1349 3390 1443 3443 καὶ
1460 3388 1689 3457 δάφναις
1715 3388 1905 3442 ἅπασα

326 3475 694 3543 ἐστεφάνωτο,
724 3476 819 3529 καὶ
842 3479 891 3531 oi
913 3477 1192 3551 ἄνθρωποι
1227 3480 1704 3550 λευκειμονοῦντες
1730 3482 1905 3554 εὐφή-

330 3581 470 3635 μουν
501 3566 684 3632 αὐτὸν,
714 3568 810 3621 καὶ
839 3567 1076 3622 ἀκοῦσαι
1117 3569 1283 3623 αὐτοῦ
1310 3571 1404 3624 καὶ
1439 3571 1745 3627 θεάσασθαι
1784 3572 1904 3626 λίαν

327 3657 651 3726 ἐσφάδαζον.
700 3661 971 3715 Εἰσελθὼν
1030 3662 1087 3715 δὲ
1154 3662 1533 3717 ἐνεανιεύσατο
1568 3659 1655 3717 οἵα
1698 3666 1793 3719 καὶ
1855 3665 1907 3718 ol

328 3749 525 3821 πρώην
558 3751 760 3819 ἀγαθοὶ
794 3753 1229 3824 αὐτοκράτορες,
1259 3754 1332 3818 ὡς
1366 3755 1558 3809 οὐδένα
1610 3755 1718 3808 τῶν
1777 3754 1905 3826 βου-

329 3837 539 3894 λωτῶν
581 3842 900 3906 ἀποκτενεῖ,
961 3843 1056 3898 καὶ
1107 3843 1293 3914 ῶμοσε
1345 3845 1476 3916 περὶ
1538 3844 1755 3910 τούτου,
1813 3844 1911 3898 καὶ

331 3933 646 4004 ψηφίσματι
680 3935 847 4005 κοινῷ
905 3934 1065 3990 τοῦτο
1124 3936 1445 4006 κυρωθῆναι
1493 3936 1908 4008 προσετετάχει.

345 4027 490 4082 Ἀλλ’
519 4027 721 4091 οὐκείς
792 4027 1014 4100 μακρὰν
1067 4030 1162 4083 τὸν
1208 4031 1372 4100 νόμον
1425 4029 1618 4084 τοῦτον
1666 4031 1911 4103 παρέϐη.

328 4122 508 4177 Αὐτὸν
545 4124 655 4193 γὰρ
682 4122 773 4176 τὸν
800 4123 1025 4178 Ἰούλιον
1056 4122 1299 4192 Σόλωνα,
1336 4123 1426 4178 τὸν
1461 4126 1554 4178 καὶ
1608 4124 1670 4178 τὸ
1727 4125 1910 4198 δόγμα

329 4214 517 4280 τοῦτο,
576 4214 743 4269 αὑτοῦ
821 4215 1207 4282 κελεύσαντος,
1297 4218 1781 4290 συγγραψάμενον,
1848 4219 1909 4272 ού

331 4307 517 4377 πολλῷ
550 4306 782 4377 ὕστερον
811 4307 1047 4374 ἔκτεινε,
1096 4309 1192 4362 καὶ
1227 4308 1420 4374 ἄλλους
1443 4310 1621 4364 ἀνεῖλε
1659 4309 1910 4378 πολλοὺς,

330 4402 432 4456 καὶ
455 4404 520 4472 τῇ
558 4401 723 4475 βουλῇ
759 4402 820 4456 ού
856 4401 1179 4475 καταθύμια
1223 4401 1482 4474 ἔπραττε.
1521 4403 1628 4458 Καὶ
1655 4402 1907 4474 εἰθισμέ-

2016 3217 2163 3262 mato
2191 3206 2438 3261 exercitu
2461 3213 2749 3275 sequente.
2780 3202 2976 3271 plateis
3009 3199 3259 3262 ﬂoribus,
3292 3198 3513 3252 coronis
3537 3205 3595 3250 et

2013 3301 2220 3357 laureis
2252 3300 2454 3372 passim
2478 3297 2782 3356 exornatis,
2815 3311 2842 3348 a
2876 3294 3079 3364 populo
3121 3290 3414 3346 candidato
3455 3289 3595 3344 laetis

2015 3393 2244 3448 vocibus
2277 3401 2539 3461 exceptus
2573 3398 2679 3454 est,
2716 3385 3147 3457 properantibus
3181 3382 3438 3436 omnibus
3467 3395 3593 3436 eum

2016 3494 2072 3541 et
2105 3485 2295 3541 videre
2325 3494 2381 3540 et
2410 3484 2623 3538 audire.
2661 3480 2756 3536 Ille
2796 3495 2929 3534 vero
2969 3479 3187 3544 statim,
3221 3486 3472 3531 veterum
3507 3475 3598 3528 bo-

2017 3594 2216 3632 norum
2243 3578 2641 3647 imperatorum
2668 3589 2839 3638 more,
2874 3587 2933 3628 se
2967 3573 3242 3626 neminem
3284 3581 3592 3625 senatorem

2017 3667 2334 3724 occisurum
2364 3681 2484 3722 esse
2505 3662 2870 3736 jurejurando
2902 3661 3213 3726 aﬂirmavit,
3253 3661 3416 3730 idque
3446 3675 3594 3712 com-

2018 3758 2171 3813 muni
2212 3757 2438 3812 decreto
2461 3754 2780 3810 conﬁrmari
2812 3755 2998 3825 jussit.
3036 3752 3140 3808 Sed
3183 3752 3235 3805 id
3269 3751 3594 3823 jurisjuran-

2018 3852 2148 3905 dum
2175 3866 2285 3903 non
2326 3849 2421 3904 diu
2449 3848 2732 3913 servavit,
2772 3846 2889 3916 ipso
2920 3845 3065 3900 Julio
3115 3842 3355 3909 Solone,
3395 3840 3489 3914 qui
3540 3841 3592 3895 ill

2018 3946 2304 4001 decretura
2337 3943 2405 3998 de
2430 3944 2576 3997 illius
2603 3941 2877 3997 sententia
2913 3942 3230 4011 scripserat,
3264 3953 3375 3993 non
3421 3938 3595 3992 multo

2019 4047 2145 4110 post
2190 4035 2412 4099 occiso,
2460 4044 2625 4106 atque
2673 4034 2795 4089 aliis
2852 4033 3041 4088 multis
3090 4031 3323 4086 sublatis
3361 4048 3375 4084 :
3417 4045 3595 4099 eaque

2019 4129 2169 4194 fecit,
2205 4145 2326 4200 qua:
2361 4128 2577 4184 senatui
2617 4126 2842 4183 minime
2873 4126 3026 4182 cordi
3055 4131 3260 4179 essent.
3305 4122 3423 4178 Jam
3470 4138 3594 4179 cum

2022 4221 2195 4276 moris
2224 4226 2394 4285 esset,
2441 4218 2708 4274 satellites
2752 4233 2820 4272 ex
2890 4215 3042 4270 Italia
3087 4213 3415 4297 ueterisque
3464 4227 3598 4283 gen-

2023 4317 2204 4381 tibus,
2250 4331 2485 4386 quarnm
2535 4324 2592 4371 et
2638 4317 2823 4370 vultus
2871 4312 3229 4367 humaniores
3294 4321 3351 4365 et
3415 4324 3603 4365 mores

1970 4428 1973 4431 ·
2021 4408 2387 4477 simpliciores
2429 4414 2615 4462 essent
2639 4445 2654 4470 ,
2691 4404 2856 4475 deligi
2887 4423 2901 4460 :
2947 4404 3056 4458 ille.
3087 4411 3289 4472 praeter
3330 4401 3550 4456 solitum
3578 4439 3602 4464 ,

332 4496 453 4556 νου,
470 4495 596 4557 τοὺς
625 4494 1121 4564 σωματοφύλακας,
1150 4495 1215 4547 ὲκ
1242 4495 1340 4562 τῆς
1376 4495 1609 4558 Ἰταλίας
1636 4489 1796 4554 εἶναι,
1823 4494 1907 4548 καὶ

2022 4499 2212 4553 urbem
2243 4496 2514 4552 militibus
2548 4504 2605 4550 et
2643 4502 2873 4565 aspectu
2916 4490 3268 4551 s:evissimis,
3314 4499 3369 4543 ct
3404 4488 3601 4542 auditu.

332 4587 517 4640 ἄλλων
547 4586 719 4640 ἐθνῶν
758 4588 1194 4659 ἐπιεικεστέρων
1229 4591 1342 4651 τοῖς
1375 4588 1565 4654 εἴδεσι,
1590 4587 1685 4640 καὶ
1716 4585 1919 4640 ἁπλου-

332 4685 548 4753 στέρων
578 4684 690 4745 τοῖς
713 4681 892 4753 ῆθεσι,
935 4683 1147 4744 ἐκεῖνος
1176 4681 1328 4750 παρᾶ
1372 4680 1432 4734 τὸ
1487 4680 1609 4745 ἔθος
1650 4697 1920 4752 στρατιω-

328 4774 446 4829 τῶν
475 4773 575 4845 τὴν
597 4772 754 4827 πόλιν
782 4773 1050 4844 ἐνέπλησε
1091 4773 1186 4827 καὶ
1221 4773 1351 4827 ἰδεῖν
1402 4772 1786 4843 ἀγριωτάτων,
1821 4770 1917 4823 καὶ

328 4873 570 4926 ἀκοῦσαι
590 4870 1019 4942 φοϐερωτάτων,
1053 4872 1149 4925 καὶ
1174 4870 1438 4940 ὁμιλῆσαι
1477 4869 1914 4938 ἀγροικοτάτων.

343 4961 605 5029 Ἐγένετο
638 4962 694 5015 δὲ
725 4962 878 5033 αὐτῷ
903 4964 1111 5033 σημεῖά
1142 4976 1267 5016 τινα
1314 4965 1415 5030 τὴν
1446 4963 1749 5033 ἡγεμονίαν
1786 4979 1919 5032 προ-

333 5055 742 5127 μαντευόμενοι.
779 5054 965 5120 Ἔδοξέ
1001 5072 1131 5108 ποτε
1150 5054 1287 5124 ὄναρ
1313 5055 1576 5108 λύκαιναν
1621 5053 1905 5123 θηλάζειν,

334 5152 415 5212 ὡς
446 5151 578 5218 περὶ
626 5148 915 5219 Ῥωμύλου
957 5148 1269 5219 ἱστόρηταισ
1301 5149 1396 5201 καὶ
1431 5144 1577 5217 ὕδωρ
1626 5134 1921 5200 καθεύδον-

331 5259 431 5306 τος
462 5240 653 5313 ὥσπερ
703 5241 767 5295 ὲκ
828 5240 1014 5310 πηγῆς
1072 5238 1326 5310 ἀνεδόθη,
1379 5239 1473 5291 καὶ
1532 5236 1655 5292 καθ’
1715 5235 1917 5299 ὕπνους

337 5334 494 5406 αἴθτῷ
524 5337 559 5405 ἡ
591 5335 701 5391 τῶν
735 5329 1030 5406 Ῥωμαίων
1057 5333 1327 5405 σύμπασα
1356 5331 1524 5402 βουλὴ
1554 5316 1652 5383 καὶ
1683 5331 1711 5384 ὁ
1745 5328 1917 5399 δῆμος

338 5425 579 5497 προσῄει
616 5443 678 5480 τε
717 5427 813 5479 καὶ
839 5425 1142 5497 ἠσπάζετο.
1171 5423 1280 5478 Καὶ
1307 5417 1467 5484 αὖθις
1525 5416 1703 5472 ἐδόκει
1763 5419 1821 5470 ἐν
1848 5420 1915 5489 τῇ

336 5519 523 5590 ἀγορᾷ
548 5520 615 5589 τῇ
657 5518 909 5588 Ῥωμαία
953 5515 1256 5569 ἱππεύοντα
1314 5514 1405 5566 τὸν
1455 5510 1768 5581 Περτίνακα
1820 5507 1917 5561 τοῦ

336 5612 516 5668 ἵππου
549 5611 980 5684 ἀπορρψθῆναι.
1034 5608 1195 5670 αὐτὸς
1229 5608 1285 5661 δὲ
1311 5608 1503 5661 τούτου
1536 5602 1755 5664 ἑκόντος
1798 5603 1920 5653 ἐπιι

337 5705 628 5762 λαϐέσθαι.
662 5704 904 5774 Ἐφηδος
929 5702 984 5756 δὲ
1011 5700 1087 5754 ὢν
1127 5704 1183 5765 ἐς
1233 5701 1324 5753 τὸν
1390 5699 1669 5767 βασιλικὸν
1729 5694 1918 5763 δίφρον

341 5798 583 5869 ἀγνοῶν,
618 5794 734 5853 ἀλλ’
761 5797 861 5852 οὐκ
911 5796 974 5849 ἐκ
1015 5793 1274 5866 προνοὲας
1330 5787 1750 5863 ύπερεκάθισεν.
1815 5786 1918 5840 Δύ-

2023 4588 2346 4655 horrendis,
2377 4596 2435 4643 et
2472 4602 2502 4640 a
2533 4585 2798 4641 civilitate
2828 4598 3040 4637 morum
3089 4580 3443 4637 alienissimis
3492 4580 3601 4632 im-

2021 4684 2211 4753 plevit.
2257 4680 2553 4753 Imperium
2598 4679 2648 4735 ei
2707 4677 2879 4750 signis
2929 4677 3259 4748 quibusdam
3314 4672 3603 4744 prmsigni-

2023 4774 2244 4829 iicatum
2278 4783 2385 4828 est.
2431 4771 2566 4827 Nam
2610 4770 2907 4843 aliquando
2941 4784 3000 4825 se
3038 4769 3223 4838 lupam
3269 4781 3501 4833 augere.
3541 4773 3605 4816 ut

2022 4865 2090 4921 de
2141 4865 2377 4920 Romulo
2410 4863 2692 4934 proditum
2755 4872 2881 4928 est,
2930 4859 3275 4915 somniavit:
3309 4871 3373 4910 ex
3423 4867 3598 4922 coquo

2022 4956 2330 5012 dormiente
2358 4971 2521 5026 aqua,
2574 4964 2828 5024 tanquam
2857 4966 2886 5007 e
2916 4952 3068 5007 fonte
3112 4946 3386 5007 scaturiit.
3435 4954 3492 4998 ct
3541 4944 3597 4996 in

2022 5048 2233 5104 somnis
2263 5063 2294 5102 a
2324 5055 2517 5101 senatu
2554 5044 2869 5117 pepuloque
2915 5042 3166 5097 Romano
3216 5035 3440 5093 salutari
3489 5033 3598 5087 sibi

2021 5140 2172 5194 visus
2200 5146 2305 5193 est.
2338 5138 2587 5193 Accessit
2619 5118 2769 5190 aliud
2809 5150 3032 5204 quoque
3081 5130 3352 5187 somnium
3391 5145 3405 5180 :
3435 5135 3597 5196 puta-

2021 5234 2115 5288 bat
2144 5232 2489 5286 Pertinaca-m
2556 5246 2655 5301 per
2699 5228 2879 5283 forum
2942 5225 3305 5295 equitantem,
3342 5220 3411 5273 ab
3453 5233 3601 5287 equo

2019 5325 2226 5389 excuti,
2254 5324 2347 5393 qui
2385 5321 2491 5378 sibi
2533 5330 2747 5391 tergum
2777 5320 2922 5373 ultro
2950 5313 3437 5371 conscendendum
3467 5324 3599 5380 prte-

2020 5417 2200 5472 beret.
2240 5415 2580 5471 Adolescens
2608 5413 2660 5466 in
2692 5412 2827 5466 sella
2867 5407 3219 5480 imperatoria
3257 5421 3364 5460 non
3409 5404 3477 5459 de
3514 5403 3598 5457 in-

2021 5509 2271 5572 dusuia,
2323 5509 2420 5563 sed
2476 5507 2735 5577 ignorans
2782 5501 3057 5558 consedit.
3113 5499 3410 5569 Imperium
3461 5496 3597 5550 ade-

2022 5614 2183 5673 plus,
2250 5599 2526 5654 Pertinaei
2587 5596 2854 5668 plurimos
2920 5593 3163 5647 honores
3241 5590 3477 5650 habuit,
3539 5595 3596 5639 et

2021 5687 2563 5762 sumptuosissimum
2594 5689 2758 5742 funus
2780 5682 3030 5756 quamvis
3065 5680 3279 5752 pridem
3336 5677 3607 5732 defuncto

2022 5786 2170 5842 iecit.
2202 5782 2409 5839 Deinde
2442 5792 2636 5838 contra
2678 5780 2902 5852 Nigrum
2932 5786 3017 5833 est
3051 5774 3332 5848 proiectus
3357 5810 3370 5836 ,
3413 5769 3585 5826 homi-
