4034 6244
322 300 449 366 125

1522 312 1926 374 ANNALIUM
1972 312 2099 371 LIB
2161 314 2309 374 ΧΠ.

3421 321 3554 385 1026

317 422 424 483 λεις
440 418 769 490 ἐλάμϐανον.
785 420 949 484 Αυοις
968 420 1024 474 δὲ
1043 422 1279 494 πόλεμος
1299 422 1609 495 συνηνέχθη
1626 423 1705 494 τῷ
1718 424 1883 493 Σευή-

1990 438 2105 477 rcm
2143 433 2387 492 negaret,
2420 425 2581 495 isque
2622 427 3033 497 imperatoriam
3060 429 3171 500 jam
3214 433 3449 489 ambiret
3476 436 3557 489 iii-

317 529 391 583 ρῳ
412 511 702 582 ὲμφύλιος.
718 512 777 565 '0
800 513 898 582 μὲν
916 514 1025 584 γὰρ
1045 514 1158 583 (52)
1178 513 1256 583 τῷ
1273 513 1505 583 Ἀλϐίνῳ
1524 515 1654 569 οὐδὲ
1677 514 1777 585 τὴν
1792 515 1883 567 τοῦ

316 603 589 672 Καίσαρος
599 602 657 656 ἐδ
666 603 769 654 ἕδου
787 621 835 655 τι
841 602 973 673 μὴν,
986 605 1013 655 ὁ
1026 603 1071 656 δ’
1089 603 1208 675 ⁴ᾔτει
1224 606 1317 658 καὶ
1329 604 1428 674 τὴν
1441 604 1535 658 τοῦ
1553 604 1883 674 αὐτοκράτο-

318 710 376 766 ρο
386 712 425 756 ς.
442 694 709 760 Συγκινου
718 693 891 762 μένης
907 694 963 747 δὲ
981 695 1067 748 διὰ
1084 696 1257 749 ταῦτα
1273 697 1373 765 τῆς
1384 695 1729 766 οἰκουμένης,
1748 695 1776 746 ὁ
1796 695 1886 765 δῆ-

304 772 412 855 μος
433 786 492 836 ὲν
514 783 855 857 ἱπποδρομίᾳ
880 787 1301 856 συνειλεγμένος
1318 789 1488 852 πολὺς
1511 790 1885 857 ἐκφανέστατα

316 874 685 944 κατωδύρατο,
721 879 909 950 Μέχρι
939 880 1085 931 πότε
1119 879 1358 934 τοιαῦτα
1380 880 1718 950 πάσχομεν,
1746 879 1884 948 κρά-

312 971 515 1043 ζοντες,
557 968 863 1039 καὶμέχρι
915 971 1034 1025 ποῦ
1087 973 1548 1041 πολεμούμεθα;
1603 973 1699 1027 καὶ
1745 971 1883 1025 ἀλλα

248 1077 263 1097 ~'
315 1059 367 1111 δέ
397 1075 519 1112 τινα
562 1059 790 1135 τοιαῦτα
830 1060 906 1123 ὡς
956 1064 1021 1114 ὲκ
1067 1060 1347 1132 θειοτέρας
1398 1064 1543 1125 τινος
1595 1062 1883 1125 ἐπιπνοίας

315 1149 696 1215 ἐνθουσιῶντες
725 1151 979 1224 ἐϐόησαν.
1015 1152 1137 1217 Πῶς
1173 1153 1284 1225 γὰρ
1318 1153 1579 1208 τοσαῦται
1617 1154 1879 1226 μυριάδες

316 1241 385 1303 ὡς
419 1241 522 1294 ὑπὸ
550 1243 846 1313 χορολέκτη
879 1244 990 1315 (55)
1021 1241 1176 1299 εἷπον
1223 1248 1564 1310 ἀπταίστως,
1612 1244 1648 1300 ἃ
1688 1242 1879 1312 εἷπον;

317 1333 462 1395 Τέως
513 1334 699 1405 μέντοι
757 1335 939 1406 μάχης
996 1336 1492 1407 συγκροτηθείσης,
1540 1336 1633 1389 καὶ
1680 1336 1880 1400 πολλὰς

320 1421 457 1484 ἰδέας
484 1441 541 1475 τε
577 1425 672 1477 καὶ
701 1428 929 1495 τροπὰς,
983 1429 1074 1480 καὶ
1109 1427 1460 1497 μετακλίσεις
1495 1429 1590 1481 τοῦ
1621 1428 1866 1498 πολέμου

300 1514 627 1591 ἐσχηκότος,
665 1519 693 1569 ὁ
734 1518 975 1585 Ἀλϐῖνος
1019 1518 1249 1590 ήττήθη,
1303 1520 1579 1572 πεσόντων
1614 1520 1712 1589 μὲν
1765 1522 1877 1590 ἀμ-

317 1606 627 1676 φοτέρωθεν
655 1609 841 1676 σχεδὸν
871 1610 1310 1678 ὑπερϐαινόντων
1342 1611 1436 1663 καὶ
1484 1611 1744 1682 ἀριθμὸν,
1787 1611 1878 1663 τοῦ

315 1694 370 1747 δὲ
416 1696 660 1750 Ἀλϐίνου
712 1700 903 1752 ἑαυτὸν
962 1701 1265 1765 ἀνελόντος.
1321 1695 1392 1774 ⁷ῼ
1441 1702 1675 1774 κειμένῳ
1724 1705 1883 1756 ἐπεν-

1989 513 2522 583 gnitalcm,,itcrum
2566 517 2727 572 civile
2775 520 2981 574 bellum
3030 537 3154 576 cum
3208 524 3376 579 totius
3407 526 3561 582 orbis

1987 613 2142 659 motu
2172 613 2258 659 est
2287 618 2562 671 exortum,
2604 619 2660 663 et
2689 626 2885 680 magna
2917 614 3103 682 populi
3136 613 3366 670 Romani
3419 619 3563 672 mul-

1989 693 2167 750 titudo
2206 696 2260 749 in
2294 696 2444 752 circo
2469 701 2716 769 equestri
2749 703 3099 771 apertissime
3135 705 3387 762 fortunas
3429 725 3558 763 suas

1984 788 2148 858 607
2181 798 2265 842 est
2286 789 2578 846 miserata:
2610 792 2888 864 Quousque
2921 796 3137 851 tandem
3172 799 3274 852 ista
3307 801 3563 868 feremus?

1987 881 2226 949 quandiu
2273 884 2749 952 Oppugnabimur?
2792 896 2846 939 et
2904 888 3008 941 alia
3090 887 3141 942 id
3188 904 3361 960 genus
3402 894 3560 960 quasi

1983 970 2210 1025 numine
2248 972 2465 1027 alllatus
2502 976 2832 1031 Vociferans.
2877 978 3011 1031 Nam
3060 979 3268 1049 alioqui
3316 980 3432 1035 fieri
3463 983 3559 1051 qui

1983 1060 2274 1128 potuisset,
2303 1071 2361 1116 ut
2389 1073 2466 1117 tot
2491 1065 2778 1120 hominum
2806 1068 3000 1134 millia,
3031 1085 3093 1124 ea
3128 1086 3249 1139 quae
3275 1072 3557 1133 dicebant,

1984 1160 2246 1222 tanquam
2278 1155 2430 1209 chori
2480 1159 2744 1226 magistro
2779 1170 3059 1228 praeeunte
3081 1202 3097 1227 ,
3141 1163 3279 1217 citra
3311 1179 3558 1218 errorem

1982 1246 2448 1312 pronuntiarent?
2483 1246 2539 1301 ld
2577 1249 2782 1303 bellum
2816 1266 3010 1322 magna
3048 1253 3313 1309 varietate
3356 1266 3414 1309 et
3456 1270 3560 1309 an-

1982 1333 2134 1404 cipiti
2171 1334 2341 1389 Marte
2374 1334 2591 1404 geStum
2625 1355 2638 1390 :
2675 1338 2770 1393 sed
2800 1340 3035 1395 Albinus
3077 1341 3295 1397 tandem
3343 1343 3557 1408 vietus,

1981 1424 2245 1481 Romanis
2300 1429 2558 1497 utrinque
2601 1444 2738 1498 pene
2793 1430 3293 1488 innumerabilibus
3362 1434 3555 1500 (τιθείς,

1982 1515 2195 1585 sibiipsi
2226 1532 2423 1572 manus
2453 1519 2662 1574 attulit.
2704 1519 2873 1591 Cujus
2908 1522 3162 1576 cadaveri
3206 1523 3442 1578 Severus
3474 1524 3559 1578 in-

1983 1604 2293 1660 solentibus
2331 1615 2387 1661 et
2431 1600 2720 1664 atrocibus
2751 1610 2935 1663 verbis
2972 1597 3254 1665 insuliavit
3283 1631 3296 1665 :
3331 1623 3560 1669 trunco-

1984 1711 2091 1765 que
2116 1697 2350 1766 abjecto,
2402 1709 2567 1768 caput
2620 1701 2850 1755 Romam
2910 1702 3162 1767 missum,
3222 1704 3374 1757 cruci
3415 1703 3559 1775 adigi

314 1787 650 1857 τρυφήσαςό
684 1789 945 1860 Σευῆρος,
1012 1793 1104 1845 καὶ
1155 1792 1604 1864 γλωσσαλγήσας,
1663 1793 1723 1846 τὸ
1781 1794 1881 1862 μὲν

1987 1788 2164 1858 jussit.
2198 1787 2495 1846 Senatores
2528 1792 2732 1847 multos
2768 1793 3013 1856 occidit,
3051 1796 3349 1873 nonnullos
3391 1796 3558 1849 etiam

314 1873 440 1929 ἄλλο
496 1877 654 1947 σῶμα
706 1882 931 1950 ῥιφῆναι
988 1883 1264 1947 ἐκέλευσε,
1319 1883 1417 1954 τὴν
1455 1884 1693 1954 κεφαλὴν
1749 1884 1794 1936 δ’
1823 1888 1880 1946 ἐς

300 1968 410 2038 ’τὴν
450 1966 668 2041 Ῥώμην
726 1972 962 2039 στείλας,
1029 1974 1442 2049 ἀνεσταύρωσε.
1510 1977 1620 2028 Καὶ
1650 1974 1881 2037 πολλοὺς

316 2059 422 2113 τῶν
450 2060 549 2131 τῆς
578 2063 870 2132 γερουσίας
899 2064 1214 2129 ἀπέκτεινε,
1246 2064 1397 2129 τινὰς
1424 2065 1480 2118 δὲ
1505 2068 1597 2118 καὶ
1617 2068 1878 2122 ἀπέλυσε.

315 2152 469 2206 Μετά
500 2153 673 2207 ταῦτα
704 2153 759 2208 δὲ
785 2156 929 2210 κατά
972 2155 1082 2210 τῶν
1135 2157 1365 2228 Πάρθων
1412 2159 1737 2229 ἐστράτευσε
1779 2158 1878 2229 τὴν

318 2246 743 2318 Μεσοποταμίαν
783 2248 1033 2304 ἑλόντων.
1082 2250 1190 2303 Καὶ
1241 2250 1402 2302 πλοῖα
1461 2250 1879 2311 κατασκευάσας

317 2339 376 2389 ἐν
398 2335 476 2408 τῷ
503 2337 762 2410 Εὐφράτῃ
788 2380 804 2404 ,
842 2339 943 2410 τήν
985 2356 1044 2391 τε
1076 2337 1403 2392 Σελεύκειαν
1429 2339 1524 2392 καὶ
1561 2338 1659 2406 τὴν
1697 2338 1882 2392 Βαθυ-

314 2429 457 2483 λῶνα
513 2431 890 2499 ἐκλειφθεῖσαν
940 2431 1125 2485 ἔλαϐε.
1196 2433 1309 2486 Καὶ
1364 2430 1462 2503 τὴν
1513 2432 1880 2503 Κτησιφῶντα

317 2519 473 2587 ἑλὼν,
500 2521 797 2593 διαρπάσαι
825 2526 935 2587 τοῖς
987 2524 1349 2595 στρατιώταις
1400 2524 1603 2595 ἀφῆκε,
1652 2522 1882 2587 πολλούς

296 2620 373 2666 ’τε
408 2612 610 2683 ἀνεῖλε,
664 2613 755 2668 καὶ
812 2611 1024 2679 ζῶντας
1055 2612 1309 2676 πλείονας
1336 2607 1501 2669 εἷλεν.
1539 2611 1675 2666 Οὔτε
1706 2611 1762 2666 δὲ
1791 2611 1883 2664 τὸν

317 2706 675 2775 Οὐολόγαισον
701 2700 982 2774 ἐπεδίωξε,
1012 2705 1102 2760 τὸν
1140 2704 1245 2759 τῶν
1302 2703 1535 2777 Πάρθων
1587 2703 1886 2775 ἡγεμονεύ-

319 2815 468 2865 οντα,
497 2799 934 2870 ἀναχωρήσαντα
973 2796 1183 2863 οῖκαδε,
1228 2796 1353 2851 οὔτε
1381 2797 1481 2866 τὴν
1519 2795 1885 2865 Κτησιφῶντα

314 2890 602 2960 κατέσχεν.
647 2890 790 2943 Ἀλλ’
815 2887 989 2960 ῷχετο
1022 2886 1211 2960 ὥσπερ
1236 2889 1324 2943 ίνα
1344 2886 1627 2959 διαρπάσῃ
1675 2886 1882 2956 ταύτην

319 2982 480 3053 μόνον
505 2978 906 3051 ὲστρατευκώς.
951 2980 1040 3033 Ἐν
1067 2972 1111 3049 ᾧ
1140 2980 1197 3034 δὲ
1231 2979 1511 3051 ἐπολέμει,
1545 2979 1745 3049 ἄνδρας
1773 2977 1883 3032 δύω

1987 1878 2215 1934 dimisit.
2249 1881 2379 1936 Post
2424 1881 2541 1936 haec
2598 1892 2788 1937 contra
2834 1885 3066 1940 Parthos
3113 1897 3201 1941 est
3254 1886 3558 1956 profectus,

1986 1969 2080 2040 qui
2143 1970 2589 2041 Mesopotamiam
2644 1987 2982 2045 occuparant
3033 1992 3049 2031 :
3106 1986 3157 2031 et
3213 1978 3450 2033 navibus
3504 1978 3560 2032 in

1984 2062 2268 2133 Euphrate
2298 2066 2605 2131 aedificantis,
2639 2066 2945 2122 Seleuciam
2979 2078 3037 2124 et
3083 2069 3417 2140 Babylonem
3460 2068 3563 2122 de-

1985 2164 2160 2209 sertas
2191 2157 2358 2226 cepit.
2408 2155 2824 2227 Ctesiphontem
2869 2171 3233 2229 expugnatam
3290 2159 3560 2214 militibus

1987 2244 2357 2315 diripiendam
2403 2244 2602 2300 dedit:
2632 2262 2696 2302 ac
2744 2248 2935 2303 multis
2986 2249 3315 2314 interfectis,
3368 2251 3560 2321 plures

1985 2337 2142 2393 vivos
2196 2337 2363 2407 cepit.
2428 2337 2534 2393 Sed
2582 2353 2762 2408 neque
2811 2340 3155 2411 Vologaesum
3228 2340 3558 2397 Parthorum

1985 2427 2292 2498 principem
2328 2427 2552 2483 domum
2582 2445 2866 2485 reversum
2894 2428 3139 2501 fugavit,
3168 2447 3346 2501 neque
3380 2408 3574 2489 Ctesi:

1985 2520 2247 2588 phontem
2283 2521 2515 2575 retinuit
2551 2539 2564 2576 :
2598 2521 2673 2577 ita
2699 2522 2826 2578 inde
2852 2523 3167 2593 profectus,
3196 2524 3354 2591 quasi
3393 2538 3560 2594 cxpe-

1987 2612 2252 2667 ditionem
2297 2613 2625 2684 direptionis
2672 2629 2839 2669 causa
2885 2615 3151 2671 duntaxat
3204 2616 3555 2684 suscepisset.

1988 2704 2161 2776 Hujus
2190 2705 2316 2760 belli
2361 2716 2607 2775 tempore
2630 2745 2645 2770 ,
2683 2707 2822 2762 duos
2853 2709 3033 2762 claros
3064 2707 3211 2760 viros
3242 2706 3556 2765 interfecit:

1986 2792 2191 2863 Julium
2225 2795 2478 2865 Crispum
2516 2797 2795 2851 tribunum
2830 2797 3103 2863 militum,
3151 2797 3280 2851 belli
3318 2798 3561 2852 vexatio-

1986 2902 2086 2943 nes
2110 2902 2250 2958 :egre
2281 2887 2548 2944 ferentem
2570 2929 2588 2956 ,
2617 2899 2671 2943 et
2700 2888 2889 2944 nescio
2917 2888 3049 2959 quid
3075 2888 3320 2943 locutum
3340 2930 3354 2953 ,
3384 2890 3560 2944 milite

1990 2993 2021 3032 a
2052 2995 2161 3048 quo
2185 2990 2474 3035 accusatus
2512 2980 2733 3046 fuerat,
2783 2981 2840 3034 in
2879 2982 2999 3051 ejus
3043 2980 3224 3036 locum
3278 2980 3509 3035 sulfectu
3540 2997 3559 3047 ;

313 3071 604 3125 ἀπέκτεινε
633 3071 742 3125 τῶν
769 3073 1071 3144 ἐπιφανῶν,
1098 3073 1188 3128 τὸν
1222 3075 1321 3146 μὲν
1370 3075 1618 3146 Κρίσπον
1662 3072 1882 3126 Ἰούλιον

1989 3068 2194 3125 Ltetutu
2226 3072 2297 3126 ob
2342 3071 2512 3126 animi
2557 3072 2991 3142 magnitudinem
3039 3081 3095 3126 et
3133 3071 3366 3143 gratiam
3410 3070 3559 3140 apud

316 3163 700 3236 χιλιαρχοῦντα
746 3165 856 3219 τῶν
899 3165 1237 3238 δορυφόρων,
1289 3168 1374 3219 ὅτι
1428 3165 1621 3236 ἧχθετο
1671 3168 1738 3236 τῇ
1787 3164 1882 3217 τοῦ

298 3254 559 3323 ’πολέμου
596 3255 863 3321 κακώσει,
918 3256 1013 3310 καί
1064 3274 1115 3310 τι
1166 3258 1259 3310 καὶ
1316 3252 1754 3326 παρεφθέγξατο,
1790 3255 1885 3308 καὶ

314 3346 409 3396 τὸν
472 3346 933 3415 κατηγορήσαντα
984 3344 1151 3397 αὐτοῦ
1208 3343 1550 3416 στρατιώτην
1606 3343 1884 3414 χιλίαρχον

312 3435 597 3500 ἀπέδειξεν
629 3436 745 3489 ἀντ’
773 3435 963 3488 αύ;οῦ·
1015 3437 1108 3489 τὸν
1150 3436 1207 3489 δὲ
1238 3437 1457 3498 Λαίτον,
1500 3435 1584 3488 ὅτι
1627 3434 1882 3504 φρόνημα

311 3525 450 3597 εἶχε,
475 3531 567 3580 καὶ
600 3530 680 3581 ὃτι
711 3529 816 3580 ὑπὸ
844 3527 952 3581 τῶν
988 3525 1334 3597 στρατιωτῶν
1361 3527 1631 3596 ἠγαπᾶτο,
1666 3528 1757 3578 καί
1787 3528 1885 3580 οὐκ

316 3621 496 3684 ἄλλως
559 3620 910 3691 στρατεύσειν
954 3620 1165 3684 ἔλεγον,
1216 3621 1265 3671 εί
1316 3618 1390 3689 μὴ
1458 3618 1656 3681 Δαῖτος
1705 3618 1885 3672 αὐτῶν

312 3715 525 3783 ἡγοῖτο,
559 3713 653 3764 καὶ
677 3711 769 3765 τὸν
801 3712 960 3781 φόνον
988 3710 1154 3764 αὐτοῦ
1183 3712 1297 3773 τοῖς
1317 3708 1683 3780 στρατιώταις
1716 3727 1887 3782 προσ-

314 3806 514 3874 ῆπτεν,
565 3805 646 3858 ὅτι
695 3805 873 3875 φθόνῳ
914 3805 1076 3858 αὐτὸν
1119 3803 1343 3871 ἀνελὼν,
1404 3804 1503 3857 οὐκ
1543 3798 1656 3874 εἶχε
1707 3804 1886 3872 λέγειν

316 3896 521 3950 αἰτίαν.
575 3893 709 3949 Εἶτα
758 3898 851 3950 ἐπὶ
881 3896 950 3949 τὰ
1003 3897 1182 3969 Ἀτρα
1228 3895 1575 3966 ἐστράτευσε.
1634 3894 1799 3958 Πόλις
1830 3895 1887 3948 δὲ

315 3986 497 4043 ταῦτα
537 3989 808 4059 Ἀράϐιος,
841 3991 899 4042 ὲν
983 3988 1152 4041 πολλά
1179 4003 1239 4040 τε
1275 3986 1410 4040 ἄλλα
1433 3987 1724 4039 ἀπέκειντο
1748 3991 1886 4059 χρῄ-

319 4097 493 4151 ματα,
548 4083 642 4134 καὶ
673 4082 742 4134 τὰ
766 4080 860 4133 τοῦ
900 4078 1081 4133 Ἠλίου
1122 4078 1180 4132 δὲ
1209 4078 1559 4149 ἀναθήματα,
1593 4072 1637 4146 ᾧ
1671 4079 1705 4149 ἠ
1732 4078 1886 4140 πόλις

316 4173 519 4228 ἀνεῖτο.
553 4172 716 4227 Οὐδὲν
746 4171 801 4225 δὲ
825 4171 1049 4238 ἀνύσας,
1081 4169 1257 4223 καίτοι
1284 4169 1344 4223 τὸ
1373 4170 1529 4234 ἐκτὸς
1551 4173 1726 4241 τεῖχος
1753 4169 1888 4223 καθ-

314 4263 569 4335 ῃρηκὼς,
604 4265 696 4317 καὶ
756 4262 987 4326 πολλοὺς
1019 4261 1128 4314 τῶν
1157 4261 1378 4315 οἰκείων
1409 4258 1720 4326 ἀποϐαλὼν,
1759 4261 1884 4314 ἀνε-

285 4345 562 4428 χώρησε,
613 4357 707 4409 καὶ
761 4357 842 4418 είς
870 4355 969 4423 τὴν
1003 4353 1366 4421 Παλαιστίνην
1414 4351 1663 4419 ἀφίκετο,
1702 4353 1795 4404 καὶ
1829 4351 1885 4414 ἐς

1990 3161 2212 3226 milites,
2249 3163 2342 3232 qni
2375 3178 2434 3218 se
2462 3163 2682 3219 nonnisi
2731 3164 2826 3218 illo
2859 3169 2996 3218 duce
3043 3164 3375 3218 militaturos
3406 3163 3558 3217 allii--

1990 3256 2230 3319 mabant,
2261 3264 2318 3310 et
2344 3256 2550 3311 crimen
2586 3256 2751 3310 caadis
2777 3256 2898 3325 ejus
2931 3257 2985 3309 in
3020 3256 3224 3311 milites
3256 3256 3557 3323 transtulit,

1988 3345 2133 3416 quod
2161 3362 2226 3400 eo
2256 3362 2324 3400 ex
2372 3347 2576 3401 invidia
2617 3347 2908 3404 interfecto
2930 3391 2944 3414 ,
2978 3363 3197 3401 causam
3231 3346 3414 3402 dicere
3445 3362 3560 3402 nun

1990 3447 2221 3507 poterat.
2271 3438 2478 3492 Deinde
2510 3438 2640 3492 Atra
2685 3440 2878 3494 urbem
2913 3439 3126 3493 Arabia)
3162 3438 3276 3493 Soli
3321 3439 3557 3493 dicatam

1988 3528 2356 3597 oppugnavit,
2408 3528 2462 3581 in
2514 3544 2646 3597 qua,
2704 3539 2902 3598 praeter
2935 3529 3069 3582 alias
3115 3543 3337 3597 magnas
3389 3544 3557 3598 opes,

1988 3625 2151 3676 etiam
2181 3620 2324 3676 Solis
2349 3620 2577 3674 donaria
2628 3621 2866 3690 reposita
2917 3629 3098 3674 erant.
3153 3620 3257 3675 Sed
3307 3621 3558 3690 quamvis

1987 3711 2247 3769 exteriori
2278 3728 2434 3767 muro
2461 3723 2640 3781 capto,
2690 3728 2748 3766 re
2790 3710 2994 3766 infecta
3048 3714 3235 3767 multis
3291 3712 3560 3768 militibus

1987 3806 2205 3860 amissis
2248 3805 2302 3859 in
2362 3805 2702 3859 Palaestinam
2748 3804 3023 3866 discessit,
3066 3814 3230 3872 atque
3279 3804 3333 3858 in
3396 3803 3557 3876 Αἰξί]-

1989 3911 2169 3968 ptutn,
2215 3913 2380 3968 quam
2430 3906 2599 3951 totam
2648 3896 3026 3968 perlustravit,
3074 3896 3293 3950 arcanis
3337 3912 3558 3966 quoque

1991 3990 2154 4045 rebus
2201 3989 2490 4060 indagatis.
2522 3989 2601 4043 Eo
2638 3989 2786 4044 enim
2827 3996 2946 4041 erat
2996 3989 3236 4059 ingenio.
3268 3997 3329 4042 ut
3377 4001 3559 4056 nequo

1988 4081 2235 4136 divinum
2278 4096 2458 4149 neque
2512 4081 2811 4136 humanum
2857 4079 3160 4150 quidquam
3197 4080 3555 4150 impervesti-

1988 4180 2173 4239 gatum
2204 4172 2562 4242 relinqueret.
2599 4170 2798 4227 Libros
2826 4186 3156 4228 arcanarum
3195 4187 3377 4227 rerum
3415 4184 3557 4240 quos

1988 4262 2210 4332 quidem
2248 4261 2498 4317 invenire
2543 4269 2776 4331 poterat,
2808 4276 2874 4316 ex
2906 4261 3166 4315 omnibus
3213 4262 3391 4333 adytis
3440 4278 3561 4316 sus-

1993 4356 2139 4410 tulit.
2183 4355 2364 4424 Atque
2390 4354 2508 4408 lttec
2540 4354 2828 4408 hactenus.
2870 4353 3028 4408 Nunc
3071 4353 3256 4408 obiter
3292 4354 3382 4408 illa
3428 4369 3564 4424 quo-

315 4450 618 4517 Αῐγυπτον,
653 4449 747 4500 καὶ
777 4449 957 4500 πᾶσαν
983 4440 1113 4509 εἶδε,
1141 4444 1236 4497 καὶ
1277 4445 1345 4497 τὰ
1369 4442 1730 4514 κεκρυμμένα
1760 4443 1883 4495 ἑπο-

1994 4462 2100 4516 que
2132 4443 2387 4510 referant,
2426 4458 2546 4514 quae
2569 4443 2714 4513 apud
2749 4443 2974 4498 Dionem
3018 4443 3086 4499 de
3117 4443 3239 4499 Nilo
3282 4444 3561 4500 memorias

318 4540 808 4611 λυπραγμόνησεν.
836 4534 946 4593 Ἦν
984 4537 1090 4610 γὰρ
1116 4531 1225 4600 οἷος
1255 4537 1394 4607 μήτε
1437 4536 1579 4589 θεῖον
1613 4534 1752 4605 μήτε
1786 4534 1887 4585 ἀν-

319 4632 596 4704 θρώπινον
627 4631 948 4684 καταλιπεῖν
980 4628 1359 4701 ἀνερεύνητον.
1405 4626 1515 4679 Καὶ
1543 4624 1611 4679 τά
1646 4623 1823 4696 βιϐλία
1853 4623 1890 4677 ἃ

314 4741 376 4779 τι
416 4719 562 4795 εἶχον
606 4724 937 4794 ἀπόρρητον,
971 4723 1035 4774 ὲκ
1071 4722 1288 4775 πάντων
1313 4719 1421 4771 τῶν
1437 4716 1645 4770 ἀδύτων
1674 4712 1884 4769 ἀνείλε-

313 4832 405 4885 το,
441 4815 540 4868 ὅσα
567 4814 703 4877 τέως
756 4813 936 4883 εὑρεῖν
970 4811 1244 4880 δεδύνητο.
1281 4807 1442 4862 Ἀλλά
1460 4806 1633 4860 ταῦτα
1664 4805 1762 4876 μὲν
1797 4802 1889 4858 οὓ-

313 4921 455 4972 τως·
481 4908 721 4979 είρήσθω
744 4905 788 4959 δ’
807 4908 880 4968 ὡς
904 4909 962 4960 ὲν
980 4902 1218 4975 παρόδῳ,
1233 4902 1326 4956 καὶ
1343 4902 1442 4954 ὅσα
1462 4901 1552 4953 τὸν
1567 4900 1740 4952 Δίωνα
1759 4897 1888 4967 περὶ

1989 4536 2203 4606 prodita
2237 4542 2363 4589 sunt
2396 4550 2408 4586 :
2447 4532 2591 4587 unde
2625 4533 2671 4587 is
2694 4533 2926 4598 oriatur,
2956 4550 3055 4588 cur
3087 4535 3278 4590 aestivo
3314 4544 3562 4606 tempore

1990 4627 2271 4682 ascendat.
2326 4626 2523 4680 Narrat
2573 4623 2806 4692 autem,
2841 4640 2967 4680 eum
3020 4640 3085 4680 ex
3130 4627 3349 4680 Atlante
3401 4626 3560 4690 oriri,

1991 4727 2174 4772 tnonte
2206 4715 2606 4781 Macennitidis,
2639 4715 2704 4770 ad
2742 4717 2908 4788 608
2941 4717 3119 4787 ipsum
3159 4717 3559 4772 occidentalem

1989 4808 2288 4870 Oceanum,
2343 4807 2588 4862 omnium
2661 4810 2933 4862 montium
2987 4807 3257 4862 altiss'mo
3293 4825 3304 4859 :
3341 4821 3447 4875 qua
3493 4804 3562 4859 de

1994 4913 2155 4953 causa
2195 4897 2318 4952 σαιιὶ
2370 4899 2625 4953 columna
2677 4913 2707 4952 a
2753 4899 2931 4966 poetis
2992 4897 3316 4967 appelletur.
3371 4895 3562 4963 Neque

311 4999 417 5053 τοῦ
451 4999 644 5054 Νείλου
694 4999 919 5066 λέγοντα
950 4995 1206 5068 εὕρομεν,
1265 4994 1387 5047 ὅθεν
1441 5009 1501 5044 τε
1557 4990 1883 5051 ἀναδίδοται,

1994 4991 2140 5045 enim
2173 5004 2501 5060 quemquam
2545 4990 2664 5055 eius
2708 5003 2973 5042 cacumen
3004 4985 3337 5049 ascendisse,
3383 4999 3563 5053 neque

314 5093 422 5147 καὶ
450 5091 536 5145 διὰ
561 5091 779 5144 τίκατά
831 5089 892 5143 τὸ
938 5088 1096 5158 θέρος
1135 5086 1433 5154 πεποίηται
1467 5084 1563 5154 τὴν
1600 5081 1883 5135 ἁνάϐασ.ν.

315 5188 494 5254 Λέγει
521 5183 720 5249 τοίνυν,
746 5183 820 5247 ὡς
869 5185 934 5236 ἐκ
963 5184 1057 5236 τοῦ
1096 5178 1389 5240 Ἀτλαντος
1436 5174 1760 5239 ἀναδίδοται,
1795 5172 1887 5224 τὸν

1994 5078 2210 5149 fastigia
2263 5076 2507 5138 vidisse,
2561 5091 2780 5145 semper
2835 5074 3054 5144 Oppleta
3109 5073 3346 5126 nivibus.
3403 5071 3560 5127 Unde

1994 5169 2185 5226 aestivo
2227 5177 2472 5238 tempore
2506 5182 2703 5237 magna
2740 5179 3010 5237 aquarum
3059 5161 3215 5231 copia
3264 5159 3559 5227 deﬂuente,

1503 5311 1701 5374 Variae
1738 5310 2042 5374 lectiones
2081 5315 2144 5371 et
2173 5315 2360 5372 notae.

394 5450 513 5520 (δὲ)
557 5448 619 5501 '0
643 5446 759 5516 μὲν
789 5445 1069 5520 regnem.
1122 5442 1191 5520 ln_
1227 5438 1480 5520 versione
1504 5436 1595 5520 llic
1629 5432 1886 5520 quaedam

394 5461 513 5520 (52)
558 5461 619 5501 ὐ
643 5461 759 5516 μεν
789 5461 917 5569 71$,
961 5461 1069 5499 elC.
1124 5461 1191 5525 In.
1228 5461 1480 5495 verswne
1506 5461 1595 5489 ult;
1629 5461 1886 5516 .tjuacuam

278 5546 284 5550 ~
314 5520 738 5577 immutavimus
779 5533 792 5566 :
900 5514 1063 5569 ollius
1087 5519 1400 5585 scripserat,
1434 5508 1522 5585 sed
1551 5502 1887 5585 quianttlbmp

312 5575 724 5660 imperatoriam
795 5585 1154 5660 ntaiestateut__
1180 5575 1467 5660 ﬂagitanti,
1526 5575 1611 5660 uel,
1642 5575 1888 5660 Ctesaris

316 5649 581 5715 honorem
630 5660 878 5726 negabat,
931 5662 1039 5726 etc.
1077 5649 1230 5707 Alius
1261 5649 1568 5726 'enintestn
1598 5657 1793 5722 sensus
1821 5658 1888 5726 ex

323 5712 506 5786 Dione
529 5747 540 5781 :
567 5712 771 5794 quipr
794 5712 919 5779 cuin
937 5723 1134 5777 Albino
1167 5720 1484 5788 promissam
1530 5713 1763 5769 Carsaris
1806 5712 1890 5765 di-

1989 5434 2253 5503 gnitatem
2284 5438 2528 5500 negaret,
2570 5436 2682 5482 tum
2715 5427 2762 5480 is
2794 5425 3178 5495 imperatorem
3211 5437 3328 5477 sese
3371 5421 3561 5490 appel-

1989 5505 2173 5642 ιιιδξὲἑ)
2216 5573 2315 5636 Ὠς
2347 5565 3000 5643 ὺπὸᾲχορογίέκτηλῡίο,
3033 5562 3222 5643 ᾥσπερ
3275 5579 3357 5625 τις
3412 5564 3564 5643 ἐκρεῖ

1991 5629 2104 5766 ﬁt}?!
2153 5629 2312 5712 iopbé
2360 5629 2767 5709 δεδιδαγμένος.
2810 5629 3091 5691 Ὀυοιιιτίι
3119 5629 3233 5688 haec
3261 5649 3361 5687 vox
3415 5629 3562 5699 apud

2035 5730 2066 5766 υ
2114 5729 2290 5767 ucem.
