4034 6244
516 350 660 414 1027
1782 338 2023 400 JOANN
2035 334 2104 397 lS
2134 336 2455 397 ΖΟΝΑΒᾹΞ
2699 336 2705 342 ’
3024 378 3029 383 .
3630 331 3759 398 Ῑοῖξ

512 463 676 518 Nilus
740 459 986 515 exundet
1032 473 1046 511 :
1088 465 1146 511 et
1204 455 1320 509 hazc
1375 453 1652 507 Romanos
1703 462 1771 503 ex
1810 445 2126 504 inferioris.

2226 446 2245 499 ὲ
2298 447 2569 500 Ἄτλαντα
2606 445 2729 516 ὅρος
2783 440 2922 498 εἶναι
2972 446 3028 497 ἐν
3090 446 3155 515 τῇ
3212 444 3565 499 Μκκεννίτιόι
3635 445 3758 512 παρ’

517 552 854 608 Mauritaniae
894 548 1212 605 hominibus
1244 543 1598 600 Macennitidi
1645 541 1892 596 ﬁnitimis
1934 553 2091 592 com-

2226 535 2348 606 ιὺτῷ
2380 535 2458 606 τῷ
2493 534 2736 605 Ὠκεανῷ
2766 534 2901 606 πρὸς
2936 535 3203 604 ἑσπέραν,
3264 537 3356 587 καὶ
3403 534 3549 605 ὁρῶν
3596 534 3763 588 ἁπάν·

516 643 752 713 pcrisse,
801 656 867 696 ac
910 641 1114 694 multos
1149 639 1431 693 Romanos
1466 633 1743 689 exercitus
1793 631 1859 684 ad
1912 631 2089 699 ipsum

2226 647 2306 682 ’ων
2343 628 2836 698 ὑπερανίστασθαι,
2892 625 3032 680 ὥστε
3064 627 3154 680 δια
3202 629 3263 680 τ³ι
3296 626 3430 697 ὕψος
3472 627 3568 680 καὶ
3617 629 3763 680 κίονα

518 734 792 788 Atlantem
848 734 1188 803 pervenisse.
1236 733 1363 787 Haec
1420 732 1487 785 de
1536 730 1660 785 Nilo
1707 726 1845 781 Dion
1899 723 2089 787 refert,

2226 718 2362 771 ιὺ;ὸν
2400 716 2559 787 παρᾶ
2600 717 2712 768 τῶν
2762 716 3012 786 ποιητῶν
3047 717 3316 787 κληθῆναι
3362 715 3459 769 τοῦ
3514 714 3765 787 οὐρανοῦ.

518 824 622 878 etsi
663 825 753 877 alii
785 824 1001 879 diversa
1028 825 1221 880 eadem
1251 824 1320 878 de
1348 838 1408 877 re
1436 820 1805 876 tradiderunt.

2226 810 2355 879 ιιήτε
2384 809 2490 878 γὰρ
2515 807 2783 878 ἀναϐῆναί
2807 807 2931 860 τινά
2950 823 3088 859 ποτε
3116 811 3195 871 εἰς
3223 807 3393 879 ἄκρον
3423 808 3614 873 αὑτοῦ,
3646 803 3764 876 μήτ’

524 915 730 968 ἰδέσθαι
768 918 865 977 τὰς
896 915 1066 970 αὑτοῦ
1114 917 1357 986 κορυφάς
1407 914 1586 984 χιόνος
1624 909 1713 966 ἀεὶ
1751 905 2085 977 πληθούσας,
2126 901 2185 967 ἐξ
2216 896 2284 972 ἦς
2322 899 2458 951 πολὺ
2522 900 2824 969 καταρρεῖν
2885 897 2947 951 τὸ
2979 897 3125 969 ὕδωρ
3192 900 3300 954 ὑπὸ
3343 901 3403 952 τὸ
3454 900 3632 970 Θέρος·
3681 903 3767 954 καί

519 1011 608 1066 διὰ
647 1013 807 1067 τοῦτο
838 1014 960 1067 τότε
991 1012 1085 1066 τὸν
1125 1013 1319 1065 Νεῖλον
1356 1007 1726 1077 πληθύνεσθαι
1773 1004 1944 1068 λέγει,
1990 996 2294 1054 καὶταῦτα
2358 995 2656 1066 Ῥωμαίοις
2700 995 3080 1068 ἀκριῦωοῆναι
3163 997 3228 1046 ἐκ
3280 992 3388 1045 τῶν
3471 993 3568 1060 τῆς
3618 1006 3760 1045 κατω

520 1104 898 1175 Μαυριτανίας
924 1104 1251 1175 ἀνθρώπων,
1281 1101 1592 1173 προσοίκων
1663 1098 1837 1152 ὅντων
1889 1096 1957 1164 τῇ
2034 1088 2408 1154 Μακεννίτιδι,
2469 1089 2565 1142 καὶ
2630 1089 2860 1151 πολλοὺς
2934 1090 3041 1141 τῶν
3087 1088 3205 1140 ἐκεῖ
3284 1087 3744 1155 στρατευσαμένω

535 1200 821 1269 Ῥωμαίων
856 1198 1153 1266 ἀφικέσθαι
1195 1197 1446 1261 καὶπρὸς
1481 1194 1571 1246 τὸν
1604 1190 1898 1246 Ἄτλαντα.
1963 1182 2155 1239 Ταῦτα
2217 1180 2318 1253 μὲν
2385 1178 2480 1237 οῦν
2546 1180 2799 1250 περὶτοῦ
2829 1180 3023 1234 Νείλου
3049 1179 3128 1251 τῷ
3150 1178 3334 1243 Δίωνι,
3362 1182 3411 1233 εί
3463 1181 3560 1234 καὶ
3595 1180 3769 1242 ἄλλοις

527 1293 645 1362 οὐχ’
669 1291 812 1344 οὕτω
836 1289 904 1343 τὰ
937 1288 1067 1357 περὶ
1098 1286 1292 1340 τούτου
1332 1286 1633 1357 ἱστόρηται.

599 1390 667 1444 Χ.
709 1388 977 1444 Caeterum
1007 1385 1328 1440 Plautianus
1358 1381 1672 1451 praafcctus,
1721 1374 1933 1446 imperii
1967 1384 2106 1442 pene

529 1494 657 1532 cum
705 1475 911 1530 Severo
959 1471 1239 1542 particeps
1266 1479 1321 1524 et
1362 1482 1573 1522 summa
1607 1471 1890 1536 potestate
1921 1458 2110 1515 subni-

532 1583 673 1634 xns,
711 1563 1148 1622 multos.claros
1206 1562 1356 1615 viros
1410 1568 1465 1613 et
1493 1558 1610 1627 pari
1666 1554 1933 1626 dignitate
1974 1567 2111 1623 pra:-

532 1660 676 1713 ditos
713 1654 1024 1710 interfecit:
1074 1662 1128 1707 et
1160 1667 1269 1722 prae
1294 1648 1587 1704 insatiabili
1618 1645 1848 1700 avaritia
1879 1642 1946 1696 ab
1985 1656 2108 1695 om-

2276 1367 2333 1421 l’.
2380 1364 2718 1426 Πλαυτιανὺς
2747 1363 2806 1420 δὲ
2865 1363 3361 1435 παραδυναστεύων
3408 1364 3486 1435 τῷ
3535 1366 3769 1436 Σευήρῳ,

2205 1458 2301 1511 καὶ
2324 1458 2431 1529 τὴν
2462 1456 2771 1526 ἐπαρχικὴν
2804 1457 2944 1526 ἔχων
2969 1455 3239 1520 ἐξουσίαν,
3276 1457 3370 1509 καὶ
3416 1457 3651 1525 μέγιστα
3685 1458 3770 1510 δυ-

2209 1548 2416 1618 νηθεὶς,
2448 1547 2677 1609 πολλοὺς
2726 1547 2834 1599 τῶν
2881 1547 3184 1617 ἐλλογίμων
3219 1544 3430 1616 ἀνδρῶν
3472 1549 3566 1599 καὶ
3603 1547 3775 1617 ὁμοτί-

2213 1660 2329 1712 μων
2359 1640 2510 1711 αὖτῷ
2536 1640 2898 1695 ἐθανάτωσεν.
2938 1639 3247 1709 ’Λπληστος
3273 1640 3330 1692 δέ
3363 1639 3439 1692 ὣν
3473 1642 3629 1711 παρά
3651 1641 3775 1695 πάν-

533 1750 698 1804 nibus
745 1747 952 1816 aliquid
1000 1743 1272 1814 ﬂagitans,
1323 1756 1504 1809 neque
1550 1736 1888 1809 provinciam
1925 1747 2105 1801 neque

2226 1752 2314 1788 πων
2344 1734 2485 1807 ᾔτει,
2535 1733 2629 1787 καὶ
2666 1733 2788 1786 οὔτε
2852 1732 3005 1795 ἐθνος
3042 1732 3154 1803 (54)
3198 1730 3321 1785 οὔτε
3362 1733 3518 1786 πόλιν
3569 1733 3775 1802 ἀφῆκεν

536 1838 728 1892 urbem
750 1836 912 1889 ullam
929 1831 1303 1902 praetermisit,
1329 1842 1493 1898 quam
1520 1843 1628 1880 non
1650 1825 1931 1894 Spoliarct.
1948 1821 2105 1877 Unde

532 1944 725 1984 omnes
747 1929 795 1983 ei
817 1928 971 1996 plura
998 1939 1159 1994 quam
1179 1922 1281 1992 ipsi
1309 1921 1513 1976 Severo
1534 1919 1756 1981 dabant.
1797 1916 1947 1973 Idem
1970 1929 2105 1969 cen-

537 2033 651 2078 tum
686 2020 899 2074 nobiles
942 2018 1238 2080 Romanos,
1267 2030 1374 2068 non
1401 2028 1601 2084 pueros
1618 2011 1881 2064 duntaxat
1902 2017 1958 2061 et
1981 2006 2117 2061 ado-

544 2116 838 2176 lescentes,
877 2110 972 2166 sed
1016 2107 1240 2163 maritos
1260 2108 1425 2161 etiam
1469 2103 1746 2167 castravit,
1771 2111 1833 2155 nt
1862 2100 2025 2154 iidem
2056 2107 2112 2152 et

538 2206 646 2260 viri
679 2213 733 2260 et
764 2202 1030 2269 eunuchi,
1061 2209 1117 2255 et
1144 2210 1327 2270 patres
1364 2195 1704 2251 intestabiles
1766 2194 1868 2265 (ut
1913 2189 2112 2246 comici

541 2295 708 2350 verbo
742 2294 887 2364 utar)
921 2300 977 2347 et
1006 2291 1227 2347 castrati
1273 2289 1595 2358 barbatique
1639 2284 2111 2354 conspicerentur.

539 2390 744 2444 Verum
790 2397 917 2440 ante
960 2385 1011 2439 id
1045 2384 1260 2439 facinus
1315 2384 1508 2451 ingens
1568 2389 1727 2433 cetus
1772 2377 1828 2430 in
1879 2374 2111 2445 Augusti

536 2492 759 2550 portum
775 2478 991 2532 delatus
1016 2484 1122 2537 est,
1143 2484 1199 2528 et
1219 2481 1411 2543 captus
1435 2488 1449 2526 :
1480 2472 1640 2543 cujus
1671 2469 2024 2523 simulacrum
2060 2468 2113 2520 in

545 2568 1024 2638 Amphitbc-atrum
1049 2565 1345 2635 perlatum,
1368 2577 1528 2617 ursos
1563 2560 1966 2616 Labseondissc
2004 2560 2114 2613 fer-

543 2672 658 2717 tur.
702 2659 1022 2715 Plautianus
1049 2672 1181 2712 vero
1212 2642 1334 2711 lilia:
1358 2656 1628 2712 Plautillae
1655 2671 1686 2709 a
1712 2654 1918 2709 Severo
1939 2653 2114 2707 Anto-

542 2756 678 2810 nino
707 2753 820 2807 fllio
874 2754 1159 2822 desponsae
1203 2759 1414 2804 tantum
1444 2748 1615 2809 dedit,
1647 2756 1914 2817 quantum
1968 2747 2113 2816 regi-

543 2847 633 2922 nis
676 2844 927 2916 pluribus
966 2844 1100 2899 satis
1151 2841 1364 2897 fuisset.
1403 2841 1505 2908 Qui
1554 2855 1679 2895 cum
1745 2839 2117 2911 amplissimus

545 2936 811 2994 evasisset
837 2978 851 2998 ,
902 2936 1150 3005 adeoque
1175 2934 1439 2989 Severum
1467 2933 1645 3004 ipsum
1672 2932 1916 3002 potentia
1948 2944 2117 3000 supe-

546 3041 720 3098 raret,
745 3029 960 3085 insidiis
980 3027 1240 3083 Antonini
1273 3026 1459 3098 generi
1483 3025 1724 3091 occisus,
1768 3033 1825 3081 et
1855 3039 1920 3081 ex
1953 3039 2118 3094 supe-

548 3124 693 3177 riore
730 3122 852 3177 loco
888 3121 941 3174 in
971 3121 1110 3174 \ium
1146 3120 1421 3190 proiectus
1445 3128 1546 3174 est.
1575 3118 1695 3185 Quo
1721 3125 1978 3186 tanquam
2011 3106 2188 3187 pte-.0

549 3216 758 3284 dagogo
785 3221 993 3278 amoto,
1018 3212 1209 3266 Severi
1249 3211 1344 3264 filii
1363 3210 1679 3267 Antoninus
1710 3218 1764 3264 et
1792 3208 1926 3264 Geta
1967 3208 2120 3263 nullo

551 3304 757 3374 ﬂagitio
791 3306 1201 3359 abstinuerunt.
1222 3302 1302 3358 Eo
1321 3311 1568 3371 tempore
1587 3300 1741 3355 Bulla
1759 3300 1931 3363 Felix,
1959 3302 2121 3355 homo

553 3397 733 3451 Italus
764 3436 778 3460 ,
824 3411 890 3451 nc
928 3394 1234 3449 latronibus
1281 3392 1485 3448 coactis
1513 3435 1529 3458 ,
1576 3392 1783 3447 Italiam
1826 3408 1924 3461 per
1973 3393 2124 3446 bien-

556 3492 708 3542 nium
744 3487 1047 3542 infestavit.
1097 3486 1167 3541 Et
1209 3484 1461 3555 quamvis
1498 3483 1654 3539 multi
1703 3500 1829 3539 eum
1869 3498 2123 3553 compre-

553 3580 800 3635 hendere
863 3579 1171 3644 studerent,
1217 3588 1400 3633 tamen
1437 3578 1604 3633 variis
1632 3577 1867 3632 subinde
1896 3576 2126 3632 rationi-

554 3672 661 3728 bus
693 3686 999 3739 naagnaque
1029 3668 1253 3725 solertia
1279 3677 1675 3740 persequentes
1703 3668 1937 3725 eludens
1956 3708 1972 3735 ,
2012 3684 2128 3723 non

555 3762 876 3832 capiebatur
902 3778 916 3815 :
950 3761 1106 3832 cujus
1130 3761 1234 3815 hoc
1260 3761 1535 3831 specimen
1568 3769 1709 3816 esto.
1733 3760 2125 3815 Centurionem

556 3855 747 3910 Severi
783 3856 943 3926 jussu
970 3854 1075 3908 sibi
1123 3852 1499 3917 insidiantem,
1546 3854 1664 3923 ipse
1689 3855 1843 3922 quasi
1876 3854 2017 3907 alius
2041 3869 2130 3908 es-

558 3956 642 4003 set
696 3948 952 4011 accessit,
988 3947 1257 4001 latronem
1298 3945 1350 4001 ei
1386 3961 1444 4001 se
1475 3946 1829 4011 traditurum,
1855 3946 1899 4000 si
1929 3958 2127 4014 seque-

561 4047 734 4102 retur,
763 4036 1028 4106 pollicens
1052 4053 1066 4090 :
1100 4043 1157 4091 et
1183 4036 1461 4091 hominem
1490 4051 1679 4092 verum
1709 4035 1762 4091 id
1785 4040 1905 4092 esse
1929 4041 2130 4106 putan-

561 4140 692 4195 tem,
749 4130 804 4183 in
827 4129 1008 4184 locum
1044 4127 1368 4183 insidiarum
1403 4128 1751 4198 perductum,
1779 4128 1936 4184 facile
1961 4126 2128 4197 cepit.

562 4222 769 4277 Deinde
799 4237 898 4291 pro
929 4221 1189 4276 tribunali
1226 4221 1441 4287 scdens,
1468 4232 1529 4276 ut
1550 4223 1659 4276 dux
1682 4222 2134 4290 latronum,cen-

563 4315 836 4369 turionem
863 4315 1043 4384 capite
1063 4329 1186 4370 raso
1223 4330 1346 4371 cum
1372 4315 1459 4369 his
1482 4317 1664 4371 verbis
1679 4315 1844 4388 609
1872 4316 2085 4373 dimisit
2115 4336 2128 4372 :

2214 1826 2502 1895 ἀσύλητον,
2538 1825 2633 1879 καὶ
2658 1824 2877 1878 πλείονα
2904 1824 3055 1902 αὐτῷ
3092 1825 3312 1888 πάντες,
3349 1825 3380 1896 ἢ
3426 1825 3505 1894 τῷ
3561 1827 3775 1896 Σευὴρῳ

2212 1919 2437 1972 ἐδίδουν.
2484 1917 2741 1987 Ἐξέτεμε
2771 1916 2828 1969 δὲ
2868 1918 2959 1969 καὶ
2986 1916 3308 1987 ἀνθρώπους
3347 1919 3657 1988 Ῥωμαίους
3688 1924 3774 1983 καὶ

2213 2013 2453 2080 εὐγενεῖς
2489 2013 2707 2075 ἑκατὸν,
2738 2012 2798 2063 οὐ
2823 2009 3018 2071 παῖδας
3062 2010 3242 2079 μόνον,
3291 2009 3413 2065 οὐδὲ
3456 2011 3641 2079 μέντοι
3670 2027 3781 2081 μει.

2216 2106 2404 2176 ράκια,
2438 2105 2574 2158 ἀλλά
2603 2107 2696 2157 καὶ
2726 2104 2920 2173 ἄνδρας
2940 2105 3204 2172 γυναῖκας
3236 2099 3482 2171 ἔχοντας,
3505 2101 3636 2155 ὥσθ’
3660 2105 3779 2174 ὁρᾶν

2216 2197 2340 2251 σθαι
2391 2197 2516 2259 τοὺς
2576 2196 2773 2259 αὐτοὺς
2809 2194 2903 2249 καὶ
2956 2193 3242 2262 εὐνούχους
3287 2194 3381 2247 καὶ
3423 2193 3646 2265 ἄνδραῃ
3696 2199 3780 2249 καὶ

2214 2290 2462 2361 πατέρας
2489 2289 2707 2359 ἀὸρχεις
2736 2288 2829 2341 καὶ
2862 2288 3144 2356 ἐκτομίας,
3180 2287 3273 2342 καὶ
3306 2284 3625 2354 πωγωνίας.
3676 2286 3780 2355 Πρὸ

2215 2380 2273 2434 δὲ
2301 2381 2490 2434 τούτου
2522 2380 2685 2449 κῆτος
2720 2379 3026 2451 ὑπέρογκον
3072 2381 3152 2442 είς
3199 2379 3290 2431 τὸν
3340 2378 3657 2447 Αὐγούστου
3702 2394 3778 2430 κει

2217 2473 2488 2542 κλημένον
2514 2471 2711 2542 λιμένα
2758 2471 3038 2539 ἐξώκειλε,
3075 2471 3170 2524 καὶ
3198 2469 3360 2532 ἐάλω,
3411 2472 3508 2522 καὶ
3562 2469 3783 2539 μίμημα

2217 2563 2385 2619 αὑτοῦ
2441 2563 2686 2632 γεγονὸς,
2743 2565 2837 2617 καὶ
2880 2565 2960 2626 εἰς
3004 2563 3067 2616 τὸ
3121 2564 3469 2632 κυνηγέσιον
3521 2562 3783 2633 εἰσαχθὲν,

2219 2656 2557 2725 πεντήκοντα
2590 2655 2832 2726 ἄρκτους
2886 2656 3018 2710 εἴσω
3064 2654 3283 2723 λέγεται
3343 2654 3626 2720 δέξασθαι.
3681 2656 3785 2724 Τὴν

2217 2749 2273 2805 δὲ
2314 2749 2408 2803 τοῦ
2442 2747 2784 2804 Πλαυτιανοῦ
2819 2748 3094 2822 θυγατέρα
3146 2748 3482 2803 Πλαυτίλλαν
3526 2748 3621 2802 τοῦ
3662 2749 3787 2802 Σευ-

2220 2842 2354 2913 ήρου
2386 2840 2465 2911 τῷ
2516 2840 2616 2910 υἱῷ
2673 2840 2980 2909 Ἀντωνὶνῳ
3036 2840 3415 2907 συζεύξαντος,
3449 2842 3689 2893 τοσαῦτα
3724 2842 3785 2910 τῇ

2221 2933 2451 3003 θυγατρὶ
2479 2934 2507 2985 ὁ
2536 2932 2868 2995 Πλαυτιανδς
2898 2931 3121 2996 ἔδωκεν,
3152 2934 3255 2986 ὅσα
3278 2931 3500 2994 πολλαῖς
3533 2922 3778 3001 βασιλίσζ

2225 3042 2349 3089 σαις
2402 3025 2638 3096 ἤρκεσεν
2680 3025 2765 3077 ἄν.
2821 3019 2987 3085 Οὗτος
3038 3024 3363 3095 ὑπερμέγας
3414 3024 3656 3092 γεγονὼς
3701 3024 3790 3075 καὶ

2223 3119 2475 3171 πλεῖστον
2525 3117 2794 3186 δυνηθεὶς,
2828 3116 2861 3187 ἢ
2894 3115 2988 3169 καὶ
3023 3116 3161 3186 ὑπὲρ
3188 3116 3278 3169 τὸν
3329 3115 3571 3186 Σευῆρον
3609 3115 3787 3178 αὐτὸν,

2222 3211 2328 3266 ὑπὸ
2356 3210 2449 3263 τοῦ
2477 3208 2721 3278 γαμϐροῦ
2761 3207 3081 3261 Ἀντωνίνου
3127 3206 3531 3270 ἐπιϐουλευθεὶς
3557 3206 3789 3275 ἐσφάγη,

2223 3301 2318 3354 καὶ
2342 3300 2548 3356 ἀνωθεν
2582 3300 2661 3362 είς
2689 3296 2811 3350 ὁδόν
2843 3314 2963 3351 τινα
2987 3296 3209 3371 ἐρῥίψηζ
3243 3296 3306 3348 Οἱ
3336 3294 3392 3348 δὲ
3422 3294 3518 3347 τοῦ
3551 3294 3789 3363 Σευῆρον

2223 3397 2414 3459 παῖδες
2457 3395 2770 3457 Ἀντωνῖνος
2802 3391 2894 3449 καὶ
2936 3392 3127 3454 Γέτας,
3180 3389 3371 3459 ὥσπερ
3417 3387 3542 3441 τινὰ
3604 3387 3795 3440 παιδαο

2226 3489 2403 3558 γωγδν
2450 3487 2542 3542 τὸν
2600 3484 2930 3541 Πλαυτιανδν
2975 3485 3423 3553 ἀποσεισάμενοι,
3475 3481 3623 3535 ἅπαν
3664 3496 3794 3550 μετ-

2224 3582 2392 3654 ῄεσαν
2415 3581 2706 3652 χείριστον.
2758 3578 2892 3632 Τότε
2948 3579 3042 3631 καὶ
3091 3575 3328 3637 Βούλλας
3360 3573 3551 3644 Φῆλιξ,
3597 3571 3794 3634 Ἰταλὸς

2229 3675 2391 3746 ἀνὴρ,
2436 3672 2730 3748 λῃστήριον
2762 3669 3169 3739 συστησάμενος
3214 3665 3515 3734 ἑξακοσίων
3565 3662 3794 3734 ἀνδρῶν,

2227 3766 2470 3837 ἐληϊζετο
2496 3765 2591 3835 τὴν
2635 3761 2865 3817 Ἰταλίαν
2898 3760 2985 3813 ἐπ’
3016 3760 3110 3831 ἐτη
3142 3759 3254 3812 δύο.
3285 3756 3505 3812 Πολλῶν
3544 3758 3604 3811 δὲ
3648 3757 3794 3826 φιλο.

2229 3858 2576 3930 τιμουμένων
2625 3857 2916 3927 κατασχεῖν
2974 3854 3159 3917 αὐτὸν,
3190 3853 3219 3905 ὁ
3246 3851 3302 3906 δὲ
3352 3849 3471 3921 οὐχ’
3525 3849 3799 3918 ἡλίσκετο,

2232 3949 2540 4021 εὐμεθόὸως
2565 3948 2655 4001 διὰ
2682 3946 2900 4017 τρόπων
2932 3945 3141 3999 πολλῶν
3194 3945 3322 4008 τοὺς
3372 3942 3537 4000 αὐτὸν
3583 3945 3803 3996 διώκοι.

2231 4057 2332 4106 τας
2380 4039 2919 4108 κατασοφιζόμενοςο
2975 4033 3050 4091 ὦν
3102 4036 3197 4090 ’ἐνα
3260 4037 3340 4099 είς
3368 4035 3657 4104 ,ἔνδειγμα
3700 4035 3803 4088 τῶν

2233 4133 2411 4192 ἄλλων
2446 4130 2699 4203 ἐροῦμεν.
2744 4129 3176 4198 Ἑκατοντάρχου
3224 4127 3376 4198 παρά
3422 4128 3677 4198 Σευήρου
3715 4144 3805 4181 κεν

2233 4222 2549 4284 λευσθέντος
2577 4219 2809 4290 λοχῆσαι
2840 4218 3023 4283 αὐτὸν,
3081 4216 3245 4281 αὐτὸς
3289 4216 3483 4288 ἐκείνῳ
3532 4217 3805 4287 προσῆλθε

2233 4317 2300 4371 δι’
2323 4312 2517 4369 ἐαυτοῦ
2553 4313 2629 4376 ὡς
2659 4311 2814 4374 ἄλλος
2845 4328 2947 4376 τις,
2980 4312 3072 4363 καὶ
3100 4308 3544 4372 διεϐεὸαιώσατο,
3580 4314 3628 4364 εί
3664 4311 3808 4380 Eupat-

561 4403 762 4460 Nuntia
811 4406 1026 4459 domino
1061 4416 1151 4461 tuo
1173 4450 1186 4472 ,
1231 4414 1289 4459 ut
1321 4422 1494 4461 servos
1541 4424 1664 4461 suos
1697 4408 1832 4472 alat,
1871 4424 1935 4461 ne
1964 4408 2126 4463 latro-

2240 4428 2320 4475 το,
2358 4406 2694 4479 παραδοῦναι
2719 4404 2870 4478 αὑτῷ
2901 4404 2993 4457 τὸν
3020 4403 3245 4475 λῃστήν.
3276 4404 3382 4457 Τοῦ
3408 4403 3464 4456 δὲ
3492 4404 3807 4464 πεισθέντος

562 4501 825 4550 amentur.
877 4498 1028 4553 Multi
1063 4499 1210 4553 enim
1259 4497 1554 4555 Caesariani
1610 4499 1790 4555 liberti
1822 4516 1879 4556 se
1908 4502 1976 4556 ad
2008 4517 2132 4559 eum

568 4590 936 4644 contulerant.
988 4592 1114 4645 Post
1153 4592 1332 4646 tamen
1385 4602 1599 4662 captus,
1649 4602 1706 4647 et
1750 4592 1944 4650 bestiis
1988 4596 2142 4667 obje-

566 4691 691 4735 ctus
736 4691 836 4736 est.
876 4683 1113 4738 Severus
1161 4693 1345 4739 autem
1394 4684 1800 4754 expeditionem
1842 4687 1895 4741 in
1927 4687 2145 4744 Britan-

568 4774 714 4828 niam
764 4775 1026 4845 suscepit,
1058 4790 1127 4829 ne
1160 4784 1218 4830 et
1248 4775 1343 4831 filii
1390 4777 1520 4831 luxu
1554 4787 2060 4849 corrumperentur,
2089 4789 2145 4837 et

569 4866 813 4936 legiones
877 4868 990 4923 otio
1057 4868 1523 4923 remollescerent.
1601 4869 1741 4923 Sunt
1785 4879 1966 4927 autem
2021 4872 2145 4929 dua:

566 4969 759 5029 gentes
807 4959 1133 5015 Britannica:
1181 4962 1447 5027 maximae,
1491 4962 1770 5034 Calydouii
1816 4972 1872 5019 et
1918 4964 2138 5031 Maiam,

569 5053 792 5122 utrique
839 5069 1063 5123 asperos
1097 5066 1310 5109 montes
1338 5065 1395 5108 et
1423 5070 1646 5125 campos
1692 5057 1927 5112 incultos
1956 5073 2018 5111 ac
2046 5074 2140 5127 pa—

569 5144 774 5198 lustres
825 5143 1164 5208 incolentes,
1226 5160 1407 5215 neque
1457 5144 1620 5199 urbes
1671 5145 1916 5209 habent,
1964 5140 2143 5216 neque

573 5243 777 5289 terram
832 5237 1021 5290 colunt
1051 5252 1063 5286 :
1097 5237 1193 5291 sed
1244 5252 1311 5290 ex
1370 5245 1551 5305 pastu,
1591 5238 1906 5307 venatione,
1950 5236 2145 5291 fructi-

573 5326 679 5380 bus
728 5325 988 5380 arborum
1043 5326 1311 5380 victitant.
1375 5326 1624 5380 Piscibus
1678 5328 1846 5390 enim,
1896 5328 2147 5397 quamvis

573 5414 819 5469 abundet
865 5417 1083 5478 insula,
1132 5433 1242 5471 non
1293 5428 1634 5473 vescuntur:
1678 5418 1734 5472 in
1784 5419 2148 5474 tabernaculis

576 5504 847 5573 habitant,
898 5509 1030 5563 nudi
1065 5517 1121 5562 et
1155 5510 1272 5565 sine
1321 5510 1518 5565 calceis
1555 5509 1782 5579 degunt,
1822 5512 2149 5566 mulieribus

2239 4503 2318 4567 εἰς
2373 4499 2586 4571 λοχώδη
2625 4498 2790 4551 τόπον
2842 4494 3149 4565 ἀπαγαγὼν
3189 4495 3351 4549 αὑτὸν
3398 4495 3607 4565 ῥᾳδίως
3656 4495 3808 4551 συνὲν

2235 4594 2424 4649 λασεν.
2457 4591 2589 4655 Εἶτα
2623 4592 2716 4645 ἐπὶ
2750 4590 2995 4661 βήματος
3025 4589 3279 4653 καθίσας,
3325 4588 3401 4651 ὡς
3431 4588 3597 4657 δῆθεν
3628 4586 3810 4658 ἄρχων

2237 4686 2332 4740 τοῦ
2365 4684 2661 4755 λῃστηρίου
2696 4681 3196 4753 μεταστειλάμενος
3247 4679 3338 4732 τὸν
3387 4680 3807 4748 ἑκατόνταρχον.

2237 4778 2337 4841 τὰς
2364 4777 2555 4847 τρίχας
2583 4775 2681 4845 τῆς
2709 4773 2951 4845 κεφαλῆς
2980 4771 3145 4825 αὑτοῦ
3172 4770 3512 4845 ἀπεξύρησε,
3542 4773 3636 4824 καὶ
3672 4772 3809 4836 ἀφῆο

2238 4884 2334 4921 κεν
2367 4866 2547 4929 αὑτὸν,
2578 4864 2766 4917 εἰπών·
2815 4856 3089 4931 Ἀγγειλε
3124 4860 3202 4927 τῷ
3251 4861 3516 4929 δεσπότῃ
3565 4877 3685 4915 σου
3725 4859 3808 4913 ὅτι

2248 4958 2402 5027 Τοὺς
2418 4959 2680 5025 δούλους
2703 4956 2870 5027 ὑμῶν
2894 4956 3156 5025 τρέφετε,
3184 4956 3285 5008 ἵνα
3300 4955 3388 5024 μὴ
3435 4956 3803 5021 ληστεύωσι.

2241 5051 2477 5114 Πολλοὺς
2499 5050 2606 5121 γὰρ
2634 5049 2742 5101 τῶν
2776 5046 3121 5117 Καισαρείων
3165 5044 3309 5115 εἶχεν
3343 5044 3498 5113 αὒτῷ
3554 5061 3811 5115 προσχω-

2247 5144 2544 5213 ρήσαντας.
2603 5140 2868 5211 Ὕστερον
2910 5121 3121 5208 ¹μέντοι
3167 5138 3396 5207 ἐλήφθη,
3454 5137 3552 5189 καὶ
3602 5136 3807 5206 θηρίοις

2242 5232 2422 5302 ἐδόθη.
2457 5232 2693 5302 Σευῆρος
2722 5228 2779 5283 δὲ
2806 5230 2886 5292 είς
2931 5228 3031 5299 τὴν
3058 5228 3387 5298 Βρεττανίαν
3417 5228 3803 5297 ἐστράτευσεν,

2243 5327 2329 5379 ἵνα
2362 5323 2573 5395 μήθ’νοί
2634 5321 2816 5384 παῖδες
2862 5320 3237 5374 ἐκδιαιτῶνται
3290 5318 3482 5383 αὐτοῦ,
3548 5320 3685 5389 μήτε
3743 5315 3807 5366 τὰ

2246 5419 2633 5491 στρατεύματα
2676 5416 2766 5470 ὑπ’
2817 5416 3019 5488 ἀργίας
3062 5414 3381 5469 ἐκλύωνται.
3428 5412 3535 5466 Δύο
3581 5413 3639 5465 δὲ
3678 5410 3805 5480 γένη

2244 5513 2353 5566 τῶν
2378 5510 2695 5583 Βρεττανῶν
2717 5510 2819 5563 sict
2853 5509 3107 5578 μέγιστα,
3148 5507 3465 5563 Καλυδόνιοι
3510 5506 3604 5559 καὶ
3626 5503 3810 5559 Matio

1774 5663 1967 5727 Variae
1989 5665 2291 5728 lectiones
2323 5674 2384 5727 et
2417 5674 2609 5728 notat.

653 5780 766 5849 (fit)
802 5778 1040 5845 Ἐθνος.
1076 5783 1240 5839 Wolf.
1271 5795 1497 5854 gentem.
1547 5786 1989 5854 Emendavimus,
2022 5790 2365 5859 provinciam.
2395 5791 2528 5846 Vide
2556 5790 2735 5846 Gloss,
2764 5788 2907 5845 med.
2940 5786 3220 5842 Grmcitat.
