4034 6244
337 305 480 376 1049

1527 324 1928 388 ANNALIUM
1972 323 2122 392 LIB.
2160 333 2242 393 XI
2255 321 2304 393 l.

3438 305 3580 408 1056

336 423 624 488 ἀγόμενος.
661 431 769 474 ttat
786 438 841 476 ta
865 423 922 478 δὲ
946 425 1012 479 τὰ
1031 426 1137 480 τῶν
1159 427 1418 499 ὑπηκόων
1435 435 1890 506 σφετεριζόμενος

2018 453 2185 505 esset,
2213 443 2591 514 culpautibt‘ts,
2651 447 2922 504 Africanae
2971 437 3220 520 legiones
3265 463 3381 511 tum
3411 470 3474 510 ea
3513 453 3582 511 de

335 516 432 564 καὶ
465 513 942 583 χρηματιζόμενος
981 519 1268 585 πάντοθεν,
1311 523 1432 577 οὐδὲ
1481 526 1590 578 τῶν
1622 529 1783 597 ἱερῶν
1811 528 1916 580 ἀπ-

2016 548 2203 598 causa,
2235 545 2351 589 tum
2405 538 2509 591 alia
2544 539 2777 608 quadam
2833 556 2894 594 re
2957 542 3183 598 irritatas
3238 544 3578 601 defecerunt.

333 604 550 671 έσχετο.
575 607 922 676 Αίτιωμένων
951 607 1042 662 οὖν
1071 609 1400 681 ξυμπάντων
1433 617 1558 678 τοὺς
1578 620 1896 688 στρατιώτας

2014 622 2148 677 Nam
2217 623 2599 680 Africanarum
2670 629 3078 698 provinciarum
3153 643 3577 702 procuratores,

331 693 462 754 τοὺς
502 694 665 745 αὐτὸν
702 694 1152 762 βασιλεύσαντας,
1187 702 1235 752 οἱ
1270 704 1328 754 ὲν
1386 704 1564 776 Λιϐύῃ
1615 709 1912 777 στρατευό-

338 799 517 852 μενος,
559 785 730 838 ταῦτα
775 786 1060 856 μαθόντες,
1092 794 1226 859 πρὸς
1281 795 1622 852 ἀποστασίαν
1669 799 1909 864 ἀπεῖδον,

339 874 434 928 καί
465 893 608 938 τινος
633 877 829 947 ἑτέρας
857 881 1036 944 αίτίας
1065 884 1393 955 ἐρεθισάσης
1451 890 1666 951 αὐτούς.
1705 891 1768 944 Ol
1796 891 1907 959 γὰρ

333 966 446 1020 τῶν
475 968 572 1038 τῆς
603 970 810 1040 Λιϐύης
839 975 1180 1042 πραγμάτιον
1210 978 1494 1047 ἐπίτροποι
1540 982 1648 1034 τῶν
1673 983 1734 1034 ὲν
1762 984 1901 1051 αὐτῇ

341 1058 720 1129 εὐπορούντων
778 1062 876 1127 τὰς
910 1064 1101 1128 οὐσίας
1135 1067 1193 1132 ἐξ
1251 1069 1509 1140 οὐδεμιᾶς
1542 1073 1761 1140 εὐλόγου
1807 1074 1912 1142 ἀφ-

338 1151 571 1222 ῃηοῦντο
613 1151 806 1222 λαϐῆς,
837 1156 928 1208 καὶ
977 1158 1103 1220 τοὺς
1135 1164 1504 1232 κεκτημένους
1545 1167 1710 1228 αὐτὰς
1739 1185 1908 1237 προσο

331 1243 638 1318 απὼλλυον.
658 1245 943 1301 Ἐντεῦθεν
973 1251 1450 1322 ἀγανακτήσαντες
1506 1262 1554 1312 οί
1582 1262 1699 1313 ἐκεῖ
1744 1262 1910 1314 ἐπαν-

332 1335 594 1406 έστησαν,
625 1339 720 1391 καί
745 1356 868 1394 τινα
900 1342 1008 1394 τῶν
1044 1344 1108 1396 ὲκ
1137 1347 1234 1416 τῆς
1267 1346 1462 1417 βουλῆς
1516 1343 1686 1420 ἀνδρὰ
1737 1370 1905 1424 πρεσ-

332 1428 503 1499 ϐύτην
520 1431 857 1499 κεκλημένον
875 1433 1160 1504 Γορδιανὸν
1179 1440 1274 1490 καὶ
1293 1440 1496 1493 ἄκοντα
1519 1445 1902 1514 κατασχόντες,

327 1522 564 1592 διάδημά
589 1540 648 1576 τε
677 1523 851 1594 τούτῳ
884 1526 1247 1596 περιτιθέασι,
1285 1532 1379 1582 καὶ
1405 1533 1697 1602 πορφύραν
1748 1536 1903 1589 ἐνδύ-

329 1631 473 1675 ουσι,
493 1616 586 1668 καὶ
611 1617 1040 1684 ἀναγορεύουσιν
1083 1619 1462 1692 αὐτοκράτορά
1486 1641 1545 1677 τε
1575 1626 1664 1678 καὶ
1691 1625 1904 1695 Αὐγου-

331 1721 475 1756 στον.
530 1707 589 1758 ⁸0
618 1707 671 1760 δὲ
700 1709 757 1760 ὲν
794 1708 1123 1780 Καρθαγένῃ
1152 1715 1535 1783 παραγίνεται,
1586 1720 1682 1772 καὶ
1737 1721 1901 1776 αὐτὸν

329 1796 586 1864 ἀσμένως
639 1797 716 1867 τῷ
771 1776 906 1870 πρὸς
956 1802 1046 1855 τὸν
1095 1776 1402 1874 Μαξιμίνον
1458 1776 1606 1878 μίσει
1650 1813 1900 1878 ἐδέξαντο
1930 1776 1975 1834 Β

329 1886 669 1955 σύμπαντες.
698 1889 1039 1946 Ἐπιστέλλει
1065 1890 1159 1948 οὖν
1185 1900 1249 1965 τῇ
1285 1898 1471 1970 βουλῇ,
1501 1903 1595 1956 καὶ
1625 1906 1753 1968 τοὺς
1801 1909 1903 1976 ἀγ-

326 1977 623 2072 γελοῦντας
647 1983 746 2051 τὴν
775 1983 1078 2056 ἀνάρῥησιν
1115 1988 1279 2041 αὐτοῦ
1314 1994 1428 2053 τοῖς
1467 1995 1526 2046 έν
1568 1999 1635 2067 τῇ
1710 1999 1899 2072 Ῥώμῃ

328 2071 644 2128 ἀπέστειλε.
683 2075 802 2127 Τῶν
835 2077 893 2129 δὲ
917 2079 1218 2134 σταλέντων
1249 2083 1618 2152 χρονισάντων
1647 2091 1788 2143 κατὰ
1809 2071 1902 2145 τὸν

328 2163 521 2228 πλοῦν,
551 2166 645 2217 καὶ
687 2167 814 2220 οίὲν
839 2171 904 2239 τῇ
959 2169 1140 2244 Ῥώμῃ
1176 2173 1251 2244 μὴ
1293 2175 1552 2246 φέροντες
1579 2179 1678 2249 τὴν
1707 2199 1904 2252 τυραν-

326 2256 448 2310 νίδα
479 2257 570 2311 τοῦ
621 2259 953 2330 Μαξιμίνου.
1003 2263 1140 2334 πρὸς
1202 2267 1542 2322 ἀποστασίαν
1595 2272 1898 2343 κεκίνηντο,

325 2347 548 2411 καὶτὰς
582 2351 792 2403 ἐκείνου
825 2353 1042 2416 εἰκόνας
1071 2355 1350 2427 καθῄρουν
1381 2360 1477 2412 καὶ
1525 2361 1602 2430 τῷ
1646 2364 1902 2436 τυράννῳ

323 2438 709 2508 ἐλοιδοροῦντο.
736 2438 872 2495 Εἶτα
919 2448 1464 2517 γνωσιμαχήσαντες,
1498 2453 1574 2515 ὼς
1599 2453 1647 2504 εί
1679 2453 1902 2518 σώζοιτο

322 2530 755 2599 Μαξιμῖνος,οὐκ
780 2534 932 2590 ἔσται
963 2537 1115 2606 σφίσι
1139 2541 1411 2610 σωτηρίας
1433 2543 1608 2608 ἐλπὶς.
1627 2545 1738 2600 δύω
1765 2565 1898 2617 προ-

325 2622 618 2677 ϐάλλονται
669 2630 1034 2696 στρατηγοὺς,
1084 2632 1339 2703 Μάξιμόν
1382 2653 1442 2688 τε
1488 2639 1585 2690 καὶ
1636 2639 1898 2706 ’Δλὸῖνον,

323 2717 419 2765 καὶ
446 2714 615 2783 ἄμφω
665 2720 732 2786 τῇ
791 2718 954 2790 βουλῇ
1017 2724 1573 2795 συναριθμουμένους.
1639 2731 1798 2794 Τινὲς
1844 2733 1900 2786 δὲ

320 2803 611 2874 Καίσαρας
643 2807 841 2872 αὐτοὺς
898 2811 1036 2881 πρὸς
1093 2816 1191 2883 τῆς
1237 2817 1540 2888 συγκλήτου
1603 2822 1901 2893 ίστόρησαν

319 2895 778 2968 ἀναγορευθῆναι,
831 2904 996 2974 μήπω
1037 2905 1316 2980 μαθούσης
1345 2910 1443 2982 τὴν
1473 2912 1778 2986 ἀνάρρησιν
1806 2917 1899 2970 τοῦ

315 2986 636 3060 Γρρδιανοῦ,
678 2994 736 3047 Ὃ
775 2995 832 3050 δέ
872 3013 936 3065 γε
965 3000 1270 3069 Μαξιμῖνος
1298 3005 1474 3058 ταῦτα
1535 3008 1742 3077 μαθὼν,
1793 3009 1901 3078 ὧρ-

2015 711 2156 766 bona
2187 712 2518 783 locupletum
2551 717 2670 770 sine
2703 718 2810 771 ulla
2845 719 3114 788 probabili
3141 726 3323 791 specie
3355 719 3580 779 invade-

2013 803 2146 858 baut
2178 821 2192 858 :
2223 820 2324 860 nec
2359 805 2427 860 iis
2462 809 2729 870 contenti,
2763 808 2911 877 ipsos
2957 827 3179 882 quoque
3231 828 3577 882 possessores

2013 895 2380 951 trucidabant.
2413 897 2653 963 Quarum
2683 914 2866 953 rerum
2902 901 3226 971 indignitate
3257 903 3324 957 ad
3359 904 3579 957 seditio-

2012 1004 2138 1042 nem
2203 989 2464 1044 concitati
2530 992 2757 1056 milites,
2809 992 2983 1047 virum
3045 996 3308 1048 senatorii
3371 995 3580 1049 ordinis

2007 1080 2368 1145 Gordiauum,
2399 1082 2680 1135 hominem
2717 1093 2994 1152 provecta:
3020 1085 3197 1138 aetatis
3223 1086 3309 1140 vel
3341 1085 3572 1139 invitum

2009 1169 2233 1236 rapiunt
2267 1187 2280 1221 :
2309 1170 2676 1240 impositoque
2705 1171 3033 1234 diademate,
3055 1173 3290 1242 dataque
3309 1189 3573 1242 purpura,

2008 1263 2392 1331 imperatorem
2422 1272 2479 1317 et
2514 1263 2821 1330 Augustum
2858 1265 3123 1318 salutant.
3158 1263 3261 1330 Qui
3294 1265 3578 1335 Carthagi-

2006 1370 2130 1410 nem
2171 1354 2474 1424 prol’ectus,
2503 1364 2558 1408 et
2597 1355 2880 1409 Maximini
2915 1356 3043 1409 odio
3083 1356 3151 1410 ab
3192 1355 3450 1412 omnibus
3479 1358 3576 1412 be-

2006 1447 2170 1516 nigne
2209 1455 2520 1513 susceptus,
2551 1447 2765 1501 litteras
2796 1448 3116 1516 legatosque
3153 1448 3220 1502 de
3275 1463 3372 1501 sua
3425 1448 3575 1503 desi-

2002 1536 2259 1605 gnatiune
2276 1537 2342 1590 ad
2365 1546 2614 1591 senatqu
2635 1538 2824 1591 mittit.
2851 1538 3097 1603 Quicum
3136 1539 3189 1591 in
3225 1538 3576 1608 navigatione

2003 1627 2200 1682 morati
2222 1637 2427 1691 essent,
2465 1629 2692 1683 Romani
2726 1629 3031 1699 tyrannidis
3059 1628 3332 1682 Maximini
3357 1627 3572 1698 ρει-ιωεί

2003 1720 2373 1775 defecerunt:
2413 1730 2472 1774 et
2511 1723 2706 1776 statuis
2759 1723 2878 1790 ejus
2929 1721 3154 1784 eversis,
3214 1721 3458 1775 convicia
3517 1721 3572 1774 in

2006 1825 2293 1886 tyrannum
2330 1813 2602 1883 iecerunt.
2640 1813 2844 1869 Deinde
2873 1829 2996 1867 cum
3041 1814 3369 1868 temeritatis
3390 1813 3571 1884 paeni-

2007 1915 2165 1971 teret,
2191 1907 2337 1976 quod
2379 1906 2675 1960 Maximino
2727 1905 2988 1959 incolumi
3049 1906 3198 1960 nulla
3244 1906 3326 1960 eis
3381 1906 3573 1961 salutis

2003 2015 2132 2068 spes
2163 1999 2595 2068 relinqueretur,
2627 1998 2766 2052 duos
2800 2013 2867 2052 ex
2903 2005 3096 2052 senatu
3159 1997 3452 2052 Maximum
3513 2003 3570 2051 et

2003 2089 2263 2142 Albinum
2303 2088 2476 2143 duces
2520 2095 2801 2142 crearunt.
2853 2087 3086 2153 Quidam
3117 2085 3282 2141 etiam
3328 2086 3573 2141 Caesares

2002 2196 2034 2235 a
2098 2191 2295 2234 senatu
2348 2181 2653 2250 appellatos
2695 2193 2818 2234 esse
2883 2179 3090 2246 ferunt,
3136 2169 3571 2248 designationem

2004 2271 2265 2327 Gordiani
2303 2266 2483 2328 adhuc
2515 2272 2827 2342 ignorante.
2862 2272 3075 2338 Quibus
3120 2272 3286 2326 rebus
3326 2269 3571 2323 Maximi-

2002 2379 2106 2417 nus
2145 2362 2402 2433 cognitis.
2465 2363 2645 2415 minas
2695 2370 2890 2415 contra
2936 2371 3186 2416 senatum
3229 2359 3462 2428 spirans,
3513 2357 3568 2410 in

2003 2454 2208 2508 Italiam
2233 2452 2541 2521 contendit.
2585 2452 2692 2507 Sed
2749 2452 2841 2506 ubi
2879 2451 3197 2512 Maximum,
3251 2449 3450 2504 Albino
3501 2447 3571 2501 ad

2004 2545 2158 2600 urttis
2187 2544 2490 2599 custodiam
2518 2544 2734 2606 relicto,
2759 2553 2952 2597 contra
2995 2555 3052 2596 se
3079 2541 3380 2596 adventare
3424 2537 3569 2592 didi-

2002 2635 2098 2697 cit,
2135 2634 2463 2703 Aquileiam,
2485 2648 2592 2702 qua
2628 2632 2790 2702 potiri
2822 2633 2875 2685 in
2901 2633 3096 2702 primis
3129 2630 3406 2694 studebat,
3441 2643 3567 2684 eum

2001 2726 2246 2781 exercitu
2280 2725 2589 2778 Maurorum
2639 2723 2957 2778 declinavit.
3017 2723 3268 2793 Aquileia
3327 2735 3454 2776 vero
3501 2735 3566 2775 ea

2001 2819 2126 2882 fuit,
2157 2833 2280 2887 quae
2313 2833 2462 2871 nunc
2487 2816 2726 2871 Venetiae
2761 2816 2988 2872 dicitur.
3023 2814 3130 2870 Sed
3163 2816 3375 2870 civibus
3405 2813 3568 2884 622

2000 2909 2216 2965 fortiter
2247 2923 2304 2963 se
2343 2906 2788 2971 defendentibus,
2831 2909 2904 2962 ab
2956 2908 3092 2962 urbe
3146 2907 3422 2975 repulsus,
3451 2913 3508 2957 et
3536 2918 3567 2957 a

2003 3002 2240 3056 Maximo
2265 3000 2381 3054 acie
2405 3000 2602 3063 victus,
2631 3000 2684 3053 in
2718 3014 2881 3054 suum
2913 2998 3330 3053 tabernaculum
3361 2994 3524 3048 rediit
3549 3010 3564 3044 :

321 3096 500 3150 μησεν
553 3085 646 3137 ἐπὶ
676 3085 936 3154 Ἰταλίαν,
970 3090 1140 3144 πολλὰ
1177 3095 1241 3162 τῇ
1275 3094 1566 3166 συγκλήτῳ
1600 3099 1896 3168 ἀπειλησά-

2000 3106 2230 3164 ortoque
2283 3092 2429 3146 inter
2461 3091 2633 3159 ipsius
2663 3091 2928 3145 satellites
2959 3101 3016 3144 et
3045 3089 3247 3142 milites
3295 3084 3566 3148 tumultu,

326 3189 509 3240 μενος.
543 3175 710 3239 Γνοὺς
743 3177 800 3230 δὲ
831 3179 921 3234 τὸν
940 3181 1193 3252 Μάξιμον
1225 3189 1552 3256 χωρήσαντα
1577 3189 1698 3242 κατ’
1728 3192 1894 3244 αὐτοῦ

318 3265 372 3319 ίό
409 3267 788 3337 γὰρἈλΰῖνος
837 3274 916 3334 είς
979 3275 1226 3347 φυλακὴν
1258 3281 1357 3346 τῆς
1410 3279 1629 3351 Ῥώμης
1678 3282 1896 3353 ἔμεινεν

317 3359 381 3410 ἐν
421 3360 580 3431 αὐτῇ)
641 3363 739 3415 ἐπὶ
796 3363 1088 3437 ’Δκυληῒαν
1146 3371 1438 3434 ἀπένευσε,
1513 3375 1896 3444 Μαυρουσίους

316 3449 461 3516 ἔχων
509 3453 630 3520 μεθ’
664 3455 892 3518 ἑαυτοῦ,
940 3457 1147 3526 ταύτην
1195 3460 1445 3514 σπεύδων
1494 3466 1898 3531 προκατασχεῖν

313 3547 332 3609 (
353 3541 614 3612 Ἀκυληῖα
635 3546 690 3598 δὲ
707 3548 738 3614 ή
755 3547 853 3600 νῦν
866 3549 1086 3602 Βενετία
1098 3551 1336 3619 λέγεται)
1349 3594 1364 3616 ,
1387 3553 1504 3604 ἀλλ’
1522 3553 1898 3624 ἀπεκρούσθη,

311 3630 424 3681 τῶν
476 3633 534 3686 ἐν
587 3636 725 3706 αὐτῇ
783 3640 1228 3709 ἀντιταξαμένων
1287 3642 1438 3712 αὐτῷ
1487 3644 1884 3713 γενναιότερον.

312 3721 742 3792 Ἀποκρουσθεὶς
767 3730 825 3783 δὲ
850 3732 949 3799 τῆς
1001 3732 1297 3799 Ἀκυληῖας
1324 3736 1352 3786 ό
1404 3733 1732 3804 Μαξιμῖνος,
1796 3735 1891 3787 καὶ

1995 3201 2272 3257 egressus,
2310 3194 2370 3239 ut
2399 3200 2496 3240 eos
2525 3184 2922 3252 alloqueretur,
2955 3182 3159 3250 impetu
3201 3179 3418 3233 illorum
3454 3191 3562 3230 una

1997 3296 2121 3333 cum
2149 3278 2284 3342 tilio,
2335 3290 2500 3346 quem
2533 3289 2720 3329 secum
2777 3273 3100 3330 adduxerat.
3141 3282 3224 3324 est
3293 3268 3510 3323 occisus
3553 3283 3567 3318 ι

1999 3379 2162 3422 natus
2193 3383 2367 3422 annos
2401 3383 2432 3419 ν
2455 3375 2511 3419 ct
2536 3381 2626 3428 ιτ,
2655 3364 2801 3418 unde
2833 3379 2882 3417 vt
2938 3361 3247 3430 imperavit.
3271 3360 3568 3413 Amborutn

1999 3461 2177 3530 capita
2246 3467 2549 3527 amputata,
2615 3455 3063 3522 Aquileiensibus
3115 3462 3408 3514 ostentata,
3465 3451 3572 3504 Ito-

2006 3569 2256 3620 mamque
2288 3553 2454 3605 missa
2487 3559 2636 3602 sunt.
2669 3547 2900 3601 Romani
2934 3560 3065 3600 vero
3098 3544 3371 3598 Maximini
3409 3550 3572 3610 caput

1999 3643 2052 3697 in
2095 3645 2213 3698 foro
2255 3643 2376 3712 palo
2424 3639 2746 3703 alllxerunt,
2798 3647 2858 3692 ut
2902 3639 3162 3693 omnibus
3210 3634 3570 3703 conspicuum

1999 3747 2170 3789 θεεει.

313 3821 643 3891 προσϐαλὼν
675 3827 790 3890 τοῖς
823 3829 949 3898 περὶ
979 3828 1071 3881 τὸν
1103 3829 1354 3898 Μάξιμον
1387 3831 1624 3900 ἡττήθη,
1679 3831 1776 3883 καὶ
1827 3832 1885 3893 ὲς
1923 3830 2022 3900 τὴν
2076 3831 2288 3882 οἰκείαν
2344 3831 2552 3901 σκηνὴν
2619 3830 2958 3898 ἀνεχώρησε.
3016 3822 3438 3878 Στασιασάντων
3507 3819 3568 3876 δὲ

308 3917 420 3967 τῶν
449 3919 796 3986 στρατιωτῶν
831 3921 925 3972 διαὶ¹
953 3922 1062 3974 τῶν
1082 3921 1398 3990 δορυφόρων
1420 3922 1608 3985 αὐτοῦ,
1643 3922 1880 3992 προῆλθε
1919 3923 2016 3990 τῆς
2045 3923 2250 3992 σκηνῆς
2281 3922 2420 3992 μετά
2482 3923 2577 3975 τοῦ
2607 3923 2810 3974 οἰκείου
2832 3919 3040 3980 παιδὸς,
3061 3917 3134 3978 ὼς
3157 3915 3310 3982 σφίσι
3336 3911 3564 3976 διαλεξό-

313 4025 498 4076 μενος.
536 4011 599 4062 Oi
643 4011 701 4063 δὲ
752 4011 949 4065 αὐτίκα
1017 4012 1338 4076 ἐπελθόντες
1389 4016 1616 4083 ἀμφοῖν,
1672 4016 1881 4069 ἀνεῖλον
1920 4015 2133 4078 αὐτούς.
2191 4012 2300 4068 Ἦν
2350 4016 2407 4068 δὲ
2433 4013 2938 4083 όΜαξιμῖνοςὲτῶν
2960 4011 3117 4063 πέντε
3159 4009 3253 4061 καὶ
3284 4007 3569 4075 ἐξήκοντα.

311 4101 408 4166 ἀφ’
445 4096 520 4154 ὧν
547 4102 898 4156 ὲὸασίλευσεν
933 4103 1011 4168 ἓξ.
1063 4104 1132 4156 Al.
1167 4107 1404 4174 κεφαλαὶ
1468 4107 1525 4158 δὲ
1588 4106 1698 4159 τῶν
1765 4109 2164 4178 ἀναιρεθέντων
2209 4105 2419 4159 τούτων
2469 4104 2830 4173 ὲκτμηθεῖσαι
2901 4103 3023 4163 τοῖς
3074 4115 3134 4151 τε
3189 4101 3248 4150 ὲν
3306 4095 3568 4165 Ἀκυληῖᾳ

308 4192 707 4262 ὲπεδείχθησαν
734 4197 829 4246 καὶ
858 4198 938 4258 εἰς
982 4195 1084 4262 τὴν
1130 4195 1350 4267 Ῥώμην
1377 4197 1761 4268 ἐπέμφθησαν.
1799 4203 1859 4252 Οἱ
1899 4201 1942 4254 δ’
1996 4201 2054 4251 ὲν
2097 4201 2164 4269 τῇ
2238 4197 2429 4270 Ῥώμῃ
2461 4197 2605 4251 κατὰ
2643 4195 2742 4266 τὴν
2805 4193 3014 4263 ἀγορὰν
3046 4194 3147 4262 τὴν
3182 4189 3426 4260 κεφαλὴν
3475 4190 3570 4244 τοῦ

310 4285 626 4356 Μαξιμίνου
665 4287 1145 4354 ἁνεσκολόπισαν,·
1176 4289 1245 4344 ἵν’
1271 4291 1358 4360 εἴη
1411 4293 1549 4344 πᾶσι
1583 4293 1902 4360 περίοπτος.
2587 4331 2591 4333 -

382 4381 480 4432 ΙΖ¹.
509 4379 792 4433 Ἐντεῦθεν
815 4382 843 4433 ὁ
871 4381 1120 4450 Μάξιμος
1150 4384 1230 4446 είς
1254 4383 1606 4454 τὴνζῬώμην
1632 4384 1896 4452 ἐπανελή-

2075 4385 2237 4440 XVll.
2263 4384 2510 4440 Postbmc
2531 4383 2796 4438 Maximus
2817 4383 3046 4436 Romam
3073 4393 3348 4441 reversus,
3370 4378 3572 4433 Albino

306 4469 459 4532 λυθε,
498 4471 592 4523 καὶ
643 4471 672 4521 ό
717 4470 959 4534 Ἀλϐῖνος
1007 4473 1306 4542 ύπηντήκει
1348 4473 1517 4544 αὐτῷ,
1554 4475 1648 4527 καὶ
1674 4475 1893 4546 όδῆμος

1998 4478 2214 4532 obviam
2272 4490 2516 4546 egresso,
2561 4490 2591 4528 a
2640 4481 2832 4528 senatu
2889 4471 3200 4540 populoque
3249 4485 3373 4524 cum
3430 4470 3571 4524 lzetis

307 4559 367 4613 δὲ
390 4561 484 4612 καὶ
516 4561 548 4629 ή
583 4558 885 4631 σύγκλητος
918 4563 1015 4616 σὺν
1042 4564 1339 4633 εὐφημίαις
1365 4565 1459 4616 καὶ
1485 4565 1702 4634 κρότοις
1727 4566 1891 4619 αὐτὸν

1998 4568 2494 4624 acclamationibus
2563 4577 2618 4620 et
2688 4565 2880 4635 plausu
2909 4573 2996 4617 est
3059 4573 3375 4631 susceptus.
3435 4563 3569 4617 Inde

313 4651 666 4717 ὑπεδέξαντο,
699 4653 790 4707 καὶ
821 4656 1086 4725 συνῆρχον
1120 4657 1308 4726 ἄμφω,
1331 4659 1426 4710 καὶ
1456 4652 1626 4728 ἦρχον
1680 4656 1884 4718 καλῶς.

1998 4663 2155 4716 ambo
2190 4677 2296 4715 una
2318 4701 2332 4724 ,
2363 4667 2419 4714 et
2451 4659 2674 4728 quidem
2711 4657 2850 4711 bene
2879 4657 3239 4725 imperarunt.
3270 4655 3385 4711 'Sed
3419 4656 3567 4708 mili-

309 4747 373 4797 Οί
401 4745 460 4798 δέ
490 4760 552 4812 γε
581 4745 907 4813 στρατιῶται
925 4748 1211 4802 ἐδάκνοντο
1242 4750 1325 4802 ὅτι
1354 4750 1454 4802 οὐκ
1483 4749 1659 4810 αὐτοὶ,
1698 4748 1813 4802 ἀλλ’
1851 4751 1882 4818 ή

1998 4759 2073 4806 tes
2112 4767 2254 4821 aegre
2285 4751 2534 4806 ferebant
2581 4764 2678 4804 eos
2708 4764 2817 4802 non
2851 4763 2878 4801 a
2925 4763 3006 4813 se,
3041 4747 3135 4801 sed
3164 4763 3192 4800 a
3237 4756 3428 4801 senatu
3462 4762 3564 4813 po-

311 4837 477 4908 βουλὴ
505 4839 596 4890 καὶ
623 4839 652 4888 ὁ
680 4839 853 4908 δῆμος
881 4841 1013 4903 τοὺς
1047 4842 1458 4913 αὐτοκράτορας
1486 4843 1882 4914 προεϐάλοντο.

311 4924 447 4980 Εἶτα
482 4926 580 4979 καὶ
630 4928 788 4980 αὐτοὶ
835 4930 885 4980 oi
946 4928 1188 4999 βασιλεῖς
1241 4927 1378 4999 πρὸς
1417 4931 1682 5001 ἀλλήλους
1725 4931 1882 5000 ἔσχον

304 5019 591 5089 διαφορὰς,
642 5019 736 5071 καὶ
763 5019 910 5072 τοῦτ’
967 5019 1142 5072 αἴτιον
1196 5021 1382 5096 αὐτοῖς
1439 5023 1538 5091 τῆς
1603 5021 1881 5083 ἀπωλείας

303 5112 546 5177 εγενετο.
577 5112 800 5176 Γνόντες
821 5111 931 5181 γὰρ
960 5113 1010 5165 oi
1044 5112 1372 5183 στρατιῶται
1402 5113 1476 5177 ὥς
1504 5114 1876 5184 διαφέρονται,

305 5205 542 5273 ἐπῆλθον
565 5205 769 5269 αὐτοῖς,
810 5205 907 5258 καὶ
966 5203 1313 5277 ἀμφοτέρους
1365 5205 1758 5275 δεσμήσαντες,
1790 5203 1879 5257 διὰ

303 5297 488 5364 πάσης
516 5297 615 5366 τῆς
647 5297 858 5360 πόλεως
892 5299 1092 5359 αὐτοὺς
1115 5297 1474 5367 περιήγαγον,
1508 5300 1880 5368 ἐμπαροινου-

304 5390 577 5456 μένουςτε
605 5389 698 5440 καὶ
726 5389 1191 5458 ἐμπαιζομένουτ,
1229 5389 1365 5442 ἀλλά
1400 5390 1508 5457 μὴν
1538 5389 1631 5441 καὶ
1661 5389 1874 5456 αίκιζο-

305 5483 524 5549 μένους.
562 5480 692 5536 Εἶτα
724 5483 1020 5552 πυθόμενοι
1043 5487 1120 5546 ὼς
1148 5485 1198 5536 oi
1249 5484 1522 5555 Γερμανοὶ
1572 5485 1871 5554 ἀφελέσθαι

298 5573 503 5636 αὐτοὺς
533 5576 627 5627 καὶ
650 5575 958 5643 περισῶσαι
1014 5575 1382 5644 βουλεύονται,
1438 5576 1523 5629 ἵνα
1581 5579 1653 5647 μὴ
1714 5578 1871 5631 τοῦτο

300 5665 551 5732 γένηται,
603 5669 930 5722 ἀπέκτειναν
975 5667 1196 5731 αὐτούς.
1245 5664 1347 5722 ’Ὦν
1390 5672 1418 5722 ὁ
1470 5671 1568 5741 μὲν
1620 5669 1870 5739 Μάξιμος

301 5757 439 5808 ἐτῶν
470 5755 535 5826 ἦν
562 5759 936 5833 ἐϐδομήκοντα
967 5761 1056 5812 καὶ
1083 5761 1382 5832 τεσσάρων,
1444 5764 1471 5815 ό
1536 5763 1589 5815 δὲ
1625 5763 1864 5826 Ἀλῦῖνος

1987 4839 2228 4913 puloque
2255 4842 2566 4896 declaratos
2593 4855 2736 4895 esse.
2773 4840 2905 4912 Post
2936 4838 3037 4908 ipsi
3071 4838 3236 4892 etiam
3270 4837 3564 4904 imperato-

1988 4951 2078 4988 res
2109 4934 2252 4988 inter
2283 4949 2341 4988 se
2379 4931 2796 4994 dissentientes,
2831 4930 3001 4986 exitio
3032 4945 3132 4984 suo
3166 4942 3388 4982 causam
3423 4943 3561 4996 prae-

1987 5027 2247 5083 buerunt.
2283 5026 2418 5080 Nam
2454 5041 2517 5080 ea
2551 5025 2898 5080 dissensione
2929 5023 3133 5076 milites
3165 5018 3404 5088 cognita,
3436 5033 3557 5070 aui-

1984 5121 2085 5175 bos
2136 5121 2372 5175 vinculis
2413 5119 2744 5173 constrictos
2799 5131 2896 5184 per
2943 5123 3108 5168 totam
3159 5111 3391 5171 urbem,
3453 5125 3554 5178 per

1984 5211 2284 5266 ludibrium
2331 5222 2388 5264 et
2430 5209 2843 5268 contumeliam,
2898 5220 3003 5258 nec
3042 5203 3158 5256 sine
3198 5200 3548 5264 verberibus,

1979 5302 2488 5358 circumduxerunt.
2523 5299 2729 5354 Deinde
2765 5313 2886 5350 cum
2917 5294 3276 5354 audivissent,
3313 5290 3546 5346 Germa-

1980 5411 2081 5449 nos
2118 5395 2331 5465 eripere
2378 5403 2434 5448 et
2465 5403 2795 5446 conservare
2846 5387 2968 5440 illos
3022 5384 3200 5438 velle:
3245 5393 3546 5452 utrumque

1977 5487 2320 5549 occiderur.;,
2363 5499 2593 5554 quorum
2646 5478 2910 5534 Maximus
2946 5491 3117 5531 annos
3160 5489 3340 5537 Lxxtv,
3392 5475 3544 5528 All-i-

1976 5594 2081 5632 nus
2120 5593 2184 5630 Lx
2221 5584 2386 5630 natus
2429 5581 2571 5628 erat.
2622 5571 2974 5638 lmperarunt
3025 5567 3139 5630 vel,
3185 5574 3246 5620 ut
3290 5565 3543 5620 nonnulli

1975 5679 2232 5723 auctores
2278 5674 2426 5732 sunt,
2467 5665 2589 5718 dies
2633 5679 2762 5726 xxu,
2797 5659 2900 5724 vel,
2933 5670 2994 5714 ut
3025 5659 3116 5712 alii
3151 5658 3389 5716 tradunt,
3425 5671 3534 5710 non

1974 5771 2084 5816 tres
2119 5775 2334 5816 menses
2384 5759 2646 5829 integros.
2691 5755 2819 5811 Post
2855 5752 2959 5808 hos
2987 5750 3208 5822 quidam
3251 5749 3532 5820 Pompeia-
