4034 6244
555 332 696 406 1058
1014 342 1016 344 ’
1827 328 2152 396 IOANNIS
2193 331 2514 394 ZONMUE
3647 323 3760 391 1036

555 466 688 522 erga
744 443 1093 505 Christianos
1149 443 1295 500 bene
1353 437 1782 507 aﬁ‘cctus'fuit;
1835 457 1901 497 ac
1949 442 2134 512 potius

2170 446 2204 501 Α
2235 442 2292 494 δὲ
2319 443 2348 494 6
2380 439 2673 510 Σαπὼρης,
2709 437 2900 506 ὥσπερ
2947 435 3253 506 ἱστόρηται,
3301 434 3665 503 ὑπερμεγέθης
3688 435 3763 486 τὸν

554 551 812 596 auctores
837 537 1060 607 quidam
1091 544 1242 599 sunt,
1271 549 1397 591 eum
1423 534 1794 590 Christianam
1823 533 1984 586 ﬁdem
2010 546 2128 586 am-

2234 533 2401 596 ὖγκον
2430 531 2525 584 τοῦ
2557 532 2833 600 σώματος,
2864 529 2956 582 καὶ
2983 525 3095 592 οἷος
3121 527 3278 580 οὔπω
3305 527 3425 580 τότε
3455 525 3602 597 ὤφθη
3630 529 3759 597 ἀνήρ.

554 647 811 702 plexum,
867 631 922 683 in
971 629 1204 683 ecclesia
1253 627 1566 683 communia
1627 642 1754 682 eum
1801 625 2131 682 Christianis

2251 621 2658 686 Ἐπαναζεύξας
2690 620 2746 673 δὲ
2774 623 2801 674 6
2829 620 3118 684 Φίλιππος,
3151 617 3386 688 εὐμενὴς
3416 612 3482 689 ἦν
3513 622 3615 680 τοῖς
3657 620 3759 686 Χρι-

553 732 681 777 vota
717 721 935 783 fecisse,
979 730 1036 775 et
1066 731 1293 789 peccata
1334 732 1433 772 sua
1475 735 1582 772 non
1619 727 1879 788 gravattm
1910 715 2133 770 confes-

2241 716 2498 779 στιανοῖς,
2537 713 2770 781 μάλιστα
2794 712 2850 765 δὲ
2881 711 3023 764 κατὰ
3048 710 3246 775 ὲνιους,
3277 711 3374 763 καὶ
3408 710 3691 780 προσετέθη
3711 716 3761 782 τῇ

556 829 677 868 sum
707 826 849 865 esse.
882 810 1014 864 Nam
1051 825 1175 864 cum
1205 827 1234 864 a
1269 811 1564 879 praeposito
1591 809 1851 863 Ecclesiae
1883 808 1949 861 ad
1981 821 2132 861 com-

2241 808 2420 860 πίστει
2470 807 2727 876 Χριστοῦ,
2785 806 2927 860 ὥστε
2980 805 3078 859 καὶ
3125 805 3302 875 εὐχῶν
3357 805 3442 858 ἐπ’
3484 805 3766 874 Ἐκκλησιας

561 905 880 958 munionem
914 919 1024 957 non
1065 903 1475 965 admitteretur,
1520 901 1625 955 nisi
1663 900 1916 956 conﬁteri
1948 900 2129 962 vellet,

2241 900 2574 969 κοινωνῆσαι
2619 901 2990 969 Χριστιανοῖς,
3021 900 3119 952 καὶ
3165 900 3421 968 ἁσμένως
3455 896 3765 968 ἐξαγορεῦσαι

557 1006 614 1051 et
651 1011 849 1049 nomen
901 1009 1062 1049 suum
1101 995 1243 1048 inter
1285 995 1617 1063 poenitentes
1651 992 1894 1062 proﬁteri
1933 1008 1950 1046 :
1991 992 2134 1047 haud

2241 991 2341 1044 ὅσα
2368 991 2417 1043 οἱ
2452 991 2764 1062 ἡμάρτητο.
2790 988 2866 1046 Οὐ
2894 990 3004 1060 γὰρ
3033 990 3209 1052 ἄλλως
3242 993 3325 1052 είς
3357 988 3630 1043 κοινωνίαν
3651 994 3768 1060 παρά

559 1099 862 1140 recusasse.
889 1085 992 1149 Qui
1025 1099 1160 1139 vero
1187 1100 1312 1140 eum
1344 1084 1597 1155 martyris
1624 1083 1880 1154 Eugeniae
1907 1093 2125 1153 patrem

2242 1081 2335 1137 τοῦ
2396 1083 2742 1153 προεστῶτος
2802 1083 2904 1152 τῆς
2958 1081 3293 1150 Ἐκκλησίας
3348 1082 3579 1151 ἐδέχετο,
3625 1082 3668 1134 εί
3710 1083 3767 1153 μὴ

559 1190 682 1229 esse
717 1174 962 1239 tradunt,
999 1182 1209 1228 errant.
1241 1173 1380 1226 Nam
1415 1174 1458 1227 is
1492 1175 1716 1243 quidem
1749 1184 1804 1229 et
1838 1176 1956 1244 ipse
1991 1191 2135 1244 prte—

2243 1175 2726 1246 ὲξομολογήσεται,
2767 1173 2862 1226 καὶ
2889 1175 3003 1234 τοῖς
3036 1171 3248 1227 αἰτοῦσι
3281 1170 3570 1241 μετάνοιαν
3613 1172 3767 1223 ἑαυτὸν

559 1269 743 1325 fectus
776 1270 946 1324 fuisse
974 1280 1250 1334 narratur,
1289 1270 1383 1324 sed
1419 1269 1658 1340 Egypti,
1690 1286 1800 1325 non
1835 1273 2131 1340 praetorio:

2245 1263 2538 1329 καταλέξει
2565 1281 2580 1295 ·
2639 1264 2894 1317 κάκεῖνον
2959 1263 3180 1332 λέγεται
3235 1261 3619 1331 πειθαρχήσαι.
3663 1262 3768 1314 Φασὶ

559 1376 623 1415 ac
649 1369 773 1431 post
793 1360 1156 1416 Christianam
1186 1360 1369 1425 ﬁdem,
1395 1361 1577 1430 posito
1604 1363 1948 1431 magistratu,
1975 1361 2132 1417 Chri-

2249 1359 2433 1428 μέντοι
2464 1358 2608 1419 τινὲς
2641 1357 2832 1412 τοῦτον
2857 1353 2997 1412 εἶναι
3029 1357 3123 1411 τὸν
3156 1356 3375 1428 πατέρα
3407 1356 3505 1423 τῆς
3538 1356 3767 1424 μάρτυρος

559 1462 704 1507 stum
739 1452 955 1507 fortiter
981 1453 1283 1521 professus,
1315 1467 1380 1506 ac
1403 1453 1648 1523 martyrii
1679 1469 1881 1509 corona
1910 1465 2138 1509 ornatus

2246 1451 2510 1516 Εὑγενίας
2543 1449 2678 1520 (66),
2709 1449 2846 1503 ἀλλὰ
2881 1448 3012 1519 περὶ
3042 1448 3141 1519 τὴν
3168 1448 3330 1512 δόξαν
3374 1447 3574 1515 ταύτην
3599 1447 3768 1499 πεπλά-

559 1551 666 1596 est.
700 1543 800 1596 Hic
839 1555 1026 1597 autem
1062 1543 1353 1612 Philippus
1387 1544 1684 1612 imperator
1725 1559 1848 1596 cum
1879 1554 2137 1614 suscepto

2245 1558 2458 1610 νηνται.
2503 1543 2784 1612 Ἔπαρχος
2826 1541 2926 1610 μὲν
2956 1541 3066 1609 γὰρ
3096 1539 3352 1600 κάκεῖνος
3386 1536 3629 1605 γενέσθαι
3660 1539 3769 1588 ἱστά-

561 1635 825 1688 atlversus
856 1633 1088 1705 Scythas
1117 1635 1280 1698 bello,
1315 1635 1545 1689 Romam
1579 1635 1863 1701 rediisset,
1890 1635 2134 1690 Marinus

2249 1651 2431 1706 ρηται,
2465 1634 2581 1688 ἀλλ’
2607 1633 2911 1700 Αἰγύπτου,
2946 1631 3042 1684 καὶ
3081 1631 3140 1684 ού
3176 1629 3276 1682 τοῦ
3311 1627 3676 1698 δορυφορικοῦ·
3700 1629 3773 1681 καὶ

565 1724 788 1794 quidam
815 1725 1074 1779 ordinum
1102 1725 1302 1780 ductor
1331 1741 1362 1778 a
1392 1724 1660 1779 militibus
1684 1724 1735 1779 in
1765 1725 1933 1796 Mysia
1963 1725 2138 1792 impe-

2250 1726 2388 1797 μετά
2431 1725 2528 1796 τὴν
2554 1727 2634 1788 είς
2666 1723 2902 1795 Χριστὸν
2932 1723 3116 1776 πίστιν
3155 1723 3367 1784 ἐκεῖνος
3401 1719 3769 1791 παραιτησάμε-

566 1825 720 1866 rator
759 1822 844 1867 est
884 1812 1152 1867 delectus.
1212 1811 1335 1890 Qua
1387 1812 1660 1867 seditione
1712 1813 1966 1868 turbatus
2015 1828 2141 1868 eum

2180 1805 2216 1859 Β
2246 1837 2336 1884 νος
2381 1819 2482 1890 τῂν
2527 1817 2722 1889 ἀρχὴν,
2770 1816 2910 1888 ὑπὲρ
2963 1816 3062 1886 τῆς
3115 1816 3196 1878 είς
3245 1815 3486 1885 Χριστὸν
3533 1811 3773 1882 ὁμολογίας

566 1903 712 1972 apud
742 1911 991 1958 senatum
1022 1903 1188 1957 verba
1211 1889 1446 1966 iaceret,
1476 1903 1687 1958 caeteris
1715 1904 2042 1970 tacentibus,
2070 1906 2139 1962 de

2244 1913 2553 1986 ἡνδρίσατο,
2603 1911 2695 1964 καί¹
2748 1908 3036 1982 μαρτυρίῳ
3075 1909 3449 1977 κεκόσμηται.
3477 1903 3648 1968 Οὕτως
3693 1904 3773 1956 δ’ὁ

567 1993 779 2051 Marin'o
808 1995 969 2067 625
991 1995 1043 2050 ei
1070 2012 1180 2050 non
1207 1996 1572 2051 laborandum
1597 2011 1721 2052 esse
1747 1997 1887 2053 dixit
1917 1999 2138 2064 Decius,

2242 2003 2606 2075 αὐτοκράτωρ
2634 2003 2662 2055 6
2691 2002 2954 2062 Φίλιππος
2981 1999 3116 2071 πρὸς
3151 1997 3370 2060 Σκύθας
3416 1997 3673 2066 ἀράμενος
3697 1992 3765 2046 πό-

566 2091 714 2159 quod
758 2098 819 2143 ut
864 2089 1030 2144 homo
1075 2105 1246 2160 regno
1294 2091 1575 2161 indignus,
1622 2093 1826 2146 ultroa
1868 2092 2141 2148 militibus

2240 2098 2429 2168 λεμον,
2480 2099 2560 2158 εἰς
2598 2095 2819 2165 Ῥώμην
2855 2093 3181 2163 ἐπανῆλθεν.
3233 2092 3324 2145 Ἐν
3359 2091 3417 2144 δὲ
3445 2091 3636 2150 Μυσοῖς
3682 2089 3771 2141 Μα-

565 2181 901 2237 oceidendus
927 2192 1116 2236 esset:
1157 2183 1323 2251 idque
1356 2191 1416 2236 ut
1462 2183 1552 2236 ille
1584 2184 1943 2252 praedixerat,
1976 2187 2140 2254 paulo

2245 2194 2389 2262 ρῖνος
2427 2188 2539 2261 (67)
2562 2206 2644 2249 τις
2675 2187 2977 2256 ταξιάρχης
3006 2185 3106 2249 ὢν,
3135 2185 3290 2255 παρά
3324 2182 3435 2235 τῶν
3469 2177 3767 2252 στρατιωτῶν

566 2281 693 2342 post
720 2273 944 2327 accidit.
971 2273 1086 2338 Qua
1112 2273 1178 2328 de
1209 2289 1374 2328 causa
1401 2272 1689 2344 Philippus
1715 2277 1936 2330 Decium
1966 2277 2141 2333 admi-

2245 2280 2550 2351 βασιλεύειν
2581 2273 2776 2352 ᾖρέθη.
2810 2279 2919 2330 Καὶ
2944 2276 3032 2331 διὰ
3057 2277 3216 2330 τοῦτο
3241 2279 3268 2329 6
3295 2274 3558 2336 Φίλιππος
3584 2268 3765 2336 τεθορὺ-

565 2373 751 2426 ratus,
792 2363 844 2416 in
888 2364 1110 2433 Mysiam
1146 2364 1300 2419 abire
1339 2373 1394 2420 et
1432 2366 1720 2421 seditionis
1752 2381 2003 2424 auctores
2037 2386 2140 2439 pu-

2245 2375 2400 2444 6ητο,
2427 2372 2523 2426 καὶ
2556 2374 2622 2443 τῇ
2649 2369 2940 2441 συγκλήτῳ
2963 2367 3239 2438 διειλέχθη
3266 2367 3396 2437 περὶ
3427 2365 3523 2432 τῆς
3555 2363 3771 2420 στάσεως.

566 2455 688 2509 nire
717 2457 900 2524 jussit.
937 2454 984 2510 ls
1017 2471 1148 2510 vero
1182 2471 1302 2510 eam
1340 2457 1692 2527 legationem,
1721 2463 1866 2528 quod
1905 2479 2004 2518 nec
2033 2463 2139 2517 sibi

2245 2465 2368 2518 Τῶν
2401 2463 2576 2518 ἄλλων
2606 2463 2662 2515 δὲ
2704 2462 3056 2519 σιωπώντων.
3087 2463 3114 2513 6
3147 2460 3343 2522 Δέκιος
3408 2458 3481 2527 μὴ
3519 2457 3618 2509 δεῖν
3645 2469 3772 2521 φρον-

569 2560 750 2612 neque
800 2545 1040 2600 mittenti
1099 2547 1280 2601 futura
1331 2558 1478 2603 esset
1535 2551 1720 2614 utilis,
1775 2552 2139 2621 deprecatus:

2245 2558 2414 2616 τὶζειν
2446 2549 2600 2607 εἶπεν
2634 2551 2782 2621 αὐτῷ
2835 2553 2962 2621 περὶ
2996 2551 3090 2604 τοῦ
3147 2550 3425 2621 Μαρίνου,
3464 2548 3535 2610 ὡς
3565 2544 3677 2614 παρ’
3699 2543 3772 2595 αὖ·

570 2644 753 2689 tamen
789 2648 1017 2706 urgente
1058 2638 1335 2710 Philippo,
1373 2641 1510 2696 abiit
1542 2643 1769 2708 invitus,
1804 2655 1859 2697 et
1889 2661 1918 2697 a
1950 2646 2141 2700 militi-

2245 2649 2353 2702 τῶν
2384 2646 2886 2716 ἀναιρεθησομένου
2918 2644 3026 2697 τῶν
3062 2643 3440 2714 στρατιωτῶν,
3476 2635 3561 2693 οἶα
3599 2636 3770 2704 ἀναξίου

568 2728 672 2782 bus
715 2729 901 2783 statim
959 2732 1168 2785 strictis
1228 2734 1457 2789 ensibus
1511 2735 1767 2805 accipere
1824 2738 2141 2806 imperium,

2245 2741 2346 2810 τῆς
2376 2737 3062 2810 βασιλείας-τυγχάνοντος.
3097 2738 3160 2789 Ὃ
3195 2736 3318 2806 μετ’
3343 2734 3522 2800 ὀλίγον
3551 2730 3674 2784 κατά
3700 2729 3771 2794 τὴν

565 2822 924 2890 quantumvis
966 2833 1282 2890 recusaret,
1321 2838 1577 2892 coactus,
1623 2828 1875 2900 Philippo
1926 2831 2140 2896 scribit,

2247 2833 2458 2886 ἐκείνου
2493 2831 2684 2898 γέγονε
2729 2831 3057 2900 πρόρρησιν.
3090 2828 3394 2896 Θαυμάσας
3424 2821 3514 2878 οὖν
3557 2825 3581 2876 6
3624 2821 3772 2873 Φίλιπ-

567 2925 638 2965 ne
674 2911 966 2967 turbetur:
1009 2929 1067 2968 se
1101 2915 1273 2979 enim,
1317 2915 1410 2970 ubi
1457 2916 1685 2972 Romam
1726 2922 1961 2982 venerit,
1993 2923 2144 2992 posi-

2252 2941 2351 2986 πος
2381 2922 2467 2975 διὰ
2491 2923 2649 2974 τοῦτο
2678 2925 2769 2976 τὸν
2807 2921 3015 2977 Δέκιον.
3045 2919 3304 2972 ἀπελθεῖν
3350 2917 3695 2986 προετρέπετο
3716 2911 3773 2968 είς

567 3011 754 3057 turum
785 3018 906 3059 esse
943 3004 1177 3076 insignia
1223 3006 1466 3078 imperii.
1511 3009 1667 3076 Quod
1703 3012 1992 3082 Philippus
2031 3031 2142 3072 non

2249 3016 2490 3078 Μυσίαν,
2527 3014 2622 3067 καὶ
2653 3014 2882 3067 κολάσαι
2916 3015 3040 3076 τοὺς
3068 3011 3276 3072 αἰτίους
3313 3012 3411 3079 τῆς
3463 3006 3697 3065 στάσεως.
3729 2999 3771 3052 ’0

567 3094 837 3161 credens,
887 3096 1094 3151 bellum
1126 3098 1176 3153 ei
1222 3100 1448 3154 intulit:
1485 3104 1891 3172 commissoque
1928 3105 2140 3174 praelia,

2177 3147 2216 3204 ο
2248 3108 2305 3161 δὲ
2353 3107 2452 3178 τὴν
2510 3107 2814 3177 ἀποστολὴν
2869 3107 3188 3176 παρῃτεῖτο,
3239 3102 3423 3170 λέγων
3470 3099 3618 3169 μήθ’.
3635 3093 3770 3200 ﬁculni,

570 3185 627 3240 in
670 3188 844 3256 prima
884 3189 1001 3243 acie
1032 3191 1304 3246 dimicans
1335 3209 1441 3246 una
1475 3210 1599 3248 cum
1631 3194 1744 3249 ﬁlio
1775 3197 2027 3267 Philippo
2056 3214 2147 3255 ce-

2178 3185 2216 3204 ν
2251 3199 2386 3269 μήτε
2424 3196 2501 3268 τῷ
2533 3197 2804 3251 στέλλοντι
2851 3198 3156 3267 συμφέρειν
3188 3195 3360 3248 αὑτὸν
3395 3193 3509 3246 ἐκεῖ
3541 3188 3771 3244 ἀπελθεῖν·

570 3277 728 3332 cidit.
763 3279 972 3344 Quibus
997 3281 1247 3346 sublatis,
1282 3284 1524 3339 universi
1551 3301 1609 3339 se
1641 3285 1708 3339 ad
1749 3286 1974 3340 Decium
2013 3304 2150 3343 con-

2245 3294 2273 3344 6
2302 3292 2358 3344 δὲ
2388 3290 2653 3354 Φίλιππος
2676 3292 2771 3344 καὶ
2817 3290 2898 3344 ἔτι
2929 3290 3171 3342 ἐνέκειτο
3195 3306 3211 3320 υ
3245 3289 3500 3349 κάκεῖνος
3542 3285 3626 3336 καὶ
3660 3282 3773 3335 ἄκων

572 3369 842 3424 tulerunt.
880 3371 1150 3440 Regnavit
1177 3386 1386 3437 autem,
1421 3384 1481 3428 ut
1509 3377 1732 3446 quidam
1769 3378 2011 3443 tradunt,
2048 3397 2148 3434 an-

2245 3382 2439 3454 ἀπῄει,
2484 3381 2581 3435 καὶ
2628 3381 2936 3436 ἀπελθόντα
2973 3380 3135 3442 εὐθὺς
3186 3379 3356 3432 αὑτὸν
3405 3376 3456 3430 ot
3499 3370 3773 3444 στρατιῶται

575 3477 680 3516 nos
712 3477 764 3526 ν,
800 3470 860 3516 ιιι
907 3464 999 3516 alii
1031 3479 1107 3528 Vl,
1144 3474 1199 3519 et
1242 3467 1468 3522 totidem
1512 3484 1750 3524 menses.
1796 3471 1925 3525 Fuit
1965 3483 2149 3528 autem

2250 3472 2480 3544 βασιλέα
2507 3473 2857 3543 εὐφήμησαν.
2887 3471 2994 3525 Τοῦ
3023 3471 3078 3524 δὲ
3108 3468 3568 3536 ἀπαναινομὲνου,
3594 3462 3654 3515 τὰ
3677 3461 3773 3527 ξίφη

571 3550 781 3607 Bostris
803 3553 1094 3616 oriundus,
1137 3553 1226 3610 ubi
1255 3572 1422 3628 regno
1445 3559 1677 3628 potitus,
1721 3561 2147 3634 PhilippOpolim

2250 3566 2615 3633 σπασάμενοι,
2649 3564 2904 3631 δέξασθαι
2935 3562 3100 3616 αὐτὴν
3139 3561 3464 3632 ἠνάγκασαν
3502 3556 3593 3626 τὴν
3614 3551 3768 3624 ἀρχήν.

570 3641 640 3696 de
671 3658 772 3696 suo
805 3644 1028 3698 nomine
1059 3644 1331 3701 condidit.

2244 3658 2447 3728 Γράφέ⁹
2481 3652 2576 3711 οὖν
2619 3658 2830 3710 ἐκεῖθεν
2855 3655 2932 3726 τῷ
2957 3655 3210 3722 Φιλίππῳ
3252 3654 3330 3725 μὴ
3370 3650 3709 3723 ταραχθῆναι·
3735 3641 3771 3694 ει

571 3736 680 3803 γὰρ
730 3735 987 3806 ἐπισταίη
1033 3739 1099 3809 τῇ
1146 3738 1357 3810 Ῥώμῃ,
1390 3740 1760 3812 ,ἀποϐήσεται
1803 3744 1872 3798 τὰ
1935 3748 2035 3816 τῆς
2100 3745 2381 3816 βασιλείας
2421 3749 2752 3820 παράσημα.
2832 3747 2971 3800 Ἀλλ’
2993 3747 3303 3816 ἀπιστήσας
3349 3745 3520 3814 τούτῳ
3558 3743 3585 3794 6
3628 3738 3774 3792 Φίλιπ-

571 3842 692 3889 πος.
732 3827 1118 3898 ἐξεστράτευσε
1167 3832 1288 3885 κατ’
1317 3832 1482 3886 αὑτοῦ
1508 3849 1522 3864 ’
1575 3839 1669 3889 καὶ
1703 3837 2000 3906 συμϐαλὼν
2066 3841 2181 3903 τοῖς
2254 3841 2352 3896 τοῦ
2388 3842 2578 3895 Δεκίου
2623 3843 2822 3895 ἔπεσεν
2870 3841 2929 3893 ὲν
2962 3842 3076 3904 τοῖς
3124 3841 3366 3907 πρώτοις
3407 3836 3772 3906 ἀγωνιζόμενος.

571 3921 678 3972 Σὺν
712 3921 860 3992 αὑτῴ
909 3921 966 3974 δὲ
1009 3922 1101 3974 καὶ⁵
1147 3926 1175 3977 6
1224 3924 1339 3987 υίὸς
1377 3926 1541 3979 αὐτοῦ
1576 3927 1820 4000 ἀνῄρητο
1851 3930 2142 3995 Φίλιππος·
2182 3926 2258 3987 ὧν
2303 3933 2604 3997 θανόντων,
2670 3934 2750 4005 τῷ
2812 3933 2988 4002 Δεκίῳ
3031 3929 3341 4002 ξύμπαντες
3380 3927 3774 4000 προσεχώρησανο

583 4015 933 4068 Ἐϐασίλευσε
988 4017 1045 4070 δὲ
1097 4019 1237 4072 κατὰ
1270 4018 1372 4087 μέν
1419 4036 1576 4083 τινας
1621 4023 1788 4075 πέντε
1833 4023 2138 4089 ἐνιαυτοὺς,
2181 4024 2306 4078 καθ’
2372 4023 2596 4096 ἑτέρους
2630 4025 2687 4078 δὲ
2723 4026 2806 4090 ἓξ,
2840 4023 2937 4079 ἐπὶ
2999 4024 3289 4087 τοσούτους
3345 4026 3538 4092 μῆνας.
3575 4021 3774 4089 Ὠρμητο

569 4107 616 4158 δ’
645 4111 710 4159 ἐκ
759 4106 1031 4178 Βὸστρων,
1064 4110 1198 4165 ὅπου
1246 4111 1342 4164 καὶ
1384 4113 1540 4165 πόλιν
1570 4112 1900 4183 βασιλεύσας
1959 4115 2251 4187 ἐπώνυμον
2314 4117 2493 4189 ἑαυτῷ
2564 4117 2899 4189 ὲδομήσατο,
2959 4115 3393 4171 Φιλιππούπολιν
3425 4114 3530 4186 (68)
3552 4109 3774 4181 ὀνομάσας

571 4199 764 4269 αὐτήν.

646 4293 764 4348 XX.
807 4295 1104 4351 Enimvero
1155 4298 1354 4355 Decius
1399 4302 1656 4358 omnibus
1709 4303 2019 4374 legionibus
2060 4319 2148 4359 ac-
2181 4310 2226 4366 D

2181 4310 2226 4366 D
2333 4302 2418 4359 K'.
2463 4301 2532 4356 '0
2576 4318 2641 4370 γε
2687 4299 2795 4372 μὴν
2838 4299 3028 4360 Δέκιος
3070 4297 3308 4360 πάντων,
3339 4295 3414 4357 ὡς
3453 4294 3668 4363 εἴρηται,
3692 4284 3773 4336 τῶν

571 4385 749 4452 ceptis
777 4386 1006 4442 Romam
1032 4387 1335 4457 profectus,
1363 4391 1656 4460 imperium
1689 4393 1957 4459 ﬁrmavit;
1985 4405 2152 4464 atque

2253 4394 2682 4467 στρατευμάτων
2713 4390 3224 4461 προσχωρησάντων
3252 4386 3426 4456 αὐτῷ,
3449 4387 3524 4448 εἰς
3550 4383 3636 4450 τὴν
3674 4374 3773 4430 Ῥώ-

573 4475 695 4544 ejus
729 4478 1091 4546 amplitudine
1151 4497 1216 4535 ac
1247 4485 1602 4553 negotiorum
1634 4488 1991 4542 multitudine
2020 4503 2152 4543 con-

2256 4505 2366 4558 μην
2416 4484 2809 4555 ἐπανελήλυθε,
2858 4484 2953 4535 καὶ
2992 4483 3094 4548 τῆς
3130 4480 3434 4551 ἡγεμονίας
3479 4477 3678 4544 γέγονεν
3707 4471 3773 4533 ἐγ·

575 4567 848 4632 siderata,
892 4578 953 4624 ut
992 4573 1222 4641 quidam
1269 4577 1462 4644 aiunt,
1495 4579 1847 4636 Valerianum
1889 4582 2150 4652 collegam

2251 4578 2480 4650 κρατὴς.
2540 4575 2960 4644 Ἀποσκοπήσας
3006 4572 3064 4626 δὲ
3117 4573 3254 4642 πρὸς
3299 4571 3392 4624 τὸν
3438 4568 3531 4638 τῆς
3571 4559 3771 4652 ἐξουᾳίας

572 4659 768 4713 ascivit
792 4678 806 4713 :
839 4671 894 4714 et
927 4673 1159 4733 uterque
1186 4666 1420 4721 alterum
1445 4670 1790 4739 cohortatus,
1817 4651 2154 4742 persecutio-

2250 4672 2436 4738 ὄγκον,
2462 4667 2556 4722 καὶ
2583 4667 2682 4739 τὴν
2711 4665 2820 4719 τῶν
2848 4665 3194 4736 πραγμάτων
3223 4660 3558 4730 οἰκονομίαν,
3581 4657 3646 4716 ὡς
3670 4651 3772 4703 ἔνιοι

574 4765 702 4804 nent
735 4751 1140 4807 atrocissimam
1165 4764 1357 4811 contra
1389 4755 1733 4813 Christianos
1769 4761 2150 4820 instituerunt.

2251 4765 2493 4832 λέγουσι,
2537 4762 2630 4815 τὸν
2684 4760 3009 4830 Βαλεριανὸν
3063 4756 3158 4811 ἐπὶ
3207 4758 3273 4828 τῇ
3330 4754 3440 4808 τῶν
3492 4745 3771 4821 πραγμάτων

578 4841 720 4897 Sunt
742 4845 834 4911 qui
865 4845 1076 4910 dicant,
1107 4847 1342 4917 Philippi
1374 4850 1524 4917 odio,
1556 4851 1998 4907 Christianorum
2037 4855 2155 4910 cul-

2250 4857 2516 4926 διοικήσει
2544 4855 2886 4926 προσείλετο.
2919 4856 3029 4907 Καὶ
3057 4852 3258 4905 αὐτίκα
3293 4849 3554 4918 ἀλλήλους
3583 4843 3654 4902 εἰς
3681 4836 3770 4926 θεοῖ

575 4935 736 4997 toris,
775 4937 1002 4991 Decium
1031 4948 1247 4994 nostros
1311 4954 1659 5011 persecutum
1695 4962 1841 5002 esse.
1883 4947 2014 5003 Utut
2047 4955 2152 5013 est,

2255 4920 2458 5018 μαχίσῖν
2491 4920 3040 5017 παρακροτήσαντες,
3073 4940 3313 5010 διωγμὸν
3353 4938 3636 5006 ἐπήγειραν
3665 4920 3767 5018 atati.

577 5031 768 5078 contra
817 5025 1009 5082 ﬁdeles
1044 5029 1291 5099 profecto
1311 5008 1565 5090 insaniit.
1614 5035 1691 5089 Eo
1732 5045 1978 5107 tempore
2026 5008 2152 5093 Fla;

2413 5008 2824 5109 Χριστωνύμων
2873 5008 3261 5106 σφοδρότατον.
3311 5030 3430 5084 Εἰσὶ
3478 5026 3520 5078 δ’
3551 5022 3595 5075 οἳ
3621 5008 3769 5109 mih"

579 5111 811 5176 vianus,
868 5115 1128 5173 Ecclesia:
1187 5120 1446 5177 Romana:
1505 5125 1831 5196 episcopus,
1893 5129 2155 5199 martyrio

2253 5129 2410 5200 ἔχθος
2438 5107 2501 5183 τίν
2535 5131 2671 5201 πρὸς
2709 5107 2805 5183 τὸν
2850 5129 3117 5182 Φίλιππόν
3150 5143 3286 5196 φασι
3324 5125 3434 5184 τοῖς
3477 5107 3768 5201 Χριστιανοῖς

577 5201 747 5258 vitam
774 5205 934 5264 ﬁniit.
968 5210 1103 5265 ltem
1141 5211 1370 5284 Babylas
1399 5194 1799 5280 Antiochenus,
1838 5230 1894 5272 et
1920 5194 2158 5274 Alexinu-

2253 5194 2538 5277 ἐπιθέσθαι
2582 5194 2675 5277 τὸν
2718 5223 2931 5287 Δέκιον,
2975 5214 3066 5274 οἷα
3107 5194 3238 5287 παρ’
3263 5214 3470 5270 ἐκείνου
3512 5194 3764 5268 σεὸαζομέ·

1793 5370 1994 5434 Varias
2036 5372 2346 5436 lectiones
2388 5380 2450 5438 et
2487 5381 2682 5437 notua.

657 5542 772 5614 (66)
803 5542 1112 5614 Εὑτενίας.
1144 5547 1280 5601 Vide
1311 5544 1707 5603 Casaubonum
1741 5548 1808 5603 ad
1842 5545 1982 5602 Hist.
2041 5546 2156 5600 Au-

1396 5547 1707 5603 saubonum
1741 5548 1808 5603 ad
1842 5545 1982 5602 Hist.
2041 5546 2156 5600 Au-
2263 5544 2393 5599 alibi
2451 5543 2657 5598 mentio
2725 5541 2989 5597 occurrit.

585 5598 824 5681 gustant.
870 5598 932 5667 P.
968 5598 1109 5680 ΞΜ,
1134 5598 1340 5673 "Vadit:
1743 5598 1808 5603 η
1842 5598 1859 5599 ⁷⁷
1893 5598 1980 5602 ’ψ
2042 5598 2124 5600 W"

2271 5598 2278 5599 ί
2339 5613 2960 5682 (6⁸)Φιλιππούπολιν
2989 5607 3479 5682 ὀνομάσαςτίγίιίο
3522 5598 3761 5682 obseer

664 5683 780 5763 (δῖ)
806 5673 1106 5765 ξΜαρῖνοςλ
1150 5688 1327 5765 .l_sti_us
1365 5691 1589 5765 Marini,
1631 5698 1832 5757 ιιι-αξιοι·
1864 5686 2158 5760 Zonaram,
2268 5699 2297 5736 a
2329 5673 2607 5754 Scaligero
2634 5683 2701 5738 ad
2735 5683 3054 5749 Eusebium,
3085 5673 3208 5752 pag.
3256 5673 3382 5739 215.
3415 5695 3449 5732 ιι
3472 5673 3593 5729 edit.

595 5757 848 5809 meminit
909 5760 1077 5809 etiam
1150 5757 1449 5815 Zosituust
1505 5761 1664 5828 cujus
1745 5769 2005 5814 cwterum
2073 5757 2161 5807 vix
3659 5757 3662 5759 ‘
