4034 6244
346 251 496 335 m5?

1602 255 2000 318 ANNALIUM
2047 257 2189 319 LIB.
2234 258 2374 319 ΧΠ.

3449 271 3593 341 8958

335 362 474 443 νοις.
515 360 812 441 Ἑμεμῄνει
866 361 996 435 γοῦν
1053 361 1196 418 κατά
1245 360 1354 419 τῶν
1404 365 1639 429 πιστῶν,
1678 367 1769 419 ὅτε
1820 370 1913 419 καί

2024 367 2115 423 der
2146 367 2677 441 Hierosolymitanus
2705 371 3020 444 episcopus,
3060 377 3156 447 qui
3183 391 3293 433 non
3330 387 3444 436 tum
3474 338 3591 452 pri-

328 454 636 527 Φλαϐιανὸς
683 454 713 506 ὁ
763 454 864 524 τῆς
911 453 971 506 ὲν
1013 452 1204 526 Ῥώμη
1239 457 1639 525 προϊστάμενος
1681 456 1910 527 Ἐκκλη-

2025 472 2174 515 mum
2231 475 2333 531 pro
2386 461 2697 519 Christiana
2740 464 2846 521 ﬁde
2905 466 3229 536 decertavit,
3289 471 3383 527 sed
3433 477 3587 539 prius

336 546 459 609 σίας
495 545 657 616 ἔτυχε
685 543 871 608 τέλους
905 544 1270 615 μαρτυρικοῦ,
1302 546 1396 600 καὶ
1444 544 1693 611 Βαδύλας
1726 550 1755 601 ὁ
1801 549 1911 601 τῶν

335 640 395 691 ἐν
439 635 740 708 Ἀντιοχείᾳ
793 635 1000 689 πιστῶν
1031 635 1130 707 τὴν
1174 635 1504 710 Ἐκκλησίαν
1540 638 1766 703 διέπων,
1816 642 1911 693 καὶ

350 728 696 798 Ἀλέξανδρος
744 730 772 780 ὁ
818 727 929 779 τῶν
972 726 1364 798 Ἰεροσολύμων
1405 729 1725 793 ἐπίσκοπος,
1758 728 1815 790 ὃς
1845 730 1906 783 ού

334 821 457 871 τότε
490 817 724 886 πρώτως
753 816 1104 887 ὑπερήθλησε
1147 818 1246 890 τῆς
1290 819 1370 882 είς
1397 818 1490 873 τὸν
1521 820 1752 891 Σωτῆρα
1796 821 1906 874 Κύ-

339 929 458 982 ριον
494 912 753 973 πίστεως,
782 909 917 964 ἀλλὰ
945 912 1039 965 καὶ
1071 911 1286 983 πρώην,
1308 911 1395 976 ὡς
1426 911 1527 984 ήδη
1558 913 1908 985 προείρηται,

338 1003 435 1056 καὶ
477 1003 599 1056 τότε
641 1002 699 1054 δὲ
763 1001 1107 1074 καθειρχθεὶς
1143 1040 1160 1069 ,
1222 1003 1368 1057 κατὰ
1427 1004 1488 1056 τὸ
1535 1005 1910 1075 δεσμωτήριον

336 1095 586 1164 τελευτᾷ.
638 1093 796 1148 Ἀλλὰ
844 1096 938 1148 καὶ
985 1095 1013 1146 ὁ
1044 1095 1222 1164 μέγας
1267 1095 1587 1166 Κυπριανὸς
1627 1097 1726 1166 τῆς
1756 1097 1910 1167 Καρ-

341 1188 577 1259 θαγένης
624 1189 921 1253 ἐπίσκοπος
977 1188 1053 1243 ὣν
1097 1189 1402 1260 τηνικαῦτα
1433 1191 1531 1257 τῆς
1560 1190 1643 1255 είς
1674 1191 1911 1260 Χριστὸν

340 1280 690 1351 ὑπερήθλησε
714 1280 971 1343 πίστεως.
992 1278 1112 1333 Τῶν
1144 1277 1239 1334 οῦν
1264 1282 1574 1353 εἰρημένων
1607 1284 1910 1355 ἀρχιερέων

344 1371 758 1442 μετηλλαχότων
790 1370 880 1426 τὸν
909 1371 1043 1442 βίον,
1077 1375 1135 1425 ἐν
1166 1373 1269 1445 μὲν
1313 1375 1502 1446 Ῥώμῃ
1531 1375 1653 1429 ἀντὶ
1678 1377 1912 1431 Φλαὸια-

342 1465 437 1519 νοῦ
482 1466 778 1537 Κορνήλιος
808 1468 1212 1536 ὲπεσκόπησεν,
1250 1468 1308 1522 ὲν
1345 1468 1652 1542 Ἀντιοχείᾳ
1690 1470 1746 1523 δὲ
1790 1471 1913 1525 ἀντὶ

340 1557 563 1612 Βαϐύλα
591 1557 911 1623 Φλαὸιανὸς,
945 1558 1036 1611 καὶ
1075 1558 1133 1610 ὲν
1180 1557 1560 1630 Ἀλεξανδρείᾳ
1609 1560 1910 1630 Διονύσιος,

340 1650 402 1701 ὲν
446 1648 496 1703 δ’
538 1649 938 1720 Ἱεροσολύμοις
976 1650 1099 1703 ἀντὶ
1151 1647 1505 1720 Ἀλεξάνδρου
1552 1650 1909 1723 Μαζαϐάνης,

2017 551 2207 617 etiam,
2241 561 2301 607 ut
2325 553 2438 624 jam
2463 557 2776 626 expositum
2813 567 2936 617 est;
2966 569 3080 615 tum
3113 577 3245 621 vero
3274 564 3331 618 in
3362 581 3587 623 carcere

2017 643 2169 712 obiit.
2214 642 2323 701 Sed
2370 657 2426 702 et
2470 663 2700 718 magnus
2751 649 3092 720 Cyprianus,
3119 653 3588 726 Carthaginiensis

2019 735 2339 807 episcopus,
2383 754 2482 811 pro
2521 739 2835 797 Christiana
2868 743 2970 798 (ide
3003 746 3256 801 certavit.
3291 747 3386 803 His
3419 749 3587 819 igitur

2018 828 2375 895 pontiﬁcibus
2403 831 2710 896 defunctis,
2758 834 2946 891 Ruina:
2976 836 3236 893 Flaviano
3270 838 3585 905 Cornelius,

2015 922 2360 981 Antiocheno
2402 927 2615 998 Babylae
2665 929 2989 991 Flavianus,
3015 931 3359 987 Alexandriae
3383 935 3587 1004 Diony-

2017 1014 2152 1078 sius.
2188 1016 2584 1089 Hierosolymis
2611 1019 3267 1079 AlexandroMazabanes
3296 1028 3585 1081 successit.

2018 1108 2123 1165 Sed
2163 1123 2218 1168 et
2249 1113 2341 1167 alii
2378 1114 2603 1183 plurimi
2636 1117 2881 1187 martyrii
2922 1117 3189 1187 dignitate
3217 1130 3346 1173 sunt
3382 1122 3587 1176 ornati.

2018 1200 2173 1256 Tunc
2217 1204 2385 1257 etiam
2431 1203 2699 1275 Origenes
2744 1206 2814 1261 ad
2860 1209 3204 1277 tyrannicum
3245 1209 3483 1266 tribunal
3527 1221 3590 1267 ut

2021 1292 2227 1349 Christi
2271 1295 2451 1350 cultor
2490 1297 2763 1354 adductus
2803 1309 2909 1363 est,
2956 1301 3053 1355 sed
3097 1301 3306 1358 honore
3339 1305 3595 1376 martyrii

1992 1387 2195 1442 .earuit
2229 1388 2418 1450 miser,
2456 1390 2507 1444 ei
2546 1399 2764 1459 negato,
2800 1402 2860 1445 ut
2900 1393 3116 1461 opinor,
3152 1411 3182 1449 a
3222 1396 3335 1451 Deo
3361 1397 3433 1453 ob
3466 1413 3592 1467 per"

2017 1491 2206 1533 versas
2235 1478 2544 1547 opiniones.
2578 1480 2711 1535 Nam
2750 1491 3019 1538 tormenta
3063 1486 3229 1556 626
3250 1488 3360 1557 jam
3384 1504 3589 1558 exper-

2019 1575 2128 1631 tus,
2168 1573 2349 1622 tamen
2385 1568 2634 1623 ordinem
2670 1567 2932 1624 deseruit.
2975 1569 3094 1629 Hic.
3129 1582 3188 1626 ut
3217 1585 3342 1628 ante
3376 1574 3587 1629 dictum

2018 1664 2122 1723 est,
2162 1673 2284 1713 cum
2317 1658 2572 1714 doctrina
2609 1669 2665 1715 et
2697 1661 3014 1730 eloquentia
3053 1664 3374 1729 excelleret,
3399 1681 3594 1739 super-

344 1742 438 1817 καὶ
464 1740 611 1795 ἄλλοι
633 1739 691 1794 δὲ
722 1741 961 1794 πλεῖστοι
988 1743 1289 1812 μαρτυρίου
1319 1741 1441 1794 τότε
1468 1741 1912 1814 κατηξιώθησαν.

2024 1751 2107 1807 bia
2128 1761 2186 1808 et
2204 1757 2518 1825 arrogantia
2536 1755 2733 1819 elatus,
2759 1765 3008 1813 veterum
3032 1767 3348 1815 sanctorum
3369 1730 3595 1819 Patrum

342 1812 477 1885 Τότε
501 1826 597 1886 καὶ
640 1830 919 1909 ὐριγένῃς
951 1833 1210 1904 παρήχθη
1249 1833 1349 1903 μὲν
1401 1835 1486 1897 είς
1517 1812 1668 1905 βῆμα
1715 1812 1915 1906 τυραπμ

340 1922 497 1977 νικδν
524 1924 599 1988 ὠς
628 1920 919 1993 σεϐόμενος
949 1924 1039 1976 τὸν
1064 1924 1427 1995 Χριστὸν,ούκ
1460 1926 1617 1996 ἔτυχε
1646 1927 1701 1980 δὲ
1731 1929 1916 1992 τέλους

342 2000 713 2089 μαρτυρικοῦ,
746 2010 903 2086 οἶμαι
936 2013 1032 2069 τοῦ
1077 2014 1212 2069 Θεοῦ
1259 2018 1467 2088 ταύτης
1496 2017 1658 2072 αὐτὸν
1691 2018 1768 2091 μὴ
1796 2020 1920 2089 κρί-

342 2126 536 2170 ναντος
582 2107 730 2175 ἄξιον
761 2107 849 2161 διὰ
878 2106 938 2160 τὸ
981 2107 1111 2178 περὶ
1154 2107 1223 2162 τά
1251 2108 1511 2182 ὀρθόδοξα
1543 2110 1790 2181 δόγματα
1822 2112 1915 2165 τοῦ

342 2200 535 2255 ἀθλίου
585 2200 798 2253 ἐκείνου
843 2198 1195 2270 διάστροφον.
1244 2202 1611 2254 Λειποτακτεῖ
1650 2200 1780 2273 γάρ,
1823 2204 1918 2255 καὶ

341 2294 520 2348 ταῦτα
549 2290 687 2366 μετά
721 2293 915 2364 πεῖραν
949 2291 1221 2363 βασάνων.
1257 2288 1447 2359 Οὗτος,
1484 2293 1561 2360 ὡς
1604 2293 1918 2366 ἔμπροσθεν

343 2376 581 2457 εἴρηται,
645 2385 817 2458 μέγας
881 2384 940 2436 ἐν
997 2383 1180 2452 λόγοις
1244 2385 1557 2456 γενόμενος,
1621 2385 1922 2441 κάντεῦθεν

343 2477 769 2548 ὑπερφρονήσας
816 2476 911 2529 καὶ
949 2474 1487 2545 άλαζονευσάμενος,
1538 2475 1601 2529 ού
1646 2476 1760 2540 τοῖς
1810 2477 1920 2530 τῶν

344 2569 458 2640 πρὸ
502 2556 666 2635 αὐτοῦ
716 2564 974 2640 Πατάρων
1031 2567 1193 2640 ἱερῶν
1243 2566 1577 2639 ἠκολούθησε
1631 2569 1917 2639 δόγμασιν,

344 2648 463 2713 an"
495 2644 675 2729 ἑαυτῷ
703 2658 1009 2730 θαρρήσας,
1027 2658 1230 2712 καινῶν
1263 2657 1553 2729 δογμάτων
1582 2660 1920 2729 εἰσαγωγεύς

345 2752 710 2824 ἐχρημάτισε,
739 2751 831 2803 καὶ
854 2750 1206 2821 βλασφημίας
1229 2750 1309 2814 είς
1332 2766 1393 2803 τε
1414 2750 1515 2821 τὴν
1533 2749 1696 2819 άγίαν
1715 2751 1921 2825 Τριάδα

347 2845 444 2899 καὶ
487 2844 588 2913 τὴν
640 2842 790 2896 θείαν
837 2826 1255 2915 ὲνανθρὼπησιν
1303 2846 1367 2897 ὲκ
1412 2842 1508 2896 τοῦ
1544 2845 1785 2914 πονηροῦ
1822 2847 1921 2918 θη-

349 2934 555 3008 σαυροῦ
578 2930 697 3007 τῆς
733 2935 963 3008 καρδίας
1007 2933 1171 2991 αὐτοῦ
1208 2933 1562 3007 ἑξηρεύξατο,
1596 2937 1693 2990 καὶ
1743 2938 1922 3007 πάσης

2017 1845 2257 1901 decretis
2282 1844 2570 1916 neglectis,
2600 1862 2866 1901 novarqu
2895 1848 3217 1918 opinionum
3248 1858 3441 1905 aui-tor
3469 1865 3595 1909 esse

2017 1953 2127 1993 non
2152 1938 2425 1993 dubitavit
2452 1955 2467 1993 :
2495 1949 2549 1994 et
2579 1939 2954 2009 blasphemias
2985 1944 3039 1996 in
3073 1950 3315 1999 sanctam
3344 1943 3595 1999 Trinita-

2018 2039 2151 2091 tem,
2175 2029 2533 2098 divinamque
2558 2029 3071 2086 inhumanationem
3103 2047 3172 2087 es
3197 2033 3447 2103 improbo
3473 2048 3595 2087 cor-

2018 2119 2105 2175 dis
2129 2119 2214 2173 sui
2247 2119 2508 2174 thesauro
2538 2121 2830 2187 eructavit,
2881 2137 2983 2176 nec
3016 2124 3126 2177 ulla
3157 2123 3271 2179 fere
3305 2134 3452 2181 secta
3481 2132 3590 2183 est,

2019 2211 2108 2266 cui
2135 2227 2248 2272 non
2287 2211 2503 2265 initium
2533 2212 2852 2281 praebuerit.
2873 2213 3008 2268 Nam
3041 2223 3099 2270 et
3122 2215 3466 2285 unigenitum
3496 2206 3609 2271 Dei?

2021 2304 2216 2361 Filium
2257 2305 2544 2362 conditum
2590 2322 2714 2363 esse
2759 2290 2982 2369 docuit,
3012 2324 3042 2364 a
3085 2320 3309 2379 paterna
3336 2310 3507 2381 gloria
3539 2320 3598 2366 et

2018 2398 2263 2452 essentia
2294 2398 2536 2453 alienum
2565 2415 2578 2452 :
2606 2407 2663 2455 et
2685 2400 2949 2469 Spiritum
2976 2410 3224 2457 sanctum
3250 2401 3393 2457 infra
3414 2401 3596 2459 Patris

2019 2498 2077 2544 et
2128 2488 2254 2545 Filii
2305 2489 2632 2561 dignitatem
2689 2492 3001 2555 collocavit,
3054 2492 3368 2558 aﬂirmans,
3415 2508 3601 2563 neque

2019 2579 2238 2634 Patrem
2261 2595 2291 2633 a
2323 2564 2481 2645 Filio,
2504 2595 2683 2650 neque
2708 2580 2903 2636 Filium
2925 2596 2956 2636 ι
2981 2580 3189 2652 Spiritu
3214 2590 3408 2638 sancto
3430 2597 3597 2652 posse

2021 2670 2174 2726 cerni
2204 2687 2219 2725 :
2248 2679 2310 2726 ut
2348 2686 2452 2727 nec
2480 2669 2749 2740 Spiritum
2779 2671 2849 2726 ab
2876 2672 3108 2742 angelis,
3150 2688 3252 2727 nec
3279 2673 3502 2744 angelos
3526 2674 3598 2730 ab

2023 2759 2448 2817 hominihus.Ac
2478 2761 2562 2816 ha!
2591 2771 2719 2815 sunt
2744 2759 2998 2830 Origenis
3023 2762 3076 2815 in
3106 2771 3350 2817 sanctam
3380 2771 3437 2819 et
3463 2778 3600 2821 eon-

2021 2853 2435 2907 substantialem
2460 2851 2789 2907 Trinitatem
2814 2850 3189 2920 blasphemis.
3211 2852 3367 2909 Circa
3387 2851 3601 2910 Christ!

2024 2957 2157 2996 Vt'l‘o
2185 2941 2717 3008 iuhumanationem,
2746 2939 3026 2997 Christum
3051 2940 3346 2996 animatum
3368 2957 3595 2997 carnem

349 3022 540 3113 σχεδὸν
575 3024 838 3102 αἱρέσεως
888 3029 1102 3111 ἐγένετο
1138 3028 1402 3101 ἀρχηγός.
1441 3029 1637 3084 Τόν-τε
1685 3030 1792 3104 γὰρ
1825 3049 1919 3103 μο-

2027 3022 2092 3093 ετ
2133 3043 2322 3092 sancta
2368 3035 2589 3107 Virgine
2630 3035 2993 3106 assumpsisse
3036 3035 3201 3106 impie
3234 3046 3439 3109 negat;
3498 3039 3597 3094 sed

344 3122 548 3195 ,νοτενῆ
582 3121 677 3176 τοῦ
706 3121 841 3175 Θεοῦ
888 3122 1017 3175 Υἱδν
1057 3123 1274 3176 κτιστὺν
1305 3123 1650 3194 ἐδογμάτισε,
1683 3126 1778 3178 καὶ
1823 3126 1919 3194 τῆς

348 3213 511 3285 δόξης
534 3212 695 3267 αὐτὸν
730 3214 1011 3286 ἠλλοτρίου
1041 3217 1137 3267 καὶ
1163 3215 1259 3285 τῆς
1284 3214 1473 3279 οὐσίας
1500 3215 1600 3287 τῆς
1624 3218 1919 3289 πατρικῆς·

350 3300 448 3360 καὶ
485 3308 547 3360 th
572 3290 797 3379 Πνεῦμα
826 3307 884 3359 τὸ
913 3305 1068 3376 ἅγιον
1098 3307 1400 3372 ύπεϐίόαζε
1434 3309 1534 3379 τῆς
1565 3307 1659 3362 τοῦ
1709 3310 1921 3380 Πατρὶς

348 3399 509 3465 ἀξίας
559 3401 655 3455 καὶ
702 3400 807 3453 τοῦ
849 3399 1004 3467 Υίοῦ,
1052 3400 1224 3468 λέγων
1258 3398 1333 3464 ὡς
1384 3399 1510 3454 οὔτε
1561 3401 1653 3455 τὸν
1700 3404 1923 3471 Πατέρα

345 3484 577 3551 δύναται
600 3484 737 3564 ὁρᾷν
769 3492 797 3545 ὀ
831 3491 979 3556 Υἱὸς,
1019 3490 1144 3544 οὔτε
1173 3492 1283 3562 μὴν
1313 3491 1400 3560 τὸν
1436 3491 1563 3545 Υίδν
1592 3493 1650 3545 τὸ
1673 3493 1921 3563 Πνεῦμα,

346 3583 545 3654 ὥσπερ
575 3582 698 3636 οὐδὲ
733 3584 783 3635 οί
818 3584 1043 3654 ἄγγελοι
1071 3581 1130 3636 τὸ
1165 3581 1412 3653 Πνεῦμα,
1442 3581 1566 3635 οὔτε
1598 3582 1723 3646 τοὺς
1753 3583 1919 3652 ἀγγέι

350 3675 479 3743 λους
507 3676 557 3727 οἱ
583 3673 885 3747 ἄνθρωποι.
925 3668 1097 3729 Δῦται
1125 3673 1225 3746 μὲν
1253 3674 1310 3726 αί
1345 3674 1476 3745 περὶ
1506 3674 1603 3745 τῆς
1635 3675 1798 3744 ἁγίας
1830 3678 1922 3728 καὶ

351 3768 639 3841 δμοουσίου
668 3767 901 3845 Τριάδος
933 3766 1277 3838 βλασφημίαι
1319 3765 1652 3837 Ὠριγένους.
1702 3767 1836 3838 Περὶ
1865 3768 1923 3819 δέ

349 3879 419 3932 γε
447 3863 545 3935 τὴν
583 3859 999 3932 ὲνανθρώπησιν
1028 3859 1121 3913 τοῦ
1155 3858 1285 3913 Υίοῦ
1321 3857 1416 3911 τοῦ
1468 3857 1603 3911 Θεοῦ
1647 3856 1921 3927 ἐϐλασφή-

348 3942 467 4027 μει)
501 3952 778 4017 δυσσεϐῶς
812 3953 1062 4022 ἐἰσάγων
1114 3951 1189 4023 μὴ
1230 3950 1429 4027 σάρκα
1458 3948 1822 4019 ἐψυχωμένην
1859 3951 1924 4001 ὲκ

352 4046 455 4118 τῆς
490 4046 651 4115 ἁγίας
686 4043 963 4116 Παρθένου
991 4044 1177 4097 λασείν
1225 4042 1317 4096 τὸν
1351 4042 1606 4113 Χριστόν.
1650 4041 1923 4094 ’Πνῶσθαι

350 4132 466 4206 γάρ
522 4124 820 4206 ἐμυθεύετο
869 4134 961 4189 τὸν
999 4133 1266 4206 μονογενῆ
1317 4135 1407 4186 τοῦ
1453 4132 1587 4186 Θεοῦ
1636 4131 1765 4185 Υἰὸν
1818 4133 1925 4201 πρὸ

354 4228 664 4299 καταϐολῆς
710 4227 920 4298 κόσμου
953 4227 1030 4296 τῷ
1067 4226 1164 4296 νῷ,
1218 4224 1278 4278 δν
1332 4225 1665 4278 άνὲπλαττεν
1718 4226 1927 4288 ἐκεῖνος

354 4318 768 4389 ἐκλελεγμένον,
812 4317 906 4371 καὶ
955 4316 1145 4370 κλόνον
1184 4318 1283 4388 οὐχ
1310 4316 1644 4380 ὑποστάντα,
1678 4316 1771 4368 καὶ
1824 4317 1920 4368 σὺν

2032 3130 2378 3201 unigenitum
2423 3130 2514 3184 Dei
2567 3129 2765 3183 Filium
2812 3140 2938 3184 ante
2989 3130 3254 3195 mundum
3308 3130 3592 3186 conditum

2029 3221 2198 3276 menti
2259 3221 2476 3276 unitum
2532 3219 2702 3275 fuisse
2750 3219 3063 3287 fabulatur,
3116 3229 3173 3274 et
3195 3221 3430 3277 electum
3477 3236 3604 3278 esse

2030 3312 2215 3384 ﬁngit,
2258 3320 2312 3366 et
2357 3327 2572 3366 ramum
2620 3312 2713 3381 qui
2763 3312 3060 3382 aliquando
3092 3326 3204 3367 non
3241 3312 3431 3378 fuerit,
3473 3328 3600 3370 cum

2030 3421 2208 3475 eoque
2263 3404 2524 3459 extremis
2583 3405 2924 3474 temporibus
2981 3404 3396 3460 inhumanatum
3451 3421 3599 3472 esse,

2028 3507 2308 3567 assumpta
2354 3512 2519 3551 carne
2565 3497 2773 3565 absque
2821 3497 3001 3550 anima
3047 3498 3385 3567 intelligente
3428 3507 3485 3553 et
3515 3513 3600 3552 ra-

2030 3591 2179 3644 tione
2223 3588 2448 3659 praedita
2477 3606 2492 3642 :
2537 3603 2602 3642 ac
2635 3582 2828 3643 rursus
2874 3587 3199 3657 deposuisse
3231 3603 3452 3643 carnem
3485 3589 3598 3645 Do-

2031 3678 2263 3742 minum,
2288 3687 2344 3732 et
2380 3676 2542 3731 finem
2579 3677 2892 3731 habiturum
2925 3691 3046 3730 esse
3072 3677 3193 3746 ejus
3217 3690 3444 3746 regnum
3481 3687 3596 3730 sta-

2031 3770 2156 3823 tuit.
2204 3770 2271 3824 Et
2320 3769 2596 3823 dannones
2642 3767 2696 3821 in
2744 3769 3016 3837 integrum
3061 3765 3440 3821 restituendos
3478 3781 3603 3821 esse

2032 3857 2236 3913 tradit:
2280 3865 2336 3911 et
2370 3856 2701 3926 supplicium
2744 3855 2905 3923 ﬁniti,
2941 3871 3048 3909 non
3083 3857 3275 3909 aeterni
3304 3855 3420 3910 fore
3462 3865 3598 3909 tem-

2030 3952 2202 4021 poris,
2237 3947 2547 4019 purgationi
2582 3947 2906 4003 delictorum
2934 3946 3179 4000 omnium
3229 3945 3598 3999 destinatum:

2030 4058 2136 4110 qua
2198 4051 2438 4110 peracta,
2484 4055 2674 4092 omnes
2719 4037 2785 4092 ad
2829 4037 3096 4091 unitatem
3139 4035 3413 4090 redituros
3454 4050 3598 4101 esse,

2032 4141 2141 4186 tam
2174 4131 2428 4185 homines
2455 4147 2616 4201 quam
2650 4130 2948 4186 dicmoncs.
2980 4128 3217 4184 Unitatis
3244 4138 3425 4182 autem
3452 4128 3600 4181 illius

2032 4225 2323 4287 rationem,
2367 4238 2463 4277 seu
2505 4238 2677 4295 nugas
2710 4222 2914 4292 potius,
2952 4237 3074 4276 cum
3113 4222 3231 4276 sine
3262 4221 3448 4275 multis
3474 4236 3598 4274 ver-

2032 4316 2119 4371 bis
2157 4314 2422 4369 declarari
2475 4313 2617 4366 haud
2671 4312 2902 4382 possint,
2946 4311 3513 4382 pra'tcrmisimus,‘ut
3546 4319 3602 4366 et

352 4409 530 4481 τούτῳ
559 4408 646 4464 ἐπ’
675 4409 917 4480 ἐσχάτων
941 4408 1383 4479 ἐνανθρωπῆσαι,
1416 4410 1508 4459 καὶ
1553 4407 1733 4478 σάρκα
1756 4424 1919 4477 προσ-

2030 4409 2163 4461 alias
2192 4406 2730 4476 ejnsblaSpbemias.
2768 4406 2945 4472 Atque
2983 4403 3097 4457 brec
3125 4402 3192 4457 de
3220 4402 3476 4472 Origene,
3506 4403 3600 4475 qui

354 4503 640 4572 ειληφέναι
710 4500 832 4572 δίχα
864 4486 1042 4571 ψυχῆς
1075 4500 1268 4571 νοερᾶς
1293 4516 1354 4552 τε
1386 4500 1477 4551 καὶ
1506 4497 1756 4567 λογικῆς.
1816 4498 1926 4550 Καὶ

355 4595 658 4648 ἀποθέσθαι
679 4593 736 4646 δὲ
754 4592 857 4664 τὴν
881 4595 1061 4663 σάρκα
1091 4592 1254 4645 πάλιν
1275 4591 1363 4643 τὶν
1393 4589 1620 4661 Κύριον,
1649 4591 1744 4642 καὶ
1772 4589 1926 4651 τέλος

355 4689 503 4754 ἕξειν
532 4685 631 4755 τὴν
664 4683 944 4755 βασιλείαν
971 4684 1135 4757 αὑτοῦ
1167 4681 1513 4751 ὲδογμάτιζε.
1540 4682 1648 4734 Καὶ
1674 4679 1781 4733 τῶν
1811 4681 1928 4733 δαι-

358 4768 538 4851 μόνων
591 4770 865 4847 εἰσηγεῖτο
917 4774 1135 4828 ἐσεσθαι
1188 4773 1403 4845 μέλλειν
1454 4774 1924 4837 ἀποκατάστασιν,

358 4871 454 4924 καὶ
491 4868 592 4938 τὴν
639 4866 863 4920 κόλασιν
901 4861 1185 4935 χρονικην,
1232 4860 1349 4915 ἀλλ’
1390 4862 1492 4914 οὐκ
1544 4861 1924 4922 αἱωνίξουσαν’

357 4959 496 5027 πρὸς
546 4955 818 5027 κάθαρσιν
865 4955 920 5007 δὲ
972 4952 1081 5006 τῶν
1134 4938 1549 5022 ἇμαρτημάτων
1574 4950 1926 5019 γενήσεσθαι,

340 5051 504 5123 ’μετὰ
527 5051 588 5104 το
612 5049 956 5120 καθαρθῆναι
993 5046 1070 5111 δὲ,
1104 5048 1314 5108 πάντας
1346 5047 1425 5108 εἰς
1459 5044 1559 5114 τὴν
1593 5043 1755 5097 emes
1794 5046 1928 5096 ἀπο-

358 5138 723 5212 καταστῆναι,
745 5142 841 5195 καὶ
868 5140 994 5202 τοὺς
1015 5137 1340 5209 ἀνθρώπους
1370 5138 1463 5189 καὶ
1495 5135 1622 5199 τοὺς
1645 5137 1926 5206 δαίμονας.

359 5237 443 5290 Τὰ
476 5235 533 5287 δὲ
561 5235 686 5303 περὶ
712 5234 810 5300 τῆς
844 5232 1026 5293 ἐνάδος
1058 5229 1264 5298 ταύτης
1290 5226 1494 5297 πολλῆς
1546 5228 1928 5298 μακρηγορίας

362 5327 618 5395 δεόμενα,
647 5322 714 5375 ἵν’
740 5325 768 5376 ὁ
799 5321 1002 5392 ταύτης
1043 5318 1202 5382 ὕθλος
1236 5315 1622 5387 σαφηνισθείη,
1657 5317 1927 5391 παρείθη⁸

364 5433 490 5482 σαν,
523 5414 711 5484 ὥσπερ
745 5414 837 5467 καὶ
869 5412 1005 5465 ἄλλα
1042 5410 1150 5462 τῶν
1183 5409 1392 5461 ἐκείνου
1432 5406 1816 5477 βλασφημιῶν.
1847 5409 1889 5459 Τ
1896 5408 1928 5459 ὰ

363 5512 467 5580 μὲν
500 5506 592 5560 οῦν
623 5507 763 5559 κατὰ
790 5505 882 5557 τὸν
929 5502 1236 5574 Ὠριγένην,
1267 5496 1325 5553 ὃν
1353 5497 1584 5553 ἐκάλουν
1641 5500 1735 5552 καὶ
1776 5498 1928 5551 Ἀδαο

362 5600 613 5672 μάντιον,
644 5600 704 5650 ὲν
729 5595 961 5658 τούτοις.
989 5595 1123 5648 Τότε
1143 5593 1199 5645 δὲ
1232 5593 1326 5647 καὶ
1349 5590 1622 5657 Ναυάτος,
1657 5591 1758 5661 τῆς
1785 5592 1930 5645 κατά

357 5689 598 5761 ,Ῥώμην
672 5686 996 5760 οεκκλησιας
1077 5685 1449 5763 πρεσὸύτερος
1479 5723 1496 5750 ,
1565 5684 1929 5756 αῑρεσιάρχης

2032 4498 2197 4551 etiam
2223 4494 2581 4549 Adamantius
2607 4494 2913 4548 dicebatur.
2934 4493 3074 4547 Tum
3093 4493 3335 4548 Novatus
3359 4509 3598 4564 quoque,

2034 4588 2295 4642 Romanae
2322 4587 2583 4641 Ecclesia:
2610 4585 2923 4657 presbyter,
2952 4586 3349 4662 liwresiarehes
3369 4586 3601 4646 exstitit:

2030 4699 2335 4753 eorumque
2367 4683 2459 4753 qui
2491 4697 2548 4736 se
2571 4681 2839 4736 Catbaros
2867 4696 2962 4736 seu
2999 4682 3175 4736 Puros
3206 4680 3420 4745 dicunt,
3451 4682 3594 4750 priu-

2031 4790 2191 4844 ceps:
2227 4774 2292 4828 iis
2319 4773 2408 4844 qui
2438 4775 2821 4842 persecutione
2848 4772 3048 4836 territi,
3078 4772 3386 4826 simulacris
3413 4770 3602 4822 imum-

2030 4869 2247 4930 larunt,
2297 4875 2353 4920 et
2404 4875 2560 4935 post,
2611 4864 2798 4935 agnito
2851 4873 3104 4934 peccato,
3148 4880 3207 4917 se
3247 4866 3605 4924 convertunt,

2032 4955 2413 5024 pcenitentiam
2445 4956 2672 5025 negans,
2712 4967 2768 5010 et
2798 4956 3079 5025 supplices
3110 4968 3175 5006 ac
3207 4952 3388 5005 delicti
3421 4951 3631 5005 medi“

2031 5048 2210 5100 cinam
2246 5045 2498 5101 dolenter
2533 5046 2846 5115 amietoque
2874 5045 3058 5098 animo
3092 5041 3439 5111 requirentes
3488 5056 3599 5093 non
3658 5046 3659 5049 “

2030 5136 2345 5192 admittens.
2380 5139 2583 5192 Contra
2613 5138 2761 5191 hunc
2798 5138 2980 5191 Romae
3014 5132 3307 5188 concilium
3341 5140 3423 5184 est
3457 5129 3600 5184 indi-

2030 5241 2204 5296 ctum,
2237 5231 2326 5285 cui
2353 5229 2642 5286 Cornelius
2668 5229 2886 5301 praefuit
2916 5245 2930 5283 :
2961 5227 3015 5281 in
3045 5242 3154 5296 quo
3181 5225 3463 5280 decretum
3491 5231 3597 5279 est.

2033 5331 2278 5393 tempore
2332 5324 2734 5392 persecutionis
2779 5322 2967 5388 lapsos
3023 5317 3402 5389 recipiendos,
3451 5317 3497 5372 si
3541 5332 3600 5371 se

2032 5417 2446 5476 converterint,
2481 5414 2645 5484 627
2693 5423 2750 5468 et
2793 5411 3132 5481 paenitentiae
3178 5410 3454 5463 medicina
3499 5423 3598 5462 cu-

2031 5509 2235 5565 randos
2272 5523 2415 5562 esse.
2444 5506 2710 5561 Novatum
2743 5518 2873 5556 vero
2905 5503 3081 5559 sancti
3113 5502 3193 5555 illi
3227 5512 3432 5571 patres,
3464 5517 3607 5555 com.

2030 5599 2143 5656 cilii
2178 5601 2402 5655 decreto
2435 5611 2547 5650 non
2581 5594 3045 5664 acquieseeutem,
3074 5592 3319 5648 Ecclesia
3355 5591 3598 5661 pulsum,

2032 5702 2092 5750 ut
2120 5691 2352 5765 fratrum
2399 5687 2648 5755 hostem,
2687 5685 3033 5753 abdicarunt.
3071 5682 3339 5755 Eusebius
3376 5694 3600 5751 quoque
