4034 6244
349 359 491 421 1065

1609 355 2021 417 ANNALIUM
2069 356 2220 416 LIB.
2263 354 2405 416 XII.

3457 353 3595 414 1066

327 471 437 525 τὼν
486 467 707 524 οίκείων
753 467 1046 538 ἀπόληται,
1096 467 1173 540 τῷ
1233 468 1484 540 πολεμίῳ
1542 472 1907 541 προδεδωκὼς

2018 471 2374 528 clarissimam
2403 468 2610 524 Ciliciae
2640 468 2918 524 civitatem
2934 466 3186 532 Tarsum,
3229 475 3287 522 et
3313 464 3600 536 Cappado-

332 563 544 619 έαυτόν.
581 562 743 615 Ἀλλά
769 565 954 631 μέντοι
981 563 1103 616 ὅσον
1135 565 1192 616 τὸ
1238 563 1325 616 ἐπ’
1371 563 1523 634 αὐτῷ
1557 567 1654 618 καὶ
1681 567 1749 620 τὰ
1786 567 1920 622 Ῥω·

332 657 506 724 μαίων
525 654 932 725 στρατεύματα,
955 658 1016 708 οὗ
1039 657 1147 726 μὴν
1179 657 1228 710 οἱ
1256 658 1589 728 στρατιῶται
1615 659 1920 729 ἀπώλοντο,

331 749 468 800 ἀλλὰ
492 749 716 815 γνόντες
742 749 839 818 τὴν
873 748 1166 818 προδοσίαν
1219 749 1499 819 διέφυγον,
1525 751 1726 819 ὀλίγων
1760 753 1916 806 ἀναι-

339 839 628 908 ρεθέντοιν.
670 840 796 892 Είτε
827 839 883 892 δὲ
920 840 1264 910 δορυάλωτος
1291 842 1504 913 ἐλήφθη
1535 847 1647 907 τοῖς
1685 844 1920 914 Πέρσαις

329 936 356 984 ὁ
391 932 670 1002 βασιλεὺς,
719 933 822 986 εἷθ’
874 935 1017 986 ἑκὼν
1069 935 1264 988 ἑαυτὸν
1317 936 1507 999 αὐτοῖς
1562 938 1916 1007 ἐνεχείρισεν,

329 1027 544 1095 ἀτίμως
610 1026 776 1096 ἤγετο
805 1027 958 1097 παρὰ
1013 1026 1110 1080 τοῦ
1161 1028 1451 1098 Σαπώρου.
1489 1030 1552 1083 Ol
1601 1030 1808 1100 Πέρσαι
1837 1029 1917 1093 δὲ,

334 1119 476 1170 κατά
506 1117 688 1169 πᾶσαν
747 1117 938 1171 ἄδειαν
969 1120 1087 1180 ταῖς
1143 1119 1372 1173 πόλεσιν
1415 1121 1684 1185 ἐπιόντες,
1729 1122 1831 1192 τήν
1857 1137 1918 1172 τε

331 1209 466 1275 πρὸς
486 1207 564 1278 τῷ
625 1208 855 1281 Ὀρόντῃ
886 1208 1134 1278 αίροῦσιν
1157 1211 1272 1280 (72)
1323 1212 1656 1282 Ἀντιόχειαν
1694 1214 1788 1267 καὶ
1818 1215 1919 1284 τὴν

332 1285 810 1370 περιφανεστέραν
837 1301 946 1354 τῶν
974 1301 1072 1370 τῆς
1100 1302 1362 1366 Κιλικίας
1411 1303 1622 1357 πόλεων
1648 1304 1746 1375 τὴν
1770 1305 1918 1376 Ταρ-

331 1393 447 1457 σὸν,
475 1392 568 1445 καὶ
593 1394 693 1462 τὴν
722 1396 781 1446 ἐν
819 1394 1190 1464 Καππαδοκίᾳ
1249 1395 1616 1465 Καισάρειαν.
1639 1397 1749 1449 Καὶ
1782 1395 1922 1467 πλῆ-

335 1484 430 1548 θος
455 1483 828 1552 αἰχμαλώτων
859 1487 1281 1553 συναγαγόντες,
1319 1487 1439 1540 οὐδὲ
1483 1488 1690 1558 τροφῆς
1737 1489 1921 1552 αὐτοῖς

333 1577 664 1647 μετεδίδουν,
713 1579 763 1630 εί
819 1579 894 1648 μὴ
943 1577 1265 1649 βραχίστης,
1311 1578 1440 1632 ὥστ’
1497 1581 1744 1652 ἀποζῇν·
1793 1581 1918 1634 οὔτε

315 1669 434 1738 ,μὲν
461 1668 649 1732 ὓδατος
683 1671 936 1739 μετέχειν
991 1671 1070 1732 είς
1131 1672 1292 1742 κόρον
1345 1671 1472 1725 εἴων
1533 1674 1753 1738 αὐτοὺς,
1802 1675 1920 1728 ἀλλ’

329 1758 478 1822 ἅπαξ
501 1759 601 1828 τῆς
629 1760 739 1829 ὴμέ
751 1777 849 1828 ρας
874 1760 922 1810 οί
954 1759 1163 1812 τούτων
1198 1762 1431 1831 φρουροὶ
1457 1763 1689 1832 ἦλαυνον
1719 1765 1920 1828 αὐτοὺς

330 1852 416 1915 ἐφ’
441 1826 607 1920 ὕδωρ,
644 1826 834 1920 ὼσπερ
882 1826 1227 1922 βοσκήματαξ
1279 1826 1392 1922 Την
1460 1826 1803 1928 Καισάρειαν
1860 1826 1918 1910 δέ
1949 1826 1994 1882 Β

331 1941 766 2012 πολυάνθρωπον
796 1942 964 1998 οὖσαν
1012 1945 1164 2015 (περὶ
1207 1947 1622 2016 τεσσαράκοντα
1661 1950 1771 2019 γάρ
1818 1966 1922 2018 μυ-

333 2035 530 2105 ριάδας
579 2035 888 2106 ἀνθρώπων
945 2037 1002 2090 έν
1055 2037 1194 2108 αὐτῇ
1248 2038 1470 2106 λέγεται
1529 2039 1825 2112 κατοικεῖν)
1856 2042 1918 2094 οὐ

333 2130 602 2199 πρότερον
638 2123 807 2194 εἷλον,
849 2131 1116 2198 γενναίως
1167 2131 1278 2185 τῶν
1321 2133 1381 2184 ὲν
1411 2133 1552 2203 αὐτῇ
1589 2136 1704 2196 τοῖς
1757 2135 1921 2187 πολε-

334 2221 488 2287 μίοις
518 2219 1088 2290 ἀντικαθισταμένων,
1117 2221 1216 2274 καὶ
1264 2225 1762 2294 στρατηγουμένων
1809 2225 1917 2279 ὑπό

336 2329 482 2376 τινος
511 2311 914 2382 Δημοσθένους,
943 2313 1135 2384 ἀνδρὸς
1163 2315 1258 2366 καὶ
1281 2313 1531 2384 ἀνδρείου
1556 2317 1647 2369 καὶ
1675 2316 1920 2384 συνετοῦ,

331 2402 499 2470 πρινή
534 2417 616 2461 τις
643 2399 982 2469 δορυάλωτος
1017 2401 1382 2472 κατασχεθεὶς
1439 2405 1649 2474 ἰατρὸς,
1699 2407 1795 2458 καὶ
1823 2408 1921 2470 τὰς

329 2492 678 2561 ἐπαγομένας
719 2490 870 2561 αὑτῷ
902 2490 977 2562 μὴ
1029 2493 1214 2563 φέρων
1244 2494 1452 2559 αίκίας,
1495 2495 1748 2561 ὑπέδειξέ
1791 2514 1918 2552 τινα

327 2585 516 2647 τόπον,
545 2585 667 2638 ὅθεν
698 2586 895 2649 νυκτὸς
922 2585 1177 2655 είσῆλθον
1220 2587 1271 2640 oi
1305 2587 1513 2660 Πέρσαι
1561 2589 1658 2642 καὶ
1713 2591 1924 2654 πάντας

331 2674 570 2728 ἀνεῖλον.
635 2675 694 2726 '0
724 2674 781 2727 δέ
806 2690 872 2742 γε
936 2673 1144 2727 τούτων
1196 2675 1506 2745 στρατηγὸς
1563 2677 1924 2750 Δημοσθένης

332 2764 442 2816 ὑπὸ
464 2763 677 2817 πολλῶν
701 2763 1008 2828 κυκλωθεὶς
1042 2763 1272 2835 Περσῶν
1320 2765 1736 2821 κελευσθέντων
1782 2766 1923 2832 ζωὸν

327 2850 494 2904 αὐτὸν
527 2851 816 2906 συλλαϐεῖν
837 2892 853 2918 ,
913 2853 1004 2905 τὸν
1057 2853 1222 2905 ἵππον
1266 2852 1473 2917 ἀναϐὰς
1507 2856 1601 2908 καὶ
1630 2857 1835 2925 γυμνὸν
1863 2856 1923 2909 τὺ

327 2943 481 3012 ξίφος
493 2943 700 3014 ἠρκὼς,
731 2943 1033 3014 είσώθησεν
1055 2945 1248 2999 ἑαυτὸν
1280 2947 1451 3016 μέσον
1473 2946 1586 3001 τῶν
1615 2947 1919 3018 πολεμίων·

327 3034 426 3087 καὶ
459 3033 741 3098 πλείστους
797 3034 1124 3091 καταϐαλὼν
1181 3035 1462 3104 διεξέπεσε
1523 3038 1624 3109 τῆς
1682 3039 1920 3110 πόλεως,

326 3128 424 3181 καὶ
488 3127 776 3198 διαφυγεῖν
822 3129 1060 3200 ίσχυσεν.
1126 3129 1284 3184 Οὕτω
1317 3130 1374 3183 δὲ
1422 3130 1533 3185 τῶν
1573 3133 1915 3204 πραγμάτων

325 3222 439 3284 τοῖς
467 3220 702 3291 Πέρσαις
738 3221 1194 3290 συνενεχθέντων,
1232 3221 1376 3275 κατὰ
1419 3224 1602 3276 πᾶσαν
1639 3224 1738 3293 τὴν
1784 3224 1914 3277 ὑπο-

327 3311 591 3380 κειμένην
634 3310 932 3380 ⁹Ρωμαίοις
976 3310 1151 3380 Ἐᾠαν
1195 3310 1656 3381 διεσκεδάσθησαν
1707 3312 1912 3384 χώραν,

331 3405 428 3455 καὶ
488 3402 756 3474 ἐπόρθουν
806 3401 979 3473 αὐτὴν
1031 3401 1226 3467 ἀδεῶς.
1289 3403 1352 3455 Ol
1415 3403 1604 3470 μέντοι
1649 3404 1913 3476 Ῥωμαῖοι

327 3495 621 3564 φυγόντες,
664 3494 740 3558 ὼς
762 3496 1002 3565 εἴρηται,
1037 3495 1341 3566 στρατηγὸν
1367 3495 1580 3558 ἑαυτοῖς
1602 3497 1914 3567 ἐπέστησαν

327 3589 633 3643 Κάλλιστόν
690 3605 838 3653 τινα,
890 3589 948 3652 ὃς
1008 3588 1473 3657 σκεδαννυμένους
1523 3590 1650 3662 τοὺς
1699 3591 1914 3660 Πέρσας

321 3681 486 3752 ὀρῶν,
518 3682 612 3734 καὶ
648 3683 1072 3750 ἀπερισκέπτως
1107 3679 1363 3742 ἐπιόντας
1413 3681 1534 3743 ταῖς
1582 3680 1809 3750 χώραις,
1836 3680 1914 3752 τῷ

329 3775 407 3844 μή
430 3791 553 3825 τινα
611 3772 820 3826 οἴεσθαι
887 3773 1076 3836 αὐτοῖς
1139 3771 1556 3838 ἀντιτάξασθαι,
1611 3773 1912 3826 ἐπιτίθεται

324 3865 526 3935 ἁθρόον
566 3866 774 3926 αὐτοῖς,
814 3865 912 3918 καὶ
943 3865 1104 3932 φόνον
1137 3862 1248 3915 τῶν
1289 3863 1601 3933 Βαρϐάρων
1653 3864 1912 3917 πλεῖστον

323 3961 645 4030 εἰργάσατο,
675 3963 768 4012 καὶ
810 3959 1100 4020 παλλακὰς
1125 3953 1237 4010 εἷλε
1270 3957 1538 4028 Σαπώρου
1573 3959 1673 4010 σὺν
1699 3958 1914 4027 πλούτῳ

325 4051 647 4124 πολλῷ.οἷ,ς
680 4054 891 4116 ἐκεῖνος
942 4051 1319 4120 περιαλγήσας
1367 4049 1552 4103 οίκαδε
1609 4051 1914 4114 σπουδαίως

322 4147 660 4217 ὑπέστρεψε,
698 4146 907 4199 καὶτὸν
936 4144 1306 4215 Οὐαλεριανὸν
1337 4142 1700 4214 ἑπαγόμενος,
1729 4142 1786 4205 ὃς
1817 4145 1913 4196 καὶ

322 4243 383 4292 ἐν
417 4239 638 4307 Περσίδι
698 4236 1038 4307 κατέστρεψε
1074 4236 1173 4304 τὴν
1231 4234 1403 4306 ζωὴν,
1442 4234 1518 4299 ὼς
1565 4233 1913 4305 αίχμάλωτος

321 4329 716 4399 ὀνειδιζόμενός
747 4344 806 4380 τε
866 4329 960 4382 καὶ
989 4327 1418 4397 ὲμπαιζόμενος.
1477 4325 1552 4378 Ui;
1617 4328 1780 4396 μόνος
1807 4325 1850 4378 δ’
1882 4326 1911 4377 ό

321 4422 624 4483 Κάλλιστος
655 4421 944 4491 ἠρίστευσε
978 4420 1099 4472 τότε
1134 4421 1276 4475 κατὰ
1315 4418 1570 4488 Περσῶν,
1627 4418 1765 4471 ἀλλά
1813 4419 1910 4474 καί

2021 564 2120 619 cia:
2149 563 2418 617 Caesarem
2445 570 2748 630 ceperunt,
2799 575 2902 615 nec
2950 561 3291 630 captivorum
3347 560 3598 614 multitu-

2019 655 2138 710 dini
2167 655 2274 710 cibi
2309 655 2434 724 plus
2469 652 2762 718 dederunt,
2813 651 2975 721 quani
3021 661 3285 722 quantum
3326 650 3392 705 ad
3439 661 3601 705 tuen-

2019 745 2144 800 dam
2174 746 2342 799 vitam
2372 745 2504 799 satis
2553 757 2752 799 esset:
2813 745 2924 798 imo
2979 759 3082 797 nec
3134 759 3334 812 aquam
3389 743 3594 797 all‘atim

2020 837 2215 893 bibere
2255 837 2343 891 siti
2391 847 2520 892 sunt
2553 877 2569 902 ,
2624 836 2720 891 sed
2773 852 2803 891 a
2851 836 3178 892 custodibus
3219 837 3277 890 in
3306 836 3395 889 die
3429 835 3599 889 semel

2022 929 2196 985 instar
2239 931 2512 1000 pecudum
2583 939 2843 1000 aquatum
2905 928 3037 984 acti.
3097 928 3401 984 Ctesaream
3466 943 3601 981 vero

2021 1021 2380 1092 Cappadociae
2432 1020 2938 1090 frequentissimam
3026 1020 3216 1075 urbem
3305 1021 3471 1088 (nam
3533 1018 3602 1071 ad

2021 1111 2423 1181 quadringenta
2463 1112 2750 1165 hominum
2785 1111 2954 1165 millia
2982 1126 3102 1166 eam
3148 1112 3444 1166 incoluisse
3494 1121 3605 1164 tra-

2020 1205 2276 1277 duntur),
2312 1222 2422 1260 non
2453 1206 2606 1274 prius
2631 1205 2816 1259 hostes
2847 1214 3113 1274 ceperunt
3143 1245 3157 1269 ,
3189 1205 3429 1258 obsessis
3460 1211 3602 1259 stre-

2021 1313 2131 1352 nue
2156 1312 2214 1352 se
2239 1295 2692 1362 defendentibus,
2726 1297 3094 1352 Demosthene
3126 1335 3142 1358 ,
3195 1296 3314 1348 viro
3356 1296 3482 1349 forti
3547 1306 3605 1349 et

2017 1391 2266 1455 cordate,
2302 1390 2440 1444 duce
2472 1406 2487 1444 :
2519 1406 2681 1459 quam
2731 1391 2982 1460 captivus
3016 1389 3240 1460 quidam
3298 1389 3551 1443 medicus
3587 1428 3600 1446 η

2017 1483 2564 1542 excarniﬁcationum
2602 1483 2884 1537 hostilium
2913 1483 3205 1552 impatiens
3229 1524 3242 1545 ,
3282 1482 3467 1536 locum
3521 1482 3606 1535 eis

2021 1579 2318 1651 quemdam
2348 1577 2790 1646 demonstravit,
2821 1594 2920 1648 per
2973 1593 3137 1648 quem
3198 1578 3380 1632 Persa:
3432 1584 3604 1632 noctu

2021 1672 2274 1740 ingressi,
2309 1686 2499 1726 omnes
2529 1671 2946 1728 interfecerunt.
3026 1670 3244 1726 Civium
3301 1684 3436 1725 vero
3486 1667 3600 1723 dux

2023 1767 2419 1823 Demosthenes
2445 1806 2461 1830 ,
2494 1781 2526 1820 a
2570 1767 2760 1821 multis
2801 1765 2989 1820 Persis
3031 1763 3411 1818 circumdatus
3437 1803 3454 1828 ,
3504 1760 3603 1830 qui

2018 1876 2144 1914 eum
2173 1859 2445 1914 viventem
2473 1875 2669 1929 capere
2691 1858 2832 1927 jussi
2863 1867 3051 1922 erant,
3086 1871 3390 1912 conscenso
3415 1870 3560 1925 equo
3586 1891 3602 1916 ,

2019 1961 2075 2008 et
2104 1952 2300 2008 stricto
2333 1967 2466 2007 ense
2501 1952 2744 2016 sublato,
2787 1951 2842 2005 in
2876 1951 3088 2004 medios
3126 1951 3310 2004 hostes
3334 1965 3392 2004 se
3420 1951 3600 2004 immi-

2020 2044 2110 2110 sit,
2137 2053 2194 2099 et
2217 2045 2471 2114 plurimis
2501 2044 2798 2110 prostratis
2834 2042 2968 2097 urbe
2997 2043 3215 2112 elapsus
3247 2042 3461 2112 ell‘ugit.
3486 2041 3603 2097 Hoc

2022 2151 2207 2190 rerum
2259 2145 2402 2190 statu
2446 2137 2662 2200 Persce,
2710 2149 2902 2190 omnes
2955 2135 3229 2188 Romanas
3282 2136 3336 2189 in
3377 2133 3602 2190 Oriente

2024 2229 2336 2299 provincias
2364 2228 2667 2298 pervagati,
2698 2230 2818 2283 sine
2852 2228 2963 2282 ullo
2992 2235 3141 2281 metu
3193 2237 3499 2282 vastarunt.
3531 2232 3604 2306 At

2024 2319 2430 2391 llomaniluga,
2488 2330 2550 2374 ut
2605 2319 2814 2374 dictum
2879 2329 2984 2381 est,
3046 2318 3266 2387 elapsi,
3314 2317 3601 2374 Callistum

2023 2409 2316 2478 quemdam
2363 2410 2559 2464 ducem
2591 2418 2873 2474 crearunt,
2909 2409 3004 2480 qui
3030 2425 3153 2464 cum
3181 2408 3376 2464 Persas
3409 2410 3600 2480 palan-

2032 2511 2165 2558 tes:
2207 2517 2273 2579 ac
2310 2503 2492 2558 omnis
2551 2502 2769 2558 hostilis
2823 2513 3042 2566 metus,
3099 2510 3353 2572 expertes
3396 2510 3603 2557 temere

2023 2595 2338 2666 provincias
2369 2596 2656 2650 incursare
2683 2593 2899 2649 videret
2933 2612 2947 2648 :
3002 2594 3354 2664 aggressione
3402 2609 3604 2664 repen-

2024 2689 2141 2743 tina
2169 2689 2462 2744 maximam
2502 2689 2867 2743 Barbarorum
2897 2687 3100 2742 caedem
3153 2687 3367 2751 edidit,
3405 2697 3465 2743 et
3502 2686 3604 2742 Sa-

2021 2784 2174 2852 poris
2199 2782 2538 2837 concubinas
2581 2796 2706 2836 cum
2759 2781 2974 2850 magnis
3024 2779 3225 2849 opibus
3273 2779 3438 2850 cepit.
3485 2779 3602 2847 Qua

2023 2871 2179 2926 clade
2211 2870 2304 2926 ille
2344 2871 2504 2941 631
2535 2871 2749 2934 dolens,
2778 2869 3110 2925 festinanter
3144 2869 3371 2924 domum
3421 2871 3559 2926 abiit
3585 2911 3601 2935 ,

2023 2963 2262 3019 abducto
2290 2964 2456 3018 etiam
2523 2963 2814 3018 Valeriano
2871 2977 3110 3017 secum:
3161 2963 3258 3032 qui
3301 2963 3356 3018 in
3407 2964 3600 3020 Persia

2024 3055 2191 3110 vitam
2217 3057 2360 3110 inter
2389 3055 2723 3125 captivitatis
2757 3053 3057 3126 Opprobria
3107 3061 3164 3109 et
3213 3056 3453 3112 ludibria
3505 3073 3603 3112 ex-

2023 3147 2155 3216 egit.
2199 3145 2389 3214 Neque
2441 3161 2572 3200 vero
2604 3143 2864 3200 Callistus
2914 3144 3180 3200 duntaxat
3239 3161 3355 3201 rem
3410 3155 3602 3204 contra

2019 3239 2213 3294 Persas
2239 3250 2352 3294 tum
2385 3239 2523 3294 bene
2562 3238 2727 3308 gessit
2760 3255 2774 3291 :
2818 3238 2914 3293 sed
2963 3247 3018 3292 et
3051 3237 3334 3294 Odenatus
3382 3241 3602 3312 Palmy-

2016 3347 2204 3391 renus.
2241 3331 2610 3386 Romanorum
2642 3330 2851 3392 socius,
2884 3331 3089 3384 multos
3129 3331 3380 3396 occidit,
3437 3335 3602 3389 rede-

2015 3431 2178 3476 untes
2193 3422 2349 3492 juxta
2399 3422 2729 3492 Euphratem
2763 3420 3010 3481 adortus.
3043 3435 3218 3491 eaque
3265 3422 3332 3476 de
3375 3437 3536 3477 causa
3573 3441 3602 3478 a

2011 3514 2239 3568 Galieno
2269 3515 2620 3582 imperatore,
2650 3513 2788 3582 grati
2815 3513 2984 3567 animi
3010 3529 3142 3582 ergo
3171 3555 3185 3575 ,
3213 3513 3324 3568 dux
3353 3513 3605 3570 Orientis

2013 3615 2099 3660 est
2130 3614 2368 3660 creatus.
2392 3605 2541 3659 Inter
2566 3606 2922 3673 spoliandum
2955 3604 3222 3659 cadavera
3279 3605 3598 3675 Persarum,

2015 3697 2272 3752 dicuntur
2293 3698 2461 3753 etiam
2494 3698 2756 3752 mulieres
2787 3697 2986 3750 habitu
3031 3704 3087 3749 et
3118 3696 3294 3751 armis
3349 3697 3599 3754 virorum

2014 3797 2222 3843 ornata:
2252 3798 2505 3857 repertae,
2538 3795 2594 3842 et
2622 3786 2760 3841 tales
2802 3786 3013 3854 aliquot
3062 3785 3201 3839 vivae
3251 3799 3280 3840 a
3337 3785 3602 3841 Romanis

2015 3887 2190 3947 captae
2223 3893 2365 3933 esse.
2401 3876 2639 3946 Sapores
2667 3891 2796 3932 vero
2847 3893 2973 3932 cum
3022 3876 3076 3930 in
3131 3876 3311 3932 reditu
3366 3879 3417 3932 in
3472 3894 3603 3947 pro-

1992 3966 2244 4030 .l'uudam
2292 3967 2490 4021 vallem
2569 3967 2891 4030 incidisset,
2950 3981 3050 4036 per
3108 3981 3272 4035 quam
3333 3968 3601 4033 iumentis

2015 4059 2278 4114 transitus
2327 4074 2437 4113 non
2483 4059 2701 4129 patebat
2729 4102 2745 4122 ,
2802 4059 3052 4127 captivos
3109 4058 3392 4125 interﬁci,
3441 4068 3496 4114 et
3543 4059 3599 4114 in

2012 4151 2208 4206 vallem
2262 4151 2425 4220 abjici
2479 4152 2712 4222 iussisse
2744 4168 2776 4205 :.
2817 4152 3002 4220 itaque
3045 4151 3389 4221 complanata
3419 4153 3598 4219 valle,

2014 4256 2112 4312 per
2145 4243 2411 4297 cadavera
2439 4241 2687 4312 iumenta
2737 4241 3049 4296 traduxisse
3088 4240 3286 4296 fertur.
3346 4245 3596 4298 Aecum

2013 4333 2305 4389 Valeriano
2366 4333 2447 4388 sic
2493 4340 2674 4387 actum
2722 4340 2828 4387 est.
2876 4333 3178 4387 Romanam
3241 4346 3427 4389 autem
3486 4336 3594 4391 Ec-

2012 4425 2233 4479 clesiam
2311 4424 2640 4494 gubernavit
2713 4423 2966 4494 Xystus:
3031 4426 3432 4482 Antiochenam
3489 4428 3596 4484 De-

331 4529 420 4574 τις
455 4511 816 4582 Παλμυρηνὸς
844 4511 1002 4580 ἀνὴρ,
1043 4510 1384 4581 κεκλημένος
1419 4509 1711 4573 Ὀδέναθος
1768 4528 1910 4582 συμ-

2018 4516 2341 4578 metrianus.
2380 4515 2624 4570 Flaviani
2655 4531 2941 4570 successor
2979 4535 2998 4570 :
3037 4514 3595 4589 Hierosolymitauam

324 4605 518 4675 μαχῶν
559 4603 854 4674 Ῥωμαίοις
887 4603 1124 4666 πολλοὺς
1173 4603 1451 4675 διέφθειρε
1501 4604 1610 4657 τῶν
1665 4604 1914 4675 Περσῶν,

321 4696 763 4766 ἀναστρέφουσιν
803 4696 990 4760 αὐτοῖς
1025 4697 1167 4748 κατά
1209 4696 1312 4766 τὴν
1351 4695 1749 4767 Εὑφρατησίαν
1798 4700 1917 4751 ἐπι-

2023 4606 2321 4661 Mazabeno
2402 4615 2620 4662 mortuo
2717 4605 3043 4678 Hymenaeus
3069 4645 3084 4672 ,
3164 4606 3595 4666 Alexandrinam

1994 4697 2331 4769 ,Dionysius.

319 4789 554 4858 θέμενος
607 4791 828 4862 χώραν’
872 4792 932 4844 ὃν
982 4793 1020 4843 Γ
1023 4792 1242 4862 αλιηνὸς
1291 4792 1386 4846 τοῦ
1443 4795 1905 4864 στρατηγήματος
1943 4793 2327 4863 ἀμειϐόμενος,
2387 4794 2490 4864 τῆς
2536 4792 2711 4864 Ἐῴας
2784 4795 3202 4865 προεχειρίσατο
3265 4800 3596 4866 στρατηγόν.

330 4887 421 4938 Ἐν
459 4885 642 4954 μέντοι
695 4887 806 4946 τοῖς
861 4883 1120 4937 πεσοῦσιν
1159 4887 1224 4937 ὲκ
1270 4885 1363 4938 τοῦ
1419 4885 1692 4956 Περσικοῦ
1771 4885 2184 4956 στρατεύματος
2259 4886 2679 4956 σκυλευομένοις
2736 4886 2990 4954 λέγονται
3014 4889 3108 4942 καὶ
3159 4892 3414 4956 γυναῖκες
3443 4892 3598 4960 εὐρο-

317 4979 483 5049 θῆναι
513 4980 634 5034 κατ’
664 4981 860 5048 ἀνδρας
885 4980 1219 5050 ὲσταλμέναι
1255 4983 1348 5034 καὶ
1372 4981 1741 5050 ὡπλισμέναι,
1802 4982 1938 5035 ἀλλὰ
1977 4983 2073 5034 καὶ
2113 4983 2286 5046 ζῶσαι
2351 4981 2600 5036 τοιαῦται
2658 4982 3063 5052 κατασχεθῆναι
3116 4982 3220 5034 ὑπὸ
3283 4982 3594 5052 Ῥωμαίωνο

331 5073 421 5125 Ἑν
479 5073 536 5124 δὲ
586 5077 651 5144 τῇ
691 5073 934 5144 ὲπανόδῳ
991 5075 1236 5142 φάραγγι
1294 5074 1488 5146 βαθείᾳ
1544 5075 1855 5146 περιτυχὼν
1919 5075 1948 5128 ό
1988 5075 2280 5144 Σαπώρης,
2329 5075 2398 5144 ἢν
2463 5072 2694 5126 διελθεῖν
2745 5075 2856 5136 τοῖς
2893 5072 3211 5138 ὑποζυγίοις
3252 5073 3456 5140 ἄπορον
3503 5073 3593 5148 ἦν,

316 5165 702 5235 αἰχμαλώτους
738 5165 1026 5218 ἐκέλευσεν
1083 5165 1467 5234 ἀναιρεθῆναι,
1501 5167 1596 5218 καὶ
1659 5165 1889 5234 ῥιφῆναι
1925 5167 2070 5218 κατά
2131 5165 2234 5233 τῆς
2305 5166 2611 5234 φάραγγος,
2667 5162 2735 5213 ἶν’
2779 5161 2952 5222 οὕτως
3015 5160 3109 5212 τοῦ
3177 5160 3376 5229 βάθους
3417 5165 3596 5244 αὑταῖς

317 5257 700 5327 πληρωθέντος
754 5257 843 5308 διὰ
891 5257 999 5309 τῶν
1051 5256 1261 5327 νεκρῶν
1340 5258 1608 5322 σωμάτων
1655 5257 1726 5310 τὰ
1784 5255 1935 5322 σφῶν
1973 5255 2258 5308 διέλθωσιν
2313 5253 2607 5322 ὑποζύγια.
2674 5252 2785 5304 Καὶ
2827 5249 2971 5303 οὔτω
3007 5248 3236 5302 δι.λθείν
3300 5253 3596 5323 ἱστορεῖτιι

314 5355 416 5422 τὴν
443 5353 728 5421 φάραγγα.
778 5351 886 5404 Καὶ
941 5351 1010 5404 τὰ
1066 5351 1166 5419 μὲν
1215 5351 1363 5402 κατά
1406 5351 1498 5403 τὸν
1539 5351 1907 5422 οὑαλεριανδν
1946 5358 2004 5405 έν
2069 5351 2300 5416 τούτοις.
2359 5353 2471 5421 Τῆς
2501 5351 2558 5403 δὲ
2589 5349 2702 5401 τῶν
2753 5347 3045 5416 Ῥωμαίων
3103 5347 3431 5416 Ἐκκλησίας
3465 5359 3597 5406 καθ-

316 5451 510 5519 ηγείτο
539 5446 777 5510 Ξύστοςσ
806 5447 904 5517 τῆς
939 5448 994 5499 δὲ
1039 5447 1150 5499 τῶν
1183 5445 1500 5514 Ἀντιοχέων
1549 5446 1933 5516 Δημητριανὸς
1971 5447 2357 5518 διαδεξάμενος
2427 5444 2760 5498 Φλαϐιανόν·
2809 5441 2907 5510 τῆς
2945 5440 3003 5493 δὲ
3040 5442 3149 5494 τῶν
3207 5441 3596 5516 Ἰεροσολύμιιν

327 5543 645 5612 Ὑμέναιος,
677 5539 1012 5604 Μαζαϐάνου
1041 5540 1311 5602 θανόντος·
1347 5538 1443 5608 τῆς
1476 5539 1520 5590 δ’
1547 5540 1605 5590 ἐν
1647 5538 2024 5610 Ἀλεξανδρείᾳ.
2052 5541 2349 5611 προῖστατο
2374 5536 2672 5600 Διονύσιος.

1514 5649 1737 5712 ‘Varize
1799 5648 2109 5713 lectiones
2140 5661 2202 5714 et
2244 5660 2430 5713 noue.

401 5758 519 5828 (72)
563 5758 954 5822 Ἀντιόχειαν.
985 5756 1036 5809 Id
1071 5755 1173 5810 sub
1205 5755 1423 5828 initium
1456 5754 1666 5809 Galieni
1689 5755 1914 5810 Marcel-
2021 5772 2135 5810 sam
2170 5773 2303 5828 vero
2322 5755 2604 5828 infelicem
2645 5765 2904 5828 numnam,
2930 5748 3200 5806 accidisse
3235 5749 3428 5807 scribit
3462 5748 3591 5807 Tre-

331 5824 510 5894 linus,
538 5829 637 5882 lib.
674 5841 825 5889 xxm,
863 5837 1023 5894 capto
1057 5830 1272 5880 scnlicct
1307 5826 1594 5880 Valeriano
1624 5843 1637 5888 ;
1663 5838 1789 5881 ante
1824 5828 1907 5896 ip-
2022 5828 2223 5883 bellius
2243 5827 2414 5882 Pollio
2440 5825 2496 5880 in
2525 5841 2632 5879 xxx
2660 5824 2950 5895 Tyrannis.

667 5921 943 5982 PA'I‘ROL.
993 5921 1111 5983 Gn.
1153 5919 1480 5984 CXXXEV
3185 5913 3262 5976 34
