4034 6244
594 320 728 388 1071

1859 323 2182 384 JOANNIS
2224 325 2545 388 ZONARA!

3673 348 3780 415 10ῗὲ

656 433 821 487 XXV.
868 432 1073 488 Deinde
1104 431 1378 487 Aurcolus
1410 432 1509 487 ιοιί
1532 431 1804 502 equitatui
1852 433 2143 504 praefectus

2344 434 2479 488 KE‘.
2519 434 2684 502 Αὖθις
2711 437 2770 491 δὲ
2799 438 2965 511 ἐτέρα
3004 440 3145 494 κατὰ
3190 443 3284 497 τοῦ
3328 445 3580 521 Γαλιηνιῦ
3611 456 3779 516 litavi.

585 526 752 581 homo
808 536 1024 595 potens,
1079 534 1271 579 contra
1323 523 1612 579 Galienum
1684 525 1992 581 insurrexit
2036 542 2050 579 :
2109 536 2166 579 ct

582 618 890 672 Mediolano
939 625 1229 684 occupato,
1283 631 1344 670 se
1375 615 1441 670 ad
1496 615 1869 671 invadendum
1923 618 2164 687 impera-

585 718 760 762 torem
804 708 1038 778 paravit.
1068 707 1175 761 Sed
1207 708 1276 760 ab
1303 723 1392 771 eo,
1437 708 1625 763 multis
1656 724 1884 763 suorum
1917 711 2161 775 amissis,

580 808 636 851 et
676 797 904 852 vulnere
946 808 1193 867 accepto,
1243 796 1618 852 Mediolanum
1661 800 2002 869 compulsus,
2041 801 2164 855 ubi-

580 904 687 958 que
737 891 999 944 obsessus
1056 900 1161 945 est.
1220 890 1357 948 Dum
1410 905 1594 947 autem
1649 891 1914 947 Galienus
1965 903 2160 948 contra

580 983 770 1036 hostes
811 982 1172 1038 excursiones
1218 983 1372 1048 facil,
1404 984 1747 1055 imperatrix,
1775 1000 1936 1055 quam
1971 1001 2160 1040 secum

578 1072 905 1138 adduxerat,
950 1073 1006 1127 in
1056 1073 1302 1143 periculo
1330 1074 1457 1129 fuit.
1488 1075 1626 1130 Nam
1659 1089 1786 1129 cum
1824 1077 2010 1129 hostes
2041 1075 2160 1128 val-

575 1166 689 1221 lum
717 1184 746 1221 a
771 1168 961 1237 paucis
987 1168 1283 1222 admodum
1316 1169 1587 1224 militibus
1613 1169 1878 1224 custodiri
1910 1168 2159 1223 animad-

575 1261 899 1327 vertissent,
940 1260 1289 1330 impcratoris
1344 1261 1764 1316 tabernaculum
1813 1262 2154 1327 invaserunt,

575 1353 946 1424 imperatricis
1002 1354 1278 1422 rapiendae
1317 1368 1505 1409 causa.
1551 1354 1658 1410 Sed
1720 1354 1878 1409 miles
1934 1356 2157 1423 quidam

573 1444 880 1517 gregarius.
920 1444 1015 1514 qui
1046 1452 1175 1499 ante
1202 1444 1620 1500 tabernaculum
1650 1446 1874 1512 sedens,
1900 1448 2151 1501 calceum

573 1538 715 1615 pede
762 1538 1071 1593 detractum
1105 1535 1270 1610 634
1323 1538 1628 1593 consuebat
1656 1556 1670 1592 :
1701 1552 1922 1610 arrepto
1962 1542 2157 1613 clypeo

572 1642 629 1688 et
661 1632 920 1703 pugione,
954 1630 1008 1685 in
1050 1646 1145 1686 eos
1185 1630 1452 1687 ferociter
1501 1632 1690 1697 irruit,
1737 1643 1793 1687 et
1840 1650 1950 1688 uno
1989 1643 2155 1704 atque

570 1725 745 1779 altero
780 1738 1061 1794 percusso,
1091 1732 1322 1778 caeteros
1360 1723 1508 1778 illius
1540 1725 1768 1780 audacia
1803 1727 2023 1780 territos
2064 1742 2155 1781 re-

2276 542 2469 591 στασις
2506 530 2754 596 γέγονεν,
2807 532 2876 603 ἢν
2926 533 3189 604 Αὑρίολος
3237 544 3605 614 συνεστήσατο,
3639 554 3785 626 πάσης

2263 617 2451 687 ἄρχων
2504 621 2605 690 τῆς
2639 621 2811 676 ἵππου
2865 627 2964 678 καὶ
3022 628 3170 696 μέγα
3228 630 3545 703 δυνάμενος·
3591 641 3664 706 ὃς,

2264 711 2421 763 πόλιν
2451 712 2520 766 τὰ
2544 714 2854 770 Μεδιόλανα
2880 720 3199 792 κατασχὼν,
3221 727 3541 797 ἡτοιμάζετο
3560 711 3787 806 συμμίξαι

2263 801 2344 872 τῷ
2394 803 2632 874 βασιλεῖ.
2699 808 2905 864 Ἐλθὼν
2951 812 3011 865 δὲ
3054 816 3307 880 κάκεῖνος
3358 823 3491 889 μετὰ
3529 801 3786 898 δυναμεως,

2263 894 2360 946 καὶ
2413 896 2493 965 τῷ
2542 900 2903 968 τυραννοῦντι
2960 906 3409 977 ἀντιταξάμενος,
3448 915 3658 982 πολλοὺς
3698 923 3787 975 τῶν

2262 986 2411 1057 αὐτῴ
2476 991 2749 1047 συνόντων
2812 995 3147 1069 διέφθειρεν.
3195 1001 3321 1056 Ὅτε
3373 1009 3466 1059 καὶ
3497 1010 3524 1061 ὁ
3572 1011 3787 1082 Αὺρίολος

2261 1079 2499 1152 ἐτρώθη,
2553 1084 2649 1136 καὶ
2680 1088 2762 1149 εἰς
2798 1088 3107 1145 Μεδιόλανα
3136 1096 3520 1170 κατεκλείσθη,
3554 1079 3688 1174 παρὰ
3712 1108 3787 1161 τοῦ

2262 1171 2530 1242 βασιλέως
2559 1178 2742 1233 ἐκεῖσε
2796 1183 3286 1257 πολιορκούμενος.
3322 1192 3428 1245 Τοῦ
3466 1196 3521 1248 δὲ
3568 1198 3785 1270 Γαλιηνοῦ

2260 1264 2613 1336 ἐπεκδρομὰς
2652 1274 2989 1343 ποιουμένου
3034 1281 3179 1331 κατά
3217 1298 3362 1345 τινας
3392 1284 3499 1337 τῶν
3537 1288 3784 1358 πολεμίων,

2261 1355 2323 1407 ἐν
2372 1358 2607 1429 κινδύνῳ
2642 1363 2775 1416 ποτὲ
2814 1369 3099 1441 γέγονενή
3151 1370 3476 1441 βασίλισσα·
3510 1355 3668 1452 συνῆν⁷
3700 1355 3784 1455 γὰρ

2258 1445 2433 1541 αύτῷ,
2482 1449 2571 1512 Ὡς
2617 1453 2729 1523 γὰρ
2768 1457 2796 1509 ὁ
2839 1457 3102 1526 βασιλεὺς
3140 1464 3484 1538 ἐπεξέδραμε
3536 1445 3660 1541 μετὰ
3701 1445 3784 1527 τῶν

2258 1533 2522 1591 πλειόνων
2547 1547 2926 1612 στρατιωτῶν,
2980 1550 3155 1620 ὀλίγοι
3182 1556 3328 1608 πάνυ
3367 1561 3779 1635 περιελείφθησαν

2258 1628 2389 1695 περὶ⁵
2413 1628 2474 1722 τὸ
2502 1634 2839 1704 χαράκωμα.
2893 1638 3146 1712 Ὅπεροὶ
3203 1628 3456 1718 πολέμιοι
3507 1628 3783 1722 θεασάμενοι

2258 1719 2494 1788 ἐπῆλθον
2516 1727 2581 1793 τῇ
2612 1725 2707 1779 τοῦ
2754 1729 3026 1799 βασιλέως
3052 1741 3257 1808 σκηνῇ,
3284 1741 3532 1812 ἁρπάσαι
3585 1747 3780 1801 διανοού-

571 1815 735 1886 pulit,
773 1815 904 1870 dum
957 1814 1199 1886 plurium
1239 1830 1509 1869 concursu
1560 1818 1758 1888 conjux
1802 1818 2143 1887 imperatoris

2258 1829 2408 1881 μενοι
2439 1814 2536 1884 τὴν
2564 1817 2906 1886 βασίλισσαν.
2957 1820 3052 1889 Εἷς
3095 1803 3158 1882 δέ
3194 1803 3278 1892 ⁴τις
3304 1803 3415 1886 τῶν
3474 1837 3783 1908 ἠμελημένων

571 1916 763 1975 erepta
831 1916 939 1962 est.
991 1905 1112 1971 Quo
1170 1906 1543 1961 Mediolanum
1601 1909 1783 1963 adhuc
1832 1910 2151 1976 obsidente,

569 1997 900 2052 Aurelianus
945 2012 1072 2051 cum
1132 1996 1421 2066 equitibus
1477 1997 1544 2051 ad
1603 1998 1895 2054 Galienum
1954 2003 2149 2056 venit:

569 2093 727 2165 cujus
750 2092 1036 2147 occidendi
1073 2093 1387 2147 consilium
1400 2109 1657 2164 proceres
1688 2112 1814 2151 cum
1857 2099 2151 2153 Aureliano

569 2185 624 2237 in
654 2194 791 2250 tum,
815 2184 947 2238 dum
988 2184 1358 2239 Mediolanum
1390 2196 1704 2255 caperetur.
1731 2188 1958 2245 diﬂ‘erre
1986 2191 2155 2245 liabe-

567 2275 699 2330 bant
732 2278 787 2330 in
833 2276 1034 2333 animo.
1083 2277 1190 2332 Sed
1227 2292 1353 2332 cum
1387 2278 1441 2331 id
1475 2295 1599 2334 esse
1637 2282 1921 2347 proditum
1966 2283 2145 2339 intclo

566 2368 851 2428 lexissent.
889 2369 1178 2424 maturatis
1221 2369 1457 2434 insidiis,
1497 2370 1733 2426 Galieno
1771 2373 2015 2429 hostium
2047 2376 2147 2431 ad-

567 2471 792 2523 ventum
820 2461 1102 2523 nuntiant,
1121 2472 1313 2517 contra
1337 2479 1477 2532 quos
1501 2464 1579 2518 illi
1605 2466 1790 2521 statim
1813 2472 1915 2522 sub
1931 2469 2144 2539 prandii

568 2560 786 2619 tempus
819 2550 1008 2619 paucis
1048 2552 1445 2608 comitantibus
1492 2555 1820 2624 egredienti,
1848 2571 2149 2614 occurrunt

565 2643 802 2710 equites.
837 2640 940 2708 Qui
969 2658 1095 2699 cum
1127 2661 1238 2699 non
1272 2645 1463 2715 procul
1497 2647 1568 2700 ab
1598 2663 1663 2702 eo
1704 2648 1976 2705 distantes
1997 2694 2010 2717 ,
2045 2669 2148 2707 nec

565 2749 635 2788 ex
666 2735 826 2804 equis
857 2735 1281 2802 descenderent,
1325 2753 1430 2793 nec
1462 2739 1635 2793 ullum
1670 2741 1840 2795 alium
1878 2743 2145 2799 tumorem

566 2829 884 2898 imperatori
913 2829 1165 2885 debitum
1200 2830 1474 2887 haberent
1499 2852 1511 2885 :
1547 2834 1783 2889 comites
1809 2850 1942 2891 suos
1967 2847 2142 2908 rogat,

564 2918 697 2988 quid
730 2920 806 2975 illi
840 2921 946 2976 sibi
995 2922 1235 2977 vellent?
1271 2921 1365 2992 qui
1404 2938 1529 2977 cum
1570 2928 2006 2995 respondissent,
2049 2946 2146 2985 eos

563 3011 859 3081 imperium
894 3012 969 3068 illi
999 3015 1402 3085 abrogaturos:
1443 3017 1630 3071 statim
1677 3019 1876 3076 laxatis
1912 3021 2145 3078 habenis

563 3101 620 3155 in
662 3102 844 3172 fugam
899 3118 1225 3170 conversus,
1279 3104 1634 3163 insidiatores
1683 3111 1812 3181 equi
1860 3113 2143 3170 celeritate

497 3179 508 3202 ’
563 3194 870 3265 effugisset,
930 3197 1033 3252 nisi
1087 3198 1134 3254 is
1179 3198 1248 3253 ad
1295 3198 1496 3254 fossam
1556 3179 1850 3271 quamdam
1912 3209 2141 3265 territus

563 3287 922 3354 substitisset,
978 3291 1070 3343 ubi
1128 3294 1596 3360 persequentibus
1634 3310 1761 3349 eum
1832 3300 2139 3365 assccutis,

563 3392 595 3431 a
626 3378 863 3447 quodam
915 3380 1069 3434 basta
1111 3381 1273 3445 ictus,
1312 3383 1521 3439 decidit
1572 3402 1757 3455 equo:
1811 3406 1912 3445 nec
1965 3394 2142 3448 multo

564 3474 691 3536 post
742 3483 811 3522 ex
860 3470 1146 3539 sanguinis
1205 3472 1477 3540 proﬂuvio
1533 3474 1792 3531 decessit.
1851 3478 2141 3547 Imperavit

563 3557 737 3622 solus,
789 3570 845 3613 et
910 3576 1035 3614 cuni
1092 3570 1270 3629 patre,
1325 3578 1502 3618 annos
1552 3565 1889 3635 quindecim.
1940 3571 2139 3628 Animo

560 3650 778 3706 liberali
837 3651 962 3715 fuit,
1010 3667 1179 3724 atque
1234 3656 1497 3712 omnibus
1552 3660 1855 3729 gratificari
1900 3664 2137 3730 studuit,

561 3758 741 3813 neque
795 3759 1127 3818 quemquam
1162 3746 1275 3801 voti
1326 3747 1588 3817 impotem
1626 3751 1876 3808 dimisit:
1922 3771 1992 3810 ne
2041 3758 2139 3812 ad-

560 3836 822 3891 versariis
850 3837 1071 3907 quidem
1100 3838 1236 3902 suis,
1286 3847 1383 3893 aut
1414 3841 1480 3895 iis
1524 3842 1618 3911 qui
1661 3852 1922 3913 tyrannos
1961 3849 2138 3905 secuti

558 3928 800 3994 fuerant,
854 3931 1124 3999 supplicio
1166 3932 1397 3987 affectis.
1428 3935 1521 4000 {Ae
1547 3934 1638 3987 alii
1669 3935 1751 3990 sic
1786 3938 2014 4007 periisse
2034 3939 2139 3996 Ga-

559 4019 789 4084 lienum,
836 4022 927 4076 alii
975 4023 1045 4076 ab
1090 4021 1414 4080 Hcracliano
1463 4026 1722 4095 praefecto
1764 4046 1964 4085 caesum
2015 4049 2138 4089 esse

561 4110 805 4166 tradunt.
844 4112 977 4167 Nam
1031 4129 1155 4168 cum
1196 4115 1492 4181 Aureolos,
1535 4120 1631 4188 qui
1681 4119 1909 4178 Gallicis
1948 4124 2137 4195 legio-

559 4202 727 4257 nibus
781 4214 1052 4272 βῖκοι-οι,
1100 4216 1246 4261 mota
1294 4209 1566 4267 seditione
1606 4229 1732 4267 cum
1783 4218 2028 4271 exercitu
2082 4219 2136 4274 in

557 4295 770 4349 llaliam
822 4296 1229 4366 contenderet,
1279 4299 1569 4357 Galienum
1622 4315 1815 4360 contra
1856 4322 1983 4362 cum
2034 4312 2136 4365 ab-

557 4394 803 4447 euntem,
858 4389 987 4442 dum
1052 4400 1221 4447 noctu
1278 4395 1330 4448 in
1387 4395 1747 4457 tabernaculo
1797 4403 2023 4471 dormit,
2065 4410 2137 4465 ab

2262 1910 2618 1972 στρατιωτῶν
2650 1915 2757 1981 πρὸ
2785 1917 2886 1986 τῆς
2926 1922 3137 1992 σκηνῆς
3161 1927 3492 1997 καθήμενος,
3529 1934 3616 1986 καὶ
3642 1936 3784 1987 τοδί·

2255 2000 2401 2050 κείον
2461 2001 2715 2073 ὑπόδημα
2773 2008 2867 2061 τοῦ
2940 2013 3102 2077 ποδὸς
3155 2017 3406 2073 ἐκϐαλὼν
3466 2024 3783 2097 συνέρῤαπτιν

2253 2089 2404 2143 αὺ.ό.
2457 2092 2546 2156 Ὠς
2594 2096 2689 2150 οὖν
2741 2094 2849 2153 εἶδε
2895 2105 3023 2168 τοὺς
3052 2106 3350 2178 πολεμίους
3407 2089 3783 2187 ἐπερχομένους,

2253 2181 2511 2251 ἁρπάσας
2540 2188 2743 2244 ἀσπίδα
2766 2195 2859 2246 καὶ
2891 2198 3238 2270 ἐγχειρίδιον,
3258 2181 3577 2277 περιθύμως
3595 2181 3783 2281 ὥρμησε

2253 2276 2373 2327 κατ’
2405 2278 2612 2347 αὐτῶν,
2655 2286 2751 2336 καὶ
2788 2288 3001 2358 πλήξας
3030 2291 3147 2357 ἕνα,
3179 2296 3274 2349 καὶ
3299 2297 3572 2371 δεύτερον,
3596 2304 3783 2374 avdita}:

2248 2367 2375 2433 τοὺς
2407 2370 2654 2439 λοιποὺς,
2726 2379 3246 2451 ἀποδεδειλιακότας
3298 2392 3440 2457 πρὸς
3463 2367 3583 2464 -τὴν
3614 2367 3784 2450 ἐκείνου

2247 2461 2447 2533 ὁρμήν.
2479 2468 2590 2521 Καὶ
2623 2469 2766 2524 οὕτω
2793 2472 3061 2529 πλειόνων
3097 2481 3523 2553 συνδραμόντων
3543 2461 3785 2557 ’στρατιω-

2247 2554 2355 2607 τῶν
2382 2560 2414 2626 ἡ
2446 2558 2539 2610 τοῦ
2600 2560 2870 2630 βασιλέως
2927 2566 3267 2625 διασέσωστο
3314 2579 3553 2646 γαμετή.
3593 2554 3699 2631 Ἔτι
3739 2580 3783 2632 δέ

2248 2647 2667 2719 πολιορκοῦντος
2705 2657 2798 2709 τοῦ
2837 2656 3106 2728 βασιλέως
3161 2663 3231 2716 τὰ
3270 2667 3596 2735 Μεδιόλανα,
3639 2672 3785 2743 Αὐρη-

2246 2735 2430 2801 λιανὸς
2468 2740 2569 2793 σὺν
2596 2743 2826 2798 ἱππεῦσι
2878 2751 3187 2819 προσῆλθεν
3223 2755 3400 2825 αὐτῷ,
3454 2758 3570 2827 μεθ’
3609 2753 3664 2813 οὗ
3709 2761 3784 2812 ἁν-

2245 2827 2387 2880 ελείν
2418 2830 2582 2884 αὑτὸν
2618 2835 2663 2885 oi
2703 2841 3033 2903 μεγιστᾶνες
3064 2845 3574 2913 προεϐούλεύσαντο
3604 2865 3618 2880 ’
3653 2851 3786 2920 ὑπερ-

2243 2918 2488 2973 ετίθεντο
2525 2921 2584 2974 δὲ
2628 2924 2691 2976 τὸ
2731 2927 2979 2998 σκέμμα,
3044 2931 3150 2996 ἕως
3182 2935 3364 3005 ἁλῷεν
3392 2940 3461 2993 τὰ
3508 2918 3783 2995 Μεδιόλανα.
3841 2929 3844 2932 ’

2244 3010 2520 3076 Μκθὸντες
2558 3013 2603 3066 δ’
2632 3018 2902 3084 ἐγνῶσθαι
2941 3025 3001 3074 τὸ
3039 3025 3189 3092 σφῶν
3245 3028 3575 3097 διαὸούλιον,
3624 3035 3785 3084 ἐπετά-

2249 3120 2416 3171 χυναν
2443 3107 2544 3177 τὴν
2574 3108 2870 3183 ἐπιδουλὴν
2899 3117 2992 3166 καὶ
3033 3118 3317 3172 στέλλουσι
3354 3139 3509 3186 τινας
3537 3124 3785 3194 πολεμίους

2248 3194 2466 3251 ἐπιέναι
2508 3199 2587 3270 τῷ
2651 3201 2899 3275 Γαλιηνῴ
2963 3209 3355 3277 ἀγγέλλοντας.
3422 3215 3480 3270 ⁸0
3526 3218 3578 3269 δὲ
3623 3218 3784 3271 αὐτίκα

2243 3285 2530 3358 ἐξώρμησε
2555 3292 2677 3346 κατ’
2702 3297 2902 3359 αὐτῶν,
2930 3298 3079 3369 ὥρας
3105 3283 3202 3372 ἠδη
3226 3307 3548 3378 ἐφεστώσης
3575 3310 3781 3379 ἀρίστου,

2244 3384 2338 3433 καὶ
2404 3385 2603 3452 ὀλίγων
2668 3398 3134 3463 συνεφεπομένων
3212 3401 3388 3470 αὐτῷ.
3463 3402 3686 3455 Ἀπιόντι
3738 3401 3783 3453 δὲ

2244 3477 2582 3530 συναντὼσιν
2642 3482 2851 3541 intret:
2882 3480 2956 3538 ὼν
3004 3488 3063 3539 ού
3099 3488 3291 3561 πόρρω
3340 3511 3445 3545 που
3499 3495 3782 3562 ἀφεστώτων

2242 3563 2430 3632 αὐτοῦ,
2466 3568 2563 3620 καὶ
2609 3574 2753 3645 μήτε
2803 3575 2911 3627 τῶν
2968 3578 3153 3633 ἵππων
3203 3584 3549 3652 ἁποὸσὶντων,
3584 3589 3705 3658 μήτε
3740 3603 3782 3639 τι

2241 3657 2428 3729 ἕτερον
2460 3664 2761 3720 ποιούντων
2792 3666 2829 3722 ἃ,
2868 3671 3004 3742 πρὸς
3052 3673 3291 3743 βασιλεῖς
3335 3657 3782 3751 νενόμισταιγίνε-

2243 3751 2397 3821 σθαι,
2428 3756 2599 3826 ἤρετο
2626 3762 2754 3824 τοὺς
2792 3768 3069 3835 παρόντας
3113 3770 3349 3837 ἐκεῖνος,
3390 3775 3454 3827 Τί
3506 3770 3644 3829 οὗτοι
3686 3774 3784 3846 βού·

2242 3845 2461 3915 λονταις
2489 3851 2538 3902 ol
2565 3851 2645 3916 δὲ,
2689 3854 2907 3909 Παῦσαι
2943 3875 3000 3911 σε
3031 3861 3132 3932 τῆς
3180 3865 3383 3935 ἀρχῆς,
3420 3870 3778 3940 ἀπεκρίθησαν.

2242 3945 2352 3998 Καὶ
2400 3944 2459 4007 ὃς
2494 3947 2696 4001 αὐτίκα
2734 3951 2827 4003 τὸν
2860 3955 3078 4022 χαλινὸν
3130 3956 3208 4028 τῷ
3258 3961 3420 4033 ἵππῳ
3471 3967 3668 4030 ἐνδοὺς,
3718 3964 3781 4025 εις

2241 4035 2422 4105 φυγὴν
2450 4039 2683 4110 ἐτράπη.
2720 4041 2831 4094 Καὶ
2854 4044 2958 4097 κᾶν
2992 4046 3220 4116 διέφυγε
3252 4054 3385 4117 τοὺς
3440 4053 3782 4109 ἐπιϐουλεύον-

2240 4143 2336 4190 τας
2371 4130 2437 4198 τῇ
2473 4135 2738 4202 ταχυτῆτι
2761 4134 2855 4188 τοῦ
2900 4137 3094 4203 ἵππου,
3131 4144 3181 4194 ει
3224 4145 3302 4214 μὴ
3338 4144 3532 4211 ὕδατος
3562 4148 3781 4216 ἐνέτυχεν

2239 4219 2432 4291 ὀχετῷ.
2470 4222 2772 4292 Παρελθεῑν
2806 4228 2914 4299 γὰρ
2949 4232 3140 4287 τοῦτον
3166 4237 3193 4287 ὁ
3232 4238 3405 4304 ἵππος
3439 4242 3779 4295 ἁποδ.δειλια·

2240 4312 2379 4379 κὼς,
2409 4313 2539 4388 ἔστη
2564 4334 2578 4347 ·
2614 4321 2708 4371 καὶ
2731 4321 2875 4374 οὕτω
2907 4327 3213 4382 κατέλαϐον
3266 4334 3320 4384 οι
3365 4334 3665 4400 διώκοντες,
3707 4334 3781 4387 καί

2238 4422 2323 4470 τις
2382 4411 2505 4461 κατ’
2544 4411 2712 4464 αὐτοῦ
2762 4414 2825 4466 τὸ
2852 4415 2979 4487 δόρυ
3012 4420 3325 4488 ἡκόντισεν.
3382 4429 3444 4480 '0
3498 4430 3554 4483 δὲ
3589 4432 3783 4501 πληγεὶς

558 4474 886 4532 lleracliano
929 4481 1151 4537 Aureoli
1197 4490 1484 4557 conjurato
1525 4494 1823 4549 excitatum
1858 4513 2000 4554 esse.
2036 4501 2138 4568 Qui

558 4579 682 4594 Anan
723 4565 769 4594 ..ἶ
806 4576 856 4594 ηρ
909 4567 1137 4594 [τίμησε-
1193 4574 1305 4594 --μᾼ
1353 4579 1364 4594 ι
1425 4578 1476 4594 ..ι
1586 4581 1596 4591 ι
1665 4583 1676 4593 .
1845 4587 1855 4594 .
2015 4590 2028 4594 -

2247 4498 2339 4551 τοῦ
2375 4500 2544 4555 ἵππου
2596 4474 2926 4574 κατήνεκτο,
2958 4474 3054 4565 καί
3098 4515 3192 4568 ἐπὶ
3240 4521 3445 4589 μικρὸν
3502 4474 3779 4594 διαρκέσαςί

558 4579 684 4617 cum
721 4565 770 4619 ci
804 4576 860 4620 et
909 4567 1140 4627 Claudio
1193 4574 1314 4629 viro
1352 4578 1795 4649 bellicosissima,
1831 4565 2130 4646 Aureolum

552 4655 664 4725 jam
724 4671 849 4711 cum
915 4663 1130 4730 magnis
1183 4667 1365 4734 copiis
1425 4670 1729 4729 adventare
1795 4679 2128 4747 nuntiasset,

554 4747 841 4804 Galiennm
887 4753 1073 4808 subito
1123 4758 1316 4812 nuntio
1369 4764 1744 4831 perterritum,
1783 4784 1847 4824 ac
1890 4776 2132 4828 seminu-

554 4840 686 4895 dum
749 4842 900 4898 lecto
958 4846 1331 4914 cxsilientem,
1391 4868 1657 4925 armaque
1707 4869 2009 4929 petentem,
2060 4868 2131 4923 ab

553 4930 651 4985 illo
701 4947 901 4987 caesum
954 4951 1096 4991 esse.
1152 4939 1329 5008 Hujus
1363 4946 1705 5013 temporibus
1755 4949 1977 5021 Xystus,
2032 4973 2133 5012 un-

490 5062 495 5067 .
555 5021 770 5078 decimo
802 5025 1031 5081 Romani
1078 5030 1429 5101 episcopatus
1460 5051 1605 5091 anno
1637 5040 1951 5110 defunctus,
1994 5047 2122 5102 Dio-

553 5117 770 5187 nysiuin
822 5133 1199 5175 successorem
1259 5122 1481 5183 habuit.
1538 5128 1891 5189 Demetriano
1936 5137 2131 5194 Antio-

553 5208 731 5262 chcno
773 5221 1010 5271 mortuo.
1057 5214 1260 5269 Paulus
1300 5215 1693 5277 Samosatenus
1726 5228 1991 5281 successit
2035 5233 2130 5300 qui

554 5299 624 5354 de
672 5301 889 5357 Christo
944 5305 1232 5363 humiliter
1281 5309 1493 5376 docuit,
1527 5317 1957 5375 cutnhomincm
2010 5299 2131 5381 esse

554 5400 754 5445 natura
786 5399 1068 5451 communi
1103 5398 1424 5469 praeditum,
1455 5413 1511 5457 ct
1546 5422 1655 5461 non
1694 5409 1887 5466 Deum.
1926 5414 2129 5472 Contra

553 5479 715 5550 635
737 5483 883 5540 hunc
907 5489 1136 5544 aliarum
1165 5492 1530 5549 Ecelesiarum
1562 5509 1810 5567 pastores
1836 5509 2128 5564 concilium

553 5572 895 5637 indixerunt,
956 5582 1048 5635 cui
1101 5583 1267 5637 etiam
1318 5585 1616 5657 Gregorius
1666 5591 2124 5670 Thaumaturgns,

551 5674 609 5718 ct
639 5664 812 5719 frater
849 5668 967 5736 ejus
1006 5670 1400 5729 Athenodorus
1428 5678 1804 5738 in‘erfucrunt
1834 5703 1846 5738 :
1885 5664 2127 5761 euntque

553 5764 610 5802 ut
661 5768 943 5821 perperam
983 5760 1051 5813 de
1097 5759 1321 5815 Christo
1370 5767 1723 5837 sentientem,
1784 5759 2123 5851 convictum,

2241 4590 2305 4642 ἐκ
2334 4591 2432 4660 τῆς
2457 4592 2552 4645 τοῦ
2591 4595 2820 4664 αἵματος
2852 4600 3173 4676 ἐτελεύτησε
3197 4610 3434 4679 ῥύσεως,
3495 4615 3781 4685 βασιλεύσας

2239 4681 2520 4747 ἐνιαυτοὺς
2553 4689 2954 4743 πεντεκαίδεκα
2983 4694 3078 4747 σὺν
3111 4700 3222 4760 τοῖς
3251 4700 3347 4753 τοῦ
3378 4709 3599 4778 πατρός.
3628 4702 3721 4759 Ἦν
3736 4707 3781 4758 δὲ

2239 4777 2337 4844 τὴν
2363 4775 2592 4846 γνώμην
2626 4779 2914 4851 φιλότιμος
2954 4786 3052 4838 καὶ
3074 4791 3211 4844 πᾶσι
3258 4792 3434 4847 θέλων
3472 4775 3779 4867 γξαρξζεσθαι,

2240 4871 2336 4919 καὶ
2357 4869 2529 4932 οὐδεὶς
2559 4873 2880 4945 αἰτούμενος
2907 4880 3071 4933 αὑτὸν
3110 4883 3486 4956 διημάρτανεν
3509 4909 3524 4923 ο
3556 4891 3671 4946 οὔτε
3698 4893 3781 4962 μὴν

2238 4961 2365 5023 τοὺς
2399 4964 2818 5030 ἐναντιωθέντας
2861 4970 3032 5041 αὐτῷ,
3075 4972 3107 5043 ἢ
3142 4981 3551 5048 προστεθέντας
3580 4989 3682 5049 τοῖς
3712 5003 3781 5038 τυ·

2243 5057 2595 5125 ραννήσασιν,
2652 5059 3058 5133 ἐτιμωρήσατο.
3099 5068 3161 5121 0i
3187 5069 3288 5138 μὲν
3318 5074 3417 5126 οὖν
3449 5075 3624 5140 οὕτως
3666 5078 3781 5130 ἱστό-

2243 5162 2418 5216 ρησαν
2457 5149 2814 5222 ἀναιρεθῆναι
2843 5156 2935 5207 τὸν
2957 5157 3218 5219 Γαλιηνόν
3249 5179 3262 5191 ·
3288 5166 3336 5216 οἱ
3367 5165 3427 5219 δὲ
3453 5173 3597 5240 παρὰ
3646 5170 3784 5241 Ἥραν

2238 5240 2490 5293 κλειανοῦ
2527 5243 2621 5295 τοῦ
2681 5247 2925 5317 ἐπάρχου
2956 5255 3234 5324 σφαγῆναι
3273 5259 3465 5312 τοῦτόν
3500 5280 3648 5331 φασι.
3697 5261 3780 5315 Τοῦ

2238 5333 2345 5400 γὰρ
2372 5333 2634 5403 Αύριόλου
2669 5340 2726 5388 ἐν
2776 5340 3003 5406 Κελτοῖς
3054 5350 3514 5419 στρατηγοῦντος,
3571 5357 3660 5410 καὶ
3706 5358 3785 5407 tuo

2239 5425 2572 5488 αναστάντος
2600 5428 2752 5499 αὐτῷ
2790 5430 3017 5498 ἥκοντος
3047 5452 3106 5488 τε
3156 5440 3250 5493 ἐπὶ
3285 5442 3520 5499 Ἰταλίαν
3561 5448 3652 5499 σὺν
3684 5449 3781 5507 ταῖς

2237 5511 2523 5595 δυνάμεσι,
2569 5522 2663 5570 καὶ
2698 5522 2725 5573 ὁ
2764 5521 2801 5572 Γ
2804 5522 3023 5592 αλιηνὸς
3086 5530 3208 5581 κατ’
3259 5535 3473 5589 ἐκείνου
3500 5538 3779 5610 ἐξώρμησε.

2237 5600 2450 5666 Νυκτὸς
2485 5606 2538 5657 δέ
2575 5608 2854 5677 πρόσεισιν
2886 5616 3058 5686 αὐτῷ,
3093 5620 3152 5670 ἐν
3173 5624 3239 5693 τῇ
3267 5630 3442 5696 σκηνῇ
3494 5600 3778 5682 καθεύδοντι

2235 5694 2263 5744 ὁ
2316 5694 2705 5764 Ἠρακλειανὺς
2753 5709 3177 5778 κεκοινωνηκὼς
3210 5717 3306 5786 τῆς
3363 5719 3653 5791 ἐπιϐουλῆς
3699 5720 3778 5773 καὶ

2238 5789 2508 5859 Κλαυδίῳ,
2560 5793 2713 5865 ἀνδρὶ
2771 5808 3290 5878 στρατηγικωτάτῳ,
3339 5789 3775 5881 ἀπαγγέλλωνώς
