4034 6244
300 319 438 386 1073
1182 400 1190 409 ,
1548 339 1955 402 ANNALIUM
1998 341 2145 402 LIB.
2185 342 2326 404 XII.
3420 346 3552 411 1074

285 431 559 527 Λῦρίολος
586 436 690 508 ἤδη
710 436 892 492 ἔπεισι
913 440 1052 510 μετὰ
1088 441 1318 513 βαρείας
1343 444 1651 514 δυνάμεως.
1690 447 1751 501 '0
1784 448 1864 514 δὲ,

1973 449 2220 507 Ecclesia
2240 453 2770 524 cederejusserunt.
2818 455 3212 522 Recusantem,
3260 457 3407 527 apud
3441 460 3553 510 Au-

291 523 431 593 πρδς
458 524 518 578 τὸ
540 527 639 597 τῆς
672 528 934 598 ἀγγελίας
966 534 1232 603 αἰφνίδιον
1265 536 1727 608 τεθορυϐημένος,
1776 541 1864 610 τῆς

1981 543 2274 608 relianum,
2330 547 2423 614 qui
2479 558 2593 600 tum
2637 546 2967 616 imperabat,
3002 549 3324 603 detulerunt
3360 549 3550 603 ortho-

292 617 483 690 κλίνης
507 620 789 694 ἀναθορὼν
820 627 913 679 καὶ
957 628 1272 699 ἡμίγυμνος
1297 631 1418 702 ᾔτει
1447 632 1517 685 τὰ
1563 632 1728 686 ὅπλα.
1766 633 1864 688 Kal

1980 633 2106 688 doxi
2157 651 2170 687 :
2223 636 2318 704 qui
2370 651 2493 690 cum
2548 637 2777 691 decreto
2834 638 2903 692 iis
2958 637 3261 692 Ecclesiam
3316 637 3549 693 attribui

288 709 317 760 6
357 710 752 782 Ἠρακλειανὺς
779 717 1007 789 πλήττει
1038 720 1231 776 τοῦτον
1275 723 1520 794 καιρίαν,
1573 725 1669 777 καὶ
1739 726 1864 780 ἀπο-

1973 725 2249 795 jussisset,
2285 727 2490 795 quibus
2518 728 2748 783 Romani
2779 739 2830 784 et
2869 729 3039 784 Italici
3066 729 3309 799 episcopi
3339 729 3545 783 suﬂ‘rao

288 801 591 861 κτίννυσιν.
648 808 737 860 Ἐν
765 812 880 874 τοῖς
923 812 1115 867 τούτου
1176 814 1394 885 χρόνοις
1444 815 1723 880 Ξύστοςνό
1773 817 1864 888 τῆς

1975 827 2262 887 garentur,
2304 818 2475 874 Paulo
2520 836 2619 891 per
2666 819 3020 891 ignominiam
3071 820 3250 890 pulso,
3310 820 3550 891 menus

303 892 604 967 Ῥωμαίων
659 901 992 976 Ἐκκλησίας
1048 907 1138 961 ἐπ’
1192 908 1288 979 ἔτη
1346 911 1593 980 προστὰς
1653 911 1864 977 ἕνδεκα,

1975 910 2268 966 successit.

283 987 539 1063 τελευτᾷ,
573 993 668 1047 καὶ
717 996 998 1062 Διονύσιος
1020 1000 1185 1054 αὐτὸν
1216 1001 1542 1073 διαδέχεται.
1577 1002 1757 1058 Ἀλλὰ,
1803 1002 2033 1058 καὶτοῦ
2080 1002 2141 1054 ὲν
2176 1004 2482 1075 Ἀντιοχείᾳ
2557 1007 2657 1076 τὴν
2713 1005 2808 1058 τοῦ
2862 1004 3103 1077 Χριστοῦ
3150 1005 3540 1076 ποιμαίνοντος

285 1085 527 1157 ποίμνην
552 1088 945 1161 Δημητριανοῦ
971 1095 1074 1166 τὴν
1099 1098 1246 1168 ζωήν
1308 1100 1755 1170 ὲκμετρήσαντος
1819 1098 2034 1162 Παῦλος
2101 1100 2130 1152 6
2171 1100 2531 1170 Σαμοσατεὺς
2583 1104 3131 1174 παραλαμϐάνειτὴν
3174 1102 3534 1172 Ἐκκλησίαν,

285 1176 346 1239 ες
381 1180 612 1233 ταπεινὰ
644 1184 772 1254 περὶ
796 1185 1037 1255 Χριστοῦ
1068 1188 1447 1258 ἐδογμάτισεν,
1480 1191 1556 1256 ὡς
1602 1191 1904 1262 ἀνθρώπου
1952 1192 2135 1245 κοινοῦ
2191 1191 2291 1262 τὴν
2324 1192 2486 1262 φύσιν
2509 1195 2827 1265 γενομένου,
2852 1196 2944 1250 καὶ
2990 1196 3054 1249 οὐ
3113 1195 3271 1250 Θεοῦ.
3314 1195 3452 1249 Καθ’
3481 1187 3547 1246 οὗ

287 1268 508 1325 σύνοδον
531 1273 582 1326 οἱ
611 1273 723 1328 τῶν
752 1276 956 1330 λοιπῶν
981 1277 1327 1350 Ἐκκλησιῶν
1373 1284 1632 1352 ποιμένες
1679 1280 2120 1352 συνηθροικότες,
2156 1284 2215 1335 ὲν
2250 1283 2282 1352 ᾗ
2324 1284 2510 1353 παρῆν
2561 1286 2657 1337 καὶ
2695 1285 3002 1358 Γρηγόριος
3027 1286 3056 1340 6
3098 1287 3536 1358 Θαυματουργὸς

283 1362 380 1412 καὶ
414 1363 442 1415 6
467 1363 660 1419 τούτου
702 1365 1035 1436 αὑτάδελφος
1061 1369 1454 1443 Ἀθηνόδωρος,
1493 1372 1731 1444 ἤλεγξαν
1777 1372 1944 1427 αὑτὸν
1984 1373 2175 1436 κακῶς
2222 1375 2350 1445 περὶ
2374 1375 2616 1448 Χριστοῦ
2663 1378 2983 1448 φρονοῦντα,
3025 1381 3119 1433 καὶ
3166 1382 3546 1451 ἁπεκήρυξαν.

280 1455 374 1524 Μὴ
406 1456 731 1528 πειθομένου
757 1459 804 1513 δ’
837 1462 1050 1517 ἐκείνου
1085 1463 1401 1534 ἀποστῆναι
1442 1464 1542 1533 τῆς
1577 1464 1930 1534 Ἐκκλησίας,
1967 1464 2313 1534 Αὑρηλιανὺς
2361 1467 2485 1520 τότε
2517 1469 2757 1538 κρατῶν,
2809 1470 2904 1524 καὶ
2936 1472 3178 1539 ἔντευξιν
3200 1474 3329 1543 περὶ
3349 1473 3543 1527 τούτου

279 1549 578 1618 δεξάμενος
611 1551 764 1622 παρὰ
800 1554 910 1607 τῶν
931 1554 1253 1625 ὀρθοδόξων,
1281 1558 1562 1628 διάταγμα
1600 1558 1774 1623 ἔθετο,
1810 1557 2040 1620 ἐκείνοις
2066 1558 2373 1629 νεμηθῆναι
2401 1560 2501 1631 τὴν
2529 1562 2885 1632 Ἐκκλησίαν,
2938 1558 3020 1628 οἷς
3045 1565 3112 1619 ἂν
3163 1567 3215 1619 οἱ
3241 1570 3387 1620 κατὰ
3447 1567 3546 1639 τήν

295 1645 518 1715 Ῥώμην
545 1647 642 1701 καὶ
671 1647 772 1718 τὴν
799 1648 1034 1703 Ἰταλίαν
1073 1652 1371 1707 ἐπίσκοποι
1396 1653 1742 1723 πρόσθοιντο.
1770 1653 2058 1708 Ἐντεῦθεν
2086 1654 2297 1724 ἀτίμως
2336 1655 2573 1727 ἐξηλάθη
2605 1658 2706 1728 τῆς
2729 1658 3059 1728 Ἐκκλησίας
3094 1662 3124 1715 6
3176 1661 3411 1727 Παῦλος,
3452 1666 3548 1720 καὶ

280 1740 609 1811 ἀντεισήχθη
642 1741 872 1811 Δόμνος.
1028 1816 1035 1823 α

355 1828 502 1898 κεῖ.
531 1831 640 1884 Τοῦ
674 1832 855 1900 μέντοι
881 1833 1146 1905 Γαλιηνοῦ
1177 1835 1552 1906 ἀνῃρημένου,
1596 1836 1864 1901 Κλαύδιος

2037 1837 2230 1893 XXVI.
2275 1838 2505 1895 Galieno
2550 1840 2859 1909 interfecto,
2915 1842 3180 1901 Claudius
3225 1846 3409 1904 Caesar
3461 1861 3548 1906 est

279 1920 563 1993 ἀνεῤῥήθη
608 1923 847 1991 Καῖσαρ.
904 1925 1013 1978 Καὶ
1040 1926 1068 1978 6
1109 1926 1392 1996 Αύρίολος,
1414 1927 1483 1981 τὰ
1523 1928 1665 1981 ὅπλα
1699 1945 1864 1982 κατα-

1971 1927 2323 1999 designatus,
2361 1931 2451 1985 cui
2494 1931 2769 1987 Aureolos
2806 1934 2976 1989 armis
3009 1938 3204 2006 positis
3236 1954 3295 1994 se
3334 1941 3546 1996 submi-

280 2013 534 2085 θέμενος,
570 2015 721 2085 αὐτῷ
744 2016 992 2089 ὑπετάγη
1015 2033 1030 2048 ο
1065 2018 1149 2083 ὃς,
1178 2016 1335 2082 αὖθις
1368 2020 1707 2088 τυραννῆσαι
1744 2021 1864 2073 sm-

1971 2022 2043 2076 sit
2079 2040 2091 2076 :
2127 2022 2224 2079 sed
2249 2039 2374 2078 cum
2400 2024 2584 2078 denuo
2610 2040 2838 2096 regnum
2864 2026 3174 2093 aliectaret,
3203 2045 3233 2084 a
3278 2033 3546 2090 militibus

280 2107 505 2180 χειρῶν,
538 2108 646 2161 ὑπὸ
680 2109 790 2162 τῶν
855 2112 1207 2179 στρατιωτῶν
1259 2113 1553 2183 διεφθάρη.
1602 2113 1868 2176 Κλαύδιος

279 2202 340 2256 δὲ
375 2202 518 2273 (77),
560 2203 803 2275 χρηστὸς
858 2206 1148 2274 τυγχάνων
1181 2205 1346 2277 ἀνὴρ,
1396 2207 1493 2261 καὶ
1547 2207 1868 2280 δικαιοσύνῃ

281 2295 538 2365 στοιχῶν,
572 2297 926 2368 ἀπηγόρευσε
964 2300 1101 2352 πᾶσι
1146 2299 1334 2367 ζητεῖν
1363 2299 1429 2353 ὲκ
1467 2298 1736 2370 βασιλέως
1771 2301 1868 2353 ἀλ-

276 2387 476 2458 λότρια
518 2389 846 2461 πράγματα.
883 2390 1221 2462 Νενόμισται
1283 2392 1394 2462 γὰρ
1449 2393 1578 2454 τοὺς
1629 2392 1867 2462 βασιλεῖς

278 2479 551 2535 δύνασθαι
585 2481 882 2552 δωρεῖσθαι
915 2480 1100 2537 καὶτὰ
1127 2481 1413 2552 ἀλλότρια,
1431 2483 1554 2537 ὅθεν
1585 2485 1681 2537 καὶ⁵
1711 2485 1760 2536 οἱ
1787 2484 1868 2537 ἔτι

279 2572 530 2640 κείμενοι
560 2573 720 2644 νόμοι
754 2573 907 2645 παρὰ
949 2577 1016 2643 τῇ
1062 2574 1315 2647 πολιτείᾳ
1344 2575 1614 2645 ἐσχήκασι
1640 2574 1741 2646 τὴν
1769 2577 1871 2646 ἀρ-

277 2667 404 2736 χήν.
437 2664 756 2735 Προσῆλθεν
784 2662 878 2720 οὖν
912 2668 1052 2736 γυνή
1082 2683 1190 2731 τις,
1223 2661 1294 2738 ἦς
1337 2668 1539 2738 χωρίον
1568 2666 1730 2730 αὐτὸς
1761 2668 1867 2739 πρὸ

276 2756 378 2823 τῆς
404 2755 685 2825 βασιλείας
710 2756 926 2826 εἰλήφει
966 2759 1033 2811 ἔκ
1063 2758 1349 2829 βασιλικῆς
1366 2756 1860 2828 δωρεᾶς,λέγουσα·

277 2852 328 2903 κ
346 2847 581 2915 ιαύδιος
610 2851 642 2902 ό
669 2850 974 2917 ἵππαρχος
999 2849 1261 2918 ἠδίκησέ
1278 2867 1375 2920 με.
1411 2851 1471 2903 '0
1506 2849 1588 2915 δὲ,
1616 2850 1794 2918 Ὅπερ
1833 2851 1867 2903 ό

276 2939 582 3005 Κλαύδιος
620 2940 860 3008 ίδιώτης
884 2941 970 2994 ὢν·
1014 2942 1321 3011 ἀφείλετο,
1358 2937 1537 3006 εἶπεν,
1566 2943 1749 3011 ἡνίκα
1778 2944 1864 3013 μή

198 3080 207 3085 -
278 3051 336 3085 τι
408 3032 568 3097 αὐτῷ
605 3033 726 3089 τῶν
772 3038 975 3109 νόμων
1015 3035 1215 3105 ἔμελε,
1260 3036 1441 3091 τοῦτο
1484 3036 1867 3104 βασιλεύσας

276 3126 786 3194 ἀποκαθίστησιν.
831 3127 921 3179 Ἐν
963 3126 1155 3200 Ῥώμῃ
1179 3129 1236 3181 δέ
1304 3145 1393 3195 γε,
1467 3130 1501 3199 ή
1553 3127 1865 3198 σύγκλητος

280 3218 535 3288 μαθοῦσα
562 3219 664 3287 τήν
712 3221 807 3272 τοῦ
856 3219 1121 3291 Γαλιηνοῦ
1168 3220 1483 3291 ἀναίρεσιν,
1514 3222 1605 3276 τὸν
1632 3222 1866 3289 ἀδελφὸν

278 3312 499 3365 δκείνου
550 3312 645 3366 καὶ
703 3312 796 3365 τὸν
826 3314 943 3366 υίδν
986 3312 1357 3369 ἐθανάτωσαν.
1403 3313 1512 3368 Τοῦ
1548 3315 1735 3385 μέντοι
1765 3316 1869 3369 Πο-

278 3401 521 3471 στούμου
559 3403 957 3474 τυραννοῦντος
1020 3404 1126 3469 ἔτι,
1161 3405 1256 3459 καὶ
1308 3404 1614 3476 Βαρϐάρων
1650 3403 1738 3458 διὰ
1770 3406 1865 3472 τῆς

276 3493 592 3558 Μαιώτιδος
653 3495 960 3550 διαόἀντων
1005 3495 1206 3569 λίμνης
1267 3499 1348 3560 είς
1414 3497 1604 3550 Ἀσίαν
1663 3513 1722 3550 τε
1769 3496 1867 3549 καὶ

275 3587 559 3659 Εὐρώπην
589 3588 684 3643 καὶ
716 3587 1055 3658 ληϊζομένων
1099 3590 1293 3654 αὑτὰς,
1344 3589 1542 3659 βουλῆς
1577 3607 1636 3643 τε
1662 3607 1865 3660 προτεο

277 3683 470 3750 θείσης
494 3680 602 3734 τίνι
631 3681 898 3751 πρότερον
931 3682 1315 3750 ἐπιχειρητέον
1340 3682 1564 3751 πολέμῳ
1584 3699 1597 3713 ’
1624 3684 1652 3736 6
1683 3682 1866 3736 Κλαύ-

275 3771 388 3834 διος
423 3771 527 3841 ἔφη
551 3771 627 3836 ὡς
674 3772 738 3824 '0
782 3767 933 3840 πρὸς
962 3773 1068 3826 τὸν
1105 3770 1408 3839 τύραννον
1447 3774 1713 3842 πόλεμος
1738 3774 1867 3843 ἐμοὶ

276 3863 564 3933 διαφέρει,
593 3867 625 3917 ό
651 3863 719 3917 δὲ
749 3867 900 3933 πρὸς
924 3866 1066 3932 τοὺς
1088 3864 1429 3933 Βαρϐάρους
1468 3865 1544 3933 τῇ
1569 3868 1862 3934 πολιτείᾳ,

275 3954 379 4009 καὶ
431 3956 549 4023 χρὴ
609 3954 1049 4023 προτιμηθῆναι
1106 3957 1215 4008 τὸν
1262 3953 1368 4021 τῆς
1419 3957 1747 4022 πολιτείας.
1802 3957 1866 4011 Οἱ

277 4048 556 4118 Βάρῦαροι
586 4048 641 4100 δὲ
672 4048 872 4110 πολλὰς
928 4050 1032 4118 μὲν
1070 4049 1408 4118 κατέδραμον
1444 4048 1651 4118 χώρας.
1680 4050 1781 4117 τὴν
1809 4048 1868 4101 δέ

275 4157 342 4208 γε
365 4138 770 4211 Θεσσαλονίκην
802 4140 1177 4210 ἐπολιόρκουν.
1201 4138 1236 4210 ἢ
1256 4139 1424 4194 πάλαι
1458 4140 1558 4209 μὲν
1623 4139 1867 4209 Ἢμαθία

276 4230 569 4284 καλεῖσθαι
593 4231 836 4298 λέγεται,
875 4230 1246 4302 Θεσσαλονίκη
1289 4230 1346 4283 δὲ
1386 4228 1866 4299 μετονομασθῆναι

275 4326 345 4379 ἐκ
373 4325 471 4392 τῆς
519 4324 791 4377 Φιλίππου
823 4326 924 4394 μὲν
973 4323 1269 4393 θυγατρὸς,
1308 4323 1630 4392 Κασάνδρου
1673 4322 1731 4374 δὲ
1764 4339 1865 4389 γυ·-

276 4416 468 4478 ναικδς
508 4415 914 4481 Θεσσαλονίκης
981 4416 1125 4468 Ἀλλ’
1159 4416 1377 4485 ἐκείνης
1410 4414 1507 4484 μὲν
1535 4414 1636 4483 τῆς
1661 4413 1868 4476 πόλεως

1969 2114 2186 2169 occisus
2238 2122 2344 2169 est.
2398 2113 2663 2170 Claudius
2705 2131 2837 2171 vero
2872 2133 2997 2174 eum
3034 2119 3118 2173 vir
3163 2121 3340 2176 bonus
3382 2124 3546 2194 justi-

1971 2206 2171 2277 tiaeque
2195 2216 2433 2262 sectator
2461 2216 2630 2271 esset,
2665 2208 2951 2266 interdixit
2996 2228 3065 2267 ne
3092 2213 3237 2269 ultra
3283 2217 3541 2286 cuiquam
3614 2204 3618 2208 ’

1969 2299 2116 2354 bona
2164 2301 2344 2355 aliena
2389 2301 2459 2355 ab
2488 2301 2822 2371 imperatore
2865 2312 3099 2373 peteret.
3143 2306 3445 2377 Receptum
3490 2306 3543 2363 id

1967 2394 2118 2447 enim
2167 2393 2419 2449 moribus
2444 2403 2563 2449 erat
2603 2394 2971 2464 imperatores
3018 2397 3185 2453 etiam
3233 2399 3412 2455 aliena
3444 2400 3542 2455 doc

1968 2500 2123 2550 nare,
2173 2486 2621 2557 quandoquidem
2673 2488 2822 2544 idem
2855 2490 2946 2559 jus
3003 2491 3324 2560 reipublicae
3378 2495 3545 2549 stanti

1969 2592 2070 2649 per
2114 2578 2262 2648 leges
2309 2578 2510 2634 fuerat.
2556 2579 2748 2651 Itaque
2801 2581 3005 2637 mulier
3040 2583 3328 2654 quaedam,
3383 2586 3546 2655 cuius

1967 2671 2233 2740 praedium
2282 2670 2403 2741 ipse
2453 2681 2582 2727 ante
2651 2672 2943 2741 imperium
2994 2689 3061 2728 ex
3113 2676 3260 2731 dono
3309 2677 3546 2745 impera~

1967 2759 2107 2813 toris
2128 2767 2440 2829 acceperat,
2476 2761 2742 2837 accessit,
2769 2777 2801 2816 a
2832 2761 3064 2817 Claudio
3101 2766 3362 2835 magistro
3390 2768 3547 2835 equi-

1971 2857 2085 2905 tum
2140 2851 2396 2920 injuriam
2435 2852 2545 2907 sibi
2582 2868 2705 2907 esse
2747 2852 2946 2909 factam
2985 2870 3355 2925 conquerens.
3404 2857 3543 2912 Tum

1969 2942 2061 2998 ille
2104 2961 2117 2996 :
2157 2941 2328 3008 Quod,
2380 2942 2582 3013 inquit,
2634 2944 2910 3007 Claudius,
2953 2946 3077 2999 dum
3126 2949 3363 3016 privatus
3406 2958 3543 3011 erat,

1969 3051 2061 3090 nec
2113 3035 2250 3105 leges
2289 3037 2535 3100 curabat,
2589 3037 2830 3103 abstulit,
2893 3040 2989 3092 hoc
3041 3039 3210 3108 factus
3256 3043 3547 3110 imperator

1969 3125 2215 3180 restituit.
2258 3125 2498 3180 Senatus
2532 3125 2835 3188 Romanus,
2861 3125 3078 3182 Galieni
3115 3130 3263 3182 caede
3287 3131 3504 3199 cognita
3529 3170 3544 3191 .

1970 3213 2196 3270 fratrem
2230 3216 2377 3271 illius
2405 3227 2461 3269 et
2487 3215 2657 3271 lilium
2688 3217 2856 3272 etiam
2895 3217 3117 3273 occidit.
3169 3219 3306 3274 Cum
3362 3228 3546 3275 autem

1969 3310 2303 3365 Postbumus
2329 3309 2511 3365 adhuc
2541 3310 2888 3382 tyrannidem
2918 3311 3216 3375 obtineret.
3238 3322 3294 3368 et
3319 3313 3546 3369 Barbari

1971 3401 2220 3456 Maeotide
2276 3402 2479 3472 palude
2548 3412 2846 3477 superata,
2901 3403 3084 3458 Asiam
3158 3404 3550 3474 Europamque

1968 3503 2271 3558 vastarent,
2316 3511 2380 3549 ac
2436 3504 2621 3551 utrum
2669 3496 2873 3550 bellum
2919 3496 3072 3565 prius
3142 3495 3547 3552 conﬁciendum

1966 3595 2136 3645 esset.
2181 3586 2604 3651 deliberaretur,
2632 3587 2896 3643 Claudius
2925 3587 3085 3652 dixit,
3121 3587 3331 3643 Bellum
3385 3589 3543 3643 Post-

1966 3679 2231 3733 humicum
2302 3694 2420 3732 mea
2489 3680 2736 3741 interest,
2806 3677 3159 3734 Barbaricum
3219 3679 3545 3750 reipublicae.

1968 3772 2119 3840 cujus
2148 3768 2202 3824 in
2232 3771 2416 3841 primis
2448 3771 2688 3824 habenda
2720 3778 2799 3824 est
2833 3772 2995 3825 ratio.
3020 3769 3295 3829 Caeterum
3325 3769 3549 3824 Barbati

1968 3861 2168 3916 multas
2236 3860 2551 3930 provincias
2617 3861 3006 3925 incursantes.
3059 3862 3546 3930 Thessalonicam,

1969 3968 2109 4023 quae,
2150 3968 2278 4008 cum
2311 3953 2442 4007 olim
2476 3953 2728 4008 Emathia
2756 3953 3061 4020 diceretur,
3094 3970 3123 4007 a
3153 3953 3391 4025 Philippi
3434 3954 3548 4010 lilia

1967 4047 2280 4104 Cassandro
2311 4055 2480 4113 nupta
2510 4047 2617 4102 hoc
2649 4062 2850 4101 nomen
2874 4046 3154 4116 accepisse
3173 4043 3365 4103 'fertur
3384 4086 3399 4109 ,
3448 4046 3550 4102 ob-

1971 4140 2236 4197 sederunt
2268 4156 2281 4192 :
2311 4139 2380 4193 ab
2424 4154 2600 4208 eaque
2644 4138 2849 4207 repulsi
2879 4177 2894 4199 ,
2953 4139 3199 4192 Athenas
3255 4147 3546 4207 ceperunt.

1968 4229 2219 4287 Ubicum
2260 4244 2453 4282 omnes
2495 4227 2670 4282 libros
2717 4226 2774 4281 in
2821 4242 2991 4281 unum
3039 4242 3299 4281 acervum
3348 4242 3549 4295 conire-

1970 4330 2086 4376 stos
2144 4319 2442 4374 crematuri
2501 4326 2728 4381 essent,
2793 4332 2936 4371 unus
3002 4331 3068 4371 ex
3136 4317 3549 4372 cordatioribus

1972 4411 2264 4483 p0pulares
2292 4426 2425 4466 suos
2446 4425 2475 4464 a
2502 4408 2789 4479 proposito
2820 4408 3097 4463 revocavit
3127 4427 3140 4462 :
3167 4409 3315 4479 quod
3347 4408 3546 4472 Graeci,

276 4507 743 4580 ἁπεκρούσθησαν
795 4522 811 4537 °
858 4508 1179 4571 ἐπελθόντες
1257 4507 1315 4560 δὲ
1396 4509 1518 4570 ταῖς
1589 4505 1861 4576 Ἀθήναις,

1973 4503 2102 4558 dum
2139 4502 2205 4556 iis
2244 4501 2409 4556 rebus
2452 4497 2733 4567 occupati,
2785 4511 2902 4550 rem
2955 4496 3249 4551 militarem
3300 4495 3545 4567 neglige-

275 4595 425 4655 εἷλον
499 4600 696 4665 αὐτὰς,
748 4601 844 4654 καὶ
900 4602 1303 4670 συναγαγόντες
1363 4600 1540 4654 πάντα
1587 4599 1655 4652 τὰ
1693 4599 1751 4650 ὲν
1793 4602 1858 4670 τῇ

275 4692 435 4747 πόλει
465 4690 675 4758 Βιϐλία,
719 4693 921 4747 καῦσαι
988 4693 1163 4748 ταῦτα
1194 4693 1510 4765 ἠϐούλοντο.
1557 4687 1655 4754 Εἷς
1687 4690 1746 4743 δέ
1775 4709 1858 4755 τις

1975 4604 2129 4659 rent,
2160 4592 2320 4649 facile
2369 4589 2619 4661 superari
2665 4595 2909 4658 possent.
2964 4587 3261 4642 Enimvero
3314 4585 3549 4643 Cleode-

1970 4703 2114 4750 iuus,
2169 4684 2253 4738 vir
2298 4679 2685 4746 Atheniensis,
2745 4675 2869 4750 fuga
2924 4678 3189 4750 elapsus,
3250 4684 3547 4745 coactaquc

1486 4869 1689 4933 Varia)
1713 4864 2027 4931 lectiones
2055 4873 2117 4927 et
2152 4869 2342 4928 notas.

356 5041 471 5107 (77)
518 5040 815 5107 Κλαύδιος
866 5039 954 5094 δέ.
1028 5039 1153 5094 Hu‘c
1216 5039 1284 5093 de
1342 5038 1556 5094 Claudii
1616 5036 1852 5107 justitia,

278 5112 477 5166 verbis
509 5111 662 5166 Petri
700 5111 862 5166 Fabri
895 5110 1229 5181 Sanjoriani,
1256 5110 1353 5163 lib.
1388 5124 1423 5163 ll
1455 5108 1697 5181 Seuestr.
1728 5122 1851 5181 cap.

281 5182 378 5240 25.
425 5181 790 5242 reddidimus,
833 5198 959 5235 cum
1005 5176 1211 5235 'ltorum
1253 5195 1474 5234 sensum
1509 5180 1597 5232 vix
1649 5176 1859 5244 ceperit

285 5254 588 5327 interpres,
628 5262 685 5327 et
716 5267 837 5327 qua:
870 5250 1421 5327 salebrosajgmlvit
1455 5248 1674 5327 iienric.
1706 5247 1861 5327 Vale-

281 5324 400 5378 sius
426 5318 493 5377 ad
529 5318 1118 5390 Dionis—Exempla».
1151 5318 1277 5375 208.
1314 5319 1389 5374 Ea
1423 5334 1554 5390 vero
1601 5318 1858 5390 de__o_pti-

281 5408 374 5447 mo
413 5393 651 5463 quodam
684 5402 906 5447 auctore
926 5387 1148 5463 sumpta
1180 5390 1462 5463 existimat
1494 5389 1639 5463 idem
1666 5387 1860 5463 Faber,

279 5473 338 5519 et
381 5457 575 5517 vocem
606 5464 888 5529 ἀλλότρια,
940 5457 1284 5524 εἰνοάίίεηα,
1317 5461 1420 5514 hoc
1446 5460 1587 5519 loco,
1627 5457 1864 5529 intelligi

280 5549 395 5588 non
433 5534 640 5588 debere
679 5526 861 5587 omnia
895 5548 1014 5600 qua:
1042 5531 1291 5601 privatus
1337 5530 1574 5601 quisque
1604 5529 1731 5599 jure
1760 5526 1863 5579 do-

282 5604 442 5658 minii
489 5605 749 5673 pertinet.
791 5604 927 5658 Nam
976 5600 1123 5671 quis.
1160 5600 1558 5673 inquit,l‘ando
1628 5612 1863 5664 unquam

284 5669 526 5737 audivit,
555 5690 620 5729 ea
651 5674 738 5729 vel
776 5673 888 5744 peti
918 5669 1077 5744 solita
1105 5669 1266 5744 esse,
1298 5671 1381 5724 vel
1423 5672 1492 5744 ab
1534 5669 1867 5744 imperatore

286 5744 424 5800 olim
448 5744 644 5800 donari
683 5740 981 5816 potuisse?
1013 5741 1118 5796 nisi
1147 5744 1286 5797 forte
1317 5740 1464 5811 quod
1518 5740 1691 5795 multo
1739 5748 1866 5792 ante

1965 5034 2017 5089 in
2068 5034 2194 5088 Asia
2246 5032 2529 5088 factitasse
2578 5029 2877 5104 Antonium
2927 5025 3123 5104 scribit
3185 5018 3540 5104 ρξυιεπεῐψς,

1967 5103 2020 5158 id
2054 5104 2483 5176 imperatoribus
2518 5100 2887 5176 usuvenerit__:
2925 5089 3544 5176 quodquidem‘Fabrq

1965 5191 2076 5229 non
2105 5160 2300 5245 placet,
2340 5173 2434 5243 qui
2477 5172 2762 5245 pertinere
2793 5160 3034 5222 edictum
3081 5160 3233 5245 istud.
3276 5170 3425 5245 putat
3474 5160 3543 5245 ad

1967 5232 2185 5299 ιὶιιιΙιίιη
2226 5232 2302 5297 De
2331 5232 2670 5315 petitionibus
2720 5240 3000 5315 bonorum"
3037 5232 3258 5315 sublatis
3288 5247 3306 5284 :
3360 5232 3431 5283 ita
3485 5237 3545 5315 ut

1965 5316 2145 5370 aliena
2195 5305 2425 5384 intelligi
2476 5311 2734 5384 debeant,
2769 5325 2832 5362 ea
2885 5305 3096 5384 scilicet
3145 5319 3288 5383 qum.
3325 5314 3543 5384 reorum

1965 5385 2212 5454 quidem,
2259 5384 2354 5438 sed
2375 5375 2848 5454 findemuatorum
2913 5375 3095 5429 adhuc
3137 5386 3193 5426 et
3241 5375 3541 5454 viventium

1970 5450 2114 5509 bona
2169 5465 2320 5517 sunt,
2380 5453 2624 5517 itemque
2677 5450 2883 5500 caduca
2939 5460 3036 5498 seu
3081 5450 3390 5517 vacantia;
3435 5454 3545 5493 nuo

1966 5542 2098 5579 vero
2146 5510 2320 5579 etiam
2369 5510 2753 5575 damnatorum
2789 5524 2843 5570 et
2882 5515 3320 5584 proscriptorum
3372 5510 3539 5566 bona.

1968 5611 2091 5664 quae
2154 5604 2337 5648 tamen
2399 5592 2530 5645 ﬁsco
2588 5583 3143 5664 nuntiata,nondum
3204 5583 3412 5664 ιιόιίὶιιιι
3440 5594 3540 5664 seu

1968 5649 2315 5734 incorporata
2342 5670 2489 5734 sunt,
2522 5674 2647 5712 cum
2684 5658 2799 5714 haec
2828 5670 3048 5727 quoque
3071 5654 3248 5711 aliena
3270 5649 3541 5723 quodam‘

1970 5731 2138 5791 modo
2167 5750 2286 5789 esse
2329 5731 2643 5787 vidcantur.
