4034 6244
496 323 636 390 1075

1755 328 2079 391 JOANNIS
2111 326 2439 392 ZONARIE

3600 333 3738 393 1076

485 439 862 504 multitudine,
900 439 1133 494 navibus
1158 445 1225 494 ex
1252 439 1389 494 mari
1412 441 1609 497 hostes
1648 443 1904 507 adortus,
1941 452 2057 498 tan-

2161 443 2268 498 τῶν
2307 445 2548 498 συνετῶν
2586 445 2714 515 παρ’
2765 438 2954 505 αὐτοῖς
2988 442 3291 498 δοκούντων
3348 438 3579 513 ἀπεῖρξε
3619 443 3746 506 τοὺς

487 543 592 585 tam
625 532 826 585 caedem
853 531 1057 594 edidit,
1102 542 1161 586 ut
1213 532 1408 602 reliqui
1455 534 1619 588 etiam
1668 535 1797 591 inde
1831 536 2058 606 aufuge-

2156 536 2464 604 ὁμοφύλους
2514 538 2608 591 τοῦ
2669 537 3076 607 ἐγχειρήματος
3097 573 3111 599 ν

3181 535 3424 604 φάμενος
3470 537 3547 598 ώς
3613 546 3683 585 πε
3695 534 3750 605 ρὶ

486 633 628 678 rent.
670 623 932 679 Claudius
971 637 1103 679 vero
1146 642 1270 680 eum
1313 641 1410 682 eos
1452 628 1507 682 in
1539 630 1707 684 variis
1756 624 2057 700 provinciis

2161 627 2330 681 ’ταῦτα
2357 629 2406 682 oi
2441 623 2704 697 Ἕλληνες
2743 626 3137 697 ἀσχολούμενοι
3162 627 3481 694 πολεμικῶν
3506 625 3750 694 ἀμελοῦ-

485 715 788 784 dispersos,
829 715 995 786 636
1049 716 1246 784 partim
1299 717 1588 774 navalibus
1620 761 1634 783 ,
1695 722 1890 787 partim
1942 729 2060 775 ter.

486 806 754 878 restribus
785 807 988 874 p-raaliis
1022 821 1358 878 superasset,
1395 813 1582 867 multis
1619 812 1785 868 etiam
1842 823 2057 884 tempe-

485 906 686 950 statum
718 900 1106 955 vexationibus
1147 910 1203 956 et
1254 902 1398 958 fame
1445 907 1823 976 consumptis,
1869 905 2058 961 Sirmii

484 997 754 1056 mgrotans
786 1004 800 1041 :
833 995 957 1044 cum
1011 991 1345 1061 primoribus
1393 995 1667 1050 exercitus
1705 995 2058 1060 convocatis,

485 1076 553 1132 de
619 1077 949 1148 imperatore
1009 1084 1248 1137 creando
1309 1085 1644 1147 dissereret.
1700 1086 2057 1141 Aurelianum

483 1170 720 1239 imperio
753 1171 978 1242 dignum
1015 1190 1134 1230 esse
1162 1175 1323 1231 dixit.
1361 1177 1530 1241 Sunt,
1561 1179 1653 1246 qui
1693 1192 1826 1231 eum
1874 1177 2058 1232 statim

485 1261 873 1332 imperatorem
912 1265 1207 1322 salutatum
1238 1283 1361 1322 esse
1398 1268 1603 1322 dicant.
1633 1268 1737 1322 Alii
1781 1280 2058 1329 asserunt.

484 1363 760 1419 senatum,
801 1354 1013 1412 Claudii
1065 1368 1241 1414 morte
1288 1359 1858 1425 audiia,Qnintiiiano
1903 1359 2059 1415 fratri

483 1445 635 1515 eius,
675 1446 746 1501 ob
785 1447 959 1518 ipsius
996 1450 1334 1506 desiderium
1358 1492 1372 1517 ,
1409 1451 1672 1508 detulisse
1718 1453 2012 1522 imperium
2042 1470 2057 1508 :

484 1539 578 1620 qui
610 1549 671 1592 ut
703 1540 870 1595 homo
907 1542 1174 1613 simplex.
1199 1553 1256 1599 et
1305 1545 1372 1598 ad
1413 1553 1502 1600 res
1549 1546 1818 1616 gerendas
1864 1562 2058 1616 parum

485 1628 751 1694 idoneus,
793 1648 917 1687 cum
971 1635 1326 1691 Aurelianum
1371 1648 1401 1692 ‘a
1449 1638 1718 1692 militibus
1769 1640 2062 1708 imperato-

483 1735 598 1774 rem
629 1724 922 1780 salutatum
959 1742 1082 1782 esse
1111 1729 1447 1793 audivisset,
1478 1730 1650 1785 incisa
1696 1747 1890 1786 manus
1923 1747 2058 1787 vena

483 1827 552 1866 ex
577 1816 845 1882 proﬂuvio
871 1819 1155 1889 sanguinis
1187 1823 1332 1876 ultro
1360 1838 1551 1877 necem
1577 1822 1680 1877 sibi
1704 1824 2058 1890 conseiverit,

483 1920 585 1974 per
615 1923 721 1960 xvn
756 1909 1020 1967 duntaxat
1050 1913 1169 1968 dies
1193 1915 1349 1984 quasi
1387 1917 1661 1970 sam‘niato
1687 1917 1938 1986 imperio.
1982 1917 2059 1973 De

483 1997 662 2064 spatio
688 1998 906 2070 imperii
930 2002 1168 2065 Claudii,
1192 2007 1496 2076 scriptores
1523 2023 1628 2061 non
1664 2010 2019 2064 consentiunt
2042 2024 2057 2062 :

483 2102 718 2154 quorum
749 2093 862 2152 alii.
903 2109 1027 2148 eum
1071 2113 1239 2150 unum
1274 2107 1500 2160 annum,
1533 2099 1656 2160 alii.
1689 2108 1749 2153 ut
1791 2110 1846 2154 et
1884 2101 2059 2154 Euse-

482 2177 645 2244 bius,
682 2181 968 2240 biennium
1013 2187 1312 2262 imperasse
1347 2191 1551 2245 ferunt.
1605 2191 1778 2261 Hujus
1814 2191 2057 2261 impera-

483 2273 621 2329 toris
651 2274 863 2332 Claudii
895 2294 962 2332 ex
999 2280 1108 2334 illia
1151 2297 1318 2350 nepos
1349 2282 1456 2337 fuit
1492 2281 1763 2337 Constans
1800 2281 2055 2349 Chlorus,

483 2365 661 2437 Magni
697 2369 1042 2426 Constantini
1076 2384 1249 2444 pater.

2161 734 2245 774 σιν
2274 719 2477 789 ἔργων,
2506 720 2599 774 καὶ
2638 720 2814 782 οὕτως
2847 720 3173 790 εὐχείρωτοι
3206 719 3473 787 γίνονται.
3501 718 3751 788 Κλεόδη-

2166 811 2412 888 μοςγ(78)
2458 812 2538 878 δὲ,
2585 812 2872 882 Ἀθηναῖος
2933 811 3098 882 ἀνὴρ,
3153 810 3439 880 διαδράναι
3492 807 3749 878 ἰσχύσας,

2159 909 2256 959 καὶ
2285 900 2490 978 πλῆθος
2536 905 2886 975 συναγαγὼν,
2931 905 3073 976 μετὰ
3119 904 3324 958 πλοίων
3359 907 3424 957 ὲκ
3465 901 3750 970 θαλάσσης

2161 1000 2398 1070 ἐπῆλθεν
2444 1001 2654 1064 αὐτοῖς.
2694 1001 2790 1053 καὶ
2823 1000 3056 1062 πολλοὺς
3096 999 3331 1059 ἀνεῖλεν,
3384 997 3460 1060 ὡς
3494 995 3749 1057 καὶτοὺς

2160 1094 2621 1164 περιλειφθέντας
2677 1093 2898 1146 ἐκεῖθεν
2950 1093 3168 1158 φυγεῖν.
3202 1089 3476 1152 Κλαύδιος
3510 1086 3569 1140 δὲ
3604 1085 3751 1139 κατὰ

2160 1185 2368 1239 τούτων
2396 1179 2673 1255 ὁρμήσας,
2717 1186 2775 1238 ἐν
2815 1183 3040 1245 πολλαῖς
3078 1180 3486 1234 σκεδασθέντων
3511 1177 3745 1248 χώραις,

2165 1278 2296 1332 ποτὲ
2340 1278 2439 1346 μὲν
2469 1276 2797 1348 ναυμαχίαις
2827 1275 2958 1328 ποτὲ
2985 1264 3045 1328 δὲ
3087 1273 3230 1328 κατὰ
3271 1272 3378 1341 γῆν
3417 1269 3750 1339 συνισταμέ-

2161 1379 2284 1427 ναις
2316 1363 2518 1435 μάχαις
2550 1364 2792 1432 ἐνίκησε.
2842 1363 2953 1416 Καὶ
2989 1361 3261 1432 χειμῶνες
3285 1359 3341 1412 δὲ
3368 1358 3570 1419 αὐτοὺς
3609 1356 3748 1409 ὲκάο

2163 1471 2372 1522 κωσαν,
2413 1457 2508 1509 καὶ
2539 1455 2696 1525 λιμὸς
2719 1454 3019 1508 ὲπίεσεκαὶ
3064 1449 3399 1522 διέφθειρεν.
3438 1452 3528 1503 Ἐν
3569 1451 3627 1503 δὲ
3670 1449 3748 1519 τῷ

2163 1547 2374 1618 Σιρμίῳ
2404 1544 2701 1618 διατρίῦων
2737 1549 2767 1600 ὁ
2797 1543 3071 1618 Κλαύδιος
3100 1545 3350 1614 ἐνόσησε,
3386 1544 3484 1596 καὶ
3541 1553 3752 1609 συγκα-

2161 1640 2324 1701 λέσας
2351 1640 2413 1694 τὸ
2445 1641 2821 1710 λογιμώτερον
2842 1639 2937 1692 τοῦ
2980 1635 3392 1710 στρατεύματος
3426 1637 3557 1705 περὶ
3589 1635 3750 1704 βασι-

2160 1731 2298 1794 λέως
2355 1732 2602 1802 διελέχθη
2659 1732 2846 1795 αὐτοῖς
2877 1771 2893 1794 ,
2958 1732 3054 1783 καὶ
3091 1730 3182 1782 τὸν
3221 1727 3568 1798 Αύρηλιανδν
3598 1726 3751 1789 ἄξιον

2093 1789 2134 1846 Β
2163 1789 2295 1891 τῆς⁷
2316 1789 2602 1895 βασιλείας
2653 1820 2775 1877 εἷπε
2825 1789 3136 1893 τυγχάνειν.
3172 1789 3374 1877 Ehrle"
3407 1821 3458 1874 οἳ
3488 1820 3750 1887 λέγουσιν

2160 1917 2248 1969 ὅτι
2294 1915 2390 1968 καὶ⁵
2439 1917 2642 1970 αὐτίκα
2686 1915 2914 1984 βασιλέα
2971 1917 3192 1968 ἀνεῖπεν
3238 1914 3421 1968 αὐτόν.
3455 1911 3635 1963 Ἔνιοι
3691 1909 3750 1962 δι

2162 2006 2388 2074 λέγουσι
2445 2007 2543 2078 τὴν
2611 2006 2914 2076 σύγκλητον
2946 2005 3004 2059 ὲν
3062 2004 3278 2075 Ῥώμῃ,
3331 2001 3618 2071 μαθοῦσαν
3653 1999 3748 2053 τοῦ

2169 2100 2439 2154 Κλαυδίου
2469 2103 2561 2154 τὸν
2591 2101 2843 2162 θάνατον.
2867 2099 3227 2152 Κυντιλιανὺν
3254 2094 3364 2169 (79)
3393 2099 3485 2149 τὸν
3516 2093 3752 2160 ἀδελφὸν

2165 2197 2400 2258 ἐκείνου,
2435 2194 2527 2247 διὰ
2561 2195 2653 2246 τὸν
2687 2191 2823 2263 πρὸς
2875 2194 3145 2247 Κλαύδιον
3188 2189 3354 2244 πόθον
3390 2189 3623 2253 ἀξιῶσαι
3651 2189 3750 2255 τῆς

2167 2285 2468 2356 βασιλείας,
2523 2285 2584 2337 τὸ
2642 2284 2700 2338 δὲ
2754 2285 3150 2355 στρατιωτικὸν
3217 2280 3594 2350 ἀναγορεῦσαι
3656 2279 3752 2330 τὸν

2163 2378 2526 2448 Λύρηλιανόν.
2581 2377 2812 2446 ’Λφελὴς
2839 2377 2894 2430 δὲ
2915 2376 2990 2430 ὣν
3017 2379 3045 2429 ο
3078 2374 3456 2437 Κυντιλιανὸς,
3484 2374 3581 2426 καὶ
3612 2371 3753 2442 πρὸς

482 2461 830 2530 πραγμάτων
888 2464 1262 2532 ἀποπεφυκὼς
1305 2465 1708 2536 μεταχείρισιν,
1751 2466 1940 2536 μαθὼν
2004 2470 2103 2537 τὴν
2141 2471 2450 2542 ἀνάρρησιν
2497 2468 2594 2524 τοῦ
2640 2470 3008 2539 Δύρηλιιανού,
3067 2468 3260 2522 ἑαυτὸν
3327 2465 3532 2528 ἀνεῖλε,
3563 2463 3752 2532 τεμὼν

481 2551 584 2624 τὴν
610 2554 785 2622 φλέϐα
829 2557 931 2626 τῆς
983 2554 1193 2620 οἰκείας
1225 2557 1434 2628 χειρὸς,
1479 2563 1575 2612 καὶ
1612 2561 1680 2628 τῇ
1719 2558 1931 2612 ἐκεῖθεν
2001 2559 2096 2613 τοῦ
2136 2560 2373 2632 αἵματος
2409 2562 2759 2630 ὲναποζύξας
2827 2565 2948 2634 ῥοῇ.
2993 2563 3366 2616 ἑπτακαίδεκα
3405 2559 3574 2629 μόνας
3610 2555 3751 2626 ἠμέ-

483 2663 589 2717 ρας
643 2649 754 2719 (80)
811 2651 1112 2720 ὁνειρώξας
1166 2650 1356 2723 ὥσπερ
1404 2651 1504 2723 τὴν
1547 2653 1872 2722 αὐταρχίαν.
1917 2653 2060 2706 Ἀλλ’
2098 2655 2221 2709 οὐδὲ
2291 2655 2420 2726 περὶ
2470 2657 2565 2710 τοῦ
2593 2657 2792 2726 χρόνου
2837 2658 2938 2727 τῆς
2972 2661 3065 2711 τοῦ
3102 2657 3364 2711 Κλαυδίου
3407 2654 3583 2724 ἀρχῆς
3650 2651 3750 2703 ἁλ-

480 2743 665 2813 λήλοις
721 2746 1111 2816 συμφωνοῦσιν
1160 2749 1212 2802 ὀί
1278 2749 1639 2819 συγγραφεῖς.
1690 2748 1753 2800 Οἱ
1807 2747 1906 2817 μὲν
1941 2747 2052 2816 γὰρ
2091 2746 2176 2815 ἐφ’
2224 2747 2322 2801 ἕνα
2397 2747 2556 2821 ἄρξαί
2608 2750 2798 2803 τοῦτον
2865 2750 3170 2821 ἱστοροῦσιν
3241 2748 3530 2810 ἐνιαυτὸν,
3577 2747 3632 2799 οἱ
3689 2744 3750 2797 δὲ

478 2841 576 2897 liti
600 2840 718 2903 δύο,
747 2836 823 2897 ὧν
844 2843 962 2896 ἐστι
989 2844 1086 2896 καὶ⁷
1113 2843 1396 2906 Εὐσέϐιος.
1461 2843 1668 2897 Τούτου
1732 2843 1828 2897 τοῦ
1867 2843 2134 2915 βασιλέως
2173 2843 2446 2899 Κλαυδίου
2505 2836 2865 2918 θυγατριδοῦς
2919 2843 2987 2918 ἦν
3030 2846 3294 2910 Κώνστας
3354 2846 3384 2898 ὁ
3424 2842 3671 2913 Χλωρὸς.
3719 2845 3750 2895 6

478 2935 576 2992 τοῦ
604 2937 840 3008 μεγάλου
885 2940 1296 2993 Κωνσταντίνου
1323 2941 1527 3011 πατήρ.

548 3029 764 3087 XXVII.
811 3030 1146 3087 Aurelianus
1183 3034 1497 3104 principatu
1533 3035 1908 3090 Romano-rum
1957 3044 2056 3103 po-

2231 3027 2360 3086 KZ'.
2395 3029 2739 3102 Αύρηλιανὸς
2764 3029 2843 3095 δὲ,
2899 3029 2999 3098 τῆς
3038 3027 3342 3098 ἡγεμονίας
3391 3023 3749 3093 ἐπισεϐηκὼς

480 3123 636 3189 titus,
683 3133 966 3195 magnetes
1019 3127 1254 3196 rogavit,
1300 3142 1412 3197 quo
1467 3138 1628 3198 pacto
1677 3129 2056 3199 imperandum

478 3223 648 3270 esset.
692 3215 939 3280 Quorum
965 3230 1110 3271 unus
1142 3217 1196 3271 ei
1224 3217 1508 3287 respondit
1535 3237 1546 3272 :
1574 3217 1634 3273 Si
1677 3219 2058 3288 rempublicam

479 3307 582 3359 rite
606 3305 988 3360 administrare
1011 3306 1258 3375 volueris,
1289 3321 1422 3362 auro
1458 3319 1507 3364 et
1546 3311 1686 3380 ferro
1717 3319 1766 3364 te
1799 3312 2059 3364 munitum

480 3411 591 3449 esse
617 3396 871 3466 oportebit
897 3413 916 3451 :
950 3414 1016 3452 ac
1054 3399 1195 3468 ferro
1231 3401 1440 3470 quidem
1488 3410 1674 3456 contra
1733 3403 1902 3458 hostes
1945 3405 2058 3470 uti,

481 3486 558 3541 tui
593 3502 712 3542 vero
748 3488 1084 3544 observantes
1111 3504 1243 3545 auro
1277 3494 1630 3547 remunerari.
1664 3493 1842 3564 Atque
1873 3494 1918 3550 is
1949 3495 2061 3564 pri-—

479 3597 606 3637 mus
633 3582 724 3636 sui
753 3582 975 3638 consilii
1015 3577 1208 3641 tulisse
1233 3578 1474 3640 fructum
1509 3583 1706 3650 fertur,
1739 3601 1848 3639 non
1883 3586 2060 3640 multo

479 3684 604 3746 post
645 3675 928 3731 Aureliani
951 3676 1165 3730 ferrum
1197 3683 1478 3748 expertus.
1508 3675 1612 3745 Qui
1653 3677 1925 3747 principio
1953 3677 2059 3730 im-

478 3769 620 3839 perii
655 3769 996 3826 Christianis
1022 3771 1351 3825 clementem
1381 3779 1441 3826 se
1471 3771 1707 3840 praebuit
1733 3788 1749 3827 :
1785 3770 1881 3825 sed
1931 3785 2060 3840 pro-

479 3875 644 3931 gessu
693 3861 962 3932 temporis
1020 3869 1301 3927 mutatus,
1345 3863 1795 3932 persecutionem
1844 3869 1898 3915 et
1935 3861 2059 3930 ipse

479 3955 674 4006 contra
707 3967 805 4007 eos
835 3953 1138 4008 meditatus
1167 3960 1274 4008 est.
1301 3953 1502 4008 Ver‘um
1534 3962 1657 4007 cum
1683 3953 1794 4024 jam
1835 3951 2059 4006 decreta

478 4056 672 4099 contra
700 4044 908 4101 Christi
953 4045 1198 4100 cultores
1243 4045 1645 4110 scriberentur,
1707 4044 1894 4100 divina
1932 4046 2058 4098 vin-

480 4137 626 4190 dicta
656 4136 1066 4205 improbitatem
1094 4137 1248 4207 ejus,
1273 4137 1386 4191 vita
1425 4137 1679 4207 adempta
1702 4177 1717 4201 ,
1788 4137 2056 4192 coercuit.

480 4227 586 4283 Sed
615 4229 859 4282 nondum
893 4229 961 4282 de
981 4229 1108 4298 ejus
1135 4228 1313 4292 obitu,
1339 4228 1514 4282 donec
1539 4243 1625 4283 res
1655 4229 1758 4284 sub
1779 4243 1845 4282 eo
1878 4238 2059 4299 gestas

479 4327 919 4394 eXposucrimus.
951 4324 1086 4379 Nam
1118 4337 1242 4379 cum
1281 4323 1358 4379 rei
1389 4324 1646 4380 militaris
1688 4325 2059 4394 peritissimus

2180 3126 2492 3196 Ῥωμαίων,
2559 3125 2725 3194 ἤρετο
2787 3125 2914 3184 τοὺς
2963 3125 3020 3175 ἐν
3070 3121 3214 3176 τέλει
3245 3123 3392 3181 ὅπως
3437 3118 3755 3188 βασιλεύειν

2165 3218 2361 3289 χρεών.
2402 3214 2505 3270 Ὧν
2549 3212 2632 3280 εἷς
2687 3211 2842 3270 εἶπεν
2894 3215 3044 3284 αύτῷ
3088 3214 3163 3277 ὡς
3201 3213 3344 3268 Ἐὰν
3393 3209 3755 3275 ,βούλειβα-

2163 3312 2448 3367 σαλεῦσαι
2477 3304 2699 3376 καλῶς,
2737 3309 2946 3379 χρυσῷ
2976 3323 3051 3362 σε
3075 3301 3170 3361 δεῖ
3195 3305 3292 3360 καὶ
3326 3304 3559 3371 σιδήρῳ
3584 3318 3753 3368 περι-

2164 3402 2384 3474 φράξαι
2447 3402 2712 3457 σεαυτὸν
2739 3441 2754 3466 ,
2809 3401 2962 3454 κατὰ
3021 3399 3134 3467 μὲν
3190 3397 3310 3452 τῶν
3378 3395 3754 3450 λυπούντων

2163 3495 2538 3565 κεχρημένον
2589 3493 2844 3562 σιδήρῳ,
2895 3491 3037 3559 τοὺς
3091 3492 3160 3546 δέ
3205 3508 3273 3561 τε
3303 3491 3753 3557 θεραπεύοντας

2161 3589 2372 3658 χρυσῷ
2400 3589 2812 3658 ἀμειϐόμενον.
2855 3588 2956 3652 Ὃς
2991 3585 3234 3658 πρῶτος,
3259 3584 3335 3648 ὡς
3368 3583 3612 3650 λέγεται,
3647 3577 3754 3648 τῆς

2162 3682 2370 3742 οίκείας
2420 3679 2628 3750 ταύτης
2685 3679 2942 3733 ἀπώνατο
2989 3677 3327 3749 συμϐουλῆς,
3363 3677 3481 3746 μετ’
3513 3675 3576 3728 οὐ
3608 3670 3752 3727 πολὺ

2161 3771 2256 3825 τοῦ
2293 3771 2515 3842 σιδήρου
2551 3769 2855 3841 πειραθείς.
2893 3762 3062 3832 Οὗτος
3094 3771 3122 3822 ὀ
3150 3768 3514 3837 αὐτοκράτωρ
3549 3766 3753 3837 πρότε-

2165 3881 2260 3934 ρον
2321 3865 2422 3932 μὲν
2474 3865 2588 3927 τοῖς
2646 3865 2739 3916 τὸν
2797 3861 3035 3934 Χριστὸν
3093 3860 3417 3930 σεϐομένοις
3472 3858 3752 3922 ἐπιεικῶς

2162 3958 2539 4028 προσεφέρετο
2563 3975 2579 3990 ο
2615 3958 2898 4027 προϊόντος
2937 3954 2995 4008 δέ
3027 3955 3078 4008 οἱ
3116 3953 3212 4007 τοῦ
3240 3953 3436 4022 χρόνου
3472 3951 3578 4018 τῆς
3607 3950 3750 4002 αύτ-

2163 4047 2386 4118 αρχίας,
2439 4046 2721 4116 ⁴Ιζλλοίωτο,
2767 4046 2862 4098 καὶ
2911 4041 3150 4112 διωγμὸν
3208 4043 3424 4111 ἐγεῖραι
3456 4039 3602 4092 κατὰ
3636 4037 3754 4090 τῶν

2164 4140 2376 4194 πιστῶν
2425 4140 2518 4192 καὶ
2573 4137 2739 4199 αὐτὸς
2793 4135 3177 4194 ἐϐουλεύσατο,
3223 4138 3318 4187 καὶ
3356 4133 3456 4202 ἤδη
3503 4131 3601 4185 καὶ
3631 4129 3753 4183 δια-

2161 4235 2421 4305 τάγματα
2470 4230 2870 4301 συνεγράορετο.
2929 4226 3073 4281 Ἀλλ⁹
3108 4228 3343 4296 ἐπέσχεν
3391 4227 3424 4295 ἠ
3466 4224 3590 4278 θεία
3621 4225 3751 4294 δίκη

2162 4327 2260 4396 τὴν
2297 4326 2436 4379 κατὰ
2467 4323 2575 4376 τῶν
2603 4322 2912 4391 σεϐομένων
2950 4319 3156 4390 Ἰησοῦν
3180 4320 3275 4372 ’τὸν
3307 4315 3543 4387 Χριστὸν
3567 4316 3754 4384 ὁρμὴν

481 4393 650 4481 esset,
679 4418 852 4471 multa
882 4419 1024 4471 bella
1066 4430 1327 4486 prospere
1363 4417 1629 4472 confecit.
1665 4418 2056 4489 Palamyrenos

2162 4417 2265 4488 τῆς
2309 4416 2508 4477 κακίας
2560 4413 2746 4476 αὑτοῦ,
2795 4404 3145 4480 ὑποτεμοῦσα
3190 4412 3289 4481 τὴν
3317 4412 3534 4462 ὲκείνου
3573 4406 3748 4476 ζωήν.

481 4507 722 4577 subegit,
809 4523 1116 4579 eorumque
1169 4511 1412 4581 reginam
1469 4509 1805 4576 Zenobiam,
1876 4511 2056 4566 Probo

482 4605 717 4672 prtetore
750 4609 932 4673 capto.
961 4603 1197 4674 {E‘gypto
1221 4605 1451 4673 petitam
1487 4602 1786 4658 debellavit
1815 4613 1871 4657 et
1917 4603 2056 4658 sub-

479 4693 613 4761 egit.
670 4692 820 4747 ilanc
872 4693 964 4747 alii
1051 4695 1275 4749 Romam
1351 4690 1674 4764 perductam
1726 4693 1849 4747 viro
1907 4693 2056 4748 claro

479 4787 735 4855 nupsisse
762 4785 951 4841 ferunt
984 4803 998 4842 :
1026 4786 1115 4840 alii
1161 4787 1213 4839 in
1258 4787 1453 4841 itinere
1492 4801 1604 4855 prae
1629 4786 1797 4840 animi
1831 4787 2054 4856 aegritu-

481 4878 609 4933 dine
635 4879 704 4934 ob
732 4889 994 4934 mutatam
1021 4879 1295 4933 fortunam
1327 4878 1529 4933 obiisse
1555 4896 1567 4932 :
1593 4878 1866 4934 defuncta:
1894 4878 2056 4932 filiam

481 4991 647 5028 unam
681 4990 906 5030 uxorem
933 4974 1155 5029 duxisse
1181 4972 1563 5035 Aurelianum,
1595 4983 1825 5028 caeteras
1856 4973 2060 5028 nobili-

479 5067 586 5120 ims
619 5066 881 5123 Romanis
921 5066 1302 5137 despondisse.
1354 5061 1454 5121 llic
1483 5064 1685 5121 Gallias
1715 5064 1904 5129 etiam,
1937 5066 2060 5134 plu-

481 5160 637 5214 rimis
665 5163 828 5216 annis
854 5176 884 5216 a
914 5161 1168 5232 tyrannis
1193 5167 1512 5227 occupatas,
1544 5157 1779 5227 imperio
1811 5158 2059 5212 Romano

2171 4509 2334 4562 Ἀλλὰ
2370 4510 2539 4580 μήπω
2594 4507 2724 4578 περὶ
2792 4505 2889 4559 τοῦ
2935 4506 3126 4569 τέλους
3175 4504 3366 4567 αὑτοῦ,
3403 4504 3473 4556 τὰ
3517 4501 3646 4556 δ’ἐν
3677 4501 3750 4570 τῇ

2159 4601 2436 4670 αὑταρχία
2490 4598 2640 4668 αὐτῷ
2700 4596 3015 4668 πραχθέντα
3063 4597 3374 4668 διηγητέον.
3438 4597 3750 4667 Στρατηγι-

2159 4693 2404 4756 κὼτατος
2440 4693 2551 4762 γὰρ
2576 4692 2652 4744 ὢν
2676 4691 2910 4754 πολλοὺς
2935 4690 3211 4759 πολέμους
3239 4689 3484 4757 ἐνίκησε.
3523 4685 3662 4751 Τούς
3685 4705 3751 4741 τε

2158 4785 2269 4856 γὰρ
2301 4783 2698 4856 Παλμυρηνοὺς
2721 4783 3078 4853 ἐχειρώσατο,
3105 4783 3199 4836 καὶ
3241 4783 3341 4851 τὴν
3376 4783 3560 4836 αὐτῶν
3593 4780 3748 4851 βασι·

2160 4879 2357 4930 λισσαν
2392 4875 2660 4946 Ζηνοὸίαν
2693 4875 3050 4946 κρατήσασαν
3090 4875 3186 4928 καὶ
3223 4873 3508 4941 Αἰγύπτου
3534 4874 3631 4926 καὶ
3653 4873 3749 4926 τὸν

2163 4971 2280 5023 ἐκεῖ
2309 4969 2432 5022 τότε
2465 4967 2882 5038 στρατηγοῦντα
2911 4966 3120 5036 Πρόδον
3143 4966 3372 5020 ἑλοῦσαν
3431 4966 3599 5030 αὐτὸς
3623 4967 3748 5019 κατ’

2165 5063 2335 5132 αὐτῆς
2412 5060 2754 5132 στρατεύσας
2815 5059 3235 5129 κατεπολέμησε
3293 5058 3390 5112 καὶ
3445 5058 3745 5124 ὑπέταξεν.

2169 5158 2275 5209 ’Ἦν
2335 5152 2465 5208 ἔνιοι
2521 5153 2620 5222 μὲν
2667 5153 2745 5214 εἰς
2787 5151 3010 5222 Ῥώμην
3060 5152 3174 5223 (8i)
3232 5149 3549 5221 ἀπαχθῆναι
3605 5166 3743 5219 φασι

1673 5313 1878 5373 νοτία)
1921 5311 2228 5374 lectiones
2267 5318 2328 5370 et
2371 5316 2562 5372 notis.

557 5432 667 5500 (78)
688 5433 1056 5518 ⁹ιξλεόδημος.
1088 5433 1178 5486 Sic
1215 5443 1326 5485 tres
1359 5447 1492 5486 mss.
1522 5431 1662 5484 alter
1689 5446 1720 5484 e
1749 5429 2060 5491 Woliianis,

485 5503 830 5570 Κλεομήδης.

557 5574 670 5638 (79)
705 5575 1127 5626 Κυντιλιανίν.
1180 5577 1352 5634 Quem
1380 5569 1696 5636 Quintilium
1733 5581 1889 5624 vocat
1925 5569 2049 5624 Tre-

491 5641 694 5696 bellius
729 5641 924 5705 Pollio,
961 5655 1015 5695 ut
1049 5653 1106 5694 et
1135 5642 1398 5710 Vopiscus
1441 5642 1493 5694 in
1529 5641 1830 5695 Aureliano
1864 5659 1876 5692 :
1914 5641 2059 5695 Κύν-

492 5715 690 5773 τιλλον,
722 5711 994 5768 Zosimus.
1043 5713 1134 5765 lib.
1170 5729 1208 5764 ι.

563 5781 674 5848 (80)
713 5781 899 5835 Ἑπτὰ
933 5783 1028 5835 καὶ
1063 5781 1210 5836 δέκα
1240 5784 1486 5851 ἡμέρας.
1520 5783 1597 5838 ita
1647 5783 1813 5838 etiam
1845 5780 2016 5838 Pollio
2044 5799 2052 5810 ’

2162 5428 2350 5510 Victor
2375 5429 2564 5498 paucis
2589 5431 2787 5486 diebus
2813 5432 3104 5500 imperium
3137 5429 3378 5485 tenuisse
3405 5426 3739 5494 Quintilium

2160 5509 2343 5637 all(.8l)
2390 5571 2506 5624 ’Ἢν
2555 5571 2706 5626 ἔνιοι
2755 5570 2875 5639 μὲν
2919 5574 3006 5636 είς
3045 5569 3299 5638 Ῥώμην.
3341 5545 3549 5623 Locum
3586 5566 3738 5639 hunc

2161 5639 2384 5764 laniarat:
2417 5641 2678 5712 expendit
2717 5637 2960 5712 Scaliger
3003 5641 3068 5697 ad
3102 5637 3408 5696 Eusebium
3446 5653 3480 5708 p
3531 5637 3658 5702 2'59,
3693 5652 3734 5694 ll

2161 5726 2190 5764 c
2237 5728 2248 5764 i
2283 5751 2296 5764 .
