4034 6244
508 291 648 355 1υ79
1168 283 1172 286 ’
1770 299 2097 362 JOANNIS

2137 304 2383 368 ΖΟΝᾹΠ
2397 307 2459 366 RE
3606 321 3713 390 1080

503 403 905 468 charissimus,
971 420 1201 478 regnum
1259 408 1593 476 affectante,
1658 413 1780 484 ejus
1831 413 2091 470 facinoris

2126 423 2164 476 Δ
2195 419 2245 472 οἳ
2275 421 2367 474 τὸν
2396 421 2740 494 Δύρηλιανδν
2767 425 2861 479 καὶ
2888 427 2978 480 τὸν
3008 427 3246 483 Τάκιτον
3283 429 3592 505 ἀνῃρήκασι.
3619 454 3715 490 συν·

501 497 668 568 638
710 497 948 554 indicem
999 501 1217 555 mentiri
1271 511 1471 572 putans
1495 545 1508 565 ,
1538 505 1812 575 supplicio
1851 507 2037 564 affecit
2069 526 2083 563 :

2189 517 2441 580 ἀγαγεῖν,
2475 517 2570 569 καὶ
2605 517 2777 572 πολλά
2832 521 3113 585 ὀνειδίσαι,
3148 527 3242 576 καὶ
3279 525 3573 583 ἀποκτεῖναι
3596 547 3607 560 °
3631 529 3716 584 Σα-

504 593 865 647 Satnrninnm
909 610 1040 647 vero
1070 595 1276 652 milites
1327 597 1672 654 occiderunt.
1728 599 1872 655 Cum
1945 603 2086 657 alius

2187 603 2429 674 τορνίνου
2481 607 2535 660 δέ
2597 609 3715 690 Μαυρουσίουτυραννίδιὲπιχειρήσαντος,

501 684 725 750 quidam
789 684 842 738 in
895 685 1196 742 Britanniis
1260 687 1628 744 defectionem
1686 693 2083 762 meditaretur,

2186 695 2244 756 ὃς
2272 691 2340 767 ἦν
2380 698 2528 770 αὐτῷ
2563 700 2838 770 φίλτατος,
2877 704 2969 759 τὸν
2997 704 3156 759 τοῦτο
3189 684 3528 778 μεμηνυκότα
3550 684 3715 783 ἐτιμω-

501 791 666 844 quem
705 776 821 845 ipse
855 777 1090 842 Probus,
1131 778 1400 836 Victorini
1451 782 1624 837 Mauri
1671 783 1958 842 familiaris
1999 788 2082 843 sui

2190 791 2418 857 ρήσατο,
2441 794 2506 849 τῆ
2540 793 2771 865 ἀγγελίᾳ
2802 796 3102 850 διαπιστῶν
3121 814 3135 830 ·
3229 776 3284 854 δέ
3317 776 3608 871 Σατορνῖνος
3627 776 3717 860 imo

501 869 985 923 commendatione
1050 871 1359 934 adductus,
1413 874 1478 928 ad
1526 875 1905 946 magistratum
1959 894 2086 933 eve-

2189 885 2543 951 στρατιωτῶν
2580 885 2845 958 ἀνῃρέθη.
2872 887 3102 958 ’Έτερος
3131 890 3188 944 δέ
3218 909 3301 955 τις
3329 894 3382 945 ἐν
3410 869 3715 966 Βρεττανίαις

499 971 657 1014 xcrat
691 977 704 1013 :
739 977 863 1015 eum
902 962 1189 1019 Victorino
1224 968 1618 1035 expostulavit.
1652 968 1745 1038 qui
1795 970 2082 1039 impetrata

2186 972 2529 1027 ἀποστασίαν
2565 975 2974 1049 διεμελέτησεν,
3000 979 3058 1032 ὃν
3093 983 3186 1034 ἐπὶ
3216 983 3316 1050 τῆς
3345 962 3507 1055 ἀρχῆς
3540 989 3565 1040 ὀ
3589 962 3717 1056 βασι-ἰ

499 1051 566 1105 ad
600 1051 754 1106 illum
788 1053 1027 1109 abeundi
1061 1066 1356 1126 potestate,
1395 1075 1452 1115 se
1480 1059 1871 1131 imperatorem
1898 1062 2086 1134 fugere

2185 1062 2312 1127 λεὺς
2343 1066 2660 1137 ἐποιήσατο,
2684 1069 3015 1139 Βικτωρίνου
3039 1072 3385 1144 Μαυρουσίου
3414 1077 3715 1148 ᾠκειωμένου

498 1143 790 1210 simulans,
833 1155 1086 1202 amanter
1109 1164 1137 1202 a
1168 1158 1402 1220 tyranno
1431 1161 1756 1223 susceptus,
1789 1164 1957 1210 noctu
1992 1170 2085 1210 oc-

2185 1153 2354 1224 αὐτῷ,
2386 1155 2544 1210 τοῦτο
2579 1159 2970 1229 αἰτησαμένου.
3008 1162 3115 1216 Καὶ
3144 1143 3301 1216 τοῦτο
3353 1143 3528 1233 μαθὼν
3548 1143 3705 1238 bii]le-

496 1233 616 1290 ciso
668 1237 922 1300 homine,
973 1241 1038 1294 ad
1089 1242 1331 1297 Probum
1383 1245 1577 1308 rediit,
1628 1246 1698 1300 ob
1762 1260 2084 1305 mansuetu-

2185 1246 2301 1310 6ος,
2328 1249 2520 1320 ᾐτιᾶτο
2554 1249 2645 1302 τὸν
2675 1251 3023 1324 Βικτωρῖνον.
3062 1255 3175 1308 Καὶ
3203 1255 3260 1320 δς
3291 1258 3583 1328 πεμφθῆναι
3607 1233 3716 1330 πρὸς

498 1325 686 1383 dinem
717 1369 732 1392 ,
780 1331 1210 1400 placabilitatetn
1263 1345 1319 1388 et
1361 1337 1794 1392 munificentiam
1852 1340 2080 1396 charum

2184 1341 2394 1395 ἐκεῖνον
2455 1342 2723 1414 ᾐτήσατο,
2775 1345 2871 1397 καὶ
2902 1345 3069 1416 ἀπῄει
3119 1346 3196 1410 ὡς
3230 1325 3388 1417 δῆθεν
3421 1325 3620 1418 φεύγων
3645 1325 3717 1406 τὸν

495 1421 778 1477 omnibus.
813 1422 949 1478 Cum
981 1424 1272 1481 Germanis
1301 1429 1576 1486 Romanas
1596 1430 1854 1487 civitates
1878 1449 2083 1488 vexan-

2183 1435 2584 1507 αύτοκράτορα,
2613 1436 2710 1490 καὶ
2745 1437 3034 1502 ἀσπασίως
3068 1439 3220 1510 παρά
3262 1442 3358 1494 τοῦ
3390 1445 3716 1514 τυραννήσανι

497 1511 648 1568 tibus
683 1516 986 1579 resisteret,
1018 1517 1164 1570 bello
1195 1517 1406 1573 diutius
1440 1520 1677 1576 durante
1699 1566 1712 1587 ,
1744 1538 1809 1577 ex
1849 1526 2080 1594 penuria

2182 1545 2272 1591 τος
2301 1529 2652 1584 ὑπεδέδεκτο.
2705 1529 2764 1585 ὐ
2800 1531 2858 1585 δὲ
2889 1531 2977 1586 διὰ
3001 1534 3102 1600 τῆς
3124 1535 3319 1598 νυκτὸς
3343 1511 3541 1588 ἀνελὼν
3563 1511 3716 1603 αύτδν,

495 1613 838 1659 commeatus
865 1607 1206 1674 periclitatus
1237 1619 1340 1662 est.
1379 1608 1575 1665 Fertur
1606 1622 1790 1668 autem
1842 1616 2081 1671 maximo

2183 1621 2458 1689 ἐπανῆλθε
2491 1624 2624 1690 πρὸς
2667 1623 2902 1695 Πρόδον.
2947 1625 3217 1693 Ἐιριλεῖτο
3257 1626 3314 1680 δέ
3363 1632 3506 1698 παρά
3536 1629 3717 1682 πάντων

496 1695 658 1750 imbri
706 1696 760 1750 in
783 1709 962 1752 castra
998 1700 1119 1769 ejus
1150 1700 1353 1760 delato.
1409 1701 1642 1756 multum
1690 1719 1911 1774 quoque
1963 1707 2074 1762 fru-

2122 1771 2152 1786 n
2183 1714 2211 1764 6
2252 1712 2487 1784 Πρόεος,
2543 1713 2619 1776 ώς
2679 1715 2853 1784 πρᾶος
2896 1715 2992 1767 καὶ
3025 1715 3260 1786 εὐμενὴς
3300 1717 3394 1770 xui.
3444 1695 3715 1786 ιριλόδωρος.

495 1789 665 1844 menti
700 1790 779 1858 (si
807 1791 894 1846 cui
926 1798 1151 1846 credere
1179 1793 1344 1862 libet)
1372 1793 1652 1865 depluisse
1683 1771 1848 1868 aquo
1875 1800 2080 1856 milites

2125 1771 2154 1823 Β
2183 1771 2354 1868 οὗτός
2384 1771 2643 1875 «item
2696 1771 2806 1858 τῶν
2833 1771 3161 1878 *Γερμανῶν
3207 1771 3588 1876 ἐπιτιθεμένων
3620 1771 3718 1870 ταίς

493 1881 729 1937 (τοιιεοιο
754 1891 809 1936 et
861 1884 1024 1939 fatnis
1070 1887 1380 1954 periculum
1427 1887 1743 1959 eﬂ'ugerint,
1791 1899 1849 1946 et
1893 1891 2081 1948 hostes

2181 1899 2288 1951 ὑπὸ
2333 1897 2642 1969 Ῥωμαίους
2678 1901 2900 1952 πόλεσιν
2947 1901 3421 1970 ἀντιταττόμενος,
3453 1900 3540 1954 τοῦ
3587 1902 3720 1953 πολέιι

492 1975 858 2048 profligarint.
915 1978 1011 2032 Est
1057 1989 1113 2034 et
1166 1979 1270 2033 alia
1325 1981 1527 2036 seditio
1581 1992 1773 2038 contra
1835 1985 2076 2041 Probum

2183 2009 2289 2060 μου
2324 1990 2543 2044 πλείονα
2587 1991 2777 2062 χρόνον
2809 1993 3309 2062 ἐπικρατήσαντος,
3355 1995 3412 2046 ἐν
3441 1994 3719 2062 περιστάσει

492 2077 662 2122 mota.
721 2069 856 2124 Nam
909 2069 1106 2135 Carus,
1163 2072 1258 2142 qui
1307 2074 1449 2143 parti
1508 2075 1743 2146 Europae
1803 2089 2076 2148 praeerat,

2181 2085 2424 2152 ἐγένετο,
2462 2082 2627 2154 λιμοῦ
2662 2083 3081 2154 συμόεόηκότος
3108 2085 3201 2137 ἐπὶ
3224 2087 3289 2154 τῇ
3325 2084 3484 2137 αὐτοῦ
3508 2086 3717 2155 στρατιᾷ.

490 2160 884 2217 animadvertit
914 2179 1045 2218 suos
1075 2165 1279 2222 milites
1300 2165 1368 2221 de
1395 2181 1453 2220 se
1485 2167 1815 2238 imperatore
1841 2173 2078 2225 creando

2183 2175 2315 2229 Ὅτε
2368 2175 2571 2248 λαῦρος
2620 2175 2842 2242 λέγεται
2902 2180 3326 2248 καταρραγῆναι
3359 2177 3552 2247 δμϐρος
3589 2179 3638 2230 ὲν
3660 2177 3721 2246 τῷ

491 2251 700 2320 agitare
738 2273 752 2308 :
783 2271 892 2324 qua
941 2273 999 2310 re
1033 2256 1214 2311 Probo
1251 2258 1554 2327 significata
1578 2301 1594 2325 ,
1633 2263 1794 2331 petiit
1842 2273 1903 2318 ut
1947 2264 2076 2319 inde

2179 2265 2352 2320 αὑτοῦ
2388 2266 2763 2338 στρατοπέδῳ,
2804 2265 2884 2337 τῷ
2929 2266 2974 2319 δ’
3017 2267 3158 2338 ὑετῷ
3193 2269 3290 2322 καὶ
3321 2271 3462 2322 σῖτον
3492 2285 3721 2334 συγκατε-

494 2358 872 2402 revocaretur.
909 2347 1014 2402 Sed
1040 2365 1165 2404 cum
1199 2349 1247 2405 is
1270 2351 1320 2405 ei
1365 2366 1739 2408 successorem
1782 2354 1913 2411 dare
1959 2357 2078 2411 nol-

2177 2359 2434 2431 νεχθῆναι
2464 2359 2655 2423 πολὺν,
2691 2361 2744 2412 εί
2807 2377 2916 2413 τισι
2949 2361 3112 2414 τοῦτο
3159 2361 3504 2414 πιστεύοιτο·
3532 2359 3616 2412 καὶ
3644 2359 3722 2429 τὴν

486 2434 586 2500 let,
624 2437 828 2493 milites
873 2455 1077 2496 corona
1119 2442 1263 2497 facta
1317 2442 1518 2499 Carum
1564 2446 1651 2500 vel
1700 2447 1932 2502 invitum
1980 2465 2072 2505 su-

2180 2451 2444 2522 στρατιὰν
2473 2451 2896 2520 συναγαγοῦσαν
2935 2452 3121 2518 αὑτὸν,
3170 2452 3240 2506 δι’
3278 2453 3446 2506 αὐτοῦ
3483 2452 3720 2521 τραφῆναι

488 2528 708 2598 scipere
739 2530 1034 2601 imperium
1074 2546 1398 2605 coegerunt,
1432 2540 1726 2610 Statimque
1757 2555 1882 2596 cum
1915 2558 1983 2598 eo
2019 2543 2073 2598 in

2177 2542 2274 2595 καὶ
2295 2540 2723 2609 διαπεφευγέναι
2770 2540 2859 2593 τὸν
2892 2541 3160 2606 κίνδυνον,
3202 2543 3297 2595 καὶ
3333 2543 3458 2606 τοὺς
3485 2542 3722 2604 ἐναντίους

487 2619 699 2676 Italiam
730 2635 1118 2694 properarunt.
1172 2628 1294 2694 Quo
1325 2630 1537 2686 Probus
1572 2633 1828 2702 cognito,
1863 2635 2076 2690 exerci-

2177 2633 2740 2704 κατατροπώσασθαι.
2797 2636 2998 2703 Γέγονε
3047 2637 3103 2688 δὲ
3148 2638 3270 2688 κατ’
3300 2635 3471 2689 αὐτοῦ
3499 2636 3586 2688 καὶ
3613 2635 3719 2704 ἄλλη

487 2722 608 2768 tum
640 2726 696 2771 et
725 2715 946 2781 ducem,
975 2720 1069 2789 qui
1103 2720 1182 2775 illi
1214 2722 1560 2786 resisterent.
1595 2725 1768 2780 misit.
1801 2727 1938 2782 Cum
1969 2743 2070 2782 au-

2174 2741 2259 2788 τις
2290 2726 2683 2788 ἐπανάστασις.
2714 2727 2934 2793 Μέρους
2954 2728 3063 2796 γὰρ
3092 2728 3185 2798 τῆς
3215 2729 3487 2798 Εὐρώπης
3517 2731 3542 2781 ό
3567 2730 3719 2798 Κάρος

485 2819 596 2888 tem
630 2824 662 2864 a
695 2807 837 2866 Caro
865 2825 1038 2881 prope
1064 2810 1325 2866 abessent
1347 2850 1360 2874 ,
1393 2813 1590 2868 ducem
1634 2832 1795 2870 suum
1844 2817 1897 2871 itt
1947 2819 2071 2874 vin-

2175 2815 2360 2885 ἄρχων
2390 2815 2534 2884 ἔγνω
2575 2819 2700 2879 τοὺς
2727 2817 2820 2869 ὑπ’
2866 2817 3028 2871 αὑτὸν
3057 2818 3401 2884 στρατιώτας
3431 2818 3719 2888 βουλευομέ-

485 2886 610 2955 cuia
641 2901 977 2972 conjectum,
1016 2917 1186 2974 seque
1223 2920 1330 2960 una
1366 2906 1443 2960 illi
1476 2907 1828 2981 dediderunt.
1859 2910 2072 2968 Probus

2175 2925 2299 2970 νους
2339 2909 2586 2961 ἀνειπεῖν
2648 2909 2813 2962 αὐτὸν
2861 2910 3264 2981 αὐτοκράτορα,
3339 2913 3435 2964 καὶ
3475 2909 3623 2964 τοῦτο
3658 2907 3719 2977 τῷ

485 3006 640 3055 vero,
676 3007 742 3048 ea
779 2993 1013 3050 militum
1047 2996 1378 3053 transitione
1409 2999 1650 3070 cognita,
1681 3017 1709 3055 a
1749 3002 1866 3057 suis
1907 3005 2068 3059 satel-

2173 2999 2373 3070 Πρόδῳ
2404 2999 2665 3068 ἐδήλωσε,
2702 3000 2961 3070 δεόμενος
3006 3001 3222 3054 ἐκεῖθεν
3249 3002 3634 3073 ἀνακληθῆναι.
3673 3001 3721 3052 Ὁ

481 3084 499 3138 l
532 3085 677 3141 tibus
706 3096 791 3140 est
827 3087 1176 3156 interfectus,
1207 3105 1316 3144 non
1355 3091 1586 3163 integris
1620 3109 1672 3147 vr
1707 3093 1869 3150 annis
1892 3094 2069 3166 impe-

2128 3114 2140 3168 ς
2172 3094 2230 3148 δέ
2261 3094 2362 3148 οὐκ
2385 3093 2581 3164 ἤθελεν
2645 3093 2945 3163 ἀφελέσθαι
2983 3096 3148 3150 αὐτὶν
3205 3096 3306 3166 τὴν
3345 3098 3535 3167 ἀρχὴν.
3584 3093 3721 3163 Περι-

483 3175 567 3228 rio
605 3175 850 3232 functus.

2177 3187 2403 3250 στάντες
2433 3182 2528 3240 οὖν
2565 3187 2616 3240 οἱ
2681 3188 3015 3257 στρατιῶται
3068 3188 3165 3242 τὸν
3189 3190 3401 3257 Κάρον,
3440 3188 3528 3241 καὶ
3549 3189 3717 3243 ἄκοντα

481 3271 886 3337 καταδέξασθαι
941 3273 1042 3345 τὴν
1083 3276 1192 3330 τῶν
1223 3278 1521 3348 Ῥωμαίων
1548 3281 1725 3354 ἀρχὴν
1784 3283 2100 3351 ἐϐιάσαντο,
2137 3284 2231 3336 καὶ
2304 3283 2510 3337 αὐτίκα
2549 3281 2645 3336 σὺν
2672 3283 2821 3353 αύτῷ
2845 3284 2935 3336 ἐπὶ
2979 3283 3211 3338 Ἰταλίαν
3239 3285 3590 3354 ὡρμήκεσαν.
3629 3281 3720 3333 Καὶ

482 3363 692 3434 Πρόϐος
725 3365 885 3419 τοῦτο
914 3366 1104 3436 μαθὼν
1130 3368 1447 3441 στράτευμα
1473 3372 1691 3443 ἔπεμψε
1753 3377 1850 3431 σὺν
1915 3377 2136 3448 ἄρχοντι
2171 3377 2494 3446 ἀντιστῆναι
2517 3376 2698 3447 αὐτῷ·
2726 3375 2827 3445 ἢδη
2871 3377 2928 3429 δὲ
2964 3377 3369 3446 πλησιάσαντες
3393 3378 3441 3429 oi
3472 3373 3719 3444 πεμφθέν-

479 3475 573 3522 τες
615 3456 691 3527 τῷ
733 3457 930 3530 Κάρῳ,
985 3459 1364 3532 δεσμήσαντες
1411 3466 1503 3518 τὸν
1548 3466 1788 3538 ἄρχοντα
1823 3469 2059 3536 ἑαυτῶν,
2102 3470 2356 3524 κάκεῖνον
2429 3468 2524 3522 καὶ
2587 3468 2815 3531 ἐαυτοὺς
2859 3467 2936 3536 τῷ
2986 3469 3154 3538 Κάρῳ
3179 3467 3636 3539 παραδεδώκασιν.
3671 3463 3720 3516 Ὀ

480 3552 539 3605 δὲ
592 3551 804 3622 Πρόὸος
869 3552 976 3604 ὑπὸ
1007 3555 1116 3606 τῶν
1149 3554 1370 3608 οἰκείων
1415 3558 1733 3630 δορυφόρων
1775 3561 2054 3633 ἀνῄρητο,
2101 3561 2388 3632 μαθόντων
2453 3561 2684 3630 τὴντῶν
2748 3561 3101 3632 στρατιωτῶν
3131 3558 3720 3633 πρὸςΚὰρονπροσχὼ-

481 3659 664 3715 ρησιν.
717 3643 775 3696 Ὀ
806 3643 863 3697 δὲ
886 3645 1078 3716 χρόνος
1115 3646 1216 3715 τῆς
1273 3649 1574 3720 αύταρχίας
1603 3649 1696 3704 τοῦ
1723 3652 1934 3722 Πρόϐου
1961 3653 2061 3723 οὐχ
2095 3653 2382 3722 ὁλόκληροι
2445 3653 2737 3720 γεγόνασιν
2770 3652 3004 3706 ἐνιαυτοὶ
3037 3650 3118 3719 ἐξ.

551 3735 721 3794 XXX.
763 3737 941 3796 Carus
969 3756 1156 3796 rerum
1189 3743 1400 3813 potitus
1423 3786 1435 3808 ,
1469 3745 1598 3802 filiis
1631 3749 1748 3803 suis
1775 3747 1980 3804 Carino
2011 3760 2072 3806 et

2244 3748 2322 3804 Ν.
2363 3748 2545 3816 Κάρος
2577 3748 2634 3800 δὲ
2659 3747 2761 3816 τῆς
2816 3746 3094 3816 βασιλείας
3147 3747 3446 3815 γενόμενος
3476 3741 3716 3816 ἐγκρατὴς

479 3831 824 3889 Numeriano
869 3835 1228 3905 imperatorio
1286 3837 1596 3894 diademate
1659 3840 1907 3903 ornatis.
1957 3850 2069 3897 sta-

2167 3841 2296 3901 τοῦς
2327 3841 2565 3902 οἰκείους
2611 3839 2763 3902 υἱοὺς
2789 3838 2901 3909 (85)
2937 3840 3176 3909 Καρῖνον
3221 3839 3318 3892 καὶ
3371 3836 3719 3908 Νουμεριανδν

480 3925 582 3982 titn
613 3935 809 3980 contra
842 3927 1037 3982 Persas
1083 3928 1368 3998 profectus
1393 3973 1406 3994 ,
1453 3930 1791 3985 Numeriano
1835 3930 1947 3986 ﬁlio
1975 3947 2067 3987 co-

2165 3931 2448 3985 ἐτλινίωσε
2503 3928 2773 4000 βασιλικῷ
2820 3929 3136 4000 διαδήματι.
3193 3929 3306 3982 Καὶ
3358 3928 3552 3982 αὐτίκα
3599 3924 3716 3980 κατὰ

479 4017 746 4083 mitante,
793 4017 1210 4089 Ctesiphontem
1240 4030 1297 4076 et
1370 4020 1678 4076 Seleuciam
1745 4028 2059 4094 occupavit.

2167 4023 2393 4093 Περσῶν
2427 4021 2853 4090 ἐξεστράτευσεν
2886 4018 3005 4089 ἅμα
3051 4019 3130 4090 τῷ
3172 4021 3252 4074 ἐνὶ
3285 4021 3396 4074 τῶν
3437 4019 3631 4074 παίδων
3653 4016 3718 4090 τῷ

477 4108 586 4164 Sed
642 4110 876 4170 Romani
929 4127 1054 4167 cum
1111 4112 1165 4167 in
1223 4129 1360 4168 cavo
1407 4115 1648 4184 quodam
1709 4115 1832 4170 loco
1883 4126 2061 4171 castra

2160 4113 2530 4183 Νουμεριανῷ
2559 4113 2652 4166 καὶ
2676 4111 2911 4183 κατέσχε
2944 4112 3315 4181 Κτησιφῶντά
3342 4130 3403 4166 τε
3429 4114 3520 4166 καὶ
3552 4108 3717 4164 Σελεύ-

476 4200 770 4268 haberent,
804 4219 944 4274 pene
975 4205 1141 4260 undis
1169 4214 1356 4261 essent
1388 4207 1636 4276 oppressi
1661 4248 1676 4269 .
1721 4207 1888 4263 ﬂuvio
1923 4223 2062 4279 pra:-

2161 4223 2335 4260 κειαν.
2374 4204 2589 4276 Μικροῦ
2630 4205 2675 4257 δ’
2718 4203 2784 4258 ἂν
2816 4205 3157 4259 ἐκινδύνευσε
3192 4207 3252 4259 τὸ
3285 4207 3600 4277 στράτευμα
3623 4201 3717 4256 τῶν

482 4295 773 4350 tertluente
796 4311 897 4365 per
929 4295 1131 4352 fossam
1163 4313 1192 4351 a
1223 4297 1408 4353 Persis
1446 4299 1499 4353 in
1546 4315 1642 4354 eos
1689 4299 1913 4356 emisso.
1959 4300 2063 4356 Ve-

2170 4298 2482 4368 Ῥωμαίων.
2516 4299 2605 4353 Ἐν
2637 4299 2802 4368 κοίλῳ
2827 4297 2936 4369 γὰρ
2965 4298 3539 4371 ἐστρατοπεδεύσαντο
3562 4297 3712 4364 τόπῳ·

479 4402 602 4440 rum
631 4385 804 4442 Carus
838 4388 1144 4459 protligatis
1175 4389 1430 4446 hostibus
1479 4407 1536 4446 re
1568 4392 1707 4447 bene
1751 4400 1902 4461 gesta
1931 4407 2056 4447 cum

2158 4391 2186 4444 ὃ
2218 4393 2267 4444 οἱ
2302 4393 2509 4462 Πέρσαι
2541 4391 2977 4460 θεασάμενοιτὸν
3002 4392 3118 4445 ἐκεῖ
3151 4393 3540 4463 παραρρέοντα
3572 4405 3716 4441 ποτα-

478 4493 675 4548 magna
719 4480 1063 4548 captivorum
1102 4481 1492 4550 multitudine,
1541 4485 1834 4554 opimaque
1876 4486 2055 4556 praeda

2163 4483 2261 4552 μὸν
2289 4483 2371 4546 είς
2396 4483 2488 4534 τὸν
2518 4482 2700 4535 κοῖλον
2739 4483 2952 4534 ἐκεῖνον
2979 4480 3145 4534 τόπον
3170 4481 3258 4534 διὰ
3310 4481 3574 4550 διώρυγος
3603 4480 3715 4530 ὲπα⁶

477 4547 709 4626 Romam
764 4547 948 4627 rediit.
1027 4573 1236 4630 Deinde
1306 4547 1595 4631 Sarmatas.
1658 4547 2056 4633 tumultuantes

2119 4553 2132 4599 ’
2162 4547 2392 4642 ξρήκασι.
2421 4574 2545 4636 Τοῖς
2567 4574 2805 4645 Πέρσαις
2828 4573 2886 4625 δὲ
2918 4571 3245 4644 προσϐαλὼν
3277 4573 3305 4624 ό
3337 4547 3541 4643 Κάρος,
3575 4566 3712 4624 εύτύ·

476 4663 594 4718 acie
626 4662 776 4723 vicit.
805 4671 863 4718 et
899 4671 1118 4736 gentem
1142 4667 1380 4736 subegit.
1411 4668 1538 4723 Fuit
1581 4669 1802 4724 natione
1843 4669 2058 4733 Gallus,

2157 4681 2316 4734 χησε,
2350 4665 2444 4717 καὶ
2475 4663 2952 4732 κατετρωπώσατο
2987 4663 3208 4726 αύτούς.
3239 4665 3348 4716 Καὶ
3376 4662 3715 4725 ἐπανέζευξεν

475 4755 573 4811 sed
608 4755 692 4809 vir
721 4755 919 4815 fortis.
959 4765 1014 4810 et
1044 4757 1121 4810 rei
1173 4759 1430 4814 militaris
1475 4761 1708 4828 peritus.
1765 4761 1840 4814 De
1883 4770 2058 4816 morte

2157 4759 2236 4820 εἰς
2289 4756 2530 4826 Ῥώμην,
2597 4755 2749 4822 ἄγων
2805 4755 3173 4825 αἰχμαλώτων
3207 4755 3419 4822 πληθὺν
3459 4755 3552 4807 καὶ⁵
3578 4753 3713 4804 λείαν

473 4848 596 4918 ejus
630 4863 738 4902 non
763 4849 954 4904 eadem
990 4849 1241 4905 historici
1273 4853 1662 4921 prodiderunt.
1695 4854 1831 4908 Nam
1863 4855 1952 4909 alii
2001 4854 2056 4910 in

2159 4851 2382 4920 πολλήν.
2413 4845 2547 4902 Εἶτα
2575 4847 2670 4900 τοῦ
2711 4847 2902 4910 ἔθνους
2933 4849 3339 4910 ἐπαναστάντος
3377 4848 3487 4900 τῶν
3513 4847 3709 4912 Σαρμα-

473 4940 826 5009 expeditione
881 4941 1133 4997 llunnica
1183 4943 1428 4998 occisum
1473 4944 1689 5011 ferunt;
1751 4945 1866 5010 alii,
1929 4961 2056 5001 cum

2155 4944 2285 5004 τῶν,
2307 4942 2580 5004 κάκείνοις
2604 4941 2917 5012 προσμίξας
2949 4942 3099 5012 νικᾷ,
3125 4942 3219 4994 καὶ
3254 4940 3316 4993 τὸ
3346 4939 3500 5002 ἔθνος
3529 4939 3714 4991 ὑπέτα-

471 5030 638 5102 639
663 5031 731 5086 ad
759 5031 966 5104 Tigrim
989 5031 1218 5088 ﬂuvium
1259 5046 1437 5089 castra
1469 5035 1732 5098 haberet,
1769 5052 1875 5091 una
1925 5053 2050 5092 cum

2163 5037 2274 5100 ξεν.
2309 5036 2402 5098 Ὃς
2428 5034 2489 5088 τὸ
2517 5035 2615 5104 μὲν
2642 5037 2795 5102 γένος
2828 5035 3077 5105 Γαλάτης
3111 5036 3224 5105 (86)
3259 5032 3348 5104 ἦν.
3407 5035 3642 5104 ἀνδρεῖος
3665 5029 3713 5081 δέ

476 5123 839 5179 tabernaculo
887 5141 990 5180 suo
1034 5125 1267 5180 fulmine
1327 5125 1715 5197 conflagrasse.
1769 5130 1890 5196 Quo
1937 5129 2056 5184 sive

2163 5129 2256 5183 καὶ
2310 5130 2380 5182 τά
2427 5129 2666 5198 πολέμια
2725 5128 2918 5192 δεξιός.
2962 5128 3021 5180 Ὀ
3059 5128 3116 5181 δὲ
3180 5128 3307 5197 περί¹
3350 5127 3451 5195 τῆς
3478 5121 3713 5217 τελευτῆς

473 5214 580 5271 hoc
631 5218 748 5274 sive
795 5217 889 5272 illo
946 5218 1111 5276 modo
1165 5218 1422 5283 sublato,
1473 5219 1843 5275 Nnmerianus
1910 5221 2056 5274 filius

2162 5220 2330 5273 αὑτοῦ
2373 5219 2529 5288 λόγος
2589 5221 2686 5290 οὐχ
2742 5219 2940 5291 ὁμοίως
2970 5223 3086 5284 τοῖς
3143 5219 3464 5290 ίστορήσασι
3528 5214 3713 5284 συγγέσ

1623 5351 1826 5412 Varias
1866 5351 2179 5412 lectiones
2207 5359 2268 5414 et
2301 5360 2495 5413 notae.

547 5475 667 5560 (ἣὸ).
698 5478 846 5559 Τὸὺνς·
871 5482 1142 5561 *οἰκείους
1166 5483 1357 5561 υἱούς.
1385 5480 1522 5561 "ille
1550 5480 1602 5532 in
1629 5480 1806 5561 legum
1829 5481 2046 5561 aliquot

2206 5481 2339 5561 _(§fil
2379 5479 2769 5561 Γαλάτης-,μ
2802 5489 2886 5534 est
2920 5477 3128 5561 Gallus.
3164 5479 3339 5561 inquit
3361 5475 3705 5561 _Casau.bonus

472 5547 599 5603 (Ἐπιτί
655 5549 1111 5618 inscriptionibus
1152 5569 1165 5604 :
1235 5553 1424 5629 lmpp._
1456 5550 1648 5613 Carus,
1687 5547 1960 5629 Ἐπείρα.
1994 5561 2044 5604 et
2155 5547 2574 5629 ad‘Vopiscunr
2610 5551 2664 5604 in
2695 5550 2856 5629 Gauro,
2909 5552 3001 5618 qui
3037 5551 3184 5605 illius
3236 5547 3468 5629 patriam
3533 5547 3706 5629 incert

475 5614 1035 5694 Nunterianus'_A_.A.
1059 5624 1122 5674 Α.
1173 5614 1331 5692 (μιθᾶ
1366 5614 1731 5694 observatum.
1766 5639 1794 5674 a
1837 5622 2044 5674 Casau-
2155 5631 2263 5675 tam
2317 5614 2626 5694 l'uiss_c__ait,
2663 5629 2719 5675 et
2750 5614 2940 5694 Romae
2969 5630 3184 5694 ιιιιιυιιιΔ
3221 5614 3394 5694 videri
3459 5615 3609 5694 vult.
3641 5614 3706 5666 Λι

474 5689 770 5761 1)(»ιιι).γ(ιιιὶ
809 5689 863 5761 id
915 5688 1205 5746 Zonaram'
1246 5692 1477 5761 aproho
1541 5691 1780 5761 quodam
1814 5701 2041 5748 auctore
2153 5699 2386 5758 ιιιιετιιιιο
2451 5690 2640 5761 Victor
2693 5699 2758 5761 Cl:
2811 5689 3088 5761 Sidonius
3141 5688 3398 5744 Narbone
3470 5688 3702 5757 Βθηίίυω

475 5760 758 5827 accepisse
785 5760 1082 5813 existimat.
1311 5759 1319 5761 “
1560 5759 1573 5761 ⁷
2148 5761 2422 5817 scribunt.
2455 5760 2686 5816 Woltius
2717 5759 2940 5831 Galam,
2970 5767 3227 5817 verterat.
