4034 6244
422 312 561 371 11187

1688 306 2010 368 JOANNIS
2046 305 2370 368 ΖΟΝΑΒΑΞ

3513 308 3635 374 1088

418 441 557 481 vane
586 440 716 479 vero
749 423 1086 479 conditionis
1125 421 1403 485 homines,
1435 422 1490 477 in
1522 421 1844 478 servitutem
1876 420 1995 490 rapi

2111 423 2240 484 ιὀὺς
2284 421 2334 475 δ’
2373 421 2551 476 ἄλλων
2587 421 2713 484 τοὺς
2761 421 2943 488 ἀξίαις
2979 419 3014 491 ἢ
3062 420 3372 493 στρατείαις
3416 427 3641 479 κατειλε-

417 536 489 575 xx
515 534 661 574 anno
700 517 912 586 imperii
959 515 1290 570 Diocletiani
1336 524 1557 579 exacto,
1603 515 1764 571 ambo
1817 516 1991 582 impe-

421 622 638 667 ratores
688 607 1176 666 consentientibus
1222 606 1426 662 animis
1464 607 1698 676 imperio
1737 622 1797 662 se
1842 606 1996 661 abdi-

421 712 641 766 carunt,
679 702 898 771 publice
946 700 1293 768 proﬁtentes,
1341 716 1402 756 se
1462 699 1591 753 moli
1644 698 1993 769 negotiorum

424 794 833 851 succumbere:
869 795 963 847 sed
1005 791 1147 860 apud
1181 806 1280 845 eos
1314 789 1518 859 quibus
1555 804 1750 844 arcana
1786 789 1871 844 sui
1903 803 1996 857 pe-

426 887 595 942 ctoris
616 886 936 948 credebant,
967 885 1018 939 id
1058 900 1126 939 ex
1150 884 1532 953 desperatione
1557 883 1740 938 facere
1772 897 1830 937 se
1859 882 2000 936 fate-

426 979 647 1033 bantur.
682 978 819 1044 Quia
861 979 1007 1032 enim
1058 993 1164 1032 nec
1205 974 1551 1032 Christianos
1588 988 1849 1044 superare
1897 986 1999 1028 nec

424 1072 759 1139 praeconium
781 1069 1082 1126 Ch’ristiani
1111 1070 1351 1124 nominis
1376 1070 1729 1136 exstinguere
1749 1073 1995 1135 possent,

423 1176 484 1214 se
527 1177 630 1215 nec
697 1161 934 1230 imperio
1006 1161 1148 1215 velle
1217 1160 1349 1215 frui.
1400 1159 1537 1215 Cum
1597 1167 1780 1212 autem
1834 1155 1998 1210 ambo

423 1250 618 1304 eodem
663 1250 753 1305 die
780 1251 1016 1320 imperio
1046 1267 1104 1305 se
1143 1266 1210 1305 ex
1267 1250 1574 1319 composito
1625 1247 1996 1309 abdicassent,

422 1342 796 1399 Diocletianus
859 1343 1215 1409 Nicomediae,
1259 1343 1623 1399 Maximianus
1662 1340 1996 1396 Mediolani:

427 1434 521 1488 ille
577 1433 803 1488 Salonis
847 1434 901 1488 in
955 1435 1243 1498 Dalmatia,
1277 1450 1416 1504 quas
1457 1434 1691 1504 patriam
1739 1432 1997 1496 habebat,

426 1524 519 1578 hic
554 1524 608 1578 in
642 1524 882 1580 Lucania
912 1526 1075 1580 vitam
1124 1526 1254 1596 egit.
1309 1526 1470 1580 Prius
1503 1534 1685 1579 tamen
1718 1525 1784 1579 de
1816 1522 2001 1578 Persis

430 1618 617 1672 Romae
689 1618 1124 1685 triumpharunt,
1200 1618 1254 1671 in
1316 1633 1427 1686 quo
1478 1616 1760 1683 triumpho
1813 1613 2003 1669 Narsis

2092 513 2327 583 γμένους
2377 514 2590 583 ἀτίμως
2646 512 3030 579 ἐξελαύνεσθαι
3073 514 3167 565 καὶ
3216 515 3313 581 τῆς
3367 515 3515 580 ἀξίας
3557 518 3641 569 καὶ

2092 606 2193 674 τῆς
2257 606 2581 675 στρατείας,
2649 606 2778 668 τοὺς
2838 605 2897 659 δὲ
2974 604 3147 676 τύχης
3216 604 3468 671 ἰδιώτιδος
3544 610 3643 677 (91)

2093 697 2255 760 ὄντας
2328 696 2672 753 δουλοῦσθαι.
2735 696 2909 772 Ἤδη
2942 697 2998 751 δὲ
3067 698 3310 750 εἰκοστὸν
3374 698 3647 763 ἀνύσαντος

2095 787 2348 842 ἐνιαυτὸν
2408 787 2796 855 Διοκλητιανοῦ
2857 788 3013 857 παρά
3063 791 3130 857 τῇ
3194 791 3357 859 ἀρχῇ,
3411 792 3474 844 ὲκ
3526 809 3650 861 συμ-

2097 882 2275 950 φώνου
2317 880 2485 950 ἄμφω
2540 877 2620 931 τὼ
2669 880 3042 952 αύτοκράτορε
3091 882 3191 951 τὴν
3249 882 3515 952 βασιλείαν
3560 887 3640 938 ἀπ-

2100 973 2319 1039 έθεντο,
2371 973 2610 1044 δημοσίᾳ
2665 973 2764 1042 μὲν
2829 974 2923 1026 τὸν
2974 965 3130 1039 ὄχλον
3162 974 3272 1028 τῶν
3333 977 3652 1045 πραγμάτων

2097 1064 2570 1127 ἀποσκευάζεσθαι
2611 1064 2864 1132 λέγοντες
2891 1081 2908 1095 °
2949 1059 3031 1129 οἷς
3058 1065 3115 1118 δὲ
3163 1065 3231 1120 τά
3286 1066 3389 1136 τῆς
3440 1068 3653 1137 καρδίας

2099 1156 2466 1220 ὲξεκάλυπτον
2497 1155 2708 1225 κρύφια
2758 1155 2819 1220 ἐξ
2857 1155 3119 1220 ἀπονοίας
3170 1157 3480 1227 ὡμολόγουν
3533 1159 3654 1213 ἀπο-

2097 1247 2340 1300 τίθεσθαι
2365 1245 2464 1318 τὴν
2500 1246 2699 1317 ἀρχὴν,
2724 1247 2809 1300 ὅτι
2852 1246 2926 1317 μὴ
2973 1246 3365 1316 περιγενέσθαι
3405 1250 3650 1319 Χριστια-

2098 1339 2204 1392 νῶν
2253 1339 2621 1410 ἠδυνήθησαν,
2659 1339 2785 1409 μηδ³
2824 1339 3129 1395 ἀποσϐέσαι
3176 1340 3237 1395 τὸ
3268 1342 3652 1412 Χριστώνυμον

2099 1433 2382 1502 κήρυγμα,
2417 1430 2551 1502 μηδὲ
2584 1431 2684 1499 τῆς
2715 1431 2998 1500 βασιλείας
3045 1431 3346 1487 ἀπολαύειν
3402 1435 3652 1505 αἱρούμεε

2100 1541 2204 1578 νοι.
2256 1524 2610 1592 Ἀποθέμενοι
2668 1523 2724 1576 δὲ
2770 1523 2870 1594 τὴν
2930 1525 3105 1594 ἀρχὴν
3153 1527 3297 1580 κατά
3353 1526 3451 1595 τὴν
3497 1528 3658 1596 αὐτὴν

2103 1614 2320 1685 ἡμέραν
2354 1616 2418 1668 ὲκ
2471 1614 2843 1685 συνθήματος,
2874 1618 2900 1669 ὁ
2934 1617 3033 1685 μὲν
3068 1619 3125 1670 ὲν
3162 1618 3500 1686 Νικομηδεία
3537 1618 3657 1685 (92),

430 1722 655 1767 uxores,
704 1707 911 1760 liberos
958 1717 1014 1760 et
1068 1722 1312 1770 sorores,
1361 1708 1707 1774 aliarumque
1751 1703 2000 1774 gentium

2111 1707 2219 1759 ὁδὲ
2256 1706 2601 1774 Μαξιμιανδς
2637 1709 2695 1761 ἰν
2726 1707 3066 1776 Μεδιολάνῳ,
3110 1710 3207 1761 καὶ
3246 1708 3659 1772 ἰδιωτεύσαντες·

430 1796 601 1852 duces
629 1797 926 1861 duxerunt,
952 1813 1254 1866 omnesque
1297 1798 1520 1852 divitias
1568 1772 1635 1853 es
1687 1798 1871 1852 Persia
1907 1812 2004 1865 ap-

2111 1772 2491 1868 Διοκλητιανὸς
2546 1799 2643 1867 μὲν
2688 1799 2750 1853 ὲν
2785 1772 3199 1853 Σάλωνινπόλει
3239 1800 3340 1865 τῆς
3371 1802 3662 1871 Δαλματίας

432 1897 698 1957 portatas.
731 1888 881 1943 Haud
916 1905 1049 1943 vero
1083 1890 1184 1945 abs
1226 1907 1285 1945 re
1317 1890 1485 1944 fuerit
1523 1888 1809 1955 explicari,
1853 1888 2002 1942 ttnde

432 1979 697 2049 triumphi
750 1996 948 2035 nomen
1000 1993 1282 2050 sumptum
1323 1981 1415 2042 sit,
1467 1996 1532 2035 ac
1595 1982 1648 2034 id
1706 1980 1928 2049 quidem
1975 1993 2006 2032 a

443 2072 652 2137 Thriis,
712 2088 835 2142 quae
896 2075 1094 2129 ﬁculna
1149 2074 1279 2129 folia
1329 2084 1480 2138 sunt,
1533 2072 1740 2127 factum
1792 2079 2005 2141 putant.

438 2163 765 2234 Priusquam
821 2170 968 2219 enim
1014 2181 1280 2235 personas
1326 2165 1528 2221 scenici
1580 2166 2006 2234 excogitassent,

436 2255 653 2311 ﬁculnis
685 2257 833 2311 foliis
873 2258 1046 2312 facies
1095 2258 1279 2322 velati,
1317 2257 1548 2312 dicteria
1577 2256 1832 2311 versibus
1872 2258 2010 2308 iam-

434 2347 574 2404 bicis
602 2349 977 2418 proferebant.
1011 2350 1271 2404 Eamdem
1314 2358 1370 2404 et
1418 2349 1624 2403 milites
1667 2348 1720 2401 in
1762 2348 2010 2403 victoriae

437 2437 738 2495 festivitate
762 2441 1039 2495 licentiam
1064 2442 1258 2496 eodem
1281 2452 1476 2496 ornatu
1507 2442 1562 2495 in
1590 2441 1826 2495 victores
1853 2456 2013 2495 usur-

2107 1890 2315 1959 διῆγεν,
2347 1889 2471 1957 ἥτις
2526 1884 2596 1958 ἦν
2627 1886 2795 1941 αὑτοῦ
2830 1888 2924 1941 καὶ
2970 1889 3192 1958 πατρὶς,
3220 1890 3248 1941 ό
3273 1889 3324 1941 δ’
3366 1889 3662 1960 Ἐρκούλιος

2108 1982 2165 2033 ὲν
2188 1981 2486 2049 Λουκανία.
2516 1979 2627 2049 ΙΙρδ
2647 1979 2703 2031 δὲ
2737 1979 2841 2048 τῆς
2873 1979 3188 2042 ἀποθέσεως
3217 1980 3323 2050 τῆς
3378 1981 3549 2052 ἀρχῆς
3581 1985 3664 2035 τδν

2109 2073 2199 2124 ἐπὶ
2242 2074 2307 2141 τῇ
2339 2068 2491 2140 νίκῃ“
2514 2070 2624 2123 τῶν
2681 2072 2907 2142 Περσῶν
2958 2073 3360 2136 ἐπανελθόντες
3387 2076 3446 2125 ἐν
3485 2074 3659 2148 Ῥώμῃ

2109 2164 2427 2230 κατήγαγον
2460 2162 2754 2232 θρίαμϐον,
2795 2164 2853 2214 ὲν
2882 2155 2926 2229 ᾧ
2956 2163 3053 2226 τάς
3081 2180 3139 2215 τε
3173 2163 3267 2216 τοῦ
3314 2165 3536 2234 Ναρσοῦ
3576 2182 3667 2233 γα-

2113 2253 2281 2323 μετὰς
2307 2256 2401 2307 καὶ
2429 2254 2498 2313 τά
2534 2255 2702 2308 τέκνα
2746 2255 2841 2307 καὶ
2869 2254 2970 2318 τάς
3013 2255 3323 2325 ὁμαίμονας
3357 2256 3669 2328 ἐθριάμϐευ.

2112 2365 2231 2411 σαν,
2280 2349 2374 2402 καὶ
2417 2348 2698 2417 ἀρχηγοὺς
2728 2349 2931 2416 ἐτέρων
2973 2349 3165 2412 ὲθνῶν,
3214 2349 3432 2402 καὶτὸν
3459 2349 3668 2402 πλοῦτον

2110 2438 2249 2492 ὅσων
2280 2440 2344 2491 ὲκ
2386 2438 2608 2507 Περσῶν
2639 2439 2943 2509 ὲληῖσαντο.
2983 2440 3121 2492 Ἀλλ’
3155 2440 3395 2494 ἐνταῦθα
3441 2441 3667 2511 δηλωθῆ-

436 2532 662 2601 pabant,
683 2542 849 2602 atque
868 2534 997 2588 hinc
1016 2533 1298 2603 triumpho
1330 2549 1530 2589 nomen
1550 2549 1671 2589 esse
1691 2533 1891 2586 factum
1909 2547 2009 2586 an-

2111 2546 2201 2582 vau.
2250 2530 2435 2594 καλὸν,
2471 2530 2596 2583 ὅθεν
2650 2531 2743 2584 καὶ
2781 2531 2842 2584 τὸ
2898 2531 2993 2585 τού
3047 2526 3319 2603 θριάμϐου
3373 2533 3668 2603 ὲξείληπται

438 2631 668 2676 tumant.
701 2623 803 2686 Alii
839 2640 967 2679 vero
997 2641 1065 2680 ex
1094 2640 1181 2688 co,
1206 2624 1350 2695 quod
1375 2625 1554 2680 tribus
1570 2610 1785 2680 constet
1804 2623 2009 2679 ordini-

2112 2618 2302 2686 ὄνομα.
2332 2619 2501 2671 (basin
2525 2616 2621 2673 οὖν
2644 2618 2915 2689 κληθῆναι
2945 2618 3139 2672 τοῦτον
3180 2621 3245 2673 ἐκ
3288 2620 3401 2674 τῶν
3434 2621 3610 2690 θρίων,
3640 2622 3670 2674 ἆ

438 2712 564 2779 bus,
590 2716 983 2787 acumina“
1005 2719 1227 2786 populo,
1245 2717 1605 2781 ettnilitihus,
1629 2733 1736 2771 una
1756 2716 2009 2772 inceden-

2113 2711 2230 2763 ἐστι
2267 2710 2336 2763 τά
2368 2710 2467 2778 τῆς
2521 2711 2692 2780 συκῆς
2736 2711 2930 2779 φύλλα.
2976 2712 3088 2783 Πρὸ
3138 2712 3248 2784 γάρ
3279 2713 3379 2767 τοῦ
3419 2715 3486 2767 τά
3519 2730 3672 2783 προσ-

439 2802 611 2867 tibus,
645 2805 954 2861 litterarum
989 2809 1043 2862 in
1065 2807 1256 2863 Grazco
1280 2810 1548 2864 vocabulo
1577 2810 1843 2880 θρίαμϐος
1877 2825 2009 2864 non-

2113 2805 2290 2856 ωπεῖα
2320 2803 2671 2874 ἐπινοηθῆναι
2699 2808 2810 2868 τοῖς
2842 2808 3142 2876 σκηνικοϊς,
3168 2808 3344 2877 συκῆς
3370 2807 3583 2877 φύλλοις
3606 2807 3667 2860 τὶ

438 2895 589 2950 nulla
638 2899 940 2954 mutatione
981 2899 1145 2955 facta.
1185 2901 1264 2955 Ea
1305 2901 1485 2970 agitur
1519 2901 1764 2957 victoria:
1800 2901 2009 2956 festivi-

2115 2894 2324 2948 ἑαυτῶν
2349 2896 2716 2959 καλύπτοντες
2739 2898 3031 2965 πρόσωπα,
3053 2898 3121 2951 δι’
3150 2899 3372 2967 ἰάμϐων
3405 2897 3670 2954 ἐποιοῦντο

441 2995 551 3042 tate
583 3000 804 3057 peracta
835 2992 1243 3061 imperatoriam
1292 3003 1617 3063 potestatem
1670 2995 1723 3049 in
1773 2994 2009 3051 Caasares

2119 2986 2190 3042 τὰ
2224 2985 2566 3057 σκώμματα·
2602 2990 2695 3042 καὶ
2729 2991 2778 3042 οί
2811 2991 3142 3059 στρατιῶται
3171 2991 3228 3045 δὲ
3265 2994 3329 3044 ὲν
3360 2994 3482 3056 ταῖς
3514 2995 3673 3046 ἐπινι-

442 3083 860 3147 transtulerunt,
888 3093 945 3138 et
975 3085 1159 3153 partiti
1186 3087 1502 3155 imperium,
1529 3086 1858 3142 Orientalem
1889 3103 2009 3157 par-

2118 3081 2257 3141 κίοις
2288 3083 2538 3151 πομπαῖς
2568 3080 2743 3149 φύλλα
2776 3083 2950 3152 συκῆς
2986 3086 3103 3144 ταῖς
3141 3085 3358 3137 ἑαυτῶν
3393 3085 3673 3153 ἐπάγοντες

440 3181 551 3226 tem
581 3188 687 3228 una
727 3190 853 3228 cum
905 3176 1120 3245 Illyrico
1152 3178 1394 3233 Gallerio
1436 3178 1731 3233 Maximino
1765 3180 2015 3249 assigna-

441 3274 576 3318 runt
603 3281 620 3316 -:
650 3262 978 3320 Constantio
1006 3268 1210 3322 Chloro
1261 3270 1573 3338 provincias
1619 3271 2011 3335 occidentales,

444 3368 551 3407 una
577 3369 700 3408 cum
726 3352 907 3410 Africa
934 3359 1329 3414 attribuerunt.
1367 3360 1461 3414 His
1483 3361 1557 3415 ita
1581 3362 1772 3431 gestis,
1812 3362 2015 3416 milites

441 3441 761 3507 przetoriani
808 3444 981 3498 ﬁlium
1015 3445 1256 3501 Herculii
1312 3449 1625 3504 Maximiani
1677 3451 2013 3506 Maxentium

442 3531 630 3587 Romae
678 3534 1070 3604 imperatorem
1129 3539 1537 3595 declararunt.-
1567 3543 1645 3596 Ex
1694 3542 1782 3599 his
1839 3545 2017 3600 tribus

444 3625 630 3694 igitur,
654 3626 1009 3685 Constantius
1033 3631 1085 3684 in
1113 3631 1428 3698 Britanniis,
1466 3633 1663 3690 Cottiis
1697 3636 1925 3704 Alpibus
1964 3647 2018 3692 et

442 3715 631 3773 Galliis
665 3718 980 3785 .dominans,
1015 3723 1217 3779 Christi
1261 3728 1510 3784 cultores
1548 3729 1850 3783 admodum
1903 3731 2017 3784 cle-

443 3818 659 3864 menter
682 3814 959 3876 tractavit,
984 3824 1148 3886 atque
1173 3818 1311 3872 adeo
1340 3820 1593 3874 subditos
1622 3836 1755 3876 suos
1779 3837 1973 3876 omnes
1999 3839 2014 3876 ε

442 3909 502 3955 et
528 3903 776 3971 pecuniae
804 3916 1152 3977 contemptor
1182 3910 1302 3965 fuit.
1330 3911 1435 3966 Sed
1462 3912 1792 3969 Maximinus
1814 3914 2015 3969 Orien-

447 3990 518 4044 tis
541 3991 858 4061 imperator,
881 4004 995 4049 tum
1017 3998 1362 4054 Christianos
1390 4005 1658 4058 acerrime
1696 4014 2020 4074 persecutus

445 4087 553 4141 est,
599 4089 713 4133 tum
755 4085 969 4140 caeteris
1022 4087 1261 4142 subditis
1302 4091 1655 4158 gravissimus
1701 4091 1822 4146 fuit.
1882 4093 2017 4147 Nam

449 4184 575 4224 cum
621 4172 855 4230 libidine
894 4178 1133 4243 arderet,
1177 4196 1241 4235 ac
1289 4197 1543 4237 summus
1585 4184 1801 4238 adulter
1834 4195 2016 4240 esset:

448 4276 559 4314 non
589 4264 813 4331 privata:
835 4269 1172 4323 conditionis
1205 4270 1383 4324 solum
1417 4273 1682 4328 mulieres
1721 4275 1788 4328 ad
1828 4285 2019 4345 stupra

448 4352 717 4419 rapiebat,
753 4360 849 4411 sed
875 4360 1041 4412 etiam
1087 4361 1385 4416 illustrium
1429 4365 1672 4419 virorum
1701 4367 1960 4436 conjuges
1987 4383 2017 4421 a

2113 3172 2322 3243 ὄψεσιν,
2350 3175 2430 3236 εἰς
2454 3174 2580 3235 τοὺς
2609 3173 2706 3236 τὰς
2734 3175 2956 3243 πομπὰς
2981 3176 3271 3238 ποιοῦντας
3304 3177 3670 3229 ἀπέσκωπτονε

2116 3265 2414 3319 κάντεῦθεν
2460 3266 2830 3336 ὀνομασθῆναι
2890 3269 3171 3338 νομίζεται
3232 3270 3540 3340 θριάμϐους
3583 3269 3671 3331 ut;

2116 3354 2419 3417 ἐπινικίους
2467 3357 2716 3425 πομπάς.
2751 3356 2968 3428 Ἕτεροι
3007 3358 3064 3411 δέ
3102 3375 3266 3427 φασιν
3321 3359 3673 3430 ὀνομασθῆναι

2115 3444 2207 3496 τὸν
2256 3443 2548 3515 θρίαμϐον,
2585 3447 2667 3499 ὅτι
2706 3449 2771 3500 ὲκ
2815 3448 2987 3515 τριῶν
3036 3450 3086 3502 οί
3136 3451 3234 3520 τὴν
3280 3450 3509 3522 πομπὴν
3547 3449 3665 3518 πληο

2119 3535 2339 3606 ροῦντες
2366 3536 2689 3590 συνίσταντο
2717 3536 2947 3603 τάξεων,
2970 3536 3065 3591 τοῦ
3094 3539 3157 3608 δή
3169 3556 3290 3608 μου,
3315 3539 3417 3610 τῆς
3451 3540 3671 3608 συγκλή-

2114 3644 2232 3693 του,
2273 3629 2367 3681 καὶ
2400 3627 2508 3681 τῶν
2540 3629 2913 3696 στρατιωτῶν,
2941 3632 3036 3683 καὶ
3065 3631 3132 3683 ὲκ
3170 3629 3264 3684 τοῦ
3301 3630 3508 3701 βαίνειν
3550 3630 3670 3701 ὁμοῦ

2118 3718 2217 3779 τάς
2274 3716 2457 3781 τάξεις
2519 3718 2620 3781 τὰς
2676 3721 2849 3788 τρεῖς,
2905 3719 3177 3790 τρίαμϐόν
3228 3738 3354 3774 τινα
3408 3722 3673 3791 κληθῆναι,

2118 3809 2239 3860 ἀντὶ
2284 3808 2340 3860 δὲ
2385 3807 2476 3861 τοῦ
2510 3826 2563 3873 τ,
2599 3811 2661 3863 τὸ
2703 3809 2730 3862 θ
2767 3812 3196 3882 παραληφθῆναι
3246 3813 3336 3866 διά
3369 3813 3431 3867 τὸ
3456 3812 3677 3881 εὐφωνό-

2118 3917 2294 3970 τερον.
2321 3902 2477 3954 Μετά
2521 3901 2578 3953 δὲ
2609 3902 2707 3971 τὴν
2733 3903 3000 3957 ἐπινίκιον
3028 3904 3239 3974 ταύτην
3289 3906 3517 3975 πομπὴν
3542 3906 3674 3957 ἐκεῖ·

2121 4009 2201 4045 νοι
2237 3992 2338 4061 μὲν
2368 3994 2466 4061 τῆς
2511 3993 2760 4058 ἐξουσίας
2789 3995 3133 4067 ἀπέστησαν,
3161 3997 3291 4060 τοὺς
3326 3997 3606 4068 Καίσαρας
3637 3994 3675 4048 δ’

2120 4085 2402 4150 ἀνέδειξαν
2454 4089 2906 4161 αὐτοκράτορας,
2959 4090 3282 4162 μερίσαντες
3351 4091 3531 4154 αὐτοῖς
3587 4090 3677 4158 τὴν

2120 4177 2313 4247 ἀρχὴν,
2355 4179 2448 4232 καὶ
2502 4180 2601 4251 τὴν
2659 4180 2760 4248 μὲν
2803 4179 2979 4251 Ἔῲαν
3038 4183 3232 4252 μοῖραν
3286 4180 3367 4251 τῷ
3419 4179 3676 4251 Γαλλερίφ

2121 4269 2651 4341 προσ-κληρώσαντες
2681 4272 2976 4343 Μαξιμίνῳ
3014 4272 3111 4324 σὺν
3149 4272 3227 4342 τῷ
3271 4271 3577 4342 Ἰλλυρικῷ,
3609 4270 3677 4339 τῷ

2121 4360 2334 4431 Χλωρῴ
2392 4361 2447 4413 δὲ
2478 4362 2796 4415 Κώνσταντι
2831 4363 3260 4433 προσνείμαντες
3305 4365 3376 4418 τά
3431 4364 3676 4432 Ἐσπέρια

449 4444 663 4498 maritis
685 4463 781 4515 per
808 4448 913 4503 vim
930 4453 1163 4517 avulsas,
1182 4457 1397 4524 expleta
1424 4455 1654 4510 libidine
1678 4472 1776 4510 sua
1798 4457 2009 4511 domum

2130 4454 2228 4505 σὺν
2279 4455 2347 4523 τῇ
2411 4453 2675 4524 Ἀφρικῇ.
2711 4454 2930 4508 Τούτων
2981 4455 3040 4509 δὲ
3084 4455 3228 4511 οὕτω
3275 4458 3594 4526 γεγονότων,
3634 4454 3677 4504 οἱ

451 4536 802 4592 remittebat:
839 4542 1275 4600 divinationibus
1319 4548 1459 4601 adeo
1498 4547 1745 4609 deditus,
1793 4558 1853 4603 ut
1903 4549 2019 4602 nul-

449 4625 558 4679 lam
597 4642 712 4681 retu
736 4629 1016 4687 minimam
1038 4635 1103 4689 iis
1136 4636 1459 4692 inconsultis
1487 4641 1818 4707 susciperet,
1848 4647 1905 4692 et
1930 4655 2020 4693 ar-

448 4733 712 4774 canorum
755 4723 973 4778 illorum
1022 4731 1394 4794 patratoribus
1449 4731 1718 4786 honorem
1764 4731 2018 4786 haberet.

448 4809 550 4865 llic
576 4813 698 4881 pios
738 4813 989 4871 homines
1030 4819 1098 4872 ad
1142 4820 1572 4877 internecionem
1612 4823 2018 4890 condemnavit,

447 4918 754 4975 eorumque
776 4906 1065 4964 facultates
1090 4911 1410 4980 publicavit,
1447 4915 1603 4968 nullo
1642 4914 1751 4969 alio
1787 4917 2023 4974 crimine

449 4996 759 5056 insontibus
782 5002 1020 5073 ohjccto,
1055 5016 1420 5076 praeterquam
1466 5006 1560 5060 Dei
1601 5007 1919 5076 cognitione
1964 5018 2021 5064 et

450 5086 557 5145 fide
586 5093 639 5146 in
669 5094 974 5150 Christum.

2130 4545 2484 4615 στρατιῶται,
2513 4546 2562 4599 οἳ
2611 4549 3012 4616 πραιτωριανοὶ
3065 4548 3381 4613 ἐκαλοῦντο,
3429 4548 3520 4601 τὸν
3575 4545 3677 4600 υἱὸν

2126 4638 2220 4691 τοῦ
2261 4639 2575 4707 Ἑρκουλίου
2609 4640 2956 4710 Μαξιμιανοῦ
2985 4642 3078 4696 τὸν
3115 4643 3427 4710 Μαξέντιον
3468 4641 3675 4711 βασιλέα

2123 4728 2180 4781 ὲν
2229 4733 2295 4800 τῇ
2342 4731 2530 4801 Ῥώμῃ
2568 4732 2813 4785 ἀνεῖπον.
2857 4734 2952 4786 Ἐκ
2994 4734 3176 4788 τοίνυν
3221 4736 3330 4788 τῶν
3372 4734 3537 4806 τριῶν
3565 4731 3678 4786 τού-

2118 4838 2228 4874 των
2267 4824 2294 4874 6
2323 4822 2424 4891 μὲν
2459 4822 2723 4887 Κώνστας
2770 4826 2826 4878 ἐν
2869 4825 3220 4894 Βρεττανίαις
3255 4829 3350 4880 καὶ
3384 4832 3505 4889 ταῖς
3558 4828 3682 4879 Κοτ-

2120 4913 2261 4978 τίαις
2301 4917 2528 4969 Ἄλπεσι
2554 4918 2651 4970 καὶ
2688 4921 2810 4982 ταῖς
2857 4920 3114 4982 Γαλλίαις
3169 4922 3408 4991 κρατῶν,
3442 4921 3554 4983 τοῖς
3596 4919 3677 4971 τὸν

2123 5008 2363 5080 Χριστὸν
2413 5010 2733 5080 σεϐομένοις
2783 5013 2927 5082 μάλα
2977 5013 3233 5077 ἐπιεικῶς
3293 5012 3677 5082 προσεφέρετο,

2122 5101 2261 5154 ἀλλά
2290 5101 2476 5172 μέντοι
2506 5102 2603 5154 καὶ
2633 5105 2767 5158 πᾶσι
2790 5108 2901 5168 τοίς
2935 5106 3028 5158 ὑπ’
3057 5106 3242 5172 αὑτὸν,
3263 5105 3356 5159 καὶ
3380 5104 3679 5175 ὑπερόπτης

1627 5279 1825 5341 Variae
1854 5280 2163 5343 lectiones
2194 5289 2255 5342 et
2290 5291 2475 5344 notas.

526 5444 638 5513 (9|)
674 5447 818 5512 Τοὺς
851 5447 921 5500 δὲ
980 5451 1167 5516 τύχης
1216 5450 1525 5513 ἰδιώτιδος.
1580 5450 1875 5514 Eusebius,
1915 5451 2014 5505 lib.

453 5528 572 5633 νξι,
601 5530 720 5583 cap.
743 5517 778 5569 2
809 5535 824 5569 ι
851 5518 989 5579 Τοὺς
1009 5518 1063 5570 δὲ
1087 5521 1145 5571 ὲν
1181 5520 1442 5583 οἰκετείαις
1462 5520 1778 5589 ἐλευθερίας
1806 5523 2016 5589 στερεῖ-

459 5599 491 5635 σ
528 5601 604 5635 αι.

459 5599 640 5733 ἴ,υῇξῶ
683 5655 784 5707 Ἐν
815 5655 1209 5733 Νιποιςῃδεζᾳ,
1232 5660 1330 5715 Ubi
1364 5661 1561 5733 palatia
1586 5669 2023 5733 construxerant

458 5728 822 5785 imperatores
839 5735 966 5779 ante
987 5728 1408 5796 Diocletianum,
1429 5742 1487 5784 ut
1510 5730 1713 5784 indicat
1737 5731 2017 5797 Socrates,

2127 5451 2222 5505 lib.
2253 5467 2265 5503 t
2303 5450 2443 5514 Hist,
2474 5449 2602 5514 ραι,
2634 5465 2736 5519 cap
2804 5449 2857 5502 ﬁ.
2918 5449 3066 5505 Vide
3097 5458 3350 5519 nostram
3387 5441 3683 5519 Constanti-

2123 5520 2358 5589 nopoh’m
2389 5521 2488 5575 lib.
2514 5537 2587 5580 tv,
2624 5517 2765 5591 sect.
2796 5520 2885 5591 15,
2912 5535 2970 5591 n.
2998 5524 3049 5591 ιζ
3086 5520 3246 5573 Aliud
3275 5517 3529 5591 palatium
3553 5527 3680 5591 puti:

2125 5582 2273 5644 terea
2307 5591 2639 5644 Nicomediae
2668 5590 2963 5645 mdiﬁcavit
3012 5582 3406 5645 Constantinus
3458 5582 3672 5639 Ileraclii

2126 5659 2288 5713 lilius.
2324 5660 2551 5730 Niceph.
2577 5659 2683 5726 (ΣΡ,
