4034 6244
422 320 556 385 1039
1658 324 2066 386 ANNALIUM
2101 329 2250 391 LIB.
2289 302 2430 395 xu.

3525 339 3662 402 1090

416 436 722 506 χρημάτων
750 434 1035 505 ἐτύγχανε
1068 436 1374 508 Μαξιμίνις
1397 436 1454 489 ίέ
1483 437 1582 507 τῆς
1623 435 1792 508 Ἒῴας
1826 437 2029 508 ἄρχων,
2070 441 2168 493 καὶ
2208 445 2349 497 κατὰ
2369 444 2709 514 Χριστιανῶν
2729 445 2971 517 διωγμδν
2993 447 3283 517 κεκίνηκεν
3325 451 3664 523 ἐπαχθέστα-

414 547 527 595 τον,
563 530 800 590 καὶτοῖς
828 527 1007 592 ἄλλοις
1051 529 1160 583 τῶν
1203 531 1461 601 ὑπηκόων
1520 531 1800 603 βαρύτατα
1870 534 2268 604 προσεφέρετο.
2338 537 2911 609 Γυναικομανέστατος
2939 542 3050 612 γὰρ
3115 544 3213 597 καὶ
3267 544 3665 616 μοιχικὼτατος

415 625 511 685 ὢν,
543 623 644 674 οὑκ
677 621 946 686 ίδιὼτιδας
1004 625 1164 694 μόνον
1215 628 1480 693 γυναῖκας
1528 626 1772 690 ἀκούσας
1852 626 2150 697 ἐλάμϐανε,
2214 631 2310 685 καὶ
2370 632 2578 694 ταύτας
2657 635 2971 705 ἐμοίχευεν,
3021 637 3158 691 ἀλλὰ
3211 641 3308 692 καὶ
3382 642 3479 701 τὰς
3557 638 3666 692 τῶι

416 717 737 784 περιφανῶν
763 718 976 787 ἀνδρῶν
1010 720 1281 789 γαμετὰς,
1321 720 1412 792 βίᾳ
1441 721 1550 774 τῶν
1621 720 1832 792 ἀνδρῶν
1871 721 2159 784 ἀποσπῶν,
2219 724 2316 777 καὶ
2374 725 2679 796 ἐνυϐρίζων
2747 730 2942 792 αὐταῖς
2977 729 3150 792 οὑτως
3182 731 3318 801 πρὸς
3344 734 3469 795 τοὺς
3503 732 3665 785 ἰδίους

414 813 621 874 ταύτας
677 813 968 876 συνεύνους
1034 816 1345 885 ἀνέπεμπε.
1422 818 1722 881 Μαντείαις
1777 818 1824 870 δ’
1882 813 1952 887 ἦν
1992 819 2350 887 προεσχηκὼς
2406 821 2685 882 τοσοῦτον,
2754 822 2830 884 ὼς
2887 822 3022 892 μηδὲ
3072 824 3423 894 τούλάχιστον
3492 828 3666 877 ποιεῖν

418 903 548 957 ἄνευ
581 904 877 971 μαντειῶν,
914 906 1010 958 καὶ
1047 906 1132 959 διὰ
1156 907 1322 976 τιμῆς
1352 908 1505 978 αὑτῷ
1538 912 1587 962 οἱ
1610 908 1906 973 ⁸ποιοῦντες
1970 911 2040 964 τὰ
2077 911 2365 980 ἀπόρρητα
2396 912 2610 981 ἤγοντο.
2677 905 2845 976 Οὗτος
2870 915 2981 966 τῶν
3026 915 3262 968 εὐσεϐῶν
3309 915 3667 986 πανολεθρίεν

418 993 852 1061 κατεψηφίσατο,
884 996 978 1047 καὶ
1015 994 1115 1057 τὰς
1143 997 1410 1067 ὑπάρξεις
1440 1000 1622 1052 αὐτῶν
1646 998 1983 1070 δημεύεσθαι
2023 1001 2364 1070 ἀπεφήνατο,
2429 1001 2583 1054 οὐδὲν
2626 1002 2816 1073 ἕτερον
2856 1007 2970 1068 τοῖς
3042 1006 3306 1069 ἀναιτίοις
3335 1008 3666 1076 προσάπτων

421 1088 652 1153 αἰτίαμα
703 1087 736 1158 ἢ
769 1087 867 1156 τὴν
896 1087 1230 1155 θεογνωσίαν
1290 1092 1385 1145 καὶ
1414 1094 1513 1163 τὴν
1536 1095 1719 1146 πίστιν
1757 1093 1858 1163 τὴν
1908 1092 1988 1154 είς
2028 1092 2283 1160 Χριστόν.

491 1176 612 1232 AI".
646 1180 950 1244 Μαξέντιος
981 1180 1026 1233 δ’
1054 1185 1110 1233 ἐν
1146 1182 1330 1255 Ῥώμῃ
1364 1184 1515 1237 οὐδέν
1540 1203 1592 1238 τι
1625 1185 1989 1259 μετριώτερος

2163 1181 2400 1237 XXXIII.
2435 1185 2738 1241 Maxentius
2762 1201 2893 1240 vero
2929 1185 3113 1243 Romae
3140 1190 3315 1246 nihilo
3347 1191 3665 1247 clementior

418 1270 683 1341 τύραννος
730 1273 840 1333 τοῖς
874 1272 1138 1339 ὑπηκόοις
1186 1275 1482 1345 ἐτύγχανεν
1510 1275 1608 1339 ὢν,
1654 1277 1770 1330 ἀλλ’
1800 1278 1995 1347 ἐπίσης

419 1361 501 1432 τῷ
530 1360 820 1429 Μαξιμίνῳ
852 1360 1028 1415 διεῖπε
1065 1363 1135 1416 τὰ
1165 1365 1263 1434 τῆς
1292 1366 1486 1436 ἀρχῆς,
1515 1367 1722 1420 λυττῶν
1745 1369 1996 1431 κάκεῖνος

420 1458 563 1503 κατα
597 1452 704 1503 τῶν
746 1451 852 1504 ὑπὸ
909 1456 1066 1522 χεῖρα
1113 1455 1477 1524 Χριστιανῶν,
1529 1458 1622 1510 καὶ
1658 1458 1863 1521 πάσαις
1891 1461 1994 1511 αὑο

418 1542 545 1605 τοὺς
587 1543 814 1609 ὑπάγων
866 1544 1164 1609 κακώσεσι,
1206 1546 1302 1599 καὶ
1335 1547 1472 1617 πρὸς
1523 1548 1733 1610 πάντας
1774 1549 1832 1600 δὲ
1869 1551 1995 1610 τοὺς

418 1633 511 1685 ὑπ’
559 1633 721 1686 αὑτὸν
776 1634 1081 1704 πικρότατα
1124 1637 1483 1707 διακείμενος.
1527 1639 1745 1709 Σφαγάς
1787 1654 1845 1693 τε
1886 1639 1993 1711 γὰρ

420 1723 632 1777 πολλῶν
683 1726 1002 1794 περιφανῶν
1047 1728 1257 1797 ἀνδρῶν
1283 1727 1344 1793 ἐξ
1389 1730 1644 1800 οὐδεμιᾶς
1674 1731 1886 1784 ἐνδίκου
1913 1732 1995 1783 δί-

421 1833 525 1886 κης
546 1817 777 1882 ἐτίθετο,
813 1821 906 1872 καὶ
948 1821 1192 1890 μοιχείας
1220 1823 1494 1892 ὁσημέραι
1523 1810 1761 1891 εὐγενῶν
1791 1823 1995 1894 ἐτόλμα

420 1910 662 1977 γυναίων
710 1911 806 1964 καὶ
841 1913 1127 1981 παρθένων
1175 1914 1403 1984 φθορὰς,
1455 1915 1756 1984 ἐνυϐρίζων
1802 1917 1993 1981 αὐταῖς

421 1992 804 2067 ἀναιδέστατα,
834 2008 928 2055 καὶ
957 2004 1152 2057 οὐσιῶν
1186 2009 1506 2078 ἀφαιρέσεις
1533 2009 1750 2074 ἀδίκους
1770 2012 1881 2072 τοῖς
1904 2011 1996 2062 εύ-

422 2091 685 2161 ποροῦσιν
730 2094 923 2164 ἐπῆγε,
970 2099 1068 2151 καὶ
1111 2103 1323 2162 καιναῖς
1371 2100 1693 2172 είσπράξεσι
1750 2103 1844 2156 καὶ
1897 2101 1994 2172 βα-

423 2185 597 2254 ρείαις
654 2185 839 2249 ἐπίεζε
878 2189 1140 2258 ὑπήκοον.
1191 2191 1357 2255 Οὗτος
1415 2194 1473 2245 ἐν
1532 2192 1719 2265 Ῥώμῃ
1777 2195 1994 2261 εὐγενε-

424 2278 625 2347 στάτης
667 2279 810 2342 τινὸς
853 2283 1136 2356 γυναικὸς,
1180 2282 1316 2335 ἀλλὰ
1349 2283 1530 2354 μέντοι
1571 2287 1665 2339 καὶ
1715 2284 1994 2356 σώφρονος

422 2367 579 2438 ἀνδρὶ
625 2369 877 2440 συζώσης
920 2371 1030 2425 τῶν
1076 2375 1132 2425 ἐν
1186 2372 1370 2445 Ῥώμῃ
1418 2377 1700 2444 ἐπιφανῶν
1741 2377 1994 2448 ἐρασθεὶς

421 2460 722 2514 ἀκόλαστον
750 2463 948 2532 ἔρωτα,
973 2465 1179 2519 ἔστειλε
1213 2469 1339 2529 τοὺς
1361 2468 1430 2521 τὰ
1460 2467 1686 2522 τοιαῦτα
1713 2470 1992 2522 διακονου-

2101 1272 2365 1343 tyrannus
2408 1275 2542 1341 fuit,
2582 1277 2677 1331 sed
2708 1292 2863 1347 atque
2903 1289 2961 1332 ut
2995 1278 3339 1348 Maximinus,
3378 1283 3665 1352 imperium

2097 1363 2519 1429 administravit,
2562 1368 2613 1421 in
2642 1370 2921 1438 proximos
2943 1386 3194 1441 quosque
3215 1373 3562 1429 Christianos
3582 1375 3663 1427 in-

2096 1455 2361 1510 saniendo
2387 1496 2402 1520 ,
2460 1468 2515 1511 et
2544 1459 2802 1513 omnibus
2832 1464 3099 1539 agrumnis
3132 1465 3478 1533 exagitandi),
3519 1479 3656 1520 sum.

2097 1560 2292 1616 maque
2322 1548 2552 1618 perﬁdia
2587 1550 2640 1603 in
2667 1565 2857 1605 omnes
2884 1567 3012 1605 suos
3052 1552 3301 1608 subditos
3344 1556 3665 1625 grassandum.

2095 1638 2230 1694 Nam
2256 1651 2311 1695 et
2340 1642 2540 1695 multos
2578 1643 2756 1697 claros
2796 1642 2946 1697 viros
2971 1644 3124 1697 nullo
3148 1644 3296 1715 justo
3320 1644 3530 1712 judicio
3570 1664 3663 1698 υ(-

2095 1732 2335 1795 cidebat,
2363 1741 2415 1788 et
2449 1733 2662 1787 nobiles
2688 1744 2968 1789 matronas
2992 1749 3055 1788 ac
3086 1735 3326 1805 virgines
3354 1735 3407 1787 in
3430 1734 3549 1789 dies
3571 1751 3665 1805 per

2096 1837 2366 1877 summam
2393 1824 2782 1879 contumeliam
2796 1825 3211 1892 constuprabat,
3232 1825 3667 1895 etlocupletibus

2096 1915 2237 1968 bona
2279 1930 2376 1984 per
2434 1916 2689 1985 injuriam
2747 1916 3040 1986 eripiebat,
3089 1927 3145 1971 et
3213 1917 3463 1970 subditos
3487 1917 3666 1985 novis,

2096 2006 2273 2075 iisque
2329 2008 2591 2077 gravibus
2639 2008 3028 2063 exactionibus
3072 2004 3366 2064 atterebat.
3429 2008 3527 2063 llic
3569 2010 3660 2061 ali-

2094 2096 2316 2164 quando
2368 2098 2555 2150 Romae
2614 2097 2972 2152 nobilissime
3024 2110 3296 2168 castaeque
3347 2108 3608 2152 matrona:
3648 2137 3664 2164 ,

2096 2201 2218 2256 qua:
2247 2189 2365 2240 viro
2391 2187 2591 2242 illustri
2623 2198 2792 2257 nupta
2809 2199 2950 2253 erat,
2976 2189 3303 2244 itnmodesto
3328 2203 3516 2243 amore
3545 2204 3667 2242 cor-

2098 2288 2310 2348 reptus,
2344 2279 2536 2332 talium
2574 2294 2804 2348 operum
2829 2281 3115 2334 ministros
3140 2280 3207 2334 ad
3241 2295 3361 2335 eam
3393 2280 3666 2335 adducen-

2097 2368 2223 2423 dam
2261 2368 2432 2423 misit.
2464 2370 2596 2435 Quae
2622 2380 2750 2423 'cum
2800 2371 3029 2425 lenones
3069 2371 3281 2426 aedibus
3325 2373 3440 2426 suis
3489 2380 3666 2426 astare

2099 2461 2334 2525 videret,
2356 2461 2735 2531 adventusque
2761 2478 2928 2517 causa
2949 2465 3191 2532 cognita,
3221 2463 3358 2518 citra
3383 2464 3549 2517 ullam
3573 2463 3668 2517 de-

424 2551 620 2621 μένους
700 2553 848 2623 αὑτῷ
898 2557 958 2608 τὸ
1000 2556 1224 2625 γύναιον
1283 2558 1528 2623 ἄξοντας.
1586 2560 1672 2623 Ὧς
1721 2557 1768 2613 δ’
1824 2561 1997 2613 ἐκεῖνο

2103 2555 2481 2624 precationem
2522 2554 2588 2608 ad
2637 2563 2928 2625 tyrannum
2961 2556 3276 2610 abeundum
3317 2570 3438 2610 esse
3466 2554 3667 2610 intelli-

420 2644 755 2708 ἐπιστάντας
778 2647 857 2717 τῷ
885 2648 1016 2715 οῐκῳ
1046 2649 1171 2712 τοὺς
1201 2651 1559 2719 πρ.αγωγοὺς
1589 2651 1749 2719 ἐγνω,
1775 2654 1867 2705 καὶ
1899 2653 1996 2722 τὴν

422 2738 602 2790 αἰτίαν
643 2739 742 2807 τῆς
775 2740 956 2792 αὐτῶν
998 2741 1291 2811 ἐπιδημίας
1347 2726 1678 2813 μεμαθήκει,
1710 2745 1805 2797 καὶ
1855 2748 2000 2799 άπα-

426 2825 681 2895 ραίτητον
714 2827 812 2898 τὴν
857 2830 995 2899 πρὸς
1040 2830 1132 2883 τὸν
1169 2832 1434 2901 τύραννον
1473 2834 1763 2887 ἀπέλευσιν
1801 2837 1997 2906 ᾔσθετο

422 2918 476 2987 (ὁ
500 2917 606 2988 γὰρ
640 2920 781 2990 ἀνὴρ
820 2921 995 2990 αὐτῆς
1043 2922 1195 2993 φόϐῳ
1234 2923 1329 2976 τοῦ
1381 2925 1563 2977 θανεῖν
1607 2926 1993 2998 ὑποπτήσσων,

423 3011 610 3062 λαϐεῖν
635 3014 734 3082 τὴν
769 3016 1006 3081 γυναῖκα
1040 3014 1135 3068 καὶ
1172 3016 1331 3083 ἄγειν
1378 3018 1701 3088 ἐπέτρεπεν)
1731 3021 1996 3090 ἑτέρωθεν

420 3104 468 3157 δ’
495 3105 597 3159 οὑκ
638 3101 708 3177 ἦν
753 3107 890 3176 αὐτῇ
940 3107 1316 3179 ἐπικούρημα,
1357 3108 1510 3179 ὤραν
1563 3113 1701 3184 αὐτῇ
1737 3112 1997 3183 βραχεῖαν

420 3196 701 3266 ἐνδοθῆναι
741 3200 1002 3269 ᾐτήσατο,
1050 3200 1118 3252 ἵν’
1163 3201 1569 3273 ἐπικοσμηθείη
1598 3207 1693 3256 καὶ
1725 3204 1869 3258 οὕτω
1900 3209 1996 3260 σὺν

424 3291 608 3352 αὐτοῖς
631 3290 1007 3346 ἀπελεύσοιτο.
1041 3288 1150 3345 Ἦν
1178 3292 1236 3346 δέ
1271 3294 1480 3348 καὶτὸν
1520 3297 1754 3367 Χριστὸν
1783 3300 1816 3368 ή
1855 3299 1995 3372 γυνή

426 3382 718 3453 σεϐομένη,
748 3385 856 3436 καῖ’
883 3383 945 3435 τὸ
974 3383 1115 3437 θεῖον
1155 3387 1477 3456 μεμνημένη
1517 3391 1836 3460 μυστήριον.
1869 3390 1997 3444 Είσ-

422 3470 588 3539 ἦλθεν
629 3467 725 3525 οὖν
766 3473 844 3534 είς
885 3474 977 3526 τὸν
1012 3474 1215 3544 ἑαυτῆς
1270 3477 1644 3543 κοιτωνίσκον,
1696 3480 1792 3533 καὶ
1840 3498 1998 3550 μονο-

423 3562 582 3615 θεῖσα
616 3563 977 3634 διεχειρίσατο
1004 3566 1227 3636 ἐαυτὴν,
1261 3568 1326 3619 ἵν’
1364 3568 1686 3638 ἀνύϐριστος
1716 3572 1873 3644 μείνῃ
1900 3574 1995 3626 καὶ⁹

421 3654 524 3724 τὴν
577 3654 934 3725 σωφροσύνην
977 3656 1053 3726 μὴ
1080 3657 1323 3727 πρόοιτο,
1357 3658 1589 3729 ἑλομένη
1624 3661 1717 3715 τὸν
1748 3662 1994 3717 ἑκούσιον

424 3746 678 3810 θάνατον,
713 3748 806 3800 καὶ
840 3749 900 3801 τὸ
936 3749 1098 3819 σῶμα
1143 3750 1335 3820 νεκρὸν
1369 3753 1481 3815 τοῖς
1523 3757 1868 3822 προαγωγοτς
1898 3757 1994 3809 καὶ

423 3837 502 3929 τῷ
542 3840 730 3907 ἐναγεῖ
756 3843 957 3912 ἐραστῇ
1015 3842 1413 3911 καταλείψασα.
1448 3845 1510 3898 Ol
1559 3846 1659 3914 μὲν
1691 3841 1784 3900 οὖν
1820 3845 1993 3913 οὕτως
2018 3864 2063 3929 c

421 3925 617 4000 ἦρχον,
648 3935 1030 4004 Διοκλψιανῦς
1052 3935 1109 3988 δὲ
1131 3940 1223 3988 καί⁵
1251 3936 1597 4004 Μαξιμιανὸς
1632 3937 1996 4006 ἰδιωτεύοντες

423 4020 639 4076 ἔθανον.
675 4025 810 4094 Περὶ
837 4024 894 4076 δὲ
934 4026 1029 4094 τῆς
1056 4025 1205 4094 σφῶν
1255 4026 1512 4098 τελευτῆς
1558 4029 1920 4099 διαφωνοῦσιν
1945 4035 1995 4087 oi

425 4118 790 4183 συγγραφεῖς.
836 4116 894 4169 '0
920 4120 1016 4185 μὲν
1049 4121 1158 4185 γὰρ
1198 4119 1456 4182 Εὐσέϐιος
1492 4120 1606 4192 (95)
1648 4122 1806 4194 ἐντῷ
1829 4124 1997 4193 ὀγδόῳ

424 4205 569 4274 λόγῳ
597 4206 1256 4278 τῆςἘκκλησιιιστικῆς
1287 4209 1605 4279 Ἱστορίας,
1628 4213 1886 4270 ἔκστασιν
1907 4219 1997 4271 τὸν

424 4296 810 4367 Διοκλητιανδν
865 4300 1168 4370 ὑποστῆναι
1214 4303 1363 4370 λέγει
1416 4306 1653 4375 φρενῶν,
1711 4308 1803 4359 καὶ
1855 4309 1996 4380 νόσῳ

424 4388 619 4456 χρονίᾳ
681 4390 742 4441 τὸ
799 4390 959 4458 σῶμα
1012 4392 1605 4460 κατασκελετευθέντα,
1666 4394 1855 4465 βιαίως
1897 4399 1996 4469 τὴν

428 4478 621 4532 ἀθλίαν
650 4479 815 4533 αὑτοῦ
858 4480 1036 4552 ψυχὴν
1076 4483 1510 4553 ἁπερεύξασθαι.
1542 4486 1646 4537 Τὸν
1675 4487 1731 4540 δέ
1769 4504 1834 4556 γε
1879 4490 1998 4542 Μα-

429 4567 681 4637 ξιμιανὸν
738 4571 830 4623 τὸν
879 4572 1190 4643 Ἐρκούλιον
1223 4575 1426 4645 ἀγχόνῃ
1475 4576 1669 4629 ἐαυτὸν
1709 4577 1811 4647 τῆς
1853 4580 1996 4649 ζωῆς

428 4660 802 4731 ὑπεξαγαγεῖν
834 4680 849 4694 ο
884 4665 1064 4736 ἕτεροι
1110 4666 1156 4719 δ’
1208 4666 1307 4737 οὐχ
1357 4667 1530 4732 οὑτως
1576 4670 1848 4740 ἱστοροῦσι
1870 4673 1999 4725 τού-

426 4769 557 4816 τους
589 4753 792 4817 θανεῖν,
841 4754 979 4808 ἀλλὰ
1008 4757 1507 4826 μεταμεληθέντας,
1559 4760 1652 4812 καὶ
1681 4761 1801 4830 τῆς·
1822 4761 1998 4831 ἀρχῆς

429 4843 588 4908 αὖθις
639 4847 998 4900 ἐπιλαϐέσθαι
1045 4847 1490 4918 βουλευομένους,
1527 4850 1874 4919 φωραθῆναι,
1906 4855 2000 4905 καὶ

426 4941 662 5010 δόγματι
687 4942 786 5012 τῆς
825 4941 1129 5015 συγκλήτου
1175 4942 1547 5013 ἀναιρεθῆναι.
1582 4943 1701 4997 Εἰσὶ
1732 4944 1789 4997 δὲ
1828 4946 1923 4998 καὶ
1950 4945 2000 4999 οἳ

424 5034 520 5086 τὸν
554 5032 866 5100 Ἐρκούλιον
902 5034 1121 5101 λέγουσι
1148 5033 1249 5101 τῆς
1282 5032 1558 5102 βασιλείας
1585 5034 1741 5099 αὖθις
1773 5037 1999 5106 ἐφιέμε-

426 5139 518 5176 νον
543 5122 619 5192 τῷ
646 5122 1012 5192 Διοκλητιανῷ
1040 5122 1406 5174 κοινώσασθαι
1434 5122 1496 5176 τδ
1534 5120 1693 5191 αὖθις
1732 5126 1999 5195 πειραθῆ-

2098 2654 2254 2714 geret
2280 2644 2448 2715 644.
2487 2647 2635 2715 (nam
2676 2646 2907 2700 maritus
2938 2647 3135 2702 mortis
3174 2655 3320 2701 metu
3365 2646 3665 2707 attonitus,

2098 2735 2167 2788 ab
2197 2736 2308 2791 illis
2345 2737 2544 2791 abduci
2576 2738 2866 2792 mulierem
2898 2739 3258 2810 patiebatur),
3290 2742 3471 2809 neq’ue
3497 2739 3667 2793 ullum

2098 2825 2323 2879 aliunde
2375 2827 2641 2880 auxilium
2672 2837 3021 2896 exspectaret
3079 2847 3092 2883 :
3153 2831 3405 2899 exiguam
3460 2845 3667 2883 moram

2097 2918 2422 2987 postulavit,
2452 2928 2512 2972 ut
2532 2933 2591 2974 se
2616 2929 2915 2973 exornaret
2937 2921 3112 2990 prius,
3144 2937 3308 2991 quam
3341 2922 3538 2976 abiret.
3565 2921 3659 2976 Co-

2097 3010 2247 3065 lebat
2267 3016 2451 3064 autem
2485 3008 2791 3073 Christum,
2839 3020 2897 3064 et
2930 3011 3118 3067 lelllO
3149 3014 3414 3083 mysterio
3453 3012 3666 3067 initiata

2096 3107 2239 3154 erat.
2287 3100 2536 3170 Ingressa
2579 3101 2746 3171 igitur
2777 3101 3120 3167 cubiculum,
3162 3104 3388 3156 remous
3424 3101 3668 3163 arbitris,

2097 3193 2202 3249 sibi
2240 3208 2432 3248 necem
2467 3194 2774 3260 conscivit,
2818 3204 2879 3249 ut
2930 3195 3281 3250 contumelia:
3323 3209 3520 3268 estpers
3553 3211 3671 3249 mo-

2097 3284 2329 3338 destiam
2350 3292 2727 3350 conservaret,
2749 3283 3114 3338 voluntariam
3138 3293 3373 3339 mortem
3395 3284 3667 3355 amplexa,

2097 3375 2369 3431 cadavere
2423 3374 2721 3429 lenonibus
2788 3384 2845 3429 et
2890 3375 3104 3430 nefario
3153 3374 3388 3443 amatori
3454 3375 3671 3431 relicto.

2097 3464 2196 3521 llis
2240 3466 2315 3520 ita
2359 3465 2762 3535 imperantibus
2810 3467 3184 3522 Diocletianus
3228 3476 3286 3521 et
3311 3467 3670 3523 Maximianus

2096 3559 2154 3613 in
2183 3559 2293 3612 vita
2313 3558 2526 3627 privata
2552 3558 2811 3612 obierunt
2835 3577 2847 3611 :
2881 3558 2987 3612 etsi
3009 3557 3077 3612 de
3106 3557 3331 3612 illorum
3365 3558 3519 3612 obitu
3542 3559 3672 3613 scri-
3732 3624 3736 3627 γ

2095 3658 2285 3720 ptores
2300 3664 2412 3703 non
2427 3649 2802 3703 consentiunt.
2823 3647 2961 3703 Nam
2984 3648 3257 3704 Eusebius
3289 3647 3669 3704 Εσσιεείαειὶσω

2097 3742 2330 3796 historiae
2384 3740 2486 3795 lib.
2533 3755 2650 3805 vm,
2699 3739 3101 3795 Diocletianum
3134 3742 3334 3796 mentis
3365 3755 3552 3797 errore
3582 3743 3671 3796 al-

2097 3833 2328 3897 lectum,
2370 3841 2428 3886 et
2460 3831 2722 3886 diuturno
2751 3831 2946 3886 morbo
2976 3832 3369 3896 tabescentem,
3407 3831 3667 3888 miseram

2096 3926 2335 3981 animam
2365 3924 2639 3981 violenter
2670 3932 2951 3979 eructasse
2998 3923 3234 3979 scribit:
3279 3923 3667 3978 Maximianum

2095 4034 2229 4074 vero
2267 4017 2590 4073 herculiuin
2642 4019 2843 4088 laqueo
2895 4015 3000 4073 sibi
3049 4031 3242 4072 necem
3308 4007 3667 4074 conscivisse.

2096 4110 2206 4166 Alit
2230 4125 2365 4165 vero
2400 4110 2629 4165 tradunt
2659 4125 2777 4174 eos,
2809 4125 2934 4164 cum
2960 4109 3222 4178 depositae
3235 4109 3522 4180 potestatis
3549 4124 3671 4178 pat-

2095 4208 2319 4272 niteret,
2372 4205 2429 4261 in
2478 4214 2678 4260 conatu
2717 4204 3083 4273 recuperandi
3124 4202 3671 4274 imperiideprchen-

2097 4313 2225 4364 sos,
2291 4307 2348 4353 et
2403 4295 2886 4352 senatusconsulto
2957 4294 3277 4349 interfectos
3319 4309 3460 4348 esse.
3531 4292 3672 4349 Sunt

2097 4393 2263 4448 etiam
2292 4391 2386 4461 qui
2424 4389 2632 4454 dicant,
2664 4388 2983 4444 Herculium
3020 4400 3212 4441 rursus
3245 4385 3539 4456 imperium
3574 4387 3675 4441 de-

2098 4484 2467 4550 siderantem,
2502 4482 2795 4537 consilium
2826 4496 2951 4535 cum
2986 4479 3330 4534 Diocletiano
3374 4479 3443 4534 de
3480 4493 3550 4533 eo
3580 4493 3673 4532 re-

2098 4575 2416 4646 cuperando
2460 4574 2937 4628 communicasse:
2983 4586 3161 4641 eoque
3205 4582 3462 4626 conatum
3518 4570 3672 4624 illum

2100 4677 2415 4729 recusante,
2455 4667 2665 4722 curiam
2701 4667 3010 4737 ingressum
3041 4665 3267 4724 dixisse.
3306 4663 3476 4716 {ilium
3511 4677 3671 4716 suum

2099 4757 2416 4826 reipublicae
2450 4756 2704 4827 gerendae
2732 4771 2852 4811 esse
2882 4757 3170 4825 imparem.
3203 4754 3466 4808 Militibus
3490 4761 3671 4805 autem

2103 4849 2171 4903 iis
2198 4850 2381 4903 verbis
2408 4849 2475 4902 ad
2510 4849 2647 4904 iram
2693 4850 3006 4912 concitatis,
3045 4848 3201 4917 quasi
3237 4846 3526 4914 imperium
3567 4845 3672 4897 sibi

2101 4940 2450 4995 vindicaret:
2503 4940 2751 5010 periculo
2803 4945 3090 5002 territum,
3138 4952 3363 5008 negasse
3410 4934 3466 4987 id
3514 4935 3672 4988 sein

2101 5031 2286 5085 animo
2313 5032 2591 5093 habuisse,
2623 5032 2719 5088 sed
2746 5033 2978 5086 militum
3010 5032 3222 5084 animos
3252 5037 3311 5082 ut
3337 5042 3467 5096 erga
3496 5025 3672 5081 tilium

2105 5136 2268 5176 suum
2314 5123 2496 5177 allecti
2543 5133 2765 5189 essent,
2809 5121 3110 5193 periclitari
3154 5119 3431 5173 voluisse:
3485 5116 3672 5188 itaque

426 5230 518 5267 ναι
548 5214 645 5281 τὴν
669 5213 947 5284 βασιλείαν
971 5213 1278 5267 ἀναλαϐεῖν.
1311 5214 1414 5266 Τὸν
1438 5213 1495 5267 δὲ
1526 5216 1995 5286 παραιτήσασθαι,

2105 5214 2327 5268 sedasse
2357 5216 2672 5269 tumultum.
2710 5215 2916 5270 Deinde
2946 5214 3003 5268 in
3029 5211 3234 5267 Gallias
3261 5210 3330 5264 ad
3359 5209 3672 5265 Constanti-

427 5307 636 5358 ἐκεῖνον
665 5307 720 5360 δέ
752 5307 886 5378 πρὸς
915 5306 976 5359 τὸ
1003 5307 1113 5360 τῶν
1149 5306 1434 5376 Ῥωμαίων
1466 5305 1802 5376 παρελθόντα
1831 5308 1997 5377 φάναι

431 5400 733 5471 σλνέδριον,
765 5402 841 5471 μὴ
886 5402 1077 5473 ἀρκεῖν
1125 5400 1218 5453 τὸν
1269 5397 1384 5453 υίὸν
1432 5397 1599 5452 αὐτοῦ
1649 5399 1732 5463 είς
1764 5397 1865 5470 τὴν
1891 5401 2000 5454 τῶν

2103 5321 2236 5361 num
2271 5305 2557 5376 Magnum,
2601 5308 2695 5376 qui
2741 5307 2995 5360 Faustam
3027 5304 3193 5358 ﬁliam
3224 5303 3346 5374 ejus
3370 5310 3428 5356 et
3462 5301 3578 5372 ipse
3615 5303 3672 5357 in

2110 5398 2465 5454 matrimonio
2494 5398 2748 5462 haberet,
2779 5398 3009 5461 abiisse,
3041 5411 3107 5451 ac
3131 5395 3187 5450 in
3226 5409 3400 5464 regno
3426 5395 3547 5465 ejus
3570 5409 3671 5464 per

1628 5562 1828 5624 Variae
1854 5562 2161 5624 lectiones
2191 5566 2253 5622 et
2289 5572 2480 5622 notas.

506 5687 618 5760 (95)
656 5691 719 5743 '0
746 5692 866 5760 μὲν
903 5692 1014 5761 γὰρ
1046 5692 1358 5758 Εὐσέϐιος.
1395 5692 1691 5755 Eusebius,
1731 5691 1830 5746 lib.
1878 5706 2000 5757 vui,

439 5771 561 5826 cap.
595 5761 756 5822 15,et
784 5763 841 5817 in
877 5762 1027 5818 Orat.
1053 5762 1398 5819 Constantini
1427 5765 1495 5817 ad
1532 5769 1851 5816 sanctorum
1881 5776 1997 5817 coa-

2110 5687 2227 5749 tum
2252 5704 2372 5758 cap.
2408 5688 2502 5752 25,
2530 5686 2623 5758 ubi
2657 5686 3032 5758 consulendus
3064 5688 3329 5744 Valesius.
3364 5687 3499 5743 Vide
3526 5701 3671 5758 pre-

2110 5769 2259 5816 terea
2298 5756 2672 5824 Lactantium,
2716 5756 2793 5812 De
2830 5757 3042 5813 martib.
3081 5769 3400 5823 persecutor.
3427 5771 3549 5823 cap.
3577 5756 3669 5811 42.
