4034 6244
336 334 476 401 1093

1568 337 1853 400 ANNAL]
1868 339 1979 400 ΠΜ
2028 341 2177 402 LIB.
2211 339 2291 401 Χῐ
2306 343 2351 403 Ι.

3467 348 3605 413 109i.

338 453 483 521 σχὼν
510 453 876 522 στρατιώτας,
929 452 1024 506 καὶ
1074 450 1340 522 φοϐηθεὶς
1378 451 1454 523 μὴ
1486 453 1813 523 πρόσθοιντο
1846 453 1924 523 τῷ

2039 453 2294 518 nituerat,
2322 452 2557 523 primum
2599 454 2738 508 clam
2770 470 2871 525 per
2898 455 3151 522 insidias,
3186 458 3384 515 deinde
3415 477 3607 532 api-rio.

335 545 540 618 ἐχθρῷ,
583 546 795 617 ἀπέστη
832 548 933 615 τῆς
968 546 1177 617 μάχης,
1213 544 1309 598 καὶ
1354 545 1699 616 ἀνεχώρησε.
1742 546 1925 600 Μετα-

341 637 601 709 μεληθεὶς
635 637 682 690 δ’
721 638 819 691 ἐπὶ
861 640 926 709 τῇ
975 636 1286 708 προσλήψει
1320 637 1417 690 τοῦ
1466 636 1766 702 Λικιννίου,
1799 633 1928 705 πρό-

326 747 500 802 τερον
536 731 639 801 μὲν
686 730 963 802 λαθραίως
1019 730 1171 799 αὐτῷ
1222 728 1624 791 ἐπεϐούλευεν,
1668 722 1787 780 εἶτα
1830 726 1927 780 καὶ

343 824 526 894 μάχην
565 822 687 877 κατ’
736 823 902 877 αὐτοῦ
938 823 1021 885 είς
1049 820 1364 891 τούμφανὲς
1393 820 1783 889 συνεστήσατο.
1814 817 1927 870 Καὶ

342 916 642 986 συμϐαλὼν
692 918 845 985 αὐτῷ
894 916 1185 985 τρέπεται,
1229 914 1326 967 καὶ
1373 913 1689 984 ἡττώμενος
1729 911 1924 980 ἔφυγε,

341 1010 438 1061 καὶ
497 1009 556 1061 ἐν
606 1012 672 1079 τῇ
729 1010 877 1077 φυγῇ
928 1007 1120 1061 ἐαυτὸν
1162 1006 1514 1076 διεχρήσατο.
1570 1005 1635 1057 Οί
1682 1003 1782 1073 μὲν
1833 998 1926 1056 οὖν

339 1100 573 1170 τοιούτῳ
601 1100 751 1152 τέλει
808 1099 1117 1153 καταλῦσαι
1158 1100 1259 1169 τὴν
1299 1097 1445 1167 ζωὴν
1495 1096 1792 1167 ἱστόρησαν
1835 1095 1928 1147 τὸν

345 1191 676 1262 Μαξιμῖνον,
728 1191 779 1243 oi
831 1190 888 1244 δέ
944 1194 1085 1245 κατά
1143 1190 1491 1264 Χριστιανῶν
1533 1190 1699 1244 αὐτδν
1751 1189 1926 1257 ἐκμα-

345 1287 506 1340 νέντα
550 1284 829 1355 μετελθεῖν
874 1284 977 1357 τὴν
1025 1284 1181 1339 θείαν
1220 1286 1378 1356 δίκην
1451 1280 1927 1353 παραδεδώκασιν.

344 1377 544 1441 Ἕλκος
573 1377 682 1447 γὰρ
736 1377 1016 1447 ἐνσκῆψαν
1051 1377 1219 1432 αὑτοῦ
1254 1378 1384 1449 περὶ
1425 1376 1518 1430 τὸν
1542 1374 1788 1446 βουϐῶνα
1833 1372 1931 1426 καὶ

341 1469 444 1540 τὴν
494 1467 630 1523 αίδὼ
681 1469 1095 1540 χαλεπώτατον,
1143 1472 1214 1523 τὰ
1261 1471 1362 1540 τῆς
1417 1467 1715 1531 ἀκολασίας
1758 1463 1927 1519 αὐτοῦ

336 1561 731 1615 ὲπιϐόσκεσθαι
763 1560 995 1632 ὄργανα.
1027 1560 1127 1616 Ἐκ
1152 1561 1210 1615 δέ
1239 1578 1303 1629 γι
1338 1561 1439 1630 τῆς
1470 1559 1692 1629 σήψεως
1718 1558 1929 1612 τούτων

340 1655 438 1709 καὶ
482 1654 777 1724 σκώληκας
835 1654 1305 1725 ἀναϐράσσεσθαι,
1357 1656 1453 1707 καὶ
1496 1650 1638 1707 εἶναι
1663 1651 1727 1706 τὸ
1755 1653 1928 1719 πάθος

334 1746 586 1802 ἀνίατον.
628 1747 733 1799 Ἰατ
746 1747 853 1818 ρῶν
879 1747 933 1799 δέ
957 1748 1085 1809 τοὺς
1111 1747 1210 1816 μὲν
1234 1747 1463 1800 αὐτόθεν
1479 1746 1928 1816 ἀπαγορεύοντας

2030 555 2203 601 marte
2233 545 2487 609 adortus,
2525 547 2580 601 in
2613 546 2795 618 fugam
2829 550 3089 614 vertitur,
3128 553 3181 605 in
3216 568 3323 622 qua
3360 555 3603 624 seipsum
3699 534 3718 559 ’

2028 637 2337 692 interemit.
2373 638 2441 692 Et
2477 638 2585 694 hoc
2615 639 2778 693 modo
2806 640 3160 697 Maximinum
3193 645 3444 715 periisse,
3481 651 3604 718 qui-

2028 729 2156 783 dam
2192 731 2436 785 tradunt.
2470 732 2579 787 Alii
2612 740 2868 788 auctores
2901 744 3051 800 sunt,
3087 751 3215 790 eum
3247 737 3434 793 furore
3469 757 3631 811 quor

2027 820 2154 875 dam
2201 832 2390 877 contra
2430 822 2789 880 Christianos
2821 834 3160 893 grassantem
3185 869 3200 893 ,
3243 830 3442 887 divinae
3482 837 3604 888 vin-

2027 913 2193 968 dicta:
2220 929 2411 984 poenas
2442 915 2698 981 dedisse,
2735 917 2921 973 ulcere
2961 920 3284 989 gravissimo
3320 925 3461 979 circa
3501 927 3602 981 bu-

2027 1002 2231 1058 boncm
2258 1017 2315 1059 et
2344 1004 2597 1074 pudenda
2624 1016 2768 1070 orto,
2797 1010 2943 1076 quod
2970 1010 3334 1067 instrumenta
3358 1016 3606 1073 libidinis

2028 1096 2148 1166 ejus
2175 1101 2587 1166 consumpserit
2617 1118 2629 1151 :
2665 1116 2787 1153 nam
2816 1116 2884 1155 ex
2914 1117 2975 1156 ea
3008 1103 3409 1172 putrefactione
3440 1110 3604 1166 etiam

1972 1264 1982 1279 Ι
2028 1204 2250 1244 vermes
2287 1193 2571 1259 erupisse,
2618 1201 2674 1246 et
2715 1195 2918 1247 malum
2967 1195 3135 1250 fuisse
3180 1198 3603 1261 immedicabile.

2028 1280 2270 1337 Medicus
2317 1296 2523 1347 autem,
2573 1284 2667 1354 qui
2709 1296 2966 1340 conatum
3014 1288 3282 1345 faciendae
3323 1296 3609 1351 medicinae

2029 1372 2215 1428 statim
2260 1374 2575 1439 vetuvrint,
2631 1378 2935 1431 crudeliter
2979 1394 3102 1434 esse
3141 1382 3463 1452 jugulatos:
3512 1390 3605 1457 qui

2029 1481 2166 1521 vero
2211 1468 2499 1521 curatione
2550 1478 2805 1538 suscepta
2856 1471 2992 1525 nihil
3037 1472 3201 1546 646
3250 1478 3604 1546 profecerim,

2030 1557 2428 1613 immanissime
2486 1560 2821 1625 trucidatos,
2876 1562 3022 1632 quod
3082 1581 3146 1620 ea
3193 1579 3454 1636 prmstare
3500 1589 3607 1628 non

2030 1663 2296 1721 possent,
2345 1668 2469 1722 qua:
2524 1653 2663 1708 artis
2710 1653 3028 1711 facultatem
3075 1672 3421 1728 superarent.
3474 1662 3611 1719 Sero

2035 1742 2255 1799 tandem
2294 1745 2631 1813 suspicatum
2668 1755 2992 1816 tyrannum,
3039 1763 3098 1804 se
3144 1750 3470 1820 injustarum
3504 1772 3611 1810 cae-

338 1835 443 1908 τὴν
502 1836 819 1908 ἐγχείρησιν
860 1836 1032 1905 ὠμῶς
1074 1836 1543 1904 ἀποσφάττεσθαι,
1577 1837 1705 1900 τοὺς
1745 1836 1789 1889 δ’
1813 1838 1933 1890 ἐπι-

2039 1834 2187 1890 dium
2221 1836 2497 1891 cultorum
2531 1835 2736 1892 Christi
2768 1837 2898 1893 dare
2935 1855 3148 1909 pmnas,
3180 1844 3385 1913 ubique
3416 1846 3612 1902 edictis

344 1926 667 1999 χειροῦντας
713 1929 833 1998 μὶν,
878 1929 955 1998 μὴ
984 1928 1316 1998 δυναμένους
1339 1927 1385 1981 δ’
1419 1928 1750 1993 ἀκέσασθαι,
1782 1928 1932 1981 κτεί-

338 2019 534 2073 νεσθαι
594 2019 964 2089 ἀπηνέστατα,
1018 2020 1103 2073 ὅτι
1172 2018 1247 2090 μὴ
1302 2019 1620 2091 κατώρθουν
1672 2019 1929 2075 ἀδύνατα.

361 2110 493 2179 me
522 2111 565 2163 δ’
592 2107 692 2165 οὖν
721 2112 1065 2179 ὑποτοπῆσαι
1114 2111 1205 2165 τόν
1241 2112 1507 2182 τύραννον
1544 2112 1633 2165 διὰ
1664 2114 1790 2176 τοὺς
1812 2113 1935 2167 ἁδί-

344 2220 478 2265 ,κους
524 2205 718 2271 φόνους
764 2204 874 2257 τῶν
919 2203 1009 2257 τὸν
1052 2204 1289 2274 Χριστὸν
1339 2203 1651 2274 σεϐομένων
1692 2204 1932 2258 τιννύναι

345 2292 525 2362 δίκην,
552 2293 650 2344 καὶ
678 2291 933 2346 ἐκθέσθαι
955 2292 1305 2360 θεσπίσματα
1337 2291 1613 2361 πανταχοῦ
1642 2290 1932 2345 κελεύοντα

349 2385 624 2454 παυθῆναι
679 2385 770 2438 τὸν
816 2386 957 2439 κατὰ
1008 2385 1353 2456 Χριστιανῶν
1396 2385 1658 2456 διωγμὸν,
1695 2385 1792 2437 καὶ
1835 2384 1934 2455 ζῇν

349 2479 596 2541 ἐκείνους
629 2477 726 2530 καὶ
766 2477 1092 2547 θρησκεύειν
1139 2477 1215 2540 ὡς
1253 2476 1549 2547 βούλοιντο,
1583 2476 1841 2547 εῠχεσθαί
1875 2492 1933 2528 τε

351 2569 494 2639 ὑπὲρ
530 2569 717 2623 αὐτοῦ.
754 2569 1048 2623 Κάνταῦθα
1082 2569 1137 2621 δὲ
1187 2568 1355 2622 διττοὶ
1396 2568 1644 2637 λέγονται
1674 2568 1857 2637 λόγοιο
1907 2569 1936 2620 ὁ

348 2665 458 2735 μὲν
480 2665 590 2733 γὰρ
627 2663 1012 2732 ἀπαλλαγῆναι
1054 2662 1218 2715 αὐτὸν
1248 2661 1343 2715 τοῦ
1392 2662 1600 2725 πάθους
1648 2662 1800 2731 παρὰ
1827 2664 1936 2715 πᾶ-

355 2772 459 2809 σαν
489 2754 684 2808 ἐλπίδα
714 2756 902 2824 φησὶν,
935 2752 1036 2806 εἶτ’
1073 2751 1232 2816 αὖθις
1265 2754 1548 2822 ἐπεγεῖραι
1579 2753 1671 2804 τὸν
1700 2753 1937 2822 διωγμὸν

357 2847 450 2901 καὶ
490 2844 817 2915 ἀδιόρθωτον
867 2846 1069 2914 μεῖναι,
1098 2843 1203 2907 ἓως
1233 2837 1296 2895 οὗ
1331 2844 1424 2897 τοῦ
1452 2844 1510 2897 ἐν
1550 2844 1695 2913 χειρὶ
1732 2843 1937 2914 Κυρίου

340 2941 619 3010 οποτηρίου
653 2939 747 2991 τὸν
770 2937 1001 3008 τρυγίαν
1028 2937 1245 3001 ἐξέπιεν
1290 2952 1307 2967 ⁸
1343 2939 1373 2990 ὁ
1402 2937 1444 2990 δ’
1472 2936 1659 3008 ἕτερος
1692 2937 1939 3006 ἀρνεῖται

350 3034 434 3104 τῷ
454 3032 641 3084 ἁσεὸεῖ
670 3029 765 3101 τὴν
811 3031 1140 3098 ὰνὰρῤωσιν,
1183 3029 1257 3092 ὡς
1287 3030 1352 3081 ἐκ
1394 3030 1494 3098 τῆς
1523 3029 1821 3098 εἰρημένης
1848 3044 1938 3080 τε·

352 3121 678 3191 λευτήσαντι
713 3118 891 3182 νόσου,
931 3117 1026 3169 κα)⁵
1066 3116 1412 3184 ἀνενεγκόντι
1439 3118 1506 3168 ἐκ
1533 3117 1629 3168 τοῦ
1669 3116 1939 3184 στόματος

342 3212 668 3283 σκώληκας.
717 3209 776 3264 ⁸0
808 3210 909 3280 μὲν
948 3204 1042 3263 οὖν
1072 3209 1196 3262 καθ’
1238 3209 1334 3261 ἕνα
1377 3209 1597 3278 τρόπων
1638 3206 1747 3260 τῶν
1788 3209 1934 3259 ίστο-

357 3305 634 3375 ρηθέντων
682 3302 872 3372 βιαίως
920 3301 1204 3372 ἀπέρρηξε
1258 3299 1359 3370 τὴν
1411 3299 1581 3368 ζωήν.
1636 3297 1724 3351 Ἐν
1769 3297 1829 3349 δὲ
1866 3300 1933 3368 τῇ

371 3396 563 3469 Ῥώμῃ
608 3396 719 3467 (95)
769 3394 868 3463 τῆς
911 3394 1022 3446 τῶν
1069 3396 1278 3445 πιστῶν
1329 3391 1657 3460 Ἐκκλησίας
1695 3393 1933 3461 προέστη

348 3490 502 3560 ,μετὰ
545 3485 913 3558 Μαρκελλῖνον
937 3486 993 3536 ἐν
1021 3483 1164 3536 ἔτεσι
1189 3483 1312 3536 δυσὶ
1355 3482 1455 3553 τὴν
1481 3480 1825 3553 λειτουργίαν
1847 3484 1936 3533 bt—

362 3583 647 3653 πλήσαντα
693 3578 972 3640 Εὐσέϐιος,
1005 3576 1065 3629 ὃν
1109 3576 1248 3646 μετὰ
1285 3574 1532 3628 ἐνιαυτὸν
1577 3574 1809 3629 θανόντα
1859 3573 1938 3624 δι-

358 3674 579 3741 εδέξατο
630 3669 950 3739 Μιλτιάδης.
1007 3669 1116 3721 Καὶ
1168 3668 1262 3719 ἐπὶ
1290 3668 1553 3736 τέσσαρσι
1603 3663 1937 3734 προστάντος

362 3769 633 3831 ἐνιαυτοῖς
688 3766 798 3818 τῶν
855 3768 917 3818 ἐν
977 3762 1165 3834 Ῥώμῃ
1217 3763 1424 3814 πιστῶν
1472 3761 1567 3813 τοῦ
1613 3759 1935 3824 Μιλτιάδου,

360 3861 684 3930 Σίλῆεστρος
709 3859 952 3927 διάδοχος
975 3859 1220 3925 γέγονεν.
1257 3855 1347 3908 Ἐν
1387 3854 1688 3924 ’Δντιοχείᾳ
1713 3851 1771 3905 δέ
1802 3851 1942 3921 μετὰ

360 3955 638 4024 Τύραννον
659 3953 776 4016 ἔτος
800 3952 1252 4020 ἐπισκοπήσαντα
1293 3946 1759 4015 τρισκαιδέκατον,
1801 3961 1938 4015 προ-

361 4044 642 4114 εχειρίσθη
692 4043 964 4106 Βιτὰλιος,
993 4043 1081 4095 καὶ
1112 4039 1303 4093 τοῦτον
1338 4036 1497 4091 ἐκτον
1530 4036 1645 4098 ἔτος
1672 4034 1941 4089 ἀνύσαντι

352 4138 636 4202 ,διεδέξατο
694 4136 1024 4204 Φιλογένης,
1095 4132 1341 4200 κάκείνῳ
1390 4130 1550 4184 πέντε
1602 4127 1944 4183 ἁνυσθέντων

364 4228 649 4293 ἐνιαυτῶν,
687 4230 877 4296 γέγονε
918 4226 1183 4288 Παυλῖνος
1234 4223 1499 4294 διάδοχος.
1539 4222 1661 4279 Τῶν
1690 4220 1734 4274 δ’
1786 4220 1947 4292 Ἰερο-

364 4322 617 4391 σολύμων
646 4322 784 4392 μετά
816 4319 1026 4374 Ζὰδδαν
1057 4320 1149 4371 ἐπὶ
1189 4316 1415 4368 δέκατον
1455 4314 1946 4386 λελειτουργηκότα.

359 4419 609 4470 ἐνιαυτὸν
670 4415 899 4485 Ἕρμων
952 4410 1304 4480 ἐκληρώσατο
1358 4408 1449 4461 τὸν
1490 4407 1679 4476 θρόνον
1709 4407 1800 4458 τὸν
1849 4408 1946 4476 ἀρ-

2034 1929 2337 1998 propositis
2381 1931 2826 1999 persecutionem
2871 1931 3309 1990 Christianorum
3347 1937 3610 2005 inhiberi,

2034 2026 2199 2089 atque
2245 2021 2369 2074 illos
2414 2023 2623 2085 vivere,
2661 2036 2724 2076 ac
2764 2023 2936 2077 Deum
2966 2040 3066 2079 suo
3097 2027 3367 2083 arbitratu
3405 2030 3606 2096 colere,

2033 2121 2089 2167 et
2118 2127 2216 2181 pro
2250 2111 2425 2182 ipsius
2460 2113 2637 2168 salute
2671 2124 2794 2170 vota
2822 2114 3001 2170 facere
3025 2118 3277 2185 jussisse.
3316 2121 3492 2191 Atque
3520 2123 3611 2178 hic

2034 2203 2202 2257 etiam
2243 2202 2447 2272 duplex
2485 2219 2677 2259 rumor
2713 2215 2870 2260 ortus
2910 2214 3013 2261 est.
3060 2208 3196 2264 Nam
3231 2210 3323 2264 alii
3364 2211 3608 2277 tradunt,

2036 2300 2237 2362 praeter
2283 2307 2504 2348 omnem
2544 2310 2698 2364 spem
2731 2309 2798 2350 eo
2843 2295 3036 2352 morbo
3076 2298 3402 2371 liberatum,
3452 2319 3614 2356 reno-

2035 2400 2195 2439 vasse
2225 2387 2667 2455 persecutionem
2712 2402 2819 2441 non
2857 2393 3085 2445 mutatis
3123 2394 3401 2459 moribus,
3437 2394 3614 2448 donec

2035 2479 2219 2547 poculi
2257 2477 2404 2548 quod
2438 2478 2703 2533 Dominus
2738 2495 2903 2534 manu
2936 2490 3108 2547 tenet,
3139 2482 3312 2539 fecem
3347 2485 3618 2539 exhauSn-

2038 2572 2148 2625 rit:
2179 2571 2272 2626 alii
2306 2572 2681 2627 valetudinem
2716 2581 3100 2644 recuperatam
3133 2585 3418 2648 negantes,
3460 2595 3526 2632 ex
3550 2596 3615 2633 eo

2039 2666 2182 2720 malo
2222 2665 2451 2735 impium
2490 2664 2794 2721 decessisse
2832 2667 3076 2735 tradunt,
3108 2684 3172 2723 ac
3208 2685 3423 2725 vermes
3446 2672 3613 2726 etiam

2038 2773 2138 2828 per
2177 2773 2241 2812 os
2282 2759 2562 2829 rcjecisse.
2614 2756 2734 2813 Uno
2779 2769 2935 2813 certo
2982 2775 3049 2814 ex
3098 2761 3185 2816 his
3230 2762 3406 2818 modis
3448 2764 3616 2819 vitam

2039 2850 2281 2918 abrupit.
2330 2848 2518 2903 Romae
2555 2850 2720 2904 coetui
2769 2847 3012 2903 fidelium
3043 2861 3169 2920 post
3209 2852 3613 2916 Marcellinum,

2039 2940 2260 2995 duobus
2305 2940 2465 2994 annis
2502 2941 2812 2994 sacerdotio
2847 2942 3120 3010 functum,
3161 2944 3435 2999 Eusebius
3475 2962 3616 3017 pra--

2042 3033 2185 3089 fuit:
2217 3034 2306 3089 cui
2339 3042 2464 3104 post
2497 3049 2699 3088 annum
2736 3042 2991 3102 mortuo,
3026 3037 3294 3091 successit
3320 3036 3613 3097 Miltiades,

2041 3126 2135 3195 qui
2181 3141 2306 3181 cum
2357 3124 2614 3181 fidelibus
2658 3125 3086 3195 quadriennium
3132 3126 3460 3197 praefuisset,
3506 3127 3613 3184 Sil-

2044 3226 2289 3273 vestrum
2327 3232 2701 3275 successorem
2746 3217 2992 3288 reliquit.
3024 3217 3332 3272 Antiochiae
3361 3229 3484 3288 post
3515 3218 3620 3290 Ty-

2043 3325 2278 3364 rannum
2308 3322 2403 3364 xm
2427 3310 2588 3366 annis
2618 3310 2940 3382 episcopatu
2967 3309 3236 3372 functum,
3267 3308 3514 3364 delectus
3537 3320 3624 3366 est

2046 3402 2259 3458 Vitalis.
2296 3402 2437 3458 Huic
2469 3413 2591 3475 post
2618 3403 2943 3459 sexennium
2973 3403 3243 3457 successit
3273 3403 3619 3474 Philogenes;

2045 3503 2213 3563 atque
2252 3492 2299 3548 is
2332 3508 2551 3563 quoque
2582 3497 2740 3548 annis
2771 3509 2806 3548 ν
2844 3493 3072 3557 exactis,
3108 3492 3397 3548 Paulinum
3431 3492 3627 3547 habuit

2047 3601 2449 3640 successorem.
2490 3584 2887 3654 Hierosolymis
2924 3594 3050 3654 post
3086 3584 3349 3649 Zabdam,
3389 3584 3483 3653 qui
3516 3586 3623 3637 mi-

2031 3678 2334 3730 nisterium
2367 3677 2432 3730 ad
2464 3677 2739 3731 decimum
2775 3691 2981 3730 annum
3015 3676 3174 3742 obiit,
3216 3675 3455 3730 Hermon
3487 3691 3627 3746 pon-

2051 3768 2272 3823 tificiam
2295 3767 2481 3823 sedem
2502 3776 2586 3822 est
2605 3767 2850 3823 sortitus.
2870 3766 3212 3822 Alexandriae
3226 3775 3350 3836 post
3371 3778 3619 3821 sanctum

2049 3867 2344 3930 martyrem
2371 3857 2627 3921 Petrum,
2662 3857 2758 3927 qui
2793 3855 3129 3927 pontificium
3165 3857 3354 3912 sedem
3389 3873 3484 3925 per
3518 3872 3619 3911 an-

2049 3964 2152 4005 nos
2182 3967 2234 4005 xi
2282 3959 2539 4014 ornarat,
2583 3951 2894 4006 Alexander
2938 3947 3312 4021 pontiﬁcatum
3356 3950 3616 4005 obtinuit.

2032 4043 2237 4096 Romae
2263 4040 2526 4096 Silvestre
2554 4058 2646 4111 per
2674 4057 2850 4096 annos
2870 4057 3035 4096 xxvm
3064 4044 3380 4112 episc0patu
3408 4042 3619 4106 functo,

2048 4132 2228 4189 Julius
2258 4132 2516 4187 Ecclesiae
2554 4147 2623 4185 xv
2649 4133 2809 4187 annis
2837 4132 3074 4202 praefuit.
3103 4133 3231 4187 Post
3259 4148 3422 4202 quem
3456 4130 3620 4187 Libe-

2055 4225 2169 4279 rius
2191 4233 2405 4278 sextum
2427 4223 2664 4277 absolvit
2688 4238 2925 4289 annum;
2955 4224 3117 4292 eique
3140 4224 3408 4277 successit
3432 4223 3628 4277 Dama-

2052 4332 2174 4383 sus,
2208 4315 2300 4386 qui
2337 4328 2506 4369 xxvm
2546 4329 2720 4370 annos
2758 4313 2947 4370 ﬁdeles
2982 4313 3154 4384 pavit.
3198 4312 3355 4368 Hunc
3394 4313 3637 4369 Siricius

2054 4418 2299 4475 secutus,
2331 4408 2490 4463 annis
2524 4424 2608 4462 xv:
2644 4407 3009 4462 ministerium
3039 4407 3199 4462 obiit.
3231 4406 3439 4462 Deinde
3464 4406 3630 4461 Inno-

348 4508 700 4581 -ῃερατικόν,
740 4508 851 4577 Τῆς
899 4506 945 4558 δ’
1012 4502 1427 4572 ’Λλεξανδρείας
1488 4500 1626 4570 μετὰ
1662 4498 1756 4551 τὸν
1807 4500 1937 4569 ίερο-

2054 4501 2267 4557 centius
2290 4508 2374 4555 est
2397 4502 2626 4564 electus,
2659 4499 2751 4570 qui
2790 4499 3051 4569 populum
3084 4499 3301 4554 Domini
3329 4514 3427 4568 per
3451 4513 3624 4552 annos

370 4604 621 4671 μάρτυρα
660 4599 886 4668 Πέτρον,
928 4598 1061 4649 δέκα
1101 4596 1280 4647 ἐτεσιν
1323 4593 1410 4662 ἐφ’
1440 4592 1521 4644 ἐν)¹
1562 4592 1657 4645 τὸν
1709 4592 1809 4658 τῆς
1847 4593 1946 4659 ἁρ-

366 4693 708 4765 χιερωσύνης
765 4690 956 4760 θρόνον
1017 4691 1392 4756 κοσμήσαντα,
1452 4682 1796 4752 Ἀλέξανδρος
1854 4682 1952 4751 τὴν

366 4784 788 4856 ἀρχιερωσύνην
831 4785 1088 4853 ἔσχηκεν.
1141 4779 1231 4832 Ἐν
1269 4777 1326 4831 δὲ
1371 4774 1560 4847 Ῥώμῃ
1600 4775 1739 4846 μετὰ
1765 4773 1952 4826 Σίλσὶε-

360 4894 535 4949 κστρον
588 4876 677 4930 ἐπ’
723 4876 869 4929 ἔτεσι
911 4870 1403 4942 λελειτουργηκότα
1440 4868 1615 4921 εἴκοσι
1656 4866 1752 4921 καὶ
1806 4863 1953 4917 ὀκτὼ

382 4971 602 5033 Ἰούλιος
642 4971 882 5039 προέστη
912 4966 1012 5035 τῆς
1059 4962 1389 5031 Ἑκκλησίας
1413 4960 1509 5030 ἐτη
1536 4959 1950 5013 πεντεκαίδεκα.

371 5064 510 5120 Μεθ’
554 5062 615 5116 ὃν
651 5061 905 5132 Διϐέριος
950 5060 1111 5112 ἐκτον
1150 5057 1348 5127 ἤνυσεν
1388 5053 1657 5118 ἐνιαυτὸν,
1700 5052 1953 5104 κάκεῖνον

370 5156 647 5222 διεδέξατο
717 5156 1000 5225 Δάμασος,
1054 5149 1202 5203 ὀκτὼ
1259 5147 1356 5202 καὶ
1410 5147 1615 5200 εἴκοσιν
1672 5144 1955 5204 ἐνιαυτοὺς

375 5250 650 5317 ποιμάνας
706 5249 830 5312 τοὺς
882 5246 1145 5308 πιστούς·
1187 5244 1284 5296 καὶ
1334 5240 1523 5294 τοῦτον
1571 5240 1780 5310 Σιρίκιο
1816 5279 1830 5303 ,
1858 5238 1954 5309 ἔτη

376 5345 769 5411 λειτουργήσας
812 5338 1131 5394 ἑκκαίδεκα.
1172 5333 1303 5389 Εἶτα
1342 5333 1760 5402 προκεχείριστο
1797 5330 1955 5382 Ἰννο-

379 5434 588 5495 κέντιος
619 5430 754 5502 (96),
801 5432 862 5483 ἐν
898 5428 1295 5482 πεντεκαίδεκα
1323 5427 1587 5487 ἐνιαυτοῖς
1613 5423 1832 5487 διδάξας
1864 5421 1955 5473 τὸν

2050 4611 2118 4648 xv
2142 4592 2368 4648 erudiit.
2409 4591 2528 4657 Quo
2559 4600 2800 4653 mortuo,
2846 4590 3099 4645 Zosimus
3130 4590 3184 4644 in
3220 4590 3479 4645 Eetrlesite
3514 4589 3625 4642 Ro-

2048 4700 2223 4738 manae
2271 4684 2411 4739 solio
2451 4694 2537 4738 est
2581 4683 2924 4738 collocatus:
2969 4684 3055 4737 cui
3107 4683 3436 4738 duodecimo
3482 4695 3626 4733 anno

2048 4787 2242 4832 exacto
2282 4775 2550 4830 successit
2593 4772 2960 4841 leestinus,
2994 4775 3089 4844 qui
3134 4774 3294 4827 annis
3335 4774 3523 4825 decem
3571 4770 3625 4821 in

2048 4867 2363 4939 pontiﬁcatu
2387 4866 2606 4928 claruit,
2635 4866 2807 4936 Hujus
2834 4882 3122 4922 successor
3143 4866 3247 4919 fuit
3277 4863 3502 4934 Xystus,
3530 4861 3629 4930 qui

2050 4972 2145 5013 vm
2187 4974 2363 5013 annos
2394 4959 2635 5016 duravit.
2675 4960 2883 5014 Deinde
2912 4959 3024 5013 Leo
3052 4960 3104 5013 in
3144 4958 3265 5026 ejus
3302 4955 3483 5009 locum
3514 4953 3628 5006 suf-

2053 5051 2234 5107 fectus
2276 5060 2383 5115 est,
2426 5051 2522 5121 qui
2571 5067 2757 5106 veram
2798 5050 3106 5106 doctrinam
3149 5060 3256 5117 ‘per
3293 5061 3470 5099 annos
3501 5059 3628 5097 xxw

2053 5140 2322 5196 defendit.
2368 5140 2552 5196 Leone
2583 5141 2880 5203 defuncto,
2922 5139 3131 5194 Hilario
3175 5137 3232 5191 in
3278 5135 3413 5190 sede
3454 5133 3626 5188 collo-

2055 5218 2213 5290 catus
2239 5244 2326 5290 est
2351 5252 2366 5288 :
2397 5239 2489 5305 qui
2523 5252 2577 5290 vi
2607 5236 2767 5289 annis
2792 5233 3048 5303 expletis,
3077 5228 3332 5285 clectiuni
3357 5226 3625 5298 Simplicii

2054 5328 2235 5382 locum
2267 5328 2417 5393 fecit,
2459 5328 2552 5398 qui
2578 5338 2635 5382 et
2669 5329 2784 5397 ipse
2812 5340 2957 5380 anno
2987 5339 3078 5378 ιιι
3108 5320 3403 5377 ministerii
3431 5320 3627 5375 deces-

2058 5422 2147 5474 sit.
2181 5420 2343 5493 647
2378 5421 2435 5475 in
2459 5422 2583 5490 ejus
2614 5420 2793 5474 locum
2821 5415 3173 5472 introductus
3202 5423 3286 5470 est
3309 5412 3499 5468 Felix:
3534 5410 3627 5481 qui

1573 5541 1770 5603 Variae
1805 5539 2108 5621 lectiones
2151 5549 2204 5601 et
2250 5547 2441 5600 notae.

461 5655 569 5723 (95)
616 5656 717 5709 Ἑν
750 5655 818 5708 δὲ
847 5651 921 5720 τῇ
961 5652 1170 5723 Ῥώμῃ.
1199 5650 1329 5716 Quae
1349 5648 1610 5723 deinceps
1646 5644 1949 5723 adduntur,

380 5716 584 5783 absunt
608 5727 677 5779 ab
710 5742 817 5779 uno
850 5716 1225 5791 e'coddfltcg.
1256 5731 1313 5775 ct
1347 5719 1528 5784 Colb.,
1556 5716 1950 5791 describuntur

378 5811 516 5855 vero
542 5795 600 5851 in
630 5796 807 5851 tribus
837 5796 960 5849 aliis
987 5788 1118 5862 ἕως.
1154 5788 1318 5860 atque
1341 5791 1455 5846 lucc
1477 5788 1699 5859 quidem
1742 5800 1950 5856 suppo-

2056 5644 2249 5706 sititia,
2292 5658 2397 5699 nec
2426 5643 2649 5696 Zonarae
2680 5654 2801 5694 esse
2835 5639 3111 5693 videntur.

2131 5717 2241 5784 (illi)
2280 5713 2693 5777 Ἰννοκέντιος.
2725 5710 2857 5782 lieg.
2907 5709 3243 5767 ’1νοκέντιος.
