4034 6244
479 326 622 393 1895

1755 327 2082 390 JOANNIS
2137 327 2456 388 ZONAR/E

3602 324 3734 389 1096

475 459 626 500 nono
646 457 790 497 anno
815 439 1131 503 defunctus,
1158 437 1378 494 Gelasio
1409 438 1677 494 honorem
1702 439 1931 509 reliquit
1960 455 2057 509 per

2160 439 2251 492 τοῦ
2283 440 2492 510 Κυρίου
2519 437 2668 492 λαόν.
2709 437 2822 490 Καὶ
2851 433 3100 505 Ζὼσιμος
3147 434 3225 504 τῷ
3265 435 3442 506 θρόνῳ
3475 437 3574 506 τῆς
3611 439 3742 493 Ῥω-

475 533 916 606 quinquennium
949 532 1265 587 fruendum.
1305 533 1432 586 Post
1463 547 1589 586 eum
1621 531 1944 587 Anastasius
1973 541 2059 587 est

475 630 725 682 electus:
761 625 855 694 qui
881 640 1022 677 anno
1047 634 1244 692 quarto
1275 625 1484 692 elapso,
1512 623 1902 694 Symmachum
1935 638 2060 678 suc-

476 734 748 775 cessorem
782 716 996 779 habuit,
1031 716 1125 785 qui
1159 732 1282 768 cum
1315 732 1489 768 annos
1525 732 1597 768 xu
1637 715 1692 768 in
1736 715 2060 783 pontiﬁcatu

477 812 779 877 exegisset,
817 807 1138 860 llormisdas
1180 816 1264 862 est
1307 809 1538 868 electus,
1579 806 1686 859 Sed
1721 805 1812 859 hic
1837 822 2060 875 quoque

478 901 692 954 decimo
751 915 895 952 anno
945 899 1234 952 ministerii
1292 909 1524 952 mortem
1579 899 1740 953 ohiit.
1798 899 2061 952 Romanas

478 1004 608 1042 vero
633 989 886 1041 Ecclesia:
906 988 1064 1042 sedes
1089 988 1354 1040 Joannem
1383 988 1436 1040 in
1467 989 1768 1044 triennium
1792 988 2057 1058 suscepit.

478 1078 608 1132 Post
626 1095 787 1147 quem
815 1079 958 1132 Felix
990 1080 1253 1132 Romanis
1279 1079 1534 1133 ﬁdelibus
1558 1081 1797 1150 praefuit.
1823 1091 2062 1152 quatuor

479 1186 654 1224 annos
695 1185 761 1224 eo
807 1171 1017 1226 honore
1046 1172 1289 1241 gavisus.
1347 1173 1553 1227 Deinde
1602 1173 1916 1228 Bonifacius
1962 1189 2060 1242 per

478 1261 762 1315 biennium
793 1265 1174 1331 episcopatum
1202 1265 1551 1332 gubernavit.
1585 1266 1713 1318 Post
1741 1267 1888 1320 hunc
1914 1265 2057 1333 Aga-

478 1362 638 1418 petus
665 1351 982 1421 designatus
1005 1361 1108 1414 est,
1141 1355 1231 1421 qui
1264 1369 1387 1406 cum
1416 1355 1613 1407 sumini
1639 1355 1874 1424 pastoris
1896 1355 2058 1409 Chri-

477 1443 543 1493 sti
577 1457 796 1510 gregem
821 1443 1128 1495 Romanum
1153 1443 1368 1497 duobus
1394 1445 1553 1498 anuis
1577 1454 1632 1498 et
1655 1445 1771 1514 ipse
1796 1447 2056 1515 pavisset,

477 1543 687 1587 natura:
731 1535 982 1588 debitum
1027 1536 1313 1603 persolvit.
1361 1537 1546 1591 Romae
1590 1549 1771 1591 autem
1815 1539 2060 1608 pontifex

476 1625 688 1677 electus
745 1634 831 1679 est
880 1626 1200 1698 Silvcrius:
1256 1644 1477 1697 unoque
1535 1646 1682 1683 anno
1736 1631 2057 1699 pontiﬁcatu

479 1713 722 1775 functus,
767 1717 932 1768 vitam
975 1719 1176 1787 exegit.
1224 1717 1396 1786 llujus
1446 1734 1736 1772 successor
1773 1721 2053 1790 Virgilius.

2164 532 2342 601 μαίων
2381 529 2715 600 Ἐκκλησίας
2762 527 3028 599 ὲνίδρυτο,
3067 527 3320 590 θανόντος
3367 530 3736 586 Ἰννοκεντίου.

2167 626 2264 678 Ὃν
2296 623 2596 677 δωδέκατον
2634 622 2874 691 ἠνυκότα
2931 621 3180 673 ἐνιαυτὸν
3214 622 3536 683 Κελεστίνος
3577 623 3739 676 διεδέ-

2162 715 2311 782 ξατο,
2342 715 2431 766 ἐπ’
2463 714 2558 785 ἔτη
2607 715 2674 782 τῇ
2723 710 3104 781 ἀρχιερωσύνη
3159 711 3294 763 δέκα
3349 712 3739 782 ὲνδιαπρέψας.

2162 809 2352 876 Τούτῳ
2399 807 2602 868 Ξύστος
2655 807 2901 876 διάδοχος
2959 807 3207 873 γέγονεν,
3253 805 3440 872 ὄγδοον
3495 809 3741 858 ἐνιαυτὸν

2161 899 2476 969 διαρκέσας.
2522 893 2655 950 Εῑτα
2688 896 2839 950 Λέων
2877 897 3234 967 ἀντεισήχθη,
3296 897 3406 950 τῶν
3439 898 3615 967 ὀρθῶν
3670 900 3746 952 δοο

2162 993 2388 1061 γμάτων
2408 992 2924 1060 ἀντιποιησάρενος,
2953 992 3042 1043 ἐπ’
3065 993 3243 1043 ἔτεσιν
3265 993 3438 1044 εῐκοσι
3470 991 3608 1061 πρὸς
3637 995 3743 1055 τοῖς

2159 1085 2444 1152 τέσσαρσι.
2487 1084 2596 1136 Καὶ
2629 1082 2944 1145 ἐκλιπόντος
2973 1082 3066 1135 τοῦ
3100 1083 3329 1146 Λέοντος
3380 1082 3630 1153 Ὶλσρίων
3667 1086 3742 1145 εἰς

2159 1175 2252 1226 τὸν
2302 1171 2491 1243 θρόνον
2545 1174 2860 1243 ἁνθίδρυτο,
2923 1173 3082 1225 ἕκτον
3140 1173 3423 1244 ἐκπλήσας
3474 1174 3740 1230 ἐνιαυτόν.

2161 1262 2304 1315 Ἀνθ’
2361 1257 2534 1332 οὗπερ
2604 1263 2932 1332 Σιμπλίκιος
2984 1261 3097 1330 (97)
3160 1263 3595 1331 κεχειροτόνητο,
3651 1265 3742 1316 καὶ

2161 1355 2252 1406 ἐπὶ
2282 1355 2774 1408 ἐννεακαιδέκατον
2813 1354 2930 1415 ἔτος
2976 1352 3036 1406 τὸ
3081 1355 3180 1420 τῆς
3234 1355 3606 1422 ποιμαντικῆς
3651 1353 3741 1408 καὶ

2159 1441 2311 1507 οὒτο;
2353 1447 2727 1517 λειτούργημα
2783 1444 3064 1509 διανύσας,
3085 1445 3300 1511 ἐξέλιπε
3326 1463 3341 1477 υ
3389 1447 3485 1499 καὶ
3526 1447 3740 1500 ἀντεισ-

2161 1538 2301 1607 ῆκτο
2334 1538 2524 1608 Φῆλιξ.
2563 1538 2800 1606 Ἐννάτῳ
2831 1537 2876 1590 δ’
2929 1537 3159 1608 ἐνιαυτῷ
3190 1541 3282 1591 καὶ
3313 1534 3465 1602 οὗτος
3506 1539 3740 1593 ἐκλελοι-

2163 1631 2300 1696 πὼς,
2335 1633 2373 1684 Γ
2377 1631 2580 1703 ελασίῳ
2608 1631 2708 1702 τὴν
2740 1631 2908 1702 τιμὴν
2933 1631 3316 1697 καταλέλοιπε,
3349 1635 3512 1684 πέντε
3540 1633 3742 1702 ταύτης

2162 1725 2534 1779 ἁπολαύσαντι
2603 1726 2720 1797 ἔτη.
2775 1724 2911 1779 Μεθ’
2961 1723 3022 1776 ὂν
3071 1725 3426 1786 Ἀναστάτιος
3481 1725 3738 1793 έπελέγη.

478 1821 603 1858 cum
637 1823 763 1860 xvm
795 1809 954 1861 anuis
986 1810 1242 1863 Ecclesiae
1270 1810 1604 1880 prazfuisset,
1641 1811 1694 1864 in
1721 1814 1841 1882 ejus
1871 1814 2053 1866 locum

2164 1821 2322 1872 Μετὰ
2364 1819 2624 1888 τέταρτον
2678 1789 2735 1872 δὲ
2795 1817 2890 1872 καὶ
2941 1812 3094 1880 οὗτος
3143 1818 3392 1872 ἐνιαυτὸν
3445 1819 3553 1872 ὑπὸ
3607 1789 3742 1889 Συμ-

478 1899 746 1950 sullectus
795 1909 880 1951 est
930 1899 1226 1970 Pelagius:
1271 1903 1363 1970 qui
1413 1903 1658 1971 quinque
1704 1905 1864 1956 annis
1906 1905 2059 1959 obito

477 1989 804 2048 ministerio,
848 1987 1107 2042 decessit.
1154 1991 1396 2045 Romana
1433 2008 1562 2045 vero
1597 1993 1755 2046 sedes
1790 1994 2058 2048 Joannem

479 2080 537 2131 in
565 2095 655 2133 vui
691 2096 866 2134 annos
897 2081 1161 2150 suscepit,
1193 2092 1249 2136 et
1291 2093 1413 2151 post
1461 2083 1604 2137 hunc
1643 2083 1967 2155 Gregorium
2004 2085 2058 2139 in

479 2186 652 2224 annos
699 2188 786 2224 xv.
837 2173 965 2226 Post
1015 2173 1164 2226 hunc
1211 2185 1475 2242 perpetua
1521 2177 1681 2230 sedes
1725 2191 1916 2230 eorum
1964 2177 2058 2245 qui

481 2263 743 2317 Romanae
779 2266 1040 2319 Ecclesiae
1071 2267 1442 2334 praefuerunt,
1483 2284 1590 2320 nou
1621 2269 1912 2336 reperitur.
1944 2270 2058 2322 An-

478 2358 698 2411 tiochia:
750 2375 878 2411 ινιτΓο
929 2360 1242 2428 Coalcsyi'ia:
1287 2359 1608 2412 Eustathius
1657 2361 1918 2426 Paulino,
1963 2361 2057 2428 qui

479 2447 792 2501 ministerio
833 2451 1277 2518 quinquennium
1317 2460 1559 2514 vacaratt,
1597 2453 1888 2506 successit.
1919 2451 2056 2506 Cum

478 2537 804 2591 Eustathius
829 2540 1016 2594 ﬁdeles
1043 2557 1218 2595 annos
1248 2558 1378 2596 xiui
1408 2544 1672 2612 paviSSct,
1701 2543 2058 2612 Euphronius

477 2646 578 2696 per
601 2645 774 2684 annos
797 2648 892 2685 vui
923 2633 1280 2686 ministravit.
1307 2634 1436 2688 Post
1460 2651 1620 2703 quem
1659 2635 1937 2690 Phlacitus
1983 2655 2056 2692 xu

480 2723 728 2795 explevit
777 2742 972 2780 annos.
1025 2726 1233 2780 Deinde
1277 2725 1592 2795 Stephanus
1641 2727 1756 2780 Arii
1797 2736 2056 2793 sectator,

477 2818 737 2872 Ecclesiae
771 2835 866 2888 per
896 2819 1196 2873 triennium
1243 2834 1303 2873 se
1342 2818 1588 2888 ingessit.
1636 2817 1764 2872 Post
1797 2819 1945 2875 hunc
1976 2823 2060 2874 iii-

481 2911 770 2965 troductus
799 2921 885 2965 est
929 2912 1216 2974 Leontius,
1259 2913 1352 2980 qui
1391 2929 1480 2965 \Ill
1514 2928 1661 2966 anno
1705 2913 2057 2984 episcopatus

482 3013 717 3056 mortem
749 3005 904 3058 ohiit.
939 3006 1066 3060 Post
1093 3005 1241 3058 hunc
1266 3004 1625 3058 Antiochenae
1653 3005 1914 3061 Ecclesiae
1947 3008 2058 3061 Eu-

2166 1913 2340 1981 μάχου
2393 1911 2661 1982 διεδέχθη.
2701 1906 2777 1965 Οὗ
2825 1912 3151 1965 δυοκαίδεκα
3204 1911 3490 1975 ἐνιαυτοὺς
3551 1911 3738 1983 έπὶτῇ

2161 2005 2541 2076 ἀρχιερωσύνη
2622 2005 3016 2074 διαγαγόντος,
3087 2003 3381 2075 Ὀρμξσδας
3446 2004 3737 2069 ὲξείλεκτο.

2161 2100 2386 2168 Δεκάτῳ
2411 2098 2469 2151 δὲ
2509 2098 2602 2151 καὶ
2659 2093 2820 2159 οὗτος
2849 2099 3088 2170 ἐνιαυτῷ
3119 2103 3181 2151 τὸ
3214 2097 3592 2170 λειτούργημα
3624 2097 3739 2150 δια-

2164 2189 2351 2250 νύσας,
2414 2189 2677 2242 κατέλυσε
2705 2190 2806 2258 τὴν
2857 2189 3023 2258 ζωὴν,
3066 2190 3161 2243 καὶ
3208 2188 3466 2258 Ἰωάννην
3493 2191 3522 2241 ὁ
3552 2189 3740 2258 θρόνος

2159 2285 2260 2352 τῆς
2305 2284 2594 2352 Ῥωμαίων
2636 2284 2969 2354 Ἐκκλησίας
3016 2285 3288 2349 διεδέξατο
3330 2285 3422 2337 ἐπὶ
3476 2283 3738 2354 τριετίαν.

2161 2375 2294 2428 Μεθ’
2322 2376 2381 2428 ὃν
2414 2375 2581 2445 Φῆλιξ
2617 2377 2722 2428 τῶν
2771 2378 2829 2429 ὲν
2889 2376 3071 2446 Ῥώμῃ
3115 2379 3352 2446 προέστη
3402 2377 3632 2440 πιστῶν,
3655 2392 3740 2428 τε·

2159 2470 2420 2537 τραετῐαν
2447 2470 2544 2538 τῆς
2577 2469 2746 2539 τιμῆς
2781 2469 3116 2532 ἀπολαύσας.
3149 2467 3279 2522 Εἶτα
3307 2471 3627 2538 Βονιφάτιος
3653 2468 3739 2522 ἐπὶ

2159 2559 2360 2612 διετίαν
2425 2563 2524 2632 τῆς
2593 2564 2926 2630 προστασίας
2997 2563 3215 2634 ἠξίωτο,
3279 2564 3371 2613 καὶ
3427 2564 3522 2614 ἐπὶ
3574 2561 3738 2624 τούτῳ

2175 2652 2482 2719 Ἀγαπητὺς
2518 2651 2630 2723 (98)
2679 2655 3127 2724 προκεχειριστο.
3179 2651 3300 2705 Δύω
3349 2651 3406 2704 δὲ
3448 2656 3542 2705 καὶ
3589 2647 3738 2715 οὗτος

2159 2743 2442 2806 ἐνιαυτοὺς
2489 2745 2764 2814 ποιμάνας
2805 2747 2866 2799 τὸ
2897 2754 2955 2799 εν
3001 2748 3192 2820 Ῥώμῃ
3224 2745 3318 2799 τοῦ
3351 2747 3738 2816 ἁρχιποιμένος

2161 2833 2398 2898 Χριστοῦ
2437 2835 2708 2903 ποίμνιον,
2753 2836 2980 2890 ἀπέτισε
3028 2836 3087 2890 τὸ
3111 2837 3309 2907 χρεὼν,
3341 2839 3436 2891 καὶ
3463 2840 3736 2908 ἐχειροτο-

2159 2922 2294 2994 νήθη
2336 2923 2553 2994 Ῥώμης
2581 2927 2875 2995 ἀρχιερεὺς
2917 2927 3225 2997 Σιλϐήριος.
3269 2928 3406 2982 Ἕνα
3426 2928 3484 2980 δὲ
3527 2933 3619 2981 καί
3647 2923 3737 2983 οὖ-

2159 3031 2249 3078 τος
2278 3017 2719 3086 ἀρχιερατεύσας
2771 3018 3018 3071 ἐνιαυτὸν
3055 3020 3154 3088 τὴν
3190 3018 3336 3089 ζωὴν
3383 3021 3736 3092 ἑξεμέτρησε.

478 3098 675 3149 domus
731 3097 966 3151 alterum
1020 3112 1225 3150 annum
1276 3097 1516 3166 praefuit.
1570 3098 1700 3152 Post
1747 3099 2056 3154 Eudoxium

2166 3109 2272 3160 Καὶ
2295 3109 2468 3178 τούτῳ
2512 3107 2757 3180 διάδοχος
2802 3110 3039 3178 Βιγίλιος
3091 3111 3335 3180 γέγονεν.
3388 3113 3739 3166 Ὀκτωκαιδά-

482 3191 721 3242 Arianus
758 3199 1014 3258 quartum
1042 3204 1248 3243 annum
1277 3190 1380 3242 fuit
1405 3189 1715 3258 episcOpus.
1742 3191 1868 3246 Post
1909 3191 2056 3247 hunc

480 3279 732 3334 Meletius
764 3297 943 3337 annos
980 3297 1103 3334 xxv.
1140 3283 1270 3336 Post
1296 3283 1446 3337 hunc
1475 3283 1767 3339 Flavianus
1793 3285 2058 3341 Christia-

480 3371 570 3426 nis
593 3387 766 3426 annos
795 3388 919 3426 xxvi
951 3372 1192 3442 praefuit.
1224 3373 1430 3428 Deinde
1457 3374 1775 3430 Theodotus
1805 3377 2059 3432 ministe-

483 3464 626 3516 rium
662 3467 930 3533 suscepit,
969 3466 1024 3518 in
1065 3481 1242 3534 eoque
1274 3481 1450 3521 annos
1487 3483 1540 3521 iv
1569 3471 1774 3539 exegit.
1807 3469 1864 3523 ln
1893 3471 2058 3540 hujus

482 3557 663 3608 locum
686 3557 927 3610 Joannes
954 3557 1323 3624 introductus,
1351 3575 1449 3630 per
1470 3576 1643 3614 annos
1669 3576 1794 3615 xvui
1818 3561 2056 3621 duravit.

484 3644 591 3700 Pro
611 3645 819 3700 Joanne
848 3649 1093 3701 Domnus
1119 3648 1349 3709 electus.
1377 3665 1551 3704 annos
1572 3667 1662 3706 vin
1685 3662 1873 3721 postea
1899 3654 2057 3710 vixit.

484 3739 618 3790 Post
648 3756 809 3808 quem
841 3743 894 3794 in
928 3739 1287 3796 Antiochena:
1317 3742 1572 3797 Ecclesiae
1599 3745 1854 3798 thronum
1883 3745 2057 3799 Maxi-

483 3851 605 3888 mus
628 3833 998 3899 introductus,
1021 3835 1075 3888 in
1103 3851 1171 3890 eo
1195 3851 1424 3890 munere
1448 3838 1876 3906 quadriennium
1899 3841 2055 3895 vixit:

481 3941 802 3980 successore
841 3926 1122 3995 Martyrio,
1163 3931 1256 3996 qui
1295 3944 1344 3980 ix
1383 3929 1621 3998 explevit
1650 3931 1704 3983 in
1735 3932 2058 4001 magistratu

480 4031 688 4069 annos.
721 4017 926 4070 Deinde
945 4015 1206 4070 Julianus
1231 4019 1282 4070 in
1309 4034 1370 4071 ea
1405 4020 1683 4087 poutilicia
1710 4021 1858 4085 sede,
1884 4037 2058 4075 annos

484 4123 534 4157 vi
569 4108 839 4170 consedit,
879 4117 929 4159 et
962 4107 1185 4160 Petrum
1225 4125 1606 4163 successorem
1639 4110 1853 4164 habuit.
1893 4111 2059 4182 648

481 4196 582 4250 Cui
616 4197 854 4249 triennio
877 4205 1004 4265 post
1033 4198 1348 4267 Stephanus
1383 4201 1670 4264 successit,
1707 4199 1931 4254 totidem
1959 4218 2059 4255 an-

483 4301 587 4340 nos
624 4287 951 4354 pontiﬁcatu
983 4286 1228 4341 functus.
1263 4285 1317 4339 lu
1348 4287 1616 4357 Stephani
1649 4288 1832 4342 locum
1863 4287 2059 4343 Calan-

484 4376 576 4429 dio
618 4378 884 4431 sutl'ectus
913 4387 1020 4443 est,
1051 4387 1107 4432 et
1148 4379 1276 4433 huic
1309 4388 1430 4448 post
1457 4378 1885 4448 quadriennium
1918 4381 2058 4435 alius

2161 3218 2328 3255 κατον
2362 3201 2420 3255 δὲ
2469 3201 2662 3255 τούτου
2712 3203 2832 3267 ἔτος
2869 3204 3184 3274 διηνυκότος
3231 3208 3289 3260 έν
3327 3209 3392 3280 τῇ
3441 3207 3607 3280 ἀρχῇ,
3651 3209 3740 3261 ἀν-

2160 3289 2365 3363 θῃρέθη
2387 3291 2672 3361 Πελάγιος.
2711 3296 2830 3359 Ὃς,
2867 3295 3115 3364 πέμπτον
3145 3297 3388 3351 ἐνιαυτὸν
3415 3303 3478 3367 τῇ
3504 3299 3739 3370 λειτουρ-

2159 3382 2256 3452 γίᾳ
2283 3381 2616 3452 έσχολακὼς,
2649 3385 2884 3456 ἀπῆλθε,
2907 3389 3004 3440 καὶ
3045 3387 3297 3458 Ἰωάννην
3322 3391 3354 3460 ή
3378 3391 3736 3462 ἀρχιερατικὴ

2161 3473 2399 3544 καθέδρα
2437 3475 2549 3528 τῶν
2583 3474 2872 3546 Ῥωμαίων
2925 3479 3142 3543 ἐδέξατο
3190 3482 3282 3533 ἐπὶ
3313 3485 3528 3552 χρόνοις
3573 3483 3734 3547 όκτὼ,

2160 3563 2258 3615 καὶ
2291 3564 2430 3633 μετὰ
2472 3564 2662 3618 τοῦτον
2695 3567 2993 3638 Γρηγόριον
3033 3568 3127 3621 ἐπὶ
3158 3573 3575 3628 πεντεκαίδεκα.
3603 3574 3734 3627 Μεθ’

2157 3653 2218 3707 ὃν
2243 3656 2426 3710 οὐκέτι
2460 3657 2602 3711 κατὰ
2635 3660 2920 3729 συνέχειαν
2950 3663 3000 3714 οί
3025 3662 3126 3733 τῆς
3175 3665 3466 3733 Ῥωμαίων
3514 3667 3735 3736 Ἐκκλη-

2163 3746 2285 3809 σίας
2331 3748 2668 3817 προστάντες
2726 3750 3011 3822 εὓρηνται.
3063 3753 3152 3806 Ἐν
3208 3755 3510 3825 Ἀντιοχείᾳ
3553 3756 3609 3809 δὲ
3669 3757 3732 3827 τῇ

2161 3840 2306 3894 κατὰ
2358 3842 2562 3912 Κοίλην
2617 3843 2818 3914 Συρίαν
2867 3845 2958 3898 τὸν
3006 3847 3270 3900 Παυὶίνον
3313 3849 3408 3917 ἐτη
3459 3849 3618 3902 πέντε
3668 3852 3730 3919 τῇ

2159 3932 2477 4004 λειτουργίᾳ
2523 3933 2863 4003 σχολάσαντα
2915 3937 3216 4000 Εύστάθιος
3274 3939 3586 4006 διεδέξατο,
3646 3943 3734 3994 καὶ

2158 4024 2253 4076 τοῦ
2303 4023 2600 4078 Εὺσταθίου
2647 4026 2736 4080 ἐπ’
2781 4027 2874 4098 ἔτη
2923 4030 3290 4098 ποιμάναντος
3332 4034 3461 4096 τοὺς
3515 4035 3734 4099 πιστοὺς

2159 4116 2558 4182 ὀκτωκαίδεκα,
2587 4118 2886 4189 Εὐφρόνιος
2924 4120 3338 4194 έλειτούργησεν
3378 4126 3494 4188 Ero,
3530 4127 3728 4194 ὄγδοον.

2159 4203 2296 4259 Μεθ’
2322 4206 2380 4258 ὃν
2412 4205 2678 4270 Φλάκιτος
2701 4207 3006 4264 δωδέκατον
3044 4211 3241 4282 ἡνυσεν
3281 4215 3398 4278 ἔτος
3417 4232 3430 4245 ·
3464 4213 3586 4270 εἶτα
3614 4217 3733 4271 Στέ-

2161 4315 2326 4366 φανος
2378 4300 2705 4371 αἱρεσιώτης
2758 4302 2969 4368 Ἀρείου
3029 4305 3447 4376 παρεισεφθάρη
3505 4310 3569 4378 τῇ
3629 4308 3734 4360 Ἐκ-

2161 4390 2360 4461 κλησίᾳ
2399 4391 2492 4442 ἐπὶ
2537 4392 2721 4462 τρίτον
2751 4395 3020 4460 ἐνιαυτὸν,
3073 4397 3169 4449 καὶ
3219 4399 3358 4464 μετὰ
3402 4398 3594 4451 τοῦτον
3623 4401 3728 4451 alc-

485 4466 680 4521 Petrus
718 4469 1007 4532 successit,
1049 4471 1143 4537 qui
1178 4470 1473 4523 Ecclesiani
1511 4487 1606 4540 per
1631 4471 1930 4524 triennium
1954 4487 2056 4540 gu-

2160 4457 2294 4555 ἧκτο
2335 4457 2614 4548 *Λεόντιοᾷ
2656 4487 2880 4554 Ὄγδοον
2931 4457 3013 4540 δὲ-
3045 4489 3141 4542 καὶ
3182 4457 3336 4554 circa;
3370 4490 3488 4555 ἔτος
3520 4493 3732 4544 ἐπισκο-

484 4555 754 4610 bernavit.
781 4557 954 4628 llujus
988 4574 1275 4614 successor
1297 4560 1509 4614 exstitit
1536 4561 1830 4620 Palladius.
1866 4561 2056 4615 decem

485 4645 644 4702 annis
701 4647 756 4701 in
815 4650 1136 4718 magistratu
1195 4652 1426 4704 exactis.
1492 4651 1701 4705 Deinde
1766 4651 2062 4706 Flavianus

485 4746 704 4792 creatus
745 4738 1060 4808 episcOpus,
1107 4757 1200 4794 xui
1243 4741 1424 4794 annis.
1473 4741 1602 4796 Post
1655 4757 1781 4794 eum
1822 4741 2062 4796 Severus

485 4845 560 4884 vu
614 4830 774 4885 annis
821 4831 1126 4900 gubernata
1181 4833 1444 4898 Ecclesia,
1494 4833 1806 4902 Euphrasio
1845 4847 2058 4887 sacram

486 4923 670 4977 sedem
703 4925 931 4994 reliquit
965 4942 978 4978 :
1008 4925 1097 4979 cui
1134 4936 1259 4995 post
1295 4942 1500 4980 annum
1529 4926 1784 4996 quintum
1821 4925 2058 4994 Ephrai-

489 5030 609 5068 mus
639 5015 923 5080 successit,
954 5026 1010 5070 et
1040 5016 1096 5068 in
1124 5017 1431 5072 ministerio
1459 5032 1634 5071 annos
1665 5033 1792 5072 xviii
1827 5017 1983 5071 vixit.

484 5131 732 5196 θεόδοτος
773 5133 872 5202 τὴν
923 5133 1270 5204 λειτουργίαν
1293 5133 1587 5198 διεδέξατο,
1625 5133 1718 5186 καὶ
1777 5131 2096 5202 τετραετίαν
2134 5131 2323 5201 ἧνυσε.
2371 5128 2482 5182 Καὶ
2551 5130 2674 5183 ἀντὶ

2159 4579 2362 4644 πήσας,
2409 4577 2672 4631 κατέλυσε
2707 4580 2808 4648 τὴν
2848 4578 3016 4650 ζωὴν,
3047 4582 3142 4634 καὶ
3164 4584 3255 4635 ὲπὶ
3288 4583 3465 4653 τούτῳ
3496 4585 3726 4653 προέστη

2157 4669 2256 4738 τῆς
2298 4671 2615 4740 Ἀντιοχέων
2665 4671 2992 4741 Ἐκκλησίας
3033 4673 3282 4739 Εὑδόξιος
3312 4675 3430 4739 ἔτος
3463 4676 3725 4744 δεύτερον,

2157 4762 2253 4814 καὶ
2286 4762 2377 4814 ἐπὶ
2436 4760 2513 4831 τῷ
2567 4761 2808 4830 Εὐδοξίῳ
2864 4763 3147 4834 Ἀρριανὸς
3195 4768 3578 4837 ὲπεσκόπησεν
3618 4767 3726 4827 ἔτος

2157 4853 2438 4925 τέταρτον.
2477 4856 2592 4907 Καὶ
2624 4857 2768 4926 μετὰ
2795 4855 2982 4911 τοῦτον
3015 4859 3297 4925 Μελέτιος,
3337 4862 3614 4923 ἐνιαυτοὺς
3655 4859 3724 4911 ei-

2160 4961 2312 4998 κοσιν
2360 4945 2454 4996 ἐπὶ
2497 4945 2682 5000 πέντε.
2729 4947 2866 5000 Μεθ’
2903 4947 2962 5000 ὃν
3009 4949 3305 5012 Φλαδιανὸς
3357 4953 3594 5020 προέστη
3629 4949 3725 5002 τῶν

2157 5037 2570 5107 Χριστωνύμων
2613 5038 2699 5090 ἐπ’
2732 5039 2909 5092 ἐτεσιν
2953 5041 3127 5094 εἴκοσι
3161 5043 3295 5111 πρὸς
3326 5047 3438 5104 τοῖς
3485 5044 3566 5108 ἐξ.
3602 5041 3726 5096 Εἶτα

2753 5130 2944 5184 τούτου
3013 5133 3265 5203 Ἰωάννης
3331 5136 3582 5205 εἰσήχθη,
3642 5136 3726 5188 καὶ

484 5224 768 5291 διήρκεσεν
801 5224 886 5274 ἐπ’
918 5223 1033 5286 ἔτος
1057 5221 1547 5276 ὀκτωκαιδέκατον.
1600 5223 1744 5274 Ἀντὶ
1813 5222 1869 5274 δὲ
1949 5217 2199 5275 Ἰωάννου
2264 5222 2473 5290 Δόμνος
2544 5220 2980 5291 κεχειροτόνητο,
3025 5221 3293 5294 ἐπιζήσας
3333 5230 3397 5296 τῇ
3433 5230 3725 5296 χειροτονίᾳ

485 5314 668 5382 ὄγδοον
713 5318 864 5378 ἔτοςο
921 5319 1014 5370 καὶ
1064 5316 1360 5388 ἁνθιδρύθη
1389 5315 1466 5386 τῷ
1508 5315 1682 5385 θρόνῳ
1747 5315 1846 5384 τῆς
1928 5316 2245 5385 Ἀντιοχέων
2321 5314 2643 5383 Ἐκκλησίας
2687 5314 2960 5384 Μάξιμος,
2997 5317 3083 5368 ἐπ’
3145 5321 3424 5381 ἐνιαυτοὺς
3447 5327 3724 5389 ἐπιμείνας

485 5411 552 5477 τῇ
601 5411 902 5480 προστασίᾳ
960 5412 1251 5480 τέσσαρας.
1299 5411 1393 5472 Ὃς
1476 5409 1581 5460 ὑπὸ
1624 5406 1940 5478 Μαρτυρίου
1995 5407 2266 5478 διεδέχθη,
2321 5409 2536 5460 ἔννατον
2591 5409 2688 5462 καὶ
2773 5408 2962 5460 τούτου
3027 5413 3089 5481 τῇ
3174 5415 3314 5483 ἀρχῇ
3382 5414 3720 5474 διανύσαντος

488 5501 626 5562 ἔτος.

701 5502 986 5566 Ἰουλιανὸς
1045 5505 1088 5556 δ’
1141 5505 1332 5558 ἔπειτα
1390 5504 1470 5566 εἰς
1521 5502 1616 5572 τὴν
1667 5501 2061 5572 ἀρχιερατικὴν
2100 5501 2306 5571 ταύτην
2370 5502 2638 5572 καθέδραν
2687 5503 2939 5558 ἐκάθισεν
2975 5509 3066 5561 ἐπὶ
3131 5510 3286 5562 ἕκτον
3326 5511 3586 5574 ἐνιαυτὸν,
3634 5510 3719 5562 καὶ

1675 5657 1875 5719 νοτίδι
1907 5654 2210 5719 lectiones
2241 5665 2300 5720 et
2335 5669 2522 5724 notae.

561 5778 670 5845 (97)
698 5779 1068 5846 Σιμπλίκιος.
1097 5782 1230 5852 Reg.
1255 5781 1608 5853 Συμτςλίκιος.

2243 5782 2350 5852 (98)
2397 5785 2736 5855 Ἀγαπητός.
2767 5787 2897 5858 Reg.
2945 5788 3336 5860 Ἀγαπητικὸς.
3373 5789 3558 5844 Melius
3575 5787 3682 5844 alii.
