4034 6244
554 358 704 423 ³1099

1832 359 2156 422 JOANNIS
2191 358 2510 420 ΖΟΝΑΒΕ

3637 366 3748 434 1100

555 475 643 528 hic
675 471 822 527 illius
845 469 947 526 fuit
979 469 1180 526 exitus.
1208 469 1378 543 Cujus
1401 470 1690 543 tyrannide
1717 469 1958 526 Romani
1983 468 2124 524 lihe-

2238 469 2324 520 καὶ
2353 467 2540 530 αὐτοῖς
2572 471 2964 539 τυπουμένοις,
3005 471 3100 525 καὶ
3136 470 3446 543 φράζουσιν,
3481 478 3569 534 Ἐν
3597 483 3754 550 τούτῳ

555 567 696 631 rati,
732 563 909 635 portis
935 564 1142 633 apertis
1173 562 1597 619 Constantinum
1635 562 1922 634 splendide
1962 577 2126 617 exce-

555 665 776 727 perunt,
813 664 874 708 ut
902 654 1258 716 liberatorem
1290 650 1448 710 urbis
1469 653 1610 709 laetis
1639 650 2129 708 acclamationibus

553 747 931 803 celebrantes:
965 747 1188 802 decreta
1228 746 1284 800 in
1324 747 1443 803 foro
1472 755 1671 810 statua,
1714 760 1877 815 quam
1920 743 2009 798 ille
2053 742 2127 797 ita

553 839 672 894 ﬁeri
694 839 880 910 jussit,
903 847 964 892 ut
984 838 1216 893 formam
1241 838 1424 894 crucis
1445 854 1608 892 manu
1637 846 1852 892 teneret
1879 854 1893 890 :
1916 835 2129 890 edicto-

553 945 662 1002 que
689 930 865 986 vetuit
903 946 972 986 ne
994 972 1010 998 ,
1039 931 1110 986 ob
1143 931 1488 1002 religionem,
1520 929 1558 984 ii
1587 929 1680 999 qui
1719 928 1998 983 Christum
2027 943 2130 996 pro

551 1024 667 1079 Deo
691 1024 960 1089 colerent,
986 1024 1382 1094 plecterentur.
1415 1023 1505 1078 Sic
1532 1022 1708 1086 Italia,
1741 1031 1797 1076 et
1819 1021 1932 1090 ipsa
1958 1020 2130 1073 Roma

552 1116 674 1187 ejus
702 1114 937 1185 imperio
962 1114 1243 1186 adjuncta,
1278 1131 1405 1170 cum
1437 1114 1673 1179 Licinio,
1703 1111 1793 1168 cui
1828 1126 1986 1167 soror
2011 1112 2131 1181 ejus

555 1217 728 1278 nupta
755 1218 894 1275 erat,
938 1209 1231 1280 imperium
1277 1211 1472 1266 tenuit.
1509 1211 1558 1265 ls
1595 1223 1720 1264 cum
1763 1206 2041 1262 Maximini
2075 1213 2132 1261 et

556 1297 729 1352 ﬁlium
760 1307 817 1353 et
861 1297 1030 1352 ﬁliam
1063 1298 1388 1363 occidisset,
1429 1299 1541 1369 jam
1585 1307 1818 1368 uterque
1848 1296 2006 1350 alteri
2035 1310 2131 1350 su-

557 1400 800 1462 spectus,
834 1389 1052 1445 sublato
1076 1391 1270 1455 altero,
1291 1405 1349 1444 se
1374 1391 1547 1443 solum
1572 1390 1802 1459 imperio
1828 1388 2131 1457 potiturum

556 1483 822 1554 putabat,
865 1483 1086 1537 nemine
1119 1482 1227 1536 alio
1259 1482 1310 1537 id
1341 1481 1444 1537 sibi
1474 1481 1850 1536 vendicaturo.
1883 1479 1961 1534 Ac
1990 1494 2131 1534 non-

559 1574 699 1629 nulli
735 1575 816 1629 sic
842 1575 1078 1645 potitum
1102 1589 1224 1628 esse
1254 1572 1527 1628 Licinium
1564 1583 1720 1642 parte
1744 1570 1947 1626 Galerii
1981 1585 2135 1626 asse-

563 1674 716 1733 runt,
745 1665 958 1721 socium
999 1665 1068 1721 ab
1104 1663 1197 1720 illo
1228 1665 1484 1727 ascitum,
1520 1673 1581 1718 ut
1607 1663 1813 1717 dictum
1852 1671 1955 1717 est.
1989 1661 2136 1716 Non-

560 1755 725 1824 nulli,
759 1756 813 1811 in
853 1754 1200 1812 Constantini
1230 1754 1494 1827 gratiam,"
1525 1770 1650 1809 cum
1681 1768 1928 1809 sororem
1958 1753 2008 1806 ei
2039 1751 2136 1807 de-

561 1849 894 1920 spondisset,
930 1865 959 1904 a
991 1847 1265 1903 militibus
1302 1846 1572 1904 Caesarem
1609 1846 1903 1901 salutatum
1926 1886 1939 1910 ,
1973 1853 2028 1900 et
2065 1843 2136 1898 ab

562 1938 684 2010 ipso
727 1949 919 1995 contra
972 1938 1326 1994 Maximinum
1369 1939 1621 2004 missum,
1671 1954 1846 2010 eoque
1894 1939 2039 1992 victo
2082 1947 2138 1993 et

561 2031 888 2102 proﬂigato,
939 2047 1108 2104 regno
1148 2031 1297 2087 illius
1324 2031 1587 2086 donatum
1633 2046 1785 2096 esse,
1832 2046 1895 2085 ea
1942 2029 2136 2084 condi-

563 2123 735 2188 tione,
763 2132 823 2178 ut
851 2139 919 2178 ne
942 2121 1287 2179 Christianos
1312 2123 1540 2179 violaret
1566 2140 1580 2176 :
1613 2138 1719 2192 qua
1749 2122 1839 2176 ille
1864 2122 2134 2190 neglecta,

564 2230 675 2269 non
716 2215 920 2276 minus.
958 2231 1020 2270 ac
1049 2216 1234 2283 potius
1259 2215 1451 2286 magis,
1486 2229 1649 2285 quam
1684 2213 2004 2268 decessores
2027 2213 2135 2280 sui,

565 2306 623 2362 in
665 2304 1012 2361 Christianos
1043 2305 1367 2371 insanierit,
1409 2305 1562 2360 nullo
1592 2314 1850 2360 extremae
1896 2303 2138 2359 crudeli-

561 2396 693 2451 tatis
715 2412 917 2466 genere
952 2396 1348 2467 praetermisso.
1385 2395 1437 2466 3
1469 2395 1550 2450 Ad
1580 2395 1714 2450 alias
1734 2395 1900 2466 igitur
1922 2394 2138 2448 dissen-

563 2485 738 2541 sionis
757 2502 947 2542 eorum
972 2503 1167 2542 causas
1204 2487 1368 2542 etiam
1398 2487 1540 2542 hanc
1560 2487 1880 2542 accessisse.
1903 2485 2139 2541 Proinde

563 2577 982 2645 Constantinus,
1022 2578 1188 2633 ducto
1222 2589 1414 2634 contra
1461 2579 1734 2634 Licinium
1781 2578 2055 2642 exercitu,
2083 2587 2140 2633 et

563 2687 710 2742 saepe
737 2671 1032 2727 commissa
1061 2689 1264 2743 pugna,
1289 2671 1528 2741 denique
1558 2671 1752 2726 vincit.
1780 2670 1887 2726 Sed
1915 2678 2140 2742 propter

564 2779 812 2820 sororem
855 2763 1270 2829 reconciliatus,
1319 2763 1610 2834 imperium
1654 2763 1706 2817 ei
1743 2764 1910 2817 certis
1949 2762 2140 2818 condi-

565 2855 808 2911 tionibus
839 2853 1098 2908 restituit.
1130 2853 1198 2908 At
1233 2853 1358 2919 ille,
1393 2869 1540 2918 cum,
1574 2842 1636 2907 ut
1664 2853 1827 2908 homo
1868 2851 2139 2922 perﬁdus,

567 2949 742 3019 pactis
773 2963 882 3002 non
910 2946 1185 3010 stetisset,
1227 2963 1255 3001 a
1285 2946 1649 3002 Cutistantino
1689 2945 1872 3000 denuo
1911 2960 2141 3015 supera-

568 3051 678 3105 tus,
725 3040 986 3112 Byzantio
1027 3049 1082 3094 et
1129 3037 1455 3109 ChrySOpoli
1503 3038 1713 3108 captis,
1765 3025 2139 3092 Nicomediam

2228 562 2388 614 νίκα.
2430 559 2525 614 Ἐκ
2557 560 2762 630 χρυσοῦ
2828 562 3008 616 τοίνυν
3061 563 3262 616 αὐτίκα
3299 568 3568 635 σχεδιάσας
3617 590 3750 628 σταυ-

2233 650 2326 721 ριν
2366 649 2490 719 ((⁸5),
2521 650 2662 701 κατὰ
2685 650 2776 704 τὸν
2807 652 3045 719 φανέντα
3079 652 3251 706 τύπον
3279 656 3446 726 αὐτῷ,
3483 663 3570 712 καὶ
3593 663 3755 716 τοῦτον

2230 741 2496 804 κελεύσας
2548 742 2650 810 τῆς
2715 745 2976 812 στρατιᾶς
3028 743 3194 797 αὑτιῦ
3239 749 3647 820 προπορεύεσθαι
3668 758 3759 817 τοῖς

2228 835 2322 889 τοῦ
2357 835 2659 900 Μαξεντίου
2713 839 3088 908 συρρήγνυται
3108 841 3202 892 καὶ
3230 840 3531 913 ὑπερτερεί,
3561 845 3625 908 ὠς
3653 851 3758 910 τοὺς

2231 927 2519 990 πλείστους
2571 927 2682 980 τῶν
2734 928 2829 980 ὑπ’
2857 929 3070 982 ἐκείνου
3102 934 3541 1002 στρατευομένων
3569 938 3760 1008 ἀναιρε-

2231 1017 2412 1090 θῆναι,
2437 1020 2563 1082 τοὺς
2591 1019 2649 1072 δὲ
2681 1020 2903 1084 λοιποὺς
2953 1022 3034 1084 είς
3057 1024 3236 1092 φυγὴν
3286 1025 3512 1080 ἀπιδεῖν.
3561 1025 3643 1091 Οἷς
3685 1043 3763 1093 καὶ

2231 1112 2392 1177 αὐτὸς
2437 1114 2465 1166 ὁ
2519 1113 2824 1179 Μαξέντιος
2883 1114 3434 1184 συναποδιδρᾶσκων,
3492 1119 3580 1172 καὶ
3620 1124 3669 1173 ἐν
3710 1126 3763 1193 τῇ

2231 1201 2450 1273 γεφύρᾳ
2505 1205 2804 1274 γενόμενος
2860 1205 2959 1259 τοῦ
3049 1206 3331 1278 Τιϐερίδος
3371 1213 3435 1279 τῇ
3493 1213 3763 1283 καλουμένῃ

2230 1296 2436 1368 Μιλόίᾳ
2458 1295 2557 1371 (4),
2583 1299 2680 1351 σὺν
2731 1296 2810 1368 τῷ
2841 1298 2992 1370 ἵππῳ
3024 1302 3166 1354 κατὰ
3207 1300 3301 1353 τοῦ
3333 1303 3569 1371 ποταμοῦ
3611 1305 3765 1368 ἐξωλί-

2235 1388 2401 1458 σθησε
2442 1391 2533 1442 καὶ
2559 1389 2831 1447 ἀπώλετο.
2867 1392 2977 1444 Καὶ
3009 1393 3037 1444 ὁ
3057 1393 3156 1462 μὲν
3178 1393 3323 1446 οὕτω
3341 1394 3635 1463 διέφθαρτο.
3654 1398 3766 1451 Οἱδέ

2234 1496 2296 1550 γε
2317 1480 2576 1550 Ῥωμαῖοι
2599 1481 2698 1552 τῆς
2715 1483 2924 1536 ἐκείνου
2941 1484 3254 1553 τυραννίδος
3274 1485 3764 1553 ἁπαλλαγέντις,τὰς

2236 1571 2413 1636 πύλας
2440 1571 2538 1641 τῆς
2593 1572 2812 1644 Ῥώμης
2867 1577 3307 1641 ἀναπετάσαντες
3358 1579 3671 1642 εἰσεδέξαντο
3697 1583 3770 1634 τὸν

2235 1664 2642 1718 Κωνσταντῖνον
2659 1666 2930 1737 λαμπρῶς
2953 1669 3046 1720 καὶ
3059 1668 3131 1730 ὡς
3151 1669 3515 1741 ἐλευθερωτὴν
3532 1673 3674 1726 αὐτὸν
3687 1675 3768 1742 τῆς

2236 1756 2446 1822 πόλεως
2509 1759 2792 1830 εὐφήμουν
2850 1761 2942 1814 καὶ
2998 1763 3378 1833 ἁπεσέμνυνον
3413 1803 3429 1829 ,
3461 1768 3550 1819 καὶ
3601 1768 3771 1838 στήλην

2238 1851 2391 1922 αὐτῷ
2443 1855 2501 1906 ἐν
2557 1857 2627 1926 τῇ
2675 1855 2776 1923 τῆς
2833 1853 3053 1926 Ῥώμης
3115 1859 3292 1929 ἀγορᾷ
3350 1846 3568 1928 στῆσαί
3610 1862 3770 1924 κοινῶς

2241 1943 2604 2015 ἐψηφίσαντο.
2646 1948 2705 2000 '0
2739 1948 2819 2011 δὲ,
2853 1949 2914 2002 τὸ
2940 1951 3035 2004 τοῦ
3073 1953 3310 2023 σταυροῦ
3379 1957 3593 2024 σημεῖον
3643 1957 3773 2023 ἐγκε-

2237 2037 2596 2110 χειρισμένην
2683 2040 2781 2110 τὴν
2865 2042 3071 2114 στήλην
3150 2045 3319 2099 αὑτοῦ
3403 2047 3770 2117 πλασθήσεσναι

2238 2126 2552 2192 διετάξατο·
2609 2131 2706 2183 καὶ
2766 2131 2942 2201 δόγμα
2990 2135 3047 2188 δὲ
3099 2135 3176 2206 μὴ
3233 2137 3561 2202 κολάζεσθαι
3589 2139 3666 2192 διὰ
3692 2141 3769 2208 τὴν

2241 2215 2535 2288 θρησκείαν
2581 2222 2706 2283 τοὺς
2750 2223 2844 2275 τὸν
2890 2224 3124 2292 Χριστὸν
3189 2229 3512 2297 σεϐομένευς
3567 2232 3633 2294 ὡς
3667 2231 3774 2284 θεὸν

2240 2309 2656 2380 ἐκπεφώνηκεν.
2726 2311 2884 2367 Οὕτω
2919 2314 2977 2367 δὲ
3017 2319 3114 2370 καὶ
3162 2319 3259 2387 τῆς
3325 2321 3546 2382 Ἰταλίας
3577 2327 3661 2375 καὶ
3694 2323 3773 2391 τῆς

2252 2399 2474 2472 Ῥώμης
2537 2401 2710 2472 αὐτῆς
2762 2405 3158 2478 προστεθείσης
3221 2413 3288 2481 τῇ
3324 2410 3569 2482 βασιλείᾳ
3618 2414 3771 2480 αὐτοῦ,

2247 2493 2412 2557 αὑτός
2437 2511 2498 2546 τε
2529 2494 2624 2547 καὶ
2645 2497 2889 2560 Λικίνιος
2920 2500 2948 2552 ὁ
2984 2500 3073 2553 ἐπ’
3096 2501 3305 2572 ἀδελφῇ
3350 2505 3590 2574 γαμϐρῖς
3639 2505 3776 2558 αὐτοῖο

2248 2587 2688 2660 κατελείφθησαν
2714 2589 2980 2660 βασιλεῖς.
3015 2595 3074 2647 '0
3106 2597 3214 2664 γὰρ
3240 2598 3486 2662 Λικίνιος
3509 2601 3593 2652 τόν
3628 2617 3678 2652 τε
3701 2601 3776 2652 τοῦ

2241 2677 2552 2750 Μαξιμίνου
2618 2683 2733 2737 υίὸν
2775 2686 2870 2738 καὶ
2912 2687 3014 2755 τὴν
3076 2687 3357 2761 θυγατέρα
3383 2693 3779 2758 ἀπέκτεινε,καὶ

2241 2770 2427 2825 λοιπὸν
2493 2775 2756 2845 ἑκάτερος
2795 2778 3003 2832 τούτων
3052 2780 3143 2833 τὸν
3195 2781 3388 2852 ἕτερον
3439 2785 3776 2838 ὐπεϐλέπετοο

2243 2861 2378 2932 ᾤετο
2408 2863 2516 2937 γὰρ
2577 2865 2832 2934 ἕκαστος,
2870 2869 2964 2922 τοῦ
3021 2871 3138 2934 ἑνὸς
3190 2873 3597 2942 ἐπιλείποντος,
3646 2876 3779 2938 αὑτὴ

2247 2956 2408 3024 μόνος
2475 2957 2695 3010 ἔσεσθαι
2732 2960 3023 3031 μόναρχος,
3058 2961 3134 3032 μὴ
3155 2962 3310 3028 ὄντος
3351 2965 3446 3018 τοῦ
3470 2965 3781 3035 ἀμφισϐητή-

2246 3062 2428 3112 σοντος
2464 3049 2712 3121 περὶτῆς
2745 3054 2944 3123 ἀρχῆς.
2980 3054 3041 3106 Ol
3078 3056 3180 3125 μὲν
3226 3053 3322 3110 οὖν
3367 3059 3510 3112 οὕτω
3550 3060 3634 3113 τὸν
3656 3057 3783 3113 Λικί-

567 3131 726 3202 fugit.
769 3131 908 3184 Tum
949 3146 1110 3185 soror
1153 3129 1582 3185 Constantinum
1632 3140 1787 3200 rogat
1835 3137 1894 3182 ut
1940 3129 2136 3184 marito

2245 3141 2352 3194 νιόν
2385 3159 2550 3211 φασιν
2578 3144 2824 3213 ἐγκρατῆ
2848 3145 3102 3212 γενέσθαι
3124 3149 3221 3217 τῆς
3247 3149 3420 3202 Γαλλε
3432 3150 3545 3220 ρίου
3578 3149 3778 3219 μερίδος,

567 3222 762 3277 reddat
821 3221 1147 3291 imperium;
1205 3236 1315 3290 quo
1371 3237 1480 3274 non
1531 3221 1861 3290 impetrato,
1907 3219 2138 3275 salutem

565 3313 716 3368 illius
738 3328 768 3367 a
797 3312 966 3368 fratre
990 3321 1203 3366 exorat.
1230 3311 1418 3381 Itaque
1442 3310 1689 3366 Licinius
1707 3311 1921 3381 plebeio
1947 3312 2138 3368 habitu

565 3401 954 3474 imperatorem
977 3401 1112 3465 adit,
1147 3417 1211 3456 ac
1231 3399 1633 3457 Thessalonica:
1669 3403 1936 3470 pritatam
1973 3404 2138 3458 vitam

566 3511 728 3568 agere
754 3494 1002 3567 jubetur.
1045 3494 1102 3549 ιιι
1131 3492 1335 3548 factum
1371 3496 1705 3550 accusabant
1735 3495 1958 3562 milites,
1991 3497 2138 3568 quod

565 3585 778 3640 homini
812 3585 1042 3656 perlido,
1071 3586 1163 3658 qui
1189 3586 1396 3642 foedera
1427 3585 1626 3656 saepius
1655 3589 1913 3658 rupisset,
1945 3605 2140 3660 parce-

565 3687 740 3736 retur.
785 3679 969 3746 Quare
1017 3681 1317 3750 imperator
1367 3695 1488 3736 eam
1526 3696 1642 3736 rem
1685 3699 1784 3753 per
1821 3682 2035 3739 litteras
2070 3683 2137 3739 ad

565 3781 791 3826 senatus
818 3771 1090 3842 judicium
1123 3770 1310 3826 refert.
1345 3772 1388 3826 Δ
1422 3787 1532 3842 quo
1561 3773 1653 3828 alii
1683 3789 1809 3828 eum
1845 3775 2134 3841 militibus,

565 3861 813 3932 ipsorum
856 3863 1126 3918 arbitratu
1168 3865 1545 3930 tractandum,
1591 3880 1714 3922 esse
1748 3865 2030 3934 deditum,
2075 3883 2139 3924 ac

566 3955 992 4024 Thessalonicae,
1035 3965 1132 4011 aut
1176 3972 1347 4028 prope
1397 3957 1610 4024 Serras,
1650 3960 1838 4015 nescio
1863 3976 1971 4032 quo
1997 3977 2137 4016 eun-

569 4057 702 4117 tem,
734 4050 1115 4105 interfectum:
1144 4051 1259 4118 alii,
1297 4067 1398 4106 nec
1429 4033 1558 4108 dum
1589 4052 1662 4108 ibi
1693 4053 1953 4123 degeret,
1984 4055 2142 4126 quie-

569 4147 730 4208 visse,
774 4141 870 4197 sed
913 4142 1255 4214 tyrannidem
1298 4144 1586 4199 aﬂectasse
1624 4146 1870 4211 tradunt,
1904 4162 2012 4217 quo
2040 4163 2137 4204 co-

567 4235 720 4306 gnito
762 4235 1062 4305 imperator
1101 4251 1226 4290 eum
1264 4236 1451 4292 occidi
1483 4238 1724 4308 jusserit.
1757 4237 1962 4293 Ferunt
1991 4239 2138 4295 Con-

568 4328 870 4383 stantinum
902 4329 955 4383 in
987 4329 1190 4398 przeliis
1219 4343 1342 4383 cum
1377 4329 1470 4383 illo
1495 4341 1550 4384 et
1577 4329 1848 4385 Maxentio
1875 4334 2140 4388 commis-

568 4423 678 4487 sis,
717 4423 920 4478 vidisse
955 4433 1226 4478 armatum
1257 4426 1534 4494 equitem,
1575 4427 1791 4496 signum
1834 4427 2015 4481 crucis
2043 4443 2140 4493 pro

571 4515 770 4569 vexillo
810 4525 937 4572 ante
974 4519 1149 4572 aciem
1197 4533 1352 4572 suam
1394 4518 1779 4589 praeferentem
1810 4539 1823 4574 :
1857 4536 1920 4575 ac
1951 4535 2143 4575 rursus

570 4607 949 4677 Adrianopoli,
968 4607 1107 4663 duos
1122 4609 1172 4664 ei
1195 4609 1342 4665 visos
1357 4611 1761 4677 adolescentes,
1785 4613 1878 4682 qui
1903 4613 2142 4668 hostium

569 4701 868 4772 phalanges
907 4702 1199 4759 caederent.
1246 4703 1381 4770 Item
1425 4705 1572 4759 circa
1612 4705 1932 4775 Byzantium
1975 4720 2141 4762 noctu

569 4795 828 4852 omnibus
861 4795 1295 4865 dormientibus,
1338 4805 1700 4867 conspectum
1739 4799 1808 4853 ab
1839 4814 1907 4853 eo
1937 4799 2140 4870 ignem,

568 4889 686 4963 qui,
720 4890 951 4963 fulguris
979 4891 1174 4959 instar,
1198 4891 1401 4946 vallum
1432 4892 1710 4948 exercitus
1739 4892 1824 4946 sui
1848 4892 2143 4947 collustra-

2246 3236 2503 3291 κοινωνὸν
2559 3236 2692 3309 παρ’
2719 3239 2928 3292 ἐκείνου
2975 3241 3420 3310 προσληφθέντα,
3448 3243 3523 3306 ώς
3551 3243 3742 3312 εἴρηται
3766 3257 3779 3272 ο

2243 3327 2374 3381 οἱδέ
2408 3329 2506 3398 τῆς
2555 3327 2650 3382 τοῦ
2711 3331 3123 3384 Κωνσταντίνου
3181 3332 3425 3403 ἀδελφῆς
3464 3335 3588 3404 παρ’
3643 3328 3781 3386 αὑτοῦ

2248 3419 2574 3490 συξυγείσης
2635 3420 2804 3491 αὐτῷ,
2877 3422 3094 3491 λέγουσι
3154 3424 3282 3485 τοὺς
3354 3425 3678 3495 στρατιώτας
3721 3421 3782 3489 τῷ

2247 3515 2643 3584 Κωνσταντίνῳ
2714 3516 3131 3588 χαριζομένους,
3191 3517 3454 3588 Καίσαρα
3488 3518 3639 3571 αὐτὸν
3664 3519 3785 3568 ἀνει-

2245 3610 2387 3674 πεῖν,
2421 3609 2513 3662 καὶ
2545 3609 2674 3681 παρ’
2697 3611 2904 3664 ἐκείνου
2947 3610 3204 3681 σταλῆναι
3234 3611 3402 3665 αὐτὸν
3421 3611 3499 3682 τῷ
3529 3609 3784 3678 Μαξιμίνφ

2244 3699 2818 3770 ἀντιπαραταξάμενον
2865 3703 3170 3768 νενικηκότι
3199 3701 3244 3755 δ’
3290 3705 3502 3757 ἐκεῖνον
3534 3705 3623 3756 καὶ
3644 3717 3783 3754 κατα-

2243 3792 2681 3862 τροπωσαμένῳ,
2705 3794 3023 3864 ἐκχωρῆσαι
3051 3799 3150 3864 τῆς
3177 3794 3460 3864 βασιλείας
3490 3795 3702 3856 ἐκείνου,
3723 3789 3786 3861 μὴ

2245 3877 2479 3947 ἐνοχλεῖν
2522 3879 2871 3951 Χριστιανοίς
2935 3882 3342 3951 ἐπισκήψαντα,
3403 3885 3481 3954 μὴ
3511 3885 3681 3952 μέντοι
3705 3883 3786 3940 τὰς

2246 3969 2463 4032 ἐντολὰς
2488 3971 2724 4040 τηρῆσαι
2746 3971 2927 4037 αὐτὸν,
2949 3972 3082 4026 ἀλλὰ
3108 3974 3367 4044 λυττῆσαι
3397 3978 3536 4031 κατὰ
3555 3975 3785 4045 Χριστ;α·

2246 4060 2372 4127 νῶν,
2404 4062 2558 4116 οὐδὲν
2591 4057 2752 4133 ἦττον
2778 4064 2883 4116 τῶν
2920 4065 3024 4135 πρὸ
3053 4065 3237 4129 αὐτοῦ,
3277 4069 3328 4119 εἰ
3363 4069 3440 4137 μὴ
3472 4067 3565 4120 καὶ
3595 4064 3784 4135 μᾶλλον.

2248 4153 2435 4206 Πᾶσαν
2459 4153 2567 4222 γὰρ
2590 4153 2894 4224 ὑπερϐολὴν
2925 4156 3256 4225 ὑπερελάσαι
3317 4158 3618 4228 ὠμότητος·
3675 4154 3784 4225 πρὸς

2249 4248 2435 4311 ἄλλαις
2463 4247 2508 4302 δ’
2559 4249 2759 4314 αίτίαις
2787 4250 2897 4302 τῶν
2925 4251 3059 4321 πρὸς
3095 4251 3360 4322 ἀλλήλους
3395 4251 3681 4320 διαφορῶν,
3709 4248 3787 4299 καὶ

2247 4334 2450 4408 ταύτην
2501 4337 2775 4405 γενέσθαι.
2827 4339 3067 4408 Κινήσας
3107 4339 3198 4393 οὖν
3231 4345 3371 4394 κατὰ
3416 4342 3650 4394 Λικινίου
3705 4341 3786 4402 τὴν

2251 4429 2512 4496 στρατιὰν
2541 4431 2568 4482 ό
2599 4431 3028 4494 Κωνσταντίνος,
3082 4433 3177 4484 καὶ
3209 4433 3474 4496 πολλάκις
3507 4431 3650 4500 αὑτῷ
3676 4447 3788 4495 συλλ-

2157 4495 2220 4550 Ὅ
2250 4519 2452 4588 ϐαλὼν,
2490 4521 2638 4584 τέλος
2708 4516 2857 4592 νικᾷ.
2890 4519 3021 4575 Εἶτα
3069 4524 3358 4578 σπένδεται
3391 4531 3568 4595 τούτῳ
3605 4523 3685 4575 διὰ
3708 4520 3786 4588 τὴν

2244 4612 2502 4684 ἀδελφὴν,
2563 4615 2656 4668 καὶ
2720 4614 2818 4683 τὴν
2859 4615 3032 4685 ἀρχὴν
3077 4617 3368 4676 αὺτὺνοὺκ
3404 4618 3666 4687 ἀφείλετο,
3690 4606 3788 4667 ἀλλ⁹

2242 4707 2335 4758 ἐπὶ
2361 4707 2656 4776 συνθήκαις
2715 4704 2873 4769 αὖθις
2911 4707 3114 4777 ταύτης
3140 4707 3289 4778 αὑτῷ
3321 4703 3786 4781 παρεχώρησενθό

2241 4798 2296 4850 δὲ
2354 4797 2581 4860 ἄπιστος
2601 4795 2698 4860 ὢν,
2729 4799 2828 4850 οὐκ
2868 4798 3104 4866 ἐτήρησε
3135 4801 3229 4862 τὰς
3267 4802 3592 4869 συμϐάσειέ.
3648 4797 3786 4851 Ὅθεν

2243 4895 2336 4946 καὶ
2400 4895 2610 4950 πάλαινὸ
2640 4896 3044 4961 Κωνσταντῐνος
3102 4897 3250 4968 αὐτῷ
3309 4899 3620 4967 ἐπολέμησε
3647 4911 3660 4924 °
3707 4888 3784 4945 καὶ

1779 5049 1977 5110 Varia:
2009 5049 2319 5111 lectiones
2345 5057 2404 5110 et
2437 5054 2622 5108 nota).

567 5226 621 5278 in
644 5219 801 5273 scutis
829 5229 1060 5273 notasse.
1088 5218 1177 5273 Sic
1200 5217 1347 5271 enim
1390 5217 1656 5288 legendus
1717 5219 1806 5275 hic
1829 5221 2002 5288 locus,
2037 5217 2130 5274 ubi

571 5305 857 5365 perperam
891 5290 1098 5365 Christo
1124 5288 1304 5365 editio
1335 5291 1576 5365 praetert.
1599 5289 1778 5359 Atque
1832 5293 2032 5365 csinde
2081 5292 2128 5343 is

2243 5218 2532 5294 Wolﬁani;
2563 5218 2797 5294 Hileiam
2831 5221 3130 5294 scriptores
3185 5239 3346 5294 vulgo
3400 5233 3632 5286 vocant;
3658 5219 3783 5294 Ποί-

2247 5291 2406 5358 pium,
2433 5290 2752 5344 Laelanlius
2779 5291 2831 5343 in
2867 5288 3006 5345 libro
3027 5292 3101 5346 De
3122 5288 3328 5346 monili.
3353 5304 3607 5358 persecat.
3632 5308 3681 5343 η.
3703 5288 3778 5341 45.

572 5357 690 5417 inos
715 5359 978 5424 obtinuit,
1022 5370 1081 5414 ut
1124 5359 1178 5412 in
1207 5357 1378 5414 scutis
1396 5359 1636 5431 militum
1674 5357 2141 5431 praetorianarum
2231 5357 2543 5431 Chrimicon
2599 5360 3028 5414 Alexandrinum
3085 5364 3388 5415 Μουλυὸίου
3433 5367 3673 5431 γέφυραν
3703 5359 3784 5431 ha-

567 5431 768 5487 Cltristi
808 5444 1240 5504 monogramma,
1272 5431 1362 5504 _uti
1393 5429 1484 5504 hic
1504 5430 1861 5504 describitur,
1907 5432 2132 5504 eﬂinge-

571 5512 720 5571 retur
743 5514 756 5550 :
777 5501 920 5571 quod
945 5499 1010 5571 ei:
1031 5501 1244 5554 musivo
1265 5499 1558 5554 Justiniani
1593 5499 1958 5571 llavennensi.
1987 5499 2133 5571 quiod

569 5573 623 5652 in
658 5567 900 5625 Familiis
937 5570 1242 5641 Byzantini:
1273 5571 1488 5635 damus,
1534 5569 1790 5640 colligere
1823 5580 1908 5626 cst
1963 5567 2137 5642 potis-

566 5657 1078 5781 ³⁵ι,ὃςηὲλιςεειθῖιὰσας
1129 5713 1420 5782 σταυρόν.
1455 5711 1821 5780 Theophanes
1848 5729 1903 5782 ι).
1937 5715 2023 5769 il.

639 5782 713 5848 (4)
747 5781 985 5834 Mawia.
1017 5781 1274 5847 Bou)6ta,
1305 5784 1379 5836 ita
1410 5790 1650 5852 quatuor
1683 5797 1823 5841 mss.
1851 5781 2046 5856 Regii,
2081 5794 2137 5841 et

2238 5429 2350 5484 bet.
2371 5429 2742 5485 Damascenus
2764 5431 3001 5494 Studita,
3031 5434 3219 5487 homil.
3247 5435 3339 5486 ὅδε
3365 5429 3598 5500 πλησίον
3617 5433 3688 5489 εἰς
3708 5429 3783 5500 ᾇλο

2238 5501 2327 5570 λον
2362 5502 2594 5569 γεφύριν
2622 5502 2754 5554 ὃπου
2782 5501 2842 5554 τὸ
2872 5501 3163 5570 ώνόμαζαν
3205 5497 3490 5567 Φουλϐίαν.
3545 5497 3784 5570 Georgills

2238 5567 2583 5625 l‘lalnartul’us
2613 5573 2664 5625 in
2699 5570 2903 5626 Chron.
2938 5567 3039 5626 nis.
3077 5574 3129 5626 in
3163 5573 3526 5627 Constantino
3569 5570 3634 5622 Μ.
3665 5567 3716 5619 ’0
3736 5568 3782 5618 δὲ

2237 5641 2503 5711 δυσσεϐὴς
2537 5642 2800 5710 τύραννος
2827 5644 3104 5710 θαρσήσας
3126 5645 3234 5704 τοῖς
3267 5659 3358 5694 σου
3411 5643 3648 5708 δαίμοσι,
3699 5637 3780 5711 καὶ

2239 5725 2379 5778 γεφυ
2399 5706 2566 5772 »ὦσας
2586 5706 2677 5764 τὸν
2708 5706 3086 5782 παραρρέοντα
3120 5715 3360 5782 ποταμὸν
3388 5728 3458 5765 πο
3481 5706 3604 5773 .λαί,
3623 5706 3779 5770 ναυσὶ,

2240 5729 2465 5833 ἐξῆλθεν
2493 5784 2570 5833 είς
2604 5781 2907 5833 παράταξιν
2933 5780 3025 5833 τοῦ
3050 5783 3308 5833 πολέμου-

2240 5779 2465 5848 ἐξῆλθεν
2493 5784 2570 5844 είς
2604 5779 2908 5854 παράταξιν
2933 5780 3025 5836 τοῦ
3050 5779 3308 5850 πολέμου.
