4034 6244
482 239 486 244 ’
547 263 686 329 1115

1805 260 2132 322 JOANNIS
2171 236 2494 321 zouame'

3618 260 3736 338 illi}

543 380 815 449 sapientia:
850 376 943 431 Dei
971 377 1045 430 ait
1077 391 1097 430 :
1130 373 1384 430 Dominus
1425 375 1658 430 condidit
1689 393 1770 431 me
1798 378 2112 448 principium

2227 377 2428 429 τούτου
2455 374 2878 444 δευτερεύοντα
2904 372 3066 429 θεῖον
3089 373 3299 443 Λόγον,
3323 373 3450 442 ταῖς
3475 381 3747 448 πατρικαῖς

545 476 755 526 viarum
785 487 1026 529 suarum,
1056 479 1162 523 etc.
1200 467 1406 522 Deinde
1438 477 1560 536 post
1589 468 1692 522 alia
1726 470 1880 538 plura
1910 470 2112 525 infert:

547 563 617 616 Et
651 578 808 629 super
836 564 942 614 haec
999 561 1196 622 omnia,
1234 563 1368 614 sicut
1404 560 1502 613 Dei
1547 559 1792 624 Verbum,
1825 565 1964 628 quod
1994 571 2117 616 ante

548 655 667 723 fuit,
693 662 740 705 et
769 662 892 706 ante
923 651 1117 704 saecula
1167 653 1345 706 omnia
1381 653 1581 722 factum
1628 663 1726 718 est,
1766 653 2116 707 venerabilem

545 749 795 798 honorem
830 763 860 796 a
908 744 1014 796 Deo
1051 744 1212 798 Patre
1269 745 1540 814 adeptum,
1598 744 1816 798 adorari
1861 754 2115 814 tanquam

552 840 735 888 Deum.
768 834 892 889 llaec
923 845 979 888 et
1002 837 1106 888 alia
1138 835 1548 899 demonstrant,
1579 835 1880 890 Eusebium
1914 836 2115 891 Ariana

545 925 795 992 dogmata
847 924 1128 992 probasse.
1166 923 1281 978 Nisi
1328 924 1453 993 quis
1495 924 1661 988 dicat,
1711 923 1762 976 id
1818 938 1957 990 Opus
1991 933 2117 978 ante

545 1014 964 1068 conversionem
988 1015 1055 1068 ab
1081 1030 1148 1068 eo
1177 1015 1347 1069 fuisse
1367 1015 1762 1083 conscriptum.
1789 1013 1928 1068 Illud
1951 1013 2117 1083 igitur

547 1115 800 1157 sanctum
855 1107 1150 1160 concilium
1210 1105 1406 1177 dogma
1465 1106 1534 1160 de
1587 1106 1777 1161 eadem
1820 1116 2015 1162 natura
2060 1115 2118 1162 et

546 1198 854 1252 mternitate
890 1197 1011 1252 Filii
1037 1197 1251 1260 statuit.
1284 1206 1340 1252 et
1365 1198 1612 1252 divinum
1645 1199 1770 1253 ﬁdei
1796 1197 2114 1270 Symbolum

547 1289 733 1342 statim
758 1289 950 1353 edidit,
992 1289 1060 1344 de
1091 1290 1270 1345 Patris
1297 1298 1353 1344 et
1406 1289 1528 1344 Filii
1590 1289 1880 1345 divinitate
1937 1289 2116 1345 disse-

550 1379 745 1441 rendo,
789 1395 898 1432 non
958 1381 1102 1434 ultra
1144 1381 1281 1435 illud
1332 1396 1682 1450 progressum
1717 1382 1926 1451 :Cttjus
1971 1384 2119 1453 regni

552 1487 659 1524 non
687 1473 783 1525 erit
801 1471 945 1539 ﬁnis.
987 1473 1168 1540 Atque
1216 1473 1272 1527 in
1305 1473 1397 1527 illo
1432 1473 1598 1529 desiit
1629 1491 1642 1528 :
1675 1473 1744 1528 Et
1770 1475 1824 1528 in
1857 1473 2118 1545 Spiritum

550 1574 813 1618 sanctum.
842 1563 976 1617 Nam
1011 1563 1285 1634 theologia
1318 1563 1388 1619 de
1426 1564 1636 1635 Spiritu
1669 1573 1884 1631 saneto,
1915 1575 2039 1636 post
2061 1566 2118 1620 in

549 1654 793 1708 secundo
830 1655 1069 1710 concilio
1109 1663 1300 1710 contra
1335 1655 1710 1711 Macedoniam
1763 1664 2116 1728 congregato,

2222 465 2641 536 ὑπουργοῦντα
2687 467 3015 536 ἐπιταγαῖς.
3071 466 3179 518 Καὶ
3235 467 3372 534 μετά
3420 487 3534 522 τινα
3577 470 3744 538 λέγει·

2228 561 2444 616 Τοῦτον
2481 561 2703 615 ὡσανεί
2740 560 2844 615 τοῦ
2883 559 3113 626 Πατρός
3151 559 3490 629 ὑπάρχοντα
3529 562 3750 632 δύναμιν

2223 654 2316 705 καί
2359 653 2607 718 σοφίαν,
2643 653 2740 706 καὶ
2776 651 2847 706 τὰ
2884 651 3186 720 δευτερεῖα
3216 650 3324 720 τῆς
3363 653 3506 705 κατὰ
3543 655 3751 711 πάντων

2217 745 2538 809 βασιλείας
2563 744 2660 798 καί
2687 742 2878 812 ἀρχῆς
2902 744 3472 814 ἐμπεπιστευμένον.
3501 745 3599 798 Καὶ
3623 743 3750 812 αὖθις

2225 837 2342 904 μετ’
2369 836 2558 905 ὀλίγα·
2598 837 2705 891 Καί
2745 836 2833 890 ὅτι
2870 836 3043 890 ἐστίν
3077 837 3258 891 οὐσία
3294 852 3384 901 τις
3424 839 3750 907 προκόσμιος

2222 928 2377 990 ζῶσα
2418 929 2516 983 καί
2554 927 2909 998 ὑφεστῶσα,
2958 926 2994 995 ἣ
3036 927 3115 992 τῷ
3157 925 3278 992 Θεῷ
3316 929 3413 980 καὶ
3457 930 3619 996 Πατρί
3657 929 3751 982 τῶν

2223 1018 2382 1074 ὅλων
2402 1024 2490 1086 είς
2514 1020 2629 1086 τὴν
2650 1019 2768 1072 τῶν
2791 1017 3058 1088 γενητῶν
3080 1019 3466 1088 δημιουργίαν
3487 1022 3745 1088 ὑπηρετη-

2221 1113 2475 1182 σαμένη,
2505 1113 2602 1164 καί
2633 1113 2664 1164 ό
2692 1108 2976 1179 Σολομῶν
2998 1110 3161 1178 ,λέγει
3187 1109 3479 1178 προσώπῳ
3500 1128 3513 1142 ·
3544 1109 3641 1178 τῆς
3660 1112 3746 1164 τοῦ

2225 1203 2374 1258 Θεοῦ
2406 1203 2660 1271 σοφίαςη
2695 1202 2907 1269 Κύριος
2939 1200 3141 1254 sume
3169 1217 3244 1269 με
3277 1200 3472 1269 ἀρχὴν
3500 1199 3641 1254 ὁδῶν
3665 1206 3746 1254 at»

2223 1294 2348 1357 τοῦ,
2382 1294 2478 1348 καὶ
2526 1293 2812 1370 ὲξῆςηΚαὶ
2843 1291 2960 1361 μεθ’
2985 1292 3144 1360 ἕτερα
3173 1292 3398 1344 πλείονα
3422 1292 3637 1361 φάσκει·
3664 1290 3754 1346 Καί

2223 1385 2325 1440 ἐπί
2349 1385 2500 1442 πᾶσι
2538 1385 2805 1449 τούτοις,
2840 1377 2936 1437 οἵα
2978 1383 3124 1436 Θεοῦ
3166 1383 3361 1450 Λόγον
3394 1383 3640 1450 προόντα
3672 1385 3749 1435 καί

2221 1479 2338 1548 πρὸ
2361 1477 2589 1532 αιὼνων
2612 1474 2890 1532 ἁπάντων
2913 1474 3302 1542 οὐσιωμένον,
3330 1473 3443 1540 τὴν
3465 1473 3751 1541 σεϐάσμιον

2223 1567 2404 1637 τιμὴν
2425 1565 2584 1634 παρὰ
2607 1565 2712 1618 τοῦ
2745 1564 2972 1631 Πατρός
2994 1565 3299 1631 εἰληφότα,
3327 1564 3752 1631 προσκυνεῖσθαι

2223 1659 2304 1726 ὡς
2337 1657 2415 1714 ἂν
2447 1657 2616 1712 Θεόν.
2651 1655 2837 1710 Ταῦτα
2870 1656 2966 1706 καὶ
2997 1653 3160 1725 ἕτερα
3191 1653 3249 1706 δὲ
3281 1656 3394 1716 τοῖς
3427 1653 3751 1723 ἀρειανίζουσι

549 1760 612 1798 ea
646 1745 949 1812 quaestione
996 1745 1217 1816 agitata,
1263 1746 1475 1818 adjecta
1531 1757 1636 1802 est.
1697 1747 1768 1802 At
1817 1724 2116 1817 imperator

2227 1724 2452 1821 δόγμασι
2490 1747 2826 1802 δεικνύουσιν
2860 1724 3142 1814 ὁμόφρονα
3171 1744 3262 1796 τὸν
3297 1745 3581 1808 Εὐσέϐιον,
3614 1747 3656 1797 εί
3691 1746 3748 1813 μή

553 1837 658 1905 10
690 1851 788 1905 par
834 1837 1118 1905 apostolis,
1179 1837 1400 1892 Patrum
1446 1838 1740 1892 concordia
1788 1837 2113 1900 delectatus.

551 1928 798 1981 dextram
835 1928 917 1981 eis
945 1929 1208 1996 porrexit,
1244 1939 1301 1984 et
1333 1929 1696 1998 quorumdam
1723 1929 1816 1999 qui
1858 1928 1927 1984 ob
1957 1928 2118 1984 Chri-

551 2019 620 2073 sti
652 2020 1052 2074 confessionem
1083 2020 1312 2075 notasin
1338 2021 1662 2090 corpOribus
1692 2025 1806 2076 suis
1833 2021 2116 2091 gerebant,

552 2109 806 2163 mutilata
852 2110 942 2164 ilia
994 2111 1242 2164 membra
1273 2125 1328 2166 et
1382 2122 1565 2180 partes
1614 2112 1964 2167 deosculatus
2013 2122 2116 2176 est,

551 2214 760 2268 eosque
793 2200 864 2254 ob
907 2201 1282 2255 mutilationes
1320 2203 1442 2256 illas
1477 2204 1664 2256 beatos
1718 2204 2116 2272 pronuntiavit.

556 2292 794 2347 Libellos
825 2302 1017 2348 contra
1062 2293 1331 2364 quosdam
1361 2295 1649 2365 episcopos
1682 2296 1916 2361 oblatos,
1941 2310 2120 2365 neque

553 2383 703 2452 legit,
738 2399 916 2454 neque
950 2384 1249 2438 examinari
1273 2400 1465 2453 passus
1491 2395 1594 2447 est,
1628 2387 1723 2441 sed
1747 2388 1798 2440 in
1824 2397 2119 2456 conspectu

554 2475 801 2529 omnium
832 2475 942 2546 igni
975 2475 1302 2544 absumpsit,
1337 2491 1459 2530 cum
1496 2477 1580 2532 his
1629 2479 1813 2533 verbis
1842 2498 1855 2532 :
1892 2476 2122 2532 Etiamsi

553 2565 665 2627 ipse
691 2568 990 2638 episcopum
1019 2567 1252 2638 aliquem
1286 2566 1669 2638 deliuquentem
1703 2562 1952 2634 viderem,
1999 2587 2124 2640 pur-

555 2674 693 2725 pura
721 2676 837 2713 mea
863 2678 980 2714 eum
1017 2670 1262 2733 tegerem.
1288 2664 1419 2720 inde
1455 2672 1675 2718 sanctos
1705 2662 1896 2716 Patres
1925 2662 1979 2716 in
2031 2678 2123 2716 ur-

555 2747 680 2804 bem
716 2752 919 2820 regiam
953 2769 982 2806 a
1007 2768 1066 2807 se
1096 2755 1373 2810 conditam
1405 2755 1662 2816 traduxit,
1698 2763 1751 2808 ut
1785 2771 1904 2809 eam
1932 2755 2124 2810 faustis

557 2845 1103 2911 comprecationibus
1163 2857 1654 2918 prosequerentur,
1715 2857 1771 2902 et
1817 2847 2120 2902 secundum

556 2935 928 3003 patriarebam
997 2939 1339 3010 deligerent,
1399 2951 1649 2997 sanctum
1727 2939 2119 2996 Alexandrum.

2216 1863 2303 1910 τις
2334 1843 2469 1912 φαίη
2490 1880 2505 1904 ,
2537 1839 2646 1910 πρδ
2673 1838 2768 1908 τῆς
2799 1835 3136 1906 ἐπιστροφῆς
3169 1835 3317 1904 αὐτῷ
3348 1835 3630 1907 πονηθῆναι
3653 1836 3754 1889 τού-

2216 1954 2325 1992 των
2366 1935 2465 2006 τὴν
2512 1932 2856 2002 συγγραφήν.
2896 1929 2959 1982 Ἢ
3011 1932 3108 2000 μὲν
3149 1925 3245 1983 οὖν
3293 1928 3427 1996 ἁγία
3477 1928 3670 1990 σύνοδος
3703 1928 3751 1981 τὸ

2219 2027 2505 2100 ὁμοούσιον
2537 2023 2631 2078 καὶ
2667 2022 2937 2076 συναῖδιον
2968 2022 3060 2076 ἐπὶ
3089 2019 3182 2075 τοῦ
3217 2020 3352 2074 Υἱοῦ
3385 2021 3747 2089 δογματίσασα,

2218 2121 2314 2176 καὶ
2347 2119 2409 2172 τὺ
2447 2117 2588 2170 θεῖον
2623 2114 2820 2168 αὐτίκα
2855 2115 2951 2182 τῆς
2995 2111 3232 2174 πίστεως
3273 2109 3488 2176 ἐξέθετο
3524 2108 3752 2177 σύμϐολον

2220 2211 2351 2282 περὶ
2375 2211 2467 2262 τοῦ
2499 2207 2706 2278 Πατρὸς
2735 2207 2827 2259 καὶ
2853 2205 2945 2257 τοῦ
2977 2204 3107 2258 Υἱού
3140 2203 3510 2272 θεολογήσασα
3535 2203 3590 2255 ὲν
3609 2199 3748 2270 αὐτῷ.

2220 2301 2330 2356 Kal.
2357 2300 2516 2370 μέχρι
2539 2298 2632 2351 τοῦ
2655 2315 2668 2328 ο
2691 2293 2772 2353 Οὗ
2798 2294 2908 2363 τῆς
2927 2294 3248 2358 βασιλείας
3269 2295 3382 2348 οὐκ
3403 2293 3568 2348 ἔσται
3589 2291 3749 2356 τέλος,

2220 2392 2321 2447 καὶ
2347 2392 2435 2457 είς
2464 2389 2530 2444 τὸ
2560 2388 2800 2457 Πνεῦμα
2831 2385 2891 2439 τὸ
2927 2384 3120 2454 ἅγιον,
3149 2386 3209 2436 τὸ
3233 2384 3428 2438 τούτου
3456 2382 3597 2444 τέλος
3624 2397 3751 2450 ποιη-

2223 2483 2458 2552 σαμένη.
2493 2481 2558 2535 Ἢ
2590 2479 2699 2550 γὰρ
2731 2482 2857 2547 περὶ
2886 2477 2980 2530 τοῦ
3013 2475 3166 2543 ἁγίου
3200 2474 3515 2544 Πνεύματος
3545 2470 3752 2540 θεολσγία

2225 2575 2521 2646 μετέπειτα
2548 2571 2848 2642 προσετέθη
2875 2572 2937 2622 ὲν
2959 2572 3024 2640 τῇ
3052 2568 3295 2638 δευτέρᾳ,
3313 2565 3513 2635 συνόδῳ
3535 2565 3621 2634 τῆς
3650 2563 3752 2632 περὶ

2223 2664 2412 2718 τούτου
2438 2664 2730 2734 γενομένης
2756 2661 3055 2733 ζητήσεως,
3085 2662 3118 2730 ἢ
3144 2660 3286 2713 κατά
3314 2657 3630 2712 Μακεδονίου
3656 2672 3754 2707 συν-

2222 2755 2378 2827 ῆκτο.
2426 2754 2485 2808 '0
2538 2755 2582 2807 δ’
2622 2753 2971 2814 ἰσαπόστολος
3023 2751 3382 2821 αὐτοκράτωρ
3433 2745 3523 2800 ἐπὶ
3566 2747 3625 2815 τῇ
3668 2744 3753 2795 τῶν

2224 2847 2483 2917 Πατὲρων
2505 2845 2725 2914 ὁμονοίᾳ
2752 2843 2940 2912 ἡσθεὶς
2971 2840 3238 2907 ἐδεξιοῦτο
3261 2839 3482 2902 αὐτούς.
3507 2835 3606 2890 Καί
3625 2850 3754 2887 τινων

2223 2937 2332 2991 τῶν
2366 2937 2506 3006 ὑπὲρ
2538 2936 2634 3006 τῆς
2667 2935 2760 2988 τοῦ
2803 2935 3050 3004 Σωτῆρος
3089 2930 3386 3000 ὁμολογίας
3424 2931 3675 2996 φερόντων
3701 2922 3754 2976 τὰ

552 3027 690 3080 Nam
724 3029 959 3088 inelvtus
988 3031 1371 3102 Metrophanes
1397 3033 1628 3088 obierat.
1664 3032 1735 3087 Iis
1759 3033 2017 3101 peractis,
2053 3029 2121 3085 ad

2227 3028 2503 3098 στίγματα
2537 3029 2594 3080 ἐν
2626 3029 2738 3089 τοῖς
2780 3025 3024 3094 σώμασιν
3045 3064 3059 3088 ,
3097 3022 3482 3092 κατησπάζετο
3513 3018 3577 3072 τὰ
3606 3032 3755 3084 πεπη-

554 3134 713 3173 suam
763 3137 1037 3192 quemque
1099 3126 1394 3192 parteciam
1443 3125 1673 3188 dimisit,
1713 3123 2024 3178 honoribus
2067 3130 2126 3176 et

556 3209 718 3264 donis
750 3212 1054 3280 magniﬁcis
1077 3214 1321 3269 allectos.
1355 3215 1708 3284 Imperatoris
1735 3224 1908 3269 mater
1939 3223 2125 3269 sancta

557 3297 763 3354 Helena
795 3303 1018 3370 grandis
1042 3313 1172 3359 natu
1197 3306 1346 3375 (nam
1372 3307 1770 3376 octogesimum
1817 3305 1995 3360 aetatis
2030 3320 2127 3360 an-

555 3406 690 3444 num
718 3393 964 3463 attigisse
994 3394 1335 3467 perhibetur)
1393 3397 1447 3450 in
1503 3397 1755 3452 cmlestes
1811 3398 2128 3453 mansiones

556 3482 811 3538 discessit
850 3503 862 3537 :
890 3501 1055 3556 quam
1081 3486 1224 3542 ﬁlius
1255 3487 1311 3542 in
1338 3491 1452 3544 aede
1491 3479 1808 3545 sanctorum
1837 3490 2128 3562 Apostolo-

557 3590 679 3627 rum
740 3577 998 3646 regaliter
1049 3579 1320 3635 condidit.
1381 3579 1646 3651 Suscepta
1704 3594 1895 3639 contra
1930 3583 2127 3638 Persas

556 3667 926 3736 expeditione,
959 3670 1276 3728 triremibus
1302 3675 1668 3745 Soteropolim
1709 3676 1976 3742 defertur,
2005 3691 2126 3746 quae

555 3770 706 3812 nunc
737 3759 928 3829 Pythia
961 3769 1315 3818 vocaturzet
1343 3773 1542 3835 natura
1585 3763 1779 3820 calidis
1823 3764 1971 3819 illius
2019 3761 2124 3819 loci

557 3851 718 3920 aquis
748 3868 903 3915 usus,
947 3853 1039 3908 ubi
1065 3856 1230 3910 etiam
1298 3858 1560 3922 toxicum,
1595 3874 1625 3912 a
1659 3857 1924 3912 fratribus
1971 3867 2127 3928 patre

557 3944 827 4002 duntaxat
852 3947 1048 4002 eodem
1079 3949 1223 4003 natis
1271 3958 1659 4022 temperatum,
1713 3951 1964 4007 hausisse
2017 3953 2126 4006 fer-

560 4045 670 4089 tur.
743 4035 898 4092 Unde
947 4039 1326 4096 Nicomediam
1395 4043 1695 4113 profectus,
1757 4044 2126 4099 diuturnitate

557 4129 736 4182 morbi
796 4130 1104 4187 exstinctus
1172 4143 1278 4200 est,
1337 4150 1510 4188 annos
1555 4136 1799 4206 quinque
1865 4146 1922 4190 et
1965 4151 2127 4192 sexa-

557 4217 705 4286 ginta
736 4232 920 4287 natus,
955 4237 1080 4277 cum
1108 4225 1215 4278 duo
1249 4235 1304 4278 et
1337 4226 1555 4295 triginta
1588 4226 1933 4297 imperasset.
1965 4227 2028 4282 Ei
2062 4228 2126 4282 [l-

557 4307 668 4362 lius
723 4309 1109 4381 Constantius,
1167 4315 1456 4373 Antiochia
1511 4317 1789 4387 profectus
1832 4322 1992 4388 (nam
2047 4321 2123 4375 ibi

2234 3122 2457 3191 ρωμένα
2481 3119 2683 3173 τούτων
2715 3119 2854 3189 μέλη
2899 3117 2993 3170 καὶ
3025 3117 3210 3187 μόρια.
3238 3116 3335 3170 καὶ
3363 3114 3554 3175 αὐτοὺς
3580 3110 3655 3164 διὰ
3679 3107 3755 3167 τὰς

2229 3214 2507 3287 πηρώσεις
2552 3213 2730 3265 αὐτῶν
2770 3209 3093 3282 ἐμακάριζε.
3133 3207 3408 3262 Δοθέντων
3445 3205 3500 3258 δὲ
3539 3201 3756 3256 λιεέλλων

2228 3307 2376 3376 αὐτῴ
2420 3305 2562 3358 κατά
2601 3322 2762 3358 τινων
2802 3299 3268 3366 ὲπισκόπων,οΰτ’
3293 3299 3504 3366 ἀνέγνω
3546 3295 3752 3356 τούτοικ,

2227 3394 2446 3458 οὕτέἱς
2496 3394 2724 3464 ζήτησιν
2774 3393 3037 3460 ἤνεγκεν·
3092 3389 3204 3443 ἀλλ’
3264 3387 3495 3442 ἐνώπιον
3542 3385 3754 3438 ἁπάντων

2229 3490 2364 3562 πυρὶ
2396 3489 2590 3549 αὐτοὺς
2629 3486 3015 3555 ἀπετέφρωσεν
3046 3481 3315 3545 ἐπειπὼν,
3356 3481 3438 3534 ὅτι
3469 3477 3593 3532 Κᾶν
3617 3473 3756 3528 αὑτό-

2228 3600 2381 3650 πτης
2426 3581 2718 3651 ἐγενόμην
2759 3579 3073 3646 ἀρχιερέως
3118 3573 3282 3640 τινὸς
3332 3572 3755 3642 ἁμαρτάνοντος,

2228 3677 2302 3745 τῇ
2334 3672 2657 3744 πορφυρίδι
2686 3688 2803 3741 μου
2838 3667 2915 3723 ἂν
2947 3669 3133 3722 αὑτὸν
3162 3664 3582 3731 συνεκάλυψα.
3616 3658 3758 3711 Ἐκεῖ-

2231 3769 2322 3823 θεν
2359 3771 2436 3832 είς
2471 3766 2532 3820 τὸ
2573 3764 2701 3836 παρ’
2729 3761 2897 3817 αὐτοῦ
2938 3759 3154 3815 κτισθὲν
3194 3757 3465 3829 βασίλειον
3499 3757 3624 3810 ἄστυ
3657 3750 3756 3810 τοὺς

2232 3861 2406 3924 θείους
2437 3858 2674 3918 ἐκείνους
2711 3851 3036 3924 μεταγαγὼν
3065 3851 3337 3920 Πατάροις,
3367 3851 3459 3903 καὶ
3489 3848 3579 3917 τῆς
3605 3843 3655 3907 ἐξ
3679 3841 3756 3892 αὺ-

2228 3952 2336 4006 τῶν
2366 3949 2612 4018 εὐλογίας
2637 3945 2876 4012 ἀξιώσας
2905 3943 3059 4008 αὐτὸ,
3092 3943 3182 3998 καὶ
3213 3939 3646 4012 χειροτονηθῆναι
3671 3949 3755 3986 πα-

2231 4041 2577 4113 ρασκευάσας
2606 4041 2661 4093 ὲν
2683 4036 2832 4109 αὐτῷ
2859 4037 3110 4106 δεύτερον
3139 4033 3514 4104 πατριάρχην,
3538 4031 3620 4084 τὸν
3643 4027 3756 4096 ἱερὸν

2241 4135 2587 4203 Ἀλέξανδρον
2613 4133 2662 4204 (ὁ
2691 4131 2796 4202 γὰρ
2823 4130 3066 4198 ἀοίδιμος
3094 4128 3465 4196 Μητροφάνης
3496 4116 3756 4194 μετήλλαξε

2229 4229 2328 4297 τὴν
2362 4224 2548 4298 ζωὴν),
2581 4223 2794 4294 ἀφῆκεν
2822 4222 3052 4274 ’ἑκαστον
3082 4220 3160 4281 είς
3180 4218 3278 4286 τὴν
3307 4219 3514 4272 οἰκείαν
3543 4212 3758 4268 ἀπελθεῖν

2231 4318 2558 4389 παροικίαν,
2607 4317 2795 4386 τιμαῖς
2839 4314 2899 4366 τι
2949 4311 3045 4365 καὶ
3089 4311 3317 4380 δωρεαῖς
3369 4301 3756 4379 μεγαλοπρεπῶς

558 4400 744 4454 Persis
763 4405 1121 4475 repugnabat)
1145 4423 1270 4461 cum
1290 4407 1471 4463 adhuc
1500 4410 1774 4464 viventem
1801 4410 2123 4478 invenisset,

2231 4413 2430 4474 αὐτοὺς
2456 4405 3005 4479 φιλοςρονησάμενος.
3036 4403 3100 4455 Ἡ
3125 4403 3180 4454 δὲ
3206 4401 3296 4454 τοῦ
3323 4399 3582 4472 βασιλέως
3607 4396 3756 4466 μήτηρ

559 4493 845 4560 magniﬁce
892 4499 1224 4564 parentavit,
1271 4509 1327 4554 et
1363 4499 1418 4554 in
1465 4511 1780 4557 sanctorum
1833 4503 2127 4572 Apostolo-

561 4599 681 4636 rum
717 4589 854 4649 aede,
891 4590 1156 4655 peculiari
1183 4600 1364 4646 tamen
1395 4595 1612 4662 porticu
1637 4594 1704 4648 ad
1747 4595 1798 4649 id
1827 4595 2120 4663 aedificata,

560 4677 799 4744 sepeliit.
835 4677 1169 4735 Memoratur
1200 4691 1384 4738 autem
1414 4685 1652 4757 inclytus
1686 4687 1774 4741 hic
1829 4687 2130 4758 imperator

560 4771 848 4849 pecuniam
878 4781 932 4826 et
973 4773 1111 4827 citra
1162 4773 1435 4830 delectum
1497 4780 1879 4848 insumpsisse,
1925 4790 1980 4834 et
2023 4782 2130 4834 mi-

560 4865 680 4927 nori
719 4880 846 4919 cum
876 4867 1094 4922 delectu
1135 4883 1490 4938 comparasse
1525 4890 1536 4924 :
1588 4871 1660 4925 ita
1697 4881 1754 4926 ut
1777 4874 1897 4943 ejus
1925 4874 1978 4928 in
2020 4876 2132 4930 lar-

559 4957 756 5027 giendo
788 4959 1030 5013 studium
1082 4960 1502 5032 magniﬁcentia:
1546 4979 1653 5016 non
1695 4965 1992 5030 tribuatur,
2034 4965 2129 5020 sed

559 5058 750 5104 contra
787 5070 799 5104 :
832 5068 1020 5106 verum
1050 5053 1464 5122 temperandum
1499 5067 1582 5110 est
1613 5057 1843 5122 calamo,
1878 5073 1946 5112 ne
1969 5074 2130 5127 quam

560 5143 749 5196 divino
777 5145 852 5200 illi
881 5145 1000 5200 viro
1028 5146 1208 5206 labem
1246 5161 1557 5216 aspergam.
1602 5149 1901 5204 Enimvero
1949 5151 2134 5218 profa-

564 5250 669 5291 nus
694 5235 788 5288 ille
818 5235 1094 5298 Julianus,
1124 5237 1180 5290 in
1217 5238 1360 5292 libro
1385 5239 1453 5292 de
1475 5237 1806 5302 Caesaribus,
1841 5239 1998 5308 quasi
2040 5255 2136 5309 per

565 5324 807 5377 derisum
877 5329 1252 5396 impensarum
1308 5329 1658 5400 imperatoris
1719 5329 2134 5400 religiosissimi,

568 5413 724 5480 lingit
753 5416 1081 5475 Mercurium
1123 5437 1249 5476 cum
1287 5437 1355 5476 eo
1389 5422 1820 5490 colloquentem,
1870 5437 2137 5490 quaerere,

568 5518 810 5568 quamam
841 5509 907 5558 sit
951 5511 1072 5562 boni
1105 5513 1240 5582 regis
1267 5515 1440 5567 nota?
1476 5511 1577 5565 Cui
1641 5513 1728 5567 ille
1783 5513 2135 5581 respondeat,

570 5591 890 5658 Imperatori
935 5605 982 5648 et
1033 5599 1273 5654 habenda
1317 5611 1366 5654 et
1423 5603 1737 5655 insumenda
1787 5619 1896 5655 esse
1945 5602 2138 5657 multa.

575 5684 773 5748 Fertur
805 5702 963 5742 neca
997 5691 1196 5746 studiis
1241 5693 1616 5748 doctrinarum
1668 5695 1832 5750 fuisse
1907 5695 2136 5761 alienus,

2232 4505 2266 4576 ἡ
2329 4501 2573 4572 μακαρία
2608 4499 2795 4567 Ἐλένη
2853 4499 2933 4560 εἰς
2986 4496 3160 4566 γῆρας
3216 4492 3353 4563 βαθὺ
3416 4490 3758 4576 καταντήσασα

2231 4575 2590 4667 (ὀγδοήκοντα
2619 4591 2730 4660 γὰρ
2758 4589 2977 4658 λέγεται
3009 4588 3170 4655 ζῆσαι
3203 4583 3507 4654 ἐνιαυτοὺς)
3537 4580 3658 4653 πρὸς
3681 4575 3757 4637 τὰς

2229 4687 2512 4758 οὐρανίους
2546 4685 2726 4754 ἀπῆρε
2764 4681 2950 4752 μονὰς,
2988 4681 3054 4751 ην
3084 4679 3112 4729 ὁ
3145 4679 3259 4740 υἱὸς
3293 4681 3352 4732 ὲν
3383 4676 3459 4746 τῷ
3491 4675 3592 4727 τῶν
3619 4671 3758 4738 ἀγίων

2233 4779 2546 4834 ἀποστόλων
2576 4778 2690 4847 ναῷ
2726 4775 3021 4846 βασιλικῶς
3056 4772 3442 4843 ἐθησαύρισεν.
3473 4769 3689 4828 Ἐκεῖνος
3713 4762 3755 4814 δὲ

2232 4870 2374 4924 κατὰ
2419 4867 2643 4938 Περσῶν
2684 4863 3062 4934 ὲκστρατεύων
3101 4865 3351 4934 τριήρεσι
3397 4861 3660 4931 κομίζεται
3696 4854 3757 4913 εἰς

2231 4960 2330 5029 τὴν
2361 4957 2760 5028 Σωτηρόπολιν,
2792 4959 2824 5027 ἢ
2857 4955 2950 5008 νῦν
2977 4953 3299 5024 ὀνομάζεται
3329 4954 3499 5008 Πύθια
3520 4970 3531 4982 ·
3566 4949 3649 5002 καὶ
3674 4946 3759 5001 τοῖς

2233 5055 2409 5106 ἐκεῖσε
2441 5051 2784 5122 χρησάμενος
2820 5047 3145 5117 αὐτομάτοις
3178 5049 3396 5116 θερμοῖς
3430 5044 3629 5101 ὕδασιν,
3659 5035 3760 5089 ἔνθα

2235 5147 2330 5199 καὶ
2384 5145 2676 5214 φάρμακόν
2721 5159 2776 5194 τι
2830 5143 2973 5194 πιεῖν
3019 5140 3344 5212 δηλητήριον
3389 5139 3596 5204 λέγεται
3643 5127 3761 5198 παρὰ

2233 5243 2343 5292 τῶν
2377 5237 2711 5307 ἑτεροθαλῶν
2743 5235 2892 5302 αὐτῷ
2926 5234 3191 5304 κερασθὲν
3221 5232 3489 5302 ἀδελφῶν.
3524 5231 3596 5286 είς
3627 5225 3760 5278 Nixo-

2242 5333 2467 5401 μήδειαν
2497 5328 2876 5398 παραγίνεται·
2903 5327 3034 5380 ὅπου
3060 5331 3154 5378 καὶ
3177 5323 3542 5391 τετελεύτηκε,
3564 5315 3757 5382 νοσήσας

2239 5423 2322 5491 ἐφ’
2347 5421 2554 5482 ἱκανὸν,
2589 5420 2726 5473 ἐτῶν
2759 5416 2994 5487 γεγονὼς
3028 5417 3188 5470 πέντε
3220 5417 3354 5487 πρὸς
3379 5416 3486 5476 τοῖς
3515 5410 3756 5476 ἐξήκοντα,

2243 5513 2566 5584 βασιλεύσας
2603 5513 2647 5565 δ’
2677 5515 2741 5564 ἐκ
2779 5509 2982 5564 τούτων
3022 5512 3312 5580 τριάκοντα
3350 5506 3480 5576 πρὸς
3514 5497 3758 5562 δυσὶννέν⁸

2240 5588 2469 5656 δεόντων
2497 5602 2592 5655 δύο
2627 5602 2832 5670 μηνῶν.
2858 5602 2954 5652 Ὃν
2981 5601 3008 5652 ὁ
3043 5600 3156 5661 υίθις
3194 5597 3556 5654 Κωνστάντιος
3586 5587 3637 5653 ἐξ
3663 5586 3756 5638 Ἀν-

2243 5698 2479 5765 τιοχειῐας
2523 5694 2958 5766 παραγεκόμενος
3002 5695 3138 5763 (ἐκεῖ
3176 5695 3281 5764 γὰρ
3310 5689 3382 5765 ζῆν
3421 5691 3523 5751 τοῖς
3559 5682 3757 5753 Πέρσαις
