4034 6244
589 345 728 412 1123

1845 333 2172 393 JOANNIS
2211 331 2539 392 ZUNARE

3662 335 3776 403 illi

583 454 770 511 stodes
823 448 1048 507 adhibet
1094 463 1107 501 ε
1160 443 1405 507 mandat,
1482 450 1542 498 ut
1611 439 1824 512 ingredi
1887 441 2162 509 patiantur

2265 440 2406 504 οὖσι,
2430 441 2557 502 τοὺς
2592 437 2692 508 μὲν
2716 437 2902 492 ἔπεισε
2930 437 3221 494 συνθέσθαι
3265 440 3435 511 αὐτῷ,
3463 441 3623 508 ἐνίους
3649 447 3700 500 δέ
3727 466 3780 517 γε

589 561 806 607 numes,
835 543 986 598 exire
1014 539 1315 601 neminem,
1359 550 1429 590 ne
1467 533 1681 588 facinus
1717 547 1879 587 suum
1911 531 2160 602 publice-

588 643 698 691 tnr.
732 633 929 688 Statim
957 628 1124 684 mittit
1150 625 1243 696 qui
1271 624 1626 680 Constantem
1657 623 1870 686 tollant,
1898 622 1974 676 rei
2005 621 2159 692 igna-

589 745 730 786 rum.
775 728 908 784 Erat
961 723 1056 780 ille
1117 719 1411 776 venatione
1469 727 1583 772 tum
1631 725 1952 786 occupatus,
2001 715 2161 785 cujus

587 822 780 874 insano
828 816 1015 872 studio
1069 813 1380 868 tenebatur.
1438 810 1652 879 quue,
1695 824 1818 863 cum
1877 807 2159 862 articulari

586 909 782 964 morbo
840 914 1110 975 perpetuo
1177 911 1494 964 vexaretur,
1559 916 1722 970 quem
1785 899 2162 954 immoderatis

587 1000 690 1055 sibi
711 997 1086 1067 voluptatibus
1105 995 1336 1064 vitaeque
1366 991 1786 1062 intemperantia
1807 991 2158 1046 conciliarat:

585 1089 880 1146 autetiam
927 1103 1026 1156 per
1083 1086 1322 1155 speciem
1375 1084 1686 1138 venationis
1734 1082 1787 1136 in
1823 1083 1990 1137 silvas
2035 1097 2155 1138 sese

587 1179 848 1240 abdebat,
883 1192 1009 1232 cum
1064 1174 1251 1244 pueris
1287 1181 1343 1226 et
1395 1170 1848 1233 adolescentulis,
1899 1183 2043 1240 quos
2092 1171 2162 1223 ob

587 1271 820 1328 formam
849 1267 1198 1338 conquisitos
1241 1267 1296 1318 in
1328 1264 1542 1319 deliciis
1579 1263 1785 1318 habere
1830 1262 2157 1317 dicebatur:

588 1366 680 1433 qui
716 1363 1052 1433 exquisitum
1086 1359 1141 1413 in
1177 1358 1401 1414 modum
1423 1357 1580 1420 culti,
1609 1355 1801 1410 avidos
1823 1355 1945 1425 ejus
1973 1354 2165 1409 oculos

591 1455 736 1523 turpi
773 1452 1026 1507 libididis
1049 1450 1268 1504 flamma
1304 1448 1696 1504 incendebant.
1735 1446 1811 1501 Ea
1845 1459 2068 1515 quoque
2093 1444 2163 1499 de

592 1557 757 1596 causa
793 1541 964 1597 silvas
1008 1539 1179 1609 magis
1225 1535 1634 1607 frequentabat,
1685 1545 1743 1588 ut
1781 1534 2161 1589 modestorum

591 1633 843 1688 virorum
887 1630 1350 1686 consuetudinem
1413 1629 1667 1683 evitat-et.
1728 1627 1928 1683 Milites
1978 1643 2008 1682 a
2051 1627 2164 1681 Ma-

594 1725 818 1795 gnentio
858 1723 1033 1787 missi,
1069 1738 1195 1777 cum
1242 1721 1309 1776 ad
1350 1721 1678 1775 Rhodanum
1711 1719 1939 1775 ﬂuvium
1979 1721 2163 1775 venis-

592 1825 735 1878 sent,
761 1813 1114 1870 Constantem
1148 1829 1180 1868 a
1209 1823 1410 1869 venatu
1460 1812 1834 1868 dormientem
1881 1811 2163 1879 occidunt,
2199 1799 2240 1854 Β

598 1905 908 1961 interfectis
933 1905 1101 1961 etiam
1150 1904 1512 1966 satellitibus,
1551 1919 1691 1973 quos
1723 1919 1928 1973 paucos
1959 1904 2165 1958 circum

596 2015 658 2054 se
690 1999 948 2053 habebat.
1018 1997 1122 2070 14.
1183 1997 1290 2051 Alii
1336 2011 1448 2050 rem
1502 1995 1664 2050 aliter
1708 2005 1934 2050 narrant
1975 2012 1989 2048 :
2039 2011 2168 2050 eum

595 2091 929 2145 seditionem
964 2101 1160 2144 contra
1192 2104 1251 2143 se
1277 2097 1481 2141 motam
1515 2087 1838 2157 cognovisse
1888 2095 1943 2142 et
1978 2104 2006 2139 a
2049 2088 2164 2142 suis

596 2182 951 2244 destitutum,
989 2181 1258 2251 depositis
1298 2181 1513 2250 imperii
1561 2179 1872 2250 insignibus
1902 2183 1956 2234 in
1988 2181 2166 2234 sacci-

605 2274 720 2328 lum
778 2273 1054 2344 quoddam
1085 2273 1415 2342 confugisse,
1463 2282 1519 2327 et
1563 2271 1688 2347 inde
1731 2281 2033 2326 extractum
2077 2287 2172 2326 oc-

597 2365 887 2433 cisumque
925 2379 1047 2419 esse
1079 2365 1232 2434 regni
1263 2379 1408 2418 anno
1451 2362 1665 2417 decimo
1699 2363 1954 2431 septimo,
1994 2362 2169 2418 aetatis

599 2455 880 2512 tricesimo
929 2456 1172 2524 expleto.
1225 2455 1428 2510 Ferunt
1491 2465 1704 2524 patrem
1767 2454 1888 2522 ejus
1937 2455 2169 2524 jussissc

598 2547 932 2615 astrologos,
967 2543 1194 2600 infantis
1245 2560 1438 2601 recens
1482 2546 1615 2600 editi
1650 2545 1831 2600 thema
1861 2547 2169 2600 natalitium

601 2639 968 2704 constituere,
995 2639 1088 2707 qui
1120 2646 1323 2708 praeter
1360 2648 1558 2692 caetera
1590 2637 1668 2692 illi
1709 2637 1996 2707 praedicta,
2033 2638 2168 2694 illud

598 2730 764 2784 etiam
804 2729 1128 2801 adjecerint,
1152 2744 1278 2786 eum
1307 2729 1361 2783 in
1386 2729 1510 2784 sinu
1542 2729 1675 2784 avia:
1703 2728 2054 2784 interfectum
2079 2731 2169 2784 iri.

599 2821 681 2887 ld,
720 2822 809 2876 illa
834 2831 1076 2887 mortua,
1113 2822 1217 2876 etsi
1263 2821 1536 2878 Constans
1585 2821 1770 2885 elusit,
1814 2822 2172 2878 nihilominus

601 2919 689 2966 est
768 2921 970 2966 eventu
1017 2911 1456 2981 comprobatum,
1485 2927 1596 2964 non
1639 2910 1899 2966 frustrata
1936 2913 2171 2966 astrolo-

602 3019 790 3074 gorum
825 3003 1200 3072 prmdictione,
1237 3002 1493 3072 quamvis
1520 3001 1766 3070 obliqua.
1801 3001 1937 3055 Nam
1985 3001 2040 3055 in
2073 3018 2172 3073 op-

599 3093 790 3164 pidulo
838 3093 926 3148 cui
971 3093 1040 3148 de
1090 3093 1458 3163 imperatricis
1516 3094 1739 3148 nomine
1798 3091 2004 3147 factum
2052 3102 2170 3148 erat

601 3202 804 3240 nomen
851 3185 1093 3250 Helenae,
1144 3185 1466 3241 interfectus
1507 3195 1615 3250 est,
1649 3185 1741 3250 qui
1772 3195 1830 3240 ut
1867 3185 2032 3238 vitam
2074 3199 2172 3255 pe-

601 3279 870 3332 tulantem
899 3285 1109 3347 egerat,
1143 3277 1217 3331 ita
1251 3277 1623 3330 miserabilem
1663 3277 1782 3346 ejus
1822 3277 2032 3330 exitum
2085 3284 2172 3330 est

602 3367 856 3422 sortitus.
911 3367 1258 3438 Magnentius
1291 3375 1498 3432 autem,
1539 3381 1662 3420 cum
1696 3376 1960 3436 usurpato
1992 3365 2170 3436 impe-

605 3457 688 3513 rio
711 3457 947 3512 feliciter
996 3458 1374 3520 successisset,
1425 3474 1616 3512 eorum
1677 3460 1770 3528 qui
1824 3459 2171 3528 magistratus

601 3549 868 3620 gerebant
894 3549 1318 3606 celeberrimum
1367 3566 1643 3620 quemque
1686 3567 1716 3605 e
1760 3549 1943 3604 medio
1976 3551 2171 3605 tollere

602 3641 840 3708 studuit,
873 3641 1056 3697 missis
1083 3641 1151 3697 ad
1185 3657 1282 3699 eos
1311 3643 1415 3697 sub
1447 3643 1670 3697 nomine
1712 3642 2031 3697 Constantis
2079 3642 2171 3696 lit-

605 3734 759 3799 teris,
802 3734 1006 3804 quibus
1056 3734 1180 3789 illos
1223 3734 1292 3788 ad
1350 3749 1410 3789 se
1471 3743 1801 3813 accerseret,
1867 3749 2172 3806 eorumque

604 3827 873 3896 plurimos
901 3827 957 3882 in
990 3827 1190 3883 itinere
1215 3841 1313 3898 per
1347 3825 1577 3882 insidias
1608 3826 1900 3893 interfecit,
1933 3841 2003 3881 ne
2040 3841 2175 3882 con-

601 3916 800 3984 juratis
835 3915 1061 3987 quidem
1087 3917 1202 3971 suis
1229 3931 1482 3987 parcens.
1519 3917 1619 3972 illo
1667 3920 1782 3972 haec
1825 3917 1894 3970 ad
1929 3916 2175 3988 tyratmi-

606 4007 732 4066 dem
785 4025 940 4064 suam
1017 4009 1406 4066 stabiliendam
1481 4009 1744 4080 agitante,
1819 4008 2175 4065 Constantius

611 4108 790 4156 morte
843 4099 1033 4156 fratris
1068 4100 1275 4166 audita,
1322 4115 1528 4170 anceps
1577 4099 1748 4154 animi
1794 4108 1936 4165 erat,
1989 4111 2174 4153 utrum

606 4189 793 4246 Persis
829 4191 1108 4247 Romauas
1137 4191 1457 4262 provincias
1485 4191 1836 4246 vastantibus
1867 4190 2173 4254 resisteret,

608 4296 678 4335 an
712 4296 776 4336 ea
807 4296 866 4338 re
901 4283 957 4336 in
992 4282 1285 4352 praesentia
1321 4282 1546 4345 omissa,
1572 4281 1843 4336 novitium
1881 4291 2174 4350 tyranuum

609 4373 932 4430 invaderet:
979 4384 1092 4430 tum
1127 4375 1310 4429 fratris
1352 4390 1548 4430 necem
1604 4374 1843 4441 ulturus,
1889 4381 2002 4426 tum
2032 4371 2179 4425 occi-

611 4464 794 4518 dentis
826 4464 1117 4535 imperium
1151 4463 1255 4518 sibi
1291 4462 1732 4518 vendicaturus.‘

2263 535 2359 586 καὶ
2398 533 2680 587 ἐσιάσατο.
2712 532 2823 586 Καὶ
2853 533 3302 602 συμπαραλαϐὼν
3331 533 3522 599 αὐτοὺς
3549 537 3692 604 εὐθὺς
3716 545 3780 606 εἰς

2263 626 2328 680 τὰ
2372 625 2620 694 βασίλεια
2658 623 2860 689 ἔπεισι,
2912 625 3010 678 καὶ
3057 625 3318 695 διανομὰς
3367 630 3652 698 χρημάτων
3698 652 3779 689 τε-

2264 717 2483 788 ποὶητο.
2533 717 2668 780 Ταῖς
2718 733 2780 768 τε
2810 715 3012 780 πύλαις
3037 717 3138 785 τῆς
3168 717 3378 782 πόλεως
3411 721 3660 793 ἐπέστησε
3701 728 3783 796 φῦ-

2262 811 2431 872 λακα;
2468 809 2820 873 ἐνταλθέντας
2854 812 2970 871 τοῖς
3035 810 3134 878 μὲν
3188 808 3416 865 εἰσιοῦσι
3468 812 3562 882 τὴν
3608 816 3782 870 εἴσοδον

2266 903 2590 972 συγχωρεῖν,
2626 901 2826 966 ἐξιέναι
2854 900 2912 954 δὲ
2961 900 3167 971 μηδένα
3199 905 3567 973 παραχωρεῖν,
3598 905 3674 960 ἵνα
3722 910 3780 979 μή

2263 993 2402 1054 τέως
2431 993 2492 1045 τι
2516 991 2785 1064 τολμηθὲν
2812 991 3084 1063 κηρυχθῇ.
3112 994 3222 1046 Καὶ
3251 994 3453 1050 αὐτίκα
3474 998 3660 1050 στέλλει
3684 1003 3781 1064 τοὺς

2264 1087 2355 1140 τὶν
2385 1085 2720 1139 Κώνσταντα
2765 1085 3190 1156 ἀναιρήσοντας,
3221 1087 3388 1157 πρινὴ
3428 1089 3573 1160 γνοίη
3603 1090 3657 1143 τὸ
3692 1093 3780 1146 stil-

2267 1193 2448 1246 μημα.
2489 1177 2547 1229 '0
2581 1176 2640 1230 δὲ
2688 1175 2815 1247 περὶ
2851 1176 3026 1247 θήραν
3059 1176 3349 1246 ἠσχόλητο.
3406 1179 3512 1232 Καὶ
3543 1183 3640 1249 γάρ
3681 1185 3776 1251 ἱμε-

2268 1270 2427 1338 μήνει
2487 1269 2619 1340 περὶ
2673 1269 2740 1324 τὰ
2801 1268 3124 1338 κυνηγέσια,
3181 1269 3279 1323 καὶ
3335 1269 3506 1324 ταῦτα
3557 1273 3779 1344 ἀρθρίτιδι

2266 1360 2656 1432 προσπαλαίων
2689 1360 2952 1429 διηνεκεῖ,
2987 1362 3053 1430 ἦν
3085 1360 3145 1424 ἐξ
3170 1361 3379 1428 ἡδονῶν
3410 1363 3661 1432 ἀμετρίας
3691 1366 3780 1418 ἑνό-

2268 1470 2434 1522 σησεν
2459 1452 2780 1515 ἀκολάστως
2812 1452 2959 1521 βιούς
2986 1468 3001 1484 ο
3049 1453 3082 1522 ἢ
3119 1452 3214 1506 καὶ
3253 1454 3312 1506 ιν
3341 1455 3670 1524 προσχήματι
3704 1456 3780 1525 θή-

2271 1559 2388 1612 ρας,
2435 1543 2516 1606 εἰς
2558 1543 2688 1605 ὔλας
2737 1543 3100 1610 ὲγκατεδύετο
3145 1544 3286 1614 μετὰ
3333 1545 3446 1599 τῶν
3491 1547 3611 1616 περὶ
3639 1549 3780 1600 αὐτῶν

2269 1634 2643 1705 μειρακίσκων
2692 1636 2788 1687 καὶ
2839 1635 3161 1701 νεανίσκων,
3188 1637 3242 1690 οἳ
3273 1637 3466 1706 ἐκείνῳ
3508 1637 3592 1691 διὰ
3628 1639 3781 1704 κάλλος

2269 1726 2620 1794 συνελέγοντο
2653 1725 2746 1779 καὶ
2775 1725 3072 1797 ᾠκείωντο,
3123 1727 3550 1794 ὲκαλλωπίζοντό
3578 1747 3631 1782 τι
3662 1747 3764 1800 περι

2268 1821 2578 1889 εργότερον,
2617 1823 2711 1872 καὶ
2759 1819 2962 1890 λίχνοις
3006 1815 3150 1892 ἦσαν
3197 1819 3494 1889 ὀφθαλμοῖς
3537 1821 3782 1887 diuoluit;

2269 1910 2621 1980 ἑμπύρευμα,
2661 1911 2901 1981 κάκείνῳ
2933 1912 3247 1981 ἐτύγχανον.
3281 1912 3358 1975 ὡς
3405 1913 3638 1980 λέγεται,
3686 1932 3780 1967 παι-

2269 2000 2414 2054 δικά.
2471 2001 2631 2054 Ἀλλὰ
2677 2003 2774 2056 καὶ
2824 2003 2918 2054 ἐπὶ
2965 2001 3128 2054 πλέον
3169 2003 3294 2066 ταῖς
3341 2003 3491 2065 ὕλαις
3544 2003 3780 2074 διέτριϐεν.

2269 2093 2533 2147 ἐκκλίνων
2574 2093 2675 2164 τὴν
2719 2094 2858 2162 μετὰ
2891 2097 3133 2164 κοσμίων
3182 2095 3393 2164 ἀνδρῶν
3444 2097 3780 2165 συνδιαγωγήν.

2270 2183 2430 2254 Παρὰ
2474 2183 2565 2235 τὸν
2611 2182 2862 2235 Ῥοδανὸν
2911 2182 3093 2234 τοίνυν
3125 2182 3372 2251 ποταμὸν
3405 2184 3453 2234 οι
3514 2182 3650 2252 παρὰ
3692 2185 3782 2236 Μα-

2271 2276 2512 2342 γνεντίου
2574 2274 2859 2338 σταλέντες
2912 2274 3195 2344 γενόμενοι
3231 2315 3248 2340 ,
3312 2275 3453 2344 μετὰ
3514 2275 3605 2346 τήν
3651 2277 3783 2344 θήραν

2273 2367 2620 2421 ὑπνώττοντα
2642 2367 2733 2419 τὸν
2763 2369 3098 2422 Κώνσταντα
3127 2369 3511 2438 διεχρήσαντο·
3562 2368 3646 2420 καὶ
3689 2370 3784 2428 τοὺς

2271 2459 2465 2528 ὲγείιῳ
2507 2458 2564 2510 δὲ
2597 2457 2854 2520 συνόντας
2880 2457 3096 2525 ὀλίγους
3125 2458 3286 2521 ὄντας
3338 2459 3648 2512 ἀπέκτειναν
3681 2457 3781 2529 (57).

2273 2549 2339 2601 Οἱ
2379 2547 2436 2600 δὲ
2479 2548 2554 2617 μὴ
2600 2546 2744 2599 οὕτω
2775 2547 2907 2614 φασὶ
2944 2546 3332 2620 γενέσθαι-τὴν
3375 2547 3572 2600 ἐκείνου
3617 2545 3784 2612 ἀναίρε-

2275 2657 2378 2694 σιν’
2415 2639 2620 2709 γνῶναι
2644 2639 2688 2692 δ’
2717 2640 2927 2692 ἐκεῖνον
2957 2641 3055 2709 τὴν
3095 2639 3215 2692 κατ’
3243 2637 3417 2692 αὑτοῦ
3449 2637 3781 2697 ἐπανάστασιν,

2273 2732 2368 2785 κοιλΙ
2403 2730 2715 2800 μονωθέντα
2743 2729 3174 2802 (καταλιπόντων
3212 2731 3382 2785 αὑτὸν
3422 2729 3525 2782 τῶν
3572 2729 3682 2797 περὶ
3711 2728 3783 2779 αὑ·

2271 2823 2386 2893 τὸν)
2413 2823 2523 2892 ναῷ
2555 2825 2911 2893 προσφυγεῖν,
2945 2824 3109 2877 κάκεῖ
3134 2822 3202 2875 τὰ
3230 2824 3330 2892 τῆς
3359 2821 3619 2894 βασιλείας
3648 2819 3784 2889 παρὰ·

2273 2930 2426 2984 σημα
2475 2913 2904 2976 ἀπεκδύσασθαι,
2937 2913 3196 2966 κάκεῖθεν
3250 2913 3578 2982 ἐκϐληθέντα
3611 2913 3786 2976 ἀναιρε-

2273 3003 2455 3073 θῆναι,
2495 3003 2866 3058 ἑπτακαίδεκα
2899 3003 2993 3074 ἔτη
3029 3004 3265 3057 ἀνύοντα
3295 3006 3442 3075 παρὰ
3466 3007 3528 3074 τῇ
3551 3004 3693 3072 ἀρχῇ’
3711 3000 3783 3069 τῆς

2273 3096 2320 3149 δ’
2353 3096 2568 3168 ἡλικίας
2618 3098 2722 3169 ήδη
2772 3097 3185 3168 παρεληλυθότα
3223 3098 3561 3168 τριακοστόν.
3597 3097 3783 3162 Λέγεται

2274 3186 2331 3240 δὲ
2358 3187 2485 3258 ἄρτι
2519 3188 2872 3258 γεννηθέντος
2904 3191 3095 3254 αὑτοῦ,
3123 3190 3420 3259 ἐπιτρέψαι
3445 3170 3546 3252 τοῖς
3573 3186 3782 3256 ἀστρολό-

2275 3298 2392 3350 γοις
2444 3281 2535 3334 τὸν
2588 3281 2803 3352 πατέρα
2855 3282 3022 3335 αὐτοῦ
3073 3283 3167 3336 ἐπὶ
3212 3282 3295 3353 τῷ
3346 3283 3530 3335 τούτου
3579 3278 3782 3348 γενεθλίῳ

2278 3374 2504 3440 ποιῆσαι
2539 3373 2826 3444 θεμάτιον.
2869 3375 3173 3438 Κάκείνους
3220 3375 3360 3446 πρὸς
3393 3375 3561 3437 ἄλλοις
3589 3367 3657 3434 οἷς
3688 3366 3782 3438 περῖ

2277 3465 2438 3518 αὑτοῦ
2493 3467 2855 3538 προειρήκασι
2909 3470 3002 3520 καὶ
3049 3466 3208 3520 τοῦτο
3253 3468 3429 3520 εἰπεῖν
3480 3466 3550 3526 ὡς
3600 3468 3648 3516 ἐν
3691 3461 3780 3519 ταῖς

2275 3555 2547 3625 ἀγκάλαις
2597 3557 2694 3628 τῆς
2743 3557 2911 3612 αὑτοῦ
2977 3558 3211 3628 μάμμης
3275 3557 3687 3628 ἀναιρεθήσεται.
3734 3551 3780 3600 ’0

2279 3649 2547 3719 θανούσης
2591 3650 2827 3720 ἐκείνης,
2863 3649 2958 3704 καὶ
3003 3649 3285 3714 διέπαιζεν
3319 3653 3348 3702 ὁ
3384 3649 3656 3707 Κώνστας·
3685 3643 3733 3694 τὸ
3749 3640 3782 3692 δ’

2278 3741 2358 3806 εἰς
2405 3739 2566 3812 ἔργον
2619 3741 2974 3813 ἀποϐεϐήκει,
3024 3742 3118 3794 καὶ
3155 3743 3188 3813 ή
3240 3742 3354 3795 τῶν
3399 3738 3706 3810 ὰστρἰλόγων
3735 3731 3780 3784 οὐ

2277 3833 2542 3903 διήμαρτε
2562 3831 2887 3904 πρόρρησις,
2916 3831 3019 3886 κᾶν
3057 3831 3270 3902 ὑπῆρχε
3301 3830 3447 3900 λοξή.
3491 3830 3571 3881 Ἐν
3596 3827 3686 3894 γὰρ
3709 3837 3782 3874 πο-

2280 3924 2434 3996 λίχνῃ
2481 3909 2668 3997 Ἑλένῃ
2718 3925 3031 3997 καλουμένῃ
3062 3927 3142 3989 είς
3187 3924 3359 3994 ὄνομα
3387 3923 3484 3991 τῆς
3520 3917 3782 3990 βασιλέσηῖ

2280 4015 2494 4084 ἐκείνης
2531 4017 2559 4068 ό
2595 4015 2856 4077 Κώνστας
2887 4013 3146 4084 ἅνῄρητο’
3172 4015 3200 4066 ό
3239 4013 3341 4082 μὲν
3364 4011 3454 4066 οὖν
3479 4009 3607 4064 οὕτω
3634 4003 3782 4075 βεϐιω-

2282 4105 2391 4170 κὼς
2428 4105 2696 4174 ἀσελγῶς,
2737 4105 2912 4168 οὕτως
2949 4103 3179 4175 οἰκτρῶς
3225 4104 3484 4174 ἐστέρητο
3523 4099 3610 4167 τῆς
3654 4091 3780 4159 (“fl-5'

2293 4196 2352 4250 '0
2401 4197 2458 4252 δὲ
2496 4199 2836 4266 Μαγνέντιος
2867 4198 3014 4252 κατά
3044 4197 3170 4266 ῥοῦν
3196 4187 3350 4266 αὑτῷ
3387 4197 3490 4246 τῶν
3515 4190 3604 4259 τῆς
3628 4199 3782 4254 τυρανο

2283 4287 2421 4351 νὶδος
2450 4288 2816 4360 χωρησάντων
2859 4289 3225 4358 πραγμάτων,
3259 4283 3553 4338 ἐσπούδασε
3597 4275 3687 4328 τῶν
3711 4271 3782 4327 τᾶς

2283 4379 2458 4450 ἀρχὰς
2505 4381 2736 4450 ἐχόντων
2784 4382 2912 4444 τοὺς
2961 4379 3368 4450 λογιμωτέρους
3399 4381 3462 4430 ἐκ
3491 4374 3640 4443 μέσον
3668 4361 3783 4430 ποιή·

2286 4473 2505 4527 σασθαι.
2542 4474 2652 4527 Καὶ
2677 4471 3021 4542 πλασάμενος
3047 4471 3267 4540 γραφὰς
3301 4468 3435 4538 πρὸς
3467 4463 3644 4521 αὐτοὺς
3664 4457 3722 4515 ὼς
3739 4453 3785 4502 ἐκ

612 4573 704 4627 τοῦ
741 4575 1096 4641 Κώνσταντος
1145 4577 1436 4639 σταλείσας
1500 4575 1706 4640 αὐτοῖς,
1774 4569 2250 4643 μετακαλουμένου
2289 4566 2448 4638 δῆθεν
2499 4566 2636 4634 πρὸς
2686 4564 2898 4630 ἑαυτὸν,
2945 4562 3064 4617 καθ’
3091 4561 3210 4614 δδδν
3245 4560 3510 4631 λοχήσας»
3558 4552 3783 4643 “mimi;

611 4665 922 4732 ἀπέκτεινε,
994 4637 1130 4737 μηδὲ
1198 4667 1308 4720 τῶν
1357 4637 1574 4720 οἰκείων
1623 4637 1935 4734 συνομοτῶν
1984 4637 2350 4732 φειδόμενος,
2407 4657 2544 4710 ἀλλὰ
2611 4657 2705 4710 καὶ
2750 4655 2973 4718 τούτους
3020 4653 3374 4724 διαφθείρων.
3409 4651 3514 4702 Καὶ
3557 4647 3584 4698 ὁ
3619 4640 3708 4737 ,μὲν
3745 4637 3784 4734 ἓν

611 4755 873 4818 τοιούτοις
1040 4732 1220 4825 έαυτῷ
1253 4756 1536 4826 κρατύνων
1583 4756 1682 4823 τὴν
1725 4732 2043 4824 τυραννίδα.
2091 4750 2180 4820 Τῷ
2218 4750 2312 4817 δὲ,
2342 4745 2712 4817 Κωνσταντίῳ
2741 4745 2832 4799 τὸν
2894 4747 3121 4804 θάνατον
3149 4743 3440 4813 πυθομένῳ
3469 4739 3556 4792 τοῦ
3583 4732 3783 4826 ἀδελφοῦ..

615 4814 894 4918 ἱμερίζετο
942 4814 1234 4918 ήδιάνοιά
1277 4814 1900 4915 έννοουμένῳᾝότέρον
1968 4843 2034 4898 ἂν
2063 4814 2524 4911 ιπροτιμήσαιτο,
2571 4839 2631 4892 τὸ
2682 4814 2918 4908 Πέρσαις
2982 4835 3461 4892 ἀντικαθίστασθαι
3487 4814 3784 4926 κείρουσι..τά

624 4940 916 5009 Ῥωμαίοις
962 4939 1199 5010 ὑπήκοα,
1253 4939 1286 5011 ή
1332 4938 1561 5005 τούτων,
1611 4940 1755 4992 κατά
1782 4955 1848 5008 γε
1878 4939 1941 4992 τὸ
1971 4938 2169 5008 παρὸν,
2209 4934 2540 5006 ἀμελῆσαιῆ
2558 4935 2655 4986 καὶ
2719 4933 2966 5004 χωρῆσαι
2996 4932 3136 4986 κατὰ
3161 4931 3256 4983 τοῦ
3282 4926 3781 5001 τυραννήιταντοςιινίι

616 5032 709 5088 καὶ
763 5032 855 5086 τὸν
884 5031 979 5087 τοῦ
1031 5030 1299 5100 συγγόνου
1354 5031 1574 5101 τίσηται
1630 5030 1811 5100 φόνον,
1861 5032 1955 5083 καὶ
2007 5030 2186 5096 ἑαυτῷ
2223 5026 2757 5097 προσποιήσηταιτὰ
2786 5025 3036 5096 ἑσπέρια.

1801 5208 2004 5269 Varim
2031 5206 2338 5270 lectiones
2381 5213 2445 5267 et
2487 5213 2653 5267 none

685 5398 805 5466 (57)
852 5398 1262 5453 Ἀπέκτειναν.
1302 5393 1506 5466 Nescio
1539 5409 1608 5466 an
1646 5393 1714 5448 ab
1732 5394 1841 5466 hoc
1883 5392 2170 5466 Constant:

2291 5390 2607 5466 émléystat
2636 5388 2696 5466 τὸ
2727 5388 3027 5466 Σταυρίον,
3044 5386 3104 5466 ἐξ
3129 5380 3188 5440 οὗ
3215 5385 3346 5458 πρὸς
3368 5384 3423 5436 τὸ
3453 5381 3686 5466 κάταντες
3703 5367 3782 5466 In}:

599 5453 947 5532 imperatore
985 5468 1269 5522 aedificata:
1293 5463 1500 5520 fuerint
1527 5465 1673 5518 aedes
1728 5464 1834 5517 illa:
1855 5533 1859 5534 ν
1881 5462 2170 5531 magnifica

2295 5477 2389 5534 ρος
2421 5453 2560 5512 εἰσὶν
2583 5527 2600 5534 _
2612 5453 2935 5534 εὐμεγέθεις
2964 5459 3157 5534 ὀἰκίαι
3220 5453 3783 5534 π’ροσαγορευξξέὲνξξῇξξ

615 5519 1126 5604 Constantinopoli,
1139 5519 1353 5606 quem
1371 5519 1613 5606 Κῲνστα
1633 5519 2101 5606 app_ellab_anfur,_
2127 5539 2170 5584 el

2292 5519 2556 5606 Kdivsta.._
2581 5519 2896 5606 monasterii
2921 5519 3028 5580 τῶν
3057 5519 3307 5606 ιςώνστα,
3339 5519 3784 5606 inLeoncilt1‘th113,15-i

617 5617 849 5670 quarum
882 5600 1133 5659 meminit
1157 5600 1408 5671 Scriptor
1439 5600 1683 5658 ineditus
1706 5600 1842 5658 Vitae
1868 5602 1926 5656 S.
1954 5600 2185 5669 Stepha-

617 5676 676 5724 ni
702 5672 943 5742 .lunioris
967 5691 983 5730 :
1007 5671 1117 5728 Ἦν
1140 5675 1196 5726 δὲ
1223 5670 1374 5736 οὗτος
1409 5674 1572 5724 οἰκῶν
1601 5676 1736 5742 πρὸς
1762 5673 1821 5742 Eo
1853 5673 1948 5742 τῆς
1977 5671 2185 5742 βασιλιέ

622 5744 725 5808 κής
759 5741 1021 5809 δημοσίας
1068 5735 1364 5810 λεωφόρου
1394 5743 1620 5810 πρανὲς,
1647 5735 1724 5793 ’ἐν
1773 5735 1816 5810 ᾧ
1848 5735 2058 5810 ἵδρυται
2095 5741 2186 5790 καὶ

2294 5574 2496 5653 ἶῖοηειυ
2527 5574 3031 5652 tlerivobse‘rvamus
3089 5597 3146 5652 in
3176 5574 3362 5652 nostra
3401 5574 3782 5648 Comtuntmopoli

2291 5669 2390 5724 lih.
2433 5684 2505 5735 tv,
2551 5676 2682 5724 sect.
2715 5667 2768 5735 6,
2809 5683 2864 5722 υ.
2889 5667 2980 5723 26.
