  <div class='ocr_page' id='page_1' title='image "/cluster/home/n/w/nwhite01/storage/ocr_20150623/134/mdp.39015032023197/570.png"; bbox 0 0 4034 6244; ppageno 0'>
   <div class='ocr_carea' id='block_1_1' title="bbox 331 360 475 426">
    <p class='ocr_par' dir='ltr' id='par_1_1' title="bbox 331 360 475 426">
     <span class='ocr_line' id='line_1_1' title="bbox 331 360 475 426; baseline 0.014 -2"><span class='ocrx_word' id='word_1_1' title='bbox 331 360 475 426; x_wconf 72' lang='grc'><strong>1125</strong></span> 
     </span>
    </p>
   </div>
   <div class='ocr_carea' id='block_1_2' title="bbox 1555 359 2364 423">
    <p class='ocr_par' dir='ltr' id='par_1_2' title="bbox 1555 359 2364 423">
     <span class='ocr_line' id='line_1_2' title="bbox 1555 359 2364 423; baseline 0 -2"><span class='ocrx_word' id='word_1_2' title='bbox 1555 359 1961 423; x_wconf 83' lang='lat' dir='ltr'><strong>ANNALIUM</strong></span> <span class='ocrx_word' id='word_1_3' title='bbox 2007 361 2152 422; x_wconf 86' lang='lat' dir='ltr'><strong>LIB.</strong></span> <span class='ocrx_word' id='word_1_4' title='bbox 2196 362 2364 421; x_wconf 82' lang='lat' dir='ltr'><strong>Xlll.</strong></span> 
     </span>
    </p>
   </div>
   <div class='ocr_carea' id='block_1_3' title="bbox 3428 358 3568 429">
    <p class='ocr_par' dir='ltr' id='par_1_3' title="bbox 3428 358 3568 429">
     <span class='ocr_line' id='line_1_3' title="bbox 3428 358 3568 429; baseline -0.057 -1"><span class='ocrx_word' id='word_1_5' title='bbox 3428 358 3568 429; x_wconf 70' lang='lat'><strong>11926</strong></span> 
     </span>
    </p>
   </div>
   <div class='ocr_carea' id='block_1_4' title="bbox 396 466 1898 542">
    <p class='ocr_par' dir='ltr' id='par_1_4' title="bbox 396 472 1898 537">
     <span class='ocr_line' id='line_1_4' title="bbox 396 472 1898 537; baseline -0.001 -10"><span class='ocrx_word' id='word_1_6' title='bbox 396 472 474 528; x_wconf 88' lang='lat' dir='ltr'><strong>Z&#39;.</strong></span> <span class='ocrx_word' id='word_1_7' title='bbox 504 474 689 527; x_wconf 81' lang='grc' dir='ltr'>Ταῦτα</span> <span class='ocrx_word' id='word_1_8' title='bbox 751 474 848 527; x_wconf 83' lang='grc' dir='ltr'><strong>τοῦ</strong></span> <span class='ocrx_word' id='word_1_9' title='bbox 882 474 1266 530; x_wconf 81' lang='grc' dir='ltr'>Κωνσταντίου</span> <span class='ocrx_word' id='word_1_10' title='bbox 1307 473 1638 537; x_wconf 79' lang='grc' dir='ltr'><strong>σκοποῦντος</strong></span> <span class='ocrx_word' id='word_1_11' title='bbox 1668 473 1763 527; x_wconf 80' lang='grc' dir='ltr'>καὶ</span> <span class='ocrx_word' id='word_1_12' title='bbox 1790 473 1898 526; x_wconf 90' lang='grc' dir='ltr'>δια-</span> 
     </span>
    </p>
   </div>
   <div class='ocr_carea' id='block_1_5' title="bbox 1999 466 3566 542">
    <p class='ocr_par' dir='ltr' id='par_1_5' title="bbox 2079 466 3566 542">
     <span class='ocr_line' id='line_1_5' title="bbox 2079 466 3566 542; baseline 0.003 -19"><span class='ocrx_word' id='word_1_13' title='bbox 2079 469 2190 524; x_wconf 80' lang='lat' dir='ltr'><strong>VII.</strong></span> <span class='ocrx_word' id='word_1_14' title='bbox 2229 467 2334 524; x_wconf 85' lang='lat' dir='ltr'><strong>Sed</strong></span> <span class='ocrx_word' id='word_1_15' title='bbox 2362 467 2686 523; x_wconf 84' lang='lat' dir='ltr'><strong>Constantio</strong></span> <span class='ocrx_word' id='word_1_16' title='bbox 2712 467 2815 524; x_wconf 89' lang='lat' dir='ltr'><strong>hac</strong></span> <span class='ocrx_word' id='word_1_17' title='bbox 2846 466 3249 526; x_wconf 75' lang='lat' dir='ltr'><strong>deliberatione</strong></span> <span class='ocrx_word' id='word_1_18' title='bbox 3279 486 3566 542; x_wconf 85' lang='lat' dir='ltr'><strong>suspenso,</strong></span> 
     </span>
    </p>
   </div>
   <div class='ocr_carea' id='block_1_6' title="bbox 332 564 1898 636">
    <p class='ocr_par' dir='ltr' id='par_1_6' title="bbox 332 564 1898 636">
     <span class='ocr_line' id='line_1_6' title="bbox 332 564 1898 636; baseline -0.002 -17"><span class='ocrx_word' id='word_1_19' title='bbox 332 564 629 632; x_wconf 67' lang='grc' dir='ltr'>μέλλοντος</span> <span class='ocrx_word' id='word_1_20' title='bbox 677 566 705 617; x_wconf 88' lang='lat'><strong>6</strong></span> <span class='ocrx_word' id='word_1_21' title='bbox 754 566 1045 636; x_wconf 84' lang='grc' dir='ltr'>Σαπώρης,</span> <span class='ocrx_word' id='word_1_22' title='bbox 1083 565 1206 619; x_wconf 70' lang='grc' dir='ltr'>ἐπεὶ</span> <span class='ocrx_word' id='word_1_23' title='bbox 1236 566 1474 635; x_wconf 85' lang='grc' dir='ltr'>κάκείνῳ</span> <span class='ocrx_word' id='word_1_24' title='bbox 1521 566 1657 635; x_wconf 71' lang='grc' dir='ltr'>πρὸς</span> <span class='ocrx_word' id='word_1_25' title='bbox 1694 564 1898 631; x_wconf 83' lang='grc' dir='ltr'>γνῶσιν</span> 
     </span>
    </p>
   </div>
   <div class='ocr_carea' id='block_1_7' title="bbox 326 650 1900 733">
    <p class='ocr_par' dir='ltr' id='par_1_7' title="bbox 326 650 1900 733">
     <span class='ocr_line' id='line_1_7' title="bbox 326 650 1900 733; baseline 0 -28"><span class='ocrx_word' id='word_1_26' title='bbox 326 650 460 724; x_wconf 77' lang='grc' dir='ltr'>ἦλθε</span> <span class='ocrx_word' id='word_1_27' title='bbox 494 654 561 706; x_wconf 80' lang='grc' dir='ltr'><strong>τὰ</strong></span> <span class='ocrx_word' id='word_1_28' title='bbox 601 654 986 723; x_wconf 85' lang='grc' dir='ltr'>συμϐεϐηκότα</span> <span class='ocrx_word' id='word_1_29' title='bbox 1021 655 1151 733; x_wconf 76' lang='grc' dir='ltr'>περὶ</span> <span class='ocrx_word' id='word_1_30' title='bbox 1193 656 1284 708; x_wconf 84' lang='grc' dir='ltr'>τὸν</span> <span class='ocrx_word' id='word_1_31' title='bbox 1336 655 1687 718; x_wconf 83' lang='grc' dir='ltr'>Κώνσταντα,</span> <span class='ocrx_word' id='word_1_32' title='bbox 1722 653 1900 707; x_wconf 74' lang='grc' dir='ltr'>ἐπιτίο</span> 
     </span>
    </p>
   </div>
   <div class='ocr_carea' id='block_1_8' title="bbox 327 744 1897 817">
    <p class='ocr_par' dir='ltr' id='par_1_8' title="bbox 327 744 1897 817">
     <span class='ocr_line' id='line_1_8' title="bbox 327 744 1897 817; baseline 0 -18"><span class='ocrx_word' id='word_1_33' title='bbox 327 747 475 799; x_wconf 81' lang='grc' dir='ltr'>θεται</span> <span class='ocrx_word' id='word_1_34' title='bbox 527 744 601 813; x_wconf 84' lang='grc' dir='ltr'>τῷ</span> <span class='ocrx_word' id='word_1_35' title='bbox 648 745 847 815; x_wconf 79' lang='grc' dir='ltr'>καιρῷ,</span> <span class='ocrx_word' id='word_1_36' title='bbox 890 746 984 798; x_wconf 79' lang='grc' dir='ltr'>καὶ</span> <span class='ocrx_word' id='word_1_37' title='bbox 1016 745 1114 798; x_wconf 83' lang='grc' dir='ltr'>σὺν</span> <span class='ocrx_word' id='word_1_38' title='bbox 1156 746 1315 816; x_wconf 86' lang='grc' dir='ltr'>βαρεῖ</span> <span class='ocrx_word' id='word_1_39' title='bbox 1357 745 1729 817; x_wconf 78' lang='grc' dir='ltr'><strong>στρατεύματι</strong></span> <span class='ocrx_word' id='word_1_40' title='bbox 1755 745 1897 799; x_wconf 84' lang='grc' dir='ltr'><strong>κατά</strong></span> 
     </span>
    </p>
   </div>
   <div class='ocr_carea' id='block_1_9' title="bbox 323 834 1896 905">
    <p class='ocr_par' dir='ltr' id='par_1_9' title="bbox 323 834 1896 905">
     <span class='ocr_line' id='line_1_9' title="bbox 323 834 1896 905; baseline -0.001 -17"><span class='ocrx_word' id='word_1_41' title='bbox 323 837 432 888; x_wconf 83' lang='grc' dir='ltr'>τῶν</span> <span class='ocrx_word' id='word_1_42' title='bbox 482 834 860 901; x_wconf 73' lang='grc' dir='ltr'><strong>ὑποκειμένων</strong></span> <span class='ocrx_word' id='word_1_43' title='bbox 902 836 1193 905; x_wconf 86' lang='grc' dir='ltr'>Ῥωμαίοις</span> <span class='ocrx_word' id='word_1_44' title='bbox 1238 836 1417 888; x_wconf 75' lang='grc' dir='ltr'>ἔπεισι</span> <span class='ocrx_word' id='word_1_45' title='bbox 1450 837 1643 905; x_wconf 83' lang='grc' dir='ltr'>χωρῶν</span> <span class='ocrx_word' id='word_1_46' title='bbox 1691 852 1751 889; x_wconf 86' lang='grc' dir='ltr'><strong>τε</strong></span> <span class='ocrx_word' id='word_1_47' title='bbox 1800 837 1896 888; x_wconf 71' lang='grc' dir='ltr'>καὶ</span> 
     </span>
    </p>
   </div>
   <div class='ocr_carea' id='block_1_10' title="bbox 324 924 1896 995">
    <p class='ocr_par' dir='ltr' id='par_1_10' title="bbox 324 924 1896 995">
     <span class='ocr_line' id='line_1_10' title="bbox 324 924 1896 995; baseline -0.001 -18"><span class='ocrx_word' id='word_1_48' title='bbox 324 926 557 989; x_wconf 88' lang='grc' dir='ltr'>πόλεων,</span> <span class='ocrx_word' id='word_1_49' title='bbox 592 924 687 978; x_wconf 75' lang='grc' dir='ltr'>καὶ</span> <span class='ocrx_word' id='word_1_50' title='bbox 720 925 918 993; x_wconf 74' lang='grc' dir='ltr'>πολλὴν</span> <span class='ocrx_word' id='word_1_51' title='bbox 952 925 1050 994; x_wconf 71' lang='grc' dir='ltr'>μὲν</span> <span class='ocrx_word' id='word_1_52' title='bbox 1085 925 1340 995; x_wconf 75' lang='grc' dir='ltr'>ἑληΐσατο</span> <span class='ocrx_word' id='word_1_53' title='bbox 1364 925 1572 995; x_wconf 88' lang='grc' dir='ltr'>χώραν,</span> <span class='ocrx_word' id='word_1_54' title='bbox 1602 925 1738 978; x_wconf 85' lang='grc' dir='ltr'><strong>ἀλλά</strong></span> <span class='ocrx_word' id='word_1_55' title='bbox 1769 924 1896 995; x_wconf 76' lang='grc' dir='ltr'>μέν-</span> 
     </span>
    </p>
   </div>
   <div class='ocr_carea' id='block_1_11' title="bbox 322 1012 1894 1088">
    <p class='ocr_par' dir='ltr' id='par_1_11' title="bbox 322 1012 1894 1088">
     <span class='ocr_line' id='line_1_11' title="bbox 322 1012 1894 1088; baseline -0.001 -19"><span class='ocrx_word' id='word_1_56' title='bbox 322 1034 407 1070; x_wconf 92' lang='grc' dir='ltr'><strong>τοι</strong></span> <span class='ocrx_word' id='word_1_57' title='bbox 461 1021 555 1070; x_wconf 76' lang='grc' dir='ltr'><strong>καὶ</strong></span> <span class='ocrx_word' id='word_1_58' title='bbox 614 1017 846 1087; x_wconf 87' lang='grc' dir='ltr'>φρούρια</span> <span class='ocrx_word' id='word_1_59' title='bbox 897 1012 1029 1082; x_wconf 77' lang='grc' dir='ltr'>εἷλε,</span> <span class='ocrx_word' id='word_1_60' title='bbox 1075 1021 1167 1070; x_wconf 81' lang='grc' dir='ltr'><strong>καὶ</strong></span> <span class='ocrx_word' id='word_1_61' title='bbox 1224 1018 1377 1079; x_wconf 84' lang='grc' dir='ltr'>τέλος</span> <span class='ocrx_word' id='word_1_62' title='bbox 1432 1018 1743 1088; x_wconf 68' lang='grc' dir='ltr'><strong>ἐπολιόρκει</strong></span> <span class='ocrx_word' id='word_1_63' title='bbox 1795 1015 1894 1087; x_wconf 82' lang='grc' dir='ltr'>τὴν</span> 
     </span>
    </p>
   </div>
   <div class='ocr_carea' id='block_1_12' title="bbox 324 1109 1895 1181">
    <p class='ocr_par' dir='ltr' id='par_1_12' title="bbox 324 1109 1895 1181">
     <span class='ocr_line' id='line_1_12' title="bbox 324 1109 1895 1181; baseline 0.001 -19"><span class='ocrx_word' id='word_1_64' title='bbox 324 1109 546 1163; x_wconf 83' lang='grc' dir='ltr'>Νίσιϐιν</span> <span class='ocrx_word' id='word_1_65' title='bbox 573 1112 709 1179; x_wconf 77' lang='grc'>(58),</span> <span class='ocrx_word' id='word_1_66' title='bbox 746 1111 779 1181; x_wconf 74' lang='grc' dir='ltr'>ἢ</span> <span class='ocrx_word' id='word_1_67' title='bbox 821 1110 988 1163; x_wconf 86' lang='grc' dir='ltr'>πάλαι</span> <span class='ocrx_word' id='word_1_68' title='bbox 1038 1110 1137 1178; x_wconf 86' lang='grc' dir='ltr'>μὲν</span> <span class='ocrx_word' id='word_1_69' title='bbox 1178 1114 1245 1181; x_wconf 84' lang='grc' dir='ltr'>τῇ</span> <span class='ocrx_word' id='word_1_70' title='bbox 1297 1111 1406 1163; x_wconf 86' lang='grc' dir='ltr'><strong>τῶν</strong></span> <span class='ocrx_word' id='word_1_71' title='bbox 1445 1111 1749 1180; x_wconf 77' lang='grc' dir='ltr'><strong>Ἀρμενίων</strong></span> <span class='ocrx_word' id='word_1_72' title='bbox 1785 1110 1895 1163; x_wconf 77' lang='grc' dir='ltr'>διέ-</span> 
     </span>
    </p>
   </div>
   <div class='ocr_carea' id='block_1_13' title="bbox 325 1200 1893 1273">
    <p class='ocr_par' dir='ltr' id='par_1_13' title="bbox 325 1200 1893 1273">
     <span class='ocr_line' id='line_1_13' title="bbox 325 1200 1893 1273; baseline 0.001 -20"><span class='ocrx_word' id='word_1_73' title='bbox 325 1219 458 1271; x_wconf 69' lang='grc' dir='ltr'>φερε</span> <span class='ocrx_word' id='word_1_74' title='bbox 505 1202 771 1273; x_wconf 73' lang='grc' dir='ltr'>βασιλείᾳ,</span> <span class='ocrx_word' id='word_1_75' title='bbox 806 1203 899 1255; x_wconf 77' lang='grc' dir='ltr'><strong>ἐπὶ</strong></span> <span class='ocrx_word' id='word_1_76' title='bbox 932 1203 988 1256; x_wconf 79' lang='grc' dir='ltr'>δὲ</span> <span class='ocrx_word' id='word_1_77' title='bbox 1018 1202 1354 1270; x_wconf 79' lang='grc' dir='ltr'>Μιθριδάτου</span> <span class='ocrx_word' id='word_1_78' title='bbox 1405 1203 1465 1265; x_wconf 82' lang='grc' dir='ltr'>ὃς</span> <span class='ocrx_word' id='word_1_79' title='bbox 1501 1202 1769 1272; x_wconf 75' lang='grc' dir='ltr'>Τιγράνου</span> <span class='ocrx_word' id='word_1_80' title='bbox 1799 1200 1893 1254; x_wconf 84' lang='grc' dir='ltr'>τοῦ</span> 
     </span>
    </p>
   </div>
   <div class='ocr_carea' id='block_1_14' title="bbox 323 1290 1894 1364">
    <p class='ocr_par' dir='ltr' id='par_1_14' title="bbox 323 1290 1894 1364">
     <span class='ocr_line' id='line_1_14' title="bbox 323 1290 1894 1364; baseline 0.001 -18"><span class='ocrx_word' id='word_1_81' title='bbox 323 1295 435 1347; x_wconf 83' lang='grc' dir='ltr'>τῶν</span> <span class='ocrx_word' id='word_1_82' title='bbox 474 1294 777 1363; x_wconf 80' lang='grc' dir='ltr'><strong>Ἀρμενίων</strong></span> <span class='ocrx_word' id='word_1_83' title='bbox 826 1294 950 1346; x_wconf 83' lang='grc' dir='ltr'>τότε</span> <span class='ocrx_word' id='word_1_84' title='bbox 1009 1293 1337 1363; x_wconf 81' lang='grc' dir='ltr'>κρατοῦντος</span> <span class='ocrx_word' id='word_1_85' title='bbox 1384 1290 1451 1364; x_wconf 81' lang='grc' dir='ltr'>ἧν</span> <span class='ocrx_word' id='word_1_86' title='bbox 1497 1293 1764 1363; x_wconf 75' lang='grc' dir='ltr'>γαμϐρὸς,</span> <span class='ocrx_word' id='word_1_87' title='bbox 1801 1295 1894 1347; x_wconf 78' lang='grc' dir='ltr'>καὶ</span> 
     </span>
    </p>
   </div>
   <div class='ocr_carea' id='block_1_15' title="bbox 326 1376 1896 1455">
    <p class='ocr_par' dir='ltr' id='par_1_15' title="bbox 326 1376 1896 1455">
     <span class='ocr_line' id='line_1_15' title="bbox 326 1376 1896 1455; baseline 0.001 -18"><span class='ocrx_word' id='word_1_88' title='bbox 326 1385 386 1450; x_wconf 76' lang='grc' dir='ltr'><strong>ἐξ</strong></span> <span class='ocrx_word' id='word_1_89' title='bbox 436 1385 645 1437; x_wconf 74' lang='grc' dir='ltr'>ἐκείνου</span> <span class='ocrx_word' id='word_1_90' title='bbox 692 1386 791 1454; x_wconf 83' lang='grc' dir='ltr'>τὴν</span> <span class='ocrx_word' id='word_1_91' title='bbox 824 1384 980 1438; x_wconf 89' lang='grc' dir='ltr'>πόλιν</span> <span class='ocrx_word' id='word_1_92' title='bbox 1025 1376 1257 1455; x_wconf 72' lang='grc' dir='ltr'>εἰλήφει,</span> <span class='ocrx_word' id='word_1_93' title='bbox 1289 1385 1392 1438; x_wconf 72' lang='grc' dir='ltr'><strong>ὑπὸ</strong></span> <span class='ocrx_word' id='word_1_94' title='bbox 1433 1384 1717 1453; x_wconf 85' lang='grc' dir='ltr'>Ῥωμαίων</span> <span class='ocrx_word' id='word_1_95' title='bbox 1751 1386 1896 1439; x_wconf 74' lang='grc' dir='ltr'>ἑάλω</span> 
     </span>
    </p>
   </div>
   <div class='ocr_carea' id='block_1_16' title="bbox 328 1473 1895 1547">
    <p class='ocr_par' dir='ltr' id='par_1_16' title="bbox 328 1473 1895 1547">
     <span class='ocr_line' id='line_1_16' title="bbox 328 1473 1895 1547; baseline 0.003 -22"><span class='ocrx_word' id='word_1_96' title='bbox 328 1473 633 1546; x_wconf 73' lang='grc' dir='ltr'>πολιορκίᾳ.</span> <span class='ocrx_word' id='word_1_97' title='bbox 678 1473 767 1529; x_wconf 83' lang='grc' dir='ltr'>Ἑν</span> <span class='ocrx_word' id='word_1_98' title='bbox 795 1474 969 1547; x_wconf 78' lang='grc' dir='ltr'>ταύτῃ</span> <span class='ocrx_word' id='word_1_99' title='bbox 997 1474 1128 1543; x_wconf 78' lang='grc' dir='ltr'>γοῦν</span> <span class='ocrx_word' id='word_1_100' title='bbox 1162 1477 1190 1528; x_wconf 98' lang='lat'><strong>6</strong></span> <span class='ocrx_word' id='word_1_101' title='bbox 1221 1475 1489 1545; x_wconf 83' lang='grc' dir='ltr'>Σαπὼρης</span> <span class='ocrx_word' id='word_1_102' title='bbox 1514 1474 1683 1528; x_wconf 78' lang='grc' dir='ltr'>ἐλθὼν</span> <span class='ocrx_word' id='word_1_103' title='bbox 1716 1474 1895 1530; x_wconf 77' lang='grc' dir='ltr'>πᾶσαν</span> 
     </span>
    </p>
   </div>
   <div class='ocr_carea' id='block_1_17' title="bbox 327 1561 1893 1634">
    <p class='ocr_par' dir='ltr' id='par_1_17' title="bbox 327 1561 1893 1634">
     <span class='ocr_line' id='line_1_17' title="bbox 327 1561 1893 1634; baseline 0.001 -20"><span class='ocrx_word' id='word_1_104' title='bbox 327 1563 549 1634; x_wconf 78' lang='grc' dir='ltr'>ἐκίνησε</span> <span class='ocrx_word' id='word_1_105' title='bbox 590 1564 861 1634; x_wconf 85' lang='grc' dir='ltr'>μηχανὴν,</span> <span class='ocrx_word' id='word_1_106' title='bbox 896 1564 962 1616; x_wconf 69' lang='grc' dir='ltr'><strong>ἵν’</strong></span> <span class='ocrx_word' id='word_1_107' title='bbox 989 1561 1140 1633; x_wconf 84' lang='grc' dir='ltr'>αὐτῷ</span> <span class='ocrx_word' id='word_1_108' title='bbox 1168 1564 1199 1632; x_wconf 81' lang='grc' dir='ltr'><strong>ή</strong></span> <span class='ocrx_word' id='word_1_109' title='bbox 1236 1561 1391 1624; x_wconf 86' lang='grc' dir='ltr'>πόλις</span> <span class='ocrx_word' id='word_1_110' title='bbox 1431 1561 1565 1633; x_wconf 83' lang='grc' dir='ltr'><strong>ἀλῷ,</strong></span> <span class='ocrx_word' id='word_1_111' title='bbox 1600 1562 1787 1631; x_wconf 79' lang='grc' dir='ltr'>κριούς</span> <span class='ocrx_word' id='word_1_112' title='bbox 1834 1579 1893 1615; x_wconf 88' lang='grc' dir='ltr'><strong>τε</strong></span> 
     </span>
    </p>
   </div>
   <div class='ocr_carea' id='block_1_18' title="bbox 327 1653 1894 1725">
    <p class='ocr_par' dir='ltr' id='par_1_18' title="bbox 327 1653 1894 1725">
     <span class='ocr_line' id='line_1_18' title="bbox 327 1653 1894 1725; baseline -0.001 -18"><span class='ocrx_word' id='word_1_113' title='bbox 327 1654 437 1725; x_wconf 86' lang='grc' dir='ltr'><strong>γάρ</strong></span> <span class='ocrx_word' id='word_1_114' title='bbox 461 1655 702 1725; x_wconf 84' lang='grc' dir='ltr'>προσῆγε</span> <span class='ocrx_word' id='word_1_115' title='bbox 735 1657 846 1717; x_wconf 79' lang='grc' dir='ltr'>τοῖς</span> <span class='ocrx_word' id='word_1_116' title='bbox 885 1653 1111 1724; x_wconf 79' lang='grc' dir='ltr'>τείχεσι,</span> <span class='ocrx_word' id='word_1_117' title='bbox 1143 1657 1240 1708; x_wconf 68' lang='grc' dir='ltr'>καὶ</span> <span class='ocrx_word' id='word_1_118' title='bbox 1266 1655 1537 1725; x_wconf 83' lang='grc' dir='ltr'>διώρυχας</span> <span class='ocrx_word' id='word_1_119' title='bbox 1595 1654 1894 1722; x_wconf 78' lang='grc' dir='ltr'>ὑπογαίους</span> 
     </span>
    </p>
   </div>
   <div class='ocr_carea' id='block_1_19' title="bbox 2002 559 3565 632">
    <p class='ocr_par' dir='ltr' id='par_1_19' title="bbox 2002 559 3565 632">
     <span class='ocr_line' id='line_1_19' title="bbox 2002 559 3565 632; baseline 0.002 -17"><span class='ocrx_word' id='word_1_120' title='bbox 2002 559 2196 629; x_wconf 89' lang='lat' dir='ltr'><strong>Sapor,</strong></span> <span class='ocrx_word' id='word_1_121' title='bbox 2225 559 2319 629; x_wconf 91' lang='lat' dir='ltr'><strong>qui</strong></span> <span class='ocrx_word' id='word_1_122' title='bbox 2351 568 2408 613; x_wconf 91' lang='lat' dir='ltr'><strong>et</strong></span> <span class='ocrx_word' id='word_1_123' title='bbox 2463 560 2578 629; x_wconf 92' lang='lat' dir='ltr'><strong>ipse</strong></span> <span class='ocrx_word' id='word_1_124' title='bbox 2625 559 2942 615; x_wconf 87' lang='lat' dir='ltr'><strong>Constantis</strong></span> <span class='ocrx_word' id='word_1_125' title='bbox 2983 575 3170 615; x_wconf 88' lang='lat' dir='ltr'><strong>casum</strong></span> <span class='ocrx_word' id='word_1_126' title='bbox 3218 575 3565 632; x_wconf 81' lang='lat' dir='ltr'><strong>cegnoverat,</strong></span> 
     </span>
    </p>
   </div>
   <div class='ocr_carea' id='block_1_20' title="bbox 1999 651 3567 723">
    <p class='ocr_par' dir='ltr' id='par_1_20' title="bbox 1999 651 3567 723">
     <span class='ocr_line' id='line_1_20' title="bbox 1999 651 3567 723; baseline 0.001 -17"><span class='ocrx_word' id='word_1_127' title='bbox 1999 651 2347 706; x_wconf 79' lang='lat' dir='ltr'><strong>occasionem</strong></span> <span class='ocrx_word' id='word_1_128' title='bbox 2393 660 2572 721; x_wconf 88' lang='lat' dir='ltr'><strong>urget,</strong></span> <span class='ocrx_word' id='word_1_129' title='bbox 2604 658 2819 706; x_wconf 90' lang='lat' dir='ltr'><strong>etcum</strong></span> <span class='ocrx_word' id='word_1_130' title='bbox 2875 652 3087 723; x_wconf 87' lang='lat' dir='ltr'><strong>ingenti</strong></span> <span class='ocrx_word' id='word_1_131' title='bbox 3137 654 3381 708; x_wconf 77' lang='lat' dir='ltr'><strong>exercitu</strong></span> <span class='ocrx_word' id='word_1_132' title='bbox 3438 670 3567 722; x_wconf 88' lang='lat' dir='ltr'><strong>pro-</strong></span> 
     </span>
    </p>
   </div>
   <div class='ocr_carea' id='block_1_21' title="bbox 2004 743 3568 814">
    <p class='ocr_par' dir='ltr' id='par_1_21' title="bbox 2004 743 3568 814">
     <span class='ocr_line' id='line_1_21' title="bbox 2004 743 3568 814; baseline 0.002 -17"><span class='ocrx_word' id='word_1_133' title='bbox 2004 743 2217 798; x_wconf 87' lang='lat' dir='ltr'><strong>vincias</strong></span> <span class='ocrx_word' id='word_1_134' title='bbox 2233 754 2286 799; x_wconf 89' lang='lat' dir='ltr'><strong>et</strong></span> <span class='ocrx_word' id='word_1_135' title='bbox 2316 744 2482 799; x_wconf 87' lang='lat' dir='ltr'><strong>urbes</strong></span> <span class='ocrx_word' id='word_1_136' title='bbox 2504 745 2877 799; x_wconf 78' lang='lat' dir='ltr'><strong>Romanorum</strong></span> <span class='ocrx_word' id='word_1_137' title='bbox 2909 744 3140 809; x_wconf 79' lang='lat' dir='ltr'><strong>invadit,</strong></span> <span class='ocrx_word' id='word_1_138' title='bbox 3160 744 3320 813; x_wconf 86' lang='lat' dir='ltr'><strong>longe</strong></span> <span class='ocrx_word' id='word_1_139' title='bbox 3350 746 3568 814; x_wconf 87' lang='lat' dir='ltr'><strong>lateque</strong></span> 
     </span>
    </p>
   </div>
   <div class='ocr_carea' id='block_1_22' title="bbox 1998 828 3561 905">
    <p class='ocr_par' dir='ltr' id='par_1_22' title="bbox 1998 828 3561 905">
     <span class='ocr_line' id='line_1_22' title="bbox 1998 828 3561 905; baseline 0.001 -16"><span class='ocrx_word' id='word_1_140' title='bbox 1998 836 2214 904; x_wconf 73' lang='lat' dir='ltr'><strong>przedas</strong></span> <span class='ocrx_word' id='word_1_141' title='bbox 2246 850 2439 905; x_wconf 80' lang='lat' dir='ltr'><strong>agens,</strong></span> <span class='ocrx_word' id='word_1_142' title='bbox 2468 837 2710 891; x_wconf 86' lang='lat' dir='ltr'><strong>castellis</strong></span> <span class='ocrx_word' id='word_1_143' title='bbox 2740 837 2907 891; x_wconf 93' lang='lat' dir='ltr'><strong>etiam</strong></span> <span class='ocrx_word' id='word_1_144' title='bbox 2940 837 3136 905; x_wconf 85' lang='lat' dir='ltr'><strong>captis,</strong></span> <span class='ocrx_word' id='word_1_145' title='bbox 3172 828 3415 903; x_wconf 87' lang='lat' dir='ltr'><strong>denique</strong></span> <span class='ocrx_word' id='word_1_146' title='bbox 3464 836 3561 890; x_wconf 88' lang='lat' dir='ltr'><strong>Ni-</strong></span> 
     </span>
    </p>
   </div>
   <div class='ocr_carea' id='block_1_23' title="bbox 1996 925 3565 996">
    <p class='ocr_par' dir='ltr' id='par_1_23' title="bbox 1996 925 3565 996">
     <span class='ocr_line' id='line_1_23' title="bbox 1996 925 3565 996; baseline -0.001 -15"><span class='ocrx_word' id='word_1_147' title='bbox 1996 925 2144 981; x_wconf 87' lang='lat' dir='ltr'><strong>sibin</strong></span> <span class='ocrx_word' id='word_1_148' title='bbox 2179 927 2414 983; x_wconf 86' lang='lat' dir='ltr'><strong>obsidet.</strong></span> <span class='ocrx_word' id='word_1_149' title='bbox 2467 928 2541 982; x_wconf 88' lang='lat' dir='ltr'><strong>Ea</strong></span> <span class='ocrx_word' id='word_1_150' title='bbox 2588 928 2864 996; x_wconf 85' lang='lat' dir='ltr'><strong>quondam</strong></span> <span class='ocrx_word' id='word_1_151' title='bbox 2896 928 2964 983; x_wconf 90' lang='lat' dir='ltr'><strong>ad</strong></span> <span class='ocrx_word' id='word_1_152' title='bbox 3006 928 3283 982; x_wconf 70' lang='lat' dir='ltr'><strong>Armenia:</strong></span> <span class='ocrx_word' id='word_1_153' title='bbox 3341 942 3565 996; x_wconf 82' lang='lat' dir='ltr'><strong>regnum</strong></span> 
     </span>
    </p>
   </div>
   <div class='ocr_carea' id='block_1_24' title="bbox 1999 1019 3565 1089">
    <p class='ocr_par' dir='ltr' id='par_1_24' title="bbox 1999 1019 3565 1089">
     <span class='ocr_line' id='line_1_24' title="bbox 1999 1019 3565 1089; baseline -0.002 -17"><span class='ocrx_word' id='word_1_154' title='bbox 1999 1019 2296 1087; x_wconf 88' lang='lat' dir='ltr'><strong>pertinuit,</strong></span> <span class='ocrx_word' id='word_1_155' title='bbox 2327 1020 2421 1073; x_wconf 90' lang='lat' dir='ltr'><strong>sed</strong></span> <span class='ocrx_word' id='word_1_156' title='bbox 2451 1019 2555 1073; x_wconf 88' lang='lat' dir='ltr'><strong>sub</strong></span> <span class='ocrx_word' id='word_1_157' title='bbox 2583 1019 2901 1074; x_wconf 79' lang='lat' dir='ltr'><strong>Mithridate</strong></span> <span class='ocrx_word' id='word_1_158' title='bbox 2926 1019 3180 1089; x_wconf 86' lang='lat' dir='ltr'><strong>Tigranis</strong></span> <span class='ocrx_word' id='word_1_159' title='bbox 3204 1019 3345 1089; x_wconf 89' lang='lat' dir='ltr'><strong>regis</strong></span> <span class='ocrx_word' id='word_1_160' title='bbox 3375 1023 3565 1071; x_wconf 81' lang='lat' dir='ltr'><strong>Arme-</strong></span> 
     </span>
    </p>
   </div>
   <div class='ocr_carea' id='block_1_25' title="bbox 1998 1108 3568 1182">
    <p class='ocr_par' dir='ltr' id='par_1_25' title="bbox 1998 1108 3568 1182">
     <span class='ocr_line' id='line_1_25' title="bbox 1998 1108 3568 1182; baseline -0.001 -19"><span class='ocrx_word' id='word_1_161' title='bbox 1998 1111 2219 1163; x_wconf 87' lang='lat' dir='ltr'><strong>niorum</strong></span> <span class='ocrx_word' id='word_1_162' title='bbox 2260 1126 2483 1181; x_wconf 78' lang='lat' dir='ltr'><strong>genero,</strong></span> <span class='ocrx_word' id='word_1_163' title='bbox 2526 1112 2619 1182; x_wconf 89' lang='lat' dir='ltr'><strong>qui</strong></span> <span class='ocrx_word' id='word_1_164' title='bbox 2663 1122 2777 1165; x_wconf 92' lang='lat' dir='ltr'><strong>tum</strong></span> <span class='ocrx_word' id='word_1_165' title='bbox 2805 1112 2951 1166; x_wconf 86' lang='lat' dir='ltr'><strong>illam</strong></span> <span class='ocrx_word' id='word_1_166' title='bbox 2986 1112 3222 1166; x_wconf 85' lang='lat' dir='ltr'><strong>dotalem</strong></span> <span class='ocrx_word' id='word_1_167' title='bbox 3264 1108 3506 1171; x_wconf 86' lang='lat' dir='ltr'><strong>tenebat,</strong></span> <span class='ocrx_word' id='word_1_168' title='bbox 3538 1124 3568 1161; x_wconf 90' lang='lat' dir='ltr'><strong>a</strong></span> 
     </span>
    </p>
   </div>
   <div class='ocr_carea' id='block_1_26' title="bbox 1998 1202 3564 1275">
    <p class='ocr_par' dir='ltr' id='par_1_26' title="bbox 1998 1202 3564 1275">
     <span class='ocr_line' id='line_1_26' title="bbox 1998 1202 3564 1275; baseline -0.001 -18"><span class='ocrx_word' id='word_1_169' title='bbox 1998 1202 2267 1258; x_wconf 79' lang='lat' dir='ltr'><strong>Romanis</strong></span> <span class='ocrx_word' id='word_1_170' title='bbox 2300 1215 2460 1273; x_wconf 88' lang='lat' dir='ltr'><strong>capta</strong></span> <span class='ocrx_word' id='word_1_171' title='bbox 2493 1204 2614 1258; x_wconf 83' lang='lat' dir='ltr'><strong>fuit.</strong></span> <span class='ocrx_word' id='word_1_172' title='bbox 2662 1204 2816 1259; x_wconf 86' lang='lat' dir='ltr'><strong>Hanc</strong></span> <span class='ocrx_word' id='word_1_173' title='bbox 2859 1204 3026 1275; x_wconf 80' lang='lat' dir='ltr'><strong>igitur</strong></span> <span class='ocrx_word' id='word_1_174' title='bbox 3052 1205 3225 1273; x_wconf 83' lang='lat' dir='ltr'><strong>Sapor</strong></span> <span class='ocrx_word' id='word_1_175' title='bbox 3258 1216 3564 1274; x_wconf 77' lang='lat' dir='ltr'><strong>aggressus,</strong></span> 
     </span>
    </p>
   </div>
   <div class='ocr_carea' id='block_1_27' title="bbox 2000 1293 3569 1363">
    <p class='ocr_par' dir='ltr' id='par_1_27' title="bbox 2000 1293 3569 1363">
     <span class='ocr_line' id='line_1_27' title="bbox 2000 1293 3569 1363; baseline 0.001 -19"><span class='ocrx_word' id='word_1_176' title='bbox 2000 1305 2197 1347; x_wconf 89' lang='lat' dir='ltr'><strong>omnes</strong></span> <span class='ocrx_word' id='word_1_177' title='bbox 2244 1293 2311 1346; x_wconf 91' lang='lat' dir='ltr'><strong>ad</strong></span> <span class='ocrx_word' id='word_1_178' title='bbox 2347 1294 2772 1363; x_wconf 82' lang='lat' dir='ltr'><strong>expugnandum</strong></span> <span class='ocrx_word' id='word_1_179' title='bbox 2827 1293 3109 1347; x_wconf 74' lang='lat' dir='ltr'><strong>machinas</strong></span> <span class='ocrx_word' id='word_1_180' title='bbox 3156 1293 3431 1356; x_wconf 80' lang='lat' dir='ltr'><strong>adhibuit,</strong></span> <span class='ocrx_word' id='word_1_181' title='bbox 3473 1294 3569 1346; x_wconf 87' lang='lat' dir='ltr'><strong>ad-</strong></span> 
     </span>
    </p>
   </div>
   <div class='ocr_carea' id='block_1_28' title="bbox 1996 1384 3562 1454">
    <p class='ocr_par' dir='ltr' id='par_1_28' title="bbox 1996 1384 3562 1454">
     <span class='ocr_line' id='line_1_28' title="bbox 1996 1384 3562 1454; baseline 0.001 -18"><span class='ocrx_word' id='word_1_182' title='bbox 1996 1384 2161 1438; x_wconf 87' lang='lat' dir='ltr'><strong>motis</strong></span> <span class='ocrx_word' id='word_1_183' title='bbox 2186 1385 2251 1437; x_wconf 90' lang='lat' dir='ltr'><strong>ad</strong></span> <span class='ocrx_word' id='word_1_184' title='bbox 2284 1399 2472 1437; x_wconf 87' lang='lat' dir='ltr'><strong>muros</strong></span> <span class='ocrx_word' id='word_1_185' title='bbox 2520 1384 2807 1449; x_wconf 84' lang='lat' dir='ltr'><strong>arietibus,</strong></span> <span class='ocrx_word' id='word_1_186' title='bbox 2844 1385 3089 1454; x_wconf 86' lang='lat' dir='ltr'><strong>actisque</strong></span> <span class='ocrx_word' id='word_1_187' title='bbox 3128 1386 3421 1438; x_wconf 83' lang='lat' dir='ltr'><strong>cuniculis.</strong></span> <span class='ocrx_word' id='word_1_188' title='bbox 3458 1385 3562 1437; x_wconf 88' lang='lat' dir='ltr'><strong>Sed</strong></span> 
     </span>
    </p>
   </div>
   <div class='ocr_carea' id='block_1_29' title="bbox 1995 1474 3563 1544">
    <p class='ocr_par' dir='ltr' id='par_1_29' title="bbox 1995 1474 3563 1544">
     <span class='ocr_line' id='line_1_29' title="bbox 1995 1474 3563 1544; baseline 0.001 -17"><span class='ocrx_word' id='word_1_189' title='bbox 1995 1475 2089 1544; x_wconf 91' lang='lat' dir='ltr'><strong>qui</strong></span> <span class='ocrx_word' id='word_1_190' title='bbox 2140 1474 2577 1539; x_wconf 87' lang='lat' dir='ltr'><strong>obsidebantur,</strong></span> <span class='ocrx_word' id='word_1_191' title='bbox 2621 1475 2923 1530; x_wconf 78' lang='lat' dir='ltr'><strong>fortiterad</strong></span> <span class='ocrx_word' id='word_1_192' title='bbox 2976 1477 3159 1530; x_wconf 85' lang='lat' dir='ltr'><strong>omnia</strong></span> <span class='ocrx_word' id='word_1_193' title='bbox 3204 1476 3563 1529; x_wconf 76' lang='lat' dir='ltr'><strong>resistebant.</strong></span> 
     </span>
    </p>
   </div>
   <div class='ocr_carea' id='block_1_30' title="bbox 1993 1564 3566 1637">
    <p class='ocr_par' dir='ltr' id='par_1_30' title="bbox 1993 1564 3566 1637">
     <span class='ocr_line' id='line_1_30' title="bbox 1993 1564 3566 1637; baseline -0.001 -16"><span class='ocrx_word' id='word_1_194' title='bbox 1993 1564 2244 1636; x_wconf 86' lang='lat' dir='ltr'><strong>Cumque</strong></span> <span class='ocrx_word' id='word_1_195' title='bbox 2277 1566 2466 1631; x_wconf 78' lang='lat' dir='ltr'><strong>ﬂuvio,</strong></span> <span class='ocrx_word' id='word_1_196' title='bbox 2499 1570 2591 1637; x_wconf 90' lang='lat' dir='ltr'><strong>qui</strong></span> <span class='ocrx_word' id='word_1_197' title='bbox 2634 1567 2868 1623; x_wconf 90' lang='lat' dir='ltr'><strong>mediam</strong></span> <span class='ocrx_word' id='word_1_198' title='bbox 2916 1567 3106 1621; x_wconf 87' lang='lat' dir='ltr'><strong>urbem</strong></span> <span class='ocrx_word' id='word_1_199' title='bbox 3157 1566 3399 1636; x_wconf 83' lang='lat' dir='ltr'><strong>perﬂuit,</strong></span> <span class='ocrx_word' id='word_1_200' title='bbox 3461 1566 3566 1620; x_wconf 80' lang='lat' dir='ltr'><strong>alio</strong></span> 
     </span>
    </p>
   </div>
   <div class='ocr_carea' id='block_1_31' title="bbox 1996 1658 3568 1729">
    <p class='ocr_par' dir='ltr' id='par_1_31' title="bbox 1996 1658 3568 1729">
     <span class='ocr_line' id='line_1_31' title="bbox 1996 1658 3568 1729; baseline -0.002 -17"><span class='ocrx_word' id='word_1_201' title='bbox 1996 1658 2266 1724; x_wconf 78' lang='lat' dir='ltr'><strong>derivato,</strong></span> <span class='ocrx_word' id='word_1_202' title='bbox 2306 1669 2367 1713; x_wconf 92' lang='lat' dir='ltr'><strong>ut</strong></span> <span class='ocrx_word' id='word_1_203' title='bbox 2397 1660 2657 1729; x_wconf 90' lang='lat' dir='ltr'><strong>oppidani</strong></span> <span class='ocrx_word' id='word_1_204' title='bbox 2700 1660 2790 1715; x_wconf 85' lang='lat' dir='ltr'><strong>siti</strong></span> <span class='ocrx_word' id='word_1_205' title='bbox 2824 1661 3000 1714; x_wconf 85' lang='lat' dir='ltr'><strong>coacti</strong></span> <span class='ocrx_word' id='word_1_206' title='bbox 3035 1674 3157 1714; x_wconf 85' lang='lat' dir='ltr'><strong>sese</strong></span> <span class='ocrx_word' id='word_1_207' title='bbox 3186 1659 3472 1721; x_wconf 86' lang='lat' dir='ltr'><strong>dederent,</strong></span> <span class='ocrx_word' id='word_1_208' title='bbox 3500 1673 3568 1709; x_wconf 72' lang='lat' dir='ltr'><strong>ex</strong></span> 
     </span>
    </p>
   </div>
   <div class='ocr_carea' id='block_1_32' title="bbox 328 1745 1898 1821">
    <p class='ocr_par' dir='ltr' id='par_1_32' title="bbox 328 1745 1895 1816">
     <span class='ocr_line' id='line_1_32' title="bbox 328 1745 1895 1816; baseline 0.001 -19"><span class='ocrx_word' id='word_1_209' title='bbox 328 1746 614 1815; x_wconf 80' lang='grc' dir='ltr'>πεποίητο,</span> <span class='ocrx_word' id='word_1_210' title='bbox 640 1745 778 1799; x_wconf 88' lang='grc' dir='ltr'><strong>ἀλλά</strong></span> <span class='ocrx_word' id='word_1_211' title='bbox 806 1746 941 1816; x_wconf 84' lang='grc' dir='ltr'>πρὸς</span> <span class='ocrx_word' id='word_1_212' title='bbox 968 1746 1145 1800; x_wconf 84' lang='grc' dir='ltr'>πάντα</span> <span class='ocrx_word' id='word_1_213' title='bbox 1170 1746 1433 1814; x_wconf 81' lang='grc' dir='ltr'>γενναίως</span> <span class='ocrx_word' id='word_1_214' title='bbox 1446 1745 1895 1800; x_wconf 82' lang='grc' dir='ltr'>ἀντικαθίσταντο</span> 
     </span>
    </p>
   </div>
   <div class='ocr_carea' id='block_1_33' title="bbox 1999 1745 3563 1821">
    <p class='ocr_par' dir='ltr' id='par_1_33' title="bbox 1999 1752 3563 1821">
     <span class='ocr_line' id='line_1_33' title="bbox 1999 1752 3563 1821; baseline -0.002 -16"><span class='ocrx_word' id='word_1_215' title='bbox 1999 1752 2178 1821; x_wconf 87' lang='lat' dir='ltr'><strong>puteis</strong></span> <span class='ocrx_word' id='word_1_216' title='bbox 2210 1762 2266 1807; x_wconf 92' lang='lat' dir='ltr'><strong>et</strong></span> <span class='ocrx_word' id='word_1_217' title='bbox 2317 1752 2566 1807; x_wconf 78' lang='lat' dir='ltr'><strong>fontibus</strong></span> <span class='ocrx_word' id='word_1_218' title='bbox 2604 1752 2826 1807; x_wconf 88' lang='lat' dir='ltr'><strong>abunde</strong></span> <span class='ocrx_word' id='word_1_219' title='bbox 2870 1752 2985 1807; x_wconf 85' lang='lat' dir='ltr'><strong>illis</strong></span> <span class='ocrx_word' id='word_1_220' title='bbox 3030 1767 3171 1821; x_wconf 88' lang='lat' dir='ltr'><strong>aqua</strong></span> <span class='ocrx_word' id='word_1_221' title='bbox 3216 1758 3563 1819; x_wconf 85' lang='lat' dir='ltr'><strong>suppetente,</strong></span> 
     </span>
    </p>
   </div>
   <div class='ocr_carea' id='block_1_34' title="bbox 324 1812 1898 1914">
    <p class='ocr_par' dir='ltr' id='par_1_34' title="bbox 324 1812 1897 1908">
     <span class='ocr_line' id='line_1_34' title="bbox 324 1812 1897 1908; baseline 0.003 -20"><span class='ocrx_word' id='word_1_222' title='bbox 324 1837 377 1888; x_wconf 82' lang='lat' dir='ltr'><strong>oi</strong></span> <span class='ocrx_word' id='word_1_223' title='bbox 403 1812 872 1908; x_wconf 70' lang='grc' dir='ltr'>πολιορκούμενοι,</span> <span class='ocrx_word' id='word_1_224' title='bbox 906 1838 1001 1889; x_wconf 76' lang='grc' dir='ltr'>καὶ</span> <span class='ocrx_word' id='word_1_225' title='bbox 1036 1837 1126 1890; x_wconf 70' lang='grc' dir='ltr'><strong>τὸν</strong></span> <span class='ocrx_word' id='word_1_226' title='bbox 1166 1812 1415 1907; x_wconf 76' lang='grc' dir='ltr'>ποταμὸν</span> <span class='ocrx_word' id='word_1_227' title='bbox 1456 1838 1533 1903; x_wconf 84' lang='grc' dir='ltr'>δὲ,</span> <span class='ocrx_word' id='word_1_228' title='bbox 1567 1837 1623 1901; x_wconf 80' lang='grc' dir='ltr'>ὃς</span> <span class='ocrx_word' id='word_1_229' title='bbox 1664 1838 1753 1891; x_wconf 76' lang='grc' dir='ltr'><strong>διὰ</strong></span> <span class='ocrx_word' id='word_1_230' title='bbox 1798 1840 1897 1907; x_wconf 82' lang='grc' dir='ltr'><strong>μὲ-</strong></span> 
     </span>
    </p>
   </div>
   <div class='ocr_carea' id='block_1_35' title="bbox 1999 1812 3567 1914">
    <p class='ocr_par' dir='ltr' id='par_1_35' title="bbox 1999 1844 3567 1914">
     <span class='ocr_line' id='line_1_35' title="bbox 1999 1844 3567 1914; baseline -0.003 -16"><span class='ocrx_word' id='word_1_231' title='bbox 1999 1844 2134 1898; x_wconf 91' lang='lat' dir='ltr'><strong>nihil</strong></span> <span class='ocrx_word' id='word_1_232' title='bbox 2172 1844 2517 1914; x_wconf 80' lang='lat' dir='ltr'><strong>profecisset.</strong></span> <span class='ocrx_word' id='word_1_233' title='bbox 2559 1844 2627 1899; x_wconf 92' lang='lat' dir='ltr'><strong>ad</strong></span> <span class='ocrx_word' id='word_1_234' title='bbox 2675 1844 2823 1899; x_wconf 76' lang='lat' dir='ltr'><strong>aliud</strong></span> <span class='ocrx_word' id='word_1_235' title='bbox 2867 1844 3228 1899; x_wconf 81' lang='lat' dir='ltr'><strong>convertitur.</strong></span> <span class='ocrx_word' id='word_1_236' title='bbox 3269 1844 3567 1913; x_wconf 71' lang='lat' dir='ltr'><strong>Regressus</strong></span> 
     </span>
    </p>
   </div>
   <div class='ocr_carea' id='block_1_36' title="bbox 330 1928 1896 2001">
    <p class='ocr_par' dir='ltr' id='par_1_36' title="bbox 330 1928 1896 2001">
     <span class='ocr_line' id='line_1_36' title="bbox 330 1928 1896 2001; baseline 0.002 -22"><span class='ocrx_word' id='word_1_237' title='bbox 330 1943 429 1998; x_wconf 83' lang='grc' dir='ltr'><strong>σης</strong></span> <span class='ocrx_word' id='word_1_238' title='bbox 477 1928 626 2001; x_wconf 74' lang='grc' dir='ltr'>ἔρρει</span> <span class='ocrx_word' id='word_1_239' title='bbox 665 1929 765 1996; x_wconf 77' lang='grc' dir='ltr'>τῆς</span> <span class='ocrx_word' id='word_1_240' title='bbox 792 1928 1022 1991; x_wconf 83' lang='grc' dir='ltr'>πόλεως,</span> <span class='ocrx_word' id='word_1_241' title='bbox 1055 1930 1445 2000; x_wconf 72' lang='grc' dir='ltr'>μετωχέτευεν,</span> <span class='ocrx_word' id='word_1_242' title='bbox 1481 1930 1566 1983; x_wconf 80' lang='grc' dir='ltr'>ῐνα</span> <span class='ocrx_word' id='word_1_243' title='bbox 1601 1929 1742 1999; x_wconf 75' lang='grc' dir='ltr'>δίψει</span> <span class='ocrx_word' id='word_1_244' title='bbox 1774 1948 1896 1982; x_wconf 81' lang='grc' dir='ltr'>πιε-</span> 
     </span>
    </p>
   </div>
   <div class='ocr_carea' id='block_1_37' title="bbox 328 2016 1889 2093">
    <p class='ocr_par' dir='ltr' id='par_1_37' title="bbox 328 2016 1889 2093">
     <span class='ocr_line' id='line_1_37' title="bbox 328 2016 1889 2093; baseline 0.003 -22"><span class='ocrx_word' id='word_1_245' title='bbox 328 2016 547 2088; x_wconf 81' lang='grc' dir='ltr'>ζόμενοι</span> <span class='ocrx_word' id='word_1_246' title='bbox 598 2019 649 2072; x_wconf 78' lang='grc' dir='ltr'>οἱ</span> <span class='ocrx_word' id='word_1_247' title='bbox 686 2020 784 2090; x_wconf 80' lang='grc' dir='ltr'>τῆς</span> <span class='ocrx_word' id='word_1_248' title='bbox 831 2020 1038 2083; x_wconf 84' lang='grc' dir='ltr'>πόλεως</span> <span class='ocrx_word' id='word_1_249' title='bbox 1089 2020 1334 2093; x_wconf 85' lang='grc' dir='ltr'>προδῴεν</span> <span class='ocrx_word' id='word_1_250' title='bbox 1378 2021 1526 2090; x_wconf 88' lang='grc' dir='ltr'>αὑτῷ</span> <span class='ocrx_word' id='word_1_251' title='bbox 1568 2022 1665 2092; x_wconf 85' lang='grc' dir='ltr'>τὴν</span> <span class='ocrx_word' id='word_1_252' title='bbox 1714 2022 1889 2076; x_wconf 90' lang='grc' dir='ltr'>πόλιν.</span> 
     </span>
    </p>
   </div>
   <div class='ocr_carea' id='block_1_38' title="bbox 329 2107 1894 2183">
    <p class='ocr_par' dir='ltr' id='par_1_38' title="bbox 329 2107 1894 2183">
     <span class='ocr_line' id='line_1_38' title="bbox 329 2107 1894 2183; baseline 0.001 -19"><span class='ocrx_word' id='word_1_253' title='bbox 329 2109 457 2174; x_wconf 78' lang='grc' dir='ltr'>Τοῖς</span> <span class='ocrx_word' id='word_1_254' title='bbox 499 2111 556 2164; x_wconf 71' lang='grc' dir='ltr'><strong>δι</strong></span> <span class='ocrx_word' id='word_1_255' title='bbox 599 2109 829 2177; x_wconf 81' lang='grc' dir='ltr'>ἀφθονία</span> <span class='ocrx_word' id='word_1_256' title='bbox 866 2107 934 2183; x_wconf 77' lang='grc' dir='ltr'>ἦν</span> <span class='ocrx_word' id='word_1_257' title='bbox 972 2112 1181 2165; x_wconf 85' lang='grc' dir='ltr'>ὑδάτων</span> <span class='ocrx_word' id='word_1_258' title='bbox 1214 2112 1308 2165; x_wconf 77' lang='grc' dir='ltr'>καὶ</span> <span class='ocrx_word' id='word_1_259' title='bbox 1332 2113 1397 2165; x_wconf 72' lang='grc' dir='ltr'><strong>εκ</strong></span> <span class='ocrx_word' id='word_1_260' title='bbox 1428 2115 1681 2183; x_wconf 81' lang='grc' dir='ltr'>φρεάτων</span> <span class='ocrx_word' id='word_1_261' title='bbox 1708 2115 1803 2166; x_wconf 78' lang='grc' dir='ltr'>καὶ</span> <span class='ocrx_word' id='word_1_262' title='bbox 1830 2115 1894 2166; x_wconf 71' lang='grc' dir='ltr'>ἑκ</span> 
     </span>
    </p>
   </div>
   <div class='ocr_carea' id='block_1_39' title="bbox 327 2202 1895 2273">
    <p class='ocr_par' dir='ltr' id='par_1_39' title="bbox 327 2202 1895 2273">
     <span class='ocr_line' id='line_1_39' title="bbox 327 2202 1895 2273; baseline 0.001 -19"><span class='ocrx_word' id='word_1_263' title='bbox 327 2218 541 2272; x_wconf 84' lang='grc' dir='ltr'>πηγων.</span> <span class='ocrx_word' id='word_1_264' title='bbox 590 2202 676 2267; x_wconf 79' lang='grc' dir='ltr'>Ὠς</span> <span class='ocrx_word' id='word_1_265' title='bbox 709 2204 754 2256; x_wconf 85' lang='grc' dir='ltr'>δ’</span> <span class='ocrx_word' id='word_1_266' title='bbox 795 2205 876 2266; x_wconf 88' lang='grc' dir='ltr'><strong>είς</strong></span> <span class='ocrx_word' id='word_1_267' title='bbox 903 2203 1065 2258; x_wconf 75' lang='grc' dir='ltr'>οὐδὲν</span> <span class='ocrx_word' id='word_1_268' title='bbox 1102 2202 1252 2273; x_wconf 88' lang='grc' dir='ltr'><strong>αὑτῷ</strong></span> <span class='ocrx_word' id='word_1_269' title='bbox 1311 2207 1594 2272; x_wconf 82' lang='grc' dir='ltr'>κατήντων</span> <span class='ocrx_word' id='word_1_270' title='bbox 1630 2202 1895 2273; x_wconf 84' lang='grc' dir='ltr'>ἀνύσιμον</span> 
     </span>
    </p>
   </div>
   <div class='ocr_carea' id='block_1_40' title="bbox 329 2294 1893 2366">
    <p class='ocr_par' dir='ltr' id='par_1_40' title="bbox 329 2294 1893 2366">
     <span class='ocr_line' id='line_1_40' title="bbox 329 2294 1893 2366; baseline 0.001 -20"><span class='ocrx_word' id='word_1_271' title='bbox 329 2294 385 2346; x_wconf 88' lang='grc' dir='ltr'><strong>αί</strong></span> <span class='ocrx_word' id='word_1_272' title='bbox 439 2294 695 2360; x_wconf 73' lang='grc' dir='ltr'>ἐπίνοιαι,</span> <span class='ocrx_word' id='word_1_273' title='bbox 759 2295 949 2365; x_wconf 70' lang='grc' dir='ltr'>ἕτερόν</span> <span class='ocrx_word' id='word_1_274' title='bbox 1005 2312 1057 2348; x_wconf 89' lang='grc' dir='ltr'><strong>τι</strong></span> <span class='ocrx_word' id='word_1_275' title='bbox 1113 2294 1260 2364; x_wconf 86' lang='grc' dir='ltr'>αὑτῷ</span> <span class='ocrx_word' id='word_1_276' title='bbox 1318 2295 1689 2366; x_wconf 77' lang='grc' dir='ltr'>μεμηχάνητο.</span> <span class='ocrx_word' id='word_1_277' title='bbox 1743 2294 1893 2347; x_wconf 83' lang='grc' dir='ltr'>Ἁνα-</span> 
     </span>
    </p>
   </div>
   <div class='ocr_carea' id='block_1_41' title="bbox 348 2385 1894 2457">
    <p class='ocr_par' dir='ltr' id='par_1_41' title="bbox 348 2385 1894 2457">
     <span class='ocr_line' id='line_1_41' title="bbox 348 2385 1894 2457; baseline 0.001 -21"><span class='ocrx_word' id='word_1_278' title='bbox 348 2385 580 2455; x_wconf 87' lang='grc' dir='ltr'>δραμὼν</span> <span class='ocrx_word' id='word_1_279' title='bbox 614 2387 704 2438; x_wconf 69' lang='grc' dir='ltr'>τὸν</span> <span class='ocrx_word' id='word_1_280' title='bbox 755 2386 1022 2455; x_wconf 79' lang='grc' dir='ltr'>ποταμὸν,</span> <span class='ocrx_word' id='word_1_281' title='bbox 1084 2387 1159 2449; x_wconf 72' lang='grc' dir='ltr'><strong>ἀς</strong></span> <span class='ocrx_word' id='word_1_282' title='bbox 1185 2388 1421 2456; x_wconf 72' lang='grc' dir='ltr'>εἴρηται,</span> <span class='ocrx_word' id='word_1_283' title='bbox 1450 2387 1539 2438; x_wconf 81' lang='grc' dir='ltr'>διὰ</span> <span class='ocrx_word' id='word_1_284' title='bbox 1570 2387 1668 2457; x_wconf 85' lang='grc' dir='ltr'>τῆς</span> <span class='ocrx_word' id='word_1_285' title='bbox 1688 2385 1894 2448; x_wconf 89' lang='grc' dir='ltr'>πόλεως</span> 
     </span>
    </p>
   </div>
   <div class='ocr_carea' id='block_1_42' title="bbox 331 2475 1893 2548">
    <p class='ocr_par' dir='ltr' id='par_1_42' title="bbox 331 2475 1893 2548">
     <span class='ocr_line' id='line_1_42' title="bbox 331 2475 1893 2548; baseline 0.002 -21"><span class='ocrx_word' id='word_1_286' title='bbox 331 2475 503 2544; x_wconf 79' lang='grc' dir='ltr'>ἒρῤει,</span> <span class='ocrx_word' id='word_1_287' title='bbox 529 2479 623 2529; x_wconf 80' lang='grc' dir='ltr'>καὶ</span> <span class='ocrx_word' id='word_1_288' title='bbox 656 2476 791 2547; x_wconf 80' lang='grc' dir='ltr'>πρὸς</span> <span class='ocrx_word' id='word_1_289' title='bbox 831 2477 1119 2546; x_wconf 81' lang='grc' dir='ltr'>φάραγγας</span> <span class='ocrx_word' id='word_1_290' title='bbox 1158 2476 1416 2546; x_wconf 81' lang='grc' dir='ltr'>γεγονὼς,</span> <span class='ocrx_word' id='word_1_291' title='bbox 1449 2476 1580 2530; x_wconf 77' lang='grc' dir='ltr'>ἔνθα</span> <span class='ocrx_word' id='word_1_292' title='bbox 1634 2480 1662 2531; x_wconf 90' lang='lat'><strong>6</strong></span> <span class='ocrx_word' id='word_1_293' title='bbox 1716 2478 1893 2548; x_wconf 84' lang='grc' dir='ltr'>χῶρος</span> 
     </span>
    </p>
   </div>
   <div class='ocr_carea' id='block_1_43' title="bbox 328 2559 1896 2638">
    <p class='ocr_par' dir='ltr' id='par_1_43' title="bbox 328 2559 1896 2638">
     <span class='ocr_line' id='line_1_43' title="bbox 328 2559 1896 2638; baseline 0.003 -19"><span class='ocrx_word' id='word_1_294' title='bbox 328 2565 400 2619; x_wconf 84' lang='grc' dir='ltr'><strong>δι’</strong></span> <span class='ocrx_word' id='word_1_295' title='bbox 424 2559 484 2618; x_wconf 78' lang='grc' dir='ltr'><strong>οὗ</strong></span> <span class='ocrx_word' id='word_1_296' title='bbox 510 2566 671 2637; x_wconf 77' lang='grc' dir='ltr'>διῄει,</span> <span class='ocrx_word' id='word_1_297' title='bbox 737 2568 1029 2631; x_wconf 81' lang='grc' dir='ltr'>ἐστὲνωτο,</span> <span class='ocrx_word' id='word_1_298' title='bbox 1093 2567 1375 2638; x_wconf 75' lang='grc' dir='ltr'>ἀπέὠραξε</span> <span class='ocrx_word' id='word_1_299' title='bbox 1430 2569 1523 2623; x_wconf 84' lang='grc' dir='ltr'>τὸν</span> <span class='ocrx_word' id='word_1_300' title='bbox 1584 2569 1746 2623; x_wconf 81' lang='grc' dir='ltr'>τόπον</span> <span class='ocrx_word' id='word_1_301' title='bbox 1800 2570 1896 2624; x_wconf 78' lang='grc' dir='ltr'>καὶ</span> 
     </span>
    </p>
   </div>
   <div class='ocr_carea' id='block_1_44' title="bbox 332 2659 1895 2733">
    <p class='ocr_par' dir='ltr' id='par_1_44' title="bbox 332 2659 1895 2733">
     <span class='ocr_line' id='line_1_44' title="bbox 332 2659 1895 2733; baseline 0.002 -22"><span class='ocrx_word' id='word_1_302' title='bbox 332 2659 533 2729; x_wconf 74' lang='grc' dir='ltr'>ἐπέσχε</span> <span class='ocrx_word' id='word_1_303' title='bbox 563 2659 623 2711; x_wconf 82' lang='grc' dir='ltr'>τὸ</span> <span class='ocrx_word' id='word_1_304' title='bbox 649 2659 829 2728; x_wconf 73' lang='grc' dir='ltr'>ῥεῦμα</span> <span class='ocrx_word' id='word_1_305' title='bbox 852 2659 1039 2714; x_wconf 84' lang='grc' dir='ltr'>αὑτοῦ.</span> <span class='ocrx_word' id='word_1_306' title='bbox 1074 2659 1183 2713; x_wconf 79' lang='grc' dir='ltr'><strong>Τοῦ</strong></span> <span class='ocrx_word' id='word_1_307' title='bbox 1232 2661 1276 2713; x_wconf 84' lang='grc' dir='ltr'>δ’</span> <span class='ocrx_word' id='word_1_308' title='bbox 1306 2660 1497 2725; x_wconf 75' lang='grc' dir='ltr'>ὓδατος</span> <span class='ocrx_word' id='word_1_309' title='bbox 1557 2661 1895 2733; x_wconf 75' lang='grc' dir='ltr'>πλημμυρή-</span> 
     </span>
    </p>
   </div>
   <div class='ocr_carea' id='block_1_45' title="bbox 332 2750 1896 2824">
    <p class='ocr_par' dir='ltr' id='par_1_45' title="bbox 332 2750 1896 2824">
     <span class='ocr_line' id='line_1_45' title="bbox 332 2750 1896 2824; baseline 0.003 -20"><span class='ocrx_word' id='word_1_310' title='bbox 332 2768 548 2818; x_wconf 90' lang='grc' dir='ltr'>σαντος,</span> <span class='ocrx_word' id='word_1_311' title='bbox 581 2753 776 2820; x_wconf 86' lang='grc' dir='ltr'>ἀθρόον</span> <span class='ocrx_word' id='word_1_312' title='bbox 799 2753 866 2805; x_wconf 84' lang='grc' dir='ltr'>τὰ</span> <span class='ocrx_word' id='word_1_313' title='bbox 906 2750 1221 2822; x_wconf 86' lang='grc' dir='ltr'>φραγνύντα</span> <span class='ocrx_word' id='word_1_314' title='bbox 1250 2755 1346 2824; x_wconf 76' lang='grc' dir='ltr'>τὴν</span> <span class='ocrx_word' id='word_1_315' title='bbox 1393 2753 1485 2807; x_wconf 80' lang='grc' dir='ltr'>τοῦ</span> <span class='ocrx_word' id='word_1_316' title='bbox 1509 2752 1701 2818; x_wconf 79' lang='grc' dir='ltr'>ὕδατος</span> <span class='ocrx_word' id='word_1_317' title='bbox 1725 2754 1896 2808; x_wconf 86' lang='grc' dir='ltr'>δίοδον</span> 
     </span>
    </p>
   </div>
   <div class='ocr_carea' id='block_1_46' title="bbox 330 2842 1897 2916">
    <p class='ocr_par' dir='ltr' id='par_1_46' title="bbox 330 2842 1897 2916">
     <span class='ocr_line' id='line_1_46' title="bbox 330 2842 1897 2916; baseline 0.003 -20"><span class='ocrx_word' id='word_1_318' title='bbox 330 2842 531 2908; x_wconf 68' lang='grc' dir='ltr'>ἐξελὼν</span> <span class='ocrx_word' id='word_1_319' title='bbox 562 2844 741 2915; x_wconf 74' lang='grc' dir='ltr'>ἀφῆκε</span> <span class='ocrx_word' id='word_1_320' title='bbox 790 2845 851 2897; x_wconf 81' lang='grc' dir='ltr'>τὸ</span> <span class='ocrx_word' id='word_1_321' title='bbox 874 2845 1054 2914; x_wconf 79' lang='grc' dir='ltr'>ῥεῦμα</span> <span class='ocrx_word' id='word_1_322' title='bbox 1088 2846 1232 2899; x_wconf 81' lang='grc' dir='ltr'><strong>κατά</strong></span> <span class='ocrx_word' id='word_1_323' title='bbox 1286 2848 1388 2916; x_wconf 82' lang='grc' dir='ltr'>τῆς</span> <span class='ocrx_word' id='word_1_324' title='bbox 1446 2848 1687 2909; x_wconf 80' lang='grc' dir='ltr'>πόλεως’</span> <span class='ocrx_word' id='word_1_325' title='bbox 1734 2847 1796 2900; x_wconf 81' lang='grc' dir='ltr'><strong>τὺ</strong></span> <span class='ocrx_word' id='word_1_326' title='bbox 1838 2847 1897 2901; x_wconf 65' lang='grc' dir='ltr'>δὲ</span> 
     </span>
    </p>
   </div>
   <div class='ocr_carea' id='block_1_47' title="bbox 333 2935 1898 3009">
    <p class='ocr_par' dir='ltr' id='par_1_47' title="bbox 333 2935 1898 3009">
     <span class='ocr_line' id='line_1_47' title="bbox 333 2935 1898 3009; baseline 0.004 -22"><span class='ocrx_word' id='word_1_327' title='bbox 333 2935 504 2989; x_wconf 89' lang='grc' dir='ltr'>πολύν</span> <span class='ocrx_word' id='word_1_328' title='bbox 525 2953 584 2989; x_wconf 88' lang='grc' dir='ltr'><strong>τε</strong></span> <span class='ocrx_word' id='word_1_329' title='bbox 614 2937 1027 3007; x_wconf 83' lang='grc' dir='ltr'>σεσωρευμένον</span> <span class='ocrx_word' id='word_1_330' title='bbox 1059 2939 1155 2991; x_wconf 74' lang='grc' dir='ltr'>καὶ</span> <span class='ocrx_word' id='word_1_331' title='bbox 1192 2939 1291 2991; x_wconf 76' lang='grc' dir='ltr'>σὺν</span> <span class='ocrx_word' id='word_1_332' title='bbox 1323 2936 1416 3007; x_wconf 77' lang='grc' dir='ltr'>βίᾳ</span> <span class='ocrx_word' id='word_1_333' title='bbox 1445 2939 1648 3008; x_wconf 78' lang='grc' dir='ltr'>σφοδρᾷ</span> <span class='ocrx_word' id='word_1_334' title='bbox 1677 2938 1758 3009; x_wconf 84' lang='grc' dir='ltr'>τῷ</span> <span class='ocrx_word' id='word_1_335' title='bbox 1783 2939 1898 2993; x_wconf 86' lang='grc' dir='ltr'>τεί-</span> 
     </span>
    </p>
   </div>
   <div class='ocr_carea' id='block_1_48' title="bbox 333 3027 1895 3101">
    <p class='ocr_par' dir='ltr' id='par_1_48' title="bbox 333 3027 1895 3101">
     <span class='ocr_line' id='line_1_48' title="bbox 333 3027 1895 3101; baseline 0.004 -22"><span class='ocrx_word' id='word_1_336' title='bbox 333 3043 419 3097; x_wconf 89' lang='grc' dir='ltr'><strong>χει</strong></span> <span class='ocrx_word' id='word_1_337' title='bbox 457 3027 773 3097; x_wconf 79' lang='grc' dir='ltr'>προσπεσὸν</span> <span class='ocrx_word' id='word_1_338' title='bbox 800 3029 973 3099; x_wconf 80' lang='grc' dir='ltr'>μέρος</span> <span class='ocrx_word' id='word_1_339' title='bbox 999 3029 1213 3083; x_wconf 80' lang='grc' dir='ltr'>ἐκείνου</span> <span class='ocrx_word' id='word_1_340' title='bbox 1247 3028 1605 3101; x_wconf 79' lang='grc' dir='ltr'>κατέρραξεν.</span> <span class='ocrx_word' id='word_1_341' title='bbox 1639 3032 1753 3084; x_wconf 77' lang='grc' dir='ltr'>Οὐκ</span> <span class='ocrx_word' id='word_1_342' title='bbox 1801 3031 1895 3085; x_wconf 87' lang='grc' dir='ltr'>εὑ-</span> 
     </span>
    </p>
   </div>
   <div class='ocr_carea' id='block_1_49' title="bbox 2000 1934 3561 2005">
    <p class='ocr_par' dir='ltr' id='par_1_49' title="bbox 2000 1934 3561 2005">
     <span class='ocr_line' id='line_1_49' title="bbox 2000 1934 3561 2005; baseline -0.005 -14"><span class='ocrx_word' id='word_1_343' title='bbox 2000 1935 2101 2004; x_wconf 79' lang='lat'><strong>15</strong></span> <span class='ocrx_word' id='word_1_344' title='bbox 2128 1936 2274 1990; x_wconf 88' lang='lat' dir='ltr'><strong>enim</strong></span> <span class='ocrx_word' id='word_1_345' title='bbox 2301 1952 2491 1990; x_wconf 87' lang='lat' dir='ltr'><strong>versus</strong></span> <span class='ocrx_word' id='word_1_346' title='bbox 2516 1946 2675 2005; x_wconf 86' lang='lat' dir='ltr'><strong>caput</strong></span> <span class='ocrx_word' id='word_1_347' title='bbox 2708 1935 2952 2005; x_wconf 87' lang='lat' dir='ltr'><strong>ejusdem</strong></span> <span class='ocrx_word' id='word_1_348' title='bbox 2979 1934 3178 1997; x_wconf 82' lang='lat' dir='ltr'><strong>amnis,</strong></span> <span class='ocrx_word' id='word_1_349' title='bbox 3207 1949 3311 2001; x_wconf 85' lang='lat' dir='ltr'><strong>qua</strong></span> <span class='ocrx_word' id='word_1_350' title='bbox 3337 1935 3388 1985; x_wconf 89' lang='lat' dir='ltr'><strong>in</strong></span> <span class='ocrx_word' id='word_1_351' title='bbox 3428 1946 3561 1984; x_wconf 84' lang='lat' dir='ltr'><strong>con-</strong></span> 
     </span>
    </p>
   </div>
   <div class='ocr_carea' id='block_1_50' title="bbox 1994 2024 3561 2097">
    <p class='ocr_par' dir='ltr' id='par_1_50' title="bbox 1994 2024 3561 2097">
     <span class='ocr_line' id='line_1_50' title="bbox 1994 2024 3561 2097; baseline -0.002 -19"><span class='ocrx_word' id='word_1_352' title='bbox 1994 2025 2231 2081; x_wconf 73' lang='lat' dir='ltr'><strong>vallibus</strong></span> <span class='ocrx_word' id='word_1_353' title='bbox 2254 2042 2360 2097; x_wconf 92' lang='lat' dir='ltr'><strong>ang</strong></span> <span class='ocrx_word' id='word_1_354' title='bbox 2376 2035 2499 2080; x_wconf 90' lang='lat' dir='ltr'><strong>usto</strong></span> <span class='ocrx_word' id='word_1_355' title='bbox 2528 2029 2682 2082; x_wconf 80' lang='lat' dir='ltr'><strong>alveo</strong></span> <span class='ocrx_word' id='word_1_356' title='bbox 2705 2026 2980 2081; x_wconf 80' lang='lat' dir='ltr'><strong>deﬂuebat</strong></span> <span class='ocrx_word' id='word_1_357' title='bbox 3010 2045 3025 2082; x_wconf 84' lang='grc'>;</span> <span class='ocrx_word' id='word_1_358' title='bbox 3047 2026 3169 2080; x_wconf 88' lang='lat' dir='ltr'><strong>loco</strong></span> <span class='ocrx_word' id='word_1_359' title='bbox 3197 2026 3288 2078; x_wconf 90' lang='lat' dir='ltr'><strong>illo</strong></span> <span class='ocrx_word' id='word_1_360' title='bbox 3309 2024 3561 2091; x_wconf 85' lang='lat' dir='ltr'><strong>obsepto,</strong></span> 
     </span>
    </p>
   </div>
   <div class='ocr_carea' id='block_1_51' title="bbox 1992 2115 3567 2187">
    <p class='ocr_par' dir='ltr' id='par_1_51' title="bbox 1992 2115 3567 2187">
     <span class='ocr_line' id='line_1_51' title="bbox 1992 2115 3567 2187; baseline -0.002 -18"><span class='ocrx_word' id='word_1_361' title='bbox 1992 2129 2216 2169; x_wconf 86' lang='lat' dir='ltr'><strong>cursum</strong></span> <span class='ocrx_word' id='word_1_362' title='bbox 2259 2116 2517 2181; x_wconf 86' lang='lat' dir='ltr'><strong>inhibuit,</strong></span> <span class='ocrx_word' id='word_1_363' title='bbox 2566 2126 2621 2171; x_wconf 90' lang='lat' dir='ltr'><strong>et</strong></span> <span class='ocrx_word' id='word_1_364' title='bbox 2677 2132 2875 2185; x_wconf 86' lang='lat' dir='ltr'><strong>aquam</strong></span> <span class='ocrx_word' id='word_1_365' title='bbox 2926 2125 3292 2187; x_wconf 77' lang='lat' dir='ltr'><strong>stagnantem,</strong></span> <span class='ocrx_word' id='word_1_366' title='bbox 3341 2115 3567 2169; x_wconf 83' lang='lat' dir='ltr'><strong>remotis</strong></span> 
     </span>
    </p>
   </div>
   <div class='ocr_carea' id='block_1_52' title="bbox 1993 2205 3566 2275">
    <p class='ocr_par' dir='ltr' id='par_1_52' title="bbox 1993 2205 3566 2275">
     <span class='ocr_line' id='line_1_52' title="bbox 1993 2205 3566 2275; baseline 0 -17"><span class='ocrx_word' id='word_1_367' title='bbox 1993 2205 2284 2275; x_wconf 74' lang='lat' dir='ltr'><strong>aggeribus</strong></span> <span class='ocrx_word' id='word_1_368' title='bbox 2335 2205 2623 2261; x_wconf 79' lang='lat' dir='ltr'><strong>confestim</strong></span> <span class='ocrx_word' id='word_1_369' title='bbox 2665 2221 2858 2261; x_wconf 83' lang='lat' dir='ltr'><strong>versus</strong></span> <span class='ocrx_word' id='word_1_370' title='bbox 2907 2206 3096 2260; x_wconf 88' lang='lat' dir='ltr'><strong>urbem</strong></span> <span class='ocrx_word' id='word_1_371' title='bbox 3156 2206 3384 2261; x_wconf 87' lang='lat' dir='ltr'><strong>emisit:</strong></span> <span class='ocrx_word' id='word_1_372' title='bbox 3443 2220 3566 2273; x_wconf 78' lang='lat' dir='ltr'><strong>qua:</strong></span> 
     </span>
    </p>
   </div>
   <div class='ocr_carea' id='block_1_53' title="bbox 1994 2294 3565 2366">
    <p class='ocr_par' dir='ltr' id='par_1_53' title="bbox 1994 2294 3565 2366">
     <span class='ocr_line' id='line_1_53' title="bbox 1994 2294 3565 2366; baseline 0.001 -20"><span class='ocrx_word' id='word_1_373' title='bbox 1994 2294 2122 2363; x_wconf 88' lang='lat' dir='ltr'><strong>quia</strong></span> <span class='ocrx_word' id='word_1_374' title='bbox 2157 2295 2397 2364; x_wconf 85' lang='lat' dir='ltr'><strong>plurima</strong></span> <span class='ocrx_word' id='word_1_375' title='bbox 2423 2296 2648 2352; x_wconf 82' lang='lat' dir='ltr'><strong>collecta</strong></span> <span class='ocrx_word' id='word_1_376' title='bbox 2693 2296 2893 2360; x_wconf 84' lang='lat' dir='ltr'><strong>fuerat,</strong></span> <span class='ocrx_word' id='word_1_377' title='bbox 2934 2312 3129 2366; x_wconf 87' lang='lat' dir='ltr'><strong>magno</strong></span> <span class='ocrx_word' id='word_1_378' title='bbox 3175 2297 3380 2363; x_wconf 78' lang='lat' dir='ltr'><strong>impetu</strong></span> <span class='ocrx_word' id='word_1_379' title='bbox 3435 2311 3565 2363; x_wconf 85' lang='lat' dir='ltr'><strong>par-</strong></span> 
     </span>
    </p>
   </div>
   <div class='ocr_carea' id='block_1_54' title="bbox 1996 2387 3565 2457">
    <p class='ocr_par' dir='ltr' id='par_1_54' title="bbox 1996 2387 3565 2457">
     <span class='ocr_line' id='line_1_54' title="bbox 1996 2387 3565 2457; baseline -0.001 -17"><span class='ocrx_word' id='word_1_380' title='bbox 1996 2396 2104 2440; x_wconf 89' lang='lat' dir='ltr'><strong>tem</strong></span> <span class='ocrx_word' id='word_1_381' title='bbox 2140 2387 2283 2440; x_wconf 92' lang='lat' dir='ltr'><strong>muri</strong></span> <span class='ocrx_word' id='word_1_382' title='bbox 2318 2387 2539 2457; x_wconf 85' lang='lat' dir='ltr'><strong>dejecit.</strong></span> <span class='ocrx_word' id='word_1_383' title='bbox 2575 2388 2846 2441; x_wconf 88' lang='lat' dir='ltr'><strong>Barbarus</strong></span> <span class='ocrx_word' id='word_1_384' title='bbox 2878 2404 3007 2442; x_wconf 84' lang='lat' dir='ltr'><strong>vero</strong></span> <span class='ocrx_word' id='word_1_385' title='bbox 3049 2402 3175 2442; x_wconf 83' lang='lat' dir='ltr'><strong>cunt</strong></span> <span class='ocrx_word' id='word_1_386' title='bbox 3219 2387 3407 2441; x_wconf 82' lang='lat' dir='ltr'><strong>urbem</strong></span> <span class='ocrx_word' id='word_1_387' title='bbox 3455 2401 3565 2438; x_wconf 86' lang='lat' dir='ltr'><strong>non</strong></span> 
     </span>
    </p>
   </div>
   <div class='ocr_carea' id='block_1_55' title="bbox 1994 2477 3561 2548">
    <p class='ocr_par' dir='ltr' id='par_1_55' title="bbox 1994 2477 3561 2548">
     <span class='ocr_line' id='line_1_55' title="bbox 1994 2477 3561 2548; baseline -0.003 -16"><span class='ocrx_word' id='word_1_388' title='bbox 1994 2478 2179 2532; x_wconf 84' lang='lat' dir='ltr'><strong>statim</strong></span> <span class='ocrx_word' id='word_1_389' title='bbox 2227 2477 2477 2544; x_wconf 87' lang='lat' dir='ltr'><strong>intraret,</strong></span> <span class='ocrx_word' id='word_1_390' title='bbox 2520 2486 2635 2532; x_wconf 89' lang='lat' dir='ltr'><strong>tum</strong></span> <span class='ocrx_word' id='word_1_391' title='bbox 2665 2478 2794 2548; x_wconf 84' lang='lat' dir='ltr'><strong>quia</strong></span> <span class='ocrx_word' id='word_1_392' title='bbox 2836 2478 2945 2533; x_wconf 87' lang='lat' dir='ltr'><strong>diei</strong></span> <span class='ocrx_word' id='word_1_393' title='bbox 3015 2492 3198 2533; x_wconf 83' lang='lat' dir='ltr'><strong>serum</strong></span> <span class='ocrx_word' id='word_1_394' title='bbox 3241 2488 3394 2542; x_wconf 90' lang='lat' dir='ltr'><strong>erat,</strong></span> <span class='ocrx_word' id='word_1_395' title='bbox 3449 2486 3561 2528; x_wconf 89' lang='lat' dir='ltr'><strong>tum</strong></span> 
     </span>
    </p>
   </div>
   <div class='ocr_carea' id='block_1_56' title="bbox 1994 2570 3564 2641">
    <p class='ocr_par' dir='ltr' id='par_1_56' title="bbox 1994 2570 3564 2641">
     <span class='ocr_line' id='line_1_56' title="bbox 1994 2570 3564 2641; baseline -0.002 -17"><span class='ocrx_word' id='word_1_396' title='bbox 1994 2570 2139 2639; x_wconf 87' lang='lat' dir='ltr'><strong>quod</strong></span> <span class='ocrx_word' id='word_1_397' title='bbox 2160 2572 2272 2640; x_wconf 88' lang='lat' dir='ltr'><strong>jam</strong></span> <span class='ocrx_word' id='word_1_398' title='bbox 2295 2582 2687 2641; x_wconf 79' lang='lat' dir='ltr'><strong>expugnatam,</strong></span> <span class='ocrx_word' id='word_1_399' title='bbox 2708 2572 2971 2640; x_wconf 87' lang='lat' dir='ltr'><strong>postridie</strong></span> <span class='ocrx_word' id='word_1_400' title='bbox 2993 2571 3129 2624; x_wconf 87' lang='lat' dir='ltr'><strong>citra</strong></span> <span class='ocrx_word' id='word_1_401' title='bbox 3153 2570 3564 2625; x_wconf 83' lang='lat' dir='ltr'><strong>dimicationem</strong></span> 
     </span>
    </p>
   </div>
   <div class='ocr_carea' id='block_1_57' title="bbox 1996 2663 3562 2733">
    <p class='ocr_par' dir='ltr' id='par_1_57' title="bbox 1996 2663 3562 2733">
     <span class='ocr_line' id='line_1_57' title="bbox 1996 2663 3562 2733; baseline -0.001 -15"><span class='ocrx_word' id='word_1_402' title='bbox 1996 2676 2057 2718; x_wconf 85' lang='lat' dir='ltr'><strong>se</strong></span> <span class='ocrx_word' id='word_1_403' title='bbox 2085 2672 2443 2732; x_wconf 86' lang='lat' dir='ltr'><strong>accepturum</strong></span> <span class='ocrx_word' id='word_1_404' title='bbox 2494 2665 2765 2732; x_wconf 87' lang='lat' dir='ltr'><strong>putabat:</strong></span> <span class='ocrx_word' id='word_1_405' title='bbox 2798 2664 3056 2733; x_wconf 90' lang='lat' dir='ltr'><strong>oppidani</strong></span> <span class='ocrx_word' id='word_1_406' title='bbox 3091 2664 3193 2719; x_wconf 86' lang='lat' dir='ltr'><strong>etsi</strong></span> <span class='ocrx_word' id='word_1_407' title='bbox 3230 2663 3297 2717; x_wconf 82' lang='lat' dir='ltr'><strong>ad</strong></span> <span class='ocrx_word' id='word_1_408' title='bbox 3350 2665 3562 2717; x_wconf 84' lang='lat' dir='ltr'><strong>ruinam</strong></span> 
     </span>
    </p>
   </div>
   <div class='ocr_carea' id='block_1_58' title="bbox 1997 2753 3563 2824">
    <p class='ocr_par' dir='ltr' id='par_1_58' title="bbox 1997 2753 3563 2824">
     <span class='ocr_line' id='line_1_58' title="bbox 1997 2753 3563 2824; baseline 0.002 -17"><span class='ocrx_word' id='word_1_409' title='bbox 1997 2753 2144 2808; x_wconf 90' lang='lat' dir='ltr'><strong>muri</strong></span> <span class='ocrx_word' id='word_1_410' title='bbox 2172 2755 2534 2817; x_wconf 88' lang='lat' dir='ltr'><strong>consternati,</strong></span> <span class='ocrx_word' id='word_1_411' title='bbox 2567 2764 2746 2808; x_wconf 89' lang='lat' dir='ltr'><strong>tamen</strong></span> <span class='ocrx_word' id='word_1_412' title='bbox 2779 2764 2837 2809; x_wconf 91' lang='lat' dir='ltr'><strong>ut</strong></span> <span class='ocrx_word' id='word_1_413' title='bbox 2866 2756 3059 2809; x_wconf 85' lang='lat' dir='ltr'><strong>Persas</strong></span> <span class='ocrx_word' id='word_1_414' title='bbox 3089 2755 3312 2809; x_wconf 82' lang='lat' dir='ltr'><strong>diﬂerre</strong></span> <span class='ocrx_word' id='word_1_415' title='bbox 3348 2755 3563 2824; x_wconf 85' lang='lat' dir='ltr'><strong>ingres-</strong></span> 
     </span>
    </p>
   </div>
   <div class='ocr_carea' id='block_1_59' title="bbox 1997 2843 3561 2915">
    <p class='ocr_par' dir='ltr' id='par_1_59' title="bbox 1997 2843 3561 2915">
     <span class='ocr_line' id='line_1_59' title="bbox 1997 2843 3561 2915; baseline 0.001 -16"><span class='ocrx_word' id='word_1_416' title='bbox 1997 2858 2119 2899; x_wconf 82' lang='lat' dir='ltr'><strong>sum</strong></span> <span class='ocrx_word' id='word_1_417' title='bbox 2153 2843 2436 2909; x_wconf 87' lang='lat' dir='ltr'><strong>viderunt,</strong></span> <span class='ocrx_word' id='word_1_418' title='bbox 2476 2854 2691 2899; x_wconf 90' lang='lat' dir='ltr'><strong>noctem</strong></span> <span class='ocrx_word' id='word_1_419' title='bbox 2735 2847 2882 2898; x_wconf 91' lang='lat' dir='ltr'><strong>illam</strong></span> <span class='ocrx_word' id='word_1_420' title='bbox 2927 2860 3090 2915; x_wconf 87' lang='lat' dir='ltr'><strong>egere</strong></span> <span class='ocrx_word' id='word_1_421' title='bbox 3133 2846 3462 2911; x_wconf 88' lang='lat' dir='ltr'><strong>insomnem,</strong></span> <span class='ocrx_word' id='word_1_422' title='bbox 3506 2856 3561 2901; x_wconf 76' lang='grc' dir='ltr'>ε’</span> 
     </span>
    </p>
   </div>
   <div class='ocr_carea' id='block_1_60' title="bbox 1997 2938 3561 3007">
    <p class='ocr_par' dir='ltr' id='par_1_60' title="bbox 1997 2938 3561 3007">
     <span class='ocr_line' id='line_1_60' title="bbox 1997 2938 3561 3007; baseline -0.001 -16"><span class='ocrx_word' id='word_1_423' title='bbox 1997 2951 2285 3007; x_wconf 89' lang='lat' dir='ltr'><strong>operarum</strong></span> <span class='ocrx_word' id='word_1_424' title='bbox 2310 2938 2661 2991; x_wconf 84' lang='lat' dir='ltr'><strong>multitudine</strong></span> <span class='ocrx_word' id='word_1_425' title='bbox 2693 2951 2837 2990; x_wconf 87' lang='lat' dir='ltr'><strong>novo</strong></span> <span class='ocrx_word' id='word_1_426' title='bbox 2865 2946 3151 2992; x_wconf 63' lang='lat' dir='ltr'><strong>exstructo</strong></span> <span class='ocrx_word' id='word_1_427' title='bbox 3187 2952 3345 2991; x_wconf 90' lang='lat' dir='ltr'><strong>muro</strong></span> <span class='ocrx_word' id='word_1_428' title='bbox 3378 2938 3561 2990; x_wconf 74' lang='lat' dir='ltr'><strong>locum</strong></span> 
     </span>
    </p>
   </div>
   <div class='ocr_carea' id='block_1_61' title="bbox 1996 3026 3565 3097">
    <p class='ocr_par' dir='ltr' id='par_1_61' title="bbox 1996 3026 3565 3097">
     <span class='ocr_line' id='line_1_61' title="bbox 1996 3026 3565 3097; baseline -0.002 -13"><span class='ocrx_word' id='word_1_429' title='bbox 1996 3029 2154 3085; x_wconf 88' lang='lat' dir='ltr'><strong>illum</strong></span> <span class='ocrx_word' id='word_1_430' title='bbox 2203 3030 2580 3083; x_wconf 73' lang='lat' dir='ltr'><strong>muniverunt.</strong></span> <span class='ocrx_word' id='word_1_431' title='bbox 2629 3027 2750 3093; x_wconf 84' lang='lat' dir='ltr'><strong>Quo</strong></span> <span class='ocrx_word' id='word_1_432' title='bbox 2802 3026 2977 3097; x_wconf 86' lang='lat' dir='ltr'><strong>Sapor</strong></span> <span class='ocrx_word' id='word_1_433' title='bbox 3032 3042 3193 3083; x_wconf 87' lang='lat' dir='ltr'><strong>mane</strong></span> <span class='ocrx_word' id='word_1_434' title='bbox 3246 3038 3565 3095; x_wconf 88' lang='lat' dir='ltr'><strong>conspecto,</strong></span> 
     </span>
    </p>
   </div>
   <div class='ocr_carea' id='block_1_62' title="bbox 333 3117 1898 3209">
    <p class='ocr_par' dir='ltr' id='par_1_62' title="bbox 333 3117 1891 3194">
     <span class='ocr_line' id='line_1_62' title="bbox 333 3117 1891 3194; baseline 0.005 -24"><span class='ocrx_word' id='word_1_435' title='bbox 333 3117 431 3180; x_wconf 85' lang='grc' dir='ltr'>θὺς</span> <span class='ocrx_word' id='word_1_436' title='bbox 461 3118 520 3171; x_wconf 81' lang='grc' dir='ltr'>δὲ</span> <span class='ocrx_word' id='word_1_437' title='bbox 550 3122 578 3172; x_wconf 87' lang='lat'><strong>6</strong></span> <span class='ocrx_word' id='word_1_438' title='bbox 617 3119 893 3191; x_wconf 84' lang='grc' dir='ltr'>βάρϐαρος</span> <span class='ocrx_word' id='word_1_439' title='bbox 925 3121 1105 3174; x_wconf 72' lang='grc' dir='ltr'>είσέδυ</span> <span class='ocrx_word' id='word_1_440' title='bbox 1126 3120 1225 3189; x_wconf 85' lang='grc' dir='ltr'>τὴν</span> <span class='ocrx_word' id='word_1_441' title='bbox 1257 3121 1435 3185; x_wconf 84' lang='grc' dir='ltr'>πόλιν,</span> <span class='ocrx_word' id='word_1_442' title='bbox 1469 3122 1585 3175; x_wconf 82' lang='grc' dir='ltr'>ἀλλ’</span> <span class='ocrx_word' id='word_1_443' title='bbox 1634 3121 1713 3186; x_wconf 80' lang='grc' dir='ltr'><strong>ὡς</strong></span> <span class='ocrx_word' id='word_1_444' title='bbox 1790 3122 1891 3194; x_wconf 73' lang='grc' dir='ltr'>ἢδη</span> 
     </span>
    </p>
   </div>
   <div class='ocr_carea' id='block_1_63' title="bbox 1999 3117 3561 3209">
    <p class='ocr_par' dir='ltr' id='par_1_63' title="bbox 1999 3118 3561 3190">
     <span class='ocr_line' id='line_1_63' title="bbox 1999 3118 3561 3190; baseline -0.003 -14"><span class='ocrx_word' id='word_1_445' title='bbox 1999 3135 2186 3177; x_wconf 86' lang='lat' dir='ltr'><strong>casum</strong></span> <span class='ocrx_word' id='word_1_446' title='bbox 2216 3135 2342 3175; x_wconf 86' lang='lat' dir='ltr'><strong>eum</strong></span> <span class='ocrx_word' id='word_1_447' title='bbox 2385 3134 2497 3175; x_wconf 72' lang='lat' dir='ltr'><strong>sua:</strong></span> <span class='ocrx_word' id='word_1_448' title='bbox 2530 3119 2877 3190; x_wconf 69' lang='lat' dir='ltr'><strong>negligentiae</strong></span> <span class='ocrx_word' id='word_1_449' title='bbox 2919 3119 3226 3185; x_wconf 85' lang='lat' dir='ltr'><strong>aseribens,</strong></span> <span class='ocrx_word' id='word_1_450' title='bbox 3271 3118 3444 3173; x_wconf 87' lang='lat' dir='ltr'><strong>nihilo</strong></span> <span class='ocrx_word' id='word_1_451' title='bbox 3468 3133 3561 3173; x_wconf 76' lang='lat' dir='ltr'><strong>se-</strong></span> 
     </span>
    </p>
   </div>
   <div class='ocr_carea' id='block_1_64' title="bbox 333 3210 1897 3287">
    <p class='ocr_par' dir='ltr' id='par_1_64' title="bbox 333 3210 1897 3287">
     <span class='ocr_line' id='line_1_64' title="bbox 333 3210 1897 3287; baseline 0.005 -25"><span class='ocrx_word' id='word_1_452' title='bbox 333 3210 643 3282; x_wconf 78' lang='grc' dir='ltr'>ήλωθείσης</span> <span class='ocrx_word' id='word_1_453' title='bbox 670 3214 996 3283; x_wconf 77' lang='grc' dir='ltr'>αὑτῆς(ὲπεὶ</span> <span class='ocrx_word' id='word_1_454' title='bbox 1020 3212 1119 3267; x_wconf 76' lang='grc' dir='ltr'>καὶ</span> <span class='ocrx_word' id='word_1_455' title='bbox 1148 3212 1286 3284; x_wconf 82' lang='grc' dir='ltr'>πρὸς</span> <span class='ocrx_word' id='word_1_456' title='bbox 1331 3215 1576 3281; x_wconf 77' lang='grc' dir='ltr'>ἑσπέραν</span> <span class='ocrx_word' id='word_1_457' title='bbox 1599 3211 1668 3287; x_wconf 78' lang='grc' dir='ltr'>ἦν</span> <span class='ocrx_word' id='word_1_458' title='bbox 1696 3216 1725 3269; x_wconf 88' lang='lat'><strong>6</strong></span> <span class='ocrx_word' id='word_1_459' title='bbox 1774 3232 1897 3270; x_wconf 90' lang='grc' dir='ltr'>και-</span> 
     </span>
    </p>
   </div>
   <div class='ocr_carea' id='block_1_65' title="bbox 335 3304 1897 3380">
    <p class='ocr_par' dir='ltr' id='par_1_65' title="bbox 335 3304 1897 3380">
     <span class='ocr_line' id='line_1_65' title="bbox 335 3304 1897 3380; baseline 0.006 -26"><span class='ocrx_word' id='word_1_460' title='bbox 335 3304 449 3372; x_wconf 82' lang='grc' dir='ltr'>ρὸς)</span> <span class='ocrx_word' id='word_1_461' title='bbox 478 3306 756 3376; x_wconf 84' lang='grc' dir='ltr'>είσαύριον</span> <span class='ocrx_word' id='word_1_462' title='bbox 791 3306 1214 3378; x_wconf 80' lang='grc' dir='ltr'>παραλήψεσθαι</span> <span class='ocrx_word' id='word_1_463' title='bbox 1242 3306 1343 3378; x_wconf 84' lang='grc' dir='ltr'>τὴν</span> <span class='ocrx_word' id='word_1_464' title='bbox 1397 3308 1575 3375; x_wconf 88' lang='grc' dir='ltr'>πόλιν,</span> <span class='ocrx_word' id='word_1_465' title='bbox 1629 3308 1704 3380; x_wconf 81' lang='grc' dir='ltr'>μή</span> <span class='ocrx_word' id='word_1_466' title='bbox 1752 3324 1897 3373; x_wconf 86' lang='grc' dir='ltr'>τινος</span> 
     </span>
    </p>
   </div>
   <div class='ocr_carea' id='block_1_66' title="bbox 331 3394 1894 3471">
    <p class='ocr_par' dir='ltr' id='par_1_66' title="bbox 331 3394 1894 3471">
     <span class='ocr_line' id='line_1_66' title="bbox 331 3394 1894 3471; baseline 0.004 -26"><span class='ocrx_word' id='word_1_467' title='bbox 331 3394 755 3461; x_wconf 75' lang='grc' dir='ltr'>ἀντιϐαίνοντος,</span> <span class='ocrx_word' id='word_1_468' title='bbox 808 3397 1124 3467; x_wconf 81' lang='grc' dir='ltr'>ὑπερέθετο.</span> <span class='ocrx_word' id='word_1_469' title='bbox 1158 3399 1221 3451; x_wconf 76' lang='lat' dir='ltr'><strong>Oi</strong></span> <span class='ocrx_word' id='word_1_470' title='bbox 1246 3400 1291 3451; x_wconf 89' lang='grc' dir='ltr'>δ’</span> <span class='ocrx_word' id='word_1_471' title='bbox 1322 3400 1381 3451; x_wconf 82' lang='grc' dir='ltr'>ἐν</span> <span class='ocrx_word' id='word_1_472' title='bbox 1413 3401 1479 3468; x_wconf 82' lang='grc' dir='ltr'><strong>τῇ</strong></span> <span class='ocrx_word' id='word_1_473' title='bbox 1539 3399 1694 3453; x_wconf 86' lang='grc' dir='ltr'>πόλει</span> <span class='ocrx_word' id='word_1_474' title='bbox 1753 3400 1894 3471; x_wconf 82' lang='grc' dir='ltr'>πρὸς</span> 
     </span>
    </p>
   </div>
   <div class='ocr_carea' id='block_1_67' title="bbox 336 3487 1898 3563">
    <p class='ocr_par' dir='ltr' id='par_1_67' title="bbox 336 3487 1898 3563">
     <span class='ocr_line' id='line_1_67' title="bbox 336 3487 1898 3563; baseline 0.004 -24"><span class='ocrx_word' id='word_1_475' title='bbox 336 3487 437 3555; x_wconf 83' lang='grc' dir='ltr'>μὲν</span> <span class='ocrx_word' id='word_1_476' title='bbox 465 3488 526 3540; x_wconf 83' lang='grc' dir='ltr'>τὸ</span> <span class='ocrx_word' id='word_1_477' title='bbox 557 3489 749 3559; x_wconf 81' lang='grc' dir='ltr'>ῥῆγμα</span> <span class='ocrx_word' id='word_1_478' title='bbox 784 3490 880 3544; x_wconf 79' lang='grc' dir='ltr'>τοῦ</span> <span class='ocrx_word' id='word_1_479' title='bbox 920 3491 1135 3561; x_wconf 86' lang='grc' dir='ltr'>τείχους</span> <span class='ocrx_word' id='word_1_480' title='bbox 1197 3491 1637 3563; x_wconf 70' lang='grc' dir='ltr'>ἐθορυϐήθησαν.</span> <span class='ocrx_word' id='word_1_481' title='bbox 1710 3493 1797 3556; x_wconf 85' lang='grc' dir='ltr'>Ὠς</span> <span class='ocrx_word' id='word_1_482' title='bbox 1853 3493 1898 3546; x_wconf 86' lang='grc' dir='ltr'>δ’</span> 
     </span>
    </p>
   </div>
   <div class='ocr_carea' id='block_1_68' title="bbox 332 3575 1902 3652">
    <p class='ocr_par' dir='ltr' id='par_1_68' title="bbox 332 3575 1902 3652">
     <span class='ocr_line' id='line_1_68' title="bbox 332 3575 1902 3652; baseline 0.003 -20"><span class='ocrx_word' id='word_1_483' title='bbox 332 3575 474 3633; x_wconf 79' lang='grc' dir='ltr'>εἷόον</span> <span class='ocrx_word' id='word_1_484' title='bbox 506 3581 632 3643; x_wconf 87' lang='grc' dir='ltr'>τοὺς</span> <span class='ocrx_word' id='word_1_485' title='bbox 663 3581 876 3651; x_wconf 80' lang='grc' dir='ltr'>Πέρσας</span> <span class='ocrx_word' id='word_1_486' title='bbox 895 3583 1303 3652; x_wconf 84' lang='grc' dir='ltr'>ὑπερθεμένους</span> <span class='ocrx_word' id='word_1_487' title='bbox 1331 3584 1432 3651; x_wconf 84' lang='grc' dir='ltr'>τὴν</span> <span class='ocrx_word' id='word_1_488' title='bbox 1481 3583 1702 3647; x_wconf 85' lang='grc' dir='ltr'>εῐσοδον,</span> <span class='ocrx_word' id='word_1_489' title='bbox 1759 3582 1902 3636; x_wconf 80' lang='grc' dir='ltr'>ἀΰπ-</span> 
     </span>
    </p>
   </div>
   <div class='ocr_carea' id='block_1_69' title="bbox 338 3671 1905 3745">
    <p class='ocr_par' dir='ltr' id='par_1_69' title="bbox 338 3671 1905 3745">
     <span class='ocr_line' id='line_1_69' title="bbox 338 3671 1905 3745; baseline 0.003 -23"><span class='ocrx_word' id='word_1_490' title='bbox 338 3671 543 3740; x_wconf 79' lang='grc' dir='ltr'>νοιτὴν</span> <span class='ocrx_word' id='word_1_491' title='bbox 575 3671 744 3725; x_wconf 82' lang='grc' dir='ltr'>νύκτα</span> <span class='ocrx_word' id='word_1_492' title='bbox 762 3673 1179 3737; x_wconf 69' lang='grc' dir='ltr'>διατελέσαντες</span> <span class='ocrx_word' id='word_1_493' title='bbox 1236 3674 1560 3745; x_wconf 74' lang='grc' dir='ltr'>πολυχειρίᾳ</span> <span class='ocrx_word' id='word_1_494' title='bbox 1598 3673 1692 3726; x_wconf 85' lang='grc' dir='ltr'>τὸν</span> <span class='ocrx_word' id='word_1_495' title='bbox 1735 3672 1905 3726; x_wconf 87' lang='grc' dir='ltr'>τόπον·</span> 
     </span>
    </p>
   </div>
   <div class='ocr_carea' id='block_1_70' title="bbox 335 3761 1900 3836">
    <p class='ocr_par' dir='ltr' id='par_1_70' title="bbox 335 3761 1900 3836">
     <span class='ocr_line' id='line_1_70' title="bbox 335 3761 1900 3836; baseline 0.004 -23"><span class='ocrx_word' id='word_1_496' title='bbox 335 3761 663 3833; x_wconf 82' lang='grc' dir='ltr'>ὠχύρωσαν,</span> <span class='ocrx_word' id='word_1_497' title='bbox 690 3767 870 3835; x_wconf 88' lang='grc' dir='ltr'>τεῖχος</span> <span class='ocrx_word' id='word_1_498' title='bbox 892 3765 1041 3829; x_wconf 75' lang='grc' dir='ltr'>ἐντὸς</span> <span class='ocrx_word' id='word_1_499' title='bbox 1064 3768 1448 3835; x_wconf 82' lang='grc' dir='ltr'>ἀνεγείραντες</span> <span class='ocrx_word' id='word_1_500' title='bbox 1491 3766 1681 3835; x_wconf 70' lang='grc' dir='ltr'>ἕτερον</span> <span class='ocrx_word' id='word_1_501' title='bbox 1699 3803 1715 3829; x_wconf 96' lang='grc'><strong>,</strong></span> <span class='ocrx_word' id='word_1_502' title='bbox 1764 3766 1900 3836; x_wconf 85' lang='grc' dir='ltr'>ὅπερ</span> 
     </span>
    </p>
   </div>
   <div class='ocr_carea' id='block_1_71' title="bbox 335 3853 1899 3928">
    <p class='ocr_par' dir='ltr' id='par_1_71' title="bbox 335 3853 1899 3928">
     <span class='ocr_line' id='line_1_71' title="bbox 335 3853 1899 3928; baseline -0.001 -19"><span class='ocrx_word' id='word_1_503' title='bbox 335 3853 507 3909; x_wconf 72' lang='grc' dir='ltr'>ἔωθεν</span> <span class='ocrx_word' id='word_1_504' title='bbox 536 3856 564 3908; x_wconf 91' lang='lat'><strong>6</strong></span> <span class='ocrx_word' id='word_1_505' title='bbox 594 3856 869 3926; x_wconf 83' lang='grc' dir='ltr'>Σαπὼρης</span> <span class='ocrx_word' id='word_1_506' title='bbox 898 3856 1020 3909; x_wconf 83' lang='grc' dir='ltr'>ίδὼν</span> <span class='ocrx_word' id='word_1_507' title='bbox 1055 3857 1290 3927; x_wconf 81' lang='grc' dir='ltr'>ἀμελείᾳ</span> <span class='ocrx_word' id='word_1_508' title='bbox 1323 3856 1503 3928; x_wconf 74' lang='grc' dir='ltr'>οἰκείᾳ</span> <span class='ocrx_word' id='word_1_509' title='bbox 1528 3856 1590 3908; x_wconf 80' lang='grc' dir='ltr'>τὸ</span> <span class='ocrx_word' id='word_1_510' title='bbox 1640 3854 1899 3925; x_wconf 83' lang='grc' dir='ltr'>ἀτύχημα</span> 
     </span>
    </p>
   </div>
   <div class='ocr_carea' id='block_1_72' title="bbox 334 3945 1900 4019">
    <p class='ocr_par' dir='ltr' id='par_1_72' title="bbox 334 3945 1900 4019">
     <span class='ocr_line' id='line_1_72' title="bbox 334 3945 1900 4019; baseline -0.001 -20"><span class='ocrx_word' id='word_1_511' title='bbox 334 3947 704 4018; x_wconf 66' lang='grc' dir='ltr'>ἐπεγράφετο,</span> <span class='ocrx_word' id='word_1_512' title='bbox 732 3948 847 4002; x_wconf 84' lang='grc' dir='ltr'>ἀλλ’</span> <span class='ocrx_word' id='word_1_513' title='bbox 899 3948 1009 4002; x_wconf 73' lang='grc' dir='ltr'>οὐδ’</span> <span class='ocrx_word' id='word_1_514' title='bbox 1064 3948 1208 4002; x_wconf 81' lang='grc' dir='ltr'>οὕτω</span> <span class='ocrx_word' id='word_1_515' title='bbox 1250 3950 1349 4019; x_wconf 84' lang='grc' dir='ltr'>τῆς</span> <span class='ocrx_word' id='word_1_516' title='bbox 1399 3946 1717 4019; x_wconf 83' lang='grc' dir='ltr'>πολιορκίας</span> <span class='ocrx_word' id='word_1_517' title='bbox 1770 3945 1900 4015; x_wconf 81' lang='grc' dir='ltr'>ἀφί-</span> 
     </span>
    </p>
   </div>
   <div class='ocr_carea' id='block_1_73' title="bbox 338 4038 1901 4111">
    <p class='ocr_par' dir='ltr' id='par_1_73' title="bbox 338 4038 1901 4111">
     <span class='ocr_line' id='line_1_73' title="bbox 338 4038 1901 4111; baseline 0 -20"><span class='ocrx_word' id='word_1_518' title='bbox 338 4054 523 4092; x_wconf 83' lang='grc' dir='ltr'>στατο.</span> <span class='ocrx_word' id='word_1_519' title='bbox 544 4038 722 4093; x_wconf 87' lang='grc' dir='ltr'>Πολλά</span> <span class='ocrx_word' id='word_1_520' title='bbox 747 4040 804 4093; x_wconf 73' lang='grc' dir='ltr'>δὲ</span> <span class='ocrx_word' id='word_1_521' title='bbox 838 4042 931 4093; x_wconf 68' lang='grc' dir='ltr'>καὶ</span> <span class='ocrx_word' id='word_1_522' title='bbox 952 4039 1118 4110; x_wconf 76' lang='grc' dir='ltr'>ἕτερα</span> <span class='ocrx_word' id='word_1_523' title='bbox 1146 4041 1287 4093; x_wconf 88' lang='grc' dir='ltr'><strong>κατά</strong></span> <span class='ocrx_word' id='word_1_524' title='bbox 1308 4041 1409 4111; x_wconf 81' lang='grc' dir='ltr'>τῆς</span> <span class='ocrx_word' id='word_1_525' title='bbox 1440 4039 1645 4101; x_wconf 87' lang='grc' dir='ltr'>πόλεως</span> <span class='ocrx_word' id='word_1_526' title='bbox 1675 4039 1901 4108; x_wconf 65' lang='grc' dir='ltr'>ἐπινοη-</span> 
     </span>
    </p>
   </div>
   <div class='ocr_carea' id='block_1_74' title="bbox 334 4130 1901 4203">
    <p class='ocr_par' dir='ltr' id='par_1_74' title="bbox 334 4130 1901 4203">
     <span class='ocr_line' id='line_1_74' title="bbox 334 4130 1901 4203; baseline 0 -17"><span class='ocrx_word' id='word_1_527' title='bbox 334 4132 591 4199; x_wconf 84' lang='grc' dir='ltr'>σάμενος,</span> <span class='ocrx_word' id='word_1_528' title='bbox 619 4130 714 4185; x_wconf 78' lang='grc' dir='ltr'>καὶ</span> <span class='ocrx_word' id='word_1_529' title='bbox 748 4130 1032 4195; x_wconf 84' lang='grc' dir='ltr'>πλείστους</span> <span class='ocrx_word' id='word_1_530' title='bbox 1059 4130 1169 4185; x_wconf 83' lang='grc' dir='ltr'><strong>τῶν</strong></span> <span class='ocrx_word' id='word_1_531' title='bbox 1192 4133 1412 4185; x_wconf 74' lang='grc' dir='ltr'>οἰκείων</span> <span class='ocrx_word' id='word_1_532' title='bbox 1431 4132 1901 4203; x_wconf 67' lang='grc' dir='ltr'>ἀποϐαλὼν(ὑπὶρ</span> 
     </span>
    </p>
   </div>
   <div class='ocr_carea' id='block_1_75' title="bbox 335 4220 1901 4292">
    <p class='ocr_par' dir='ltr' id='par_1_75' title="bbox 335 4220 1901 4292">
     <span class='ocr_line' id='line_1_75' title="bbox 335 4220 1901 4292; baseline 0.001 -19"><span class='ocrx_word' id='word_1_533' title='bbox 335 4222 445 4291; x_wconf 85' lang='grc' dir='ltr'>γὰρ</span> <span class='ocrx_word' id='word_1_534' title='bbox 468 4222 565 4284; x_wconf 89' lang='grc' dir='ltr'><strong>τάς</strong></span> <span class='ocrx_word' id='word_1_535' title='bbox 589 4220 766 4275; x_wconf 77' lang='grc' dir='ltr'>εἴκοσι</span> <span class='ocrx_word' id='word_1_536' title='bbox 796 4221 1044 4290; x_wconf 87' lang='grc' dir='ltr'>χιλιάδας</span> <span class='ocrx_word' id='word_1_537' title='bbox 1063 4221 1405 4275; x_wconf 82' lang='grc' dir='ltr'>κινδυνεῦσαι</span> <span class='ocrx_word' id='word_1_538' title='bbox 1426 4222 1646 4291; x_wconf 84' lang='grc' dir='ltr'>λέγεται</span> <span class='ocrx_word' id='word_1_539' title='bbox 1670 4222 1783 4292; x_wconf 76' lang='lat'><strong>(39)</strong></span> <span class='ocrx_word' id='word_1_540' title='bbox 1806 4222 1901 4277; x_wconf 82' lang='grc' dir='ltr'><strong>τοῦ</strong></span> 
     </span>
    </p>
   </div>
   <div class='ocr_carea' id='block_1_76' title="bbox 337 4312 1901 4385">
    <p class='ocr_par' dir='ltr' id='par_1_76' title="bbox 337 4312 1901 4385">
     <span class='ocr_line' id='line_1_76' title="bbox 337 4312 1901 4385; baseline 0.001 -19"><span class='ocrx_word' id='word_1_541' title='bbox 337 4313 617 4383; x_wconf 80' lang='grc' dir='ltr'>Περσικοῦ</span> <span class='ocrx_word' id='word_1_542' title='bbox 643 4312 1057 4384; x_wconf 85' lang='grc' dir='ltr'>στρατεύματος</span> <span class='ocrx_word' id='word_1_543' title='bbox 1090 4314 1559 4385; x_wconf 83' lang='grc' dir='ltr'>πολιορκουμένης</span> <span class='ocrx_word' id='word_1_544' title='bbox 1606 4314 1901 4385; x_wconf 78' lang='grc' dir='ltr'>Νισίϐεως)</span> 
     </span>
    </p>
   </div>
   <div class='ocr_carea' id='block_1_77' title="bbox 335 4404 1900 4476">
    <p class='ocr_par' dir='ltr' id='par_1_77' title="bbox 335 4404 1900 4476">
     <span class='ocr_line' id='line_1_77' title="bbox 335 4404 1900 4476; baseline 0.002 -20"><span class='ocrx_word' id='word_1_545' title='bbox 335 4404 463 4475; x_wconf 84' lang='grc' dir='ltr'>μετ’</span> <span class='ocrx_word' id='word_1_546' title='bbox 488 4404 753 4475; x_wconf 75' lang='grc' dir='ltr'>αἰσχύνης</span> <span class='ocrx_word' id='word_1_547' title='bbox 774 4406 1145 4476; x_wconf 87' lang='grc' dir='ltr'>ἀνεχώρησεν.</span> <span class='ocrx_word' id='word_1_548' title='bbox 1177 4404 1314 4474; x_wconf 83' lang='grc' dir='ltr'>Ἤδη</span> <span class='ocrx_word' id='word_1_549' title='bbox 1332 4406 1438 4475; x_wconf 75' lang='grc' dir='ltr'><strong>γὰρ</strong></span> <span class='ocrx_word' id='word_1_550' title='bbox 1469 4407 1560 4458; x_wconf 78' lang='grc' dir='ltr'>καὶ</span> <span class='ocrx_word' id='word_1_551' title='bbox 1580 4407 1900 4474; x_wconf 82' lang='grc' dir='ltr'>Μασαγέται</span> 
     </span>
    </p>
   </div>
   <div class='ocr_carea' id='block_1_78' title="bbox 1998 3210 3562 3282">
    <p class='ocr_par' dir='ltr' id='par_1_78' title="bbox 1998 3210 3562 3282">
     <span class='ocr_line' id='line_1_78' title="bbox 1998 3210 3562 3282; baseline -0.004 -13"><span class='ocrx_word' id='word_1_552' title='bbox 1998 3215 2120 3270; x_wconf 87' lang='lat' dir='ltr'><strong>eius</strong></span> <span class='ocrx_word' id='word_1_553' title='bbox 2146 3211 2614 3282; x_wconf 83' lang='lat' dir='ltr'><strong>oppugnationem</strong></span> <span class='ocrx_word' id='word_1_554' title='bbox 2642 3221 2822 3281; x_wconf 87' lang='lat' dir='ltr'><strong>urget,</strong></span> <span class='ocrx_word' id='word_1_555' title='bbox 2855 3212 3046 3267; x_wconf 90' lang='lat' dir='ltr'><strong>multis</strong></span> <span class='ocrx_word' id='word_1_556' title='bbox 3096 3212 3221 3267; x_wconf 88' lang='lat' dir='ltr'><strong>aliis</strong></span> <span class='ocrx_word' id='word_1_557' title='bbox 3254 3210 3562 3265; x_wconf 79' lang='lat' dir='ltr'><strong>rationibus</strong></span> 
     </span>
    </p>
   </div>
   <div class='ocr_carea' id='block_1_79' title="bbox 1998 3291 3561 3373">
    <p class='ocr_par' dir='ltr' id='par_1_79' title="bbox 1998 3291 3561 3373">
     <span class='ocr_line' id='line_1_79' title="bbox 1998 3291 3561 3373; baseline -0.003 -13"><span class='ocrx_word' id='word_1_558' title='bbox 1998 3304 2243 3360; x_wconf 90' lang='lat' dir='ltr'><strong>tentatis.</strong></span> <span class='ocrx_word' id='word_1_559' title='bbox 2297 3304 2435 3358; x_wconf 88' lang='lat' dir='ltr'><strong>Cum</strong></span> <span class='ocrx_word' id='word_1_560' title='bbox 2480 3312 2667 3357; x_wconf 88' lang='lat' dir='ltr'><strong>autem</strong></span> <span class='ocrx_word' id='word_1_561' title='bbox 2712 3318 2937 3357; x_wconf 88' lang='lat' dir='ltr'><strong>suorum</strong></span> <span class='ocrx_word' id='word_1_562' title='bbox 2990 3291 3258 3373; x_wconf 82' lang='lat' dir='ltr'><strong>plurimos</strong></span> <span class='ocrx_word' id='word_1_563' title='bbox 3288 3304 3561 3358; x_wconf 83' lang='lat' dir='ltr'><strong>amisisset</strong></span> 
     </span>
    </p>
   </div>
   <div class='ocr_carea' id='block_1_80' title="bbox 1999 3394 3563 3467">
    <p class='ocr_par' dir='ltr' id='par_1_80' title="bbox 1999 3394 3563 3467">
     <span class='ocr_line' id='line_1_80' title="bbox 1999 3394 3563 3467; baseline -0.002 -15"><span class='ocrx_word' id='word_1_564' title='bbox 1999 3398 2147 3467; x_wconf 91' lang='lat' dir='ltr'><strong>(nam</strong></span> <span class='ocrx_word' id='word_1_565' title='bbox 2176 3397 2242 3451; x_wconf 89' lang='lat' dir='ltr'><strong>ad</strong></span> <span class='ocrx_word' id='word_1_566' title='bbox 2273 3394 2472 3466; x_wconf 89' lang='lat' dir='ltr'><strong>viginti</strong></span> <span class='ocrx_word' id='word_1_567' title='bbox 2520 3396 2691 3450; x_wconf 87' lang='lat' dir='ltr'><strong>millia</strong></span> <span class='ocrx_word' id='word_1_568' title='bbox 2722 3395 3016 3450; x_wconf 83' lang='lat' dir='ltr'><strong>Persarum</strong></span> <span class='ocrx_word' id='word_1_569' title='bbox 3061 3396 3130 3449; x_wconf 86' lang='lat' dir='ltr'><strong>ad</strong></span> <span class='ocrx_word' id='word_1_570' title='bbox 3160 3396 3376 3453; x_wconf 84' lang='lat' dir='ltr'><strong>Nisibin</strong></span> <span class='ocrx_word' id='word_1_571' title='bbox 3419 3395 3563 3450; x_wconf 84' lang='lat' dir='ltr'><strong>ceci—</strong></span> 
     </span>
    </p>
   </div>
   <div class='ocr_carea' id='block_1_81' title="bbox 1997 3487 3566 3567">
    <p class='ocr_par' dir='ltr' id='par_1_81' title="bbox 1997 3487 3566 3567">
     <span class='ocr_line' id='line_1_81' title="bbox 1997 3487 3566 3567; baseline -0.001 -24"><span class='ocrx_word' id='word_1_572' title='bbox 1997 3490 2142 3544; x_wconf 87' lang='lat' dir='ltr'><strong>disse</strong></span> <span class='ocrx_word' id='word_1_573' title='bbox 2172 3489 2479 3555; x_wconf 88' lang='lat' dir='ltr'><strong>dicuntur),</strong></span> <span class='ocrx_word' id='word_1_574' title='bbox 2511 3503 2635 3542; x_wconf 86' lang='lat' dir='ltr'><strong>cum</strong></span> <span class='ocrx_word' id='word_1_575' title='bbox 2665 3487 2936 3567; x_wconf 64' lang='lat' dir='ltr'><strong>dedecore</strong></span> <span class='ocrx_word' id='word_1_576' title='bbox 2962 3488 3213 3551; x_wconf 83' lang='lat' dir='ltr'><strong>discedit,</strong></span> <span class='ocrx_word' id='word_1_577' title='bbox 3237 3487 3385 3557; x_wconf 85' lang='lat' dir='ltr'><strong>quod</strong></span> <span class='ocrx_word' id='word_1_578' title='bbox 3423 3487 3566 3542; x_wconf 80' lang='lat' dir='ltr'><strong>Mas-</strong></span> 
     </span>
    </p>
   </div>
   <div class='ocr_carea' id='block_1_82' title="bbox 1999 3578 3559 3651">
    <p class='ocr_par' dir='ltr' id='par_1_82' title="bbox 1999 3578 3559 3651">
     <span class='ocr_line' id='line_1_82' title="bbox 1999 3578 3559 3651; baseline -0.002 -16"><span class='ocrx_word' id='word_1_579' title='bbox 1999 3590 2199 3651; x_wconf 77' lang='lat' dir='ltr'><strong>sageta:</strong></span> <span class='ocrx_word' id='word_1_580' title='bbox 2228 3580 2372 3635; x_wconf 81' lang='lat' dir='ltr'><strong>facta</strong></span> <span class='ocrx_word' id='word_1_581' title='bbox 2407 3580 2772 3648; x_wconf 88' lang='lat' dir='ltr'><strong>impressione</strong></span> <span class='ocrx_word' id='word_1_582' title='bbox 2796 3581 3039 3634; x_wconf 86' lang='lat' dir='ltr'><strong>Persiam</strong></span> <span class='ocrx_word' id='word_1_583' title='bbox 3069 3589 3369 3634; x_wconf 83' lang='lat' dir='ltr'><strong>vastarent.</strong></span> <span class='ocrx_word' id='word_1_584' title='bbox 3409 3578 3559 3633; x_wconf 86' lang='lat' dir='ltr'><strong>Con-</strong></span> 
     </span>
    </p>
   </div>
   <div class='ocr_carea' id='block_1_83' title="bbox 1999 3672 3561 3739">
    <p class='ocr_par' dir='ltr' id='par_1_83' title="bbox 1999 3672 3561 3739">
     <span class='ocr_line' id='line_1_83' title="bbox 1999 3672 3561 3739; baseline 0 -12"><span class='ocrx_word' id='word_1_585' title='bbox 1999 3674 2235 3727; x_wconf 88' lang='lat' dir='ltr'><strong>stantius</strong></span> <span class='ocrx_word' id='word_1_586' title='bbox 2294 3674 2614 3739; x_wconf 88' lang='lat' dir='ltr'><strong>imperator,</strong></span> <span class='ocrx_word' id='word_1_587' title='bbox 2676 3673 2845 3727; x_wconf 87' lang='lat' dir='ltr'><strong>Nisibi</strong></span> <span class='ocrx_word' id='word_1_588' title='bbox 2918 3672 3154 3735; x_wconf 88' lang='lat' dir='ltr'><strong>munita,</strong></span> <span class='ocrx_word' id='word_1_589' title='bbox 3226 3682 3283 3726; x_wconf 91' lang='lat' dir='ltr'><strong>et</strong></span> <span class='ocrx_word' id='word_1_590' title='bbox 3344 3672 3561 3727; x_wconf 78' lang='lat' dir='ltr'><strong>civibus</strong></span> 
     </span>
    </p>
   </div>
   <div class='ocr_carea' id='block_1_84' title="bbox 2000 3762 3557 3834">
    <p class='ocr_par' dir='ltr' id='par_1_84' title="bbox 2000 3762 3557 3834">
     <span class='ocr_line' id='line_1_84' title="bbox 2000 3762 3557 3834; baseline 0 -17"><span class='ocrx_word' id='word_1_591' title='bbox 2000 3763 2281 3827; x_wconf 89' lang='lat' dir='ltr'><strong>recreatis,</strong></span> <span class='ocrx_word' id='word_1_592' title='bbox 2343 3763 2557 3819; x_wconf 88' lang='lat' dir='ltr'><strong>Orienti</strong></span> <span class='ocrx_word' id='word_1_593' title='bbox 2630 3779 2661 3818; x_wconf 93' lang='lat' dir='ltr'><strong>a</strong></span> <span class='ocrx_word' id='word_1_594' title='bbox 2713 3764 2896 3819; x_wconf 85' lang='lat' dir='ltr'><strong>Persis</strong></span> <span class='ocrx_word' id='word_1_595' title='bbox 2942 3766 3053 3834; x_wconf 89' lang='lat' dir='ltr'><strong>jam</strong></span> <span class='ocrx_word' id='word_1_596' title='bbox 3109 3762 3346 3817; x_wconf 90' lang='lat' dir='ltr'><strong>induciis</strong></span> <span class='ocrx_word' id='word_1_597' title='bbox 3392 3762 3557 3828; x_wconf 84' lang='lat' dir='ltr'><strong>datis,</strong></span> 
     </span>
    </p>
   </div>
   <div class='ocr_carea' id='block_1_85' title="bbox 1998 3855 3565 3925">
    <p class='ocr_par' dir='ltr' id='par_1_85' title="bbox 1998 3855 3565 3925">
     <span class='ocr_line' id='line_1_85' title="bbox 1998 3855 3565 3925; baseline 0 -16"><span class='ocrx_word' id='word_1_598' title='bbox 1998 3869 2194 3909; x_wconf 82' lang='lat' dir='ltr'><strong>versus</strong></span> <span class='ocrx_word' id='word_1_599' title='bbox 2231 3855 2583 3910; x_wconf 85' lang='lat' dir='ltr'><strong>Occidentem</strong></span> <span class='ocrx_word' id='word_1_600' title='bbox 2623 3855 2994 3925; x_wconf 88' lang='lat' dir='ltr'><strong>progreditur,</strong></span> <span class='ocrx_word' id='word_1_601' title='bbox 3028 3870 3150 3910; x_wconf 87' lang='lat' dir='ltr'><strong>cum</strong></span> <span class='ocrx_word' id='word_1_602' title='bbox 3188 3856 3240 3909; x_wconf 92' lang='lat' dir='ltr'><strong>ei</strong></span> <span class='ocrx_word' id='word_1_603' title='bbox 3277 3856 3565 3909; x_wconf 89' lang='lat' dir='ltr'><strong>nuntiatur</strong></span> 
     </span>
    </p>
   </div>
   <div class='ocr_carea' id='block_1_86' title="bbox 2000 3946 3559 4018">
    <p class='ocr_par' dir='ltr' id='par_1_86' title="bbox 2000 3946 3559 4018">
     <span class='ocr_line' id='line_1_86' title="bbox 2000 3946 3559 4018; baseline 0.001 -17"><span class='ocrx_word' id='word_1_604' title='bbox 2000 3946 2264 4003; x_wconf 82' lang='lat' dir='ltr'><strong>Vetranio</strong></span> <span class='ocrx_word' id='word_1_605' title='bbox 2297 3948 2577 4003; x_wconf 88' lang='lat' dir='ltr'><strong>colludere</strong></span> <span class='ocrx_word' id='word_1_606' title='bbox 2606 3962 2731 4004; x_wconf 87' lang='lat' dir='ltr'><strong>cum</strong></span> <span class='ocrx_word' id='word_1_607' title='bbox 2780 3949 3111 4017; x_wconf 81' lang='lat' dir='ltr'><strong>Magnentio.</strong></span> <span class='ocrx_word' id='word_1_608' title='bbox 3142 3949 3273 4003; x_wconf 86' lang='lat' dir='ltr'><strong>Erat</strong></span> <span class='ocrx_word' id='word_1_609' title='bbox 3304 3950 3351 4003; x_wconf 91' lang='lat' dir='ltr'><strong>is</strong></span> <span class='ocrx_word' id='word_1_610' title='bbox 3382 3947 3559 4018; x_wconf 83' lang='lat' dir='ltr'><strong>Illyri-</strong></span> 
     </span>
    </p>
   </div>
   <div class='ocr_carea' id='block_1_87' title="bbox 1999 4040 3560 4111">
    <p class='ocr_par' dir='ltr' id='par_1_87' title="bbox 1999 4040 3560 4111">
     <span class='ocr_line' id='line_1_87' title="bbox 1999 4040 3560 4111; baseline -0.003 -14"><span class='ocrx_word' id='word_1_611' title='bbox 1999 4056 2188 4097; x_wconf 84' lang='lat' dir='ltr'><strong>carum</strong></span> <span class='ocrx_word' id='word_1_612' title='bbox 2232 4040 2513 4111; x_wconf 81' lang='lat' dir='ltr'><strong>legionum</strong></span> <span class='ocrx_word' id='word_1_613' title='bbox 2548 4040 2679 4105; x_wconf 80' lang='lat' dir='ltr'><strong>dux,</strong></span> <span class='ocrx_word' id='word_1_614' title='bbox 2706 4042 3039 4111; x_wconf 83' lang='lat' dir='ltr'><strong>cognitoque</strong></span> <span class='ocrx_word' id='word_1_615' title='bbox 3062 4040 3356 4110; x_wconf 79' lang='lat' dir='ltr'><strong>Magnentii</strong></span> <span class='ocrx_word' id='word_1_616' title='bbox 3385 4047 3560 4105; x_wconf 88' lang='lat' dir='ltr'><strong>motu,</strong></span> 
     </span>
    </p>
   </div>
   <div class='ocr_carea' id='block_1_88' title="bbox 2000 4132 3565 4204">
    <p class='ocr_par' dir='ltr' id='par_1_88' title="bbox 2000 4132 3565 4204">
     <span class='ocr_line' id='line_1_88' title="bbox 2000 4132 3565 4204; baseline -0.001 -14"><span class='ocrx_word' id='word_1_617' title='bbox 2000 4144 2058 4190; x_wconf 86' lang='lat' dir='ltr'><strong>et</strong></span> <span class='ocrx_word' id='word_1_618' title='bbox 2085 4133 2233 4189; x_wconf 63' lang='lat' dir='ltr'><strong>caede</strong></span> <span class='ocrx_word' id='word_1_619' title='bbox 2262 4132 2596 4199; x_wconf 86' lang='lat' dir='ltr'><strong>Constantis,</strong></span> <span class='ocrx_word' id='word_1_620' title='bbox 2624 4142 2855 4204; x_wconf 84' lang='lat' dir='ltr'><strong>tyranno</strong></span> <span class='ocrx_word' id='word_1_621' title='bbox 2890 4132 3035 4187; x_wconf 89' lang='lat' dir='ltr'><strong>haud</strong></span> <span class='ocrx_word' id='word_1_622' title='bbox 3074 4142 3339 4199; x_wconf 87' lang='lat' dir='ltr'><strong>cesserat,</strong></span> <span class='ocrx_word' id='word_1_623' title='bbox 3383 4132 3479 4187; x_wconf 86' lang='lat' dir='ltr'><strong>sed</strong></span> <span class='ocrx_word' id='word_1_624' title='bbox 3510 4142 3565 4189; x_wconf 90' lang='lat' dir='ltr'><strong>et</strong></span> 
     </span>
    </p>
   </div>
   <div class='ocr_carea' id='block_1_89' title="bbox 2002 4224 3566 4295">
    <p class='ocr_par' dir='ltr' id='par_1_89' title="bbox 2002 4224 3566 4295">
     <span class='ocr_line' id='line_1_89' title="bbox 2002 4224 3566 4295; baseline -0.005 -12"><span class='ocrx_word' id='word_1_625' title='bbox 2002 4225 2119 4295; x_wconf 86' lang='lat' dir='ltr'><strong>ipse</strong></span> <span class='ocrx_word' id='word_1_626' title='bbox 2150 4224 2281 4279; x_wconf 88' lang='lat' dir='ltr'><strong>alibi</strong></span> <span class='ocrx_word' id='word_1_627' title='bbox 2316 4224 2658 4294; x_wconf 85' lang='lat' dir='ltr'><strong>tyrannidem</strong></span> <span class='ocrx_word' id='word_1_628' title='bbox 2689 4233 2983 4293; x_wconf 88' lang='lat' dir='ltr'><strong>occuparat</strong></span> <span class='ocrx_word' id='word_1_629' title='bbox 3019 4240 3033 4278; x_wconf 86' lang='lat'><strong><em>:</em></strong></span> <span class='ocrx_word' id='word_1_630' title='bbox 3078 4224 3180 4278; x_wconf 86' lang='lat' dir='ltr'><strong>etsi</strong></span> <span class='ocrx_word' id='word_1_631' title='bbox 3215 4238 3316 4292; x_wconf 88' lang='lat' dir='ltr'><strong>per</strong></span> <span class='ocrx_word' id='word_1_632' title='bbox 3354 4224 3566 4277; x_wconf 74' lang='lat' dir='ltr'><strong>litteras</strong></span> 
     </span>
    </p>
   </div>
   <div class='ocr_carea' id='block_1_90' title="bbox 2001 4315 3564 4388">
    <p class='ocr_par' dir='ltr' id='par_1_90' title="bbox 2001 4315 3564 4388">
     <span class='ocr_line' id='line_1_90' title="bbox 2001 4315 3564 4388; baseline -0.001 -17"><span class='ocrx_word' id='word_1_633' title='bbox 2001 4331 2061 4371; x_wconf 88' lang='lat' dir='ltr'><strong>se</strong></span> <span class='ocrx_word' id='word_1_634' title='bbox 2096 4325 2326 4388; x_wconf 82' lang='lat' dir='ltr'><strong>tyranno</strong></span> <span class='ocrx_word' id='word_1_635' title='bbox 2360 4316 2614 4370; x_wconf 89' lang='lat' dir='ltr'><strong>resistere</strong></span> <span class='ocrx_word' id='word_1_636' title='bbox 2649 4316 3030 4385; x_wconf 79' lang='lat' dir='ltr'><strong>proﬁtebatur,</strong></span> <span class='ocrx_word' id='word_1_637' title='bbox 3090 4315 3380 4385; x_wconf 88' lang='lat' dir='ltr'><strong>ipsumque</strong></span> <span class='ocrx_word' id='word_1_638' title='bbox 3417 4315 3564 4371; x_wconf 81' lang='lat' dir='ltr'><strong>Con-</strong></span> 
     </span>
    </p>
   </div>
   <div class='ocr_carea' id='block_1_91' title="bbox 2004 4405 3565 4476">
    <p class='ocr_par' dir='ltr' id='par_1_91' title="bbox 2004 4405 3565 4476">
     <span class='ocr_line' id='line_1_91' title="bbox 2004 4405 3565 4476; baseline -0.001 -14"><span class='ocrx_word' id='word_1_639' title='bbox 2004 4408 2265 4463; x_wconf 88' lang='lat' dir='ltr'><strong>stantium</strong></span> <span class='ocrx_word' id='word_1_640' title='bbox 2299 4406 2366 4460; x_wconf 91' lang='lat' dir='ltr'><strong>ad</strong></span> <span class='ocrx_word' id='word_1_641' title='bbox 2392 4406 2546 4460; x_wconf 86' lang='lat' dir='ltr'><strong>illum</strong></span> <span class='ocrx_word' id='word_1_642' title='bbox 2576 4421 2805 4476; x_wconf 87' lang='lat' dir='ltr'><strong>propere</strong></span> <span class='ocrx_word' id='word_1_643' title='bbox 2838 4406 3255 4475; x_wconf 80' lang='lat' dir='ltr'><strong>Opprimendum</strong></span> <span class='ocrx_word' id='word_1_644' title='bbox 3280 4405 3565 4461; x_wconf 87' lang='lat' dir='ltr'><strong>evocabat.</strong></span> 
     </span>
    </p>
   </div>
   <div class='ocr_carea' id='block_1_92' title="bbox 290 4472 1898 4568">
    <p class='ocr_par' dir='ltr' id='par_1_92' title="bbox 290 4472 1898 4568">
     <span class='ocr_line' id='line_1_92' title="bbox 290 4472 1898 4568; baseline -0.001 -18"><span class='ocrx_word' id='word_1_645' title='bbox 290 4554 296 4559; x_wconf 62' lang='grc'><strong>,</strong></span> <span class='ocrx_word' id='word_1_646' title='bbox 333 4472 404 4567; x_wconf 74' lang='grc' dir='ltr'>τῇ</span> <span class='ocrx_word' id='word_1_647' title='bbox 440 4497 662 4568; x_wconf 87' lang='grc' dir='ltr'>Περσίδι</span> <span class='ocrx_word' id='word_1_648' title='bbox 691 4472 1025 4566; x_wconf 64' lang='grc' dir='ltr'>ἐπήλθοσαν,</span> <span class='ocrx_word' id='word_1_649' title='bbox 1055 4498 1153 4551; x_wconf 77' lang='grc' dir='ltr'>καὶ</span> <span class='ocrx_word' id='word_1_650' title='bbox 1181 4472 1320 4566; x_wconf 64' lang='grc' dir='ltr'>αὐτῇ</span> <span class='ocrx_word' id='word_1_651' title='bbox 1346 4472 1898 4567; x_wconf 53' lang='grc' dir='ltr'>ἐλυμαίνοντολίων-</span> 
     </span>
    </p>
   </div>
   <div class='ocr_carea' id='block_1_93' title="bbox 1999 4472 3568 4568">
    <p class='ocr_par' dir='ltr' id='par_1_93' title="bbox 2003 4472 3568 4565">
     <span class='ocr_line' id='line_1_93' title="bbox 2003 4472 3568 4565; baseline -0.003 -10"><span class='ocrx_word' id='word_1_652' title='bbox 2003 4497 2262 4555; x_wconf 87' lang='lat' dir='ltr'><strong>Vetranio</strong></span> <span class='ocrx_word' id='word_1_653' title='bbox 2287 4496 2455 4565; x_wconf 89' lang='lat' dir='ltr'><strong>igitur</strong></span> <span class='ocrx_word' id='word_1_654' title='bbox 2478 4504 2535 4550; x_wconf 91' lang='lat' dir='ltr'><strong>et</strong></span> <span class='ocrx_word' id='word_1_655' title='bbox 2572 4472 2929 4565; x_wconf 59' lang='lat' dir='ltr'><strong>Magnentius</strong></span> <span class='ocrx_word' id='word_1_656' title='bbox 2949 4495 3115 4549; x_wconf 89' lang='lat' dir='ltr'><strong>certis</strong></span> <span class='ocrx_word' id='word_1_657' title='bbox 3155 4494 3568 4551; x_wconf 88' lang='lat' dir='ltr'><strong>conditionibus</strong></span> 
     </span>
    </p>
   </div>
   <div class='ocr_carea' id='block_1_94' title="bbox 337 4588 1905 4659">
    <p class='ocr_par' dir='ltr' id='par_1_94' title="bbox 337 4588 1905 4659">
     <span class='ocr_line' id='line_1_94' title="bbox 337 4588 1905 4659; baseline 0 -17"><span class='ocrx_word' id='word_1_658' title='bbox 337 4589 588 4653; x_wconf 86' lang='grc' dir='ltr'>στάντιος</span> <span class='ocrx_word' id='word_1_659' title='bbox 616 4589 673 4643; x_wconf 78' lang='grc' dir='ltr'>δὲ</span> <span class='ocrx_word' id='word_1_660' title='bbox 695 4590 722 4642; x_wconf 85' lang='lat'><strong>6</strong></span> <span class='ocrx_word' id='word_1_661' title='bbox 755 4588 1013 4658; x_wconf 81' lang='grc' dir='ltr'>βασιλεὺς</span> <span class='ocrx_word' id='word_1_662' title='bbox 1034 4589 1133 4656; x_wconf 80' lang='grc' dir='ltr'>τὴν</span> <span class='ocrx_word' id='word_1_663' title='bbox 1156 4589 1257 4658; x_wconf 82' lang='grc' dir='ltr'>μὲν</span> <span class='ocrx_word' id='word_1_664' title='bbox 1272 4589 1488 4641; x_wconf 87' lang='grc' dir='ltr'>Νίσιϐιν</span> <span class='ocrx_word' id='word_1_665' title='bbox 1510 4591 1905 4659; x_wconf 86' lang='grc' dir='ltr'>κατωχύρωσε,</span> 
     </span>
    </p>
   </div>
   <div class='ocr_carea' id='block_1_95' title="bbox 337 4678 1904 4749">
    <p class='ocr_par' dir='ltr' id='par_1_95' title="bbox 337 4678 1904 4749">
     <span class='ocr_line' id='line_1_95' title="bbox 337 4678 1904 4749; baseline 0.003 -19"><span class='ocrx_word' id='word_1_666' title='bbox 337 4681 433 4731; x_wconf 79' lang='grc' dir='ltr'>καὶ</span> <span class='ocrx_word' id='word_1_667' title='bbox 465 4681 588 4741; x_wconf 72' lang='grc' dir='ltr'>τοὺς</span> <span class='ocrx_word' id='word_1_668' title='bbox 612 4678 834 4741; x_wconf 81' lang='grc' dir='ltr'>πολίτας</span> <span class='ocrx_word' id='word_1_669' title='bbox 854 4678 1027 4747; x_wconf 84' lang='grc' dir='ltr'>αὐτῆς</span> <span class='ocrx_word' id='word_1_670' title='bbox 1055 4679 1418 4749; x_wconf 74' lang='grc' dir='ltr'>ἀνεκτήσατο.</span> <span class='ocrx_word' id='word_1_671' title='bbox 1441 4679 1614 4741; x_wconf 82' lang='grc' dir='ltr'>Αὐτὸς</span> <span class='ocrx_word' id='word_1_672' title='bbox 1675 4680 1733 4731; x_wconf 82' lang='grc' dir='ltr'>δὲ</span> <span class='ocrx_word' id='word_1_673' title='bbox 1770 4682 1904 4734; x_wconf 83' lang='grc' dir='ltr'>ἀνα·</span> 
     </span>
    </p>
   </div>
   <div class='ocr_carea' id='block_1_96' title="bbox 333 4768 1905 4841">
    <p class='ocr_par' dir='ltr' id='par_1_96' title="bbox 333 4768 1905 4841">
     <span class='ocr_line' id='line_1_96' title="bbox 333 4768 1905 4841; baseline -0.002 -15"><span class='ocrx_word' id='word_1_674' title='bbox 333 4771 520 4840; x_wconf 83' lang='grc' dir='ltr'>κωχῆς</span> <span class='ocrx_word' id='word_1_675' title='bbox 546 4770 647 4841; x_wconf 72' lang='grc' dir='ltr'>ήδη</span> <span class='ocrx_word' id='word_1_676' title='bbox 667 4772 733 4839; x_wconf 82' lang='grc' dir='ltr'>τῇ</span> <span class='ocrx_word' id='word_1_677' title='bbox 760 4768 871 4840; x_wconf 73' lang='grc' dir='ltr'><strong>ὲῲᾳ</strong></span> <span class='ocrx_word' id='word_1_678' title='bbox 900 4770 1202 4838; x_wconf 73' lang='grc' dir='ltr'>γενομένης</span> <span class='ocrx_word' id='word_1_679' title='bbox 1236 4773 1301 4823; x_wconf 82' lang='grc' dir='ltr'>ἐκ</span> <span class='ocrx_word' id='word_1_680' title='bbox 1320 4770 1427 4823; x_wconf 82' lang='grc' dir='ltr'><strong>τῶν</strong></span> <span class='ocrx_word' id='word_1_681' title='bbox 1478 4768 1705 4840; x_wconf 84' lang='grc' dir='ltr'>Περσῶν</span> <span class='ocrx_word' id='word_1_682' title='bbox 1765 4771 1905 4840; x_wconf 82' lang='grc' dir='ltr'>πρὸς</span> 
     </span>
    </p>
   </div>
   <div class='ocr_carea' id='block_1_97' title="bbox 332 4860 1901 4931">
    <p class='ocr_par' dir='ltr' id='par_1_97' title="bbox 332 4860 1901 4931">
     <span class='ocr_line' id='line_1_97' title="bbox 332 4860 1901 4931; baseline -0.001 -17"><span class='ocrx_word' id='word_1_683' title='bbox 332 4864 405 4915; x_wconf 74' lang='grc' dir='ltr'>τὰ</span> <span class='ocrx_word' id='word_1_684' title='bbox 421 4862 657 4931; x_wconf 74' lang='grc' dir='ltr'>ἑσπέρια</span> <span class='ocrx_word' id='word_1_685' title='bbox 689 4860 937 4931; x_wconf 82' lang='grc' dir='ltr'>ὥρμησε.</span> <span class='ocrx_word' id='word_1_686' title='bbox 994 4860 1104 4915; x_wconf 76' lang='grc' dir='ltr'>Καί</span> <span class='ocrx_word' id='word_1_687' title='bbox 1158 4861 1208 4913; x_wconf 76' lang='lat' dir='ltr'><strong>oi</strong></span> <span class='ocrx_word' id='word_1_688' title='bbox 1237 4860 1558 4928; x_wconf 76' lang='grc' dir='ltr'>ἀγγέλλεται</span> <span class='ocrx_word' id='word_1_689' title='bbox 1595 4862 1901 4931; x_wconf 84' lang='grc' dir='ltr'>Βετρανιων</span> 
     </span>
    </p>
   </div>
   <div class='ocr_carea' id='block_1_98' title="bbox 332 4950 1904 5024">
    <p class='ocr_par' dir='ltr' id='par_1_98' title="bbox 332 4950 1904 5024">
     <span class='ocr_line' id='line_1_98' title="bbox 332 4950 1904 5024; baseline -0.003 -17"><span class='ocrx_word' id='word_1_690' title='bbox 332 4953 453 5024; x_wconf 71' lang='grc'><strong>(41))</strong></span> <span class='ocrx_word' id='word_1_691' title='bbox 476 4952 924 5022; x_wconf 75' lang='grc' dir='ltr'>κοινοπραγήσας</span> <span class='ocrx_word' id='word_1_692' title='bbox 950 4951 1030 5020; x_wconf 83' lang='grc' dir='ltr'>τῷ</span> <span class='ocrx_word' id='word_1_693' title='bbox 1059 4950 1408 5019; x_wconf 82' lang='grc' dir='ltr'>Μαγνεντίῳ.</span> <span class='ocrx_word' id='word_1_694' title='bbox 1450 4951 1571 5005; x_wconf 82' lang='grc' dir='ltr'><strong>Τῶν</strong></span> <span class='ocrx_word' id='word_1_695' title='bbox 1626 4950 1736 5022; x_wconf 84' lang='grc' dir='ltr'>γὰρ</span> <span class='ocrx_word' id='word_1_696' title='bbox 1772 4950 1904 5020; x_wconf 86' lang='grc' dir='ltr'>παρ’</span> 
     </span>
    </p>
   </div>
   <div class='ocr_carea' id='block_1_99' title="bbox 1997 4586 3564 4657">
    <p class='ocr_par' dir='ltr' id='par_1_99' title="bbox 1997 4586 3564 4657">
     <span class='ocr_line' id='line_1_99' title="bbox 1997 4586 3564 4657; baseline -0.001 -14"><span class='ocrx_word' id='word_1_697' title='bbox 1997 4587 2359 4652; x_wconf 89' lang='lat' dir='ltr'><strong>reconciliati,</strong></span> <span class='ocrx_word' id='word_1_698' title='bbox 2414 4586 2578 4641; x_wconf 87' lang='lat' dir='ltr'><strong>ambo</strong></span> <span class='ocrx_word' id='word_1_699' title='bbox 2626 4586 2993 4640; x_wconf 89' lang='lat' dir='ltr'><strong>communiter</strong></span> <span class='ocrx_word' id='word_1_700' title='bbox 3043 4586 3251 4657; x_wconf 89' lang='lat' dir='ltr'><strong>legatos</strong></span> <span class='ocrx_word' id='word_1_701' title='bbox 3301 4586 3370 4640; x_wconf 89' lang='lat' dir='ltr'><strong>ad</strong></span> <span class='ocrx_word' id='word_1_702' title='bbox 3418 4586 3564 4643; x_wconf 88' lang='lat' dir='ltr'><strong>Con-</strong></span> 
     </span>
    </p>
   </div>
   <div class='ocr_carea' id='block_1_100' title="bbox 1999 4678 3565 4748">
    <p class='ocr_par' dir='ltr' id='par_1_100' title="bbox 1999 4678 3565 4748">
     <span class='ocr_line' id='line_1_100' title="bbox 1999 4678 3565 4748; baseline -0.001 -14"><span class='ocrx_word' id='word_1_703' title='bbox 1999 4678 2263 4734; x_wconf 86' lang='lat' dir='ltr'><strong>stantium</strong></span> <span class='ocrx_word' id='word_1_704' title='bbox 2296 4679 2542 4743; x_wconf 85' lang='lat' dir='ltr'><strong>mittunt,</strong></span> <span class='ocrx_word' id='word_1_705' title='bbox 2569 4686 2839 4747; x_wconf 85' lang='lat' dir='ltr'><strong>petentes,</strong></span> <span class='ocrx_word' id='word_1_706' title='bbox 2877 4688 2937 4732; x_wconf 85' lang='lat' dir='ltr'><strong>ut</strong></span> <span class='ocrx_word' id='word_1_707' title='bbox 2969 4679 3138 4734; x_wconf 85' lang='lat' dir='ltr'><strong>armis</strong></span> <span class='ocrx_word' id='word_1_708' title='bbox 3183 4679 3377 4748; x_wconf 85' lang='lat' dir='ltr'><strong>positis</strong></span> <span class='ocrx_word' id='word_1_709' title='bbox 3409 4680 3565 4748; x_wconf 87' lang='lat' dir='ltr'><strong>prin-</strong></span> 
     </span>
    </p>
   </div>
   <div class='ocr_carea' id='block_1_101' title="bbox 2000 4768 3561 4841">
    <p class='ocr_par' dir='ltr' id='par_1_101' title="bbox 2000 4768 3561 4841">
     <span class='ocr_line' id='line_1_101' title="bbox 2000 4768 3561 4841; baseline -0.001 -17"><span class='ocrx_word' id='word_1_710' title='bbox 2000 4770 2184 4838; x_wconf 81' lang='lat' dir='ltr'><strong>cipem</strong></span> <span class='ocrx_word' id='word_1_711' title='bbox 2208 4769 2472 4824; x_wconf 88' lang='lat' dir='ltr'><strong>honorem</strong></span> <span class='ocrx_word' id='word_1_712' title='bbox 2502 4769 2793 4824; x_wconf 87' lang='lat' dir='ltr'><strong>obtineret.</strong></span> <span class='ocrx_word' id='word_1_713' title='bbox 2820 4768 2945 4825; x_wconf 60' lang='lat' dir='ltr'><strong>Hac</strong></span> <span class='ocrx_word' id='word_1_714' title='bbox 2970 4770 3151 4841; x_wconf 87' lang='lat' dir='ltr'><strong>legati,</strong></span> <span class='ocrx_word' id='word_1_715' title='bbox 3178 4771 3561 4840; x_wconf 87' lang='lat' dir='ltr'><strong>imperatorem</strong></span> 
     </span>
    </p>
   </div>
   <div class='ocr_carea' id='block_1_102' title="bbox 1998 4860 3564 4933">
    <p class='ocr_par' dir='ltr' id='par_1_102' title="bbox 1998 4860 3564 4933">
     <span class='ocr_line' id='line_1_102' title="bbox 1998 4860 3564 4933; baseline 0.002 -18"><span class='ocrx_word' id='word_1_716' title='bbox 1998 4861 2145 4915; x_wconf 88' lang='lat' dir='ltr'><strong>circa</strong></span> <span class='ocrx_word' id='word_1_717' title='bbox 2174 4860 2420 4916; x_wconf 59' lang='lat' dir='ltr'><strong>Thracia</strong></span> <span class='ocrx_word' id='word_1_718' title='bbox 2448 4861 2764 4917; x_wconf 83' lang='lat' dir='ltr'><strong>Heracleam</strong></span> <span class='ocrx_word' id='word_1_719' title='bbox 2791 4863 2973 4933; x_wconf 86' lang='lat' dir='ltr'><strong>adepti</strong></span> <span class='ocrx_word' id='word_1_720' title='bbox 3006 4866 3341 4926; x_wconf 89' lang='lat' dir='ltr'><strong>renuntiant,</strong></span> <span class='ocrx_word' id='word_1_721' title='bbox 3371 4861 3465 4930; x_wconf 89' lang='lat' dir='ltr'><strong>qui</strong></span> <span class='ocrx_word' id='word_1_722' title='bbox 3491 4861 3564 4918; x_wconf 87' lang='lat' dir='ltr'><strong>ob</strong></span> 
     </span>
    </p>
   </div>
   <div class='ocr_carea' id='block_1_103' title="bbox 1998 4950 3559 5023">
    <p class='ocr_par' dir='ltr' id='par_1_103' title="bbox 1998 4950 3559 5023">
     <span class='ocr_line' id='line_1_103' title="bbox 1998 4950 3559 5023; baseline -0.001 -16"><span class='ocrx_word' id='word_1_723' title='bbox 1998 4952 2091 5007; x_wconf 82' lang='lat' dir='ltr'><strong>illa</strong></span> <span class='ocrx_word' id='word_1_724' title='bbox 2143 4950 2433 5017; x_wconf 86' lang='lat' dir='ltr'><strong>sollicitus,</strong></span> <span class='ocrx_word' id='word_1_725' title='bbox 2490 4962 2658 5007; x_wconf 87' lang='lat' dir='ltr'><strong>noctu</strong></span> <span class='ocrx_word' id='word_1_726' title='bbox 2702 4957 2985 5007; x_wconf 85' lang='lat' dir='ltr'><strong>somnium</strong></span> <span class='ocrx_word' id='word_1_727' title='bbox 3037 4952 3352 5023; x_wconf 67' lang='lat' dir='ltr'><strong>huiusmodi</strong></span> <span class='ocrx_word' id='word_1_728' title='bbox 3396 4951 3559 5007; x_wconf 87' lang='lat' dir='ltr'><strong>vidit.</strong></span> 
     </span>
    </p>
   </div>
   <div class='ocr_carea' id='block_1_104' title="bbox 1483 5108 2335 5173">
    <p class='ocr_par' dir='ltr' id='par_1_104' title="bbox 1483 5108 2335 5173">
     <span class='ocr_line' id='line_1_104' title="bbox 1483 5108 2335 5173; baseline 0 -2"><span class='ocrx_word' id='word_1_729' title='bbox 1483 5112 1679 5173; x_wconf 66' lang='lat' dir='ltr'><strong>Varias</strong></span> <span class='ocrx_word' id='word_1_730' title='bbox 1721 5108 2033 5173; x_wconf 88' lang='lat' dir='ltr'><strong>lectiones</strong></span> <span class='ocrx_word' id='word_1_731' title='bbox 2055 5117 2115 5173; x_wconf 91' lang='lat' dir='ltr'><strong>et</strong></span> <span class='ocrx_word' id='word_1_732' title='bbox 2144 5116 2335 5172; x_wconf 74' lang='lat' dir='ltr'><strong>noue.</strong></span> 
     </span>
    </p>
   </div>
   <div class='ocr_carea' id='block_1_105' title="bbox 416 5263 1896 5334">
    <p class='ocr_par' dir='ltr' id='par_1_105' title="bbox 416 5263 1896 5334">
     <span class='ocr_line' id='line_1_105' title="bbox 416 5263 1896 5334; baseline -0.002 -13"><span class='ocrx_word' id='word_1_733' title='bbox 416 5266 528 5334; x_wconf 78' lang='grc'><strong>(58)</strong></span> <span class='ocrx_word' id='word_1_734' title='bbox 589 5265 847 5321; x_wconf 82' lang='grc' dir='ltr'>Νίσιϐιν.</span> <span class='ocrx_word' id='word_1_735' title='bbox 897 5263 1034 5320; x_wconf 78' lang='lat' dir='ltr'><strong>Vide</strong></span> <span class='ocrx_word' id='word_1_736' title='bbox 1092 5264 1487 5329; x_wconf 83' lang='lat' dir='ltr'><strong>Marcellinum,</strong></span> <span class='ocrx_word' id='word_1_737' title='bbox 1532 5263 1630 5318; x_wconf 88' lang='lat' dir='ltr'><strong>lib.</strong></span> <span class='ocrx_word' id='word_1_738' title='bbox 1657 5279 1809 5329; x_wconf 73' lang='grc' dir='ltr'>ιγιιι,</span> <span class='ocrx_word' id='word_1_739' title='bbox 1841 5279 1896 5334; x_wconf 95' lang='lat' dir='ltr'><strong>p.</strong></span> 
     </span>
    </p>
   </div>
   <div class='ocr_carea' id='block_1_106' title="bbox 340 5334 1529 5401">
    <p class='ocr_par' dir='ltr' id='par_1_106' title="bbox 340 5334 1529 5401">
     <span class='ocr_line' id='line_1_106' title="bbox 340 5334 1529 5401; baseline -0.007 -6"><span class='ocrx_word' id='word_1_740' title='bbox 340 5339 465 5401; x_wconf 73' lang='lat'><strong>128,</strong></span> <span class='ocrx_word' id='word_1_741' title='bbox 494 5339 519 5390; x_wconf 77' lang='grc'><strong>1</strong></span> <span class='ocrx_word' id='word_1_742' title='bbox 557 5337 687 5391; x_wconf 92' lang='lat' dir='ltr'><strong>edit.</strong></span> <span class='ocrx_word' id='word_1_743' title='bbox 720 5336 815 5401; x_wconf 92' lang='lat' dir='ltr'><strong>qui</strong></span> <span class='ocrx_word' id='word_1_744' title='bbox 858 5350 923 5391; x_wconf 78' lang='lat' dir='ltr'><strong>ex</strong></span> <span class='ocrx_word' id='word_1_745' title='bbox 958 5334 1166 5390; x_wconf 81' lang='lat' dir='ltr'><strong>Zonara</strong></span> <span class='ocrx_word' id='word_1_746' title='bbox 1207 5335 1529 5390; x_wconf 88' lang='lat' dir='ltr'><strong>illustratur.</strong></span> 
     </span>
    </p>
   </div>
   <div class='ocr_carea' id='block_1_107' title="bbox 412 5402 1913 5479">
    <p class='ocr_par' dir='ltr' id='par_1_107' title="bbox 412 5402 1913 5479">
     <span class='ocr_line' id='line_1_107' title="bbox 412 5402 1913 5479; baseline -0.004 -16"><span class='ocrx_word' id='word_1_747' title='bbox 412 5407 527 5479; x_wconf 76' lang='lat'><strong>(39)</strong></span> <span class='ocrx_word' id='word_1_748' title='bbox 552 5402 835 5479; x_wconf 62' lang='grc' dir='ltr'>Χιλιᾴδξας</span> <span class='ocrx_word' id='word_1_749' title='bbox 862 5404 1534 5479; x_wconf 28' lang='grc' dir='ltr'>κικδυνθῡσαιῃλᾴγεται.</span> <span class='ocrx_word' id='word_1_750' title='bbox 1569 5402 1913 5479; x_wconf 79' lang='grc' dir='ltr'>Κινδυνεύειν</span> 
     </span>
    </p>
   </div>
   <div class='ocr_carea' id='block_1_108' title="bbox 339 5473 1923 5602">
    <p class='ocr_par' dir='ltr' id='par_1_108' title="bbox 339 5473 1923 5602">
     <span class='ocr_line' id='line_1_108' title="bbox 339 5473 1923 5602; baseline -0.005 -66"><span class='ocrx_word' id='word_1_751' title='bbox 339 5473 443 5550; x_wconf 83' lang='lat' dir='ltr'><strong>pro</strong></span> <span class='ocrx_word' id='word_1_752' title='bbox 473 5473 686 5602; x_wconf 39' lang='lat' dir='ltr'><strong>gaeso;</strong></span> <span class='ocrx_word' id='word_1_753' title='bbox 710 5476 805 5532; x_wconf 89' lang='lat' dir='ltr'><strong>hic</strong></span> <span class='ocrx_word' id='word_1_754' title='bbox 841 5475 1091 5546; x_wconf 89' lang='lat' dir='ltr'><strong>ponitur,</strong></span> <span class='ocrx_word' id='word_1_755' title='bbox 1123 5483 1185 5530; x_wconf 90' lang='lat' dir='ltr'><strong>ut</strong></span> <span class='ocrx_word' id='word_1_756' title='bbox 1215 5475 1348 5531; x_wconf 87' lang='lat' dir='ltr'><strong>alibi</strong></span> <span class='ocrx_word' id='word_1_757' title='bbox 1392 5489 1559 5543; x_wconf 66' lang='lat' dir='ltr'><strong>saepe,</strong></span> <span class='ocrx_word' id='word_1_758' title='bbox 1596 5482 1659 5528; x_wconf 90' lang='lat' dir='ltr'><strong>ut</strong></span> <span class='ocrx_word' id='word_1_759' title='bbox 1708 5473 1923 5549; x_wconf 0' lang='lat' dir='ltr'><strong>obser-p</strong></span> 
     </span>
     <span class='ocr_line' id='line_1_109' title="bbox 340 5558 563 5602; baseline -0.009 0"><span class='ocrx_word' id='word_1_760' title='bbox 340 5558 436 5602; x_wconf 67' lang='grc' dir='ltr'><strong>ναι</strong></span> <span class='ocrx_word' id='word_1_761' title='bbox 548 5586 563 5600; x_wconf 76' lang='grc' dir='ltr'><strong>ο</strong></span> 
     </span>
    </p>
   </div>
   <div class='ocr_carea' id='block_1_109' title="bbox 340 5558 563 5605">
    <p class='ocr_par' dir='ltr' id='par_1_109' title="bbox 340 5558 563 5605">
     <span class='ocr_line' id='line_1_110' title="bbox 340 5558 563 5605; baseline -0.022 0"><span class='ocrx_word' id='word_1_762' title='bbox 340 5558 436 5605; x_wconf 88' lang='lat' dir='ltr'><strong>vat</strong></span> <span class='ocrx_word' id='word_1_763' title='bbox 478 5558 563 5602; x_wconf 85' lang='lat' dir='ltr'><strong>W.</strong></span> 
     </span>
    </p>
   </div>
   <div class='ocr_carea' id='block_1_110' title="bbox 412 5611 1910 5687">
    <p class='ocr_par' dir='ltr' id='par_1_110' title="bbox 412 5611 1910 5687">
     <span class='ocr_line' id='line_1_111' title="bbox 412 5611 1910 5687; baseline -0.002 -16"><span class='ocrx_word' id='word_1_764' title='bbox 412 5617 523 5687; x_wconf 81' lang='grc' dir='ltr'>(ιο)</span> <span class='ocrx_word' id='word_1_765' title='bbox 555 5616 909 5684; x_wconf 81' lang='grc' dir='ltr'>Βετρανίων.</span> <span class='ocrx_word' id='word_1_766' title='bbox 937 5616 1018 5671; x_wconf 82' lang='lat' dir='ltr'><strong>ita</strong></span> <span class='ocrx_word' id='word_1_767' title='bbox 1063 5614 1494 5687; x_wconf 84' lang='lat' dir='ltr'><strong>emendavimus,</strong></span> <span class='ocrx_word' id='word_1_768' title='bbox 1530 5627 1655 5687; x_wconf 82' lang='lat' dir='ltr'><strong>cum</strong></span> <span class='ocrx_word' id='word_1_769' title='bbox 1682 5611 1910 5669; x_wconf 78' lang='lat' dir='ltr'><strong>Wolﬁus</strong></span> 
     </span>
    </p>
   </div>
   <div class='ocr_carea' id='block_1_111' title="bbox 338 5683 1909 5756">
    <p class='ocr_par' dir='ltr' id='par_1_111' title="bbox 338 5683 1909 5756">
     <span class='ocr_line' id='line_1_112' title="bbox 338 5683 1909 5756; baseline -0.003 -12"><span class='ocrx_word' id='word_1_770' title='bbox 338 5683 431 5744; x_wconf 81' lang='lat' dir='ltr'><strong>hic</strong></span> <span class='ocrx_word' id='word_1_771' title='bbox 459 5683 515 5741; x_wconf 83' lang='lat' dir='ltr'><strong>et</strong></span> <span class='ocrx_word' id='word_1_772' title='bbox 536 5683 681 5740; x_wconf 78' lang='lat' dir='ltr'><strong>intra</strong></span> <span class='ocrx_word' id='word_1_773' title='bbox 703 5688 1012 5756; x_wconf 87' lang='grc' dir='ltr'>Βρετανίων</span> <span class='ocrx_word' id='word_1_774' title='bbox 1036 5685 1299 5741; x_wconf 87' lang='lat' dir='ltr'><strong>edidisset</strong></span> <span class='ocrx_word' id='word_1_775' title='bbox 1328 5702 1342 5738; x_wconf 89' lang='lat'><strong>:</strong></span> <span class='ocrx_word' id='word_1_776' title='bbox 1363 5685 1443 5756; x_wconf 86' lang='lat' dir='ltr'><strong>sic</strong></span> <span class='ocrx_word' id='word_1_777' title='bbox 1468 5683 1614 5756; x_wconf 83' lang='lat' dir='ltr'><strong>enim</strong></span> <span class='ocrx_word' id='word_1_778' title='bbox 1634 5692 1753 5756; x_wconf 63' lang='lat' dir='ltr'><strong>tres</strong></span> <span class='ocrx_word' id='word_1_779' title='bbox 1776 5698 1909 5740; x_wconf 89' lang='lat' dir='ltr'><strong>mss.</strong></span> 
     </span>
    </p>
   </div>
   <div class='ocr_carea' id='block_1_112' title="bbox 341 5752 1908 5827">
    <p class='ocr_par' dir='ltr' id='par_1_112' title="bbox 341 5752 1908 5827">
     <span class='ocr_line' id='line_1_113' title="bbox 341 5752 1908 5827; baseline -0.004 -12"><span class='ocrx_word' id='word_1_780' title='bbox 341 5758 504 5827; x_wconf 80' lang='lat' dir='ltr'><strong>Regii</strong></span> <span class='ocrx_word' id='word_1_781' title='bbox 534 5752 860 5826; x_wconf 73' lang='lat' dir='ltr'><strong>praeferunt,</strong></span> <span class='ocrx_word' id='word_1_782' title='bbox 888 5757 1163 5826; x_wconf 88' lang='lat' dir='ltr'><strong>quomodo</strong></span> <span class='ocrx_word' id='word_1_783' title='bbox 1198 5756 1361 5810; x_wconf 89' lang='lat' dir='ltr'><strong>etiam</strong></span> <span class='ocrx_word' id='word_1_784' title='bbox 1394 5754 1598 5809; x_wconf 91' lang='lat' dir='ltr'><strong>habent</strong></span> <span class='ocrx_word' id='word_1_785' title='bbox 1633 5752 1908 5819; x_wconf 86' lang='lat' dir='ltr'><strong>Zosimus,</strong></span> 
     </span>
    </p>
   </div>
   <div class='ocr_carea' id='block_1_113' title="bbox 2005 5258 3565 5327">
    <p class='ocr_par' dir='ltr' id='par_1_113' title="bbox 2005 5258 3565 5327">
     <span class='ocr_line' id='line_1_114' title="bbox 2005 5258 3565 5327; baseline -0.004 -9"><span class='ocrx_word' id='word_1_786' title='bbox 2005 5264 2245 5319; x_wconf 84' lang='lat' dir='ltr'><strong>Joannes</strong></span> <span class='ocrx_word' id='word_1_787' title='bbox 2316 5263 2714 5327; x_wconf 85' lang='lat' dir='ltr'><strong>Antiochenus,</strong></span> <span class='ocrx_word' id='word_1_788' title='bbox 2771 5260 3066 5316; x_wconf 83' lang='lat' dir='ltr'><strong>Chronicon</strong></span> <span class='ocrx_word' id='word_1_789' title='bbox 3124 5258 3565 5326; x_wconf 72' lang='lat' dir='ltr'><strong>Alexandrinum,</strong></span> 
     </span>
    </p>
   </div>
   <div class='ocr_carea' id='block_1_114' title="bbox 2009 5327 3569 5399">
    <p class='ocr_par' dir='ltr' id='par_1_114' title="bbox 2009 5327 3569 5399">
     <span class='ocr_line' id='line_1_115' title="bbox 2009 5327 3569 5399; baseline -0.004 -10"><span class='ocrx_word' id='word_1_790' title='bbox 2009 5336 2219 5389; x_wconf 87' lang='lat' dir='ltr'><strong>nummi</strong></span> <span class='ocrx_word' id='word_1_791' title='bbox 2274 5344 2510 5399; x_wconf 88' lang='lat' dir='ltr'><strong>veteres,</strong></span> <span class='ocrx_word' id='word_1_792' title='bbox 2567 5342 2625 5389; x_wconf 87' lang='lat' dir='ltr'><strong>et</strong></span> <span class='ocrx_word' id='word_1_793' title='bbox 2665 5333 2965 5399; x_wconf 86' lang='lat' dir='ltr'><strong>scriptores</strong></span> <span class='ocrx_word' id='word_1_794' title='bbox 3019 5327 3216 5399; x_wconf 89' lang='lat' dir='ltr'><strong>Latini.</strong></span> <span class='ocrx_word' id='word_1_795' title='bbox 3269 5328 3569 5398; x_wconf 84' lang='lat' dir='ltr'><strong>Eutropius</strong></span> 
     </span>
    </p>
   </div>
   <div class='ocr_carea' id='block_1_115' title="bbox 2006 5398 3565 5470">
    <p class='ocr_par' dir='ltr' id='par_1_115' title="bbox 2006 5398 3565 5470">
     <span class='ocr_line' id='line_1_116' title="bbox 2006 5398 3565 5470; baseline -0.004 -13"><span class='ocrx_word' id='word_1_796' title='bbox 2006 5418 2141 5459; x_wconf 86' lang='lat' dir='ltr'><strong>vero</strong></span> <span class='ocrx_word' id='word_1_797' title='bbox 2200 5403 2622 5464; x_wconf 75' lang='lat' dir='ltr'><strong>Veteranionem,</strong></span> <span class='ocrx_word' id='word_1_798' title='bbox 2663 5398 3060 5470; x_wconf 79' lang='lat' dir='ltr'><strong>Philostorgius</strong></span> <span class='ocrx_word' id='word_1_799' title='bbox 3133 5398 3565 5470; x_wconf 80' lang='grc' dir='ltr'>Οὑετερανίωνα,</span> 
     </span>
    </p>
   </div>
   <div class='ocr_carea' id='block_1_116' title="bbox 2008 5469 3566 5544">
    <p class='ocr_par' dir='ltr' id='par_1_116' title="bbox 2008 5469 3566 5544">
     <span class='ocr_line' id='line_1_117' title="bbox 2008 5469 3566 5544; baseline -0.003 -16"><span class='ocrx_word' id='word_1_800' title='bbox 2008 5482 2254 5528; x_wconf 86' lang='lat' dir='ltr'><strong>vocant:</strong></span> <span class='ocrx_word' id='word_1_801' title='bbox 2288 5488 2397 5544; x_wconf 89' lang='lat' dir='ltr'><strong>qua</strong></span> <span class='ocrx_word' id='word_1_802' title='bbox 2444 5475 2637 5544; x_wconf 79' lang='lat' dir='ltr'><strong>ultima</strong></span> <span class='ocrx_word' id='word_1_803' title='bbox 2678 5469 3087 5544; x_wconf 77' lang='lat' dir='ltr'><strong>nomenclatura</strong></span> <span class='ocrx_word' id='word_1_804' title='bbox 3128 5469 3566 5544; x_wconf 61' lang='lat' dir='ltr'><strong>quemdamlne-</strong></span> 
     </span>
    </p>
   </div>
   <div class='ocr_carea' id='block_1_117' title="bbox 2009 5538 3567 5608">
    <p class='ocr_par' dir='ltr' id='par_1_117' title="bbox 2009 5538 3567 5608">
     <span class='ocr_line' id='line_1_118' title="bbox 2009 5538 3567 5608; baseline -0.005 -10"><span class='ocrx_word' id='word_1_805' title='bbox 2009 5554 2188 5598; x_wconf 90' lang='lat' dir='ltr'><strong>morat</strong></span> <span class='ocrx_word' id='word_1_806' title='bbox 2208 5538 2529 5598; x_wconf 70' lang='lat' dir='ltr'><strong>Ammianus</strong></span> <span class='ocrx_word' id='word_1_807' title='bbox 2556 5543 2660 5596; x_wconf 88' lang='lat' dir='ltr'><strong>sub</strong></span> <span class='ocrx_word' id='word_1_808' title='bbox 2678 5540 2869 5594; x_wconf 85' lang='lat' dir='ltr'><strong>eadem</strong></span> <span class='ocrx_word' id='word_1_809' title='bbox 2900 5540 3015 5593; x_wconf 81' lang='lat' dir='ltr'><strong>fere</strong></span> <span class='ocrx_word' id='word_1_810' title='bbox 3045 5547 3311 5607; x_wconf 84' lang='lat' dir='ltr'><strong>tempora,</strong></span> <span class='ocrx_word' id='word_1_811' title='bbox 3344 5539 3436 5608; x_wconf 91' lang='lat' dir='ltr'><strong>qui</strong></span> <span class='ocrx_word' id='word_1_812' title='bbox 3462 5538 3567 5591; x_wconf 80' lang='lat' dir='ltr'><strong>Zo-</strong></span> 
     </span>
    </p>
   </div>
   <div class='ocr_carea' id='block_1_118' title="bbox 2010 5609 3567 5680">
    <p class='ocr_par' dir='ltr' id='par_1_118' title="bbox 2010 5609 3567 5680">
     <span class='ocr_line' id='line_1_119' title="bbox 2010 5609 3567 5680; baseline -0.005 -14"><span class='ocrx_word' id='word_1_813' title='bbox 2010 5614 2173 5677; x_wconf 86' lang='lat' dir='ltr'><strong>simo,</strong></span> <span class='ocrx_word' id='word_1_814' title='bbox 2237 5614 2335 5667; x_wconf 90' lang='lat' dir='ltr'><strong>lib.</strong></span> <span class='ocrx_word' id='word_1_815' title='bbox 2382 5628 2462 5677; x_wconf 84' lang='grc' dir='ltr'>ιιι,</span> <span class='ocrx_word' id='word_1_816' title='bbox 2537 5625 2594 5680; x_wconf 90' lang='lat' dir='ltr'><strong>p.</strong></span> <span class='ocrx_word' id='word_1_817' title='bbox 2658 5611 2747 5675; x_wconf 74' lang='lat'><strong>72,</strong></span> <span class='ocrx_word' id='word_1_818' title='bbox 2818 5609 3123 5680; x_wconf 62' lang='grc' dir='ltr'>Βρετανίων</span> <span class='ocrx_word' id='word_1_819' title='bbox 3196 5617 3567 5677; x_wconf 87' lang='lat' dir='ltr'><strong>nuncupatur.</strong></span> 
     </span>
    </p>
   </div>
   <div class='ocr_carea' id='block_1_119' title="bbox 2009 5677 3568 5741">
    <p class='ocr_par' dir='ltr' id='par_1_119' title="bbox 2009 5677 3568 5741">
     <span class='ocr_line' id='line_1_120' title="bbox 2009 5677 3568 5741; baseline -0.004 -7"><span class='ocrx_word' id='word_1_820' title='bbox 2009 5683 2317 5741; x_wconf 85' lang='grc' dir='ltr'>Βρετανίων</span> <span class='ocrx_word' id='word_1_821' title='bbox 2350 5682 2515 5737; x_wconf 86' lang='lat' dir='ltr'><strong>habet</strong></span> <span class='ocrx_word' id='word_1_822' title='bbox 2539 5677 2718 5735; x_wconf 77' lang='lat' dir='ltr'><strong>codex</strong></span> <span class='ocrx_word' id='word_1_823' title='bbox 2752 5677 3027 5734; x_wconf 85' lang='lat' dir='ltr'><strong>recentior</strong></span> <span class='ocrx_word' id='word_1_824' title='bbox 3088 5677 3333 5741; x_wconf 57' lang='lat' dir='ltr'><strong>Zonaras,</strong></span> <span class='ocrx_word' id='word_1_825' title='bbox 3395 5686 3455 5730; x_wconf 89' lang='lat' dir='ltr'><strong>ut</strong></span> <span class='ocrx_word' id='word_1_826' title='bbox 3508 5686 3568 5729; x_wconf 84' lang='lat' dir='ltr'><strong>et</strong></span> 
     </span>
    </p>
   </div>
   <div class='ocr_carea' id='block_1_120' title="bbox 2007 5700 3570 5822">
    <p class='ocr_par' dir='ltr' id='par_1_120' title="bbox 2007 5700 3570 5822">
     <span class='ocr_line' id='line_1_121' title="bbox 2010 5700 3568 5805; baseline -0.004 -71"><span class='ocrx_word' id='word_1_827' title='bbox 2010 5700 2317 5805; x_wconf 68' lang='grc' dir='ltr'>υρετανιων</span> <span class='ocrx_word' id='word_1_828' title='bbox 2350 5700 2515 5737; x_wconf 73' lang='lat' dir='ltr'><strong>IIan</strong></span> <span class='ocrx_word' id='word_1_829' title='bbox 2546 5700 2718 5735; x_wconf 69' lang='lat' dir='ltr'><strong>(10an</strong></span> <span class='ocrx_word' id='word_1_830' title='bbox 2752 5700 3054 5760; x_wconf 47' lang='lat' dir='ltr'><strong>I&#39;BCCIIIIOI&#39;I</strong></span> <span class='ocrx_word' id='word_1_831' title='bbox 3088 5700 3333 5761; x_wconf 65' lang='lat' dir='ltr'><strong>bonane,</strong></span> <span class='ocrx_word' id='word_1_832' title='bbox 3396 5700 3455 5730; x_wconf 77' lang='grc' dir='ltr'>υι</span> <span class='ocrx_word' id='word_1_833' title='bbox 3508 5700 3568 5729; x_wconf 69' lang='grc' dir='ltr'><strong>ει</strong></span> 
     </span>
     <span class='ocr_line' id='line_1_122' title="bbox 2007 5745 3570 5822; baseline -0.003 -17"><span class='ocrx_word' id='word_1_834' title='bbox 2007 5751 2050 5805; x_wconf 89' lang='grc' dir='ltr'><strong>Τ</strong></span> <span class='ocrx_word' id='word_1_835' title='bbox 2094 5753 2391 5822; x_wconf 88' lang='lat' dir='ltr'><strong>eophaues.</strong></span> <span class='ocrx_word' id='word_1_836' title='bbox 2449 5750 2749 5821; x_wconf 85' lang='grc' dir='ltr'>Βριτανίων</span> <span class='ocrx_word' id='word_1_837' title='bbox 2796 5750 3147 5816; x_wconf 82' lang='lat' dir='ltr'><strong>Athanasius,</strong></span> <span class='ocrx_word' id='word_1_838' title='bbox 3192 5763 3248 5802; x_wconf 88' lang='grc' dir='ltr'><strong>ιιι</strong></span> <span class='ocrx_word' id='word_1_839' title='bbox 3279 5746 3451 5818; x_wconf 85' lang='lat' dir='ltr'><strong>Epist.</strong></span> <span class='ocrx_word' id='word_1_840' title='bbox 3500 5745 3570 5801; x_wconf 79' lang='lat' dir='ltr'><strong>ad</strong></span> 
     </span>
    </p>
   </div>
  </div>
