4034 6244
343 182 513 305 1129Ἇ

1628 237 2030 300 ANNALIUM
2070 238 2216 301 LIB.
2236 228 2413 300 XIII.

3460 237 3590 302 1130

336 350 384 404 δ’
413 344 744 420 ἑγχαράττει
775 344 947 418 αὓτῷ,
986 344 1322 418 συγγνώμην
1348 344 1498 418 αὖτῷ
1526 345 1701 410 διδοὺς
1727 347 1822 400 ἐπὶ
1843 346 1899 417 τᾷ

2022 361 2087 401 ea
2119 360 2241 417 quae
2275 359 2374 416 per
2399 344 2574 402 otium
2601 361 2629 402 a
2657 345 2980 403 Constantio
3013 348 3263 420 accipere
3292 351 3583 419 potuisset.

336 440 678 511 τολμήματι,
712 439 761 492 εί
793 437 906 492 τῶν
949 437 1132 492 ὅπλων
1171 438 1486 509 ἀπόσχοιτο,
1524 437 1620 491 καὶ
1655 454 1918 509 παραχω-

338 528 453 601 ρῶν
486 528 639 599 αὐτῷ
665 528 776 583 τῶν
798 527 1061 595 Γαλλιῶν,
1095 529 1185 584 ἵνα
1213 530 1421 585 τούτων
1447 529 1592 601 άνρχῃ
1640 528 1735 582 καὶ
1787 527 1916 582 τού-

334 638 452 684 τοις
479 621 889 692 περιορίζηται.
932 622 992 675 '0
1020 621 1076 675 δὲ
1110 622 1269 676 οὐδέν
1313 640 1369 677 τι
1421 622 1634 692 φρονῶν
1671 623 1913 692 μέτριον,

333 714 400 766 οὐ
419 714 742 783 προσήκατο
766 713 835 766 τὰ
887 714 1039 784 παρὰ
1068 713 1165 767 τοῦ
1192 714 1583 769 Κωνσταντίου
1623 711 1917 783 ἀπραγμό-

334 823 443 869 νως
468 805 619 875 αὐτῷ
647 807 1027 877 παρεχόμενα,
1084 806 1223 861 ἀλλὰ
1282 806 1377 861 τὸν
1433 806 1671 877 πόλεμον
1717 805 1913 869 είλετο,

334 897 674 966 καὶμᾶλλον
704 899 804 951 σὺν
829 899 985 969 τάχει
1037 898 1173 971 πρὸς
1225 897 1418 951 τοῦτον
1478 896 1779 968 ἐχώρησεν,
1833 895 1915 948 ὅτι

331 988 591 1052 Σιλσανδς
624 988 761 1059 (44),
792 985 873 1052 εἷς
907 990 1015 1043 τῶν
1042 991 1208 1044 αὐτοῦ
1242 990 1570 1061 ταξιάρχων,
1607 988 1747 1057 μετὰ
1778 988 1916 1057 πλή-

330 1081 460 1144 θους
508 1080 767 1143 ὁπλιτῶν,
818 1083 1029 1137 ἐκεῖνον
1085 1082 1280 1149 λιπὼν,
1342 1081 1708 1151 Κωνσταντίῳ
1743 1096 1915 1150 προσ-

344 1173 481 1242 ἦλθε
534 1173 613 1244 τῷ
650 1173 1040 1246 αὐτοκράτορι.
1078 1177 1216 1246 Ἤδη
1241 1176 1296 1230 δὲ
1346 1173 1768 1246 πλησιασάντων
1826 1171 1916 1226 άλ-

336 1263 545 1335 λήλοις,
576 1267 674 1320 καὶ
728 1266 1500 1337 άντιστρατοπεδευσαμένων.
1557 1267 1587 1320 ὅ
1635 1281 1697 1318 τε
1754 1265 1913 1317 Κων-

331 1358 587 1421 στάντιος
616 1358 744 1421 τοὺς
772 1357 1017 1422 οἰκείους
1043 1346 1386 1430 στρατιώτας
1422 1357 1604 1426 λόγοις
1637 1356 1914 1427 διήγειρεν

336 1449 420 1511 είς
440 1449 636 1520 ἀλκὴν,
679 1451 773 1526 καὶ
818 1452 846 1504 ὁ
875 1452 1221 1520 Μαγνέντιος
1242 1452 1373 1516 τοὺς
1393 1451 1595 1506 ἑαυτοῦ
1666 1450 1913 1521 παρεκά-

329 1538 415 1592 λει
450 1540 647 1611 ἄνδρας
674 1540 1152 1612 φανῆναιπιστούς
1175 1557 1237 1595 τε
1266 1542 1361 1596 καὶ
1419 1541 1683 1611 ἀγαθοὺς,
1740 1540 1913 1595 πολλὰ

2021 438 2129 493 Sed
2175 439 2378 493 bellum
2424 440 2531 508 pati
2568 440 2877 509 praelatum,
2912 455 2980 496 eo
3011 441 3246 497 celerius
3290 456 3586 511 aggressus

2017 537 2121 594 est,
2165 529 2313 598 quod
2355 529 2609 585 Silvanus
2638 531 2860 601 quidam
2894 547 2959 586 ex
3005 533 3245 587 tribunis
3291 533 3460 598 illius,
3515 535 3584 588 ab

2019 619 2139 688 ipso
2189 619 2259 674 ad
2304 619 2693 688 imperatorem
2743 635 2868 675 cum
2922 622 3110 677 multis
3162 622 3438 677 militibus
3490 624 3588 678 de-

2016 711 2238 765 fecerat.
2273 710 2410 765 Cum
2440 727 2609 782 prope
2642 723 2866 768 ventum
2900 720 3067 776 esset,
3103 714 3301 769 castris
3325 714 3588 782 utrinque

2018 804 2233 872 positis,
2283 814 2341 857 et
2377 802 2732 859 Constantius
2773 820 2905 861 suos
2950 805 3155 860 milites
3196 805 3263 859 ad
3307 819 3422 859 rem
3471 805 3587 859 l‘or-

2018 896 2148 951 titer
2196 898 2497 968 gerendam
2550 898 2892 957 cohortatur,
2944 905 3002 951 et
3058 895 3404 966 Magnentius
3457 911 3589 951 suos

2018 990 2172 1054 item,
2210 997 2270 1044 ut
2288 1005 2347 1045 se
2378 990 2528 1044 viros
2558 988 2730 1043 fortes
2767 993 2824 1043 e‘t
2854 987 2992 1042 [idos
3032 987 3367 1073 praeberent,
3404 988 3583 1042 multa

2018 1082 2317 1151 pollicitus.
2378 1082 2496 1138 Jam
2566 1081 2859 1136 instructis
2936 1079 3228 1135 ordinibus
3291 1078 3587 1133 naaximam

2015 1174 2122 1229 diei
2170 1182 2382 1244 partem
2430 1173 2678 1244 ignavam
2731 1182 3070 1243 transegere,
3120 1172 3336 1226 neutris
3382 1171 3588 1226 alteros

2015 1248 2305 1335 aggressis.
2353 1265 2699 1336 Magnentius
2739 1264 2906 1318 etiam
2957 1263 3257 1335 pracstigiis
3298 1278 3431 1317 usus
3475 1272 3586 1318 est.

2014 1356 2150 1411 Nam
2213 1370 2339 1427 saga
2402 1356 2653 1426 quaedam
2715 1369 2845 1409 eum
2905 1356 3139 1420 monuit,
3193 1363 3251 1410 ut
3316 1354 3589 1425 virginem

2016 1449 2349 1514 immolaret,
2389 1451 2621 1522 ejusque
2663 1450 2985 1518 sanguinem
3017 1447 3147 1501 vino
3202 1447 3428 1502 mistum
3483 1447 3588 1500 mi-

2015 1542 2203 1598 litibus
2258 1543 2590 1614 gustandum
2663 1543 2973 1612 pra-heret,
3029 1542 3131 1610 17
3186 1540 3304 1611 ipsa
3363 1539 3584 1594 interim

328 1630 514 1699 σφίσιν
544 1632 1036 1703 ἐπαγγειλάμενος.
1089 1634 1697 1704 Ἀντιπαραταξάμενοι
1729 1634 1809 1696 δὲ,
1844 1633 1899 1687 τὲ

2016 1636 2257 1690 carmina
2306 1636 2553 1705 quaedam
2597 1635 2903 1701 recitante,
2962 1643 3020 1688 et
3064 1634 3375 1687 daemonum
3423 1646 3587 1700 opem

340 1726 443 1794 μὲν
473 1723 726 1778 πλεῖστον
750 1725 847 1790 τῆς
874 1726 1090 1796 ἡμέρας
1128 1726 1545 1797 άπρακτοῦντες
1620 1725 1905 1794 διήγαγον,

329 1816 564 1886 μηδενὸς
588 1816 666 1885 τῷ
713 1817 1323 1888 άντιπαρατεταγμὲνῳ
1365 1817 1523 1888 μέρει
1572 1817 1905 1881 ἐπεξιόντος.

338 1905 402 1960 Ὀ
426 1906 482 1959 δὲ
511 1907 852 1976 Μαγνέντιος
874 1909 968 1962 καὶ
993 1909 1281 1977 γοητείαις
1297 1909 1593 1979 ἐχρήσατο.
1618 1907 1765 1978 Γυνὴ
1798 1909 1907 1980 γάρ

325 2016 421 2063 τις
451 2000 627 2073 μάγος
654 2000 932 2070 παρθένον
960 2000 1114 2071 αὑτῷ
1167 2001 1474 2069 σφαγιάσαι
1521 2001 1776 2066 ὑπέθετο,
1809 2003 1906 2056 καὶ

320 2091 455 2162 οἴνῳ
478 2092 541 2145 τὺ
565 2093 774 2164 ταύτης
843 2089 984 2163 αἷμα
1043 2093 1344 2162 προσμίξαι
1388 2094 1482 2146 καὶ
1552 2093 1741 2147 δοῦναι
1792 2094 1904 2156 τοῖς

324 2178 697 2251 στρατιώταις
726 2180 861 2235 αὐτὸ
889 2182 1336 2250 ἀπογεύσασθαι,
1366 2183 1459 2237 ἐπὶ
1480 2184 1690 2248 τούτοις
1746 2184 1895 2255 ὲκεί-

320 2284 422 2337 νης
462 2268 679 2338 ἐπῳδάς
710 2286 867 2331 τινας
900 2269 1188 2341 εἰπούσης,
1249 2272 1343 2324 καὶ
1376 2272 1648 2343 δαιμόνων
1702 2275 1897 2327 ἐπικα-

321 2360 596 2432 λουμᾶνης
626 2363 972 2433 ἐπικουρίαν.
1012 2364 1173 2433 ’Δρτι
1211 2364 1389 2436 δὲτῆς
1421 2365 1634 2436 ήμέρας
1688 2366 1902 2420 κλινού-

323 2469 447 2524 σης,
473 2454 889 2527 συνερράγησαν
929 2456 1184 2528 ἀλλήλοις
1215 2457 1283 2510 τά
1347 2458 1759 2530 στρατεύματα,
1805 2460 1900 2513 καὶ

322 2546 529 2612 πολλὰς
551 2549 652 2619 τῆς
677 2548 859 2620 μάχης
891 2550 1130 2621 σχούσης
1157 2550 1492 2620 μεταϐολάς,
1512 2547 1664 2615 τέλος
1691 2538 1739 2624 ’ἡ
1771 2555 1895 2628 νίκη

320 2637 401 2710 τῷ
425 2639 794 2711 κωνσταντίῳ
818 2640 1196 2712 ἐπεμειδίασε,
1227 2641 1321 2696 καὶ
1351 2643 1513 2715 μέχρι
1559 2643 1897 2715 βαθείαςνυ-

320 2730 452 2796 κτδς
475 2731 525 2786 ot
550 2731 645 2786 τοῦ
669 2732 1010 2802 Μαγνεντίου
1038 2736 1432 2789 συνεκόπτοντο
1448 2737 1540 2788 καὶ
1558 2738 1893 2793 ἀπώλλυντο·

326 2823 476 2878 οὕτω
518 2823 575 2878 δὲ
607 2826 706 2895 τῆς
753 2825 847 2880 τοῦ
877 2827 1119 2899 πολέμου
1150 2829 1324 2901 ῥοπῆς
1355 2832 1433 2902 τῷ
1461 2833 1714 2905 τυράννῳ
1764 2850 1891 2886 συν-

320 2913 638 2984 ενεχθείσης
657 2918 737 2981 εἰς
764 2916 941 2988 φυγήν
971 2919 1181 2983 ἐκεῖνος
1234 2921 1473 2976 ἀπεῖδεν.
1545 2922 1663 2977 Ἵνα
1686 2922 1745 2977 δὲ
1815 2923 1892 2993 μὴ

2014 1726 2365 1796 implorante.
2425 1725 2532 1781 Sed
2593 1725 2683 1780 die
2729 1726 2834 1786 iam
2882 1725 3200 1789 inclinante,
3245 1722 3586 1779 exercitibus

2011 1819 2340 1889 congressis,
2399 1833 2523 1872 cum
2581 1818 2674 1872 diu
2737 1816 2966 1887 ancipiti
3035 1824 3206 1871 marte
3272 1823 3584 1886 pugnatum

2012 1921 2178 1975 esset,
2219 1909 2452 1964 victoria
2505 1908 2724 1964 tandem
2788 1923 2958 1978 penes
3014 1906 3400 1961 Constantium
3453 1907 3579 1971 fuit,

2007 1999 2404 2070 Magnen'ianis
2467 2000 2522 2054 in
2579 1999 2808 2054 multam
2864 2009 3085 2054 noctem
3135 1998 3292 2054 exesis
3340 2007 3398 2052 et
3446 1994 3568 2068 pre-

2007 2092 2224 2162 ﬂi‘gatis.
2273 2091 2563 2162 Tyrannus
2605 2106 2762 2157 vero,
2801 2091 2906 2145 hac
2932 2091 3089 2162 plaga
3112 2088 3357 2160 accepta,
3392 2089 3581 2159 fugam

2004 2184 2220 2253 arripit,
2258 2193 2314 2237 et
2342 2199 2411 2237 ne
2451 2194 2802 2253 agnoscatur,
2834 2183 3111 2253 plebeiam
3147 2190 3353 2237 vestem
3385 2182 3578 2246 sumit,

2003 2286 2060 2331 et
2108 2291 2312 2345 equum
2374 2291 2537 2330 suum
2584 2276 2751 2346 regiis
2798 2274 3108 2346 ins-ignibus
3150 2275 3443 2346 impositis,
3489 2291 3580 2333 so-

2000 2371 2179 2425 lutum
2218 2368 2466 2431 dimittit,
2499 2385 2513 2421 :
2544 2377 2603 2422 ut
2625 2368 2719 2437 qui
2755 2383 2966 2424 sessore
2996 2384 3230 2423 vacuum
3261 2380 3577 2424 currentem

2002 2461 2280 2525 viderent,
2343 2459 2524 2529 ipsum
2581 2459 2937 2515 interfectum
2992 2461 3400 2524 existimantes,
3460 2477 3576 2517 non

2001 2558 2491 2623 persequerentur.
2540 2548 2633 2605 Sic
2685 2551 2775 2605 ille
2824 2548 3037 2622 ell‘ugit.
3088 2551 3246 2607 Mane
3305 2551 3582 2609 Constano

2000 2646 2157 2709 tium,
2207 2660 2333 2700 cum
2371 2644 2583 2698 tumulo
2629 2643 2867 2712 quodam
2927 2658 3229 2698 conscenso
3269 2643 3575 2714 subiectam

1999 2736 2280 2810 planitiem
2320 2744 2376 2791 et
2432 2733 2894 2805 praeterﬂuentem
2938 2750 3156 2789 amnem
3206 2734 3574 2791 cadaveribus

1983 2832 2159 2917 Iplena
2205 2829 2453 2894 vidisset,
2504 2829 2560 2883 in
2616 2826 2939 2882 manifestas
2985 2826 3235 2896 erupisse
3302 2828 3574 2897 lacrymas

1997 2924 2203 2987 ferunt,
2250 2937 2356 2976 non
2409 2931 2517 2977 tam
2563 2917 2793 2974 victoria
2823 2919 3091 2982 laetatura,
3130 2931 3293 2986 quam
3343 2916 3414 2971 ob
3461 2930 3574 2971 ca:-

320 3007 435 3075 τοῖς
467 3005 767 3075 βασιλικοῖς
817 3011 1173 3081 παρασήμοις
1252 3014 1471 3083 φεύγων
1549 3015 1889 3087 γνωρίζοντο,

2001 3031 2183 3071 serum
2242 3012 2525 3069 interitum
2596 3018 2872 3065 mmstum.
2935 3010 3069 3063 Nam
3133 3024 3257 3063 cum
3291 3008 3358 3063 ad
3413 3017 3573 3062 octo-

322 3096 648 3153 ἀποτίθεται
673 3099 848 3154 ταῦτα
884 3102 980 3155 καὶ
1015 3103 1297 3176 ἰδιωτικὴν
1333 3107 1709 3173 ἀναλαμϐάνει
1770 3126 1892 3162 στο-

316 3188 446 3260 λήν.
478 3191 587 3244 Καὶ
610 3192 689 3263 τῷ
719 3192 975 3264 βασιλείῳ
1007 3195 1160 3267 ἵππῳ
1188 3199 1256 3252 τά
1288 3200 1601 3270 παράσημα
1623 3201 1894 3272 ἐπιθέμε-

319 3293 437 3341 νος,
475 3278 664 3334 ἄνετον
693 3280 876 3352 ἀφῆκε
904 3285 1120 3354 τρέχειν
1137 3287 1320 3354 αὐτὸν,
1349 3288 1434 3340 ἵνα
1456 3290 1730 3359 νομίζοιτο
1755 3293 1892 3364 πρὸς

316 3371 435 3428 τῶν
470 3371 724 3444 δρώντων
748 3375 841 3429 τὸν
867 3375 1034 3431 ἵππον
1060 3377 1251 3433 θέοντα
1275 3380 1366 3434 τοῦ
1403 3383 1666 3438 ὲπισάτου
1695 3387 1890 3456 χωρὶς,

319 3467 671 3549 ἀνῃρημένος
700 3467 885 3532 αὐτὸς,
922 3470 1016 3523 καὶ
1049 3471 1128 3542 μὴ
1167 3473 1561 3529 καταδιώκοιτο
1611 3478 1750 3547 πρός
1811 3496 1895 3533 τι-

317 3574 428 3612 νων
447 3573 462 3588 ⁸
493 3561 522 3611 ὁ
544 3559 644 3628 μὲν
673 3555 767 3615 οὖν
785 3561 927 3615 οὕτω
957 3562 1165 3634 διέδρα.
1208 3565 1424 3618 Ἐωθεν
1457 3568 1511 3621 δὲ
1540 3570 1567 3621 ὁ
1595 3570 1890 3624 Κωνστάν-

319 3666 437 3712 τιος
461 3650 550 3703 ἐπί
580 3668 723 3716 τινος
750 3654 963 3716 ἀναϐὰς
1004 3654 1194 3721 λόφου,
1244 3657 1338 3709 καὶ
1377 3656 1477 3727 τὴν
1539 3660 1891 3731 παρακειμέ-

318 3756 423 3811 νην
448 3740 696 3807 πεδιάδα,
730 3742 870 3798 ἀλλὰ
898 3745 1006 3815 μὴν
1040 3747 1134 3799 καὶ
1171 3746 1263 3799 τὸν
1305 3751 1697 3821 παραρρέοντα
1727 3769 1893 3807 ποτα·-

319 3834 425 3903 μὸν
457 3833 666 3905 νεκρῶν
694 3833 819 3888 ίδὼν
874 3837 1139 3905 γέμοντα,
1190 3841 1272 3903 εἰς
1323 3840 1532 3910 φανερὰ
1588 3843 1892 3914 κατήνεκτο

314 3924 554 3992 δάκρυα,
573 3924 634 3976 οὐ
674 3925 873 3994 μᾶλλον
896 3925 986 3981 διὰ
1019 3928 1119 4001 τήν
1152 3970 1155 3979 η
1182 3929 1341 4001 νίκην
1419 3931 1704 4002 ήδόμενος,
1768 3935 1890 3989 ὅσον

313 4019 411 4075 διὰ
458 4019 554 4071 τὸν
580 4018 690 4073 τῶν
734 4020 1017 4074 πεσόντων
1048 4022 1382 4093 δακνόμενος
1413 4025 1659 4096 ὄλεθρον.
1718 4028 1889 4098 Λέγε-

315 4130 410 4166 ται
442 4111 553 4182 γὰρ
575 4112 691 4184 (45)
723 4113 789 4165 ὲκ
818 4112 920 4182 μὲν
940 4112 1050 4166 τῶν
1085 4115 1321 4180 ἐκείνου,
1397 4117 1527 4186 περὶ
1590 4119 1887 4189 τριάκοντα

313 4204 510 4261 πεσεῖν
561 4203 819 4274 χιλιάδες,
863 4204 1091 4260 ἁπασῶν
1113 4205 1541 4278 ἀριθμουμένων
1575 4210 1656 4273 είς
1696 4210 1888 4281 ὀγδοή-

311 4313 506 4351 κοντα.
538 4296 638 4351 Ἐκ
661 4296 717 4350 δὲ
746 4295 854 4349 τῶν
900 4297 1243 4364 Μαγνεντίου
1293 4301 1589 4370 τριάκοντα
1674 4305 1770 4357 καὶ
1827 4303 1887 4370 ἓξ
1921 4347 1965 4404 Β

310 4386 495 4467 οὐσῶν
525 4388 804 4459 χιλιάδων,
839 4388 1204 4462 διαφθαρῆναι
1230 4392 1331 4457 τὰς
1364 4395 1539 4447 εἴκοσι
1587 4395 1724 4465 πρὸς
1770 4398 1889 4460 ταῖς

311 4474 877 4546 τέσσαρσιν.Δύτικα
906 4479 1087 4531 τοίνυν
1142 4479 1270 4543 τοὺς
1344 4480 1444 4550 μὲν
1510 4477 1890 4552 ἀνῃρημένους

313 4566 432 4620 τῶν
464 4570 739 4621 πεσόντων
773 4570 952 4640 ταφῆς
984 4570 1286 4641 ἀξιωθῆναι
1337 4572 1551 4637 πάντας
1610 4566 1888 4640 ἐκέλευσε,

314 4658 399 4729 μὴ
424 4657 853 4730 διακρινομένων
908 4662 1016 4716 τῶν
1055 4664 1275 4717 οἰκείων
1327 4665 1359 4735 ἢ
1415 4665 1525 4718 τῶν
1591 4664 1887 4734 πολεμίων.

288 4750 457 4815 ,Τοὺς
485 4751 528 4805 δ’
560 4752 640 4806 ἔτι
670 4755 1031 4823 ἐμπνέοντας,
1064 4755 1383 4824 ἐπιμελείας
1428 4759 1615 4828 τυχεῖν
1667 4761 1761 4812 καὶ
1802 4761 1888 4811 ία-

311 4846 513 4915 τρικῆς
548 4845 869 4915 θεραπείας,
892 4846 1127 4917 Διαδράς
1162 4847 1241 4913 δὲ,
1272 4848 1350 4911 ὡς
1385 4849 1625 4921 εἴρηται,
1682 4852 1709 4903 ὁ
1766 4852 1885 4905 Μα-

310 4937 559 5007 γνέντιος
581 4936 707 5000 τούς
745 4955 805 4990 τε
846 4938 1252 5007 περισωθέντας
1295 4942 1360 4993 ὲκ
1410 4941 1519 4995 τῶν
1574 4943 1791 4997 οικειων
1824 4944 1883 5015 ή-

313 5027 500 5100 θροιζε
523 5030 617 5083 καὶ
641 5028 835 5093 ἄλλους
866 5031 1121 5098 συνέλεγε
1148 5047 1163 5062 ο
1198 5031 1292 5084 καὶ
1338 5027 1495 5096 αὖθις
1569 5033 1888 5105 ἐπαναλαμ-

311 5124 503 5180 6άνειν
535 5124 726 5179 ἑαυτὸν
754 5125 1037 5195 ἐπειρᾶτο.
1065 5124 1313 5178 Ἔστειλε
1339 5125 1397 5177 δὲ
1451 5127 1548 5180 καὶ
1601 5127 1738 5197 πρὸς
1790 5127 1883 5181 τὸν

1996 3109 2146 3181 ginta
2190 3107 2357 3161 millia
2393 3105 2645 3167 haberet,
2697 3102 2764 3157 ad
2803 3101 3023 3172 triginta
3080 3100 3249 3155 millia
3284 3100 3522 3156 cecidisc
3549 3116 3569 3154 :

1996 3202 2064 3255 de
2080 3197 2374 3271 Magnentii
2404 3196 2629 3268 triginta
2652 3210 2746 3250 sex
2763 3193 3028 3259 millibus,
3050 3200 3356 3264 quatuoret
3372 3192 3568 3262 viginti

1995 3290 2234 3361 periise.
2285 3288 2469 3344 Caesos
2532 3300 2727 3341 omnes
2793 3284 2976 3340 statim
3040 3283 3159 3337 sine
3221 3281 3566 3348 discrimine,

1995 3386 2112 3441 sive
2138 3385 2324 3438 bos'es
2352 3381 2467 3435 sive
2501 3378 2661 3434 amici
2686 3381 2890 3437 essent,
2925 3375 3144 3445 sepeliri
3165 3373 3351 3445 jussit,
3383 3373 3569 3430 adhuc

1995 3482 2271 3552 spirantes
2320 3477 2617 3547 diligenter
2664 3462 2854 3528 haberi
2904 3484 2959 3526 et
3005 3471 3186 3526 curari
3231 3486 3262 3524 a
3308 3470 3566 3526 medicis.

1996 3570 2362 3641 Magnentius,
2393 3576 2452 3621 ut
2482 3565 2690 3619 dictum
2716 3570 2821 3627 est,
2851 3563 3094 3630 elapsus,
3124 3560 3384 3629 reliquias
3424 3575 3561 3615 suo-

1998 3679 2118 3718 rum
2187 3657 2601 3730 conquirendo,
2671 3665 2728 3710 et
2799 3654 2937 3709 alios
2989 3651 3350 3718 asciscendo,
3412 3653 3562 3708 vires

1995 3753 2314 3824 recolligere
2364 3749 2662 3820 satagebat,
2713 3746 2880 3801 misso
2920 3743 2987 3799 ad
3041 3743 3424 3798 Constantium
3471 3758 3564 3799 se-

1993 3846 2196 3902 natarii
2230 3841 2441 3899 ordinis
2486 3841 2704 3910 legato,
2748 3853 2911 3906 quem
2940 3833 3047 3906 jlle
3107 3834 3330 3888 nomine
3374 3834 3561 3904 legati,

1994 3938 2061 3992 ad
2107 3949 2206 3991 sua
2257 3929 2591 4004 exploranda
2645 3927 2862 3981 venisse
2917 3935 3091 3989 ratus,
3149 3938 3259 3978 non
3317 3923 3562 3979 admisit.

1991 4029 2061 4084 At
2111 4024 2456 4096 Magnentius
2516 4034 2707 4075 rursus
2773 4015 3049 4088 episc0pis
3107 4015 3286 4070 miSsis
3334 4014 3555 4070 veniam

1993 4122 2288 4191 impetrare
2317 4116 2520 4179 studet,
2549 4122 2605 4166 ut
2630 4129 2730 4183 pro
2766 4111 2940 4165 milite
2974 4106 3295 4178 imperatori
3326 4114 3557 4161 navaret

1992 4227 2237 4286 cperam.
2280 4209 2361 4266 Ad
2390 4223 2509 4264 eam
2542 4206 2869 4275 legationem
2920 4200 3058 4256 nihil
3092 4198 3379 4268 respondit
3420 4197 3565 4252 Con-

1994 4304 2250 4366 stantius,
2314 4299 2411 4355 sed
2464 4295 2660 4367 legatis
2714 4309 2774 4348 re
2833 4291 3032 4346 infecta
3092 4288 3361 4352 dimissis,
3411 4296 3562 4342 moto

1993 4377 2237 4451 egercitu
2293 4389 2496 4462 pergit,
2545 4386 2735 4441 multis
2775 4384 2869 4454 qui
2918 4383 3021 4438 sub
3069 4381 3378 4452 Magnentio
3419 4379 3566 4434 mili-

1995 4496 2173 4544 tarant
2230 4484 2295 4538 ad
2354 4497 2481 4536 eum
2540 4477 2965 4539 conﬂuentibus,
3016 4489 3080 4528 ac
3137 4474 3462 4542 semetipsos
3509 4479 3565 4525 et

1988 4580 2207 4637 castella
2256 4576 2378 4631 iidei
2408 4574 2557 4629 illius
2596 4568 3086 4626 committentibus.
3118 4565 3187 4620 At
3219 4564 3565 4635 Magnentius

1986 4676 2144 4728 venia
2174 4671 2486 4739 desperata,
2523 4680 2583 4720 se
2622 4664 2687 4719 ad
2719 4663 2924 4718 bellum
2962 4668 3142 4730 parat,
3180 4670 3241 4712 et
3276 4659 3337 4711 in‘
3369 4656 3581 4711 Galliis-

1988 4762 2176 4831 copias
2228 4759 2458 4828 colligit.
2505 4755 2573 4811 Ut
2607 4761 2789 4809 autem
2819 4750 3118 4806 sollicitum
3168 4746 3424 4802 redderet
3456 4745 3561 4796 im-

1988 4859 2402 4923 peratoremet
2441 4863 2470 4901 a
2516 4860 2637 4902 sese
2671 4845 2778 4899 alio
2807 4843 3124 4898 adverteret
3154 4858 3167 4893 :
3204 4833 3556 4890 familiarium

1987 4957 2211 4998 suorum
2262 4939 2555 5009 quemdam
2606 4936 2772 4991 mittit
2797 4933 3167 4995 Antiochiam,
3202 4927 3297 4997 qui
3344 4925 3558 4979 Gallum

1988 5037 2162 5091 tollat.
2196 5034 2247 5088 ls
2276 5047 2385 5103 quo
2437 5031 2621 5085 minus
2649 5036 2943 5098 suspectus
2991 5029 3158 5085 esset,
3190 5021 3245 5072 in
3283 5031 3424 5072 anus
3460 5029 3563 5068 cu-

1978 5128 2200 5200 jusdam
2255 5125 2474 5197 tugurio
2516 5125 2668 5195 juxta
2723 5119 2986 5176 Orontem
3035 5113 3257 5169 ﬂuvium
3294 5108 3560 5193 divertit,

1469 5290 1669 5353 Variae
1692 5289 2005 5353 lectiones
2033 5297 2095 5352 et
2144 5293 2333 5351 notte.

388 5439 501 5508 (44)
540 5441 855 5505 Σιλϐανός.
904 5438 1215 5495 Chronicon
1246 5438 1473 5494 Eusebii
1501 5454 1517 5492 :
1548 5437 1794 5494 Silvanus
1826 5439 1881 5492 in

314 5509 496 5566 Gallia
536 5526 619 5563 res
660 5526 821 5564 novas
851 5511 1063 5564 molitus
1103 5511 1348 5564 vicesimo
1388 5517 1569 5563 octaro
1598 5512 1882 5564 exstinctus

314 5589 393 5636 est
417 5580 520 5637 die.
551 5581 627 5636 De
662 5580 884 5634 Silvano
914 5592 1083 5650 agunt
1124 5580 1313 5635 Victor
1364 5579 1599 5640 Schotti.
1641 5581 1882 5633 Ammia-

315 5666 446 5718 nus,
476 5651 513 5706 1.
542 5666 632 5713 xv,
673 5650 991 5721 Hieronym.
1042 5650 1098 5703 in
1143 5650 1381 5713 Chron.,
1405 5650 1728 5719 Theopha’n.
1762 5659 1875 5704 etc.

598 5743 872 5803 Punon.
923 5744 1043 5802 Gn.
1087 5741 1413 5806 CXXXIV.

2063 5440 2181 5512 (ιδ)
2241 5394 2485 5512 mare:
2520 5446 2629 5512 τερ
2654 5443 2787 5500 μενι
2828 5421 3564 5512 Εἷ¹ἓῗ²¹ὶς9¹¹ῘῬὶ¹χ9Ῐί¹9τὲῗζ⁸⁹

1989 5492 2540 5571 ιὶιιξνῇαιίέωύίοιιιιξ
2562 5492 2618 5557 iu
2654 5492 2757 5571 ἱμιο
2788 5492 2973 5571 praelia
2994 5492 3249 5548 Romana:
3277 5492 3413 5546 uires
3439 5505 3564 5542 con-

1986 5584 2249 5637 ciderunt.

3171 5716 3248 5778 36
