4034 6244
515 296 648 363 1131

1806 289 2131 356 IOANNIS
2163 243 2490 353 20mins;

3616 282 3751 349 113?.

507 415 624 484 qui,
662 419 722 468 ut
744 410 967 483 quidam
1000 408 1245 477 tradunt,
1287 409 1418 465 olim
1449 407 1679 480 Ophites
1711 407 1915 475 dictus,
1956 416 2082 479 post

2188 406 2573 462 Κωνστάντιον
2593 398 2964 471 συγκλητικόν
2998 415 3124 454 τινα
3166 399 3615 472 πρεσϐεύσαντα,
3657 399 3717 455 ὃν
3743 402 3771 454 6

506 505 573 557 de
615 503 835 557 nomine
881 501 975 554 filii
1032 498 1318 569 Cambysis
1365 500 1509 571 regis
1556 499 1870 561 Persarum,
1920 498 1975 551 in
2011 511 2079 551 eo

505 596 796 658 submersi,
831 594 909 647 sic
940 592 1356 663 cognominatus
1379 601 1483 647 est.
1514 590 1735 646 lnsidiis
1773 593 1889 663 jam
1926 590 2080 646 Gallo

503 687 852 758 comparatis,
896 694 953 739 et
1004 686 1192 740 multis
1242 685 1563 755 legionariis
1594 683 1703 740 sibi
1741 683 2075 749 conciliatis,

502 779 715 850 vesperi
775 793 901 833 cum
956 777 1287 847 quibusdam
1341 778 1418 832 rei
1484 779 1725 832 consciis
1773 778 1831 831 in
1884 776 2081 830 vetula:

501 872 721 941 tugurio
756 884 1108 934 concmnans,
1150 870 1383 924 liberius
1433 870 1501 924 dc
1541 870 1659 925 suis
1691 870 1798 939 18
1832 866 2081 923 consiliis

500 963 961 1034 eolloquebatur,
1027 972 1347 1035 contempta
1413 963 1674 1026 anicula,
1734 972 1793 1016 ut
1856 960 2079 1014 minime

499 1058 738 1119 curiosa,
802 1066 875 1110 eL
912 1054 983 1108 ob
1044 1054 1259 1108 senium
1322 1070 1390 1108 ne
1450 1054 1799 1108 intellectura
1853 1051 2078 1121 quidem

499 1146 631 1214 quid
691 1146 994 1201 diceretur.
1040 1146 1109 1201 At
1135 1146 1248 1212 illa,
1290 1155 1349 1200 ut
1389 1154 1640 1215 apparet,
1685 1144 1900 1199 acriore
1944 1158 2082 1213 prce-

497 1239 612 1291 dita
663 1237 904 1308 ingenio,
953 1237 1038 1292 vel
1086 1234 1277 1292 audire
1324 1251 1382 1292 se
1432 1238 1521 1290 illa
1571 1237 1907 1300 dissimulat,
1982 1233 2077 1288 sed

496 1331 775 1384 memoria:
804 1330 1108 1401 diligenter
1140 1329 1364 1383 mandat
1409 1331 1631 1383 omnia:
1670 1342 1911 1397 cumque
1947 1327 2079 1380 hos-

496 1440 615 1493 pes,
645 1423 772 1477 vino
824 1424 1027 1494 gravis,
1074 1424 1185 1493 jam
1236 1421 1628 1483 obdormisset,
1673 1422 1810 1474 clam
1863 1435 2078 1491 egressa

501 1518 742 1584 tugurio,
784 1515 977 1568 urbem
1021 1515 1210 1580 intrat,
1258 1524 1315 1568 et
1358 1513 1545 1568 omnia
1593 1511 1794 1567 Caesari
1838 1512 2077 1575 nuntiat,

496 1626 523 1662 a
559 1626 669 1679 quo
700 1610 852 1663 missi
882 1608 1106 1678 quidam
1151 1607 1530 1663 insidiatorem
1574 1606 2076 1676 comprehendunt,

497 1704 592 1770 qui
649 1701 1051 1772 qurestionibus
1099 1701 1384 1765 adhibitis,
1441 1715 1661 1753 omnem
1712 1699 1951 1753 fabulam
1997 1714 2082 1752 re-

2182 499 2563 559 Κωνστάντιος
2579 494 2788 566 οἰηθεὶς
2805 493 2886 564 τῷ
2913 493 3015 563 τῆς
3034 493 3333 565 πρεσϐείας
3355 493 3586 563 ὀνόματι
3608 508 3774 545 κατα-

2203 589 2552 660 σκοπήσοντα
2638 586 2821 659 ήκειν,
2860 585 2957 640 καὶ
2981 586 3051 638 τὰ
3072 586 3195 638 κατ’
3220 585 3386 639 αὐτὸν
3407 602 3473 637 πε
3482 584 3772 655 ριεργασό-

2186 704 2366 758 μενον,
2392 702 2458 738 πε
2468 680 2759 757 ριώρησεν.
2775 681 2834 735 ’0
2852 682 2908 735 δέ
2926 680 3259 749 Μαγνέντιος
3278 678 3602 741 ἐπισκόποις
3619 674 3772 766 αὖθις

2187 782 2265 836 εἰς
2282 776 2581 849 πρεσϐείαν
2604 777 2893 846 ἐχρήσατο,
2922 769 3449 841 συγγνωμονηθῆναι
3481 767 3666 839 ζητῶν
3706 769 3753 818 ἰν

2182 873 2239 924 ἐν
2263 871 2594 943 στρατιώτου
2609 868 2775 939 μοίρᾳ
2798 867 2875 936 τῷ
2894 865 3103 937 βασιλεί
3121 862 3602 933 συστρατεύσοιτο.
3640 859 3775 913 Ἀλλ’

2180 966 2332 1019 οὐδὲν
2379 965 2517 1035 πρὸς
2585 962 2685 1034 τὴν
2737 962 3036 1034 πρεσϐείαν
3098 960 3307 1029 ταύτην
3340 955 3775 1024 ἀνταπεκρίνατο

2182 1061 2211 1112 6
2240 1058 2643 1119 Κωνστάντιος.
2697 1053 2905 1125 Ἀφῆκε
2931 1053 2991 1107 δὲ
3024 1052 3149 1115 τοὺς
3176 1049 3439 1122 πρέσϐεις
3458 1045 3774 1115 ἀπράκτους

2181 1151 2525 1205 ἐπανελθεῖν.
2560 1149 2830 1209 Κάκεῖνος
2866 1146 3034 1217 ἀπῄει
3062 1144 3296 1214 κινήσας
3332 1140 3767 1211 τδστράτευμα,

2182 1244 2275 1299 καὶ
2296 1243 2481 1297 πολλοὶ
2493 1241 2602 1295 τῶν
2624 1240 2728 1293 ὑπὸ
2747 1238 3088 1308 Μαγνέντιον
3111 1234 3264 1306 αύτῷ
3292 1233 3632 1305 προσῄεσαν,
3652 1232 3772 1284 tau.

2181 1336 2307 1400 τούς
2337 1352 2396 1388 τε
2421 1335 2515 1388 καὶ
2547 1334 2618 1386 τά
2654 1332 2894 1403 φρούρια
2917 1327 3339 1400 ἐγχειρίζοντες.
3367 1324 3709 1393 Μαγνὲντιος
3723 1324 3773 1376 δέ

2181 1424 2454 1494 ἀπογνοὺς
2474 1423 2536 1477 τδ
2551 1423 2646 1477 τοῦ
2665 1422 2999 1493 συγγνώμης
3018 1424 3203 1491 τυχεῖν
3227 1418 3363 1491 πρὸς
3375 1417 3616 1486 πόλεμον
3631 1416 3773 1483 ἡτοι-

2186 1519 2410 1588 μάζετο,
2444 1517 2540 1571 καὶ
2568 1518 2626 1569 ἐν
2653 1515 2912 1577 Γαλλίαις
2946 1513 3154 1580 διάγων
3183 1510 3365 1581 πλήθη
3397 1507 3769 1579 συνήθροιζεν.

2184 1610 2301 1663 Ἵνα
2337 1610 2392 1663 δὲ
2443 1610 2695 1680 φροντίσι
2725 1607 3000 1680 περιϐάλῃ
3017 1607 3114 1659 τὸν
3147 1607 3559 1675 αὐτοκράτορα,
3592 1604 3689 1655 καὶ
3718 1601 3771 1665 ἐξ

2184 1701 2380 1756 ἑαυτοῦ
2400 1699 2845 1771 ἀντιπερισπάσῃ
2872 1699 3010 1771 πρὸς
3038 1697 3468 1768 ἕτερα,ἐπεμψέ
3508 1713 3634 1749 τινα
3661 1693 3770 1746 τῶν

446 1780 461 1787 ‘
495 1802 703 1848 censet.
748 1794 838 1848 Sic
868 1792 1315 1855 Gallus,evitatis
1354 1790 1593 1859 insidiis,
1624 1791 1819 1857 de‘illo
1863 1799 1917 1844 et
1945 1806 2078 1845 con-

2188 1792 2384 1847 ἐαυτοῦ
2441 1792 2658 1846 οἰκείων
2675 1793 2755 1846 εἰς
2773 1792 3130 1861 Ἀντιόχειαν,
3152 1789 3523 1861 ἀναιρήσοντα
3553 1785 3769 1838 Γάλλον.

498 1887 629 1940 sciis
654 1885 984 1957 supplicium
1010 1883 1200 1940 sumit.

2191 1887 2303 1939 Kal.
2321 1887 2347 1938 6
2374 1884 2668 1956 πεμφθεὶς,
2702 1883 2789 1937 διά
2808 1884 2869 1935 τὸ
2897 1881 3237 1947 ἀνύποπτον,
3255 1883 3336 1944 είς
3358 1879 3607 1949 καλύϐην
3635 1876 3771 1938 τινος

504 1976 770 2028 κατέλυσε
803 1976 993 2046 γραὸς,
1031 1974 1182 2044 παρὰ
1212 1972 1291 2044 τῷ
1329 1974 1598 2049 Ὀρῤόντῃ
1635 1974 1869 2046 ποταμῷ
1936 1976 2325 2046 πεπηγμένην,
2411 1976 2471 2039 ὃς
2520 1974 2742 2044 Ὀφίτης
2808 1973 3003 2044 πρώην
3061 1973 3423 2043 καλούμενος,
3479 1971 3558 2034 ῶς
3634 1985 3771 2029 τινες

503 2071 833 2143 ἱστοροῦσιν,
906 2068 1204 2141 Ὀρρόντης
1264 2069 1545 2142 ἐπεκλήθη
1620 2071 1943 2141 μετέπειτα,
2017 2071 2114 2124 τοῦ
2157 2071 2274 2124 υἱοῦ
2336 2068 2640 2138 Καμϐύσου
2690 2067 2786 2122 τοῦ
2842 2067 3073 2140 Περσῶν
3141 2066 3409 2137 βασιλέως
3471 2067 3556 2128 εἰς
3613 2065 3772 2117 αὑτὸν

502 2162 1223 2236 ἐμπεπόντος,καλουμένου
1264 2164 1575 2234 ὐρῤόντου.
1649 2164 1784 2235 Ἤδη
1862 2166 1997 2241 γοῦν
2055 2167 2085 2219 6
2123 2164 2274 2235 παρὰ
2331 2162 2428 2216 τοῦ
2491 2163 2834 2232 Μαγνεντίου
2870 2161 3091 2228 σταλεὶς
3123 2162 3225 2231 τὴν
3254 2160 3401 2215 κατά
3427 2160 3526 2214 τοῦ
3575 2158 3772 2214 Γάλλου

508 2259 813 2330 ἐξαρτύσας
853 2259 1172 2332 ἐπιϐουλὴν,
1205 2262 1299 2314 καὶ
1353 2259 1582 2322 πολλοὺς
1633 2259 1744 2312 τῶν
1791 2261 1913 2312 ἐκεῖ
1956 2258 2473 2331 προσποιησάμενος
2536 2257 2793 2322 ὁπλιτῶν,
2829 2256 3073 2326 ἑσπέρας
3142 2257 3291 2329 παρὰ
3347 2258 3414 2327 τῇ
3466 2255 3565 2325 τῆς
3610 2251 3773 2323 γραὸς

428 2376 434 2383 ·
507 2352 622 2421 (46)
672 2352 883 2423 καλύϐῃ
945 2352 1051 2405 τῶν
1082 2396 1089 2421 ί
1125 2353 1460 2422 συνιστόρων
1517 2352 1626 2405 τισὶ
1719 2352 2073 2417 συνδειπνῶν,
2132 2353 2453 2425 ἀδεέστερον
2528 2351 2714 2413 αὐτοῖς
2776 2351 2957 2423 ὁμίλει
3037 2352 3171 2420 περὶ
3247 2341 3324 2403 ὧν
3400 2345 3771 2407 ἐϐουλεύοντο,

504 2446 862 2516 καταφρονῶν
915 2447 1017 2517 τῆς
1085 2447 1254 2517 γραὸς
1299 2448 1375 2509 ὼς
1438 2446 1817 2517 ἀπράγμονος,
1891 2448 1986 2501 καὶ
2028 2448 2164 2518 μηδέ
2221 2447 2498 2518 συνιείσης
2549 2447 2641 2500 διὰ
2678 2446 2739 2501 τὸ
2796 2446 2981 2517 γῆρας
3028 2446 3139 2500 τῶν
3189 2444 3525 2513 λεγομένων.
3594 2442 3662 2494 ’11
3719 2442 3773 2495 δὲ

496 2540 737 2607 φὺτιως,
797 2536 873 2600 ὡς
930 2537 1129 2604 Ξοικει,
1183 2537 1605 2609 ἐντρεχεςτέρις
1658 2541 2026 2608 τυγχάνουσι,
2103 2537 2266 2608 ἐῴκει
2317 2539 2418 2609 μὲν
2487 2539 2613 2610 μηδ’
2674 2538 2900 2598 ἀκούειν
2926 2537 3035 2592 τῶν
3065 2537 3425 2608 λεγομένων⁶
3482 2536 3664 2591 πάντα
3722 2537 3775 2589 δέ

502 2632 804 2701 συνετήρει
835 2626 958 2681 καθ’
980 2629 1205 2699 ἑαυτήν.
1248 2628 1358 2682 Καὶ
1379 2627 1500 2681 ἐπεὶ
1523 2631 1550 2681 6
1578 2628 1730 2693 ξένος
1783 2630 1954 2699 αὐτῆς
2047 2630 2297 2693 οἰνωθεὶς
2356 2628 2629 2695 ὓπνωσεν,
2686 2630 2873 2700 ἐκείνη
2907 2626 3088 2698 λάθρα
3111 2626 3214 2697 τῆς
3275 2625 3523 2700 καλύϐης
3555 2626 3776 2695 ὑπεξελ-

501 2723 670 2779 θοῦσα
692 2719 847 2793 παρά
874 2718 976 2789 τὴν
1005 2720 1160 2773 πὸλ.ν
1189 2721 1441 2790 ἀφίκετο.
1477 2722 1587 2774 Καὶ
1651 2722 1835 2775 πάντα
1891 2721 2253 2791 καταγγέλλει
2322 2721 2400 2792 τῷ
2468 2722 2894 2793 Καίσαρι.ῐιαρ’
2961 2713 3024 2776 οὗ
3084 2721 3374 2785 σταλέντες
3418 2723 3591 2787 τινὲς,
3653 2740 3776 2778 συν⁹

499 2818 657 2887 ἐσχον
681 2811 850 2869 αὐτοῦ
884 2812 979 2866 τὸν
1004 2811 1318 2879 ἐπίϐουλον,
1353 2812 1411 2877 ὃς
1434 2813 1492 2865 ἐν
1510 2814 1729 2887 ἀνάγκῃ
1776 2813 2078 2878 καταστὰς,
2122 2814 2184 2867 τὸ
2241 2813 2390 2868 ἅπαν
2430 2813 2617 2884 δρᾶμα
2653 2813 2907 2886 ἐξέφηνε.
2943 2812 3055 2869 Καὶ
3092 2812 3240 2867 οὓτω
3268 2815 3370 2885 τὴν
3430 2815 3726 2890 ἐπιϐουλὴν
3751 2825 3778 2877 ό

498 2911 702 2974 Γάλλος
726 2908 1005 2978 διέφυγεν,
1039 2908 1251 2959 ἐκεῖνον
1276 2905 1512 2968 κολάσας
1570 2905 1662 2959 καὶ
1698 2906 1823 2968 τοὺς
1865 2905 2077 2959 ἐκείνου
2119 2904 2466 2976 συνίστορας.

568 3005 656 3062 1X.
708 3003 806 3058 His
857 3004 929 3057 ita
970 3000 1159 3073 gestis,
1220 2999 1564 3070 Magnentius
1612 2998 1797 3054 denuo
1850 2998 1917 3053 ad
1970 3015 2074 3069 [tu-

2252 2998 2330 3054 Θ’.
2363 2998 2585 3055 Τούτων
2641 2998 2786 3054 οὕτω
2836 2992 3287 3073 συμϐεϐηκότων,
3343 3002 3373 3054 6
3436 3002 3776 3073 Μαγνέντιος

497 3115 656 3172 gnam
734 3105 980 3168 paratus,
1020 3094 1427 3164 commissoque
1484 3094 1674 3162 praelio
1701 3108 1731 3147 a
1763 3091 2090 3147 Constantio

497 3195 705 3256 victus,
754 3189 913 3259 fugit.
960 3186 1066 3242 Sed
1131 3185 1337 3240 milites
1379 3186 1517 3255 fuga:
1565 3184 1715 3239 illius
1756 3183 1913 3246 socii,
1964 3198 2090 3238 cum

444 3310 455 3321 π
499 3280 709 3336 nullam
761 3276 959 3335 salutis
1031 3291 1184 3345 spem
1239 3273 1504 3344 reliquam
1560 3261 1830 3338 vi‘derent,
1893 3288 2091 3343 super-

500 3383 802 3425 vacaneum
830 3366 1079 3421 arbitrati
1121 3378 1223 3434 pro
1260 3364 1483 3418 homine
1510 3363 1809 3434 desperato
1843 3364 2089 3434 pericula

501 3461 678 3522 adire.
712 3474 838 3513 eum
867 3458 1185 3526 imperatori
1219 3454 1438 3510 tradere
1464 3454 1860 3518 decreverunt,
1898 3454 2088 3524 Itaque

501 3548 864 3621 diversorium
925 3548 1045 3617 ejus
1090 3546 1537 3611 circumstantes,
1590 3545 1869 3600 hominem
1920 3546 2087 3601 satel-

501 3644 661 3701 litum
726 3640 834 3695 ritu
895 3638 1236 3701 custodiunt,
1300 3652 1367 3692 ne
1426 3638 1568 3692 clam
1658 3638 1929 3694 elabatur.
1982 3639 2091 3692 Ma-

503 3733 764 3807 gnentius
813 3730 1087 3787 sententia
1139 3730 1356 3783 illorum
1404 3731 1644 3799 cognita,
1697 3731 1751 3784 in
1800 3732 2089 3801 angustias

503 3827 760 3883 redactus
784 3822 1153 3887 inevitabiles,
1182 3838 1281 3891 per
1302 3822 1767 3892 desperationem,
1798 3835 1855 3876 ut
1883 3824 2081 3889 fertur,

500 3918 700 3974 furiosi
747 3913 990 3969 hominis
1026 3912 1270 3967 facinora
1312 3911 1510 3976 edidit,
1563 3910 1888 3978 interfectis,
1944 3927 2085 3981 quos

506 4011 653 4065 circa
700 4022 760 4061 se
812 4004 1108 4066 habuerat,
1158 4004 1407 4073 cognatis
1451 4012 1507 4057 et
1562 4003 1755 4059 amicis
1799 4004 2079 4057 omnibus.

506 4096 791 4154 Desiderio
822 4096 990 4150 etiam
1040 4092 1194 4146 fratri
1229 4093 1417 4147 multis
1463 4093 1785 4148 vulneribus
1833 4092 2082 4160 inﬂictis,

505 4192 657 4249 nullo
681 4201 860 4245 tamen
882 4205 950 4244 ex
970 4189 1051 4244 eis
1078 4187 1287 4253 lethali,
1313 4184 1548 4257 denique
1576 4187 1815 4257 seipsum
1839 4186 2085 4251 sustulit,

505 4300 576 4342 ne
632 4299 664 4338 a
723 4281 1055 4338 satellitibus
1109 4276 1431 4334 Constantio
1495 4277 1808 4347 imperatori
1853 4278 2086 4332 traditus

2192 3087 2351 3154 αὖθις
2382 3089 2521 3161 πρὸς
2548 3091 2731 3161 μάχην
2765 3090 3122 3162 ηὐτρέπιστο,
3159 3092 3256 3144 καὶ
3301 3091 3607 3163 συμϐαλὼν
3666 3098 3777 3158 τοῖς

2190 3182 2286 3236 τοῦ
2322 3183 2708 3236 Κωνσταντίου
2741 3182 3105 3253 ἡττᾶται“καὶ
3134 3181 3351 3252 φεύγει.
3389 3185 3455 3238 Oi
3477 3185 3614 3254 γοῦν
3632 3188 3778 3258 αὐτῷ

2196 3275 2583 3346 συμφυγόντες
2640 3274 2996 3347 στρατιῶται,
3029 3275 3155 3328 ἐπεὶ
3216 3276 3535 3347 μηδαμόθεν
3592 3278 3777 3349 ἐώρων

2191 3368 2375 3429 αὐτοῖς
2412 3367 2689 3437 σωτηρίας
2712 3367 2907 3421 ἐλπίδα
2931 3366 3226 3438 περιλιπῆ,
3272 3368 3515 3437 μάταιον
3555 3370 3779 3440 κρίναν-

2190 3475 2283 3521 τες
2310 3458 2653 3513 κινδυνεύειν
2690 3461 2831 3530 ύπέρ
2866 3459 3298 3541 ἀπεγνωσμένου
3327 3460 3549 3530 ἀνδρὸς,
3581 3461 3773 3515 ἐκδού-

2191 3568 2276 3607 vat
2313 3554 2477 3606 αὑτὸν
2512 3553 2589 3624 τῷ
2622 3553 2842 3624 βασιλεῖ
2881 3552 3298 3607 ἐϐουλεύσαντο.
3340 3554 3449 3606 Καὶ
3480 3557 3774 3626 περιστάν-

2188 3661 2277 3708 τες
2306 3645 2405 3714 τὴν
2432 3646 2612 3699 οὶκίαν
2644 3644 2778 3699 ἔνθα
2815 3648 3115 3715 κατήγετο,
3158 3645 3219 3698 ἐν
3247 3646 3494 3717 σχήματι
3519 3648 3774 3719 φρουρῶν

2189 3735 2499 3807 ἐφρούρουν
2533 3736 2721 3804 αὑτὸν,
2750 3736 2839 3791 ἵνα
2870 3737 2944 3808 μὴ
2997 3738 3137 3808 λάοῃ
3168 3739 3310 3805 σ’ρᾶς
3351 3740 3632 3808 ἐκφυγών.
3686 3741 3772 3803 Ὣς

2187 3827 2232 3881 δ’
2251 3827 2395 3895 ἔγνω
2425 3828 2522 3899 τὴν
2553 3829 2739 3883 αὐτῶν
2782 3830 3029 3883 διάνοιαν
3078 3835 3106 3883 6
3142 3827 3511 3897 Μαγνέντιος,
3578 3834 3673 3886 καὶ
3718 3836 3773 3886 ἐν

2189 3919 2457 3989 ἀφύκτοις
2483 3921 2628 3989 ἔγνω
2649 3922 2841 3977 ἑαυτὸν
2867 3923 3353 3996 περιειλημμένον,
3375 3924 3436 3990 ἐξ
3490 3926 3772 3991 ἀπονοίας,

2192 4012 2501 4085 μεμηνότος
2525 4013 2708 4097 ἐργον,
2737 4014 2813 4079 ὡς
2841 4015 3023 4082 λόγος,
3089 4016 3420 4088 εἰργάσατο,
3480 4020 3611 4085 τοὺς
3657 4002 3774 4089 μεθ’

2190 4106 2384 4162 ἐαυτοῦ
2414 4106 2622 4169 πάντας
2643 4109 2927 4176 συγγενεῖς
2947 4109 3044 4162 καὶ
3079 4110 3268 4178 φίλους
3297 4109 3621 4185 ἀνῃρηκὼς,
3658 4108 3774 4164 εἶτα

2189 4200 2283 4253 καὶ¹
2315 4199 2602 4270 Δισιδερίῳ
2620 4198 2697 4270 τῷ
2726 4200 2940 4272 ἀδελφῷ
2989 4202 3191 4267 πολλὰς
3219 4203 3432 4275 πληγὰς
3457 4206 3549 4259 διά
3590 4207 3773 4274 ξίφους

2190 4292 2516 4362 ἐπήνεγκεν,
2544 4292 2607 4343 οὐ
2643 4291 2830 4361 μέντοι
2859 4307 2944 4355 τις
2971 4294 3155 4347 αὐτῶν
3191 4293 3501 4366 θανάσιμος
3525 4292 3619 4368 ἦν.
3667 4298 3773 4351 Καὶ

507 4391 668 4446 pinna
734 4374 1091 4429 diuturniore
1155 4370 1486 4426 afficeretur.
1557 4372 1849 4426 Decentius
1900 4371 2083 4425 Caesar

2188 4358 2381 4438 ταύταί
2399 4384 2630 4454 πράξας
2645 4358 2750 4437 νκαὶ
2778 4385 2972 4438 ἑαυτὸν
2996 4386 3225 4452 ἀνεῖλεν,
3264 4387 3350 4440 Eva
3379 4358 3454 4459 μὴ
3482 4358 3770 4460 παραδοθῇ

505 4469 576 4521 ab
623 4467 716 4521 illo
741 4465 1070 4535 appellatus,
1110 4479 1233 4519 cum
1282 4463 1337 4517 in
1387 4463 1578 4519 Galliis
1605 4464 1671 4524 ad
1715 4479 1880 4534 opem
1930 4463 2109 4520 fratre

507 4555 791 4611 ferendam
846 4571 904 4611 se
954 4563 1195 4624 pararet,
1241 4554 1391 4608 illius
1432 4556 1657 4609 interitu
1702 4556 1946 4626 cognito,
1993 4570 2090 4625 spe

504 4648 740 4720 ahjecta,
806 4645 975 4701 vitam
1042 4646 1242 4714 laqueo
1310 4645 1451 4700 finit.
1518 4645 1838 4701 Desiderius
1900 4654 2085 4701 autem

508 4756 573 4796 ex
634 4737 954 4793 vulneribus
984 4751 1032 4790 ra
1072 4735 1242 4791 fratre
1286 4736 1598 4807 Magnentio
1650 4738 1892 4809 acceptis
1928 4754 2090 4793 recu-

507 4842 697 4907 perata
762 4829 1100 4893 valetudine,
1178 4828 1321 4883 ultro
1393 4843 1452 4883 se
1513 4829 1838 4885 Constantio
1910 4830 2085 4885 dedit.

509 4927 603 4980 δίο
653 4923 946 4994 Magnentii
1007 4921 1295 4993 tyrannide
1345 4937 1557 4986 eversa,
1599 4937 1942 4994 quaacunque
1996 4925 2087 4979 ille

505 5025 821 5088 occuparat,
847 5030 910 5071 ea
934 5015 1101 5070 etiam
1131 5014 1187 5068 in
1218 5014 1525 5070 Constantii
1553 5024 1886 5085 potestatem
1911 5032 2087 5073 vene-

506 5121 657 5179 runt,
697 5120 757 5166 ut
796 5121 1028 5181 paterno
1061 5108 1295 5179 imperio
1331 5109 1549 5180 integro
1596 5111 1746 5164 solus
1790 5112 2082 5179 pot’retur.

509 5204 588 5257 Ex
626 5218 692 5257 eo
725 5210 954 5272 pacatus
984 5200 1091 5254 fuit
1123 5198 1414 5262 Occidens,
1462 5199 1557 5254 sed
1603 5199 1915 5255 Orientales
1961 5216 2086 5269 par-

511 5309 595 5349 tes
643 5293 1010 5349 subturbaue.
1041 5292 1177 5347 Nam
1204 5290 1393 5347 Gallus
1418 5292 1585 5348 rebus
1605 5294 1865 5349 secundis
1880 5293 2082 5360 elatus,

2192 4475 2334 4550 πρὸς
2370 4476 2481 4529 τῶν
2520 4477 2683 4530 αὑτὸν
2717 4477 3109 4546 φυλασσόντων
3153 4479 3525 4549 Κωνσταντίῳ
3560 4480 3637 4552 τῷ
3669 4480 3769 4533 αὺ-

2193 4568 2509 4640 τοκράτορι,
2539 4569 2636 4622 καὶ
2670 4568 3034 4643 χρονιώτερον
3075 4570 3471 4643 κολασθῇ.Καὶ
3495 4573 3771 4636 Δεκέντιος

2190 4661 2246 4714 δὲ
2284 4660 2567 4728 ὁάδελφὸς
2600 4660 2868 4727 αὑτοῦ,ὃν
2899 4664 3328 4735 προεχειρίσατ)
3393 4665 3681 4737 Καίσαρα,
3715 4668 3769 4718 ἐν

2190 4752 2443 4816 Γαλλίαις
2472 4752 2571 4817 ὢν,
2602 4754 2697 4806 καὶ
2719 4753 2857 4824 προς
2909 4756 3001 4808 τὶν
3058 4756 3289 4825 ἀδελφὸν
3346 4758 3771 4828 ἐτοιμαξόμενος

2189 4840 2482 4909 ἀφίξεσυαι
2506 4841 2824 4913 σύμμαχος,
2856 4843 2931 4908 ὡς
2960 4845 3053 4898 τὸν
3086 4848 3300 4900 ἐκείνου
3365 4846 3601 4901 ἐπύθετο
3656 4848 3771 4900 εἱε-

2190 4933 2339 5005 ορον,
2365 4934 2637 5002 ἀπογνοὺς
2662 4936 2871 5008 ἀγχόνῃ
2904 4939 3207 5010 ἐχρήσατο.
3251 4940 3312 4992 '(t
3365 4940 3423 4993 δὲ
3468 4942 3625 5009 πλρά
3681 4937 3767 4991 τού

2188 5023 2534 5091 Μαγνεντίου
2565 5024 2783 5097 πληγὰς
2821 5026 3115 5099 δεξάμενος
3200 5030 3412 5084 ἐκείνου
3466 5031 3767 5101 ὁμαίμωνὸ

2190 5113 2511 5182 Δισιδέριος,
2541 5112 2635 5168 τὸν
2671 5115 2910 5170 Θάνατον
2940 5118 3199 5187 ἐκφυγὼν
3235 5120 3334 5173 καὶ
3386 5118 3765 5193 ἀναρρωσθεὶς

2188 5205 2298 5259 ἀπὸ
2330 5206 2446 5261 τῶν
2483 5206 2732 5277 πληγῶν,
2764 5207 2842 5277 τῷ
2880 5210 3247 5280 Κωνσταντίῳ
3295 5212 3609 5284 προσῆλθεν
3658 5211 3765 5263 ἐθε-

2187 5298 2399 5366 λοντής.
2416 5298 2572 5352 Οὕτω
2592 5301 2646 5353 δὲ
2666 5301 2762 5371 τῆς
2783 5302 2873 5353 τού
2893 5303 3233 5371 Μαγνεντίου
3253 5306 3565 5373 τυραννίδος
3591 5303 3764 5357 διαλυ-

1682 5451 1880 5512 l’aria:
1927 5451 2241 5515 lectiones
2274 5463 2335 5517 et
2381 5464 2571 5518 uotae.

583 5565 705 5640 (46)Δ
724 5567 837 5635 Τῆς
869 5586 1067 5640 γραος.
1106 5570 1166 5626 Id
1199 5571 1368 5626 etiam
1398 5569 1578 5638 attigit
1608 5570 1952 5636 Ammianus,
1984 5573 2085 5628 lib.

514 5651 602 5690 xrv
629 5652 644 5688 :
674 5637 996 5713 Accenderat
1021 5637 1292 5713 Superbia
1334 5637 1611 5713 incitatum
1656 5644 1987 5713 propositum
2019 5643 2089 5697 ad

514 5710 799 5762 nocendum
857 5708 1046 5779 aliqua
1090 5708 1287 5765 'mulier
1322 5711 1479 5788 .vilis,
1514 5726 1630 5782 qua!
1656 5708 1765 5766 ‘ad‘
1804 5712 2093 5785 palatium,

2194 5584 2251 5628 ut
2288 5586 2626 5647 poposcerat,
2682 5582 3013 5644 intromissa,
3063 5582 3286 5635 insidias
3334 5582 3382 5635 ei
3418 5577 3758 5637 latentch

2198 5646 2341 5701 tendi
2376 5650 2685 5718 prodiderat
2706 5652 2769 5706 ab
2799 5651 3051 5708 militibus
3083 5654 3489 5709 obscurissimis.
