4034 6244
1506 203 1673 220 ..λου-ν’

455 297 591 363 1169

1675 310 2075 371 ANNALIUM
2118 312 2264 370 LIB.
2314 312 2392 374 XI
2413 316 2491 375 Il.

3548 328 3685 394 117D

448 406 921 500 iotépqtat."01:s
971 410 1029 464 δὲ
1056 413 1084 465 ὁ
1130 413 1573 479 Οὐαλεντινιανὸς
1639 418 2011 488 ἐτελεύτησεν,

2121 429 2358 487 paternae
2379 440 2488 479 non
2510 426 3027 500 adesset,juniorem
3059 435 3221 490 etiam
3245 436 3683 499 Valentinianum

443 499 504 552 οὐ
532 500 714 568 παρῆν
738 493 893 565 οὗτος
923 502 1016 555 ἐπὶ
1063 505 1141 574 τῷ
1176 505 1390 579 Θανάτῳ
1416 506 1494 577 τῷ
1525 508 1616 562 τοῦ
1675 511 1901 580 πατρός.
1945 510 2011 562 'H

443 590 575 658 γοῦν
605 594 833 661 στρατιά
864 595 1169 664 τηνικαῦτα
1231 599 1327 651 καὶ
1356 598 1449 652 τὸν
1478 600 1595 654 νέον
1623 599 2014 656 Οὕαλεντινιαο

443 683 532 734 νὺν
573 682 793 749 βασιλέα
819 684 1005 738 ἀνεῖπε
1036 689 1298 760 τετραέτη
1321 691 1443 742 τότε
1485 692 1842 762 τυγχάνοντα.
1888 692 2016 744 Ἐπ-

443 774 681 828 ανελθὼν
714 774 762 829 δ’
797 778 862 828 ἐκ
895 777 994 846 τῆς
1033 779 1336 850 ἀποδημίας
1360 783 1387 834 6
1417 783 1715 853 Γρατιανὸς
1741 784 1866 847 τοὺς
1919 783 2017 853 μὲν

447 867 788 935 στρατιώτας
809 868 1054 935 ὲκάκισε,
1093 872 1186 924 καί
1220 890 1370 939 τινας
1414 875 1594 929 αὐτῶν
1619 875 1713 929 καὶ
1741 876 2013 939 ἐκάκωσε,

446 960 680 1022 κολάσας
711 963 838 1024 τοὺς
872 961 972 1028 τῆς
994 961 1087 1015 τοῦ
1127 964 1360 1034 ἀδελφοῦ
1406 969 1796 1037 πρωτουργούς
1845 970 2016 1041 ἀναῤ-

446 1050 679 1117 ρήσεως,
730 1050 808 1114 ὼς
863 1051 996 1122 ἀτερ
1046 1054 1270 1125 γνώμης
1329 1056 1494 1110 αὐτοῦ
1537 1058 1800 1128 βασιλέως
1864 1061 2017 1125 ὄντος

446 1138 606 1192 ἄλλον
627 1141 1122 1211 ἀναγορεύσαντας.
1164 1145 1268 1200 Τὺν
1314 1148 1371 1201 δὲ
1403 1148 1629 1218 ἀδελφὸν
1675 1149 1840 1204 αὐτοῦ
1890 1168 2016 1205 συν-

447 1230 636 1301 άρχειν
703 1232 765 1284 οὐ
799 1237 1194 1306 παρῃτήσατο,
1235 1237 1371 1292 ἀλλά
1396 1241 1654 1295 κοινωνὸν
1709 1242 1810 1310 τῆς
1860 1242 2017 1312 βασι-

447 1322 596 1387 λείας
630 1326 971 1395 προσείλετο.
1033 1323 1204 1393 Οὗτος
1255 1332 1284 1384 ὁ
1356 1332 1612 1401 βασιλεὺς
1657 1336 1750 1388 τὸν
1805 1336 2017 1407 πατέρα

447 1415 721 1487 ἐζήλωσεν
751 1420 830 1483 είς
856 1421 1159 1476 εὐσέϐειαν.
1192 1423 1356 1477 Ὅθεν
1381 1424 1473 1477 καὶ
1492 1423 1573 1494 τῷ
1602 1425 1730 1493 θείῳ
1755 1427 2016 1480 Οὐάλεντι

448 1511 764 1579 συμμαχίαν
794 1513 1081 1583 αἰτήσαντί
1109 1532 1241 1569 ποτε
1281 1516 1423 1569 κατά
1478 1517 1701 1571 Σκυθῶν
1753 1518 1813 1583 ἐξ
1849 1520 2016 1574 αὐτοῦ

445 1602 508 1654 οὐ
542 1605 862 1674 παρέσχετο.
885 1607 1105 1677 γράψας
1131 1608 1303 1677 αὐτῷ,
1355 1609 1431 1674 ώς
1455 1612 1537 1665 Οὐ
1566 1610 1664 1664 δεῖ
1701 1610 1781 1677 τῷ
1827 1612 2018 1682 ἐχθρῷ

447 1695 553 1748 τοῦ
586 1696 731 1751 Θεοῦ
781 1700 1143 1768 συμμαχεῖν.
1205 1702 1328 1763 Τοῖς
1365 1701 1411 1754 δ’
1459 1702 1755 1768 ὲξελαθεῖσι
1796 1707 2017 1776 ποιμέσι

448 1788 560 1839 τῶν
580 1788 796 1842 οίκείων
826 1791 1133 1862 ἐκκλησιῶν
1159 1793 1245 1847 διὰ
1273 1793 1544 1863 δόγματος
1585 1796 1758 1864 ἐφῆκε
1808 1798 1909 1869 τὴν
1937 1801 2018 1862 εἰς

450 1878 622 1942 αὐτάς
656 1879 1042 1951 ὑπονόστησιν.
1107 1884 1228 1938 Τῶν
1256 1886 1479 1941 Σκυθῶν
1502 1888 1560 1942 δὲ
1589 1888 1701 1959 (ﬂ)
1731 1891 1869 1960 μετά
1918 1892 2019 1961 τὴν

446 1970 542 2023 τοῦ
571 1971 865 2035 Οὐάλεντος
887 1969 1057 2044 ἧτταν
1078 1975 1494 2045 ὲξογκωθέντων
1522 1978 1583 2032 τὸ
1614 1981 1892 2051 φρόνημα,
1924 1982 2020 2035 καὶ

446 2064 546 2129 τήν
569 2078 627 2115 τε
650 2063 873 2135 Θρᾴκην
903 2065 1262 2135 ληῖζὸμένων,
1295 2068 1389 2121 καὶ
1415 2070 1483 2122 τὰ
1529 2071 1657 2142 περὶ
1688 2072 1882 2141 αὐτὴν,
1923 2072 2020 2127 καὶ

449 2153 771 2209 ἀκαθέκτων
799 2154 987 2221 ὄντων,
1024 2159 1109 2211 τὸν
1175 2159 1235 2224 ἐξ
1295 2158 1570 2225 Ἱσπανίας
1619 2163 2021 2232 μετεκαλέσατο

448 2244 726 2301 Θεοδόσιον
780 2248 837 2318 (ἡ
898 2249 955 2302 δὲ
1017 2250 1273 2303 Ἰσπανία
1331 2251 1447 2322 (42)
1512 2253 1615 2322 τῆς
1690 2253 2020 2324 Εὐρωπαίας

460 2333 700 2404 Ἰϐηρίας
767 2337 885 2391 ἐστὶ
935 2338 1089 2402 πόλις
1132 2341 1166 2410 ἡ
1194 2340 1576 2413 διαφορωτάτη
1615 2342 1724 2396 τῶν
1748 2344 1807 2396 ὲν
1859 2343 2021 2414 αὐτῇ)

451 2429 620 2500 ἄνδρα
650 2432 1032 2497 γενναιότατόν
1075 2448 1136 2485 τε
1187 2433 1281 2486 καὶ
1337 2434 1755 2491 εὐσεϐέστατον.
1817 2437 2022 2491 Τοῦτον

449 2521 544 2575 οὖν
574 2524 1056 2595 προχειρισάμενος
1081 2527 1386 2597 στρατηγὸν
1412 2531 1550 2597 μετά
1577 2530 1838 2598 στρατιᾶς
1877 2532 2019 2585 κατά

450 2616 562 2670 τῶν
601 2617 905 2688 Βαρϐάρων
936 2619 1290 2690 ὲκπιίπομφεν
1317 2638 1330 2650 ·
1389 2620 1450 2684 ὃς
1499 2622 1792 2688 συμϐαλὼν
1836 2624 2023 2690 αὐτοῖς

450 2710 547 2761 καὶ
574 2709 803 2778 νικήσας
831 2708 1088 2778 τρόπαιον
1110 2709 1303 2781 ἤρατο,
1337 2711 1577 2782 πλήθους
1608 2714 1706 2783 μὲν
1736 2713 2012 2769 Σκυθικοῦ

449 2799 896 2868 κατασφαγέντος
926 2801 983 2852 ὲν
1004 2800 1084 2871 τῷ
1106 2802 1326 2874 πολέμῳ
1355 2803 1578 2871 πολλοῦ,
1602 2805 1710 2860 τῶν
1732 2805 1789 2859 δὲ
1816 2806 2021 2861 λοιπῶν

449 2894 531 2955 είς
561 2890 738 2961 φυγὴν
766 2891 1106 2962 τραπέντων,
1139 2897 1235 2949 καὶ
1260 2894 1370 2949 τῶν
1396 2896 1502 2967 μὲν
1535 2897 1928 2970 ἀπολλυμένων
1960 2903 2020 2955 ἐν

448 2985 529 3057 τῷ
565 2985 1103 3057 καταλαμϐάνεσθαι,
1139 2988 1249 3042 τῶν
1276 2989 1322 3043 θ’
1351 2991 1445 3045 ὑπ’
1475 2991 1722 3062 ἀλλήλων
1788 2992 2021 3061 διαφθα-

452 3080 660 3148 ρέντων
693 3081 751 3132 ἐν
806 3081 875 3151 τῇ
930 3083 1101 3152 φυγῇ.
1154 3080 1381 3136 Πάντων
1432 3084 1617 3137 τοίνυν
1666 3091 1853 3155 σχεδὸν
1910 3086 2023 3139 τῶν

450 3172 758 3242 Βαρϐάρων
799 3172 1030 3225 ἐκείνων
1064 3174 1422 3229 ἀπολωλότων
1449 3174 1563 3246 ιτὴν
1613 3177 1873 3247 στρατιάν
1910 3178 2028 3232 ius!

450 3264 783 3334 καταλείψας
805 3266 834 3317 ὁ
866 3264 1148 3328 Θεοδόσιος
1176 3267 1342 3330 αὐτὸς
1389 3267 1528 3339 πρὸς
1575 3268 1667 3321 τὸν
1729 3269 2027 3339 Γρατιανδν

446 3358 548 3425 τῆς
569 3356 727 3427 νίκης
748 3350 885 3428 ἧκεν
909 3356 1241 3426 αὐτάγγελος
1270 3360 1327 3412 ὲν
1350 3360 1580 3431 Παιονίᾳ
1606 3361 1727 3415 τότε
1748 3361 2023 3429 διάγοντα.

464 3444 832 3513 Ἀπαγγείλας
860 3446 916 3500 δὲ
943 3447 1046 3516 τὴν
1073 3447 1233 3517 νίκην
1256 3448 1336 3518 τῷ
1365 3448 1599 3517 βασιλεῖ,
1641 3449 1734 3503 καὶ
1776 3448 1872 3502 τὸν
1916 3449 2026 3501 τῶν

444 3524 746 3609 Βαρϐάρων
791 3540 1286 3610 εὐαγγελισάμενος
1328 3540 1571 3610 ὄλεθρον,
1622 3541 1908 3610 ἠπιστείτο
1936 3541 2028 3595 διά

448 3645 512 3683 τε
545 3630 608 3683 τὸ
636 3630 731 3685 τοῦ
787 3630 962 3703 ἔργου·
1002 3633 1138 3703 ταχύ
1200 3634 1294 3685 καὶ
1350 3633 1408 3685 τὸ
1451 3631 1877 3703 δυσμαχώτατον
1915 3633 2027 3687 τῶν

452 3722 698 3779 Σκυθῶν.
733 3724 888 3778 Ἐπεὶ
915 3723 962 3777 δ’
993 3722 1135 3792 ἔγνω
1158 3723 1220 3777 τὸ
1243 3723 1466 3791 ἀληθὲς.
1497 3726 1591 3777 καὶ
1608 3725 1706 3792 τὴν
1734 3723 1839 3777 τῶν
1881 3726 2025 3796 Βαρ-

452 3814 634 3881 ϐάρων
680 3815 888 3886 φθοράν
916 3817 946 3869 ὁ
989 3815 1349 3888 αὐτοκράτωρ
1402 3814 1881 3886 πεπληροφόρητο,
1932 3816 2026 3870 καὶ

451 3906 734 3976 εθαύμασε
762 3907 852 3960 τὸν
880 3909 1053 3981 ἀνδρα
1068 3910 1166 3981 τῆς
1194 3925 1254 3962 τε
1281 3908 1581 3979 ταχυτῆτος
1620 3908 1715 3962 καὶ
1771 3908 1867 3961 τοῦ
1896 3910 2023 3978 ἀρι-

453 3997 759 4068 στεύματος
805 3999 972 4053 ἕνεκα
1024 4001 1120 4054 καὶ
1174 3998 1466 4071 ἐπῄνεσεν.
1520 3999 1661 4068 Ἤδη
1694 3999 1749 4051 δὲ
1799 3999 2023 4068 καὶτῆς

450 4088 754 4154 Οὐάλεντος
803 4091 1002 4162 μοίρας
1048 4091 1488 4163 προσκτηθείσης
1530 4090 1683 4162 αὐτῷ
1737 4090 1873 4161 μετά
1923 4091 2025 4161 τὴν

451 4180 663 4235 ἐκείνου
694 4182 920 4252 φθοράν,
951 4180 1160 4237 ἀπιδὼν
1187 4183 1324 4254 πρὸς
1352 4181 1415 4235 τὸ
1441 4182 1672 4254 ἄπειρον
1702 4182 1889 4252 σχεδδν
1927 4185 2027 4252 τῆς

2122 515 2506 583 imperatorem
2540 519 2799 576 salutavit
2818 524 3115 585 exercitus.
3135 529 3482 596 quadrimum
3507 533 3685 589 adhuc

2119 621 2369 677 puerum.
2393 609 2507 676 Qua
2529 610 2597 667 de
2619 628 2782 668 causa
2804 630 3029 686 peregre
3052 634 3325 682 reversus,
3344 623 3547 678 milites
3573 623 3685 679 acri

2120 708 2203 753 ter
2225 699 2522 757 insectatus
2552 706 2945 776 estzquosdam
2972 710 3135 764 etiam
3153 721 3404 767 auctores
3432 713 3689 771 fraternae

2117 794 2467 852 salutationis
2483 799 2753 872 supplicio
2781 800 2985 866 aﬂ‘ccit,
3004 804 3149 872 quod
3169 819 3251 867 se,
3271 805 3375 874 qui
3390 805 3689 876 imperator

2117 898 2286 955 esset,
2320 905 2431 946 non
2489 895 2901 959 consentiente,
2942 896 3108 951 alium
3151 899 3462 968 elegissent.
3498 901 3687 976 Neque

2122 994 2301 1040 tamen
2321 986 2615 1054 recusavit,
2638 989 2935 1059 quominus
2968 988 3192 1044 fratrem
3222 990 3435 1061 imperii
3457 1005 3687 1045 consor-

2121 1090 2229 1136 tem
2247 1080 2754 1151 haberet,eumque
2779 1081 3042 1152 collegam
3069 1080 3288 1156 ascivit.
3310 1081 3553 1135 Paterna:
3575 1080 3689 1149 pie-

2122 1175 2247 1231 tatis
2264 1173 2494 1229 :emulus
2515 1174 2640 1236 fuit,
2659 1184 2715 1229 et
2730 1175 3024 1244 aliquando
3046 1173 3258 1229 Valenti
3289 1182 3483 1243 patruo
3500 1182 3689 1228 contra

2118 1267 2350 1336 Scythas
2377 1282 2537 1336 opem
2578 1267 2813 1336 petenti,
2851 1266 3059 1337 negatis
3089 1265 3307 1321 auxiliis
3350 1264 3634 1332 respondit
3670 1281 3684 1315 :

2119 1353 2235 1408 Non
2269 1369 2380 1407 esse
2412 1370 2530 1407 cum
2568 1352 2664 1407 Dei
2700 1357 2846 1408 hoste
2883 1356 3185 1408 societatem
3225 1354 3347 1408 belli
3376 1354 3686 1407 coeundam.

2119 1445 2438 1502 Pastoribus
2466 1446 2686 1516 ejectis,
2726 1445 2949 1500 decreto
2986 1446 3222 1500 reditum
3256 1445 3309 1499 iu
3344 1460 3472 1499 suas
3501 1444 3690 1499 Eccle-

2120 1539 2230 1594 sias
2254 1538 2547 1593 concessit.
2576 1536 2713 1592 Cum
2746 1544 2926 1591 autem
2957 1536 3169 1607 Scytha:
3196 1545 3315 1604 post
3343 1536 3550 1592 cladem
3583 1535 3688 1587 Va-

2120 1628 2287 1683 lentis
2324 1627 2449 1681 elati
2493 1641 2751 1681 successu
2787 1641 2968 1680 rerum
3010 1624 3296 1679 Thraciam
3345 1623 3685 1691 nui‘timaquc

2120 1720 2239 1776 loca
2283 1726 2588 1780 vastarent,
2640 1729 2695 1775 et
2746 1717 2990 1774 coerceri
3042 1717 3194 1772 nullo
3236 1718 3397 1771 modo
3444 1723 3691 1785 possent,

2122 1808 2492 1864 Theodosium
2518 1808 2817 1877 Hispanum
2843 1807 3078 1863 accersit
3103 1806 3206 1876 (est
3226 1815 3407 1861 autem
3432 1804 3689 1875 llispania

2121 1902 2390 1972 Europete
2415 1901 2606 1956 Iberia;
2650 1901 2779 1955 urbs
2819 1898 3313 1969 praestantissima).
3356 1899 3536 1951 virum
3580 1896 3690 1949 for-

2123 1995 2396 2050 tissimum
2444 2003 2499 2049 et
2538 1992 3032 2062 religiosissimum.
3082 1990 3239 2044 llune
3287 1988 3457 2059 igitur
3491 1986 3687 2041 ducem

2122 2089 2429 2150 delectum,
2482 2086 2697 2157 ablegat
2753 2091 2948 2139 contra
3008 2083 3307 2141 Barbaros.
3348 2080 3445 2150 qui
3500 2078 3691 2153 νου-ωηο

2124 2179 2319 2243 victor,
2354 2192 2600 2246 magnam
2633 2173 2902 2244 Scythica:
2935 2162 3553 2243 gentismnllitudincm
3588 2182 3693 2221 cae-

2123 2269 2223 2333 dit,
2250 2267 2464 2323 caeteris
2487 2269 2540 2321 in
2572 2267 2752 2336 fugam
2778 2265 3063 2335 conjectis,
3088 2263 3180 2333 qui
3209 2264 3294 2318 vel
3325 2278 3355 2318 a
3387 2260 3692 2316 victoribus

2122 2359 2486 2431 deprehensi,
2529 2356 2612 2413 vel
2645 2373 2674 2411 a
2702 2371 2823 2412 sese
2864 2355 3101 2410 invicem
3149 2353 3342 2408 obtriti
3386 2352 3689 2422 perierunt.

2125 2452 2381 2507 Barbaris
2408 2450 2578 2521 igitur
2601 2448 2845 2504 illis'fere
2867 2447 3126 2502 omnibus
3155 2443 3480 2506 interfectis,
3507 2443 3693 2496 Theo-

2122 2546 2312 2601 dosius
2343 2544 2585 2600 exercitu
2620 2541 2737 2598 illic
2760 2542 2983 2603 relicto,
3019 2541 3136 2608 ipse
3166 2537 3412 2593 victoria:
3442 2535 3690 2593 nuntius.

2122 2638 2199 2693 ad‘
2217 2636 2537 2692 Gratianum
2564 2633 2755 2689 tumin
2777 2632 3059 2688 Pannonia
3081 2631 3367 2701 degentem
3387 2627 3691 2684 contendit.

2121 2731 2233 2787 Nec
2271 2740 2452 2784 tamen
2480 2727 2765 2782 victoriam
2796 2725 2904 2797 34
2928 2739 3104 2789 suam,
3131 2732 3183 2777 et
3217 2723 3581 2777 Barbarorum
3608 2718 3693 2771 in-

2123 2819 2345 2874 teritum
2369 2816 2664 2881 nuntianti,
2689 2814 2823 2871 ﬁdes
2845 2815 3026 2868 habita
3052 2820 3154 2878 est,
3182 2826 3306 2866 cum
3331 2811 3402 2865 ob
3424 2810 3502 2864 rei
3528 2815 3692 2878 gestae

2122 2906 2486 2967 celeritatem.
2529 2915 2644 2962 tum
2672 2905 2744 2960 ob
2774 2904 3098 2976 Scytharum
3135 2917 3402 2958 summam
3433 2900 3510 2955 rei
3548 2898 3692 2952 mili-

2123 3001 2257 3057 taris
2299 2999 2573 3071 peritiam.
2610 2998 2748 3054 Cum
2791 3005 2972 3051 autem
3020 2995 3305 3050 veritatem
3342 2991 3695 3061 cognovisset

2050 3112 2094 3174 ρ
2124 3094 2440 3162 imperator,
2474 3091 2651 3160 deque
2695 3088 3074 3143 internecione
3118 3085 3484 3140 Barbarorum
3527 3082 3690 3152 plane

2127 3190 2436 3247 constaret,
2480 3181 2585 3237 viri
2627 3181 2965 3236 celeritatem
3000 3177 3306 3233 admiratus
3336 3184 3452 3241 est,
3487 3184 3542 3229 et
3575 3189 3690 3228 rem

2127 3278 2267 3333 bene
2284 3285 2488 3348 gestam
2508 3273 2766 3330 laudibus
2787 3281 3135 3342 prosecutus.
3157 3270 3275 3325 Jam
3298 3268 3423 3339 quia
3454 3265 3695 3321 Valentis

2126 3372 2291 3429 etiam
2319 3378 2528 3442 partem
2552 3376 2679 3439 post
2703 3368 2851 3423 illius
2878 3365 3161 3422 interitum
3193 3370 3542 3426 consecutus,
3567 3374 3698 3430 pm-

2125 3460 2384 3522 videhat,
2422 3473 2478 3514 se
2523 3466 2635 3512 tam
2675 3458 2998 3512 immensam
3044 3457 3176 3510 tanti
3225 3453 3440 3523 imperii
3493 3451 3692 3506 molem

2127 3546 2400 3601 sustinere
2450 3545 2627 3598 solum
2677 3560 2786 3599 non
2836 3559 2995 3613 posse
3039 3561 3053 3595 :
3110 3541 3484 3596 Theodosium
3531 3539 3695 3593 Novae

2129 3637 2315 3691 Romae
2364 3633 2746 3704 imperatorem
2785 3634 3051 3703 appellat.
3099 3633 3327 3701 partim.
3362 3639 3423 3685 ut
3452 3630 3571 3698 ejus
3611 3628 3695 3681 in-

2126 3727 2391 3782 dustriam
2414 3733 2885 3791 remuneraretur,
2917 3724 3113 3794 partim
3143 3722 3288 3793 quod
3312 3720 3590 3775 neminem
3623 3716 3689 3771 ad

2130 3818 2345 3886 imperii
2374 3817 2696 3872 societatem
2730 3815 2901 3887 magis
2935 3815 3191 3870 idoneum
3220 3813 3524 3885 judicabat.
3556 3809 3694 3863 Tra-

2127 3908 2244 3963 dito
2283 3907 2450 3979 igitur
2487 3909 2564 3964 illi
2602 3906 2862 3963 universo
2899 3907 3123 3964 Oriente
3156 3913 3212 3962 et
3245 3905 3500 3965 Thracia,
3538 3902 3697 3957 Occi-

2125 4000 2356 4056 dentem
2390 3999 2497 4057 sibi
2541 4000 2841 4056 reservavit
2877 4018 2892 4055 :
2939 4008 2997 4054 et
3040 4001 3095 4054 in
3136 3996 3342 4053 Gallias
3385 3994 3692 4066 prolectus,

2127 4105 2271 4145 anno
2290 4090 2506 4161 imperii
2528 4098 2652 4161 post
2673 4090 2885 4146 obitum
2910 4090 3287 4162 patrissexto,
3317 4085 3511 4142 fraude
3538 4084 3697 4140 ducis

2127 4182 2484 4255 Andragathii
2510 4181 2802 4238 occiditur.

450 4279 647 4348 ἀρχῆς,
681 4278 776 4331 καὶ
799 4278 1027 4331 συνιδὼν
1055 4278 1130 4343 ὡς
1165 4279 1263 4348 οὐχ
1286 4273 1398 4343 οἷός
1422 4277 1472 4331 τ’
1507 4278 1574 4331 ἂν
1603 4276 1688 4348 εἴη
1720 4279 1878 4336 αὐτὸς
1943 4276 2105 4348 μόνος
2139 4276 2240 4348 τὴν
2297 4276 2566 4348 τοσαύτην
2625 4277 2825 4333 ίθύνειν
2873 4279 3068 4351 ἀρχὴν,
3122 4276 3347 4350 βασιλέα
3407 4274 3505 4347 τῆς
3552 4273 3697 4332 Νέας

463 4375 686 4445 Ῥώμης
705 4373 1034 4444 ἀναγορεύει
1053 4373 1145 4427 τὸν
1168 4372 1468 4440 Θεοδόσιον,
1499 4373 1616 4445 ἃμα
1644 4375 1742 4444 μὲν
1807 4375 1908 4444 τῆς

1965 4374 2249 4445 ἀριστείας
2282 4374 2447 4429 αὐτὸν
2479 4374 2863 4449 ἀμειϐόμενος,
2928 4376 3042 4447 ἀμα
3075 4370 3133 4429 δὲ
3171 4375 3265 4428 καὶ
3317 4372 3523 4444 μηδένα
3580 4370 3693 4440 κρί-

447 4487 545 4533 νας
572 4468 759 4538 ἔτερον
790 4470 873 4530 είς
899 4466 1186 4521 κοινωνίαν
1217 4470 1315 4537 τῆς
1346 4468 1521 4540 ἀρχῆς
1572 4467 1765 4522 τούτου
1801 4467 2048 4539 κρείττω
2073 4468 2355 4538 ἐσόμενον.
2388 4468 2501 4542 Τὴν
2542 4468 2672 4538 γοῦν
2715 4469 2886 4541 Ἐῴαν
2919 4468 3140 4525 ἀπασαν
3204 4467 3300 4521 καὶ
3325 4465 3424 4537 τὴν
3475 4463 3698 4536 Θρᾴκην
3790 4458 3797 4465 ’

448 4564 600 4634 αὐτῷ
651 4560 985 4632 ἀναθέμενος
1046 4561 1252 4625 ἐκεῖνος
1312 4561 1495 4631 ἑαυτῷ
1547 4561 1910 4633 ἀπεκλήρωσε
1964 4561 2035 4615 τά
2084 4561 2372 4632 Ἐσπέρια.
2439 4562 2552 4617 Καὶ
2587 4562 2681 4615 ἀπὶ
2703 4562 2803 4623 τάς
2828 4560 3060 4625 Γαλλίας
3111 4561 3426 4629 γενόμενος,
3456 4554 3695 4625 ἀνῃρέθη

446 4657 585 4726 δόλῳ
634 4656 726 4709 ὐπ’
763 4655 1152 4728 ’Δνδραγαθίου
1180 4655 1277 4709 τοῦ
1324 4654 1663 4727 στρατηγοῦ,
1691 4654 2019 4727 βασιλεύσας
2059 4656 2202 4726 μετά
2265 4657 2368 4712 sitv
2429 4653 2527 4710 τοῦ
2591 4655 2802 4728 πατρὸς
2855 4654 3019 4709 αὐτοῦ
3078 4654 3332 4722 τελευτὴν
3381 4652 3475 4705 ἐπὶ
3518 4654 3697 4702 ἐνιαυ-

444 4752 574 4813 τοὺς
610 4749 689 4816 ἒξ.

521 4843 629 4899 IH'.
653 4843 761 4897 Τοῦ
796 4842 854 4898 δὲ
875 4826 1177 4913 Γραίιανοῦ
1201 4842 1656 4914 τελευτήσαντος,
1690 4843 2020 4914 κατελείφθη

2200 4837 2390 4895 XVIII.
2431 4838 2695 4894 Gratiano
2729 4836 3026 4900 defuncto,
3059 4831 3431 4892 Occidentalis
3480 4828 3696 4898 imperii

448 4932 707 5004 βασιλεὺς
753 4935 1116 5006 αὐτοκράτωρ
1168 4934 1277 4989 τῶν
1316 4935 1623 5005 Ἐσπερίων
1651 4938 1679 4990 ὁ
1708 4937 1847 5001 Nec;
1882 4936 2024 4990 Οὐα-

445 5026 801 5091 λεντινιανὺς,
845 5029 1011 5098 μήπω
1080 5026 1217 5098 μηδὲ
1271 5027 1548 5098 πρόσηϐος
1600 5026 1861 5096 γεγονώς.
1928 5027 2024 5090 Ὃς

446 5114 786 5186 ὐποφθαρεὶς
822 5115 974 5187 παρά
1005 5114 1106 5185 τῆς
1150 5113 1358 5187 μητρὸς
1391 5115 1688 5185 Ἰουστίνης
1738 5115 2013 5186 ’Δρειανι-

2128 4938 2370 5002 potestas
2419 4928 2474 4982 in
2537 4927 2977 4982 Valentinianum
3025 4924 3306 4980 Juniorem
3355 4918 3695 4990 impuberem

2129 5022 2346 5087 adhuc,
2390 5020 2585 5076 collata
2617 5026 2743 5075 est:
2778 5018 2872 5089 qui
2908 5015 3169 5088 paulatim
3211 5029 3243 5069 a
3270 5012 3480 5068 Justina
3522 5020 3696 5069 matre

2130 5111 2348 5168 Arianis
2376 5111 2593 5168 favente
2628 5119 2945 5180 corruptus,
2978 5107 3310 5176 illorumque
3343 5103 3540 5175 dogma
3572 5118 3694 5159 aut.

1598 5287 1797 5351 Variae
1826 5286 2133 5349 lectiones
2168 5291 2231 5347 et
2270 5291 2461 5348 noue.

521 5452 630 5524 (4|)
665 5453 793 5526 ΤῶνΔ
823 5453 1068 5509 Σκυθῶν
1091 5454 1176 5509 δέ.
1200 5453 1304 5526 sed
1333 5467 1390 5511 et
1423 5457 1613 5511 scribit
1646 5456 1928 5526 E‘unapius
1959 5458 2014 5513 in

444 5523 617 5597 legat.
657 5524 725 5579 ad
782 5523 952 5593 ipsam
1007 5540 1186 5597 usque
1216 5525 1752 5597 Constantinopolim
1800 5523 2019 5583 venisse

445 5594 713 5667 Scythasjz
765 5594 1067 5667 ἰἰδηᾷγάρ
1100 5594 1212 5667 ίκαξ
1281 5597 1379 5667 τὴν
1448 5594 2019 5667 Κωνσταντινούπολιν

446 5664 800 5735 κατέτρεχον,
855 5664 948 5719 καὶ
985 5669 1096 5731 τοῖς
1132 5664 1367 5738 τείχεσιν
1414 5665 1686 5740 ἠνώχλουν
1723 5667 2022 5740 περικαθή-

458 5749 634 5804 μενοι.

2195 5456 2305 5527 (42)
2341 5456 2499 5511 Ἡδὲ
2526 5454 2833 5527 Ἰσμηνίᾳ,
2857 5453 2933 5508 ita
2964 5452 3123 5527 codd.
3162 5452 3340 5527 Regii,
3375 5451 3477 5527 etsi
3518 5451 3694 5527 mani-

2122 5521 2526 5583 festo'errore.
2588 5526 2722 5579 Nam
2775 5522 3060 5592 Hispanias
3092 5524 3312 5579 nomine
3357 5524 3512 5592 nulla
3524 5521 3692 5592 _urbs

2125 5598 2393 5659 occurrit,
2416 5596 2488 5650 ita
2509 5604 2567 5648 ut
2597 5595 2650 5649 in
2672 5609 2738 5648 eo
2755 5590 3024 5663 erraverit
3041 5593 3303 5657 Zonaras,
3323 5593 3466 5663 quod
3496 5590 3693 5661 Hispa-

2126 5666 2275 5721 niam
2321 5666 2401 5719 ab.
2439 5665 2617 5720 Iberia
2663 5661 2995 5726 distinxerit,
3049 5679 3174 5718 cum
3230 5661 3576 5719 Theodosius
3623 5676 3693 5715 ex

2129 5735 2313 5791 Italica
2345 5735 2617 5804 IliSpaniae
2648 5735 2782 5790 urbe
2804 5743 2957 5788 ortus
2986 5734 3169 5788 fuerit.
