4034 6244
277 273 287 278 ⁵
338 329 476 398 1177

1522 333 1930 397 ANNALIUM
1969 335 2114 398 LIB.
2166 339 2342 402 XIII.

3443 339 3584 406 1178

325 448 406 518 τῷ
435 445 551 517 Υίῷ
579 443 872 517 ὀμοσθενὲς
906 444 1002 499 καὶ
1030 443 1292 515 ὁμότιμον
1315 487 1331 514 ,
1364 445 1459 500 τόν
1487 463 1546 498 τε
1567 444 1900 500 Μακεδόνων

2019 451 2553 514 )arem,Macedonio
2606 459 2660 508 et
2707 454 2829 526 ejus
2887 451 3257 508 sectatoribus
3311 453 3584 507 catholica

327 537 426 591 καὶ
446 538 572 599 τοὺς
594 533 982 606 όμοδοξοῢντας
1015 533 1164 607 αὐτῷ
1197 537 1298 606 τῆς
1330 537 1627 607 καθολικῆς
1665 535 1904 604 Ἐκκλη-

327 629 450 691 σίας
471 628 734 696 ἐξέκοψαν
762 625 898 695 (55),
931 627 1029 681 καὶ
1052 627 1134 690 είς
1185 627 1247 681 τδ
1278 626 1434 696 ἅγιον
1474 627 1754 696 σύμϐολον
1800 627 1900 697 τὴν

330 721 465 792 περὶ
495 719 590 773 τοῦ
617 721 776 788 ἁγίου
809 718 1130 786 Πνεύματος
1184 721 1516 791 προσέθεντο
1579 721 1905 790 συγγραφὴν

327 807 438 859 ἀπὸ
477 806 569 859 τοῦ
597 807 691 860 καί
720 809 808 871 εις
824 807 888 860 τὸ
918 806 1157 875 Πνεῦμα
1191 807 1257 860 τὸ
1295 807 1468 876 ἅγιον
1501 809 1661 880 μέχρι
1688 807 1902 871 τέλους·

330 898 524 952 καὶτὰ
553 898 612 950 ὲν
647 901 714 967 τῇ
750 897 944 970 πρώτῃ
992 899 1196 969 συνόδῳ
1225 900 1658 970 δογματισθέντα
1716 899 1910 952 ἔπεσε-

329 990 593 1045 ϐαίωσαν.
631 990 757 1043 Ὅτε
781 990 874 1043 καί
903 1007 1049 1054 τινες
1065 989 1172 1043 τῶν
1191 991 1508 1044 ἐπισκόπων
1538 991 1910 1062 βασκήναντες

330 1085 412 1155 τῷ
429 1083 680 1154 Θεολόγῳ
709 1082 803 1136 τοῦ
838 1083 1028 1153 θρόνου
1061 1083 1224 1154 χάριν
1248 1083 1350 1150 τῆς
1393 1083 1912 1138 Κωνσταντινουπό-

334 1175 499 1240 λεώς,
533 1175 594 1227 ού
644 1175 942 1238 κανονικιῖς
980 1170 1134 1227 εἶπον
1188 1174 1349 1229 αὐτὸν
1381 1174 1770 1243 ἐπιϐεϐηκέναι
1816 1172 1909 1228 τοῦ

329 1267 546 1337 θρόνου,
597 1267 672 1330 ὡς
737 1268 908 1336 ἑτέρῳ
951 1269 1216 1338 πρότερον
1291 1267 1748 1337 ἐπικηρυχθέντα.
1817 1267 1911 1319 Διὸ

343 1361 437 1413 καὶ
461 1359 551 1412 τὸν
575 1359 1022 1425 Συντακτήριον
1049 1362 1079 1412 ό
1105 1359 1263 1427 ἅγιος
1316 1359 1774 1429 συγγραψάμενος
1816 1359 1912 1411 καὶ

340 1451 583 1520 δημοσίᾳ
610 1450 932 1517 ἀνεγνωκὼς
967 1449 1159 1520 ἐξέστη
1200 1450 1296 1502 τοῦ
1339 1449 1533 1518 θρόνου
1565 1449 1659 1504 καὶ
1684 1451 1766 1513 είς
1812 1449 1914 1520 τὴν

332 1541 548 1594 οἰκείαν
571 1541 806 1610 πατρίδα
833 1541 932 1611 τὴν
972 1541 1266 1605 Ναζιανξὼ
1322 1540 1614 1609 ἐπανῆλθε.
1649 1542 1912 1611 Κεχειρο-

328 1635 524 1703 τςνητο
574 1634 632 1686 δὲ
697 1634 795 1702 τῆς
858 1633 1490 1697 Κωνσταντινουπόλεως
1564 1634 1913 1705 πατριάρχης

332 1725 802 1795 Νεκτάριος(56),
843 1725 1206 1797 συγκλητικὸς
1259 1725 1421 1798 ἀνὴρ,
1482 1726 1578 1779 καὶ⁸
1627 1725 1909 1788 πολιτικὰς

331 1817 511 1886 ἀρχὰς
562 1817 795 1888 ὴνυκώς.
839 1817 974 1870 Τότε
1035 1819 1128 1870 καὶ
1158 1818 1186 1870 ὁ
1223 1818 1414 1887 θρόνος
1466 1819 1580 1886 (57)
1640 1817 1741 1887 τῆς
1785 1819 1910 1880 νέας

344 1909 562 1980 Ῥώμης
583 1908 840 1979 δευτέραν
869 1910 1024 1976 τάξιν
1046 1910 1225 1981 ἔλαχε,
1256 1912 1396 1980 μετὰ
1415 1913 1514 1980 τὴν
1532 1910 1912 1980 πρεσϐυτέραν

348 2001 571 2070 Ῥώμην
624 2001 866 2071 ταχθεὶς,
915 2003 1010 2055 καὶ
1058 2003 1169 2056 τῶν
1221 2003 1426 2073 ἑτέρων
1453 2003 1510 2057 δὲ
1568 2002 1910 2074 προκριθείς.

359 2092 521 2145 Ἀλλὰ
561 2095 655 2146 καὶ
679 2095 706 2146 ὁ
741 2094 912 2164 μέγας
957 2095 1307 2166 Ἀμφιλόχιος
1335 2095 1448 2166 (58)
1479 2097 1601 2151 τότε
1641 2096 1793 2166 ἠξίου
1821 2096 1914 2149 τὸν

335 2183 564 2252 βασιλέα
603 2185 924 2253 ἐξελαθῆναι
979 2186 1080 2256 τῆς
1115 2187 1325 2251 πόλεως
1378 2190 1505 2251 τοὺς
1573 2189 1912 2258 Ἀρειανοῦς,

331 2269 424 2326 o'a
453 2273 544 2327 τὸν
575 2273 701 2328 Υίὸν
733 2275 828 2328 τού
881 2274 1016 2328 Θεοῦ
1071 2275 1556 2345 βλασφημοῦντας,
1601 2276 1796 2347 ἢτέως
1839 2276 1914 2348 μὴ

335 2365 792 2434 παραχωρείσθαι
827 2365 1072 2432 συνάξεις
1119 2369 1319 2422 ποιεῖν.
1382 2367 1470 2428 Ὠς
1509 2367 1565 2420 δὲ
1602 2366 1748 2437 νωθῆ
1779 2367 1915 2436 πρὸς

331 2455 493 2509 τοῦτο
521 2455 666 2525 ἑώρα
692 2455 784 2510 τδν
822 2457 1127 2517 Θεοδόσιον,
1173 2457 1422 2526 φυλάξας
1455 2459 1668 2526 καιρὸν,
1703 2457 1792 2508 ὅτε
1820 2456 1916 2509 καὶ

341 2549 370 2598 ὁ
411 2547 692 2617 Ἀρκάδιος
718 2549 1084 2619 συνεδριαξων
1109 2543 1178 2618 ἦν
1206 2547 1284 2618 τῷ
1320 2548 1508 2617 πατρὶ,
1539 2547 1779 2617 εἰσῆλθε,
1811 2547 1907 2600 καὶ

329 2634 414 2706 τῷ
446 2637 545 2706 μὲν
595 2637 860 2706 Θεοδοσίῳ
905 2639 1003 2708 τὴν
1051 2639 1436 2709 προσήκουσαν
1488 2638 1784 2707 ἀπένειμεν
1839 2637 1916 2699 ὡς

342 2729 558 2798 βασιλεί
579 2730 676 2783 καὶ
694 2730 1000 2802 πρόσρησιν
1031 2733 1122 2783 καὶ
1146 2730 1516 2801 προσκύνησιν
1537 2745 1551 2761 °
1577 2734 1712 2800 πρὸς
1743 2730 1799 2783 δὲ
1819 2730 1913 2784 τὸν

348 2820 629 2892 Ἀρκάδιον
660 2822 876 2892 ἀμελῶς
899 2823 1070 2887 οὕτως
1098 2823 1200 2892 ἔφη
1223 2840 1238 2856 ο
1267 2824 1503 2892 Χαίροις
1529 2821 1753 2886 καὶσὺ,
1784 2839 1908 2878 παι·

331 2912 488 2966 δίον.
503 2913 915 2984 Χαλεπήναντος
941 2915 1000 2969 δὲ
1033 2915 1126 2968 τοῦ
1161 2914 1420 2985 βασιλέως
1439 2916 1532 2969 tul
1563 2921 1628 2986 τῇ
1669 2917 1761 2969 τοῦ
1797 2915 1916 2969 υίοῦ

334 3006 756 3076 καταφρονήσει,
780 3003 898 3062 εἶτά
927 3023 1091 3077 φησιν
1122 3008 1150 3059 ὁ
1171 3007 1349 3074 ἆγιος’
1373 3006 1456 3061 Σὺ
1475 3007 1590 3076 μὲν
1607 3008 1918 3075 ἅνθρωπος

2008 543 2251 598 Ecclesia
2285 544 2496 613 ejectis,
2525 553 2581 599 et
2615 544 2669 598 in
2709 552 2962 599 sanctum
3012 541 3329 613 Symbolum
3371 542 3580 595 inserta
3632 537 3634 539 ’

2008 638 2250 692 clausula
2287 638 2408 704 illa,
2440 654 2563 708 qua:
2611 637 2807 707 incipit
2851 644 2900 689 et
2937 638 2992 689 in
3048 634 3302 702 Spiritum
3347 643 3586 685 sanctum

2010 741 2185 796 usque
2216 726 2280 780 ad
2314 726 2496 788 linem,
2532 726 2804 796 primique
2845 724 3068 779 concilii
3108 722 3349 777 decretis
3381 721 3586 774 contir—

2009 818 2192 872 matis.
2225 815 2332 873 Sed
2363 819 2585 887 quidam
2611 816 2857 888 episcopi
2887 815 3149 869 thronum
3191 812 3586 868 Constantino-

2011 909 2200 979 poleos
2235 909 2486 980 theologo
2515 909 2824 964 invidentes
2845 949 2857 969 ,
2907 914 3177 976 negarunt
3205 920 3270 959 co
3304 903 3406 959 rite
3450 905 3590 974 poti-

2012 1010 2149 1064 tum,
2198 999 2292 1070 qui
2355 1001 2508 1070 prius
2551 999 2709 1053 alteri
2753 999 2970 1053 delatus
3029 1006 3198 1050 esset.
3267 994 3444 1060 Quare
3502 993 3588 1046 vir

2011 1100 2234 1146 sanctus
2267 1091 2472 1162 scripta
2504 1091 2774 1156 oratione,
2823 1105 2942 1159 quae
2975 1086 3340 1158 Syutacterion
3385 1084 3589 1138 inscri-

2014 1183 2184 1245 bitur,
2243 1199 2306 1239 ac
2344 1184 2562 1254 publice
2605 1186 2869 1246 recitata,
2920 1180 3192 1235 Nazianza
3245 1178 3298 1231 in
3350 1177 3583 1246 patriam

2012 1274 2199 1329 rediit.
2243 1275 2446 1330 Fuerat
2476 1285 2658 1330 autem
2690 1274 3000 1344 patriarcha
3039 1273 3357 1340 designatus
3394 1267 3590 1322 Necta—

2014 1366 2131 1420 rius
2155 1366 2239 1419 vir
2270 1366 2598 1427 senatorius,
2636 1375 2691 1420 et
2715 1365 2973 1419 civilibus
3011 1363 3234 1416 functus
3257 1358 3592 1430 magistrati-

2015 1457 2138 1512 bus.
2176 1456 2333 1511 Tunc
2363 1456 2527 1512 Novae
2561 1457 2747 1510 Romae
2784 1455 2941 1509 sedes
2973 1453 3279 1509 secundum
3335 1450 3587 1505 ordinem

2015 1549 2211 1605 sortita
2241 1558 2324 1604 est
2357 1567 2371 1604 :
2402 1559 2526 1620 post
2565 1549 2794 1603 Romam
2826 1558 3068 1602 veterem
3114 1546 3402 1607 collocata,
3452 1557 3591 1613 pra:-

2013 1644 2232 1712 lataque
2280 1641 2513 1697 caeteris.
2559 1640 2714 1695 Tunc
2777 1648 2832 1694 et
2883 1639 3112 1708 Magnus
3169 1633 3590 1705 Amphilochius

2015 1733 2084 1787 ab
2144 1733 2473 1802 imperatore
2533 1729 2875 1800 postulavit,
2943 1737 3005 1780 ut
3068 1726 3296 1789 Ariani,
3377 1723 3430 1776 in
3498 1722 3590 1775 Dei

2019 1823 2216 1878 Filium
2283 1821 2570 1881 maledici,
2633 1819 2768 1873 urbe
2819 1818 3196 1887 pellerentur,
3248 1823 3342 1867 aut
3397 1813 3590 1866 saltem

2015 1921 2320 1969 conventus
2401 1911 2603 1981 agitare
2668 1909 3113 1979 prohiberentur.
3181 1904 3317 1959 Cum
3404 1913 3590 1956 autem

2015 2022 2236 2079 segnem
2287 2004 2356 2059 ad
2416 2003 2472 2058 id
2514 2002 2726 2057 videret
2769 2013 2890 2055 esse
2943 1997 3312 2052 Theodosium
3333 2036 3356 2059 ,_
3406 2005 3594 2063 capta—

2018 2112 2074 2156 to
2128 2109 2410 2167 tempore,
2470 2109 2579 2164 quo
2627 2093 2795 2148 etiam
2845 2090 2949 2162 37
3021 2089 3288 2144 Arcadius
3349 2087 3490 2156 patri
3534 2085 3590 2138 in

2015 2189 2254 2246 concilio
2285 2184 2590 2247 assidebat,
2635 2179 2948 2236 Theodosio
2995 2178 3220 2247 quidem
3257 2176 3590 2230 convenien—

2017 2291 2124 2337 tem
2177 2281 2442 2335 honorem
2479 2275 2693 2339 habuit,
2743 2281 2804 2327 ut
2847 2270 3192 2341 imperatori,
3235 2283 3358 2323 cum
3405 2266 3590 2322 verbis

2017 2383 2132 2430 tum
2159 2371 2440 2444 gestibus:
2473 2368 2540 2422 ad
2575 2365 2871 2421 Arcadium
2909 2376 3093 2417 autem
3136 2360 3465 2429 simpliciter
3513 2357 3588 2409 ita

2017 2465 2192 2528 dixit,
2247 2461 2403 2518 Salve
2462 2468 2511 2513 et
2571 2467 2648 2524 tu,
2701 2457 2803 2527 ﬁli.
2862 2457 3205 2525 lmperatore
3269 2460 3450 2505 autem
3487 2449 3586 2502 lilii

2017 2564 2390 2626 contemptum
2435 2553 2673 2624 graviter
2720 2549 2970 2611 ferente,
3007 2547 3090 2600 vir
3149 2552 3415 2598 sanctus:
3476 2541 3589 2606 Tu,

2016 2649 2210 2719 inquit,
2265 2663 2384 2700 cum
2428 2649 2582 2698 homo
2641 2645 2749 2707 sis,
2793 2642 2870 2693 tui
2912 2639 3014 2707 ﬁlii
3059 2637 3350 2706 neglectum
3411 2635 3590 2696 iniquo

2020 2740 2199 2792 animo
2239 2736 2430 2790 tulisti.
2475 2734 2642 2787 Deum
2677 2748 2800 2786 vero
2846 2747 2950 2784 non
2997 2729 3266 2783 existimas
3294 2726 3592 2779 abominari

2005 2847 2106 2884 -εοε
2139 2839 2188 2884 et
2223 2829 2412 2890 odisse,
2454 2828 2543 2895 qui
2591 2823 2731 2877 Filio
2777 2824 2890 2892 ejus
2938 2823 3206 2890 unigenito
3247 2817 3587 2878 maledicunt,

2021 2936 2187 2992 neque
2231 2922 2392 2974 irasci
2455 2917 2518 2971 iis
2583 2917 2674 2984 qui
2732 2930 2817 2968 eos
2879 2915 2933 2966 in
2991 2921 3124 2965 cmtu
3179 2910 3590 2964 orthodoxorum

2021 3014 2248 3074 versari,
2302 3026 2364 3064 ac
2397 3007 2592 3062 multo:
2637 3020 2978 3075 corrumpere
3017 3004 3314 3072 patiuntur.
3342 2999 3595 3053 Admira~

330 3094 558 3163 ὣν,τὴν
570 3095 887 3162 τοῦπαιδὸς
901 3098 1140 3168 ἀτιμίαν
1155 3099 1262 3153 τοῦ
1277 3098 1396 3153 σοῦ
1411 3099 1609 3168 πράως
1626 3102 1736 3156 οὐκ
1753 3099 1918 3172 ἠνεγ-

2028 3115 2115 3160 tus
2153 3103 2318 3174 igitur
2351 3101 2454 3154 viri
2487 3099 2662 3154 sancti
2705 3097 2999 3152 artificium
3024 3137 3039 3160 ,
3086 3094 3312 3148 decreto
3351 3105 3594 3146 conven-

335 3204 472 3251 κιις.
511 3188 633 3242 Οἴει
662 3187 730 3242 δὲ
754 3189 861 3242 τὸν
898 3190 1046 3244 Θεὸν
1067 3190 1208 3256 τοὺς
1230 3190 1337 3244 τὸν
1360 3190 1596 3246 ἐκείνου
1620 3191 1921 3261 μονογενῆ

335 3277 528 3332 ﬂuida
552 3280 1075 3348 ,ϐλασφημοῦντας
1117 3280 1200 3348 μὴ
1227 3281 1670 3344 ,βδελύττεσθαι
1703 3299 1768 3337 τε
1813 3282 1922 3336 καί

338 3370 813 3439 ἀπεχθάνεσθαι,
849 3369 992 3440 μηδ’
1035 3371 1366 3441 ὀργίζεσθαι
1390 3349 1555 3456 {arata
1589 3374 1708 3428 τῶν
1736 3374 1922 3443 ἐκχω-

331 3463 609 3531 ρούντων
639 3463 914 3528 ἐκείνους
974 3463 1099 3529 τοῖς
1133 3464 1488 3543 ὀρθοδόξοιςκ
1509 3465 1924 3532 συναναστρέ-

337 3557 560 3624 ρεσθαι
591 3556 689 3608 καὶ
735 3555 1100 3624 διαφθείρειν
1155 3557 1465 3622 πολλούω
1491 3545 1796 3626 θαυμάσας
1833 3555 1925 3608 οὖν

339 3647 438 3699 ἐπὶ
464 3649 531 3716 τῇ
560 3647 769 3718 μεθόδῳ
809 3646 902 3702 τοῦ
951 3648 1110 3715 ἁγίου
1133 3649 1162 3700 ό
1190 3646 1465 3717 βασιλεὺς,
1522 3648 1756 3718 δόγματι
1797 3649 1924 3711 τοὺς

337 3740 454 3792 τῶν
488 3740 784 3810 σ.ίρετικῶν
812 3740 1102 3808 συλλόγους
1137 3740 1437 3794 κεκώλυκε.
1472 3740 1576 3793 Τὸν
1606 3740 1924 3794 τελευταῖον

338 3833 399 3886 δὲ
431 3834 845 3902 τυραννήσαντα
879 3833 1161 3886 καθελόντι
1197 3832 1454 3900 Εὑγένιον
1503 3831 1678 3900 τούτῳ
1714 3831 1792 3901 τῷ
1827 3830 1923 3902 βα-

344 3927 506 3990 σιλεῖ,
539 3927 570 3995 ἠ
607 3924 708 3977 τῶν
755 3925 1039 3992 Ῥωμαίων
1085 3924 1228 3997 ἀρχὴ
1256 3925 1610 3995 περιελήλυθε
1639 3925 1922 3994 ξύμπασα,

343 4019 438 4070 καὶ
455 4017 788 4087 ἀνηγόρευσε
811 4018 938 4080 τοὺς
964 4017 1057 4071 δύο
1084 4020 1237 4079 υίοὺς
1262 4017 1426 4071 αὐτοῦ
1453 4017 1716 4085 βασιλεῖς.
1741 4017 1924 4071 Θᾶλων

341 4109 400 4161 δὲ
438 4109 732 4178 μετασχεῖν
764 4108 961 4171 αὐτοὺς
990 4109 1206 4178 καὶτῆς
1230 4110 1288 4160 ἐν
1326 4109 1506 4177 λόγοις
1552 4109 1801 4173 παιδείας
1831 4110 1928 4162 καὶ

341 4207 443 4272 τῆς
465 4205 519 4254 ὲν
549 4203 758 4272 ἤθεσιν,
783 4204 847 4255 ὲκ
887 4202 1106 4273 Ῥώμης
1127 4203 1302 4274 ἦγαγε
1330 4203 1420 4257 τὸν
1447 4203 1621 4274 μέγαν
1652 4203 1928 4274 Ἀρσὲνιον

342 4297 444 4363 τῆς
483 4295 598 4347 ἐκεῖ
633 4293 962 4362 Ἐκκλησίας
1016 4294 1148 4348 ὄντα
1179 4295 1457 4360 διάκονον,
1501 4295 1594 4348 ἐπὶ
1645 4296 1826 4365 λόγοις
1865 4310 1927 4348 τε

344 4387 444 4440 καὶ
471 4388 642 4457 ἀρετῇ
673 4386 1000 4456 περιϐόητον
1020 4403 1036 4418 ο
1077 4387 1171 4440 καὶ
1202 4386 1350 4457 αὐτῷ
1381 4387 1509 4450 τοὺς
1532 4387 1730 4448 παῖδας
1782 4404 1924 4456 παρ-

345 4456 540 4542 έδωκέ,
574 4477 650 4548 μὴ
682 4479 756 4539 ὡς
787 4477 1100 4546 βασιλεῦσιν
1143 4456 1348 4543 αὐτοῖς,
1379 4479 1493 4533 ἀλλ’
1550 4478 1626 4541 ὡς
1687 4478 1924 4542 ἰδιώταις
1957 4456 2000 4512 υ

346 4571 586 4632 καὶτοῖς
643 4571 869 4639 τυχοῦσι
936 4570 1342 4640 προσφέρρτθαι
1401 4570 1802 4652 ἐντειλάμενος,
1833 4570 1929 4641 καὶ

352 4665 640 4735 μαστίζειν
670 4665 720 4717 εί
739 4663 1072 4735 ἁμελοῢντας
1099 4664 1268 4735 ὁρῴη,
1302 4665 1335 4736 ἢ
1371 4663 1729 4735 παρεξιόντας
1758 4681 1812 4718 τι
1831 4664 1926 4718 τοῦ

347 4755 702 4824 καθήκοντος,
727 4757 819 4808 καὶ
841 4753 1146 4819 ὡςοίκείοις
1175 4755 1378 4818 τούτοις
1409 4753 1712 4825 κεχρῆσθαι
1745 4755 1922 4809 παισί.

349 4848 392 4900 Τ
401 4847 529 4915 ιμῆς
558 4847 613 4900 δὲ
649 4847 891 4916 μεγάλης
954 4847 1155 4916 ἠξίωσε
1203 4847 1298 4899 τὸν
1359 4848 1638 4917 Ἀρσὲνιον
1677 4845 1792 4917 (59)
1829 4847 1926 4900 καὶ

351 4938 606 5008 χρήμασι
629 4937 1074 4991 κατεπλούτισεν.
1113 4936 1174 4990 '0
1203 4937 1258 4989 δὲ
1285 4938 1410 5000 τοὺς
1438 4939 1634 5000 παῖδας
1674 4938 1924 5007 παραλα-

354 5029 469 5084 ϐὼν
514 5032 759 5093 ἐκείνους
807 5029 906 5101 μὲν
952 5031 1047 5083 ἐπὶ
1073 5028 1284 5101 θρόνων
1342 5029 1620 5094 ἐκάθιζεν,
1668 5029 1836 5094 αὐτὸς
1876 5029 1922 5083 δ’

2025 3196 2192 3254 ticula
2218 3194 2601 3249 haereticorum
2625 3189 2870 3244 sustulit.
2892 3187 3088 3243 Amoto
3107 3193 3287 3240 autem
3313 3192 3593 3252 postremo

2025 3301 2257 3362 tyranno
2304 3287 2575 3357 Eugenio,
2629 3291 2744 3337 toto
2789 3283 3036 3335 Romano
3075 3277 3308 3346 imperio
3359 3279 3589 3344 potitus,

2023 3385 2163 3439 duos
2197 3381 2340 3435 ﬁlios
2389 3394 2520 3433 suos
2554 3377 2918 3445 imperatores
2947 3369 3265 3441 appellavit,
3296 3381 3438 3437 quos
3467 3380 3591 3418 cum

2021 3473 2224 3530 litteris
2261 3481 2317 3526 et
2357 3468 2608 3525 moribus
2637 3466 2849 3519 erudiri
2895 3464 3080 3524 vellet,
3131 3477 3387 3531 magnum
3428 3457 3594 3512 Arse-

2023 3566 2199 3628 nium,
2229 3562 2416 3616 Romae
2440 3558 2700 3614 Ecclesite
2742 3557 3058 3612 diaconum,
3093 3554 3273 3606 virum
3319 3559 3374 3604 et
3406 3549 3592 3603 erudi-

2025 3660 2173 3714 tione
2199 3667 2253 3711 et
2275 3656 2480 3709 virtute
2497 3651 2770 3706 celebrem
2802 3648 3056 3709 accersit,
3081 3646 3223 3699 ﬁlios
3249 3644 3434 3706 tradit,
3463 3657 3589 3695 eum

2025 3751 2106 3804 eis
2169 3763 2278 3802 non
2341 3754 2402 3799 ut
2458 3741 2926 3807 imperatoribus,
2986 3737 3080 3792 sed
3141 3747 3200 3790 ut
3261 3734 3492 3804 plebeiis
3539 3743 3594 3787 et

2025 3838 2349 3908 vulgaribus
2376 3849 2543 3904 agere
2574 3832 2770 3901 jubet,
2805 3830 2992 3899 ﬂagris
3023 3829 3188 3882 etiam
3225 3825 3508 3885 adhibitis,
3547 3824 3591 3876 si

2026 3932 2368 4002 negligentes
2397 3941 2493 3981 eos
2517 3939 2660 3986 esse,
2703 3933 2800 3976 aut
2832 3923 2901 3975 ab
2938 3920 3117 3974 oﬂicio
3145 3919 3411 3972 decedere
3442 3915 3594 3969 vide-

2029 4025 2136 4088 rit,
2172 4029 2228 4076 et
2269 4021 2430 4091 plane
2463 4032 2565 4087 pro
2599 4016 2714 4072 suis
2745 4015 2870 4068 ﬁliis
2912 4020 3168 4066 tractare.
3213 4011 3292 4064 Ac
3340 4023 3594 4077 magnum

2027 4116 2257 4173 Arsenio
2311 4114 2576 4168 honorem
2625 4108 2858 4173 habuit,
2896 4119 3258 4175 magnamque
3304 4100 3596 4172 pecuniam

2028 4209 2275 4264 donavit.
2310 4206 2360 4259 Is
2401 4203 2588 4274 pueris
2621 4202 2675 4255 in
2707 4201 2870 4255 sellas
2919 4197 3226 4257 collocatis,
3276 4209 3400 4248 cum
3446 4201 3597 4246 stans

2031 4281 2261 4355 munere
2331 4295 2684 4366 praeceptoris
2749 4291 3090 4360 fungeretur,
3152 4288 3450 4355 imperator
3500 4283 3597 4337 ali-

2033 4389 2255 4460 quando
2301 4386 2369 4440 de
2409 4384 2708 4453 improviso
2732 4382 3032 4450 ingressus,
3065 4389 3127 4432 ut
3173 4391 3373 4448 pueros
3403 4376 3598 4429 seden-

2032 4490 2134 4546 tes,
2175 4478 2466 4534 Arsenium
2507 4481 2743 4529 stantem
2784 4470 3170 4541 deprehendit,
3211 4482 3414 4538 pueros
3455 4473 3598 4520 astaa

2031 4587 2112 4638 re,
2163 4569 2454 4626 Arsenium
2487 4566 2767 4620 sedentem
2795 4562 2994 4617 docere
3019 4560 3204 4631 jussit,
3250 4557 3395 4628 quod
3435 4557 3504 4610 ab
3530 4571 3596 4610 eo

2032 4673 2282 4732 tempore
2327 4660 2404 4714 illi
2438 4658 2827 4712 observarunt.
2879 4651 3147 4708 Arcadius
3201 4660 3382 4704 autem
3424 4649 3596 4718 plagis

2029 4754 2326 4824 aliquando
2373 4752 2445 4806 ob
2476 4750 2740 4804 delictum
2790 4747 3028 4816 acceptis
3088 4745 3298 4808 iratus,
3368 4742 3597 4795 insidias

2029 4845 2355 4917 praeceptori
2391 4851 2694 4912 comparat,
2730 4839 2798 4893 de
2826 4853 2892 4893 eo
2920 4837 3223 4892 occidendo
3251 4834 3468 4888 assidue
3505 4846 3595 4884 co-

2027 4940 2226 5010 gitans,
2261 4950 2584 5007 percussore
2611 4934 2927 4988 subornato.
2961 4928 3065 4983 Sed
3099 4927 3384 4986 Arsenins,
3415 4923 3595 4978 consi-

2028 5029 2104 5084 lio
2160 5029 2279 5099 ejus
2311 5027 2554 5096 cognito,
2593 5025 2732 5079 clam
2768 5021 2918 5091 regia
2960 5031 3254 5088 egressus,
3306 5011 3487 5069 Scetin
3535 5026 3595 5066 se

1526 5185 1731 5249 Varias
1757 5186 2064 5250 lectiones
2104 5190 2167 5247 et
2207 5192 2396 5248 notae.

429 5358 540 5429 (55)
581 5363 696 5426 Τῆς
723 5354 1443 5429 καθολικῆςᾜκκλησίας
1478 5353 1809 5429 ἑξόκοψιιειθἑ
1841 5353 1918 5407 Ita

2019 5366 2196 5429 ""13:

353 5422 888 5498 aedem'Sophianam
950 5422 1223 5498 indigitat,
1276 5422 1337 5498 ut
1381 5425 1724 5498 l‘iicephorus
1771 5422 1922 5498 Con;-

2089 5410 2201 5492 (57)
2239 5424 2377 5476 Τότε
2409 5425 2442 5492 ό
2474 5419 2706 5492 ᾁρόνος.
2747 5414 2886 5492 Vide
2912 5411 3192 5476 Allatium,
3221 5410 3313 5492 ‘De
3347 5423 3598 5490 consensu

356 5478 888 5568 Eéi'iinBiBi‘i'EWh"
925 5478 1341 5568 Βὲξτίίἒίέίὄβιξι)
1373 5478 1472 5568 (in.
1497 5478 1730 5568 προόδου
1779 5493 1918 5568 κατὰ
2017 5478 2288 5568 utriusque
2313 5491 2455 5548 Eccl.
2484 5478 2778 5568 bim-indm,
2804 5485 3063 5568 hlarcam,
3094 5493 3149 5535 et
3188 5478 3520 5568 alznpasnsim.

357 5572 420 5622 τὸ
457 5563 648 5631 εἰωθός
669 5571 760 5622 ἐπὶ
797 5569 897 5638 τὴν
920 5566 1225 5638 καθολικὴνΔ
1243 5563 1579 5638 Ἐκκλησίαν
1596 5564 1918 5638 γενομένης,

2093 5548 2213 5628 (58)’
2254 5554 2988 5629 Ἀμςριλόχιοςητὴεοόοι-ἰι.
3013 5553 3062 5629 1ἒ
3079 5567 3133 5616 v,
3155 5567 3205 5606 e.
3240 5548 3344 5617 16’;
3375 5548 3592 5602 Socrat.

358 5621 940 5709 ῠέτατειέινῖποεηςῂιν.
973 5635 1108 5692 Vide
1165 5621 1343 5690 Gloss.
1405 5621 1551 5688 πὶεύ.
1607 5621 1821 5686 urgebit.
1855 5621 1918 5685 'iii

2019 5632 2058 5686 1.
2093 5621 2823 5709 v_tt,'_c:_6;'lflicépli.nl._xn,
2858 5637 2906 5677 c.
2943 5621 3088 5709 8:3.

358 5709 660 5773 Καθολική.

435 5778 542 5848 (56)
575 5771 916 5846 Νεκτάριος.
961 5776 1172 5833 Socrat.
1214 5775 1253 5830 Ι.
1290 5791 1342 5842 v,
1378 5790 1425 5830 c.
1454 5772 1516 5840 6;
1548 5772 1841 5827 Sozomen.
1873 5771 1912 5825 Ι.

2093 5684 2206 5768 (59')
2229 5684 2565 5767 Ἆρὰένιοιλ.
2606 5684 2843 5768 Cedreri.
2873 5693 3086 5768 115327,
3119 5690 3244 5746 sas.
3268 5690 3340 5768 ne
3367 5684 3589 5768 arggqii

2021 5755 2310 5825 sanctitate
2338 5777 2502 5835 agunt
2533 5782 2642 5822 non
2665 5763 2833 5822 semel
2855 5755 3153 5830 scriptores
3190 5755 3566 5815 ecclesiastici.
