4034 6244
558 321 698 389 1133

1873 324 2196 383 JOANNIS
2237 326 2426 382 ZO.\'.-\
2443 325 2559 384 [ΗΞ

3671 318 3813 380 “Si

553 447 694 493 tens.
753 441 811 486 ut
888 432 1117 485 Romam
1196 440 1563 499 oppugnaret.
1641 430 1888 485 Alaricus
1947 443 2127 485 autem

2239 433 2526 502 επέμψατο
2573 433 2707 503 πρὸς
2742 433 3064 504 ’Λλλάριχον
3079 432 3212 502 (69).
3253 430 3330 494 ὡς
3372 429 3550 495 λόγος,
3591 428 3684 480 τὸν
3715 431 3822 498 ἄρα

552 525 778 580 Romam
816 522 1100 585 invasisse,
1135 535 1243 574 non
1273 530 1454 574 tamen
1489 529 1730 576 vastasse
1781 521 1979 586 fertur,
2033 524 2129 578 sed

553 631 738 685 pacem
789 615 983 669 fecisse
1023 629 1147 668 cum
1181 614 1465 677 Romanis,
1517 624 1850 686 acceptaque
1898 619 2130 687 pecunia

552 707 699 760 omni
735 707 1104 775 imperatoria,
1149 716 1204 760 et
1245 706 1474 761 Honorii
1527 723 1716 763 sorore
1767 710 2006 765 Placidia
2042 727 2131 766 re-

553 800 826 853 cessisse:
863 800 1096 867 puellam
1144 811 1329 854 autem
1369 801 1660 857 tradidisse
1706 805 2130 858 custodiendam

553 892 739 944 comiti
793 893 1012 946 cuidam
1048 892 1394 957 Constantio,
1427 895 1522 964 qui
1562 910 1681 949 eam
1733 908 1954 966 arrepta
2005 899 2131 968 fuga

552 982 617 1035 ad
661 982 883 1037 fratrem
920 984 1279 1052 perduxerit:
1319 1001 1349 1040 a
1396 1001 1506 1055 quo
1532 994 1588 1040 et
1617 988 1901 1043 senatoria
1947 989 2130 1059 digni-

553 1083 662 1129 tate
708 1075 778 1129 sit
813 1085 1062 1139 ornatus,
1096 1087 1152 1131 et
1198 1076 1375 1131 aﬂiuis
1410 1079 1638 1143 ascitus,
1685 1079 1928 1149 denique
1961 1082 2130 1135 etiam

554 1164 851 1233 imperator
897 1167 1232 1235 appellatus,
1282 1184 1408 1222 cum
1460 1169 1738 1224 Honorius
1789 1171 2016 1224 omnino
2063 1172 2134 1225 li-

555 1255 701 1310 beris
724 1258 894 1312 orbus
930 1268 1099 1313 esset.
1135 1259 1520 1316 Constantium
1561 1271 1746 1316 autem
1798 1263 1960 1332 paulo
2007 1272 2130 1330 post

551 1349 821 1413 occisum,
855 1365 980 1404 cum
1013 1366 1043 1405 e
1075 1351 1313 1406 Placidia
1346 1353 1795 1408 Valentinianum
1842 1364 1899 1410 et
1944 1355 2132 1409 Hono-

554 1440 760 1494 riadem
792 1442 1092 1511 genuisset.
1129 1443 1362 1509 Quidam
1394 1442 1560 1513 igitur
1598 1445 1712 1499 hrcc
1763 1446 1837 1499 ita
1881 1455 2131 1501 narrant.

555 1530 657 1583 Alii
690 1545 822 1585 vero
851 1533 1060 1595 dicunt,
1099 1534 1344 1588 occisum
1373 1551 1494 1589 esse
1528 1535 1881 1600 Stiliconem,
1921 1546 1979 1590 et
2023 1539 2133 1591 Ro-

556 1636 747 1676 manos
780 1623 962 1677 odisse
993 1623 1322 1682 Honorium.
1358 1625 1452 1694 qui
1487 1626 1806 1680 Ravennam
1858 1627 2129 1696 migrarit.

558 1712 830 1767 Alaricum
863 1724 1043 1769 autem
1079 1727 1389 1786 contempta
1423 1719 1542 1788 ejus
1594 1719 1850 1773 vecordia
1898 1720 2128 1773 Romam

555 1803 843 1858 obsidione
874 1807 1086 1875 cepisse
1115 1823 1128 1860 :
1161 1823 1267 1875 qua
1297 1818 1474 1876 capta,
1506 1809 1802 1877 quemdam
1841 1811 2126 1880 oppletum

553 1896 810 1967 lacrymis
831 1900 1135 1965 nuntiasse,
1159 1899 1270 1971 40
1287 1901 1514 1954 Romam
1542 1903 1608 1955 ab
1629 1901 1847 1957 Alarico
1871 1913 2086 1972 captam
2113 1922 2126 1958 :

549 1988 616 2042 ad
648 2003 774 2042 eum
810 1991 1066 2044 nuntium
1099 2001 1516 2046 consternatum
1559 1994 1822 2049 convulso
1869 2009 2129 2065 corpore,

548 2089 604 2132 ct
627 2079 828 2134 femora
863 2083 1118 2137 manibus
1169 2081 1481 2149 ferientem,
1529 2085 1735 2140 dixisse
1779 2085 2131 2143 Honorium;

553 2171 716 2228 Roma
741 2175 894 2229 modo
922 2176 1003 2230 hic
1022 2177 1118 2246 fuit
1145 2194 1164 2232 :
1189 2179 1451 2248 quomodo
1486 2179 1649 2249 igitur
1688 2189 1845 2249 capta
1878 2191 1953 2234 est
1978 2181 2003 2234 ?
2027 2198 2136 2251 quo

549 2281 739 2320 errore
769 2268 1030 2322 nuntium
1067 2269 1370 2333 intellecto,
1403 2286 1529 2324 cum
1574 2271 1779 2340 gemitu
1823 2272 2052 2336 dixisse,
2081 2289 2136 2326 se

551 2357 614 2408 de
636 2356 762 2409 urbe
789 2356 956 2426 loqui,
981 2373 1086 2410 non
1117 2358 1180 2410 de
1205 2375 1322 2411 ave.
1363 2357 1614 2414 Habebat
1641 2361 1788 2414 enim
1828 2361 1882 2414 in
1915 2361 2132 2416 deliciis

548 2448 801 2516 gallinam
863 2450 1276 2519 praegrandem,
1349 2452 1570 2506 nomine
1639 2453 1906 2516 Romam,
1965 2469 2130 2523 quam

547 2553 670 2590 cum
699 2547 946 2607 putasset
986 2555 1107 2594 esse
1157 2549 1398 2610 captam,
1457 2543 1826 2612 ingemuerat.
1880 2543 2130 2599 Mortuus

543 2640 628 2684 est
658 2630 1020 2701 hydropicus,
1050 2640 1214 2686 natus
1252 2648 1426 2686 annos
1477 2650 1560 2697 λι,
1607 2649 1846 2703 quorum
1899 2634 2129 2704 triginta

454 2739 460 2746 ·
548 2723 696 2775 nulla
740 2738 866 2777 cum
908 2723 1073 2778 laude
1127 2724 1442 2790 imperavit,
1497 2725 1738 2780 Joannes
1790 2736 1976 2780 autem
2034 2728 2126 2796 qui

550 2816 734 2867 Roma:
765 2815 1110 2884 tyrannidem
1152 2816 1449 2878 invaserat,
1483 2831 1732 2870 sororem
1778 2817 1898 2886 ejus
1950 2817 2130 2871 Placi-

547 2907 692 2960 diam
735 2922 858 2960 cum
903 2908 1096 2963 liberis
1125 2911 1396 2965 ambobus
1425 2910 1812 2966 Valentiniano
1845 2919 1900 2964 et
1943 2910 2128 2964 Hono-

549 2999 703 3054 riade
730 3000 866 3054 urbe
903 3001 1136 3070 expulit.

2235 543 2396 594 γοντα
2435 525 2527 578 τοῦ
2559 526 2668 577 τῶν
2713 525 3036 593 υὺανδήλων
3078 524 3110 593 ἢ
3157 521 3374 577 Γότθων
3404 521 3614 583 ἔθνους,
3653 521 3822 585 ἀξιῶν

2235 618 2396 669 αὑτὸν
2431 615 2574 670 κατὰ
2596 617 2695 686 τῆς
2739 616 2958 686 Ῥώμης
2989 615 3452 687 στρατεύσασθαι,
3497 613 3815 682 ἀμύνασθαι

2235 708 2405 761 Θέλων
2440 707 2610 770 οὕτως
2665 709 2792 772 τοὺς
2833 709 2934 776 τῆς
2981 706 3203 777 Ῥώμης
3235 706 3480 769 πολίτας,
3520 706 3609 758 διὰ
3641 707 3698 757 ab
3730 708 3820 774 p1-

2237 814 2328 860 σος
2357 797 2418 851 τὸ
2457 799 2592 868 πρὸς
2621 798 2805 851 αὐτόν.
2851 797 2962 851 Καὶ
2989 797 3240 850 ἐπελθεῖν
3270 795 3368 866 μὲν
3395 798 3463 866 τῇ
3504 795 3695 864 Ῥώμῃ
3729 796 3818 846 τὸν

2248 890 2590 961 ’Δλλάριχον,
2627 891 2701 961 μὴ
2743 892 2928 960 μέντοι
2968 890 3240 962 πορθῆσαι
3269 888 3461 958 αὐτὴν.
3493 887 3632 940 ἀλλὰ
3670 889 3824 940 σπεί-

2237 985 2433 1037 σασθαι
2467 987 2576 1046 τοῖς
2613 983 2931 1054 Ῥωμαίοις,
2984 983 3222 1036 λαϐόντα
3283 981 3461 1036 ὁπόσα
3493 983 3552 1034 ὲν
3584 983 3697 1042 τοῖς
3729 981 3821 1050 βα-

2237 1075 2454 1138 σιλείοις
2531 1075 2838 1145 εὑρέθησαν
2896 1077 3189 1146 χρήματα,
3275 1074 3369 1128 καὶ
3426 1075 3526 1144 τὴν
3586 1073 3653 1126 άδ
3685 1077 3821 1144 item

2248 1169 2508 1239 'O/wplou
2564 1167 2665 1238 τὴν
2729 1167 3028 1221 Πλακιδίαν
3095 1167 3233 1237 (70),
3286 1166 3384 1220 καὶ
3427 1166 3820 1234 ὑπονοστήσαε.

2234 1258 2576 1329 Παραδοῦναι
2605 1259 2662 1312 δὲ
2692 1260 2791 1330 τήν
2839 1259 3008 1329 κόρην
3065 1257 3430 1328 Κωνσταντιῳ
3467 1259 3575 1310 τινί
3616 1258 3820 1326 κόμητι

2234 1352 2328 1405 ἐπὶ
2367 1350 2444 1421 τῷ
2491 1350 2862 1419 φυλάττεσθαι
2890 1367 2903 1382 ο
2959 1351 3053 1403 τὶν
3088 1350 3146 1404 δὲ
3195 1350 3604 1419 προσειληφότα
3652 1350 3821 1418 αὐτὴν

2235 1442 2535 1508 ἀποδράναι
2564 1441 2660 1493 καὶ
2712 1441 2936 1510 κομίσαι
2975 1440 3054 1512 τῷ
3092 1440 3306 1509 ἀδελφῷ
3337 1439 3537 1510 αὐτῆς,
3569 1440 3822 1492 κάκεῖνον

2237 1533 2493 1600 συζεῦξαι
2545 1532 2748 1603 ταύτην
2804 1532 2980 1604 αὐτῷ,
3031 1532 3366 1602 τετιμηκότα
3431 1531 3820 1601 συγκλητικὶν,

2235 1621 2353 1678 εἶτα
2392 1626 2487 1680 καὶ
2521 1624 2746 1694 βασιλέα
2795 1623 3202 1694 ἀναγορεῦσαι·
3252 1622 3419 1691 γονῆς
3477 1624 3587 1692 γὰρ
3621 1623 3823 1682 οἰκείας

2232 1719 2456 1788 ἠμοῐρει
2506 1719 2740 1787 πάμπαν
2784 1715 3063 1786 Ὀνὼριος.
3113 1717 3397 1788 Σφαγῆναι
3451 1716 3509 1768 δὲ
3557 1716 3697 1785 μετὰ
3747 1734 3826 1783 μι-

2234 1813 2367 1883 κρὸν
2421 1811 2514 1864 τὸν
2565 1811 2983 1876 Κωνστάντιον,
3043 1811 3368 1879 γειναμένης
3419 1809 3569 1878 αὐτῷ
3631 1810 3824 1869 παῖδας

2233 1905 2334 1973 τῆς
2363 1903 2679 1966 Πλακιδίας,
2719 1901 3172 1956 Οὑαλεντινιανδν
3205 1901 3300 1954 καὶ
3345 1899 3673 1969 Ὀνωριάδα.
3719 1900 3824 1953 Καὶ

2233 1996 2282 2048 οἱ
2320 1995 2420 2065 μὲν
2451 1987 2545 2047 οὖν
2589 1993 2732 2046 οὕτω
2767 1992 2920 2046 ταῦθ’
2971 1991 3316 2061 ἱστοροῦσιν
3372 1991 3555 2059 ἕτεροι
3597 1991 3656 2043 δὲ
3688 2007 3824 2057 σφα-

2235 2085 2401 2154 γῆναι
2441 2084 2540 2154 μὲν
2578 2084 2796 2152 λέγουσι
2827 2083 2920 2135 τὸν
2962 2081 3283 2151 Στιλίχωνα,
3331 2079 3743 2150 ἀπεχθάνεσθαι
3773 2081 3826 2133 δὲ

2236 2178 2362 2242 τοὺς
2411 2177 2469 2228 ἐν
2521 2177 2588 2246 τῇ
2645 2175 2835 2245 Ῥώμῃ
2877 2175 2954 2244 τῷ
2999 2174 3265 2244 Ὀνωρξῳ,
3301 2174 3397 2226 καὶ
3443 2174 3536 2226 τὸν
3575 2174 3660 2236 εἰς
3701 2174 3826 2226 Ῥά-

2238 2267 2435 2320 ϐενναν
2507 2264 2962 2336 μετοικήσασθαι.
3031 2265 3138 2318 Τὸν
3208 2266 3265 2317 δὲ
3333 2265 3658 2334 Ἀλλάρεχον
3730 2265 3828 2332 τῆς

2234 2358 2565 2427 ἀϐελτηρίας
2648 2358 2858 2411 ἐκείνου
2914 2357 3408 2426 καταφρονήσαντα
3466 2357 3830 2427 ἐπιστρατεῦ-

2238 2465 2328 2502 σαι
2355 2451 2420 2520 τῇ
2469 2447 2653 2519 Ῥώμῃ
2689 2447 2785 2501 καὶ
2826 2448 3031 2518 ταύτην
3064 2447 3356 2518 πολιορκίᾳ
3383 2448 3556 2500 ὲλεῖν³
3591 2447 3824 2516 ἁλούσης

2234 2541 2314 2605 δὲ,
2348 2540 2641 2608 ἐπιστῆναι
2665 2539 2740 2610 τῷ
2777 2540 3024 2610 Ὁνωρίῳ
3056 2539 3463 2610 δεδακρυμένον
3491 2541 3617 2593 τινὰ
3644 2540 3823 2606 ἀπαγ-

2238 2633 2500 2700 γέλλοντα
2545 2633 2621 2694 ὡς
2663 2630 2840 2684 Ἑάλω
2881 2631 2985 2682 ὑπὸ
3028 2630 3350 2700 Ἀλλαρίχου
3389 2631 3424 2700 ἡ
3472 2627 3688 2698 Ῥώμη.
3727 2630 3827 2681 Τὸν

2233 2725 2289 2777 δὲ
2342 2725 2478 2794 πρὸς
2521 2725 2620 2794 τήν
2668 2723 2932 2791 ἀγγελίαν
2986 2720 3426 2791 συγκλονηθὲντα
3477 2721 3723 2790 σπασμῷ
3771 2722 3828 2772 τὸ

2234 2817 2415 2884 σῶμα,
2454 2814 2550 2868 καὶ
2579 2815 2653 2866 τὼ
2679 2812 2842 2884 μηρὼ
2873 2813 3190 2878 πατάξαντα
3221 2817 3342 2867 ταῖν
3371 2818 3577 2884 χεροῖν,
3618 2814 3788 2881 φάναι
3809 2827 3826 2842 ⁶

2232 2908 2385 2973 Ἕως
2409 2907 2540 2974 ἄρτι
2577 2900 2692 2959 ὧδε
2721 2906 2802 2974 ἦν
2826 2908 2864 2975 ἠ
2911 2906 3124 2975 Ῥώμη,
3153 2903 3278 2971 πῶς
3339 2901 3454 2960 οὖν
3478 2905 3674 2969 eum;
3703 2921 3829 2957 συν-

2236 3002 2388 3054 ιέντα
2447 2999 2506 3054 δὲ
2535 2999 2626 3052 τὸν
2657 2999 2893 3068 ἀγγελέα
2933 3000 3026 3051 καὶ⁵
3073 3000 3214 3068 μέγα
3255 2999 3588 3062 στενάξαντα
3621 3000 3824 3066 εἰπεῖν,

546 3101 620 3162 ὡς
658 3098 794 3166 Περὶ
838 3099 948 3167 τῆς
980 3103 1212 3166 πόλεως
1246 3099 1423 3169 λέγω,
1477 3101 1575 3153 καὶ
1617 3102 1689 3154 οὐ
1761 3099 1895 3168 περὶ
1963 3100 2072 3166 τῆς
2123 3101 2382 3169 ὄρνιθος.
2457 3093 2568 3150 Ἦν
2617 3097 2728 3168 γὰρ
2757 3096 2832 3167 τῷ
2869 3095 3079 3166 βασιλεῖ
3110 3096 3288 3166 τούτῳ
3323 3097 3612 3166 ἀλεκτορὶς
3656 3096 3828 3160 ὑπερ-

551 3197 788 3264 μετέϐης
924 3197 1200 3266 ἐγεγήοει,
1245 3198 1312 3268 ήν
1351 3197 1603 3268 ὠνόμασε
1653 3197 1894 3270 Ῥώμην,
1943 3197 2012 3250 δι’
2057 3197 2124 3268 ήν
2164 3198 2256 3251 καὶ
2286 3194 2601 3266 ἀνῴμωξεν,
2655 3194 2873 3266 ὲκεῑνην
2945 3198 3175 3267 νομίσας
3219 3195 3543 3250 ἑαλωκέναι.
3618 3194 3829 3264 ’Υδέρῳ

545 3291 602 3342 δὲ
657 3292 1092 3360 περιπεπτωκὼς
1154 3292 1182 3342 ό
1230 3291 1503 3360 Ὀνὼριος,
1551 3293 1775 3361 θνήσκει
1833 3294 2004 3363 ζήσας
2071 3294 2171 3356 μὲν
2244 3293 2524 3354 ἐνιαυτοὺς
2575 3294 2986 3362 τεσσαράκοντα
3015 3333 3028 3354 ,
3074 3290 3399 3362 βασιλεύσας
3443 3290 3499 3342 δὲ
3547 3288 3827 3349 δυσκλεῶς

547 3383 610 3432 ὲκ
637 3381 841 3434 τούτων
883 3381 1196 3450 τριάκοντα,
1233 3382 1482 3451 Ἰωάννης
1511 3382 1705 3454 (mss
1769 3385 2102 3452 τυραννίσεις
2149 3386 2204 3436 ἐν
2257 3381 2448 3454 Ῥώμῃ
2500 3384 2597 3455 τὴν
2649 3383 2860 3436 ἐκείνου
2899 3383 3140 3453 ἀδελφὴν
3185 3382 3481 3436 Πλακιδῑαν
3534 3380 3674 3451 μετὰ
3717 3378 3828 3434 τῶν

546 3473 638 3526 δύο
673 3473 881 3527 τέκνων
928 3475 1101 3545 αὐτῆς
1136 3475 1588 3529 Οὑαλεντινιανοῦ
1627 3494 1684 3529 τε
1733 3480 1828 3532 καὶ
1867 3480 2192 3548 Ὀνωριάδος
2230 3477 2439 3530 ἐκεῖθεν
2471 3476 2718 3545 ἐξήλασε.

620 3570 784 3625 XXII.
815 3569 1010 3624 Junior
1034 3582 1215 3624 autem
1245 3570 1593 3624 Theodosius
1623 3572 2124 3642 Constantinopoli,

2307 3569 2435 3622 KB’.
2482 3571 2541 3621 Ὀ
2580 3571 2792 3639 Μικρὸς
2841 3567 3025 3638 μέντοι
3057 3568 3340 3631 Θεοδόσιος
3369 3569 3426 3620 ὲν
3462 3569 3822 3621 Κωνσταντι-

549 3664 854 3718 ΡυΙοὶιοι-ἰαξ
883 3663 1096 3717 sororis
1127 3664 1335 3725 studio,
1380 3663 1675 3733 diligenter
1703 3665 2048 3720 educabatur
2076 3677 2130 3722 ct

546 3754 931 3820 crudiebatur,
1006 3764 1154 3809 metu
1224 3754 1522 3824 lsdigerdis
1587 3756 1878 3812 Persarum
1963 3759 2130 3827 regis,

548 3847 769 3900 nemine
798 3855 990 3900 contra
1023 3862 1119 3900 eos
1152 3846 1494 3917 insurgente.
1533 3849 1667 3902 Nam
1709 3848 1978 3904 Arcadius
2012 3868 2129 3904 mo-

551 3937 696 3991 riens
731 3937 1064 4007 lsdigerdem
1099 3938 1153 3991 in
1183 3947 1536 4005 testamento,
1575 3939 1694 4004 lilii,
1729 3943 1885 4009 pueri
1923 3944 2125 4008 adhuc,

548 4039 606 4083 ut
639 4030 847 4084 dictum
896 4039 1002 4095 est,
1054 4039 1296 4085 tutorem
1349 4030 1667 4101 scripserat.
1714 4033 1834 4099 Quo
1884 4034 1974 4089 ille
2030 4052 2126 4090 ac-

542 4130 725 4190 cepto,
760 4123 1093 4176 Antiochum
1129 4123 1508 4176 cunuchorum
1543 4139 1769 4178 suorum
1816 4126 2120 4195 principem

541 4214 710 4278 misit,
753 4214 1038 4269 custodem
1085 4221 1141 4268 et
1187 4224 1502 4268 curatorem
1540 4215 1892 4286 imperatoris
1939 4217 2120 4272 Theo-

541 4301 690 4368 disii,
721 4303 1019 4358 admonitis
1048 4319 1148 4374 per
1173 4303 1386 4359 litteras
1409 4306 1756 4374 proceribus,
1789 4316 1847 4361 ut
1879 4307 2116 4376 impera-

2237 3660 2493 3712 νουπό).ει
2549 3660 2774 3724 διάγων,
2838 3658 2990 3728 παρὰ
3047 3657 3380 3728 Πουλχερὲας
3457 3659 3559 3726 τῆς
3617 3659 3826 3721 οἰκεέας

2241 3752 2476 3820 ἀνήγετο
2537 3751 2807 3818 ἀδελφῆς,
2869 3749 3146 3819 ἐπιμελῶς
3203 3750 3541 3820 τρεφόμενός
3608 3767 3670 3802 τε
3729 3752 3824 3803 καὶ

2237 3845 2660 3915 παιδευόμενος,
2695 3844 2921 3914 μηδενὸς
2956 3843 3394 3912 ἐπανισταμένου
3433 3844 3821 3918 αὐτοῖςηφόὸῳ

2235 3935 2326 3989 τοῦ
2345 3936 2451 3989 τῶν
2473 3937 2696 4006 Περσῶν
2716 3935 3096 4005 βασιλεύοντος
3119 3935 3238 4004 (72)
3260 3934 3604 4004 ’ῐσδιγέρδου.
3639 3937 3699 3988 '0
3717 3937 3823 4006 γὰρ

2234 4027 2525 4097 Ἀρκάδιος
2554 4027 2827 4081 τελευτῶν
2858 4028 3153 4097 ἐπίτροπον
3178 4026 3274 4079 τοῦ
3299 4027 3502 4080 οἰκείου
3543 4027 3664 4080 υἱοῦ
3694 4045 3822 4080 παι-

2232 4120 2318 4183 δὸς
2349 4121 2450 4184 ἔτι,
2505 4121 2582 4184 ὼς
2629 4121 2868 4191 εἴρηται,
2911 4122 3081 4185 ὄντος,
3131 4121 3373 4192 ἔγραψεν
3428 4123 3486 4174 ὲν
3537 4123 3824 4192 διαθήκαις

2228 4213 2318 4266 τον
2340 4214 2690 4284 Ὶσδιγέρδην·
2724 4215 2804 4276 ὃς,
2834 4216 2934 4282 τῆς
2963 4213 3227 4284 διαθήκης
3258 4215 3617 4284 κομισθεῖσης
3651 4216 3820 4286 αὐτῷ,

2224 4307 2465 4361 ἔστειλεν
2520 4307 2792 4378 Ἀντίοχον
2842 4306 2956 4378 (75)
3013 4307 3124 4360 τῶν
3173 4307 3306 4373 παρ’
3357 4308 3509 4378 αὐτῷ
3544 4310 3820 4379 εὐνούχων

1729 4485 1928 4546 Varim
1960 4485 2272 4549 lectiones
2310 4494 2370 4550 et
2407 4493 2596 4549 notae.

539 4651 713 4719 Agere
745 4659 927 4704 autem
956 4649 1124 4719 cmpit
1157 4651 1503 4720 potissimum
1529 4655 1803 4709 Ravenna:
1839 4655 2119 4711 Honorius

541 4721 852 4776 Theodosio
880 4721 897 4774 l
922 4732 978 4775 et
1003 4721 1308 4774 Rumorido
1334 4738 1477 4778 coss.
1513 4739 1658 4780 anno
1681 4723 1812 4780 Chr.
1840 4724 1944 4780 605
1969 4736 2028 4780 ut
2049 4741 2117 4781 ex

538 4793 688 4846 illius
714 4789 1219 4862 Constitutionibus
1251 4793 1548 4862 colligitur.

612 4863 722 4933 (69)
767 4863 924 4936 Πριξς
979 4860 1358 4936 Ἀλλάρᾳιχων.
1385 4860 1536 4936 Vide
1587 4864 1898 4936 Eunapium
1928 4867 1981 4921 in
2012 4865 2122 4920 Ma-

489 4911 509 5004 Ἰ
535 4911 787 5004 ιίιὴοίρ.
943 4911 1302 5004 praeterali'os
1328 4935 1655 5004 scriptores.

499 5032 504 5041 ι
576 5002 1106 5079 χἹφΠλωίιδιην.
1149 5002 1330 5079 Placid
1357 5020 1386 5058 a
1417 5002 1894 5079 _post_Coustantii
1919 5006 2118 5072 conju-

536 5061 634 5145 gis‘r
653 5061 864 5129 obitum
898 5073 1126 5145 Romam
1169 5071 1236 5126 ad
1287 5061 1516 5145 fratrem
1548 5075 1853 5130 llonorinm
1886 5093 1944 5130 se
1975 5061 2112 5129 con-
2153 5061 2194 5116 Ῐ)

539 5143 685 5199 tulit.
720 5160 875 5212 aquo
909 5143 980 5196 ob
1012 5144 1221 5212 aliquas
1257 5143 1566 5199 simultates
1600 5146 1826 5200 remissa
1861 5155 1944 5200 est
1969 5145 2110 5199 Con-

539 5215 975 5282 stantinopolim,
1001 5225 1056 5267 et
1078 5230 1105 5266 a
1144 5213 1461 5268 Theodosio
1513 5214 1741 5269 Juniore
1774 5226 2023 5282 excepta,
2060 5217 2112 5269 in

539 5299 602 5336 ea
639 5283 774 5337 urbe
812 5284 1084 5350 reliquum
1116 5283 1240 5337 vitae
1266 5285 1468 5350 exegit,
1495 5284 1733 5339 conditis
1789 5285 1856 5338 ab
1886 5300 1950 5339 ea
1981 5287 2116 5340 dua-

539 5350 644 5423 bus
667 5354 922 5405 domibus
940 5353 1219 5421 Augustis,
1239 5369 1333 5408 seu
1357 5355 1596 5423 palatiis,
1614 5370 1850 5423 quorum
1878 5356 2115 5410 alterum

541 5420 594 5491 in
629 5423 801 5489 prima
839 5424 990 5475 urbis
1019 5420 1236 5491 regione
1288 5420 1520 5488 exStitit,
1570 5420 1771 5491 dequo
1816 5425 2029 5486 egimus
2064 5426 2118 5478 in

542 5490 1006 5561 (Jortstuntinopoli
1030 5490 1225 5545 Christ.
1259 5493 1358 5549 lib.
1397 5511 1456 5556 It,
1491 5504 1626 5547 sect.
1660 5490 1712 5556 5,
1737 5510 1793 5548 n.
1827 5493 1878 5555 4,
1912 5503 1966 5546 et
1983 5503 2116 5550 sict.

540 5558 594 5632 β,
619 5575 682 5632 n.
706 5559 729 5613 1
757 5576 772 5626 ;
799 5558 1028 5632 alterum
1055 5562 1120 5632 in,
1143 5563 1376 5630 decima,
1406 5564 1564 5632 cujus
1603 5564 1768 5618 situm
1799 5564 1872 5615 ita
1901 5563 2115 5617 descri-

540 5627 622 5702 bit
651 5629 911 5702 Synesius
939 5632 994 5685 in
1037 5631 1200 5702 epist.
1228 5633 1286 5686 6t
1325 5627 1490 5687 hisce'
1517 5635 1734 5687 verbis:
1782 5634 1939 5685 Οεγετ
1972 5634 2121 5702 παρὰ

540 5701 640 5770 τὴν
668 5700 976 5772 βασιλικὴν
1037 5700 1238 5766 οἰκίαν,
1300 5705 1360 5756 οὐ
1393 5704 1489 5770 τὴν
1530 5705 1820 5772 δημοσίαν,
1861 5702 1994 5755 ἀλλὰ
2023 5700 2120 5772 τὴν

547 5770 776 5822 κατόπιν
819 5771 1007 5836 αὐτῆς,
1067 5772 1191 5838 ἥτις
1273 5772 1557 5827 Ἀ6).α6ξο·›
1583 5770 1691 5839 μὲν
1730 5774 1997 5842 πρόφρον
2029 5770 2120 5841 ἦν,

2227 4653 2322 4708 νῦν
2351 4656 2405 4709 δὲ
2466 4657 2763 4719 Πλακιόίας
2797 4657 2912 4709 ἐστὶ
2946 4656 3046 4725 τῆς
3095 4660 3209 4710 τοῖν
3234 4655 3512 4721 βασιλέοιν
3546 4657 3810 4724 ἀδελφῆς.

2222 4726 2500 4797 incertum
2534 4736 2718 4780 utrum
2748 4729 2947 4781 horum
2983 4728 3312 4795 palatiorum
3356 4727 3632 4796 intelligat
3665 4728 3813 4797 Vigi-

2219 4795 2325 4850 lius
2354 4795 2456 4848 PP.
2483 4796 2537 4848 in
2559 4797 2716 4863 epist.
2743 4798 2774 4849 5
2805 4815 2817 4848 :
2849 4797 2968 4850 Haec
2998 4799 3234 4856 dicendo.
3255 4801 3308 4850 in
3341 4807 3519 4851 nostra
3549 4795 3814 4864 Obsequio,

2221 4875 2268 4917 ct
2304 4867 2358 4918 in
2391 4864 2633 4936 Ecclesia
2665 4866 2892 4936 publice,
2915 4877 2962 4920 et
2992 4869 3043 4920 in
3087 4866 3335 4920 Placidus
3373 4868 3599 4936 ofﬁcium
3639 4869 3817 4920 diaco-

2219 4947 2378 4989 natus
2401 4935 2682 5005 implebas.
2717 4937 2862 4991 Idem
2895 4938 2947 4989 in
2977 4939 3247 4990 sententia
3270 4935 3814 4991 excernmunicatio-

2219 5008 2304 5060 nis
2328 5007 2381 5060 in
2405 5005 2755 5061 Theodorum
2788 5026 2800 5060 :
2833 5008 3028 5060 Deinde
3059 5009 3112 5059 in
3143 5008 3298 5060 domo
3334 5005 3676 5068 Placidiana,
3699 5020 3807 5061 etc.

2292 5075 2406 5145 (7i)
2446 5075 2749 5147 Ἰωάννης.
2797 5078 2871 5132 De
2907 5093 3018 5147 quo
3040 5076 3461 5147 Olympiodorus
3490 5079 3640 5146 apud
3674 5077 3815 5129 Pho-

2215 5145 2372 5207 tium,
2413 5161 2468 5216 p.
2509 5145 2670 5216 71796;
2735 5145 2992 5201 Socrates
3051 5145 3216 5209 lfvn,
3278 5161 3328 5201 c.
3383 5147 3490 5213 Q3;
3528 5145 3810 5216 Prosper,

2218 5215 2454 5277 ldacius,
2507 5215 2876 5273 Marcellinus.
2951 5217 3252 5284 Procopius
3312 5215 3411 5271 lib.
3472 5232 3536 5270 ιιι
3574 5215 3808 5272 Vandal.

2214 5285 2377 5354 Greg.
2421 5286 2630 5354 Turon.
2657 5285 2690 5338 l.
2717 5303 2752 5339 ιι
2790 5285 2929 5340 Hist.
2959 5302 3005 5341 c.
3047 5287 3099 5347 8,
3125 5298 3180 5341 et
3209 5287 3324 5340 alii.

2291 5353 2401 5423 (7‘2)
2440 5353 2823 5424 ’Io‘d‘trépdov.
2886 5357 2961 5410 Ita
2998 5356 3385 5426 TheOphanes,
3424 5371 3476 5424 p.
3513 5357 3601 5411 69.
3664 5356 3808 5411 lsdi-

2253 5426 2398 5480 erdzc
2427 5426 2730 5496 meminere
2764 5430 3064 5496 scriptores
3113 5426 3496 5496 ecclesiastici,
3544 5426 3808 5482 Socrates

2253 5442 2398 5480 erazc
2427 5442 2730 5480 meminere
2764 5442 3064 5496 scriptores
3113 5442 3496 5486 ecctesuasuct,
3544 5442 3805 5482 Socrates

2217 5442 2259 5549 ἕ.
2288 5511 2389 5556 vn.
2429 5511 2478 5550 c.
2509 5495 2576 5561 8;
2604 5495 2904 5550 'l‘heodorit
2956 5498 2991 5549 I.
3029 5513 3079 5558 ν,
3109 5511 3159 5549 c.
3196 5496 3304 5560 38;
3360 5495 3628 5562 Evagrius
3657 5499 3695 5550 l.
3729 5515 3805 5559 νι,

2223 5580 2272 5636 e.
2312 5567 2410 5628 l9;
2445 5564 2742 5634 Nicephor.
2792 5566 2827 5619 l.
2880 5583 2990 5629 xw,
3029 5583 3078 5621 c.
3123 5566 3413 5636 l;Agath.
3468 5567 3506 5620 l.
3550 5583 3624 5631 Iv,
3660 5567 3804 5621 idem

2226 5635 2547 5702 Thcophan.
2579 5652 2634 5703 ι).
2671 5637 2758 5689 71.

2299 5706 2408 5774 (75)
2454 5706 2776 5772 Ἀντίοχον.
2814 5705 2916 5772 Qui
2980 5722 3087 5760 non
3145 5706 3284 5759 alius
3328 5705 3550 5760 videtur
3604 5706 3675 5760 ab
3709 5706 3804 5759 illo

2227 5774 2520 5838 Antiocho,
2549 5791 2709 5845 quem
2742 5778 3005 5847 Syncsius
3051 5779 3212 5848 epist.
3261 5777 3362 5830 ll0
3395 5795 3407 5831 :
3437 5775 3509 5829 Τὸ
3536 5777 3681 5845 ἱερὸν
3712 5778 3808 5830 άν-
