4034 6244
551 299 686 366 1187

1847 287 2169 354 JOANNIS
2209 287 2531 348 ΖΟΝΑΗᾹΞ

3665 284 3803 348 1⁷88

547 411 772 476 fuisset,
799 407 988 464 docuit
1022 413 1265 463 sanetam
1295 404 1574 476 Virginem
1612 401 1834 458 Mariam
1871 419 1978 458 non
2005 417 2125 456 esse

2231 401 2310 463 είς
2337 399 2634 467 ἐπίγνωσιν
2657 393 2749 450 τοῦ
2774 394 3014 466 Χριστοῦ
3035 395 3130 450 -διά
3156 395 3530 463 παραινέσεων
3558 399 3803 469 ἀγαγὼν.

549 502 834 571 Deiparam
901 499 1214 565 dicendam,
1270 499 1556 557 Christum
1625 511 1757 552 vero
1805 512 1913 551 non
1973 494 2122 549 aliud

548 594 655 648 nisi
686 593 965 648 hominem
988 607 1110 647 esse
1136 592 1420 647 asserebat
1448 609 1461 645 :
1494 592 1548 644 in
1575 605 1754 659 eoque
1782 589 1878 644 Dei
1901 587 2124 652 Filium,

552 694 614 739 ut
665 686 720 738 in
779 684 1051 752 propheta
1109 685 1368 752 quopiam
1438 681 1719 735 habitasse
1795 679 2125 748 nugabatur,

550 792 788 846 eumque
836 776 1158 845 bipertiens,
1205 774 1531 834 afﬁrmabat,
1582 774 1674 827 Dei
1724 771 1966 828 Verbum
2014 784 2127 824 non

552 868 853 936 sumpsisse
886 881 1106 920 carnem
1138 881 1167 920 e
1191 875 1342 919 casto
1368 863 1638 934 sanguine
1663 861 1855 915 matris
1886 860 2004 920 Dei,
2030 857 2128 912 sed

554 957 724 1008 alium
776 971 897 1010 esse
937 957 1133 1009 Filium
1184 965 1240 1012 et
1291 956 1530 1010 Verbum
1581 953 1698 1017 Dei,
1748 953 1915 1007 alium
1963 951 2128 1006 Chri-

553 1061 734 1112 stum,
763 1048 857 1115 qui
895 1046 1064 1102 Filius
1100 1057 1248 1103 esset
1293 1047 1608 1117 adoptivus,
1645 1054 1703 1100 et
1760 1044 1934 1116 gratia
1985 1044 2132 1097 Deus

559 1147 756 1192 laetus.
792 1139 887 1192 llis
920 1139 1103 1194 caeteri
1134 1138 1464 1208 patriarcha:
1515 1136 1775 1208 cognitis,
1819 1133 2132 1190 Celestinus

555 1230 861 1293 Romanus,
911 1228 1149 1300 Cyrillus
1179 1229 1608 1295 Alexandrinus,
1652 1228 1894 1283 Joannes
1940 1223 2134 1280 Antio.

558 1322 794 1386 chenus,
829 1318 1113 1376 Jux‘enalis
1155 1321 1708 1393 Hierosolymitanus,
1735 1319 2016 1388 negotium
2063 1314 2133 1369 ad

560 1412 947 1480 imperatorem
973 1412 1349 1468 Theodosium
1383 1421 1439 1468 et
1474 1411 1822 1468 Pulcheriam
1851 1409 2130 1472 deferunt,

559 1511 808 1570 petentes
844 1512 902 1556 ut
933 1503 1137 1558 indicto
1167 1502 1408 1558 concilio
1444 1503 1500 1556 in
1524 1500 1852 1555 Nestoriana
1879 1500 2134 1569 dogmata

561 1594 898 1663 inquiratur.
941 1595 1114 1664 igitur
1143 1595 1404 1649 ducentis
1450 1594 1712 1649 Patribus
1762 1592 2035 1662 Ephesum
2065 1590 2134 1644 ad

556 1688 858 1741 concilium
891 1689 1238 1758 congregatis
1275 1688 1538 1756 princeps
1587 1694 1708 1740 erat
1753 1685 2135 1739 sanctissimus

2225 489 2320 544 τοῦ
2387 490 2530 542 θείου
2590 487 2814 558 λουτροῦ
2882 487 3214 555 κατηξίωσε,
3261 491 3356 542 καὶ
3403 489 3530 559 ὑγιῆ
3587 492 3654 544 ἐκ
3701 492 3807 560 τῆς

2225 581 2613 651 κολυμϐήθρας
2661 579 2951 650 ἐξήγαγεν.
3016 572 3184 642 οὗτος
3252 580 3348 633 καὶ
3395 579 3455 633 τό
3503 581 3600 634 τοῦ
3655 583 3805 652 ἱεροῦ

2226 671 2614 740 Χρυσοστόμου
2649 669 2819 739 ὄνομα
2878 672 2936 723 ἐν
2987 673 3099 734 τοῖς
3125 671 3226 739 τῆς
3265 669 3592 740 Ἐκκλησίας
3617 672 3809 725 διπτύ-

2227 781 2346 835 χοις
2387 764 2499 835 (78)
2545 764 2868 836 ἐνέγραψιν,
2905 764 2981 836 μὴ
3005 765 3269 836 πρότερον
3302 766 3578 836 ἐγγραφέν
3607 782 3622 796 ·
3667 767 3810 836 Ὠρι-

2229 854 2522 924 γενιαστὴς
2569 852 2683 926 (79)
2723 853 2832 924 γάρ
2862 856 2889 907 ὁ
2921 853 3319 918 εὐσεϐέστατος
3381 857 3591 918 ἐκεῖνος
3619 855 3810 925 Πατὴρ

2230 947 2480 1000 ἐκαλεῖτο
2511 947 2605 1000 καὶ
2647 945 2958 1016 ἐνομίζετο.
3009 946 3278 1009 Θανόντος
3323 945 3380 998 δὲ
3439 947 3711 1012 Ἀττικοῦ,
3749 947 3808 1011 ὃς

2231 1041 2440 1091 εἴκοσιν
2470 1038 2567 1106 ἔτη
2596 1037 2692 1092 τοῦ
2746 1037 2858 1090 τῶν
2903 1037 3111 1092 πιστῶν
3160 1039 3400 1108 προέστη
3437 1041 3809 1108 συστήματος,

2233 1135 2626 1204 χειροτονεῖται
2683 1133 2950 1194 Σισίννιος
3003 1131 3138 1203 (80),
3169 1133 3266 1186 καὶ
3298 1133 3392 1186 ἐπὶ
3421 1131 3516 1185 δύο
3557 1132 3654 1200 ἐτη
3711 1131 3812 1202 τὴν

2237 1226 2656 1296 ἀρχιερωσύνην
2695 1224 3075 1294 κατεσχηκὼς,
3109 1225 3209 1296 τὴν
3257 1224 3401 1296 ζωὴν
3451 1223 3808 1296 ἐξεμέτρησε,

2236 1321 2381 1374 κατά
2415 1319 2478 1371 τὸ
2508 1316 2753 1370 εἰκοστὸν
2780 1315 3035 1384 δεύτερον
3069 1316 3188 1378 ἔτος
3231 1314 3328 1384 τῆς
3375 1314 3654 1384 βασιλείας
3683 1315 3811 1366 Θεο-

2235 1411 2437 1464 δοσίου.
2499 1411 2607 1462 Καὶ
2661 1407 2995 1477 ἀντεισήχθη
3021 1407 3339 1474 Νεστόριος,
3376 1407 3435 1470 ὃς
3491 1408 3584 1459 ἐπὶ
3639 1410 3812 1475 τρισὶν

2246 1500 2689 1573 ἀρχιερατεύσας
2723 1501 2991 1561 ἐνιαυτοῖς
3025 1498 3272 1552 ἐδίδασκε
3292 1499 3390 1569 τὴν
3417 1499 3580 1567 ἁγίαν
3605 1499 3814 1567 Πειρθέ-

2237 1613 2327 1650 νον
2374 1595 2592 1664 Μαρίαν
2656 1593 2920 1646 Θεοτόκον
2959 1594 3032 1664 μὴ
3062 1595 3268 1662 λέγειν,
3321 1593 3476 1662 ψιλὸν
3527 1592 3816 1661 ἄνθρωπον

2237 1689 2333 1741 τὸν
2376 1687 2612 1760 Χριστὸν
2670 1685 3033 1756 δογματίζων,
3072 1686 3164 1738 καὶ
3194 1684 3347 1753 αὐτῷ
3403 1686 3685 1755 ἐνοικῆσαι
3724 1687 3816 1737 τὸν

557 1778 823 1850 Cyrillus,
859 1778 1118 1834 Celestini
1172 1780 1331 1848 Papae
1371 1778 1603 1833 Romani
1635 1780 1800 1832 etiam
1849 1778 1968 1830 vice
2012 1776 2139 1829 fun-

2245 1780 2370 1832 Υἱὺν
2403 1779 2495 1831 τοῦ
2526 1777 2660 1831 Θεοῦ
2713 1776 2974 1846 φλυαρῶν
3005 1777 3081 1839 ὡς
3112 1777 3194 1830 ένὶ
3232 1777 3341 1830 τῶν
3371 1776 3690 1846 προφητῶν,
3722 1777 3818 1828 καὶ

562 1886 717 1939 gens,
749 1871 842 1940 qui.
897 1887 993 1940 per
1028 1871 1399 1926 valetudinem
1455 1869 1650 1924 adesse
1700 1884 1808 1922 non
1873 1879 2134 1938 pozerat:

560 1963 797 2018 Nestorii
821 1963 1044 2018 decreta
1069 1964 1406 2029 etauiiinata,
1435 1970 1494 2017 et
1531 1971 1589 2016 ut
1627 1977 1887 2031 perversa
1937 1962 2139 2030 rejecta

561 2063 732 2108 sunt:
764 2063 820 2108 et
848 2055 1236 2118 constitutum,
1289 2066 1350 2110 ut
1388 2063 1580 2109 sancta
1624 2054 1788 2126 Virgo
1818 2054 2049 2122 Deipara
2085 2063 2142 2106 et

563 2146 864 2200 haberetur
896 2154 953 2200 et
981 2146 1282 2212 diceretur,
1316 2156 1373 2200 et
1404 2146 1497 2214 qui
1531 2160 1752 2198 carnem
1783 2160 1846 2198 ex
1897 2159 1962 2199 ea
2004 2145 2141 2198 citra

564 2238 782 2292 virilem
815 2253 1040 2306 Operam
1066 2237 1390 2305 sumpserit,
1427 2235 1521 2289 Dei
1557 2233 1664 2306 42
1698 2235 1867 2289 Filius
1903 2243 1958 2288 et
1997 2232 2142 2288 Deus

567 2342 595 2379 a
621 2327 825 2381 sanctis
852 2326 1106 2380 Patribus
1125 2337 1205 2380 est
1232 2326 1642 2394 pronuntiatus.
1669 2327 1748 2378 Ae
1771 2326 1820 2377 in
1847 2322 2142 2378 certiorem

565 2417 699 2472 tidei
758 2416 1188 2481 confessionem,
1250 2425 1305 2470 et
1351 2415 1755 2470 evidentiorem
1804 2415 2144 2470 Nestorianae

570 2511 871 2580 impietatis
905 2509 1291 2564 refutationem
1330 2515 1555 2562 sanctus
1585 2507 1822 2578 Cyrillus
1847 2507 2140 2562 duodecim

567 2603 754 2668 capita
787 2599 841 2652 in
878 2615 1020 2653 verae
1048 2599 1336 2654 sententiae
1384 2599 1782 2653 monimentum
1837 2598 2148 2667 composuit

574 2693 948 2762 Eeelesiaeque
989 2692 1237 2756 tradidit,
1270 2692 1531 2747 Nestorio
1557 2693 1783 2762 rejecto,
1809 2699 1866 2746 et
1907 2702 2093 2744 amoto
2117 2706 2148 2746 e

579 2796 726 2839 centu
756 2796 906 2839 recte
931 2785 1290 2839 sentientium
1338 2785 1678 2854 pontificum.
1725 2785 1995 2838 Craterum
2027 2791 2150 2852 post

576 2878 794 2930 tertiam
822 2876 1040 2930 concilii
1070 2876 1218 2931 diem
1248 2875 1529 2944 Ephesum
1571 2874 1963 2943 ingrediuntur
1987 2873 2152 2927 Joan-

574 2981 674 3020 nes
726 2966 1150 3031 Antiochenus,
1221 2965 1609 3020 'l‘beodoretus
1668 2964 1968 3035 Cyrensis,
2029 2963 2152 3018 lhas

577 3057 904 3121 Edessenus,
933 3066 989 3110 et
1013 3058 1127 3121 alii,
1162 3056 1397 3126 iratique
1420 3056 1646 3126 Cyrillo,
1674 3065 1734 3110 ut
1762 3055 1995 3126 principi
2019 3069 2153 3109 eon-

578 3148 716 3213 cilii,
750 3149 821 3202 ob
852 3147 1148 3202 adventum
1180 3164 1340 3202 suum
1380 3163 1490 3202 non
1521 3157 1921 3218 exspectatum,
1946 3155 2060 3200 tum
2095 3153 2152 3200 et

580 3243 948 3306 adhaerentes,
985 3240 1222 3294 Nestorii
1263 3240 1670 3295 abdicationem
1713 3242 1989 3305 incusant,
2036 3247 2152 3292 tum

580 3343 776 3384 saneto
825 3331 1028 3400 Cyrillo
1072 3339 1131 3385 et
1178 3331 1456 3386 Memnoni
1504 3331 1783 3401 Epliesino
1805 3331 2154 3400 episcopatus

581 3422 902 3490 eripiendos
949 3423 1278 3476 decernunt.
1333 3422 1719 3478 Theodoretus
1754 3423 1922 3478 etiam
1973 3423 2156 3493 capita

581 3515 897 3580 duodecim,
940 3531 970 3568 a
1025 3515 1230 3586 Cyrillo
1275 3515 1582 3586 composita
1630 3515 1852 3578 invasit,
1893 3524 1949 3570 et
1979 3515 2046 3569 ad
2089 3529 2154 3569 ea

581 3606 902 3666 evertenda.
937 3606 1116 3661 edidit
1151 3607 1296 3661 alia:
1335 3622 1457 3676 quae
1487 3621 1612 3660 eum
1643 3622 1876 3678 magnus
1917 3606 2156 3678 Cyrillus

582 3697 791 3752 erroris
817 3697 1170 3764 eonvicisset,
1213 3697 1593 3754 Antiochenus
1644 3707 1702 3753 et
1744 3698 1927 3752 caeteri
1962 3713 1994 3752 a
2022 3713 2156 3754 eon-

580 3792 710 3844 eilio
743 3789 1009 3853 damnati,
1044 3789 1113 3843 ab
1139 3789 1460 3845 orthodoxis
1481 3790 1812 3844 alienantur.
1842 3790 2158 3861 Episcopos

581 3887 668 3937 sic
697 3883 926 3938 affectos
969 3894 1022 3938 et
1071 3883 1214 3938 inter
1267 3898 1388 3940 sese
1443 3884 1816 3950 decertantes,
1860 3885 2160 3954 itnperator

589 3974 948 4030 Theodosius
1006 3989 1198 4028 omnes
1267 3973 1800 4046 Constantinopolim
1873 3976 2157 4031 accersit:

2243 1873 2324 1934 είς
2363 1870 2459 1924 δύο
2509 1867 2734 1940 διαιρῶν
2788 1869 2971 1933 αὐτὸν,
3007 1869 3067 1920 ού
3123 1868 3302 1938 σάρκα
3353 1867 3540 1920 λαϐεῖν
3594 1869 3662 1920 ἐκ
3710 1868 3817 1920 τῶν

2244 1961 2428 2030 ἁγνῶν
2459 1961 2708 2031 αἱμάτων
2735 1958 2833 2029 τῆς
2858 1959 3202 2029 Θεομήτορος
3233 1959 3324 2012 τὸν
3349 1960 3446 2012 τοῦ
3475 1960 3614 2012 Θεοῦ
3634 1959 3812 2027 Λότςν

2243 2051 2661 2125 ἀπισχυρίζετο,
2694 2052 2832 2106 ἀλλὰ
2884 2052 3040 2106 ἄλλον
3096 2053 3198 2121 μὲν
3256 2045 3399 2105 εἷναι
3436 2051 3527 2104 τὸν
3559 2051 3690 2104 Υἱδν
3727 2051 3818 2104 τοῦ

2243 2145 2381 2200 Θεοῦ
2438 2146 2531 2199 καὶ
2581 2144 2775 2212 Λόγον,
2817 2142 2976 2196 ἄλλον
3003 2142 3061 2196 δὲ
3091 2143 3182 2198 τὸν
3219 2143 3455 2215 Χριστὸν
3505 2142 3657 2194 θέσει
3709 2144 3821 2194 υἱο-

2244 2235 2562 2306 ποιηθέντα,
2589 2235 2684 2289 καὶ
2714 2237 2899 2303 χάριτι
2927 2233 3223 2290 θεωθέντα.
3253 2232 3440 2287 Ταῦτα
3463 2233 3519 2287 δὲ
3549 2232 3817 2304 μαθόντες

2244 2327 2296 2380 οἱ
2337 2326 2445 2380 τῶν
2498 2325 2699 2380 λοιπῶν
2725 2326 3139 2395 πατριαρχικῶν
3197 2325 3540 2397 προεστῶτες
3588 2325 3821 2395 θρόνων,

2244 2419 2273 2472 6
2302 2419 2397 2490 τῆς
2425 2418 2642 2489 Ῥώμης
2667 2420 3010 2484 Κελεστῖνος,
3041 2418 3306 2484 Κύριλλος
3330 2420 3358 2471 ὀ
3397 2417 3660 2488 Ἀλεξανό,
3684 2423 3822 2484 ciae,

2276 2510 2516 2580 Ιωάννης
2583 2511 2913 2579 Ἀντοχείας,
2991 2509 3345 2573 Ἰουϐενάλιος
3411 2509 3824 2581 Ἱεροσολύμων,

2250 2603 2591 2673 ἀναφέρουσι
2639 2603 2778 2672 πρὸς
2831 2601 2923 2655 τὸν
2974 2601 3189 2656 ἄνακτα
3243 2602 3526 2656 Θεοδόσιον
3573 2602 3671 2655 καὶ
3725 2602 3824 2670 τὴν

2253 2696 2610 2767 Ποῦλχερίαν,
2667 2694 2981 2764 αίτούμενοι
3049 2695 3263 2751 σύνοδον
3305 2695 3666 2766 ἀθροισθῆναι
3732 2694 3826 2747 καὶ

2250 2788 2634 2857 γυμνασθῆναι
2690 2787 2758 2840 τὰ
2818 2787 2971 2858 παρά
3021 2787 3116 2840 τοῦ
3156 2787 3456 2858 Νεστορίου
3503 2788 3827 2858 δογματιζό-

2257 2898 2416 2952 μενα.
2454 2879 2925 2950 Συγκροτηθείσης
2961 2875 3053 2933 οὖν
3085 2881 3145 2932 ἐν
3203 2881 3416 2950 Ἐφέσῳ
3459 2880 3681 2934 συνόδου
3709 2861 3831 2933 διαέ

2251 2972 2449 3025 κοσίων
2476 2973 2758 3042 Πατέρων,
2788 2967 2857 3043 ἦς
2888 2970 3118 3041 ἐξῆρχεν
3139 2973 3166 3024 ὀ
3193 2971 3499 3040 ἀγιώτατος
3535 2972 3828 3041 Κύριλλος,

2256 3065 2472 3134 ἐπέχων
2505 3065 2718 3118 καὶτὸν
2769 3065 2933 3117 τόπον
2989 3064 3317 3117 Κελεστίνου
3365 3063 3462 3116 τοῦ
3495 3064 3655 3118 πάπα
3696 3063 3831 3118 Ῥώ-

2262 3172 2391 3226 μης,
2431 3155 2506 3225 μὴ
2558 3154 2878 3224 δυνηθέντος
2934 3154 3210 3208 συνελθεῖν
3265 3155 3333 3208 δι’
3395 3156 3709 3219 ἀσθένειαν,
3763 3158 3831 3207 τά

2253 3245 2349 3298 τοῦ
2395 3246 2696 3322 Νεστορίου
2747 3245 3232 3316 κατεξητάσθησαν
3274 3245 3520 3316 δόγματα
3571 3247 3668 3300 καὶ
3728 3247 3834 3299 ἀπ-

2257 3337 2569 3408 εϐλήθησαν
2593 3337 2668 3400 ὡς
2694 3337 2961 3403 κακόδοξα
2986 3353 3000 3368 ·
3025 3339 3060 3406 ἡ
3093 3338 3156 3408 δὴ
3189 3337 3319 3406 ἁγία
3345 3338 3619 3408 Παρθένος
3645 3339 3833 3392 050:6-

2257 3447 2354 3494 κος
2390 3430 2682 3500 ἀπεδείχθη
2741 3429 2832 3484 καὶ
2881 3431 3198 3500 φρονεῖσθαι
3259 3432 3351 3485 καὶ
3410 3431 3687 3499 λέγεσθαι,
3737 3433 3833 3486 καὶ

2255 3523 2286 3576 ὀ
2309 3521 2369 3586 ἐξ
2392 3521 2562 3592 αὐτῆς
2597 3521 2904 3590 σαρκωθεὶς
2942 3517 3222 3591 ἀνάνδρως
3270 3521 3400 3586 Tib;
3447 3521 3544 3576 τοῦ
3573 3522 3710 3576 Θεοῦ
3741 3525 3834 3576 καὶ

2257 3612 2390 3676 Θεὸς
2426 3614 2578 3682 παρά
2603 3612 2713 3668 τῶν
2749 3613 2908 3682 ἱερῶν
2947 3613 3173 3668 ἐκείνων
3211 3615 3471 3685 Πατέρων
3497 3614 3830 3684 κεκήρυκτο.

2261 3707 2406 3777 Πρὸς
2429 3708 2764 3778 τρανοτέραν
2792 3707 2849 3759 δὲ
2871 3707 2968 3777 τῆς
2994 3708 3231 3770 πίστεως
3261 3707 3575 3779 ὁμολογίαν,
3609 3710 3700 3761 καὶ
3737 3710 3832 3778 τῆς

2259 3797 2577 3860 δυσσεϐείας
2625 3799 2720 3852 τοῦ
2749 3799 3046 3870 Νεστορίου
3082 3802 3415 3870 σαφέστερον
3449 3801 3694 3870 ἔλεγχον,
3743 3817 3833 3853 και

2261 3888 2473 3942 δώδεκα
2507 3889 2772 3955 συντάξας
2831 3891 3102 3958 κεφάλαια
3162 3893 3190 3944 ὁ
3244 3891 3536 3962 ἱερώτατος
3565 3893 3835 3962 Κύριλλος

2262 3980 2360 4050 τῆς
2399 3979 2569 4050 ὀρθῆς
2629 3981 2787 4051 δόξης
2822 3965 3193 4053 ὑπομνήματα
3225 3987 3294 4054 τῇ
3355 3985 3656 4056 Ἐκκλησία
3697 4003 3838 4056 παρ-

586 4080 779 4120 coram
817 4080 928 4134 quo
961 4066 1163 4134 agitata
1190 4064 1512 4134 quaestione,
1563 4065 1804 4134 rejectus
1848 4065 2137 4122 Nestorius

2266 4069 2488 4125 έδωκεν.
2533 4072 2592 4124 Ὁ
2641 4072 2699 4124 δὲ
2732 4071 3026 4142 Νεστόριος
3067 4072 3374 4144 ἀπεϐλήθη,
3428 4077 3524 4129 καὶ
3581 4076 3679 4128 τοῦ
3727 4078 3836 4130 τῶν

589 4159 648 4213 in
680 4157 961 4212 Orientem
997 4158 1296 4227 relegatur,
1324 4157 1674 4213 Antiocheno
1715 4167 1773 4212 et
1817 4158 2142 4213 Theodoreti

2265 4162 2399 4232 ὀρθὰ
2421 4162 2764 4233 φρονούντων
2797 4163 3101 4234 ἀρχιερέων
3129 4165 3441 4238 άπεκινήθη
3468 4168 3655 4238 χοροῦ.
3682 4171 3838 4223 Μετά

587 4250 754 4304 etiam
785 4261 975 4304 sancto
1007 4249 1244 4303 concilio
1267 4250 1529 4316 assensis,
1557 4259 1617 4303 ut
1646 4251 1732 4304 cui
1759 4260 1888 4305 ante
1916 4264 2012 4320 per
2036 4264 2142 4303 con

2262 4255 2455 4326 τρίτην
2475 4256 2531 4308 δέ
2553 4258 2652 4326 τῆς
2683 4257 2903 4309 συνόδου
2936 4258 3148 4328 ἡμέραν
3169 4259 3492 4327 ἐφίστανται
3521 4265 3587 4331 τῇ
3625 4262 3839 4333 Ἐφέσῳ

585 4342 892 4398 tentionetn
931 4349 985 4394 et
1037 4355 1102 4394 ex
1151 4355 1388 4396 ll‘iCBl'Ol‘e
1441 4341 1715 4397 adversati
1765 4350 1972 4397 essent.
2022 4340 2142 4396 Cun

2263 4347 2292 4400 ὃ
2326 4364 2383 4400 τε
2431 4349 2763 4418 Ἀντιοχείας
2823 4349 3098 4418 Ἰωάννης,
3133 4350 3229 4403 καὶ
3271 4354 3298 4404 ὀ
3328 4351 3514 4422 Κύρου
3543 4354 3843 4416 ἐπίσκοπος

581 4443 776 4487 εαυιθιιι
826 4433 1116 4488 Nestorius
1168 4435 1223 4487 in
1256 4435 1450 4488 exsilio
1481 4434 1642 4489 etiam
1689 4435 1892 4489 multos
1935 4449 2142 4504 perver-

2229 4440 2636 4510 ,Θεοδώρητος,
2669 4442 2762 4495 καὶ
2795 4443 2824 4494 6
2887 4441 3109 4512 Ἐδέσης
3157 4441 3311 4505 Ἴδας
3353 4444 3450 4497 καὶ
3499 4444 3708 4514 ἕτεροι,
3753 4449 3845 4500 καὶ

591 4533 759 4588 teret,
784 4523 1024 4578 Joannes
1051 4525 1451 4592 Antiochenus,
1485 4525 1552 4580 de
1586 4539 1654 4580 eo
1687 4526 1854 4579 alium
1895 4526 1949 4579 in
1979 4526 2142 4580 locun

2259 4533 2342 4585 ὅτι
2405 4531 2480 4603 μὴ
2539 4532 2634 4586 καὶ
2680 4531 2780 4601 τὴν
2812 4531 2994 4584 αὐτῶν
3024 4534 3332 4603 παρουσίαν
3360 4537 3410 4587 οἱ
3466 4535 3565 4604 τῆς
3624 4539 3842 4591 συνόδου

593 4614 981 4669 transferendo
1011 4615 1195 4669 refert.
1229 4615 1415 4685 Itaque
1449 4618 1614 4671 miser
1647 4618 1702 4670 in
1730 4615 1916 4682 Dasin,
1951 4615 2142 4671 Arabia

2261 4625 2574 4693 ἀνέμειναν,
2605 4623 2948 4692 ὀργισθέντες
2971 4623 3115 4676 κατὰ
3151 4623 3245 4676 τοῦ
3291 4626 3531 4693 μεγάλου
3575 4628 3842 4698 Κυρίλλου

501 4745 503 4748 ι
590 4705 878 4774 regionem
906 4705 1174 4769 sterilem,
1201 4718 1258 4760 et
1280 4708 1457 4762 ventis
1484 4707 1873 4777 pestilentibus
1892 4707 2141 4763 infestam

2263 4715 2339 4779 ὡς
2383 4713 2494 4768 τῶν
2542 4715 2716 4768 ἄλλων
2770 4713 3116 4784 ἐξάρχοντος,
3169 4716 3268 4786 τήν
3313 4733 3374 4768 τε
3421 4717 3515 4771 τοῦ
3546 4719 3844 4791 Νεστορίου

597 4795 960 4852 transfertur.
1016 4797 1181 4852 Nova:
1249 4808 1430 4854 autem
1489 4800 1677 4854 Roma
1737 4799 1851 4855 sedi
1907 4800 2142 4870 pastoral

2267 4806 2588 4877 καθαίρεσιν
2637 4806 2952 4877 ᾐτιάσαντο,
3011 4809 3104 4861 καὶ
3138 4807 3332 4879 ἐκείνῳ
3365 4809 3607 4879 θέμενοι,
3651 4814 3748 4866 τοῦ
3790 4830 3845 4867 τε

604 4889 976 4945 Maximianus
1034 4891 1294 4946 Ecclesiae
1339 4893 1628 4964 presbyter
1674 4891 1994 4961 praeficitur.
2045 4893 2142 4948 Pos

2265 4906 2414 4960 θείου
2463 4904 2732 4976 Κυρίλλου
2784 4906 2880 4958 καὶ
2925 4908 3204 4978 Μέμνονος
3259 4910 3353 4964 τοῦ
3400 4911 3633 4980 Ἐφέσου
3705 4911 3840 4964 καθ-

594 4999 760 5056 quem
789 4983 1110 5053 pontiﬁcatu
1137 4985 1339 5040 hienno
1372 4986 1642 5052 functum,
1667 4986 1957 5052 Proculus,
1991 4986 2142 5055 Chry

2262 4999 2474 5069 αίρεσιν
2524 4999 2879 5070 ἐψηφίσαντο.
2942 4999 3002 5054 Ὃ
3049 5001 3395 5075 Θεοδώρητος
3466 5005 3523 5057 δὲ
3565 5003 3664 5058 καὶ
3708 5004 3844 5057 κατὰ

594 5079 828 5136 sustomi
853 5079 1182 5148 discipulus,
1213 5080 1528 5148 patriarcha
1560 5087 1798 5146 creatur,
1826 5080 1920 5150 qui
1955 5079 2142 5150 priden

2266 5094 2373 5144 τ.ὶ,ν
2399 5089 2608 5148 δώδεκα
2637 5087 2950 5160 κεφαλαίων
2980 5091 3088 5148 τῶν
3128 5093 3222 5147 τοῦ
3260 5095 3531 5166 Κυρίλλου
3576 5096 3844 5168 ἐχώρησε,

599 5181 631 5220 a
656 5165 899 5223 Sisinn'w
937 5169 1256 5224 Patriareha
1280 5169 1463 5238 Cyzici
1501 5175 1797 5239 episcopus
1827 5171 2142 5240 designatus

2270 5183 2362 5235 καὶ
2385 5184 2465 5244 εἰς
2491 5183 2806 5254 ἀνατροπὴν
2839 5186 3018 5238 αὐτῶν
3041 5187 3316 5256 κεφάλαια
3343 5188 3642 5253 συνέταξεν
3662 5189 3843 5256 ἔτερα,

601 5258 695 5311 sed
716 5274 746 5312 a
777 5258 1082 5331 Cyzicenis,
1107 5262 1200 5330 qui
1237 5263 1402 5316 alium
1419 5262 1720 5331 elegerant,
1753 5278 1861 5315 non
1895 5270 2142 5332 receptus

2269 5274 2404 5342 πρὸς
2433 5273 2468 5328 ἃ
2507 5275 2668 5328 πάλιν
2697 5277 2725 5329 ὀ
2779 5278 2950 5346 μέγας
2980 5277 3387 5348 ἀντηγωνίσατο
3418 5277 3713 5350 Κύριλλος,
3753 5281 3846 5332 οὐκ

602 5359 849 5420 tempore
903 5354 1192 5425 interjeeto
1236 5356 1410 5410 otium
1449 5363 1656 5426 egerat.
1682 5354 1781 5410 llic
1822 5357 1988 5424 igitur
2039 5353 2142 5409 sed

2270 5364 2446 5433 ὀρθῶς
2480 5364 2822 5435 δογματίζειν
2875 5367 3114 5437 ἐλέγχων
3142 5369 3234 5420 τὸν
3280 5367 3656 5440 Θεοδὼρητον.
3706 5371 3836 5423 Κατ-

1799 5517 1995 5578 t'ariee
2056 5517 2357 5583 lectiones
2399 5529 2462 5584 et
2499 5529 2684 5584 notae.

680 5652 792 5729 (38)
827 5656 1163 5729 Διπτύχοις.
1207 5656 1418 5729 Socrat.
1461 5657 1558 5711 lib.
1589 5673 1685 5722 \‘II,
1722 5675 1844 5729 cap.
1875 5661 1964 5715 25.

1621 5674 1685 5739 ii,
1722 5675 1844 5729 cap.
1875 5663 1964 5715 25.
2002 5729 2015 5739 _
2161 5731 2172 5739 _
2285 5663 2559 5739 Quercum
2579 5665 2724 5735 apud
2765 5666 3041 5739 Photium.
3066 5685 3120 5722 η.
3159 5669 3246 5725 59.

678 5724 792 5794 (79)
845 5727 1309 5792 Ὡριγεηιιστής.
1349 5727 1565 5783 Socrat.
1600 5729 1694 5782 lib.
1721 5724 1806 5797 Vl;
1845 5729 2088 5800 synodus
2108 5731 2176 5788 ad

2357 5737 2470 5805 (80)
2501 5739 2824 5803 Σισίννιος.
2867 5738 3076 5792 δορυ-οι.
3105 5740 3202 5793 lib.
3233 5755 3332 5806 vn,
3356 5754 3482 5809 cap.
3507 5741 3600 5797 26.
