4034 6244
492 289 626 354 1191

1791 284 2113 346 JOANNIS
2153 283 2472 344 ΖΟΝΑΒΑΞ

3605 285 3742 348 1192

489 395 819 451 Eunuchum
871 392 1008 459 adit,
1073 407 1184 449 suae
1249 390 2055 462 sentcntiae.suﬂ'ragatorem:

2162 391 2242 463 τῷ
2276 391 2509 462 ἐκτομίᾳ
2555 390 2904 462 όμοδοξοῦντι
2955 390 3124 463 αὐτῷ,
3182 392 3277 447 καὶ
3316 392 3545 449 πλεῖστα
3575 397 3742 452 δυνα-

488 489 582 557 qui
612 504 735 542 cmn
764 485 903 554 apud
938 486 1326 554 imperatorem
1369 485 1666 554 plurimum
1700 492 1908 553 posset,
1945 484 2048 537 im-

490 589 690 649 petrat,
722 589 780 633 ut
811 579 1071 632 Dioscoro
1100 577 1194 646 qui
1218 586 1341 646 post
1370 576 1557 648 Cyrilli
1578 576 1789 630 obitum
1817 577 2056 631 Alexan-

488 671 704 724 drinam
735 670 1034 722 Ecclesiam
1085 668 1425 737 gubernabat
1454 683 1577 722 eum
1619 668 1741 722 aliis
1784 665 2060 736 episcopis

489 763 762 832 Ephesum
791 770 1004 823 vocato,
1034 759 1432 830 Eutychianum
1462 759 1656 830 dogma
1683 769 2055 824 excuteretur,

489 863 756 922 praesente
783 852 947 906 etiam
991 851 1267 906 Flaviano.
1302 852 1353 905 ls
1381 852 1546 920 igitur
1582 851 1900 911 Dioscorus,
1934 865 2058 904 cum

488 949 732 1020 Eutyche
763 951 1134 1014 consentiens,
1162 951 1415 1004 adductis
1453 950 1574 1004 aliis
1595 950 1760 1003 etiam
1787 948 2062 1018 episcopis

486 1039 731 1109 ejusdem
765 1040 1060 1109 Opinionis,
1115 1041 1390 1110 Ephesum
1438 1041 1738 1110 profectus,
1791 1039 2059 1108 suifraga-

490 1141 579 1185 tur
603 1131 940 1200 Eutychiano
972 1131 1235 1201 dogmati.
1267 1131 1537 1185 Caeterum
1573 1141 1766 1185 sancto
1793 1130 2060 1185 Flaviano

489 1223 838 1285 adversante,
895 1224 1187 1278 Dioscorus
1246 1223 1507 1277 exsiliens
1579 1223 1751 1278 instar
1809 1220 2062 1275 indomiti

490 1315 653 1377 asini.
720 1316 964 1370 calcibus
1017 1316 1190 1369 sancti
1240 1314 1387 1370 illius
1421 1316 1524 1368 viri
1571 1325 1764 1385 pectus
1807 1315 2063 1384 impetiit,

485 1419 541 1463 et
569 1410 769 1479 pugnis
805 1409 1051 1462 maxillas
1079 1409 1198 1478 ejus
1239 1407 1471 1462 tundere
1503 1423 1613 1462 non
1643 1407 1796 1476 prius
1829 1406 2060 1470 destitit,

488 1516 650 1570 quam
689 1499 925 1554 concilio
961 1500 1280 1568 expulisset.
1317 1499 1389 1552 At
1435 1507 1660 1552 sanctus
1708 1498 1799 1552 ille
1829 1511 1896 1552 ex
1943 1496 2060 1565 pla-

490 1607 556 1661 ga
617 1592 855 1660 pectoris
915 1600 1038 1660 post
1104 1589 1346 1644 triduum
1410 1588 1659 1653 decedit,
1721 1602 1845 1642 cum
1901 1587 2066 1642 Nova:

491 1684 674 1736 llontae
722 1684 978 1740 thronum
1022 1698 1119 1751 per
1149 1681 1432 1735 biennium
1469 1687 1744 1734 ornasset.
1778 1678 2066 1733 Dioscorus

490 1786 672 1826 autem
718 1774 1006 1843 episcopos
1064 1773 1156 1842 qui
1243 1772 1474 1826 aderant
1531 1771 1879 1826 subscribere
1937 1785 2063 1824 sen-

491 1864 676 1919 tentiae
731 1879 840 1918 sum
901 1865 1098 1933 coegit.
1157 1861 1294 1917 Nam
1357 1861 1656 1916 Eunuchus
1713 1861 1802 1916 ille
1863 1861 2064 1915 milites

490 1963 727 2008 armatos
779 1953 968 2006 adesse
1021 1953 1282 2022 jusserat,
1333 1961 1395 2005 ut
1445 1951 1800 2005 adversantes
1854 1961 2064 2020 perter-

490 2043 773 2099 refaceret.
800 2043 1001 2097 Verum
1018 2044 1276 2107 Domnus,
1295 2043 1645 2097 Antiochenze
1667 2042 1820 2096 urbis
1840 2057 2059 2112 przeses,

490 2152 616 2192 cum
659 2147 714 2191 et
749 2137 864 2206 ipse
898 2137 953 2190 in
999 2137 1239 2190 tumultu
1269 2135 1362 2190 illo
1396 2136 1834 2206 subscripsisset,
1877 2144 2064 2206 postea

492 2229 546 2282 in
615 2228 938 2282 Dioscormn
1004 2227 1373 2291 vociferatur,
1431 2228 1662 2297 ejusque
1729 2227 2060 2281 sententiam

491 2330 550 2375 ut
596 2319 878 2388 impietate
936 2320 1147 2389 plenam
1194 2317 1522 2388 proscindit.
1580 2316 1673 2370 llis
1718 2315 2065 2370 Theodosius

491 2411 714 2474 auditis,
762 2421 819 2464 et
859 2411 1103 2464 Flaviani
1148 2409 1368 2479 cognito
1417 2407 1667 2473 interitu,
1719 2407 1894 2460 iratus
1939 2421 2064 2460 cum

493 2500 845 2570 Chrysaphio
902 2501 1259 2569 expostulat:
1305 2498 1396 2553 cui
1465 2499 1762 2552 Dioscorus
1829 2495 2062 2567 periculi

493 2603 641 2645 metu
691 2590 902 2653 suadet,
940 2600 998 2644 ut
1021 2591 1089 2643 ab
1119 2590 1451 2658 imperatore
1496 2593 1780 2658 impetret,
1830 2599 1888 2642 ut
1922 2589 2066 2640 Ana-

493 2683 708 2745 tolium,
755 2681 848 2750 qui
884 2681 935 2736 ei
977 2698 1005 2735 a
1049 2681 1324 2751 responsis
1362 2689 1502 2744 erat,
1551 2695 1712 2750 quem
1762 2678 2062 2748 apocrisia-

493 2773 635 2826 rium
704 2781 917 2832 vocant.
977 2773 1345 2843 patriarcham
1395 2770 2062 2840 Constantinopolitanum

492 2863 763 2934 designet,
807 2881 916 2933 quo
937 2874 992 2918 et
1045 2864 1347 2932 Eutychem
1397 2863 1450 2916 in
1487 2864 1803 2916 societatem
1853 2860 2062 2929 recipe-

493 2965 595 3018 ret,
645 2955 797 3010 etde
843 2955 1089 3010 Flaviani
1140 2957 1451 3010 calamitate
1490 2953 1600 3026 44
1646 2954 1877 3023 quaestio
1909 2953 2062 3007 nulla

493 3039 810 3096 haberetur.
858 3043 932 3096 Ea
981 3060 1040 3097 re
1087 3059 1184 3112 per
1232 3044 1561 3098 Eunuchum
1611 3045 1680 3098 ah
1730 3044 2061 3113 imperatore

492 3132 650 3185 facile
699 3134 1004 3202 impetrata,
1050 3133 1360 3202 patriarcha
1394 3132 1712 3202 designatur
1751 3132 2057 3186 Anatolius.

491 3221 637 3274 Idem
665 3222 1056 3293 Chrysaphius,
1082 3224 1250 3276 ascita
1279 3224 1444 3277 etiam
1474 3223 1721 3276 Eudoxia
1748 3223 2020 3293 adjutriee
2041 3264 2056 3288 ,

492 3312 747 3366 facilitari
793 3314 1060 3382 principis
1114 3314 1375 3378 illudens,
1409 3313 1724 3383 persuadet,
1758 3321 1821 3367 ut
1851 3321 1904 3368 et
1935 3313 2061 3367 Pul-

492 3406 680 3459 chelia
735 3406 805 3458 ab
853 3405 1339 3459 administratione
1381 3421 1564 3459 rerum
1606 3414 1940 3460 amoveatur.
1983 3406 2059 3460 Ea

493 3494 678 3562 igitur,
727 3495 852 3546 aula
903 3493 1113 3558 relicta,
1167 3497 1336 3548 vitam
1389 3494 1660 3565 privatam
1721 3494 1856 3564 agit,
1897 3504 1954 3549 et
2001 3495 2058 3548 in

490 3585 771 3639 llebdomo
814 3585 1069 3654 quiescit.
1109 3587 1177 3640 At
1221 3586 1546 3657 imperator,
1594 3587 1680 3640 vix
1739 3585 1957 3641 tandem
1990 3587 2058 3642 ad

491 3693 679 3732 sanam
733 3688 973 3732 mentem
1033 3693 1308 3743 reversus,
1364 3678 1706 3734 considerata
1755 3687 1809 3733 et
1850 3678 2058 3733 nefaria

491 3770 730 3824 Flaviani
795 3771 962 3834 caede,
1024 3781 1078 3825 et
1136 3771 1440 3826 Pulcheria:
1499 3771 1775 3825 delatione
1825 3809 1840 3836 ,
1905 3773 2054 3842 justa

489 3862 862 3931 indignatione
906 3872 1097 3916 contra
1144 3862 1471 3917 Eunuchum
1511 3871 1844 3926 commotus,
1893 3877 2058 3933 quem

490 3969 682 4006 earum
734 3969 917 4006 rermn
963 3953 1207 4006 omnium
1250 3964 1530 4008 auctorem
1575 3969 1698 4010 esse
1749 3959 2054 4020 constabat,

488 4045 768 4098 hominem
835 4045 1072 4114 relegat,
1134 4045 1332 4114 opibus
1403 4046 1523 4116 ejus
1585 4046 1938 4114 confiscatis,
2002 4057 2059 4102 et

489 4149 730 4188 sororem
762 4137 932 4204 petita
963 4137 1118 4190 venia
1144 4143 1392 4192 revocat.
1412 4137 1842 4192 EratPuleheria
1861 4137 2059 4193 mulier

488 4227 908 4295 prudentissima
937 4268 951 4292 ,
994 4243 1115 4297 qua:
1165 4229 1336 4282 multa
1382 4229 1572 4284 fratris
1625 4241 1809 4286 errata
1857 4232 2056 4302 partim

487 4319 818 4387 corrigebat,
866 4320 1065 4388 partim
1102 4321 1337 4389 tegebat.
1373 4319 1597 4375 Litteris
1624 4321 1717 4376 ille
1746 4331 1897 4378 certe
1935 4323 2056 4392 qui-

2165 485 2311 556 μένῳ
2341 484 2492 553 παρά
2522 484 2601 556 τῷ
2635 483 2888 554 βασιλεῖ’
2923 484 3018 538 καὶ
3051 483 3113 546 ὃς
3140 485 3317 538 πείθει
3339 485 3430 538 τὸν
3460 487 3744 544 Θεοδόσιον

2162 578 2456 648 ἐπιτρέψαι
2493 577 2572 648 τῷ
2622 579 2760 647 μετὰ
2784 577 2882 649 τὴν
2925 578 3020 632 τοῦ
3063 579 3223 647 ἀγίου
3259 581 3531 650 Κυρίλλου
3575 583 3741 651 μετά·

2163 687 2354 724 στασιν
2419 671 2518 739 τῆς
2592 670 3001 741 Ἀλεξανδρείας
3072 671 3164 725 τὸν
3235 671 3427 742 θρόνον
3497 675 3742 728 διέποντι

2162 763 2457 832 Διοσκόρῳ,
2509 763 2916 832 παραγενέσθαι
2965 765 3047 827 είς
3086 765 3322 832 Ἔφεσον
3371 766 3490 836 μεθ’
3535 768 3742 838 ἐτέρων

2161 854 2502 918 ἐπισκόπων,
2561 856 2655 908 καὶ
2709 856 2777 908 τά
2833 857 2976 909 κατά
3022 856 3115 910 τὸν
3157 857 3374 928 Εὐτυχῆ
3437 861 3740 927 γυμνάσαι,

2164 947 2430 1016 παρόντος
2452 947 2546 1001 καὶ
2568 947 2660 1000 τοῦ
2698 947 3023 1002 Φλαϐιανοῦ.
3063 944 3230 1012 Οὗτος
3261 945 3355 1002 οὖν
3380 952 3422 1003 ό-
3445 951 3738 1022 Διόσκορος

2163 1040 2258 1091 τοῦ
2307 1039 2584 1109 Εὐτυχοῢς
2613 1039 2900 1110 τυγχάνων
2924 1039 3201 1110 όμόδοξος,
3247 1043 3343 1096 καὶ
3385 1043 3580 1105 ἄλλους
3619 1044 3710 1096 ἐπι

2165 1129 2404 1194 σκόπους
2462 1130 2843 1202 προσειληφὼς
2909 1132 3323 1203 ὁμογνώμονας,
3362 1137 3445 1197 είς
3503 1137 3738 1204 Ἔφεσον

2164 1223 2567 1293 παραγίνεται,
2621 1225 2714 1277 καὶ
2782 1227 2942 1295 κυροῖ
2985 1228 3053 1278 τά
3112 1225 3263 1296 παρά
3315 1228 3409 1280 τοῦ
3465 1227 3739 1296 Εὐτυχοῦς

2165 1317 2510 1384 είσαγόμενα.
2573 1316 2971 1384 Ἀντιλέγοντος
3013 1317 3072 1370 δὲ
3111 1317 3206 1370 τοῦ
3261 1319 3560 1388 ίερωτάτου
3596 1319 3738 1373 Φλα-

2164 1406 2378 1472 ϐιανοῦ,
2409 1402 2499 1461 οἷά
2537 1425 2622 1466 τις
2663 1408 2852 1478 ἄγριος
2899 1409 3019 1472 δνος
3051 1408 3335 1479 ἀναθορὼν
3363 1410 3392 1462 6
3423 1410 3738 1480 Διόσκορος,

2165 1497 2265 1564 λὰξ
2287 1498 2364 1570 τῷ
2392 1500 2600 1570 στέρνῳ
2631 1500 2846 1570 ἐνέθορε
2875 1499 2968 1553 τοῦ
2991 1501 3247 1564 εὐσεϐοῦς
3280 1501 3491 1556 ἐκείνου
3523 1503 3737 1572 ἀνδρὸς,

2166 1589 2262 1642 καὶ
2292 1590 2398 1656 πὺξ
2448 1591 2613 1644 αὐτὸν
2673 1592 2816 1645 κατὰ
2868 1593 3074 1664 κόρρης
3117 1592 3357 1658 τύπτων,
3397 1592 3498 1646 οὐκ
3535 1595 3738 1663 ἀνῆκεν

2165 1681 2271 1744 ἕως
2299 1683 2392 1735 τοῦ
2432 1683 2710 1755 συνεδρίου
2739 1685 2999 1753 ἐξώθησε.
3043 1686 3152 1738 Καὶ
3197 1687 3224 1738 6
3268 1685 3370 1756 μὲν
3413 1685 3540 1754 ἆγιο
3598 1687 3740 1755 μετά

2166 1771 2355 1842 τρίτην
2386 1774 2599 1844 ἡμέραν
2633 1776 2696 1827 ἐκ
2729 1775 2829 1845 τῆς
2870 1774 2963 1828 τοῦ
3009 1776 3229 1847 στέρνου
3272 1778 3487 1848 πληγῆς
3538 1779 3738 1847 μετήλ-

2165 1863 2288 1928 λαξε
2320 1865 2418 1934 τὴν
2459 1865 2604 1936 ζωὴν
2634 1867 2772 1939 (87),
2815 1869 2874 1921 ἐν
2909 1868 3004 1921 δύο
3046 1869 3316 1932 ἐνιαυτοῖς
3351 1868 3443 1921 τὸν
3476 1870 3740 1940 ἀρχιερα-

2164 1952 2314 2004 τικὸν
2360 1955 2648 2024 κοσμήσας
2703 1955 2893 2027 θρόνον
2926 1958 3024 2025 τῆς
3067 1958 3360 2029 Νεωτέρας
3408 1959 3630 2028 Ῥώμης
3664 1978 3678 1994 ο
3711 1964 3740 2013 6

2163 2043 2220 2095 δὲ
2266 2043 2556 2115 Διόσκορος
2600 2047 2725 2109 τοὺς
2759 2048 2875 2100 ἐκεῖ
2915 2049 3188 2118 παρόντας
3237 2051 3569 2112 ἐπισκόπους
3603 2052 3735 2104 ὐπο-

2169 2139 2514 2205 εημήνασοαι
2588 2137 2847 2192 ἐϐιάσατο
2909 2141 2988 2212 τῷ
3045 2144 3176 2212 παρ’
3238 2143 3401 2196 αὐτοῦ
3459 2142 3738 2196 ἐκτεοέιτι

2165 2229 2295 2298 ἔρῳ.
2339 2229 2404 2282 Ἠ
2454 2228 2562 2301 γὰρ
2611 2231 2704 2284 τοῦ
2763 2232 3092 2304 δηλωθέντος
3148 2233 3402 2304 εὐνούχου
3447 2234 3730 2289 δυναστεία

2169 2323 2514 2389 στρατιώτας
2551 2324 2814 2387 ἐνόπλους
2865 2327 2981 2378 ἐκεῖ
3032 2330 3293 2395 παρεῖναι
3342 2328 3591 2396 ἐποίησε,
3644 2347 3739 2381 και

2165 2411 2289 2474 τοὺς
2318 2412 2701 2481 ἀντιλέγοντας
2732 2415 3008 2484 ἐκφοϐεῖν.
3053 2418 3256 2486 Δόμνος
3290 2417 3349 2470 δέ
3386 2421 3414 2470 6
3459 2418 3561 2487 τῆς
3613 2419 3735 2473 ’λιν-

2165 2503 2390 2574 τιοχέων
2451 2504 2657 2569 πόλεως
2716 2508 2975 2578 πρόεδρος
3035 2508 3428 2580 ὐπεσημήνατο
3483 2512 3581 2581 μὲν
3640 2510 3739 2564 καὶ

2165 2597 2328 2662 αὐτὸς
2383 2601 2776 2671 συναρπαγεὶς,
2825 2597 2943 2656 εἶτα
2996 2603 3234 2657 κατεϐόα
3274 2604 3368 2656 τοῦ
3417 2606 3734 2676 Διοσκόρω,

2167 2691 2378 2743 καὶτὸν
2407 2691 2531 2762 ὅρον
2570 2691 2846 2746 διέϐαλλεν
2878 2692 2954 2754 ὡς
2989 2693 3240 2758 ἀσεϐείας
3284 2697 3506 2766 μεστόν.
3549 2697 3735 2751 Ταῦτα

2167 2781 2354 2850 μαθὼν
2406 2785 2433 2835 6
2488 2782 2741 2852 βασιλεὺς
2810 2783 3121 2849 Θεοδόσιος,
3170 2786 3264 2839 καὶ
3321 2787 3388 2840 τὰ
3440 2787 3582 2841 κατὰ
3641 2788 3734 2841 τὸν

2163 2870 2464 2926 Φλαϐιανδν
2497 2873 2653 2940 γνοὺς
2679 2874 2736 2925 ἐν
2768 2875 2966 2938 αἰτίαις
2993 2875 3256 2946 πεποίητο
3280 2877 3371 2929 τὸν
3392 2878 3730 2949 Χρυσάφιον,

2166 2963 2259 3014 καί⁵
2316 2961 2605 3033 ὠργίζετο.
2637 2965 2824 3028 Δείσας
2865 2965 2920 3017 δέ
2968 2967 2995 3019 6
3045 2969 3358 3040 Διόσκορος,
3415 2970 3736 3040 ὑποτίθησιν

2088 3087 2131 3144 c
2165 3055 2312 3123 αὐτῷ
2363 3057 2552 3108 πεῖσαι
2598 3057 2688 3111 τὸν
2725 3057 2950 3127 βασιλέα
2993 3062 3339 3131 πατριάρχην
3383 3063 3731 3114 Κωνσταντι-

2164 3143 2468 3207 νουπόλεως
2527 3145 2977 3216 προχειρίσασθαι
3051 3148 3351 3201 Ἀνατόλιον
3415 3150 3508 3202 τὸν
3564 3151 3732 3204 αὐτο)

2161 3237 2611 3308 ἀποκρισιάριον,
2653 3238 2739 3292 ἵνα
2791 3239 2884 3292 καὶ
2937 3241 3027 3294 τὸν
3069 3241 3286 3313 Εὐτυχῆ
3329 3241 3551 3312 δέξηται
3593 3246 3733 3315 πρὸς

2163 3331 2472 3397 κοινωνίαν,
2521 3333 2618 3384 καὶ
2674 3332 2743 3385 τά
2796 3331 2936 3385 κατὶι
2976 3335 3068 3386 τὸν
3121 3337 3390 3405 μακάριον
3434 3335 3733 3390 Φλαϐιανίν

2167 3422 2328 3496 μείνῃ
2361 3421 2778 3494 ἀνεξερεύνητα.
2825 3423 3008 3477 Πείθει
3057 3425 3238 3478 τοίνυν
3279 3428 3306 3479 ό
3355 3429 3614 3498 ἐκτομίας
3640 3429 3732 3482 τὸν

2164 3515 2407 3586 βασιλέα,
2449 3516 2732 3584 εὐάγωγον
2767 3515 2917 3580 ὄντα,
2975 3517 3071 3568 καὶ
3101 3521 3488 3588 χειροτονεῖται
3530 3538 3732 3590 πατρι-

2162 3610 2335 3680 άρχης
2378 3611 2406 3662 6
2454 3608 2757 3671 Ἀνατόλιος
2791 3608 2923 3677 (88).
2968 3602 3136 3672 Οὗτος
3177 3611 3205 3663 ό
3254 3612 3541 3681 εἰρημένος
3584 3613 3736 3682 Χρυ-

2163 3703 2381 3768 σάῳιος,
2421 3700 2525 3769 σῆς
2550 3700 2795 3764 εὐκολίας
2849 3699 2942 3752 τοῦ
2978 3697 3305 3764 κρατοῦντος
3341 3703 3729 3772 κατατρυφῶν.

2162 3788 2380 3842 ἔπεισεν
2407 3788 2588 3854 αὐτὸν,
2614 3789 2709 3841 καὶ
2742 3789 2840 3856 τὴν
2868 3787 3183 3858 βασίλισσαν
3207 3789 3466 3845 Εὐδοκίαν
3505 3810 3733 3864 προσει-

2161 3880 2348 3949 ληφὼς
2405 3880 2687 3950 συνεργὸν,
2731 3879 2829 3949 τὴν
2895 3881 3230 3950 Πουλχερίαν
3284 3883 3384 3949 τῆς
3431 3884 3543 3936 τῶν
3592 3901 3735 3954 πρα-

2161 3973 2388 4043 γμάτων
2451 3974 2798 4042 μετενεγκεῖν
2824 3971 3160 4041 διοικήσεως.
3225 3973 3397 4043 Καὶή
3449 3975 3569 4043 μὲν,
3619 3977 3732 4030 τῶν

2163 4064 2481 4134 ἀνακτόρων
2537 4063 2982 4132 ὑποχωρήσασα,
3043 4061 3164 4116 καθ’
3205 4064 3406 4130 ἑαυτὴν
3459 4065 3578 4135 ἔζη,
3635 4070 3730 4120 καὶ

2161 4157 2218 4208 ἐν
2260 4154 2336 4223 τῷ
2391 4152 2634 4223 Ἑϐδόμῳ
2661 4153 2770 4224 (89)
2803 4153 3088 4223 ἡσύχαζεν.
3160 4151 3216 4208 '0
3243 4154 3298 4208 δὲ
3349 4155 3624 4226 βασιλεὺς,
3653 4162 3734 4220 εἰς

2160 4245 2353 4298 ἐαυτὸν
2413 4243 2512 4315 (ιψέ
2562 4245 2655 4297 καὶ
2693 4243 2845 4314 μόλις
2894 4243 3088 4310 ἐλθὼν,
3135 4245 3230 4298 καὶ
3280 4247 3380 4316 τὴν
3437 4249 3579 4302 κατά
3634 4250 3727 4303 τοῦ

2165 4341 2439 4409 μακαρίου
2503 4336 2807 4390 Φλαϐιανοῦ
2875 4337 3190 4407 μιαιφονίαν
3244 4339 3727 4410 ἀναλογισάμενος,

487 4408 614 4463 dem
670 4411 1075 4465 inconsiderate
1134 4411 1487 4467 subscribere
1531 4411 1842 4468 dicebatur.
1901 4414 2058 4481 Quod

2163 4430 2258 4482 καὶ
2305 4408 2374 4482 τὰ
2425 4430 2566 4483 κατὰ
2607 4429 2706 4501 τὴν
2752 4429 3108 4500 Πουλχερίαν,
3144 4430 3240 4483 καὶ
3283 4431 3510 4485 πάντων
3548 4408 3730 4487 Ϋαῐτιον

490 4517 558 4554 ne
617 4501 863 4566 faceret,
918 4512 1085 4572 utque
1153 4503 1463 4557 litterarum
1533 4506 1861 4560 sententiam
1922 4522 2057 4562 con-

491 4591 784 4658 sideraret,
844 4592 913 4646 ab
965 4593 1054 4646 illa
1094 4593 1431 4662 admonitus,
1483 4596 1813 4663 aﬁirmabat,
1864 4612 1895 4652 a
1948 4614 2052 4653 ne-

497 4686 644 4738 mine
678 4686 818 4738 strui
851 4685 960 4740 sibi
991 4685 1264 4752 fraudem,
1303 4697 1358 4742 et
1397 4688 1543 4744 scire
1581 4705 1640 4744 se
1687 4691 1820 4758 quid
1861 4691 2059 4746 littera:

487 4777 853 4832 continerent.
885 4777 1066 4844 Quare
1113 4780 1203 4832 illa
1243 4780 1309 4833 ad
1347 4781 1657 4835 socordiam
1690 4781 1876 4837 fratris
1903 4799 2060 4838 coar-

485 4867 761 4938 guendam
813 4868 1126 4939 hujusmodi
1172 4880 1485 4926 commento
1540 4887 1635 4926 usa
1683 4882 1786 4928 est.
1825 4873 2059 4931 Nomine

497 4961 652 5016 illius
705 4963 1072 5033 syngrapham
1135 4965 1441 5034 componit,
1487 4981 1596 5034 qua
1641 4966 1746 5021 sibi
1810 4967 2060 5034 Eudoxia

486 5052 730 5122 Augusta
779 5057 1130 5120 venderetur,
1181 5072 1382 5128 eaque,
1431 5061 1545 5113 ceu
1597 5059 1743 5114 aliud
1795 5063 2055 5131 quiddam

485 5155 650 5211 esset,
675 5150 1208 5218 imperatoripblata,
1229 5149 1394 5204 eﬂicit
1413 5160 1474 5204 ut
1493 5150 1824 5207 subscribat.
1848 5155 2056 5210 Deinde

2162 4520 2254 4572 τὸν
2311 4517 2537 4589 βέϐηλον
2585 4520 2793 4572 ἐκεῖνον
2845 4520 3100 4590 εὐνοῦχον
3142 4521 3340 4590 εὑρὼν,
3391 4524 3473 4585 είς
3524 4523 3732 4578 δίκαιον

2164 4607 2286 4663 κατ’
2325 4609 2492 4663 αὐτοῦ
2532 4611 2761 4663 κινεῖται
2794 4608 2986 4675 θυμὸν,
3016 4610 3110 4664 καὶ
3148 4611 3243 4664 τοῦ
3278 4613 3379 4682 μὲν
3434 4615 3733 4685 ὑπερορίαν

2164 4698 2606 4768 καταψηφίζεται
2647 4699 2782 4770 (90),
2814 4700 2910 4752 καὶ
2946 4700 3173 4771 δημεύει
3199 4703 3300 4772 τὴν
3321 4705 3510 4758 οὐσίαν
3539 4707 3730 4770 αὐτοῦ,

2161 4788 2261 4858 τὴν
2284 4787 2342 4839 δέ
2387 4786 2626 4858 ἀδελφὴν
2673 4787 3182 4860 μετακαλεσάμενος
3236 4794 3569 4864 συγγνώμην
3612 4797 3732 4869 ᾔτει

2159 4880 2255 4932 καὶ
2304 4879 2402 4948 τὴν
2456 4879 2567 4934 τῶν
2632 4881 2976 4951 πραγμάτων
3049 4883 3316 4949 διοίκησιν
3373 4885 3530 4951 αὖθις
3585 4892 3728 4959 αὐτῇ

2157 4970 2507 5041 ἐνεχείρισεν.
2550 4969 2662 5026 Ἦν
2708 4971 2765 5024 δὲ
2811 4974 2844 5041 ή
2887 4972 3188 5046 ΙΙουλχερία
3222 4979 3589 5047 συνετωτάτη,
3633 4981 3728 5032 καὶ

2159 5063 2330 5114 πολλὰ
2388 5062 2500 5116 τῶν
2556 5062 2989 5133 ἐλαττωμάτων.
3026 5065 3121 5117 τοῦ
3175 5065 3437 5134 ἀδελφοῦ,
3505 5071 3575 5123 τά
3628 5071 3728 5140 μὲν

2161 5153 2503 5225 ἐπηνώρθου,
2521 5155 2589 5209 τὰ
2609 5154 2664 5208 δὲ
2689 5156 3081 5209 συνεκάλυπτε.
3105 5159 3336 5226 Λέγεται
3361 5159 3488 5227 γοῦν
3519 5162 3725 5232 ἀπροσ-

1679 5287 1878 5349 Variae
1909 5288 2218 5350 lectiones
2241 5295 2302 5350 et
2339 5294 2528 5349 notae.

563 5399 675 5472 (87)
701 5406 1194 5480 Μετήλλᾳξεγτὴν
1210 5409 1382 5478 (mir.
1405 5410 1692 5480 Evagrius,
1713 5413 2056 5470 Marcellinus

489 5483 814 5551 COIIIe_s,ﬂelt'.
841 5477 1158 5551 _b'._ltflav'ia|ii
1187 5477 1328 5532 Patr.
1361 5477 1836 5551 Constantinopol.
1855 5484 2053 5538 festum

492 5548 656 5612 agunt
689 5541 863 5595 Graeci
900 5547 964 5598 l6
996 5547 1155 5599 l-‘ehr.
1189 5559 1247 5600 ut
1277 5559 1364 5604 est
1399 5550 1452 5602 in
1477 5553 1712 5604 Menaeis.

565 5611 678 5692 (ξιξ)
729 5613 1094 5692 ςφνηατόλιος.
1137 5617 1305 5689 Cujus
1330 5621 1650 5675 memoriam
1680 5634 1844 5692 agunt
1882 5621 2054 5678 Graeci

488 5679 524 5732 5
541 5679 691 5733 Julii.
727 5681 948 5737 hiemen.

2184 5484 2194 5494 .
2233 5415 2343 5484 (89)
2387 5415 2491 5466 Ἐν
2520 5412 2598 5479 τῷ
2637 5415 2917 5487 Ἑϐδόμῳ.
2948 5420 3026 5476 ita
3052 5421 3212 5478 etiam
3243 5422 3538 5492 Nieephor.
3582 5425 3719 5484 Call.

2161 5483 2254 5537 ltb.
2289 5500 2396 5538 xw.
2429 5499 2550 5538 eat).
2587 5485 2676 5538 47.

2234 5500 2868 5627 (θόῗὶίὲἒεᾷνῖγξιζεται.
2923 5559 3269 5616 Marcellinus
3310 5578 3516 5627 comes,
3544 5565 3722 5622 Victor

2163 5623 2570 5705 Tllll‘lllllle‘llsisi,
2603 5627 2910 5705 (ΔίυςοῃίεοηΣ
2940 5632 3256 5705 Αίελειηιάνη
3277 5623 3598 5705 Τίιοορίιεη.
3631 5652 3718 5693 an.

2162 5692 2232 5747 42
2258 5691 2572 5762 Theodosii,
2599 5703 2656 5750 et
2689 5698 2710 5750 ί
2746 5697 3023 5753 Marciani.
