4034 6244
316 436 447 503 1201

1539 439 1941 505 ANNALiUM
1985 440 2130 500 LIB.
2177 438 2347 499 ΧΙῙΙ·

3423 436 3566 505 120?.

313 553 410 609 καὶ
436 552 486 606 οί
518 550 719 624 χάρται
768 552 846 624 τῷ
872 554 1058 626 στήθει
1082 555 1181 626 τῆς
1208 555 1489 628 μάρτυρος
1518 556 1883 623 ἐπιτίθενται,

1987 554 2166 619 ninnt,
2223 555 2553 624 imperatore
2598 552 2711 626 ΑΘ
2769 553 2933 610 etiam
3007 562 3297 625 praesente,
3372 567 3566 625 aperto

310 649 407 701 καὶ
452 648 480 699 6
511 645 659 710 λίθος
709 646 866 712 αὖθις
913 652 979 721 τῇ
1036 649 1270 720 λάρνακι
1321 651 1728 721 ἑπενήνεκται,
1790 652 1886 706 καὶ

310 736 677 808 σφραγίζεται
723 737 817 794 ὑπ’
849 740 1052 809 ἀμφοῖν
1080 744 1191 793 τοῖν
1216 744 1422 811 μεροῖν.
1451 740 1524 794 Τδ
1560 741 1603 795 δ’
1633 740 1886 796 ἐντεῦθεν

310 832 516 885 ἱκεσίαι
579 833 715 901 πρὸς
743 832 833 885 τὸν
860 832 994 888 Θεὸν
1028 834 1121 886 καὶ
1166 834 1382 905 δεήσεις
1408 834 1719 904 παννύχιοι,
1752 834 1886 886 ἁπο-

308 921 550 991 καλύψαι
593 922 679 986 τίς
739 923 889 994 αύτῷ
927 924 1038 979 τῶν
1075 925 1249 990 δοξῶν
1304 925 1643 997 καταθύμιος
1674 926 1769 979 καὶ
1800 925 1885 988 τίς

317 1014 642 1086 ἀποϐλητέα
662 1015 831 1069 δοκεῖ.
868 1017 978 1070 Καὶ
1036 1018 1178 1085 μετὰ
1232 1019 1425 1088 τρίτην
1455 1018 1672 1088 ἡμέραν
1703 1017 1888 1089 συνέρ-

305 1123 518 1179 xeunt,
573 1107 708 1179 μηδὲ
766 1108 861 1162 τοῦ
916 1108 1186 1179 βασιλέως
1252 1110 1676 1180 ἀπολειφθέντος
1710 1153 1726 1177 ,
1792 1110 1885 1169 καὶ

305 1199 622 1270 ἁνοιγείσης
679 1200 778 1269 τῆς
818 1199 1091 1271 λάρνακος
1124 1240 1142 1268 ,
1210 1202 1321 1256 τῶν
1379 1201 1697 1273 Θαυμασίων
1742 1220 1836 1255 σου
1866 1242 1884 1269 ,

246 1286 251 1291 ’
307 1291 503 1360 Κύριε,
558 1292 760 1362 εὑρέθη
787 1294 814 1346 6
848 1293 947 1363 μὲν
990 1292 1100 1347 τῶν
1140 1294 1436 1365 αίρετικῶν
1484 1296 1649 1367 τόμος
1689 1296 1745 1348 ἐν
1771 1298 1885 1360 τοῖς

305 1385 440 1437 ποσὶ
490 1384 589 1454 τῆς
659 1385 938 1458 μάρτυρος
1001 1387 1259 1459 κείμενος
1295 1428 1312 1454 ,
1359 1389 1388 1440 6
1422 1388 1479 1441 δέ
1506 1404 1568 1456 γε
1601 1387 1789 1451 λοιπὸς
1816 1390 1884 1460 τῇ

302 1475 455 1546 δεξιᾷ
486 1476 691 1546 ταύτης
719 1478 863 1548 χειρὶ
894 1480 1281 1551 κατεχόμενος,
1307 1481 1373 1554 ἢν
1405 1482 1642 1535 ἐκτεῖναι
1667 1482 1885 1549 λέγεται

305 1568 445 1637 πρὸς
491 1566 585 1621 τὸν
640 1568 870 1640 βασιλέα
917 1571 1011 1625 καὶ
1068 1571 1160 1625 τὸν
1214 1572 1566 1643 πατριάρχην
1598 1574 1686 1627 τὸν
1720 1576 1886 1643 τόμον

304 1661 495 1724 αὐτοῖς
548 1661 957 1732 ἐγχειρίζουσα.
1008 1664 1074 1718 Oi
1109 1664 1210 1732 μὲν
1252 1659 1347 1719 οὖν
1397 1666 1457 1719 τὸ
1509 1664 1669 1735 ὀρθὸν
1753 1682 1888 1737 πρε-

302 1750 598 1816 σϐεύοντες
656 1754 835 1823 δόγμα
890 1749 1033 1826 ἦσαν
1084 1758 1145 1809 ὲν
1192 1757 1516 1827 κρότοις,οί
1569 1757 1628 1811 δὲ
1673 1757 1885 1824 τούτοις

300 1841 746 1913 ἑτερογνώμονες
767 1843 1147 1914 κατηφιῶντες
1165 1844 1259 1898 καὶ
1284 1844 1473 1909 σκότος
1504 1846 1599 1899 ὑπ’
1622 1845 1885 1917 αἰσχύνης

301 1932 697 2003 περιχυθέντες
746 1934 1090 2004 ἀπήλθοσανο
1160 1937 1308 2001 τινὲς
1336 1936 1384 1991 δ’
1427 1939 1493 1992 ὲκ
1551 1938 1882 1994 τούτωνκαὶ

301 2024 444 2093 πρὸς
487 2024 548 2077 τὸ
600 2025 884 2097 ὀρθόδοξον
944 2027 1328 2099 μετεϐάλοντο.
1395 2031 1553 2085 Κατὰ
1610 2032 1703 2085 τὸν
1761 2033 1881 2086 τότε

304 2116 507 2187 χρόνον
541 2117 634 2170 καὶ
687 2118 721 2188 ἡ
758 2117 975 2188 βασιλὶς
1023 2121 1329 2193 Πούλχερία
1375 2123 1600 2192 θνήσκει
1643 2125 1883 2191 εὐσεϐῶς

298 2223 365 2262 τε
415 2211 510 2263 καὶ
549 2209 811 2275 εὐκλεῶς,
857 2213 952 2264 καὶ
997 2212 1085 2266 ἐπ’
1120 2212 1309 2267 ἐλπίσι
1358 2217 1647 2287 χρησταῖς.
1699 2217 1885 2271 Πάντα

300 2303 416 2372 γὰρ
462 2301 553 2354 τὸν
594 2302 826 2356 πλοῦτον
877 2304 1050 2372 αὐτῆς
1087 2304 1327 2376 διένειμε
1378 2307 1599 2376 πένησι,
1667 2312 1763 2362 καὶ
1805 2307 1884 2378 τῷ

299 2392 440 2462 πρὸς
463 2392 688 2458 τούτους
735 2395 871 2464 ἐλέῳ
932 2395 1023 2450 τὶν
1056 2395 1149 2450 τοῦ
1204 2397 1340 2452 Θεοῦ
1404 2399 1675 2469 ἐκτήσατο
1710 2399 1881 2455 ἔλεον.

300 2484 753 2549 θύαλεντινιανὸς
775 2486 830 2539 δὲ
855 2489 882 2540 ό
907 2486 1126 2557 ἀνεψιὸς
1192 2489 1478 2560 Ὀνωρίου,
1534 2485 1596 2544 οὗ
1635 2493 1748 2546 ἄνω
1779 2511 1882 2548 που

301 2576 859 2648 ιπεμνήσθημεν,ὡς
917 2580 981 2633 ὲκ
1031 2580 1132 2648 τῆς
1165 2580 1406 2651 ἀδελφῆς
1464 2582 1631 2638 αὑτοῦ
1690 2601 1884 2654 γεννη-

301 2669 491 2732 θέντος
528 2668 630 2738 τῆς
656 2669 969 2736 Πλακιδίας,
1006 2670 1313 2741 βασιλεύων
1342 2676 1397 2726 ὲν
1423 2677 1492 2746 τῇ
1521 2675 1882 2749 πρεσόυτέρᾳ

315 2759 530 2832 Ῥώμῃ,
562 2759 757 2828 ἄγεται
813 2763 895 2827 είς
960 2765 1196 2832 γυναῖκα
1263 2765 1524 2830 Εύδοξίαν
1575 2767 1674 2838 τὴν
1720 2770 1885 2822 παῖδα

300 2850 402 2902 τοῦ
440 2851 562 2905 νέου
623 2852 928 2908 Θεοδοσίου.
997 2855 1497 2927 Ἐκδεδιῃτημένως
1543 2859 1599 2912 δὲ
1636 2858 1884 2930 βιώσκων

301 2941 404 2993 καὶ
458 2941 724 3009 ἀσελγῶς,
758 2945 857 3014 τὴν
915 2945 1016 3014 μὲν
1042 2946 1253 3000 οἰκείαν
1282 2948 1531 3020 γαμετὴν
1561 2950 1671 3013 εἴα,
1703 2950 1883 3004 καίτοι

302 3029 539 3096 κᾶλλους
579 3028 638 3087 εὖ
679 3033 934 3104 ἔχουσαν,
987 3033 1296 3107 ἀλλοτρίαις
1336 3036 1395 3090 δὲ
1462 3038 1878 3109 συνεφθείρετο·

302 3121 576 3193 ἐκέχρητο
620 3123 679 3177 ὁὶ
722 3124 818 3177 καὶ
869 3125 1156 3194 μαντείαις
1219 3126 1316 3179 καὶ
1368 3127 1673 3197 γοητείαις.
1725 3128 1884 3183 Οὕτω

1986 649 2192 709 loculo,
2224 663 2257 701 ο
2287 663 2399 702 rem
2429 648 2620 702 miram
2645 649 2658 702 1
2695 647 2918 706 libellus
2947 648 3332 704 haereticorum
3362 649 3430 704 ad
3471 666 3566 720 pe-

1986 740 2084 794 des
2120 740 2378 813 martyris
2411 740 2714 805 invenitur,
2743 741 2883 796 alter
2915 741 2969 796 in
3003 757 3166 796 manu
3201 741 3319 813 ejus
3349 740 3563 808 dextra,

1988 845 2153 899 quam
2183 831 2495 885 extendisse
2528 830 2705 885 fertur
2734 830 2800 885 ad
2838 831 3224 900 imperatorem
3254 843 3308 885 et
3336 833 3568 901 patriar-

1988 922 2172 985 cbam,
2217 939 2282 977 ac
2336 922 2583 978 libellum
2643 924 2727 978 eis
2777 925 3113 993 porrexisse.
3160 924 3349 993 Itaque
3404 932 3566 979 rectae

1986 1016 2272 1070 sententia:
2339 1027 2649 1070 assertores
2714 1015 3008 1085 plaudere,
3072 1016 3375 1070 alversarii
3433 1030 3605 1075 vero

1986 1106 2243 1163 demissis
2273 1107 2521 1162 vultibus
2543 1116 2598 1161 et
2623 1124 2731 1178 prrc
2756 1107 2965 1177 pudore
2992 1107 3358 1177 caligantibus
3382 1107 3559 1172 abire,

1985 1198 2207 1269 quidam
2260 1199 2426 1253 etiam
2487 1214 2672 1254 veram
2742 1198 3073 1254 sententiam
3140 1198 3421 1268 amplecti.
3486 1199 3565 1254 Eo

1987 1294 2234 1355 tempore
2270 1286 2561 1341 Pulcheria
2598 1286 2919 1356 impcratrix
2950 1285 3059 1355 pie,
3089 1285 3325 1356 gloriose
3354 1295 3561 1344 etcum

1985 1395 2080 1450 spe
2110 1379 2252 1433 bona
2282 1379 2537 1443 moritur,
2569 1391 2761 1432 omnes
2790 1392 2919 1433 suas
2963 1392 3097 1447 opes
3131 1376 3387 1447 dilargita
3428 1390 3564 1446 pan-

1986 1472 2240 1542 pcribus.
2276 1482 2333 1528 et
2371 1470 2749 1527 misericordia
2782 1485 2913 1541 erga
2953 1470 3075 1526 illos
3120 1468 3307 1526 divina
3351 1454 3583 1524 miseri?

1985 1564 2173 1621 cordia
2207 1563 2510 1635 redempta.
2542 1561 2965 1619 Valentinianus
2995 1577 3148 1627 vero,
3179 1561 3340 1633 cujus
3397 1554 3561 1630 supra

1985 1656 2165 1713 obiter
2189 1663 2274 1710 est
2309 1652 2452 1711 facta
2482 1654 2721 1719 mentio,
2763 1651 2995 1710 Honorii
3025 1670 3056 1709 e
3091 1669 3281 1709 sorore
3322 1651 3561 1708 Placidia

1986 1762 2178 1816 nepos,
2216 1746 2401 1801 Romae
2440 1747 2645 1800 veteris
2676 1747 2997 1816 imperator,
3048 1744 3347 1801 Eudoxiam
3374 1742 3564 1821 junio-

1988 1838 2064 1895 ris
2091 1837 2387 1894 Theodosii
2424 1837 2590 1892 ﬁliam
2623 1853 2853 1893 uxorem
2889 1835 3063 1892 ducit.
3100 1835 3207 1892 Sed
3248 1835 3412 1890 homo
3437 1835 3562 1891 vita:

1985 1929 2270 1986 insolentis
2320 1938 2376 1986 et
2405 1930 2689 2001 ﬂagitiosa:
2710 1970 2724 1992 .
2757 1930 2963 1985 omissa
2991 1929 3225 1999 conjuge
3247 1969 3262 1993 ,
3309 1926 3562 1997 quamvis

1984 2024 2216 2095 eleganti
2251 2023 2450 2086 forma,
2478 2022 2535 2078 in
2562 2023 2771 2093 stupris
2798 2031 2854 2076 et
2874 2021 3163 2076 adulteriis
3183 2019 3559 2080 volutabatur,

1984 2116 2422 2172 divinationibus
2486 2117 2655 2171 etiam
2723 2123 2781 2171 et
2839 2114 3130 2186 praestigiis
3188 2112 3426 2167 deditus.
3491 2111 3564 2166 Ut

1983 2207 2150 2279 igitur
2188 2206 2354 2262 vitam
2385 2207 2582 2278 agebat
2617 2206 2911 2273 nefariam,
2934 2207 3009 2260 ita
3035 2203 3408 2259 miserabilem
3441 2217 3564 2261 sor-

1986 2298 2121 2354 titus
2146 2307 2229 2354 est
2276 2300 2584 2354 interitum.
2618 2299 2885 2354 Maximus
2935 2298 3106 2359 enim,
3144 2295 3408 2364 patricius
3426 2294 3540 2349 Ro-

1986 2406 2207 2455 manus,
2259 2406 2327 2446 ex
2372 2391 2520 2446 illius
2557 2391 2777 2455 Maximi
2813 2389 3018 2445 familia
3063 2402 3228 2458 quem
3272 2385 3560 2458 tyrannide

1983 2492 2249 2556 occupata
2289 2500 2520 2557 magnus
2545 2482 2895 2538 Theodosius
2924 2480 3260 2544 debellarat,
3299 2477 3559 2549 palatium

1985 2579 2297 2645 ingressus,
2347 2577 2794 2634 Valentinianum
2855 2564 3457 2645 perimitTEudoxiam
3506 2569 3558 2623 vi

1985 2677 2219 2736 stuprat.
2254 2668 2544 2737 imperium
2584 2665 2815 2721 invadit.
2849 2664 2918 2720 At
2954 2665 3064 2729 illa,
3094 2661 3374 2717 Tltodosio
3406 2666 3563 2729 patro

1986 2768 2224 2823 mortuo,
2279 2756 2569 2814 Pulcheria
2622 2757 2752 2811 item
2814 2754 3107 2818 defuncta,
3160 2767 3283 2827 cum
3347 2750 3560 2805 nullum

1985 2850 2155 2905 alium
2225 2850 2443 2921 injurire
2497 2847 2776 2903 vindicem
2827 2855 3114 2916 speraret,
3154 2861 3185 2899 a
3219 2841 3561 2900 Gensericho

1988 2943 2360 2998 Vandalorum
2393 2957 2519 3013 rege
2549 2940 2807 3012 precibus
2841 2939 3132 3007 impetrat.
3183 2946 3243 2991 ut
3287 2950 3384 3004 per
3429 2948 3556 2989 eum

1985 3052 2016 3091 a
2046 3037 2263 3092 Maximi
2292 3034 2580 3107 tyrannide
2608 3033 2896 3088 liberetur.
2939 3030 2990 3086 Is
3018 3029 3186 3101 igitur
3222 3043 3345 3083 cum
3383 3027 3560 3082 classe

1985 3136 2042 3183 et
2067 3128 2242 3198 cepiis
2269 3126 2481 3200 magnis
2511 3125 2743 3181 Romam
2770 3123 2943 3188 venit,
2975 3121 3233 3183 Maximo,
3270 3134 3394 3175 cum
3432 3117 3560 3173 inde
3642 3111 3646 3115 ⁴

300 3211 364 3265 δὲ
426 3213 674 3283 βιώσκων
737 3214 839 3268 οὐκ
892 3214 1129 3283 εύαγῶς,
1201 3217 1539 3271 ἀποσιώσκει
1601 3220 1879 3284 ἐλεεινῶς.

1985 3219 2352 3291 profugisset,
2384 3234 2415 3272 a
2447 3218 2563 3273 suis
2589 3217 2795 3279 occiso,
2826 3215 2967 3270 urbe
2998 3215 3138 3269 citra
3184 3212 3427 3269 laborem
3454 3227 3559 3283 po-

300 3302 559 3373 Μάξιμος
586 3304 696 3374 γὰρ
732 3299 814 3367 εἷς
843 3303 954 3359 τῶν
985 3307 1043 3358 ἐν
1065 3306 1130 3376 τῇ
1163 3304 1350 3378 Ῥώμῃ
1368 3306 1698 3378 πατρικίων,
1719 3306 1882 3375 ἔγγο-

301 3409 396 3456 νος
415 3394 471 3447 δὲ
488 3395 582 3448 τοῦ
606 3395 774 3449 πάλαι
797 3399 1235 3467 τυραννήσαντος
1264 3398 1543 3468 Μαξίμου,
1571 3397 1631 3451 ὃν
1654 3400 1681 3451 6
1706 3398 1881 3468 μέγας

301 3486 727 3558 κατεπολέμησε
793 3487 1074 3550 Θεοδόσιος
1105 3526 1122 3551 ,
1181 3489 1334 3543 ἔνδον
1402 3489 1512 3542 τῶν
1589 3489 1882 3560 βασιλείων

301 3578 602 3648 γενόμενος
638 3580 699 3635 ἂν
718 3577 904 3644 αὐτοῖς
930 3580 1024 3633 τὸν
1046 3580 1489 3634 Οὑαλεντινιανῦν
1518 3583 1878 3652 ἀποσφάττει,

299 3670 404 3723 καὶ
434 3672 502 3740 τῇ
539 3669 765 3742 Εύδοξία
802 3669 895 3741 βίᾳ
920 3671 1317 3740 συμμίγνυται,
1348 3672 1442 3725 καὶ
1465 3673 1568 3741 τῆς
1602 3672 1883 3743 βασιλείας

302 3762 601 3831 κρατεί.Ἡ
632 3761 690 3813 δὲ
728 3763 825 3815 τοῦ
859 3764 1067 3833 πατρὸς
1096 3763 1267 3831 αὐτῆς
1291 3763 1572 3817 Θεοδοσίου
1605 3765 1880 3832 θανόντος,

304 3854 406 3906 καὶ
432 3852 535 3921 τῆς
560 3852 897 3923 Πουλχερίας
927 3854 1355 3925 ὲκμετρησάσης
1375 3854 1574 3925 τὸζζῇν,
1601 3854 1883 3926 ἐκδίκησιν

305 3945 586 4016 ἑτέρωθεν
613 3945 688 4017 μὴ
719 3947 1017 4011 ἐλπίζουσα
1045 3945 1207 4000 διαπέ
1216 3948 1572 4018 μπεταιπρὸς
1599 3948 1883 4020 Γιζέριχον

301 4038 421 4091 τῶν
466 4038 790 4106 Ούανδήλων
849 4040 995 4108 ρῆγα
1047 4039 1417 4108 καλούμενον,
1467 4040 1563 4094 καὶ
1610 4040 1712 4111 τῆς
1783 4041 1879 4096 τοῦ

303 4128 564 4198 Μαξίμου
594 4128 910 4199 τυραννίδος
937 4131 1003 4185 δι’
1050 4129 1218 4184 αὐτοῦ
1277 4131 1665 4203 ἀπαλλαγῆναι
1728 4133 1883 4187 ἐκλι-

304 4221 512 4292 παρετο
557 4222 655 4274 καὶ
684 4220 743 4283 ὃς
777 4221 960 4275 ἔπεισι
992 4224 1058 4292 τῇ
1105 4220 1291 4294 Ῥώμῃ
1337 4222 1435 4276 σὺν
1469 4223 1546 4291 τῷ
1577 4225 1750 4295 στόλῳ
1786 4227 1882 4279 καὶ

302 4314 537 4383 δυνάμει
596 4314 789 4384 πολλῇ.
829 4314 889 4368 '0
916 4314 972 4368 δὲ
1005 4313 1259 4384 Μάξιμος
1299 4314 1509 4385 ἀπέδρα
1534 4315 1757 4385 ταύτης,
1787 4318 1882 4370 καὶ

304 4398 582 4452 κτείνεται
622 4400 777 4469 παρὰ
825 4399 937 4454 τῶν
985 4400 1255 4454 συνόντων
1288 4401 1457 4471 αὐτῷ.
1491 4402 1552 4455 ’0
1575 4402 1632 4456 δὲ
1666 4403 1884 4475 Γιζέρι-

1984 3311 2141 3373 titur,
2199 3320 2255 3365 et
2297 3325 2490 3365 omnes
2533 3310 2656 3380 ejus
2707 3307 2966 3370 divitias,
3018 3320 3300 3361 sacrarum
3354 3304 3555 3360 aedium

1983 3418 2148 3458 aurea
2185 3402 2415 3458 donaria
2443 3411 2500 3456 et
2559 3401 2792 3473 gemmis
2825 3409 3041 3463 ornata,
3082 3397 3347 3453 nonnulla
3391 3397 3557 3455 etiam

1982 3511 2112 3551 vasa
2142 3512 2173 3551 e
2211 3495 2417 3565 templo
2475 3492 2974 3563 Hierosolymitano
3019 3507 3048 3544 a
3091 3489 3217 3543 Tito
3246 3488 3433 3549 allata,
3462 3503 3560 3541 au-

1983 3600 2076 3639 rea
2132 3593 2188 3639 et
2237 3583 2374 3653 ipsa,
2443 3597 2548 3636 una
2598 3596 2722 3636 cum
2774 3579 3018 3634 Eudoxia
3069 3587 3125 3630 et
3175 3575 3391 3629 duabus
3427 3575 3549 3640 ejus

1985 3675 2204 3728 ﬁliabus
2242 3673 2297 3727 in
2338 3670 2581 3726 Africam
2628 3684 2816 3725 secum
2867 3675 3132 3737 asportat.
3174 3665 3345 3736 Cujus
3391 3663 3555 3727 tiliam

1983 3766 2284 3822 Endociam
2317 3771 2450 3819 natu
2484 3761 2680 3832 majori
2719 3760 2829 3815 tilio
2857 3757 3175 3814 llonoriclio
3216 3755 3399 3826 jungit
3429 3772 3443 3809 :
3475 3755 3558 3809 al-

1984 3865 2180 3918 teram,
2209 3856 2338 3926 quia
2381 3853 2608 3925 Olybrio
2657 3850 2891 3921 patricio
2923 3849 3251 3918 desponsam
3306 3853 3555 3906 noverat,

1983 3964 2106 4004 cum
2139 3958 2315 4002 matre
2346 3954 2619 4002 asservat.
2644 3942 2776 4010 Quae
2810 3957 2934 3997 cum
2968 3940 3251 3995 biennium
3296 3937 3368 3991 ibi
3415 3937 3559 4007 egis-

1983 4048 2087 4103 set,
2123 4053 2248 4094 cum
2291 4036 2401 4091 tilia
2430 4035 2695 4098 Placidia,
2729 4040 2997 4102 regnante
3022 4030 3205 4085 adhuc
3262 4029 3558 4091 Marciano,

1982 4130 2303 4202 Byzantium
2349 4126 2684 4188 revertitur,
2718 4122 2908 4176 relicta
2936 4120 3044 4175 tilia
3098 4119 3337 4175 Eudocia
3365 4157 3380 4181 ,
3412 4134 3556 4187 quat.

1983 4221 2234 4292 quamvis
2289 4232 2467 4274 annos
2506 4232 2593 4270 xvi
2640 4230 2768 4270 cum
2809 4213 3009 4268 marito
3060 4212 3332 4275 vixisset,
3371 4210 3559 4282 genito

1985 4312 2302 4370 Hildericlio
2365 4309 2520 4372 tilio,
2581 4317 2765 4363 tamen
2817 4306 2940 4376 ejus
2984 4301 3439 4358 consuetudinem
3485 4300 3559 4355 ob

1982 4405 2350 4461 Arianismum
2381 4414 2524 4470 aegre
2552 4400 2766 4461 ferens,
2799 4405 2960 4451 nacta
2989 4392 3452 4463 opportunitatem
3503 4398 3561 4445 et

304 4504 404 4559 χος
436 4486 515 4560 (7)
554 4489 774 4552 ἀπόνως
793 4490 895 4558 τῆς
912 4488 1133 4560 Ῥώμης
1164 4494 1377 4562 κρατεῖ.
1400 4492 1497 4546 καὶ
1530 4492 1625 4544 τὸν
1647 4493 1881 4549 πλοῦτον

1985 4497 2101 4567 ipsa
2134 4490 2676 4560 Constantinopolim
2711 4487 2955 4551 secedit,
2988 4496 3162 4541 matre
3196 4485 3308 4556 jam
3357 4483 3558 4540 defun-

306 4578 480 4648 αὐτῆς
510 4581 983 4651 συγκομισάμενος
1039 4579 1281 4643 ἅπαντα,
1335 4584 1430 4635 καὶ
1464 4583 1534 4634 τὰ
1576 4582 1687 4636 τῶν
1714 4585 1876 4639 θείων

1987 4566 2094 4644 cta.
2121 4583 2253 4640 inde
2290 4578 2663 4654 Hierosolyma
2688 4578 2799 4651 49
2823 4579 3092 4649 profecta,
3118 4576 3375 4630 moritur.
3408 4573 3562 4630 Obiit

304 4669 452 4724 ναῶν
484 4670 816 4741 ἀναθήματα
848 4673 913 4724 ὲκ
951 4671 1151 4744 χρυσοῦ
1198 4673 1550 4744 πεποιημένα
1582 4675 1678 4729 καὶ
1703 4677 1877 4744 λίθοις

305 4760 692 4832 κοσμούμενα,
730 4762 824 4817 καί
849 4779 976 4817 τινα
1006 4764 1116 4817 τῶν
1140 4763 1293 4835 παρὰ
1344 4765 1508 4819 Τίτου
1543 4771 1876 4838 κοσμισθέν-

303 4871 419 4907 των
447 4853 507 4919 ἐξ
542 4853 935 4925 Ἱεροσολύμων
960 4856 1170 4909 σκευῶν
1205 4856 1300 4909 τοῦ
1334 4858 1519 4912 ἐκεῖσε
1570 4860 1722 4928 ναοῦ,
1765 4863 1881 4933 σίρ-

306 4944 566 5015 γασμένα
617 4946 712 4998 καὶ
775 4945 918 4998 αὐτὶ
946 4946 1011 4997 ἐκ
1039 4943 1271 5014 χρυσοῦ,
1305 4944 1487 4999 λαϐὼν
1621 4950 1714 5003 καὶ
1780 4951 1884 5021 τὴν

306 5037 568 5101 Εὐδοξίαν
602 5038 700 5090 σὺν
724 5039 843 5100 ταῖς
870 5037 965 5090 δύο
996 5035 1330 5108 θυγατράσιν
1357 5020 1541 5110 αὐτῆς.
1578 5020 1884 5113 ἐπανῆλθεν

306 5129 696 5197 είςἈφρικήν.
725 5128 835 5182 Καὶ
855 5126 953 5199 τὴν
984 5127 1083 5197 μὲν
1109 5127 1220 5180 τῶν
1235 5128 1556 5199 θυγατέρων
1583 5131 1755 5203 αὐτῆς
1783 5134 1885 5203 τὴν

308 5220 668 5291 Εύδοκίαντῷ
698 5219 1056 5292 πρεσϐυτέρῳ
1079 5218 1189 5272 τῶν
1219 5220 1439 5273 οἰκείων
1464 5221 1600 5275 υἱῶν
1617 5223 1883 5296 Ὀνορίχῳ

312 5311 628 5379 συνέζευξε,
668 5312 845 5382 τὴνδέ
890 5329 955 5382 γε
1008 5312 1206 5383 λοιπὴν
1241 5311 1430 5382 μαθὼν
1460 5314 1618 5385 ἀνδρὶ
1675 5333 1885 5387 κατηγο

307 5403 552 5474 γυῆσθαι
594 5403 675 5473 τῷ
732 5404 1009 5474 πατρικίῳ
1063 5401 1371 5474 Ὀλυϐρίῳ,
1431 5405 1619 5476 ἐτήρει
1668 5406 1764 5460 σὺν
1816 5409 1884 5478 τῇ

313 5497 482 5568 μητρὶ
525 5496 774 5568 Εὑδοξίᾳ,
817 5496 947 5550 ἔνθα
1008 5495 1102 5549 δύο
1151 5494 1491 5564 διαγαγοῦσα
1546 5498 1883 5569 ἂνιαυτοὺςή

308 5588 525 5660 βασιλὶς
577 5589 804 5654 Εὐδοξία
860 5587 1167 5658 ἐπανῆλθεν
1198 5589 1281 5652 είς
1307 5587 1369 5643 τὺ
1400 5589 1697 5653 Βυζάντιον
1741 5591 1882 5660 μετὰ

1987 4689 2044 4735 et
2091 4676 2422 4748 Marcianus,
2459 4689 2586 4730 cum
2616 4687 2793 4728 annos
2843 4687 2940 4726 sex
2984 4679 3041 4726 et
3079 4668 3292 4738 aliquot
3343 4681 3561 4722 menses

1988 4771 2343 4840 imperasset,
2383 4767 2501 4822 sive
2539 4781 2610 4822 ex
2641 4767 2871 4831 morbo,
2927 4764 3046 4820 sive
3086 4775 3299 4817 veneno
3333 4758 3560 4828 Asparis

1988 4859 2208 4932 patricii
2243 4868 2381 4916 nutu
2420 4860 2572 4921 dato,
2600 4856 2901 4914 admodum
2929 4869 3131 4920 senex,
3184 4854 3269 4904 vir
3302 4849 3422 4904 miti
3474 4849 3559 4903 in-

1984 4951 2146 5023 genio
2180 4958 2237 5007 et
2270 4965 2401 5022 erga
2432 4949 2689 5007 subditos
2728 4947 3007 5019 benignus
3040 4963 3055 5000 :
3085 4945 3274 5000 dicere
3316 4941 3514 4996 solitus
3538 4980 3559 5005 ,

1986 5043 2311 5114 imperatori
2358 5058 2470 5097 non
2501 5041 2769 5113 capienda
2797 5052 2922 5095 esse
2966 5051 3148 5100 arma,
3191 5033 3321 5089 dum
3363 5046 3563 5103 pacem

1987 5148 2149 5206 agere
2181 5134 2395 5189 liceret.
2425 5132 2599 5203 Aspar
2627 5130 2928 5202 patricius,
2962 5126 3068 5182 etsi
3110 5125 3344 5180 multum
3393 5133 3555 5195 pote-

1987 5235 2110 5288 rat,
2141 5241 2248 5281 non
2296 5234 2480 5280 tamen
2519 5226 2821 5295 imperator
2865 5226 3086 5275 creatus
3127 5226 3213 5274 est
3259 5230 3291 5270 a
3351 5215 3561 5286 populo

1984 5317 2639 5388 Constantinopolitano,
2678 5315 2751 5370 ob
2809 5314 3023 5368 Arianae
3071 5318 3235 5366 sectae
3287 5307 3555 5365 studium.

1984 5408 2166 5476 Quare
2203 5409 2321 5479 ipse
2350 5408 2614 5470 Leonem,
2645 5405 2764 5460 sive
2792 5412 2987 5475 suapte
3025 5401 3352 5458 auctoritate
3373 5442 3390 5466 ,
3439 5401 3555 5457 sive

1986 5509 2211 5571 accepta
2240 5517 2270 5555 a
2297 5500 2501 5572 populo
2532 5504 2826 5568 potestate,
2857 5496 3243 5565 imperatorem
3273 5494 3553 5561 declarat,

1986 5592 2304 5663 stipulatus,
2345 5598 2405 5645 ut
2446 5589 2586 5644 alter
2626 5586 2865 5642 ﬁliorum
2896 5601 3124 5643 suorum
3166 5585 3417 5645 Caesarea
3461 5597 3556 5642 co-

1469 5728 1671 5791 Varite
1713 5729 2025 5795 lectiones
2048 5739 2110 5794 et
2153 5739 2341 5796 notae.

383 5854 463 5923 (7)
492 5852 815 5924 Γιζέρικος.
843 5852 948 5920 Qui
981 5851 1274 5922 Geysiricus
1329 5853 1559 5912 Eusebio
1590 5857 1645 5911 in
1698 5854 1995 5924 Chronico,
2030 5857 2340 5913 Gensericus
2370 5854 2585 5913 caeteris
2611 5854 3013 5923 scriptoribus.
