4034 6244
490 370 630 436 1215

1751 365 1883 429 ῙΟΑ
1893 365 2076 427 NNIS
2113 363 2430 426 ZONARJE

3597 368 3731 434 I216

483 487 680 541 lcbrat.
706 484 957 552 Cumque
988 481 1240 551 vectigal.
1273 482 1417 553 quod
1453 481 1884 552 Aurargenteum
1911 481 2060 535 dice-

2167 482 2292 533 όδου
2348 482 2635 551 ὁρισθέντα
2686 482 2914 552 φυλάξει
2954 483 3158 546 πάντα,
3210 484 3394 552 στέφει
3433 483 3617 539 αὐτόν.
3683 487 3748 539 ⁸0

485 580 664 640 batur,
708 577 958 632 subditos
989 587 1286 645 premeret,
1324 575 1374 628 id
1410 590 1628 645 quoque
1653 575 1909 629 abolevit.
1945 573 2059 628 Hu-

482 670 720 740 iusmodi
753 678 936 722 autem
971 667 1103 722 illud
1141 678 1298 723 erat:
1336 683 1530 723 omnes
1581 668 1818 721 mendici
1849 675 1904 720 et
1931 681 2058 735 pauo

483 777 666 832 peres,
722 776 917 816 omnes
967 761 1310 825 meretrices,
1361 775 1554 815 omnes
1602 759 1788 814 liberti
1821 758 1873 812 in
1916 758 2062 828 agris

483 865 539 909 et
567 853 818 913 urbibus.
876 869 1118 908 annuum
1154 852 1287 907 ﬁsco
1323 853 1586 906 tributum
1619 851 1860 920 pendere
1894 865 2061 920 coge-

484 945 707 1009 bantur,
749 945 1079 1014 Exigebatur
1107 944 1374 998 tributum
1422 944 1490 999 de
1526 945 1704 1014 equis,
1739 944 1924 1007 mulis,
1960 942 2059 996 bo-

485 1033 609 1096 bus,
666 1034 836 1088 asinis
870 1043 925 1087 et
956 1034 1231 1088 canibus:
1282 1033 1349 1087 de
1400 1048 1511 1087 uno
1560 1048 1780 1102 quoque
1838 1032 2060 1086 homine

439 1139 747 1178 .nummus
795 1133 1130 1194 argenteus;
1180 1124 1246 1178 de
1295 1138 1460 1193 equo,
1513 1124 1661 1177 mulo
1692 1132 1747 1176 et
1772 1123 1911 1176 bove
1942 1131 2062 1176 tan-

487 1217 731 1272 tumdem
760 1235 774 1283 ;
813 1217 881 1270 de
916 1218 1070 1271 asino
1129 1215 1284 1271 folles
1314 1216 1544 1287 (nummi
1577 1231 1750 1284 genus
1785 1214 1890 1280 est)
1944 1231 2060 1280 sex,

485 1317 542 1362 et
573 1309 639 1362 de
670 1324 805 1363 cane
855 1309 1104 1363 totidem.
1139 1308 1257 1374 Quo
1294 1308 1501 1361 tributo
1555 1306 1728 1361 attriti
1788 1308 2060 1372 homines,

487 1402 693 1471 ubique
726 1401 1192 1456 lamentabantur.
1255 1400 1334 1454 Eo
1367 1401 1532 1470 igitur
1569 1401 1852 1470 abrogato,
1914 1398 2061 1452 Ana-

483 1496 690 1551 atasius
719 1493 1151 1548 commentarios
1182 1491 1304 1546 illos
1329 1492 1383 1546 in
1433 1491 1685 1561 Hippico.
1723 1491 2064 1559 inspectante

485 1586 715 1656 populo.
754 1587 1039 1640 cremavit.
1080 1587 1158 1642 Ac
1188 1587 1242 1640 in
1275 1584 1592 1651 huiusmodi
1634 1585 1801 1638 rebus
1829 1583 2062 1638 honeste

485 1693 544 1732 se
574 1677 764 1747 gessit,
796 1686 851 1732 ct
886 1677 1202 1745 reipublicae
1246 1677 1462 1746 negotia
1501 1690 1669 1744 prope
1715 1674 2064 1728 administra-

485 1768 587 1830 vit,
645 1784 707 1822 ac
751 1773 1103 1839 magistratus
1159 1769 1368 1838 pridem
1429 1768 1651 1822 venales
1701 1767 1821 1820 sine
1885 1767 2062 1834 pretio

487 1861 779 1916 Concessit.
834 1861 937 1915 Sed
970 1861 1036 1914 de
1074 1863 1182 1914 Deo
1215 1877 1320 1914 non
1364 1871 1511 1915 recte
1539 1859 1731 1921 sensit,
1765 1857 2052 1928 Syncbyti-

486 1967 677 2004 eorum
723 1961 926 2006 sectam
965 1961 1209 2014 secutus,
1262 1951 1357 2021 qui
1409 1967 1570 2004 unam
1635 1962 1888 2004 naturam
1935 1959 2056 2018 post

485 2038 717 2091 duarum
763 2038 1045 2102 unionem,
1078 2040 1130 2093 in
1155 2039 1372 2093 Christo
1404 2039 1691 2093 Servatorc
1720 2039 2054 2101 statuebant,

485 2138 540 2180 et.
592 2129 780 2183 multis
821 2131 976 2184 malis
1026 2132 1462 2185 ortbodoxorum
1518 2131 1787 2187 Ecelesias
1849 2131 2054 2197 aﬁecit,

485 2230 614 2286 erga
639 2233 825 2272 earum
853 2221 1139 2289 przel'ectos
1171 2221 1551 2291 implacabilis.
1578 2222 1710 2276 Nam
1737 2230 1792 2275 et
1821 2221 2057 2291 patriar-

485 2307 643 2362 cbam
677 2308 1042 2379 Euphemiam
1070 2314 1232 2382 ejecit
1285 2313 1430 2382 quod
1453 2313 1896 2368 Cbalcedonense
1922 2329 2055 2369 con-

485 2396 671 2449 cilium
736 2400 1084 2455 anathemate
1144 2411 1338 2457 notare
1401 2403 1718 2467 recusabat,
1795 2414 2055 2474 surrepto

487 2486 638 2555 prius
668 2503 766 2558 per
790 2489 976 2546 dolum
1008 2507 1108 2547 suo
1138 2492 1522 2564 chirographo,
1559 2493 1696 2558 sive,
1733 2503 1796 2549 ut
1818 2495 1909 2549 alii
1953 2505 2062 2550 tra-

487 2577 644 2639 dunt,
695 2595 792 2647 per
831 2580 934 2652 55
967 2581 1072 2635 vim
1130 2592 1368 2645 extorto,
1419 2593 1473 2639 et
1517 2601 1892 2641 successorem
1941 2587 2062 2657 ejus

487 2669 888 2737 Macedonium,
925 2675 1104 2728 virum
1128 2685 1403 2742 sanctum,
1438 2678 1506 2731 ab
1539 2677 1658 2747 ipso
1691 2688 1838 2732 stare
1866 2679 2062 2733 nolen-

490 2769 620 2822 tem,
670 2761 932 2817 Euchaita
969 2765 1248 2833 relegavit.
1287 2767 1344 2821 In
1385 2769 1540 2837 cujus
1570 2769 1750 2824 locum
1796 2770 2062 2826 sulfectus

486 2862 573 2907 est
622 2853 968 2928 Timotheus,
1023 2858 1370 2926 imperatoris
1425 2876 1703 2917 assensor.
1754 2861 2059 2932 Longinum

488 2947 616 3000 item
673 2945 910 3001 Zenonis
941 2948 1186 3009 fratrem,
1229 2949 1482 3004 affectate
1516 2968 1702 3021 regno,
1740 2952 2060 3007 Anastasius

486 3047 804 3107 superatum
881 3041 1262 3095 Alexandriam
1319 3043 1560 3112 relegat,
1619 3044 1711 3097 ubi
1773 3046 2062 3116 presbyter

486 3130 694 3184 electus
723 3132 884 3184 obiit.
936 3133 1154 3186 lsauros
1192 3135 1354 3187 etiam
1401 3137 1603 3188 multos
1648 3137 1701 3188 in
1741 3138 1889 3205 regia
1926 3137 2060 3192 urbe

490 3229 774 3274 versantes
806 3223 1036 3290 expulit.
1073 3224 1283 3289 Quibus
1318 3226 1596 3296 Longinus
1640 3229 1922 3298 magister,
1950 3245 2062 3284 non

489 3311 728 3366 Zenonis
766 3314 955 3374 frater,
1017 3316 1112 3369 sed
1159 3317 1321 3378 alius,
1387 3319 1702 3388 assumptis,
1741 3328 1886 3374 mota
1916 3321 2064 3376 sedi-

489 3401 661 3464 tione,
701 3401 1009 3460 Orientales
1065 3407 1373 3475 provincias
1421 3411 1738 3479 populatur.
1777 3411 1883 3465 Sed
1917 3414 2063 3467 bello

489 3493 753 3549 subactus
779 3505 883 3559 est,
918 3498 1175 3556 Barbaris
1225 3503 1318 3570 qui
1362 3519 1485 3556 eum
1522 3519 1589 3558 eo
1623 3515 1781 3560 erant
1835 3506 2065 3562 interfe-

489 3586 704 3641 ctis.Eo
745 3599 991 3659 tempore
1015 3591 1191 3646 fertur
1211 3602 1266 3648 et
1296 3595 1674 3651 Theodoricus
1701 3597 1897 3653 Africae
1928 3599 2058 3664 dux,

487 3684 581 3748 qui
603 3680 840 3736 Arianus
867 3693 1009 3749 erat,
1037 3684 1326 3740 diaconum
1351 3688 1640 3755 quemdam
1665 3689 1766 3744 sibi
1796 3706 2056 3760 perquam

489 3767 837 3836 familiarem,
871 3781 928 3827 et
961 3773 1016 3826 in
1047 3789 1201 3829 suam
1246 3776 1476 3847 gratiam
1526 3777 1895 3832 Arianismum
1943 3795 2061 3834 am-

490 3861 731 3931 plexum,
762 3863 1050 3922 occidisse.
1081 3866 1267 3938 Neque
1299 3870 1448 3924 enim
1483 3869 1588 3925 sibi
1619 3869 1779 3925 [idem
1815 3883 2060 3927 servatu-

491 3968 635 4018 rum,
687 3955 783 4024 qui
832 3955 945 4012 Deo
983 3971 1092 4011 non
1133 3967 1430 4014 servasset.
1469 3959 1758 4015 Anastasio
1787 3976 1922 4030 papa
1955 3961 2066 4015 Ro-

491 4060 655 4098 mano
707 4057 948 4112 mortuo,
1008 4049 1322 4120 populoque
1371 4065 1469 4120 per
1522 4050 1848 4106 seditionem
1904 4050 2066 4104 dissi-

490 4137 677 4201 dente,
702 4137 823 4192 aliis
849 4138 1208 4195 Laurentium
1237 4143 1551 4212 quemdam,
1582 4142 1905 4196 orthodoxis
1931 4157 2065 4196 vero

490 4229 876 4301 Symmachum
926 4232 1394 4291 decernentibus:
1466 4235 1612 4292 idem
1665 4233 2067 4298 Theodericus,

2162 572 2218 624 δέ
2250 572 2448 625 αὐτίκα
2491 572 2588 642 τὴν
2631 573 2916 642 Ἀριάδνην
2945 573 3332 642 μνηστεύεται,
3385 575 3479 626 καὶ
3524 575 3744 644 γραφὴν

2165 666 2399 717 ποιεῖται
2429 664 2698 734 βασίλειον
2743 667 2994 729 ἀφιεῖσαν
3031 666 3099 718 τά
3161 667 3321 737 μέχρι
3352 668 3473 720 τότε
3529 669 3607 736 τῷ
3657 669 3735 738 δη-

2166 756 2340 826 μοσίῳ
2401 757 2554 826 παρά
2605 775 2770 809 τινων
2809 757 3156 828 ὀφειλόμενα.
3192 760 3332 828 Ἤδη
3364 761 3421 812 δὲ
3451 778 3732 830 τεσσαρα-

2164 851 2364 919 κοστῆς
2391 849 2810 920 παραῤῥυεξσης
2857 851 3070 921 ἡμέρας
3125 852 3265 920 μετά
3290 855 3394 920 τὴν
3423 854 3603 922 ταφὴν
3637 857 3744 925 Ζήν

2163 955 2353 1001 νωνος,
2409 940 2501 991 καὶ
2535 941 2660 1002 τοὺς
2691 941 2902 1007 γάμους
2953 942 3187 994 ἐτέλεσε.
3259 943 3483 1012 Δασμοῦ
3526 944 3585 995 δὲ
3621 948 3746 1009 τοὺς

2165 1031 2440 1102 ὑπηκόους
2492 1031 2772 1093 πιέζοντος
2825 1031 2920 1084 τοῦ
2979 1033 3278 1102 λεγομένου
3313 1036 3744 1105 Χρυσαργὺρου,

2165 1123 2260 1173 καὶ
2313 1121 2504 1175 τοῦτον
2558 1122 2835 1191 ἐξέκοψεν.
2892 1120 3002 1176 Ἶίν
3027 1125 3082 1177 δὲ
3123 1127 3150 1177 ὁ
3186 1126 3280 1177 τοῦ
3343 1128 3748 1196 Χρυσαργύρου

2164 1212 2366 1282 δασμὸς
2398 1213 2658 1276 τοιοῦτος⁶
2708 1213 2946 1277 ἅπαντες
3007 1215 3103 1268 καὶ
3149 1220 3440 1287 προσαίται
3491 1219 3582 1271 καὶ
3649 1220 3745 1273 πέ-

2165 1321 2344 1375 νητες,
2377 1305 2470 1357 καὶ
2499 1307 2650 1357 πᾶσα
2682 1306 2880 1376 πόρνη,
2910 1309 3003 1360 xui.
3027 1307 3344 1376 ξύμπαντες
3376 1311 3744 1381 ἀπελεύθεροι

2165 1397 2224 1447 ἐν
2258 1397 2452 1466 ἀγροῖς
2502 1413 2563 1447 τε
2617 1396 2711 1449 καὶ
2773 1397 2962 1451 πόλεσι
3015 1399 3414 1469 διατρίϐοντες,
3467 1403 3750 1472 εἰσφέρειν

2165 1488 2538 1552 ἠναγκάζοντο
2560 1489 2637 1558 τῷ
2663 1489 2910 1562 δημοσίῳ
2961 1492 3115 1555 τέλος
3165 1495 3402 1562 ἐτήσιον,
3445 1497 3540 1548 καὶ
3600 1497 3745 1568 ὑπὲρ

2164 1579 2372 1642 ἵππων,
2409 1580 2503 1632 καὶ
2534 1582 2794 1651 ἡμιόνων,
2829 1585 2924 1636 καὶ
2957 1585 3115 1654 βοῶν,
3151 1585 3290 1638 δνων
3326 1605 3384 1640 τε
3415 1589 3510 1640 καὶ
3536 1591 3747 1652 κυνῶν,

2166 1674 2470 1742 ἐπράττετο
2498 1674 2870 1744 φορολόγημα.
2901 1676 3042 1742 ὑπὲρ
3068 1677 3298 1730 ἑκάστου
3325 1679 3422 1747 μὲν
3447 1679 3746 1749 ἀνθρώπου

2166 1766 2412 1834 νόμισμα
2441 1764 2739 1834 ἀργυροῦν,
2765 1765 2826 1818 τὸ
2845 1767 2892 1818 δ’
2919 1767 3051 1820 αὐτὸ
3077 1770 3168 1821 καὶ
3198 1771 3337 1838 ὑπὲρ
3368 1771 3556 1835 ἵππου,
3587 1774 3748 1841 ἡμιό-

2167 1871 2257 1904 νου
2280 1871 2338 1906 τε
2372 1854 2463 1906 καὶ
2493 1854 2634 1922 βοὸς,
2669 1855 2807 1923 ὑπὲρ
2837 1856 2962 1908 δνου
2988 1857 3045 1909 δὲ
3079 1857 3296 1924 φόλλεις
3337 1859 3418 1923 ἓξ,
3455 1861 3656 1930 ὁμοίως
3692 1861 3748 1914 δὲ

2164 1947 2258 1997 καὶ
2290 1945 2429 2015 ὑπὲρ
2459 1947 2639 2007 κυνός.
2671 1947 2778 1999 Καὶ
2803 1943 2872 2019 ἦν
2904 1947 3196 2000 κάντεῦθεν
3223 1951 3488 2020 συντριδὴ
3517 1953 3630 2005 τῶν
3659 1956 3748 2006 ἀν.

2165 2035 2193 2087 θ
2202 2036 2398 2105 ρώπων
2419 2037 2516 2088 καὶ
2539 2037 2776 2107 ὀδυρμὸς
2805 2038 3107 2110 πανταχοῦ.
3148 2041 3309 2094 Ἀλλὰ
3330 2041 3534 2114 ταύτην
3581 2045 3746 2098 ἐκκό-

2163 2131 2268 2199 ψας
2287 2129 2383 2199 τὴν
2405 2131 2664 2200 είσφοράν
2691 2133 2719 2182 ὁ
2751 2130 3003 2199 βασιλεὺς
3044 2133 3424 2196 Ἀναστάσιος,
3452 2137 3546 2188 καὶ
3574 2138 3747 2199 αὐτὰς

2164 2219 2264 2281 τὰς
2291 2237 2356 2271 πε
2365 2222 2419 2287 ρὶ
2439 2222 2642 2288 ταύτης
2665 2221 2991 2291 ἀπογραφὰς
3011 2222 3254 2276 ἐναντίον
3273 2225 3368 2276 τοῦ
3391 2223 3455 2294 δή
3465 2243 3566 2294 μου
3615 2245 3747 2279 κατι

2165 2310 2394 2362 ἐκαυσεν
2409 2313 2464 2363 ἐν
2483 2311 2559 2379 τῷ
2573 2311 2934 2378 Ἰππικῷ.Καὶ
2953 2309 3020 2383 ἦν
3043 2313 3142 2384 μὲν
3167 2319 3224 2368 ἐν
3242 2316 3448 2380 τούτοις
3466 2317 3750 2388 φιλότιμος

2165 2401 2258 2454 καὶ
2289 2401 2388 2461 τὴν
2404 2401 2512 2454 τῶν
2530 2403 2827 2456 πολιτικῶν
2854 2404 3200 2474 πραγμάτων
3249 2406 3514 2473 διοίκησιν
3560 2408 3746 2472 καλῶς

2169 2492 2591 2564 μετερχόμενοςο
2616 2494 2718 2557 τὰς
2762 2493 2874 2564 γὰρ
2897 2496 3183 2555 πολιτικὰς
3209 2497 3383 2566 ἀρχὰς
3409 2498 3523 2568 (54)
3549 2498 3745 2565 ὠνίους

2166 2583 2554 2654 παρεχομένας
2599 2585 2659 2637 τὸ
2727 2585 2882 2654 πρὶν,
2938 2587 3146 2648 ἐκεῖνος
3197 2587 3466 2657 ἀμίσθους
3538 2590 3740 2644 ἐδίδου.

2168 2676 2303 2746 Περὶ
2354 2675 2409 2728 δὲ
2462 2675 2561 2746 τὴν
2599 2677 2679 2738 εἰς
2724 2677 2786 2729 τὸ
2830 2675 2988 2730 Θεῖον
3032 2677 3186 2742 δόξαν
3243 2678 3342 2731 οὐκ
3389 2678 3594 2744 ἀγαθὸς
3652 2676 3743 2750 ἦν’

2167 2767 2462 2830 ἀποκλίνας
2491 2767 2598 2834 γὰρ
2625 2768 2704 2832 είς
2735 2767 2832 2838 τὴν
2863 2767 2972 2822 τῶν
3006 2769 3361 2838 Συγχυτικῶν
3386 2769 3502 2838 (55)
3527 2771 3746 2833 αἵρεσιν

2167 2861 2273 2914 τῶν
2309 2860 2438 2929 μίαν
2467 2861 2627 2930 φύσιν
2655 2858 2991 2924 δοξαζόντων
3025 2862 3116 2912 ἐπὶ
3168 2860 3260 2913 τοῦ
3310 2862 3564 2932 Σωτῆρος
3611 2864 3748 2931 Χρι-

2169 2949 2319 3012 στοῦ,
2357 2951 2494 3020 μετὰ
2523 2952 2620 3020 τὴν
2648 2951 2844 3006 ἕνωσιν
2873 2952 2984 3005 τῶν
3033 2952 3230 3004 διττῶν
3271 2953 3514 3022 φύσεων,
3567 2954 3741 3006 πολλά

2169 3043 2265 3105 τὰς
2309 3044 2417 3096 τῶν
2467 3043 2759 3114 όρθοδὸξων
2813 3043 3107 3115 ἐκκλησίας
3150 3045 3422 3110 ἐκάκωσε,
3455 3050 3548 3098 καὶ
3582 3045 3744 3099 ἀδυσο

2091 3174 2132 3230 c
2170 3133 2389 3204 ώπητος
2445 3131 2515 3206 ἦν
2585 3137 2696 3199 τοῖς
2753 3136 2960 3191 τούτων
3015 3137 3465 3206 προϊσταμένοις.
3531 3138 3638 3190 Τόν
3681 3154 3744 3190 τε

2164 3226 2270 3296 γὰρ
2309 3228 2662 3297 πατριάρχην
2726 3228 3010 3297 Εὐφήμιον
3045 3229 3156 3298 (56)
3186 3229 3436 3282 ἐκάκωσε
3485 3229 3579 3281 καὶ
3651 3229 3739 3294 ἐξ·

2161 3319 2350 3390 ώρισε,
2406 3319 2482 3390 μὴ
2539 3318 2863 3387 πειθόμενον
2893 3318 3295 3388 ἀναθεματίσαι
3323 3319 3422 3390 τὴν
3475 3322 3535 3373 ἐν
3595 3321 3741 3374 Χαλ-

2162 3413 2346 3482 κηδόνι
2399 3411 2642 3474 σύνοδον,
2704 3411 2970 3479 πρότερον
3029 3413 3169 3479 μετὰ
3217 3412 3372 3465 δόλου
3419 3413 3480 3464 τὸ
3536 3415 3740 3466 οἰκεῖον

2159 3502 2434 3572 ἔγγραφον
2487 3501 2823 3571 ἀφελόμενος
2881 3501 3076 3572 (57),ἢ
3139 3502 3250 3573 βίᾳ,
3284 3504 3361 3565 ὡς
3419 3504 3601 3573 ἕτεροι
3646 3505 3738 3557 λέ-

2165 3611 2321 3661 γουσι
2347 3609 2362 3625 ο
2404 3592 2616 3646 καὶτὸν
2653 3593 2772 3661 μετ’
2807 3596 3012 3646 ἐκεῖνον
3051 3593 3385 3648 Μακεδόνιον
3429 3594 3541 3666 (58)
3590 3596 3736 3666 ίερδν

2165 3685 2333 3754 ἀνδρα
2385 3685 2458 3754 μὴ
2504 3683 2940 3753 καταδεξάμενον
2993 3685 3282 3738 συνθέσθαι
3315 3685 3487 3755 αὐτῷ,
3519 3689 3599 3750 είς
3634 3688 3737 3740 Εὐ-

2164 3777 2325 3846 χάῖτα
2352 3774 2463 3843 (59)
2492 3773 2823 3844 ὑπερώρισε.
2859 3773 2995 3827 Μεθ’
3020 3774 3080 3827 δν
3109 3774 3440 3845 ἀντεισήχθη
3469 3775 3735 3845 Τιμόθεος

2161 3866 2421 3934 δμόφρων
2470 3865 2549 3936 τῷ
2600 3865 2830 3936 βασιλεῖ.
2867 3867 3131 3933 Λογγῖνος
3175 3865 3286 3936 (40)
3336 3867 3392 3920 δὲ
3441 3867 3471 3920 ό
3508 3867 3732 3936 ἀδελφὸς

2161 3959 2449 4026 Ζήνωνος,
2502 3957 2779 4027 τυραννίδι
2831 3958 3196 4026 ἐπιθέμενος,
3261 3956 3528 4029 ἐχειρώθη
3583 3958 3736 4029 παρά

2173 4048 2552 4113 Ἀναστασίου,
2600 4051 2698 4102 καὶ
2751 4050 3104 4120 ὑπερωρίσθη
3153 4051 3234 4114 είς
3297 4050 3732 4121 Ἀλεξάνδρειαν,

2163 4142 2293 4196 ἔνθα
2325 4142 2420 4195 καὶ
2449 4141 2821 4213 πρεσδύτερος
2847 4142 3248 4213 χειροτονηθεὶς
3273 4143 3450 4196 ἔθανε.
3479 4144 3588 4198 Καὶ
3607 4143 3733 4206 τοὺς

2174 4233 2459 4304 ’Ῑσαὺρους
2517 4230 2574 4284 δέ
2626 4230 2856 4295 πολλοὺς
2907 4235 2965 4288 ἐν
2999 4235 3066 4305 τῇ
3118 4231 3348 4303 βασιλίδι
3375 4234 3482 4286 τῶν
3527 4233 3735 4286 πόλεων

1677 4390 1886 4452 Varia;
1917 4388 2232 4452 lectiones
2278 4395 2340 4450 et
2371 4397 2562 4451 notas.

563 4529 676 4599 [54)
697 4531 813 4606 ’Τὰς
865 4533 975 4606 γᾴρ
999 4536 1313 4606 ,πολιτικὰς
1338 4536 1547 4604 ἀρχάς.
1575 4535 1652 4590 lta
1689 4535 1850 4606 etiam
1879 4533 2058 4606 Theo-

2164 4536 2440 4606 κοινωνεῖν
2491 4535 2558 4606 τῇ
2615 4530 2748 4606 ἁγίᾳ
2779 4532 3107 4606 ίΕκκλησᾳ,
3144 4543 3205 4606 ut
3247 4544 3332 4606 est
3378 4534 3525 4606 apud
3558 4550 3730 4606 ‘eum-

494 4601 661 4655 dorus
697 4601 870 4654 lector
919 4603 1030 4657 Ecl.
1070 4605 1105 4657 2
1130 4623 1144 4671 ;
1172 4601 1640 4662 οοηιιισὶοοηηεε
1681 4604 2057 4658 Antiochenus

494 4671 687 4726 scribit
729 4673 1084 4744 magistratus
1128 4677 1304 4744 pretio
1348 4677 1599 4730 addictos
1645 4675 1895 4744 pessimis
1927 4673 2058 4744 viris

496 4741 832 4829 concessisse
868 4761 882 4796 :
913 4743 1038 4823 .Td;
1077 4741 1176 4814 μὲν
1223 4746 1398 4829 ἀρχὰς
1436 4741 1661 4806 ἁπάσαξ
1700 4743 2056 4811 ἀπεμπολῶν,

495 4813 722 4884 καὶτοῖς
754 4812 997 4865 ἀδικοῦσι
1027 4812 1345 4884 συγχωρῶν.

568 4882 681 4956 (55)
716 4882 1269 4950 Svrzvztxéar-{Seu
1314 4885 1779 4956 Eutychianorum
1810 4900 1824 4935 :
1856 4883 2060 4952 quippe

495 4953 891 5024 Eutyches,rut
939 4962 1023 5008 est
1066 4957 1209 5024 apud
1255 4953 1605 5011 Timotheum
1641 4953 2058 5024 presbyterum:

495 5023 616 5096 '_l_‘6)v
659 5023 854 5096 διττῶν
893 5023 1109 5096 φύσεων
1133 5029 1229 5096 τὴν
1276 5026 1372 5094 μὲν
1415 5027 1612 5078 ἐνωσιν
1652 5023 1928 5096 ὁμολογεῖ,
1961 5024 2060 5096 τῂν

496 5091 691 5167 ἴδε-κατ’
722 5091 914 5167 οὐσίαν
949 5091 1214 5167 διαφοράν
1242 5091 1511 5167 ἀρνεῖται,
1542 5093 1921 5167 καὶᾼσύγχυσιν
1951 5091 2060 5167 τῷν

497 5161 714 5232 φόσεων
744 5161 1247 5232 εἰσάγειῲοοῐὶιὶυε
1278 5161 1344 5220 de
1381 5167 1546 5220 sectis
1579 5183 1594 5220 :
1643 5165 1702 5216 ὐ
1733 5161 1795 5216 δι
1814 5163 2061 5232 Εὐτυχής

503 5230 631 5302 μίαν
662 5230 962 5302 ὑπόστασιν
1017 5236 1228 5302 ἔλεγεν,
1277 5237 1371 5289 καὶ
1396 5234 1666 5302 τοσαύτην
1711 5234 1866 5300 ἔλεγε
1904 5230 2062 5300 γενέ-

499 5301 628 5383 ςθαι
671 5301 864 5383 ἐνωσιν
891 5305 985 5383 τοῦ
1016 5301 1152 5383 Θεοῦ
1208 5307 1407 5383 ᾼόγου·
1428 5307 1563 5383 προς
1599 5301 1711 5383 τὸν·
1749 5303 2058 5383 ἄνθρωτξίξνν

500 5369 676 5443 ᾢττεΔ
701 5374 794 5424 καὶ
823 5375 975 5443 -μίαν
1023 5375 1186 5442 φύσιν
1221 5369 1648 5443 ἀποτελεσθῆναι
1696 5375 1759 5425 ἐκ
1803 5369 1910 5423 τῶν
1943 5371 2059 5424 δύο.

500 5439 571 5493 At
627 5439 768 5492 idem
822 5439 1088 5498 Leontius
1145 5444 1490 5501 Auastasium
1529 5439 1606 5498 ait
1653 5443 1818 5496 fuisse
1869 5455 2061 5495 eorum

503 5510 796 5586 hereseos,
853 5527 992 5579 quos
1019 5517 1470 5586 Διακρινομένοῳ
1498 5513 1864 5586 appellabant_
1899 5528 1913 5564 :
1967 5511 2063 5581 qui

502 5580 714 5652 scilicet
743 5589 868 5650 post
898 5580 1173 5652 synodum'
1192 5580 1720 5647 Chalcedoue’nsem,
1752 5593 1807 5637 et
1834 5580 2061 5635 damna-

507 5656 625 5703 tum.
655 5651 832 5726 abea
866 5651 1211 5726 Diescorum,
1244 5656 1338 5726 qui
1381 5656 1525 5709 illius
1569 5662 1752 5721 partes
1779 5652 2066 5726 sectaban-

463 5777 467 5780 .
507 5726 618 5793 ξιτ,
649 5722 966 5792 ἀπέστησαν
991 5724 1088 5792 τῆς
1115 5721 1276 5791 ἁγίας
1293 5725 1638 5793 Ἐκκλησοῖας,
1659 5726 1749 5776 καὶ
1779 5721 2064 5793 ὠνόμασαν

510 5789 735 5851 ἑαυτοὺς
770 5789 1244 5852 Διακρινομένους,
1273 5795 1359 5846 διά
1384 5795 1443 5846 τὸ
1469 5789 1838 5852 διακρίνεσοαι
1870 5792 2062 5854 αὐτοὺς

2159 4603 2283 4685 dem
2338 4602 2735 4658 Timotheum.’
2778 4603 2984 4657 Ilorum
3043 4603 3295 4660 meminit
3358 4602 3503 4658 idem
3557 4602 3732 4660 Leon-

2161 4683 2342 4812 ῑΙιι(εδδ)
2378 4743 2714 4812 Εὐφήμιον.
2753 4743 2951 4813 Evagr.
3000 4743 3037 4799 l.
3087 4758 3169 4813 nt,
3207 4757 3258 4797 c.
3289 4742 3402 4804 50;
3437 4742 3728 4812 Theopha-

2159 4829 2258 4868 nes
2281 4829 2370 4867 an.
2401 4815 2453 4876 1.
2488 4817 2556 4879 4;
2587 4815 2838 4869 Anastas.
2866 4812 2886 4875 ξ
2915 4814 3098 4868 Victor
3129 4812 3448 4866 Tununens.

2193 4884 2346 4964 ⁸(δῖ)
2391 4885 2725 4953 Ἕγγραςρον
2771 4883 3164 4952 ἀφελόμενος.
3202 4883 3386 4938 Victor
3429 4881 3731 4938 Tununen-

2160 4968 2346 5106 T3338)
2378 5023 2792 5106 μακεδόνιον.
2840 5021 3013 5093 Cujus
3059 5020 3288 5092 synaxin
3329 5032 3500 5092 agunt
3551 5023 3726 5080 Grati

2160 5093 2486 5234 ﬁéglnﬁlfic
2513 5163 2796 5234 Εὑχάῑτιι.
2839 5163 3138 5220 Marcellin.
3181 5166 3379 5223 Comes
3412 5165 3480 5218 ad
3515 5163 3726 5220 consul.

2164 5231 2468 5319 Secundini
2509 5243 2568 5319 et
2604 5231 3066 5298 'Felicis;Victor
3111 5235 3252 5291 Tun.
3300 5248 3356 5292 et
3405 5236 3726 5304 TheOpban.

2163 5318 2279 5369 an.;
2307 5305 2339 5356 6
2361 5305 2547 5359 Anast.

2204 5372 2346 5444 (40)
2397 5374 2706 5444 Λογγῖνος.
2761 5373 2958 5444 Evagr.
2997 5374 3036 5428 l.
3086 5390 3165 5430 III.
3195 5392 3242 5429 c.
3276 5376 3366 5435 28.
3414 5376 3518 5440 55;
3556 5375 3726 5444 Theo-

2203 5442 2336 5496 han.
2359 5459 2450 5498 an.
2483 5442 2594 5498 tet
2635 5443 2698 5506 ‘2;
2728 5442 2920 5498 Anast.
2952 5445 3178 5509 ;Vietor
3214 5445 3584 5499 Tununensis.
3612 5443 3726 5498 Bel-

2206 5459 2332 5496 nan.
2359 5459 2450 5498 an.
2483 5459 2505 5496 1
2539 5459 2594 5498 et
2635 5459 2698 5506 z;
2728 5459 2920 5498 Anast.
2952 5461 2966 5509 ;
2999 5459 3178 5499 Victor
3214 5459 3584 5499 't‘ununenSIS.
3612 5459 3725 5498 bel-

2165 5459 2276 5567 rum
2309 5530 2441 5568 vero
2491 5513 2626 5568 illud
2660 5513 2961 5584 Isauricum
2995 5513 3337 5584 descripsere
3371 5515 3725 5584 Pamprepius

2165 5584 2484 5652 Panopolita
2531 5594 2688 5650 poeta
2725 5583 2901 5638 soluta
2939 5582 3210 5648 oratione,
3252 5594 3309 5639 et
3339 5582 3725 5639 Christodorus

2163 5651 2451 5719 Coptensis
2502 5652 2689 5708 itidem
2745 5663 2926 5722 poeta,
2981 5662 3040 5708 ut
3094 5662 3365 5710 testantur
3424 5653 3622 5708 Suidas
3669 5661 3721 5706 et

2166 5722 2405 5778 Eudocia
2444 5724 2498 5780 in
2532 5724 2702 5779 Ioniis
2732 5737 2860 5779 mss.
