3994 6246
347 292 484 358 ῙΞἭ

1587 275 1990 345 ANNALlUM
2025 283 2169 343 LlB.
2205 273 2360 342 XIV.

3456 283 3593 352 1230

346 405 621 469 ἃπαντας,
654 406 705 457 εἰ
746 401 821 474 μή
849 417 997 464 τινες
1028 400 1205 469 όλίγοι
1245 398 1562 471 διαδράντες
1608 396 1915 466 ἐσώθησαν.

2039 394 2203 465 Negra
2238 390 2587 454 acciderunt,
2601 405 2731 462 qua:
2749 388 2819 448 de
2842 397 3036 447 sancto
3050 390 3256 448 Arstha
3276 405 3592 454 narrantur.

347 497 477 560 Τοῖς
527 495 583 550 δὲ
636 494 929 565 Ῥωμαίοις
980 494 1307 557 ἐσπείσατο,
1357 491 1456 544 κα)⁹
1496 490 1590 542 τὸν
1631 484 1916 543 ἰουστῖνον

349 588 651 657 ἐπίτροπον
705 587 820 658 (71)
875 586 1118 655 Χοσρόου
1177 583 1273 638 τοῦ
1323 582 1593 652 νεωτέρου
1637 581 1748 634 τῶν
1789 580 1921 633 υἱῶν

360 677 527 732 αὐτοῦ
565 676 882 746 ἐποιήσατο.
913 675 1099 744 Τούτῳ
1129 672 1240 744 γὰρ
1268 671 1366 741 τὴν
1392 670 1502 725 τῶν
1533 669 1759 740 Περσῶν
1789 684 1918 721 κατα

361 768 629 836 ελίμπανε
663 766 967 837 βασιλείαν,
1013 768 1142 829 τοὺς
1200 763 1605 835 πρεσϐυτέρους
1648 761 1923 834 παραΰλε-

353 860 612 932 πόμενος.
653 860 712 913 ’0
763 860 820 912 δδ
872 857 1127 929 βασιλεὺς
1179 855 1276 928 τὴν
1322 856 1628 927 ἐπιτροπὴν
1677 854 1925 926 παρῃτή-

355 968 509 1006 σατο.
554 952 615 1004 '0
645 952 833 1022 μέντοι
878 948 1074 1014 Λαζῶν
1108 947 1352 1019 ἀρχηγὸς
1398 944 1608 1010 Τζάθος
1649 945 1760 1018 (72)
1785 947 1925 999 ἀπο-

355 1044 636 1111 στατήσας
692 1042 920 1115 Περσῶν
977 1040 1300 1113 προσερῤύη
1353 1039 1433 1112 τῷ
1488 1040 1788 1110 Ἰουστίνῳ,
1829 1037 1927 1092 καὶ

357 1132 701 1202 βαπτισθεὶς,
764 1131 881 1196 υἱός
920 1146 980 1184 τε
1014 1129 1111 1183 τοῦ
1146 1128 1414 1198 βασιλέως
1439 1127 1553 1201 (73)
1579 1128 1927 1198 ὀνομασθεὶς,

356 1223 456 1275 καὶ
487 1220 742 1292 βασιλεὺς
771 1217 886 1289 (74)
917 1219 1112 1285 Λαζῶν
1144 1217 1258 1290 (75)
1286 1217 1683 1289 ἀναγορευθεὶς
1706 1218 1929 1285 γυναικί

355 1328 420 1366 τε
445 1311 769 1381 συζευχθεὶς
796 1310 915 1373 ἑνὸς
958 1311 1068 1363 τῶν
1100 1296 1486 1376 συγκλητικῶν
1528 1305 1639 1378 (76)
1675 1307 1928 1377 θυγατρὶ,

357 1404 439 1465 εις
481 1402 579 1472 τὴν
621 1400 820 1457 ἑαυτοῦ
864 1399 1050 1473 χώραν
1103 1399 1495 1470 ἐπανελήλυθε.
1543 1398 1715 1452 Τοῦτο
1756 1399 1939 1453 αἰτιον⁴

358 1488 519 1553 αὖθις
561 1494 742 1564 μάχης
792 1492 1088 1563 Ῥωμαίοις
1136 1492 1232 1546 καὶ
1269 1492 1511 1562 Πέρσαις
1569 1490 1809 1558 ἐγένετο,
1855 1492 1931 1551 ὡς

356 1587 452 1641 τοῦ
502 1586 772 1659 βασιλέως
831 1587 1124 1658 Ῥωμαίων
1172 1589 1298 1649 τοὺς
1362 1586 1548 1648 αὐτοῖς
1605 1584 1932 1647 ὑπείκοντας

363 1676 846 1748 σφετεριζομένου.
882 1679 1017 1732 Τότε
1049 1678 1237 1732 καὶτὰ
1279 1676 1422 1731 κατὰ
1453 1677 1543 1729 τὸν
1586 1674 1743 1744 ἅγιον
1778 1675 1932 1744 Ἀρέ-

2037 485 2288 541 Ca‘vades
2319 500 2450 539 vero
2473 483 2803 540 Manichaeos
2829 493 2942 539 sua:
2963 482 3191 541 ditionis
3220 500 3414 546 omnes
3448 493 3599 547 occi-

2024 577 2129 643 dit,
2179 591 2485 647 eorumque
2517 576 2841 646 episcopum
2864 615 2880 642 ,
2914 585 2972 630 et
2996 576 3170 632 libros
3197 579 3308 650 eo
3330 581 3594 640 combus-

2026 667 2119 729 sit.
2183 666 2335 737 quod
2383 680 2557 721 unum
2603 678 2671 722 ex
2747 665 2880 722 ﬁliis
2934 666 3052 722 suis
3108 666 3166 723 in
3217 669 3597 729 detestandam

2027 756 2176 813 illam
2196 758 2446 814 haeresim
2478 756 2854 828 pellexissem.
2907 753 3045 814 Tum
3067 759 3234 816 etiam
3256 760 3593 829 Anabarzos.

2027 864 2125 905 seu
2159 848 2470 913 Anabarza,
2500 848 2759 907 secunda:
2796 848 3008 906 Ciliciae
3045 855 3395 925 metropolis,
3436 864 3597 915 terra:

2029 950 2184 998 motu
2227 944 2492 1005 concidit.
2528 952 2585 997 et
2623 942 2856 1012 Edessa,
2897 944 3035 1001 urbs
3070 946 3303 1004 illustris
3344 948 3605 1009 Osroente

2032 1036 2353 1104 provinciae,
2389 1034 2676 1091 submersa
2705 1046 2792 1092 est
2813 1076 2829 1102 ,
2858 1052 2985 1092 cum
3012 1035 3228 1095 Scirtus
3262 1039 3486 1109 ﬂuvius,
3505 1047 3603 1116 qui

2028 1139 2150 1180 eam
2187 1126 2426 1182 mediam
2458 1127 2704 1197 perﬂuit,
2740 1128 3100 1196 exundasset,
3140 1140 3200 1188 et
3243 1135 3398 1191 urbis
3428 1136 3606 1193 aediﬁ-

2031 1218 2118 1274 cia
2162 1218 2497 1290 deiecisset.
2544 1231 2713 1287 atque
2763 1219 3070 1285 avexisset,
3120 1234 3177 1279 et
3213 1224 3366 1283 cives
3402 1231 3605 1299 partim

2030 1312 2237 1374 ruina,.
2264 1312 2468 1381 partim
2502 1312 2668 1368 undis
2708 1314 3098 1384 oppressisset.
3149 1314 3373 1390 Aliqum
3405 1322 3607 1380 diebus

2038 1403 2253 1472 elapsis,
2304 1418 2446 1474 aqua
2504 1406 2817 1469 imminuta,
2862 1407 3083 1476 lapidea
3133 1411 3314 1466 tabula
3372 1413 3427 1468 in
3488 1416 3609 1487 ripa

2032 1494 2278 1549 ﬂuminis
2321 1503 2409 1550 est
2449 1506 2695 1564 reperta,
2735 1497 2824 1552 cui
2861 1498 3009 1553 notis
3038 1499 3477 1576 hieroglypbycis
3519 1507 3608 1563 in-

2034 1584 2307 1654 sculptutn
2339 1594 2460 1640 erat
2487 1602 2500 1639 :
2527 1578 2729 1640 Scirtus
2755 1588 2945 1658 ﬂuvius
2972 1589 3114 1644 male
3130 1592 3348 1649 saltabit
3387 1598 3604 1654 civibus.

2035 1673 2288 1728 Concidit
2306 1681 2364 1729 et
2384 1674 2631 1730 semissis
2659 1674 3093 1746 Pompeiopolis,
3129 1680 3264 1735 urbe
3301 1683 3482 1739 media
3509 1684 3606 1742 de-

362 1743 464 1822 θαν
498 1743 613 1841 (77)
645 1743 705 1823 έν
743 1769 935 1840 Νεγρᾷ
969 1772 1036 1839 τῇ
1088 1769 1242 1822 πόλει
1293 1743 1641 1837 συμϐέϐηκες
1685 1743 1930 1834 Κουάόης

2039 1764 2305 1830 biscente,
2367 1764 2422 1818 in
2467 1780 2646 1835 eoque
2681 1743 2834 1820 hiatu
2867 1743 3029 1823 multi
3067 1771 3331 1828 mortales
3361 1773 3609 1832 viventes

360 1859 421 1912 δὲ
448 1860 576 1922 τοὺς
609 1862 669 1913 ἐν
692 1864 761 1933 τῇ
801 1860 970 1915 αὑτοῦ
1002 1861 1148 1930 ἀρχῇ
1175 1860 1550 1928 τυγχάνοντας
1593 1854 1934 1926 Μανιχαίους

360 1951 657 2020 ἐφόνευσεν
706 1953 974 2017 ἅπαντας,
1005 1954 1098 2005 καὶ
1137 1951 1228 2004 τὸν
1260 1949 1441 2004 αὐτῶν
1499 1937 1802 2003 ἐπίσκοπον
1837 1948 1932 2001 καὶ

361 2044 465 2107 τὰς
507 2042 726 2111 βίϐλους
774 2044 1143 2107 κατέκαυσεν,
1191 2043 1274 2096 ὅτι
1320 2042 1417 2096 ἕνα
1458 2040 1566 2095 τῶν
1596 2040 1730 2094 υἱῶν
1760 2040 1928 2092 αὑτοῦ

359 2135 463 2207 τὴν
498 2135 751 2205 μυσαρὰν
789 2135 970 2189 αὐτῶν
1004 2134 1319 2201 διδάξαντες
1360 2131 1600 2203 αἵρεσιν,
1647 2131 1717 2186 τὰ
1754 2129 1932 2184 αὐτῶν

364 2230 588 2297 φρονεῖν
624 2226 1071 2298 παρεσκεύασαν.
1117 2223 1183 2278 Ἦ
1214 2224 1272 2279 δὲ
1305 2224 1460 2289 πόλις
1511 2221 1846 2294 ’Δνάὸαρζος
1892 2223 1927 2295 ἢ

377 2317 712 2388 ’Δνάὸαρζα,
746 2319 845 2388 τῆς
874 2317 1137 2388 δευτέρας
1167 2314 1423 2379 Κιλικίας
1447 2309 1584 2369 οὖσα
1604 2314 1934 2386 μητρόπολις

363 2408 487 2463 τότε
534 2410 640 2462 ὑπὸ
691 2407 919 2481 σεισμοῦ
968 2409 1082 2479 (78)
1116 2406 1438 2478 πνεπτὼθη
1462 2420 1476 2436 °
1510 2406 1606 2460 καὶ
1637 2406 1672 2475 ἠ
1708 2403 1933 2470 Ἕδεσα,

362 2503 519 2567 πόλις
571 2503 707 2558 οὖσα
763 2505 1069 2576 περιφανὴς
1116 2504 1217 2576 τῆς
1278 2501 1590 2575 Ὀσροηνῶν
1662 2500 1937 2571 ἐπαρχίας

366 2593 753 2664 κατακλύσοη,
806 2592 903 2648 τοῦ
965 2596 1134 2664 μέσον
1184 2577 1357 2662 αὖτῆς
1411 2594 1632 2664 ῥέοντος
1689 2588 1937 2660 ποταμοῦ

365 2684 908 2757 πλημμυρήσαντος,
930 2685 1273 2756 κεκλημένου
1308 2683 1565 2754 Σκιρτοῦ,
1604 2684 1698 2737 καὶ
1721 2682 1848 2746 τούς
1874 2699 1936 2736 τε

362 2762 464 2846 τῆς
499 2776 709 2841 πόλεως
755 2778 941 2843 οῐκους
981 2777 1391 2841 καταϐαλόντος
1441 2778 1534 2833 καὶ
1582 2775 1938 2847 παρασύραν.

362 2882 478 2930 τος,
509 2867 604 2921 καὶ
634 2868 762 2933 τοὺς
786 2869 848 2921 ὲν
873 2868 1060 2933 αὐτοῖς
1088 2867 1377 2931 οἰκοῦντας
1403 2906 1418 2931 .
1455 2867 1551 2933 οὒς
1590 2868 1689 2939 μὲν
1725 2866 1941 2936 συγχώ-

367 2973 562 3021 σαντος
589 2960 702 3023 τοῖς
728 2957 1162 3028 συμπτώμασιν,
1195 2956 1291 3022 οὓς
1325 2958 1384 3012 δὲ
1417 2957 1937 3021 καταποντίσαντος.

2038 1858 2222 1912 adhuc
2254 1858 2563 1926 perierunt,
2602 1871 2728 1912 cum
2771 1872 2932 1927 opem
2987 1874 3150 1915 nemo
3201 1861 3347 1919 ferre
3400 1876 3607 1936 posset.

2043 1947 2185 2003 Tum
2215 1949 2380 2003 etiam
2409 1944 2610 2003 mblier
2631 1949 2880 2019 quaedam
2903 1947 3141 2006 eCilicia
3172 1951 3348 2007 instar
3376 1954 3611 2026 gigantis

2037 2041 2164 2105 fuit,
2197 2054 2323 2094 cum
2350 2040 2683 2110 proceritate
2714 2042 2984 2111 corporis,
3021 2050 3134 2097 tum
3159 2042 3395 2100 aliorum
3425 2062 3607 2104 mem-

1996 2178 2005 2183 _
2036 2130 2265 2185 brorum
2297 2130 2679 2200 proportione.
2707 2129 2845 2184 Nam
2888 2145 3056 2201 supra
3085 2133 3315 2201 quosvis
3342 2148 3612 2203 proceros

2037 2220 2192 2275 viros
2226 2220 2499 2290 integrum
2534 2217 2784 2273 cubitum
2808 2218 3110 2285 eminebat,
3149 2227 3373 2288 pectore
3415 2229 3473 2277 et
3503 2221 3611 2276 ιω·-

2037 2312 2210 2367 meris
2240 2325 2406 2380 supra
2439 2308 2663 2365 modum
2702 2307 2861 2375 latis,
2912 2323 3039 2364 cum
3073 2319 3131 2365 et
3165 2319 3364 2365 cetera
3398 2312 3611 2379 omnia,

2038 2409 2100 2457 ut
2126 2415 2233 2457 vox
2263 2412 2321 2456 et
2348 2400 2539 2467 facies,
2571 2398 2926 2455 brachiorum
2955 2410 3012 2454 et
3039 2400 3354 2457 cubitorum
3383 2401 3615 2462 ﬁrmitas

2038 2505 2102 2547 ac
2130 2489 2478 2562 magnitudo,
2511 2499 2570 2546 et
2617 2489 2919 2561 digitorum
2957 2492 3275 2547 crassitudo
3305 2503 3362 2548 et
3402 2493 3616 2565 reliqua

2038 2582 2373 2653 longitudini
2414 2591 2474 2637 et
2511 2581 2793 2638 latitudini
2837 2582 3262 2653 reSponderent.
3302 2583 3616 2644 Justiniano

2038 2681 2165 2745 post
2193 2673 2449 2730 Vitaliani
2473 2674 2678 2729 caedem
2709 2674 2974 2744 magistro
3001 2673 3242 2730 militum
3272 2684 3482 2742 creato,
3526 2692 3617 2732 re-

2039 2777 2163 2820 rum
2217 2766 2466 2820 omnium
2497 2765 2903 2821 administratio
2947 2764 3000 2822 ei
3043 2764 3420 2824 incumbebat.
3474 2769 3614 2826 Cum

2037 2864 2222 2915 autem
2285 2857 2571 2928 principes
2618 2857 2916 2928 aliquando
2956 2858 3349 2930 imperatorem
3390 2873 3618 2918 orarent

2041 2956 2105 3003 ut
2131 2949 2457 3020 magistrum
2504 2949 2743 3005 militum
2795 2949 3060 3021 collegam
3108 2952 3435 3020 ascisceret,
3481 2970 3616 3025 pur-

365 3047 506 3102 Μεθ’
536 3051 753 3120 ἡμέρας
795 3050 852 3103 δὲ
896 3048 992 3103 τοῦ
1046 3048 1238 3113 ὓδατος
1277 3049 1703 3114 ἐλαττωθέντος,
1735 3049 1932 3122 εὑρέθη

2042 3057 2182 3114 pura
2235 3043 2533 3114 prehensa,
2596 3041 2769 3108 Vobis,
2803 3044 3020 3114 inquit,
3064 3046 3362 3116 optandum
3395 3059 3492 3117 est,
3550 3066 3617 3104 ne

364 3142 426 3195 ἐν
461 3144 529 3213 τῇ
568 3140 706 3216 ὄχθῃ
736 3142 835 3196 τοῦ
871 3142 1120 3215 ποταμοῦ
1173 3141 1320 3209 πλὰξ
1370 3142 1548 3216 λιθίνη
1591 3146 1647 3197 ἐν
1684 3141 1933 3214 ἱερογλυο

367 3233 552 3299 φικοῐς
585 3236 912 3303 γράμμασιν
940 3234 1081 3304 αὐτῇ
1129 3232 1659 3305 ὲγκεκολαμμένοις,
1701 3233 1935 3303 λέγουσα

365 3320 578 3387 ταῦτα,
636 3323 887 3392 Σκιρτὸς
938 3326 1206 3394 ποταμὸς
1261 3323 1373 3396 (79)
1424 3325 1739 3395 σκιρτήσει
1780 3327 1935 3380 κακὰ

365 3412 746 3484 σκιρτήματα
775 3415 1073 3484 πολίταις.
1120 3415 1232 3485 Καὶ
1281 3418 1384 3488 τῆς
1430 3417 1935 3489 Πομπηϊουπόλεως

365 3502 430 3555 τὺ
459 3502 633 3573 ἣμισυ
656 3503 1011 3573 κατεπτώθη,
1049 3505 1217 3575 μέσον
1250 3504 1521 3576 ῥαγείσης
1551 3505 1653 3575 τῆς
1699 3506 1933 3571 πόλεως,

368 3591 466 3645 καὶ
519 3590 629 3645 τῶν
693 3592 1002 3665 ἀνθρώπων
1057 3594 1246 3648 πολλοὶ
1308 3597 1367 3648 ἐν
1424 3595 1507 3666 τῷ
1558 3597 1800 3667 χάσματι
1854 3597 1934 3651 ἑτι

369 3681 574 3749 ζῶντες
626 3684 934 3750 ἀπώλοντο,
989 3688 1086 3743 καὶ
1132 3687 1312 3752 οὐδεὶς
1363 3687 1594 3759 ἠδύνατο
1648 3690 1935 3745 ἀνελέσθαι

367 3776 590 3839 αὐτούς.
621 3777 731 3831 Καὶ
769 3780 908 3850 γυνή
947 3796 1033 3844 τις
1065 3779 1178 3851 (80)
1222 3781 1288 3833 ὲκ
1340 3779 1601 3843 Κιλικίας
1646 3781 1769 3833 τότε
1811 3780 1938 3849 ἐγέ-

369 3883 493 3922 νετο
532 3868 898 3939 γιγαντῶδης,
931 3870 1029 3924 καὶ
1058 3870 1160 3940 τὴν
1193 3868 1506 3942 ἀναδρομὴν
1529 3871 1625 3924 τοῦ
1662 3869 1935 3942 σώματος,

370 3958 469 4011 καὶ
512 3958 613 4031 τὴν
665 3958 858 4030 λοιπὴν
912 3958 1162 4033 διαρτίαν
1187 3975 1203 3991 ⁶
1237 3961 1442 4027 παντὸς
1499 3962 1609 4037 γὰρ
1658 3963 1938 4034 εὑμήκους

370 4048 589 4120 ἀνδρὸς,
620 4052 679 4114 ἐς
704 4055 890 4124 πήχην
933 4053 1053 4107 ὅλον
1103 4052 1504 4125 ὐπερανίστατο
1528 4070 1545 4086 ·
1578 4053 1844 4126 ηὐρύνετο
1878 4055 1937 4110 δὲ

371 4139 501 4203 τοὺς
533 4138 724 4210 ὤμους
758 4143 854 4196 καὶ
886 4143 955 4197 τὰ
987 4143 1191 4214 στέρνα
1217 4144 1471 4211 ἐπιπολὺ,
1510 4147 1604 4199 καὶ
1639 4146 1689 4203 τ’
1726 4141 1862 4200 ἄλλα
1893 4143 1938 4196 δ’

370 4224 487 4301 εἶχε
518 4230 598 4303 τῷ
634 4233 802 4303 μήκει
833 4251 893 4289 τε
923 4235 1020 4289 καὶ
1052 4235 1130 4307 τῷ
1160 4235 1357 4292 πλάτει
1386 4238 1651 4307 ἀνάλογα,
1694 4236 1756 4291 τὸ
1794 4234 1933 4302 εἶδος

368 4316 514 4387 λέγω
565 4321 662 4373 καὶ
690 4319 790 4392 τὴν
822 4322 1030 4393 φωνὴν,
1078 4324 1188 4379 τῶν
1223 4342 1283 4379 τε
1333 4326 1637 4398 βραχιόνων
1686 4328 1779 4381 καὶ
1824 4328 1935 4380 τῶν

2041 3135 2175 3186 hanc
2221 3132 2405 3198 iunior
2457 3129 2649 3202 aliquis
2680 3132 2891 3187 induat.
2936 3132 3160 3190 Actum
3203 3135 3430 3206 quidem
3483 3153 3613 3214 pre—

2037 3239 2130 3280 ces
2175 3238 2367 3280 eorum
2399 3224 2480 3279 sic
2515 3224 2703 3279 elusit.
2734 3223 2815 3279 llli
2852 3239 3003 3291 vero,
3049 3242 3218 3296 parvo
3244 3236 3490 3298 tempore
3524 3230 3612 3286 in-

2037 3316 2291 3386 teriecto,
2341 3313 2674 3370 nobilissimi
2711 3314 2933 3370 titulum
2986 3315 3303 3372 Justiniano
3345 3320 3610 3378 decreve-

2036 3420 2190 3475 runt,
2223 3421 2280 3465 et
2309 3410 2378 3464 ab
2404 3409 2737 3475 imperatore
2764 3409 3134 3478 impetrarunt
3161 3421 3219 3465 ut
3240 3412 3296 3466 id
3323 3411 3610 3470 decretum

2037 3500 2156 3556 suis
2184 3500 2386 3555 litteris
2416 3499 2822 3569 comprobaret.
2857 3499 3045 3569 Neque
3080 3501 3256 3555 multo
3287 3513 3412 3571 post
3432 3505 3489 3558 in
3520 3520 3617 3561 va-

2036 3592 2342 3648 letudinem
2375 3591 2572 3647 incidit
2596 3606 2664 3647 ex
2689 3592 2920 3647 vulnere
2960 3591 3176 3659 cruris,
3219 3593 3527 3666 morboque
3556 3598 3612 3653 in

2037 3693 2135 3753 spe
2165 3683 2291 3739 vitae
2331 3682 2501 3739 dubia
2533 3683 2926 3751 iavalescente,
2957 3684 3275 3754 patriarcha
3302 3686 3614 3757 Epiphanio

2038 3783 2094 3829 et
2120 3772 2460 3844 primoribus
2494 3773 2801 3839 advocatis,
2824 3773 3197 3830 Justinianum
3224 3787 3480 3846 nepotem
3504 3778 3611 3833 im-

2038 3873 2350 3935 peratorem
2392 3864 2666 3930 decernit,
2712 3873 2769 3921 et
2819 3865 2936 3921 suis
2983 3866 3241 3922 manibus
3285 3870 3406 3940 ejus
3444 3873 3614 3941 capiti

2040 3956 2296 4012 diadema
2364 3956 2621 4027 imponit.
2657 3955 2907 4027 Cumque
2961 3956 3201 4028 p0pulus
3251 3958 3306 4013 in
3352 3971 3613 4029 equestre

2041 4048 2319 4104 theatrum
2365 4047 2738 4114 convenisset,
2788 4048 3133 4105 Justinianus
3181 4058 3479 4106 coronatus
3522 4051 3610 4108 in-

2039 4138 2309 4211 greditur,
2345 4147 2403 4194 et
2445 4139 2515 4194 ab
2560 4138 2821 4194 omnibus
2877 4138 3073 4195 faustis
3118 4139 3613 4199 acclamationibus

2039 4240 2330 4300 exceptus,
2372 4230 2427 4284 in
2467 4231 2673 4301 regiam
2718 4230 3038 4297 revertitur,
3083 4246 3261 4288 annos
3310 4248 3413 4288 ιιν
3451 4242 3617 4290 natus

2040 4341 2108 4382 eo
2138 4333 2407 4397 tempore.
2444 4325 2641 4382 Statim
2669 4327 2837 4382 etiam
2875 4342 3012 4382 uxor
3051 4327 3174 4400 ejus
3200 4327 3494 4386 Theodora
3527 4339 3616 4386 est

369 4414 592 4480 πήχεων
620 4411 721 4483 τὴν
750 4414 1109 4486 στερρότητα,
1132 4419 1227 4469 καὶ
1251 4416 1313 4470 τὸ
1346 4418 1597 4488 μέγεθος,
1625 4417 1722 4472 καὶ
1747 4419 1809 4471 τὸ
1831 4419 1932 4474 τῶν

2039 4418 2284 4489 Augusta
2310 4418 2582 4488 appellata
2623 4434 2637 4471 :
2682 4434 2863 4487 neque
2900 4420 3075 4482 multo
3102 4429 3228 4492 post
3251 4420 3506 4478 Justinus
3554 4422 3612 4481 in

366 4495 655 4572 δακτύλιον
691 4501 874 4572 ἁδρὸν,
901 4504 995 4556 καὶ
1021 4507 1122 4559 ὃσα
1154 4505 1361 4567 τούτοις
1398 4506 1661 4576 ἑπόμενα.
1713 4506 1937 4561 Ἰουστι-

368 4590 555 4645 νιανοῦ
583 4591 641 4646 δὲ
678 4594 1054 4665 στρατηλάτου
1090 4598 1232 4670 (81),
1256 4598 1333 4662 ὡς
1361 4599 1605 4669 εἴρηται,
1654 4602 1794 4670 μετὰ
1842 4601 1941 4655 θά-

2035 4512 2181 4565 vivis
2231 4525 2354 4565 esse
2405 4509 2593 4567 desiit.
2635 4525 2758 4562 (‘lllll
2807 4527 2982 4566 annos
3031 4527 3083 4566 Ix
3131 4521 3189 4567 et
3222 4512 3344 4569 dies
3397 4529 3465 4568 xx
3520 4529 3611 4569 re-

2040 4613 2284 4671 gnasset.

1505 4728 1705 4792 Varias
1747 4729 2056 4793 lectiones
2103 4743 2161 4791 et
2212 4745 2400 4791 ιιωιω.

440 4846 550 4915 (7|)
574 4847 691 4924 K_al
720 4846 827 4902 τὸν
866 4850 1207 4907 Ἰουστῒνον
1235 4855 1582 4923 ἐπίτροπον.
1635 4851 1900 4924 TheOpba
1920 4886 1933 4896 -

364 4930 466 4968 nes
493 4930 583 4970 an.
611 4918 644 4971 ὃ
663 4917 803 4974 Just.

2109 4859 2221 4924 (76)
2251 4856 2424 4927 ῗΕνὸς
2457 4856 2577 4912 τῶν
2607 4858 3056 4927 συγκλητικῶν.
3088 4857 3455 4923 Valerianum,
3481 4856 3615 4916 Oni-

2040 4926 2096 4979 ni
2125 4926 2340 4995 patricii
2366 4937 2424 4981 et
2448 4926 2783 4998 curopalata:
2811 4930 2999 4983 tiliam.
3028 4928 3324 4983 Clu-enicat:
3368 4930 3610 4984 Alexan-

438 4984 550 5055 (7‘2)
584 4987 808 5052 Τζάυος.
841 4991 1040 5048 Chron.
1079 4993 1371 5048 Alexandr.
1400 5010 1490 5051 an.
1520 4996 1554 5049 4
1581 4996 1722 5050 Just.
1754 4993 1934 5048 Theca
2036 4984 2268 5049 driimm.

364 5056 577 5124 pbanes
602 5074 694 5113 an.
732 5060 783 5112 Ξ).

438 5125 554 5200 (75)
589 5129 724 5200 nec
752 5145 814 5182 ts
833 5128 936 5183 τοῦ
959 5130 1290 5199 βασιλέως.
1322 5134 1457 5190 Vide
1481 5135 1765 5192 dissertat.
1793 5151 1933 5200 χχιι,

365 5194 435 5248 ad
463 5194 799 5253 Joinvillam.

2115 5064 2224 5136 (77)
2255 5067 2459 5139 Ἀγιον
2491 5067 2748 5139 Ἀρέθαν.
2785 5063 3209 5136 TheOpban.an.
3246 5067 3609 5139 5Justini,ct

2039 5136 2241 5190 Menam
2273 5138 2341 5191 ad
2380 5139 2451 5193 24
2479 5138 2705 5194 Octobr.

2111 5206 2224 5275 (78)
2276 5205 2423 5261 Ὑπὸ
2450 5208 2727 5276 σεισμοῦ.
2760 5210 2947 5266 Terra:
2981 5219 3131 5263 motu
3186 5223 3407 5264 eversas
3459 5208 3609 5265 Ana-

439 5267 550 5350 (ῖῆ
575 5269 692 5348 ,Καὶ
718 5269 1031 5350 βασιλεύς.
1059 5272 1174 5329 Hoc
1198 5272 1320 5350 loco
1346 5290 1455 5350 non
1491 5284 1711 5350 Δνίψει-ιι
1746 5273 1932 5350 “habet
2040 5267 2283 5350 aarba'm,
2329 5267 2613 5341 Edessam:
2662 5291 2718 5332 et
2749 5280 2884 5332 alias
2941 5280 3109 5332 urbes
3134 5279 3349 5350 _scribit
3403 5281 3611 5350 pariter

366 5334 681 5405 WOIphius,
700 5342 794 5393 sed
826 5334 1133 5408 imper—ator,
1162 5345 1315 5398 reddi
1338 5346 1549 5401 debuit.
1579 5334 1712 5402 \‘ide
1733 5344 1930 5400 Chron.

365 5409 753 5480 Ategaitdrhet
782 5410 1105 5480 Tbeopban.

437 5477 791 5555 (“15)ίὶάζων·ἶ
809 5477 1035 5537 'l‘zetzes
1052 5485 1108 5538 in
1127 5483 1542 5554 Lchpbronem
1565 5504 1577 5539 :
1597 5486 1661 5539 Οἱ
1678 5485 1732 5537 δὲ
1752 5485 1940 5555 Σολχοὶ

2041 5346 2404 5418 idvagriusm.
2436 5349 2492 5415 8,
2521 5364 2643 5418 quae
2688 5351 2752 5404 ad
2786 5364 2991 5403 annum
3046 5350 3077 5403 7
3124 5348 3326 5403 Justini
3384 5346 3608 5406 revocat

2034 5415 2421 5486 'l‘bcbpbanes.

2109 5488 2222 5558 (79)
2253 5487 2499 5554 Σκιρτός
2531 5488 2814 5558 ποταμός.
2859 5487 2992 5544 Vide
3029 5489 3204 5544 Nicol.
3243 5492 3608 5547 Alemannum

364 5549 462 5629 κξιὶ
482 5554 514 5622 ’ἶ
527 5547 647 5610 άξθι
666 5549 971 5629 λξῖέμενῖι,
988 5547 1303 5629 Amicam
1321 5555 1543 5629 ἄποικοί
1561 5560 1688 5629 εἰσι,
1711 5547 1932 5626 πλησῖλν

2039 5547 2277 5613 διιίιὶξςι.
2307 5547 2566 5629 arcanam
2589 5547 2869 5629 Prdcopii,
2901 5575 2951 5616 c.
2992 5563 3076 5614 l8.

366 5614 645 5736 oiéxoﬁws;
694 5614 980 5689 Ἀϐασγῶν
1032 5614 1138 5678 τῶν
1182 5628 1277 5678 καὶ
1320 5614 1700 5695 Μασσαγετῶν
1743 5614 1943 5680 κοίλου-

371 5701 413 5736 υ.
447 5701 571 5736 νων.

370 5701 571 5753 μενων.

2114 5628 2227 5694 (80)
2264 5625 2434 5691 Γυνή
2456 5643 2567 5692 τις.
2604 5625 2931 5698 'l‘heopban.
2960 5646 3050 5683 an.
3073 5634 3102 5684 7
3132 5630 3275 5688 Just.

2119 5697 2229 5769 (8t)
2264 5698 2698 5754 Ἰουστινιανοῦ
2719 5697 2788 5752 δὲ
2810 5707 3248 5770 cepam/luteo.
3272 5701 3616 5759 Justinianus
