3994 6246
394 342 527 402 ΤΞΤΞΊ

1608 347 2005 408 ANNALIUM
2039 348 2185 408 LIB.
2223 352 2375 415 XIV.

3505 362 3635 425 123i

388 453 500 506 ἄνω
537 450 638 514 τὰς
674 450 901 516 ἀκτίνας
950 453 1158 521 ἀφιεὶς,
1214 455 1271 517 ὃς
1328 457 1411 523 ἐφ’
1472 458 1687 528 ἡμέρας
1746 457 1957 524 φαίνων

2079 464 2328 530 exposui,
2387 472 2495 519 tam
2530 464 2877 536 imperatoris
2927 484 3090 539 quam
3124 471 3312 526 uxoris
3347 472 3465 541 ejus
3487 472 3636 536 odio,

387 544 680 614 διήρκεσεν
712 544 941 599 εἴκοσιν.
984 540 1180 600 Ἔθετο
1210 546 1267 600 δὲ
1297 548 1392 601 καὶ
1432 549 1566 616 πρὸς
1591 551 1718 611 τοὺς
1746 549 1961 620 Πέρσας

392 632 645 694 σπονδάς.
674 635 783 688 Καὶ
808 638 877 692 τὰ
914 638 1013 709 μὲν
1036 639 1178 693 κατὰ
1205 641 1305 708 τὴν
1340 640 1536 712 Ἐᾡαν,
1569 643 1632 695 ἐκ
1668 641 1777 696 τῶν
1808 644 1964 696 πολε-

390 724 532 794 μίων
566 725 874 797 εἰρήνευον,
916 729 1019 801 τὴν
1060 730 1117 785 δὲ
1145 731 1303 785 πόλιν
1349 734 1680 805 κατέτρεχον
1708 735 1963 804 ἐμφύλιοι

391 817 642 888 πόλεμοι,
677 820 773 875 καὶ
803 822 863 875 τὸ
889 822 1088 887 καλλος
1118 824 1291 894 αὐτῆς
1314 825 1414 879 καὶ
1442 824 1542 896 τὴν
1570 827 1829 896 ἀγλαΐαν,
1863 830 1964 899 ὅση

385 910 809 982 περιελέλειπτο
845 912 954 967 ἀπὸ
991 914 1088 968 τοῦ
1133 917 1192 969 ὲν
1230 917 1299 986 τῇ
1352 914 1607 987 βασιλείᾳ
1655 918 1753 972 τοῦ
1797 919 1964 972 Λέονο

383 1018 478 1067 τος
528 1004 818 1072 γεγονότος
867 1005 1248 1079 ἐμπρησμοῦ,
1305 1008 1700 1079 διεφθάρκασι.
1755 1010 1964 1074 Μίσους

384 1094 500 1165 γὰρ
535 1093 814 1165 ἐμφύντος
842 1099 959 1162 τοῖς
996 1096 1192 1169 δήμοις
1239 1100 1383 1155 κατὰ
1420 1099 1513 1154 τοῦ
1558 1100 1963 1173 αὐτοκράτορος

385 1188 485 1242 καὶ
535 1187 637 1259 τῆς
683 1188 1025 1262 βασιλίσσης,
1069 1191 1140 1246 δι’
1188 1190 1328 1265 ἅπερ
1361 1194 1602 1264 εἴρηται,
1641 1194 1964 1267 ὡμονόησαν

383 1280 553 1351 ἄμφω
582 1280 652 1335 τὰ
683 1283 845 1354 μέρη,
875 1282 996 1336 τότε
1022 1283 1246 1338 Βένετον
1275 1284 1369 1340 καὶ
1408 1285 1467 1340 τὸ
1504 1286 1796 1356 Πράσινον.
1839 1286 1964 1341 καί·

383 1391 467 1427 τοι
499 1373 587 1426 ἀεὶ
618 1372 875 1444 ἀλλήλοις
902 1375 1322 1447 ἐναντιούμενα,
1360 1378 1454 1429 καὶ
1482 1377 1729 1443 στάσεως
1759 1379 1962 1451 ἧρξαν-

380 1481 461 1518 το.
481 1467 542 1519 '0
572 1465 630 1519 δέ
657 1483 721 1535 γε
752 1467 972 1538 κρατῶν
1002 1468 1198 1539 μοιράν
1227 1486 1349 1524 τινα
1379 1468 1684 1544 Βαρϐάρων
1719 1471 1829 1525 τῶν
1863 1488 1965 1527 κα-

388 1556 674 1627 λουμένων
722 1557 1026 1631 Αίλούρων,
1084 1561 1270 1625 αὐτοῖς
1324 1562 1581 1631 ἐπαφεὶς,
1629 1563 1822 1635 στῆναι
1864 1563 1964 1635 τὴν

385 1651 579 1702 στάσιν
612 1648 787 1713 οὕτως
825 1649 1268 1723 ἐπικεχείρηκεν.
1310 1652 1376 1707 Ἥ
1406 1652 1452 1707 δ’
1478 1654 1690 1726 ἀνῆπτο
1733 1655 1959 1725 μᾶλλοψ

2066 548 2421 619 ροριιιῐίιιιοι·
2450 570 2569 611 sese
2596 569 3013 623 consenserunt,
3055 558 3425 619 tam.Venetae
3458 576 3626 633 quam

2071 647 2311 704 Prasinae
2340 649 2618 716 factionis,
2650 667 2965 724 quanquam
2997 654 3131 709 alias
3168 653 3438 711 dissidere
3463 655 3635 716 soliti.

2070 741 2507 814 seditionemque
2559 755 2872 800 moverunt.
2918 744 2999 800 Ad
3046 760 3211 816 quam
3267 745 3639 816 comprimen-

2070 833 2195 889 dam
2245 843 2401 905 parte
2452 834 2827 892 Barbarorum
2875 837 2943 892 ab
2991 837 3329 907 imperatore
3372 836 3635 903 immissa,

2070 924 2163 991 qui
2196 922 2401 1011 Heluri.
2433 927 2812 993 nominantur,
2848 943 2910 983 ea
2960 928 3133 1000 magis
3170 929 3337 984 etiam
3366 937 3639 983 commota
3660 926 3683 949 '
3784 984 3797 999 ι

2070 1024 2176 1070 est.
2226 1016 2414 1088 Pugna
2445 1020 2651 1074 etenim
2699 1018 2847 1074 inter
2880 1021 3029 1074 cives
3071 1030 3126 1075 et
3176 1020 3445 1075 Barbaros
3494 1034 3642 1074 com-

2076 1108 2265 1170 missa,
2296 1108 2350 1163 in
2380 1109 2502 1164 loco
2526 1110 2618 1181 qui
2650 1110 2856 1166 Milium
2886 1111 3112 1178 dicitur,
3146 1119 3204 1167 et
3239 1110 3428 1165 multis
3459 1111 3641 1164 utrin-

2068 1213 2177 1269 que
2209 1199 2581 1256 cadentibus:
2632 1201 2991 1257 ecclesiastici
3042 1200 3251 1255 bellum
3313 1208 3369 1255 et
3414 1200 3642 1254 seditio-

2070 1306 2192 1346 nem
2244 1291 2439 1347 sedare
2477 1293 2802 1362 cupientes,
2837 1304 2960 1346 eum
2992 1290 3381 1347 sacratissimis
3431 1289 3643 1343 divino-

2072 1397 2190 1435 rum
2222 1382 2643 1453 Evangeliorum
2678 1383 2988 1447 codicibus,
3019 1390 3074 1437 et
3124 1381 3437 1437 Servatoris
3466 1382 3636 1435 nostri

2068 1472 2398 1527 venerandis
2437 1473 2805 1543 imaginibus,
2864 1474 2916 1527 in
2953 1472 3198 1528 medium
3259 1488 3453 1543 agmen
3507 1488 3641 1543 prae-

2069 1561 2321 1617 liantium
2363 1573 2751 1634 penetrarunt,
2801 1564 2929 1628 rati,
2957 1579 3053 1620 eos
3082 1564 3418 1621 verecundia
3455 1579 3642 1620 sacra-

2070 1670 2191 1709 rum
2224 1655 2332 1726 62
2365 1671 2570 1722 rerum,
2605 1656 2803 1726 positis
2836 1658 3004 1712 armis
3038 1672 3277 1728 pugnam
3315 1659 3638 1713 omissuros.

387 1742 571 1811 μάχης
607 1740 716 1810 γὰρ
752 1742 1129 1814 συρραγείσης
1157 1744 1324 1813 μέσον
1354 1744 1462 1799 τῶν
1492 1746 1683 1817 δήμων
1722 1747 1816 1801 καὶ
1852 1748 1963 1802 τῶν

2073 1747 2175 1803 Sed
2221 1747 2468 1815 Barbari,
2504 1750 2616 1804 illis
2650 1750 2811 1822 plane
2852 1749 3146 1820 despectis,
3172 1750 3437 1820 populum
3472 1751 3642 1804 truci;

384 1832 691 1905 Βαρϐάρων
739 1832 881 1887 κατὰ
945 1833 1009 1888 τὸ
1068 1834 1370 1907 λεγόμενον
1426 1838 1620 1893 Μίλιον
1674 1838 1811 1911 (89),
1870 1842 1963 1895 καὶ

388 1927 704 1981 πιπτόντων
736 1926 951 1982 πολλῶν
984 1929 1332 2002 ἑκατέρωθεν
1359 1972 1374 1997 ,
1410 1932 1461 1984 oi
1492 1933 1592 2003 τῆς
1637 1933 1964 2005 Ἐκκλησίας

388 2017 747 2074 καταπαῦσαι
784 2017 886 2092 τὴν
941 2022 1135 2077 στάσιν
1180 2022 1272 2077 καὶ
1309 2024 1402 2078 τὸν
1434 2023 1668 2096 πόλεμον
1716 2027 1968 2080 σπεύδον-

385 2126 504 2177 τες,
537 2108 635 2174 τὰς
684 2113 954 2179 παναγεῖς
982 2113 1093 2165 τῶν
1133 2112 1297 2166 θείων
1341 2114 1699 2185 Εὐαγγελίων
1747 2117 1965 2188 βίϐλους

387 2203 678 2273 ἀράμενοι,
724 2201 946 2256 καὶτοῦ
982 2204 1234 2275 Σωτῆρος
1274 2205 1434 2276 ἡμῶν
1486 2192 1765 2280 σεόἆσμια
1809 2211 1966 2263 ἐκτυ-

389 2289 652 2359 πώματα.
691 2293 773 2356 είς
824 2292 1026 2363 μέσους
1073 2294 1200 2357 τοὺς
1250 2296 1597 2366 μαχομένους
1644 2298 1963 2369 συνὼθησαν

385 2382 631 2446 ἑαυτοὺς,
680 2382 929 2452 οἰόμενοι
995 2383 1345 2449 αἰδεσθέντας
1390 2387 1634 2451 ἐκείνους
1693 2388 1763 2441 τὰ
1812 2391 1959 2458 ἅγια.

391 2473 734 2529 καταθέσθαι
766 2474 838 2529 τὰ
880 2476 1046 2542 ὅπλα,
1108 2478 1204 2531 καὶ
1260 2477 1603 2550 ἀποσχέσθαι
1646 2479 1744 2533 τοῦ
1794 2481 1964 2551 μάχε-

388 2566 696 2620 adat-d1)!
734 2567 785 2621 οί
833 2567 1124 2639 Βάρὸαροι
1182 2569 1292 2622 τῶν
1347 2571 1520 2639 ἁγίων
1576 2574 1964 2643 φροντίσαντες

389 2657 502 2711 οὐδ’
543 2656 877 2724 ὁπωστιοῦν,
928 2658 1055 2722 τούς
1111 2676 1171 2713 τε
1210 2660 1417 2731 δήμους
1467 2663 1821 2725 συνέκοπτον,
1871 2665 1966 2717 καὶ

385 2747 514 2801 οὐδὲ
553 2748 663 2802 τῶν
703 2748 892 2819 ἱερῶν,
923 2748 955 2819 ἢ
987 2750 1098 2803 τῶν
1130 2750 1306 2804 ταῦτα
1330 2752 1633 2820 φερόντων,
1668 2753 1963 2824 ἐφείδοντο.

388 2838 563 2893 Τοῦτο
597 2841 709 2902 τοῖς
738 2840 841 2911 τῆς
870 2840 1080 2904 πόλεως
1115 2841 1197 2903 είς
1237 2840 1532 2911 ἐρεθισμὸν
1574 2843 1677 2913 τῆς
1726 2846 1968 2907 στάσεως

390 2933 588 3002 γέγονε
616 2970 633 2996 ,
665 2934 761 2987 καὶ
792 2931 986 3002 ὥσπερ
1017 2934 1168 3004 αὐτῷ
1200 2933 1281 3006 τῷ
1308 2933 1440 3006 θείῳ
1470 2936 1969 3007 έμπαροινουμένῳ

388 3024 715 3093 ἀμύνοντες,
768 3023 849 3086 είς
901 3023 1167 3078 ἀπόνοιαν
1215 3021 1532 3095 ὲξήφθησαν
1575 3024 1821 3089 πλείονα,
1876 3028 1969 3079 καί⁵

387 3115 491 3169 οὐκ
517 3114 712 3185 ἄνδρες
748 3115 930 3185 μόνον,
955 3113 1091 3169 ἀλλὰ
1135 3115 1228 3168 καὶ
1261 3117 1514 3183 γυναῖκες
1548 3116 1612 3168 ὲκ
1641 3115 1753 3170 τῶν
1788 3116 1963 3189 ὑπερ-

386 3207 513 3279 ῴων
558 3208 850 3278 ἐμάχοντο,
877 3206 1050 3272 λίθοις
1104 3208 1202 3261 καὶ
1252 3209 1522 3280 κεράμοις
1563 3210 1658 3264 καὶ
1696 3212 1859 3263 παντὶ
1888 3210 1967 3281 τῷ

392 3299 761 3372 προστυχόντι
791 3298 1081 3370 βάλλοντες
1110 3299 1319 3356 ἄνωθεν
1348 3303 1449 3374 τὴν
1494 3300 1782 3372 Βαρσαρον
1821 3303 1968 3355 ἐκεί-

387 3409 488 3465 νην
518 3392 751 3463 πληθύν.
789 3393 849 3446 οξ
879 3391 938 3447 δὲ
975 3393 1147 3466 μανίᾳ
1193 3392 1491 3463 ληφθέντες
1528 3395 1623 3447 καὶ
1654 3393 1967 3464 ἀμύνασθαι

388 3487 458 3541 τὰ
484 3486 681 3555 γύναια
712 3485 957 3547 θέλοντες
1024 3485 1135 3557 πῦρ
1164 3487 1339 3539 evniat
1364 3489 1472 3548 τοῖς
1509 3486 1680 3550 οἴκοις
1704 3486 1765 3551 ὲξ
1783 3479 1966 3558 ὧνπερ

391 3578 704 3633 ἐϐάλλοντο.
758 3577 1076 3648 Πνεύματος
1121 3576 1177 3628 δὲ
1231 3558 1467 3645 ὂφοδροῦ
1512 3576 1772 3638 πνέοντος
1818 3592 1968 3647 τηνι-

389 3669 592 3734 καῦτα,
654 3672 688 3745 ἡ
742 3669 876 3739 φλὸξ
919 3665 1057 3740 ἦρτο
1105 3667 1316 3738 ταχέως
1357 3669 1561 3740 ἁέριος,
1620 3672 1714 3721 καὶ
1767 3669 1969 3732 πολλὰς

397 3765 671 3835 μεγίστας
697 3780 756 3815 τε
794 3762 891 3816 καὶ
918 3759 1218 3823 καλλίστας
1250 3756 1553 3830 οἰκοδομὰς¹
1578 3760 1964 3833 κατῃθαλωσε,

395 3857 492 3909 καὶ
522 3855 821 3925 ἀγάλματα
871 3852 1210 3923 κατέφλεξεν
1244 3853 1494 3924 ἀρχαίων
1528 3853 1739 3926 ἀνδρῶν
1768 3853 1970 3924 ἐπισή-

405 3966 524 4014 μων
555 3949 650 4000 ὲπὶ
682 3947 846 4018 σοφίᾳ
882 3944 978 3999 καὶ
1010 3944 1098 3998 ἐπ’
1128 3944 1375 4016 ἀνδρείᾳ,
1425 3944 1521 3997 καὶ
1558 3947 1671 4007 τοῖς
1713 3943 1802 3997 διὰ
1851 3960 1972 4015 χει-

399 4039 511 4111 ρῶν
542 4040 638 4093 καὶ
669 4039 909 4095 συνετῶν
938 4037 1330 4120 βρυλευμάτων
1355 4036 1851 4108 ἀνδραγαθήμασιο
1877 4039 1972 4092 καὶ

395 4131 490 4185 ἐπὶ
515 4131 685 4189 πᾶσιν
711 4130 844 4184 αὐτὸ
874 4130 936 4183 τὸ
958 4129 1112 4184 θεῖον
1142 4129 1369 4199 τέμενος
1401 4127 1494 4182 τοῦ
1532 4128 1774 4199 μεγάλου
1815 4129 1971 4196 ναοῦ,

396 4225 457 4276 ὃν
491 4226 517 4277 δ
551 4223 806 4292 βασιλεὺς
842 4223 1225 4285 Κωνστάντιος
1251 4221 1364 4291 (90)
1400 4222 1731 4291 ὲδομήσατο,
1784 4223 1876 4275 καὶ
1911 4223 1973 4274 τδ

399 4317 500 4380 τῆς
541 4315 731 4383 ’Λγίας
762 4314 1026 4385 Εἰρήνης,
1062 4314 1159 4368 καὶ
1185 4314 1279 4367 τὸν
1304 4314 1399 4367 τοῦ
1431 4312 1705 4367 Εὐϐούλου
1743 4314 1968 4379 ξενῶνα.

2067 1838 2303 1909 dabant,
2357 1855 2537 1911 neque
2581 1840 2774 1906 sacris,
2810 1856 2990 1911 neque
3027 1840 3231 1912 baiulis
3269 1855 3464 1897 eorum
3511 1856 3640 1911 par-

2069 1942 2278 1987 centes.
2331 1930 2388 1987 Id
2435 1930 2661 1988 urbanae
2707 1932 3047 1988 multitudini
3104 1932 3254 1988 velut
3296 1933 3640 1988 incentivum

2079 2020 2365 2077 seditionis
2414 2021 2544 2089 fuit,
2593 2032 2654 2078 ut
2704 2032 2964 2094 tanquam
3008 2023 3253 2079 numinis
3292 2023 3461 2079 ulturi
3499 2024 3643 2093 inju-

2068 2113 2202 2166 riam
2229 2112 2442 2184 ‘majori
2502 2112 2886 2184 desperatione
2919 2113 3390 2169 inﬂammarentur
3417 2132 3430 2168 :
3464 2104 3642 2183 neque

2064 2204 2170 2259 viri
2203 2206 2404 2270 solum,
2431 2206 2526 2261 sed
2566 2207 2829 2262 mulieres
2860 2207 3023 2262 etiam
3050 2221 3081 2261 e
3109 2204 3407 2262 cmnaculis
3435 2220 3643 2276 pugna-

2067 2300 2217 2356 rent,
2260 2292 2470 2363 lapides
2499 2303 2556 2349 et
2578 2302 2768 2359 testas,
2807 2302 2864 2350 et
2891 2293 3160 2365 quidquid
3195 2294 3418 2349 obvium
3438 2301 3559 2348 erat
3586 2294 3643 2348 in

2073 2382 2420 2439 barbaricam
2482 2383 2631 2440 illam
2668 2384 3077 2440 multitudinem
3125 2398 3364 2455 superne
3395 2386 3643 2455 iaculan-

2067 2483 2168 2528 tes.
2218 2473 2289 2529 At
2344 2474 2449 2540 illi,
2496 2474 2685 2531 furore
2735 2476 2974 2546 perciti,
3026 2477 3307 2548 ulturique
3359 2478 3640 2542 mulieres,

2067 2567 2246 2635 ignem
2295 2565 2550 2638 injiciunt
2590 2565 2805 2622 aedibus
2848 2567 2996 2622 unde
3053 2567 3439 2624 feriebantur:
3486 2567 3643 2637 cuius

2066 2657 2279 2712 flantma
2338 2658 2647 2712 vehementi
2703 2668 2819 2714 tum
2857 2660 3101 2729 Spirante
3147 2667 3353 2722 vento,
3409 2673 3535 2713 mox
3585 2659 3642 2713 in

2068 2749 2302 2806 snblime
2345 2750 2488 2805 elata
2520 2751 2689 2805 multa
2722 2752 2959 2806 maxima
3000 2751 3481 2823 puicherrimaque
3511 2750 3644 2805 aedi-

2070 2837 2188 2893 licia
2233 2839 2289 2893 in
2340 2839 2557 2895 cineres
2597 2842 2840 2911 redegit,
2899 2850 2955 2896 et
2994 2841 3287 2896 simulacra
3339 2839 3645 2895 combussit

2068 2937 2316 2983 veterum
2353 2928 2617 2994 virorum,
2658 2929 2729 2983 ob
2768 2929 3095 3000 sapientiam
3137 2941 3193 2986 et
3239 2932 3643 2996 fortitudinem,

2070 3029 2125 3073 et
2158 3034 2246 3074 res
2287 3033 2450 3073 manu
2492 3018 2830 3089 consilioque
2876 3020 3017 3075 bene
3064 3031 3246 3091 gestas
3285 3020 3580 3077 illustrium
3625 3040 3640 3076 :

2072 3127 2137 3168 ac
2168 3122 2366 3182 prater
2398 3125 2617 3176 caetera,
2664 3113 2876 3185 insigne
2916 3122 2969 3168 et
3014 3116 3209 3187 ingens
3241 3116 3525 3185 templum,
3576 3112 3645 3170 ab

2074 3205 2404 3273 imperatore
2435 3202 2755 3259 Constantio
2787 3214 3081 3269 structum,
3124 3216 3178 3262 et
3210 3206 3423 3263 Sanctae
3476 3207 3646 3262 Irena:

2073 3294 2276 3361 aedem,
2328 3308 2393 3349 ac
2442 3291 2641 3348 Eubuli
2695 3294 3021 3365 hospitalem
3061 3296 3319 3360 domum,
3359 3306 3416 3352 et
3459 3295 3645 3366 palatii

2074 3381 2492 3454 Chalcostegum
2518 3423 2535 3450 ,
2588 3398 2710 3454 quae
2758 3400 2906 3441 nunc
2942 3383 3143 3441 Cbalce
3209 3387 3525 3457 appellatu'r'
3555 3386 3646 3457 (ab

2073 3489 2215 3530 aereo
2255 3483 2403 3530 tecto
2431 3489 2634 3530 nomen
2673 3475 2727 3529 id
2766 3475 2970 3533 factum
3005 3479 3108 3546 est)
3133 3489 3187 3533 rt
3213 3480 3452 3534 carceris
3481 3494 3640 3533 usum

2076 3565 2321 3635 pnebct,
2370 3573 2428 3620 et
2470 3564 2656 3621 Severi
2691 3565 2936 3630 balneas,
2976 3583 3096 3637 quae
3132 3567 3394 3639 Zeuxippi
3444 3584 3644 3624 nomen

2077 3656 2303 3721 habent,
2353 3656 2569 3726 aliaque
2626 3656 2797 3711 multa
2847 3673 2969 3728 qua:
3026 3658 3149 3713 urbi
3198 3667 3361 3729 atque
3414 3660 3648 3729 imperio

2076 3754 2398 3801 omamenta
2464 3754 2523 3801 et
2590 3747 3009 3801 admirationem
3089 3748 3416 3803 attulerunt.
3492 3749 3649 3803 Tum:

2077 3838 2242 3909 igitur
2279 3838 2578 3908 imperator
2627 3839 2775 3894 aliud
2842 3838 3133 3896 consilium
3186 3841 3353 3911 cmpit
3413 3841 3649 3911 compri-

2078 3931 2289 3986 mendae
2336 3930 2646 3998 seditionis,
2719 3942 2774 3988 et
2831 3932 2887 3988 in
2943 3933 3219 3988 theatrum
3278 3949 3646 4006 progressus,

2077 4020 2247 4076 verba
2280 4019 2460 4077 facere
2489 4022 2555 4077 ad
2591 4022 2853 4094 populum
2876 4024 3140 4090 instituit,
3172 4039 3351 4095 eoque
3387 4024 3649 4095 populum

2078 4126 2179 4182 per
2231 4110 2455 4167 nuntios
2484 4114 2828 4167 convocavit.
2874 4112 2926 4167 Is
2955 4127 3085 4167 vero
3120 4114 3257 4167 adeo
3297 4129 3407 4167 non
3439 4114 3653 4168 obtem-

2083 4213 2332 4284 peravit,
2383 4220 2443 4266 ut
2476 4211 2570 4267 alii
2623 4213 2758 4268 alios
2803 4224 3128 4277 monerent,
3180 4213 3484 4268 cavendum
3529 4227 3650 4268 esse

2078 4314 2333 4375 equestre
2381 4304 2690 4370 theatrum,
2729 4322 2797 4360 ne
2829 4306 2881 4359 in
2922 4321 2989 4360 eo
3021 4314 3279 4377 tanquam
3312 4321 3533 4362 carcere
3562 4306 3649 4359 in-

397 4406 495 4460 καὶ
529 4405 630 4477 τὴν
667 4403 761 4458 τοῦ
794 4404 1055 4457 παλατίου
1089 4402 1487 4470 Χαλκόστεγον,
1518 4404 1646 4473 ἥτις
1704 4400 1773 4475 ἦν
1805 4406 1838 4474 ἡ
1873 4405 1967 4459 νῦν

2084 4397 2245 4460 clusi,
2271 4411 2463 4451 eorum
2498 4397 2592 4467 qui
2628 4413 2809 4453 rerum
2842 4399 3156 4469 potirentur
3188 4398 3525 4455 iracundiam
3551 4415 3652 4456 suo

402 4498 717 4569 καλουμένη
757 4498 973 4570 Χαλκῆ,
1021 4498 1117 4552 καὶ
1163 4500 1242 4561 είς
1272 4497 1500 4568 εἱρκτὴν
1529 4492 1972 4569 χρηματίζουσα,

399 4590 499 4645 καὶ
542 4589 606 4643 τδ
637 4590 883 4661 Σευῆρου
926 4589 1154 4659 λουτρὸν
1196 4588 1264 4641 τὸ
1306 4589 1607 4659 λεγόμενον
1644 4590 1973 4657 Ζεύξιππον,

404 4682 503 4735 καὶ
529 4680 667 4737 ἄλλα
695 4681 869 4735 πολλὰ
903 4683 1112 4750 κόσμον
1140 4682 1234 4735 καὶ
1264 4681 1450 4751 θαῦμα
1482 4684 1549 4754 τῇ
1593 4683 1746 4737 πόλει
1779 4686 1876 4739 καὶ
1908 4689 1974 4757 τῇ

406 4772 657 4847 βασιλείᾳ
714 4773 1173 4845 περιποιούμενοι.
1220 4774 1355 4829 Τότε
1410 4775 1595 4829 τοίνυν
1643 4778 1671 4830 ὁ
1718 4776 1976 4847 βασιλεὺς

2079 4489 2306 4544 interitu
2335 4489 2637 4559 explerent.
2673 4489 2879 4545 Deinde
2940 4490 2993 4544 in
3024 4489 3146 4545 foro
3176 4490 3550 4547 discursantes
3582 4491 3650 4545 de

2078 4579 2188 4634 alio
2211 4579 2540 4650 imperatore
2560 4581 2800 4636 creando
2828 4582 3232 4648 dcliberarunt,
3274 4592 3333 4637 et
3360 4585 3651 4653 quemdam

2080 4672 2433 4742 imperatoris
2478 4673 2752 4728 Anastasii
2804 4683 3097 4742 cognatum
3132 4673 3424 4745 Hypatium
3475 4674 3650 4733 nacti,

2082 4763 2279 4832 partim
2325 4764 2577 4830 invitum,
2606 4765 2803 4836 partim
2838 4767 3003 4822 etiam
3037 4782 3383 4837 persuasum,
3437 4768 3491 4820 in
3537 4764 3649 4818 bla-

402 4868 610 4937 ὲτέρως
659 4862 1062 4939 καταστορέσαι
1111 4868 1211 4938 τὴν
1255 4869 1450 4923 στᾶσιν
1490 4868 1803 4942 διανενόητο
1835 4886 1849 4902 °
1888 4872 1967 4926 καλ

2082 4858 2174 4926 gni
2220 4855 2567 4913 Constantini
2602 4858 2782 4913 forum
2808 4859 3113 4924 adducunt,
3156 4868 3319 4927 atque
3351 4857 3547 4925 clypeo
3597 4854 3652 4906 in

411 4956 655 5011 ἀνελθὼν
696 4959 779 5022 είς
814 4958 875 5011 τὸ
920 4958 1171 5028 θέατρον,
1215 4959 1562 5032 διαλεχθῆναι
1612 4964 1733 5025 τοῖς
1780 4962 1977 5034 δήμοις

408 5046 743 5111 ἰόουλεύετο.
792 5052 885 5104 καὶ
928 5050 1169 5119 πέμψας,
1206 5051 1325 5104 ἐκεῖ
1368 5053 1427 5105 τὸ
1472 5052 1762 5123 δημοτικὸν
1796 5072 1957 5124 μετε-

2086 4946 2322 5003 sublime
2351 4949 2553 5004 elatum
2584 4949 2971 5020 imperatorem
3003 4951 3369 5011 consalutant,
3407 4957 3463 5003 et
3488 4961 3651 5002 occu-

2085 5049 2212 5109 pato
2266 5040 2528 5097 curriculi
2569 5044 2840 5113 equestris
2880 5043 3116 5106 theatro,
3151 5041 3344 5095 faustis
3381 5038 3659 5093 ominibus

1595 5169 1792 5230 Variae
1822 5171 2133 5238 lectiones
2163 5182 2226 5239 et
2254 5184 2443 5242 notas.

483 5291 597 5371 (8‘9)
630 5295 793 5371 Κατᾲ
810 5295 880 5349 τὸ
902 5298 1236 5371 λεγόμενον
1264 5297 1501 5371 Maior.
1539 5297 1613 5371 De
1631 5312 1742 5371 quo
1765 5299 1967 5371 egimus

2083 5304 2249 5361 theta!
2273 5304 2330 5359 in
2354 5305 2679 5361 Constantio
2714 5322 2727 5359 :
2756 5303 2914 5357 Ἐπεὶ
2937 5302 2994 5355 δὲ
3020 5303 3116 5355 καὶ
3140 5303 3171 5371 ἡ
3193 5300 3287 5353 τοῦ
3318 5301 3456 5354 Θεοῦ
3479 5305 3655 5369 Μεγά-

409 5366 466 5438 in
507 5362 992 5438 Constantinopoli,
1027 5362 1065 5420 ιζ
1099 5382 1135 5429 l,
1163 5376 1303 5420 sect.
1327 5365 1420 5438 25.
1469 5382 1526 5420 n.
1554 5368 1608 5422 2.

874 5368 992 5449 pagi,
1027 5368 1065 5420 I.
1099 5382 1135 5429 Ι,
1163 5376 1303 5420 sect.
1327 5368 1420 5426 25.
1469 5382 1526 5420 n.
1554 5368 1608 5422 2.
1647 5368 1758 5449 Τῆς
1789 5370 1983 5453 Μιλίου
2083 5375 2147 5446 λη
2174 5374 2441 5445 ὲκνλησια
2466 5376 2660 5497 pays“;
2688 5371 2998 5425 αὐτῶντῶν
3032 5368 3463 5441 κατῄχουμένων
3511 5368 3648 5458 timo.

874 5445 977 5490 mli
1003 5446 1271 5497 Drmlel'ea
1335 5433 1682 5497 SilurODulus
1730 5453 1786 5493 In
1842 5438 1978 5493 Hist.
2079 5445 2316 5497 δηιήθη.
2369 5448 2399 5497 ὁ
2448 5445 2507 5497 δὲ
2609 5442 2857 5497 ὑφοάτηε
2896 5444 2925 5495 ὁ
2969 5441 3179 5497 ταύτην
3225 5445 3648 5497 κατασκευαᾶον

412 5433 977 5516 λεωρόρουηςηθηιῖοἰῑ
1003 5446 1271 5516 praeterea
1335 5433 1682 5516 §gur0pulus
1714 5433 1786 5493 'in
1835 5438 1967 5516 Hist

2079 5445 2110 5497 δ
2126 5433 2316 5516 ίμίιθη,
2330 5433 2341 5445 ’
2369 5448 2399 5498 ὁ
2448 5433 2507 5497 δὲ

2609 5442 2857 5512 ύφράτης
2896 5444 2925 5495 ό
2969 5441 3179 5512 ταύτην
3205 5441 3655 5512 Δκατασκευάζων

2079 5445 2316 5516 ὁρμήθη,
2369 5448 2399 5498 ὁ

414 5503 636 5585 concilii
649 5503 926 5585 _I"larent._
948 5503 1084 5562 sect.
1109 5507 1163 5561 6.
1191 5520 1312 5576 cap.
1345 5503 1555 5585 festi.
1614 5509 1717 5585 via}
1771 5510 1960 5585 scilice

2083 5503 2440 5585 ἐτελεύτῖησεν
2464 5516 2524 5585 ἐν
2550 5512 2627 5583 τῷ
2652 5503 2787 5585 Α’ίδίῳ
2815 5503 3144 5585 animo-rusp-
3164 5509 3269 5585 νῦν
3285 5503 3655 5585 γηροκομεῖόν

415 5589 583 5644 quam
616 5577 804 5649 Μέσην
828 5577 1002 5649 vulgo
1036 5586 1236 5649 vocant
1288 5578 1592 5649 scriptores
1675 5577 1984 5649 Byzantini,

417 5650 488 5700 de
510 5659 616 5768 300a
658 5645 713 5699 in
737 5645 1128 5717 eodem‘opere
1162 5646 1202 5700 l.
1240 5664 1279 5708 ι,
1309 5663 1365 5700 n.
1397 5648 1487 5701 25.

490 5718 505 5784 (
582 5714 749 5782 )‘0r
792 5720 825 5771 ό
856 5717 1159 5782 ,βασιλεὺς
1224 5717 1487 5772 Κωνστάῖ

582 5714 749 5782 )“Ον
792 5720 825 5771 ό
856 5714 1159 5782 ﬂavi/tem
1224 5717 1661 5785 Κωνστάντιος.
1725 5720 1987 5775 Praefecto

420 5786 573 5856 operi
603 5786 905 5856 Euphrata.
940 5787 1258 5844 Cbronicon
1283 5802 1417 5843 mss.
1471 5790 1761 5860 Symeouis
1814 5791 1989 5859 Logoa

2084 5587 2235 5638 ἐστιν
2266 5580 2342 5637 ἔν’
2363 5581 2444 5654 τῷ
2463 5580 2743 5654 λεγομένῳ
2759 5580 3210 5654 ’Διμακέλλῳίτὰ
3232 5580 3494 5654 Εὑφρατὰ
3519 5584 3654 5654 ἰδιω-

2086 5656 2252 5779 ῖεικῶς
2283 5651 2574 5777 λεγόὲενα.
2598 5651 2742 5709 γωδ
2792 5651 3067 5708 ηὸειιθειπ
3101 5651 3649 5722 Constantinopolim,

2118 5772 2121 5775 .
2158 5742 2234 5791 lii,
2266 5734 2402 5779 sect.
2470 5765 2482 5776 .
