3994 6246
441 328 580 390 ῙΞΗ

1735 321 2060 385 JOANNlS
2099 320 2422 380 Z‘JNARE

3557 307 3700 374 12H

436 451 747 506 amoveret,
779 442 844 496 ad
878 441 1251 499 Iustinianum
1283 440 1479 498 scribit
1511 456 1569 495 se
1604 456 1713 495 non
1746 437 2008 509 regnandi

2138 438 2396 504 τοὶέμους
2439 434 2798 506 νωθέστερος.
2836 424 3004 495 Οὗτος
3044 429 3110 500 δὴ
3141 431 3168 484 ό
3212 429 3499 500 Ἰλδέριχος
3537 431 3697 498 συνή-

437 534 739 606 cupiditate
785 534 1074 603 imperium
1122 535 1410 600 invasisse,
1452 533 1549 590 sed
1597 532 1744 603 quod
1777 530 2016 586 Ililtleri-

436 629 602 684 chum
635 626 702 682 ad
736 625 788 681 id
831 625 1330 682 administrandum
1369 637 1565 682 natura
1607 626 1789 681 minus
1827 634 2014 695 aptum

437 735 559 776 esse
597 719 818 775 viderit.
865 719 935 773 At
975 720 1274 789 imperator
1312 720 1590 776 Gelimero
1639 718 1922 782 rescribit,
1958 733 2017 773 se

438 828 548 869 non
602 812 1056 884 conquieturum,
1092 813 1196 869 nisi
1241 822 1298 868 et
1346 812 1548 883 injusta
1588 811 1640 865 vi
1686 826 2015 881 oppressum

438 904 765 966 vindicarjt,
808 911 865 959 et
894 913 1184 972 tyrannum
1220 905 1368 960 ultus
1403 906 1590 958 fuerit.
1631 904 1820 973 itaque
1851 903 2020 972 patri-

439 996 586 1059 cium
617 993 934 1049 Belisarium
963 1011 1029 1049 ex
1057 994 1303 1057 Oriente,
1327 996 1416 1050 ubi
1446 1011 1568 1050 cum
1601 996 1787 1050 Persis
1814 995 2017 1049 beilum

437 1084 684 1155 gerebat,
713 1085 1073 1151 accersitum,
1100 1099 1224 1139 cum
1254 1100 1416 1139 manu
1449 1084 1786 1139 validissima
1817 1096 1874 1139 et
1906 1101 2022 1139 ma-

437 1191 542 1246 gna
587 1177 785 1242 classe,
826 1177 1088 1232 omnibus
1128 1177 1305 1247 c0piis
1347 1193 1472 1232 cum
1524 1192 1740 1232 summo
1787 1177 2021 1247 imperio

440 1268 756 1345 prmi'ectum
789 1270 845 1324 in
870 1269 1094 1341 Libyam
1130 1269 1318 1333 mittit,
1344 1270 1510 1325 etiam
1535 1268 1858 1325 Caesariensi
1885 1270 2020 1326 Pro-

442 1359 603 1427 c0pio
629 1361 949 1425 comitante,
986 1360 1080 1430 qui
1114 1360 1254 1414 bella
1288 1360 1399 1414 illic
1434 1371 1585 1430 gesta
1626 1362 1851 1428 coniose
1890 1376 2021 1431 per-

442 1460 668 1506 secutus
696 1459 802 1507 est.
837 1449 1143 1505 Belisarius
1173 1450 1416 1505 exercitu
1454 1451 1508 1504 in
1539 1451 1709 1522 Libya
1744 1451 2019 1521 exposito,

440 1543 641 1597 vallum
701 1543 950 1599 obducit.
1005 1543 1125 1610 Quo
1181 1543 1494 1599 Gelimerus
1541 1545 1799 1616 cognito,
1861 1544 2021 1599 fratri

439 1634 647 1689 Amata:
697 1635 958 1700 mandat,
1016 1645 1077 1689 ut
1134 1635 1519 1690 Hilderichum
1576 1651 1700 1692 cum
1753 1637 2023 1709 cognatis,

441 1742 580 1795 quos
621 1726 675 1781 in
716 1727 968 1783 custodia
1012 1727 1265 1794 tenebat,
1309 1728 1497 1784 statim
1536 1743 1569 1784 e
1618 1728 1804 1784 medio
1849 1729 2019 1785 tollat.

444 1815 537 1871 Sic
578 1816 653 1870 illi
687 1816 957 1873 interfecti
987 1827 1129 1872 sunt.
1168 1818 1468 1872 Belisarius
1498 1827 1681 1874 autem
1701 1860 1716 1886 ,
1746 1818 2026 1875 Gelimero

443 1905 753 1978 proﬂigato,
788 1917 1093 1978 ereptaque
1125 1905 1480 1978 Carthagine,
1515 1909 1688 1965 totius
1724 1908 1913 1982 Libyae
1942 1918 2028 1965 est

445 1998 671 2068 potitus,
700 2013 931 2069 eamque
964 1998 1212 2057 Romano
1243 2000 1475 2072 imperio
1506 2000 1779 2072 subjecit,
1814 2017 1844 2057 a
1879 2002 2027 2056 Van-

446 2088 585 2144 dalis
602 2105 698 2159 per
717 2104 892 2146 annos
913 2107 1013 2146 xcv
1035 2102 1381 2162 occupatam,
1406 2102 1461 2149 et
1480 2093 1816 2150 Gelimerurn
1838 2094 2027 2151 vivum

446 2196 571 2236 cum
608 2196 776 2238 uxore
813 2191 869 2239 et
908 2183 1098 2240 liberis
1141 2184 1584 2254 comprehendit.
1630 2185 1857 2253 Ferunt,
1897 2203 2026 2242 eum

449 2273 580 2329 dum
625 2277 680 2328 in
721 2274 948 2345 regione
986 2275 1298 2329 Maurorum
1344 2290 1539 2345 aspera
1574 2290 1699 2330 cum
1738 2275 1852 2332 suis
1881 2275 2031 2345 obsi-

447 2364 693 2428 deretur,
728 2380 946 2419 annona
975 2364 1336 2432 destitutum,
1367 2384 1398 2421 a
1430 2366 1653 2421 tribuno
1688 2382 1852 2436 quem
1883 2366 2028 2422 Beli-

449 2457 628 2511 sarius
658 2455 934 2511 obsidioni
969 2456 1305 2526 praefecerat,
1342 2458 1567 2527 petiisse
1597 2474 1817 2529 panem,
1851 2458 2030 2514 citha-

452 2559 566 2600 ram
592 2555 648 2600 et
674 2547 953 2617 spongiam
979 2563 994 2601 :
1023 2547 1118 2617 qui
1143 2562 1266 2601 cum
1301 2562 1410 2602 non
1440 2545 1798 2619 intelligeret,
1823 2564 1933 2620 qua
1962 2549 2030 2605 de

452 2654 614 2693 causa
641 2639 740 2693 ista
770 2647 1001 2709 peteret,
1029 2639 1286 2693 nuntium
1315 2639 1705 2712 interrogasse,
1736 2656 1866 2697 eum
1895 2657 2031 2697 vero

454 2731 808 2800 respondisse
832 2773 848 2798 ,
899 2747 1095 2802 panem
1149 2734 1379 2804 petiisse
1419 2732 1701 2802 spectandi
1733 2733 2030 2802 desiderio,

453 2822 600 2892 quod
638 2822 848 2876 nullum
873 2822 1098 2877 vidisset
1126 2841 1192 2877 ex
1218 2840 1328 2894 quo
1356 2823 1688 2895 Carthagine
1713 2824 2030 2886 excidisset;

455 2930 580 2969 nam
625 2914 895 2970 Barbaros
927 2915 1069 2985 apud
1117 2932 1256 2985 quos
1299 2926 1450 2987 agat,
1500 2916 1700 2971 misere
1736 2915 2030 2973 victitare:

456 3006 768 3077 Spongiam,
818 3015 880 3060 ut
911 3007 1180 3078 lacrymas
1227 3017 1516 3078 extergat:
1554 3007 1848 3072 citharam,
1883 3017 2035 3064 utea

2121 530 2220 598 οης
2251 529 2440 596 γέγονε
2477 526 2934 599 τῷἸουστινιανῷ
2961 524 3040 578 ἔτι
3080 522 3440 602 ἰδιωτεύοντι.
3460 522 3699 593 Γελίμερ

2119 622 2173 675 δὲ
2223 621 2306 684 τίς
2348 620 2623 690 ὁμογενὴς
2660 619 2984 691 Ὶλδερέχου,
3040 617 3179 688 ἀνὴρ
3230 615 3515 685 κακοήθης
3575 614 3697 685 μὲν,

2120 715 2450 785 δραστήριος
2482 715 2539 768 δὲ
2588 715 2683 767 καὶ
2718 712 3042 784 νεωτερίσαι
3087 710 3282 774 δεινὸς,
3334 709 3562 762 ἐπέθετο
3608 724 3703 760 τυ-

2126 808 2333 878 ραννίδι
2362 824 2375 838 ⁶
2404 809 2499 861 καὶ
2533 806 2625 861 τὸν
2652 808 2851 861 οἰκεῖον
2874 805 3165 875 κατασχὼν
3194 802 3482 872 δεσπότην,
3507 802 3701 871 εἱρκτῇ

2122 900 2489 972 παραδίδωσι,
2517 900 2613 954 καὶ
2643 899 2772 963 τοὺς
2802 900 2916 953 ὅσοι
2947 898 3144 970 ἐκείνῳ
3168 897 3472 970 ᾠκείωντο.
3519 896 3696 948 Ἀπο-

2121 992 2446 1063 τριϐόμενος
2500 994 2546 1046 δ’
2599 986 2711 1046 οἷον
2787 991 2847 1043 τὸ
2905 992 3006 1059 τῆς
3068 991 3376 1061 τυραννίδος
3431 990 3699 1058 αἰτίαμα.

2123 1085 2329 1156 γράφει
2362 1084 2498 1156 πρὸς
2546 1084 2951 1147 Ἰουστινιανὸν,
2980 1083 3056 1147 ὡς
3085 1084 3147 1136 ού
3188 1083 3288 1152 τῆς
3322 1085 3501 1153 ἀρχῆς
3539 1084 3703 1153 ἐρῶν,

2123 1176 2330 1245 ταύτης
2383 1176 2683 1247 ἐδράξατο,
2715 1174 2832 1228 ἀλλ’
2876 1176 2959 1227 ὅτι
3021 1173 3315 1246 Ἰλδέριχος
3355 1174 3704 1242 ἁποπεφύκει

2126 1268 2263 1339 πρὸς
2296 1267 2396 1339 τὴν
2423 1269 2631 1336 ταύτης
2665 1266 2957 1335 διοίκησιν.
2998 1265 3057 1320 Ὀ
3084 1265 3142 1320 δὲ
3202 1265 3458 1336 βασιλεὺς
3499 1267 3693 1318 ἀντεπ-

2124 1359 2338 1413 έστειλε
2374 1360 2455 1430 τῷ
2503 1360 2786 1430 Γελίμερι,
2835 1361 2911 1422 ὡς
2960 1358 3059 1411 οὐκ
3104 1359 3375 1424 ἀνέξεται,
3425 1361 3474 1411 εί
3527 1360 3603 1429 μὴ
3635 1359 3711 1428 τῷ

2124 1451 2515 1524 τυραννηθέντι
2569 1451 2670 1523 μὲν
2715 1452 3032 1522 τιμωρήσῃ,
3079 1452 3171 1504 τὸν
3209 1451 3267 1503 δὲ
3311 1451 3712 1521 τυραννίσαντα

2118 1540 2525 1609 τιμωρήσεται.
2554 1539 2645 1593 Διὸ
2669 1540 2761 1592 τὸν
2820 1539 3106 1610 πατρίκιον
3144 1538 3461 1608 Βελισάριον
3497 1543 3559 1591 ἐκ
3612 1541 3705 1604 τῆς

2138 1626 2313 1698 Ἕῴας
2365 1630 2861 1701 μεταστειλάμενος
2894 1632 3033 1702 (ἐκεῖ
3061 1629 3170 1701 γὰρ
3220 1626 3289 1701 ἦν
3341 1633 3371 1684 ὁ
3422 1633 3566 1703 ἀνὴρ
3602 1636 3712 1696 τοῖς

2132 1720 2367 1793 Πέρσαις
2396 1723 2723 1794 μαχόμενος)
2744 1723 2825 1787 εἰς
2847 1723 3055 1794 Λιϐύην
3112 1725 3253 1793 μετὰ
3281 1725 3462 1795 χειρὸς
3494 1724 3715 1796 βαρείας

2131 1809 2227 1862 καὶ
2278 1809 2469 1863 στόλου
2529 1813 2741 1881 πέμπει
2789 1810 3014 1877 πολλοῦ,
3072 1812 3321 1877 άπάσαις
3378 1815 3547 1868 αὑτὸν
3597 1817 3714 1878 ταῖς

2127 1901 2426 1972 δυνάμεσιν
2472 1902 2777 1975 ἐπιστήσας
2822 1904 3274 1975 ἀρχιστράτηγον
3307 1904 3712 1978 αὐτοκράτορα,

2124 1987 2170 2062 ᾧ
2210 1996 2303 2048 καὶ
2340 1997 2367 2048 ό
2398 1996 2717 2067 Καισαρεὺς
2748 1997 3225 2068 συμπαρωμάρτει
3255 1998 3561 2070 Προκόπιος
3596 2000 3714 2071 (2⁸),

2128 2086 2186 2151 ὃς
2213 2086 2284 2140 τὰ
2312 2085 2446 2156 περὶ⁹
2471 2087 2581 2141 τῶν
2610 2087 2733 2141 ἐκεῖ
2764 2087 3026 2159 πολέμων
3068 2087 3328 2160 ἱστόρησε
3356 2089 3715 2144 πλατυκώτε-

2131 2193 2247 2246 ρον.
2297 2176 2704 2241 Καταπλεύσας
2755 2172 2850 2231 οὖν
2893 2178 2973 2243 είς
3011 2177 3221 2249 Λιϐύην
3293 2177 3323 2231 ὁ
3378 2176 3716 2247 Βελισάριος,

2130 2271 2348 2341 χάρακα
2376 2270 2654 2341 βάλλεται.
2709 2269 2767 2325 '0
2795 2272 2850 2325 δὲ
2873 2270 3131 2341 Γελίμερ,
3169 2270 3333 2324 τοῦτο
3367 2269 3583 2342 μαθὼν,
3625 2274 3713 2324 ἐν·

2130 2364 2381 2420 τέλλεται
2429 2364 2508 2432 τῷ
2561 2364 2775 2435 ἀδελφῷ
2821 2364 3039 2435 ’Λματᾷ
3068 2365 3162 2418 τόν
3190 2382 3250 2417 τε
3295 2363 3589 2436 Ίλδέριχον
3627 2365 3718 2418 καὶ

2131 2452 2259 2515 τοὺς
2320 2451 2487 2506 αὑτοῦ
2551 2454 2840 2520 συγγενεῖς
2902 2451 2998 2514 οὓς
3060 2451 3413 2524 ἐμφρούρους
3466 2457 3717 2521 κατεῖχεν

2132 2544 2332 2596 αὐτίκα
2358 2547 2584 2599 κτεῖναι.
2614 2546 2723 2598 Καὶ
2770 2546 2820 2597 οἱ
2875 2544 2972 2612 μὲν
3012 2543 3309 2615 ἀνῄρηντο.
3366 2544 3603 2613 Γελίμερ
3635 2546 3716 2609 δὲ,

2136 2634 2430 2705 συμϐαλὼν
2481 2636 2560 2706 τῷ
2613 2636 2919 2707 Βελισαρέῳ
2996 2638 3092 2689 καὶ
3151 2634 3444 2706 ἡττηθεὶς,
3512 2636 3613 2701 τῆς
3664 2652 3720 2686 τε

2137 2726 2495 2797 Καρχηδόνος
2525 2727 2752 2793 ἐξέπεσε
2787 2729 2884 2780 καὶ
2919 2727 3029 2780 τῶν
3056 2727 3257 2793 ἄλλων,
3298 2730 3390 2781 καὶ
3417 2728 3601 2797 πάσης
3623 2727 3719 2794 τῆς

2139 2818 2355 2890 Λιϐύης
2426 2820 2703 2893 ἐκράτησε
2777 2821 3140 2891 Βελισάριος,
3191 2821 3287 2874 καὶ
3344 2823 3408 2891 τῇ
3476 2820 3721 2891 βασιλεία

2150 2911 2442 2980 Ῥωμαίων
2475 2912 2745 2981 ὑπέταξεν
2772 2953 2789 2979 ,
2824 2914 3185 2984 ἐννενήκοντα
3224 2912 3319 2966 καὶ
3348 2913 3513 2967 πέντε
3546 2914 3723 2966 ἐνιαυ-

2138 3007 2265 3068 τοὺς
2293 3006 2404 3059 τῶν
2442 3005 2771 3076 Οὐανδήλων
2803 3006 3217 3075 κυριευσάντων
3248 3005 3445 3074 αὐτῆς.
3491 3004 3724 3073 Συνέσχε

455 3096 795 3152 calamitates
844 3112 972 3153 suas
1020 3098 1292 3168 depioret.
1340 3098 1505 3154 Facta
1546 3113 1713 3169 porro
1756 3114 1881 3155 cum
1918 3101 2033 3155 suis

2140 3097 2198 3151 δὲ
2244 3098 2386 3164 ζωὸν
2419 3100 2513 3153 καὶ
2548 3099 2714 3153 αὐτὸν
2748 3099 2842 3154 τὸν
2882 3100 3159 3171 Γελίμερα
3208 3099 3306 3153 σὺν
3358 3100 3579 3169 γαμετῇ
3632 3098 3725 3151 καὶ

458 3187 761 3252 deditione,
794 3187 861 3242 ad
891 3186 1213 3243 Bclisarium
1244 3189 1400 3245 vivus
1431 3198 1515 3245 est
1548 3192 1868 3259 perductus,
1895 3193 2037 3247 inte-

459 3279 563 3333 rim
594 3278 819 3333 ridens:
869 3287 929 3333 ut
971 3279 1065 3349 qui
1109 3279 1396 3346 videbant,
1430 3296 1557 3335 eum
1604 3297 1798 3339 errore
1838 3286 2040 3341 mentis

458 3368 597 3424 allici
631 3369 948 3432 crederent,
975 3371 1046 3425 ob
1075 3371 1401 3427 calamitatis
1430 3363 1888 3444 magnitudinem.
1931 3375 2040 3433 Sed

459 3473 552 3514 res
574 3459 734 3516 aliter
764 3474 822 3515 se
849 3459 1108 3516 habebat.
1152 3458 1288 3516 Nam
1322 3462 1451 3517 dum
1480 3461 1717 3519 fortuna:
1745 3480 1859 3522 suae
1887 3481 2039 3522 com-

461 3552 822 3607 mutationem
865 3553 1048 3607 animo
1087 3561 1402 3623 reputaret,
1435 3553 1548 3625 66
1576 3553 1819 3611 humana
1853 3557 2039 3614 omnia

464 3642 695 3697 ridicula
725 3658 850 3699 esse
878 3642 1251 3706 existimabat.
1284 3641 1583 3698 Beiisarius
1609 3658 1742 3699 vero
1771 3654 1828 3700 et
1849 3644 2041 3716 ipsum

464 3744 521 3790 et
543 3734 712 3789 duces
737 3733 1105 3789 Vandalorum
1130 3733 1187 3787 in
1212 3732 1464 3788 custodia
1491 3732 1794 3793 honoriﬁce
1825 3735 2041 3805 habuit,

468 3836 529 3881 ut
549 3827 615 3881 ad
642 3826 1026 3896 imperatorem
1048 3826 1507 3896 perducerentur.
1529 3821 1690 3893 Cepit
1711 3832 1770 3882 et
1795 3824 2041 3883 Siciliam

467 3928 523 3977 ct
544 3919 851 3975 Sardiniam
891 3919 1147 3982 insulam,
1182 3917 1251 3973 de
1289 3931 1398 3987 qua
1436 3927 1602 3986 supra
1644 3930 1676 3971 a
1706 3932 1795 3975 me
1831 3919 2043 3976 dictum

465 4020 572 4079 est,
595 4020 652 4067 et
680 4010 745 4066 ad
786 4009 965 4066 Gades
1006 4025 1179 4080 usque
1225 4009 1472 4066 subactis
1499 4011 1801 4068 omnibus:
1835 4013 1915 4069 sic
1941 4012 2044 4069 de-

463 4120 618 4161 mum
642 4105 959 4177 Byzantium
982 4111 1066 4160 est
1103 4118 1377 4169 reversus,
1407 4113 1464 4160 et
1490 4103 1672 4174 ipsum
1702 4103 2042 4162 Gelimerum

464 4212 593 4253 eum
627 4213 823 4261 uxore,
853 4195 1062 4262 liberis,
1101 4195 1349 4265 cognatis
1411 4203 1470 4251 et
1499 4195 1759 4252 omnibus
1796 4197 1917 4269 ejus
1948 4199 2046 4254 mi-

472 4292 712 4347 nisteriis
744 4290 994 4347 adduxit.
1026 4287 1109 4344 Ob
1140 4303 1262 4358 quae
1302 4302 1533 4359 magnus
1564 4288 1618 4343 ei
1651 4288 1830 4346 honos
1859 4300 1944 4346 est
1976 4290 2046 4348 ab

472 4387 800 4455 imperatore
826 4383 1050 4438 habitus
1078 4389 1134 4437 et
1168 4380 1484 4449 triumphus
1513 4380 1806 4450 decretus,
1837 4390 1895 4438 et
1927 4381 2046 4461 ludi

2142 3189 2354 3247 τέκνοις
2411 3188 2606 3244 αὐτοῦ.
2656 3190 2895 3258 Λέγεται
2954 3189 3013 3243 δε
3070 3189 3519 3261 πολιορκουμένῳ
3580 3188 3727 3258 αὑτῷ

2144 3281 2287 3350 μετὰ
2317 3282 2426 3335 τῶν
2457 3283 2674 3337 οἰκείων
2704 3285 2762 3336 ἐν
2791 3283 2949 3354 χώρᾳ
2980 3283 3166 3353 λυπρᾷ
3212 3284 3279 3352 τῇ
3318 3282 3429 3335 τῶν
3470 3283 3725 3353 Μαυρου-

2145 3374 2301 3435 σίων,
2343 3373 2627 3447 ἐπιλεῖψαι
2674 3377 2742 3428 τὰ
2793 3373 3045 3446 ζωαρκῆ,
3080 3375 3173 3428 τὸν
3203 3372 3262 3426 δὲ
3296 3375 3610 3428 ἐπιστεῖλαι
3651 3375 3728 3446 τῷ

2141 3465 2533 3539 ταγματάρχῃ,
2560 3466 2620 3521 ὃν
2643 3467 2670 3518 ὁ
2702 3466 3016 3537 Βελισάριος
3035 3468 3101 3537 τῇ
3166 3465 3462 3536 πολιορκίᾳ
3493 3465 3729 3532 ἐπέστη-

2145 3574 2259 3621 σεν,
2313 3559 2577 3613 αἰτοῦντα
2630 3557 2839 3613 στεῖλαί
2879 3560 2930 3611 οί
2978 3557 3143 3629 ἄρτον
3173 3555 3306 3619 ἕνα,
3339 3557 3437 3610 καὶ
3466 3555 3724 3626 κιθάραν.

2145 3651 2242 3705 καὶ
2274 3651 2538 3719 σπόγγον.
2597 3650 2712 3704 Καὶ
2744 3648 2804 3713 δς
2837 3648 3072 3703 συνιδεῖν
3122 3648 3224 3702 οὐκ
3275 3647 3440 3718 ἔχων,
3490 3646 3616 3699 ὅτου
3668 3662 3729 3714 γε

2145 3742 2309 3814 χάριν
2343 3743 2626 3797 αίτοῦνται
2656 3743 2809 3813 παρὰ
2835 3741 2931 3795 τοῦ
2979 3740 3278 3812 Γελίμερος
3305 3742 3374 3794 τά
3408 3740 3726 3810 αἰτούμεναἱ

2145 3833 2238 3888 τὸν
2278 3835 2379 3904 τῆς
2418 3834 2639 3906 γραφῆς
2689 3834 2947 3906 ἠρώτησε
2996 3834 3268 3903 κομιστὴν
3297 3847 3314 3864 ο
3360 3834 3388 3888 ὁ
3415 3831 3473 3886 δὲ
3506 3833 3600 3885 τὸν
3636 3832 3733 3899 μὲν

2144 3929 2314 3998 ἄρτον
2367 3928 2445 3997 ('5)
2504 3923 2660 3980 εἷπεν
2731 3926 2943 3989 αἰτεῖν,
2996 3925 3284 3994 ἐπιθυμῶν
3338 3923 3532 3977 τοῦτον
3582 3923 3728 3986 ἰδεῖν,

2147 4021 2272 4073 ἐπεὶ
2324 4016 2400 4089 μὴ
2440 4010 2583 4072 εἶδεν
2615 4015 2804 4082 ἐξότου
2846 4015 2952 4084 τῆς
2992 4014 3342 4085 Καρχηδόνος
3371 4012 3728 4073 ἐκπεπτωκε,

2144 4113 2254 4167 τῶν
2303 4110 2627 4183 Βαρϐάρων,
2688 4109 2822 4179 παρ’
2873 4104 2955 4171 οἷς
3006 4108 3146 4171 ἐστὶ,
3202 4104 3480 4159 κακοϐίων
3521 4104 3730 4158 ὄντων’

2146 4205 2239 4259 τδν
2279 4205 2338 4259 δέ
2361 4204 2605 4273 σπόγγον
2632 4243 2648 4270 ,
2680 4202 2770 4256 ῐνα
2814 4200 2992 4268 τούτῳ
3030 4200 3142 4253 τῶν
3172 4198 3443 4269 ὀμμάτων
3478 4198 3735 4267 ἐκμάσσῃ

2145 4297 2214 4350 τὰ
2237 4295 2452 4366 δάκρυα
2476 4312 2492 4327 ·
2523 4292 2627 4365 τὴν
2654 4294 2713 4347 δὲ
2741 4292 2976 4363 κιθάραν
2996 4331 3012 4358 ,
3041 4292 3130 4345 ἵνα
3164 4289 3342 4363 ταύτῃ
3390 4290 3491 4353 τὰς
3528 4288 3735 4349 οἰκείας

2150 4384 2442 4458 συμφορὰς
2470 4381 2917 4454 άποκλαύσηται.
2947 4381 3173 4437 Ἑαυτὸν
3197 4380 3256 4435 δὲ
3281 4381 3433 4451 ὅμως
3456 4382 3484 4434 ὁ
3502 4379 3542 4432 Γ
3544 4380 3735 4448 ελίμερ

468 4485 757 4546 equestres
784 4475 841 4530 in
877 4475 1091 4530 theatro
1124 4472 1253 4539 acti,
1281 4472 1401 4543 ipso
1428 4472 1761 4545 imperatore
1795 4473 1866 4531 de
1890 4488 2033 4531 more

2152 4479 2434 4553 παραδοὺς
2483 4478 2599 4542 τοῖς
2651 4475 3009 4546 πολιορκοῦσι
3063 4474 3204 4545 μετὰ
3262 4473 3373 4528 τῶν
3433 4473 3730 4534 συνόντων,

470 4568 834 4642 praesidente,
872 4576 944 4623 et‘
972 4575 1166 4622 senatu
1206 4564 1468 4636 omnique
1507 4566 1713 4636 populo
1752 4578 2045 4637 praesente.

472 4660 813 4722 Procedebat
849 4669 1033 4714 autem
1066 4656 1363 4714 Belisarius
1393 4656 1524 4722 dux,
1556 4658 1821 4715 Gelirneri
1851 4662 2049 4718 subse-

471 4757 694 4830 quentis
726 4770 980 4827 purpura;
1010 4769 1176 4809 manu
1206 4751 1460 4817 innixus,
1494 4753 1891 4812 comitantibus
1920 4773 2052 4814 cen-

475 4848 789 4906 turionibus
821 4856 879 4903 et
917 4844 1188 4908 tribunis,
1231 4853 1288 4899 et
1316 4843 1578 4900 Gelimeri
1609 4846 1881 4918 cognatis.
1914 4849 2052 4905 Cum

472 4943 580 5013 iam
627 4940 695 4995 ad
734 4942 1124 5011 imperatOrem
1168 4944 1494 5007 perventum
1535 4946 1711 5004 esset,
1755 4939 2057 5001 Belisarius

475 5040 754 5098 Gelimero
786 5041 1100 5112 persuadet,
1129 5048 1191 5096 ut
1220 5038 1374 5094 humi
1407 5036 1754 5110 procumbat,
1783 5042 1843 5090 et
1872 5034 2049 5105 impe-

2143 4571 2286 4645 ἢχθη
2318 4569 2457 4641 πρὸς
2511 4567 2856 4640 Βελισάριον,
2905 4566 3001 4621 καί
3042 4565 3211 4633 ἐγέλα
3256 4563 3397 4636 πρὸς
3440 4562 3607 4617 αὐτὸν
3634 4563 3737 4615 εἰσ·

2142 4663 2437 4734 αγόμενος,
2491 4658 2570 4725 ὡς
2631 4661 2750 4722 τοῖς
2782 4657 2987 4730 ὁρῶσιν
3019 4656 3372 4729 ἐξεστηκέναι
3413 4655 3596 4708 δοκεῖν
3642 4651 3738 4706 αὒ-

2148 4757 2266 4822 τδν,
2297 4754 2392 4811 διὰ
2425 4753 2528 4826 τὴν
2559 4752 2657 4807 τοῦ
2693 4752 2904 4816 πάθους
2926 4749 3260 4821 ὑπερϐολήν.
3286 4743 3402 4801 Ἦν
3419 4746 3466 4800 δ’
3491 4745 3731 4814 ἑτεροῖόν

2149 4865 2205 4902 τι
2237 4847 2300 4901 τὸ
2325 4845 2636 4918 γινόμενον.
2661 4842 3155 4913 Ἀναλογιζόμενος
3178 4840 3289 4910 γὰρ
3314 4840 3396 4903 είς
3423 4837 3548 4891 οἷαν
3566 4836 3736 4905 τύχην

2154 4937 2214 5004 ἐξ
2246 4936 2367 4999 οἵας
2398 4937 2740 5008 κατήντησε,
2771 4934 2866 4987 καὶ
2899 4933 3137 5002 γέλωτος
3180 4930 3311 4995 ἀξια
3353 4929 3631 4998 κεκρικὼς
3656 4924 3722 4980 τὰ

2152 5027 2499 5099 ἀνθρώπινα,
2535 5025 2702 5097 ἐγέλα
2738 5024 2938 5081 ταῦτα.
2978 5022 3297 5094 Βελισάριος
3328 5019 3387 5074 δὲ
3444 5020 3539 5073 καὶ
3580 5017 3738 5071 αὑτὸν

1623 5187 1829 5250 Variae
1851 5187 2169 5250 lectiones
2211 5191 2274 5247 et
2308 5191 2498 5247 notia.

563 5322 662 5391 (Υ)
686 5321 1037 5391 Προκόπιος.
1054 5317 1137 5391 ᾼΠι
1155 5313 1461 5391 Procopius
1480 5309 1854 5391 Caesariensis,
1874 5323 2056 5391 rerum

485 5380 899 5461 quas'sc'ripsit
945 5380 1204 5461 oculatus
1262 5380 1441 5446 testis,
1493 5389 1550 5436 et
1607 5380 1938 5461 Belisaritrm

488 5448 669 5515 A'lrica
692 5469 749 5513 et
779 5448 832 5512 in
861 5460 1018 5513 italia
1045 5458 1185 5511 bella
1213 5466 1497 5526 gerentem
1538 5449 1840 5505 comitatus
1864 5448 2054 5514 fuerit,

488 5546 598 5586 non
633 5544 742 5582 uno
766 5529 885 5600 ipse
908 5530 1032 5584 loco
1065 5536 1322 5600 testatur.
1396 5593 1416 5600 _
1659 5586 1700 5600 __
1779 5599 1785 5600 ί
1970 5587 1983 5600 _
2010 5587 2022 5600 ο

563 5602 640 5670 (5)
693 5602 759 5652 ’0
787 5586 987 5654 Mter
1009 5597 1127 5667 μὲν
1152 5596 1354 5666 ἄρτον.
1391 5593 1633 5650 Joannes
1659 5586 1912 5652 Tzetzes,
1934 5587 2070 5644 chil.

493 5688 576 5734 ιιι,
606 5687 659 5725 c.
694 5671 763 5726 85

496 5775 739 5848 Γράμμα
772 5775 913 5845 πρὸς
942 5770 1259 5841 Βελισάριον
1293 5768 1600 5840 περιπαθὲς
1629 5784 1679 5821 τι
1708 5764 1939 5837 γράφει,

2166 5305 2454 5378 Κινύραν,Δ
2480 5301 2791 5378 Βελισάριε,
2848 5299 3057 5378 στεῖλόν
3084 5317 3208 5378 Δμοι,
3244 5298 3503 5378 σπόγγον,
3533 5297 3713 5365 ἄρτον.

2167 5377 2281 5460 In:
2310 5369 2503 5460 ῐιὲνὼε
2523 5369 2945 5460 terrestrem?
2961 5372 3055 5460 1°.
3081 5369 3510 5460 9:99.293"???
3533 5385 3658 5460 "3::-

2164 5437 2415 5515 Σπόγγον
2455 5444 2503 5499 δ’
2550 5437 3348 5513 ὦς’ἆπόμόργνυμιδακρύων
3402 5437 3536 5531 τὸςΐ
3562 5437 3741 5531 πλημ-

2173 5587 2374 5656 Ἀρτον
2393 5583 2440 5637 δ’
2464 5583 2540 5648 ὡς
2563 5583 2630 5637 ἂν
2658 5582 2936 5650 κατίδοιμι
2966 5579 3070 5636 κᾶν
3102 5578 3274 5650 μόνην
3302 5578 3493 5632 τούτου
3516 5505 3736 5630 τ’

2173 5691 2327 5748 Hanc
2348 5688 2641 5813 heistoriam
2676 5687 2861 5758 attigit
2897 5686 3067 5744 etiam
3089 5683 3312 5743 Nioetas
3338 5686 3394 5741 in
3432 5681 3655 5748 lsaacio,
3692 5679 3739 5735 l.

2178 5777 2261 5813 111.
2296 5777 2352 5813 11.
2417 5800 2430 5813 .

2178 5777 2261 5827 ιιι,
2296 5777 2352 5817 ιι.
2374 5777 2430 5817 z.
