3994 6246
307 398 442 466 1245

1563 405 1968 469 ANNAUUM
2004 410 2149 472 LIB.
2193 411 2348 473 XIV.

3423 409 3556 475 1⁵236

302 524 400 573 καὶ
422 517 548 578 τοὺς
570 516 678 569 τῶν
704 516 1023 586 Ούανδὴλων
1045 517 1310 589 ἄρχοντας
1348 519 1582 588 ἐντίμως
1611 522 1876 588 ἐφύλαττε

1985 535 2222 580 ratorem
2267 529 2476 581 adoret.
2515 524 2670 581 Facit
2712 525 2802 580 ille
2839 535 2900 581 ut
2938 526 3256 596 jubebatur.
3300 526 3557 596 lavrymis

304 613 817 682 κομισθησομένους
857 612 936 683 τῷ
973 605 1204 683 βασιλεῖξ
1253 615 1593 686 Ιῐαρειλήφει
1662 617 1719 668 δέ
1787 617 1880 670 καὶ

302 705 556 758 Σικελίαν
603 706 696 757 καὶ
748 705 845 775 τὴν
897 705 1086 775 Σαρδὼ
1140 706 1324 777 (νῆσος
1369 707 1426 761 δὲ
1467 711 1559 760 καί
1611 709 1750 778 αὑτὴ
1803 711 1878 772 ὠς

305 796 404 864 ἤδη
456 794 544 848 καλ
582 796 1002 866 προῖστὸρηται)
1030 798 1126 851 καί⁷
1169 799 1235 850 τά
1285 800 1448 867 μέχρι
1483 800 1755 869 Γαδείρων
1787 800 1877 867 ὑφ’

307 885 500 938 ἑαυτὸν
531 887 847 950 ἐποιήσατο,
899 887 989 937 καὶ
1021 885 1195 948 οὕτως
1226 888 1535 956 ἐπανῆλθεν
1567 891 1646 952 είς
1680 890 1738 941 τὸ
1780 889 1878 941 Βυ-

307 975 546 1040 ζάντιον,
579 975 728 1043 ἄγων
761 976 928 1030 αὐτόν
959 995 1016 1030 τε
1065 978 1158 1031 τὸν
1207 978 1478 1049 Γελίμερα
1531 982 1627 1033 σὺν
1662 981 1882 1049 γυναικὶ

307 1069 402 1123 καὶ
422 1069 632 1131 τέκνοις
659 1071 750 1122 καὶ
775 1071 1084 1139 συγγενέσι,
1123 1071 1216 1124 καὶ
1244 1074 1421 1125 πᾶσαν
1453 1074 1550 1144 τὴν
1583 1072 1880 1142 θεραπείαν

307 1163 496 1225 αὐτοῦ,
556 1161 650 1214 καὶ
709 1163 878 1233 τιμῆς
953 1163 1198 1233 μεγάλης
1259 1165 1409 1236 παρὰ
1467 1165 1560 1218 τοῦ
1617 1165 1881 1235 βασιλέως

304 1255 526 1326 ἠξίωτο.
577 1250 707 1306 Εἶτα
744 1255 838 1307 καὶ
871 1255 1142 1325 θρίαμϐον
1185 1256 1277 1308 ἐπὶ
1309 1259 1372 1326 τῇ
1415 1256 1539 1328 νίκῃ
1571 1258 1880 1326 κατήγαγε,

305 1346 644 1415 τελουμένης
683 1347 1125 1417 ἁμίλληςῖππων
1158 1348 1215 1398 ἐν
1249 1347 1326 1417 τῷ
1359 1347 1595 1418 θεάτρῳ.
1631 1347 1795 1400 αὑτοῦ
1821 1366 1881 1402 τε

303 1439 398 1492 τοῦ
454 1439 791 1510 κρατοῦντος
824 1441 920 1509 (ὡς
955 1440 1098 1510 έθος)
1137 1439 1588 1510 προκαθημένου,
1640 1439 1733 1493 καὶ
1785 1441 1882 1510 τῆς

302 1534 596 1602 γερουσίας
633 1519 940 1602 παροὲσης,
988 1534 1084 1585 καὶ
1131 1532 1228 1585 τοῦ
1273 1533 1450 1602 δήμου
1496 1533 1721 1595 παντός.
1771 1533 1882 1585 Καὶ

302 1624 498 1695 προῄει
550 1623 651 1693 μὲν
683 1626 745 1676 ἐκ
790 1623 888 1687 τὶς
936 1625 1046 1677 τῶν
1095 1624 1280 1676 ἵππων
1325 1625 1629 1695 ἁφετηρίας
1665 1625 1692 1676 ὁ
1729 1624 1886 1695 ἀρχι-

301 1721 609 1790 στράτηγος
643 1719 956 1789 Βελισάριος
987 1719 1088 1788 τῆς
1143 1718 1476 1789 πορφυρίδος
1501 1717 1596 1771 τοῦ
1655 1717 1881 1788 Γελίμε-

304 1829 393 1883 ρος
426 1813 808 1883 παρεπομένου
850 1811 1108 1882 ἐχόμενος
1137 1815 1201 1882 τῇ
1235 1811 1415 1884 χειρί·
1447 1812 1880 1882 συμπαρωμάρ-

1981 617 2253 685 0ppletus.
2305 617 2621 672 Procumbit
2665 625 2720 672 et
2774 617 2891 688 ipse
2937 618 3263 679 Bolisarins,
3305 627 3363 670 ut
3406 619 3556 673 Geli-

1985 725 2136 764 mero
2183 709 2536 774 ostenderet,
2575 726 2699 765 cum
2748 710 2799 764 id
2850 709 3031 766 facere
3059 712 3295 780 iussum,
3342 727 3449 764 non
3500 723 3559 766 ut

1983 802 2257 870 captivum
2284 843 2296 862 .
2339 803 2430 856 sed
2477 803 2602 872 quia
2643 801 2812 856 moris
2853 803 2924 855 sit
2973 800 3078 855 hoc
3127 802 3291 856 modo
3339 802 3556 854 adorari

1987 894 2354 947 Romanorum
2381 895 2758 963 imperatores,
2781 895 3015 962 eiusque.
3041 893 3402 947 calamitatem
3425 910 3484 946 su
3498 893 3558 947 ιι.

1985 984 2211 1038 levaret.
2263 972 2400 1038 Cum
2457 983 2713 1038 eumdem
2775 983 3042 1036 honorem
3103 990 3160 1035 et
3225 980 3560 1050 imperatrici

1984 1075 2270 1130 habuisset
2307 1075 2645 1136 Gelimerus,
2689 1073 2930 1144 hospitio
2967 1072 3259 1142 splendido
3299 1081 3356 1126 et
3397 1071 3562 1141 regiis

1985 1165 2307 1222 ministeriis
2331 1167 2441 1236 jam
2465 1175 2592 1222 ante
2613 1167 2931 1236 [imparatis
2957 1165 3254 1234 excipitur.
3291 1164 3419 1218 Post
3441 1163 3562 1219 dies

1986 1259 2216 1330 aliquot,
2255 1275 2379 1313 cum
2416 1261 2614 1313 iterum
2647 1259 2761 1313 ludi
2792 1265 3082 1329 equestres
3110 1257 3164 1312 in
3200 1257 3415 1312 theatro
3440 1255 3558 1326 agi-

1985 1357 2259 1414 tarentur,
2292 1349 2464 1418 spolia
2499 1349 2695 1404 bellica
2737 1365 2834 1419 per
2864 1348 3100 1404 mediam
3135 1347 3328 1402 urbem
3371 1355 3562 1401 osten-

1987 1453 2114 1507 tata,
2157 1441 2213 1496 in
2251 1441 2488 1495 stadium
2532 1441 2866 1504 inferuntur,
2898 1441 3103 1511 jacula,
3146 1440 3314 1502 sellre,
3361 1439 3561 1492 mulie-

1984 1533 2114 1588 bres
2160 1533 2404 1595 lecticae,
2457 1533 2644 1586 omnia
2721 1545 2912 1597 aurea,
2957 1541 3012 1583 et
3056 1529 3312 1598 pretiosis
3361 1528 3565 1597 lapillis

1982 1634 2282 1688 exornata,
2331 1633 2387 1678 et
2417 1623 2626 1693 sponda
2671 1621 2914 1694 ejusdem
2961 1623 3212 1692 generis,
3263 1622 3558 1691 auratique

1985 1721 2220 1784 tapetes,
2249 1724 2305 1768 et
2335 1713 2591 1769 utensilia
2625 1701 2940 1768 mensarum
2970 1714 3168 1784 partim
3204 1728 3394 1775 aurea,
3429 1729 3560 1782 par-

1985 1809 2081 1863 tim
2112 1815 2390 1879 argentea,
2425 1805 2618 1876 pocula
2653 1806 2784 1860 item
2816 1819 3006 1867 aurea,
3042 1806 3275 1875 gemmis
3311 1805 3562 1874 interpo-

307 1917 437 1954 τουν
492 1899 537 1953 δ’
583 1900 733 1970 αὐτῷ
759 1902 855 1953 καὶ
897 1901 946 1952 οί
988 1901 1096 1953 τῶν
1138 1899 1350 1964 τάξεων
1405 1901 1739 1969 στρατηγοὶ,
1785 1899 1880 1954 καὶ

1985 1901 2115 1965 lata,
2146 1873 2548 1970 purpurereque
2578 1907 2784 1960 vestes,
2822 1906 2879 1952 et
2917 1873 3078 1968 pepla
3115 1895 3360 1968 ejusdem
3393 1873 3562 1966 gene-

297 1992 693 2064 ταγματάρχαι
745 1991 838 2044 καὶ
893 1991 1136 2060 λοχαγοὶ,
1196 1991 1291 2044 καὶ
1343 1989 1394 2044 οί
1440 1988 1534 2043 τοῦ
1584 1989 1880 2061 Γελίμερος

300 2081 608 2147 συγγενεῖς.
655 2080 796 2152 Ἤδη
826 2079 870 2133 δ’
903 2079 1160 2147 ὲφθακὼς
1193 2078 1374 2132 ἔναντι
1407 2078 1502 2132 τοῦ
1548 2080 1880 2150 κρατοῦντος

306 2168 338 2221 6
384 2168 734 2239 Βελισάριος,
777 2167 955 2221 πείθει
1026 2170 1118 2222 τὸν
1170 2169 1443 2240 Γελίμερα
1490 2170 1571 2234 είς
1611 2169 1878 2239 τοῦδαφος

300 2261 636 2313 καταϐαλεῖν
677 2259 889 2322 ἑαυτὸν,
920 2260 1012 2313 καὶ
1039 2259 1213 2324 οὕτως
1243 2263 1542 2328 ἀπονεῖμαι
1565 2260 1644 2332 τῷ
1669 2260 1880 2331 βασιλεῖ

221 2383 225 2386 -
296 2352 400 2424 τὴν
435 2353 813 2424 προσκύνησιν
846 2353 946 2424 (Δ).
980 2353 1042 2405 '0
1079 2353 1124 2406 δ’
1169 2352 1349 2405 ἐποίει
1373 2351 1436 2405 τὸ
1466 2353 1880 2423 προσταττόμε-

299 2464 414 2511 νον,
456 2445 859 2517 καταχεόμενος
901 2444 1155 2515 δάκρυσι.
1191 2445 1300 2498 Καὶ
1331 2444 1494 2508 αὐτὸς
1553 2446 1608 2499 δὲ
1643 2447 1670 2499 ό
1720 2444 1878 2498 Reitz-

301 2539 494 2609 σάριος
526 2536 888 2609 προσούδισεν
918 2535 1132 2601 ἐαυτὸν,
1167 2535 1584 2605 ἐνδεικνύμενος
1617 2534 1693 2606 τῷ
1733 2535 1882 2588 Γελί-

1986 1990 2095 2054 ris,
2131 1989 2342 2060 regales
2369 2003 2619 2053 corona,
2651 1996 2974 2042 ornamenta
3002 1985 3297 2040 mulierum
3329 1984 3562 2056 gemmis

1985 2089 2041 2138 et
2068 2081 2374 2152 margaritis
2415 2081 2786 2150 interpuncta,
2815 2079 3034 2150 aliaque
3065 2080 3300 2150 plurima
3331 2088 3388 2133 et
3419 2093 3561 2148 pene

1980 2169 2446 2226 innumerabilia:
2494 2177 2550 2224 et
2591 2177 2714 2238 post
2735 2169 2851 2223 haec
2893 2169 3114 2236 omnia,
3160 2169 3312 2224 cista:
3353 2180 3561 2239 septem

1977 2279 2116 2320 auro
2152 2263 2358 2331 plenae,
2389 2272 2442 2316 et
2471 2260 2595 2316 libri
2625 2276 2906 2316 sacrorum
2938 2261 3362 2332 Evangeliorum
3403 2261 3563 2315 undi-

1977 2365 2086 2421 que
2144 2365 2280 2403 auro
2328 2348 2700 2420 refulgentes,
2750 2357 2808 2402 et
2857 2349 3037 2404 omnis
3089 2349 3310 2419 generis
3355 2349 3558 2418 lapillis

1978 2445 2246 2500 distincti.
2290 2443 2368 2498 Ac
2408 2443 2720 2512 triumphus
2750 2443 3068 2514 huiusmodi
3108 2443 3252 2497 fuit:
3291 2443 3558 2499 Belisario

1981 2543 2166 2589 autem
2197 2534 2362 2590 etiam
2395 2534 2716 2588 consulatus
2750 2544 2833 2589 est
2865 2534 3101 2589 delatus.

303 2648 436 2701 μερι
466 2632 545 2684 ὃτι
581 2632 680 2701 οὐχ
710 2631 786 2696 ὼς
852 2629 1201 2700 αίχμάλωτος
1241 2629 1448 2690 ἐκεῖνος
1490 2626 1650 2680 τοῦτο
1720 2629 1946 2697 ποιῆσαι
1986 2627 2255 2696 ἀπῄτητο,
2302 2625 2419 2679 ἀλλ’
2461 2627 2544 2679 ὅτι
2585 2625 2729 2679 οὕτω
2764 2627 3078 2696 νενόμισται
3123 2627 3552 2697 προσκυνεῖσθαι

298 2719 412 2774 τῶν
449 2719 741 2788 Ῥωμαίων
785 2720 912 2782 τοὺς
951 2717 1214 2788 βασιλεῖς,
1259 2718 1354 2770 καὶ
1398 2717 1564 2769 οίονεὶ
1631 2714 1906 2784 κουφίζων
1945 2715 2094 2786 αὐτῷ
2128 2715 2188 2768 τὸ
2252 2716 2598 2788 δυστύχημα.
2634 2718 2743 2770 Καὶ
2781 2719 2881 2786 τὴν
2913 2719 3035 2788 ίσην
3061 2721 3117 2774 δὲ
3151 2724 3215 2792 τῇ
3254 2719 3545 2790 βασιλίσσῃ

301 2811 685 2882 προσκύνησιν
721 2811 1103 2878 ἀπονείμαντα
1125 2808 1218 2862 τὸν
1252 2807 1548 2879 Γελίμερα,
1580 2807 1878 2878 καταγωγὴ
1919 2807 2134 2876 δέχεται
2197 2807 2428 2879 λαμπρά
2469 2808 2563 2862 καὶ
2633 2809 2903 2880 θεραπεία
2932 2809 3185 2882 βασιλικὴ
3223 2829 3550 2881 προετοιμα-

299 2905 495 2958 σθεῖσα
534 2903 706 2974 αὐτῷ.
741 2904 878 2959 Μεθ’
910 2904 1124 2974 ἡμέρας
1154 2903 1212 2957 δέ
1253 2919 1407 2966 τινας
1440 2897 1603 2966 αὖθις
1665 2902 2005 2972 ἱππηλασίας
2081 2901 2357 2974 ἀγομένης
2416 2903 2558 2956 κατὰ
2618 2904 2678 2956 τὸ
2710 2903 2962 2976 θέατρον,
2988 2907 3056 2960 τὰ
3079 2908 3297 2976 λάφυρα
3322 2906 3416 2958 τοῦ
3447 2924 3539 2959 πο-

297 3001 471 3068 λέμου
495 2997 582 3051 διὰ
617 2999 792 3068 μέσης
860 2997 960 3065 τῆς
1032 2994 1244 3058 πόλεως
1316 2995 1657 3065 κομιζόμενα
1719 2995 1815 3049 καὶ
1857 2995 2272 3065 θεατριζόμενα,
2320 2996 2602 3066 εἰσήγοντο
2648 2997 2728 3060 είς
2771 2997 2831 3051 τὸ
2895 2996 3107 3050 στάδιον
3152 2998 3380 3052 ἀκόντια
3413 3039 3427 3059 ,
3463 2997 3562 3049 καὶ

299 3094 510 3166 θρόνοι,
552 3093 648 3144 καὶ
689 3092 884 3164 φορεῖα
933 3089 1259 3160 καταστηγῆ
1285 3091 1628 3158 γυναικεῖα,
1664 3087 1867 3161 χρυσοῦ
1909 3089 1977 3142 τά
2037 3089 2243 3168 πάντα.
2277 3090 2650 3162 πεποιημένα,
2679 3092 2777 3145 καὶ
2810 3090 2976 3154 λίθοις
3013 3090 3338 3162 τιμαλφέσιν
3369 3094 3559 3147 ἐπικο-

299 3187 736 3258 σμούμενα,κα“ι
766 3185 921 3254 κλίνη
955 3186 1138 3255 ὁμοία,
1173 3188 1267 3240 καὶ
1333 3187 1701 3256 χρυσόπαστοι
1762 3185 2028 3252 τάπητες,
2103 3184 2199 3239 καὶ
2262 3185 2436 3256 σκευὴ
2479 3183 2548 3238 τὰ
2594 3186 2716 3249 ταῖς
2757 3185 3062 3258 τραπέζαις
3107 3185 3551 3258 ύπηρετούμενα,

295 3282 372 3336 τὰ
418 3281 520 3352 μὲν
571 3283 635 3334 ἐκ
678 3279 884 3350 χρυσοῦ
929 3279 1274 3350 εἰργασμένα
1296 3319 1310 3344 ,
1345 3278 1416 3332 τά
1446 3278 1491 3332 δ’
1523 3280 1583 3345 ἐξ
1651 3280 1896 3350 ἀργύρου
1939 3279 2288 3352 πεποιημένα
2311 3323 2327 3348 ,
2357 3279 2453 3334 καὶ
2513 3279 2822 3352 ἐκπώματα
2867 3279 3075 3349 χρύσεά
3102 3297 3162 3333 τε
3194 3282 3290 3334 καὶ
3315 3280 3558 3334 λιθοκόλ-

296 3378 462 3449 λητα,
489 3375 582 3430 καῖ⁵
605 3373 895 3442 ἁλουργεῖς
917 3365 1166 3442 ἐσθῆτες,
1194 3373 1290 3427 καὶ
1325 3372 1522 3426 πέπλοι
1587 3373 1904 3444 παρόμοιοι,
1944 3374 2040 3427 καὶ
2075 3372 2339 3444 βασίλειοι
2401 3372 2688 3443 στέφανοι,
2716 3372 2811 3426 καὶ
2841 3372 3037 3442 κόσμοι
3075 3373 3350 3440 γυναικῶν
3381 3373 3548 3427 διάλι-

297 3474 387 3528 θοί
425 3489 488 3524 τε
526 3470 620 3524 καὶ
662 3468 1094 3540 περιμάργαροι,
1149 3465 1245 3520 καὶ
1290 3465 1425 3522 ἄλλα
1479 3467 1732 3532 πλεῖστα,
1773 3468 1867 3520 καὶ
1907 3469 2142 3539 ἀριθμὸν
2197 3468 2383 3539 σχεδὸν
2444 3470 2865 3541 ὑπερὸαίνοντα.
2895 3471 3005 3524 Καὶ
3038 3471 3133 3522 ἐπὶ
3172 3469 3326 3528 πᾶσι.
3356 3467 3553 3536 λάρναε

299 3585 401 3630 κες
448 3553 589 3619 tina
639 3563 872 3636 χρυσίου
934 3562 1170 3634 μεσταὶ,
1207 3564 1302 3615 καὶ
1349 3560 1528 3631 βίϐλοι
1570 3563 1680 3616 τῶν
1719 3561 1882 3616 θείων
1949 3563 2285 3632 εὐαγγελίων
2356 3565 2456 3634 (5),
2506 3564 2691 3635 χρυσῷ
2738 3565 3218 3636 περιλαμπόμεναι
3265 3563 3550 3627 πάντοθεν,

297 3665 396 3720 καὶ
427 3663 593 3717 λίθων
618 3660 896 3721 παντοίοις
937 3659 1123 3728 γένεσι
1186 3656 1621 3727 ποικιλλόμεναι.
1673 3657 1754 3711 Τὰ
1795 3660 1895 3728 μὲν
1933 3658 2026 3713 οὖν
2066 3659 2159 3713 τοῦ
2211 3659 2483 3730 θριάμϐου
2532 3654 2674 3730 ἦσαν
2717 3659 2774 3711 ἐν
2833 3657 3067 3720 τούτοις.
3138 3656 3452 3727 Βελισάριος
3511 3659 3568 3710 δὲ

299 3760 402 3818 καὶ
437 3760 704 3823 ὑπατείας
727 3759 949 3828 ἠξίωτο.

375 3855 457 3910 Η’.
492 3855 628 3926 Ἤδη
659 3855 716 3907 δὲ
743 3853 838 3907 τοῦ
873 3851 980 3906 τῶν
1021 3851 1344 3921 Οὐανδήλων
1373 3853 1611 3922 πολέμου
1645 3852 1880 3906 καταλυς

2061 3849 2192 3904 Vlll.
2233 3849 2384 3904 Bello
2405 3847 2704 3904 Vandalico
2728 3847 2840 3918 jam
2866 3846 3139 3910 confecto,
3167 3847 3310 3902 idem
3337 3847 3566 3902 Romam

298 3951 512 4013 θέντος,
547 3949 825 4002 στέλλεται
870 3946 1023 4016 παρὰ
1070 3945 1166 4000 τοῦ
1221 3946 1486 4017 βασιλέως
1516 3947 1596 4010 είς
1636 3945 1874 4014 Ῥώμην.

1985 3939 2052 3993 ab
2086 3939 2415 4008 imperatore
2455 3938 2715 4004 mittitur,
2751 3945 2812 3991 ut
2839 3953 2960 3993 eam
2997 3946 3053 3992 et
3090 3946 3256 3992 totam
3289 3939 3497 3994 Italiam
3536 3957 3568 3996 a

299 4043 509 4113 ταύτην
553 4041 612 4095 τέ
644 4041 739 4095 καὶ
774 4041 956 4097 πᾶσαν
995 4038 1144 4110 αύτῷ
1178 4039 1278 4107 τὴν
1313 4038 1546 4092 Ἰταλίαν
1587 4053 1876 4106 παραστη·

1985 4030 2198 4087 Gotthis
2224 4038 2545 4098 occupatam
2575 4029 2813 4098 subigat,
2842 4043 3078 4098 quorum
3107 4028 3218 4083 dux
3243 4039 3362 4084 erat
3383 4028 3568 4083 Theu-

302 4136 554 4206 σόμενος,
591 4133 697 4187 ὑπὸ
723 4132 935 4188 Γότθων
980 4129 1374 4203 κατεχομένην,
1403 4124 1476 4185 ὧν
1507 4130 1775 4192 Θευδάτος
1810 4125 1878 4200 ἦν

299 4227 549 4298 ἡγεμών.
583 4227 754 4279 Τοῦτο
805 4225 991 4295 μαθὼν
1043 4227 1070 4278 ὁ
1120 4224 1388 4288 Θευδάτος
1434 4223 1748 4292 Ἀγαπητδν
1787 4223 1880 4275 τὸν

298 4322 403 4389 τῆς
475 4317 697 4387 Ῥώμης
752 4316 926 4384 μέγαν
996 4317 1283 4386 ἀρχιερέα,
1346 4315 1515 4385 ἄνδρα
1566 4313 1877 4377 θεσπέσιον,

302 4408 516 4464 στέλλει
564 4405 644 4476 τῷ
695 4405 912 4478 βασιλεῖ
945 4405 1441 4476 πρεσϐευσόμενον.
1491 4406 1552 4457 '0
1600 4404 1657 4458 δέ
1707 4421 1880 4459 καταο

301 4498 489 4554 λαϐὼν
516 4495 578 4552 τὸ
609 4496 928 4564 Βυζάντιον,
960 4497 1052 4550 καὶ
1081 4495 1158 4567 τῷ
1202 4495 1569 4564 ἰουστινιανῷ
1619 4493 1878 4564 ἐντυχὼν,

305 4589 524 4661 πρῶτον
571 4589 702 4661 περὶ
737 4588 870 4643 Θεοῦ
901 4588 1125 4659 καὶτῆς
1165 4589 1245 4651 είς
1278 4587 1441 4641 αὐτὸν
1489 4586 1657 4658 ὀρθῆς
1704 4587 1886 4640 διαλέ-

301 4697 461 4748 γεται
514 4678 773 4745 πίστεως,
813 4679 910 4733 καὶ
963 4678 1064 4750 τὴν
1112 4681 1193 4740 είς
1222 4677 1315 4732 τὸν
1364 4677 1555 4748 θρόνον
1600 4675 1700 4747 τῆς
1733 4677 1883 4740 Νέας

314 4773 538 4844 Ῥώμης
588 4771 884 4842 ἀναγωγὴν
915 4770 1178 4838 Ἀνθίμου
1228 4769 1321 4822 ὑπ’
1359 4769 1544 4823 αἰτίαν
1594 4767 1883 4838 πεποίητο,

300 4867 386 4920 ὅτι
410 4883 472 4919 τε
500 4865 574 4938 μὴ
599 4863 901 4927 κανονικῶς
930 4863 1008 4934 (6)
1038 4865 1103 4915 ἐκ
1144 4860 1638 4934 Τραπεζοῦντος,ἠ
1668 4861 1777 4914 τῶν
1805 4861 1886 4924 είς

306 4959 400 5012 τὸν
427 4957 828 5028 Πολεμονιακδν
855 4957 1059 5011 Πόντον
1089 4957 1359 5026 κειμένων
1408 4955 1622 5008 πόλεων
1673 4953 1885 5024 τυγχάο

307 5068 392 5106 νει
429 5050 786 5122 μητρόπολις,
817 5050 898 5113 είς
942 5047 1042 5121 τὴν
1085 5047 1502 5102 Κωνσταντίνου
1552 5045 1879 5116 μετήνεκτο,

309 5144 406 5198 καὶ
444 5145 527 5196 ὅτι
566 5144 658 5197 καὶ
705 5144 802 5214 τῆς
847 5142 1090 5213 Σεὸήρου
1143 5137 1465 5204 κακοδοξίας
1523 5138 1880 5210 μετέσχηκεν.

1983 4120 2159 4174 datus.
2183 4118 2309 4186 Qui,
2329 4134 2392 4173 ea
2422 4134 2482 4173 re
2504 4119 2745 4188 cognita,
2776 4119 3079 4187 Agapetum
3111 4119 3431 4188 pontiﬁcem
3459 4120 3568 4191 67

1981 4214 2318 4276 Romanum,
2360 4211 2540 4266 virum
2584 4209 2992 4274 admirandum,
3026 4210 3264 4281 legatum
3300 4211 3468 4266 mittit
3501 4212 3567 4266 ad

1983 4302 2394 4368 imperatorem,
2419 4299 2537 4369 qui,
2568 4298 2888 4369 Byzantium
2929 4297 2995 4351 ad
3034 4298 3404 4354 Justinianum
3444 4315 3572 4371 pro-

1984 4394 2159 4448 fectus
2216 4393 2454 4462 primum
2483 4393 2551 4447 de
2588 4393 2697 4446 Deo
2728 4403 2785 4446 et
2818 4400 2966 4448 recta
3004 4393 3058 4446 in
3085 4407 3211 4447 eum
3232 4391 3352 4447 ﬁde
3382 4392 3568 4447 disse-

1983 4483 2078 4547 rit,
2115 4492 2172 4537 et
2199 4481 2445 4536 Antbimi
2480 4481 2900 4538 collocationem
2933 4480 2988 4534 in
3023 4480 3188 4537 Nova
3220 4481 3406 4536 Roma:
3441 4482 3572 4538 sede

1985 4576 2239 4631 incusat:
2269 4589 2452 4645 neque
2489 4575 2636 4630 enim
2663 4590 2790 4629 eum
2818 4574 3186 4645 Trapezunte,
3212 4575 3435 4630 urbium
3467 4574 3568 4629 Po-

1984 4665 2272 4721 lemoniaci
2307 4663 2466 4721 Ponti
2499 4667 2810 4737 metropoli,
2845 4666 3168 4734 Byzantium
3203 4666 3308 4720 rite
3335 4665 3569 4720 translao

1985 4765 2126 4824 tum,
2154 4767 2534 4829 praatereaque
2566 4773 2826 4828 perversa
2866 4759 3132 4827 opinione
3162 4758 3349 4814 Severi
3383 4757 3569 4811 imbu-

1987 4861 2102 4907 tum
2135 4867 2279 4910 esse.
2313 4852 2516 4906 Verum
2562 4853 2889 4922 imperator,
2915 4851 3011 4921 qui
3041 4851 3362 4905 Antliimum
3391 4847 3566 4902 inter-

1986 4943 2232 5000 cessione
2248 4943 2497 5013 conjugis
2507 4941 3179 5009 Constantinopolitannm
3199 4937 3568 5010 patriarcham

1987 5034 2330 5105 designarat,
2377 5044 2498 5090 acta
2530 5051 2630 5090 sua
2668 5035 2984 5092 rescindere
3018 5032 3233 5097 noluit,
3277 5039 3336 5086 et
3373 5030 3567 5087 divino

1987 5128 2231 5198 Agapeto
2265 5128 2448 5183 acrius
2477 5128 2726 5194 instanti,
2758 5127 3019 5189 minatus,
3055 5140 3114 5180 se
3154 5140 3256 5179 suo
3289 5122 3563 5178 arbitratu

321 5237 382 5292 Ὀ
405 5235 463 5290 δὲ
491 5234 849 5307 αὐτοκράτωρ
886 5235 1090 5305 σπουδῇ
1127 5233 1226 5304 τῆς
1261 5231 1532 5302 βασιλίδος
1557 5229 1648 5283 τὸν
1683 5228 1879 5282 Ἀνθι-

1988 5221 2136 5293 quod
2167 5221 2351 5288 vellet,
2384 5237 2544 5288 posse
2570 5237 2732 5290 agere
2756 5220 2915 5274 dixit.
2940 5218 3076 5274 Cum
3106 5226 3290 5274 autem
3319 5217 3566 5288 pontifex

311 5346 413 5399 μον
439 5328 540 5397 τῆς
575 5327 974 5399 ἀρχιερατικῆς
1004 5321 1246 5391 ἀξιώσας
1293 5320 1568 5394 καθέδρας
1603 5319 1702 5389 τῆς
1731 5319 1886 5371 Κωνο

1981 5313 2052 5370 ad
2084 5313 2262 5369 minas
2293 5314 2527 5378 risisset,
2553 5329 2721 5384 seque
2750 5311 2956 5366 caulem
2990 5311 3156 5366 etiam
3189 5326 3350 5382 aequo
3379 5310 3564 5368 animo

1501 5436 1700 5499 Variae
1729 5434 2046 5497 lectiones
2077 5438 2138 5494 et
2177 5438 2372 5495 notae.

376 5569 451 5638 (ll)
494 5567 612 5632 Τὴν
641 5566 1084 5638 προσκύνησιν.
1103 5565 1196 5638 De
1209 5563 1313 5618 ritu
1339 5559 1871 5638 adorandi-impera-

303 5629 450 5692 tores
479 5629 854 5690 consulendus
877 5636 930 5689 in
948 5629 1146 5705 primis
1171 5631 1574 5705 Procopius,_in
1599 5629 1742 5684 Hist.
1789 5645 1884 5705 ar-

303 5725 459 5767 cana,
488 5706 654 5769 c.50;
690 5699 1256 5776 praeterea'Arnoldus
1273 5699 1480 5776 Liubec.
1503 5699 1879 5776 l.|‘I,cap:__l_5.

380 5779 456 5845 (Pi)
518 5777 624 5830 Kal
687 5769 890 5840 ,Βίϐλοι
923 5776 1041 5829 τῶν
1072 5775 1248 5828 θείων
1291 5769 1878 5844 Εὑαγγελίων.’νὶίίο

307 5848 493 5912 Gloss.
522 5846 671 5903 med.
703 5847 821 5902 Lat.
851 5847 903 5901 in
940 5863 993 5900 ν.
1024 5845 1234 5906 Textus.

2059 5553 2139 5628 (6)
2177 5553 2276 5628 Μὴ
2322 5551 2678 5628 καιςονικῶςἶ
2688 5551 3064 5628 Marcellinus
3073 5567 3258 5608 comes
3292 5553 3559 5628 {Agamus

1987 5623 2519 5692 ConstantinOpolim,
2555 5631 2611 5692 ut
2645 5623 2895 5679 diximus.
2936 5624 2999 5676 de
3024 5623 3192 5677 Roma
3247 5625 3556 5687 adveniens,

1981 5697 2286 5750 Anthimum
2315 5691 2435 5746 mox
2461 5692 2525 5746 de
2549 5691 2784 5747 Ecclesia
2809 5692 2976 5759 pellit,
3039 5694 3212 5749 dicens
3241 5711 3360 5747 eum
3395 5693 3557 5762 jtha

1979 5765 2386 5836 ecclesiasticam
2412 5763 2651 5836 regulam
2685 5763 3006 5831 adulterum,
3045 5767 3132 5836 qui
3179 5780 3277 5821 sua
3320 5763 3554 5827 Eccum

1976 5837 2217 5900 dimissa,
2247 5834 2503 5888 ambierat
2523 5833 2776 5890 aienam.
3019 5839 3022 5842 ’
