3994 6246
437 343 575 406 1247

1701 339 1886 398 JUAN
1899 340 1942 399 Ν
1959 340 2026 397 lS
2063 339 2251 400 ZONA
2265 340 2382 398 ἷὶίΕ

3551 320 3692 384 1248

427 467 668 509 laturum
699 465 821 507 esse
851 447 1244 518 respondisset,
1281 462 1346 502 ac
1379 447 1598 502 beatum
1637 427 1776 513 fore,
1807 449 1852 503 si
1879 449 2004 504 talis
2031 472 2046 510 λ

2140 447 2628 510 ταντινουπὸλεως,
2661 444 2762 514 τῆς
2814 442 3024 504 οἰκείας
3069 439 3354 509 ἀντείχετο
3406 433 3690 507 πράξεως·

428 545 534 600 sibi
560 544 688 598 vitae
725 543 906 598 exitus
931 541 1200 597 daretur:
1229 541 1640 598 verecundatus
1680 542 2006 612 imperator,

432 643 752 704 mutataque
779 633 1073 696 sententia,
1107 648 1221 686 rem
1243 633 1660 688 examinandum
1695 635 2006 704 proposuit.

433 734 511 782 Ac
573 725 820 780 nonnulli
864 739 894 778 e
944 723 1282 793 primoribus
1334 725 1716 780 sacerdotibus
1765 727 2010 796 Agapeto

435 831 585 886 papae
626 817 874 870 Romano
916 815 969 868 in
1015 814 1382 885 imperatriris
1416 819 1645 886 gratiam
1682 827 1812 870 sunt
1843 816 2014 870 refra-

435 906 568 975 gati,
593 905 661 959 ab
684 905 875 959 eadem
908 920 1128 974 quoque
1155 905 1543 975 largitionibus
1563 906 1806 975 corrupti
1835 925 1849 960 :
1877 921 2015 976 quos

440 1008 621 1051 tamen
654 997 746 1050 ille
779 996 872 1066 qui
904 997 1197 1053 veritatem
1234 997 1584 1063 defenderet,
1625 1012 1819 1052 omnes
1853 1013 2017 1067 supe-

442 1091 602 1144 ravit.
629 1089 817 1160 Itaque
843 1089 1158 1156 Anthimus,
1187 1090 1408 1154 throno,
1429 1105 1593 1160 quem
1617 1105 1820 1143 annum
1845 1103 2014 1143 nilum

2120 544 2511 612 Ἐνισταμὲνου
2545 539 2592 594 δ’
2616 539 2697 593 ἔτι
2727 535 2821 591 τοῦ
2848 535 2997 590 θείου
3029 529 3372 602 Ἀγαπητοῦ,
3398 529 3495 583 καλ⁵
3526 525 3692 597 ἠπεί-

2109 638 2192 689 λει
2223 635 2371 706 αὐτῷ
2403 635 2594 706 κύριος
2640 628 2782 687 εῖναι
2828 630 3027 698 λέγων,
3072 626 3334 697 πράττειν
3361 623 3390 676 6
3420 621 3690 693 βούλοιτο.

2124 731 2215 792 Ὠς
2242 729 2288 782 δ’
2321 729 2559 796 ὲπεγέλα
2599 725 2911 781 ἀπειλοῦντι
2949 721 3025 792 (7)
3067 721 3147 792 τῷ
3194 718 3412 790 βασιλεῖ
3442 720 3471 772 6
3499 717 3696 786 ἀρχιε-

2120 824 2267 894 ρεὺς,
2302 824 2396 877 καὶ
2424 820 2596 894 ἡδέως
2641 821 2707 874 ἂν
2740 817 3000 883 δέξασθαι
3046 816 3141 870 καὶ
3171 816 3272 882 τὴν
3321 814 3539 884 σφαγὴν
3574 812 3700 864 ἀντ-

2121 919 2318 988 επῆγε,
2344 916 2440 969 καὶ
2487 913 2756 984 μακάριος
2785 905 2945 976 εἶναι,
2978 909 3027 962 εί
3053 907 3185 978 γὰρ,
3219 906 3426 976 ἔλεγεν,
3457 903 3700 958 τοιούτου

2119 1011 2309 1074 τέλους
2351 1008 2632 1078 ἀξιωθείη,
2669 1004 2873 1078 ᾐδέσθη
2901 1007 2929 1058 ὁ
2973 1001 3356 1072 αὐτοκράτωρ,
3400 1000 3499 1053 καὶ
3533 1014 3703 1068 μετα-

2122 1103 2322 1172 6αλὼν,
2371 1100 2478 1156 ὐπὸ
2523 1099 2755 1172 ζήτησιν
2809 1098 2909 1168 τὴν
2957 1095 3160 1168 πρᾶξιν
3217 1093 3534 1164 καθίστησι.
3595 1091 3705 1144 Καὶ

439 1191 768 1252 occuparat,
811 1191 898 1237 est
946 1185 1184 1255 ejectus,
1235 1184 1570 1252 imperatore
1611 1181 2019 1237 sanctissimum

2140 1197 2379 1249 Ξιντεῖπον
2411 1191 2512 1263 μέν
2552 1207 2696 1254 τινες
2745 1189 2857 1243 τῶν
2899 1187 3208 1259 ἀρχιερέων
3244 1187 3322 1256 τῷ
3367 1185 3530 1254 πάπα
3571 1182 3706 1236 Ῥώ-

445 1291 639 1342 papam
676 1284 732 1329 et
768 1275 1055 1330 veritatem
1085 1275 1348 1340 reverito,
1375 1284 1432 1330 et
1460 1276 1513 1328 in
1545 1277 1666 1346 ejus
1690 1275 1871 1329 locum
1910 1273 2023 1328 suf-

444 1367 621 1421 frctus
668 1368 876 1430 Menas,
907 1368 992 1422 vir
1032 1383 1260 1425 summa:
1305 1368 1558 1439 pietatis,
1618 1367 2026 1422 Alexandrinus

448 1461 653 1529 patria,
713 1470 768 1516 et
818 1461 1020 1517 illustri
1069 1477 1270 1533 genere
1319 1472 1512 1524 ortus,
1557 1462 1869 1516 litterarum
1915 1477 2024 1514 non

449 1565 673 1620 expers,
727 1567 1006 1606 sacrarum
1055 1554 1310 1608 maxime.
1357 1552 1586 1606 Divinus
1615 1551 1780 1622 igitur
1811 1550 2023 1612 Menas.

2132 1306 2239 1358 μης
2270 1286 2591 1358 Ἀγαπητῷ,
2625 1287 2691 1354 τῇ
2726 1282 3016 1355 βασιλίσσῃ
3061 1281 3436 1352 χαριζόμενοι,
3475 1280 3606 1348 παρ’
3641 1273 3707 1351 ἧς

2129 1384 2222 1435 καὶ
2247 1382 2533 1453 χρήμασιν
2577 1378 3004 1449 ύπεφθάρησαν.
3038 1375 3265 1430 Πάντων
3313 1373 3358 1426 δ’
3398 1375 3610 1436 ἐκεῖνος
3642 1374 3708 1442 τῇ

2131 1474 2359 1545 ἀληθεία
2395 1473 2739 1544 συνηγορῶν,
2759 1472 3162 1542 ὐπερετέρησε,
3184 1469 3320 1522 καὶὸ
3351 1465 3617 1535 ’Λνθιμος
3637 1464 3710 1535 (8)

2134 1569 2229 1621 τοῦ
2279 1569 2474 1638 θρόνου
2529 1568 2630 1636 τῆς
2682 1561 3311 1626 Κωνσταντινουπόλεως
3376 1559 3710 1627 ὲκῦἐῦλητο,

451 1643 558 1698 hoc
594 1644 758 1698 modo
790 1646 1168 1716 patriarchatu
1202 1645 1408 1716 potitus
1429 1685 1442 1707 ,
1484 1661 1547 1700 ac
1578 1645 1694 1714 ipse
1729 1644 1916 1714 potius
1947 1644 2028 1698 fe-

2140 1665 2254 1725 ἔτος
2280 1661 2338 1716 ἒν
2371 1657 2706 1724 ἀπολαύσας,
2739 1657 2905 1712 αὐτοῦ
2932 1654 3028 1708 τοῦ
3059 1654 3326 1726 βασιλέως
3367 1651 3713 1714 αἱδεσθέντος

453 1733 544 1789 lici
568 1746 715 1789 sorte
741 1737 1139 1805 patriarchatui
1165 1738 1421 1802 traditus,
1440 1737 1761 1806 particulari
1796 1737 2033 1791 concilio

454 1839 580 1878 cum
611 1827 869 1897 pontiﬁce
897 1831 1139 1900 Agapeto
1168 1840 1493 1894 convocato,
1539 1827 1830 1893 Severum,
1864 1828 2032 1899 Euty-

455 1917 637 1981 cbem,
660 1919 907 1985 Petrum,
936 1920 1411 1976 llalicaruasseum
1432 1921 1734 1984 Julianum,
1759 1929 1815 1977 et
1838 1921 2035 1975 Anthi-

458 2026 606 2066 mum
639 2027 982 2068 assensorem
1029 2015 1247 2068 illorum
1282 2015 1631 2069 anathemate
1656 2023 1832 2068 notat.
1861 2013 2034 2068 Crete-

459 2121 578 2158 rum
624 2108 1006 2162 sanctissimus
1052 2125 1189 2178 papa
1248 2111 1524 2179 Agapetus
1562 2107 2038 2176 Constantinopoli

460 2201 756 2259 defunctus
811 2214 916 2258 est.
966 2205 1152 2258 Menas
1196 2219 1322 2258 cum
1370 2203 1670 2258 Ecclesiam
1717 2219 1814 2272 per
1866 2218 2040 2258 annos

461 2309 550 2348 xv:
588 2296 674 2364 pie
707 2298 1087 2367 gubernasset,
1125 2298 1284 2352 obiit.
1321 2297 1383 2351 Ei
1419 2297 1686 2352 successit
1715 2297 2039 2367 Eutyehius,

462 2400 727 2458 recteque
775 2391 992 2460 praefuit
1038 2408 1133 2460 per
1174 2407 1349 2445 annos
1398 2390 1712 2445 duodecim.
1750 2390 1865 2445 Sub
1910 2391 2038 2457 hoc,

465 2479 720 2546 quintum
744 2481 1040 2535 concilium
1072 2491 1156 2536 est
1178 2491 1426 2536 coactum
1453 2497 1582 2536 cexv
1605 2490 1921 2537 Sanctorum
1943 2481 2044 2536 l’a-

469 2582 638 2633 trun't,
671 2586 904 2638 quorum
940 2573 1196 2644 princeps
1231 2573 1333 2629 fuit
1373 2573 1604 2646 Vigilius
1656 2590 1797 2644 papa
1839 2575 2044 2630 Roma-

470 2677 598 2725 nus,
625 2673 680 2717 et
706 2663 750 2716 is
773 2663 933 2735 cujus
951 2666 1064 2736 jam
1093 2665 1235 2721 facta
1269 2667 1474 2720 mentio
1501 2677 1608 2731 est,
1638 2666 1966 2738 Eutychius,
1992 2675 2050 2722 et

469 2755 872 2812 Alexandrinus
922 2758 1274 2827 Apollinaris.
1325 2757 1556 2814 Concilii
1631 2759 1794 2830 hujus
1854 2758 2049 2815 indicti

470 2862 635 2902 causa
671 2847 772 2903 fuit
805 2849 1102 2919 Origenes,
1154 2852 1384 2922 ejusque
1429 2867 1704 2921 perversae
1734 2851 2048 2922 opiniones,

470 2952 529 2996 et
570 2951 869 2997 scCtatores
907 2944 1027 3013 ejus
1063 2944 1323 3016 Didymus
1367 2953 1531 3014 atque
1574 2945 1840 3015 Evagrius
1869 2964 1882 2999 :
1913 2959 2052 3014 quo-

475 3049 602 3094 rum
643 3036 838 3105 dogma
870 3035 970 3091 fuit
999 3037 1212 3092 animas
1239 3044 1367 3092 ante
1399 3053 1634 3106 corpora
1665 3038 1965 3096 exstitisse.
1991 3045 2049 3092 et
2079 3032 2123 3093 ϐ

471 3127 730 3198 βυρριίοἰί
789 3127 952 3182 linem
992 3144 1145 3191 esse,
1192 3138 1250 3184 et
1293 3131 1568 3185 daemones
1610 3131 1899 3200 pristinam
1939 3131 2052 3200 68

475 3219 801 3289 dignitatem
869 3231 1333 3290 recuperaturos,
1400 3223 1617 3290 aliaque
1673 3223 1852 3291 plura.
1917 3223 2052 3287 llos,

475 3327 783 3381 eorumque
803 3311 1074 3382 dogmata,
1101 3329 1313 3368 necnon
1332 3313 1683 3368 Theodorum
1710 3329 1773 3368 ex
1801 3314 2056 3384 Mopsue-

478 3403 586 3457 stia
617 3401 851 3458 Nestorii
887 3405 1324 3474 sull‘ragatorem,
1346 3406 1428 3460 vel
1453 3405 1770 3475 magistrqu
1793 3407 1975 3477 potius
1999 3406 2059 3462 il-

480 3495 609 3559 lius,
631 3497 979 3552 anathemate
1003 3505 1284 3560 notarunt,
1305 3513 1430 3553 cum
1451 3499 1799 3556 Justinianus
1822 3497 2059 3554 concilio

483 3589 794 3653 interesset,
819 3601 874 3645 et
898 3590 985 3658 pia
1009 3591 1226 3645 decreta
1254 3591 1477 3646 Patrum
1506 3592 1856 3661 approbaret.
1881 3591 2061 3660 Atque

485 3687 604 3740 haec
633 3686 707 3740 ita
749 3696 898 3754 gesta
931 3695 1080 3740 sunt.
1128 3686 1426 3741 Belisarius
1468 3695 1651 3742 autem
1685 3703 1810 3742 cum
1857 3687 1911 3742 in
1955 3684 2063 3738 ιω-

486 3780 615 3835 liam
643 3779 962 3850 trajeeisset,
995 3779 1232 3849 primum
1257 3779 1542 3848 Neapolim
1579 3779 1868 3836 obsidione
1893 3784 2060 3858 capit.

489 3869 697 3926 Deinde
737 3870 923 3926 Romae
967 3887 1187 3942 quoque
1233 3872 1406 3943 ipsius
1454 3874 1693 3942 potitur,
1739 3875 1942 3945 partim
1985 3876 2062 3943 vi,

489 3966 689 4034 partim
735 3965 1120 4020 benevolentia
1163 3965 1389 4020 civium.
1425 3966 1560 4020 Nam
1600 3965 1931 4022 Gotthorum
1969 3985 2066 4024 rex

488 4058 812 4112 Theudatus
867 4059 1138 4113 Ravenna;
1187 4057 1440 4128 degebat.
1499 4058 1868 4114 Mediolanum
1929 4060 2063 4116 item

2135 1755 2224 1809 τὸν
2275 1752 2568 1824 ίερὼτατον
2616 1751 2827 1814 πᾶπαν,
2860 1748 2958 1804 καὶ
2995 1749 3092 1820 τὴν
3139 1747 3423 1819 ἀλήθειαν.
3463 1745 3707 1798 ’Λντεισ-

2137 1845 2278 1918 ήχθη
2322 1845 2380 1898 δὲ
2430 1844 2624 1915 Μηνᾶς
2658 1842 2757 1913 (9),
2788 1841 2928 1912 ἀνὴρ
2959 1840 3376 1903 εὐσεϐέστατος,
3402 1837 3588 1908 αὐχῶν
3618 1837 3715 1907 μὲν

2140 1937 2378 2010 πατρίδα
2425 1937 2526 2008 τὴν
2559 1935 2683 1990 κατ’
2734 1936 3012 2004 Αίγυπτον
3061 1930 3503 2002 Ἀλεξάνδρειαν,
3551 1931 3718 1998 ὲκφυς

2139 2031 2182 2086 δ’
2211 2031 2329 2094 ἑνὸς
2369 2031 2474 2084 τῶν
2507 2031 2564 2082 ὲν
2597 2027 2771 2100 ταύτῃ
2807 2026 3110 2097 ἐπιφανῶν,
3145 2025 3240 2079 καὶ
3291 2024 3468 2093 λόγων
3514 2024 3616 2077 οὐκ
3647 2022 3718 2076 ὣν

2141 2123 2496 2192 ἀνομίλητος,
2529 2122 2625 2174 καὶ
2677 2118 2912 2190 μάλιστά
2968 2134 3032 2186 γε
3059 2117 3170 2170 τῶν
3219 2117 3536 2186 θειοτέρων.
3572 2113 3721 2168 Οὕτω

2141 2216 2196 2269 δὲ.
2228 2216 2326 2284 τῆς
2359 2211 2769 2285 ἀρχιερωσύνης
2804 2211 2994 2278 Μηνᾶς
3023 2208 3052 2259 6
3097 2206 3246 2270 θεῖος
3276 2205 3483 2276 τυχὼν,
3521 2205 3555 2276 ἢ
3588 2203 3721 2273 μᾶλ-

2142 2309 2234 2360 λον
2289 2307 2507 2376 ἐκείνης
2557 2300 2942 2373 εὐτυχησάσης
2995 2299 3188 2364 αὐτὸν,
3229 2298 3450 2352 σύνοδον
3494 2297 3724 2366 μερικὴν

2121 2399 2456 2472 συγκροτεῖ,
2497 2397 2594 2448 σὺν
2619 2393 2698 2465 τῷ
2739 2393 2894 2464 rein;
2929 2390 3249 2461 Ἀγαπητῷ,
3287 2393 3383 2443 καὶ
3415 2389 3724 2456 ἀναθέματι

2147 2486 2468 2558 περιϐάλλει
2503 2484 2764 2556 Σεϐἧρον,
2797 2485 2894 2536 καὶ
2934 2482 3177 2552 Εὐτυχῆ,
3223 2481 3319 2534 καὶ
3364 2480 3598 2548 Πέτρον,
3636 2480 3723 2531 καλ

2147 2583 2240 2636 τὸν
2305 2578 2714 2650 Ἀλικαρνασέα
2776 2576 3090 2639 Ἰουλιανόν,
3161 2574 3256 2629 καὶ
3320 2573 3412 2626 τὸν
3469 2573 3726 2638 Ἀνθιμον

2149 2675 2224 2738 ὡς
2291 2674 2518 2736 ἐκείνοις
2576 2672 2882 2743 ὁμόφρονα.
2938 2669 3061 2722 Ἔτι
3087 2661 3147 2721 δ’
3200 2670 3259 2722 ὲν
3315 2666 3393 2737 τῷ
3449 2663 3729 2734 Βυζαντίῳ

2149 2769 2356 2834 διάγων
2394 2768 2423 2820 6
2467 2765 2765 2836 ἱερώτατος
2816 2765 3004 2827 πάπας
3051 2763 3388 2834 Ἀγαπητδς,
3426 2756 3730 2832 μετήλλαξε

2153 2861 2251 2931 τὴν
2278 2861 2447 2929 ζωήν.
2498 2858 2556 2913 Ὀ
2590 2859 2778 2928 μέντοι
2810 2857 3010 2927 Μηνᾶς
3040 2855 3153 2926 (10)
3196 2853 3292 2908 ἐπὶ
3341 2853 3475 2907 δέκα
3528 2853 3624 2906 καὶ
3674 2851 3731 2916 ἒξ

2155 2953 2253 3022 τὴν
2308 2950 2637 3022 Ἐκκλησίαν
2673 2947 2916 3012 εὐσεϐῶς
2969 2947 3157 3011 ίθύνας
3207 2945 3324 3017 ἐτη.
3357 2945 3453 2998 τὸν
3487 2945 3606 3015 βίον
3635 2961 3731 2996 κα-

2156 3047 2348 3100 τέλυσε
2401 3045 2516 3118 (ll)
2547 3059 2560 3074 '
2615 3044 2714 3097 καὶ
2764 3043 2974 3114 ἀνήχθη
3036 3043 3118 3104 είς
3177 3040 3280 3111 τὴν
3329 3035 3731 3109 ἀρχιερατικὴν

2157 3138 2432 3210 καθέδραν
2458 3137 2559 3207 τῆς
2585 3136 2732 3204 Νέας
2769 3136 2989 3204 Ῥώμης
3020 3133 3286 3202 Εὐτύχιος
3320 3129 3456 3202 (12).
3494 3128 3735 3199 προστὰς

2156 3233 2509 3304 όρθοφρόνως
2553 3233 2654 3302 τῆς
2685 3229 3019 3302 Ἐκκλησίας
3067 3225 3352 3289 ἐνιαυτοὺς
3385 3222 3737 3278 δυοκαίδεκα.

2169 3326 2286 3394 Ἐφ’
2313 3320 2375 3380 οὗ
2401 3327 2495 3378 καὶ
2520 3327 2552 3396 ἠ
2591 3323 2819 3394 πέμπτη
2851 3321 2963 3393 (l5)
2992 3319 3351 3391 συνήθροιστο
3381 3315 3602 3380 σύνοδος
3634 3315 3740 3369 τῶν

2160 3420 2355 3474 ἑκατὸν
2402 3419 2669 3489 ἑξήκοντα
2719 3419 2814 3471 καὶ
2875 3418 3038 3468 πέντε
3099 3413 3272 3482 ἁγίων
3330 3410 3621 3479 Πατέρων,
3667 3401 3742 3464 ὧν

2161 3515 2365 3585 ἐξῆρχε
2425 3514 2664 3580 Βιγίλιος
2697 3513 2890 3573 πάπας
2931 3509 3176 3579 Ῥώμης,
3226 3507 3320 3560 καὶ
3365 3507 3391 3560 6
3450 3505 3742 3577 είρημένος

2164 3607 2446 3677 Εὐτύχιος,
2518 3605 2616 3661 καὶ
2687 3606 2714 3658 6
2801 3600 3224 3671 Ἀλεξανδρείας
3311 3597 3740 3667 Ἀπολλινάριος.

2165 3697 2532 3767 Συνήθροιστο
2565 3695 2621 3748 δὲ
2647 3695 2790 3749 κατὰ
2829 3692 2925 3747 τοῦ
2971 3692 3303 3762 Ὠριγένους,
3332 3690 3559 3744 καὶτῶν
3590 3690 3744 3742 ἁλλο-

2165 3791 2342 3843 κότων
2378 3788 2591 3842 ἐκείνου
2635 3786 2824 3854 δοξῶν,
2858 3785 2956 3838 καὶ
2986 3786 3094 3838 τῶν
3122 3785 3191 3839 τὰ
3223 3784 3436 3837 ἐκείνου
3472 3783 3744 3854 πρεσϐευ-

2168 3883 2378 3936 σάντων
2410 3880 2647 3950 Διδύμου
2716 3881 2810 3933 καὶ
2847 3879 3145 3948 Εὐαγρίου,
3177 3878 3377 3940 οἵτινες
3411 3877 3525 3930 τῶν
3558 3877 3744 3948 ψυχῶν

2169 3968 2516 4040 προύπαρξιν
2546 3966 2929 4038 ἐδογμάτιξον,
2970 3967 3064 4018 καὶ
3114 3966 3268 4029 τέλος
3309 3966 3412 4038 τῆς
3455 3967 3740 4030 κολάσεως

2168 4061 2378 4129 ελεγον,
2411 4061 2504 4112 καλ⁸
2551 4059 2663 4112 τῶν
2720 4059 2995 4130 δαιμόνων
3031 4059 3111 4122 εἰς
3157 4059 3219 4112 τὸ
3253 4059 3485 4128 ἀρχαῖον
3535 4057 3745 4110 ἀποκα-

490 4150 722 4206 Romani
754 4159 1038 4222 ceperunt.
1071 4151 1203 4216 Quae
1237 4150 1370 4206 urbs
1398 4165 1522 4205 cum
1562 4165 1592 4204 a
1631 4149 1850 4206 Gotthis
1881 4151 2046 4207 deum

2169 4151 2456 4216 τάστασιν,
2486 4152 2584 4204 καὶ
2631 4150 2800 4222 ἕτερα
2855 4152 3102 4214 πλείονα,
3137 4150 3232 4216 οὓς
3292 4151 3387 4206 καὶ
3437 4150 3748 4220 ἀναθέματι

492 4243 870 4308 obsideretur,
914 4244 1212 4314 imperator
1239 4244 1525 4299 Narsetem
1565 4241 1829 4301 Belisario
1864 4259 2046 4316 supper

2174 4241 2272 4294 σὺν
2330 4243 2443 4305 τοῖς
2477 4241 2660 4294 αὐτῶν
2697 4241 2936 4294 ὑπέϐαλε
2986 4241 3279 4313 δόγμασιν,
3310 4239 3448 4294 ἀλλὰ
3506 4241 3609 4294 καὶ
3660 4241 3749 4293 τον

496 4337 599 4391 tias
620 4335 804 4400 mittit,
823 4336 1140 4391 eunuchum
1161 4335 1314 4390 illum
1337 4336 1580 4406 quidem,
1605 4346 1862 4392 caeterum
1886 4337 2046 4391 virun

2140 4334 2553 4424 ,Μοψουεστίας
2601 4335 2879 4407 Θεόδωρον
2911 4336 2980 4390 τὰ
3018 4336 3320 4406 Νεστορίου
3355 4335 3686 4405 φρονοῦντα,
3716 4332 3746 4403 ἢ

497 4434 806 4491 strenuum,
845 4437 901 4481 et
931 4427 1009 4481 rei
1048 4428 1307 4482 militaris
1338 4428 1757 4498 peritissimum,
1784 4439 1840 4485 et
1873 4429 1940 4484 iis
1970 4445 2043 4499 qu

2175 4430 2379 4498 μᾶλλον
2405 4430 2621 4482 ἐκείνου
2656 4430 2924 4498 γεγονότα
2957 4429 3304 4513 διδάσκαλον,
3338 4429 3437 4482 καὶ
3466 4425 3560 4480 τοῦ
3595 4426 3748 4498 βασι-

497 4530 684 4571 rerutu
727 4519 1098 4588 potiebantur,
1133 4518 1477 4574 familiarem.
1529 4520 1732 4574 Verum
1783 4520 1927 4576 inter
1965 4520 2046 4575 ho:

2167 4521 2305 4586 λέως
2352 4521 2739 4576 Ἰουστινιανοῢ
2797 4517 3086 4594 παρόντος
3120 4523 3180 4576 ὲν
3232 4526 3301 4595 τῇ
3362 4523 3594 4593 συνόδῳ,
3658 4521 3749 4576 καὶ

499 4609 642 4664 duos
706 4625 898 4680 parum
965 4611 1348 4666 conveniebat.
1396 4611 1531 4666 Nam
1586 4627 1710 4666 eum
1766 4611 2046 4668 Belisariu:

2172 4615 2626 4680 συνευδοκοῦντος
2648 4610 2730 4680 οἷς
2750 4616 2799 4669 oi
2828 4616 2963 4670 θεῖοι
2987 4616 3230 4686 Πατέρες
3251 4617 3452 4670 ὲκεῖνοι
3486 4614 3750 4684 θεοφιλῶς

499 4719 770 4770 summam
819 4717 1002 4758 rerum
1069 4707 1207 4759 bene
1255 4712 1529 4774 gestarum
1577 4703 1682 4760 sibi
1726 4702 2045 4759 vendicaret

2171 4704 2557 4775 ᾠκονόμησαν.
2603 4706 2766 4764 Ἀλλὰ
2819 4707 2994 4760 ταῦτα
3047 4705 3147 4775 μὲν
3195 4703 3370 4776 ταύτῃ
3427 4706 3747 4775 συνήνεκτο.

1683 4862 1885 4926 Variae
1919 4861 2234 4928 lectiones
2264 4870 2326 4927 et
2358 4872 2547 4926 notae.
3261 4944 3306 4980 ‘

2249 5014 2360 5086 (10)
2386 5013 2466 5086 A'O
2485 5015 2603 5086 μὲν
2635 5033 2694 5086 τι
2722 5013 2954 5083 Μηνᾶς.
3012 5014 3163 5070 [llius
3214 5027 3540 5070 memoriam
3585 5023 3748 5085 agunt

2173 5083 2348 5146 Graeci
2378 5083 2448 5140 25
2475 5083 2614 5146 Aug.
2651 5085 2873 5141 Mena‘a.

2249 5158 2359 5229 (ll)
2398 5156 2508 5229 Τεδτξ
2547 5153 2694 5219 βίον
2723 5155 3042 5229 κατέλυσε.
3080 5154 3231 5229 Obiit
3263 5153 3482 5229 M_enas_
3500 5155 3561 5208 ὲν
3587 5154 3750 5229 ,γήρα

2175 5224 2348 5290 πίονι,
2399 5225 2613 5294 πλήρης
2665 5228 2759 5279 καί
2793 5227 2900 5278 τῶν
2941 5230 3089 5294 κατὰ,
3125 5226 3255 5277 Θεὸν
3299 5224 3523 5292 ἡμερῶν
3579 5225 3748 5290 ὑπάρ-

2177 5317 2313 5425 ἒιὸν,
2359 5297 2549 5420 utqsait
2593 5296 2917 5350 Eustathius
2949 5297 3003 5350 in
3056 5293 3174 5349 Vita
3201 5295 3260 5350 S.
3318 5295 3574 5366 Eutychii
3606 5295 3746 5348 Patr.

2269 5411 2282 5422 .
2313 5385 2370 5422 n.
2415 5405 2446 5420 ..
2491 5408 2503 5420 .

2269 5411 2282 5422 .
2313 5385 2370 5422 η.
2411 5385 2503 5420 ΖΟ.

2249 5437 2387 5507 (1‘2)
2446 5435 2994 5507 Εύτύχιοςνδιθιιω
3074 5435 3340 5507 successit
3410 5432 3742 5507 Eutychius,

2180 5503 2295 5562 tum
2340 5503 2512 5563 annos
2542 5503 2704 5562 natus
2747 5506 2834 5572 40,
2866 5515 2928 5560 ιιι
2950 5515 3035 5562 est
3083 5505 3226 5576 apud
3263 5503 3532 5560 eumdem
3551 5503 3746 5558 Eusta-

509 5577 580 5630 ait
607 5579 938 5632 Catholicam
973 5583 1181 5634 nomine
1222 5581 1490 5636 Hennam.
1519 5577 1626 5636 Ubi
1665 5577 2081 5635 observandum
2183 5579 2381 5642 thium,
2418 5594 2477 5632 η.
2506 5577 2596 5630 26.

509 5649 1114 5720 eumdemiponlilicem
1161 5651 1686 5720 Constantinopolit.
1743 5651 1816 5704 ita
1868 5666 2046 5718 sempe

2210 5718 2222 5720 _
2253 5648 2365 5720 (15)
2402 5650 2462 5702 Ἠ
2491 5647 2728 5720 πέμπτη
2764 5645 3044 5713 σύνοδος.
3079 5646 3212 5702 Vide
3256 5648 3510 5701 eumdem
3563 5642 3746 5700 Eusta-

511 5716 878 5792 imhgitari‘in
926 5720 1177 5776 conciliis
1210 5730 1265 5775 et
1321 5723 1466 5792 apud
1507 5716 1804 5792 scriptores
1834 5716 2085 5786 Latinos,
2188 5716 2386 5782 litium.
2421 5736 2476 5773 II-
2510 5717 2602 5783 28,
2641 5717 2731 5783 29,
2766 5729 2870 5774 ἓιο·

517 5799 626 5839 non
652 5802 782 5841 vero
819 5787 1054 5848 Menam,

576 5017 1055 5090 (ηἈπειλοῦν-τι
1100 5018 1186 5074 δέ.
1221 5017 1354 5072 Vide
1401 5017 1758 5074 Anastasium
1826 5015 1972 5071 Bibl.
2018 5014 2074 5068 in

503 5095 765 5150 Aaapeto.
1311 5091 1316 5100 ’

551 5106 772 5232 ςῗδιῖαὲῢ
811 5162 1106 5231 Ἀγθίμος.
1136 5161 1457 5216 Anastasius
1484 5160 1539 5214 in
1575 5158 1806 5232 Agapito
1843 5158 1944 5213 PP.
1971 5157 2078 5212 Eo-

506 5234 624 5288 dem
648 5243 881 5303 tempore
926 5231 1484 5303 ejeeitanstinianus)
1521 5231 1826 5284 Aut/timum
1871 5247 1902 5281 a
1932 5245 2078 5282 com-

509 5301 775 5367 munione,
806 5312 853 5357 el
879 5301 1076 5372 expulit
1118 5305 1172 5356 in
1199 5301 1462 5356 exsiliunt.

581 5373 656 5436 (9)
681 5373 921 5442 Μηνᾶς.
943 5368 1274 5426 Anastasius
1298 5373 1351 5425 iu
1396 5374 1635 5442 Agapeto
1665 5389 1679 5442 ι
1731 5368 1877 5442 Tunc
1906 5371 2080 5439 piissi-

510 5455 625 5512 mus
659 5441 917 5509 Augustus
951 5442 1285 5512 Iustinianua
1319 5441 1512 5512 rogans
1540 5441 1896 5494 beatissimum
1930 5443 2078 5512 Aga-

509 5511 678 5579 pitum
707 5527 925 5580 papam.
949 5521 998 5563 et
1022 5513 1076 5564 in
1099 5511 1208 5565 loco
1229 5512 1462 5567 Antltimi
1489 5512 1786 5580 episcopum
1804 5511 2077 5566 consecra-
