3994 6246
335 349 470 413 1249
1552 354 1952 416 ANNALIUM
1982 355 2129 417 LIB.
2173 357 2329 418 XIV.
3445 363 3585 430 12:30

341 463 400 514 '0
432 459 746 532 Βελισάριος
779 459 890 532 (14)
918 461 995 524 δὲ,
1034 461 1114 524 εἰς
1171 460 1268 530 τὴν
1295 459 1530 516 Ἰταλξαν
1569 462 1903 530 ἐκπλεύσας,

2015 463 2207 520 Narses
2233 475 2417 519 autem
2451 465 2599 520 illius
2625 465 3150 536 auspiciismilitare
3176 469 3346 525 videri
3375 473 3581 530 nollet:

333 555 552 621 πρῶτον
591 557 693 624 μὲν
758 554 1047 626 πολιορκίᾳ
1076 555 1373 626 ,λαμϐάνει
1414 555 1728 624 Νεάπολιν,
1781 553 1901 608 εἶτα

2015 555 2240 625 sejuncti
2295 555 2528 611 diversis
2569 557 2622 610 in
2670 557 2806 612 locis
2849 558 3052 612 bellum
3099 560 3581 630 administrarunt,

331 648 424 698 καὶ
471 646 552 709 εἰς
606 646 777 716 αὐτὴν
817 648 918 716 τὴν
964 647 1184 717 Ῥώμην
1225 647 1591 718 ἐπιδημήσας,
1628 647 1768 718 ὁμοῦ
1799 648 1902 715 μὲν

2015 662 2178 717 eaque
2210 664 2374 703 causa
2433 649 2539 702 fuit
2569 665 2667 703 cur
2706 650 2905 704 alicubi
2934 652 3282 722 impegerint.
3312 653 3446 708 Nam
3477 655 3584 709 im-

333 735 588 806 δυνάμει,
625 735 760 806 ὁμοῦ
799 738 856 791 δὲ
887 738 980 791 καὶ
1007 741 1073 810 τῇ
1107 739 1215 790 τῶν
1247 739 1427 791 ἀστῶν
1471 739 1678 810 εὐνοίᾳ,
1711 739 1904 808 γέγονε

2015 741 2264 808 pcratorii
2322 740 2547 805 milites,
2575 751 2914 796 commeatus
2972 743 3211 813 in0piam
3268 757 3584 813 causantes,

332 826 428 878 καὶ
459 826 664 894 ταύτης
695 829 870 892 ἐντός,
913 828 970 882 '0
1003 832 1112 898 γὰρ
1145 828 1251 882 τῶν
1277 829 1492 883 Γότθιυν
1538 831 1724 900 ἄρχων
1763 831 1903 884 Θευ-

2015 831 2220 886 30tthis
2266 832 2574 887 Mediolano
2605 845 2913 900 cesserunt,
2948 845 3004 890 et
3046 837 3226 907 majus
3258 835 3487 890 forsitan
3515 854 3584 892 ex

330 918 491 982 δάτος
519 920 578 972 ἐν
620 921 884 995 Ῥαϐέννῃ
906 921 1109 987 διάγων
1137 923 1420 994 ἐτύγχανε.
1449 925 1558 978 Καὶ
1594 924 1904 978 Μεδιόλανα

2015 937 2193 976 eorum
2223 926 2566 979 dissensione
2603 927 2804 980 malum
2841 936 2985 982 esset
3019 937 3228 994 ortum,
3263 931 3368 984 nisi
3407 930 3583 1001 impe-

331 1013 390 1062 δέ
440 1014 472 1082 ὴ
535 1012 690 1076 πόλις
747 1013 1054 1084 κατεσχέθη
1108 1019 1262 1084 παρὰ
1324 1016 1633 1086 Ῥωμαίων.
1670 1016 1794 1070 Τῶν
1847 1016 1906 1069 δὲ

2015 1026 2156 1071 rator
2183 1017 2461 1072 Narsctent
2497 1035 2595 1089 per
2626 1021 2844 1074 litteras
2867 1032 3194 1078 revocasset.

331 1103 548 1157 Γότθων
584 1101 740 1168 αὖθις
771 1105 1206 1176 πολιορκούντων
1237 1107 1432 1179 αὐτὴν,
1458 1109 1488 1160 6
1521 1106 1778 1179 βασιλεὺς
1844 1107 1938 1160 τὸν
1975 1108 2205 1180 Ναρσῆν
2263 1111 2402 1180 μετὰ
2449 1111 2735 1179 δυνάμεως
2787 1113 3061 1182 ἐπαρῆξαι
3131 1114 3210 1182 τῷ
3277 1115 3584 1185 Βελισαρίῳ

332 1198 679 1254 ἀπέστειλεν.
733 1196 841 1253 Ἦν
893 1199 952 1254 δέ
1011 1203 1040 1254 6
1097 1201 1326 1272 Ναρσῆς
1375 1202 1663 1278 ἐκτομίας,
1730 1201 1906 1265 ἄλλως
1951 1203 2138 1272 μέντοι
2205 1204 2458 1271 γενναῖός
2499 1222 2556 1258 τε
2593 1206 2688 1258 καὶ
2728 1206 3270 1276 στρατηγικώτατος,
3341 1209 3436 1259 καὶ
3478 1212 3590 1267 τοῖς

331 1291 628 1361 κρατοῦσιν
678 1292 1048 1363 ᾡκειωμένος.
1093 1293 1370 1364 Ἀλλήλοιν
1414 1292 1507 1347 οὖν
1543 1296 1621 1364 μὴ
1674 1295 2066 1364 συμφωνοῦντε
2111 1295 2289 1365 τούτῳ
2314 1295 2435 1375 κτὼ
2519 1297 2816 1370 στρατηγὼ
2862 1298 2940 1350 τὼ
3005 1299 3167 1352 διττὼ
3205 1300 3254 1368 (6
3331 1301 3428 1369 μὲν
3482 1303 3592 1368 γὰρ

333 1387 646 1456 Βελισάριος
709 1385 888 1457 ἐαυτῷ
923 1389 1034 1439 τῶν
1091 1387 1536 1457 κατορθωμάτων
1589 1388 1747 1458 ἤθελε
1804 1391 1865 1440 τὸ
1941 1391 2050 1442 πᾶν
2091 1369 2537 1458 ἐπιγράφεσθαι·
2581 1393 2610 1443 6
2663 1392 2719 1444 δέ
2751 1409 2814 1460 γε
2871 1392 3103 1462 Ναρσὴς
3169 1394 3270 1445 οὑκ
3340 1395 3592 1462 ἠνείχετο

333 1478 426 1530 ὑπ’
459 1479 665 1531 ἐκεῖνον
692 1480 952 1549 τετάχθαι
987 1479 1210 1551 δοκεῖν),
1239 1481 1593 1553 διῃρέθησαν,
1625 1481 1723 1534 καὶ
1785 1484 1812 1534 6
1877 1480 1977 1549 μὲν
2016 1479 2177 1552 άλλη,
2211 1482 2240 1533 6
2297 1481 2340 1533 δ’
2397 1481 2536 1551 ἄλλῃ
2591 1483 2858 1536 διετῐθουν
2905 1487 2996 1538 τὸν
3043 1489 3299 1555 πόλεμον,
3353 1488 3433 1540 διδ
3493 1491 3591 1542 καὶ

331 1566 651 1636 ἐσφάλησαν
679 1566 736 1619 ἑν
765 1585 899 1622 τισι.
928 1569 1051 1623 Τῶν
1089 1569 1198 1638 γὰρ
1247 1569 1592 1623 Μεδιολάνων
1637 1572 1688 1622 οἱ
1761 1569 1939 1624 ταῦτα
1979 1571 2351 1643 φρουροῦντες
2418 1573 2691 1642 βασιλικοὶ
2715 1575 2826 1628 τῶν
2853 1577 3170 1645 ἀναγκαίων
3213 1580 3420 1632 ἔνδειαν
3446 1595 3588 1649 προ-

332 1657 677 1726 ϐαλλόμενοι,
707 1662 820 1724 τοῖς
851 1661 1067 1723 Γότθοις
1119 1663 1441 1730 ἐξέστησαν,
1477 1662 1571 1715 καὶ
1616 1663 1759 1730 τάχα
1805 1661 1901 1714 καὶ
1941 1663 2022 1723 εἰς
2090 1663 2274 1733 μεῖζόν
2337 1681 2390 1717 τι
2436 1669 2606 1720 κακὸν
2638 1669 2670 1738 ἡ
2703 1667 2820 1742 ἔρις
2861 1669 2927 1721 ἂν
2973 1671 3178 1739 ἀμφοῖν
3209 1673 3588 1743 ἐτελεύτησεν,

332 1753 382 1802 εξ
417 1752 491 1824 μὴ
527 1755 554 1804 6
585 1753 837 1821 βασιλεὺς
876 1755 968 1807 τὸν
1002 1753 1226 1825 Ναρσῆν
1255 1756 1344 1808 διὰ
1384 1756 1732 1823 γραμμάτων
1765 1755 1904 1824 πρὸς
1941 1755 2137 1809 ἑαυτδν
2162 1757 2569 1827 μετεστείλατο.

401 1849 478 1904 Θ¹.
550 1848 826 1902 Ἐντεῦθεν
897 1850 1056 1919 μόνος
1108 1851 1261 1912 αὖθις
1304 1852 1332 1902 6
1370 1851 1679 1919 Βελισάριος
1718 1867 1904 1921 στρατ·

2088 1852 2177 1906 IX.
2207 1855 2333 1910 Post
2367 1855 2420 1909 id
2449 1855 2766 1923 Belisarius,
2800 1859 2950 1913 solus
2985 1877 3098 1914 rem
3127 1878 3345 1931 gerens,
3366 1880 3589 1920 omnem

333 1940 509 2008 ηγῶν,
541 1942 725 1993 πᾶσαν
795 1941 895 2011 τὴν
947 1942 1198 2003 Ἰταλιαν,
1250 1945 1341 1995 καὶ
1379 1944 1474 2006 τὰς
1511 1944 1696 2005 πόλεις
1738 1945 1909 2012 αὐτῆς

338 2035 428 2102 ὑφ’
457 2033 651 2085 ἑαυτὸν
683 2034 1004 2105 ἐποιήσατο,
1038 2038 1130 2087 καὶ
1160 2034 1418 2088 τοσοῦτον
1446 2039 1560 2100 τοῖς
1594 2035 1909 2106 Βαρϐάροις

335 2126 434 2178 καὶ
462 2125 696 2194 φοϐερὸς
725 2126 818 2178 καὶ
844 2127 1114 2196 ἐράσμιος
1139 2129 1383 2196 γέγονεν,
1401 2127 1476 2190 ὡς
1507 2128 1604 2180 καὶ
1633 2129 1730 2198 τῆς
1761 2129 1910 2196 σφῶν

337 2219 514 2287 ἀρχῆς
566 2218 727 2270 αὐτὸν
778 2219 985 2282 ἀξιοῦν,
1034 2222 1128 2273 καὶ
1180 2220 1410 2289 βασιλέα
1475 2219 1590 2290 (15)
1644 2221 1910 2272 ἱκετεύειν

337 2311 504 2363 αὐτὸν
553 2312 882 2380 γενήσεσθαι
921 2313 1096 2381 σφῶν,
1127 2315 1220 2366 καὶ
1269 2313 1496 2376 ἑαυτοὺς
1527 2314 1622 2366 καὶ
1665 2317 1731 2366 τὰ
1780 2315 1912 2383 σφέ-

335 2416 476 2470 τερα
503 2402 679 2455 πάντα
710 2404 1111 2473 ἀνατιθεμένων
1140 2405 1310 2476 αύτῷ.
1342 2405 1401 2458 '0
1431 2405 1508 2471 δὲ,
1540 2405 1652 2458 Ούκ
1681 2404 1747 2458 ἄν
1780 2423 1910 2458 ποτε

340 2495 545 2559 ζῶντος
581 2495 982 2559 Ἰουστινιανοῦ,
1013 2498 1140 2568 ἔφη,
1174 2498 1424 2568 βασιλεὺς
1452 2499 1616 2561 αὐτὸς
1642 2498 1910 2569 κληθῆναι

342 2586 630 2656 ἀνέξομαι,
665 2589 740 2650 ὼς
772 2588 900 2658 περὶ
924 2589 1129 2643 τούτων
1162 2591 1190 2641 6
1231 2589 1550 2659 Καισαρεὺς
1579 2591 1908 2659 Προκόπιος,

341 2680 493 2746 αὐτῷ
542 2679 665 2730 τότε
720 2681 1248 2751 συστρατευόμενος,
1305 2680 1570 2750 ἔγραψεν.
1623 2681 1912 2734 Ἐντεῦθεν

340 2771 520 2825 τοίνυν
569 2771 859 2838 ἐπεφθονος
921 2775 1162 2841 γεγονὼς
1215 2771 1571 2826 διαϐάλλεται
1623 2774 1760 2842 πρὸς
1818 2775 1912 2826 τὸν

342 2863 592 2933 βασιλέα,
631 2864 705 2926 ὡς
742 2864 1020 2934 βασιλείας
1053 2865 1229 2934 ἐρῶν,
1265 2864 1359 2919 καὶ
1393 2865 1453 2929 ὃς
1491 2865 1653 2918 αὑτὸν
1698 2864 1910 2918 ἐκεῖθεν

343 2957 746 3026 μετεκαλέσατο
780 2957 916 3029 (16),
937 2958 1010 3020 ὼς
1035 2959 1115 3021 εἰς
1145 2957 1244 3029 τὴν
1277 2957 1451 3030 Ἐῴαν
1488 2958 1912 3030 στρατεύσοντα,

338 3049 437 3102 καὶ
520 3049 612 3102 τὸν
695 3049 941 3119 Μηδικὸν
1002 3051 1582 3121 ἐμπιστευθησόμενον
1649 3052 1910 3122 πόλεμον.

339 3141 578 3210 Τελευτᾷ
605 3140 790 3210 μέντοι
824 3141 916 3194 καὶ
941 3143 972 3212 ἡ
1001 3140 1286 3209 Δύγοῦστα
1319 3142 1594 3212 Θεοδὼρα,
1619 3142 1912 3197 ἐπιϐιοῦσα

336 3233 406 3300 τῇ
433 3204 698 3300 βασιλείᾳ
738 3231 832 3300 ἐτη
883 3204 1058 3284 εἴκοσι
1094 3204 1250 3303 -πρδς
1281 3235 1384 3300 ἐνὶ,
1418 3204 1516 3288 καί
1553 3204 1688 3306 μησὶ
1737 3236 1909 3307 τρισί.
1942 3204 1984 3261 C

339 3320 456 3390 Τῆς
489 3321 545 3372 δέ
588 3323 845 3390 Μεγάλης
898 3323 1190 3394 ἐκκλησίας
1223 3325 1654 3397 ἀπαρτισθείσης
1679 3328 1780 3398 ἤδη
1817 3327 1913 3381 καὶ

338 3410 794 3482 καθιερωθείσης,
821 3413 1017 3484 συνέϐη
1049 3418 1238 3467 πεσεῖν
1267 3417 1332 3468 ἐκ
1372 3415 1599 3485 σεισμοῦ
1637 3418 1735 3487 τὴν
1772 3418 1911 3488 πρὸς

335 3505 604 3575 ἀνατολὴν
655 3506 898 3575 μεγάλην
952 3510 1192 3577 σφαῖραν
1244 3509 1340 3561 τοῦ
1400 3510 1642 3562 τοιούτου
1689 3510 1842 3574 ναοῦ,
1876 3510 1910 3580 ἢ

337 3595 584 3650 πεσοῦσα
635 3597 757 3650 τότε
825 3598 1083 3665 κιϐώριον
1126 3598 1226 3666 τῆς
1271 3599 1434 3666 ἁγίας
1476 3601 1776 3671 τραπέζης,
1817 3601 1911 3653 καὶ

337 3686 510 3757 αὐτὴν
550 3688 769 3757 ἐκείνην
822 3688 922 3758 τὴν
967 3688 1132 3757 ἁγίαν
1183 3689 1484 3760 τράπεζαν,
1523 3692 1616 3744 καὶ
1656 3690 1749 3743 τὸν
1807 3690 1912 3760 άμ-

338 3778 489 3830 6ωνα
551 3778 892 3848 συνέτριψεν,
951 3779 1076 3833 ὅθεν
1127 3779 1346 3848 λέγεται
1390 3783 1485 3834 καὶ
1551 3780 1642 3834 τὸν
1685 3780 1911 3851 τροῦλυν

339 3853 640 3940 προστάξει
681 3871 772 3923 τοῦ
806 3871 1076 3942 βασιλέως
1136 3871 1564 3942 καθαιρεθῆναι,
1617 3874 1710 3926 καὶ
1753 3868 1909 3933 αὖθις

340 3962 705 4030 ἀνεγερθῆναι
737 3964 830 4014 ἐπὶ
858 3962 1026 4024 πόδας
1078 3962 1256 4015 εἴκοσι
1299 3964 1393 4015 καὶ¹
1423 3963 1586 4014 πέντε
1635 3962 1911 4032 μετεωρό-

337 4069 520 4122 τερον,
551 4055 646 4104 καὶ
694 4055 1098 4124 καθιερωθῆναι
1145 4053 1256 4126 (17)
1293 4052 1447 4125 παρὰ
1499 4055 1768 4126 Εύτυχίου
1809 4054 1907 4106 τοῦ

339 4147 692 4215 Πατριάρχου
724 4145 783 4198 τὸ
812 4145 1086 4214 δεύτερον.
1130 4145 1254 4199 Ἐπὶ
1290 4146 1482 4199 τούτου
1508 4145 1602 4199 τοῦ
1642 4145 1908 4216 βασιλέως

339 4237 435 4291 καὶ
465 4240 526 4290 τὸ
572 4239 734 4308 κῆτος
765 4237 927 4304 ἐάλω,
957 4238 986 4291 6
1019 4241 1099 4302 εις
1130 4241 1477 4309 πεντήκοντα
1514 4237 1612 4292 καὶ
1652 4237 1910 4290 ἐπέκεινα

339 4329 656 4395 Βυζαντίοις
707 4332 942 4402 ἠνώχλει
999 4332 1306 4396 ἐνιαυτοὺς,
1347 4330 1376 4384 6
1427 4331 1744 4403 Πορφύριον
1775 4331 1910 4384 ἐκά-

338 4426 487 4490 λουν,
533 4425 632 4476 οὐκ
662 4425 747 4476 ἀεὶ
799 4423 898 4494 μὲν
932 4425 1258 4496 φαινόμενον
1299 4423 1414 4478 ἀλλ’
1460 4426 1524 4477 ἐκ
1576 4423 1909 4494 διαλειμμά-

2013 1941 2222 1997 Italiam
2262 1951 2318 1999 et
2363 1945 2528 1999 urbes
2561 1947 2681 2015 ejus
2704 1948 2946 2018 subegit,
2989 1960 3044 2004 et
3079 1950 3332 2007 Barbaris
3377 1961 3589 2009 tantum

2013 2034 2099 2087 sui
2144 2043 2199 2088 et
2241 2041 2510 2088 terrorem
2555 2046 2610 2089 et
2654 2052 2896 2091 amorem
2936 2039 3189 2105 incussit,
3233 2055 3289 2095 ut
3330 2051 3386 2097 et
3429 2059 3590 2100 suum

2015 2124 2308 2192 imperium
2351 2125 2425 2179 illi
2474 2125 2783 2188 deferrent,
2823 2139 3162 2196 orarentque
3207 2137 3266 2182 ut
3312 2145 3409 2184 rex
3455 2147 3592 2187 suus

2013 2229 2137 2269 esse
2181 2214 2523 2285 dignaretur.
2562 2231 2620 2271 se
2657 2231 2862 2286 suaque
2902 2220 3086 2273 omnia
3125 2219 3272 2275 illius
3306 2221 3430 2276 ﬁdei
3461 2239 3590 2292 per-

2014 2305 2314 2360 mittentes.
2361 2307 2428 2360 At
2474 2308 2595 2372 ille,
2645 2317 2704 2361 ut
2745 2308 3098 2364 Caesariensis
3129 2311 3456 2381 Procopius,
3489 2316 3586 2384 qui

2012 2398 2117 2452 sub
2160 2398 2256 2452 illo
2290 2401 2578 2464 militavit,
2615 2401 2813 2465 rcfert,
2861 2417 3142 2471 nunquam
3172 2420 3230 2459 se
3270 2408 3592 2462 commissu-

2013 2507 2134 2545 rum
2167 2507 2290 2547 esse
2321 2493 2480 2557 dixit,
2521 2503 2580 2546 ut
2623 2493 2844 2548 vivente
2872 2494 3184 2551 Iustiniano
3215 2511 3308 2550 rex
3346 2498 3592 2569 appella-

2014 2593 2190 2638 retur.
2238 2583 2375 2638 Hinc
2441 2584 2649 2639 invidia
2709 2586 2975 2648 conﬂata,
3025 2587 3094 2641 ab
3144 2586 3475 2654 imperatore
3519 2588 3592 2642 ob

2013 2673 2344 2727 calumniam
2391 2674 2633 2728 all'ectati
2684 2674 2902 2744 imperii
2952 2674 3281 2742 accersitur,
3327 2693 3426 2747 per
3466 2693 3593 2746 spe-

2013 2765 2155 2820 ciem
2188 2765 2307 2836 cjus
2345 2765 2401 2820 in
2446 2764 2724 2822 Orientem
2759 2767 2826 2820 ad
2874 2767 3078 2821 bellum
3123 2767 3396 2822 Medicum
3433 2771 3590 2825 able-

2013 2857 2197 2926 gandi.
2235 2857 2450 2912 Interea
2481 2857 2722 2928 Augusta
2744 2858 3036 2914 Theodora
3063 2860 3202 2925 obit,
3233 2876 3356 2916 cum
3393 2863 3448 2917 in
3484 2862 3590 2916 im-

2013 2947 2169 3017 perio
2224 2946 2449 3001 vixisset
2499 2962 2671 3002 annos
2717 2965 2807 3002 xxr
2861 2957 2919 3004 et
2962 2963 3180 3004 menses
3215 2965 3295 3004 nt.
3344 2951 3586 3007 Ecclesia

2014 3039 2204 3111 Magna
2232 3041 2342 3111 jam
2377 3040 2628 3095 absoluta
2659 3050 2713 3096 et
2747 3050 3095 3105 consecrata,
3126 3042 3350 3108 accidit,
3385 3051 3444 3097 ut
3477 3059 3592 3097 ma-

2015 3149 2153 3204 gnus
2195 3133 2392 3206 globus
2427 3150 2621 3190 versus
2657 3135 2927 3189 orientem
2975 3135 3280 3191 collocatus
3322 3151 3390 3191 ex
3434 3146 3595 3192 terra:

2018 3237 2173 3283 motu
2227 3229 2470 3294 caderet,
2500 3242 2676 3297 eoque
2700 3243 2827 3282 casu
2856 3236 2911 3282 et
2939 3228 3208 3282 ciborium
3245 3212 3412 3283 sacra:
3440 3245 3595 3283 men-

2017 3336 2112 3384 sae,
2151 3329 2207 3374 et
2240 3319 2357 3390 ipsa
2396 3320 2768 3375 sacratissima
2805 3335 3016 3386 mensa,
3048 3331 3104 3374 et
3142 3321 3304 3374 ambo
3340 3331 3595 3376 contere-

2018 3420 2189 3466 retur.
2210 3411 2326 3477 Qua
2353 3411 2422 3466 de
2443 3425 2604 3466 causa
2629 3411 2852 3466 Irullum
2874 3411 3040 3465 etiam
3063 3411 3218 3481 jussu
3250 3410 3596 3480 imperatoris

2019 3503 2305 3568 demoliti,
2347 3503 2532 3557 denuo
2578 3503 3000 3567 instaurarunt,
3051 3519 3156 3558 xxv
3207 3505 3318 3574 69
3364 3506 3596 3574 pedibus

2019 3597 2182 3649 allius
2223 3594 2484 3649 eductum
2509 3633 2524 3657 ,
2567 3604 2625 3647 et
2654 3593 2722 3647 ab
2758 3594 3027 3664 Eutychio
3063 3595 3374 3662 patriarcha
3410 3595 3596 3649 denuo

2019 3695 2422 3742 consecratum.
2453 3685 2567 3740 Hoc
2593 3685 2925 3754 imperatore
2954 3686 3120 3739 etiam
3149 3695 3304 3741 cetus
3354 3688 3446 3740 ille
3495 3703 3592 3742 ca-

2019 3789 2147 3850 ptus
2178 3787 2284 3843 est,
2303 3777 2396 3846 qui
2430 3777 2708 3846 Byzantiis
2732 3777 2876 3830 ultra
2909 3792 2937 3829 L
2965 3791 3140 3831 annos
3169 3777 3433 3831 molestus
3467 3778 3592 3842 fuit,

2018 3886 2183 3940 quem
2230 3869 2596 3940 Porphyrium
2639 3869 3018 3938 appellabant,
3072 3883 3182 3921 non
3229 3869 3318 3921 ille
3365 3867 3592 3936 quidem

2018 3979 2236 4032 semper
2291 3977 2599 4032 apparens,
2653 3961 2749 4016 sed
2810 3978 2875 4015 ex
2937 3961 3262 4016 intervallis.
3316 3960 3592 4015 Caeterum

2017 4057 2233 4126 quoties
2262 4056 2578 4126 apparebat,
2613 4070 2736 4109 cum
2778 4054 2976 4107 multas
3009 4068 3181 4110 naves
3211 4053 3588 4121 demergebat,

1949 4178 1960 4209 ·;
2019 4163 2133 4208 tum
2169 4154 2357 4208 multis
2393 4151 2710 4206 hominibus
2732 4149 2960 4203 exitium
3000 4147 3285 4203 alI'ercbat.
3325 4147 3427 4213 Qui
3457 4162 3585 4201 cum

2019 4244 2208 4298 multis
2257 4242 2526 4298 machinis
2571 4249 2885 4310 peteretur,
2937 4253 3124 4308 eaque
3173 4252 3368 4292 omnes
3409 4246 3593 4292 essent

2019 4336 2223 4397 irritae,
2269 4335 2487 4388 tandem
2529 4333 2582 4387 in
2630 4329 3028 4404 persequendis
3076 4329 3354 4398 delphinis
3399 4337 3598 4398 captus

2019 4435 2143 4480 est:
2185 4425 2278 4495 qui
2322 4440 2446 4479 cum
2482 4439 2654 4494 prone
2693 4433 2896 4477 terram
2932 4420 3332 4491 confugissent,
3367 4421 3458 4476 ille
3492 4421 3597 4474 int-

340 4534 472 4572 των.
507 4517 637 4570 Ὅτε
703 4518 748 4569 δ’
811 4518 1097 4586 ἐφαίνετο,
1151 4515 1355 4580 πολλὰς
1425 4516 1523 4586 μὲν
1587 4515 1698 4571 τῶν
1763 4515 1910 4586 νηῶν

2021 4527 2208 4587 petum
2237 4531 2346 4570 non
2387 4515 2660 4581 inhibuit,
2705 4515 2886 4570 donec
2926 4515 3174 4584 proxime
3221 4523 3423 4566 terram
3469 4527 3598 4582 pro-

347 4604 711 4677 ὑποϐρυχίους
741 4610 927 4673 ἐτίθει,
956 4609 1156 4679 πολλῆς
1180 4608 1235 4662 δὲ
1259 4608 1465 4678 φθοράς
1493 4607 1670 4661 αἴτιον
1696 4607 1912 4678 ἀνθρώ-

345 4717 470 4762 ποις
512 4701 753 4768 ἐγένετο,
799 4701 920 4754 καθ’
947 4696 1008 4755 οῦ
1051 4701 1272 4764 πολλαῖς
1315 4699 1414 4770 μὲν
1461 4699 1768 4769 ἐχρήσαντο
1804 4716 1913 4769 μη·-

341 4783 558 4860 χαναῖς,
615 4793 790 4844 πᾶσαι
833 4791 876 4843 δ’
919 4791 1112 4861 έμενον
1159 4791 1455 4863 ἄπρακτοι,
1507 4789 1654 4844 ἑάλω
1727 4790 1912 4860 μέντοι

342 4881 595 4950 δελφῖνας
637 4882 856 4938 διῶκον.
900 4883 963 4934 Οἱ
993 4883 1094 4952 μὲν
1126 4883 1237 4954 γὰρ
1290 4885 1469 4938 ἐκεῖνο
1510 4881 1807 4953 φεύγοντες
1842 4885 1909 4953 τῇ

2022 4619 2236 4674 vectus,
2263 4607 2320 4662 in
2356 4607 2615 4678 uliginem
2643 4615 2700 4662 et
2723 4605 3057 4677 profundum
3085 4605 3262 4660 lutum
3289 4604 3594 4668 incidisset,

2025 4702 2171 4757 unde
2214 4715 2498 4772 emergere
2541 4717 2650 4756 non
2701 4701 2898 4770 potuit.
2949 4698 3070 4768 Quo
3111 4699 3310 4754 accolae
3351 4697 3593 4766 Cognito,

2019 4793 2289 4847 marinam
2337 4793 2484 4847 illam
2537 4791 2775 4847 belluam
2826 4789 3116 4846 securibus
3158 4797 3215 4843 et
3262 4785 3597 4856 bipennibus

2022 4884 2401 4952 confecerunt,
2423 4895 2480 4940 et
2507 4886 2751 4950 funibus,
2781 4899 2888 4955 qua
2911 4881 3148 4939 crassior
3170 4887 3309 4944 erat,
3331 4877 3569 4947 alligatis

1548 5043 1742 5105 Variae
1773 5041 2078 5104 lectiones
2113 5049 2172 5103 et
2207 5053 2393 5107 noue.

418 5185 526 5250 (l’t)
573 5181 632 5235 '0
681 5181 749 5235 δὲ
802 5181 1177 5250 Βελισάριος.
1210 5181 1345 5238 Vide
1393 5184 1738 5240 Anastasium
1775 5183 1916 5239 Bibl.

347 5257 401 5308 in
431 5255 484 5306 S.
527 5252 757 5306 Silvcrio
795 5253 898 5306 PP.
932 5253 1090 5307 initio
1119 5262 1174 5306 et
1197 5255 1352 5308 alios.

417 5323 530 5391 (I5)
559 5322 666 5374 Καὶ
709 5321 998 5385 βασιλέα.
1029 5325 1260 5392 Proeop.
1304 5325 1342 5377 l.
1383 5340 1417 5377 Il
1466 5321 1540 5376 De
1573 5323 1706 5377 bello
1744 5323 1922 5380 Gotth.

344 5411 394 5447 c.
439 5395 521 5447 δυ.

420 5463 531 5534 (16)
567 5460 830 5543 Ἐκεῒθξχ·
869 5460 1335 5543 μετεκαλέσατο.
1367 5463 1666 5543 Gregorius
1712 5465 1918 5543 Τιιιόιιτ

2060 5188 2213 5241 osuit.

2023 5201 2213 5325 pagg).
2262 5250 3064 5325 Kaotepwaﬁrat.‘Celebrata
3105 5251 3257 5325 gdis
3302 5251 3596 5325 Sophiame

2025 5320 2265 5380 secunda
2317 5320 2570 5381 Encaznia
2628 5324 2696 5374 1/0
2736 5321 3052 5376 Decembris
3104 5320 3491 5390 Theophanes.
3525 5325 3596 5379 24

2021 5395 2263 5464 ejusdem
2297 5396 2501 5449 mensis
2530 5393 2824 5448 Chronicon
2859 5391 3278 5464 Alexandrinum
3307 5393 3592 5464 adnatant.

2019 5460 2086 5518 A't
2107 5465 2308 5520 Mentca
2341 5467 2414 5518 ita
2443 5464 2787 5534 distinguunt
2810 5478 2822 5512 :
2843 5460 2910 5534 ad
2935 5461 3004 5514 22
3036 5463 3310 5534 l)ecemb_.,
3350 5463 3428 5534 Τὰ
3461 5464 3596 5534 ουρ-

348 5530 443 5588 lib.
480 5549 534 5585 ιιι
572 5547 699 5604 cap.
753 5532 822 5604 52
847 5530 880 5604 ᾖ
903 5532 1136 5604 Cumque
1191 5530 1504 5604 imperator'
1533 5534 1738 5590 vidisset
1783 5537 1913 5604 quod

2016 5537 2296 5599 επανοίξια
2359 5535 2460 5601 τῆς
2515 5530 2790 5604 τοῦθερῦ
2849 5532 3107 5604 Μεγάλης
3144 5530 3593 5604 ῌὲκκλησίαςηΤῇ

345 5601 644 5657 Belisarius
689 5601 918 5655 crebrius
953 5600 1276 5666 vinceretur,
1312 5614 1485 5658 amoto
1524 5621 1604 5670 eo,
1635 5600 1913 5659 Narsétem

345 5678 403 5728 in
461 5677 571 5728 eius
634 5673 802 5725 locum
858 5673 1079 5724 statuit:
1135 5671 1447 5727 Belisarium
1500 5690 1620 5728 vero
1675 5675 1913 5728 comitem

2015 5605 2149 5675 αὐτῇ
2180 5606 2361 5728 Epig;
2410 5600 2470 5656 τὸ
2504 5600 2869 5672 φωτοδρόμιον
2934 5602 3032 5671 τῆς
3075 5601 3169 5656 τοῦ
3210 5600 3344 5654 Θεοῦ
3401 5600 3596 5674 ὲκκληῖ

2015 5675 2158 5728 σίας.
2238 5677 2344 5727 tad
2386 5675 2453 5728 25
2487 5672 2730 5728 eiusdem
2768 5671 2972 5726 tncnsis
3008 5694 3020 5727 :
3074 5675 3153 5725 Τὰ
3208 5673 3459 5728 ἐγιαίνια
3493 5673 3596 5728 τῆς

345 5678 403 5729 in
461 5677 571 5740 eius
634 5673 802 5725 locum
858 5673 1079 5724 statuit:
1135 5671 1447 5727 Belisarium
1500 5690 1620 5729 vero
1675 5675 1913 5729 comitem

344 5741 558 5806 stabuli,
611 5743 761 5810 quasi
793 5757 888 5810 pro
936 5743 1254 5808 humilitate,
1318 5746 1453 5814 quod
1507 5746 1654 5815 prius
1714 5747 1908 5814 fuerat,

2014 5671 2158 5736 σίαξ.
2187 5671 2253 5728 Et
2279 5671 2346 5727 ad
2386 5675 2453 5728 25
2487 5671 2730 5743 ejusdem
2768 5671 2972 5726 tncnsis
3008 5694 3020 5727 :
3074 5675 3153 5725 Τὰ
3208 5673 3459 5738 ἐγιαίνια
3493 5671 3597 5743 τῆς

2007 5747 2166 5812 ἁγίας
2205 5744 2296 5797 τοῦ
2328 5743 2461 5798 Θεοῦ
2510 5742 2770 5810 Μεγάλης
2800 5745 3118 5809 ἐκκλησία.
