3994 6246
450 322 587 387 H55

1698 313 2022 378 JOANNIS
2058 313 2379 376 ΖΟΝΔΒιΕ

3557 302 3695 385 ιίδΰ

438 439 616 494 Atille
642 450 712 491 ne
742 444 854 490 tum
874 432 1096 505 quidem
1123 430 1305 495 adest,
1334 438 1652 501 contempto
1674 432 2001 501 apparitore.

2116 447 2214 483 και
2235 425 2570 496 αἰτιωμένου
2587 423 2697 478 τῶν
2724 420 3147 493 επισημῖοτέρων
3171 418 3558 490 συγκλητικῶν
3583 422 3698 482 ἕνα.

437 530 533 585 sed
580 528 649 583 ad
689 528 1038 599 imperatoris
1073 527 1387 582 convivium
1415 541 1475 582 se
1511 528 1745 593 confert,
1781 541 1892 597 quo
1921 527 2008 581 in-

439 620 642 675 vitatus
669 631 810 676 erat.
836 620 916 674 Eo
946 617 1244 689 praefectus
1293 618 1532 689 cognito,
1571 628 1628 673 et
1657 618 1773 688 ipse
1802 617 2007 688 regiam

439 710 738 782 ingressus,
771 710 1023 780 quamvis
1072 710 1326 765 convivio
1348 711 1459 781 iam
1496 709 1770 775 inchoato,
1804 709 1872 763 ad
1903 709 2009 764 iiii-

440 811 747 871 peratoreiu
800 802 875 856 ait
919 819 933 856 :
982 800 1050 857 Se
1096 802 1179 855 illi
1230 802 1551 872 promisisse,
1606 801 1750 855 intra
1802 808 2010 855 tantum

439 900 641 962 tempus
671 891 976 947 relicturum
1007 893 1263 948 neminem
1294 895 1375 946 cui
1402 892 1550 960 ﬁeret
1580 893 1780 961 injuria
1808 907 1826 944 :
1857 892 2011 962 idque

438 985 650 1037 omnino
691 985 1016 1055 eﬂ'ecturum,
1051 986 1098 1039 si
1140 986 1411 1055 potestatis
1463 985 1821 1054 imperatoria:
1851 985 2011 1038 auxi-

436 1071 570 1128 lium
611 1085 769 1146 atque
801 1078 1091 1131 auctoritas
1117 1077 1216 1131 sibi
1242 1086 1554 1146 suppeteret.
1589 1075 1684 1130 Sin
1710 1076 1819 1146 ipse
1850 1079 2014 1145 impe—

364 1170 387 1194 ‘
439 1172 590 1218 rator
626 1165 855 1236 injurias
887 1166 1102 1236 foveret,
1151 1168 1329 1238 eisque
1355 1168 1537 1220 amim
1570 1176 1619 1219 et
1644 1166 1867 1219 carminis
1896 1175 2007 1218 ute-

436 1266 602 1320 retur,
632 1273 687 1311 se
713 1257 919 1312 nullum
959 1259 1226 1329 facturum
1255 1275 1427 1329 Opera:
1454 1261 1697 1328 pretium.
1723 1259 1829 1312 Aut
1852 1258 2011 1327 igitur

432 1348 539 1402 illis
586 1365 687 1403 non
716 1350 953 1405 dandam
985 1366 1093 1405 esse
1125 1349 1417 1413 licentiam,
1465 1361 1557 1405 aut
1590 1351 1690 1405 sibi
1724 1350 2007 1421 magistra—

435 1447 546 1494 tum
596 1442 981 1514 abrogandam.
1031 1443 1113 1498 Ad
1155 1458 1218 1497 ea
1263 1443 1614 1513 imperatore,
1662 1442 1707 1498 si
1756 1442 1842 1496 vel
1892 1440 2007 1511 ipse

433 1532 687 1604 cuiquam
748 1536 1002 1609 iniuriam
1072 1537 1314 1604 fecisset,
1369 1552 1428 1591 se
1483 1534 1680 1590 abduci
1735 1535 2004 1606 iubente:

434 1621 724 1689 praefectus
772 1639 924 1679 reum
952 1640 985 1680 e
1011 1626 1265 1681 convivio
1300 1626 1353 1681 in
1380 1625 1693 1695 praetorium
1743 1623 2005 1687 adduxit,

433 1710 729 1783 auditaque
762 1715 1019 1785 utrinque
1048 1730 1235 1782 causa,
1269 1716 1423 1771 illum
1455 1730 1579 1770 cum
1607 1715 2009 1801 sontem‘inve-

2114 514 2515 587 μετεκαλέσατο
2551 513 2643 566 τὸν
2674 510 3023 581 αίτιὼμενονυ
3064 510 3183 564 ἁλλ’
3227 510 3327 563 οὐκ
3380 511 3699 581 ἀπήντησεν

2111 611 2340 671 ἐκεῖνος.
2365 604 2500 661 Εἶτα
2532 606 2625 660 καὶ
2652 603 2908 676 δεύτερον
2942 603 3094 656 ἔθετο
3141 604 3372 674 μήνυμα
3425 603 3570 674 πρὸς
3603 605 3699 662 αὖ.

2110 700 2201 753 τόν
2220 716 2233 729 ·
2267 699 2295 751 ὁ
2322 698 2378 751 δὲ
2409 696 2504 750 καὶ
2530 695 2722 749 τούτου
2746 694 3189 765 καταφρονήσας,
3222 693 3306 757 είς
3336 694 3393 746 τὸ
3407 693 3694 763 βασιλικὸν

2110 789 2276 862 ἀπῄει
2333 787 2678 857 συμπόσιον,
2741 784 2902 854 ἔτυχε
2975 786 3085 854 γὰρ
3143 782 3489 853 κεκλημένος
3543 785 3681 853 πρὸς

2110 882 2290 937 τοῦτο.
2336 881 2422 943 Ὠς
2441 880 2498 932 δὲ
2519 877 2678 931 τοῦτο
2697 877 2841 944 ἔγνω
2863 879 2890 927 ὁ
2913 875 3172 946 ἔπαρχος,
3198 874 3408 946 ἀπῆλθε
3443 876 3692 941 κάκεῖνος

2111 978 2191 1038 εἰς
2218 975 2287 1028 τὰ
2305 974 2600 1043 ἀνάκτορα,
2623 971 2716 1023 καὶ
2746 963 2906 1041 εὗρεν
2930 970 3031 1039 ήδη
3060 967 3452 1036 συνιστάμενον
3481 969 3545 1021 τι
3571 987 3696 1021 συσ-

2111 1067 2299 1133 σίτιον,
2324 1066 2416 1119 καὶ
2444 1063 2578 1135 φησὶ
2598 1063 2732 1134 πρὸς
2751 1064 2843 1115 τὸν
2873 1061 3120 1131 βασιλέα·
3165 1059 3546 1130 Ὑπεσχόμην
3571 1078 3688 1124 σοι,

2103 1158 2389 1225 βασιλεῦ,
2434 1157 2533 1211 διὰ
2562 1156 2747 1210 τόσου
2790 1153 3001 1222 καιροῦ
3055 1152 3287 1221 μηδένα
3339 1154 3690 1207 καταλιπεῖν

2108 1252 2526 1319 ἀδικούμενον,
2554 1248 2724 1302 τοῦτο
2754 1243 3093 1307 δὲ’πὰντως
3112 1262 3215 1313 μοι
3250 1244 3687 1311 ἀνυσθήσεται,

2107 1344 2161 1395 εί
2199 1342 2297 1395 καὶ
2323 1338 2438 1409 τήν
2478 1339 2548 1393 ἐκ
2601 1337 2707 1392 τοῦ
2744 1337 3004 1407 κράτους
3024 1351 3142 1390 σου
3170 1335 3526 1403 ἐπικουρίαν
3550 1336 3686 1405 ἔχω,

2110 1434 2202 1486 καὶ
2228 1432 2343 1500 τὴν
2358 1431 2561 1501 ῥοπήν
2583 1447 2598 1462 ⁸
2630 1433 2683 1493 εἰ
2708 1428 3031 1498 δὲμᾶλλον
3058 1430 3242 1495 αὐτὸς
3265 1427 3385 1482 τῶν
3412 1428 3686 1483 ἀδικούν-

2109 1543 2228 1580 των
2258 1523 2556 1593 ἀντιποιῇ,
2605 1523 2703 1579 καὶ
2755 1526 2971 1595 φιλίως
3022 1523 3229 1588 αὐτοῖς
3290 1522 3680 1592 διακείμενος,

2108 1617 2623 1685 συνεστιωμένους
2677 1614 2858 1684 ἔχεις,
2893 1612 3074 1670 οὐδέν
3109 1631 3212 1684 μοι
3255 1613 3425 1667 ἔσται
3476 1614 3683 1669 (inicit-

2104 1721 2251 1775 μον·
2289 1706 2328 1775 ἢ
2358 1706 2507 1776 γοῦν
2529 1706 2615 1776 μὴ
2640 1705 2959 1775 μεταδίδου
3007 1707 3348 1776 παρῤησιάς
3399 1705 3624 1773 αὐτοῖς,
3644 1705 3680 1775 ἦ

432 1799 626 1867 uisset,
676 1805 849 1875 plagis
897 1806 1103 1871 allecit,
1146 1816 1203 1861 et
1237 1807 1542 1862 accusatori
1581 1791 2001 1862 damnum‘cum

2110 1799 2353 1853 παῦσόν
2401 1815 2479 1868 με
2531 1797 2640 1865 τῆς
2666 1796 2874 1868 ἀρχῆς.
2935 1799 3045 1852 Καὶ
3074 1798 3101 1850 δ
3133 1798 3407 1869 βασιλεὺς,
3435 1798 3496 1850 Et
3526 1797 3683 1862 αὐτὸς

430 1893 750 1948 accessione
802 1896 1093 1966 multiplici
1137 1912 1368 1967 pensare
1404 1898 1587 1969 jussit.
1622 1896 1700 1952 Ex
1733 1912 1800 1952 eo
1829 1895 2011 1953 homi-

432 1997 532 2036 nes
560 1985 643 2038 sui
680 1987 1039 2043 emolumenti
1083 2004 1207 2042 cum
1252 1990 1486 2044 aliorum
1519 1989 1856 2044 detrimento
1896 1998 2012 2044 stu-

429 2072 593 2140 diosi,
637 2076 997 2135 modestiores
1050 2080 1178 2135 facti
1218 2088 1274 2134 et
1302 2081 1369 2134 ad
1402 2079 1657 2150 iniuriam
1713 2078 2007 2139 tardiores.

432 2181 558 2222 cum
585 2168 654 2223 iis
712 2184 855 2240 quos
894 2170 1170 2239 laeserant,
1209 2178 1610 2243 trausegeruut.
1658 2170 1874 2225 Persica
1904 2185 2006 2239 pax

432 2254 535 2311 hoc
566 2256 894 2326 imperatore
917 2259 1094 2314 soluta
1119 2270 1225 2316 est.
1250 2259 1387 2316 Nam
1414 2274 1539 2315 cum
1564 2259 1794 2313 Romani
1823 2258 2005 2313 Persis

430 2361 641 2401 annuas
670 2348 998 2419 quingentas
1026 2351 1195 2406 libras
1234 2351 1560 2421 penderent,
1600 2359 1660 2403 ut
1686 2350 1792 2404 sibi
1828 2350 2007 2405 vicina

431 2436 689 2493 Romanu:
711 2440 934 2495 ditionis
953 2442 1174 2496 castella
1197 2442 1358 2497 illaesa
1381 2449 1687 2506 tuerentur,
1721 2440 2003 2508 Justinus,

430 2528 524 2597 qui
561 2538 718 2598 turpe
758 2543 881 2584 esse
911 2530 1128 2585 dicebat
1174 2532 1450 2588 Romanos
1479 2532 1662 2588 Persis
1714 2533 2007 2603 vectigales

427 2634 571 2686 esse,
625 2636 818 2676 aurum
873 2622 1101 2678 retinuit
1141 2641 1157 2678 :
1204 2625 1497 2696 missisque
1544 2626 1736 2697 legatis
1766 2627 1832 2681 ad
1867 2628 2005 2681 Are-

406 2709 579 2763 -tham
636 2712 953 2783 Ethiopum
1019 2729 1225 2785 regem,
1288 2716 1604 2786 impetravit
1648 2724 1709 2770 ut
1757 2716 2005 2770 Persicas

429 2803 746 2872 provincias
797 2805 1094 2876 Athiopite
1140 2806 1400 2863 finitimas
1441 2807 1751 2862 incursaret
1778 2822 1841 2861 ac
1868 2822 2005 2877 pra:-

429 2897 671 2950 daretur.
707 2896 918 2964 Quibus
943 2899 1012 2955 de
1036 2901 1219 2955 causis
1246 2914 1372 2955 cum
1404 2899 1588 2956 denuo
1618 2899 1821 2955 bellum
1857 2899 2003 2955 inter

428 2983 705 3041 Romanos
726 2997 783 3043 et
807 2988 1001 3045 Persas
1035 2989 1354 3056 exarsisset,
1386 2988 1680 3045 Martinum
1711 2991 2000 3062 patricium

2114 1893 2225 1959 ἐγώ
2257 1891 2398 1960 είμι,
2429 1889 2619 1959 φησὶν,
2649 1889 2875 1954 ἀδικῶν,
2911 1887 3283 1959 ἐξαναστησόν
3307 1906 3376 1960 με
3407 1887 3679 1941 ἐντεῦθεν.

2108 1983 2317 2036 Αὐτίκα
2351 1982 2532 2035 τοίνυν
2571 1983 2598 2034 ό
2645 1981 2881 2050 ἔπαρχος
2910 1982 3003 2033 τὸν
3034 1980 3356 2050 αἰτιώμενον
3394 1981 3603 2032 ἐκεῖνον
3619 1981 3681 2031 ὲκ

2109 2076 2207 2145 τῆς
2239 2075 2559 2136 πανδαισίας
2577 2074 2972 2144 ἐξαναστήσας,
3000 2073 3097 2128 καὶ
3134 2074 3215 2138 εἰς
3249 2074 3309 2127 τὸ
3335 2072 3680 2141 δικαστήριον

2111 2169 2479 2239 καταστήσας,
2516 2168 2603 2221 καὶ
2639 2167 2717 2237 τῷ
2747 2167 2868 2220 κατ’
2902 2167 3069 2220 αὐτοῦ
3102 2166 3317 2234 λέγοντι
3354 2166 3679 2226 συνδικάσας

2109 2262 2293 2324 αὐτὸν,
2341 2260 2439 2314 καὶ
2485 2259 2648 2329 γνοὺς
2709 2258 3023 2323 ἀδικοῦντα,
3056 2259 3266 2312 ἐκεῖνον
3317 2258 3419 2327 μὲν
3451 2258 3678 2312 ἐκόλασε

2107 2354 2229 2416 ταῖς
2266 2352 2347 2416 είς
2398 2351 2558 2422 σῶμα
2610 2351 2879 2421 πληγαῖς·
2906 2349 2985 2420 τῷ
3018 2350 3075 2403 δὲ
3106 2350 3447 2420 ἀδικουμένῳ
3490 2350 3559 2403 ἔκ
3582 2351 3680 2420 τῆς

2108 2442 2323 2496 ἐκείνου
2364 2441 2653 2514 ὑπάρξεως
2710 2440 3118 2495 πολλαπλάσιον
3164 2440 3590 2511 ἀποκατέστησε
3621 2441 3679 2493 τὸ

2107 2537 2370 2608 ἀδίκημα.
2404 2535 2571 2590 Ὅθεν
2599 2535 2901 2597 δείσαντες,
2926 2529 3009 2597 οἷς
3032 2530 3102 2606 ἦν
3130 2534 3455 2606 προαίρεσις
3486 2533 3674 2586 πλεον-

2106 2622 2319 2693 εκτικὴ,
2364 2622 2459 2676 τοῦ
2513 2623 2718 2677 ἀδικεῖν
2755 2623 3149 2694 ἀνεστάλησαν,
3201 2620 3297 2675 καὶ
3340 2623 3452 2687 τοῖς
3486 2623 3677 2694 ἠδικη-

2108 2719 2292 2791 μένοις
2327 2718 2407 2780 είς
2468 2698 2771 2787 συμϐάσεις
2824 2716 3132 2789 ἐχώρησαν.
3192 2719 3260 2770 Δί
3292 2717 3350 2771 δὲ
3380 2719 3518 2788 πρὸς
3541 2720 3678 2787 Πέρ-

2107 2829 2205 2876 σας
2241 2808 2356 2883 (26)
2385 2809 2609 2865 σπονδαὶ
2634 2808 2729 2865 ἐπὶ
2752 2808 2948 2864 τούτου
2969 2807 3063 2863 τοῦ
3096 2808 3359 2881 βασιλέως
3385 2810 3673 2883 ἐλύθησαν·

2102 2904 2310 2974 δασμὸν
2336 2904 2448 2974 γὰρ
2472 2902 2749 2957 ἐνιαύσιον
2767 2902 2956 2974 λίτρας
2986 2902 3352 2964 πεντακοσίας
3390 2902 3504 2955 τῶν
3541 2904 3677 2956 Ῥω-

2106 2996 2284 3066 μαίων
2333 2995 2585 3050 διδόντων
2633 2997 2838 3058 αὐτοῖς,
2901 2996 2989 3050 ἵνα
3033 2995 3102 3049 τὰ
3164 2994 3347 3064 σφίσιν
3397 2998 3676 3068 ἀγχίθυρα

425 3092 551 3134 cum
611 3079 845 3152 imperio
895 3092 1090 3139 contra
1136 3097 1234 3140 eos
1281 3082 1339 3141 in
1386 3070 1667 3139 Orientem
1715 3084 1892 3152 misit,
1944 3094 2001 3140 et

2104 3087 2204 3156 τῆς
2265 3083 2579 3155 Ῥωμαϊκῆς
2660 3084 2956 3157 ἡγεμονίας
3026 3083 3243 3156 ὰσλαὸἧ
3290 3086 3677 3156 φυλάσσωντιιι

427 3181 624 3242 quarto
653 3176 771 3244 eius
792 3190 941 3230 anno
977 3177 1274 3233 commisso
1300 3178 1512 3248 praelia,
1538 3178 1793 3249 quamvis
1821 3179 1997 3234 utriu-

424 3279 532 3334 que
572 3267 727 3321 multi
764 3268 1116 3336 cecidissent,
1167 3280 1348 3326 tamen
1386 3270 1617 3326 victoria
1661 3285 1833 3341 penes
1880 3272 1993 3327 Ro-

424 3368 617 3410 manos
677 3354 801 3411 fuit.
862 3356 1136 3414 Caeterum
1183 3374 1279 3415 rex
1323 3359 1617 3416 Persarum
1678 3360 1994 3418 Hormisdas

425 3445 790 3503 Ardamanem
825 3462 950 3504 cum
1000 3448 1314 3521 ingentibus
1358 3450 1534 3522 copiis
1580 3452 1731 3509 misit
1764 3453 1833 3508 ad
1864 3469 1993 3523 pro-

425 3538 632 3595 viucias
654 3541 1028 3600 Romanorum
1058 3543 1425 3615 diripiendas;
1452 3545 1571 3615 qui,
1590 3545 1748 3618 longe
1775 3547 1992 3617 lateque

426 3642 773 3701 pervagatus,
810 3633 1153 3704 maximaque
1203 3635 1384 3705 praeda
1433 3643 1607 3705 rapta,
1639 3635 1859 3688 domum
1905 3650 1992 3689 re-

427 3720 549 3785 diit,
599 3722 831 3779 Martin
880 3728 1110 3795 patricio
1138 3727 1187 3781 ei
1214 3725 1430 3782 obviam
1470 3726 1550 3781 ire
1593 3742 1702 3780 uou
1742 3739 1897 3780 auso.
1934 3725 1990 3780 ld

424 3814 725 3882 imperator
758 3817 1040 3885 a'gerriiue
1072 3818 1217 3884 tulit,
1246 3829 1410 3888 atque
1437 3819 1725 3890 imperium
1759 3819 1993 3873 Martino

421 3904 766 3976 abrogatum,
813 3908 868 3962 in
908 3908 1237 3964 Archelaum
1270 3909 1523 3977 contulit,
1555 3918 1611 3965 et
1639 3924 1827 3980 pacem
1866 3925 1990 3965 cum

425 3995 709 4053 Hormisda
741 3998 888 4054 fecit.
942 4000 1136 4056 Vertnn
1169 4017 1233 4056 ex
1263 4017 1330 4056 eo
1361 4017 1595 4057 maerore
1630 4003 1683 4056 iu
1718 4002 1987 4072 phreniti—

424 4088 545 4143 dem
581 4089 686 4160 72
717 4091 908 4146 incidit
936 4110 951 4145 :
985 4094 1089 4147 luit
1120 4095 1286 4148 etiam
1317 4093 1549 4164 pedibus
1576 4073 1737 4163 a’g'er.
1768 4093 1837 4147 Et
1866 4095 1991 4163 quia

421 4179 628 4235 librros
665 4198 774 4237 non
816 4183 1070 4251 habebat,
1111 4185 1223 4256 iam
1250 4195 1411 4240 antea
1451 4184 1729 4240 Tiberium
1764 4184 1991 4240 excubi-

425 4283 604 4326 torum
654 4276 909 4330 comitem
960 4275 1276 4346 adoptatum
1348 4275 1615 4331 Casarem
1669 4277 1989 4347 appellarat.

424 4362 612 4419 Morbo
646 4367 810 4437 igitur
846 4367 1134 4431 liberatus,
1178 4369 1445 4424 accersito
1480 4368 1789 4438 patriarcha
1819 4368 1992 4439 Euty-

2101 3176 2358 3248 φρούρια,
2391 3179 2420 3229 ὁ
2478 3178 2758 3239 Ἰουστίνος
2807 3170 2962 3239 οὗτος
3017 3178 3382 3233 ἐπονείδιστον
3425 3172 3568 3232 εἶναι
3616 3179 3677 3232 τδ

2101 3267 2513 3338 φορολογιῑσθαι
2569 3268 2721 3339 παρὰ
2809 3268 3036 3338 Περσῶν
3118 3268 3426 3340 Ῥωμαίους
3480 3269 3675 3339 λέγων,

2099 3359 2303 3430 ἐπέσχε
2353 3358 2414 3413 τὸ
2480 3360 2728 3431 χρυσίον.
2782 3358 3372 3432 Διαπρεσσευσάμενος
3428 3361 3486 3415 δὲ
3540 3361 3676 3431 πρὸς

2112 3452 2343 3523 ’Δρεθὰν
2374 3451 2485 3523 (27)
2518 3451 2627 3505 τῶν
2647 3450 2930 3506 Αἰθιόπων
2962 3452 3210 3523 βασιλέα,
3246 3447 3465 3507 Iacetani
3488 3454 3675 3519 αὑτὸν,

2099 3543 2170 3597 τὰ
2199 3545 2570 3615 πλησιάζοντα
2619 3546 2733 3608 τοῖς
2776 3544 2992 3616 Αἰθίοψι
3018 3545 3118 3616 τῆς
3152 3545 3261 3598 τῶν
3304 3544 3532 3617 Περσῶν
3559 3547 3675 3598 ὲπιο

2100 3632 2382 3706 κρατείας,
2420 3632 2791 3702 καταδραμεῖν
2818 3634 2914 3686 καὶ
2939 3632 3229 3703 ληῖσασθαι
3247 3648 3262 3662 ·
3295 3632 3375 3686 διὸ
3399 3635 3495 3689 καὶ
3521 3629 3676 3696 αὖθις

2102 3729 2267 3798 μέσον
2290 3726 2518 3798 Περσῶν
2551 3727 2645 3780 καὶ
2682 3724 2973 3793 Ῥωμαίων
3011 3726 3366 3797 ἁνεῤῥίπιστο
3417 3725 3671 3796 πόλεμος.

2100 3819 2414 3889 Στρατηγὸν
2441 3816 2534 3871 οὖν
2565 3818 2664 3886 τῆς
2685 3817 2981 3886 Ἀνατολῆς
3010 3819 3038 3870 δ
3061 3816 3319 3886 βασιλεὺς
3346 3816 3438 3869 τὸν
3467 3817 3671 3887 πατρί-

2101 3929 2219 3965 κιον
2247 3911 2527 3982 Μαρτίνον
2557 3908 2667 3979 (28)
2710 3907 3229 3980 προχειρισάμενος,
3283 3906 3502 3977 ἔπεμψε
3553 3906 3674 3960 κατ’

2099 4002 2305 4067 αὐτῶν,
2333 3999 2428 4053 καὶ
2460 3999 2538 4070 τῷ
2592 4000 2837 4069 τετάρτῳ
2882 3996 2992 4050 ἔτει
3039 3996 3141 4066 τῆς
3174 3995 3456 4068 βασιλείας
3494 3993 3668 4049 αὐτοῦ

2101 4093 2331 4162 συνέστη
2390 4091 2664 4162 πόλεμος,
2719 4090 2815 4144 καὶ⁸
2875 4088 3057 4143 πολλοὶ
3112 4088 3213 4159 μὲν
3272 4088 3670 4158 ἀμφοτέρωθεν

2100 4186 2314 4249 ἔπεσον,
2373 4182 2565 4237 νικῶσι
2592 4182 2639 4235 δ’
2659 4185 2809 4250 ὅμως
2869 4179 3152 4250 Ῥωμαῖοι.
3203 4179 3262 4233 ’0
3290 4180 3348 4235 δὲ
3379 4180 3492 4233 τῶν
3532 4182 3673 4251 [ιερ-

2099 4277 2205 4327 σῶν
2233 4273 2344 4345 (‘29)
2359 4273 2579 4344 κρατῶν
2610 4271 2904 4343 Ὀρμίσδας
2927 4270 3271 4340 ’Λρδαμάνην
3295 4268 3513 4340 ἔπεμψε
3535 4269 3675 4340 μετὰ

2102 4366 2324 4438 βαρείας
2354 4365 2658 4433 δυνάμεως,
2688 4362 2757 4416 τὰ
2779 4362 2886 4415 ὑπὸ
2926 4362 3237 4429 Ῥωμαίους
3266 4361 3587 4432 ληῖσασθαι·
3616 4362 3673 4425 ὃς

424 4451 551 4506 chio
582 4454 730 4524 (nam
760 4456 969 4510 Joanne
1008 4458 1430 4513 ex-scliolastico
1471 4466 1691 4512 mortuo
1732 4458 1992 4513 reductus

2104 4456 2300 4527 πολλὴν
2329 4453 2570 4508 ἐπελθὼν
2592 4452 2775 4525 χώραν
2807 4451 3149 4522 Ῥωμαϊκὴν.
3202 4453 3296 4506 καὶ
3319 4452 3471 4506 λείαν
3520 4452 3670 4505 πλεί-

424 4543 623 4607 fuerat,
645 4556 699 4600 et
727 4546 780 4601 in
806 4548 1140 4617 pontiﬁcium
1169 4551 1355 4605 sedem
1382 4551 1693 4621 restitutus)
1720 4560 1776 4604 et
1800 4560 1993 4604 senatu

2104 4570 2229 4623 στην
2262 4553 2321 4619 ἐξ
2354 4550 2526 4621 αὐτῆς
2548 4547 2843 4621 ἡρπακὼς,
2869 4548 3201 4617 ἐπανῆλθεν,
3232 4546 3328 4600 τοῦ
3376 4549 3668 4616 πατρικίου

423 4644 589 4706 atque
626 4642 774 4692 omni
829 4640 977 4694 clero
1026 4641 1282 4697 Ecclesiae
1331 4649 1654 4708 convocato,
1710 4640 1991 4694 Tiberium

2104 4644 2366 4714 Maptlvou
2449 4640 2523 4711 μὴ
2578 4639 2949 4710 τολμήσαντος
3011 4639 3162 4707 αὐτῷ
3235 4638 3670 4705 ἀντεπεξελθεῖν.

426 4727 816 4799 imperatorem
846 4732 1106 4802 appellat,
1148 4734 1310 4803 eique
1350 4733 1572 4788 mandat
1608 4733 1864 4788 omnibus
1895 4748 1993 4786 au-

424 4819 727 4887 dientibus,
761 4832 821 4877 ut
866 4823 1038 4878 Deum
1086 4825 1176 4894 pie
1213 4825 1377 4891 colat,
1408 4835 1469 4879 ut
1500 4825 1739 4880 subditis
1770 4823 1993 4879 benefa-

422 4915 555 4982 ciat,
597 4926 657 4972 ut
695 4917 975 4988 oppressis
1006 4915 1206 4988 iniuria
1237 4933 1396 4986 opem
1434 4916 1598 4983 lerat,
1629 4933 1698 4972 ne
1727 4917 1995 4972 militibus

424 5006 645 5074 quidvis
722 5007 961 5065 audendi
1020 5008 1294 5063 licentiam
1357 5008 1584 5077 tribuat,
1634 5023 1701 5064 ne
1757 5022 2000 5080 purpura

2097 4733 2164 4785 Ἃ
2199 4728 2388 4801 μαθὼν
2413 4732 2441 4783 ὁ
2469 4728 2747 4799 βασιλεὺς,
2815 4729 2874 4782 ἐν
2931 4728 3188 4798 συμφορᾷ
3230 4728 3547 4797 ἐποιήσατο,
3581 4726 3671 4779 καὶ

2090 4823 2182 4877 τὸν
2216 4822 2312 4891 μὲν
2344 4821 2617 4890 Μαρτῖνον
2649 4819 2748 4888 τὴν
2775 4817 3112 4889 στρατηγίαν
3135 4816 3411 4886 ἀφείλετο,
3479 4816 3670 4886 ’Δρχεο

2092 4915 2209 4986 me.
2240 4914 2298 4970 δὲ
2349 4914 2525 4983 αὐτὴν
2585 4912 2964 4973 ὲνεπίστευσε,
3019 4910 3113 4965 καὶ
3174 4911 3311 4981 πρὸς
3378 4909 3671 4981 ὀρμίσδαν

2100 5007 2331 5070 σπονδὰς
2355 5004 2508 5058 εθετο
2536 5004 2649 5071 (50)
2678 4999 2860 5067 αὖθις.
2906 5002 2999 5054 Ἐκ
3022 5000 3081 5055 δι
3108 5000 3208 5071 τῆς
3237 5000 3330 5054 διὰ
3383 4997 3560 5054 ταῦτα
3581 4998 3676 5052 λύ-

1627 5189 1828 5252 Varite
1859 5186 2168 5251 lectiones
2194 5198 2255 5250 et
2279 5197 2463 5249 uoltu.

434 5332 612 5411 ...(26)
638 5337 701 5385 At
732 5335 800 5411 δὲ
816 5341 965 5407 πρὸς
993 5341 1246 5411 Πέρσας.
1278 5340 1488 5395 Bellum
1518 5355 1547 5393 a
1569 5339 1790 5411 Justiuo
1821 5340 2005 5411 Persis

433 5400 645 5455 illatum
686 5400 985 5463 etiannum
1046 5400 1086 5465 5
1126 5400 1343 5467 revocat
1385 5411 1543 5466 Joau.
1599 5409 1950 5464 Biclarieusis
1986 5425 2001 5463 :

431 5470 501 5551 de
545 5486 656 5551 quo
699 5486 862 5542 agunt
898 5491 1161 5551 prmterea
1214 5481 1506 5551 Evagrius,
1568 5480 1665 5551 lib.
1699 5495 1752 5542 ν,
1786 5493 1910 5550 cap.
1942 5479 1993 5545 7,

432 5536 793 5615 Theophani-3
818 5555 873 5615 et
900 5536 1202 5613 L‘edrenus,
1230 5536 1401 5615 an."7,
1431 5536 1540 5604 etc.

503 5610 617 5688 (τι)
666 5613 922 5688 ᾉρεθάγ.
961 5619 1106 5674 Idem
1149 5610 1511 5688 Theophanes
1535 5635 1628 5674 an.
1660 5618 1712 5673 Ἰ.

502 5683 617 5761 (τε)
682 5684 1041 5761 Mapriror._
1056 5689 1146 5743 Sic
1186 5683 1503 5761 appellatur
1541 5707 1570 5744 ιι
1613 5688 1951 5761 Theophane
1988 5706 2004 5744 :

429 5746 964 5810 Marcianum'vocat
1001 5746 1388 5829 Evagriu's'lib.
1428 5775 1483 5825 v,
1513 5775 1635 5830 cap.
1672 5761 1725 5816 8.

2177 5339 2304 5408 (Ξ9)
2329 5337 2396 5390 '0
2426 5335 2495 5389 δὲ
2522 5334 2659 5408 τῶν⁸
2696 5332 2965 5408 Hispo-(31;.
3004 5333 3215 5408 Persas
3232 5348 3357 5389 cuni
3415 5334 3671 5408 Romanis

2108 5403 2495 5478 pacis'losdera
2542 5405 2753 5475 rupisse
2794 5420 2885 5478 an.
2914 5405 3433 5478 8._.|u_stiui_aucto_r
3467 5414 3552 5458 est
3586 5403 3666 5456 Bi-

2100 5474 2409 5532 clariensis.
2469 5476 2534 5530 At
2586 5474 2750 5544 quem
2810 5474 3165 5541 llormisdatn.
3209 5474 3563 5543 Tceophanes
3617 5486 3668 5526 ct

2101 5548 2366 5611 Zonaras,
2387 5548 2690 5602 Chosroem
2720 5553 2878 5599 vocat
2905 5544 3186 5612 Evagrius,
3213 5544 3313 5598 lib.
3343 5560 3395 5605 ν,
3436 5563 3487 5598 c.
3517 5544 3548 5596 9
3584 5545 3661 5598 l2.

2106 5618 2199 5672 ubi
2254 5626 2311 5671 et
2359 5617 2428 5671 de
2478 5614 2790 5669 Adarmane
2840 5625 2899 5669 et
2954 5613 3171 5667 Martini
3227 5614 3668 5669 exauctoratiouc

2103 5688 2312 5757 pariter
2338 5687 2470 5756 agit.

2179 5755 2290 5827 t30)
2323 5751 2601 5824 Σῖιονδὶις
2651 5756 2839 5811 ἔθετο.
2889 5754 3175 5829 Evagrius,
3213 5755 3308 5810 lib.
3344 5770 3399 5820 v,
3431 5769 3552 5824 cap.
3592 5751 3648 5804 l9.
