3994 6246
356 362 489 426 19.61

1584 359 1866 418 ANNALI
1881 358 1989 418 UM
2029 359 2176 421 LIB.
2217 358 2355 420 XIV

3463 393 3602 432 ,ικιε

351 471 794 543 καταδεξαμένων
833 471 893 526 δέ
949 473 1044 525 καὶ
1095 471 1300 544 ταύτην
1352 473 1453 543 τὴν
1486 473 1808 544 προσθήκην
1833 471 1928 526 τοῦ

2033 470 2229 542 Illyrici
2257 471 2495 542 subegit,
2525 473 2765 528 minatus
2824 488 2884 530 se
2915 471 3164 545 Longum
3193 475 3404 532 Murum
3433 482 3600 536 etiam

351 567 646 636 βασιλέως,
687 566 1015 635 ἐστράτευσε
1049 565 1192 620 κατά
1228 567 1521 634 Ῥωμαίων
1576 566 1784 629 ἐκεῖνος
1833 563 1929 620 καὶ

349 661 538 721 πόλεις
564 658 766 722 πολλὰς
797 657 892 711 τοῦ
935 657 1229 730 Ἰλλυρικοῦ
1258 657 1608 728 ἐχειρώσατο·
1635 655 1847 727 ἠπείλει
1870 673 1928 712 τε

349 752 446 806 καὶ
473 751 534 804 τὸ
559 750 788 822 Μακρὸν
846 749 1221 820 καταστρέψαι
1292 751 1504 819 Τεῖχος.
1573 750 1797 812 Στείλας
1835 749 1929 804 οὖν

345 843 616 914 πρέσϐεις
658 842 796 913 πρὸς
827 841 919 895 τὸν
954 841 1232 913 βάρϐαρον
1261 843 1290 895 ὁ
1329 841 1640 912 Μαυρίκιος
1695 840 1930 905 σπονδὰς

346 933 522 987 ἔθετο.
563 932 624 986 '0
661 934 844 1003 μέντοι
869 931 1145 1000 Χαγάνος,
1180 930 1460 1000 ἄπληστός
1488 948 1546 984 τε
1575 929 1672 984 καὶ
1700 930 1930 994 ἄπιστος

348 1023 451 1092 ὣν,
485 1024 621 1095 δόλῳ
647 1023 790 1078 κατὰ
830 1024 1119 1094 Ῥωμαίων
1148 1024 1379 1093 ἐγίνετο,
1415 1023 1576 1090 αὐτὸς
1601 1023 1700 1095 μὲν
1725 1023 1932 1094 ήσυχάο

347 1117 484 1184 ζων,
516 1116 642 1187 ἔθνη
687 1115 744 1170 δέ
777 1132 900 1168 τινα
951 1116 1059 1170 τῶν
1115 1115 1445 1186 Σκλαϐηνῶν
1497 1114 1931 1187 παρασκευάσας

342 1206 446 1276 τῆν
472 1207 577 1260 ὑπὸ
648 1206 954 1276 Ῥωμαίους
1005 1205 1311 1276 ληίζεσθαι,
1366 1206 1420 1259 οἳ
1458 1207 1552 1260 καὶ
1616 1206 1779 1277 μέχρι
1829 1206 1929 1260 τοῦ

342 1296 575 1366 Μακροῦ
606 1296 830 1366 Τείχους
870 1295 1238 1365 πεφθάκασιν.
1290 1296 1352 1350 '0
1399 1297 1663 1360 Βασιλεὺς
1707 1297 1765 1350 δὲ
1819 1297 1932 1352 Κο-

347 1388 632 1460 μεντίολον
662 1389 968 1460 στρατηγὸν
1010 1388 1476 1459 προϐαλλόμενος,
1527 1390 1626 1444 καὶ
1666 1388 1735 1442 δι’
1765 1387 1930 1444 αὑτοῦ

341 1483 456 1544 τοῖς
484 1480 795 1552 Βαρϐἀροις
824 1481 1025 1554 ἀθρόον
1076 1481 1405 1547 ἐπεξελθὼν,
1450 1481 1559 1536 τῶν
1602 1480 1932 1552 Ῥωμαϊκῶν

341 1572 542 1635 αὐτοὺς
573 1572 742 1642 ὁρίων
771 1573 1082 1640 ἀπήλασεν,
1116 1570 1518 1642 ἀναιρεθέντων
1561 1572 1792 1639 πολλῶν,
1838 1573 1933 1626 καὶ

338 1663 439 1732 τὴν
469 1662 620 1716 λείαν
647 1663 780 1733 ὅσην
803 1662 1022 1731 ἔλαϐον,
1048 1663 1142 1720 καὶ
1194 1663 1322 1726 τοὺς
1348 1662 1727 1734 αἰχμαλώτους
1765 1665 1933 1717 ἐπαν-

341 1752 610 1810 εσώσατο.
674 1753 986 1824 Φιλιππικῷ
1030 1753 1088 1806 δέ
1136 1751 1234 1823 τὴν
1269 1752 1405 1808 ίδίαν
1464 1751 1727 1817 συζεύξας
1775 1752 1932 1806 ἀδελ-

341 1845 473 1914 φὴν,
500 1844 643 1898 κατά
689 1845 916 1916 Περσῶν
972 1845 1136 1899 αὐτὸν
1193 1846 1289 1899 σὺν
1349 1844 1508 1916 βαρεῖ
1552 1845 1928 1917 στρατεύματι
1957 1835 2002 1892 Β

341 1935 752 2002 ἐξαπέστειλεν.
787 1937 850 1990 '0
875 1936 931 1990 δέ
957 1937 1194 2008 ἄγχιστα
1239 1941 1305 2008 τῇ
1335 1937 1553 1992 Νισίϐι-ει
1610 1938 1926 2007 γενόμενος,

341 2029 602 2084 κάκεῖθεν
631 2030 893 2100 ἐμϐαλὼν
916 2034 982 2104 τῇ
1011 2033 1254 2102 Περσίδι,
1291 2032 1493 2102 ἤλασεν
1517 2032 1730 2086 ἐκεῖθεν
1776 2034 1928 2089 λείαν

341 2120 567 2192 πολλὴν,
593 2123 684 2175 καὶ
709 2122 968 2189 ἐπανιὼν,
1001 2125 1067 2193 τῇ
1111 2124 1222 2177 τῶν
1275 2125 1477 2194 Μήδων
1525 2126 1681 2198 χώρᾳ
1717 2128 1926 2200 προσέ-

342 2214 498 2278 ϐαλε,
529 2215 628 2268 καὶ
651 2214 856 2285 ταύτης
883 2217 943 2269 ού
975 2218 1116 2286 μείω
1140 2217 1263 2271 τινὰ
1295 2218 1632 2290 ληῖσάμενος
1693 2222 1928 2292 ἐπανῆλ-

341 2292 441 2366 θεν
468 2308 550 2371 είς
580 2307 646 2361 τά
683 2308 997 2379 Ῥωμαίων.
1034 2311 1145 2364 Καὶ
1170 2309 1326 2374 αὖθις
1372 2310 1429 2364 δὲ
1475 2313 1588 2376 τοῖς
1636 2312 1929 2382 Περσικοῖς

334 2397 590 2460 ἐπελθὼν
615 2400 862 2471 χωρίοις,
903 2401 1108 2473 ὁμοίως
1137 2402 1426 2473 εὐτύχησε.
1463 2405 1716 2476 Νοσήσας
1742 2407 1928 2476 μέντοι

343 2492 428 2556 είς
481 2493 907 2562 Μαρτυρὸπολιν
987 2493 1134 2566 (Ill)
1207 2496 1602 2565 παραγίνεται,
1673 2499 1930 2555 κάκεῖθεν

343 2584 648 2654 ἐπανῆλθεν
690 2588 770 2649 είς
794 2586 854 2638 τὸ
901 2587 1216 2652 Βυζάντιον.
1257 2589 1486 2659 Ἐτέχθη
1523 2589 1580 2642 δὲ
1607 2589 1684 2660 τῷ
1713 2593 1931 2661 Μαυρι-

347 2676 451 2746 κίῳ
481 2677 595 2740 υἱὸς
644 2676 704 2730 ὃν
733 2677 988 2748 ὠνόμασε
1045 2679 1344 2736 Θεοδόσιον.
1399 2682 1723 2746 Φιλιππικὸς
1755 2683 1812 2736 δέ
1839 2684 1931 2738 καὶ

349 2767 514 2821 πάλιν
569 2768 712 2822 κατά
781 2769 1007 2840 Περσῶν
1065 2771 1485 2842 ἐξεστράτευσε,
1546 2773 1642 2826 καὶ
1689 2775 1748 2827 τὸ
1800 2776 1931 2844 περὶ

339 2861 511 2914 ,αὑτὸν
583 2862 981 2932 στρατιωτικὸν
1029 2864 1335 2934 ἠρώτησεν,
1387 2866 1435 2918 εί
1495 2864 1768 2936 πρόθυμοι
1817 2869 1933 2932 τοῖς

347 2953 588 3023 Πέρσαις
639 2951 749 3008 εἶεν
816 2955 1201 3026 μαχέσασθαι;
1262 2959 1328 3011 Ol
1373 2958 1432 3012 δέ
1488 2958 1585 3012 καὶ
1641 2960 1824 3030 ὅρκοις
1871 2959 1933 3013 τὸ

349 3046 640 3117 πρόθυμον
672 3047 852 3102 αὐτῶν
877 3047 1182 3103 ἐϐεϐαίουν.
1237 3050 1327 3110 Ὠς
1370 3049 1461 3103 οὖν
1488 3051 1778 3106 συνέϐαλον
1819 3053 1932 3116 τοῖς

2031 578 2374 620 eversurum.
2415 565 2605 636 Itaque
2634 564 2956 634 Mauricius,
2991 567 3175 624 missis
3204 570 3272 624 ad
3300 570 3601 628 Barbarum

2031 655 2248 726 legalis,
2291 672 2481 727 pacem
2525 673 2652 712 cum
2706 673 2772 713 eo
2822 658 2973 714 facit.
3029 658 3136 715 Sed
3178 660 3489 735 Chaganus,
3544 675 3605 720 ut

2032 746 2365 806 insatiabilis
2396 759 2453 805 ct
2495 750 2758 820 perﬁdus,
2801 751 2929 806 dolo
2973 753 3252 810 Romanos
3285 771 3603 826 aggressus,

2031 839 2150 910 ipse
2175 842 2427 910 quievit:
2462 841 2784 898 Sclavorum
2823 860 2956 900 vero
3000 854 3194 916 gentes
3236 848 3509 918 quasdam
3534 851 3601 909 τέ

2029 932 2376 1001 populandas
2420 933 2736 1004 provincias
2784 936 3108 1004 concitavit,
3156 955 3280 1011 quae
3314 960 3489 1015 usque
3535 948 3604 1002 ad

2029 1022 2277 1094 Longum
2311 1025 2526 1082 Murum
2560 1035 2690 1083 sunt
2723 1043 3048 1099 progressrc.
3095 1032 3446 1106 Quapropter
3495 1039 3603 1095 im-

2029 1125 2272 1186 perator,
2304 1117 2706 1176 Commcntiolo
2751 1121 2890 1178 duce
2941 1134 3148 1193 creato,
3189 1128 3455 1187 Barbaros
3495 1133 3602 1188 int--

2029 1210 2251 1276 proviso
2293 1211 2531 1267 adventu
2573 1213 2834 1268 Romanis
2880 1215 3085 1275 ﬁnibus
3133 1221 3364 1289 expulit,
3413 1224 3602 1281 multis

2031 1299 2210 1367 caesis,
2242 1311 2298 1356 et
2339 1302 2522 1372 praeda
2570 1305 2719 1360 omni
2759 1307 3102 1378 captivisque
3158 1313 3414 1382 receptis.
3470 1316 3600 1372 Phi-

2030 1390 2295 1461 lippicum
2329 1407 2522 1450 sorore
2561 1395 2834 1466 desponsa
2867 1413 2992 1455 cum
3037 1417 3203 1458 manu
3261 1405 3600 1463 validissima

2030 1492 2226 1539 contra
2273 1485 2471 1542 Persas
2512 1486 2683 1554 misit,
2728 1489 2822 1559 qui
2867 1505 2992 1546 cum
3055 1495 3305 1562 proxime
3364 1498 3602 1554 Nisibim

2030 1575 2400 1644 pervenisset,
2464 1585 2630 1649 atque
2693 1579 2821 1636 inde
2877 1581 2936 1636 in
2984 1582 3228 1640 Persiam
3286 1587 3604 1658 irrupisset,

2032 1666 2208 1722 multa
2255 1669 2438 1738 praeda
2472 1669 2690 1738 abacta,
2739 1672 2792 1726 in
2850 1673 3028 1728 reditu
3074 1675 3491 1745 impressionem
3549 1685 3605 1738 in

2030 1755 2263 1812 Mediam
2310 1757 2460 1823 fecit,
2511 1771 2565 1818 et
2611 1762 2686 1817 ibi
2719 1778 2942 1833 quoque
2991 1765 3173 1836 praeda
3223 1784 3334 1822 non
3393 1771 3606 1829 minore

2030 1856 2208 1918 parta,
2247 1850 2304 1904 in
2332 1850 2608 1908 Romanas
2647 1854 2962 1923 provincias
2990 1857 3157 1912 rediit
3183 1875 3197 1914 :
3228 1859 3359 1914 inde
3401 1860 3602 1920 iterum

2028 1940 2284 1998 Persicos
2312 1941 2449 1998 lines
2470 1944 2773 2015 ingressus,
2806 1962 2920 2000 rem
2943 1963 3099 2018 aeque
3129 1967 3388 2023 prospere
3413 1958 3602 2025 gessit.

2029 2033 2138 2089 Sed
2190 2045 2417 2104 propter
2468 2038 2721 2092 morbum
2776 2039 3210 2112 Martyropolim,
3266 2055 3429 2116 atque
3469 2049 3600 2105 inde

2028 2125 2352 2198 Byzantium
2403 2129 2590 2186 rediit.
2625 2130 2888 2187 Mauricio
2921 2143 3084 2189 natus
3126 2144 3208 2190 est
3252 2135 3398 2192 ﬁlius
3433 2156 3597 2209 quem

2031 2217 2403 2275 Theodosium
2439 2221 2767 2276 nominavit.
2806 2223 3146 2294 Philippicus
3186 2226 3372 2282 denuo
3407 2229 3602 2288 Persas

2031 2321 2467 2381 oppugnaturus,
2505 2313 2706 2369 milites
2741 2329 2871 2370 suos
2896 2324 3256 2384 percontatur
3279 2334 3348 2373 an
3391 2320 3601 2378 alacres

2031 2413 2218 2458 essent
2240 2404 2308 2459 ad
2349 2406 2704 2476 pugnandum
2736 2422 2861 2461 cum
2891 2407 3120 2464 Persis?
3163 2411 3231 2466 iis
3261 2427 3390 2467 vero
3433 2415 3600 2470 etiam

2025 2496 2390 2567 jurejurando
2475 2498 2816 2554 alacritatem
2888 2515 3045 2556 suam
3114 2503 3348 2568 testatis,
3415 2506 3605 2563 hostes

2033 2590 2348 2660 aggreditur
2379 2609 2391 2644 :
2426 2591 2521 2660 qui
2549 2593 2654 2646 etsi
2683 2592 2752 2646 ad
2781 2601 2998 2662 tempus
3038 2597 3385 2663 restiterunt,
3420 2609 3601 2656 tamen

2033 2695 2160 2736 cum
2205 2681 2318 2736 dux
2363 2696 2535 2751 equos
2592 2683 2813 2738 illorum
2848 2683 2982 2738 credi
3032 2686 3305 2755 iussisset,
3340 2697 3396 2743 et
3441 2693 3601 2748 multi

2031 2770 2157 2841 equi
2187 2771 2459 2825 vulnerati
2486 2771 2834 2838 cecidissent,
2894 2770 3074 2826 Persae
3099 2773 3279 2844 fugam
3309 2791 3599 2847 ceperunt,

2033 2872 2290 2936 potenter
2320 2864 2473 2926 victi,
2505 2878 2808 2933 magnaque
2851 2863 3004 2918 clade
3045 2877 3272 2935 accepta
3304 2885 3317 2920 :
3363 2869 3599 2925 Romani

2034 2971 2164 3010 vero
2207 2955 2478 3010 illustrem
2529 2955 2810 3009 victoriam
2867 2955 3170 3020 consecuti,
3241 2956 3479 3013 hostium
3531 2961 3600 3014 ad

2035 3049 2146 3104 duo
2177 3047 2345 3100 millia
2374 3047 2495 3100 viva
2526 3051 2810 3115 ceperunt.
2841 3044 3158 3100 llormisdas
3184 3044 3472 3103 Persarum
3507 3067 3604 3107 rex

347 3137 638 3203 ἐναντίοις,
694 3138 857 3209 μέχρι
917 3139 1016 3209 μέν
1069 3156 1212 3204 τινος
1262 3143 1507 3211 ἀντεῖχον
1541 3143 1592 3195 οἱ
1631 3141 1928 3214 Βάρϐαροι.

2037 3142 2328 3197 Baramum
2382 3139 2577 3194 ducem
2635 3137 2892 3208 congredi
2942 3153 3067 3192 cum
3115 3137 3380 3195 Romanis
3419 3143 3601 3209 jussit.

362 3227 602 3282 Ἐπεὶδέ
630 3230 758 3292 τοὺς
791 3231 993 3294 ἵππους
1029 3231 1289 3302 πλήττειν
1346 3233 1526 3288 αὐτῶν
1566 3237 1592 3289 ὁ
1619 3235 1926 3306 στρατηγὸς

2035 3235 2209 3301 Quem
2248 3241 2310 3286 ut
2347 3230 2554 3285 victum
2589 3244 2711 3284 esse
2753 3230 3030 3300 cognovit,
3073 3231 3336 3302 abrogato
3383 3233 3460 3287 illi
3499 3235 3604 3288 im-

349 3321 465 3382 τοῖς
491 3319 713 3383 οἰκείοις
757 3322 1229 3392 παρεκελεύσατο,
1259 3326 1354 3380 καὶ
1394 3325 1580 3380 πολλοὶ
1607 3327 1715 3380 τῶν
1744 3327 1928 3382 ἵππων

350 3410 716 3480 πληττόμενοι
767 3409 1016 3477 ἔπιπτον,
1079 3414 1293 3484 ἐτράπη
1322 3415 1382 3468 τὸ
1421 3417 1709 3485 Περσικὸν,
1747 3420 1841 3471 καὶ
1869 3418 1930 3470 τὸ

353 3499 456 3573 μὲν
517 3503 720 3573 ἥττητο
786 3506 1095 3574 κραταιῶς,
1153 3507 1248 3559 καὶ
1321 3506 1457 3560 πολὺ
1503 3508 1698 3560 τούτου
1762 3509 1930 3579 μέρος

349 3590 643 3663 διέφθαρτο
663 3607 676 3622 ·
708 3592 758 3644 οί
778 3591 834 3645 δὲ
876 3593 1429 3666 Ῥωμαῖοι).αμπρῶς
1465 3597 1810 3666 νενικήκασι,
1835 3599 1930 3651 καὶ

351 3685 564 3748 ζῶντας
612 3685 722 3740 τῶν
767 3685 1041 3756 πολεμίων
1090 3689 1219 3757 περὶ
1270 3687 1563 3758 δισχιλίους
1615 3689 1927 3744 συνέλαϐον.

361 3774 658 3847 Ὀρμίσδας
684 3777 740 3830 δὲ
763 3779 790 3829 ὁ
814 3776 921 3831 τῶν
941 3778 1169 3848 Περσῶν
1198 3778 1461 3850 ἀρχηγὸς,
1489 3780 1686 3850 Βαράμ
1711 3797 1932 3852 προχει-

354 3869 646 3938 ρισάμενος
710 3868 1037 3940 στρατηγὸν,
1103 3871 1398 3939 συμϐαλεῖν
1477 3871 1756 3940 Ρωμαίοις
1807 3871 1932 3926 ἐκέ-

354 3958 570 4014 λευσεν.
610 3961 668 4014 Ὀ
692 3959 749 4014 δὲ
780 3960 1075 4031 συμϐαλὼν
1103 3963 1364 4032 ἡττᾶται·
1394 3962 1601 4032 ὃγνοὺς
1634 3962 1930 4032 Ὀρμίσδας

353 4048 676 4117 γυναικείαν
740 4049 947 4119 ἐσθῆτα
1006 4049 1117 4120 (42)
1169 4051 1377 4104 στέλλει
1455 4052 1641 4121 αὐτῷ,
1695 4055 1786 4106 καὶ
1833 4052 1934 4123 τὴν

357 4140 700 4210 στρατηγίαν
737 4139 1017 4209 ἀφείλετο,
1061 4142 1154 4195 καὶ
1190 4142 1263 4212 τῷ
1310 4143 1714 4215 ὑποστρατήγῳ
1766 4142 1931 4198 αὐτοῦ

354 4231 444 4286 διὰ
470 4233 690 4303 γραφῆς
722 4235 1030 4288 ἐνετείλατο
1044 4234 1132 4288 τὸν
1157 4234 1350 4305 Βαρᾶμ
1385 4237 1617 4290 ἀνελεῖν.
1654 4238 1711 4289 Ὀ
1743 4235 1798 4289 δέ
1822 4231 1933 4290 οἷον

353 4326 528 4377 κακοῦ
560 4325 783 4394 γέγονεν
810 4327 1088 4396 ἐννοήσας,
1114 4326 1415 4396 γράμματα
1428 4319 1508 4391 ’ὡς
1546 4326 1603 4393 ἐξ
1639 4326 1932 4399 Ὀρμίσδου

355 4415 506 4488 αὐτῷ
543 4415 809 4470 σταλέντα
843 4417 1136 4481 ἐπλάσατο,
1184 4418 1354 4490 ὀργὴν
1405 4418 1740 4490 ἐμφαίνοντα
1791 4419 1934 4471 κατά

2030 3327 2186 3398 perio
2218 3333 2422 3382 vestem
2455 3323 2779 3378 muliebrem
2813 3323 3004 3387 mittit,
3039 3338 3103 3378 ac
3131 3325 3310 3394 legato
3343 3327 3463 3397 ejus
3504 3343 3601 3396 per

2030 3418 2245 3473 litteras
2274 3416 2520 3480 mandat,
2569 3423 2629 3469 ut
2675 3429 2804 3468 eum
2835 3413 3073 3469 occidat.
3118 3413 3391 3470 Caeterum
3439 3418 3603 3472 Bara-

2031 3525 2157 3564 mus
2185 3509 2411 3578 quantis
2459 3508 2511 3560 in
2546 3506 2704 3560 malis
2739 3513 2886 3560 esset
2936 3515 3217 3574 reputans,
3272 3506 3484 3562 litteras
3532 3509 3602 3563 ab

2033 3598 2325 3655 Hormisda
2357 3596 2424 3652 ad
2451 3613 2510 3653 se
2542 3595 2734 3650 missas
2768 3609 2890 3650 esse
2919 3595 3376 3660 comminiscitur,
3402 3599 3605 3668 quibus

2036 3690 2378 3746 iracundiam
2407 3703 2564 3745 suam
2599 3687 2864 3743 adversus
2905 3702 3124 3742 omnem
3163 3685 3465 3745 exercitum
3505 3693 3602 3748 de-

2035 3781 2225 3848 claret,
2248 3795 2452 3851 easqne
2473 3779 2741 3834 militibus
2769 3779 3105 3846 convocatis,
3133 3781 3310 3851 palam
3343 3785 3602 3842 omnibus

2037 3872 2258 3929 recitari
2294 3871 2399 3942 75
2418 3871 2596 3942 jubet,
2631 3885 2699 3925 ac
2727 3869 3036 3924 Hormisdae
3068 3870 3276 3926 saevitia
3317 3885 3375 3927 et
3412 3874 3607 3931 imma-

2037 3965 2206 4020 nitate
2243 3968 2691 4027 commemorata,
2739 3976 2836 4016 eos
2885 3961 3127 4016 concitat
3174 3962 3244 4016 ad
3297 3963 3502 4020 bellum
3551 3969 3601 4023 ei

2037 4055 2408 4111 inferendum.
2465 4053 2658 4110 Subito
2703 4053 2867 4124 igitur
2906 4068 3033 4107 eum
3081 4056 3342 4124 aggressi,
3384 4069 3605 4128 captum

2035 4150 2092 4204 in
2114 4164 2389 4204 carcerem
2425 4147 2800 4217 conjecerunt.
2832 4145 2902 4200 At
2930 4145 3022 4202 ille
3050 4148 3352 4217 professus,
3383 4169 3440 4208 se
3469 4169 3606 4208 con-

2038 4241 2221 4297 silium
2247 4241 2328 4294 eis
2353 4239 2422 4293 de
2445 4238 2733 4292 Persarum
2756 4236 2990 4306 imperio
3023 4237 3302 4307 daturum,
3331 4244 3475 4312 quod
3507 4247 3603 4300 toti

2037 4332 2247 4389 nationi
2283 4331 2420 4386 sciat
2456 4329 2602 4384 bono
2631 4328 2898 4393 futurum,
2927 4337 3114 4384 monet
3135 4346 3204 4386 ne
3237 4331 3408 4388 [ilium
3446 4351 3604 4404 suum

2036 4423 2336 4488 Chosroem
2359 4435 2541 4490 regem
2562 4425 2771 4484 creent,
2793 4417 3074 4474 hominem
3094 4419 3500 4492 inexplebilem,
3525 4425 3580 4480 in
3595 4455 3612 4466 -

355 4509 557 4574 παντὸς
587 4509 682 4564 τοῦ
720 4509 1155 4582 στρατεύματος,
1183 4511 1277 4564 καὶ
1298 4509 1662 4581 συναθροίσας
1690 4511 1841 4574 αὐτὸ,
1861 4509 1931 4562 τά

2033 4517 2261 4586 justum,
2285 4513 2634 4576 insolentem,
2651 4517 2812 4580 atque
2836 4509 3164 4566 intolerandi
3197 4514 3496 4584 supercilii,
3517 4518 3610 4572 sed

353 4618 415 4654 τε
444 4601 750 4672 γράμματα
782 4605 862 4666 είς
889 4603 1129 4675 ἐπήκοον
1165 4602 1588 4672 ἀναγνωσθῆναι
1638 4602 1933 4673 πεποίηκε,

356 4692 454 4746 καὶ
509 4693 672 4759 αὐτὸς
727 4695 1108 4767 ἀνεμίμνησκε
1161 4698 1262 4766 τῆς
1318 4693 1584 4765 ἀπηνείας
1645 4693 1936 4764 Ὀρμίσδου

355 4785 450 4839 καὶ¹
489 4787 586 4856 τῆς
617 4786 923 4857 ὠμότητος,
963 4787 1060 4841 καὶ
1087 4787 1174 4840 διὰ
1216 4785 1425 4841 τούτων
1467 4786 1700 4858 ἀντᾶραι
1747 4786 1940 4856 χεῖρας

353 4879 582 4950 ἠρέθισε
620 4880 763 4934 κατά
801 4880 894 4944 τοῦ
923 4879 1073 4950 σφῶν
1103 4879 1373 4952 ἀρχηγοῦ.
1422 4879 1773 4940 Ἐπελθόντες
1827 4877 1938 4946 (45)

352 4966 448 5025 οὖν
512 4971 710 5042 ἀθρόον
779 4970 965 5042 αὐτῷ,
1039 4971 1326 5042 κατέσχον,
1384 4972 1480 5024 καὶ
1549 4971 1801 5025 ἐνέϐαλον
1859 4972 1940 5032 εἰς

352 5062 604 5134 εἱρκτήν.
671 5063 732 5117 Ὅ
781 5063 839 5116 δὲ
888 5062 1192 5118 ὑποθέσθαι
1247 5065 1431 5126 αὐτοῖς
1485 5066 1616 5134 περὶ
1667 5063 1769 5132 τῆς
1830 5062 1936 5115 τῶν

354 5152 582 5219 Περσῶν
619 5152 797 5223 ἀρχῆς
826 5153 1006 5224 ἠξίου,
1037 5153 1174 5207 ἄττα
1221 5151 1298 5222 τῷ
1330 5152 1471 5206 ἔθνει
1512 5153 1770 5222 γινώσκει
1797 5169 1935 5223 συμ-

331 5227 616 5315 φέροντα,
685 5246 778 5299 καὶ
839 5246 1196 5300 συνεϐούλευε
1253 5248 1330 5318 μὴ
1371 5246 1464 5302 τὸν
1512 5247 1764 5318 Χοσρόην
1816 5246 1932 5299 υίδν

353 5332 521 5387 αὑτοῦ
556 5334 688 5389 ὄντα
727 5335 1098 5407 προκριθῆναι
1157 5339 1238 5400 είς
1279 5338 1379 5408 τὴν
1413 5338 1608 5408 ἀρχὴν,
1654 5337 1931 5407 ἄπληστον

2034 4610 2203 4665 alium
2229 4623 2260 4662 c
2289 4605 2406 4660 suis
2438 4603 2582 4658 ﬁliis.
2620 4601 2726 4657 Sed
2756 4601 2806 4657 ei
2832 4602 3120 4658 sententiae
3144 4619 3442 4674 procerum
3474 4623 3611 4660 non.

2036 4700 2210 4757 nullis
2237 4697 2544 4768 relragatis,
2585 4694 2883 4765 populares
2923 4705 3116 4750 contra
3163 4711 3290 4751 eum
3326 4698 3609 4759 concitati.

2041 4793 2212 4847 lilium
2241 4789 2330 4844 cui
2365 4801 2598 4859 regnum
2620 4787 2964 4850 decreverat,
2997 4797 3054 4842 et
3081 4796 3312 4860 matrem
3347 4787 3516 4850 illius,
3559 4787 3614 4843 ia

2040 4891 2339 4952 conspectu
2396 4880 2518 4951 ejus
2575 4877 2762 4934 statim
2823 4878 3204 4932 occiderunt:
3255 4877 3371 4944 ipse
3437 4879 3617 4932 oculis

2041 4973 2237 5038 crutis,
2279 4973 2334 5027 in
2382 4985 2662 5026 carcerem
2703 4977 3023 5039 compactus
3063 4983 3080 5027 ;
3125 4966 3398 5022 Chosroes
3433 4981 3463 5043 a
3501 4979 3612 5023 tota

2043 5072 2203 5131 gente
2236 5076 2329 5114 rex
2363 5061 2598 5114 electus.
2640 5058 2692 5113 ls
2732 5057 2798 5112 ad
2830 5067 3044 5124 tempus
3070 5062 3280 5123 patrem
3328 5053 3466 5134 bene
3505 5067 3617 5110 tra-

2042 5151 2230 5215 ctavit,
2269 5158 2324 5204 et
2359 5163 2672 5220 quanquam
2701 5163 2731 5202 e
2762 5144 3011 5202 custodia
3061 5159 3171 5198 non
3215 5144 3427 5211 eduxit,
3461 5147 3515 5200 in
3548 5163 3612 5202 ea

2041 5251 2223 5297 tamen
2256 5255 2473 5296 omnem
2523 5241 2571 5294 ei
2607 5240 2816 5293 cultum
2851 5245 2906 5290 ct
2953 5234 3282 5304 obsequium
3335 5237 3614 5306 prtestitit.

2037 5335 2136 5401 Qui
2153 5350 2277 5389 cum
2295 5333 2431 5387 nihil
2452 5331 2595 5402 quod
2610 5346 2648 5394 ,a
2671 5329 2781 5382 lilio
2794 5327 3253 5397 proﬁcisceretur,
3279 5339 3490 5402 gratum
3515 5331 3614 5386 ha-

1541 5448 1746 5510 Variaa
1787 5446 2098 5510 lectiones
2144 5452 2204 5507 et
2232 5450 2421 5506 nota).
2456 5422 2466 5447 ’

427 5566 540 5638 (bl)
599 5565 1079 5638 ῌαρτυρόπολιν.
1112 5566 1278 5638 Cujus
1315 5565 1471 5638 urbis
1537 5567 1788 5638 tnetninit
1823 5581 1931 5636 pm

357 5636 576 5693 czeter'is
610 5636 930 5704 Simocatta,
977 5637 1074 5692 lib.
1106 5653 1180 5698 tv.
1197 5636 1327 5706 cap.
1359 5637 1424 5691 15
1462 5647 1518 5692 et
1565 5637 1933 5706 Theophanes

355 5725 449 5762 an.
493 5707 524 5762 5
557 5707 826 5761 Mauricii.

429 5777 542 5850 (42)
600 5777 962 5832 Γυναικείαν
1012 5775 1259 5847 ἐσθῆτα.
1329 5775 1644 5848 Simocatta,
1709 5777 1802 5834 lib.
1853 5791 1933 5844 Ill,

2039 5580 2158 5634 cap.
2215 5567 2285 5630 8;
2323 5561 2642 5648 Theoplian.
2678 5575 2732 5628 p.
2761 5561 2890 5615 2'22.
2933 5560 3069 5616 Vide
3106 5562 3274 5621 Notas
3305 5567 3371 5620 ad
3415 5569 3619 5625 Cinna.

2043 5651 2212 5700 mum,
2247 5654 2300 5704 p.
2334 5635 2456 5685 ἄδι.

2042 5779 2075 5833 4
2115 5704 2701 5831 (ἓ5)ϋἙ.-τελθόιι·τες.
2756 5700 3078 5768 Simocatta,
3129 5703 3228 5761 lib.
3277 5724 3354 5773 ιν,
3411 5722 3529 5780 cap.
3561 5713 3616 5770 5.

2081 5818 2096 5844 ,
2132 5814 2184 5845 υ,
2233 5814 2284 5830 νο
