3994 6246
1435 278 1464 291 κ
1482 290 1484 293 .

308 323 445 385 1209

1598 329 2000 390 ANNALIUM
2047 331 2194 390 LIB.
2239 332 2395 392 XIV.

3418 328 3561 390 -970

292 441 360 505 τῇ
415 438 665 508 nam-5m
725 437 839 508 ζωῇ
897 437 997 506 τὴν
1042 436 1181 508 ὑπὲρ
1213 438 1404 494 τούτου
1443 438 1601 510 δίκην
1641 442 1875 507 ἐκτῖσαι,

2001 443 2207 498 ‘utura?
2246 443 2386 497 Eum
2431 440 2636 498 dixisse
2668 457 2684 494 :
2715 441 2780 496 Tn
2809 444 2926 504 hac,
2959 442 3190 498 humane
3217 441 3556 510 Domine;et

296 531 392 585 καὶ
446 531 722 603 πανταχοῦ
779 533 1154 604 διεπέμψατο,
1218 534 1390 599 ἀξιῶν
1443 535 1660 596 πάντας
1717 535 1881 589 τοῦτο

297 624 469 675 αἰτεῖν
524 621 616 675 τὸν
675 623 832 678 Θεόν.
891 625 1088 696 Φήμης
1142 624 1201 678 δέ
1259 624 1373 694 (64)
1430 625 1741 696 κρατούσης
1797 625 1880 677 ὅτι

297 713 392 767 τοῦ
478 715 764 782 μέλλοντος
843 717 1010 770 αὑτὸν
1102 716 1455 783 διαδέξασθαι
1529 716 1594 770 ὲκ
1673 716 1766 769 τοῦ
1837 717 1882 768 Φ

301 807 575 876 στοιχείου
631 808 690 860 τὸ
742 807 918 880 ὄνομα
969 809 1220 880 ἄρχεται,
1276 810 1368 864 τὸν
1417 810 1671 881 γαμϐρὸν
1713 809 1880 862 αὐτοῦ

298 899 626 953 Φιλιππικὸν
688 900 826 971 ᾤετο
885 898 1024 957 εἶναι
1074 906 1286 960 τοῦτον.
1349 903 1463 956 Καὶ
1515 896 1586 974 ἦν
1626 900 1774 972 αὐτῷ
1812 900 1882 954 δι’

304 991 546 1060 ὑποψίας
599 993 626 1045 6
687 993 994 1062 ἄνθρωπος,
1027 981 1152 1048 ’καὶ
1199 995 1561 1066 διομνύμενος
1616 996 1690 1066 μή
1751 991 1886 1047 ποτέ

305 1097 360 1135 τι
423 1083 563 1139 κατὰ
624 1083 750 1138 νοῦν
817 1087 1064 1140 τοιοῦτον
1125 1081 1424 1157 βαλέσθαι,
1488 1088 1589 1142 οὐκ
1643 1085 1882 1142 ἔπειθεν.

313 1174 486 1245 Ὄνιρ
529 1174 643 1244 (65)
704 1175 762 1230 δέ
817 1194 948 1230 ποτε
988 1178 1068 1248 τῷ
1098 1179 1313 1249 βασιλεί
1344 1179 1537 1234 θεαθέν
1585 1177 1684 1251 τὴν
1741 1178 1885 1232 κατὰ

307 1264 401 1316 τοῦ
431 1266 762 1320 Φιλιππικοῦ
795 1266 985 1324 ἔλυσεν
1011 1270 1271 1340 ὑποψίαν.
1301 1271 1374 1324 Τὸ
1407 1270 1464 1324 δὲ
1504 1270 1638 1342 ὄναρ
1662 1285 1678 1300 ’
1709 1269 1887 1322 ἐδόκει

307 1356 515 1426 πλῆθος
547 1361 888 1429 παρεστᾶναι
937 1362 1074 1415 πολῦ
1129 1360 1208 1433 τῷ
1249 1362 1463 1418 ἀνωθεν
1514 1362 1616 1432 τῆς
1662 1361 1888 1431 Χαλκῆς

311 1449 488 1516 πύλης
551 1449 646 1502 τοῦ
709 1452 962 1523 Σωτῆρος
1030 1453 1270 1524 Χριστοῦ
1335 1453 1736 1524 ἐκτυπώματι,
1791 1453 1888 1506 καὶ

307 1540 406 1593 τοῦ
447 1540 715 1610 βασιλέως
747 1543 1045 1616 καταϐοᾷν,
1103 1545 1289 1617 φωνὴν
1343 1543 1390 1599 δ’
1435 1547 1501 1598 ἐκ
1552 1543 1652 1614 τῆς
1681 1544 1888 1604 εἰκόνος

307 1635 589 1702 γενέσθαι,
661 1639 1007 1706 παηρεστᾶναι
1065 1639 1160 1694 καὶ
1217 1639 1313 1693 τὸν
1375 1638 1720 1709 Μαυρίκιον,
1792 1637 1888 1690 καὶ

307 1725 403 1780 τὸν
435 1726 630 1780 αὐτίκα
679 1729 934 1798 ἀχθῆναι,
985 1732 1082 1784 καὶ
1137 1731 1451 1802 ἐρωτᾶσθαι
1491 1732 1598 1802 ὅπη
1635 1729 1886 1801 βούλεται

312 1819 415 1888 τὴν
473 1819 680 1874 ἔκτισιν
741 1821 1037 1878 ἀποδοῦναι
1088 1824 1183 1877 τοῦ
1244 1825 1636 1894 ἁνομήματος,
1687 1817 1749 1877 οὗ
1807 1824 1888 1886 εἰς
1919 1797 1961 1854 Β

310 1909 439 1973 τοὺς
473 1909 856 1980 αἰχμαλώτους
910 1915 1229 1984 εἰργάσατο,
1260 1917 1316 1970 ἐν
1339 1915 1418 1987 τῷ
1439 1914 1534 1970 νῦν
1560 1915 1738 1982 αἰῶνι,
1769 1914 1802 1985 ἢ
1831 1917 1889 1969 ἐν

311 2003 389 2072 τῷ
421 2002 702 2072 μέλλοντι;
727 2007 834 2060 Τὸν
858 2007 914 2062 δὲ
946 2007 1262 2073 Ἐνταῦθα,
1288 2008 1476 2079 φάναι,
1507 2007 1894 2078 φιλάνθρωπα

311 2092 581 2147 Δεόποτα
606 2112 620 2126 ο
659 2097 755 2149 καὶ
786 2095 1018 2150 ἀκοῦσαι
1049 2099 1236 2167 φωνῆς
1285 2097 1551 2168 λεγούσης
1589 2097 1896 2166 Παράδοτε

309 2185 465 2252 γοῦν
493 2187 681 2240 αὑτὸν
721 2188 993 2259 narrem}
1047 2187 1218 2258 Φωκᾷ
1258 2189 1336 2256 τῷ
1374 2189 1724 2258 στρατιώτῃ.
1767 2191 1896 2242 Διυο

315 2276 562 2341 πνισθεὶς
613 2279 796 2334 τοίνυν
843 2284 908 2336 ἐκ
955 2282 1058 2353 τῆς
1101 2282 1346 2352 ἀγωνίας
1382 2285 1410 2337 6
1468 2283 1747 2354 βασιλεὺς,
1797 2283 1894 2337 καὶ

313 2369 409 2419 τὸν
472 2370 804 2426 Φιλιππικὸν
871 2375 1438 2445 μετακαλεσάμενος,
1499 2374 1719 2446 πρῶτον
1793 2377 1898 2446 μὲν

318 2458 654 2532 συγγνώμην
698 2462 839 2534 ᾔτει,
871 2464 947 2527 ὡς
996 2467 1177 2536 μάτην
1229 2469 1476 2522 ὑπονοῶν
1528 2468 1648 2522 κατ’
1701 2467 1895 2524 αὐτοῦ.

317 2544 455 2602 Εἶτα
495 2551 658 2622 ἤρετο
706 2555 756 2606 εί
802 2559 861 2609 ὲν
905 2559 1020 2620 τοῖς
1072 2558 1363 2625 Ῥωμαίων
1403 2561 1683 2629 τάγμασιν
1752 2555 1896 2614 οἶδεν

315 2641 512 2695 Φωκᾶν
543 2646 924 2716 argum-311p);
986 2649 1046 2702 '0
1087 2651 1144 2703 δὲ
1193 2651 1395 2706 εἰδέναι
1437 2653 1902 2722 άνταπεκρίνατο,

319 2731 416 2780 καὶ
470 2730 659 2785 τοῦτον
713 2730 853 2789 εἶναι
899 2737 991 2791 τὸν
1046 2740 1152 2812 πρὸ
1210 2741 1411 2813 μικροῦ
1449 2742 1716 2796 σταλέντα
1749 2744 1902 2815 παρά

319 2820 422 2888 τῆς
477 2827 761 2892 στρατιᾶς,
819 2829 878 2892 ὃς
933 2847 1015 2884 σοι
1072 2833 1166 2885 καὶ
1218 2832 1559 2904 ἰταμώτερον
1604 2835 1901 2904 διελέγετο.

321 2913 434 2967 Καὶ
480 2915 508 2966 ὀ
557 2916 832 2987 βασιλεὺς,
887 2917 1000 2985 οἷός
1042 2923 1192 2978 ἐστιν
1243 2927 1272 2979 6
1317 2926 1457 2998 ἀνὴρ
1512 2927 1613 2999 τὴν
1660 2927 1900 2997 ἡλικίαν,

321 3007 420 3060 καὶ
470 3009 531 3062 τὸ
575 3006 710 3082 ἦθος
757 3017 1069 3086 προσήρετο
1098 3033 1114 3048 ο
1169 3018 1266 3070 καὶ
1318 3019 1346 3071 6
1393 3017 1725 3084 Φιλιππικὸς
1781 3021 1901 3074 νέον

1984 533 2206 588 audisse
2238 549 2428 588 vocem
2457 549 2579 604 qua:
2607 532 2855 589 diceret:
2885 533 3110 588 Tradite
3141 551 3263 588 eum
3290 551 3413 606 ergo
3437 552 3556 590 cum

1983 628 2127 682 omni
2163 626 2373 696 familia
2407 627 2594 681 I’Iwcw
2621 626 2797 681 militi.
2838 626 3204 696 Experrectus
3243 628 3311 682 ab
3352 643 3420 684 eo
3453 644 3558 682 an-

1983 731 2116 788 gore
2171 716 2504 786 imperator,
2565 719 2836 772 accersito
2908 715 3256 787 Pbilippico,
3317 718 3557 787 primum

1983 807 2200 863 veniam
2227 809 2367 877 petit
2387 807 2568 863 inanis
2591 809 2658 864 de
2684 824 2750 864 eo
2771 808 3136 879 suspicionis;
3159 807 3360 862 deinde.
3381 820 3558 878 rogat,

1984 915 2053 954 an
2088 900 2232 956 inter
2273 901 2548 956 Romanas
2580 901 2825 970 legiones
2875 901 3106 955 militem
3150 899 3369 954 noverit
3421 899 3566 952 Pho-

1985 1008 2104 1049 cam
2164 994 2405 1049 nomine.
2461 993 2562 1048 Ille
2614 993 2949 1064 respondet,
3000 1008 3061 1049 se
3104 1007 3267 1046 nosse
3312 1006 3328 1056 ;
3397 999 3565 1060 atque

1986 1101 2112 1141 eum
2135 1101 2280 1152 esse,
2304 1089 2400 1158 qui
2447 1086 2654 1142 dudum
2705 1086 3037 1141 insolentius
3066 1101 3193 1140 cum
3241 1085 3362 1156 ipso
3394 1084 3568 1139 collo-

1987 1187 2150 1233 cutus
2184 1187 2349 1234 esset.
2401 1179 2532 1233 Post
2583 1179 2689 1234 hoc
2755 1189 2910 1249 rogat
2970 1177 3289 1245 imperator,
3334 1191 3440 1246 qua
3497 1176 3570 1230 sit

1987 1279 2188 1336 aetate,
2231 1287 2449 1340 Quoque
2499 1270 2741 1342 ingenio.
2785 1269 3178 1342 Respondente
3234 1267 3568 1338 Philippiro,

1989 1364 2419 1433 essejuvenem,
2479 1371 2534 1417 ct
2586 1363 2808 1434 ingenio
2859 1363 3060 1433 partim
3113 1360 3332 1426 audaci,
3366 1360 3569 1429 partim

1991 1455 2184 1510 timido
2210 1472 2224 1511 :
2259 1453 2336 1520 Si,
2359 1455 2557 1524 inquit,
2587 1455 2803 1508 timidus
2832 1465 2931 1520 est,
2962 1454 3226 1508 homicida
3257 1462 3355 1518 est,
3399 1454 3565 1522 eique

1991 1548 2264 1603 somnium
2294 1557 2506 1604 narrat.
2546 1547 2626 1602 Eo
2672 1563 2892 1617 quoque
2934 1556 3180 1618 tempore
3217 1555 3431 1601 cometa
3468 1560 3572 1614 ap-

1991 1641 2193 1709 paruit,
2225 1641 2319 1709 qui
2351 1639 2420 1696 ab
2459 1641 2609 1696 ensis
2637 1641 2820 1712 specie
2850 1639 3080 1710 Xipbias
3107 1639 3332 1694 dicitur.
3361 1637 3572 1693 Dehinc

1991 1735 2146 1790 fratri
2173 1731 2335 1790 Petro
2360 1735 2662 1807 exercitum
2684 1733 2908 1790 ducenti
2942 1732 3154 1799 scribit,
3183 1742 3264 1796 ut,
3288 1733 3426 1786 lstro
3449 1745 3577 1785 cum

1991 1830 2166 1898 copiis
2192 1829 2440 1900 trajecto.
2472 1828 2598 1884 inde
2628 1835 2998 1884 commeatum
3047 1833 3261 1898 peteret
3299 1841 3314 1878 :
3345 1822 3398 1878 id
3439 1838 3576 1878 con-

1990 1921 2173 1976 silium
2202 1921 2270 1975 ab
2292 1920 2524 1975 avaritia
2551 1929 2637 1975 est
2673 1918 3006 1990 profectum,
3043 1927 3105 1972 ut
3139 1916 3456 1986 legionibus
3490 1914 3573 1968 la-

1993 2013 2228 2068 trocinio
2266 2028 2324 2069 se
2376 2012 2836 2076 sustentantibus,
2869 2009 3126 2065 militaria
3169 2007 3441 2078 stipendia
3484 2005 3577 2058 lu-

1992 2111 2263 2160 oraretur.
2293 2103 2372 2158 Ea
2398 2120 2484 2159 res
2505 2103 2834 2159 seditionem
2857 2103 3003 2157 inter
3025 2101 3231 2155 milites
3252 2096 3576 2158 concitavit,

1993 2197 2086 2265 qui
2109 2195 2292 2250 statim
2322 2197 2558 2252 Phocam
2592 2194 2974 2250 centurionem
3007 2194 3390 2264 imperatorem
3421 2205 3579 2244 crea-

1991 2291 2208 2340 verunt.
2265 2287 2385 2351 Quo
2434 2283 2655 2354 cognito
2687 2283 2797 2338 dux
2832 2283 2956 2354 fuga
2994 2292 3234 2352 arrepta,
3283 2281 3398 2350 ipse
3442 2277 3576 2348 quid

1992 2377 2286 2432 accidisset
2339 2378 2659 2449 imperatori
2709 2377 2948 2431 nuntiat.
2994 2374 3096 2441 Qui
3148 2383 3270 2428 orto
3302 2373 3468 2428 etiam
3516 2372 3575 2424 in

1995 2467 2130 2524 urbe
2165 2469 2429 2535 tumultu,
2460 2485 2528 2524 ex
2579 2469 2726 2540 regia
2772 2483 2831 2524 se
2873 2467 3160 2527 subducit,
3211 2472 3269 2520 e‘t
3307 2465 3596 2519 dromone-

1994 2577 2119 2614 cum
2145 2575 2318 2615 uxore
2341 2569 2393 2615 et
2413 2559 2606 2614 liberis
2629 2572 2958 2622 conscenso,
2985 2555 3219 2627 aufugit,
3249 2554 3419 2609 lilium
3448 2568 3596 2616 vero

2000 2652 2375 2708 Theodosium
2423 2651 2490 2706 ad
2537 2652 2840 2707 Cbosroem
2874 2634 3111 2720 ablegat,
3143 2659 3201 2702 ut
3231 2659 3579 2701 commemo-

1999 2754 2119 2800 rato
2177 2760 2279 2800 suo
2329 2744 2382 2799 in
2417 2744 2571 2798 illum
2625 2743 2918 2808 beneﬁcio,
2963 2758 3062 2813 par
3085 2741 3190 2796 sibi
3225 2740 3402 2812 gratia
3454 2738 3588 2794 reic-

2001 2847 2172 2893 ratur.
2225 2837 2335 2907 79
2381 2837 2526 2908 Fuga
2579 2835 2926 2908 imperatoris
2989 2834 3193 2904 populo
3254 2833 3494 2904 cognita,
3527 2839 3596 2886 et

2000 2929 2203 2984 seditio
2239 2939 2398 2984 aucta
2430 2939 2531 3006 est,
2575 2941 2631 2986 et
2657 2927 2955 2982 Mauricius
2987 2941 3084 2996 per
3114 2923 3291 2981 forum
3324 2922 3604 2978 conviciis

2001 3021 2311 3091 proscissus
2345 3031 2448 3077 est.

322 3095 467 3154 εἶναι
506 3104 597 3157 τὸν
641 3108 838 3164 Φωκᾶν
885 3105 1027 3177 εἷπε,
1061 3111 1156 3167 τὸν
1202 3113 1261 3166 δὲ
1302 3115 1505 3185 τρόπον
1578 3115 1786 3185 θρασὺν
1837 3115 1932 3168 καὶ
1969 3114 2164 3172 δειλόν.
2224 3118 2368 3187 Πρὸς
2423 3115 2481 3168 δέ
2539 3115 2701 3169 τοῦτο
2743 3117 2772 3168 6
2849 3111 3104 3184 βασιλεὺς
3156 3107 3592 3178 ἀντεφθέγξατο-

322 3200 394 3251 El
445 3198 669 3268 δειλὸς,
715 3204 816 3257 καὶ
895 3208 1160 3274 φονεύς·
1236 3211 1324 3264 καὶ
1382 3211 1680 3283 διηγήσατο
1737 3212 1798 3264 τὸ
1845 3209 1979 3280 δναρ
2017 3209 2192 3279 αὐτῷ.
2271 3208 2476 3281 Ἐφάνη
2543 3208 2600 3262 δὲ
2655 3208 2777 3261 τότε
2842 3207 2936 3262 καὶ
2998 3206 3247 3277 κομήτης
3307 3205 3504 3275 ἀστὴρ,
3565 3204 3606 3256 ὁ·

322 3289 620 3361 λεγόμενος
649 3294 869 3366 Elatia:-
916 3299 1010 3368 Τῷ
1058 3301 1194 3368 γοῦν
1250 3303 1468 3374 ἀδελφῷ
1507 3302 1675 3358 αὑτοῦ
1743 3304 1940 3375 Πέτρῳ
1980 3301 2384 3374 στρατηγοῦντι
2449 3300 2571 3355 τότε
2608 3302 2920 3356 ἐπιστέλλει
2969 3303 2996 3354 6
3039 3301 3314 3371 βασιλεὺς,
3346 3296 3600 3352 διαϐάντι

321 3378 418 3432 τὸν
477 3381 690 3452 Ἴστρον
741 3389 880 3457 μετὰ
949 3391 1047 3461 τῆς
1099 3395 1386 3462 στρατιᾶς,
1460 3395 1670 3448 ἐκεῖθεν
1713 3395 1851 3465 αὐτῇ
1906 3394 1976 3448 τὰ
2015 3394 2152 3465 πρὸς
2198 3393 2299 3466 τὴν
2354 3392 2544 3462 χρείαν
2591 3393 2938 3465 πορίζεσθαι.
2999 3390 3111 3448 Ἦν
3169 3395 3227 3449 δὲ
3287 3393 3450 3447 τοῦτο
3506 3393 3595 3446 διὰ

325 3473 698 3546 φιλαργυρίαν
787 3481 1284 3555 οἰκονομούμενον,
1349 3487 1434 3539 ἵνα
1499 3485 1822 3556 ληϊζόμενον
1889 3488 1950 3538 τὸ
2020 3485 2298 3539 ὁπλιτικὸν
2363 3485 2764 3554 ἀποτρέφοιτο,
2832 3488 2925 3539 καὶ
2999 3485 3160 3548 αὐτὸς
3236 3485 3476 3554 κερδήση
3536 3484 3596 3536 τὸ

329 3575 726 3638 στρατιωτικὸν
781 3577 1113 3646 σιτηρέσιον.
1211 3577 1384 3631 Τοῦτο
1447 3577 1638 3631 στάσιν
1701 3577 1812 3648 (66)
1872 3579 1939 3647 τῇ
2019 3577 2253 3646 στρατιᾷ
2309 3575 2637 3646 ἐνεποίησε,
2714 3577 2810 3628 καλ⁹
2877 3575 3078 3629 αὐτίκα
3154 3573 3408 3644 βασιλεὺς
3465 3567 3598 3639 παρ’

331 3661 510 3717 αὐτῶν
542 3666 569 3718 6
611 3668 806 3728 Φωκᾶς
854 3669 1227 3739 ἀνηγόρευτο’
1279 3669 1545 3740 ἐτύγχανε
1592 3670 1636 3724 δ’
1706 3669 1782 3724 ὣν
1859 3668 2276 3738 ἑκατόνταρχος.
2344 3667 2402 3721 Ὀ
2454 3668 2510 3720 δὲ
2559 3667 2865 3738 στρατηγὸς
2916 3667 3122 3736 Πέτρος
3175 3663 3338 3718 τοῦτο
3405 3660 3602 3732 μαθὼν

331 3752 523 3824 ἔφυγε,
583 3759 677 3812 καὶ
711 3760 788 3832 τῷ
831 3760 1044 3832 βασιλεί
1090 3763 1431 3832 αὐτάγγελος
1475 3762 1571 3817 τοῦ
1619 3764 1908 3832 γεγονότος
1947 3763 2187 3831 ἐγένετο.
2253 3761 2312 3815 Ὀ
2372 3760 2450 3824 δὲ,
2490 3760 2586 3814 καὶ
2616 3759 2728 3816 τῶν
2757 3760 2814 3812 ἐν
2852 3760 2916 3828 τῇ
2960 3757 3116 3810 πόλει
3167 3755 3593 3816 στασιαζόντων·

333 3851 605 3923 ὑπεξῆλθε
637 3855 745 3912 τῶν
793 3859 1135 3930 ἀνακτόρων,
1180 3860 1275 3915 καὶ
1346 3861 1585 3931 δρόμωνι
1625 3860 1949 3932 ἐμϐεϐηκὼς
1992 3859 2132 3930 μετά
2172 3859 2274 3928 τῆς
2328 3857 2587 3926 γυναικὸς
2629 3857 2754 3912 ’καὶ
2799 3856 2909 3911 τῶν
2947 3855 3156 3909 τέκνων
3204 3853 3416 3922 ἀπέδρα
3443 3867 3458 3882 ο
3503 3849 3598 3903 τὸν

331 3945 392 3999 δὲ
445 3947 559 4001 υἱὸν
588 3949 752 4003 αὐτοῦ
783 3951 1064 4008 Θεοδόσιον
1134 3953 1271 4026 πρὸς
1309 3953 1562 4024 Χοσρόην
1591 3953 1953 4016 ἀπέστειλεν,
1999 3952 2084 4005 ἵνα
2143 3949 2645 4021 ἀπομνημονεύσας
2716 3951 2926 4013 ἐκεῖνος
2973 3947 3082 4003 τῶν
3132 3947 3236 4001 ὑπὸ
3289 3945 3604 4016 Μαυρικίου

334 4038 647 4108 γενομένων
699 4043 869 4112 αὐτῷ,
925 4045 1178 4110 κάκεῖνος
1207 4047 1290 4110 είς
1349 4045 1515 4099 αὑτὸν
1568 4045 1639 4099 τὰ
1720 4045 1808 4098 ῐσα
1861 4043 2189 4113 ἐνδείξηται.
2234 4043 2320 4105 Ὠς
2383 4043 2428 4096 δ’
2497 4041 2746 4111 ἐγνώσθη
2792 4041 2872 4111 τῷ
2923 4040 3142 4111 πλήθει,
3190 4041 3223 4109 ἡ
3278 4037 3373 4091 τοῦ
3445 4038 3604 4108 βασι-

334 4130 588 4195 λεύοντος
645 4133 994 4207 ὑποχώρησις
1051 4136 1199 4208 (67),
1268 4139 1364 4191 καὶ
1413 4139 1514 4212 τὴν
1575 4139 1766 4193 στάσιν
1819 4138 1915 4192 ἐπὶ
1955 4134 2143 4206 μεῖζον
2183 4133 2308 4211 ᾗρε,
2365 4145 2462 4189 και
2507 4135 2600 4189 τὸν
2642 4134 2952 4205 Μαυρίκιον
3025 4131 3431 4203 δυσφημείσθαι
3509 4130 3600 4184 διὰ

333 4230 436 4298 τῆς
457 4229 664 4299 ἀγορᾶς
691 4233 1130 4302 παρεσκεύασεν.
1981 4255 1984 4257 ‘

409 4324 509 4377 lA'.
543 4323 683 4392 Ἤδη
713 4324 770 4377 δέ
801 4325 896 4379 τοῦ
921 4328 1088 4381 Φωκᾶ
1116 4327 1189 4399 μὴ
1224 4328 1414 4400 πόρρω
1453 4328 1553 4399 τῆς
1588 4327 1904 4405 ⁸Βυξαντίδος

2101 4323 2239 4380 XIV.
2273 4321 2410 4378 Cum
2448 4320 2662 4377 Phocas
2685 4320 2796 4390 iam
2826 4333 2998 4390 prope
3051 4317 3120 4373 ab
3172 4317 3308 4372 urbe
3339 4313 3600 4386 Byzantio

337 4411 719 4482 τυγχάνοντος,
761 4413 812 4465 οἱ
857 4412 951 4467 τοῦ
983 4415 1158 4486 δήμου
1203 4417 1313 4470 τῶν
1365 4419 1651 4488 Πρασίνων
1694 4416 1925 4488 ἐξῄεσαν

342 4503 718 4575 εὖφημοῦντες
769 4505 950 4573 αὐτὸν,
981 4507 1042 4572 ὃς
1075 4509 1178 4562 σὺν
1228 4511 1412 4573 αὐτοῖς
1460 4512 1519 4564 ἐν
1561 4509 1638 4581 τῷ
1679 4509 1924 4580 Ἑϐδόμῳ

345 4597 810 4666 παραγενόμενος,
844 4600 962 4653 ἐκεῖ
990 4602 1138 4672 παρά
1171 4602 1264 4656 τοῦ
1317 4603 1658 4676 πατριάρχου
1689 4603 1927 4658 ταινιοῦ-

343 4701 436 4739 ται
480 4687 580 4758 τὴν
623 4691 897 4762 κεφαλήνο
927 4692 1021 4746 καὶ
1073 4693 1330 4748 εἰσελθὼν
1383 4693 1464 4759 είς
1511 4696 1580 4749 τά
1654 4695 1923 4766 βασίλεια,

346 4781 442 4832 καὶ
465 4783 564 4852 την
594 4786 826 4850 γυναῖκα
871 4785 1129 4840 Λεοντίαν
1177 4785 1492 4854 Δύγούσταν
1520 4787 1684 4852 εὐθὺς
1725 4787 1928 4859 ἀνηγό-

300 4896 302 4898 τ
352 4889 532 4940 ρευσε,
568 4874 678 4927 τῶν
705 4875 896 4945 δήμων
935 4877 1241 4947 παρόντων.
1273 4878 1408 4931 Τότε
1437 4879 1522 4932 διὰ
1565 4879 1766 4942 τόπους
1812 4877 1926 4950 (68)

347 4970 407 5021 ἐν
442 4963 521 5033 οἷς
559 4969 772 5024 ἵσταντο
801 4969 1133 5042 ἀμφιϐολίας
1163 4973 1461 5042 γενομένης
1492 4975 1604 5034 τοῖς
1631 4971 1929 5042 Πρασίνοις

349 5059 446 5115 καὶ
473 5063 580 5124 τοῖς
614 5062 880 5130 Βενέτοις,
909 5063 1220 5128 στασιάζειν
1241 5065 1474 5136 ἤρξαντο
1507 5064 1628 5118 κατ’
1657 5064 1924 5135 ἀλλήλοιν.

351 5152 586 5224 Πέμψας
613 5155 671 5209 δέ
696 5174 846 5220 τινας
874 5158 903 5210 6
935 5158 1150 5222 Φωκᾶς,
1195 5155 1553 5220 κατευνάζειν
1601 5156 1786 5218 αὐτοῖς
1829 5155 1929 5223 τὴν

353 5246 543 5300 στάσιν
577 5247 869 5319 ἐπεχείρει.
910 5247 1058 5312 Ἐνὸς
1086 5244 1182 5302 οὖν
1211 5248 1318 5301 τῶν
1347 5245 1649 5300 σταλέντων
1681 5244 1772 5299 τὸν
1821 5243 1930 5297 τῶν

2020 4415 2265 4477 abesset,
2329 4412 2426 4483 qui
2459 4428 2524 4468 ex
2559 4411 2799 4466 factione
2845 4409 3076 4465 Prasina
3125 4417 3305 4469 erant,
3351 4407 3420 4461 ad
3467 4419 3597 4461 eum

2020 4504 2378 4563 salutandum
2412 4503 2777 4575 egrediuntur
2809 4520 2822 4555 :
2854 4504 2948 4571 qui
2980 4517 3106 4558 cum
3135 4500 3218 4557 eis
3250 4499 3596 4556 Ilebdomum

2021 4598 2329 4669 ingressus,
2383 4595 2457 4651 ibi
2521 4610 2551 4650 ε
2609 4595 2921 4666 patriarcha
2984 4593 3290 4649 diademate
3348 4601 3597 4650 ornatur.

2023 4687 2157 4746 Inde
2199 4690 2253 4745 in
2290 4689 2496 4760 regiam
2542 4703 2600 4743 se
2635 4687 2897 4753 contulit,
2954 4697 3009 4742 et
3069 4687 3253 4743 statim
3313 4685 3598 4740 Leontiam

2024 4796 2255 4838 uxorem
2298 4780 2598 4851 Augustam
2649 4778 2874 4841 salutat,
2933 4777 3298 4849 praesentibus
3344 4771 3601 4828 factioni-

2024 4874 2132 4929 bus
2165 4892 2178 4929 :
2211 4872 2305 4928 ubi
2343 4872 2488 4927 inter
2511 4870 2771 4927 Prasinos
2801 4880 2858 4925 et
2884 4869 3128 4925 Venetos
3157 4867 3224 4920 de
3263 4862 3597 4919 stationibus

2025 4976 2204 5024 ortam
2241 4966 2679 5022 controversiam
2730 4964 2948 5019 Phocas
2997 4972 3328 5030 componere
3385 4956 3598 5021 volens,

2021 5060 2286 5115 satellites
2303 5061 2568 5130 quosdam
2593 5059 2744 5114 misit
2781 5076 2794 5112 :
2826 5068 3057 5126 quorum
3089 5066 3231 5106 unus
3258 5065 3383 5104 cum
3415 5049 3599 5103 tribu-

2026 5166 2161 5206 num
2217 5151 2554 5206 Venetorum
2588 5165 2689 5221 per
2720 5144 3112 5203 contumeliam
3142 5141 3464 5212 pepulisset.
3503 5154 3606 5209 po.

2028 5244 2193 5315 pulus
2235 5243 2288 5298 id
2323 5259 2431 5298 non
2460 5243 2645 5297 ferens
2697 5237 2967 5294 exclamat
2995 5253 3009 5289 :
3041 5235 3163 5300 Abi,
3209 5234 3348 5288 disce
3378 5232 3604 5287 modeste

1586 5371 1782 5434 Varia:
1811 5370 2119 5434 lectiones
2162 5376 2225 5432 et
2269 5377 2458 5433 nota).

429 5468 541 5544 (δέ)
575 5471 779 5540 Φήμης
804 5473 890 5528 δέ.
923 5471 1247 5544 Theophan.
1283 5490 1373 5528 an.
1411 5473 1502 5528 ao.

427 5541 540 5607 (65)
576 5544 782 5612 Ὀναρ.
814 5544 954 5599 Ibid.
1080 5541 1094 5544 7
1727 5581 1740 5586 -

427 5612 542 5679 (66)
571 5612 747 5667 Τοῦτο
785 5615 1027 5672 στάσιν.
1069 5616 1385 5674 Simocatla:
1431 5616 1470 5674 l.
1498 5632 1614 5681 vm,
1641 5631 1688 5682 ς.
1721 5613 1774 5680 6,
1801 5612 1854 5665 7.

430 5683 542 5751 (67)
585 5683 1005 5751 ’Υποχώρησιφ
1039 5687 1175 5740 Ibid.
1212 5703 1259 5740 c.
1299 5689 1350 5748 8,
1375 5689 1430 5742 9.

429 5753 544 5825 (68)
578 5753 682 5810 Διὰ
710 5755 952 5822 τόπους.
994 5757 1048 5813 ld
1093 5767 1174 5812 est
1207 5758 1396 5824 βάθρα.
1441 5757 1799 5824 Theophanis
1833 5755 1928 5808 ba-

2027 5474 2122 5528 bct
2151 5473 2238 5526 διὰ
2269 5472 2486 5532 στάσεις
2517 5468 2719 5532 τόπων,
2765 5465 2819 5519 in
2853 5463 3054 5539 quibus
3081 5459 3272 5539 sedere
3299 5469 3606 5539 consueve:

2031 5553 2174 5603 runt,
2208 5543 2351 5596 unde
2377 5528 2639 5594 docemur
2679 5528 2778 5608 cur
2807 5528 2986 5608 τόπων
3020 5531 3310 5608 appellatio
3341 5528 3509 5608 indita
3538 5528 3609 5580 sit

2033 5600 2186 5666 urbis
2218 5610 2432 5669 tractui.
2460 5610 2665 5678 dequo
2696 5607 2904 5678 egimus
2929 5605 2984 5660 in
3019 5600 3201 5658 nostra
3234 5600 3610 5658 Constantino-

2031 5684 2160 5752 poli,
2200 5682 2294 5737 ιιι).
2329 5697 2389 5746 ιι,
2427 5696 2475 5750 p.
2511 5677 2627 5734 180.
