3994 6246
392 332 534 397 12ῗ5

1661 322 1983 386 JOANNIS
2020 318 2343 382 ZONAR/E

3514 323 3658 391 1276

387 440 600 514 stupris
629 437 996 506 volutaretur,
1029 447 1084 493 et
1112 436 1390 502 ebriosus,
1437 442 1496 491 et
1548 450 1750 501 saevus,
1806 443 1969 503 atque

2070 428 2411 502 ἁντεισήχθη
2461 430 2685 499 Σέργιος
2742 429 2855 501 (84)
2887 469 2902 495 ,
2951 429 3049 502 τῆς
3128 432 3389 504 Μεγάλης
3454 436 3656 508 ἐκκληο

387 532 778 605 sanguinarius
818 539 983 595 esset,
1017 529 1073 584 in
1103 528 1325 600 publico
1360 535 1480 584 erat
1519 527 1767 581 omnium
1815 523 1969 580 ordi-

390 642 526 684 num
556 624 707 682 odio.
742 623 932 691 Itaque
968 631 1194 678 senatus
1232 630 1289 676 et
1323 620 1440 691 ipse
1489 619 1599 675 dux
1635 619 1862 675 Priscus
1889 618 1972 672 le-

393 725 550 791 gatos
576 715 646 771 ad
672 712 985 769 Heraclium
1019 713 1270 777 mittunt,
1299 711 1422 783 ejus
1453 709 1690 763 Ueraclii
1732 716 1969 778 patrem,

392 812 488 882 qui
520 818 643 879 post
675 807 909 878 imperio
939 806 1149 878 potitus
1172 814 1278 871 est,
1315 805 1514 861 Africae
1539 803 1801 875 etLibyae
1832 819 1972 873 pra:-

388 904 618 965 fectum,
650 908 894 957 orantes.
929 909 991 955 ut
1017 916 1076 956 se
1109 915 1138 954 a
1168 898 1457 971 tyrannide
1486 897 1683 954 Phocae
1706 896 1968 951 vindicet.

389 995 521 1049 Erat
570 992 827 1049 Heraclio
863 993 1077 1065 legatus
1131 992 1400 1064 Gregoras
1447 991 1531 1045 vir
1573 989 1969 1060 illustris;qui

386 1085 498 1141 duo
526 1086 662 1141 inita
687 1085 1102 1156 conspiratione
1132 1099 1264 1140 suos
1293 1083 1434 1139 ﬁlios
1459 1092 1652 1139 contra
1676 1092 1970 1154 tyrannum

385 1178 638 1243 mittunt,
666 1177 948 1233 lleraclius
970 1191 1095 1231 cum
1123 1176 1299 1231 classe
1330 1182 1385 1229 et
1423 1174 1634 1246 magnis
1668 1173 1842 1244 copiis
1870 1173 1974 1228 mi-

384 1266 548 1321 litum
582 1267 920 1333 lleraclium,
951 1266 1224 1337 Gregoras
1256 1266 1526 1336 patricius
1575 1265 1826 1320 Nicetam
1870 1280 1970 1333 pe-

387 1356 557 1412 destri
612 1357 835 1421 itinere,
890 1372 1017 1411 cum
1078 1356 1266 1412 multis
1321 1356 1606 1424 equitibus
1661 1364 1715 1410 et
1770 1369 1968 1425 magno

384 1446 680 1502 exercitu:
736 1461 801 1502 ea
869 1445 1207 1512 conditione,
1268 1454 1329 1501 ut
1385 1456 1508 1501 uter
1560 1447 1715 1517 prior
1773 1447 1967 1502 urbem

385 1547 735 1608 occupasset,
802 1546 1211 1610 tyrannumque
1256 1539 1592 1605 sustulisset,
1644 1539 1691 1595 is
1736 1539 1970 1609 imperio

318 1625 326 1628 ⁴
384 1629 680 1696 potiretur.
735 1628 831 1684 His
883 1628 1142 1699 cognitis,
1174 1629 1386 1684 Phocas
1433 1629 1667 1685 lleraclii
1710 1640 1967 1697 matrem,

383 1728 433 1773 ct
490 1735 750 1791 sponsam
803 1720 1131 1785 Eudociam,
1168 1722 1440 1792 principis
1490 1722 1777 1793 cujusdam
1822 1724 1971 1780 Afri-

388 1807 512 1861 caui
562 1807 753 1873 filiam,
816 1810 1249 1879 comprehensas
1319 1812 1657 1868 monasterio
1721 1799 1995 1871 inclusit.~

389 1897 657 1953 Caeterum
713 1897 998 1957 Heraclius
1049 1901 1363 1968 antevertit,
1412 1913 1467 1959 et
1523 1904 1580 1959 in
1635 1903 1968 1977 Sophiarum

386 1999 550 2058 portu
578 1992 811 2061 appulit,
842 1993 1252 2065 commissaque
1286 2010 1466 2066 pugna
1493 1997 1668 2051 evasit
1689 1999 1967 2068 superior,

385 2081 666 2152 ailjutante
695 2084 909 2150 Prisco,
949 2085 1046 2156 qui
1089 2087 1335 2158 praefecti
1368 2088 1578 2144 honore
1606 2088 1965 2162 fungebatur.

384 2172 616 2230 l’hotius
640 2190 865 2246 quoque
901 2192 1047 2233 unus
1085 2195 1149 2234 ex
1176 2178 1506 2246 illustribus,
1540 2185 1699 2253 cujus
1734 2198 1966 2240 uxorem

386 2271 652 2331 tyrannus
702 2266 755 2321 vi
805 2279 1217 2341 constuprarat,
1247 2273 1397 2343 regia
1424 2288 1550 2329 cum
1600 2276 1791 2332 multis
1830 2278 1969 2333 mili-

391 2353 538 2409 tibus
581 2365 873 2427 occupata,
929 2368 1221 2441 tyrannum
1268 2364 1409 2418 solio
1458 2364 1775 2422 deturbavit
1811 2366 1960 2440 (nam

255 2460 266 2469 ·
382 2446 503 2515 ejus
526 2448 793 2505 satellites
818 2449 1113 2521 desperata
1138 2454 1315 2509 salute
1362 2455 1511 2526 regia
1546 2465 1852 2531 cesserant)
1878 2462 1966 2516 di-

384 2545 651 2608 reptaque
703 2557 977 2611 purpura,
1010 2544 1215 2614 pullam
1266 2546 1320 2601 ei
1371 2557 1581 2604 vestem
1637 2550 1880 2618 induxit,
1908 2563 1965 2609 et

387 2632 667 2700 captivum
705 2631 962 2691 Heraclio
986 2636 1259 2694 exhibuit.
1295 2637 1399 2706 Qui
1444 2656 1571 2696 cum
1604 2643 1656 2699 ei
1686 2643 1915 2702 dixisset
1947 2666 1963 2704 :

382 2722 559 2788 Itane,
589 2726 764 2791 miser,
794 2729 1172 2800 rempublicam
1190 2732 1615 2793 administrasti?
1643 2736 1856 2795 Phocas
1897 2754 1967 2796 ex

383 2815 771 2886 desperatione
805 2824 1091 2893 respondit
1117 2842 1131 2879 :
1172 2825 1246 2881 Tu
1272 2843 1394 2883 vero
1423 2829 1611 2884 melius
1644 2847 1762 2886 eam
1786 2833 1967 2888 admi-

385 2909 683 2965 nistrabis?
709 2912 792 2969 0b
833 2917 983 2986 quod
1027 2916 1237 2974 dictum
1274 2923 1450 2977 iratus
1499 2922 1808 2993 Heraclius,
1852 2926 1969 2983 cal-

385 3000 543 3058 cibus
575 3004 627 3058 in
658 3021 786 3062 eum
816 3007 1049 3078 insiluit,
1077 3021 1134 3066 et
1171 3015 1398 3070 castrari
1442 3015 1626 3078 iussit.
1673 3017 1784 3073 Alii
1833 3033 1963 3075 eum

384 3094 569 3148 statim
612 3100 862 3154 occisum
910 3117 1033 3159 esse
1071 3103 1320 3170 tradunt,
1350 3107 1443 3162 alii
1493 3108 1754 3165 manibus
1809 3111 2035 3186 priusc

382 3195 440 3238 et
469 3187 708 3254 pedibus
733 3194 1048 3260 amputatis,
1087 3195 1346 3251 virilibus
1383 3195 1648 3267 denique,
1692 3199 1766 3255 ob
1802 3198 1969 3255 lasci-

382 3278 530 3332 viam
564 3290 621 3335 et
658 3283 958 3340 multorum
992 3287 1258 3358 conjuges
1296 3287 1665 3352 adulteratas,
1705 3289 1966 3357 exsectis,

383 3380 668 3439 postremo
697 3374 1112 3441 obtruncatum,
1140 3388 1200 3433 et
1238 3379 1428 3436 infelix
1464 3381 1702 3437 cadaver
1727 3380 1783 3436 in
1819 3381 1966 3439 Bove

385 3473 690 3520 crematum
748 3482 892 3534 esse,
950 3470 1046 3526 ubi
1100 3471 1359 3528 caminus
1410 3472 1582 3528 fuisse
1632 3474 1964 3544 perhibetur

382 3569 581 3622 aereus,
608 3557 785 3614 forma
838 3561 1014 3626 bovis,
1063 3563 1330 3634 Pergamo
1362 3565 1683 3632 translatus,
1716 3565 1865 3622 unde
1905 3576 1962 3624 et

382 3645 505 3701 loco
531 3663 732 3706 nomen
762 3650 990 3709 factum.
1016 3653 1155 3710 Sunt
1182 3666 1236 3712 et
1258 3656 1455 3712 fratres
1473 3659 1594 3729 ejus
1618 3657 1826 3728 aliique
1860 3674 1964 3714 ne-

382 3742 612 3797 cessarii
651 3746 949 3802 interfecti.
987 3748 1184 3805 Phoca:
1214 3750 1384 3820 igitur
1404 3752 1629 3823 pessimi
1657 3753 1964 3823 tyrannidis

385 3831 477 3887 hic
528 3833 633 3890 fuit
675 3839 881 3907 exitus,
926 3856 1053 3897 cum
1080 3842 1194 3913 83
1223 3842 1458 3913 imperio
1488 3859 1589 3914 per
1621 3858 1799 3904 annos
1838 3855 1966 3902 octo

383 3923 723 3984 insultasset.

2072 521 2191 585 σίας
2212 523 2478 586 διάκονος.
2540 523 2652 592 Τὴν
2707 521 2765 576 δὲ
2814 522 3093 593 θυγατέρα
3123 524 3153 577 6
3180 526 3375 590 Φωκᾶς
3416 528 3660 599 Δομνεν-

2079 614 2199 668 τίαν
2251 613 2477 685 Πρίσκῳ
2522 613 2636 684 (85)
2678 613 2757 683 τῷ
2797 614 3151 690 στρατηλάτῃ
3202 616 3515 685 συνέζευξε,
3564 622 3659 674 καὶ¹

2073 707 2213 776 μετὰ
2258 707 2384 770 τοὺς
2423 706 2636 775 γάμους
2683 705 2906 761 ἱππικὸν
2945 706 3133 775 ἀγῶνα
3176 707 3351 776 ἄγων,
3398 709 3662 766 ἐθεάσατο

2073 800 2173 857 σὺν
2197 799 2316 862 ταῖς
2343 799 2512 853 αὑτοῦ
2542 798 2717 853 εἰκόσι
2747 799 2883 871 (86),
2915 798 3010 852 καὶ
3035 799 3128 853 τοῦ
3162 801 3404 872 Πρίσκου
3435 804 3533 856 καὶ
3559 805 3660 873 τῆς

2069 891 2235 946 αὐτοῦ
2275 892 2533 962 γυναικὸς
2569 892 2668 960 τῆς
2706 891 3032 962 Δομνεντίας
3072 894 3375 963 ἱσταμένας
3413 897 3654 961 εἰκόνας,

2071 986 2164 1040 καὶ
2194 986 2442 1056 ἐκμανὴς
2474 983 2736 1054 γεγονὼς,
2764 985 3151 1057 ἀποτμηθῆναι
3176 987 3308 1052 τοὺς
3337 989 3656 1061 δημάρχους

2070 1077 2346 1133 ἐκέλευσε.
2389 1077 2698 1150 Δεηθέντων
2740 1077 2798 1131 δὲ
2837 1077 2946 1130 τῶν
2987 1078 3196 1149 δήμων,
3243 1080 3398 1148 μόλις
3441 1081 3658 1151 ἀφῆκεν

2070 1167 2289 1233 αὐτούς.
2326 1168 2420 1223 Ἐκ
2451 1168 2654 1238 ταύτης
2687 1166 2779 1223 οὖν
2809 1169 2910 1238 τῆς
2942 1169 3122 1233 αἰτίας
3155 1173 3182 1225 6
3220 1171 3459 1241 Πρίσκος
3491 1173 3659 1228 δεδοι-

2069 1259 2182 1324 κὼς
2212 1263 2339 1332 περὶ
2367 1264 2433 1334 τῇ
2466 1261 2610 1333 ζωῇ,
2643 1260 2761 1332 ἅμα
2795 1261 2853 1315 δὲ
2888 1262 2980 1316 καὶ
3012 1261 3112 1334 τὴν
3140 1263 3283 1318 κατὰ
3314 1264 3533 1319 πάντων
3559 1265 3659 1319 τοῦ

2069 1355 2233 1407 Φωκᾶ
2260 1354 2549 1425 τυραννίδα
2574 1352 2775 1424 μισῶν,
2801 1352 2988 1424 ἐζήτει
3014 1353 3325 1408 καταλῦσαι
3350 1355 3442 1408 τὶν
3465 1355 3660 1427 τύραν-

2070 1461 2179 1499 νον.
2205 1438 2304 1499 Ὧν
2338 1445 2395 1499 δὲ
2428 1446 2456 1498 6
2487 1447 2680 1510 Φωκᾶς
2712 1447 3121 1518 γυναικομανής
3154 1463 3212 1500 τε
3251 1449 3343 1501 καὶ
3380 1448 3616 1517 μέθυσος
3638 1489 3656 1514 ,

2070 1535 2167 1590 καὶ
2212 1535 2364 1607 ὠμὸς
2409 1538 2502 1592 καὶ
2541 1538 2885 1610 αἱμοχαρὴς,
2934 1539 3171 1611 ἐμισήθη
3219 1542 3373 1612 παρὰ
3417 1542 3660 1598 πάντων.

2069 1629 2181 1683 Καὶ
2205 1629 2641 1700 στρατηγοῦντος
2666 1631 2723 1683 ἐν
2751 1630 2984 1704 Ἀρρικῇ
3008 1631 3105 1686 κοιλ⁸
3127 1631 3307 1705 Λιϐύῃ
3333 1631 3659 1704 Ἡρακλείου

2069 1719 2163 1774 τοῦ
2191 1720 2398 1791 πατρὸς
2421 1720 2516 1774 τοῦ
2546 1718 2965 1790 βασιλεύσαντος
2991 1723 3286 1793 μετέπειτα
3311 1723 3663 1795 Ἡρακλείου,

2066 1813 2119 1866 οἱ
2141 1813 2238 1882 τῆς
2263 1813 2565 1886 συγκλήτου
2595 1814 2688 1869 καὶ
2710 1815 2873 1879 αὐτὸς
2903 1816 2931 1868 6
2960 1816 3196 1887 Πρίσκος
3221 1817 3249 1870 6
3276 1818 3659 1891 στρατηλάτης

2068 1903 2434 1975 διεπέμποντο
2466 1904 2604 1976 πρὸς
2635 1904 2800 1960 αὐτὸν
2821 1947 2834 1971 ,
2866 1908 3111 1977 δεόμενοι
3146 1908 3532 1979 ἀπαλλαγῆναι
3560 1911 3658 1980 τῆς

2068 1996 2382 2067 τυραννίδος
2426 1999 2612 2054 Φωκᾶ.
2645 1992 2755 2052 Ἦν
2800 1998 2859 2054 δὲ
2908 1998 2986 2070 τῷ
3034 2000 3314 2072 εἰρημένῳ
3364 2003 3656 2074 στρατηγῷ

2081 2086 2391 2161 Ἡρακλείῳ
2447 2090 2862 2162 ὑποστράτηγος
2886 2093 3173 2165 Γρηγορᾶς
3203 2111 3290 2159 τις
3319 2093 3429 2149 τῶν
3463 2095 3658 2168 ἐπισή-

2071 2199 2209 2252 μων.
2257 2175 2417 2238 Οὗτοι
2469 2182 2600 2253 γοῦν
2644 2182 2819 2255 ἄμφω
2869 2185 3319 2255 συμπνεύσαντες
3372 2186 3655 2242 στέλλουσι

2069 2273 2215 2329 κατὰ
2252 2274 2346 2329 τοῦ
2380 2274 2648 2349 τυράννου
2685 2276 2812 2342 τοὺς
2859 2277 3021 2342 ίδίους
3058 2276 3209 2343 υἱούς
3231 2295 3246 2310 ⁶
3285 2281 3314 2334 6
3358 2281 3461 2349 μὲν
3490 2277 3653 2349 Ἠρά-

2069 2367 2248 2432 κλειος
2298 2367 2390 2423 τὸν
2434 2368 2755 2439 Ἡράκλειον
2808 2368 3032 2433 πολλαῖς
3085 2371 3242 2425 ναυσὶ
3296 2371 3393 2425 καὶ
3451 2373 3655 2441 πλῆθος

2069 2458 2418 2531 στρατιωτῶν
2453 2460 2824 2531 πλωϊζόμενον
2845 2478 2859 2493 ο
2893 2464 2921 2516 ό
2952 2462 3009 2516 δὲ
3043 2463 3331 2535 πατρίκιος
3366 2465 3406 2518 Γ
3410 2469 3658 2537 ρηγορᾱς

2066 2551 2158 2607 τὸν
2203 2552 2450 2613 Νικήταν
2491 2552 2907 2625 πεζοποροῢντα
2952 2555 3051 2609 σὺν
3097 2555 3354 2621 ἱππόταις
3401 2558 3654 2623 πολλοῖς,

2067 2643 2160 2698 καὶ
2190 2645 2331 2717 πεζῇ
2369 2647 2623 2717 στρατιᾷ,
2653 2645 2747 2698 ἐπὶ
2782 2646 3083 2718 συνθήκαις
3118 2645 3231 2719 (87)
3263 2648 3358 2701 τοῦ
3391 2647 3483 2703 τὸν
3519 2665 3657 2719 προσ

2067 2736 2446 2792 καταλαϐόντα
2500 2737 2603 2809 τὴν
2653 2737 3061 2809 ὑπερκειμένην
3108 2739 3219 2793 τῶν
3268 2740 3514 2807 πόλεων,
3562 2740 3660 2795 καὶ

2067 2826 2371 2883 καθελόντα
2416 2828 2508 2883 τὸν
2547 2827 2845 2899 τύραννον,
2886 2828 2986 2899 τῆς
3028 2829 3312 2901 βασιλείας
3353 2829 3658 2902 ἀξιωθήσεο

2069 2919 2217 2974 σθαι.
2263 2919 2450 2975 Ταῦτα
2492 2919 2681 2990 μαθὼν
2722 2921 2750 2975 ὁ
2790 2922 3007 2985 Φωκεῖς,
3055 2922 3155 2994 τὴν
3197 2921 3293 2977 τοῦ
3328 2922 3655 2995 Ἡρακλείου

2071 3009 2316 3081 μητέρα,
2345 3011 2440 3066 καὶ
2467 3010 2565 3083 τὴν
2596 3011 2837 3084 μνηστὴν
2868 3012 3161 3081 Εὑδοκίαν,
3190 3014 3258 3085 ἢν
3290 3013 3348 3079 ἐξ
3383 3015 3652 3089 Ἀφρικῆς

2067 3099 2508 3172 ἐμψστεύσατο,
2538 3102 2815 3175 θυγατέρα
2844 3100 3011 3159 οὖσαν
3038 3104 3130 3160 τοῦ
3159 3105 3262 3177 τῆς
3288 3106 3471 3178 χώρας
3500 3108 3647 3162 ἐκείο

2066 3208 2165 3262 νης
2208 3192 2609 3264 πρωτεύοντος,
2652 3197 2945 3268 κατασχὼν
2984 3196 3336 3253 κατέκλεισεν
3382 3202 3441 3253 ἐν
3487 3204 3651 3272 μονῇ.

2064 3285 2446 3356 Προκατέλαϐε
2473 3288 2656 3343 τοίνυν
2685 3276 3026 3362 Ἡράκλειος,
3053 3292 3148 3346 καὶ
3183 3291 3546 3363 προσὼρμισε
3571 3295 3648 3366 τῷ

2061 3374 2242 3447 λιμένι
2291 3378 2399 3432 τῶν
2449 3379 2694 3448 Σοφιῶν,
2749 3384 2845 3436 καὶ
2899 3381 3082 3455 μάχης
3134 3383 3649 3455 συγκροτηθείσηςο

2061 3470 2330 3541 ὑπερέσχε
2356 3471 2463 3527 τῶν
2487 3471 2580 3526 τοῦ
2606 3474 2790 3528 Φωκᾶ.
2820 3474 3142 3547 Συνήργητο
3166 3477 3277 3546 γὰρ
3303 3476 3398 3529 καὶ
3425 3477 3530 3530 ὑπὸ
3555 3477 3651 3531 τοῦ

2060 3563 2307 3636 Πρίσκου
2354 3567 2455 3637 τὴν
2500 3566 2597 3622 τοῦ
2647 3568 2890 3640 ἐπάρχου
2940 3569 3061 3624 τότε
3119 3571 3395 3640 μετιόντος
3450 3572 3651 3642 ἀρχήνο

2062 3654 2267 3719 Φώτιος
2295 3655 2351 3709 δὲ
2376 3655 2487 3710 τῶν
2514 3658 2801 3727 ἐπιφανῶν
2828 3658 3089 3731 ὑπάρχων
3108 3701 3123 3726 ,
3153 3652 3214 3714 οὗ
3240 3660 3339 3732 τὴν
3364 3663 3600 3730 γυναῖκα
3624 3661 3653 3713 6

2062 3747 2325 3817 τύραννος
2378 3749 2472 3821 βίᾳ
2521 3750 2850 3821 ἐμοίχευσε,
2905 3752 3002 3804 σὺν
3053 3751 3247 3823 πλήθει
3300 3752 3649 3823 στρατιωτῶν

2064 3837 2391 3896 καταλαϐὼν
2426 3842 2496 3896 τὰ
2531 3841 2817 3910 βασίλεια,
2854 3842 3167 3897 κατέσπασε
3203 3843 3296 3898 τοῦ
3332 3844 3524 3916 θρόνου
3558 3843 3649 3897 τὸν

2065 3933 2330 4002 τύραννον
2360 3930 2442 4005 (οὶ
2473 3933 2582 4004 γὰρ
2611 3934 2742 4006 περὶ
2769 3933 2933 3988 αὐτὸν
2959 3935 3322 4004 ἀπογνόντες,
3354 3934 3463 3989 τῶν
3496 3933 3649 4004 βασ-

383 4015 545 4070 λείων
573 4021 1038 4097 ὑπανεχώρησαν)
1065 4026 1161 4081 καὶ
1189 4028 1467 4092 ἀποδύσας
1528 4030 1630 4099 τὴν
1692 4027 2035 4101 πορφυρίδα,
2081 4028 2251 4096 φαιὰν
2294 4025 2500 4096 ἐσθῆτα
2545 4026 2782 4090 ἐνέδυσε,
2828 4029 2924 4082 καὶ
2966 4028 3189 4098 δέσμιον
3230 4027 3306 4098 τῷ
3343 4029 3646 4098 Ἡρακλείῳ

383 4114 747 4187 παρέστησεν.
783 4118 843 4174 ’0
893 4120 951 4173 δὲ
1000 4119 1122 4175 ἰδὼν
1169 4121 1332 4176 αὐτὸν
1378 4121 1507 4192 εφη,
1542 4122 1765 4189 Οὕτως,
1815 4121 1990 4177 ἄθλιε
2052 4121 2193 4189 (88),
2219 4119 2294 4173 τὰ
2343 4118 2450 4186 τῆς
2500 4120 2736 4185 πόλεως
2793 4116 3101 4189 διῴκησας
3126 4118 3477 4190 πράγματα;
3533 4117 3642 4170 Καὶ

381 4208 411 4260 6
452 4211 650 4274 Φωκᾶς
689 4215 920 4285 ἀπονοίᾳ
961 4217 1194 4287 κάτοχος
1233 4216 1313 4272 ῶν
1349 4218 1724 4289 ἁπεκρίνατο,
1765 4217 1851 4272 Σὺ
1894 4217 1964 4271 δὲ
2002 4217 2356 4286 κρειττόνως
2392 4213 2641 4285 μᾶλλον
2700 4213 3029 4282 διοικήσεις
3071 4214 3262 4279 αὑτά;
3338 4213 3642 4284 Ὄργισθεὶς

381 4301 439 4353 δὲ
467 4303 495 4354 6
523 4303 842 4375 Ἡράκλειος
879 4307 981 4373 λὰξ
1014 4309 1208 4380 ἐκείνῳ
1237 4310 1479 4381 ἐνέθορε,
1518 4311 1616 4365 καὶ⁵
1681 4309 2027 4382 ἐκτμηθῆναι
2065 4307 2422 4379 προσέταξεν.
2463 4308 2530 4361 Οἱ
2572 4308 2670 4378 μὲν
2713 4302 2806 4361 οὖν
2844 4307 3044 4360 αὐτίκα
3081 4307 3244 4360 αὐτὸν
3286 4306 3640 4377 ἀναιρεθῆναι

385 4395 707 4467 ἱστόρησαν,
733 4400 784 4452 oi
808 4398 864 4453 δὲ
894 4400 1156 4474 πρότερον
1181 4401 1346 4457 αὐτοῦ
1373 4406 1471 4468 τὰς
1498 4404 1688 4475 χεῖρας
1716 4403 1813 4457 καὶ
1871 4403 1996 4466 τοὺς
2033 4401 2199 4464 πόδας
2265 4401 2570 4471 ἐκκοπῆναι
2604 4416 2771 4470 φασιν
2793 4440 2809 4464 ,
2844 4394 2963 4454 εἶτα
2994 4399 3090 4453 καὶ
3122 4398 3189 4453 τὰ
3221 4399 3394 4453 αἰδοῖα
3426 4398 3514 4453 διὰ
3546 4401 3641 4470 τὴν

384 4490 597 4542 ἐκείνου
628 4490 917 4558 ἀσέλγειαν
937 4530 954 4556 ,
984 4494 1079 4547 καὶ
1107 4494 1190 4548 ὅτι
1218 4495 1434 4551 πολλῶν
1464 4494 1774 4567 κατῄσχυνε
1811 4494 2095 4564 γαμετὰς,
2166 4492 2264 4548 καὶ
2328 4491 2472 4546 οὕτω
2500 4492 2558 4545 δὲ
2585 4490 2752 4545 αὑτοῦ
2784 4493 2884 4562 τὴν
2917 4490 3160 4562 κεφαλὴν
3215 4492 3551 4561 ἐκκοπῆναι,
3580 4492 3641 4545 τὸ

381 4585 437 4639 δὲ
467 4586 728 4653 δύστηνον
760 4586 922 4656 σῶμα
951 4590 1221 4659 καυθῆναι
1252 4593 1394 4645 κατὰ
1422 4591 1513 4646 τὸν
1543 4592 1699 4654 Βοῦν,
1767 4589 1897 4643 ἔνθα
1962 4585 2030 4661 ἦν
2068 4589 2320 4659 κάμινος,
2363 4588 2441 4651 ὡς
2486 4588 2727 4656 λέγεται,
2777 4588 2842 4639 ἐκ
2886 4583 3088 4656 χαλκοῦ
3132 4585 3636 4655 κατεσκευασμένη,

385 4682 569 4754 σχῆμα
605 4681 725 4753 βοὸς
757 4682 953 4754 ἔχουσα
973 4725 987 4746 ,
1018 4685 1164 4756 ἥπερ
1196 4687 1261 4739 ἐκ
1294 4688 1592 4757 Περγάμου
1625 4686 1954 4756 κεκόμιστο,
1993 4686 2052 4754 ἐξ
2120 4681 2188 4758 ἧς
2222 4685 2317 4739 καὶ
2351 4687 2380 4739 6
2408 4685 2568 4747 τόπος
2600 4684 2906 4753 ὡνόμαστο.
2939 4683 3048 4738 Καὶ
3079 4685 3129 4738 oi
3197 4683 3419 4753 ἀδελφοὶ
3449 4686 3507 4739 δὲ
3539 4684 3636 4737 αὒ-

285 4807 292 4815 ο
382 4778 497 4844 τοῦ,
524 4778 618 4831 καὶ
644 4778 692 4831 οἱ
724 4777 870 4831 ἄλλοι
897 4777 1003 4831 τῶν
1027 4777 1390 4850 ᾠκὲιωμένων
1411 4779 1563 4851 αὑτῷ
1620 4779 1989 4851 ἀνῃρέθησαν.

2061 4779 2153 4850 Τῷ
2195 4779 2295 4850 μὲν
2332 4774 2426 4833 οὖν
2469 4778 2715 4850 κακίστῳ
2750 4779 2915 4850 Φωκᾷ
2948 4777 3187 4834 τοιοῦτον
3225 4778 3378 4843 τέλος
3411 4780 3511 4848 τῆς
3546 4796 3637 4833 τυ-

385 4872 629 4945 ρτννίδος
656 4875 891 4943 ἐγένετο,
921 4872 1018 4945 ἐτη
1048 4877 1514 4946 κατορχησαμένῳ
1541 4878 1640 4945 τῆς
1672 4874 1947 4945 βασιλείας
1984 4876 2151 4930 ὀκτὼ.

453 4967 567 5023 XV.
619 4966 899 5025 Hcraclius
950 4975 1135 5024 autem
1165 4983 1196 5022 a
1225 4966 1416 5038 Sergio
1455 4968 1764 5039 patriarcha
1795 4982 1956 5024 coro-

2130 4966 2234 5020 lE'.
2270 4964 2592 5036 Ἡράκλειος
2636 4965 2719 5033 δὲ,
2776 4965 2882 5022 ὑπὸ
2910 4966 3139 5040 Σεργίου
3173 4964 3269 5020 τοῦ
3292 4966 3631 5039 Πατριάρχου

1574 5126 1773 5189 Variae
1814 5127 2125 5192 lectiones
2166 5132 2229 5189 et
2273 5130 2463 5188 notae.

464 5271 577 5343 (βλ)
609 5272 872 5343 Σέργιος.
905 5273 977 5329 22
998 5273 1199 5328 Martii.
1230 5273 1427 5328 Chron.
1460 5273 1612 5327 Alex.

462 5339 576 5414 (τε)
608 5339 864 5414 Πρζονκῳ.
898 5344 1000 5410 Qui
1034 5344 1260 5414 Crispus
1290 5344 1495 5398 dicitur
1523 5344 1702 5397 eidem
1733 5343 1963 5397 Zonaras

394 5410 449 5484 [η
519 5410 809 5484 Heraclio,
862 5410 1177 5484 Nicephoro
1225 5413 1329 5470 CP.
1382 5423 1439 5469 et
1499 5414 1774 5471 Cedreno.
1829 5414 1967 5469 Vide

394 5479 697 5551 Stemmata
728 5479 1048 5551 Byzantina.

465 5549 575 5623 686)
603 5549 832 5603 Elxddt.
856 5552 990 5623 Vide
1003 5553 1371 5623 Nicephorum
1387 5553 1488 5608 ΟΡ.
1504 5594 1519 5618 ,
1549 5552 1965 5623 Theophanem,

392 5617 728 5691 goedrenum,
765 5627 869 5675 etc.
900 5617 1188 5690 Λαυράτας
1220 5634 1373 5678 vocat
1402 5617 1670 5688 ciusiuodi
1704 5617 1969 5691 imagines

397 5685 760 5756 Theophanes
787 5703 877 5745 an.
923 5692 956 5744 5
984 5685 1198 5746 Phocis.
1247 5692 1319 5747 Ut
1365 5685 1498 5746 vero
1537 5707 1615 5746 ea:
1663 5692 1716 5744 in
1758 5685 1965 5745 circum

397 5755 826 5826 deducerentur,
882 5759 1045 5818 docet
1081 5760 1375 5817 Chronicon
1410 5762 1853 5828 Alexandrinum,
1911 5777 1967 5832 [ν.

1992 5275 2036 5330 D
2065 5270 2193 5334 876,
2252 5288 2282 5327 a
2306 5269 2613 5326 candidatis
2643 5269 2874 5334 scilicet,
2917 5279 2973 5323 et
3007 5284 3131 5325 cum
3164 5271 3338 5326 cereis
3360 5271 3630 5338 accensis,
3716 5291 3735 5310 κ

2069 5341 2207 5408 μετὰ
2247 5341 2550 5410 κηραψίας,
2583 5339 2861 5410 quomodo
2893 5339 3077 5410 videre
3107 5341 3379 5395 estetiam
3420 5340 3474 5394 in
3522 5342 3631 5395 No-

2065 5411 2185 5464 titia
2210 5409 2500 5481 utriusque
2546 5410 2786 5482 imperii,
2826 5409 2919 5465 ubi
2951 5409 3019 5465 de
3049 5410 3321 5480 praefectis
3346 5413 3632 5481 praetorio-
3684 5442 3690 5447 ~

2064 5495 2249 5623 Π’ξ’πεέἣ)
2281 5550 2415 5607 Ἐπὶ
2435 5550 2791 5620 συνθήκαις.
2812 5550 3159 5621 Nicephorus
3180 5549 3268 5607 οι)
3296 5589 3313 5617 ,
3337 5551 3630 5623 Theopha-

2067 5634 2255 5765 ηεῗθὸ)
2270 5682 2476 5761 Οὕτως
2501 5693 2691 5749 ἄθλιε.
2718 5691 2922 5749 Eadem
2956 5692 3115 5750 habet
3153 5692 3499 5763 Niceplxorus
3525 5689 3628 5749 Cl‘.
