3994 6246
271 347 428 431 ἰε-Π

1535 369 1946 434 ANNALIUM
1983 372 2129 437 LIB.
2173 375 2328 440 XIV.

3328 335 3334 340 Ι
3416 385 3554 447 12Ὶῖ

289 483 560 553 στεφθεὶς,
591 484 790 539 αὐτίκα
821 486 913 540 καὶ
939 485 1037 558 τήν
1062 485 1325 542 Εύδοκίαν
1351 487 1452 558 τὴν
1479 485 1726 557 μνηστὴν
1751 495 1870 539 ται·
1897 530 1902 542 .

2012 494 2154 554 atus,
2185 488 2369 544 statim
2412 488 2575 546 etiam
2609 488 2906 546 Eudociam
2956 505 3210 562 sponsam
3246 493 3554 557 diademate

287 579 424 641 νιοῖ,
459 577 554 630 καὶ
590 577 706 648 ἅμα
736 578 804 632 τά
832 596 890 632 τε
923 581 1171 651 βασίλεια
1206 582 1377 651 στέφη
1407 580 1502 634 καὶ
1529 580 1658 643 τοὺς
1684 595 1870 648 γαμη-

288 668 434 733 λίους
484 671 782 740 στεφάνους
833 673 1116 739 ἐδέξαντο,
1167 672 1310 728 ὥστε
1361 671 1504 728 κατὰ
1551 673 1650 743 τὴν
1699 671 1870 740 αὐτὴν

291 763 504 833 ἡμέραν
543 763 635 816 καὶ
668 765 904 834 βασιλεῖς
948 766 1115 836 ἄμφω
1157 766 1494 838 χρηματίσαι
1536 765 1735 828 αὐτοὺς
1775 763 1870 818 καὶ

291 857 580 925 νυμφίους.
616 859 679 910 OE
713 857 768 911 δέ
804 875 866 925 γε
902 859 1112 930 Πέρσαι
1149 859 1257 930 (89)
1293 859 1394 928 τὴν
1431 858 1573 930 ἑῴαν
1607 859 1870 926 κατέτρε-

291 963 414 1017 χον,
450 948 545 999 καὶ
577 949 673 1008 τὰς
707 950 804 1018 μὲν
831 951 939 1002 τῶν
966 951 1160 1022 χωρῶν
1185 950 1277 1021 ὑφ’
1304 953 1530 1016 ἑαυτοὺς
1560 950 1872 1014 ἐποιοῦντο,

291 1040 389 1102 tit;
419 1039 474 1091 δὲ
507 1040 804 1110 ἐληΐζοντο,
835 1043 931 1094 καὶ
961 1045 993 1114 ἡ
1027 1043 1308 1117 Ῥωμαῖκὴ
1340 1045 1570 1116 στρατιὰ
1602 1044 1877 1114 προσϐάλ-

291 1134 456 1186 λουσα
489 1137 700 1197 τούτοις
733 1136 939 1206 ἥττητο
981 1137 1076 1190 καὶ
1110 1137 1391 1202 διώλλυτο,
1431 1137 1680 1207 βραχέων
1713 1136 1874 1188 τινῶν

295 1225 714 1294 περισωθέντων
756 1231 924 1298 φυγῇ.
968 1231 1079 1283 Καὶ
1122 1229 1218 1300 τὴν
1264 1230 1536 1300 Εὐρώπην
1577 1228 1878 1299 οί⁹Λ6αροι

295 1317 393 1368 καὶ
419 1318 466 1368 οἱ
498 1317 700 1370 Σκύθαι
733 1318 1058 1389 ήρήμωσαν.
1091 1321 1184 1373 Διὸ
1215 1321 1308 1374 καὶ
1337 1320 1532 1392 ἠπόρει
1563 1320 1591 1373 ὀ
1623 1320 1880 1390 βασιλεὺς

308 1408 630 1478 Ἡράκλειος
657 1410 683 1463 ὅ
700 1429 752 1463 τι
779 1416 871 1463 καὶ
899 1411 1104 1480 δράσει.
1122 1412 1593 1482 Ἐπισκεψάμενος
1621 1412 1728 1482 γὰρ
1755 1412 1882 1476 τοὺς

297 1503 730 1572 στρατιωτικοὺς
758 1503 1092 1572 καταλόγους
1111 1547 1126 1570 ,
1161 1506 1302 1557 πάνυ
1332 1505 1554 1568 τούτους
1584 1497 1712 1576 εὗρε
1744 1504 1880 1576 βρα-

304 1598 431 1665 (εῖς,
462 1597 716 1651 ἁπάντων
745 1597 930 1668 σχεδὸν
956 1600 1014 1650 ὲν
1040 1603 1151 1662 τοῖς
1181 1597 1439 1670 πολέμοις
1467 1599 1879 1656 ἀναλωθέντων.

311 1689 409 1740 Ἐκ
443 1689 550 1758 γὰρ
583 1688 694 1741 τῶν
724 1689 836 1758 (90)
869 1690 960 1743 ἐπὶ
993 1691 1303 1760 Μαυρικίου
1338 1691 1429 1744 τὸν
1458 1693 1652 1745 Φωκᾶν
1681 1693 1884 1760 ἀναγο-

305 1783 618 1852 ρευσάντων
653 1783 733 1842 είς
779 1781 979 1846 πολλὰς
1021 1783 1264 1852 χιλιάδας
1301 1784 1722 1856 ἀριθμουμένων
1743 1826 1756 1849 ,
1791 1783 1884 1837 δύο

307 1875 461 1944 μόνοι
499 1873 827 1946 στρατιῶται
866 1875 1304 1946 περιλειφθέντες
1341 1877 1662 1948 εὑρέθησαν.
1701 1878 1887 1950 Στρα-

301 1967 605 2035 τολογήσας
626 1964 718 2020 οὖν
743 1968 988 2039 Κρίσπον
1014 1969 1316 2040 στρατηγὸν
1338 1969 1734 2032 Καππαδοκίας
1757 1987 1888 2041 προ-

276 2059 557 2164 (ϐἀλλεται
579 2099 593 2122 ,
629 2059 724 2114 καὶ
761 2061 970 2114 στέλλει
1002 2062 1192 2116 τοῦτον
1228 2065 1362 2117 ἐκεῖ.
1401 2064 1615 2140 Γίνεται
1649 2065 1704 2118 δὲ
1740 2063 1889 2135 αὐτῷ

281 2154 373 2232 ξὲκ
416 2155 517 2223 τῆς
559 2154 879 2224 Αύγούστης
924 2157 1206 2222 Εύδοκίας,
1257 2161 1323 2229 ἢν
1368 2159 1461 2212 καὶ
1508 2159 1710 2212 Φειδίαν
1756 2157 1891 2212 ὠνό-

284 2235 452 2316 ’μασε
474 2288 488 2313 ,
522 2247 770 2319 θυγάτηρ
805 2249 1118 2318 Ἐπιφανία.
1153 2249 1288 2304 Εἶτα
1324 2250 1418 2305 καὶ
1453 2252 1568 2316 υίὸς
1603 2250 1794 2321 ἐτέχθη
1818 2292 1831 2315 ,
1862 2250 1891 2304 δ

315 2340 514 2410 μικρὸς
544 2338 871 2409 Ἡράκλειος
906 2341 999 2394 καὶ
1035 2341 1152 2405 νέος
1189 2344 1596 2406 Κωνσταντῖνος
1631 2342 1890 2412 κληθεὶς,

245 2445 251 2450 ’
312 2431 408 2484 καὶ
438 2431 604 2500 ἀμ’,ςω
631 2430 687 2482 δὲ
713 2430 789 2483 τὼ
815 2431 971 2483 παῖδε
997 2432 1171 2502 τούτῳ
1201 2431 1462 2503 βασιλικῷ
1490 2432 1780 2504 διαδήματι
1806 2453 1894 2488 τε·

313 2524 592 2577 ταινίωκε.
621 2523 730 2577 Καὶ
763 2524 880 2594 μετ’
903 2523 1082 2592 ὀλίγον
1111 2526 1142 2594 ἠ
1175 2525 1388 2596 γαμετή
1429 2526 1593 2578 αὑτοῦ
1627 2527 1656 2597 ή
1688 2526 1896 2594 Αὐγού-

316 2632 417 2669 στα
447 2614 677 2668 Εύδοκία
705 2614 796 2671 τὸν
827 2615 938 2686 βίον
969 2617 1253 2670 ἀπέλιπεν.
1285 2617 1682 2687 Ἐκφερομένου
1713 2617 1770 2669 δὲ
1801 2618 1894 2672 τοῦ

315 2706 521 2777 ταύτης
576 2707 772 2779 νεκροῦ
831 2707 1124 2778 βασιλικῶς
1179 2709 1266 2763 διὰ
1316 2711 1417 2780 τῆς
1467 2709 1707 2780 ἀγορᾶς,
1761 2709 1898 2781 κόρη

319 2815 402 2862 τις
437 2800 544 2872 (91)
576 2798 974 2869 προκύπτουσα
999 2803 1297 2872 βάρϐαρος,
1322 2803 1563 2872 τυχαίως
1590 2801 1895 2869 ἀπέπτυσε,

321 2894 417 2946 καὶ
459 2894 520 2947 τὺ
559 2893 789 2964 πτύσμα
828 2893 909 2958 είς
946 2894 1042 2966 τὴν
1085 2894 1304 2966 κλίνην,
1345 2893 1411 2946 δι’
1432 2889 1501 2966 ἧς
1540 2894 1826 2964 ἐξεφέρετο
1865 2895 1898 2966 ή

321 2986 645 3053 Λύγούστα,
695 2986 1035 3054 κατήνεκτο,
1114 2986 1206 3038 καὶ
1267 2986 1630 3054 συλληφθεῖσα
1677 2987 1709 3055 ἡ
1766 2985 1900 3058 κόρη

325 3079 553 3150 ἐκαύθη,
582 3079 1007 3151 προσενεχθεῖσα
1033 3082 1094 3148 τῇ
1128 3078 1361 3151 θανούσῃ
1391 3079 1510 3131 λίαν
1535 3080 1752 3151 οἰκτρὸν
1777 3081 1900 3132 ἐπι-

1971 589 2152 636 ornat.
2187 579 2264 636 Ita
2307 582 2470 637 simul
2498 594 2552 637 et
2587 583 2964 654 imperatorias
2991 593 3048 639 et
3076 585 3350 654 nuptiales
3393 603 3556 645 coro-

1973 688 2072 728 nas
2142 683 2491 744 acceperunt,
2535 677 2727 731 eodem
2789 676 2879 730 die
2933 685 2994 730 et
3068 677 3424 746 imperatores
3497 691 3557 738 et

1973 764 2158 834 sponsi
2200 765 2480 834 appellati.
2517 767 2586 820 At
2627 763 2833 831 Persze,
2891 765 3196 823 Orientales
3244 771 3556 838 provincias

1975 855 2346 923 incursantes,
2398 857 2533 912 alias
2569 857 2919 928 subegerant,
2968 859 3102 914 alias
3148 861 3557 930 praedabantur,

1976 950 2343 1019 Romanaeque
2385 950 2629 1021 legiones
2658 951 2725 1006 ab
2751 950 2832 1006 eis
2863 951 3020 1006 victa:
3068 969 3328 1023 caesaeque
3372 964 3557 1008 erant:

1975 1044 2168 1114 paucis
2215 1043 2342 1114 fuga
2391 1044 2610 1114 elapsis.
2662 1044 2934 1114 Europam
3000 1044 3212 1116 Scythae
3257 1055 3312 1102 et
3355 1046 3574 1102 Avares.

1976 1145 2282 1192 vastarant.
2333 1137 2465 1204 Qua:
2511 1154 2601 1194 res
2654 1139 3044 1205 imperatorem
3107 1141 3275 1194 animi
3331 1141 3560 1196 dubium

1979 1228 2304 1285 reddebant.
2351 1229 2487 1284 Nam
2536 1231 2591 1286 in
2643 1230 2978 1286 militaribus
3042 1231 3304 1302 catalogis
3355 1247 3564 1302 paucos

1981 1321 2206 1376 omnino
2239 1323 2568 1391 reperiebat,
2602 1339 2742 1393 pene
2766 1323 3024 1379 omnibus
3053 1323 3200 1378 bello
3233 1323 3575 1394 absumptis.-

1980 1413 2062 1468 Ex
2091 1414 2277 1470 multis
2321 1414 2467 1469 enim
2510 1430 2700 1470 eorum
2738 1417 3002 1482 millibus,
3031 1417 3126 1487 qui
3168 1417 3272 1472 sub
3298 1416 3578 1472 Mauricio-

1982 1508 2222 1563 Phoeam
2273 1507 2659 1577 imperatorem
2719 1512 3148 1574 consalutarant,
3198 1508 3307 1564 duo
3349 1495 3602 1565 tantum.

1984 1601 2187 1657 milites
2236 1600 2434 1671 reliqui
2482 1610 2610 1656 sunt
2640 1600 2867 1656 inventi.
2900 1601 3103 1657 Verum
3155 1600 3369 1656 delectu
3416 1609 3582 1665 aeto,

1985 1693 2239 1763 Crispum
2291 1709 2416 1749 cum
2470 1694 2702 1764 imperio
2731 1693 2780 1746 in
2813 1691 3214 1762 Cappadociam
3266 1694 3451 1746 mittit.
3487 1692 3576 1746 Ex.

1987 1787 2230 1841 Eudocia
2280 1787 2566 1858 Augusta,
2625 1801 2788 1856 quam
2841 1793 2896 1839 et
2944 1783 3167 1838 Fabiani
3222 1783 3567 1850 nominavit,

1991 1878 2212 1934 ﬁliolam
2259 1878 2504 1947 suscepit
2536 1877 2919 1946 Epiphaniam.
2971 1874 3178 1931 Deinde
3216 1875 3384 1927 lilium
3428 1887 3570 1942 quo-

1989 1987 2096 2040 que
2134 1969 2445 2024 lleraelium
2491 1967 2788 2040 juniorem,
2829 1969 2922 2038 qui
2953 1951 3008 2022 et
3034 1967 3212 2021 minor
3260 1965 3570 2021 Constanti.

1991 2081 2096 2119 nus
2122 2063 2303 2119 dictus
2337 2070 2440 2127 est,
2476 2062 2775 2132 ambosque
2828 2075 3029 2131 pueros
3067 2059 3374 2113 diademate
3401 2073 3571 2110 orna-

1991 2160 2091 2213 vit.
2126 2156 2313 2226 Neque
2361 2155 2534 2209 multo
2563 2163 2688 2224 post
2737 2156 2935 2225 conjux
2965 2154 3084 2224 ejus
3112 2151 3366 2205 moritur.
3405 2149 3574 2219 Cujus

1992 2251 2160 2306 funus
2213 2265 2339 2306 eum
2391 2257 2589 2304 ornatu
2647 2248 2795 2318 regio
2849 2262 2948 2317 per
3004 2246 3184 2301 forum
3245 2244 3570 2306 efferretur,

1994 2343 2177 2414 puella
2253 2341 2502 2411 quaedam
2585 2339 2820 2394 Barbara
2903 2344 3295 2408 prospectans,
3342 2339 3564 2402 Sputum

1996 2433 2318 2505 imprudens
2362 2433 2417 2487 in
2465 2431 2729 2487 feretrum
2777 2429 3010 2501 dejecit,
3058 2428 3127 2482 ob
3171 2425 3316 2496 quod
3372 2424 3574 2478 factum

1996 2527 2392 2597 cemprehensa
2419 2534 2475 2580 et
2503 2531 2740 2581 cremata
2775 2521 3110 2592 imperatrici
3141 2517 3409 2574 defuncta:
3442 2514 3580 2569 infe-

1995 2619 2180 2675 liciter
2211 2618 2540 2689 parentavit.
2593 2615 2879 2670 Heraclius
2919 2621 3042 2684 post
3085 2626 3230 2676 eam,
3277 2607 3464 2662 fratris
3491 2603 3583 2661 sui

2000 2713 2166 2767 ﬁliam
2216 2711 2501 2766 Martinam
2554 2707 2744 2771 ducit,
2793 2717 2958 2776 atque
3005 2705 3304 2774 Augustam
3355 2700 3582 2754 salutat.

1997 2807 2134 2864 Cum
2161 2814 2342 2860 autem
2387 2803 2662 2858 Chosroes
2685 2808 2740 2856 et
2766 2799 2946 2854 Persae
2985 2797 3311 2866 impotenter
3329 2804 3584 2862 grassan-

2003 2908 2106 2960 tes.
2139 2895 2323 2952 omnia
2357 2893 2774 2964 popularentur,
2815 2889 3116 2958 imperator
3149 2900 3247 2955 per
3276 2884 3483 2954 legatos
3509 2879 3580 2934 ab

2001 3007 2068 3048 eo
2098 2989 2274 3061 petiit.
2309 2996 2369 3042 ut
2395 2983 2613 3042 tandem
2645 2981 2870 3037 interitu
2915 2977 3197 3034 hominum
3234 2974 3461 3030 satiatus
3491 2986 3584 3041 pa-

2005 3099 2121 3138 cem
2152 3082 2376 3143 faceret,
2418 3091 2708 3146 annuaque
2755 3073 2959 3128 tributa
3001 3070 3295 3139 acciperet.
3329 3065 3406 3120 Ea
3439 3064 3585 3134 lega-

323 3170 537 3238 τὰφιον.
574 3171 634 3225 '0
682 3171 739 3224 δέ
785 3187 849 3239 γε
885 3171 1209 3241 Ἡράκλειος
1258 3170 1432 3242 ἔγημε
1478 3171 1761 3242 Μαρτίναν
1805 3171 1902 3242 τὴν

2008 3176 2157 3231 tione
2191 3171 2498 3242 repudiata,
2548 3167 2717 3224 mittit
2763 3165 2949 3228 aliam,
2985 3173 3041 3216 et
3069 3176 3258 3233 pacem
3294 3157 3451 3228 petit.
3480 3154 3581 3210 Cui

325 3260 716 3330 ἀδελφόπαιδα,
745 3261 839 3313 καὶ
866 3260 1184 3328 Αὐγούσταν
1213 3262 1385 3331 αὐτὴν
1411 3263 1766 3333 ἀνηγόρευσε.
1798 3261 1905 3316 Τοῦ

331 3355 516 3425 μέντοι
557 3353 799 3423 Χοσρόου
839 3353 935 3407 καὶ
971 3354 1080 3407 τῶν
1120 3353 1344 3424 Περσῶν
1384 3355 1640 3426 ἀκρατῶς
1681 3357 1910 3427 φερομέ-

329 3463 462 3511 νων,
492 3446 585 3498 καὶ
616 3447 794 3499 πάντα
820 3445 1248 3516 λεηλατούντων,
1279 3445 1539 3516 πρέσϐεις
1571 3447 1682 3517 (92)
1709 3449 1736 3499 ὁ
1765 3449 1911 3518 βασι-

330 3539 457 3600 λεὺς
489 3539 622 3610 πρὸς
652 3538 814 3590 αὐτὸν
847 3539 1078 3605 ἔστειλε,
1109 3539 1267 3608 κόρον
1297 3539 1482 3590 λαϐεῖν
1514 3539 1645 3591 ποτὲ
1673 3538 1774 3608 τῆς
1803 3538 1912 3592 τῶν

335 3628 644 3700 ἀνθρώπων
682 3628 891 3700 φθορᾶς
922 3628 1124 3693 ἀξιῶν,
1161 3628 1255 3681 καὶ
1292 3628 1619 3681 σπείσασθαι
1654 3629 1748 3681 ἐπὶ
1782 3644 1912 3680 συν-

339 3723 534 3792 θήκαις
579 3721 814 3791 ἐτησίων
863 3719 1110 3790 δασμῶν.
1146 3720 1206 3773 Ὀ
1253 3719 1310 3771 δὲ
1359 3719 1458 3788 τὴν
1506 3718 1802 3789 πρεσϐείαν
1851 3720 1912 3772 οὐ

341 3817 674 3886 προσήκατο.
728 3815 894 3868 Πάλιν
945 3808 1040 3867 οῦν
1096 3811 1260 3883 ἑτέρα
1321 3811 1595 3865 στέλλεται
1651 3809 1915 3881 πρεσϐεία

343 3906 658 3976 πρδςαὺτδν
687 3904 913 3976 εἰρήνην
936 3903 1313 3973 ἐξαιτουμένη.
1334 3901 1394 3956 Ὀ
1420 3902 1475 3954 δὲ
1507 3901 1719 3972 Πέρσης
1749 3901 1916 3972 ὑπερ-

345 3999 583 4068 ηφάνους
628 3999 722 4051 καὶ
749 3997 1102 4070 βλασφήμους
1139 3997 1238 4058 τὰς
1281 3996 1600 4066 ἀποκρίσεις
1625 3994 1913 4064 πεποίηκε,

345 4091 521 4160 λέγων
552 4091 626 4162 μὴ
656 4092 721 4146 ἄν
751 4108 878 4143 ποτε
912 4090 1195 4159 φείσασθαι
1227 4089 1334 4143 τῶν
1364 4089 1728 4160 Χριστιανῶν,
1761 4089 1807 4140 εί
1842 4087 1917 4157 μὴ

347 4185 437 4237 τον
471 4185 884 4256 ἐσταυρωμένον
921 4184 1031 4253 (95)
1067 4184 1442 4254 ἀρνήσωνται,
1480 4183 1575 4235 καὶ
1611 4179 1919 4234 σεϐασθῶσι

349 4278 441 4331 τὸν
485 4279 654 4349 ἣλιον.
686 4269 996 4345 Ἀπογνοὺς
1031 4275 1125 4331 οὖν
1166 4277 1264 4342 τὴν
1309 4277 1532 4346 εἰρήνην
1575 4277 1603 4328 ὁ
1647 4274 1917 4345 βασιλεὺς,

353 4370 774 4441 ἐπιστρατεῦσαι
836 4369 1091 4422 διενοεῖτο
1155 4367 1296 4422 κατά
1365 4367 1631 4437 Περσῶν,
1687 4366 1767 4420 διὸ
1828 4368 1921 4420 καὶ

356 4463 578 4518 ἔσπευδε
616 4463 803 4517 θέσθαι
833 4464 970 4535 πρὸς
998 4463 1088 4516 τὸν
1119 4462 1368 4530 Χαγάνον
1403 4461 1514 4531 (94)
1550 4460 1810 4524 σπονδὰς,
1848 4460 1922 4532 μὴ
1957 4503 1999 4559 D

355 4559 724 4628 ἀφιστάμενον
779 4553 870 4610 τοῦ
922 4556 1022 4628 τὴν
1071 4556 1294 4628 Θρᾴκην
1343 4554 1644 4623 ληῖζεσθαι.
1699 4552 1922 4617 Στείλας

356 4651 535 4704 τοίνυν
573 4651 710 4722 πρὸς
752 4651 946 4718 αὐτὸν,
992 4650 1218 4721 εἰρήνην
1258 4648 1410 4720 ᾔτει,
1457 4631 1559 4700 καῖ
1587 4647 1615 4699 ὁ
1655 4645 1931 4717 βάρϐαρος

357 4745 460 4798 οὐκ
498 4744 808 4800 ἀνένευσεν.
842 4744 1059 4807 Ἡσθεὶς
1097 4742 1189 4796 οῦν
1226 4744 1254 4796 ὁ
1295 4741 1567 4812 βασιλεὺς,
1606 4737 1797 4808 ἐξῆλθε
1833 4739 1930 4807 τῆς

362 4839 601 4905 πόλεως,
657 4839 753 4893 καὶ
807 4837 912 4904 ἔξω
959 4836 1054 4890 τοῦ
1105 4835 1336 4905 Μακροῦ
1392 4833 1617 4904 Τείχους
1668 4829 1932 4903 ηὐλίσατο

365 4933 506 5002 μετά
548 4933 648 5002 τῆς
698 4929 988 5002 βασιλικῆς
1036 4927 1389 4990 πολυτελείας
1435 4928 1533 4978 καὶ
1578 4921 1928 4995 δορυφορίας,

363 5025 458 5079 καὶ
500 5023 802 5095 χρημάτων
848 5021 1092 5087 πολλῶν,
1140 5019 1176 5073 ἀ
1213 5017 1292 5088 τῷ
1337 5017 1575 5086 Χαγάνῳ
1615 5014 1762 5086 δῶρα
1808 5011 1932 5065 ὲκό-

369 5117 548 5187 μιζεν.
587 5115 648 5170 '0
679 5118 736 5171 δὲ
772 5115 1045 5188 βάρϐαρος
1086 5110 1360 5181 ἀλογήσας
1395 5109 1502 5163 τῶν
1533 5107 1714 5179 ὅρκων
1743 5121 1802 5157 τε
1837 5103 1934 5157 καὶ

365 5209 475 5262 τῶν
515 5209 821 5282 συνθηκῶν,
860 5205 1088 5279 ὥρμησε
1113 5203 1207 5259 τὸν
1237 5201 1462 5274 βασιλέα
1500 5200 1738 5269 συσχεῖν.
1773 5195 1937 5250 Ἀλλὰ

2008 3268 2172 3323 Persa
2199 3265 2435 3334 superbe
2465 3261 2974 3330 contumelioseque
3004 3253 3288 3324 rc5pondit
3314 3290 3328 3314 ,
3355 3251 3422 3305 Se
3448 3264 3588 3302 nun-

2009 3373 2171 3427 quam
2221 3370 2512 3426 parsurum
2553 3351 2905 3413 Christianis,
2943 3347 3051 3403 nisi
3082 3341 3416 3402 Cruciﬁxum
3466 3336 3586 3392 infi-

2011 3447 2165 3509 ciati,
2197 3447 2378 3502 Solem
2422 3447 2732 3500 adorarent.
2760 3443 3060 3510 Imperator
3106 3436 3272 3505 igitur
3318 3444 3448 3500 pace
3485 3428 3586 3482 dc-

2011 3550 2224 3607 sperata
2275 3538 2420 3592 bello
2465 3537 2659 3590 Persas
2707 3532 2965 3588 invadere
3011 3525 3320 3588 constituit,
3363 3528 3417 3575 et
3458 3535 3586 3574 cum

2012 3631 2290 3701 Chagano,
2319 3630 2408 3698 qui
2452 3626 2738 3680 Thraciam
2773 3623 3123 3678 continenter
3157 3614 3462 3676 infestabat,
3496 3626 3589 3678 pa-

2016 3739 2132 3779 cem
2179 3734 2410 3792 propere
2450 3717 2630 3773 facere
2661 3734 2674 3770 :
2703 3731 2810 3785 qua
2841 3729 2939 3783 per
2985 3712 3193 3781 legatos
3225 3705 3416 3776 petita,
3459 3703 3592 3755 Bar-

2016 3815 2183 3869 barus
2240 3827 2350 3867 non
2406 3808 2620 3865 abnuit.
2671 3807 2748 3862 Ea
2792 3822 2852 3861 re
2896 3803 3200 3858 delectatus
3259 3798 3588 3866 imperator,

2018 3903 2209 3959 urbem
2241 3915 2518 3971 egressus,
2557 3909 2710 3954 extra
2743 3895 2988 3964 Longum
3020 3892 3254 3949 Murum,
3292 3901 3414 3941 cum
3444 3882 3598 3952 regia-

2019 3993 2425 4067 magnificentia
2449 4001 2504 4046 et
2529 3990 2814 4053 comitatu,
2846 3985 3041 4041 stativa
3075 3979 3287 4044 habuit,
3313 3976 3593 4067 multaque

2020 4066 2247 4142 munera
2278 4083 2534 4154 Chagano
2583 4080 2787 4134 attulit.
2820 4079 2888 4131 At
2912 4075 3183 4129 Barbarus
3227 4077 3411 4139 spreto
3435 4066 3596 4136 jure-

2015 4177 2254 4251 jurando
2280 4187 2336 4232 et
2360 4173 2564 4230 foedere
2589 4210 2606 4235 ,
2637 4169 2946 4224 lleraclium
2976 4161 3443 4234 comprehendere
3474 4168 3602 4211 stu-

2022 4249 2162 4326 duit.
2199 4267 2306 4322 Sed
2337 4281 2404 4322 eo
2433 4272 2634 4320 conatu
2684 4260 2794 4331 83
2841 4258 3134 4313 frustratus
3183 4255 3332 4322 (nam
3367 4250 3458 4304 ille
3484 4249 3602 4319 jam

2023 4361 2355 4433 aufugerat),
2392 4371 2556 4412 omne
2592 4355 2804 4425 regium
2835 4352 3260 4406 instrumentum
3289 4350 3344 4398 et
3369 4340 3607 4433 comita-

2027 4430 2180 4518 tum,
2205 4453 2494 4525 pecuniam
2530 4463 2750 4519 quoque
2775 4455 2830 4500 et
2858 4443 3026 4497 multa
3057 4437 3399 4509 captivorum
3426 4430 3603 4486 millia

2027 4547 2274 4617 diripuit,
2313 4544 2596 4613 otioseque
2629 4540 2854 4595 domum
2884 4544 2967 4591 est
2997 4545 3273 4589 reversus.
3314 4525 3604 4583 Heraclius

2030 4639 2196 4711 igitur
2230 4637 2412 4693 denuo
2463 4651 2561 4704 per
2595 4634 2825 4703 legatos,
2853 4631 2920 4685 de
2946 4625 3174 4698 pertidia
3214 4623 3334 4694 ejus
3363 4632 3604 4711 conque-

2030 4706 2164 4792 stus,
2212 4740 2401 4796 pacem
2435 4723 2505 4778 ab
2540 4721 2634 4777 illo
2667 4722 2946 4792 impetrat.
2979 4717 3076 4772 Ille
3103 4729 3259 4776 vero,
3282 4709 3430 4781 regia
3465 4706 3603 4760 urbe

2032 4820 2350 4888 digressus,
2405 4815 2744 4876 Ctesaream,
2802 4810 2897 4864 ubi
2952 4807 3182 4875 Crispus
3230 4803 3339 4856 dux
3389 4797 3604 4888 agebat,

2033 4885 2326 4984 pervenit,
2371 4921 2608 4976 eumque
2653 4903 2740 4959 vel
2785 4907 3172 4972 aegrotantem,
3219 4891 3307 4946 vel
3350 4885 3605 4984 morbum

2031 4978 2382 5062 simulantem
2422 5001 2629 5065 invisit,
2667 4998 2736 5053 de
2767 4997 2933 5052 rebus
2962 4987 3216 5062 gerendis
3254 4998 3379 5039 cum
3414 4996 3482 5036 eo
3511 4978 3607 5033 de-

2031 5096 2386 5151 liberaturus.
2424 5091 2532 5149 Sed
2568 5091 2906 5161 negligenter
2939 5084 3008 5138 ab
3037 5095 3103 5136 eo
3131 5077 3424 5146 excipitur.
3470 5070 3606 5126 Nam

2032 5204 2213 5262 neque
2245 5187 2463 5244 obviam
2508 5195 2829 5258 progressus
2859 5186 2963 5242 est,
2994 5187 3171 5243 neque
3197 5186 3229 5227 e
3255 5167 3460 5226 lectulo
3485 5181 3609 5222 sur-

1556 5312 1756 5375 Varim
1795 5309 2110 5372 lectiones
2160 5309 2221 5366 et
2254 5307 2444 5364 notae.

445 5455 556 5525 (89)
595 5454 658 5506 Οἱ
710 5450 778 5503 δέ
815 5464 888 5525 γε
920 5446 1164 5525 Ιζέρσαι.
1220 5441 1454 5514 Niceph.
1497 5437 1606 5498 CP.
1657 5451 1748 5493 an.
1801 5434 1938 5504 6l6;

373 5517 699 5595 Theophan.
735 5536 827 5595 an.
859 5520 932 5595 2._
945 5517 1158 5595 Herael.

446 5586 556 5663 (90)
586 5594 688 5648 Ἐκ
722 5591 826 5659 γὰρ
862 5586 1178 5663 σῶζε-Τὴςο

1492 5580 1525 5618 εὶ

449 5579 556 5663 (90)
586 5594 688 5648 Ἐκ
722 5591 826 5659 γὰρ
862 5586 1000 5643 τῶν.
1027 5584 1346 5654 Theophan.
1379 5597 1468 5636 an.
1492 5580 1528 5634 9.
1565 5579 1780 5661 Herae].

449 5668 562 5741 (9t)
601 5666 756 5731 Κόρη
796 5679 904 5726 τις.
955 5656 1186 5741 Niceph.
1235 5654 1342 5741 αξ,
1392 5669 1483 5741 Ἧι.
1523 5651 1639 5741 fit}
1675 5664 1780 5741 ine

376 5719 707 5799 satiatum:
740 5719 1266 5799 non'eonsumptam
1299 5723 1484 5791 tradit,
1515 5736 1638 5779 cum
1670 5735 1786 5778 sese
1815 5719 1945 5778 sub-

375 5811 646 5878 duxisset.

2114 5428 2224 5500 (92)
2260 5428 2562 5500 Πρέσϐεις.
2590 5419 2822 5500 ῌὶοορζι.
2850 5416 2955 5480 CP.
2985 5431 3078 5471 an.
3109 5411 3243 5482 6l6;
3286 5407 3609 5479 Theophan.

2041 5510 2097 5558 et
2122 5491 2364 5558 'Ce'dre'n.
2395 5513 2484 5551 an.
2521 5491 2556 5549 4
2589 5491 2804 5548 Ποταοι.

2115 5551 2464 5644 (ὅθί-ἐλμη
2499 5567 2610 5644 Ξὺν
2658 5558 3137 5644 ἐσταυρωμένον.
3180 5551 3500 5623 Thuophan.
3555 5554 3615 5601 et

1235 5633 1346 5710 ὄβζ
1380 5633 1509 5706 Et}.
1533 5633 1639 5706 6η
1690 5646 1943 5704 incendio
2040 5633 2272 5701 ϐεδε-(ξπ.
2307 5633 2396 5710 (ιη’.
2435 5637 2467 5691 8
2496 5633 2711 5710 Herael.

2449 5688 2876 5786 τὸέξιιγάνον.
2922 5699 3155 5771 Niceph.
3193 5697 3299 5754 CP.
3335 5708 3426 5749 au.
3469 5688 3614 5754 0l9;

2045 5775 2368 5856 Theophan.
2400 5795 2487 5834 an.
2521 5779 2575 5845 9,
2610 5775 2695 5830 10.
