3994 6246
441 329 583 394 1283

1703 334 2029 395 JOANNIS
2067 332 2390 394 ZONAIl/E

3548 326 3682 390 1284

431 463 495 502 ac
528 445 845 516 Byzantium
881 444 1165 514 perducto,
1199 446 1546 515 magistratus
1565 446 1740 500 lectas
1775 446 2006 509 litteras,

2124 445 2370 514 στρέφων
2395 443 2463 497 rit
2495 442 2552 495 ἓν
2579 440 2760 494 ποσίν.
2808 441 2867 492 '0
2915 440 3104 507 μέντοι
3137 435 3411 507 Χοσρόης,
3454 435 3550 490 τοῦ
3583 437 3683 507 βα-

433 554 541 594 una
580 553 705 592 cum
755 537 1038 590 tabellario
1077 536 1143 590 ad
1173 537 1470 591 Sarbarum
1511 537 1758 592 mittunt.
1790 537 1840 591 Is
1867 537 2007 591 lecta

431 631 687 701 epistola,
714 638 771 682 et
795 628 1053 682 Chosrom
1082 629 1352 682 sententia
1377 644 1408 682 e
1439 629 1725 684 tabellario
1756 630 2005 699 cognita,

437 726 599 781 aliam
633 721 917 791 epistolam
966 720 1247 790 conﬁngit,
1280 736 1512 790 eamque
1559 721 1876 776 convocatis
1910 720 2013 774 tri-

437 816 600 868 bunis
639 823 697 866 et
743 811 1163 865 centurionibus
1226 811 1560 866 recitandam
1627 821 1804 867 curat.
1854 811 2012 867 Unde

433 903 511 958 illi
551 901 835 956 iracundia
881 900 1224 965 inﬂammati,
1263 901 1541 955 communi
1577 900 1810 955 consilio
1846 916 1904 955 se
1943 901 2012 954 ad

434 994 806 1052 Romanorum
835 994 1218 1064 imperatorem
1245 993 1498 1048 conferre
1525 1001 1852 1048 statuerunt.
1883 995 2014 1050 Post

434 1085 550 1141 haec
575 1086 740 1139 etiam
783 1085 929 1138 aliud
964 1084 1224 1154 quiddam
1270 1084 1559 1139 acciditad
1585 1085 1843 1139 Chosroae
1875 1084 2016 1140 inte-

433 1180 602 1233 ritum
634 1177 1046 1232 maturandum.
1080 1178 1214 1232 Nam
1248 1193 1374 1232 cum
1404 1179 1606 1233 multos
1632 1178 1860 1233 haberet
1883 1179 2016 1234 libe-

432 1289 546 1340 ros,
579 1274 784 1343 rejecto
819 1280 950 1326 natu
985 1271 1224 1325 maximo
1267 1269 1443 1335 Siroe,
1474 1271 1566 1326 alii
1601 1271 1816 1327 tradere
1841 1271 2016 1328 voluit

434 1380 701 1435 regnum,
764 1364 985 1418 nomine
1039 1363 1318 1418 Merdasae.
1367 1362 1486 1428 Quo
1538 1363 1724 1418 Siroes
1771 1366 2012 1435 cognito,

435 1457 743 1510 conciliatis
773 1456 877 1510 sibi
907 1456 1236 1526 quibusdam
1281 1455 1514 1524 satrapis
1537 1495 1553 1518 ,
1604 1465 1816 1525 patrem
1865 1457 2016 1511 inva-

435 1542 540 1605 dit,
591 1545 754 1613 eique
794 1544 847 1598 in
883 1544 1100 1598 vincula
1141 1544 1411 1612 conjecto,
1457 1558 1582 1598 cum
1621 1545 1854 1599 multum
1896 1547 2016 1600 auri

436 1645 494 1690 et
524 1637 888 1704 pretiosarum
926 1651 1266 1706 gemmarum
1308 1649 1535 1690 acervos
1561 1637 1670 1706 85
1698 1639 2016 1708 proposuis-

436 1735 523 1780 set
551 1743 564 1778 :
595 1725 668 1780 06
699 1727 827 1790 Iurc,
871 1727 1070 1794 inquit,
1105 1724 1373 1780 Romanos
1418 1734 1598 1780 contra
1629 1727 1818 1782 Persas
1843 1730 2018 1782 conci-

2118 530 2312 593 σιλέως
2334 531 2434 598 τὴν
2460 529 2703 599 Περσίδα
2736 527 3066 598 ληϊζομένου
3090 523 3187 579 καὶ
3231 527 3685 597 κατατρέχοντος,

2117 621 2195 684 είς
2230 619 2602 691 Κτησιφῶντα
2641 619 2948 688 κατέφυγε.
2998 616 3396 686 Διαδληθέντος
3447 617 3505 670 δὲ
3553 620 3690 686 πρὸς

2117 713 2282 765 αὑτὸν
2318 713 2412 766 τοῦ
2445 711 2862 783 ἀρχισατράπου
2890 709 3202 780 Σαρϐἀρου,
3223 708 3299 771 ὡς
3315 709 3384 761 τὰ
3409 707 3520 760 τῶν
3553 707 3691 760 Ῥωο

2122 804 2298 874 μαίων
2325 802 2678 874 φρονοῦντος,
2735 801 2886 871 αὐτῷ
2946 801 3004 854 δὲ
3055 798 3495 870 λοιδορουμένου,
3575 799 3694 849 ἐπι-

2122 895 2328 949 στέλλει
2419 895 2497 963 τῷ
2577 895 2980 963 ὑποστρατήγῳ
3035 891 3202 946 αὑτοῦ
3259 891 3350 944 τὸν
3409 891 3694 960 Σάρὸαρον

2120 988 2337 1043 ἀνελεῖν
2366 988 2465 1060 (8).
2503 987 2610 1041 Τοῦ
2638 987 2696 1041 δὲ
2755 987 2855 1057 τὴν
2902 984 3196 1054 ἐπιστολὴν
3249 983 3459 1050 ταύτην
3534 986 3694 1051 κομί-

2118 1080 2308 1146 ζοντος
2364 1083 2426 1134 ιν
2477 1080 2557 1152 τῷ
2606 1079 2830 1134 ἀπιέναι
2889 1076 3293 1148 συλληφθέντος
3352 1075 3509 1147 παρὰ
3563 1075 3696 1128 Ῥωο

2123 1171 2321 1239 μαίων,
2349 1175 2445 1226 καὶ
2468 1170 2813 1241 ἀπαχθέντος
2853 1172 2935 1232 είς
2985 1168 3048 1222 τὸ
3101 1165 3419 1230 Βυζάντιον,
3475 1163 3694 1232 γνόντες

2119 1264 2190 1317 τὰ
2216 1266 2274 1318 ὲν
2305 1264 2447 1335 αὐτῇ
2474 1262 2848 1334 γεγραμμένα
2876 1264 2926 1314 οἱ
2959 1261 3066 1314 τῶν
3103 1258 3304 1313 κοινῶν
3350 1255 3696 1328 πραγμάτων

2118 1356 2392 1427 διοικηταὶ
2415 1356 2700 1410 στέλλουσι
2724 1354 2955 1425 ταύτην,
2984 1353 3080 1406 καὶ
3107 1351 3203 1404 τὸν
3226 1351 3398 1415 αὐτῆς
3424 1347 3695 1416 κομιστὴν

2121 1449 2260 1518 πρὸς
2292 1448 2385 1501 τὸν
2423 1448 2712 1518 Σάρσαρον
2737 1462 2752 1481 ·
2785 1445 2881 1499 καὶ
2919 1444 2978 1508 ὃς
3028 1444 3100 1498 τὰ
3162 1439 3533 1510 γεγραμμένα
3569 1439 3700 1492 ἀναι-

2128 1544 2317 1611 γνοὺς,
2375 1544 2473 1596 καὶ
2533 1540 2630 1595 τοῦ
2675 1538 3148 1612 γραμματοφόρου
3215 1521 3545 1606 πυθόμενος,
3605 1534 3699 1587 καὶ

2127 1631 2316 1703 μαθὼν
2340 1634 2442 1703 τὴν
2479 1633 2710 1703 γνώμην
2725 1631 2998 1704 Χοσρόου,
3033 1633 3238 1700 ἑτέραν
3297 1628 3530 1682 πλάττει
3581 1627 3697 1678 ὲπι-

2125 1724 2322 1788 στολὴν
2352 1723 2683 1778 κελεύουσαν
2713 1723 2878 1778 αὐτόν
2905 1740 2964 1776 τε
3016 1722 3113 1776 καὶ
3174 1720 3404 1782 πολλοὺς
3481 1717 3698 1787 ἑτέρους

441 1819 590 1879 tasti,
625 1827 672 1870 et
698 1820 892 1871 mutuis
921 1817 1147 1871 aedibus
1177 1826 1226 1870 et
1255 1817 1489 1871 cladibus
1523 1821 1763 1889 grassari
1790 1822 2019 1891 coegisti.

2127 1818 2417 1888 σατράπας
2445 1817 2539 1871 καὶ
2563 1816 2884 1887 χιλιάρχους
2908 1814 3294 1885 ἀναιρεθῆναι,
3327 1813 3425 1865 καὶ
3453 1812 3580 1873 τοὺς
3607 1809 3696 1863 τοῦ

439 1906 636 1961 Fruere
678 1910 836 1976 igitur
883 1909 1155 1962 desideriis
1188 1910 1312 1962 tuis.
1344 1909 1552 1964 Deinde
1587 1911 1762 1964 lilium
1805 1926 2023 1982 quoque

439 1997 587 2052 illius
631 1998 957 2064 Merdasam,
1003 2001 1092 2053 cui
1127 2015 1355 2069 regnum
1401 2000 1726 2066 destinarat,
1768 2012 2024 2057 caeteros-

440 2103 547 2158 que
597 2089 801 2143 liberos
848 2090 902 2143 in
947 2100 1248 2159 conspectu
1295 2091 1482 2154 illius,
1533 2106 1598 2146 ac
1647 2100 1763 2146 tum
1802 2091 2024 2147 demum

441 2179 622 2247 ipsum
653 2195 870 2248 quoque
899 2181 1141 2236 sustulit.
1175 2178 1249 2234 Ita
1278 2195 1446 2251 regno
1473 2181 1762 2236 Persarum
1794 2182 2023 2252 potitus,

440 2271 653 2339 legatos
705 2273 771 2325 ad
821 2272 1134 2326 Heraclium
1187 2274 1376 2338 mittit,
1425 2272 1683 2327 Chrisroae
1739 2275 2023 2328 interitum

440 2363 520 2416 illi
548 2366 830 2424 nuntians,
864 2379 1107 2433 paceque
1131 2364 1293 2425 facta,
1330 2380 1522 2419 omnes
1552 2366 1827 2420 Romanos
1853 2366 2027 2436 capti-

438 2467 538 2506 vos
568 2453 821 2518 dimittit,
852 2463 908 2508 et
941 2454 1274 2509 venerabilia
1325 2455 1470 2524 ligna
1521 2455 1777 2510 salutaris
1821 2457 2025 2520 crucis,

442 2554 497 2597 et
544 2545 914 2612 patriarcliam
978 2547 1534 2616 Hierosolymitanum
1582 2546 1900 2603 Zachariam
1949 2547 2027 2603 illi

445 2637 708 2692 restituit.
747 2637 1054 2708 Imperator
1083 2638 1325 2694 vicissim
1358 2641 1561 2708 Persis,
1591 2641 1738 2711 quia
1767 2643 2029 2697 Romanis

444 2727 798 2796 tenebantur,
827 2729 1050 2785 domum
1079 2730 1346 2785 redeundi
1372 2740 1699 2801 potestatem
1730 2732 1900 2788 dedit.
1930 2733 2032 2788 His

441 2821 706 2875 sexennio
745 2823 1003 2891 peractis,
1042 2833 1100 2879 et
1140 2825 1394 2894 pretiosis
1442 2825 1607 2897 lignis
1648 2826 1883 2896 ipsoque
1931 2841 2029 2896 pa-

443 2912 683 2968 triarcha
737 2915 1132 2988 Hierosolyma
1180 2918 1494 2984 restitutis,
1551 2919 1839 2976 Heraclius
1881 2934 2029 2974 anno

441 3005 680 3072 septimo
725 3006 783 3061 in
809 3007 1014 3078 regiam
1063 3023 1368 3079 regressus,
1401 3023 1431 3062 a
1464 3019 1659 3064 senatu
1713 3009 2028 3079 populoque

443 3093 744 3164 Byzantino
789 3096 928 3152 laetis
977 3098 1503 3165 acclamationibus,
1546 3107 1604 3154 et
1646 3113 1770 3154 cum
1811 3098 2026 3168 plausu,

2124 1910 2538 1980 στρατεύματος
2579 1907 2950 1980 προῦχοντας.
2979 1907 3240 1962 Πείθειδὲ
3284 1908 3383 1959 καὶ
3434 1906 3528 1958 τὸν
3601 1903 3699 1970 τὴν

2124 2003 2428 2072 ἐπιστολὴν
2450 2003 2546 2054 τοῦ
2566 2003 2810 2073 Χοσρόου
2842 2001 3151 2070 κομίσαντα
3185 1999 3366 2067 λέγειν
3428 1999 3512 2050 ὅτι
3547 1996 3699 2065 παρὰ

2125 2097 2366 2166 Χοσρόου
2387 2095 2600 2167 ταύτην
2624 2095 2786 2148 ἔλαϐε
2830 2095 2932 2164 τὴν
2989 2093 3303 2162 ἐπιστολήν.
3367 2089 3699 2156 Συναγαγὼν

2123 2184 2226 2241 οὖν
2257 2187 2385 2250 τοὺς
2415 2187 2522 2241 τῶν
2548 2186 2848 2254 ταγμάτων
2879 2184 3340 2256 ἠγεμονεύοντας,
3373 2184 3430 2236 ἐν
3481 2182 3701 2252 ἐπηκόῳ

2125 2279 2344 2333 πάντων
2367 2280 2466 2351 τὴν
2496 2279 2786 2349 ἐπιστολὴν
2810 2276 3230 2346 ἀναγνωσθῆναι
3263 2277 3556 2345 πεποίηκε.
3596 2275 3699 2328 Θυ-

2129 2373 2232 2443 μοῦ
2264 2373 2442 2427 τοίνυν
2463 2373 2797 2442 πλησθέντες
2818 2372 2870 2423 οί
2897 2371 3006 2424 τῶν
3026 2370 3323 2439 ταγμάτων
3353 2368 3645 2438 ἑξάρχοντε
3656 2383 3699 2430 ζ,

2127 2463 2283 2531 κοινῆ
2313 2463 2598 2516 συνέθεντο
2629 2461 2706 2531 τῷ
2737 2459 2952 2530 βασιλεῖ
2976 2458 3317 2530 προσελθεῖν.
3337 2457 3460 2509 Ἐπὶ
3489 2455 3697 2515 τούτοις

2132 2555 2208 2624 (9)
2242 2557 2336 2609 καὶ
2381 2555 2574 2625 ξτερόν
2591 2571 2644 2607 τι
2677 2553 3045 2624 συμδέὸηκεν,
3083 2549 3112 2602 ὃ
3135 2549 3228 2602 τὸν
3249 2546 3502 2617 Χοσρόην
3577 2545 3700 2596 διώ-

2130 2651 2253 2703 λεσε
2287 2665 2302 2681 ·
2332 2650 2530 2713 παῖδας
2559 2649 2668 2721 γὰρ
2700 2648 2838 2718 ἔχων
2861 2644 3214 2709 πολλοὺς,τὺν
3239 2643 3500 2697 ἁπάντων
3530 2657 3697 2710 πρεσο

2129 2740 2360 2813 σύτερον
2395 2741 2594 2813 Σιρόην
2625 2736 3217 2811 παραγκωνιζόμενος,
3259 2732 3543 2805 ὴδουλήθη
3584 2731 3697 2785 διά-

2127 2833 2282 2906 δοχον
2308 2833 2409 2904 τῆς
2457 2832 2636 2902 ἀρχῆς
2711 2831 2898 2902 ἕτερον
2951 2824 3306 2898 ποιήσασθαι,
3361 2823 3698 2893 καλούμενον

2127 2922 2444 2994 Μερδασᾶν.
2471 2923 2538 2976 Ὃ
2577 2921 2738 2990 γνοὺς
2767 2919 2797 2973 6
2819 2918 3036 2990 Σιρόης,
3069 2917 3165 2972 καί
3200 2933 3355 2980 τινας
3431 2913 3545 2968 τῶν
3611 2930 3698 2965 σα-

2129 3014 2352 3086 τραπῶν
2378 3009 3194 3082 ύποποιησάμενος,ιπιτίθεται
3213 3007 3289 3077 τῷ
3305 3006 3496 3076 πατρὶ,
3514 3004 3702 3073 δεσμεῖ

2127 3117 2190 3154 τε
2217 3101 2428 3165 τοῦτον,
2459 3105 2551 3154 καὶ
2579 3099 2782 3170 χρυσὸν
2808 3099 2967 3174 αὐτῷ.
2985 3099 3152 3153 πολὺν
3181 3096 3546 3166 παρατίθησι,
3605 3091 3699 3144 καὶ

448 3186 896 3253 splendidissime
935 3190 1235 3260 excipitur.

2134 3188 2301 3243 λίθων
2323 3189 2432 3242 τῶν
2463 3189 2781 3258 πολυτίμων
2808 3191 3042 3260 σωροὺς,
3090 3189 3195 3244 Διὰ
3214 3189 3402 3244 ταῦτα
3439 3186 3578 3257 (ιο),
3611 3184 3694 3236 λέ-

441 3296 581 3345 γων,
625 3279 934 3349 Ῥωμαίοις
959 3282 1099 3348 τοὺς
1126 3281 1363 3350 Πέρσας
1426 3282 1891 3352 ἐξεπολέμωσας
1965 3278 2066 3334 καὶ
2101 3279 2406 3348 ἀλλήλοις
2444 3279 2769 3350 μάχεσθαι,
2833 3281 2933 3334 καὶ
2967 3279 3414 3351 διαφθείρεσθαι
3482 3295 3698 3343 κατηγο

459 3368 730 3437 ιὶγκαζες,
761 3372 1039 3426 ἀπόλαυε
1061 3373 1274 3427 τοίνυν
1306 3372 1426 3426 τῶν
1463 3371 1691 3440 ἐφετῶν
1719 3389 1840 3427 σοι.
1899 3368 2033 3425 Εἶτα
2070 3370 2164 3424 τὸν
2196 3370 2313 3424 υίὸν
2377 3369 2544 3424 αὑτοῦ
2598 3371 2914 3442 Μερδασᾶν,
2944 3365 2986 3439 ᾧ
3021 3373 3120 3444 τὴν
3156 3371 3264 3426 τῶν
3294 3371 3522 3440 Περσῶν
3576 3373 3698 3423 ἀνεο

441 3460 586 3513 τᾲθει
617 3463 813 3533 ἀρχὴν,
849 3464 1028 3517 ἀνεῖλε
1061 3465 1168 3536 πρὸ
1193 3465 1492 3537 ὀφθαλμῶν
1529 3466 1718 3531 αὐτοῦ,
1750 3466 1886 3520 ἀλλὰ
1919 3466 2028 3537 μὴν
2060 3467 2156 3519 καὶ
2213 3465 2340 3529 τοὺς
2367 3465 2564 3529 ἄλλους
2624 3467 2822 3531 παῖδας
2849 3466 3040 3532 αὑτοῦ,
3067 3467 3164 3521 καὶ
3195 3467 3291 3520 ἐπὶ
3337 3467 3474 3520 πᾶσι
3505 3466 3698 3519 κάκεῖ-

445 3574 555 3612 νιν.
610 3560 920 3632 Ἐγκρατὴς
950 3557 1042 3616 οὖν
1075 3563 1187 3634 (Η)
1232 3565 1334 3634 τῆς
1389 3563 1500 3618 τῶν
1543 3549 1780 3631 ’Περσῶν
1839 3562 2019 3634 ἀρχῆς
2053 3560 2318 3632 γεγονὼς,
2385 3562 2762 3633 διαπέμπεται
2821 3564 2961 3634 πρὸς
3017 3562 3367 3634 Ἡράκλειον,
3425 3559 3522 3613 τοῦ
3596 3560 3698 3612 Xo.

449 3653 613 3719 σρόου
651 3653 876 3724 ὄλεθρον
903 3655 1053 3726 αὐτῷ
1087 3657 1604 3726 ἀναγγελιζόμενος,
1637 3657 1733 3710 καὶ
1800 3656 2169 3727 σπεισάμενος
2237 3655 2410 3727 αὐτῷ,
2479 3657 2689 3719 πάντας
2736 3655 2863 3719 τοὺς
2918 3657 2977 3710 ὲν
3032 3656 3255 3727 Περσίδι
3314 3655 3696 3726 αίχμαλώτους

461 3743 768 3828 Ῥωμαίους
799 3745 1121 3817 ἐλευθέρους
1154 3747 1356 3816 ἀφῆκε,
1421 3748 1517 3800 καὶ
1571 3747 1640 3799 τὰ
1689 3744 1848 3816 τίμια
1897 3744 2031 3810 ξύλα
2066 3744 2162 3798 τοῦ
2230 3745 2504 3815 σωτηρίου
2579 3744 2817 3814 σταυροῦ
2869 3743 3021 3814 αύτῷ
3071 3744 3404 3810 ἀποδέδωκε,
3461 3744 3560 3797 καὶ
3606 3743 3695 3797 τὸν

448 3843 797 3911 πατριάρχην
828 3842 928 3911 τῆς
969 3841 1334 3912 Ἰερουσαλὴμ
1381 3839 1681 3911 Ζαχαρίαν.
1756 3841 1866 3893 Καὶ
1926 3840 1955 3891 6
2021 3839 2280 3910 βασιλεὺς
2341 3836 2499 3904 αὖθις
2531 3839 2740 3902 πάντας
2766 3840 2892 3904 τοὺς
2931 3839 3080 3910 παρὰ
3127 3839 3415 3909 Ῥωμαίων
3476 3857 3694 3909 κατεχο-

452 3937 648 4006 μένους
694 3934 910 4004 Πέρσας
941 3933 1198 3987 ἀπελθεῖν
1231 3933 1415 4002 ἀφῆκε
1447 3932 1586 4002 πρὸς
1645 3932 1771 3995 τοὺς
1797 3930 2058 3994 οἰκείους.
2101 3931 2289 3985 Ταῦτα
2311 3932 2370 3984 έν
2427 3932 2484 3998 ἒξ
2513 3933 2690 3985 ἔτεσιν
2717 3932 2922 3994 ἀνύσας
2985 3931 3330 4004 Ἡράκλειος,
3370 3933 3466 3987 καὶ
3488 3935 3692 3988 ἀποκαο

447 4029 725 4098 ταστήσας
754 4029 818 4097 τῇ
861 4026 1221 4096 Ἰερουσαλὴμ
1243 4026 1312 4079 τὰ
1358 4026 1516 4095 τίμια
1567 4025 1720 4091 ξύλα,
1777 4027 1874 4080 καὶ
1928 4027 2019 4079 τὸν
2061 4027 2414 4098 πατριάρχην
2476 4026 2661 4093 αὐτὸν,
2693 4027 2771 4098 τῷ
2794 4027 3009 4098 ἑϐδόμῳ
3033 4028 3337 4096 ἐπανῆλθεν
3363 4031 3445 4092 είς
3501 4032 3571 4082 τὰ
3605 4031 3693 4100 βα-

453 4124 648 4185 σίλεια,
687 4123 806 4192 μετ’
837 4121 1120 4193 εὐφημίας
1174 4120 1271 4174 καὶ
1329 4121 1543 4189 κρότων
1638 4121 1752 4192 (1‘2)
1813 4119 2027 4189 δεχθεὶς
2069 4119 2166 4172 καὶ
2222 4119 2634 4190 λαμπρότητος,
2669 4120 2821 4191 παρά
2876 4137 2936 4172 τε
2971 4120 3069 4192 τῆς
3097 4121 3394 4192 γερουσίας
3449 4123 3546 4176 καὶ
3599 4123 3690 4176 τοῦ

454 4216 618 4270 πλῆθι
632 4232 698 4277 υς
722 4216 818 4282 τῆς
847 4214 1078 4277 πόλεως.

531 4306 696 4361 XVII.
724 4307 1018 4370 Caeterum,
1045 4307 1099 4360 in
1131 4306 1312 4360 reditu
1371 4306 1742 4362 Jacobitarum
1792 4308 2019 4364 catholi-

2207 4301 2311 4356 IZ'.
2345 4299 2631 4370 Γενομένῳ
2689 4299 2745 4353 δὲ
2781 4299 2859 4371 τῷ
2908 4298 3124 4370 βασιλεῖ
3191 4299 3496 4372 Ἡρακλείῳ
3559 4304 3697 4357 κατὰ

453 4411 599 4458 cum,
627 4413 790 4465 quem
816 4398 891 4451 illi
918 4397 1281 4466 patriarcham
1301 4398 1605 4464 nominant,
1635 4397 2019 4470 Hierosolymis

2128 4393 2228 4464 τὴν
2272 4390 2651 4464 Ἰερουσαλὴμ,
2678 4393 2706 4444 6
2739 4391 2848 4445 τῶν
2881 4391 3215 4446 Ἱακωδιτῶν
3249 4393 3539 4459 καθολικὺς
3583 4396 3692 4467 (I5)

452 4487 748 4551 incusavit,
785 4499 844 4543 ut
869 4489 962 4558 qui
993 4488 1436 4546 Chalcedonense
1497 4491 1794 4546 concilium
1827 4493 2019 4560 impro-

2132 4483 2565 4556 προσελήλυθεν,
2608 4482 2671 4536 ὃν
2719 4485 2916 4537 ἐκείνοι
2974 4485 3321 4556 πατριάρχην
3388 4486 3693 4556 ὠνόμαζον.

455 4577 634 4644 baret,
675 4591 855 4646 neque
887 4577 1025 4632 duas
1045 4587 1270 4634 naturas
1300 4580 1356 4634 in
1387 4579 1610 4636 Christo
1656 4581 1796 4636 citra
1831 4581 2019 4637 confu-

2131 4577 2320 4648 Τούτῳ
2347 4575 2530 4631 τοίνυν
2554 4577 2583 4630 6
2611 4575 2870 4646 βασιλεὺς
2893 4576 3075 4630 αἰτίαν
3104 4581 3443 4648 προσῆπτεν,
3492 4580 3575 4633 δτι
3599 4580 3697 4650 τὴν

459 4666 680 4722 sionem
741 4668 923 4722 unitas
973 4671 1379 4725 conliteretur:
1434 4671 1581 4741 quod
1616 4670 1660 4725 si
1713 4671 1938 4738 faceret,
1968 4687 2019 4728 at

2130 4669 2191 4724 ὲν
2215 4668 2527 4738 Καλκηδόνι
2553 4668 2630 4738 μὴ
2658 4669 2870 4739 δέχοιτο
2898 4667 3140 4734 σύνοδον,
3181 4672 3320 4741 μηδὲ
3370 4672 3466 4726 δύο
3507 4673 3696 4742 φύσεις

454 4758 785 4816 sententiam
813 4759 1061 4814 eamdem
1091 4761 1546 4831 amplecteretur,
1576 4776 1634 4816 se
1661 4761 1812 4815 illum
1840 4761 2019 4817 Antio-

2140 4762 2199 4816 ἑν
2233 4759 2460 4831 Χριστῷ
2491 4757 2781 4829 ἡνωμένας
2805 4760 3084 4830 ὁμολογεῖ,
3112 4760 3288 4829 λέγων
3317 4763 3392 4825 ὡς
3433 4763 3482 4815 εί
3515 4780 3578 4832 γε
3600 4767 3695 4834 τὴν

451 4850 646 4905 ehem:
670 4850 928 4906 Ecclesiae
959 4852 1327 4921 patriarcham
1356 4852 1794 4922 designaturum.
1820 4853 1890 4906 At
1918 4853 2014 4910 ille

2130 4850 2347 4905 σύνοδον
2377 4851 2604 4917 δέξοιτο,
2645 4852 2743 4905 καὶ
2771 4851 2868 4906 δύο
2897 4853 3093 4920 φύσεις
3123 4854 3412 4924 ήνωμένας
3460 4856 3697 4924 ἀσυγχύ-

458 4940 624 4997 homo
655 4942 906 5009 callidus,
965 4950 1021 4998 ct
1064 4943 1208 4998 dolis
1251 4943 1470 5013 plenus,
1527 4949 1584 4996 et
1625 4942 1922 4999 concilium
1969 4959 2019 5001 se

2124 4962 2232 5008 τως
2261 4943 2357 4998 ἰπὶ
2387 4941 2483 4996 τοῦ
2509 4943 2763 5014 Σωτῆρος
2792 4945 3029 5018 Χριστοῦ
3058 4948 3411 5018 ὁμολογήσει,
3445 4948 3693 5019 ὁμόδοξον

459 5033 765 5101 approbare
815 5032 1058 5100 simulat,
1106 5044 1163 5089 et
1217 5033 1354 5087 duas
1417 5041 1642 5088 naturas
1689 5033 1746 5089 in
1809 5035 2019 5092 Christo

2131 5034 2292 5089 αὑτὸν
2314 5034 2596 5104 ἡγήσοιτο,
2659 5035 2753 5088 καὶ
2811 5038 2912 5108 τῆς
2982 5039 3304 5109 Ἀντιοχέων
3371 5040 3695 5109 Ἐκκλησίας

459 5126 641 5182 unitas
669 5141 729 5182 se
747 5125 995 5198 proﬁteri
1024 5127 1122 5183 ait.
1157 5126 1264 5183 Sed
1284 5125 1352 5181 de
1379 5126 1752 5182 voluntatibus
1777 5136 1834 5184 et
1853 5129 2019 5184 actio«

2146 5109 2498 5196 πατριάρχην
2538 5126 2888 5198 προδάλοιτο.
2934 5129 2992 5184 ⁸0
3015 5131 3071 5184 δὲ
3095 5131 3266 5196 δεινὸς
3299 5130 3374 5187 ὣν
3406 5133 3500 5186 καὶ
3534 5149 3696 5201 πονη-

1640 5241 1841 5302 Varite
1873 5239 2176 5303 lectiones
2221 5245 2283 5300 et
2323 5247 2512 5302 notua.

531 5368 608 5436 (8)
645 5369 754 5424 Τόν
791 5369 1098 5438 Σάρϐαρον
1125 5367 1386 5424 ἀνελεῖν.
1420 5368 1489 5422 At
1537 5367 1620 5422 ha:
1646 5369 1784 5421 ﬁcta:
1812 5365 2019 5422 fueranl

2131 5364 2354 5438 Ileracl.
2390 5364 2685 5438 Nicephor.
2717 5366 2821 5422 CP.
2858 5383 2945 5423 an.
2984 5369 3108 5426 628.

465 5435 802 5514 abil_I_er_-a_cli_o
826 5435 1045 5514 litteris.
1083 5439 1314 5514 Ijiceph.
1350 5439 1457 5514 QP.
1501 5455 1591 5492 an.
1620 5438 1746 5514 δξεξ.

2138 5513 2141 5514 ν
2201 5435 2487 5514 (ιῇνΜεῇ
2516 5439 2946 5514 εὐφημίας-παὶ
2981 5443 3228 5508 κρότων.
3272 5441 3426 5514 Hunc
3471 5457 3689 5512 appara-

536 5509 610 5580 (9)
645 5509 777 5561 Ἐπί
803 5512 1057 5580 τούτοις.
1088 5505 1314 5580 Niceph.
1348 5509 1453 5565 (ΣΡ.
1493 5524 1585 5564 an.
1622 5507 1748 5580 628.

2132 5513 2246 5580 tum
2279 5505 2620 5574 Nicephorus
2663 5505 2769 5562 CI’.
2819 5505 3180 5579 Theophanes
3227 5523 3283 5566 et
3323 5505 3556 5567 Cedreit:
3600 5529 3687 5565 au.

532 5575 775 5648 (⁷10)Διὰ
816 5575 1026 5636 ταῦτα.
1075 5575 1432 5637 Aliis—verbis
1482 5581 1596 5635 haec
1641 5578 1835 5632 recitat
1872 5577 2019 5632 Nicc-

2131 5575 2199 5627 i8
2224 5584 2548 5648 memorant.

463 5644 671 5716 phorus
693 5649 800 5704 CP.
1065 5716 1091 5720 _
1558 5719 1563 5720 ί
1732 5719 1738 5720 ί
1974 5719 1982 5720 ,
2008 5718 2019 5720 _

2133 5645 2417 5720 *μω-Ὀ
2453 5644 2944 5720 abl-fletuum:th
2975 5652 3310 5716 καθολικός.
3342 5652 3688 5720 Athanasius,

535 5721 578 5786 (Ι
598 5721 644 5786 l)
671 5720 994 5788 Ἐγκρατὴς
1021 5716 1151 5776 οὖν,
1177 5721 1470 5776 Chronicon
1496 5719 1789 5776 Alexandr.
1825 5732 1912 5772 an.
1967 5718 2019 5772 ιε

2131 5713 2378 5784 Tltcoph.
2407 5728 2496 5771 au.
2525 5713 2593 5770 20
2630 5714 2870 5788 Heracl;
2901 5719 3129 5775 Ccdrcn.
3175 5713 3388 5780 ειυίὶζί.
