3994 6246
383 328 517 392 1235

1607 333 1707 394 ΑΝ
1723 333 2020 395 NALIUM
2063 335 2214 396 LIB.
2258 337 2410 400 XIV.

3499 345 3638 412 1286

377 446 500 514 ρίας
542 440 759 512 μεστὸς,
823 441 914 497 ἵνα
974 442 1050 514 μή
1100 441 1418 516 ἀτευκτήσῃ
1501 447 1598 515 τῆς
1666 445 1953 516 βασιλικῆς

2066 445 2223 501 nibus
2284 457 2657 518 percontatur,
2715 457 2898 506 utrum
2933 466 3026 507 eas
3073 453 3328 524 duplices
3375 471 3444 511 an
3497 475 3633 514 vero

375 535 749 604 ὑποσχέσεως,
777 536 876 606 τήν
892 552 950 588 τε
977 535 1196 589 σύνοδον
1219 536 1675 607 ύποκεκριμένως
1733 535 1948 601 ἐδέξατο

373 627 470 679 καὶ
486 627 579 678 δύο
617 626 808 697 φύσεις
834 630 925 681 ἐπὶ
955 628 1197 700 Χριστοῦ
1233 629 1413 697 λέγειν
1439 631 1730 699 ήνωμένας
1782 630 1948 684 κατέ-

377 715 520 770 θετο.
558 717 690 786 Περὶ
725 717 782 770 δέ
811 735 876 787 γε
903 718 1012 772 τῶν
1041 718 1367 790 θελημάτων
1394 723 1488 773 καὶ
1518 720 1630 773 τῶν
1655 721 1949 791 ἐνεργειῶν

375 808 734 875 ἐπυνθάνετο,
765 812 814 864 εἰ
833 811 984 866 διττὰ
1011 810 1183 864 ταῦτα
1211 811 1397 880 λέγειν
1423 812 1620 884 χρεὼν,
1682 812 1715 885 ἢ
1773 814 1950 869 ἐνιαῖά

371 912 435 950 τε
463 899 558 951 κα)⁵
595 901 908 969 μοναδικά;
968 901 1028 957 Ὀ
1083 902 1128 955 δ’
1162 903 1527 973 αὐτοκράτωρ
1578 906 1782 976 γράφει
1822 908 1952 976 περὶ

371 991 571 1044 τούτου
606 993 670 1062 δὴ
702 993 798 1047 τοῦ
833 993 1152 1065 ζητήματος
1183 997 1322 1068 πρὸς
1349 998 1442 1051 τὸν
1501 1000 1950 1052 Κωνσταντινου-

375 1084 586 1147 πόλεως
615 1087 863 1156 Σέργιον.
905 1089 1174 1154 Κάκεῖνος
1205 1091 1379 1144 πάλαι
1428 1092 1497 1144 τὰ
1531 1095 1631 1162 τῆς
1709 1094 1951 1145 Μονοθε-

373 1173 560 1243 λητῶν
601 1176 923 1246 πρεσϐεύων
950 1179 1237 1249 αἱρέσεως,
1301 1182 1431 1252 μίαν
1459 1182 1697 1251 φυσικὴν
1731 1181 1952 1251 θέλησιν

375 1267 472 1320 καὶ
509 1270 641 1338 μίαν
681 1272 964 1338 ἐνέργειαν
993 1271 1102 1324 δεῖν
1139 1273 1490 1342 δογματίζειν
1542 1277 1630 1327 ἐπὶ
1687 1275 1948 1346 Χριστοῦ,

375 1360 456 1431 τῷ
485 1359 697 1431 βασιλεῖ
720 1362 1175 1416 ἁνταπέστειλεν.
1229 1363 1392 1418 Ἀλλὰ
1453 1366 1549 1418 καὶ
1603 1365 1784 1437 Κύρον
1835 1365 1948 1436 (Η)

375 1453 669 1524 ἐρωτήσας
696 1453 790 1506 τὸν
844 1455 1095 1521 Φάσιδος,
1127 1455 1204 1525 τῷ
1244 1457 1456 1526 Σεργίῳ
1529 1455 1768 1526 εὕρηκεν
1825 1459 1955 1524 ὁμο-

373 1544 662 1615 γνώμονα.
691 1545 920 1610 Τούτοις
954 1549 1048 1600 καὶ
1077 1546 1241 1610 αὐτὸς
1257 1547 1521 1618 ὑπαχθεὶς
1549 1548 1577 1600 ὁ
1607 1549 1950 1617 Ἡράκλειος,

374 1639 475 1706 τῆς
501 1636 657 1709 δέξης
692 1638 904 1706 γίνεται
943 1637 1172 1708 ταύτης,
1201 1640 1294 1692 καὶ
1328 1641 1644 1711 ἀνατροπὴν
1676 1641 1954 1707 ποτίζεται

379 1730 609 1798 θολερὰν
660 1731 814 1803 παρὰ
859 1731 966 1784 τῶν
1020 1731 1331 1800 μισθωτῶν,
1395 1732 1514 1785 ἀλλ’
1563 1734 1623 1785 οὐ
1676 1733 1954 1802 ποιμένων

376 1822 626 1876 ἐκείνων.
655 1821 763 1875 Τοῦ
789 1823 1102 1894 Σωφρονίου
1139 1823 1250 1894 (15)
1277 1824 1464 1892 μέντοι
1497 1822 1593 1878 τοῦ
1657 1824 1802 1892 ἱεροῦ
1853 1826 1948 1878 τοῦ
1981 1813 2024 1868 Β

380 1913 871 1984 ἐνἸεροσολύμοις
921 1915 1436 1986 ἁρχιερατεύοντος,
1494 1916 1618 1969 τότε
1688 1917 1815 1979 τοὺς
1865 1917 1954 1986 ὑφ’

380 2005 574 2058 ἐαυτὸν
600 2007 880 2078 ἀρχιερεῖς
958 2007 1442 2078 συναθροίσαντος,
1517 2009 1612 2061 καὶ
1661 2001 1966 2073 συνοδικῶς

381 2097 794 2166 ἀποδείξαντος,
827 2099 953 2164 τοῦς
975 2099 1106 2170 μίαν
1129 2101 1392 2168 λέγοντας
1416 2100 1638 2170 θέλησιν
1674 2104 1769 2156 καὶ
1802 2103 1958 2173 ἐνέρ-

379 2205 538 2257 γειαν
575 2191 668 2243 ἐπὶ
696 2192 805 2244 τῶν
827 2191 922 2245 δύο
949 2192 1164 2261 φύσεων
1187 2192 1280 2246 τοῦ
1313 2193 1578 2263 Χριστοῦ,
1632 2197 1766 2265 μίαν
1808 2197 1958 2250 ἄντι-

382 2299 521 2352 κρυς
545 2285 636 2335 καὶ
663 2281 825 2352 φύσιν
852 2284 1148 2354 κηρύττειν
1185 2300 1199 2316 ·
1259 2285 1558 2357 σύμψηφον
1621 2287 1679 2341 δὲ
1737 2288 1958 2358 σχόντος

381 2373 474 2426 ἐπὶ
497 2375 692 2446 τούτῳ,
729 2376 822 2428 καὶ
853 2377 944 2430 τὸν
977 2378 1169 2449 θρόνον
1192 2379 1295 2450 τῆς
1322 2379 1706 2450 πρεσϐυτέρας
1741 2381 1959 2450 Ῥώμης

384 2465 641 2518 διέποντα
707 2467 1000 2537 Ἰωάννηνο
1032 2471 1061 2521 ὁ
1154 2470 1412 2540 βασιλεὺς
1490 2471 1755 2538 προέθετο
1825 2473 1960 2542 πρό-

386 2572 646 2627 γραμμα,
671 2561 808 2629 μήτε
835 2561 1046 2614 ἑνιαίαν
1091 2561 1403 2633 ἐνέργειαν,
1463 2564 1600 2633 μήτε
1642 2564 1831 2634 διττὴν
1900 2565 1959 2616 ἐν

382 2650 610 2722 Χριστῷ
640 2653 1089 2724 δογματίζεσθαι.
1133 2656 1198 2708 Ὃ
1238 2654 1653 2725 καταγέλαστον
1732 2656 1792 2708 ού
1845 2656 1960 2718 τοῖς

384 2741 716 2814 ὀρθόφροσιν
753 2745 931 2798 ἐδόκει
960 2746 1142 2816 μόνον,
1201 2747 1340 2800 ἀλλὰ
1409 2748 1506 2801 καὶ
1551 2749 1666 2810 τοῖς
1715 2747 1959 2818 Σεϐήρου

385 2834 677 2905 ὁμόφροσι.
710 2838 938 2907 Σεργίου
967 2839 1080 2911 (16)
1125 2838 1182 2893 δὲ
1216 2839 1311 2894 τοῦ
1356 2838 1450 2893 τὸν
1501 2839 1690 2912 θρόνον
1743 2837 1962 2909 ἔχοντος

387 2927 1024 2994 Κωνσταντινουτιόλεως
1093 2931 1194 3002 τήν
1280 2931 1427 3003 ζωὴν
1544 2931 1960 3001 καταστρέψαν-

379 3036 493 3083 τος,
559 3020 776 3093 Πύρρος
834 3022 999 3076 αὐτὸν
1068 3022 1363 3089 διεδέξατο,
1417 3025 1486 3078 τὰ
1575 3024 1716 3078 αὐτὰ
1763 3025 1960 3096 ἐκείνῳ

2059 553 2194 592 unas
2241 547 2297 591 et
2347 540 2591 611 singulas
2640 541 2748 596 dici
2780 543 2860 597 fas
2925 543 3037 597 sit?
3094 547 3221 599 Eam
3279 550 3632 616 quaestionem

2059 631 2359 702 imperator
2386 633 2455 687 ad
2491 633 2741 705 Sergium
2771 636 3137 705 patriarcham
3166 637 3636 712 Constantinopo-

2059 721 2288 778 litanum
2327 725 2537 780 scribit.
2579 726 2837 792 Quicum
2896 729 3105 799 pridem
3155 730 3636 788 Monothelitarum

2059 813 2308 870 hzeresim
2345 817 2624 886 probaret,
2659 834 2822 872 unam
2857 821 3170 876 naturalem
3202 823 3560 889 voluntatem,
3582 835 3638 880 et

2060 921 2224 960 unam
2249 907 2518 962 actionem
2557 909 2612 964 in
2638 908 2858 966 Christo
2885 911 3230 967 statuendam
3263 929 3382 968 esse
3403 914 3636 985 impera‘

2063 999 2163 1053 tori
2194 1000 2468 1054 rescribit.
2496 1001 2704 1073 Rogato
2727 1003 2868 1074 Cyro
2896 1004 3151 1058 Phasidis
3180 1005 3462 1074 episcOpo.
3507 1023 3632 1060 eum
3710 1067 3712 1069 ς

2059 1110 2278 1164 quoque
2308 1096 2448 1150 idem
2475 1098 2680 1152 sentire
2701 1115 2823 1152 cum
2854 1099 3046 1169 Sergio
3075 1099 3351 1170 intelligit.
3387 1103 3632 1166 Quorum

2061 1188 2394 1243 auctoritate
2425 1199 2608 1244 motus
2638 1191 2943 1254 lieraclius,
2965 1200 3023 1246 et
3059 1192 3175 1261 ipse
3211 1193 3460 1246 eamdem
3520 1192 3640 1260 Opi-

2062 1280 2280 1334 nionem
2303 1283 2673 1350 amplectitur,
2695 1294 2750 1338 ct
2769 1284 3040 1339 turbidam
3063 1301 3259 1354 aquam
3286 1284 3424 1340 bibit
3447 1285 3640 1340 abillis

2061 1389 2171 1427 non
2200 1375 2530 1443 pastoribus,
2565 1377 2658 1430 sed
2691 1377 3042 1432 mercenariis
3069 1377 3388 1432 exhibitam.
3427 1375 3632 1432 Verum

2063 1481 2188 1520 cum
2243 1477 2468 1521 sanctus
2497 1467 2840 1536 Sophronius
2883 1481 2996 1525 tum
3054 1485 3270 1525 summo
3331 1469 3638 1524 sacerdotio

2068 1555 2302 1625 {litigens
2333 1556 2751 1628 Hierosolymis,
2803 1559 3068 1627 subjectis
3115 1559 3220 1613 sibi
3256 1558 3639 1613 sacerdotibus

2063 1649 2398 1713 convocatis,
2442 1663 2540 1718 per
2601 1649 2819 1702 concilii
2885 1648 3103 1703 modum
3154 1649 3636 1704 demonstrasset:

2063 1739 2156 1808 qui
2186 1755 2349 1792 unam
2386 1739 2445 1792 in
2497 1738 2715 1794 duobus
2783 1737 2992 1795 Christi
3041 1739 3254 1793 naturis
3304 1739 3638 1793 voluntatem

2060 1843 2224 1900 atque
2257 1830 2528 1884 actionem
2554 1828 2914 1896 afﬁrmarent,
2954 1847 3048 1886 eos
3087 1831 3262 1900 palam
3313 1846 3476 1884 unam
3503 1846 3643 1900 quo-

2059 1937 2166 1990 que
2198 1921 2310 1992 86
2346 1930 2600 1975 naturam
2642 1929 2908 1985 statuere,
2981 1921 3145 1990 eique
3198 1921 3435 1975 Joannes
3500 1935 3638 1990 [vara

2059 2015 2340 2068 Romanus
2369 2028 2630 2068 assensus
2672 2023 2844 2078 esset,
2878 2012 3177 2083 imperator
3208 2012 3449 2066 edictum
3514 2026 3643 2080 pro-

2057 2106 2256 2175 ponit:
2322 2105 2510 2176 Neque
2573 2106 2929 2176 singularem,
3004 2121 3185 2175 neque
3252 2106 3517 2159 hinariam
3587 2104 3642 2158 in

2057 2197 2279 2252 Christo
2299 2200 2594 2260 actionem,
2620 2213 2739 2252 esse
2767 2198 3146 2252 assercndam.
3171 2199 3226 2249 id
3253 2199 3490 2250 edictum
3517 2211 3628 2249 non

2059 2291 2379 2345 orthodoxis
2409 2301 2641 2356 tantum,
2669 2290 2763 2344 sed
2795 2289 2986 2344 Severi
3015 2291 3182 2344 etiam
3239 2289 3642 2350 sectatoribus,

2061 2381 2355 2435 ridiculum
2396 2381 2592 2435 visum.
2622 2380 2811 2450 Sergio
2839 2380 3162 2449 patriarchae
3181 2381 3644 2447 Constantinopo-

2058 2473 2228 2528 litano
2247 2474 2525 2538 defuncto,
2547 2472 2788 2544 Pyrrhus
2807 2473 3049 2544 ejusdem
3073 2471 3350 2541 opinionis
3373 2471 3640 2536 succclit,

2059 2567 2348 2620 sententia:
2379 2565 2505 2637 Cyri
2536 2575 2591 2620 et
2641 2565 2828 2620 Severi
2857 2574 2912 2619 et
2938 2563 3240 2618 admirator
3273 2572 3327 2618 et
3364 2562 3636 2632 approba-

2065 2669 2167 2714 tor.
2201 2659 2258 2713 In
2287 2658 2479 2714 eodem
2513 2657 2831 2727 triumphali
2861 2671 2927 2711 ex
2954 2655 3142 2712 Persia
3171 2655 3373 2719 reditu,
3404 2655 3641 2709 Moame-

2063 2760 2152 2807 tus
2186 2751 2588 2805 Saracenorum
2618 2750 2878 2819 princeps
2927 2748 3316 2819 imperatorem
3361 2748 3641 2803 convenit.

2063 2841 2125 2895 Ei
2154 2839 2493 2911 principatus
2519 2855 2628 2893 non
2651 2855 2717 2894 ex
2742 2840 3029 2894 nobilitate
3067 2839 3286 2910 generis
3312 2841 3644 2910 contigerat.

2061 2933 2198 2988 Nam
2227 2947 2354 2986 cum
2401 2946 2612 3001 pauper
2656 2942 2820 2992 esset,
2887 2930 3149 3000 locupleti
3181 2931 3406 2985 cuidam
3463 2930 3642 2985 vidua:

2062 3024 2318 3080 mercede
2352 3025 2640 3084 servierat,
2672 3037 2837 3092 quam
2900 3023 3194 3093 praestigiis
3221 3022 3550 3092 quihusdam
3583 3023 3641 3078 in

385 3110 647 3179 δοξάζων,
681 3116 864 3168 καὶτὰ
893 3113 1141 3185 Σεϐήρου
1174 3115 1273 3168 καὶ
1303 3115 1493 3184 Κύρου
1524 3116 1703 3169 σέϐων
1747 3132 1808 3169 τε
1845 3119 1959 3171 ,καὶ

2066 3133 2307 3172 amorem
2345 3117 2425 3172 sui
2454 3115 2767 3186 pellectam,
2810 3130 3036 3169 uxorem
3075 3115 3332 3170 duxerat.
3371 3114 3478 3169 Sed
3503 3115 3633 3184 quia

383 3205 590 3274 κυρῶν.
635 3207 1064 3277 ’Υποστρέφοντι
1095 3207 1152 3261 δὲ
1179 3211 1259 3280 τῷ
1284 3206 1496 3279 βασιλεῖ
1514 3208 1690 3276 τούτῳ
1719 3210 1783 3263 ἐκ
1815 3209 1956 3280 Περ-

385 3297 532 3359 σίδος
555 3299 968 3369 τροπαιοφόρῳ,
1008 3301 1262 3370 πρόσεισι
1309 3301 1556 3368 Μωάμεθ
1595 3300 1710 3372 (17)
1766 3303 1796 3356 ὁ
1850 3300 1960 3354 τῶν

386 3391 728 3462 Σαρακηνῶν
761 3391 1058 3464 φύλαρχος,
1089 3395 1190 3448 οὐκ
1217 3397 1280 3448 ἐκ
1307 3397 1505 3463 γένους
1535 3395 1599 3449 τὺ
1659 3395 1960 3464 φυλαρχεϊν

383 3483 812 3553 κληρωσάμενος
825 3485 955 3556 (τῶν
978 3486 1088 3555 γὰρ
1111 3487 1344 3556 ἀσήμων
1371 3487 1671 3556 ἐτύγχανεν
1701 3485 1799 3554 ὢν)
1823 3485 1961 3539 ἀλλὰ

386 3577 628 3647 πονηρίᾳ
657 3575 822 3630 τοῦτο
876 3579 1248 3649 κτησάμενος.
1299 3580 1480 3645 Πένης
1528 3579 1640 3648 γὰρ
1685 3576 1762 3629 ὣν
1807 3577 1964 3647 παρά

384 3683 491 3719 τινι
519 3669 741 3736 γυναικὶ
769 3667 1026 3738 ὁμοφύλῳ
1059 3667 1294 3740 πλουσίᾳ
1351 3671 1496 3740 χήρα
1553 3669 1831 3738 ἐθήτευεν,
1895 3669 1962 3740 ἢν

386 3757 586 3829 ἔγημε,
642 3760 922 3830 γοητείαις
998 3760 1304 3829 ὑπαγαγὼν
1359 3763 1439 3824 είς
1507 3761 1688 3832 ἔρωτα
1741 3758 1958 3815 ἐαυτοῦ.

406 3849 736 3921 Ἐπιληψίας
791 3853 850 3906 δέ
907 3854 1182 3924 νοσήματι
1233 3854 1622 3924 συνεχόμενος,
1676 3853 1773 3907 καὶ
1821 3852 1964 3905 κατὰ

387 3945 616 4012 καιροὺς
639 3944 790 4016 αὐτῷ
811 3944 904 3998 τοῦ
944 3945 1153 4009 πάθους
1199 3946 1658 4014 προσϐαλλοντος,
1747 3945 1962 3997 πίπτων

391 4039 486 4092 καὶ
541 4039 651 4090 τῶν
709 4040 924 4109 φρενῶν
968 4037 1347 4107 ἐξιστάμενος,
1381 4037 1619 4107 ἀθυμίας
1667 4035 1840 4099 αἴτιος
1895 4036 1960 4104 τῇ

390 4133 589 4185 ἐαυτου
617 4138 784 4204 κυρίᾳ
814 4133 910 4186 καὶ
937 4135 1153 4202 γαμετῇ
1191 4133 1288 4185 καὶ
1311 4131 1576 4201 αίσχύνης
1625 4131 1857 4199 ἐγίνετο.
1905 4131 1964 4184 ὐ

387 4224 447 4276 δὲ
474 4225 635 4287 αὑτός
674 4241 733 4276 τε
765 4223 1004 4295 πονηρὸς
1034 4223 1132 4290 ὢν,
1166 4222 1261 4276 καί
1288 4240 1394 4276 τινι
1431 4221 1489 4275 δὲ
1551 4220 1774 4292 μοναχῷ
1796 4237 1966 4292 πονη-

395 4318 602 4388 ροτέρῳ
634 4305 834 4368 ἐαυτοῦ
876 4313 1287 4386 ἐντετυχηκὼς,
1339 4313 1430 4368 διὰ
1466 4315 1836 4368 κακοπιστίαν
1861 4331 1964 4384 φυ-

389 4408 714 4477 γαδευθέντι
733 4408 833 4480 τῆς
847 4409 1198 4475 Βυζαντίδοέ,
1217 4411 1311 4461 καὶ
1331 4407 1461 4478 παρ’
1484 4406 1652 4462 αὐτοῦ
1665 4407 1963 4477 διδαχθεὶς,

2069 3209 2332 3266 comitialt
2362 3208 2558 3262 morbo
2583 3206 2888 3272 laborabat,
2915 3215 2971 3262 et
2991 3221 3058 3261 ex
3094 3207 3398 3262 intervallis
3431 3207 3640 3278 im’petu

2070 3303 2218 3357 illius
2247 3301 2374 3356 mali
2411 3308 2738 3370 prostratus,
2769 3309 2954 3354 mente
2979 3299 3326 3354 alienabatur
3355 3316 3371 3353 :
3407 3297 3644 3353 domina:

2069 3406 2181 3448 sua:
2208 3391 2476 3459 uxorique
2517 3399 2571 3445 et
2601 3389 2826 3445 maerori
2889 3398 2946 3444 et
2979 3388 3176 3459 pudori
3208 3388 3332 3444 fuit.
3376 3388 3646 3444 Caterum

2069 3486 2235 3538 homo
2265 3481 2573 3551 improbus,
2622 3481 2956 3536 monachum
2991 3495 3050 3536 se
3076 3481 3398 3551 nequiorem
3427 3489 3644 3544 nactus,

2068 3576 2140 3630 ob
2160 3588 2473 3645 perversam
2509 3572 2833 3642 religionem
2861 3571 3122 3642 Byzant’o
3163 3581 3416 3626 exactum
3446 3589 3460 3625 :
3490 3573 3641 3627 illius

2069 3669 2356 3734 instinctu,
2409 3666 2565 3722 uxori
2613 3665 2690 3719 ait
2755 3664 3149 3734 archangelum
3199 3663 3509 3720 Gabrielem
3579 3662 3649 3717 de

2069 3765 2210 3818 cmlo
2237 3760 2302 3816 ad
2339 3775 2398 3816 se
2428 3757 2877 3823 descendentem,
2909 3756 3094 3812 divina
3130 3756 3379 3826 quasdam
3414 3770 3648 3808 arcana-

2070 3867 2176 3925 que
2210 3854 2315 3909 sibi
2371 3851 2659 3906 revelare:
2717 3851 2879 3920 cujus
2936 3857 3297 3916 conspcctum
3337 3848 3466 3917 quia
3497 3847 3642 3901 ferre

2069 3965 2181 4006 non
2243 3945 2438 4018 possit,
2491 3959 2549 3999 sc
2597 3942 2790 3998 oborta
2836 3958 2901 3998 ex
2934 3949 3084 3995 metu
3143 3941 3434 4010 vertigine,
3491 3940 3647 3994 hinni

2071 4036 2456 4110 procumbere.
2489 4035 2561 4088 Ea
2608 4033 2776 4087 verba
2809 4031 3129 4086 testimonio
3164 4029 3338 4085 dolosi
3391 4030 3649 4084 monachi

2071 4130 2556 4192 conﬁrmabantur,
2591 4126 2685 4196 qui
2715 4123 2933 4178 mulieri
2967 4123 3217 4188 dicebat,
3251 4121 3478 4175 omnino
3536 4120 3648 4176 Ga-

2070 4225 2303 4280 brielem
2354 4221 2422 4276 ad
2464 4235 2654 4274 omnes
2699 4217 2998 4289 prophetas
3033 4215 3174 4270 mitti
3208 4215 3408 4270 solere.
3448 4215 3526 4268 Ex
3580 4229 3648 4268 eo

2072 4317 2290 4381 mulier,
2343 4312 2552 4368 abolito
2624 4311 2919 4375 dedecore,
3001 4324 3066 4363 ac
3121 4307 3305 4378 potius
3366 4306 3650 4377 prOphetze

2072 4407 2329 4479 conjugio
2382 4405 2646 4477 glorians,
2709 4401 2952 4456 tabulam
3003 4403 3164 4456 istam
3223 4401 3367 4456 inter
3422 4409 3651 4455 exteras

391 4502 545 4570 ἐλεγε
576 4503 642 4574 τῇ
674 4501 897 4570 γυναικὶ
929 4502 1022 4555 τὸν
1049 4502 1294 4574 Γαϐριὴλ
1316 4503 1408 4554 τὸν
1432 4501 1771 4572 ἀρχάγγελον
1800 4501 1959 4570 οὐρα-

2071 4501 2334 4558 mulieres
2363 4497 2588 4569 spargit.
2624 4495 2714 4551 Sic
2739 4495 2990 4564 impurus
3024 4494 3113 4548 illc
3140 4493 3286 4562 apud
3317 4507 3447 4548 suos
3471 4507 3647 4562 popo-

396 4594 549 4647 νόθεν
567 4593 716 4666 αὑτῷ
740 4593 1176 4669 φοιτῶντα,θείά
1202 4611 1326 4647 τινα
1357 4595 1514 4664 μυεῖν
1538 4592 1630 4646 καὶ
1653 4592 1969 4663 ἀπόρρητα,

398 4686 474 4756 μὴ
497 4687 686 4758 φέρειν
715 4687 772 4741 δὲ
808 4687 908 4759 τὴν
936 4686 1134 4741 τούτου
1166 4686 1322 4750 θέαν,
1353 4687 1451 4740 καὶ
1481 4685 1571 4738 διὰ
1631 4683 1794 4737 τοῦτο
1831 4685 1970 4753 ἰλιγ-

395 4779 525 4849 γιᾷν
576 4781 670 4833 καὶ
701 4779 851 4850 φόϐῳ
907 4780 1230 4852 συνέχεσθαι
1287 4780 1384 4834 καὶ
1451 4779 1587 4850 πρὸς
1648 4778 1754 4846 γῆν
1805 4792 1971 4830 κατα-

397 4872 701 4926 κλίνεσθαι.
737 4872 924 4926 Ταῦτα
965 4871 1009 4924 δ’
1063 4868 1212 4943 εἶχεν
1264 4872 1415 4944 αὐτῷ
1466 4866 1970 4942 συμμαρτυροῦντα

397 4967 493 5019 καὶ
515 4964 608 5018 τὸν
641 4966 878 5038 μοναχὸν
904 4967 1117 5020 ἐκεῖνον
1147 4966 1240 5019 τὸν
1269 4965 1466 5031 δόλιον,
1498 4965 1596 5018 καὶ
1624 4966 1691 5035 τῇ
1740 4960 1966 5032 γυναικὶ

395 5061 622 5127 λέγοντα
653 5061 733 5112 ὅτι
759 5060 834 5124 ὡς
862 5059 1081 5129 ἀληθῶς
1103 5059 1238 5113 πᾶσι
1260 5061 1372 5123 τοῖς
1425 5059 1740 5130 προφήταις
1812 5051 1967 5120 οὗτος

395 5156 422 5206 ὁ
442 5151 681 5224 Γαϐριὴλ
705 5152 1102 5222 ἐπιπέμπεται.
1132 5150 1418 5205 Ἐντεῦθεν
1447 5153 1481 5222 ή
1535 5151 1674 5221 γυνὴ
1697 5151 1966 5203 ἀποσκευο

393 5247 634 5317 αζομένη
678 5247 738 5300 τὸ
783 5247 1010 5312 ὄνειδος,
1065 5245 1464 5316 ἐγκαυχωμένη
1528 5243 1588 5297 δὲ
1657 5244 1858 5313 μᾶλλον
1892 5242 1969 5306 ὡς

398 5339 730 5394 συνοικοῦσα
765 5341 1044 5413 προφήτῃ,
1073 5340 1166 5395 τὸν
1186 5339 1347 5409 λόγον
1373 5338 1567 5392 τοῦτον
1610 5338 1694 5401 εἰς
1723 5337 1821 5400 τὰς
1854 5335 1969 5389 λοι·

2071 4599 2236 4660 lares,
2293 4591 2576 4664 prophetae
2645 4604 2844 4643 nomen
2921 4596 3274 4652 consecutus,
3333 4594 3390 4639 et
3467 4585 3655 4638 uxoris

2071 4697 2303 4744 mortua:
2352 4683 2672 4740 haereditate
2719 4680 3110 4750 locupletatus,
3135 4678 3474 4734 Ismaelitiea:
3519 4691 3653 4745 gen-

2073 4779 2141 4835 tis
2203 4777 2480 4849 princeps,
2533 4773 2726 4828 doctor
2795 4781 2851 4826 et
2920 4771 3196 4842 legislator
3264 4777 3348 4823 est
3410 4768 3650 4830 habitus,

2073 4886 2200 4927 cum
2271 4869 2410 4924 alios
2477 4866 2663 4922 verbis
2742 4864 3069 4927 seduxisset,
3164 4862 3300 4915 alios
3363 4858 3653 4929 imperium

2064 4966 2438 5021 detrectantes
2525 4960 2718 5016 stricto
2795 4957 2977 5029 gladio
3066 4953 3172 5010 sibi
3260 4950 3459 5006 cedere
3554 4965 3653 5006 co-

2065 5058 2310 5129 egisset:
2365 5054 2476 5124 jam
2524 5051 2673 5108 enim
2725 5064 2947 5105 manum
3002 5061 3108 5099 non
3189 5042 3649 5098 contemnendam

2065 5153 2293 5208 fecerat.
2351 5149 2403 5204 ls
2460 5148 2627 5220 igitur
2675 5163 2740 5201 ex
2817 5141 3071 5197 [Ethribo
3138 5151 3462 5210 progressus
3545 5134 3650 5190 im-

2069 5251 2378 5312 peratorem
2424 5237 2705 5303 convenit,
2757 5243 2815 5290 et
2858 5233 3137 5304 regionem
3171 5229 3240 5286 ad
3293 5227 3651 5284 habitandum

2069 5335 2296 5407 petitam
2352 5332 2586 5402 accepit.
2644 5328 2894 5398 Cumque
2941 5340 3137 5382 omnes
3191 5322 3487 5396 populares
3520 5336 3652 5376 suos

1589 5491 1798 5554 Varia:
1827 5490 2139 5556 lectiones
2182 5495 2246 5555 et
2285 5495 2475 5554 notae.

472 5623 582 5694 (id)
615 5621 828 5694 [ξύρον.
857 5621 1082 5684 Φάσιδος
1112 5621 1429 5694 ἐπίσκοπον.
1466 5617 1713 5694 ΤΙιεοηιι,

469 5687 581 5762 (15)
619 5687 732 5744 Τοῦ
762 5695 1121 5761 Σωφρονίου.
1153 5689 1478 5762 Theopltan.
1509 5703 1599 5762 an.
1639 5689 1735 5762 21)-
1755 5687 1966 5746 lleracl.

469 5759 583 5836 (16)
617 5759 1153 5832 ΣφγίουξΝἰοθριι.
1180 5762 1284 5816 Cl’.
1321 5763 1422 5814 sub
1447 5759 1636 5814 indict.
1677 5759 1762 5813 12.

2151 5619 2264 5689 (t7)
2307 5613 2580 5689 Μωὰμεθ.
2651 5610 3016 5686 TLeOphanes
3067 5625 3159 5668 an.
3196 5609 3282 5680 12,
3326 5607 3392 5665 ει
3421 5606 3656 5665 'Heracl.

2075 5686 2313 5746 Cedren.
2349 5702 2439 5741 an.
2465 5686 2555 5740 2t.
