3994 6246
317 329 456 394 125'!

1537 316 1947 399 ANNALIUM
1994 338 2136 397 Lm.
2176 318 2332 401 xiv.

3436 326 3568 419 1294

384 443 465 501 K'.
509 443 716 498 Τούτου
755 441 812 496 δὲ
839 441 1116 510 θανόντος,
1148 445 1206 500 τὸ
1236 450 1636 518 στρατιωτικὸν
1665 448 1728 502 τὸ
1764 451 1871 520 μετ

2060 449 2179 506 XX.
2209 449 2287 504 Ευ
2314 450 2597 518 defuncto,
2624 451 2869 524 legiones
2894 468 3016 525 qua:
3048 470 3172 511 cum
3207 456 3300 511 illo
3327 458 3566 528 fuerant,

308 536 478 593 αὐτοῦ
519 537 681 601 εὐθὺς
730 536 1017 607 ’Λρμένιόν
1065 554 1208 604 τινα,
1262 539 1514 605 Μιζίζιον
1546 541 1656 609 (‘28)
1695 541 1886 612 ὄνομα,

306 626 657 696 ἀγαλματίαν
688 626 815 678 ὄντα
846 625 942 678 καὶ
967 626 1329 696 ὡραιότατον,
1367 627 1592 698 βασιλέα
1632 645 1887 699 προεχει-

312 721 556 789 ρίσαντο.
595 719 775 788 Ὅπερ
826 718 1066 782 sttotian;
1099 723 1126 773 ό
1178 721 1286 774 τῶν
1321 719 1685 785 Κώνσταντος
1726 722 1888 775 υίὲων

305 808 335 860 ὀ
378 807 776 880 πρεσϐύτερος,
827 811 855 862 ό
912 812 1249 879 Πωγωνάτος
1298 811 1540 883 κληθεὶς,
1577 812 1634 876 ὃς
1669 814 1762 866 καὶ
1810 813 1889 882 τῷ

304 901 404 969 τῆς
444 900 724 970 βασιλείας
754 902 1070 973 κεκόσμητο
1099 903 1413 974 διαδήματι,
1449 905 1705 975 στεφθεὶς
1733 907 1888 973 παρὰ

303 994 400 1047 τοῦ
427 994 655 1065 πατρὸς,
688 999 826 1063 μετά
858 996 1044 1049 στόλου
1079 996 1316 1065 μεγάλου
1344 999 1443 1070 τὴν
1468 998 1719 1052 Σικελίαν
1752 1017 1886 1053 κατ-

302 1085 487 1151 έλαϐε,
545 1088 639 1140 καὶ
687 1087 780 1140 τόν
818 1105 876 1140 τε
938 1088 1188 1152 Μιζίζιον
1230 1090 1636 1160 χειρωσάμενος
1686 1092 1883 1156 ἀνεῖλε,

302 1179 402 1232 καὶ
448 1180 577 1244 τοὺς
631 1179 724 1233 τὸν
784 1183 944 1250 φόνον
999 1187 1519 1257 κατεργασαμένους
1570 1188 1736 1242 αὑτοῦ
1790 1190 1885 1243 τοῦ

303 1271 538 1342 πατρὸς,
588 1272 684 1325 καὶ
736 1274 876 1342 πρὸς
923 1278 1038 1339 τοῖς
1088 1274 1273 1341 ἄλλοις
1310 1278 1404 1333 καὶ
1449 1280 1539 1333 τον
1588 1280 1884 1352 πατρίκιον

314 1363 697 1421 Ἰουστινιανδν
716 1365 809 1418 τὸν
836 1367 1051 1438 πατέρα
1070 1368 1354 1439 Γερμανοῦ
1383 1370 1478 1423 τοῦ
1508 1373 1878 1443 πατριάρχουο

301 1457 467 1511 αὐτὸν
519 1458 577 1512 δὲ
628 1457 720 1512 τὸν
774 1459 1056 1530 Γερμανὸν
1105 1462 1372 1533 ὲκτομίαν
1422 1466 1721 1535 ἐποίησεν,
1782 1466 1881 1538 ἤδη

303 1545 691 1617 παρηϐηκότα,
730 1549 826 1601 καὶ
871 1541 1293 1622 ὑπερϐεϐηκότα
1337 1554 1438 1625 τὴν
1475 1555 1718 1626 ἡλικίαν,
1759 1558 1885 1611 καθ’

297 1638 367 1709 ἣν
418 1637 829 1709 εὐνουχίζεσθαι
882 1641 1289 1714 δεδοκίμασται.
1348 1647 1686 1717 Λειοπώγων
1731 1650 1777 1704 δ’
1807 1651 1882 1705 ὢν

297 1732 380 1784 ὅτ’
413 1731 768 1804 ἀπεδήμησεν
806 1727 962 1799 οὗτος
1012 1738 1039 1789 δ
1092 1736 1371 1807 βασιλεὺς,
1428 1740 1737 1813 ὲκδικήσων
1786 1744 1881 1797 τὸν

299 1822 465 1891 φόνον
502 1823 595 1877 τὸν
639 1824 735 1879 τοῦ
764 1828 992 1899 πατρὸς,
1023 1828 1354 1901 καθειμένον
1390 1829 1535 1905 εἶχεν
1584 1837 1880 1907 ἐπανήκων

296 1918 393 1970 τδν
446 1915 704 1985 πώγωνα,
736 1919 818 1973 διὸ
859 1921 919 1987 ἐξ
957 1923 1168 1977 ἐκείνου
1219 1926 1563 1994 Πωγωνάτος
1589 1929 1742 2002 παρᾶ
1771 1931 1880 1984 τῶν

296 2006 536 2060 πσλιτῶν
579 2010 940 2082 ἐπεκέκλητο.
973 2013 1036 2067 0i
1075 2015 1129 2068 δὲ
1171 2014 1264 2068 τοῦ
1297 2017 1531 2088 θέματος
1576 2021 1685 2074 τῶν
1727 2021 1881 2073 Ἀνα-

295 2099 533 2153 τολικῶν
564 2103 641 2165 είς
679 2103 1028 2173 Χρυσόπολιν
1071 2106 1395 2178 ἀφικόμενοι
1427 2110 1601 2165 ἐϐόων
1642 2112 1752 2165 δεῖν
1782 2116 1879 2167 καὶ

293 2194 425 2255 τοὺς
455 2194 678 2258 λοιποὺς
712 2194 809 2249 δύο
841 2198 1144 2266 συγγόνους
1174 2199 1268 2253 τοῦ
1300 2203 1717 2256 Κωνσταντίνου
1754 2223 1878 2258 στε-

294 2281 523 2355 φθῆναι,
551 2285 804 2355 λέγοντες
847 2287 951 2352 ὅτι,
979 2287 1209 2359 Ὠσπερ
1238 2291 1327 2355 εἷς
1369 2291 1581 2359 τριάδα
1610 2296 1881 2350 πιστεύο-

289 2393 429 2445 μεν,
470 2378 626 2432 οὕτω
663 2380 764 2432 καί
800 2383 960 2448 παρὰ
997 2380 1116 2435 τῶν
1149 2381 1330 2450 τριῶν
1356 2383 1553 2452 χρεὼν
1580 2384 1739 2455 ἡμᾶς
1758 2387 1877 2452 βα-

294 2470 679 2526 σιλεύεσθαι.
706 2472 777 2524 ὐ
826 2473 959 2539 γοῦν
1008 2474 1422 2539 Κωνσταντΐνος
1472 2477 1691 2542 στείλας
1740 2480 1878 2549 πρὸς

294 2562 519 2626 αὐτοὺς,
572 2562 817 2634 πληροῦν
847 2565 952 2635 τὴν
994 2565 1215 2636 αἴτησιν
1264 2566 1445 2622 αὐτῶν
1479 2569 1873 2639 ἐπηγγέλλετο,

295 2658 395 2709 καὶ
441 2658 570 2718 τοὺς
606 2657 703 2709 τοῦ
753 2653 886 2709 λαοῦ
918 2656 1355 2728 πῳεξάρχοντας
1399 2661 1777 2729 μετεκαλεῖτο,
1806 2663 1876 2717 ἶν’

291 2747 475 2801 αὐτῶν
519 2746 751 2800 ἐνώπιον
799 2748 833 2817 ἠ
884 2748 995 2801 τῶν
1041 2748 1208 2804 αὐτοῦ
1272 2750 1518 2820 ἀδελφῶν
1569 2753 1875 2826 ἀνάρῤησις

291 2841 542 2912 γένηται.
595 2840 882 2905 Ἐλθόντας
910 2841 958 2896 δ’
986 2843 1068 2906 είς
1098 2841 1158 2896 τὸ
1185 2842 1504 2909 Βυζάντιον,
1536 2844 1746 2899 ἀνεῖλεν
1798 2847 1874 2911 ὡς

294 2930 614 2994 στασιώδεις
650 2931 874 2994 αὐτοόςο
905 2930 934 2986 δ
962 2932 1184 3001 γνόντες
1208 2934 1257 2986 oi
1296 2932 1472 2999 ἄλλοι,
1508 2936 1699 3004 μεστοὶ
1720 2935 1875 3000 δέους

290 3023 375 3084 είς
432 3023 503 3076 τὰ
552 3023 763 3077 ἑαυτῶν
815 3023 1220 3095 ὖπενόστησαν,
1265 3024 1360 3079 καὶ
1414 3026 1620 3096 ἀμφοῖν
1651 3025 1708 3080 δὲ
1763 3028 1873 3082 τῶν

1989 542 2172 596 statim
2223 542 2544 597 Armenium
2584 547 2879 615 quemdam
2920 547 3235 614 Mizizium,
3291 552 3567 611 hominem

1993 632 2132 687 adeo
2185 632 2524 701 formosum,
2581 646 2641 690 ut
2704 640 3011 715 necgpictae
3066 641 3273 699 lictteve
3342 645 3566 718 imagini

1988 725 2228 787 cederet,
2260 725 2649 794 imperatorem
2676 727 3053 799 dcsignarunt.
3082 733 3203 798 Quo
3235 744 3366 789 natu
3394 737 3568 790 maxi~

1991 831 2113 868 mus
2168 814 2487 871 Constantis
2551 817 2695 874 filius
2738 820 3054 891 Pogonatus
3110 824 3339 890 audito,
3397 842 3563 896 quem

1990 904 2104 976 ipse
2143 918 2299 976 pater
2341 909 2653 978 insignibus
2679 910 2895 979 imperii
2933 922 3180 977 ornarat,
3217 915 3403 971 Sicilia
3440 933 3563 973 cum

1987 1013 2183 1070 magna
2236 1001 2411 1056 classe
2445 1011 2708 1072 occupata
2732 1045 2747 1069 ,
2782 1003 3054 1059 Mizizium
3091 1006 3297 1062 victum
3344 1009 3564 1076 occidit,

1985 1105 2286 1162 necemque
2347 1094 2517 1162 patris
2558 1094 2886 1160 ulciscitur,
2935 1109 3061 1150 cum
3118 1098 3262 1162 aliis,
3315 1108 3429 1154 tum
3466 1101 3564 1156 Ju-

1985 1183 2226 1237 stiuiano
2268 1185 2504 1254 patricio
2536 1186 2795 1242 Germani
2830 1188 3159 1258 patriarchae
3205 1199 3362 1260 patre
3393 1193 3564 1249 inter-

1986 1271 2153 1340 fecto,
2189 1273 2479 1346 ipsumque
2518 1275 2854 1333 Germanum
2890 1281 3000 1350 jam
3033 1281 3341 1351 pubertatis
3364 1300 3564 1352 annos,

1985 1377 2042 1422 et
2085 1383 2203 1422 eam
2246 1379 2461 1425 aetatem
2494 1387 2599 1441 qua
2630 1374 2859 1428 castrari
2891 1375 3091 1440 solent,
3124 1391 3428 1447 egressum,
3465 1394 3565 1433 eu-

1984 1458 2229 1512 nuchum
2280 1458 2433 1515 facit.
2465 1461 2603 1527 Quia
2649 1477 2779 1516 vero
2814 1463 3077 1535 Byzantio
3109 1468 3333 1521 solvens
3377 1476 3564 1523 tenera

1984 1550 2165 1605 adhuc
2210 1551 2469 1622 lanugine
2510 1552 2709 1620 fuerat,
2752 1571 2782 1609 e
2820 1555 3011 1610 Sicilia
3054 1573 3186 1612 vero
3231 1561 3561 1629 promissam

1983 1643 2210 1698 barbam
2260 1644 2562 1712 retulerat,
2611 1644 2874 1718 Pogonati
2922 1664 3223 1719 cognomen
3270 1654 3479 1721 accepit
3531 1667 3563 1706 a

1984 1734 2220 1789 civibus.
2295 1734 2562 1791 Caeterum
2628 1738 2722 1808 qui
2782 1754 2849 1794 ex
2899 1739 3262 1795 Orientalium
3322 1743 3563 1799 themate

1983 1836 2162 1890 erant,
2216 1827 2599 1901 Chrysopolim
2632 1829 2882 1900 profecti,
2925 1833 3392 1897 vociferabantur,
3421 1837 3563 1892 duos

1982 1917 2120 1972 alios
2137 1917 2484 1974 Constantini
2514 1919 2712 1977 fratres
2734 1924 3084 1979 coronandos
3103 1940 3247 1989 esse,
3272 1927 3521 1986 dicentes
3545 1947 3562 1983 :

1982 2005 2128 2061 Sicut
2155 2009 2210 2062 in
2236 2008 2545 2065 Trinitatem
2581 2013 2864 2074 credimus.
2896 2017 2971 2068 ita
2994 2017 3154 2071 etiam
3189 2019 3356 2073 (ribus
3393 2022 3562 2091 impe-

1982 2101 2246 2155 ratoribus
2272 2118 2367 2157 nos
2395 2119 2585 2173 parere
2616 2121 2828 2174 aquam
2870 2118 2965 2161 est.
3004 2107 3401 2166 Constantinus
3430 2127 3563 2166 vero

1980 2192 2167 2250 missis
2192 2195 2407 2265 legatis,
2439 2211 2498 2253 se
2527 2198 2821 2268 postulatis
2848 2214 3043 2254 eorum
3065 2215 3313 2256 annuere
3346 2202 3562 2272 pollici-

1983 2292 2094 2348 tus,
2149 2288 2337 2356 pepuli
2377 2290 2659 2359 principes
2690 2292 2943 2354 accersit,
2987 2301 3049 2346 ut
3088 2308 3277 2348 coram
3308 2294 3417 2349 illis
3448 2294 3562 2350 fra-

1981 2385 2128 2432 trum
2158 2379 2520 2448 proclamatio
2550 2381 2664 2436 llat.
2696 2382 2828 2447 Eos,
2867 2397 2993 2437 cum
3024 2384 3347 2455 Byzantium
3375 2386 3562 2441 venis-

1980 2477 2125 2530 sent,
2155 2485 2258 2539 pro
2297 2470 2578 2527 seditiosis
2604 2471 2900 2538 interfecit,
2935 2487 3048 2543 quo
3082 2475 3270 2530 caeteri
3298 2477 3557 2547 cognito,

1979 2559 2186 2631 trepidi
2221 2560 2287 2616 ad
2314 2576 2413 2616 sua
2441 2576 2502 2617 se
2532 2570 2865 2633 receperunt
2894 2582 2908 2619 :
2945 2563 3167 2634 utrique
3201 2565 3369 2620 etiam
3399 2566 3558 2621 fratri

1980 2666 2176 2706 nasum
2208 2652 2483 2722 praecidit.
2539 2638 2781 2723 Agareni
2818 2662 3003 2709 autem
3043 2668 3239 2711 omnes
3278 2656 3561 2715 Romano-

1977 2757 2099 2797 rum
2139 2743 2456 2813 provincias
2498 2753 2644 2799 terra
2680 2745 2932 2816 marique
2976 2755 3034 2801 et
3078 2746 3353 2804 incendiis
3375 2758 3435 2804 et
3467 2748 3558 2805 di-

1976 2835 2323 2904 reptionibus
2369 2844 2584 2890 vastare
2620 2850 2730 2891 non
2780 2838 3135 2904 desistentes,
3168 2840 3391 2895 tandem
3436 2855 3556 2897 ma-

1974 2942 2078 2999 gna
2123 2929 2298 2984 classe
2331 2928 2509 2999 ipsum
2537 2929 2703 2984 etiam
2745 2929 3066 3002 Byzantium
3108 2940 3239 2986 sunt
3288 2934 3552 3004 aggressi,

1974 3025 2210 3081 navibus
2238 3024 2357 3081 suis
2395 3025 2464 3080 ab
2493 3024 2764 3082 Hebdomi
2795 3027 3125 3083 occidentali
3166 3031 3553 3099 promontorio

290 3115 541 3184 ἀδελφῶν
597 3113 764 3169 αὑτοῦ
823 3114 924 3179 τὰς
979 3118 1137 3188 ῥῖνας
1194 3117 1492 3187 ἀπέτεμεν.
1552 3118 1615 3171 Ol
1665 3118 1722 3173 δὲ
1770 3118 1869 3189 τῆς

1975 3133 2149 3188 usque
2178 3119 2243 3173 ad
2270 3116 2588 3190 Cyclobium
2610 3120 2909 3175 collocatis.
2937 3119 3042 3176 Sed
3073 3129 3127 3176 et
3156 3120 3555 3179 Constantinus

293 3210 477 3279 ’Λγαρ
504 3206 617 3278 (29)
643 3207 902 3274 ἀπόγονοι
937 3209 997 3259 οὐ
1024 3206 1266 3261 διέλιπον
1291 3207 1389 3279 τὴν
1420 3207 1528 3263 ὑπὸ
1559 3209 1869 3279 Ῥωμαίους

288 3301 537 3363 ἃπασαν,
584 3302 677 3354 καῖ
725 3298 883 3364 πεζοὶ
932 3300 1028 3355 καὶ
1074 3300 1445 3372 πλωϊζόμενοι
1491 3303 1746 3376 δῃοῦντες
1774 3308 1869 3362 καὶ

286 3392 623 3463 ληϊζόμενοι.
677 3386 813 3446 Εἶτα
863 3392 1036 3462 στόλῳ
1088 3391 1249 3464 βαρεῖ
1282 3393 1407 3450 κατ’
1434 3395 1604 3465 αὐτῆς
1635 3398 1869 3470 ἐπῆλθον

287 3482 391 3552 τῆς
444 3482 716 3552 βασιλίδος
766 3482 878 3535 τῶν
934 3485 1163 3550 πόλεων,
1225 3485 1320 3539 καὶ
1373 3484 1720 3556 ναύσταθμον
1772 3487 1867 3541 τοῦ

228 3615 237 3619 -
292 3574 561 3643 σφετέρου
611 3574 799 3626 στόλου
854 3574 1153 3645 πεποίηντο
1219 3575 1328 3628 ἀπὸ
1376 3575 1472 3628 τοῦ
1521 3577 1660 3647 πρὸς
1714 3578 1869 3633 δύσιν

289 3669 638 3740 ἀκρωτηρίου
680 3668 773 3722 τοῦ
827 3671 965 3723 κατά
999 3671 1059 3722 τὸ
1099 3670 1372 3739 Ἕϐδομον
1419 3672 1589 3743 μέχρι
1621 3672 1712 3725 τοῦ
1754 3674 1869 3727 Κυ-

289 3758 532 3813 κλοϐίου.
568 3759 752 3830 Στόλῳ
784 3759 841 3813 δὲ
900 3759 997 3813 καὶ
1035 3761 1063 3812 ὁ
1112 3761 1529 3826 Κωνσταντῖνος
1558 3765 1587 3816 ὁ
1613 3762 1866 3834 βασιλεὺς

290 3848 783 3920 ἀνθοπλισάμενος,
842 3850 966 3905 καθ’
996 3852 1235 3921 ἑκάστην
1268 3852 1453 3917 αὐτοῖς
1482 3854 1863 3919 ἀντετάσσετο,

288 3941 385 3993 καὶ
417 3942 716 4012 ναυμαχίαι
755 3942 1000 4011 ἐγίνοντο
1031 3943 1089 4010 ἐξ
1112 3942 1264 4013 ὥρας
1313 3946 1537 4017 ἐαρινῆς
1590 3948 1752 4018 μέχρι
1798 3950 1864 4020 δὴ

288 4033 721 4104 φθινοπωρινῆς.
778 4036 859 4099 Ὠς
921 4036 968 4089 δ’
1035 4035 1190 4090 οὐδὲν
1242 4039 1290 4092 oi
1343 4038 1620 4111 Βάρϐαροι
1666 4041 1860 4113 ἤνυον,

286 4125 604 4196 ἀπάραντες
649 4126 747 4197 τὴν
789 4128 1031 4192 Κύζικον
1065 4128 1457 4199 κατειλήφασι,
1510 4133 1604 4186 καὶ
1656 4133 1862 4204 ταύτην

289 4217 527 4282 ἑλόντες,
584 4219 644 4270 ἐν
693 4220 831 4290 αὐτῇ
888 4221 976 4274 τὸν
1017 4220 1266 4292 χειμῶνα
1294 4223 1578 4293 διήγαγον.
1612 4224 1769 4295 Ἀμα
1815 4225 1861 4280 δ’

285 4310 410 4380 ἔαρι
445 4309 601 4373 αὖθις
624 4309 725 4381 τὴν
756 4313 1170 4367 Κωνσταντίνου
1212 4314 1535 4382 κατέλαϐον,
1573 4318 1664 4371 καὶ
1703 4317 1861 4382 αὖθις

1973 3212 2147 3268 classe
2184 3221 2450 3265 exornata
2473 3252 2488 3277 ,
2519 3211 2577 3266 in
2615 3211 2736 3269 dies
2769 3227 2895 3267 cum
2935 3214 3017 3268 eis
3070 3212 3417 3279 decertabat,
3450 3229 3554 3267 na-

1970 3303 2232 3372 valesque
2270 3317 2467 3373 pugnae
2493 3317 2524 3357 a
2554 3319 2686 3360 vere
2720 3319 2896 3375 usque
2926 3305 2981 3359 in
3016 3314 3343 3360 autumnum
3398 3318 3551 3360 com-

1970 3396 2356 3450 mittebantur.
2386 3393 2559 3466 lgitur
2590 3396 2808 3452 barbari
2867 3412 2993 3453 cum
3024 3398 3165 3452 nihil
3195 3397 3551 3467 proficerent,

1969 3490 2149 3544 soluta
2178 3490 2488 3555 obsidione,
2525 3489 2786 3560 Cyzicum
2815 3499 3179 3560 occuparunt,
3212 3489 3326 3559 90
3358 3490 3546 3558 ibique

1970 3578 2332 3634 hiemarunt:
2380 3579 2484 3635 sub
2516 3580 2665 3635 veris
2707 3580 2959 3642 initium,
3000 3594 3196 3633 rursus
3230 3579 3549 3650 Byzantium

1969 3669 2221 3725 invasere
2246 3710 2262 3736 ,
2306 3669 2399 3724 ubi
2439 3685 2564 3724 cum
2608 3670 2792 3725 denuo
2835 3670 3048 3725 crebris
3099 3670 3304 3739 praeliis
3342 3671 3551 3725 navali-

1966 3763 2073 3819 bus
2145 3763 2559 3818 committendis
2630 3769 2848 3831 tempus
2924 3769 3221 3824 tereretur,
3280 3767 3549 3814 autumno

1965 3853 2192 3909 classem
2237 3853 2496 3921 Cyzicum
2556 3854 2938 3920 reduxerunt,
2995 3854 3163 3924 idque
3211 3866 3311 3923 per
3368 3864 3546 3906 annos

1965 3957 2172 4018 septem
2194 3949 2420 4003 factum.
2437 3947 2733 4017 Desperata
2751 3946 2920 4018 igitur
2936 3945 3361 4017 expugnatione,
3379 3952 3547 4015 atque

1962 4039 2126 4095 etiam
2171 4037 2357 4093 multis
2395 4037 2665 4093 militibus
2713 4045 2771 4092 et
2817 4036 3066 4107 pluribus
3100 4034 3336 4090 navibus
3370 4036 3543 4087 amis-

1961 4129 2039 4185 sis
2091 4131 2238 4198 (nam
2269 4139 2380 4184 tum
2415 4144 2637 4199 quoque
2669 4129 2920 4186 Gmcum
2967 4127 3150 4198 ignem
3210 4142 3241 4180 a
3275 4125 3543 4181 Callinico

1961 4222 2202 4294 quodam
2245 4223 2556 4278 architecto
2599 4238 2629 4277 e
2654 4221 2812 4293 Syria
2851 4221 2906 4275 in
2938 4220 3146 4291 regiam
3191 4219 3386 4275 urbem
3415 4234 3543 4287 pro.

1960 4315 2104 4371 fecto
2130 4314 2497 4386 excogitatum
2535 4313 2741 4383 ferunt)
2771 4329 2897 4370 cum
2930 4314 3202 4369 dedecore
3231 4326 3541 4383 magnoque

282 4401 593 4470 ναυμαχίαι
633 4402 846 4471 συχναί.
878 4402 1213 4474 Τριϐομένου
1246 4404 1304 4458 δὲ
1351 4404 1446 4458 τοῦ
1483 4405 1698 4476 καιροῦ,
1736 4409 1858 4461 ἐπεὶ

1975 4419 2206 4461 ωωτοτε
2257 4413 2406 4459 retro
2452 4403 2735 4460 abierunt.
2797 4403 2935 4460 Cum
3005 4409 3188 4459 autem
3239 4403 3541 4458 barbariem

286 4495 559 4547 κατέλαϐε
605 4495 666 4549 τὸ
719 4496 1058 4566 μετόπωρον,
1087 4499 1153 4568 τῇ
1193 4498 1417 4568 Κυζίκῳ
1446 4500 1542 4552 καὶ
1564 4495 1736 4563 ἀὖθις
1768 4501 1862 4555 τὸν

282 4589 489 4640 οἰκεῖον
527 4591 711 4642 στόλον
742 4590 792 4640 οἱ
839 4589 939 4658 τῆς
982 4591 1162 4660 Ἀγαρ
1189 4590 1516 4661 ὲνόρμισαν’
1557 4592 1651 4645 καὶ
1688 4591 1860 4656 οὕτως

283 4683 367 4742 εἰς
407 4681 635 4752 ἕϐδομον
700 4683 919 4735 ἐποίουν
980 4683 1254 4739 ἐνιαυτόν.
1333 4685 1690 4752 ’Λπογνόντες
1740 4668 1857 4745 οῦν,

288 4773 493 4843 μᾶλλον
541 4775 727 4845 μέντοι
774 4775 867 4828 καὶ
907 4774 1112 4845 πλῆθος
1144 4774 1520 4841 ἀποϐαλόντες
1558 4776 1717 4841 πολὺ,
1768 4778 1861 4830 καὶ

279 4866 395 4918 τῶν
424 4866 567 4935 νηῶν
606 4867 981 4937 ζημιωθέντες
1028 4868 1128 4929 τὰς
1159 4868 1414 4930 πλείονας
1454 4868 1597 4939 (τότε
1629 4869 1738 4939 γὰρ
1767 4871 1859 4921 καὶ

279 4961 345 5013 τὸ
371 4959 539 5031 ὑγρὸν
563 4959 1052 5027 ὲπινενόητοπῦρ,
1087 4958 1415 5012 Καλλινίκου
1450 4962 1597 5024 τινος
1638 4962 1860 5031 ἀρχιτέ-

285 5068 475 5115 κτονος
503 5052 613 5105 ἀπὸ
647 5052 849 5125 Συρίας
874 5052 1125 5113 ἐλθόντος
1156 5051 1290 5120 πρὸς
1310 5051 1373 5104 τὸ
1401 5052 1673 5122 βασίλειον
1696 5055 1849 5117 ἄστυ),

282 5151 380 5197 ml
437 5144 597 5199 τοῦτο
658 5144 1239 5213 κατασκευάσαντος),
1276 5145 1398 5214 μετ’
1443 5145 1708 5216 αἰσχύνης
1759 5149 1853 5198 καὶ

1965 4496 2162 4552 classis
2207 4496 2460 4566 reliquim
2517 4496 2629 4567 jam
2699 4494 2769 4550 ad
2816 4495 3053 4566 Sylaeum
3108 4493 3493 4565 pervenissent
3522 4533 3538 4556 ,

1962 4590 2123 4643 turbo
2160 4588 2463 4645 vehemens
2519 4596 2765 4653 exortus,
2814 4601 2986 4642 naves
3022 4587 3226 4657 partim
3249 4586 3539 4649 demersit,

1959 4682 2158 4750 partim
2194 4681 2439 4752 scopulis
2465 4680 2636 4735 iliisas
2669 4681 2952 4735 contrivit.
2990 4679 3147 4735 Unde
3187 4679 3231 4733 si
3269 4679 3362 4748 qui
3404 4694 3536 4731 eva.

1958 4782 2180 4839 serant,
2238 4788 2334 4828 eos
2380 4773 2545 4829 etiam
2599 4772 3060 4845 Cibyrrteotarum
3133 4773 3244 4827 dux
3306 4765 3535 4825 delevit.

1959 4866 2104 4933 Quin
2131 4876 2275 4921 terra
2306 4864 2473 4921 etiam
2506 4864 2648 4919 alius
2682 4864 2924 4920 Arabum
2954 4864 3231 4919 exercitus
3255 4877 3285 4914 a
3328 4861 3535 4913 Roma-

1964 4962 2050 5016 nis
2097 4960 2406 5031 legionibus
2430 4958 2610 5013 victus
2642 4966 2747 5012 est.
2791 4957 2944 5013 Unde
2975 4953 3233 5010 Saraceni
3286 4967 3384 5020 spe
3432 4951 3533 5003 deo

1957 5052 2110 5122 jecti,
2141 5067 2203 5107 ac
2238 5050 2422 5122 potius
2448 5059 2758 5106 metuentes
2780 5065 2847 5103 ne
2880 5063 2909 5101 a
2939 5045 3200 5101 Romanis
3239 5044 3341 5114 ipsi
3375 5044 3498 5096 iuva
3521 5072 3537 5083 ο

1963 5144 2250 5209 derentur,
2283 5143 2436 5213 pacis
2469 5142 2737 5200 facienda:
2775 5139 3067 5194 consilium
3104 5148 3385 5209 ceperunt.
3428 5138 3532 5189 Ma-

1468 5305 1673 5367 νοτίαν
1711 5304 2014 5367 lectiones
2059 5311 2120 5365 et
2152 5310 2338 5366 noun.

352 5484 471 5556 (ες)
513 5481 935 5556 M_¢C¢'(¢or._Qu_i
988 5479 1290 5556 Mezzetius
1335 5477 1540 5556 dicitur
1568 5475 1851 5556 anastasio

279 5548 697 5616 in‘Adeodato,
758 5553 852 5606 ubi
885 5552 954 5606 de
1005 5553 1128 5619 ejus
1180 5550 1350 5607 unde.
1394 5548 1708 5619 Chronicon
1748 5560 1849 5599 ms.

278 5626 502 5697 Georgii
540 5618 1254 5697 llainartoli‘inConstante
1285 5637 1302 5674 ι
1341 5618 1862 5697 [ξαρευθὺςιάναγο-

281 5687 504 5769 ρεύοιῖσι
554 5690 1230 5769 βασι).ἐα,Μιζίζιόν-τινᾶ
1268 5687 1560 5769 γενόμενον
1606 5687 1866 5769 Ἀρμενο-

279 5758 438 5837 γενῆ,
467 5758 573 5821 εις.
609 5766 685 5818 Ita
736 5763 901 5817 etiam
948 5762 1252 5830 appellatur
1293 5762 1346 5815 in
1395 5758 1603 5814 Chron.
1654 5773 1758 5811 ms.
1796 5761 1865 5810 ab

1960 5475 2166 5532 Adamo
2196 5475 2262 5530 ad
2296 5475 2530 5530 Leonem
2564 5472 2770 5528 Philos.

2032 5548 2147 5614 (ἓν)
2182 5549 2246 5599 οι
2274 5542 2342 5597 δὲ
2366 5545 2473 5599 τοῦ
2503 5547 2698 5612 Ἅγαρ.
2733 5544 2801 5599 Ut
2826 5552 2937 5614 tum
2965 5543 3186 5596 obsessa
3208 5541 3369 5596 fuerit
3401 5543 3481 5596 nrl
3504 5559 3530 5598 s

1962 5632 1991 5670 a
2027 5615 2335 5685 Saracenis,
2368 5624 2563 5685 printer
2594 5613 3265 5685 scriptoresByzantinos,
3295 5631 3476 5665 narrar
3506 5625 3526 5665 t

1964 5695 2158 5740 auctor
2191 5682 2467 5737 "rationis
2488 5685 2548 5738 in
2580 5682 2779 5739 festum
2812 5686 2909 5746 τῆς
2943 5682 3286 5739 ’Δκαθίστοω
3318 5700 3371 5751 p.
3403 5685 3529 5746 8H3,

1965 5767 2022 5810 et
2046 5754 2490 5825 Thcopbylactus
2519 5754 2973 5818 llicrodiaconns,
3006 5771 3169 5809 serui.
3203 5754 3287 5813 1‘2,
3324 5771 3378 5809 υ.
3401 5754 3528 5807 εδδ.
