3994 6246
426 467 428 469 .
490 399 626 463 1299

1746 400 2076 463 JOANNIS
2116 397 2441 460 ZONABRE

3606 380 3747 448 1300

485 528 689 573 novum
754 518 1051 572 Arabicum
1124 516 1372 571 haberet.
1450 516 1641 585 Neque
1705 531 1837 570 vero
1895 529 2057 570 aureo

2170 512 2480 581 σύνταγμα.
2542 506 2678 560 Κατ’
2709 503 2944 574 ἐκλογὴν
2976 502 3086 572 γὰρ
3135 498 3377 572 εἰληφὼς
3425 500 3495 555 ὲκ
3538 500 3747 556 τούτων

486 626 714 668 nummo
767 612 927 666 aliam
987 611 1323 683 imaginem,
1386 608 1490 666 nisi
1541 609 1772 665 Romani
1824 610 2065 680 impera~

483 705 653 769 toris,
695 703 931 773 insculpi
963 704 1046 759 fas
1074 712 1216 759 erat.
1242 703 1457 759 Bellum
1489 702 1657 774 igitur
1710 702 1793 757 eis
1836 701 2042 767 intulit,

483 809 594 849 non
633 802 742 848 tam
800 793 1065 849 Romanis
1128 793 1434 864 legionibus
1484 792 1681 857 fretus,
1719 807 1883 863 quam
1922 808 2067 848 novo

484 883 591 937 isto
641 891 695 937 et
753 884 1024 951 acquisita
1088 884 1312 954 pepulo.
1383 881 1646 950 Quamvis
1711 883 1860 938 enim
1927 882 2066 939 Ara-

481 972 581 1028 bes
625 983 884 1039 orarent,
935 988 1005 1029 ne
1055 974 1305 1030 inducias
1336 982 1656 1045 rumperet,
1689 989 1827 1030 neve
1875 983 2066 1047 pacto-

480 1078 604 1119 rum
638 1064 854 1120 tabulas
901 1065 1158 1133 violaret,
1220 1067 1392 1122 Deum
1438 1066 1723 1133 obtestati,
1763 1067 1921 1136 cuius
1960 1065 2066 1121 illae

478 1154 709 1209 numine
786 1155 1116 1227 interposito
1189 1155 1527 1212 conﬁrmatas
1572 1166 1793 1221 essent,
1827 1172 2065 1226 eumque

477 1244 759 1301 vindicem
798 1246 1124 1303 invocarent
1146 1259 1340 1305 contra
1363 1262 1461 1305 eos
1489 1250 1584 1319 qui
1612 1264 1809 1320 pugnae
1836 1262 2061 1304 causam

480 1339 840 1408 przeberent:
884 1341 1191 1412 imperator
1249 1343 1531 1398 obturatis
1573 1342 1804 1397 auribus
1840 1341 1907 1397 ad
1965 1356 2068 1411 pu-

479 1446 645 1500 gnam
677 1430 979 1487 ferebatur.
1016 1432 1230 1488 Arabes
1267 1432 1436 1503 igitur
1467 1431 1819 1487 indueiarum
1861 1430 2065 1487 tabulis

478 1520 636 1577 hasta
670 1523 976 1594 suspensis,
1010 1538 1075 1578 ac
1104 1523 1290 1579 vexilli
1315 1524 1492 1578 instar
1529 1532 1658 1580 ante
1700 1537 1864 1580 suum
1903 1538 2066 1578 exer-

477 1614 650 1669 citum
683 1615 867 1679 elatis,
898 1631 1022 1670 cum
1050 1615 1316 1671 Romanis
1347 1616 1810 1687 congrediuntur.
1860 1615 2062 1672 Statim

478 1713 664 1760 autem
709 1706 908 1776 viginti
955 1707 1126 1762 millia
1174 1706 1495 1762 Sclavorum
1546 1707 1805 1778 acquisiti
1866 1705 2062 1777 populi

476 1795 544 1850 ad
597 1795 787 1852 hostes
836 1796 1192 1862 defecerunt,
1235 1800 1485 1868 quaezres
1538 1798 1753 1853 animos
1797 1797 2059 1853 Romanis

2167 604 2366 675 ἄνδρας
2419 599 2707 671 γενναίους
2755 615 2816 651 τε
2863 597 2961 650 καὶ
3005 593 3300 659 νεάζοντας
3354 593 3438 655 εἰς
3495 593 3744 662 χιλιάδας

2163 694 2477 765 τριάκοντα,
2550 690 2682 746 λαὸν
2727 688 2930 750 αὐτοὺς
2977 684 3209 740 ἐκάλεσε
3252 682 3593 754 περιούσιον.
3652 678 3743 747 οἷς

2165 783 2414 856 γεγηθώς
2449 801 2508 837 τε
2550 782 2647 836 καὶ
2690 778 2991 842 πεποιθὼς,
3021 777 3117 831 καὶ
3167 776 3267 838 τὰς
3297 774 3434 846 πρὸς
3484 775 3614 838 τοὺς
3647 776 3745 828 'A-

2169 877 2342 947 ραὸας
2387 877 2659 948 συνθήκας
2708 874 3040 945 παρέλυσεν,
3101 869 3283 923 αίτίαν
3338 868 3603 940 εἰληφὼς,
3658 869 3739 922 ὅτι

2167 968 2372 1024 σταλέν
2394 968 2456 1022 τδ
2483 968 2581 1021 τοῦ
2612 967 2833 1038 ἐτησίου
2858 966 3029 1035 φόρου
3076 961 3362 1033 χάραγμα,
3384 962 3445 1014 ού
3507 961 3744 1031 Ῥωμαῖ-

2165 1060 2262 1115 κδν
2289 1056 2407 1130 εἷχε
2436 1059 2787 1131 σφράγισμα,
2820 1057 2958 1113 ἀλλὰ
2978 1055 3100 1111 νέον
3142 1052 3423 1123 Ἀράϐιον.
3457 1052 3597 1105 οὐδὲ
3635 1052 3740 1123 γὰρ

2164 1152 2294 1220 ἐξῆν
2358 1153 2420 1205 ἐν
2461 1150 2650 1223 χρυσῷ
2697 1149 3000 1220 νομίσματι
3071 1142 3405 1216 χαρακτῆρα
3483 1142 3742 1196 ἐντυποῦ-

2165 1245 2290 1297 σθαι
2327 1244 2361 1315 ἦ
2393 1244 2488 1298 τὸν
2530 1242 2629 1297 τοῦ
2662 1242 2929 1314 βασιλέως
2970 1240 3282 1310 Ῥωμαίων.
3340 1235 3737 1307 Ἐστράτευσεν

2165 1332 2260 1391 οὖν
2288 1336 2409 1391 κατ’
2437 1335 2640 1402 αὐτῶν,
2677 1334 2740 1389 ού
2763 1332 3024 1388 τοσοῦτον
3054 1335 3180 1395 ταῖς
3229 1330 3577 1399 Ῥωμαῖκαίς
3621 1345 3741 1380 συν-

2163 1428 2351 1495 τάξεσι
2395 1425 2775 1500 τεθαρρηκὼς,
2823 1426 2948 1479 ὅσον
2993 1422 3073 1495 τῷ
3117 1425 3224 1492 νέῳ
3278 1423 3461 1490 τούτῳ
3517 1422 3617 1474 καὶ
3659 1437 3740 1473 1r;-

2168 1521 2393 1591 ριουσίῳ
2445 1518 2582 1591 λαῷ.
2618 1518 2742 1573 Τῶν
2770 1516 2829 1571 δὲ
2876 1516 3123 1586 Ἀράϐων
3155 1516 3258 1580 τὰς
3289 1515 3530 1576 σπονδὰς
3563 1514 3741 1566 αἰτου-

2168 1609 2348 1679 μένων
2380 1607 2458 1679 μὴ
2483 1607 2776 1679 ἀθετῆσαι,
2833 1606 2972 1677 μηδέ
3002 1604 3103 1666 τὰς
3152 1604 3469 1674 ἐγγράφους
3507 1601 3742 1673 παρεισῆ-

2165 1720 2252 1756 ναι
2279 1700 2577 1771 συνθήκας,
2610 1699 2707 1753 καὶ
2734 1699 2832 1752 τὸν
2881 1697 3018 1751 Θεὸν
3052 1694 3653 1767 ἐπιμαρτυρουμένων,
3685 1693 3742 1756 ὃς

2171 1796 2336 1864 μέσος
2370 1792 2775 1865 παραληφθεὶς,
2805 1790 2978 1854 αὐτὰς
3028 1789 3416 1858 ἐμπεπέδωκε,
3451 1787 3551 1841 καὶ
3600 1787 3742 1839 ἐκδι-

478 1889 704 1952 minuit,
739 1889 1065 1959 clademque
1110 1891 1439 1957 attulit,illis
1489 1893 1664 1959 auxit,
1708 1906 1774 1947 ac
1808 1892 2055 1947 victoriae

2166 1886 2332 1957 κητὴν
2360 1883 2671 1939 καλούντων
2690 1882 2860 1937 αὑτὸν
2897 1882 3038 1937 κατὰ
3056 1881 3167 1935 τῶν
3195 1879 3295 1950 τῆς
3326 1878 3508 1951 μάχης
3531 1876 3741 1941 αἰτίων,

479 1996 644 2037 causa
675 1980 802 2036 fuit.
849 1982 1125 2039 Romanos
1156 1984 1322 2055 igitur
1347 1986 1646 2054 persecuti,
1695 1999 2055 2056 quoscunque

476 2073 705 2144 adipisci
735 2085 988 2144 potuere,
1023 2075 1388 2141 sustulerunt,
1429 2092 1493 2132 ac
1522 2076 1638 2133 fere
1678 2079 1954 2132 innumeri
1987 2092 2057 2132 ex

475 2163 791 2233 legionibus
818 2156 1176 2220 ceciderunt.
1230 2167 1352 2236 Ipse
1395 2167 1697 2237 imperator
1738 2170 1882 2240 turpi
1931 2169 2055 2241 fuga

477 2270 603 2308 cum
637 2246 831 2324 paucis
869 2270 1251 2323 conservatus,
1290 2274 1414 2315 eum
1448 2259 1521 2315 ad
1559 2261 1839 2318 Leucaten
1864 2277 2057 2333 perve-

476 2346 673 2414 nisset,
709 2350 971 2420 reliquias
1001 2351 1262 2406 Sclavicaa
1304 2352 1454 2408 illius
1473 2362 1530 2407 et
1560 2353 1849 2423 acquisita:
1878 2355 2058 2425 gentis

478 2454 674 2494 omnes
711 2442 914 2504 occidi,
962 2441 1232 2497 cadavera
1262 2443 1315 2496 in
1346 2458 1498 2498 mare
1540 2444 1702 2515 abjici
1730 2445 1909 2515 jussit.
1957 2445 2060 2517 By-

479 2530 735 2611 zantium.
776 2547 1076 2599 reversus,
1131 2533 1644 2592 substructionibus
1692 2539 1942 2603 vacavit,
2002 2550 2059 2594 et

477 2621 778 2677 maximum
832 2623 941 2695 93
994 2624 1295 2681 triclinium
1345 2628 1510 2699 regiae
1553 2627 1770 2685 Orienti
1817 2630 2061 2687 obversa:

475 2713 748 2782 condidit,
779 2715 926 2785 quod
950 2716 1253 2772 etiamnum
1297 2718 1368 2774 ab
1402 2733 1470 2775 eo
1517 2720 1923 2777 Justinianeum
1964 2738 2061 2792 ap-

475 2806 736 2876 pellatur.
762 2808 997 2878 Agareni
1025 2823 1192 2879 porro
1229 2809 1298 2864 ab
1322 2825 1392 2867 eo
1421 2819 1669 2883 tempore
1698 2813 1921 2883 impune
1948 2814 2062 2870 Ro-

475 2913 668 2953 manas
704 2900 1020 2967 provincias
1060 2900 1422 2968 invaserunt,
1450 2914 1506 2960 et
1547 2903 1845 2961 Sabbatius
1893 2908 2063 2978 patri-

475 2992 619 3053 cius,
667 2991 941 3047 Armenia:
976 3004 1201 3063 praeter,
1248 2997 1467 3067 cognita
1505 2996 1662 3052 clade
1702 2999 2059 3069 imperatoris

474 3086 545 3140 ad
587 3087 797 3143 Arabes
822 3103 883 3143 se
923 3089 1178 3155 contulit,
1215 3090 1409 3161 eisque
1455 3090 1770 3147 Armeniam
1809 3093 2061 3155 tradidit.

474 3171 670 3241 Neque
717 3172 797 3227 illi
841 3174 1125 3232 Orientem
1152 3178 1473 3234 universum
1503 3190 1737 3236 vastare
1761 3182 2055 3252 incendiis,

476 3272 534 3317 et
566 3263 915 3320 Christianos
941 3267 996 3320 in
1029 3269 1355 3324 servitutem
1390 3269 1667 3326 abducere
1696 3271 2055 3330 destiterunt.

476 3354 603 3410 Fuit
651 3357 798 3425 apud
848 3358 1226 3414 Justinianum
1267 3361 1559 3417 eunuchus
1599 3363 1822 3434 quidam
1851 3367 2057 3436 gratio-

475 3445 752 3504 sissimus.
787 3449 881 3518 qui
905 3461 958 3503 et
993 3450 1316 3508 saeellarins
1343 3460 1434 3508 est
1455 3452 1804 3524 designatus,
1834 3458 2059 3513 nomine

477 3529 817 3608 Stephanus,
855 3555 1058 3610 genere
1092 3541 1386 3606 barbarus,
1424 3542 1750 3600 crudelitate
1782 3555 1838 3601 et
1859 3547 2057 3603 imma-

478 3630 649 3685 nitate
670 3631 790 3701 plus
824 3647 986 3703 quam
1041 3633 1337 3698 barbarus,
1388 3636 1569 3705 gratis
1618 3637 1894 3701 omnibus,
1945 3655 2056 3695 non

476 3732 690 3778 tantum
723 3725 778 3780 in
813 3725 979 3780 rebus
1010 3726 1288 3796 gerendis,
1312 3728 1408 3783 sed
1444 3731 1497 3783 in
1524 3731 1702 3800 poenis
1722 3732 1887 3787 etiam
1908 3732 2057 3787 inﬂi-

475 3817 666 3886 gendis
699 3832 714 3871 :
750 3833 930 3888 neque
966 3819 1012 3873 is
1044 3819 1289 3888 plebeios
1318 3822 1612 3888 duntaxat,
1662 3823 1756 3879 sed
1791 3827 2057 3895 potentis-

475 3906 646 3960 simos
690 3906 855 3961 etiam
887 3908 1118 3972 invasit,
1168 3908 1309 3964 adeo
1345 3921 1405 3965 ut
1445 3921 1501 3966 et
1540 3912 1892 3980 imperatoris
1942 3929 2057 3969 ma-

474 4004 618 4052 trem
671 3998 1004 4055 verberarit.
1040 4000 1189 4055 Idem
1233 4002 1533 4072 imperator
1560 4005 1891 4060 monachum
1918 4020 2056 4074 quo-

474 4098 585 4158 que
651 4090 1045 4158 Theodosium,
1112 4094 1323 4164 pridem
1386 4096 1691 4161 inclusum,
1724 4099 2052 4168 igeneralem

477 4179 828 4251 designavit,
900 4184 994 4253 qui
1043 4199 1146 4240 nec
1202 4186 1318 4256 ipse
1379 4187 1733 4257 improbitate
1796 4189 2054 4245 eunucho

478 4268 760 4341 Stephano
797 4275 1049 4332 cedebat.
1096 4275 1234 4332 Cum
1267 4286 1451 4333 autem
1495 4279 1565 4333 ab
1614 4279 1702 4334 his
1743 4281 2055 4351 respublica

481 4364 670 4420 multis
704 4365 865 4421 malis
907 4366 1261 4435 afﬁceretur,
1299 4370 1601 4441 imperator
1639 4374 1885 4426 omnium
1930 4372 2054 4427 odia

2159 1980 2190 2031 ό
2220 1976 2473 2047 βασιλεὺς
2500 1976 2571 2030 τὰ
2601 1968 2715 2027 ὧτα
2741 1973 2882 2044 πρὸς
2932 1972 3109 2027 ταῦτα
3137 1970 3331 2042 βύσας,
3369 1970 3510 2038 πρὸς
3559 1970 3735 2038 μάχην

2161 2068 2481 2139 ἡτοίμαστο.
2520 2067 2583 2123 Oi
2611 2066 2742 2134 γοῦν
2797 2065 3041 2135 Ἀραϐες
3061 2063 3252 2133 δόρατι
3272 2062 3339 2116 τὸ
3360 2061 3470 2115 τῶν
3500 2060 3739 2115 σπονδῶν

2165 2160 2581 2231 προσδήσαντες
2642 2158 2924 2227 ἔγγραφον
2954 2156 3093 2227 (5‘2),
3126 2157 3222 2211 καὶ
3253 2155 3448 2225 ὥσπερ
3500 2154 3741 2222 σημαίαν

2165 2254 2401 2323 ἄραντες
2428 2250 2611 2317 τοῦτο,
2662 2250 2759 2304 τοῦ
2812 2249 2966 2320 σφῶν
3014 2249 3430 2318 στρατεύματος
3479 2247 3745 2318 προερχό-

2169 2364 2352 2419 μενον,
2412 2346 2820 2418 συῤῥήγνυνται
2860 2346 2973 2408 τοῖς
3039 2342 3354 2415 Ῥωμαίοις
3395 2344 3493 2397 καὶ
3545 2343 3743 2395 αὐτίκα

2165 2442 2230 2493 ὲκ
2253 2437 2347 2493 τοῦ
2378 2437 2691 2509 περιουσίου
2742 2436 2955 2491 ἐκείνου
2990 2434 3123 2491 λαοῦ
3176 2436 3234 2489 αἱ
3299 2434 3479 2488 εἴκοσι
3512 2433 3745 2505 χιλιάδες

2165 2533 2301 2605 πρὸς
2328 2532 2454 2593 τοὺς
2490 2529 2739 2603 Ἀραϐας
2789 2528 3246 2600 ηὐτομόλησαν,ὃ
3292 2530 3408 2591 τοῖς
3455 2525 3746 2595 Ῥωμαίοις

2170 2625 2377 2680 δειλίας
2400 2623 2630 2692 γέγονεν
2658 2622 2860 2686 αἴτιον,
2889 2624 3000 2685 τοῖς
3031 2621 3077 2675 δ’
3099 2621 3373 2684 ἐναντίοις
3417 2620 3586 2690 ἐνῆκε
3615 2618 3743 2687 θάρ-

2172 2733 2287 2779 σος.
2326 2716 2421 2768 καὶ
2448 2715 2689 2785 ἥττηντο
2718 2712 2819 2782 μὲν
2845 2715 2895 2767 οἱ
2941 2710 3232 2784 Ῥωμαῖοι,
3277 2714 3311 2784 ἡ
3340 2712 3470 2781 νίκη
3520 2710 3569 2764 δ’
3619 2713 3747 2762 ἐπες

2172 2807 2350 2878 μειδία
2405 2807 2517 2868 τοῖς
2578 2805 2835 2875 ’Ἄραψιν
2887 2804 2969 2865 οἳ.
2996 2807 3109 2868 τοῖς
3180 2805 3478 2874 φεύγουσιν
3545 2801 3743 2871 ipsisd-

2172 2916 2346 2970 μενοι,
2374 2900 2612 2971 ἀνῄρουν
2640 2897 2735 2962 οὓς
2765 2895 3201 2966 κατελάμῦανον,
3245 2893 3322 2957 ὡς
3362 2893 3460 2946 καὶ
3510 2889 3746 2962 ἀριθμοῦ

2169 2995 2456 3065 κρείττους
2480 2995 2668 3065 σχεδὸν
2698 2995 2763 3046 ἐκ
2793 2993 2903 3046 τῶν
2945 2992 3274 3062 Ῥωμαϊκῶν
3308 2989 3745 3060 στρατευμάτων

2168 3088 2634 3159 πεσεῖν.Λὶσχρῶς
2663 3086 2721 3140 δέ
2750 3084 3029 3155 διαφυγὼν
3055 3088 3082 3138 ὁ
3113 3084 3370 3155 βασιλεὺς
3403 3083 3527 3153 μετ’
3542 3083 3742 3149 ὀλίγων

2170 3178 2261 3232 τὸν
2286 3178 2529 3247 ὄλεθρον,
2552 3179 2677 3231 ἐπεὶ
2715 3177 2860 3231 κατὰ
2886 3176 2979 3230 τὸν
3020 3176 3308 3246 Λευκὰτην
3333 3176 3576 3243 ἐγένετο,
3622 3178 3744 3233 τοὺς

2169 3270 2623 3341 περιλειφθέντας
2672 3270 2736 3323 ἐκ
2794 3269 2891 3324 τοῦ
2920 3270 3236 3339 περιουσίου
3267 3268 3398 3321 λαοῦ
3438 3268 3553 3322 τῶν
3584 3270 3746 3323 Σκλαρ

2166 3360 2362 3427 δικῶν,
2396 3362 2758 3432 ἀναιρεθῆναι
2782 3363 2994 3426 πάντας
3023 3361 3356 3432 προσέταξε,
3413 3362 3511 3417 καὶ
3546 3363 3745 3427 πάντες

2164 3456 2283 3509 ἐκεῖ
2330 3454 2507 3524 ξίφεσι
2559 3455 2928 3524 συγκοπέντες
2987 3454 3290 3526 ἐρρίφησαν
3354 3455 3439 3517 εἰς
3493 3455 3598 3526 τὴν
3649 3455 3745 3509 θά-

2165 3548 2394 3602 λασσαν.
2427 3547 2540 3601 Καὶ
2566 3550 2594 3600 ό
2626 3549 2725 3618 μὲν
2769 3550 2848 3610 εἰς
2873 3548 2935 3601 τὸ
2979 3548 3272 3613 Βυζάντιον
3321 3547 3740 3619 παραγεγονὼς,

2163 3638 2470 3710 οἰκοδομαῖς
2506 3638 2953 3710 προσησχόλητο.
2997 3635 3167 3701 Οὗτος
3197 3641 3310 3710 γὰρ
3340 3641 3434 3694 τὸν
3486 3641 3744 3710 μέγιστον

2163 3731 2271 3783 τῶν
2298 3730 2435 3802 πρὸς
2455 3732 2746 3802 ἀνίσχοντα
2775 3731 2930 3798 ἥλιον
2958 3729 3250 3801 βασιλείων
3268 3730 3597 3802 ᾠκοδόμησε
3625 3731 3745 3802 τρί-

2164 3823 2368 3890 κλινον,
2398 3824 2456 3888 ὃς
2504 3825 2600 3877 καὶ
2630 3827 2697 3894 τῇ
2728 3824 2897 3877 αὐτοῦ
2929 3825 3175 3878 καλεῖται
3208 3825 3421 3895 κλήσει,
3448 3825 3617 3896 μέχρι
3647 3822 3738 3877 τοῦ

2163 3915 2260 3969 νὶν
2282 3914 2615 3984 καλούμενος
2652 3916 3046 3980 Ἰουστινιανός.
3075 3917 3215 3971 Οἱδέ
3241 3917 3339 3986 τῆς
3364 3919 3553 3987 Ἅγαρ
3570 3917 3736 3979 ἀδεῶς

2166 4009 2223 4075 ἐξ
2250 4007 2463 4062 ἐκείνου
2494 4010 2615 4071 ταῖς
2652 4008 2765 4061 τῶν
2825 4007 3116 4078 Ῥωμαίων
3171 4010 3379 4079 χώραις
3428 4008 3736 4071 ἐπέϐαινον,

2163 4096 2262 4149 κ.ὶ
2303 4098 2331 4151 ὁ
2366 4097 2462 4168 τῆς
2523 4098 2818 4169 Ἀρμενίας
2863 4099 3173 4154 ἐπιστατῶν
3235 4100 3541 4163 Σαὸϐἀτιος
3573 4102 3603 4154 ό
3646 4116 3741 4155 πα·

2161 4187 2371 4257 τρίκιος
2399 4189 2499 4261 τὴν
2521 4183 2694 4261 ἧτταν
2725 4188 2822 4244 τοῦ
2855 4190 3124 4261 βασιλέως
3158 4190 3346 4261 μαθὼν
3373 4194 3491 4255 τοῖς
3526 4192 3729 4264 Ἄραψι

2166 4278 2591 4352 προσεχώρησε,
2627 4282 2725 4336 καὶ
2759 4283 2861 4352 τὴν
2903 4282 3201 4353 Ἀρμενίαν
3263 4284 3451 4348 αὐτοῖς
3509 4285 3744 4356 παραδέ-

2160 4368 2321 4424 δωκε.
2345 4370 2454 4424 Καὶ
2478 4373 2579 4426 οὐκ
2607 4370 2877 4425 ἐπαύοντο
2907 4371 3130 4427 ἃπασαν
3142 4373 3242 4443 τὴν
3255 4371 3437 4444 Ἐᾠαν
3459 4374 3740 4446 δῃοῦντες,

475 4455 740 4523 suscepit.
772 4455 1062 4511 Leontium
1094 4473 1225 4513 vero
1257 4457 1454 4514 ducem
1499 4461 1568 4515 de
1611 4462 1914 4531 cupiditate
1952 4461 2055 4515 im-

2166 4462 2261 4516 καὶ
2306 4463 2434 4526 τοὺς
2486 4464 2918 4533 Χριστωνύμους
2964 4465 3490 4534 αἰχμαλωτίζοντες.
3533 4460 3646 4519 Ἦν
3686 4465 3745 4519 δέ

474 4542 616 4611 perii
674 4553 1027 4614 suspectum,
1082 4547 1369 4604 biennium
1423 4550 1477 4604 in
1539 4552 1772 4607 vinculis
1839 4552 2054 4619 habuit,

2166 4553 2242 4622 τῷ
2277 4553 2492 4620 βασιλεί
2515 4553 2692 4623 τούτῳ
2725 4554 2992 4624 ἐκτομίας
3019 4555 3317 4622 Στέφανος,
3348 4555 3411 4610 τ’)
3447 4556 3553 4625 μὲν
3579 4557 3737 4621 γένος

475 4645 621 4703 post,
660 4637 922 4708 ejectum,
954 4638 1179 4695 Graeciaa
1225 4641 1423 4697 ducem
1456 4642 1608 4699 fecit.
1646 4644 1698 4699 Is
1736 4645 1908 4699 Paulo
1938 4645 2057 4700 cui.

2166 4645 2222 4699 ἐκ
2248 4643 2551 4717 Βαρσὰρων
2591 4646 2786 4711 ἕλκων,
2835 4647 3051 4718 ἀπηνὴς
3105 4648 3163 4702 δὲ
3200 4648 3299 4702 καὶ
3354 4648 3499 4718 ὑπὲρ
3530 4647 3747 4714 Βαρϐα-

475 4730 602 4785 dam
648 4733 924 4787 monacho
966 4734 1318 4805 astrologiam
1359 4738 1615 4791 tractanti
1642 4774 1655 4793 .
1684 4736 2056 4806 etimpcrium

2166 4755 2309 4807 ρους,
2338 4737 2432 4792 καί
2456 4738 2577 4790 λίαν
2599 4737 2907 4808 ὠμότατος.
2937 4735 3107 4804 Οὗτος
3151 4740 3285 4809 παρ’
3323 4739 3474 4810 αύτῷ
3504 4740 3738 4793 πλεῖστα

476 4826 527 4879 ci
571 4826 893 4881 vaticinanti
933 4827 1056 4881 ait:
1110 4826 1179 4883 Se
1200 4829 1325 4898 jam
1369 4829 1514 4881 abire
1553 4831 1607 4883 in
1665 4826 1949 4894 Gmciam,
1994 4848 2057 4887 ac

2166 4830 2519 4901 δεδυνημένος
2544 4829 2642 4884 καὶ
2673 4832 3037 4903 σακελλάριος
3065 4832 3408 4903 προεϐλήθη,
3440 4833 3537 4886 καὶ
3568 4833 3742 4902 βαρὺς

473 4920 627 4984 scire,
663 4921 1038 4990 imperatorem
1058 4921 1159 4974 sibi
1187 4934 1520 4988 percussores
1545 4937 1576 4972 α
1611 4928 1755 4990 tergo
1789 4923 2053 4978 immissu-

2166 4917 2227 4992 ἦν
2257 4923 2481 4986 ἅπασιν,
2519 4921 2621 4975 οὐκ
2655 4923 2714 4975 ἐν
2759 4924 3086 4993 εἰσπράξεσι
3138 4924 3321 4993 μόνον,
3367 4924 3511 4978 ἀλλὰ
3553 4923 3743 4994 μέντοι

473 5027 594 5067 rum
627 5032 644 5066 :
676 5032 739 5068 ea
772 5031 892 5068 vero
925 5031 1044 5086 qua:
1079 5014 1174 5068 illa
1200 5014 1413 5075 diceret,
1467 5012 1600 5066 nihil
1631 5014 1764 5083 fore.
1803 5014 1904 5071 Cui
1942 5032 2057 5071 mov

2166 5014 2254 5069 Ital.
2301 5016 2359 5068 ἐν
2408 5013 2691 5081 κολάσεσι,
2728 5015 2824 5068 καὶ
2867 5016 2930 5069 ού
2970 5018 3097 5080 τοὺς
3129 5016 3395 5086 τυχόντας
3430 5014 3595 5089 μόνον
3624 5017 3744 5070 ἐκό-

1626 5130 1827 5193 νδτὶω
1875 5131 2185 5195 lectiones
2225 5139 2286 5192 et
2324 5138 2511 5194 notae.

2156 5252 2316 5323 longe
2349 5251 2476 5324 licet
2502 5254 2679 5322 copiis
2709 5255 2905 5324 impar,
2940 5251 3269 5324 proﬂigavit,
3302 5253 3448 5322 quod
3480 5253 3732 5324 pluribus

2157 5332 2345 5376 narrat
2375 5322 2642 5391 Georgius
2673 5322 2991 5394 Acropolita
3027 5325 3080 5377 in
3107 5322 3313 5394 Chron.
3344 5322 3604 5393 cap.’25.
3632 5322 3739 5377 Sed

2155 5401 2212 5443 et
2263 5394 2461 5449 scribit
2515 5394 2754 5449 Joannes
2783 5393 3219 5456 Gantacuzenus,
3255 5393 3353 5448 lih.
3406 5409 3444 5456 I,
3488 5409 3609 5459 cap.
3647 5394 3742 5459 5’,

2158 5462 2515 5531 ﬂagrantibus
2544 5465 2686 5517 inter
2720 5474 3018 5533 utrumque
3066 5464 3441 5533 Andronicum
3478 5464 3740 5518 Palmata-

2194 5547 2283 5585 nm
2313 5534 2572 5590 civilibus
2599 5533 2782 5598 bellis,
2810 5532 3096 5589 Juniurem
3127 5532 3265 5597 Τοὺς
3297 5534 3392 5585 ἐπὶ
3424 5536 3550 5597 ταῖς
3576 5550 3737 5586 σπον-

2190 5603 2277 5663 αῖς
2305 5606 2706 5674 γεγενημένους
2733 5604 2845 5674 ’τοῦ
2890 5603 3272 5674 πρεσϐυτέρου
3329 5604 3595 5672 βασιλέως
3644 5605 3739 5672 ὅρ-

2158 5673 2450 5744 κουςηοῦς
2491 5672 2652 5736 αὐτὸς
2710 5672 2847 5744 ᾤετο
2893 5672 3458 5744 εὖορκείνίκελεύσαι
3495 5675 3591 5730 ἐπὶ
3641 5674 3738 5743 τῆς

2162 5742 2405 5811 σημαίαις
2433 5741 2738 5811 ἀναθέντας
2764 5743 2893 5800 εὐθὺ
2917 5741 3117 5816 χωρεῖν
3145 5741 3447 5816 πολεμίων.

547 5255 659 5323 (5‘2)
704 5254 912 5321 Δόρατι
961 5256 1025 5308 τὸ
1070 5252 1190 5324 τῶν
1247 5252 1535 5307 σπονδῶν
1590 5253 2049 5324 προσδήσαντες

472 5328 795 5393 ἔγγραφον.
831 5325 976 5379 ldem
1016 5323 1222 5377 habent
1264 5324 1607 5393 Νἱοοριιοιηιε
1662 5324 2050 5379 Constantino-

471 5395 588 5462 pol.
640 5402 701 5463 et
746 5393 1111 5463 Theophanes
1153 5409 1243 5448 an.
1305 5395 1335 5447 7
1377 5394 1623 5463 ejusdem
1685 5394 2047 5463 Rhinotmeti.

474 5461 568 5518 Sic
606 5461 741 5519 alios
776 5461 1005 5530 legimus
1050 5463 1195 5519 idem
1244 5461 1519 5519 factitasse
1572 5474 1761 5517 contra
1799 5462 2046 5517 foedifra-

476 5546 593 5601 gos,
626 5541 793 5604 atque
828 5537 882 5589 in
946 5532 1138 5604 primis
1189 5535 1454 5590 Joannem
1494 5534 1727 5588 Asanem
1787 5533 2050 5604 Bulgaria:

474 5617 665 5673 regem
705 5603 798 5670 qui
829 5603 1038 5658 ﬁndere
1078 5606 1149 5659 ab
1180 5604 1472 5658 Theodoro
1516 5604 1723 5673 Angelo
1757 5603 2050 5657 Thessalo-

476 5672 613 5727 nicae
667 5682 998 5739 imperatore
1050 5674 1245 5738 fracto,
1294 5672 1539 5727 collectis
1576 5672 1760 5727 statim
1817 5681 2052 5741 quantas

479 5743 659 5813 potuit
679 5740 911 5806 viribus,
942 5743 999 5795 in
1030 5743 1242 5797 hostem
1265 5756 1587 5811 progressus
1609 5750 1713 5809 est,
1745 5746 1809 5813 τῇ
1837 5740 2051 5811 σημαία

481 5813 570 5863 τόν
609 5809 886 5879 ἔγγραφον
912 5813 1083 5880 ὅρκοι.
1112 5809 1496 5882 ἀπαιωρήῖτας,
1531 5821 1584 5867 ct
1613 5809 1829 5869 collatis
1856 5809 2046 5882 signis,
