3994 6246
325 318 474 386 1309·

1550 319 1963 382 ANNALIUM
1996 321 2146 386 LIB.
2188 323 2347 387 Χιν.

3433 326 3577 391 1310

320 439 504 501 πόλεις
546 435 795 491 καθελεῖν
828 436 942 490 ’καὶ
993 436 1345 507 ἁροτριάται.
1399 439 1500 492 Διὰ
1528 437 1702 491 ταῦτα
1728 441 1777 492 o'.
1810 436 1891 490 ἔτι

2015 437 2086 502 it,
2134 439 2441 510 classisque
2490 440 2748 511 praefecto
2786 440 3011 496 mandat
3050 449 3111 497 ut
3153 441 3403 498 funditus
3448 445 3575 498 uni-

318 529 767 601 περιλειφθέντες
788 532 845 583 ὲν
872 528 1143 599 Χερσῶνι,
1166 531 1261 583 καὶ
1284 531 1333 583 οἱ
1362 530 1567 583 τούτων
1624 532 1898 601 περίοικοι

318 622 831 694 ἁποστατήσαντες,
857 622 1187 675 Φιλιππικὸν
1225 621 1317 674 τὸν
1349 621 1445 675 τοῦ
1479 621 1753 691 Βαρδὰνη.
1780 621 1840 673 ὃν
1869 622 1900 674 ό

319 715 482 784 λόγος
513 713 774 785 ἱστόρησε
813 712 969 783 παρὰ
1018 711 1114 766 τοῦ
1156 711 1464 782 ’Δψιμάρου
1493 712 1574 775 είς
1602 712 1899 781 Κεφαλλη-

318 808 441 863 νίαν
470 805 874 877 περιοισθῆναι,
928 805 1055 876 ἄρτι
1103 804 1484 870 ἀνακληθέντα
1518 805 1582 857 ὲκ
1602 805 1702 874 τῆς
1728 805 1901 876 ὑπερ-

320 905 497 974 ορίας,
529 901 624 955 καὶ
649 900 943 954 ἐπανιόντα
978 898 1115 968 πρὸς
1153 896 1250 968 τὴν
1299 896 1898 957 Κωνσταντινούπολιν.

319 996 486 1049 κάκεῖ
546 992 860 1061 γενόμενον,
899 989 1141 1060 βασιλέα
1200 988 1625 1060 ἀναγορεύουσι,
1672 990 1768 1042 καὶ
1804 987 1899 1042 τοῦ

324 1084 477 1152 σφῶν
539 1083 802 1154 ἄρχοντος
844 1080 1003 1134 Ἠλία
1069 1079 1538 1148 συμπράττοντος.
1593 1079 1661 1131 Ἀ
1713 1075 1902 1147 μαοὼν

333 1173 738 1238 Ἰουστινιανὺς,
782 1173 910 1236 τοὺς
968 1172 1069 1243 μὲν
1117 1170 1213 1225 τοῦ
1267 1170 1426 1224 Ἠλία
1480 1170 1677 1232 παῖδας
1725 1170 1783 1222 ὲν
1821 1168 1903 1240 τῷ

321 1268 514 1338 κόλπῳ
575 1263 890 1333 κατέσφαξε
939 1264 1043 1333 τῆς
1098 1262 1340 1335 μητρός
1392 1261 1610 1332 ἐκείνην
1643 1261 1701 1316 δὲ
1731 1261 1902 1332 δούλῳ

323 1360 492 1430 αὐτῆς
557 1357 704 1428 ἸνΞῷ
766 1355 1018 1427 μαγείρῳ
1071 1354 1418 1419 συνέζευξεν.
1486 1350 1645 1421 Εἶτα,
1713 1352 1902 1406 στόλον

322 1449 802 1519 ἑτοιμασάμενος,
841 1445 1055 1499 στέλλει
1103 1442 1249 1498 κατὰ
1293 1442 1610 1512 Χερσῶνος,
1660 1442 1903 1497 ἐντειλά-

324 1558 485 1613 μενος
516 1539 591 1610 τῷ
623 1538 718 1592 τοῦ
758 1537 948 1591 στόλου
979 1535 1312 1608 κατάρχοντι
1349 1536 1550 1608 ἡϐηδὸν
1581 1533 1903 1603 ξύμπαντας

321 1635 562 1688 ἀνελεῖν.
599 1633 739 1703 Ἤδη
779 1632 836 1686 δὲ
898 1630 1308 1693 καταλαϐόντος
1360 1629 1462 1698 τὴν
1508 1628 1774 1696 Χερσῶνα
1803 1628 1902 1683 τοῦ

323 1724 606 1788 ναυτικοῦ,
632 1725 727 1778 καὶ
763 1721 1184 1794 πολιορκοῦντος
1224 1721 1416 1791 αὐτὴν,
1465 1714 1603 1790 ἧκον
1653 1718 1900 1788 Χάζαροι

322 1820 438 1881 τοῖς
474 1816 848 1886 Χερσωνίταις
873 1813 1362 1883 ἐπικουρήσοντες.
1420 1810 1707 1866 Ἐντεῦθεν
1737 1813 1769 1881 ἡ
1801 1812 1902 1881 μὲν
1936 1796 1975 1851 Β

326 1910 621 1980 πολιορκία
649 1908 891 1976 ἐλέλυτο,
927 1909 977 1961 oi
1004 1908 1062 1961 δὲ
1111 1905 1207 1960 τοῦ
1245 1907 1433 1960 στόλου
1490 1905 1564 1978 μὴ
1597 1906 1903 1977 τολμῶντες

325 2003 465 2073 πρὸς
490 2002 583 2055 τὸν
620 2000 847 2072 βασιλέα
880 1997 1224 2064 ἐπανελθεῖν,
1277 1997 1373 2052 τοῦ
1416 1998 1514 2069 μὲν
1552 1998 1905 2069 βλασφημίας

324 2092 608 2163 κατέχεον,
644 2092 737 2146 τὸν
773 2091 834 2146 δὲ
867 2091 1155 2165 Βαρδάνην
1185 2088 1519 2165 ὡςᾼβασιλέα
1553 2090 1902 2161 εὐφήμησαν.

325 2161 542 2254 Καιροῦ
584 2183 640 2236 δὲ
661 2161 1071 2255 παραρρυέντος
1100 2161 1320 2252 συχνοῦ,
1355 2181 1436 2234 ὅτι
1469 2180 1638 2250 μηδὲν
1664 2179 1812 2248 αὺτῷ
1843 2181 1909 2234 ὲκ

325 2275 423 2329 to)
470 2273 659 2328 στόλου
697 2275 1002 2346 μεμήνυτο,
1033 2275 1062 2327 ό
1101 2272 1360 2344 βασιλεὺς
1391 2273 1741 2343 ὑποτοπήσας
1768 2290 1908 2342 συμ-

330 2367 496 2435 ϐῆναί
525 2383 580 2420 τι
613 2365 917 2437 φερόμενον
954 2365 1078 2419 κατ’
1131 2364 1322 2429 αὑτοῦ,
1349 2362 1639 2435 ἐξώρμησε
1665 2364 1765 2435 τῆς
1804 2366 1909 2418 Βυ-

328 2460 598 2524 ζαντίδος,
655 2458 751 2511 καὶ
789 2458 897 2522 ἕως
943 2456 1195 2527 Σινώπης
1247 2456 1418 2512 ἐλθὼν
1463 2459 1570 2530 όρᾷ
1600 2459 1692 2511 τὸν
1722 2458 1910 2514 στόλον

327 2551 458 2605 εὐθὺ
481 2553 578 2621 τῆς
612 2550 825 2613 πόλεως
868 2547 1289 2619 πλωϊζόμενον·
1339 2548 1539 2602 αὐτίκα
1597 2548 1779 2602 τοίνυν
1821 2549 1912 2617 γέο

331 2659 463 2711 γονε
507 2645 603 2696 καὶ
633 2643 796 2707 αὐτὸς
833 2643 1264 2715 όπισθόρμητος.
1323 2640 1431 2695 Τοῦ
1474 2641 1530 2695 δὲ
1577 2640 1913 2696 Φιλιππικοῦ

2000 546 2191 586 versos
2226 532 2427 587 deleat.
2476 533 2608 600 Qua:
2658 549 2785 590 cum
2821 535 2932 603 jam
2993 534 3106 590 illic
3143 536 3465 605 appulisset,
3511 553 3576 592 ac

2000 623 2342 693 provinciam
2396 625 2703 691 obsideret,
2764 625 2996 681 Chazari
3047 625 3395 682 Chersonitis
3444 644 3578 698 sup-

1998 717 2175 786 pctias
2215 725 2508 773 venerunt.
2539 717 2696 774 Unde
2734 718 2952 774 obsidio
2983 719 3167 773 soluta
3196 729 3303 782 est,
3346 728 3403 773 et
3428 720 3574 774 clas-

1999 809 2151 863 siarii
2188 825 2311 865 cum
2351 809 2423 865 ad
2468 809 2859 880 imperatorem
2903 811 3087 866 redire
3133 827 3242 865 non
3286 811 3575 873 auderent,

1999 900 2291 957 maledicta
2347 900 2405 955 in
2461 916 2588 956 eum
2647 903 2925 972 iecerunt,
2991 912 3046 957 et
3107 901 3413 956 Bardancm
3477 918 3581 972 pro

1999 992 2330 1063 imperatore
2355 994 2727 1049 celebrarunt.
2754 995 2871 1051 iam
2896 997 3059 1066 longo
3089 1008 3347 1064 tempore
3369 995 3580 1064 elapso,

1999 1100 2123 1140 cum
2164 1085 2301 1140 nihil
2350 1086 2402 1141 ei
2455 1086 2525 1142 de
2573 1087 2750 1143 classe
2801 1088 3228 1158 signiﬁcaretur,
3270 1088 3582 1157 suspicatus

1999 1177 2266 1233 accidisse
2293 1178 2499 1248 aliquid
2537 1179 2685 1249 quod
2717 1179 2772 1234 in
2822 1195 2977 1234 suam
3021 1180 3272 1234 fraudem
3308 1178 3578 1244 tenderet,

1999 1267 2259 1339 Byzantio
2310 1271 2609 1339 profectus,
2667 1287 2793 1327 cum
2853 1272 3097 1342 Sinopen
3148 1288 3322 1342 usque
3384 1287 3583 1340 pervc-

1999 1359 2194 1424 nisset,
2254 1359 2407 1416 videt
2459 1362 2694 1418 classem
2751 1378 2949 1417 versus
3002 1363 3201 1418 urbem
3260 1361 3581 1432 proﬁcisci:

2001 1452 2186 1508 statim
2225 1452 2391 1525 igitur
2426 1462 2486 1509 et
2512 1454 2629 1524 ipse
2671 1471 2838 1511 naves
2884 1455 3175 1511 convertit.
3219 1455 3326 1512 Sed
3369 1456 3586 1524 Philip-

1999 1547 2159 1616 picus
2200 1562 2467 1616 prospera
2518 1548 2864 1617 navigatione
2894 1564 3024 1605 usus
3077 1563 3327 1620 magnam
3380 1548 3580 1602 urbem

2000 1649 2368 1710 praeoccupat.
2394 1639 2745 1696 Justinianus
2786 1655 2921 1695 vero
2967 1641 3022 1696 in
3073 1641 3332 1711 Damatry
3382 1641 3586 1694 stativa

1992 1716 2191 1797 habet,
2237 1734 2304 1786 ad
2346 1748 2509 1802 quem
2556 1732 2702 1788 Elias
2737 1733 2958 1795 missus,
2992 1732 3263 1788 militibus
3288 1730 3587 1802 persuasit,

2003 1834 2064 1880 ut
2094 1824 2314 1879 deserto
2340 1824 2436 1879 illo
2475 1839 2535 1879 se
2560 1823 2628 1878 ad
2662 1824 3035 1895 Philippicum
3076 1823 3421 1880 conferrent.
3468 1822 3589 1886 Quo

2002 1920 2146 1984 facto
2201 1919 2317 1975 suis
2365 1920 2623 1987 manibus
2670 1933 2837 1991 caput
2871 1921 2948 1976 illi
2984 1930 3218 1977 resecat.
3249 1920 3425 1975 Filius
3485 1934 3585 1973 au-

2005 2018 2114 2065 tem
2162 2013 2283 2082 ejus
2329 2012 2606 2079 Tiberius,
2650 2029 2776 2069 cum
2830 2015 2954 2070 avia
3004 2024 3253 2070 materna
3301 2011 3592 2067 Anastasia

2006 2102 2152 2171 (nam
2183 2103 2472 2161 Theodore
2525 2116 2704 2161 mater
2753 2107 2864 2177 jam
2924 2104 3159 2176 obierat)
3214 2105 3270 2159 in
3326 2102 3589 2172 templum

2006 2191 2390 2250 Blachernium
2440 2195 2691 2267 confugit
2724 2214 2739 2252 :
2774 2212 3012 2267 cumque
3044 2204 3456 2250 sacrosanctum
3492 2207 3589 2246 sa-

2003 2283 2204 2338 cellum
2230 2285 2524 2355 ingressus,
2557 2301 2801 2343 mensam
2840 2284 3249 2340 sanctissimam
3301 2279 3588 2341 subiisset,

2008 2377 2280 2445 prehensa
2324 2394 2433 2433 una
2475 2378 2598 2450 eius
2639 2379 2953 2442 columella,
3002 2388 3237 2431 mortem
3277 2384 3362 2430 est
3387 2373 3590 2442 depre-

2008 2479 2186 2525 catus.
2234 2469 2340 2524 Sed
2392 2470 2488 2541 qui
2528 2470 2598 2526 ad
2631 2486 2758 2526 eum
2806 2468 3170 2540 quaerendum
3211 2466 3362 2521 missi
3409 2471 3592 2525 erant,

2009 2561 2168 2630 pueri
2196 2577 2228 2615 e
2258 2563 2502 2618 sacrario
2537 2562 2804 2619 abstracti
2840 2562 3043 2619 collum
3071 2571 3331 2630 tanquam
3366 2553 3595 2628 pecudis

2013 2651 2319 2707 crudeliter
2342 2668 2727 2711 resecuerunt.

331 2739 761 2809 εὐπλοήσαντος.
800 2740 895 2793 καὶ
919 2735 1438 2810 προκαταλαϐόντος
1498 2736 1598 2806 τῆν
1627 2738 2038 2807 Μεγαλόπολιν,
2111 2748 2318 2810 ἐκεῖνος
2360 2750 2419 2801 ὲν
2462 2747 2543 2816 τῷ
2595 2748 2886 2820 Δαματρύῖ
2916 2748 3219 2819 ἐσκήνωσε,
3266 2746 3406 2817 πρὶς
3466 2743 3524 2798 δν
3565 2742 3595 2795 ὁ

330 2835 624 2907 είρημένος
672 2830 859 2894 Ἠλίας
890 2829 1105 2892 σταλεὶς
1134 2828 1374 2900 ἠδυνήθη
1418 2831 1606 2885 πεῖσαι
1654 2831 1716 2886 τὸ
1755 2833 1899 2902 μετὰ
1933 2835 2031 2890 τοῦ
2110 2839 2491 2894 Ἰουστινιανοῦ
2564 2839 2962 2910 στρατιωτικὸν
3012 2839 3325 2908 ἀποστῆναι
3394 2833 3588 2895 αὖτοῦ,

333 2929 430 2984 καὶ
495 2924 835 2998 προσρυῆναι
892 2922 1224 2992 Φιλιππικῷ.
1307 2922 1710 2994 Καταλειφοεὶς
1801 2927 1984 2983 τοίνυν
2049 2931 2205 3000 παρὰ
2262 2933 2373 2986 τῶν
2437 2932 2787 3003 στρατιωτῶν
2844 2929 3240 2994 Ἰουστινιανδς,
3283 2925 3591 2997 χειροῦται,

332 3023 429 3078 καὶ
458 3020 645 3092 χερσὶν
671 3018 905 3080 οἰκείαις
941 3015 1103 3079 εὐθὺς
1137 3016 1166 3070 ὅ
1223 3015 1417 3080 Ἦλίαξ
1474 3017 1666 3085 ἀφεῖλε
1733 3019 1835 3090 τὴν
1907 3022 2076 3076 αὐτοῦ
2143 3025 2412 3095 κεφαλήν.
2454 3026 2514 3080 '0
2543 3025 2602 3080 δὲ
2625 3023 2819 3079 τούτου
2838 3024 2966 3087 παῖς
2997 3025 3025 3076 ό
3055 3022 3310 3091 Τιϐέριος
3336 3021 3474 3088 μετὰ
3498 3016 3600 3094 τῆς

336 3118 475 3188 πρὸς
539 3114 747 3185 μητρὸς
812 3111 1046 3181 μάμμης
1119 3107 1482 3171 Ἀναστασίας
1530 3107 1585 3181 (ἡ
1664 3108 1773 3182 γὰρ
1842 3115 2026 3184 μήτηρ
2094 3115 2258 3169 αὑτοῦ
2310 3116 2563 3188 Θεοδώρα
2620 3116 2759 3188 ἔφθη
2815 3115 3015 3187 θανεῖν)
3044 3113 3123 3184 τῷ
3161 3114 3219 3167 ὲν
3270 3111 3602 3181 Βλαχέρναις

334 3209 451 3280 ναῷ
476 3205 813 3278 προσφυγὼν
871 3205 1049 3258 είσέδυ
1077 3200 1137 3256 τδ
1184 3202 1331 3257 θεῖον
1371 3200 1788 3274 θυσιαστήριον,
1856 3207 1951 3260 καὶ
1989 3207 2094 3260 ὑπὸ
2122 3209 2222 3279 τὴν
2284 3211 2509 3279 παναγῆ
2534 3203 3150 3279 γενόμενοςτράπεζαν,
3183 3203 3300 3266 ἑνὸς
3332 3200 3440 3254 τῶν
3473 3197 3604 3253 ταύο

334 3320 440 3374 την
462 3301 765 3370 ἀνεχόντων
799 3295 1106 3350 στυλίσκων
1155 3293 1544 3365 δεδραγμένος,
1594 3294 1808 3349 ἱκέτευε
1875 3297 1953 3368 μὴ
1987 3297 2193 3355 θανεῖν.
2239 3301 2384 3356 Ἀλλ’
2406 3301 2455 3355 οἱ
2490 3302 2782 3365 σταλέντες
2813 3301 2896 3363 είς
2964 3297 3196 3368 ζήτησιν
3230 3293 3418 3358 αὐτοῦ,
3457 3291 3606 3356 ἐξελ-

335 3401 609 3460 κύσαντες
659 3394 753 3448 τοῦ
801 3390 1189 3464 θυσιαστηρίου
1252 3390 1347 3446 τὸν
1400 3392 1600 3473 παῖδα,
1664 3393 1916 3466 μαχαίρᾳ
1959 3396 2155 3452 τούτου
2235 3399 2329 3453 τὸν
2368 3398 2569 3470 λαιμὸν
2642 3400 2718 3463 ὡς
2758 3396 3106 3470 βοσκήματος
3146 3393 3421 3464 ἀπέτεμον
3461 3390 3608 3458 ἀπη..

336 3489 466 3550 νῶς.

414 3583 557 3649 ΚΕΓ.
590 3579 730 3646 Ἤδη
756 3578 812 3631 δὲ
846 3576 945 3646 τῆς
986 3574 1269 3645 βασιλείας
1307 3578 1492 3644 τυχὼν
1515 3576 1543 3628 ό
1567 3574 1919 3642 Φιλιππκὸς,

2100 3579 2288 3634 XXVI.
2328 3579 2446 3633 Jatn
2478 3577 2687 3647 potitus
2721 3573 2955 3644 imperio
2989 3570 3366 3640 Philippicus,
3411 3578 3603 3624 contra

340 3673 488 3729 κατὰ
525 3671 623 3736 τῆς
666 3670 835 3738 ἕκτης
884 3666 1276 3738 οἰκουμενικῆς
1330 3665 1552 3719 συνόδου
1614 3665 1924 3732 ὡπλίσατο,

346 3766 444 3820 καὶ
468 3762 695 3817 σύνοδον
735 3756 997 3829 ἀθροίσας
1039 3759 1067 3810 ό
1109 3757 1338 3827 μάταιος
1385 3756 1676 3826 ἠκύρωσεν
1705 3757 1832 3809 ὅσον
1866 3757 1927 3809 τ’)

345 3858 471 3912 κατ’
511 3854 676 3911 αὐτὸν
725 3852 792 3906 δι’
847 3851 1018 3919 αὐτῆς
1052 3848 1151 3920 τὴν
1189 3847 1358 3919 ἁγίαν
1414 3847 1636 3917 ἐκείνην
1685 3847 1926 3905 σύνοδον.

344 3949 580 4015 Λέγεται
608 3943 716 4014 γὰρ
752 3945 877 4013 ἄρτι
907 3941 1000 3994 τοῦ
1030 3939 1285 3994 Λεοντίου
1308 3938 1417 3992 τῶν
1447 3939 1744 4011 σκήπτρων
1778 3939 1929 3993 ἐπει-

345 4042 651 4111 λημμένου,
690 4036 1137 4108 χρησμοδοτῆσαι
1175 4031 1351 4103 τούτῳ
1405 4031 1572 4102 δὴτῴ
1611 4028 1929 4100 Φιλιππικῷ

346 4135 448 4204 τὴν
472 4136 551 4195 εἰς
576 4132 666 4185 τὸν
693 4130 965 4200 βασίλειον
999 4127 1191 4198 θρόνον
1224 4123 1518 4195 ἀναγωγὴν
1548 4124 1779 4195 μοναχόν
1806 4140 1929 4176 τινα

346 4225 668 4296 ἕγκλειστον
689 4222 821 4276 ὄντα
854 4224 911 4275 έν
941 4223 1007 4292 τῇ
1043 4218 1138 4273 τοῦ
1184 4216 1603 4286 Καλλιστράτου
1644 4219 1807 4287 μονῇ,
1837 4217 1932 4269 καὶ

344 4322 447 4388 τῆς
474 4319 835 4390 προρρήσεως
863 4316 1086 4384 αἰτῆσαι
1113 4312 1305 4382 μισθὸν
1334 4308 1432 4379 τὴν
1467 4309 1565 4376 τῆς
1587 4308 1750 4377 ἕκτης
1805 4323 1935 4360 συν.

349 4414 473 4467 όδου
534 4410 799 4478 ἀθέτησιν
852 4402 940 4477 (ἦν
1002 4405 1112 4477 γὰρ
1166 4405 1266 4469 τῆς
1315 4401 1427 4456 τῶν
1476 4399 1872 4470 Μονοθελητῶν
1905 4403 1934 4454 ό

321 4491 331 4565 ί
353 4503 591 4577 μοναχίις
613 4503 818 4563 ἐκεῖνος
849 4496 1159 4572 αἱρέσεως),
1184 4498 1276 4551 καὶ
1304 4496 1394 4550 τὸν
1434 4497 1794 4568 ὑποσχέσθαι.
1821 4497 1934 4565 Τὴν
1960 4508 1961 4513 ‘

355 4597 459 4667 μὲν
485 4596 579 4649 οῦν
621 4596 1012 4663 οίκουμενικὴν
1065 4590 1233 4661 ἕκτην
1262 4590 1483 4645 σύνοδον
1519 4589 1833 4659 ἠκύρωσεν,
1856 4588 1932 4652 ὡς

351 4690 547 4743 ἐδόκει.
583 4688 754 4752 Auiti);
785 4688 862 4748 δὲ,
884 4687 1097 4756 σωροὺς
1124 4685 1428 4756 χρημάτων
1459 4683 1524 4736 ὲκ
1552 4681 1933 4752 παλαιοτέρων

318 4779 824 4850 ,θησαυρισθέντας
879 4777 1300 4846 αὐτοκρατόρων
1351 4778 1408 4828 ἐν
1457 4776 1570 4834 τοῖς
1636 4770 1935 4844 βασιλείοις

351 4867 554 4938 εὑρὼν,
579 4869 657 4931 είς
689 4867 840 4921 οὐδὲν
889 4867 1008 4919 δέον
1054 4865 1276 4928 τούτοις
1321 4864 1629 4936 χρώμενος,
1666 4862 1735 4917 τὰ
1763 4860 1935 4914 πλείω

2030 3680 2241 3726 sextam
2274 3669 2672 3724 tecumenicam
2715 3663 2985 3737 synodum
3039 3678 3098 3719 se
3145 3661 3401 3725 armavit,
3456 3658 3605 3713 indi-

2030 3771 2230 3831 ctaque
2281 3761 2518 3816 concilio
2562 3760 2730 3814 homo
2777 3773 2989 3820 vanus,
3037 3765 3302 3827 quantum
3370 3752 3426 3807 in
3486 3748 3604 3821 ipse

2031 3852 2154 3917 fuit,
2186 3867 2400 3907 sacram
2428 3851 2573 3905 illam
2599 3847 2872 3921 synodum
2907 3845 3211 3916 abrogavit.
3236 3844 3373 3899 Nam
3424 3842 3606 3898 Leon-

2032 3943 2110 3999 tio
2137 3942 2335 3999 recens
2364 3952 2645 4011 sceptrum
2685 3940 2924 4009 adepto,
2968 3938 3145 3992 fertur
3185 3936 3432 3991 inclusus
3476 3933 3604 4004 qui-

2030 4036 2155 4091 dam
2188 4034 2492 4089 monachus
2524 4035 2579 4088 in
2618 4031 2914 4088 Callistrati
2953 4027 3326 4091 monasterio,
3354 4026 3449 4096 qui
3488 4025 3604 4079 Mo-

2032 4127 2428 4184 nOthclitarum
2489 4136 2694 4182 sectam
2756 4124 3057 4194 probaret,
3110 4119 3244 4176 huic
3299 4117 3607 4201 Philippico

2032 4222 2186 4293 regni
2223 4222 2567 4292 adeptionem
2623 4220 2977 4291 praedixisse,
3015 4218 3246 4288 ejusque
3296 4210 3611 4283 przedictio-

2036 4315 2120 4369 nis
2146 4314 2454 4369 mercedem
2492 4322 2658 4368 sexta:
2685 4311 2882 4383 synodi
2916 4309 3327 4380 abrogationcm
3378 4302 3609 4373 stipulae

2036 4417 2145 4470 tus,
2177 4415 2233 4461 et
2280 4405 2371 4459 hic
2406 4404 2683 4476 poﬂicitus
2729 4417 2874 4458 esse.
2922 4401 2999 4456 Ac
3050 4407 3261 4455 sextam
3301 4395 3415 4466 98
3454 4405 3609 4448 mcu-

2037 4497 2302 4553 menicam
2334 4495 2601 4567 synodum
2623 4492 2930 4561 abrogavit,
2958 4500 3017 4546 ut
3042 4489 3291 4561 putabat.
3313 4486 3450 4542 Cum
3479 4498 3609 4539 vero

2039 4606 2268 4647 acervos
2322 4595 2681 4661 pecuniarum
2746 4604 2777 4642 a
2843 4584 3127 4641 veteribus
3185 4575 3613 4651 imperatoribus

2039 4684 2349 4739 cumulatos
2416 4682 2472 4736 in
2525 4681 2673 4750 regia
2723 4679 3051 4750 reperissct,
3085 4675 3349 4746 majorem
3396 4676 3607 4737 partem

2039 4774 2095 4829 in
2153 4775 2333 4830 nullos
2400 4786 2533 4827 usus
2602 4768 2947 4827 necessarios
3004 4766 3259 4822 collatam
3327 4750 3613 4823 dissipavit

2040 4867 2241 4938 exiguo
2266 4874 2515 4936 tempore
2558 4884 2571 4919 :
2605 4880 2669 4919 ac
2697 4877 2919 4920 omnem
2960 4861 3145 4915 forsan
3172 4851 3572 4921 absumpsisset
3593 4887 3609 4913 ,

353 4961 709 5031 διεσκόρπισε
769 4958 859 5011 διὰ
922 4957 1154 5028 βραχέος
1199 4957 1438 5026 καιροῦ·
1492 4957 1585 5010 καὶ
1635 4955 1778 5025 τάχα
1842 4955 1919 5009 καὶ

2043 4959 2088 5014 si
2147 4959 2354 5024 diutius
2405 4956 2700 5027 imperium
2749 4952 3031 5014 tenuisset,
3088 4947 3222 5001 Nam
3272 4943 3327 4997 in
3376 4939 3613 4996 dicendo

318 5052 321 5055 ’
356 5056 577 5125 ἅπαντα
604 5053 992 5124 κατηνάλωσεν
1050 5051 1155 5121 ἂν,
1177 5051 1227 5104 εἰ
1274 5052 1368 5107 ἐπὶ
1403 5052 1563 5105 πλέον
1592 5053 1660 5124 τῇ
1687 5050 1934 5121 βασιλείᾳ

354 5148 748 5217 προσέμεινεν.
789 5144 880 5199 Ἐν
907 5145 1007 5214 μὲν
1037 5145 1146 5214 γὰρ
1170 5143 1248 5213 τῷ
1271 5144 1454 5209 λέγειν
1494 5143 1675 5195 ἐδόκει
1709 5145 1934 5213 ῥητορι-

320 5284 323 5287 Α
356 5238 625 5302 κώτατος,
663 5237 738 5308 μὴ
767 5236 1019 5307 ἀμοιρῶν
1047 5252 1110 5290 τε
1142 5235 1446 5297 συνέσεωςο
1478 5235 1536 5288 ἐν
1559 5233 1618 5287 δὲ
1651 5233 1727 5304 τῷ
1762 5232 1939 5303 πράτ-

324 5347 475 5397 ,τειν
522 5324 599 5413 ἦν1Γ
659 5330 991 5399 ξυμπάντων
1047 5327 1501 5391 ἁσυνετὼτατος,
1559 5326 1652 5380 καὶ
1703 5326 1939 5395 πάμπαν

320 5423 590 5490 ἀδέξιος.
640 5420 823 5493 Κῦρον
856 5422 913 5475 δὲ
960 5421 1052 5476 τὸν
1085 5419 1437 5490 πατριάρχην
1483 5418 1769 5488 ἐξωθήσας
1826 5415 1938 5487 (40)

2008 5044 2257 5121 quidem
2311 5048 2716 5103 disertissimus
2764 5043 3106 5105 habebatur,
3162 5050 3269 5091 nec
3308 5031 3614 5104 prudentiae

2033 5156 2230 5211 expers
2281 5158 2295 5195 :
2345 5140 2418 5194 ad
2471 5154 2560 5194 res
2616 5146 2801 5190 autem
2861 5130 3134 5204 gerendas
3200 5137 3322 5183 erat
3364 5123 3611 5179 omnium

2035 5233 2436 5304 ineptissimus,
2491 5242 2547 5286 et
2602 5227 2825 5298 ingenio
2881 5225 3044 5295 plane
3100 5221 3349 5277 sinistro.
3406 5216 3611 5288 Cyrum

2000 5326 2404 5397 ‘patriarcham
2439 5319 2681 5376 Ecclesia
2702 5359 2715 5384 ,
2749 5333 2911 5389 quam
2942 5330 3040 5385 per
3078 5328 3172 5368 sex
3205 5324 3382 5366 annos
3417 5318 3612 5363 tenue-

2042 5427 2146 5483 rat,
2192 5417 2395 5487 cxcgit,
2445 5424 2503 5470 et
2531 5412 2797 5470 Joannem
2850 5422 3194 5465 asscnSorem
3242 5418 3403 5461 suum
3452 5402 3510 5456 in
3545 5413 3611 5457 ea

1545 5549 1747 5615 Vatiae
1790 5550 2096 5614 lectiones
2139 5556 2201 5611 et
2244 5555 2434 5611 uotae.

398 5690 403 5755 ί
431 5682 543 5755 (:10)
573 5676 943 5749 Ἕξωθήσας.
972 5679 1539 5755 Libellussynodicus
1566 5677 1731 5755 Rappi
1777 5695 1802 5755 :_
1821 5677 1930 5755 καὶ

360 5747 453 5809 τὸν
490 5747 918 5824 α’ρχιεπίσκοπον
956 5753 1140 5824 Κῦρον
1183 5747 1437 5824 ἐξέωσεν,
1470 5754 1529 5805 ὲν
1555 5752 1619 5821 τῇ
1648 5747 1807 5819 μονῇ
1836 5747 1933 5820 τῆς

2040 5672 2241 5740 Χώρας
2278 5669 2514 5737 ποιήσας
2553 5666 2716 5720 αὐτὸν
2759 5664 3098 5735 ἒγκλειστον,
3137 5659 3233 5716 καὶ
3273 5654 3388 5713 ἀντ’
3442 5654 3610 5713 ams

2043 5739 2299 5813 Ἰωάννην
2331 5739 2759 5811 ἐχειροτόνησεν.
