3994 6246
409 331 546 393 1311

1691 329 2012 392 JOANNIS
2045 330 2365 392 zonam:
2472 309 2474 311 ’

3531 324 3676 392 1312

403 439 714 496 collocavit.
768 438 883 494 Su‘.)
933 454 1000 494 eo
1047 437 1263 507 Bulgari
1310 437 1604 493 Thraciam
1665 438 1983 493 universam

2106 443 2190 510 τῆς
2223 439 2580 510 Ἐκκλησίας,
2611 437 2704 491 ἐπὶ
2734 437 2794 505 ἒξ
2849 437 2945 509 ἔτη
2983 438 3042 492 ἒν
3087 435 3266 509 ταύτῃ
3309 437 3670 510 διαγαγόντα.

405 531 685 602 populati,
715 532 784 586 ad
821 532 992 600 ipsam
1024 545 1197 600 usque
1245 531 1441 584 urbem
1480 531 1836 584 incursarunt
1867 545 1987 584 om-

2101 533 2360 602 Ἰωάννην
2401 532 2660 600 ὁμόδοξον
2719 530 2870 600 αὐτῷ
2927 531 3289 601 προεϐάλετο.
3365 533 3427 587 Ol
3485 533 3674 602 μέντοι

405 626 518 687 nia,
552 638 858 694 magnaque
909 623 1126 692 praeda,
1161 633 1217 677 et
1245 623 1482 692 captivis
1515 621 1630 676 fere
1679 621 1986 675 innumeris

2106 623 2392 692 Βούλγαροι
2419 621 2519 693 τὴν
2540 623 2764 693 Θρᾴκην
2794 623 3016 676 ἃπασαν
3042 621 3476 692 ληϊσάμενοι,τὰ
3505 624 3673 692 μέχρι

407 716 682 778 abductis,
716 715 941 768 domum
983 728 1043 768 se
1090 721 1440 782 receperunt.
1492 711 1598 766 Sed
1647 719 1705 766 et
1749 710 1985 782 Agareni

407 809 688 863 Orientem
735 807 929 861 eodem
981 807 1146 861 modo
1181 815 1504 860 tractarunt.
1557 805 1782 858 Duobus
1830 805 1990 858 annis

408 911 462 954 et
497 899 781 952 mensibus
809 899 1050 967 aliquot.
1080 914 1144 952 ex
1176 913 1287 967 quo
1317 898 1610 968 imperium
1647 907 1988 965 susceperat,

409 992 628 1058 elapsis,
668 1006 794 1044 cum
837 991 999 1044 ludos
1034 999 1322 1058 equestres
1360 989 1722 1051 celebrasset,
1769 997 1825 1041 et
1867 995 1990 1055 post

408 1094 687 1137 cerlamen
740 1084 794 1138 in
849 1083 1118 1153 Zeuxippi
1163 1083 1361 1136 balneo
1409 1082 1672 1144 lavisset,
1721 1079 1989 1150 quosdam

409 1185 696 1228 senatores
729 1190 900 1228 creua:
924 1174 1179 1228 adhibuit
1207 1191 1220 1227 :
1250 1173 1357 1237 vel,
1391 1180 1451 1226 ut
1500 1171 1591 1225 alii
1621 1172 1816 1226 dicunt
1837 1211 1850 1232 ,
1893 1185 1990 1224 eos

408 1267 500 1333 qui
534 1266 680 1320 ludis
717 1266 1072 1320 Circensrbus
1123 1265 1389 1319 vicerant.
1443 1263 1501 1316 In
1552 1278 1618 1318 eo
1658 1263 1912 1317 convivio
1959 1277 1988 1315 a

409 1356 739 1424 quibusdam
807 1356 1158 1410 senatoribus
1237 1370 1534 1424 oppressus
1609 1363 1866 1408 crecatur.
1931 1353 1988 1407 ld

409 1457 592 1501 actum
629 1457 714 1502 est
748 1449 926 1518 pridie
966 1449 1343 1503 Pentecostes.
1377 1445 1671 1511 Postridie,
1707 1447 1810 1500 hoc
1864 1454 1948 1499 est
1975 1484 1990 1507 ,

411 1536 464 1591 in
496 1537 611 1606 ipsa
639 1539 987 1605 Pentecoste,
1016 1549 1072 1594 et
1091 1548 1318 1594 senatus
1345 1547 1400 1592 et
1421 1538 1658 1609 pepulus
1680 1537 1991 1592 Artemium

410 1629 650 1697 primum
699 1647 730 1686 a
775 1632 1039 1696 secretis,
1089 1631 1482 1700 imperatorem
1524 1631 1854 1700 designant,
1905 1630 1992 1684 in-

411 1720 531 1775 dito
555 1721 603 1776 ei
639 1723 865 1778 nomine
896 1724 1194 1779 Anastasii.

2088 717 2190 786 τῆς
2233 717 2445 778 πόλεως
2499 715 2842 784 κατέδραμον
2871 713 3115 780 ἅπαντα,
3142 715 3241 768 καὶ
3271 715 3426 769 λείαν
3465 715 3675 787 πολλὴν

2091 809 2186 861 καὶ.
2235 807 2619 877 αἰχμαλώτους
2671 807 2932 870 λαϐόντες
2987 807 3174 877 σχεδον
3221 805 3365 877 ὑπὲρ
3411 808 3672 876 ἀριθμόν,

2091 898 2492 968 ἀπενόστησαν.
2559 896 2721 949 Ἀλλά
2767 897 2875 966 μὴν
2921 897 3015 949 καὶ
3069 896 3138 950 τὰ
3191 897 3331 967 πρὸς
3379 897 3678 966 ἀνίσχοντα

2091 991 2245 1060 ἥλιον
2271 991 2477 1059 ὁμοίως
2501 990 2548 1044 οἱ
2579 989 2681 1058 τῆς
2707 991 2892 1058 ’Λγαρ
2922 989 3183 1042 διέθεντο.
3217 991 3325 1042 Δύο
3355 990 3413 1042 δὲ
3469 989 3674 1057 παρελ-

2094 1083 2298 1133 θόντων
2329 1079 2594 1133 ἐνιαυτῶν
2619 1079 2715 1133 καὶ
2754 1078 2939 1150 μηνῶν
2966 1096 3155 1142 τινων,
3176 1080 3360 1147 ὲξότου
3387 1079 3488 1149 τῆς
3516 1080 3676 1149 βασι-

2093 1172 2245 1232 λείας
2271 1171 2602 1242 ἐκράτησεν,
2637 1171 2944 1240 ἱππήλατον
2982 1171 3306 1234 ἐπιτελέσας
3339 1173 3552 1240 ἀγῶνα,
3582 1173 3676 1225 καὶ

2096 1263 2154 1314 ὲν
2186 1263 2266 1332 τῷ
2315 1263 2410 1315 τοῦ
2465 1262 2776 1327 Ζευξίππου
2807 1264 2946 1332 μετὰ
2985 1263 3081 1316 τὸν
3114 1263 3304 1332 ἀγῶνα
3336 1263 3676 1333 λουσάμενος

2093 1353 2328 1425 λουτρῷ,
2385 1357 2679 1420 συσσίτους
2721 1355 2876 1420 τινὰς
2933 1358 3042 1410 τῶν
3093 1356 3192 1426 τῆς
3242 1355 3552 1425 συγκλήτου
3583 1374 3679 1409 πε-

2095 1447 2310 1514 ποίητο,
2347 1448 2421 1512 ὡς
2472 1448 2519 1501 δ’
2551 1448 2687 1502 ἔνιοι
2726 1449 2967 1519 λέγουσι,
2991 1449 3118 1513 τοὺς
3155 1451 3218 1502 ἐν
3247 1451 3313 1518 τῇ
3343 1449 3452 1500 τῶν
3496 1449 3683 1501 ἵππων

2095 1538 2298 1610 ἁμίλλῃ
2329 1541 2688 1610 νικήσαντας.
2742 1540 3164 1610 Κατακείμενος
3205 1539 3300 1593 οὖν
3330 1540 3390 1594 ἓν
3426 1539 3506 1610 τῷ
3538 1555 3679 1608 συμ-

2097 1631 2294 1701 ποσίῳ,
2325 1635 2476 1702 παρά
2494 1651 2656 1688 τινων
2677 1651 2786 1686 των
2803 1633 2904 1702 τῆς
2933 1633 3231 1702 γερουσίας
3253 1631 3677 1703 κατασχεσθεὶς,

2096 1721 2396 1791 τυφλοῦται
2460 1724 2596 1792 (Μ).
2639 1723 2830 1778 Ταῦτα
2883 1723 2928 1774 δ’
2983 1724 3231 1795 ἐπράχθη
3271 1723 3506 1777 κατὰτὸ
3539 1720 3682 1774 Σάϐ-

409 1817 572 1871 ϐατόν
597 1819 692 1887 τῆς
727 1821 1104 1888 Πειτηκοστῆς
1145 1819 1280 1888 (42).
1307 1821 1384 1890 Τῇ
1415 1819 1473 1873 δ’
1510 1819 1640 1887 ἑξῆς
1707 1818 1830 1871 κατ’
1889 1816 2061 1886 αὐτὴν
2101 1817 2304 1890 δηλαδή
2369 1819 2470 1889 τὴν
2523 1818 2928 1889 Πεντήκοστὴν,
2974 1817 3360 1888 ἀθροισθέντες
3417 1817 3543 1870 οἵτε
3587 1817 3684 1885 τῆς

413 1911 720 1982 συγκλήτου
751 1911 972 1981 βουλῆς.
1015 1915 1112 1967 καὶ
1145 1917 1171 1967 ὁ
1199 1913 1455 1985 δημώδης
1500 1913 1677 1984 ὄχλος,
1744 1912 2035 1983 Ἀρτέμιον
2072 1911 2164 1965 τὸν
2221 1915 2720 1986 πρωτοασηκρήτις
2770 1912 3214 1985 προχειρίζονται
3261 1912 3682 1982 αὐτοκράτορα,

415 2005 891 2070 μετονομὰσαντες
933 2003 1310 2059 Ἀναστάσιον.

479 2093 694 2147 XXVII.
738 2092 836 2148 llic
870 2095 1024 2149 omni
1063 2094 1334 2150 doctrina:
1365 2112 1569 2168 genere
1598 2097 1852 2152 eruditus
1879 2135 1894 2159 ,
1941 2104 2000 2151 et

2175 2089 2305 2147 KZ'.
2337 2086 2449 2144 Ἦν
2479 2091 2537 2144 δὲ
2599 2083 2758 2154 οὗτος
2807 2092 2836 2144 ὁ
2872 2090 3130 2160 βασιλεὺς
3183 2090 3280 2143 καὶ
3333 2090 3514 2158 λόγοις
3553 2108 3685 2145 παν·

410 2184 580 2240 rebus
651 2185 910 2254 gerendis
971 2187 1388 2244 versatissimus
1463 2189 1592 2244 fuit.
1673 2186 1996 2244 Patriarcha

409 2281 646 2344 Joanne,
683 2291 744 2335 ut
771 2297 882 2336 non
914 2283 1246 2347 orthodoxe,
1280 2299 1309 2338 a
1341 2285 1473 2338 sede
1501 2299 1665 2353 quam
1692 2284 1995 2338 triennium

413 2383 702 2438 tenuerat,
755 2377 940 2430 avulso
969 2419 984 2440 ,
1026 2378 1361 2431 Germanum
1411 2377 1611 2448 Cyzico
1654 2385 1994 2442 revocatum,

416 2463 473 2517 in
503 2466 625 2534 ejus
674 2465 855 2518 locum
891 2465 1199 2530 substituit,
1236 2481 1403 2534 quem
1439 2481 1471 2519 a
1499 2464 1866 2520 Constantino
1893 2465 2000 2520 Po-

415 2563 618 2623 gonato
647 2555 904 2610 virilibus
935 2556 1211 2625 privatum
1239 2557 1408 2611 fuisse
1457 2573 1622 2627 supra
1660 2555 1995 2611 memoravi-

413 2661 559 2699 mus.
590 2646 726 2701 Cum
758 2649 1161 2704 Alexandrinos
1198 2651 1250 2704 in
1298 2650 1637 2706 thniciam
1692 2649 1994 2720 appulisse,

417 2748 478 2792 ut
509 2739 635 2794 inde
674 2739 821 2809 ligna
854 2739 919 2794 ad
948 2741 1298 2798 fabricandas
1329 2757 1498 2797 naves
1529 2750 1822 2812 peterent,
1855 2742 2001 2797 didi-

415 2830 586 2886 cisset
619 2848 633 2883 :
679 2833 908 2887 classem
950 2833 1278 2890 instructam
1314 2845 1508 2890 contra
1546 2837 1669 2892 illos
1704 2836 1895 2904 misit,
1944 2846 2002 2893 et

419 2923 843 2992 provincialium
899 2940 1122 2996 quoque
1157 2943 1325 2983 naves
1372 2928 1630 2984 Rhodum
1679 2929 1996 2998 appellere,

416 3023 585 3082 atque
619 3016 713 3070 ubi
754 3019 1176 3084 convenissent,
1209 3029 1400 3074 contra
1427 3020 1617 3075 hostes
1663 3020 1745 3074 ire
1795 3021 1998 3090 jussit,

418 3105 592 3160 totius
625 3107 814 3161 classis
844 3109 984 3163 duce
1013 3109 1227 3164 delecto
1253 3111 1464 3166 Joanne
1511 3111 1716 3181 Magna:
1757 3110 2003 3165 ecclesia:

421 3194 518 3249 Dei
556 3196 809 3264 diacono,
843 3210 899 3254 et
932 3201 1172 3270 generali
1211 3203 1514 3269 logotheta.
1549 3203 1844 3272 Postquam
1879 3218 2002 3256 0m-

418 3302 519 3340 nes
547 3287 724 3342 Rhodi
764 3304 1160 3359 convenerant,
1207 3305 1258 3350 et
1308 3296 1550 3350 Joannes
1591 3295 1998 3364 navigationem

2101 2185 2269 2248 τοίοις
2297 2183 2620 2256 ὡμιληκὼς,
2641 2187 2734 2237 καὶ
2765 2186 3114 2255 πραγμάτων
3145 2185 3484 2252 διοικήσεσιν
3509 2186 3687 2254 ἐντρι-

2100 2279 2386 2340 6ἐστατος.
2458 2271 2630 2340 Οὗτος
2673 2277 2765 2330 τδν
2845 2277 3196 2347 πατ-ριάρχην
3281 2276 3538 2346 Ἰωάννην
3591 2277 3685 2330 τοῦ

2101 2369 2458 2440 ἁχιερατικοῦ
2506 2369 2874 2433 καταπαύσας
2905 2369 3119 2441 Θρόνου,
3165 2369 3243 2431 ὡς
3279 2369 3358 2439 μὴ
3379 2370 3685 2438 ὀρθόδοξον,

2101 2463 2197 2533 ἔτη
2229 2463 2358 2534 τρία
2388 2463 2485 2533 τῆς
2525 2463 2861 2532 Ἐκκλησίας
2908 2463 3285 2532 κρατήσαντα,
3323 2461 3687 2532 μετατίθησιν

2102 2556 2168 2608 ἐκ
2200 2553 2446 2620 Κυζίκου
2483 2555 2575 2607 ἐπὶ
2637 2555 2737 2622 τὴν
2772 2553 2928 2622 ἱερὰν
2970 2553 3245 2624 καθέδραν
3275 2556 3377 2620 τῆς
3413 2553 3687 2623 βασιλίδος

2104 2648 2214 2702 τῶν
2241 2647 2452 2700 πόλεων
2479 2646 2785 2718 Γερμανὸν,
2837 2647 2896 2698 ὃν
2925 2645 3096 2700 ἇνωθί
3135 2662 3242 2699 που
3272 2649 3300 2699 ό
3342 2645 3502 2713 λόγος
3541 2647 3688 2698 ίστόο

2107 2756 2242 2810 ρησε
2274 2737 2429 2808 παρὰ
2464 2737 2882 2790 Κωνσταντίνου
2915 2737 3012 2790 τοῦ
3040 2738 3383 2806 Πωγωνάτου
3413 2739 3525 2790 τῶν
3561 2755 3687 2790 παι⁶

2102 2829 2339 2898 δογόνων
2404 2829 2773 2899 ἀφαιρεθῆναι
2827 2829 3056 2900 μορίων.
3124 2829 3334 2883 Μαθὼν
3385 2830 3442 2884 δὲ
3495 2825 3583 2883 δτι
3632 2829 3688 2896 ἐξ

2116 2920 2530 2990 Ἀλεξανδρείας
2589 2922 2683 2973 ἐπὶ
2725 2921 2982 2990 Φοινίκην
3032 2920 3195 2974 πλοῖα
3243 2921 3687 2992 προσώρμισαν,

2106 3018 2196 3072 ἵνα
2231 3017 2368 3085 ξύλα
2401 3018 2614 3072 ἐκεῖθεν
2661 3019 3004 3085 κομίσωνται
3035 3020 3464 3089 ναυπηγήσιμα,
3507 3018 3688 3072 στόλον

2105 3111 2406 3178 ἑτοιμάσας
2442 3112 2732 3165 ἀπέστειλε
2765 3113 2886 3164 κατ’
2912 3111 3113 3174 αὐτῶν,
3144 3111 3408 3174 κελεύσας
3443 3111 3688 3172 καὶτοὺς

2101 3201 2210 3254 τῶν
2237 3201 2489 3271 θεμάτων
2517 3201 2736 3266 στόλους
2785 3204 2864 3264 είς
2885 3203 2986 3273 τὴν
3003 3203 3168 3272 νῆσον
3201 3203 3386 3256 Ῥόδον
3423 3204 3687 3272 κατᾶραι,

2103 3295 2268 3348 κάκεῖ
2321 3294 2619 3364 ἐνωθῆναι,
2672 3295 2767 3349 καὶ
2822 3293 2966 3348 οὕτω
3025 3293 3329 3348 ἐκπλεῦσαι
3383 3293 3531 3346 κατὰ
3583 3293 3690 3345 τῶν

423 3378 734 3436 adornabat
766 3399 783 3438 :
816 3384 1107 3450 classiarii,
1141 3403 1205 3441 ac
1241 3387 1426 3457 potius
1463 3387 1764 3457 Opsiciani,
1800 3388 2001 3444 infensi

2107 3385 2389 3448 ἐναντίων,
2432 3387 2837 3458 προϐαλόμενος
2893 3387 3131 3458 ἄρχοντα
3169 3388 3264 3440 τοῦ
3323 3385 3519 3440 στόλου
3556 3404 3690 3439 παν⁹

423 3471 772 3541 imperatori,
810 3477 954 3546 quod
988 3479 1211 3533 navales
1256 3479 1442 3549 copias
1474 3495 1669 3549 parum
1716 3481 2003 3537 commode

2106 3478 2195 3541 τὸς
2248 3479 2505 3551 Ἰωάννην
2569 3479 2670 3549 τῆς
2742 3479 2837 3532 τοῦ
2884 3481 3022 3533 Θεοῦ
3082 3480 3344 3548 Μεγάλης
3384 3479 3690 3546 ἐκκλησίας

422 3569 743 3631 tractasset,
782 3567 1076 3638 imperium
1129 3570 1517 3626 detrectabant
1553 3586 1568 3623 :
1605 3581 1662 3626 et
1709 3571 2003 3627 diaconum

2106 3573 2377 3635 διάκονον,
2415 3572 2511 3625 καὶ
2567 3572 2788 3641 γενικὸν
2842 3572 3158 3640 λογοθέτην.
3207 3573 3434 3626 Πάντων
3475 3573 3571 3626 οὖν
3612 3574 3689 3634 είς

417 3667 616 3709 eorum
660 3661 1063 3716 contumaciam
1097 3662 1350 3718 severius
1379 3663 1742 3733 castigantem
1770 3703 1785 3730 ,
1833 3666 2003 3720 male-

2106 3661 2206 3732 τὴν
2245 3662 2427 3716 Ῥόδον
2483 3662 3014 3733 συναθροισθέντων,
3059 3665 3087 3716 ὀ
3130 3663 3378 3722 διάκονος
3436 3662 3690 3728 Ἰωάννης

419 3740 572 3799 dicta
618 3746 675 3801 in
729 3748 1121 3820 imperatorem
1189 3763 1553 3825 congerentes
1581 3796 1597 3823 ,
1643 3754 1756 3826 99
1821 3755 2003 3810 statim

2115 3755 2254 3826 πρὸς
2294 3755 2530 3810 ἔκπλουν
2581 3756 2935 3827 ήτοίμαστοξ
2977 3758 3030 3809 οί
3075 3756 3131 3809 δὲ
3185 3754 3280 3810 τοῦ
3337 3755 3552 3818 στόλου,
3599 3755 3691 3808 καὶ

1618 3933 1822 3996 Vat-ite
1844 3933 2152 3998 lectiones
2193 3939 2256 3997 et
2299 3941 2490 3998 notae.

500 4094 614 4174 (Li)
654 4093 1018 4174 Τυφλρῦται.
1050 4099 1198 4156 Nihil
1241 4098 1492 4174 crebrius
1529 4098 1583 4155 in
1616 4098 1874 4156 universa
1909 4103 2014 4174 By-

2111 4100 2202 4154 die
2259 4097 2473 4154 scilicet
2519 4099 2838 4157 celebrabat
2888 4099 3047 4158 urbis
3095 4100 3313 4166 natale,
3376 4109 3438 4154 ut
3494 4101 3693 4158 habent

426 4167 778 4226 zantinorum
824 4167 1217 4236 imperatorum
1269 4169 1521 4232 historia,
1572 4184 1734 4237 quam
1771 4167 2014 4227 excercit-

2111 4168 2479 4238 Theophanes
2518 4180 2574 4225 et
2598 4171 2942 4239 Nicephorus
2989 4169 3517 4236 Constantinopolit.
3549 4173 3691 4239 quod

425 4238 592 4295 tionis
619 4250 801 4304 pmna,
840 4240 896 4290 in
936 4239 1178 4308 rebelles
1210 4239 1538 4308 praesertim,
1576 4239 1662 4292 vel
1695 4241 1788 4308 qui
1833 4243 2014 4296 rebel-

423 4310 637 4364 lionnm
699 4316 757 4360 et
821 4307 1266 4379 conjurationum
1341 4309 1641 4379 participes
1688 4307 1754 4363 ac
1802 4313 2013 4367 conscii

427 4388 590 4451 erant
621 4395 635 4430 :
664 4391 769 4442 qua
811 4377 1036 4451 quidem
1067 4387 1127 4433 ut
1157 4377 1366 4451 mortis
1397 4379 1670 4451 supplicio
1713 4379 1884 4451 longe
1913 4382 2015 4436 mi-

429 4448 555 4501 tiori
591 4460 734 4512 saepe
764 4447 1082 4511 utebantur,
1139 4449 1268 4503 dum
1314 4447 1666 4503 clementiam
1699 4447 1887 4504 testari
1918 4459 2011 4505 ut-

2110 4239 2334 4309 quidem
2368 4239 2668 4294 Sabbatum
2702 4241 3055 4298 Pentecostes
3091 4243 3144 4294 in
3188 4241 3222 4292 3
3251 4241 3424 4306 Junii,
3455 4255 3526 4294 eo
3555 4257 3693 4294 anno

2111 4325 2229 4382 quo
2269 4309 2594 4382 abrogatum
2638 4320 2723 4382 est
2773 4312 3068 4382 imperium
3107 4310 3440 4382 Philippico,
3485 4313 3691 4367 Christi

2113 4380 2326 4452 scilicet
2364 4381 2482 4452 713
2537 4380 2758 4444 incidit,
2807 4380 2934 4437 licet
2985 4382 3043 4434 11
3103 4382 3309 4452 mensis
3365 4381 3491 4434 Maii
3539 4383 3694 4452 vulgo

2116 4450 2234 4504 htec
2253 4450 2522 4505 festivitas
2549 4451 2820 4506 celebrari
2856 4452 3061 4507 soleret
3097 4467 3110 4503 :
3153 4450 3298 4505 unde
3333 4452 3564 4518 conjicit
3595 4450 3693 4505 Pc-

427 4529 647 4587 cunque
668 4497 903 4587 Ivellent.
931 4497 1337 4587 Constantinus
1371 4520 1574 4587 Porph.
1616 4519 1672 4573 in
1703 4519 1886 4574 Basilii
1923 4497 2010 4576 avi
2037 4497 2093 4557 Ῑ)
2121 4497 2301 4576 tavius
2345 4519 2400 4573 in
2433 4497 2585 4575 hunc
2630 4497 3035 4576 diem-dilato;
3067 4497 3338 4587 ejusmovdi
3370 4497 3539 4576 Ῑυίιεῖέ
3593 4497 3696 4575 ιεἰῖ-

428 4585 653 4660 Yitam.
714 4585 823 4660 δι’.
877 4585 1012 4660 edit.
1063 4588 1316 4660 Combel.
1358 4585 1500 4660 ᾊλλ⁵
1538 4591 1580 4660 fi;
1624 4589 1718 4660 τοῦ
1760 4591 2010 4657 γενναίου

433 4655 702 4731 βασιλέως
729 4653 1109 4731 φιλανθρωπία
1152 4659 1291 4731 μόνῃ
1322 4659 1428 4731 τῶν
1454 4653 1751 4728 ὀφθαλμῶν
1771 4653 2010 4731 ’ξκκοπῇ

432 4726 535 4806 τήν
568 4725 844 4806 τιμωρίαν
888 4725 1124 4806 ὡρίσατο
1155 4725 1307 4806 τέως
1351 4729 1460 4806 τῶν
1499 4725 2014 4806 ’προκαταρξάντων

434 4793 538 4868 τῆς
558 4796 799 4868 πονηρᾷς
838 4793 1171 4868 συμϐουλῆς.
1205 4798 1327 4852 Mox
1359 4793 1627 4853 rationem
1660 4793 1847 4868 subdit
1877 4818 1890 4852 :
1915 4798 2014 4852 Διά

431 4865 593 4938 τοῦτο
638 4864 709 4936 τῇ
734 4864 988 4938 λεχθείσῃ
1031 4864 1429 4938 ποινῇτούτοις
1456 4886 1515 4920 τε
1544 4867 1835 4938 μετανοίας
1859 4885 2009 4938 παρ-

429 4935 557 5007 έσχε
605 4935 834 5007 anteet),
994 4938 1145 5007 *τοὺς
1163 4935 1186 4938 ”
1200 4937 1420 5001 λοιποὺς
1452 4939 1566 5007 τῶν
1597 4936 1851 5007 πονηρῶν
1880 4935 2016 4990 ἐσω-

433 5004 678 5076 φρόνιζε.
713 5004 944 5060 Michael
992 5005 1219 5070 Psellus,
1265 5008 1364 5061 lib.
1398 5022 1414 5060 ι
1451 5005 1592 5061 Hist.
1625 5004 1894 5062 ms."A).)t’
1925 5008 2016 5060 εύ-

567 5076 779 5146 Δσιδήρῳ
827 5076 955 5138 τοὺς
993 5076 1310 5145 ὀφθαλμοὺς
1358 5076 1744 5144 ὀρυττόμενος.
1795 5076 2016 5145 Ταύτην

431 5143 498 5213 δὴ
525 5143 634 5216 τήν
655 5143 881 5216 κόλασιν
912 5143 1080 5200 πᾶσιν
1102 5143 1432 5216 άπεμὲτρει,
1462 5143 1609 5199 καὶίό
1639 5148 1738 5216 μὲν
1768 5143 2016 5212 μείζονα,

431 5217 462 5288 ό
493 5216 550 5269 δὲ
585 5214 856 5288 ’ἐλάττονα
889 5214 1230 5288 ἁμαρτάνειν
1277 5214 1448 5272 εδοξε.
1489 5217 1604 5288 Καὶ
1643 5214 1680 5269 ’ό
1727 5217 2018 5288 μὲνγέργου

432 5285 661 5354 ἥπτετο,
713 5287 743 5337 ό
783 5284 841 5337 δὲ
899 5284 1064 5406 μέέρι
1117 5286 1309 5406 φήῄμης
1364 5284 1739 5356 προέϐαινεν(
1775 5287 1848 5341 Οὐ
1885 5284 2018 5355 ’γὰρ

434 5351 760 5406 ἐφρόντιζεν
799 5355 949 5406 ὅπως
1017 5374 1047 5406 ν
1083 5356 1184 5406 ἀνα
1223 5356 1382 5406 όγουε
1413 5358 1513 5406 τὰς
1559 5355 1832 5406 τιμωρίας
1876 5357 2018 5406 ἀπο-

434 5351 760 5422 ἔφρόντιζεν
799 5351 949 5417 ὅπως
974 5351 1047 5409 ‘a‘v
1083 5351 1382 5421 ἀναλόγους
1412 5351 1513 5418 τὰς
1559 5355 1832 5426 τιμωρίας
1876 5351 2019 5410 dare;

435 5423 1320 5511 i‘bs'éttéic,susttirsmaééi'
1352 5428 1498 5511 δπιις
1537 5425 1606 5511 ἀγ
1644 5427 1837 5511 Ea“:th
1869 5426 2022 5511 ἐλευ-

440 5491 708 5569 ρε,ριὶ›σειε
745 5491 852 5544 τῶν
875 5491 1144 5569 ὗπόψιῶν.
1181 5494 1390 5569 ξΕδόκει
1431 5497 1488 5550 δὲ
1532 5497 1682 5569 αὐτῷ
1711 5498 1744 5566 ἡ
1791 5496 2022 5569 τοιαύτη

445 5560 722 5632 βάρϐαρος
779 5560 1087 5635 κουφοτάτη
1143 5565 1252 5618 τῶν
1285 5567 1464 5619 ἄλλων
1488 5581 1504 5598 ο
1539 5560 1692 5633 ,διότι
1731 5560 1874 5630 ’τοὺς
1940 5560 2022 5619 τιέ

448 5636 836 5719 μωρουμένους
915 5635 1232 5705 ἀπράκτους
1309 5636 1521 5702 ἐποίει,
1563 5637 1736 5708 ταύτῃ
1819 5636 2020 5706 μᾶλλον

447 5717 665 5757 εγρήτο.

479 5719 840 5840 Κατὰ
873 5773 934 5828 τὸ
957 5772 1260 5831 Σάϐϐατόν
1295 5776 1401 5847 τῆς
1429 5779 1870 5850 Πεντηκοστῆς.
1899 5780 2019 5846 Quo

2118 4604 2333 4652 censes,
2355 4591 2449 4660 qui
2479 4592 2778 4660 quatannis
2799 4593 2853 4646 in
2877 4592 2968 4646 die
2995 4591 3148 4645 urbis
3173 4590 3337 4648 natali
3369 4592 3694 4654 edebantur,

2119 4660 2198 4731 uti
2226 4661 2477 4731 pluribus
2507 4662 2867 4731 observamus
2911 4663 2966 4715 in
3002 4669 3188 4715 nostra
3222 4660 3694 4730 Constantinopoli,

2116 4729 2283 4794 libft,
2315 4747 2366 4799 p.
2409 4731 2498 4784 29.
2536 4729 2641 4784 Sed
2685 4731 2736 4786 id
2775 4747 2965 4786 verum
2995 4746 3062 4784 ne
3088 4731 3180 4794 sit,
3225 4741 3284 4784 ut
3311 4729 3584 4797 dubitem,
3616 4732 3696 4786 fa-

2085 4800 2194 4853 cit
2244 4801 2606 4871 Synaxarium
2651 4817 2756 4857 ms.
2801 4802 2858 4856 in
2899 4801 2955 4856 S.
2997 4801 3208 4856 Joanne
3252 4800 3575 4868 Jejunatore
3608 4816 3698 4870 pa-

2117 4870 2356 4940 triarcha
2383 4870 2907 4940 Constantinopolit.
2941 4871 3250 4940 imperante
3276 4871 3562 4934 Mauricio,
3595 4871 3695 4925 sub

2117 4938 2153 4992 2
2202 4939 2516 5009 Septembr.
2571 4941 2666 4996 ubi
2726 4938 2934 4996 mentio
2979 4938 3038 4994 lit
3087 4941 3321 5010 hujusce
3365 4941 3695 4996 circensium

2117 5010 2381 5081 editionis
2407 5010 2649 5081 Sabhato
2677 5013 3045 5074 Pentecostes,
3083 5026 3246 5081 quam
3285 5011 3376 5065 ille
3422 5027 3530 5081 non
3577 5026 3698 5080 pro-

2120 5077 2333 5152 babat;
2365 5080 2590 5152 [io'réﬁé
2645 5082 3008 5152 Παρασκευῆς
3048 5077 3216 5150 οὔσης
3253 5081 3431 5149 ὀψίας,
3481 5077 3697 5149 λέγουσι

2118 5151 2198 5220 τῷ
2232 5149 2366 5220 ὁσίῳ
2397 5167 2412 5182 ο
2462 5148 2684 5220 Αὔριον,
2737 5148 3001 5214 δέσποτα,
3037 5148 3403 5220 ἱπποδρόμιον
3459 5148 3691 5219 ἄγεταιο

2118 5215 2190 5291 ἦν
2222 5220 2279 5274 δὲ
2323 5215 2604 5291 meeum
2643 5221 2745 5290 τῆς
2776 5222 3156 5290 Πεντήκοστῆς
3175 5237 3190 5252 ⁶
3209 5215 3327 5274 ’κάι
3351 5215 3694 5291 ἀποκριθεξ,

2121 5289 2290 5362 λέγει·
2328 5289 2712 5362 Ἰπποδρόμιον
2749 5295 2813 5358 τῇ
2854 5289 2987 5362 ἁγία
3017 5289 3402 5362 ίΙεντηκοστῇ;
3439 5289 3550 5362 Καὶ.
3598 5307 3694 5342 πε·

2124 5359 2232 5414 σὼν
2260 5362 2354 5413 ὲπὶ
2400 5361 2468 5414 τὰ
2497 5359 2726 5427 γόνατα,
2770 5359 3039 5415 ἐδυσώπει
3066 5362 3156 5412 τὸν
3182 5359 3615 5428 Θεὸνγενέσθαι
3645 5377 3694 5412 τι

2124 5434 2353 5500 σημεῖον
2396 5431 2563 5499 φόῦου
2613 5430 2779 5485 ἕνεκα
2819 5429 2959 5500 πρὸς
2995 5434 3056 5484 τὸ
3099 5430 3341 5484 κωλῦσαι
3375 5430 3556 5482 τοῦτο.
3589 5431 3693 5481 Καὶ

2126 5501 2236 5554 ίδοὺ
2270 5504 2336 5572 τῇ
2376 5501 2522 5572 δείλῃ
2561 5500 2780 5572 αἰθρίας
2825 5502 3021 5572 οθσηςῄ
3064 5500 3309 5572 γίνονται
3357 5500 3691 5572 καταιγίδες,

2123 5573 2219 5643 καὶ
2251 5570 2454 5643 πλῆθος
2499 5570 2742 5643 άνὲμων,
2804 5574 2902 5643 καί
2932 5570 3141 5643 ὑδάτων
3182 5571 3346 5643 φορὰ,
3372 5570 3470 5643 Δὡς
3512 5585 3695 5643 συντε-

2122 5637 2615 5721 λεῖσθαι”πάντας,’
2659 5641 2756 5696 καὶ
2806 5641 3032 5713 φεύγειν
3079 5637 3332 5694 τὸνλαὸν
3367 5639 3436 5694 ὲκ
3483 5638 3576 5693 τοῦ
3610 5637 3695 5690 ir:-

2123 5727 2306 5768 πικου.
