3994 6246
506 295 642 365 1315

1799 290 2118 355 JOANNIS
2152 291 2472 369 zemas:

3628 292 3754 355 1316

496 417 657 479 riam,
681 425 844 486 atque
881 416 1008 473 inde
1043 431 1152 472 una
1198 431 1322 472 cum
1361 417 1685 488 parentibus
1721 417 1789 471 ab
1830 417 2042 486 impera

2180 408 2272 460 οεν
2310 409 2368 461 δέ
2412 406 2776 479 μετοικισοεὶς
2809 406 2949 477 μετὰ
3001 406 3110 460 τῶν
3133 409 3411 462 τεκόντων
3461 410 3616 479 παρᾶ
3667 411 3750 463 τοῦ

496 520 616 564 tore
648 509 993 575 Justiniano,
1027 520 1320 581 antequam
1373 512 1606 580 imperio
1655 513 1866 582 ejectus
1914 512 2072 581 100

496 609 666 664 esset,
704 601 1021 664 translatus,
1053 602 1392 657 Mesembria:
1437 603 1686 658 Thraciae
1721 605 1856 657 urbe
1902 605 2071 658 vitam

493 691 624 759 egit.
674 691 836 743 Pulso
890 701 1072 745 autem
1128 692 1464 759 Justiniano,
1520 704 1577 749 et
1627 711 1657 749 a
1707 695 1960 764 Bulgaris
2015 695 2069 750 in

495 795 722 850 regnum
762 782 1099 848 reducendo,
1135 802 1458 856 progressus
1488 787 1730 853 obviam,
1756 788 1806 842 ei
1841 803 2070 842 munera

492 874 698 928 obtulit
753 891 765 928 :
827 891 1001 945 caque
1069 878 1135 932 de
1189 894 1350 933 causa
1420 881 1682 950 spatltarii
1747 880 2071 950 dignitatem

490 964 675 1018 statim
709 975 792 1019 est
819 979 1151 1024 consecutus
1174 1012 1188 1034 ,
1219 981 1301 1036 et,
1351 981 1677 1041 recuperato
1724 973 1793 1026 ab
1831 973 1920 1027 ilio
1973 973 2072 1027 im-

489 1054 669 1123 perio,
701 1059 820 1126 ejus
857 1057 1232 1113 familiaritate
1262 1074 1413 1114 usus.
1449 1060 1656 1115 Deinde
1709 1059 1776 1113 ad
1826 1059 2029 1114 Alanos
2052 1101 2068 1127 ,

489 1145 604 1199 sive
635 1147 875 1202 Albanos
926 1149 1041 1218 (sic
1063 1150 1210 1204 enim
1238 1161 1507 1205 vocantur
1530 1167 1560 1206 Α
1585 1151 1903 1223 veteribus)
1935 1151 2069 1206 mis-

488 1254 584 1292 sus
620 1248 724 1305 est,
753 1252 813 1294 ut
860 1256 957 1296 eos
1006 1251 1199 1298 contra
1256 1243 1523 1315 Abasgos,
1572 1245 1666 1314 qui
1724 1261 1755 1300 a
1809 1245 2070 1300 Romanis

487 1330 827 1396 defecerant,
859 1336 1183 1390 concitaret.
1211 1336 1488 1391 Parebant
1518 1347 1703 1392 autem
1727 1377 1742 1402 ,
1787 1349 1849 1393 ut
1883 1337 2066 1394 Cresa-

485 1423 683 1479 ricnsis
709 1427 1008 1497 Procopius
1037 1428 1226 1493 refert,
1263 1429 1482 1485 duobus
1525 1432 1641 1486 suis
1669 1431 2026 1500 p0pularibus
2048 1472 2063 1497 ,

485 1533 720 1585 quorum
782 1518 920 1573 alter
989 1529 1200 1588 partem
1248 1522 1609 1590 orientalem,
1666 1523 2063 1578 occidentalem

482 1609 622 1662 alter
653 1610 1018 1679 gubernabat.
1042 1610 1284 1682 Uterque
1316 1629 1482 1683 porro
1515 1624 1728 1684 gentem
1747 1629 1813 1668 ex
1835 1615 2093 1688 avaritia.

2178 500 2444 570 βασιλέως
2506 499 2908 562 ’1ουστινιανοῦ,
2944 499 3121 569 μήπω
3160 500 3259 568 τῆς
3288 500 3466 570 ἀρχῆς
3496 501 3752 564 ἐξωσθέν-

2175 610 2291 656 τος,
2342 594 2400 644 ἐν
2435 590 2770 661 Μεσημϐρίᾳ
2826 593 2892 660 τῇ
2923 591 3170 662 Θρακικῇ
3204 592 3472 662 πεποίητο
3510 593 3622 661 τὰς,
3654 593 3754 646 διι-

2171 684 2392 757 τριὸἀς.
2453 683 2890 752 Καθαιρεθέντος
2938 683 2995 734 δὲ
3043 681 3138 735 τοῦ
3211 682 3604 764 Ἰουστινιανοῦ
3655 687 3746 754 τῆς

2177 774 2382 846 ἀρχῆς,
2411 769 2531 827 εἶτα
2561 772 3006 844 ἐπανερχομένου
3050 772 3190 841 μετὰ
3227 773 3559 843 Βουλγάρων
3593 775 3672 836 εἰς
3696 777 3750 826 τὸ

2171 868 2268 934 τὴν
2300 865 2576 934 βασιλείαν
2603 861 2760 929 αὖθις
2798 864 3113 930 ἀναλαϐεῖν,
3158 867 3187 918 6
3221 865 3374 918 Λέων
3435 866 3750 936 ἀπαντήσας

2172 958 2323 1022 αὐτῷ
2353 957 2504 1028 δῶρα
2537 957 2938 1027 προσήνεγκεν.
2975 957 3084 1011 Καὶ
3122 959 3151 1011 6
3181 956 3566 1020 ’1ουστινιανὺς
3621 973 3749 1010 σπα-

2173 1051 2362 1120 θάριον
2418 1049 2579 1103 αὑτὸν
2649 1049 2850 1102 αὐτίκα
2891 1048 3142 1119 ἐτίμησε,
3194 1050 3290 1102 καὶ
3328 1048 3662 1119 βασιλεύσας
3696 1049 3748 1100 τὸ

2169 1143 2448 1213 δεύτερον,
2519 1142 2684 1197 αὑτὸν
2737 1142 3081 1213 ᾠκειώσατο.
3137 1137 3271 1196 Εἶτα
3338 1141 3574 1195 ῐσταλτο
3625 1141 3746 1211 παρ’

2168 1235 2339 1289 αὑτοῦ
2381 1235 2521 1306 πρὸς
2562 1237 2688 1298 τοὺς
2733 1234 2994 1298 Ἀλανοὺς
3021 1234 3197 1305 (45)ἢ
3241 1235 3540 1298 ’Δλϐανοὺς
3593 1234 3745 1306 (οὕτω

2169 1329 2278 1397 γὰρ
2307 1331 2422 1392 τοῖς
2465 1327 2718 1391 παλαιοῖς
2766 1327 3176 1398 ὀνομάζονται),
3211 1327 3436 1380 ἔσταλτο
3469 1329 3526 1381 δέ
3570 1345 3746 1396 συγκι-

2170 1423 2355 1491 νήσων
2382 1421 2583 1483 αὐτοὺς
2611 1419 2756 1473 κατὰ
2778 1420 2888 1474 τῶν
2933 1419 3241 1487 Ἀϐασγῶν,
3270 1421 3628 1474 ἀποστάντων
3657 1423 3744 1490 τῆς

2180 1512 2468 1582 Ῥωμαίων
2505 1510 2702 1582 ἀρχῆς.
2738 1511 2803 1564 Οἱ
2858 1511 2967 1583 γὰρ
3007 1510 3288 1578 Ἀδασγοὶ,
3359 1511 3436 1573 ὡς
3472 1513 3502 1564 6
3543 1513 3745 1566 Καισα-

2169 1605 2299 1676 ρεὺς
2349 1605 2655 1674 Προκόπιος
2685 1606 2910 1676 ἱστορεῖ,
2953 1605 3101 1657 δυοῖν
3126 1599 3580 1675 ὁμοφύλοινῆσαν
3613 1605 3745 1674 ὑπή.

488 1700 630 1753 male
674 1703 961 1756 tractabat.
997 1703 1132 1756 Nam
1165 1720 1522 1775 quoscunque
1556 1723 1758 1776 pueros
1793 1708 2052 1762 formosos

2167 1716 2306 1763 κοοι,
2342 1697 2418 1769 τῷ
2461 1699 2561 1768 μὲν
2600 1698 2896 1769 κρατοῦντι
2941 1698 3044 1768 τῆς
3076 1699 3213 1770 πρὸς
3263 1699 3556 1770 ἀνίσχοντα
3597 1699 3743 1769 ἥλιον

483 1801 539 1844 ct
560 1793 886 1862 corporibus
901 1795 1243 1864 elegantibus
1264 1796 1637 1864 inveniebant,
1656 1813 1753 1854 eos
1777 1799 1825 1853 vi
1855 1815 2057 1869 paren-

486 1885 635 1940 tibus
664 1897 885 1955 ereptos
938 1897 1336 1960 castratosque,
1387 1890 1647 1946 Romanis
1675 1893 2057 1948 ennucborum

484 1992 671 2032 amore
723 1994 942 2049 semper
997 1980 1268 2048 attonitis,
1326 1998 1518 2054 magna
1571 1986 1799 2052 pecunia
1847 1985 2056 2040 vende-

482 2069 653 2134 bant,
706 2085 1012 2141 eorumque
1070 2083 1254 2144 patres
1305 2075 1666 2136 occidebant.
1717 2091 1786 2130 ne
1837 2078 2058 2147 quando

481 2172 709 2231 prOpter
736 2161 878 2218 ﬁlios
908 2164 1058 2229 irati,
1085 2166 1414 2222 seditionem
1447 2179 1754 2223 moverent.
1794 2170 1924 2223 Erat
1955 2170 2056 2240 igi-

482 2260 574 2304 tur
627 2251 770 2321 apud
834 2253 1080 2326 Abasgos
1144 2255 1375 2312 filiolum
1439 2259 1728 2328 pulchrum
1801 2261 2055 2330 genuisse

483 2343 779 2397 maximum
843 2345 1249 2415 infortunium,
1309 2363 1431 2404 eam
1483 2351 1808 2419 elegantiam
1876 2362 2055 2407 morte

479 2433 717 2489 luentes.
753 2438 830 2490 Ac
857 2437 1056 2507 Abasgi
1091 2440 1172 2494 sic
1222 2455 1252 2494 a
1312 2441 1427 2496 suis
1467 2442 1881 2512 magistratibus
1927 2454 2053 2500 tra—

479 2525 790 2580 ctabantur.
833 2527 1175 2583 Justiniauus
1220 2538 1404 2585 autem
1453 2533 1704 2602 primus,
1753 2534 1921 2590 misso
1985 2536 2052 2589 ad

477 2629 574 2669 cos
601 2616 957 2686 imperatorio
994 2621 1252 2677 eunucho
1280 2623 1541 2693 quodam,
1579 2639 1772 2679 eorum
1799 2627 2054 2696 pepulari

479 2707 673 2776 (multi
725 2709 876 2764 enim
920 2711 1056 2768 tales
1090 2713 1146 2767 in
1182 2713 1428 2769 Romana
1461 2717 1614 2771 curia
1641 2717 2050 2790 versabantur)

477 2799 894 2870 magistratibus
920 2818 1116 2858 eorum
1150 2805 1458 2870 interdixit,
1493 2821 1564 2862 ne
1589 2822 1752 2878 quem
1779 2811 1831 2863 in
1865 2819 2051 2878 poste-

475 2907 598 2946 rum
646 2893 878 2949 invitum
927 2906 1235 2953 castrarent
1268 2917 1282 2954 :
1319 2909 1579 2970 capturos
1617 2902 1766 2957 enim
1804 2902 2052 2958 laborem

473 2982 716 3052 inanem,
775 2987 998 3043 nemine
1066 2985 1441 3045 Romanorum
1507 2999 1776 3048 castratos
1853 3005 2046 3048 eorum

2169 1792 2368 1863 μοίρας
2394 1791 2596 1856 αὐτῶν,
2621 1791 2698 1862 τῷ
2725 1791 2782 1844 δέ
2807 1791 2907 1861 τῆς
2925 1792 3314 1862 τετραμμένης
3338 1793 3478 1863 πρὸς
3496 1792 3740 1848 δύνοντα.

2167 1885 2277 1938 Καὶ
2352 1883 2522 1953 ἄμφω
2581 1883 2640 1936 ἑὲ
2705 1883 2883 1937 τούτω
2955 1884 3033 1938 τὼ
3065 1885 3295 1957 ἄρχοντε
3325 1885 3431 1938 ὑπὸ
3484 1885 3742 1954 φιλοχρη-

2165 1975 2364 2044 ματίας
2391 1976 2578 2038 κακῶς
2607 1975 2848 2045 ἐχρῶντο
2870 1976 2949 2046 τῷ
2967 1976 3130 2030 ἔθνει·
3151 1979 3308 2039 ὅσους
3325 1978 3434 2046 γὰρ
3457 1976 3524 2030 ἂν
3555 1978 3743 2038 παῖδας

2161 2067 2414 2138 εὕρισκον
2435 2067 2694 2140 ὡραίους,
2719 2068 2900 2121 καὶτὸ
2919 2064 3058 2132 εἶδος
3083 2069 3303 2134 καλοὺς,
3338 2069 3433 2122 καὶ
3458 2068 3558 2139 τὴν
3579 2070 3739 2138 ἄλλην

2160 2159 2254 2212 τοῦ
2289 2158 2542 2229 σώματος
2577 2159 2744 2228 φύσιν
2773 2158 3004 2225 δεξιοὺς,
3038 2160 3130 2231 βίᾳ
3164 2161 3274 2214 τῶν
3316 2162 3523 2213 τοκέων
3579 2161 3739 2229 ἀφέλ-

2161 2267 2373 2315 κοντες,
2411 2251 2508 2303 καὶ
2557 2249 2668 2303 τῶν
2707 2251 3046 2326 παιδογόνων
3075 2251 3282 2322 μορίων
3325 2251 3531 2323 σιδήρῳ
3563 2254 3738 2322 στερί-

2164 2359 2406 2407 σκοντες,
2441 2341 2686 2406 ἐκείνους
2717 2343 2816 2413 μὲν
2861 2343 3076 2396 πολλῶν
3103 2346 3404 2416 χρημάτων
3445 2346 3739 2415 Ῥωμαίοις

2161 2437 2524 2503 ἐπίπρασκον,
2556 2437 2687 2506 περὶ
2717 2438 2844 2499 τοὺς
2887 2438 3148 2507 ἐκτομίας
3219 2439 3587 2508 ἐπτοημένοις
3632 2440 3735 2492 ἀεί·

2155 2526 2283 2588 τοὺς
2303 2525 2359 2578 δέ
2388 2523 2598 2577 τούτων
2631 2526 2878 2595 πατέρας
2909 2525 3075 2587 εὐθὺς
3104 2525 3367 2590 ἔκτεινον,
3391 2527 3481 2580 ἵνα
3515 2529 3592 2598 μή
3612 2541 3737 2578 ποτε

2159 2617 2466 2688 μηνιῶντες
2523 2616 2614 2669 διὰ
2677 2617 2807 2678 τοὺς
2873 2617 3094 2684 παῖδας,
3156 2617 3564 2688 βουλεύσωνται
3623 2621 3738 2672 κατ’

2159 2708 2341 2762 αὐτῶν
2387 2708 2782 2762 ἐπανάστασιν.
2830 2709 2944 2762 Καὶ
2971 2703 3039 2780 ἦν
3070 2709 3224 2778 παρὰ
3282 2711 3396 2774 τοῖς
3456 2710 3738 2780 ’Δϐασγοῖς

2154 2800 2217 2854 τὸ
2271 2801 2443 2854 παῖδα
2498 2802 2681 2853 τεκεῖν
2729 2799 2936 2868 ἀγαθὸν
2969 2801 3068 2870 τὴν
3117 2801 3248 2872 δψιν
3288 2802 3618 2873 δυστύχημα
3649 2806 3739 2873 μὲ-

2153 2908 2364 2962 γιστον,
2397 2893 2496 2962 τῆς
2549 2891 2658 2944 τῶν
2691 2891 2905 2946 παίδων
2943 2892 3279 2962 εὐπρεπείας
3316 2895 3740 2964 ἀλλασσομένοις

2155 2983 2246 3037 τὸν
2270 2983 2520 3038 Θάνατον.
2561 2982 2670 3036 Καὶ
2701 2981 2846 3036 οὕτω
2883 2984 2983 3054 μὲν
3016 2988 3130 3048 τοῖς
3166 2985 3461 3053 ’Δϐασγοῖς
3497 2988 3547 3040 οἱ
3582 2989 3733 3056 σφῶν

473 3089 750 3148 empturo.
778 3081 894 3135 lloc
919 3080 1114 3152 Abasgi
1148 3081 1501 3152 cupidissime
1526 3096 1896 3154 acceperunt,
1931 3086 2052 3142 edi-

2159 3075 2568 3146 προσεφέροντο
2602 3074 2888 3145 ἄρχοντες.
2938 3075 3311 3141 Ἰουστινιανὺς
3353 3078 3436 3143 δὲ,
3468 3083 3497 3134 6
3526 3081 3736 3152 πρῶτος

473 3178 672 3240 ctoque
733 3171 1086 3241 imperatoris
1141 3175 1515 3230 Romanorum
1576 3176 1737 3241 freti,
1791 3178 2050 3248 deinceps

474 3263 890 3332 magistratibus
922 3263 1038 3318 suis
1076 3264 1133 3318 in
1164 3279 1229 3319 ea
1260 3281 1319 3321 re
1362 3281 1470 3320 non
1498 3278 1820 3336 cesserunt,
1851 3272 1944 3340 qui
1996 3281 2051 3326 et

473 3350 578 3420 ipsi
614 3352 726 3422 jam
782 3354 1066 3423 segniores
1110 3355 1177 3409 ad
1231 3355 1283 3409 id
1345 3357 1558 3414 facinus
1607 3370 1768 3416 erant
1826 3363 2047 3419 redditi.

477 3440 604 3495 Post
632 3442 830 3508 etiam,
866 3444 1086 3514 utrique
1128 3446 1449 3517 magistratu
1483 3449 1746 3521 abrogato
1772 3492 1786 3516 ,
1817 3455 1934 3510 suis
1964 3459 2047 3509 vi-

474 3547 603 3587 vere
637 3533 850 3603 legibus
876 3536 1194 3603 voluerunt,
1241 3553 1366 3592 cum
1393 3539 1461 3593 ad
1515 3540 1570 3595 id
1608 3557 1780 3612 usque
1833 3553 2050 3616 tempus

469 3622 802 3679 Christiana:
861 3625 1145 3697 religionis
1187 3630 1356 3686 rudes
1403 3642 1614 3699 essent,
1679 3645 1734 3690 et
1785 3637 1940 3693 lucos
1987 3655 2048 3694 ac

475 3714 644 3769 silvas
677 3728 1098 3782 venerarentur,
1131 3727 1186 3774 et
1217 3721 1444 3777 arbores
1463 3723 1751 3782 barbarica
1779 3728 2046 3799 simplici-

480 3815 593 3860 tate
626 3821 725 3876 pro
755 3808 861 3864 diis
892 3809 1178 3866 haberent.
1212 3813 1319 3868 Sed
1352 3814 1668 3873 Iustiniano
1698 3821 1883 3876 studio
1920 3823 2044 3890 fuit,

469 3910 567 3950 eos
594 3899 662 3950 ad
694 3897 955 3966 pietatem
991 3902 1302 3969 traducere,
1346 3905 1638 3978 missisque
1683 3913 1857 3967 sacris
1891 3915 2044 3979 viris,

473 3987 568 4042 Dci
630 3990 942 4059 cognitione
1004 3993 1269 4052 barbaros
1329 3997 1526 4054 imbuit
1591 4019 1606 4056 :
1659 4016 2047 4077 exstructaque

472 4080 732 4149 praeclara
781 4084 896 4136 :ede
935 4081 1201 4154 Deiparaa,
1236 4097 1291 4142 et
1321 4091 1705 4149 sacerdotibus
1740 4097 1795 4149 in
1845 4113 1910 4152 ea
1937 4101 2048 4153 col-

471 4173 663 4228 locatis
685 4214 699 4238 ,
733 4189 828 4230 eos
856 4191 886 4230 a
910 4178 1020 4230 vita
1055 4179 1211 4247 plane
1244 4181 1528 4239 barbarica
1560 4187 1627 4240 ad
1659 4203 1841 4244 mores
1883 4189 2046 4246 Chri-

471 4263 775 4318 stianorum
849 4267 1111 4323 traduxit.
1192 4271 1270 4325 Ex
1333 4288 1399 4327 eo
1463 4278 1666 4332 nemini
1726 4283 2047 4350 parentibus

471 4353 720 4424 Abasgis,
743 4357 1101 4426 imperatores
1125 4361 1354 4417 Romani
1378 4367 1731 4437 magistratus
1754 4373 2040 4437 miserunt,

471 4458 502 4496 a
543 4444 745 4512 quibus
794 4462 882 4501 res
925 4448 1476 4508 administrabantur.
1533 4457 1636 4524 Qui
1687 4475 1810 4514 cum
1857 4462 2044 4532 injurii

470 4544 674 4600 essent,
708 4551 771 4591 ac
802 4540 1066 4607 populum
1098 4543 1381 4600 crudelius
1413 4553 1925 4618 tractarent,~veriti
1975 4569 2045 4611 ne

471 4640 700 4696 prorsus
735 4628 886 4697 101
923 4630 978 4684 in
1007 4633 1326 4691 servitutem
1355 4653 1385 4691 a
1419 4640 1679 4696 Romanis
1730 4643 2045 4714 redigeren-

475 4727 584 4781 tur,
615 4715 970 4784 defecerunt,
1010 4735 1188 4791 neque
1232 4727 1469 4796 amplius
1514 4732 1891 4802 magistratum
1938 4737 2046 4793 Ro-

473 4821 761 4862 manorum
785 4809 1148 4867 admiserunt.
1179 4815 1254 4870 Ea
1290 4817 1358 4872 de
1393 4834 1557 4890 causa
1589 4821 1964 4892 Justinianus,
2003 4831 2045 4886 is

471 4899 566 4968 qui
594 4915 726 4956 naso
755 4903 1038 4958 mutilatus
1066 4903 1187 4968 fuit,
1217 4923 1311 4963 eos
1338 4911 1583 4980 ulturus,
1635 4914 1876 4973 Leonem
1911 4935 2037 4990 spa-

473 4989 710 5045 tbarium
749 4993 816 5047 ad
857 4993 1061 5048 Alanos
1099 4995 1269 5050 mittit
1309 5011 1432 5051 cum
1485 5002 1719 5058 maxima
1767 4989 2041 5076 pecunia,

472 5091 532 5134 ut
563 5098 660 5138 eos
688 5093 877 5139 contra
920 5086 1184 5140 ﬁnitimos
1222 5089 1464 5159 Abasgos
1509 5106 1765 5151 armaret.
1804 5099 1881 5153 Eo
1917 5116 2041 5170 pro-

470 5171 648 5230 fectus
682 5173 813 5241 Leo,
849 5186 904 5232 et
932 5177 1136 5231 multos
1175 5175 1248 5229 ibi
1275 5192 1446 5237 annos
1484 5197 1886 5252 commoratus,
1918 5206 2038 5245 sero

2075 4413 2120 4469 Ι)

2155 3167 2370 3228 στείλας
2392 3167 2524 3236 παρ’
2547 3167 2732 3230 αὐτοῖς
2752 3166 2848 3220 ἐνα
2867 3166 2976 3220 τῶν
3002 3169 3058 3221 ἐν
3089 3171 3206 3232 τοῖς
3229 3169 3524 3239 βασιλείοις
3545 3174 3736 3226 εὐνού-

2151 3275 2284 3329 χων,
2313 3259 2500 3326 σφίσιν
2518 3258 2756 3328 ὁμογενῆ
2787 3259 2997 3328 (πολλοὶ
3021 3262 3133 3329 γὰρ
3163 3261 3383 3331 περὶτὰ
3439 3264 3734 3335 Ῥωμαίων

2149 3351 2345 3419 ἀρχεῖα
2364 3349 2598 3402 τοιοῦτοι
2627 3350 2971 3421 ἐτρέφοντο),
3014 3352 3218 3405 ἀπεῖπε
3238 3357 3349 3416 τοῖς
3369 3356 3606 3426 ἡγεμόσι
3631 3359 3734 3409 τῶν

2167 3441 2449 3508 ’Δσασγῶν
2477 3443 2676 3513 μηκέτι
2706 3442 2915 3512 μηδένα
2966 3443 3066 3514 τὴν
3088 3445 3440 3516 ἀῤῥενωπίαν
3477 3452 3736 3520 ἐκτέμνε-

2153 3534 2277 3589 σθαι
2310 3534 2634 3605 βιαζόμενον
2657 3551 2675 3585 ρ
2703 3535 3054 3608 τελευτήσειν
3082 3540 3190 3607 γὰρ
3212 3537 3318 3608 τὴν
3333 3541 3540 3609 πρᾶξιν
3551 3544 3732 3608 αἱ,τή

2150 3628 2230 3690 είς
2251 3627 2426 3692 κενὸν,
2448 3625 2673 3696 μηδενὸς
2697 3627 2989 3696 Ῥωμαίων
3009 3630 3276 3698 πρίασθαι
3332 3631 3733 3704 βουλησομένου

2148 3720 2274 3783 τοὺς
2324 3718 2588 3788 ἐκτομίας
2630 3719 2834 3773 αὐτῶν.
2865 3718 3039 3773 Τοῦτο
3071 3723 3185 3785 τοῖς
3227 3723 3520 3793 Ἀϐασγοῖς
3558 3731 3728 3796 ἀσμε.

2149 3813 2383 3866 νέστατα
2416 3811 2830 3881 προσεδέδεκτο,
2856 3815 2949 3866 καὶ
2977 3816 3047 3884 τῇ
3075 3815 3312 3888 ἐπιταγῇ
3341 3817 3438 3870 τοῦ
3461 3817 3726 3888 βασιλέως

2162 3903 2453 3974 Ῥωμαίων
2501 3901 2903 3973 θαρρήσαντες,
2935 3904 3032 3957 τοῦ
3086 3906 3278 3960 λοιποῦ
3328 3908 3468 3978 πρὸς
3498 3910 3729 3982 τοῦργον

2148 3997 2308 4050 τοῦτο
2342 3998 2454 4059 τοῖς
2484 3996 2742 4066 ἄρχουσιν
2773 3996 2950 4049 αὐτῶν
2977 3996 3075 4068 οὐχ
3111 3989 3450 4065 ὐπέκυπῗτον,
3484 4005 3728 4058 κάκεῖνα

2147 4090 2203 4144 δὲ
2256 4087 2394 4159 πρὸς
2465 4089 2570 4158 τὴν
2603 4088 2805 4158 πρᾶξιν
2849 4083 2994 4159 ἦσαν
3051 4090 3398 4161 νωθέστεροι.
3451 4090 3589 4148 Εἶτα
3634 4097 3728 4148 καὶ

2147 4182 2314 4250 ἄμφω
2371 4178 2500 4242 τοὺς
2553 4177 2734 4232 αὐτῶν
2789 4167 3068 4250 ἀρχηγοῦς
3116 4181 3457 4250 καθελόντες,
3533 4187 3724 4256 ήηεῖίν

2149 4270 2421 4343 βιοτεύειν
2478 4270 2794 4340 αὐτόνομοι.
2845 4271 3027 4342 Μέχρι
3093 4272 3279 4342 μέντοι
3319 4275 3443 4330 τότε
3487 4279 3581 4331 καὶ
3627 4279 3726 4346 τῆς

2147 4362 2254 4416 τῶν
2303 4361 2650 4432 Χριστιανῶν
2679 4361 2978 4432 θρησκείας
3009 4359 3151 4434 ἦσαν
3177 4365 3438 4437 ἀμύητοι,
3487 4371 3628 4440 ἄλση
3668 4371 3724 4424 δὲ

2148 4459 2244 4510 καὶ
2277 4456 2408 4519 ὕλας
2440 4455 2692 4509 ἐσέϐοντο
2721 4455 2903 4508 καὶτὰ
2923 4455 3114 4527 δένδρα
3145 4459 3352 4523 τούτοις
3383 4461 3445 4526 ἐξ
3464 4463 3724 4532 ἀφελείας

2141 4548 2484 4619 βαρσαρικῆς
2517 4548 2598 4610 είς
2650 4547 2808 4610 Θεοὺς
2856 4549 3191 4619 ἐνομίζοντο.
3262 4554 3639 4619 ’1ουστινιανὸς
3665 4559 3723 4610 δὲ

2142 4640 2459 4710 μεταθεῖναι
2495 4641 2639 4710 σφᾶς
2679 4640 2816 4710 πρὸς
2847 4640 3141 4696 εὐσέϐειαν
3177 4645 3508 4715 σπούδασμα
3543 4648 3722 4713 ἔθετο,

2141 4735 2233 4788 καὶ
2265 4733 2484 4796 στείλας
2549 4733 2683 4803 παρ’
2717 4734 2904 4796 αὐτοῖς
2934 4734 3114 4804 ἱεροὺς
3161 4736 3389 4807 ἄνδρας,
3439 4738 3512 4792 δι’
3543 4742 3723 4792 αὐτᾶν

2143 4828 2222 4890 εἰς
2281 4825 2583 4893 ἐπίγνωσιν
2642 4825 2845 4888 αὐτοὺς
2901 4828 3209 4897 μετήνεγκε
3260 4829 3356 4883 τοῦ
3388 4830 3548 4884 Θεοῦ.
3591 4829 3724 4885 Εἶτα

2143 4921 2236 4971 καὶ
2271 4917 2414 4970 θεῖον
2449 4919 2509 4971 ἐν
2571 4917 2863 4985 Ἀσασγοῖς
2891 4919 2994 4987 τῆς
3039 4919 3313 4976 Θεοτόκου
3347 4923 3604 4994 ἐδείματο
3629 4927 3722 4977 τέ-

2145 5027 2327 5081 μενος,
2364 5011 2458 5062 καί⁵
2525 5010 2693 5081 ἱερεῖς
2737 5012 3125 5082 ἐγκατέστησε,
3177 5017 3273 5069 καὶ
3308 5015 3483 5080 οὕτως
3511 5021 3591 5081 είς
3620 5019 3718 5088 ἔθη

2144 5104 2213 5156 τὰ
2245 5104 2355 5157 τῶν
2389 5103 2737 5172 Χριστιανῶν
2763 5104 2964 5167 αὐτοὺς
2999 5108 3315 5177 μετήγαγεν
3345 5111 3410 5163 ἐκ
3433 5111 3543 5164 τῶν
3574 5112 3720 5164 πάνυ

2147 5195 2519 5268 βαρϐαρικῶν.
2569 5196 2850 5250 Ἐντεῦθεν
2897 5197 2987 5250 ὑπ’
3011 5200 3226 5266 οὐδενὸς
3256 5202 3578 5274 ἀρχομένων
3603 5204 3712 5256 τῶν

1667 5351 1870 5411 Variae
1901 5351 2206 5416 lectiones
2253 5363 2313 5415 et
2344 5365 2530 5420 notm.

473 5511 539 5586 ιιῨὶ
558 5495 831 5586 Ξῡκᾼέων
869 5499 1021 5586 cii-:6;
1067 5511 1095 5560 6
1127 5509 1186 5586 ἐξ
1227 5510 1486 5586 Ἰσαύρῳν
1527 5516 1555 5586 6
1600 5517 1931 5586 ἀποστάτης,
1963 5521 2034 5571 τὰ

477 5568 575 5656 μὲν
607 5569 799 5656 πρῶτα
847 5568 1232 5656 τοῦ-δεσπότου
1257 5568 1390 5656 ’καῖ’
1415 5584 1678 5656 βασιλέως
1717 5568 2028 5656 γενόμενος,

475 5638 568 5723 καί
593 5639 653 5722 τδ
683 5642 878 5723 κράτος
903 5647 1067 5723 αὑτοῦ
1105 5653 1195 5701 καὶ
1217 5651 1316 5720 τὴν
1339 5638 1518 5723 ,ἀρχὴν
1545 5638 1904 5723 ἀφελόμενος,
1929 5638 2032 5711 ⁷οέόὲ

473 5705 690 5774 ὰνὸρείέι
734 5713 832 5778 (μὴ
879 5714 1088 5782 οἰηθείη
1133 5736 1212 5781 τις
1271 5705 1449 5774 τοῦ-ἔξ
1478 5705 1626 5792 ποτέ)
1682 5705 1945 5796 μηχαναῖς
1983 5731 2035 5781 δὲ

2141 5524 2234 5575 καὶ
2267 5525 2441 5586 δόλοις
2470 5526 2950 5596 ὑποσπασάμενος.

2221 5596 2324 5661 (ίῆ)
2367 5599 2520 5661 Πρὸς
2562 5597 2704 5659 τοὺς
2751 5601 3055 5664 Ἀλανοὺς.
3091 5598 3254 5653 Addit
3295 5599 3434 5654 alter
3471 5615 3504 5654 e
3547 5600 3710 5656 codd.

2145 5663 2444 5728 Wollianis,
2481 5665 2573 5728 ei);
2604 5667 2894 5730 Ἀλϐανοὺς
2923 5671 2950 5720 ὁ
2985 5663 3286 5736 ίίροκὸπιος
3321 5672 3539 5739 γράφει.
