1997 3123
257 141 333 173 1319

884 140 1048 172 JOANNIS
1060 138 1222 169 ΖΟΝΛῐίίΕ

1815 132 1883 165 13%

257 198 364 226 litteras
379 195 463 223 Paulo
478 195 737 226 tradidit.militibus
767 196 933 223 reddendas.
954 196 1040 229 Quem

1098 196 1121 220 iv
1152 192 1262 228 Σικελίᾳ
1285 191 1314 219 δὲ
1351 190 1482 227 στρατιὰν
1511 190 1620 225 γραφὴν
1644 189 1802 224 ὲγχαρᾶξας
1836 191 1883 225 δη-

256 251 319 272 cum
334 251 367 271 ex
379 244 519 278 insperato
535 242 655 269 Siciliam
682 242 813 273 tenuisse.
829 250 862 269 ac
887 242 1040 278 Syracusas

257 291 412 325 ingressum
423 295 483 316 esse
496 288 671 323 cognovisset
683 288 810 323 Sergius:
823 288 915 315 statim
932 292 1040 322 arrepta

257 337 320 371 fuga
348 342 444 361 versus
478 333 694 368 Longobardiam
717 334 912 368 proﬁciscitur.
939 334 1041 361 Paulus

257 389 323 409 vero
337 379 461 408 oratione
470 379 543 415 apud
559 380 661 407 milites
672 380 776 411 habita.
788 384 817 407 et
829 380 928 408 litteris
952 380 1041 416 impe-

258 426 367 453 ratoriis
380 426 622 459 recitatis,eﬂ‘eeit,
635 430 665 453 ut
680 426 770 453 statim
786 426 980 461 imperatorem
992 434 1041 454 ce-

257 473 406 502 lebrarent.
418 475 445 498 et
455 472 615 506 Gregorium
628 479 690 500 cum
704 472 762 500 suis
773 472 880 500 vinctos
890 472 1040 499 traderent.

257 518 421 552 Gregorium
437 518 530 552 itaque
560 518 683 551 sustulit,
706 518 841 545 satellites
874 518 934 553 ejus
951 517 1042 552 ﬂagris

259 571 344 591 caesos
363 571 478 598 rasaque
504 571 582 591 coma
608 564 748 598 relegavit.
773 563 885 598 Sergius
909 564 1043 598 promissa

260 611 424 646 impunitate
456 610 489 637 ad
516 618 579 638 eum
608 618 624 638 e
654 609 781 638 Calabria
793 610 881 638 venit.
895 610 935 637 Ita
951 614 1043 637 motus

260 656 360 684 Siciliae
373 661 487 691 pacatus
505 661 559 684 est.
575 656 679 684 Arabes
694 656 848 690 quiurbem
867 656 1042 688 obsidebant,

260 703 385 737 pluribus
399 703 479 731 malis
494 702 615 738 acceptis
628 710 710 735 quam
722 702 803 734 datis,
820 702 937 729 reditum
960 701 1044 729 ador-

259 753 372 780 narunt,
389 753 416 775 et
425 749 538 783 reliquis
551 748 666 775 navibus
678 748 837 776 conscensis
844 747 1042 779 discesserunt,

259 793 307 821 sed
323 794 479 820 vehementi
494 794 706 820 turbinecxorto
719 794 862 828 perierunt
875 801 970 821 omnes
981 801 1044 821 cum

1092 240 1192 267 λοῦσαν
1211 240 1301 272 καλῶς
1331 240 1404 275 ἔχειν
1422 239 1569 274 Ῥωμαίοις
1592 239 1626 264 τὰ
1647 239 1812 273 πράγματα,
1833 238 1882 274 ἥδη

1090 285 1145 311 τῶν
1175 284 1298 319 ’Λράσων
1332 283 1492 319 ἡττημένων
1523 283 1568 307 καί
1593 281 1860 315 κατατροπωθέντων
1874 289 1880 296 ·

1091 331 1135 359 διὰ
1147 330 1194 357 τοῦ
1211 329 1321 357 Παύλου
1344 331 1393 356 καὶ
1420 328 1525 363 ταύτην
1540 328 1595 357 τοῖς
1609 326 1794 360 στρατιώταις
1805 327 1884 353 txrd-

1093 385 1200 411 πομφε.
1222 375 1425 402 Καταλαῆόντα
1444 373 1535 400 τοίνυν
1556 373 1606 406 τὴν
1637 372 1765 398 Σικελίαν
1789 371 1882 398 τοῦτον

1093 423 1219 455 ἀνωῖστὶ,
1237 422 1286 448 καὶ
1300 421 1459 447 εἰσελθόντα.
1474 420 1514 451 είς
1528 420 1577 454 τὴν
1588 420 1772 455 Συράκουσαν
1790 418 1883 454 μαθὼν

1093 469 1107 495 ὁ
1121 469 1242 503 Σέργιος,
1272 466 1354 497 εὐθὺς
1377 466 1493 501 ἀπέδρα,
1511 466 1559 492 καὶ¹
1583 466 1654 501 πρὶς
1679 466 1883 501 Λογγιὸαρδίαν

1094 514 1233 549 ὲφοίτησε.
1248 512 1301 540 Τοῦ
1315 513 1344 539 δὲ
1356 511 1464 539 Παύλου
1480 512 1739 547 προσομιλήσαντος
1753 512 1794 546 τῷ
1806 520 1883 545 στρα-

1093 560 1223 595 τιωτικῷ,
1248 559 1296 586 καὶ
1319 559 1349 585 τὺ
1372 559 1496 593 γράμμα
1514 558 1545 584 τὺ
1566 559 1701 593 βασίλειον
1722 560 1882 593 ἀναγνόντος

1094 606 1186 633 αὐτῶν
1207 607 1248 636 εἰς
1265 605 1401 640 ἐπήκοον,
1417 604 1498 635 εὐθὺς
1523 605 1623 631 ἐκεῖνοι
1636 605 1682 631 τὸν
1704 604 1755 639 μὲν
1773 604 1881 639 βασιλέα

1094 653 1240 687 ἐτίμησαν,
1256 652 1304 678 καὶ
1317 651 1483 685 εὐφήμησαν
1494 658 1501 665 ·
1513 650 1559 677 τὸν
1571 651 1599 677 δέ
1616 659 1648 684 γι
1660 651 1823 686 Γρηγὸριον,
1838 653 1882 677 καὶ

1094 699 1162 729 τοὺς
1182 698 1248 733 περὶ
1277 697 1360 724 αὑτὸν
1388 697 1517 734 δεσμίους
1541 697 1581 732 τῷ
1594 697 1695 732 Παύλῳ
1721 698 1883 733 παρέδοσαν.

1097 744 1153 771 Καὶ
1170 743 1199 775 ὃς
1218 744 1264 770 τὸν
1282 743 1332 778 μὲν
1356 743 1509 778 Γρηγόριον
1536 743 1636 773 ἀνεῖλε,
1660 743 1725 775 τοὺς
1739 743 1762 769 δ’
1781 744 1883 770 ἐκείνου

1098 789 1276 821 ὑπασπιστὰς
1296 789 1441 824 μαστίξας,
1478 788 1527 815 καὶ
1556 789 1605 822 τὴν
1621 789 1710 824 κόμην
1735 789 1885 823 ἀποθρίξπς

259 840 317 866 suis
335 839 505 872 triremibus,
521 848 538 866 x
568 844 674 866 tantum
699 839 817 866 navibus
829 839 961 874 exceptis,
976 847 1046 874 qua-

1098 836 1199 866 αὑτοῐς,
1213 835 1349 870 ὑπερορίᾳ
1365 834 1538 869 κατέκρινεν.
1559 834 1589 860 '0
1606 834 1635 860 δὲ
1652 835 1767 870 Σέργιος
1784 835 1885 870 πληρο-

258 892 319 913 rum
338 893 354 912 v
374 893 389 912 a
405 885 536 912 Romanis
567 890 654 920 captae
685 889 760 917 sunt,
796 885 909 919 reliqua:
935 886 1045 921 elapsae.

1099 882 1198 915 φορίαν
1214 880 1315 912 λαὸὼν,
1334 881 1371 915 μή
1381 889 1455 912 τινος
1470 880 1633 916 πειραθῆναι
1646 881 1745 913 κακοῦ.
1765 881 1833 917 πρὸς
1843 882 1886 907 τὸν

257 933 344 960 cladis
359 931 463 960 nuntia:
485 931 598 958 domum
625 931 779 958 redierunt.
804 931 889 958 Natus
904 936 1048 959 autemest

258 977 343 1005 Leoni
355 977 463 1005 catulus
476 981 553 1012 patre
565 976 798 1011 crudelior,cujus
809 981 923 1003 matrem
935 976 1047 1003 Mariam

257 1023 411 1050 diademate
437 1022 556 1053 ornavit,
575 1025 603 1048 et
631 1029 747 1055 puerum
772 1021 800 1048 in
815 1020 910 1056 Magna
932 1021 1047 1049 ecclesia

258 1069 419 1104 baptizatit,
438 1067 612 1096 Constantini
628 1067 740 1094 nomine
754 1066 860 1094 indito:
881 1066 928 1101 qui
942 1074 1005 1094 cum
1020 1067 1047 1094 in

258 1118 433 1143 sacrosancta
444 1115 489 1142 illa
513 1122 583 1150 aqua
600 1117 783 1148 mergeretur,
797 1113 884 1140 fertur
893 1113 1049 1141 excrevisse

258 1165 376 1194 stercus,
397 1161 468 1187 unde
483 1159 673 1194 Copronymus
701 1162 743 1186 est
764 1157 982 1192 cognominatus.
996 1158 1049 1185 Sed

257 1211 286 1233 et
312 1206 514 1233 sanctissimum
543 1205 725 1240 patriarcham
752 1205 919 1232 Germanum
947 1205 1049 1232 dixisse

259 1251 346 1282 aiunt,
363 1251 389 1277 id
404 1250 513 1285 signum
526 1258 588 1278 esse
604 1250 678 1285 quod
694 1250 717 1277 is
737 1257 807 1284 puer
819 1257 897 1277 sacra
913 1249 1049 1277 contami-

260 1301 376 1323 naturus
387 1300 470 1328 esset,
486 1301 514 1324 et
529 1296 639 1331 pietatis
656 1296 788 1324 studiosis
806 1304 905 1331 magno
918 1297 990 1324 malo
1004 1297 1049 1324 fu-

260 1347 351 1370 turus.
370 1342 493 1369 Artemio
506 1343 708 1371 Thessalonicae
727 1342 837 1378 degenti
851 1343 961 1371 Nicetes
974 1342 1049 1378 Xyli-

259 1389 331 1416 nites
345 1389 486 1423 magister,
513 1389 555 1416 vir
582 1397 697 1417 summae
714 1389 887 1417 auctoritatis
913 1390 1050 1424 persuasit

261 1439 292 1461 ut
303 1434 338 1461 ad
354 1434 487 1470 Bulgaros
499 1434 672 1470 confugeret,
690 1443 842 1470 eorumque
856 1443 940 1470 opera
961 1436 1049 1470 impe-

261 1481 333 1507 rium
349 1488 512 1516 recuperare
528 1486 687 1509 conaretur.
705 1482 783 1515 Quod
798 1489 860 1509 cum
887 1481 1007 1514 fecisset,
1021 1485 1049 1509 et

1100 926 1205 953 Παῦλον
1215 926 1246 952 ἐκ
1258 925 1417 961 Καλαὸρίας
1429 925 1553 959 ἀφίκετο.
1568 925 1623 952 Καὶ
1639 926 1673 952 τὰ
1687 926 1739 961 μὲν
1755 926 1828 953 κατὰ
1838 927 1887 962 τὴν

1099 973 1225 999 Σικελίαν
1241 972 1327 1003 οὕτως
1338 972 1495 1008 ἠρέμησαν.
1509 972 1541 998 Οί
1562 972 1591 998 δὲ
1606 972 1654 1007 τὴν
1669 973 1748 999 πόλιν
1779 972 1887 1008 πολιορ-

1099 1019 1210 1050 κοῦντες
1223 1018 1353 1054 Ἄραϐες,
1365 1018 1495 1048 παθόντες
1507 1018 1795 1053 μᾶλλονῆδράσαντες,
1807 1021 1889 1046 ἐπι-.-

1087 1065 1185 1091 ῖὲλθεῑν
1216 1066 1256 1096 εἰς
1269 1065 1302 1090 τὰ
1320 1064 1409 1090 οἰκεῖα
1422 1064 1599 1100 ὡρμήκεσαν,
1620 1065 1668 1091 καὶ
1687 1066 1727 1096 εἱς
1744 1066 1796 1096 τὰς
1812 1075 1887 1101 περι-

1099 1110 1258 1145 λειφθείσας
1281 1110 1416 1145 ἐμϐάντες
1439 1110 1517 1145 νῆας,
1545 1110 1679 1146 ἀπῄεσαν.
1703 1111 1827 1138 Δαίλαπι
1859 1112 1886 1138 δὲ

1100 1155 1293 1190 περιπεσόντες
1314 1154 1431 1190 σφοδρῷ,
1459 1155 1559 1186 πάντες
1587 1155 1729 1181 ἀπώλοντο
1753 1156 1804 1182 σὺν
1824 1157 1883 1187 ταῖς

1104 1202 1222 1233 οἰκείαις
1234 1202 1370 1236 τριήρεσι,
1386 1202 1453 1228 δέκα
1468 1201 1547 1236 μόνον
1562 1201 1634 1235 νηῶν
1649 1202 1885 1236 περιλειφθεισῶν,

1100 1244 1138 1274 ὧν
1162 1247 1190 1273 αἱ
1217 1247 1268 1281 μὲν
1285 1247 1368 1273 πέντε
1389 1247 1466 1282 παρὰ
1489 1247 1636 1282 Ῥωμαίων
1656 1248 1792 1280 ἑάλωσαν,
1816 1250 1845 1275 αἱ
1860 1249 1886 1275 δὲ

1099 1293 1192 1320 λοιπαὶ
1213 1293 1406 1327 διαφυγοῦσαι,
1425 1294 1474 1328 τῆς
1492 1294 1636 1329 συμφορᾶς
1653 1294 1815 1329 ἁπὴλθοσαν
1840 1296 1887 1329 ἀγ-

1099 1339 1184 1373 γελοι.
1209 1339 1327 1375 Ἐτὲλθη
1343 1339 1370 1366 δὲ
1384 1339 1423 1375 τῷ
1442 1340 1539 1367 Λέοντι
1550 1340 1669 1375 σκύμνος
1690 1340 1830 1376 ὠμότερος
1844 1342 1888 1368 τοῦ

1100 1387 1217 1421 πατρδς,
1231 1386 1280 1412 καὶ
1293 1387 1343 1420 τήν
1356 1394 1386 1412 τε
1402 1385 1511 1421 μητέρα
1525 1385 1622 1412 τούτου
1638 1387 1816 1421 κεκλημένην
1831 1388 1888 1414 Μα-

1101 1432 1163 1467 ρίαν
1192 1431 1306 1466 ἔστεψεν
1321 1433 1335 1458 ό
1350 1432 1437 1464 Λέων,
1453 1432 1501 1458 καὶ
1518 1432 1564 1458 τὸν
1591 1432 1646 1458 υἱδν
1672 1433 1702 1459 ὲν
1714 1435 1748 1467 τῇ
1777 1434 1890 1469 Μ;γάλῃ

1100 1477 1232 1511 ἐκκλησίᾳ
1249 1477 1390 1508 ἐϐάπτισε,
1406 1477 1610 1503 Κωνσταντῐνον
1639 1476 1777 1511 ὀνομάσας
1799 1479 1889 1506 αὐτόν.

260 1533 323 1553 cum
355 1534 451 1561 magna
476 1534 573 1554 eorum
601 1527 776 1555 multitudine
787 1527 946 1563 Byzantium
962 1526 1047 1555 venis-

1102 1523 1137 1549 ’Ὁ
1158 1531 1188 1549 τε
1207 1523 1317 1556 λέγεται
1331 1522 1433 1557 κόπρον
1444 1522 1524 1548 αὐτὸν
1536 1523 1659 1557 ὲκκρῖνιι
1673 1524 1705 1557 τῇ
1719 1523 1780 1559 θείᾳ
1792 1525 1890 1556 κολυμ-

260 1577 312 1604 sct,
327 1580 356 1600 se
372 1580 386 1599 a
400 1573 502 1607 populo
518 1578 658 1607 receptum
672 1574 704 1600 iri
720 1574 892 1606 existimans,
906 1581 986 1601 nemo
999 1582 1048 1601 au-

262 1623 316 1645 tem
328 1626 391 1645 eum
405 1623 516 1645 curaret
530 1627 537 1645 :
553 1618 661 1653 Bulgari
673 1627 707 1646 eo
723 1626 818 1653 magna
833 1619 950 1653 pecunia
964 1619 1049 1646 Leoni

262 1664 371 1698 prodito
388 1663 498 1691 domum
515 1664 666 1691 redierunt.
690 1664 737 1692 Ille
748 1672 811 1691 cum
827 1664 948 1700 Xylinite
965 1664 1051 1692 inter-

261 1709 351 1737 fectus
378 1714 429 1741 est,
458 1714 486 1737 et
510 1708 631 1737 Xilinitae
656 1717 724 1745 opes
745 1718 841 1738 omnes
859 1718 920 1745 quae
945 1719 1051 1746 magna:

261 1759 351 1787 erant.
364 1755 521 1790 publicatae.
538 1755 615 1790 103
632 1754 700 1782 Sunt
711 1759 739 1783 et
748 1755 794 1783 alii
809 1764 843 1783 ex
858 1756 972 1783 Artemii
986 1763 1052 1783 ron-

259 1799 359 1834 juratis
372 1799 466 1832 occisi,
484 1804 512 1827 et
522 1803 623 1834 praeter
638 1804 751 1827 caeteros
766 1800 1050 1828 Thessalonicensium

262 1845 499 1880 archiepiscopus.
521 1845 585 1872 Post
598 1845 656 1873 haec
669 1845 724 1873 Leo
740 1846 827 1874 filium
838 1854 918 1874 suum
935 1847 1051 1881 impera-

263 1895 349 1917 torem
362 1895 447 1922 creat,
465 1890 555 1918 ofllcio
574 1891 761 1919 coronationis
779 1899 794 1918 ει
808 1897 902 1919 sancto
913 1891 1050 1920 Germano

262 1937 411 1964 ce'ebrato.
426 1937 532 1965 Exinde
545 1945 608 1966 cum
623 1938 679 1966 Deo
690 1945 811 1973 pugnare
824 1938 931 1972 incipit.
945 1943 973 1965 et
985 1945 1052 1966 con-

263 1988 305 2011 tra
334 1983 503 2011 venerandus
528 1984 661 2019 imagines
696 1983 829 2012 insanire.
854 1983 1051 2019 Accersitoque

262 2029 398 2057 Germano
411 2029 578 2065 patriarcha,
596 2033 678 2065 negat
690 2029 818 2057 colendas
831 2037 893 2058 esse
905 2029 1049 2064 imagines,

262 2081 414 2109 carumque
444 2074 635 2102 adorationum
653 2073 837 2101 idololatriam
851 2078 941 2101 vocat.
955 2074 991 2100 At
1009 2074 1051 2101 di-

262 2128 313 2148 vus
330 2121 374 2148 ille
389 2121 489 2148 Pater:
506 2120 581 2148 Bona
599 2121 689 2153 verba,
717 2120 817 2155 inquit,
834 2121 996 2155 imperator:
1011 2121 1049 2148 ita

261 2167 356 2193 sentire
379 2166 443 2194 noli.
468 2165 540 2194 Nam
565 2167 617 2193 ista
634 2167 758 2201 cogitatio
786 2166 866 2201 plane
897 2166 979 2200 impia
997 2170 1047 2192 est.

1100 1568 1190 1604 ὃήθρᾳ
1203 1569 1416 1604 καταδυόμενον,
1434 1568 1583 1595 κάντεῦθεν
1598 1570 1824 1604 ἐπονομασθῆναι
1840 1571 1890 1596 Ko-

1101 1614 1250 1650 πρώνυμον
1266 1614 1334 1650 (47),
1348 1615 1396 1641 καὶ
1413 1615 1459 1642 τὸν
1471 1615 1622 1649 ἁγιώτατον
1635 1616 1809 1650 πατριάρχην
1823 1616 1889 1650 Γερ-

1100 1660 1184 1695 μανὸν
1196 1661 1281 1687 εἰπεῖν
1290 1661 1331 1688 ὅτι
1343 1662 1456 1696 σημεῖον
1479 1661 1553 1687 τοῦτ’
1572 1661 1685 1688 ὲστιτοῦ
1693 1663 1726 1696 τῇ
1742 1661 1890 1697 Ἐκκλησία.

1100 1706 1148 1733 καὶ
1163 1707 1219 1738 τοῖς
1235 1706 1357 1732 εὺσεὸεἰν
1371 1706 1522 1741 ᾑρημένοις
1537 1706 1609 1741 μέγα
1630 1707 1658 1733 τὺ
1678 1707 1789 1733 παιδίον
1805 1708 1886 1733 τοῦτο

1099 1752 1270 1787 χρηματίσαι
1288 1751 1383 1779 κακόν.
1405 1751 1434 1778 ’0
1448 1752 1476 1778 δὲ
1495 1752 1647 1788 μὰγιστρος
1661 1753 1788 1788 Νικήτας
1810 1754 1825 1780 ό
1840 1754 1890 1780 Ξυ-

1100 1797 1206 1832 λινίτης
1225 1798 1279 1824 τῶν
1295 1798 1428 1833 ὑπερλίαν
1443 1799 1587 1833 τυγχάνων
1603 1799 1719 1826 ὑπέθετο
1735 1799 1776 1834 τῷ
1799 1800 1890 1834 Ἀρτε-

1102 1844 1155 1879 μίῳ
1171 1844 1200 1870 ἐν
1217 1843 1402 1879 Θεσσαλονίκῃ
1416 1843 1485 1877 δντι,
1510 1845 1568 1875 τοῖς
1584 1844 1751 1880 Βουλγάροις
1773 1845 1890 1880 προσελ-

1101 1890 1168 1922 θεῖν,
1191 1889 1238 1916 καὶ
1258 1889 1389 1925 συνεργίᾳ
1416 1889 1521 1917 τούτων
1532 1891 1725 1926 ἀπολήψεσθαι
1745 1892 1829 1918 πάλιν
1841 1893 1889 1927 τὴν

1101 1935 1256 1970 βασιλείαν.
1273 1936 1329 1962 Καὶ
1342 1935 1372 1967 ὃς
1386 1935 1521 1968 πείθεται,
1534 1936 1582 1962 καὶ
1595 1936 1666 1971 μετὰ
1679 1936 1799 1972 πλήθους
1812 1937 1891 1964 Βουλ-

1102 1982 1196 2017 γάρων
1222 1978 1289 2016 ἦκεν
1317 1981 1358 2013 είς
1381 1981 1411 2008 τὸ
1436 1981 1594 2014 Βυζάντιον,
1612 1983 1736 2018 οἰόμενος
1753 1984 1830 2019 παρὰ
1843 1985 1889 2011 τοῦ

1100 2027 1165 2054 λαοῦ
1181 2026 1445 2063 προσδεχθήσεσθαι,
1465 2027 1526 2053 Τῶν
1543 2027 1571 2054 δὲ
1582 2029 1631 2062 τῆς
1653 2028 1760 2060 πόλεως
1779 2030 1818 2065 μὴ
1832 2031 1891 2056 ἑπι-

1101 2073 1300 2108 στρεφομένων
1325 2073 1419 2105 αὑτοῦ,
1449 2074 1474 2099 οἱ
1491 2073 1642 2109 Βοὺλγαροι
1659 2074 1757 2102 τοῦτον
1785 2076 1890 2103 πολλῶν

1100 2120 1251 2154 χρημάτων
1266 2119 1305 2154 τῷ
1320 2119 1416 2145 Λέοντι
1432 2119 1606 2155 προῦδωκαν,
1624 2120 1672 2147 καὶ
1684 2121 1709 2147 οἱ
1735 2122 1787 2156 μὲν
1801 2123 1885 2157 ἀτιῆλ‹

1100 2165 1146 2192 θον
1160 2173 1166 2181 ·
1185 2165 1198 2190 ὁ
1212 2165 1240 2192 δὲ
1256 2166 1304 2191 σὺν
1320 2164 1358 2200 τῷ
1371 2164 1500 2201 Ξυλινίτῃ
1516 2165 1649 2201 ἀνῄρητο,
1674 2167 1722 2193 καὶ
1741 2168 1758 2203 ἡ
1772 2168 1821 2194 τοῦ
1838 2168 1890 2195 Ξυ-

262 2211 322 2238 Scio
337 2212 456 2247 equidem
474 2213 590 2244 cantari,
608 2213 663 2247 fore
677 2216 705 2238 ut
731 2212 782 2239 ista
796 2212 902 2239 ltwresis
923 2213 1047 2246 agitetur,

1099 2211 1199 2239 λινίτου
1213 2212 1311 2246 κτῆσις
1320 2211 1387 2238 οὖσα
1399 2211 1495 2246 πολλὴ,
1508 2211 1659 2246 δεδήμευτο
1672 2212 1819 2247 ξύμπασα.
1836 2215 1889 2241 Καὶ

262 2261 292 2283 tu
311 2265 371 2284 vero
396 2257 467 2284 illius
482 2262 574 2285 auctor
586 2265 641 2285 esse
661 2257 725 2284 noli.
743 2256 814 2284 Nam
829 2256 918 2284 Conon
940 2256 1049 2291 quidam

263 2310 323 2329 eam
348 2303 533 2337 auspicatum!
551 2311 605 2330 esse
629 2302 736 2330 dicitur.
769 2301 838 2329 Tum
863 2301 908 2329 ille
932 2300 1048 2328 statim:

263 2348 331 2384 Ego.
347 2348 447 2383 inquit,
462 2349 484 2376 is
502 2356 571 2381 sum,
597 2354 621 2375 et
645 2356 698 2375 non
715 2348 795 2376 alius.
817 2347 909 2375 Conon
922 2348 991 2374 enim
1004 2347 1048 2373 in-

264 2394 324 2429 fans
349 2404 364 2422 a
393 2395 546 2430 parentibus
572 2395 636 2422 meis
657 2403 716 2422 sum
738 2393 898 2429 appellatus.
918 2393 1050 2429 lnclytum

263 2441 429 2468 Germanum
454 2441 581 2469 assentiri
605 2440 755 2472 nolentem,
782 2447 814 2467 ac
846 2439 937 2475 potius
953 2447 1051 2476 magno

263 2487 355 2514 animo
376 2487 569 2522 refragantem,
591 2491 619 2514 et
633 2493 788 2522 perversam
801 2485 875 2512 illam
891 2485 1049 2521 opinionem

264 2538 435 2568 arguentem,
448 2533 570 2561 Ecclesia
590 2532 681 2567 ejecit,
697 2539 759 2558 cum
777 2538 838 2558 eam
854 2539 888 2559 xv
902 2539 989 2559 annos
998 2540 1050 2567 gu-

264 2579 416 2611 bernasset,
434 2583 462 2606 ct
476 2578 648 2606 Anastasium
661 2576 807 2611 quemdam
824 2577 876 2604 sibi
893 2578 1047 2605 assentien—

265 2629 331 2657 tem,
354 2625 538 2656 patriarclmn
564 2623 728 2658 designavit.
751 2623 831 2650 Nunc
849 2623 922 2650 unde
944 2623 1000 2650 Leo
1019 2623 1047 2651 in

265 2671 345 2697 istam
362 2671 519 2705 opinionem
538 2669 683 2702 adductus,
709 2674 737 2696 ct
751 2669 804 2696 huc
818 2668 966 2703 impietatis
981 2677 1048 2704 pro-

266 2724 373 2749 gressus
390 2716 484 2750 fuerit,
500 2723 643 2751 exponam.

1097 2257 1172 2285 ἄλλοι
1196 2257 1225 2284 δὲ
1256 2256 1311 2283 ἰὦν
1329 2258 1497 2292 συνωμοτῶν
1513 2257 1562 2283 τοῦ
1588 2258 1734 2292 ’Δρτεμίου
1756 2259 1889 2295 ἑκτάνοη-

1098 2311 1159 2336 σαν,
1186 2304 1256 2339 πρὸς
1272 2300 1312 2335 οἷς
1332 2304 1408 2330 καὶὸ
1430 2304 1480 2337 τῆς
1505 2303 1705 2338 Θεσσαλονίκης
1729 2305 1888 2340 ἀρχιερεύς.

1104 2347 1172 2376 Εἶτα
1186 2350 1233 2375 τὸν
1256 2350 1312 2376 υῑὺν
1337 2348 1420 2376 αὑτοῦ
1438 2350 1642 2376 Κωνσταντῐνον
1656 2350 1671 2375 ὁ
1685 2351 1763 2377 Λέων
1778 2351 1891 2386 βασλέα

1102 2396 1248 2430 πεποίηκε,
1273 2396 1351 2430 παρὰ
1367 2395 1415 2421 τοῦ
1448 2396 1597 2422 όσιωσάτου
1616 2395 1759 2431 Γερμανοῦ
1780 2396 1830 2430 τῆς
1845 2398 1891 2423 ἐπὶ

1100 2442 1133 2476 τῇ
1148 2441 1286 2468 ταινιώσει
1301 2441 1414 2476 τελετῆς
1428 2441 1614 2477 τελεσθείσης.
1633 2442 1776 2469 Ἐντεῦθεν
1787 2444 1802 2470 ό
1815 2444 1890 2469 Λέων

1100 2488 1213 2521 ἄρχεται
1226 2487 1273 2513 τοῦ
1290 2487 1447 2522 θεομαχεῖν,
1475 2487 1522 2513 καὶ
1535 2488 1606 2514 κατὰ
1627 2488 1681 2514 τῶν
1698 2489 1807 2515 σεπτῶν
1822 2489 1891 2515 εἰκό-

1100 2541 1152 2558 νων
1174 2533 1317 2567 ὶλὺττησε.
1336 2534 1392 2559 Καὶ
1419 2533 1464 2560 τὸν
1494 2534 1650 2569 πατριάχην
1671 2534 1891 2570 μεταπεμψάμε-

1100 2587 1145 2610 νος
1159 2578 1310 2614 Γερμανδν,
1334 2579 1372 2614 μὴ
1385 2580 1441 2606 δεῖν
1452 2580 1531 2614 ἔλεγε
1545 2581 1594 2612 τὰς
1618 2581 1727 2612 εἰκόνας
1743 2582 1888 2616 τιμᾶσθαι,

1101 2625 1326 2661 εἰδωλολατρείαν
1342 2625 1398 2660 γὰρ
1408 2626 1457 2661 τὴν
1474 2626 1577 2653 τούτων
1589 2627 1722 2654 ἀπεκάλει
1734 2629 1891 2663 προσκύνη-

1103 2678 1155 2697 σιν.
1165 2670 1193 2696 '0
1205 2671 1233 2696 δὲ
1249 2671 1319 2702 θεῖος
1337 2671 1439 2703 ἐκεῖνος
1458 2671 1566 2707 Πατὴρ,
1579 2673 1725 2707 Εὐφήμει,
1740 2673 1886 2706 βασμιεῦ,

1101 2716 1166 2752 ἔνη,
1190 2717 1239 2744 καὶ
1250 2717 1293 2752 μὴ
1315 2717 1392 2744 οὕτω
1408 2718 1511 2752 φρόνει
1523 2726 1529 2733 ·
1545 2719 1653 2752 ἀσεϐὲς
1672 2720 1726 2754 γὰρ
1746 2720 1889 2754 ἀντικρυς

838 2775 937 2806 Variae
954 2776 1104 2807 lectiones
1125 2782 1156 2808 et
1177 2781 1270 2809 notae.

301 2825 361 2866 (47)Δ
378 2826 587 2861 Κοπρώιϊμον.
612 2828 814 2859 Κωνσταντίτος
830 2827 844 2853 ὁ
866 2827 915 2862 τῆς
937 2827 1047 2863 κοπρίας

1098 2827 1226 2866 τώνυμος,
1260 2830 1332 2865 apud
1345 2829 1567 2866 Constantinum,
1601 2831 1650 2860 lib.
1670 2840 1700 2866 Il,
1718 2832 1755 2860 De
1769 2834 1887 2861 Themat.

268 2864 324 2893 Bap.
346 2862 372 2887 ti.
