3994 6246
226 323 363 393 1353

1443 326 1854 388 ANNALIUM
1896 326 2048 389 LIB.
2073 326 2193 386 Χνι
2234 373 2243 383 .

3330 330 3470 390 1ἒῖὃὶ

217 444 504 513 ἐφείσαντο
526 440 622 495 τοῦ
651 441 867 512 ἀνδρὸς,
895 442 990 496 καὶ
1019 442 1125 508 ἔξω
1151 444 1259 508 τοῖς
1288 443 1594 517 ὀφθαλμοῖς
1620 440 1783 519 αυτοῦ

1892 445 2017 499 nica
2066 453 2239 513 stirpe
2274 440 2493 499 oriundi
2543 441 2754 496 Italiam
2804 443 3143 510 invaserunt,
3193 452 3253 499 ut
3305 450 3505 517 supra

214 532 577 604 ἐλυμήναντο,
628 531 724 584 τοῦ
771 530 828 583 δὲ
879 534 1061 601 φωτὸς
1107 532 1275 585 αὑτὶν
1323 534 1423 586 οὐκ
1460 534 1784 606 ἐπέρησαν.

211 624 322 691 ’Ὃς
379 622 678 693 μετέπειτα
729 621 808 694 τῷ
859 622 968 676 τῶν
1015 624 1287 694 Φρὰγγων
1316 626 1450 695 ρηγὶ
1492 625 1787 697 προσρυεὶς

214 712 499 782 Καρούλῳ,
537 710 673 783 παρ’
712 710 925 764 ἐκείνου
952 711 1034 776 εἰς
1064 712 1158 766 τὸν
1187 713 1293 781 τῆς
1337 712 1556 782 Ῥώμης
1577 711 1789 764 ἀποκα-

209 805 371 877 τέστη
410 803 625 877 θρόνον,
661 807 755 858 καὶ
780 805 907 868 τοὺς
931 804 1162 875 ἐχθροὺς
1195 804 1571 874 ἀντημύνατο,
1599 801 1787 869 ἐξότου

210 904 304 952 καὶ
354 900 390 970 ή
465 897 650 969 Ῥώμη
710 899 817 952 ὑπὸ
862 897 992 961 τοὺς
1044 896 1335 967 Φράγγους
1389 895 1635 965 ἐγένετο,
1690 894 1787 948 τοῦ

211 990 494 1062 Καρούλου
524 990 911 1054 ταινιωθέντος
946 994 1097 1063 παρὰ
1125 988 1223 1042 τοῦ
1254 990 1509 1053 Λέοντος,
1559 988 1652 1042 καί
1691 986 1787 1057 βα·

213 1084 400 1147 σιλέως
448 1083 745 1155 Ῥωμαίων
787 1083 1208 1153 ὀνομασθέντος.
1257 1081 1380 1134 Ἐπὶ
1411 1082 1509 1151 μὲν
1544 1081 1653 1149 γὰρ
1689 1076 1786 1132 τοῦ

211 1178 475 1248 προτέρου
506 1176 894 1230 ’1ουστινιανοῦ
923 1179 988 1247 τῇ
1026 1174 1235 1249 Ἰταλίᾳ
1273 1174 1510 1245 ἐπῆλθον
1534 1173 1583 1225 οἱ
1609 1172 1789 1242 Φράτ-

208 1286 314 1335 γοι,
360 1271 424 1321 ἐκ
473 1267 662 1338 γένους
707 1269 860 1333 ὄντες
902 1266 1010 1321 τῶν
1044 1266 1369 1338 Γερμανῶν,
1417 1265 1492 1329 ὡς
1539 1264 1653 1319 ἄνω
1681 1281 1785 1315 που

211 1344 448 1433 εἴρηται,
473 1365 567 1414 καὶ
599 1355 741 1431 ἦσαν
767 1362 880 1424 τοῖς
919 1361 1217 1430 Ῥωμαίοις
1253 1359 1530 1429 πολέμιοι.
1571 1355 1696 1410 Ἐπὶ
1728 1354 1786 1409 δὲ

204 1455 432 1516 Λέοντος
455 1451 545 1505 τοῦ
561 1450 812 1522 Ἰσαύρου
828 1455 855 1507 ό
877 1452 996 1505 τότε
1020 1452 1207 1516 πάπας
1236 1452 1560 1523 Γρηγόριος,
1582 1449 1670 1503 διὰ
1685 1448 1785 1520 τὴν

209 1548 421 1601 ἐκείνου
456 1546 779 1612 κακοδοξίαν
800 1547 1049 1613 ἀποστὰς
1075 1545 1173 1599 τοῦ
1201 1547 1460 1600 ὑπείκειν
1491 1545 1687 1615 ἐκείνῳ
1704 1543 1785 1613 τῷ

206 1639 392 1693 ἀσεϐεῖ
419 1638 658 1711 βασιλεῖ,
693 1639 789 1692 καὶ
811 1639 1211 1711 δασμοφορεῖν,
1242 1639 1340 1692 καὶ
1378 1635 1472 1690 τοῦ
1503 1636 1785 1689 κοινωνεῖν

205 1738 317 1801 τοῖς
357 1720 577 1801 ἀσεδῶς
612 1735 928 1807 προεστῶσι
962 1734 1062 1805 τῆς
1109 1730 1445 1797 Ἐκκλησίας
1487 1727 1589 1799 τῆς
1623 1730 1781 1782 Κων-

1892 548 1980 591 est
2034 534 2382 606 erpositutn,
2447 534 2780 606 fueruntque
2831 535 3201 592 Romanorum
3259 538 3467 594 hostes.

1894 627 2000 683 Sed
2066 626 2169 681 sub
2227 625 2413 682 Leone
2486 624 2708 694 Isauro,
2774 631 3041 700 temporis
3120 631 3269 687 illius
3328 646 3468 704 papa

1894 717 2215 789 Gregorius,
2257 716 2330 773 ob
2377 734 2694 789 perversam
2744 720 3063 790 opinionem
3117 722 3186 777 ab
3239 721 3333 778 illo
3363 722 3470 778 im-

1892 819 2149 881 peratore
2195 809 2367 870 impio
2417 810 2641 877 defecit,
2690 813 2854 882 eique
2909 813 3173 870 tributum
3224 815 3468 884 pendere

1893 901 2210 963 recusarit,
2252 919 2432 973 neque
2483 904 2586 958 sibi
2633 904 2932 975 quidquam
2987 921 3108 961 esse
3160 909 3239 963 rei
3294 908 3470 964 voluit

1890 1005 2015 1044 cum
2057 990 2243 1061 impiis
2295 993 2557 1050 Ecclesia:
2601 993 3225 1067 Constantinopolitanae
3262 999 3468 1068 guber-

1890 1082 2210 1147 natoribus,
2243 1086 2574 1155 omissisque
2615 1085 2795 1153 bellis,
2832 1103 3024 1157 pacem
3075 1105 3199 1144 cum
3238 1090 3464 1146 Francis

1892 1173 2042 1229 fecit.
2085 1175 2201 1231 Sub
2234 1174 2597 1232 Constantino
2628 1193 2796 1248 porro
2826 1190 2880 1234 ct
2928 1179 3109 1243 lrenc,
3158 1197 3298 1252 papa
3358 1183 3468 1238 Leo

1890 1280 1988 1321 cos
2013 1268 2179 1322 etiam
2211 1269 2443 1323 Romam
2483 1269 2707 1325 admisit
2737 1287 2754 1323 :
2791 1273 2870 1326 sic
2898 1282 2954 1327 et
3004 1273 3156 1328 Italia
3208 1274 3463 1331 universa

1889 1365 1945 1412 et
1995 1358 2111 1431 ipsa
2158 1360 2334 1416 Roma
2380 1371 2509 1417 sunt
2549 1363 2736 1433 potiti.
2769 1363 2929 1420 lrene
2966 1366 3366 1433 monarchiam,
3405 1378 3468 1423 ut

1888 1451 2094 1506 dictum
2141 1461 2245 1513 est,
2303 1453 2520 1524 adepta,
2568 1455 2768 1512 fratres
2823 1457 3004 1512 mariti
3060 1459 3180 1530 ejus
3242 1475 3466 1515 carcere

1887 1543 2080 1609 elapsi,
2132 1544 2186 1598 in
2225 1544 2472 1617 Magnam
2509 1547 2796 1603 ecclesiam
2836 1550 3223 1621 confugerunt,
3273 1567 3303 1607 a
3337 1551 3464 1624 qui-

1888 1624 2121 1691 busdam
2161 1653 2427 1693 novarum
2461 1648 2647 1694 rerum
2701 1640 2964 1697 studiosis
3004 1642 3235 1699 incitati.
3270 1643 3464 1700 Aetius
3501 1659 3507 1664 ·

1888 1727 2058 1799 igitur
2095 1730 2411 1796 eunuchus,
2442 1733 2535 1803 qui
2574 1733 2811 1803 multum
2867 1735 3011 1805 apud
3054 1735 3461 1806 imperatricem

207 1828 729 1894 σταντινουπόλεως,
770 1825 1063 1881 ἐσπείσατο
1084 1827 1198 1888 τοῖς
1219 1823 1494 1894 Φράγγοις
1519 1860 1537 1888 ,
1564 1821 1658 1874 καὶ
1686 1819 1783 1882 τὰς

1889 1820 2221 1877 auctoritate
2278 1822 2516 1890 valebat,
2587 1823 2693 1880 fide
2754 1824 3101 1895 impunitatis
3154 1828 3303 1896 data,
3366 1845 3466 1886 eos

203 1923 341 1996 πρὸς
364 1922 607 1986 ἐκείνους
637 1922 819 1994 μάχας
864 1920 1189 1974 κατέλυσεν.
1238 1915 1369 1968 Ἐπὶ
1399 1913 1457 1967 δὲ
1485 1913 1783 1966 Κωνσταν-

202 2014 347 2069 τίνου
374 2017 471 2067 καὶ
496 2013 735 2085 Εἰρήνης
757 2013 787 2065 6
818 2011 1007 2073 πάπας
1030 2008 1184 2064 Λέων
1213 2005 1309 2061 καὶ
1340 2006 1422 2069 είς
1448 2004 1548 2076 τὴν
1562 2001 1787 2073 Ῥώμην

212 2108 410 2170 αὐτοὺς
454 2103 786 2171 εἰσεδέξατο,
828 2104 925 2159 καὶ
967 2101 1111 2157 οὕτω
1150 2099 1253 2171 τῆς
1318 2096 1556 2161 Ἰταλίας
1600 2096 1785 2166 πάσης

201 2200 298 2253 καὶ
323 2199 425 2268 τῆς
472 2197 693 2269 Ῥώμης
721 2196 895 2265 αὐτῆς
929 2194 1289 2266 ἐκυρίευσαν.
1318 2193 1432 2263 Τῆς
1462 2191 1705 2263 Εἰρήνης
1727 2188 1783 2240 δὲ

204 2280 659 2362 μοναρχησάσης,
689 2288 764 2351 ὡς
792 2288 1079 2354 λέλεκται,
1117 2288 1167 2340 οί
1206 2282 1567 2357 ἀνδράδελφοι
1609 2280 1782 2353 αὐτῆς
1816 2360 1820 2366 Α

201 2384 590 2457 καθειργμένοι
629 2382 1011 2454 τυγχάνοντες,
1045 2377 1388 2450 ἠδυνήθησαν
1433 2379 1501 2448 τῇ
1551 2375 1782 2446 Μεγάλῃ

201 2479 544 2547 προσφυγεῖν
602 2476 902 2549 ἐκκλησίᾳ,
965 2473 1119 2546 παρά
1186 2489 1351 2529 τινων
1404 2469 1782 2543 νεωτεριστῶν

199 2571 278 2632 εἰς
327 2569 488 2643 τοῦτο
536 2566 984 2630 ἀναπεισθέντες.
1077 2566 1284 2627 ’Δέτιος
1309 2559 1405 2617 οὖν
1447 2565 1476 2615 6
1528 2560 1782 2631 εὐνοῦχος

202 2661 349 2732 μέγα
385 2665 509 2716 τότε
540 2659 694 2732 παρά
716 2662 783 2732 τῇ
822 2658 1117 2732 βασιλίσσῃ
1141 2657 1470 2727 δυνάμενος,
1504 2652 1779 2717 ἀπελθὼν,

201 2754 294 2805 καὶ
360 2752 575 2817 πίστεις
633 2751 820 2817 αὐτοῖς
889 2750 1194 2823 παρασχὼν
1254 2748 1328 2812 ὡς
1401 2746 1556 2801 οὐδὲν
1607 2745 1780 2800 δεινὸν

200 2845 506 2911 πείσονται,
552 2841 822 2914 ἐξήνεγκε
874 2844 975 2914 τῆς
1046 2841 1343 2912 ἐκκλησῑας
1409 2838 1630 2903 αὐτοὺς,
1683 2837 1781 2890 καὶ

198 2937 280 3000 είς
302 2936 535 3007 Ἀθήνας
564 2934 899 3008 ἀπήχθησαν
929 2933 1238 3006 ὑπερόριοι.
1274 2932 1453 2986 Κάκεῖ
1480 2929 1779 2998 διαγόντων

199 3028 408 3094 αὐτῶν,
445 3030 591 3093 τινὲς
616 3029 730 3082 τῶν
759 3029 861 3099 τῆς
909 3026 1168 3091 Ἑλλάδος
1209 3023 1520 3098 προσῆλθον
1563 3024 1643 3095 τῷ
1681 3023 1782 3095 ἄρ·-

195 3138 350 3193 χοντι
381 3121 495 3175 τῶν
529 3120 853 3176 Σθλαὸικῶν
901 3119 1097 3184 ἐθνῶν,
1146 3118 1397 3189 δεόμενοι
1433 3117 1602 3172 αὐτοῦ
1660 3115 1780 3182 ἐξα-

194 3219 389 3284 γαγεῖν
440 3215 664 3282 αὐτοὺς,
704 3216 801 3270 καὶ
853 3213 953 3269 ἕνα
1009 3211 1474 3285 προχειρίσασθαι
1527 3210 1777 3282 βασιλέα,

193 3307 295 3362 καὶ
319 3308 555 3374 ἀγαγεῖν
585 3307 755 3361 αὐτὸν
802 3306 885 3369 είς
922 3304 1026 3378 τὴν
1081 3304 1332 3375 βασιλίδα
1377 3303 1488 3360 τῶν
1541 3301 1776 3359 πόλεων.

193 3397 556 3471 Μηνυθέντος
590 3397 649 3451 δὲ
678 3397 876 3452 τούτου
902 3400 971 3470 τῇ
1008 3396 1606 3469 βασιλίδι,’προστάξει
1636 3396 1778 3451 ἐκείο

193 3509 296 3564 νης
327 3490 817 3563 ἀπετυφλώθησαν
852 3491 1118 3555 ἅπαντες.
1178 3491 1238 3544 '0
1274 3489 1332 3543 δὲ
1369 3489 1478 3542 τῶν
1509 3489 1779 3565 Φράγγων

194 3584 443 3657 ἀρχηγὸς
500 3582 788 3653 Καροῦλος
848 3581 1106 3652 βασιλεὺς
1160 3579 1450 3648 Ῥωμαίωι
1500 3578 1654 3650 παρά
1682 3578 1777 3632 τοῦ

192 3677 359 3729 πάπα
390 3673 647 3739 Λέοντος,
682 3671 756 3734 ὼς
789 3671 1032 3743 εἴρηται,
1056 3668 1480 3740 ἀναγορευθεὶς,
1514 3668 1780 3739 πρέσϐεις

189 3768 412 3838 ἔπεμψε
441 3764 577 3838 πρὸς
604 3764 704 3836 τὴν
734 3764 995 3836 Εἰρήνην,
1028 3763 1211 3835 ζητῶν
1247 3760 1609 3833 συζευχθῆναι
1641 3761 1777 3831 αὐτῇ

190 3861 344 3914 κατά
393 3857 706 3930 συμϐίωσιν
751 3856 1026 3928 γαμικὴν.
1081 3855 1188 3935 Καὶ
1239 3852 1352 3908 οὐδ’
1390 3854 1574 3925 ἐκείνῃ
1623 3850 1781 3905 τοῦτο

193 3956 508 4027 ἀϐούλητον
537 3954 709 4022 ἔδοξε,
739 3954 835 4008 καὶ
866 3953 1096 4023 γέγονεν
1129 3950 1196 4005 ἂν
1216 3991 1232 4018 ,
1271 3951 1321 4003 εί
1357 3948 1433 4021 μὴ
1464 3950 1492 4003 ό
1520 3946 1780 4019 ἐκτομίας

191 4051 403 4114 Ἀέτιος
462 4046 987 4120 παραδυναστεύων,
1037 4046 1219 4099 πᾶσαν
1262 4042 1482 4113 ἐκίνησε
1530 4040 1779 4114 μηχανὴν

188 4143 275 4207 είς
300 4141 362 4196 τὸ
392 4142 469 4213 μὴ
519 4139 956 4211 ἀποτελεσθῆναι
1000 4138 1100 4208 τὴν
1148 4135 1433 4205 συζυγίαν.
1466 4131 1643 4199 Οὗτος
1671 4137 1780 4206 γὰρ

193 4236 348 4305 μέγα
406 4233 706 4304 δυνάμενος
756 4233 814 4284 ἐν
871 4234 985 4294 τοῖς
1045 4229 1384 4301 βασιλείοις,
1436 4227 1527 4281 τὸν
1581 4228 1781 4280 οίκεῖον

188 4326 471 4398 ὁμαίμονα
497 4325 704 4378 Λέοντα
735 4322 965 4386 ἀξιῶσαι
990 4322 1087 4390 τῆς
1126 4318 1403 4391 βασιλείας
1431 4318 1518 4372 διὰ
1550 4316 1782 4388 μελέτης

193 4419 489 4489 πεποίητο,
516 4417 575 4480 ὃς
604 4416 668 4487 δὴ
701 4415 854 4470 Λέων
875 4414 962 4468 διὰ
995 4412 1231 4483 σπουδῆς
1255 4410 1349 4464 τοῦ
1381 4410 1589 4465 Ἀετίου
1622 4410 1780 4480 μόνος

1887 1914 2120 1970 ecclesia
2188 1914 2424 1972 eductos
2495 1917 2742 1973 Athenas
2826 1921 3111 1992 relegavit.
3175 1921 3257 1978 ibi
3332 1938 3463 1980 cum

1887 2016 2135 2077 agerent,
2165 2006 2341 2064 Graeci
2370 2009 2595 2080 quidam
2626 2008 3002 2066 Sclavicarum
3033 2014 3279 2084 gentium
3308 2014 3466 2086 prin—

1887 2099 2065 2170 cipem
2105 2114 2443 2166 convenere,
2497 2111 2726 2158 orantes
2757 2108 2818 2158 ut
2858 2118 2954 2160 eos
3007 2105 3135 2161 inde
3179 2106 3501 2175 educeretf

1878 2200 1944 2245 ‘et
2006 2207 2175 2246 unum
2229 2207 2298 2247 ex
2353 2193 2434 2248 eis
2491 2195 2885 2264 imperatorem
2918 2197 3341 2270 ‘designatum,
3409 2203 3466 2258 in

1888 2281 2079 2338 urbem
2134 2285 2547 2355 imperatoriam
2592 2288 2906 2345 reduceret.
2940 2290 3074 2357 Quae
3114 2308 3202 2349 res
3230 2304 3361 2350 eum
3394 2296 3463 2351 ad

1886 2376 2296 2446 imperatricctn
2348 2377 2532 2434 delata
2589 2388 2758 2447 esset,
2819 2383 3081 2441 omnibus
3129 2372 3281 2442 eruti
3333 2396 3495 2446 sunt"

1884 2469 2052 2524 oculi.
2109 2468 2178 2524 At
2245 2469 2580 2527 Francorum
2661 2471 2771 2528 dux
2847 2474 3102 2542 Carolus,
3165 2477 3467 2551 imperator

1889 2561 2263 2617 Romanorum
2297 2578 2325 2617 a
2360 2578 2498 2634 papa
2527 2563 2734 2630 Leone,
2766 2573 2829 2621 ut
2860 2565 3070 2623 dictum
3123 2572 3230 2638 est,
3275 2574 3467 2643 appel-

1884 2654 2051 2720 latus,
2108 2655 2295 2712 missis
2364 2655 2433 2710 ad
2484 2656 2699 2713 lrenem
2772 2658 2970 2733 legatis
3026 2663 3249 2734 nuptias
3315 2666 3465 2723 illius

1883 2744 2102 2809 ambiit,
2134 2748 2257 2801 cum
2310 2764 2413 2804 nec
2456 2747 2548 2804 illa
2579 2750 2651 2805 ab
2677 2765 2745 2806 eo
2779 2753 3038 2825 coniugio
3087 2756 3463 2814 abhorreret:

1884 2852 2082 2908 resque
2117 2838 2366 2895 confecta
2416 2848 2584 2907 esset,
2631 2841 2736 2897 nisi
2787 2844 3082 2902 eunuchus
3118 2849 3333 2915 Aetius,
3366 2866 3465 2920 po-

1887 2930 2100 2987 testatis
2150 2933 2470 3003 particeps,
2533 2950 2755 2991 omnem
2810 2934 3087 3006 lapidem,
3153 2951 3214 2995 ut
3263 2939 3463 3007 aiunt,

1884 3022 2164 3088 movisset,
2197 3034 2266 3076 ne
2291 3022 2344 3077 id
2375 3023 2692 3097 coniugium
2723 3025 3106 3096 perficeretur.
3132 3026 3293 3095 Nam,
3335 3044 3462 3086 cum

1883 3115 1939 3169 in
1982 3116 2131 3185 regia
2187 3116 2423 3171 multum
2476 3118 2681 3187 posset,
2735 3116 2960 3197 fratrem
3003 3135 3164 3175 suum
3222 3119 3463 3177 Leonem

1883 3220 2087 3261 ornare
2138 3205 2375 3277 imperio
2427 3206 2821 3274 meditabatur,
2861 3209 3016 3280 121
3047 3225 3212 3282 quem
3259 3211 3463 3284 insigni

1882 3297 2071 3355 studio
2103 3298 2172 3354 ad
2203 3300 2508 3371 praeturam
2543 3298 2794 3356 Thraciae
2822 3311 2880 3357 et
2922 3300 3256 3359 Macedoniae
3284 3305 3464 3362 solum

1881 3400 2159 3455 evexerat,
2188 3407 2315 3448 cum
2355 3391 2472 3463 ipse
2503 3391 2808 3463 provinciis
2844 3389 3052 3464 Opsieii
3098 3395 3466 3451 orientalibus

1883 3491 2168 3552 praeesset.
2195 3480 2354 3539 Unde
2392 3484 2570 3539 elatus
2602 3483 2750 3539 viros
2778 3483 3077 3541 honoratos
3100 3486 3463 3558 despiciebat,

1881 3582 1939 3628 et
1967 3584 2297 3645 arroganter
2342 3575 2633 3630 tractabat.
2687 3574 2845 3643 Quod
2880 3576 2959 3631 illi
3003 3593 3149 3649 πετο
3197 3579 3465 3645 ferentes.

1882 3665 2175 3720 consilium
2224 3676 2418 3721 contra
2473 3666 2883 3739 imperatricem
2938 3668 3206 3735 inierunt,
3246 3671 3466 3729 adbibi-

1886 3765 2050 3828 toque
2082 3755 2317 3827 patricio
2359 3755 2695 3828 Nicepltoro,
2733 3759 2976 3828 generali
3010 3760 3312 3832 logotbeta,
3337 3756 3487 3834 pro!

1885 3847 2053 3902 funda
2085 3856 2246 3903 nocte
2271 3847 2326 3903 in
2349 3847 2606 3904 Chalcem
2640 3858 2935 3919 venerunt,
2980 3851 3134 3908 lrenc
3163 3862 3483 3926 aegrotante"

1881 3949 1939 3995 et
1965 3940 2017 3994 in
2055 3939 2269 3995 aedibus
2324 3941 2444 3996 suis
2485 3939 2900 3997 Eleutherianis
2952 3942 3365 4004 decumbente:
3401 3943 3481 4003 ac’

1884 4033 2215 4090 satellitibus
2277 4033 2534 4089 dixerunt
2601 4050 2661 4091 se
2713 4034 2782 4090 ab
2837 4034 3189 4107 imperatrice
3255 4041 3458 4099 missos

1882 4141 2024 4190 esse,
2057 4133 2116 4180 ut
2143 4124 2519 4196 Nicephorum
2558 4126 2951 4197 imperatorem
2982 4129 3360 4202 designarent,
3405 4145 3467 4190 ut

1884 4216 2152 4289 patricius
2198 4216 2391 4273 Aetius
2433 4232 2555 4273 eam
2584 4232 2783 4289 cogere
2835 4217 3117 4275 desineret
3144 4221 3211 4276 ad
3240 4220 3464 4279 fratrem

1883 4326 2045 4365 suum
2072 4309 2460 4381 imperatorem
2483 4307 2917 4364 decernendum.
2953 4308 3034 4364 Illi
3060 4309 3193 4367 viris
3219 4313 3479 4382 patriciis‘

1884 4403 1956 4460 ob
1990 4418 2181 4459 eorum
2232 4401 2555 4471 dignitatem
2604 4400 2712 4457 fide
2743 4400 2951 4469 habita,
3008 4402 3111 4475 ipsi
3156 4404 3325 4461 etiam
3358 4424 3468 4464 una

198 4510 374 4574 αὐτὸς
410 4510 719 4580 στρατηγὸς
758 4504 984 4578 Θρᾴκης
1021 4504 1115 4559 καὶ
1157 4501 1500 4565 Μακεδονίας
1545 4499 1775 4572 προὺῦέν

1886 4511 2010 4551 cum
2069 4495 2176 4549 illis
2243 4492 2641 4564 Nicephorum
2690 4493 3079 4565 imperatorem
3132 4497 3464 4567 salutarunt,

191 4604 371 4675 ὅλητο
396 4617 411 4633 ⁸
440 4604 468 4656 6
495 4601 553 4654 δέ
583 4617 646 4671 γε
678 4598 886 4663 Ἀέτιος
908 4597 1020 4651 τῶν
1049 4596 1204 4667 ὲῴων
1235 4588 1373 4665 ἦρχε
1400 4592 1653 4665 θεμάτων
1682 4591 1778 4645 τοῦ

204 4695 465 4767 Ὀψικίου
520 4695 616 4748 καὶ
655 4692 769 4747 τῶν
815 4691 1202 4748 Ἀνατολικῶν.
1251 4687 1565 4743 Κάντεῦθεν
1608 4688 1779 4758 ὑπερ-

190 4789 483 4861 φρονήσας
513 4787 620 4841 τῶν
658 4788 718 4839 ἐν
749 4785 895 4839 τέλει
922 4784 1298 4856 περιεφρόνει,
1328 4782 1423 4838 καὶ
1444 4781 1780 4847 ἀλαζονικῶς

191 4883 393 4944 αὐτοῖς
421 4880 818 4952 προσεφέρετο.
855 4878 920 4931 Ol
951 4877 1010 4930 δὲ
1052 4876 1265 4940 τούτοις
1302 4875 1619 4948 ἀχθόμενοι,
1657 4871 1782 4943 βού-

192 4975 387 5046 λευμα
416 4976 564 5029 κατά
593 4976 694 5046 τῆς
736 4971 1062 5043 βασιλίσσης
1090 4971 1394 5037 συνέθεντο,
1428 4971 1527 5024 καὶ
1548 4968 1639 5022 τὸν
1675 4984 1780 5020 πα·

190 5065 417 5138 τρίκιον
446 5065 769 5134 Νικηφόρον
803 5064 900 5116 καὶ
940 5061 1161 5130 γενικὸν
1207 5058 1500 5129 λογοθέτην
1542 5057 1786 5129 παραλα-

193 5161 392 5223 ϐόντες
415 5197 431 5224 ,
468 5157 692 5227 βαθείας
723 5155 918 5218 νυκτὸς
959 5149 1126 5225 ἦλθον
1155 5153 1237 5216 είς
1264 5151 1365 5223 τὴν
1396 5150 1618 5221 Χαλκὴν
1639 5192 1654 5216 ,
1684 5148 1785 5220 τῆς

195 5248 526 5321 βασιλίσσης
560 5248 799 5319 Εἰρήνης
831 5244 1117 5313 νοσούσης,
1146 5243 1243 5297 καὶ
1269 5244 1327 5297 ἐν
1349 5239 1426 5312 τῷ
1450 5243 1584 5310 οίκῳ
1614 5239 1785 5309 αὐτῆς

194 5343 281 5414 τῷ
331 5344 395 5396 ἐν
430 5338 553 5404 ’τοῖς
603 5338 952 5409 Ἐλευθερίου
992 5335 1254 5406 κειμένης
1280 5350 1294 5365 ·
1331 5331 1487 5387 εἶπον
1525 5327 1621 5386 οὗν
1668 5332 1785 5395 τοῖς

1887 4597 2053 4658 atque
2079 4585 2154 4641 ita
2188 4586 2242 4641 in
2280 4585 2486 4655 regiam
2545 4584 2623 4640 illi
2664 4584 2895 4641 admissi
2951 4595 3103 4643 sunt.
3148 4589 3360 4648 Deinde
3399 4609 3463 4648 ea

1889 4680 2006 4751 ipsa
2069 4687 2230 4735 nocte
2280 4678 2439 4734 turba
2480 4677 2797 4748 promiscua
2861 4677 3108 4745 collecta,
3169 4681 3465 4753 Nicephori

1891 4772 2327 4843 designationem
2369 4785 2468 4841 per
2515 4778 2691 4825 totum
2745 4770 2925 4826 forum
2979 4781 3107 4830 ante
3162 4772 3468 4829 diluculum

1891 4861 2274 4934 publicarunt,
2325 4859 2394 4915 'et
2455 4859 2642 4916 [renes
2698 4860 2909 4917 aedibus
2967 4861 3024 4916 in
3085 4862 3291 4931 quibus
3344 4870 3477 4945 tum:

1890 4953 2108 5028 agebat,
2164 4951 2473 5008 custodiam
2533 4952 2929 5008 adhibuerunt.
2975 4951 3072 5007 Die
3113 4953 3227 5022 jam
3276 4953 3469 5011 illuce-

1889 5055 2101 5111 scente,
2135 5061 2255 5101 eam
2280 5045 2334 5099 in
2363 5044 2688 5100 orientalem
2722 5044 2924 5115 regiam
2973 5041 3281 5099 traductam
3329 5063 3467 5102 con-

1888 5143 2213 5201 cluserunt:
2244 5149 2434 5212 postea
2465 5141 2707 5211 Magnam
2733 5136 3020 5193 ecclesiam
3054 5148 3185 5195 sunt
3207 5139 3463 5215 ingressi.

1892 5243 1953 5290 ut
1978 5233 2054 5289 ibi
2085 5232 2429 5304 Nicephorus
2467 5233 2775 5289 diademate
2816 5241 3130 5299 ornaretur,
3193 5242 3250 5290 et
3293 5235 3471 5307 impe-

1890 5336 2045 5383 rator
2078 5326 2544 5397 prcclamaretur;
2582 5322 2745 5393 idque
2776 5322 2979 5378 factum
3009 5332 3115 5379 est.

194 5439 391 5493 ἐκεῖσε
420 5436 770 5506 φυλάττουσι,
807 5433 964 5504 παρά
989 5432 1090 5504 τῆς
1124 5429 1450 5501 βασιλίσσης
1489 5429 1789 5496 σταλῆναι,
1832 5427 1923 5516 ῖνα
1951 5421 2177 5516 βασιλέα
2223 5422 2349 5516 τὸν-
2391 5419 2709 5516 Νικηφόρον
2775 5420 3248 5516 ἀναγορεύεωσιν,
3291 5420 3470 5516 ὡςμᾶν

195 5526 354 5580 οὕτω
389 5523 672 5594 παύσηται
721 5523 751 5574 6
798 5521 1085 5591 πατρίκιος
1136 5518 1341 5582 Ἀέτιος
1394 5516 1718 5588 βιαζόμενος
1775 5515 1945 5586 αὐτὴν
2022 5513 2113 5567 τὸν
2156 5508 2352 5564 ἑαυτοῦ
2396 5507 2660 5577 σύγγονον
2708 5507 3172 5582 προχειρίσασθαι
3217 5510 3464 5581 βασιλέα.

196 5613 617 5675 Πιστεύσαντες
645 5610 739 5667 οὖν
769 5613 885 5674 τοῖς
907 5610 1081 5664 ταῦτα
1101 5608 1320 5678 λέγουσι
1345 5606 1658 5678 πατρικίοις
1710 5604 1820 5658 τῶν
1860 5601 2177 5676 περιφανῶν
2206 5599 2349 5664 οὖσι,
2381 5598 2475 5651 καὶ
2505 5597 2665 5653 αὐτοὶ
2688 5598 2781 5652 τὸν
2803 5598 3121 5670 Νικηφόρον
3156 5599 3255 5654 σὺν
3316 5601 3466 5654 ἐκεί-

197 5721 324 5766 νοις
360 5706 439 5763 εἰς
466 5700 698 5770 βασιλέα
735 5700 1108 5771 εὐφήμησαν,
1148 5698 1245 5752 καὶ
1278 5696 1424 5750 οὕτω
1489 5692 1992 5766 παραχωρηθέντες
2059 5692 2140 5788 εἰς
2205 5687 2266 5788 τὸ
2336 5685 2477 5788 μέγα
2525 5686 2793 5788 εἰιοῆλθον.
2847 5686 3170 5788 ἀνάκτορον.
3220 5686 3352 5788 ξῖτα
3397 5689 3468 5743 δι-

198 5792 384 5862 αὐτῆς
415 5792 516 5859 τῆς
545 5787 745 5852 νυκτὸς
777 5787 933 5858 ὅχλον
965 5786 1323 5859 ἀθροίσαντες
1359 5783 1635 5856 σύγκλυδα
1657 5824 1673 5851 ,
1702 5782 1797 5839 διὰ
1832 5783 2016 5852 πάσης
2078 5778 2178 5841 τῆς
2220 5775 2426 5846 ἀγορᾶς
2490 5774 2599 5849 πρὸ
2626 5776 2726 5848 τῆς
2771 5775 3134 5887 ἡμέραξθτὴν
3165 5774 3259 5830 τοῦ
3292 5775 3466 5847 Νικη-

415 5886 691 5947 Ρλτιιοι..
729 5885 849 5946 (in.
881 5880 1223 5947 CXXXIV.

2958 5866 3035 5933 63
