3994 6246
347 308 527 405 ἠδε
1384 380 1385 383 γ
1641 331 1964 395 JOANNIS
2000 329 2322 409 ZONAR/E
3497 323 3629 388 1360

372 457 565 514 dicere
591 424 793 525 coegit,
827 459 1094 523 quantum
1120 447 1239 505 auri
1266 449 1502 507 haberet
1532 450 1555 503 ?
1584 450 1691 505 illo
1718 460 1947 505 centum

2061 463 2223 516 τορας
2262 446 2361 514 γῆν
2418 440 2679 496 ὠνεῖσθαι
2713 440 2822 496 ἀπὸ
2860 440 2956 495 τοῦ
2984 441 3276 510 δημοσίου,
3320 438 3637 511 ἀνθρώπους

374 551 548 607 libras
595 546 922 611 allirmanle,
978 553 1039 600 ut
1088 559 1184 601 eas
1223 543 1447 599 aﬂ'erret
1496 543 1774 599 hominem
1827 543 1958 597 hor-

2061 538 2169 593 οὐδ’
2200 540 2229 592 ὅ
2257 537 2309 590 τί
2339 539 2457 590 ἐστι
2492 536 2739 606 γεωργία
2777 530 3174 603 γινώσκοντας.
3209 534 3307 587 καὶ
3335 533 3502 587 τοῦτο
3554 537 3644 589 ἐπὶ

376 652 523 699 tatus
568 650 675 697 est.
727 640 798 695 lis
848 638 1075 695 allatis:
1113 635 1243 692 Non
1285 637 1375 692 tibi
1423 652 1554 707 opus
1609 645 1707 699 est,
1758 633 1958 704 inquit,

2061 632 2175 685 τῶν
2209 632 2266 684 ὲν
2292 631 2405 692 τοῖς
2432 627 2666 698 θέμασιν
2697 628 2996 681 οἰκούντων
3026 625 3359 697 ναυκλήρων
3409 628 3637 696 ἐγίνετο.

350 743 530 801 :tanto
599 749 784 798 auro;
840 740 900 788 et
953 731 1147 786 decem
1204 730 1365 785 libris
1425 730 1506 785 illi
1558 728 1790 793 relictis,
1842 729 1958 798 ipse

2070 725 2196 789 Τοῖς
2241 724 2287 779 δ’
2320 724 2378 776 ὲν
2408 719 2985 776 Κωνσταντινουπόλει
3012 719 3159 788 νηῶν
3183 721 3447 790 κτήτορσι
3477 737 3647 790 προσ-

348 810 615 898 ἰ-θιὶφιοο
665 825 770 881 sibi
808 825 1131 887 vindicavit,
1170 838 1409 892 cumque
1459 838 1573 877 suae
1616 838 1817 876 mensa:
1866 822 1958 876 ad-

2070 817 2324 888 ερῤίπτει
2388 813 2492 867 ἀνὰ
2532 811 2744 867 δώδεκα
2787 810 2979 881 λίτρας
3020 811 3240 876 ἑκάστῳ
3276 810 3533 880 χρυσίου,
3560 810 3643 865 iw.

373 918 575 983 liibuit,
626 930 799 977 unum
850 915 1272 985 imperatorium
1331 912 1629 983 prandium
1681 928 1748 968 sc
1796 912 1958 968 libris

2071 909 2258 979 βαρῶν
2298 907 2458 960 τόκον
2508 903 2825 973 καταϐάλλῃ
2874 902 2953 973 τῷ
3003 902 3273 973 δημοσίῳ,
3327 903 3437 956 τῶν
3479 903 3649 956 ἄλλων

373 1011 492 1065 auri
520 1023 629 1063 non
664 1016 860 1077 sponte
892 1014 1221 1062 mercatum.

2067 1007 2179 1059 τῶν
2205 1004 2322 1064 τοῖς
2359 1000 2571 1062 πλοίοις
2600 997 2978 1066 ἐπικειμένων
3008 996 3289 1051 ἐπέκεινα.
3323 995 3434 1047 Καὶ
3477 995 3572 1058 οὓς
3604 995 3647 1047 δ’

373 1103 441 1156 ἂν
475 1103 681 1174 ἔμαθον
721 1102 833 1155 τῶν
855 1101 1177 1171 ἐμπόρωνῆ
1213 1102 1598 1173 ἐργαστηρίων
1652 1104 2074 1175 προϊσταμένων
2133 1097 2346 1155 πολλῶν
2397 1094 2678 1163 εὐπορεῖν.
2730 1088 2966 1143 στέλλων
2987 1089 3255 1161 ἀφῃρεῖτο
3275 1088 3343 1141 τά
3369 1091 3650 1160 χρήματα,

371 1196 727 1250 πολλοστόντι
778 1197 946 1266 μέρος
991 1195 1226 1258 ἐκείνοις
1270 1196 1399 1260 ἐῶν,
1432 1191 1549 1250 οἷον
1618 1198 1721 1250 ικαὶ
1780 1199 1874 1251 ἐπί
1914 1217 2024 1253 τινι
2065 1196 2249 1268 πράτῃ
2302 1190 2515 1258 κηρ⁹ων
2567 1186 2891 1255 εἰργάσατο.
2925 1183 3132 1238 Μαθὼν
3179 1185 3289 1255 γὰρ
3328 1183 3422 1237 τὸν
3477 1184 3648 1253 ἄνδρα

375 1288 590 1340 ἐκεῖνον
638 1285 830 1356 κύριον
895 1283 1039 1339 εἶναι
1086 1286 1392 1356 χρημάτων
1463 1284 1697 1353 πολλῶν,
1741 1288 2168 1360 μεταπέμπεται
2223 1281 2414 1343 αὐτὸν,
2464 1276 2583 1341 καὶ,
2629 1274 2853 1336 Ἐπίθες
2894 1290 3013 1339 σου,
3047 1275 3207 1342 φησὶ,
3254 1272 3356 1342 τὴν
3384 1275 3543 1343 χεῖρα
3581 1277 3652 1344 τῇ

377 1385 590 1455 κεφαλῇ
627 1398 751 1451 μου,
785 1382 882 1437 καὶ
912 1380 1116 1452 ὄμοσον
1144 1383 1266 1435 κατ’
1297 1381 1472 1449 αὐτῆς
1502 1382 1672 1436 πότον
1709 1399 1797 1437 σοι
1858 1384 2089 1456 χρυσίον
2170 1378 2325 1441 tari;
2376 1372 2486 1428 Τοῦ
2534 1371 2591 1426 δὲ
2663 1369 2983 1442 βιασθέντος
3029 1369 3192 1424 τοῦτο
3267 1372 3512 1436 ποιῆσαι,
3557 1369 3655 1423 καὶ

383 1479 687 1548 ὀμόσαντος
736 1476 935 1531 ἑκατὸν
1008 1472 1156 1543 ἔχειν
1225 1471 1437 1542 λίτρας,
1485 1473 1771 1544 ινεχθῆναι
1828 1473 2037 1537 ταύτας
2071 1470 2538 1545 παρεκελεύσατο.
2607 1465 2697 1530 Ὡς
2752 1462 2849 1517 οὖν
2900 1463 3297 1535 ἐκομίσθησαν,
3354 1464 3439 1517 οὐ
3487 1466 3655 1531 χρεία

372 1581 473 1619 σοι
492 1566 811 1628 τοσούτου,
835 1559 980 1624 εἷπε,
1004 1559 1261 1630 χρυσοῦ.
1287 1560 1431 1613 Δέκα
1445 1559 1575 1629 γοῦν
1590 1560 1781 1630 λίτρας
1799 1561 1946 1632 αὐτῷ
1967 1559 2267 1635 ἐπιτρέψας
2281 1557 2489 1621 λαϐεῖν,
2512 1554 2613 1617 τὰς
2628 1552 2828 1614 λοιπὰς
2874 1551 3038 1614 αὐτὸς
3053 1550 3396 1621 ᾠκειώσατο,
3412 1550 3653 1619 ὁμοδίαι-

371 1674 464 1712 τον
489 1656 655 1710 αὐτὸν
678 1653 981 1726 τηνικαῦτα
995 1650 1334 1721 πεποιηκὼς,
1356 1653 1680 1721 ἐνενήκοντα
1702 1651 1930 1724 χρυσίου
1948 1653 2148 1724 λιτρῶν
2167 1652 2227 1707 τὸ
2242 1650 2637 1721 συναριστῆσαι
2664 1645 2741 1716 τῷ
2759 1643 2970 1716 βασιλεῖ
2985 1645 3085 1715 οὐχ
3112 1644 3308 1698 ἑκόντα
3323 1643 3649 1715 πριάμενον·

443 1744 558 1801 XV.
626 1741 955 1814 Huiusmodi
1011 1738 1199 1794 multis
1254 1739 1577 1795 rationibus
1633 1740 1958 1811 excogitatis

2140 1737 2515 1799 18⁸.,Τοιαῦτα
2565 1734 2739 1788 πολλὰ
2779 1735 2808 1786 ὁ
2850 1733 3169 1801 Νικηφόρος
3204 1731 3345 1784 κατὰ
3395 1731 3506 1784 τῶν
3553 1734 3654 1785 ὑπ-

370 1836 741 1907 Niecpltorus,
790 1833 860 1887 ad
907 1845 1047 1901 quas
1100 1830 1473 1885 solertissimo
1536 1841 1658 1886 erat
1712 1832 1958 1903 ingenio,

2067 1832 2251 1903 ηκὸων
2282 1828 2517 1884 ἐπινοῶν
2548 1822 2637 1898 (ἦν
2686 1825 2795 1894 γὰρ
2826 1823 3216 1893 ποριμῶτατος
3256 1824 3315 1876 ὲν
3362 1823 3648 1894 τοιούτοις)

373 1929 635 1987 subditos.
677 1939 871 1981 omnes
893 1922 1108 1989 alllixit,
1140 1923 1402 1979 omnibus
1430 1924 1561 1979 odio
1588 1924 1716 1979 fuit.
1756 1925 1958 1991 Quam-

2072 1924 2256 1977 πᾶσαν
2293 1923 2481 1983 αὐτοῖς
2527 1919 2804 1988 ἐπήνεγκε
2839 1916 3113 1980 κάκωσιν,
3155 1917 3250 1969 καὶ
3292 1915 3400 1968 ὑπὸ
3433 1915 3653 1970 πάντων

370 2021 566 2077 obrem
621 2017 708 2074 vir
762 2015 990 2087 quidam
1036 2014 1257 2087 ignotus
1311 2016 1506 2072 stricto
1555 2016 1739 2088 gladio
1770 2018 1826 2075 in
1871 2034 1958 2074 re-

2070 2013 2368 2084 μεμίσητο.
2409 2009 2575 2064 Ὅθεν
2599 2007 2879 2077 ἄγνωστός
2913 2022 2996 2068 τις
3025 2006 3167 2076 ἀνὴρ
3207 2003 3365 2075 ξίφος
3390 2006 3524 2059 ποτὲ
3556 2005 3652 2060 λαο

366 2113 512 2185 giam
557 2110 626 2166 ad
667 2123 797 2165 eum
841 2107 1210 2165 occidendum
1261 2109 1528 2174 accurrit,
1569 2125 1958 2182 concursuque

2067 2103 2179 2159 ϐὼν
2210 2106 2269 2157 έν
2295 2104 2502 2174 χεροῖν,
2539 2100 2832 2169 εἰσέδραμε
2883 2097 2953 2151 τὰ
2982 2095 3265 2167 βασίλεια,
3316 2096 3533 2151 ἀνελεῖν
3563 2098 3652 2150 τὸν

372 2205 541 2269 facto,
584 2202 856 2274 quosdam
895 2215 1030 2257 ense
1081 2201 1380 2271 percussit,
1427 2202 1864 2272 comprehensus
1908 2211 1958 2259 el

2067 2196 2295 2268 βασιλέα
2313 2190 2503 2250 τοῦτον
2521 2193 2723 2265 ζητῶν.
2752 2191 2932 2245 Τινῶν
2959 2189 3007 2243 δ’
3036 2188 3454 2261 ἐπιδραμόντων
3477 2190 3651 2258 αὐτῷ,

365 2295 766 2368 quaestionibus
796 2293 1101 2351 adhibitus.
1136 2292 1273 2347 nihil
1303 2292 1372 2347 de
1400 2308 1679 2363 quoquam
1709 2293 1962 2363 protulit,

365 2389 734 2455 simulataque
786 2385 1001 2440 insania
1049 2384 1294 2438 inclusus
1319 2391 1424 2439 est.
1468 2384 1815 2454 Nicephorius
1852 2385 1964 2441 Ma-

365 2479 613 2545 niebieis,
647 2489 704 2535 et
730 2477 796 2532 iis
834 2477 929 2547 qui
955 2476 1253 2546 Albiugani
1283 2487 1577 2544 vocantur,
1612 2481 1666 2534 in
1698 2481 1962 2547 oraculis,

367 2570 613 2641 auguriis
637 2567 804 2641 ,124
843 2577 902 2623 ct
946 2569 1170 2624 arcanis
1201 2569 1441 2640 magicis
1481 2586 1612 2626 usus
1653 2581 1760 2628 est.
1806 2572 1965 2629 Unde

374 2662 437 2719 in
505 2661 775 2716 Romanis
830 2658 1135 2731 provinciis
1188 2660 1503 2731 dispersum
1560 2662 1618 2718 id
1674 2663 1977 2721 hominum

370 2769 567 2824 genus,
610 2753 910 2808 multorum
942 2751 1286 2822 simplicium
1320 2752 1484 2813 ﬁdem
1524 2755 1795 2826 corrupit.
1824 2762 1967 2827 Aga.

370 2846 491 2902 reni
524 2846 629 2901 sub
678 2860 747 2901 eo
793 2845 1060 2901 Romanis
1109 2845 1434 2915 provinciis,
1476 2849 1690 2905 crebris
1735 2848 1964 2920 expedi-

367 2937 636 3003 tionibus,
685 2938 889 2993 multas
920 2936 1117 2993 clades
1156 2937 1486 3003 intulerunt,
1530 2954 1597 2995 ac
1631 2949 1832 3011 praeter
1859 2955 1967 2996 ca:-

366 3039 508 3097 tera,
568 3033 737 3088 etiam
790 3031 1191 3087 Euchaitorum
1254 3033 1610 3103 metropolim
1660 3042 1956 3104 ceperunt.

2064 2293 2192 2355 τοὺς
2231 2292 2331 2361 μὲν
2364 2286 2568 2358 ἔπληξε
2599 2285 2676 2356 τῷ
2710 2285 2878 2355 ξίφει,
2912 2283 3076 2347 αὐτὸς
3109 2284 3169 2336 δὲ
3205 2283 3516 2354 συσχεθεὶς,
3553 2286 3649 2335 καὶ

2067 2382 2329 2454 βασάνοις
2355 2378 2621 2442 ἐκδοθεὶς,
2654 2376 2809 2431 οὐδέν
2841 2392 2893 2429 τι
2919 2376 3056 2430 κατά
3079 2392 3175 2428 του
3207 2374 3488 2444 ἐξέφηνεν,
3516 2373 3651 2427 ἀλλὰ

2066 2472 2498 2544 παρακεκόφθαι
2522 2472 2622 2535 τὰς
2647 2469 2855 2541 φρένας
2886 2466 3228 2540 ύποκριθεὶς,
3260 2465 3651 2529 κατάκλειστος

2066 2566 2290 2635 γέγονε.
2322 2557 2650 2635 Μανιχαίοις
2697 2562 2754 2615 δὲ
2791 2562 2887 2616 καὶ
2932 2566 3044 2626 τοῖς
3071 2561 3443 2631 καλουμένοις
3470 2562 3618 2628 ’Δθιγ

2067 2657 2280 2725 γάνοις,
2298 2656 2357 2711 ὲν
2389 2658 2663 2727 χρησμοῖς
2684 2672 2768 2721 τε,
2798 2654 3259 2725 καὶοίωνίσμασι,
3291 2657 3387 2709 καὶ
3410 2654 3653 2717 τελεταῖς

2067 2750 2401 2821 ἀπορρήτοις
2427 2750 2716 2820 ἐκέχρητο.
2754 2746 3074 2802 Κάντῶθεν
3109 2748 3193 2811 εἰς
3215 2748 3317 2811 τὰς
3339 2747 3528 2818 χιῖερας
3555 2749 3650 2809 τὰς

2083 2842 2400 2914 Ῥωμαϊκὰς
2440 2841 2872 2912 εἰσεφθάρησαν,
2908 2842 3004 2895 καὶ
3046 2840 3236 2893 πολλοὶ
3273 2839 3385 2893 τῶν
3423 2840 3650 2893 ἀϐελτέ-

2075 2951 2186 3005 ρων
2211 2935 2290 2998 εἰς
2318 2934 2420 3004 τὴν
2446 2935 2629 2988 πίστιν
2642 2934 2740 2987 ὑπ’
2773 2932 2952 2988 αὐτῶν
2973 2931 3365 3004 διεφθάρησαν.
3396 2931 3461 2987 Οἱ
3478 2932 3534 2986 δὲ
3555 2933 3652 3005 τῆς

2072 3029 2252 3099 Ἅγαρ
2314 3027 2577 3089 πολλάκις
2633 3024 2778 3080 κατὰ
2818 3025 3106 3093 Ῥωμαίων
3164 3024 3653 3095 ἐπιστρατεύοντες

363 3124 443 3178 Ae
473 3122 551 3178 illi
572 3122 853 3178 Orientem
878 3124 1121 3194 populati
1142 3133 1308 3191 sunt,
1333 3125 1551 3196 Bulgari
1574 3125 1952 3181 Occidentem.

2061 3121 2296 3174 ἐκάκουν
2331 3118 2430 3182 τὰς
2454 3118 2659 3190 χώρας,
2686 3112 2828 3171 εἷλόν
2858 3134 2917 3170 τε
2951 3116 3048 3171 σὺν
3074 3115 3256 3180 ἄλλοις
3285 3116 3382 3168 καὶ
3416 3115 3518 3187 τὴν
3544 3117 3654 3169 τῶν

365 3212 678 3281 Imperator
721 3213 887 3281 igitur
920 3227 1058 3266 cum
1105 3212 1313 3268 bellum
1373 3214 1645 3270 adversus
1686 3214 1956 3284 Bolgaros

364 3308 650 3375 suscipere
700 3304 1062 3368 decrevisset,
1115 3313 1173 3360 et
1202 3305 1427 3375 quidam
1466 3320 1537 3361 ex
1582 3307 1704 3378 ejus
1748 3306 1957 3363 intimis

364 3398 420 3454 ei
493 3396 788 3460 suasisset,
842 3407 905 3452 ut
946 3397 1223 3452 subditos
1277 3398 1609 3455 clementius
1672 3408 1954 3459 tractaret.

368 3488 525 3553 Nam,
555 3505 757 3552 omnes,
816 3489 1018 3560 inquit,
1065 3499 1250 3544 contra
1298 3506 1392 3546 nos
1434 3492 1793 3562 vociferantur
1836 3508 1855 3546 :
1901 3501 1952 3547 et

363 3584 413 3636 si
432 3580 564 3651 quid
586 3581 795 3636 adversi
843 3583 994 3637 nobis
1046 3583 1323 3648 acciderit,
1370 3600 1553 3639 omnes
1597 3602 1725 3641 casu
1775 3594 1956 3641 nostra

364 3673 708 3727 tutabantur.
746 3672 1054 3742 Respondit
1088 3673 1180 3729 ille
1210 3691 1227 3728 :
1268 3673 1410 3729 Deus
1445 3690 1543 3729 cor
1569 3691 1741 3730 meum
1771 3693 1951 3747 quem-

364 3765 652 3820 admodum
730 3764 1039 3820 Pharaonis
1105 3764 1397 3822 induravit.
1464 3766 1545 3822 Ne
1608 3768 1736 3834 quid
1794 3771 1959 3840 igitur

365 3871 399 3909 a
432 3869 518 3909 me
558 3855 754 3908 bonum
782 3855 848 3910 iis
884 3862 1196 3909 eventurum
1226 3864 1556 3928 exspectato,
1587 3858 1680 3928 qui
1704 3859 1763 3911 in
1792 3874 1957 3912 manu

365 3961 484 4002 mea
534 3955 680 4002 sunt.
723 3947 1020 4002 Accersitis
1055 3947 1225 4019 igitur
1252 3948 1501 4021 undique
1529 3949 1862 4021 legionibus,
1901 3951 1958 4006 in

365 4039 674 4110 Bulgariam
755 4038 1073 4110 profectus,
1134 4039 1340 4097 Crumo
1392 4042 1544 4113 genti
1607 4043 1953 4113 imperante,

363 4131 642 4201 principio
686 4132 930 4187 secunda
979 4132 1199 4189 fortuna
1234 4149 1367 4190 usus
1412 4144 1519 4201 est,
1565 4143 1627 4191 ut
1673 4146 1730 4192 et
1776 4137 1957 4193 aulam

364 4223 516 4281 illius
555 4233 777 4294 caperet
817 4225 920 4297 (sic
964 4225 1115 4280 enim
1163 4226 1378 4298 Bulgari
1424 4228 1509 4282 sui
1560 4229 1829 4300 principis
1863 4228 1961 4285 ha-

365 4316 688 4372 bitationem
723 4317 1125 4387 appellabant),
1147 4326 1206 4374 et
1241 4320 1597 4377 conclavibus
1627 4330 1687 4375 ut
1732 4321 1852 4377 suis
1877 4322 1985 4376 sio.

364 4408 494 4480 gilla
533 4409 900 4479 imprimeret,
933 4419 989 4465 et
1020 4412 1226 4468 multos
1262 4427 1495 4469 suorum
1539 4415 1612 4470 ob
1648 4415 1955 4486 Spoliorum

367 4497 619 4568 rapinam
671 4500 951 4555 multaret.
1004 4500 1208 4557 Crumo
1259 4512 1444 4559 autem
1508 4503 1698 4560 fractis
1750 4504 1954 4559 animis
1982 4495 2032 4549 ‘D

367 4587 717 4658 supplicante
751 4596 811 4642 ut
841 4590 992 4659 genti
1043 4601 1315 4661 parceret,
1342 4602 1398 4648 et
1423 4593 1627 4664 quibus
1647 4594 1761 4664 ipse
1793 4594 1958 4649 vellet

371 4680 792 4737 conditionibus
837 4696 1028 4752 pacem
1077 4682 1255 4750 daret,
1284 4699 1542 4741 successu
1568 4686 1748 4740 elatus
1776 4685 1967 4755 nullas

368 4775 717 4831 conditiones
737 4774 982 4832 admisit.
1011 4775 1249 4833 Crumus
1266 4777 1399 4848 igitu
1411 4796 1434 4830 r
1451 4778 1753 4847 desperatis
1767 4778 1952 4845 rebus,

340 4866 474 4941 ,sibi
522 4869 635 4940 jam
673 4867 743 4923 de
782 4867 900 4939 ipsa
934 4867 1046 4924 vita
1092 4867 1467 4924 dimicandum
1526 4876 1700 4933 ratus,
1748 4870 1956 4926 coactis

367 4964 487 5019 suis
532 4962 730 5032 copiis,
793 4977 1000 5033 easque
1046 4962 1397 5027 cohortatus,
1451 4970 1629 5017 castra
1678 4961 1956 5017 Romano-

368 5068 491 5110 rum
541 5063 710 5109 noctu
763 5054 996 5119 invadit,
1050 5054 1309 5108 omnibus
1357 5054 1477 5109 sine
1515 5053 1772 5110 excubiis
1819 5054 1954 5110 dor-

274 5188 280 5195 .
368 5147 671 5204 micatibus
701 5146 904 5215 (neque
936 5147 1085 5200 enim
1125 5146 1181 5199 in
1223 5153 1371 5199 tanta
1420 5144 1806 5215 desperatione
1852 5161 1954 5199 un-

367 5254 534 5311 quam
563 5253 797 5293 ausuros
825 5252 1013 5292 secum
1038 5235 1309 5290 Barbaros
1336 5233 1600 5307 congredi
1630 5235 1949 5306 putabant),

369 5330 557 5385 statim
596 5329 653 5381 in
684 5329 1101 5383 tabernaculum
1152 5327 1508 5398 imperatoris
1553 5327 1697 5382 facto
1742 5326 1953 5397 impetu

367 5420 714 5492 Nicephorus
762 5422 977 5479 occisus
1017 5429 1146 5477 est:
1189 5437 1299 5493 quo
1340 5434 1524 5478 autem
1568 5431 1747 5492 pacto,
1795 5420 1953 5491 igno—

374 5521 546 5569 ratur.
594 5512 792 5569 Fertur
850 5515 1001 5569 enim
1055 5530 1087 5570 a
1120 5516 1235 5570 suis
1292 5530 1361 5570 ex
1406 5514 1535 5570 odio
1580 5529 1679 5583 per
1725 5513 1955 5568 insidias

372 5603 736 5670 interfectus,
783 5605 899 5660 sive
951 5606 1155 5662 caedem
1207 5607 1449 5663 hominis
1492 5605 1805 5679 pestilentis
1853 5620 1952 5660 au-

373 5695 619 5763 spicatis,
664 5697 782 5751 sive
811 5713 844 5752 a
877 5697 1132 5754 Barbaris
1178 5701 1487 5756 inchoatam
1532 5700 1827 5758 exsecutis.
1856 5698 1953 5755 Est

378 5794 442 5845 et
469 5784 787 5843 Stauracius
823 5789 967 5843 inter
1007 5790 1298 5847 humerum
1332 5793 1585 5849 dextrum
1620 5804 1675 5851 ct
1698 5794 1948 5866 jugulum

2057 3211 2343 3281 Εύχαῖτῶν
2380 3209 2739 3281 μητρόπολιν.
2767 3210 2877 3263 Καὶ
2915 3202 3065 3262 οὗτοι
3087 3207 3193 3279 μὲν
3238 3209 3308 3262 τὰ
3333 3209 3469 3280 πρὸς
3504 3207 3656 3261 ἀνίσ-

2056 3317 2222 3372 χοντα
2255 3301 2407 3369 ἥλιον
2452 3300 2753 3372 ἐληΐζοντο,
2788 3303 2841 3355 οἱ
2871 3301 2927 3355 δὲ
2964 3301 3269 3371 Βούλγαροι
3293 3301 3362 3353 τὰ
3398 3301 3649 3372 ἑσπέρια.

2072 3391 2538 3464 Ἐπιστρατεῦσαι
2575 3396 2757 3451 τοίνυν
2787 3399 2931 3450 κατὰ
2960 3396 3291 3466 Βουλγάρων
3320 3395 3350 3448 ὀ
3387 3394 3653 3464 βασιλεὺς

2057 3486 2426 3540 ἐϐουλεύσατο
2447 3502 2461 3516 ⁶
2496 3486 2592 3540 καί
2624 3503 2770 3552 τινος
2793 3488 2905 3542 τῶν
2937 3488 3293 3542 οἰκειοτάτων
3330 3487 3483 3557 αύτῷ
3509 3505 3654 3557 συμ-

2057 3577 2434 3646 ϐουλεύοντος,
2469 3576 2715 3632 ἐνδοῦναι
2744 3582 2860 3643 τοῖς
2903 3580 3168 3650 ὑπηκόοις
3213 3579 3318 3650 τὴν
3346 3579 3602 3633 κάκωσιν
3626 3595 3640 3610 ·

2057 3668 2294 3737 Πάντες
2316 3672 2449 3739 γὰρ,
2473 3670 2603 3742 ἔφη,
2627 3669 3011 3725 καταϐοῶσιν
3032 3670 3224 3740 ἡμῶν,
3256 3671 3359 3725 καὶ
3386 3673 3442 3726 εἰ
3458 3689 3513 3726 τι
3539 3671 3654 3726 τῶν

2058 3762 2363 3818 ἀπαισίων
2402 3763 2669 3833 συμϐαίη
2714 3763 2880 3832 ἡμῖν,
2915 3762 3141 3830 πάντες
3177 3763 3654 3834 ἐπιχαρήσονται

2059 3855 2134 3925 τῇ
2173 3856 2398 3911 πτώσει
2430 3855 2621 3925 ἡμῶν,
2669 3855 3013 3928 ἐκεῖνος-,ἔφη
3040 3856 3117 3920 ὡς
3161 3858 3224 3911 '0
3263 3859 3410 3924 Θεὸς
3427 3857 3654 3925 ἐσκλή-

2057 3967 2212 4021 ρυνε
2249 3950 2367 4018 τὴν·
2392 3951 2651 4018 καρδίαν
2672 3967 2792 4019 μου
2828 3952 2980 4005 κατὰ
3001 3950 3118 4018 τὴν
3148 3950 3257 4007 τοῦ
3288 3951 3537 4021 Φαραώ·
3564 3951 3651 4022 μὴ

2058 4039 2176 4099 οὖν
2203 4043 2463 4113 ἑχδέχου
2511 4060 2564 4097 τι
2616 4042 2846 4111 ἀγαθὸν
2882 4040 3005 4107 τοῖς
3035 4042 3158 4097 ὑπὸ
3209 4041 3379 4112 χεῖρά
3425 4060 3549 4113 μου
3581 4043 3653 4108 ἐξ

2058 4137 2228 4207 ἐμοῦ.
2267 4136 2643 4207 Συναθροίσας
2680 4134 2776 4190 οὖν
2806 4134 2877 4189 τὰ
2919 4136 3183 4205 τάγματα
3215 4134 3513 4201 πάντοθεν,
3555 4144 3653 4189 καὶ

2060 4230 2142 4291 εἰς
2193 4226 2540 4300 Βουλγαρίαν
2603 4227 3077 4296 παραγενόμενος,
3127 4224 3226 4280 τοῦ
3261 4228 3524 4299 Κρούμου
3553 4225 3649 4281 τοῦ

2061 4319 2251 4384 ἔθνους
2281 4318 2740 4391 ἀρχηγετοῦντος,
2769 4319 2833 4371 τὸ
2885 4320 2985 4389 μὲν
3039 4318 3260 4390 πρῶτον
3314 4318 3647 4390 εὐτύχησεν,

2061 4411 2204 4465 ὥστε
2239 4412 2333 4465 καὶ
2373 4411 2473 4483 τὴν
2524 4410 2786 4483 Κρούμου
2823 4408 3228 4480 παρειληφέναι
3268 4410 3440 4483 αὐλὴν
3484 4410 3653 4482 (οὕτω

2061 4506 2168 4579 γὰρ
2204 4507 2303 4579 τὴν
2351 4506 2446 4563 τοῦ
2494 4504 2646 4575 σφῶν
2691 4504 2944 4576 ἀρχηγοῦ
2985 4505 3036 4557 οί
3068 4504 3376 4576 Βούλγαροι
3416 4505 3650 4559 ἐκάλουν

2060 4599 2407 4671 κατοίκησιν)
2450 4602 2543 4654 καὶ
2594 4601 2711 4663 τοῖς
2762 4599 2978 4651 ἐκείνου
3034 4599 3283 4668 ταμείοις
3342 4599 3650 4670 σφραγῖδας

2060 4691 2363 4757 ἐπιϐαλεῖν,
2396 4692 2472 4754 ὡς
2522 4690 2626 4762 ἤδη
2658 4690 2979 4762 γενομένοις
3029 4689 3219 4758 αὐτοῦ,
3271 4690 3370 4745 καὶ
3415 4692 3649 4756 πολλοὺς

2060 4784 2169 4838 τῶν
2218 4784 2439 4838 οἰκείων
2482 4783 2572 4837 διὰ
2611 4782 2828 4838 σκύλων
2877 4783 3140 4854 ἁρπαγὴν
3188 4784 3645 4854 τιμωρήσασθαι.

2059 4875 2168 4930 Τοῦ
2205 4876 2263 4930 δὲ
2295 4875 2556 4946 Κρούμου
2587 4874 3122 4939 άποδεδειλιακότος,
3171 4878 3269 4929 καὶ
3300 4875 3647 4941 ἱκετεύοντος

2058 4966 2353 5036 φείσασθαι
2406 4965 2503 5019 τοῦ
2555 4964 2767 5032 ἔθνους,
2822 4968 2920 5020 καὶ
2976 4965 3063 5037 ἐφ’
3107 4968 3251 5032 οῖαις
3298 4967 3367 5022 ἂν
3396 4967 3647 5038 βούλοιτο

2059 5059 2361 5130 συνθήκαις
2401 5057 2732 5111 σπείσασθαι
2771 5057 2944 5129 αὐτῷ,
2986 5057 3259 5126 ὀγκωθεὶς
3310 5059 3518 5121 ἐκεῖνος
3562 5058 3647 5129 τῷ

2058 5152 2402 5223 εὐτυχήματι
2451 5151 2551 5214 τὰς
2594 5149 2828 5214 σπονδὰς
2868 5151 2929 5204 οὐ
2963 5152 3299 5223 προσήκατο.
3345 5151 3646 5220 ’Δπογνοὺς

2057 5241 2156 5296 οὖν
2189 5245 2216 5296 ὁ
2239 5242 2518 5313 Κροῦμος,
2550 5242 2648 5295 καὶ
2673 5240 2766 5294 τὸν
2789 5243 2919 5314 περὶ
2945 5243 3125 5314 ψυχῆς
3152 5243 3252 5314 ἤδη
3287 5242 3647 5313 λογιζόμενος

2057 5335 2222 5400 θέειν,
2253 5335 2350 5397 τὰς
2389 5333 2583 5388 ἑαυτοῦ
2619 5333 2880 5405 δυνάμεις
2930 5334 3281 5403 συναγαγὼν,
3312 5335 3411 5389 καὶ
3454 5335 3645 5403 λόγοις

2056 5427 2495 5498 παρακλητικοῖς
2528 5428 2957 5497 παρακροτήσας
2980 5426 3203 5492 αὐτοὺς,
3233 5425 3420 5480 ἔπεισι
3444 5428 3642 5489 νυκτὸς

2056 5516 2138 5571 ἔτι
2207 5516 2377 5588 οὔσης
2433 5516 2576 5570 κατὰ
2626 5518 2726 5587 τῆς
2755 5517 2863 5571 τῶν
2905 5518 3196 5588 Ῥωμαίων
3247 5518 3636 5589 παρεμϐολῆς,

2056 5609 2385 5678 ἀφυλάκτως
2415 5609 2785 5680 κοιμωμένων
2812 5610 3071 5665 ἁπάντων
3099 5610 3200 5681 (μὴ
3234 5611 3345 5681 γὰρ
3376 5611 3444 5665 ἄν
3498 5628 3637 5663 ποτε

2055 5701 2326 5771 τολμῆσαι
2358 5701 2631 5771 συμμίξαι
2669 5701 2857 5766 αὐτοῖς
2886 5703 3015 5766 τοὺς
3044 5700 3459 5775 Βαρϐάρουςθὲξ
3494 5702 3641 5756 ἀτο-

2056 5791 2205 5857 νοίας
2228 5793 2431 5867 πολλῆς
2461 5795 2679 5867 ᾤοντο),
2705 5798 2799 5853 καὶ
2826 5796 3026 5854 αὐτίκα
3050 5797 3187 5854 κατὰ
3217 5795 3318 5869 τῆς
3349 5794 3635 5868 βασιλείου
