3994 6246
249 302 389 369 1365

1481 296 1904 362 ANNALIUM
1941 298 2094 361 LIB.
2125 301 2247 364 XV.

3356 309 3502 376 1366'

247 433 365 485 μων
388 413 614 482 ὀλέθρου
639 411 810 466 αἴτιον
840 402 984 463 εἶναι
1010 407 1102 464 τὸν
1145 408 1219 482 μὴ
1242 407 1339 480 τὴν
1376 408 1604 480 εἰρήνην
1628 409 1820 480 αἱρού-

1938 410 2174 480 neglectu
2202 420 2536 482 conquestus
2557 413 2822 468 acerrime
2851 428 3185 486 vapiuasset.
3212 435 3276 473 ex
3300 419 3502 490 despe-

249 524 429 578 μενον.
473 505 633 559 ’Ᾱλλά
665 502 942 575 συμϐουλῇ
962 501 1073 556 τῶν
1106 503 1240 572 περὶ
1267 502 1430 554 αὐτὸν
1460 501 1557 564 τὰς
1587 500 1820 566 σπονδὰς

1938 502 2140 557 ratione
2171 518 2229 558 se
2260 502 2328 558 ad
2361 504 2622 574 Bulgaros
2653 508 2904 570 contulit,
2932 524 2962 562 a
2993 525 3102 578 quo
3126 509 3350 564 Barbari
3382 529 3503 566 om-

244 600 339 652 ἐπὶ
361 600 478 660 ταῖς
525 596 823 667 συνθήκαις
873 594 1114 660 ἐκείναις
1148 597 1176 646 ὁ
1239 593 1495 663 βασιλεὺς
1552 594 1612 647 οὐ
1651 610 1824 664 προσ·

243 691 439 758 ήκατο,
471 689 566 741 καὶ
601 689 628 740 ὁ
663 688 922 758 Κροῦμος
957 689 1100 740 κατὰ
1148 683 1510 754 Μεσημϐρίας
1543 684 1822 756 ἐχώρησεν

244 779 522 840 ἑλεπόλεις
582 777 946 846 ἐπαγόμενος.
1003 775 1192 847 ’Ἄραψ
1238 773 1344 844 γάρ
1387 791 1470 838 τις
1524 773 1824 844 μηχανικὸς

243 873 338 924 καὶ
365 887 432 922 πε
441 871 492 940 pl
519 868 722 929 ταύτας
751 867 922 932 δεξιός
950 867 1223 938 προσῆλθε
1251 866 1326 937 τῷ
1349 867 1395 920 Ν
1403 868 1651 937 ικηφόρῳ
1673 867 1824 932 ποτὲ,

243 965 338 1018 καὶ
363 964 440 1034 τῷ
497 963 626 1034 θείῳ
681 962 1026 1034 βαπτίσματι
1072 961 1374 1026 τελεσθεὶς,
1429 961 1504 1031 μὴ
1558 960 1740 1031 τυχὼν
1769 959 1828 1013 δὲ

249 1055 516 1126 προνοίας
571 1054 854 1122 ἀξιολόγου
909 1054 998 1108 διά
1031 1055 1131 1126 τήν
1189 1053 1402 1107 ἐκείνου
1433 1053 1826 1124 γλισχρότητα,

245 1147 367 1201 εἶτα
401 1148 498 1200 καὶ
551 1146 934 1215 ἐπεγκαλέσας
991 1146 1188 1216 ἐκείνῳ
1248 1145 1336 1198 διὰ
1363 1144 1422 1198 τὸ
1467 1143 1828 1214 ἀπρονόητον,

244 1239 455 1311 {niqu
482 1239 849 1310 σφοδρότατα.
893 1239 983 1304 Ἐξ
1010 1238 1268 1301 ἀπονοίας
1301 1232 1394 1292 οῦν
1445 1237 1558 1300 τοῖς
1589 1235 1830 1303 Βουλγά-

247 1351 363 1406 ροις
400 1334 879 1405 προσκεχωρήκει,
912 1335 1007 1388 καὶ
1044 1333 1111 1387 δι’
1162 1331 1328 1388 αὐτοῦ
1364 1333 1550 1385 πᾶσαν
1606 1331 1655 1383 οἱ
1689 1331 1830 1400 Βάρ-

245 1429 408 1499 ϐαροι
470 1427 723 1499 μηχανὴν
777 1426 1114 1498 ἐργάζεσθαι
1171 1427 1586 1496 μεμαθήκασιν.
1641 1421 1830 1487 υῦτως

243 1517 339 1572 οῦν
357 1518 775 1590 εὐπορήσαντες
799 1517 1119 1583 ἐλεπόλεων,
1149 1516 1248 1570 οὐκ
1273 1517 1564 1586 ἐχρόνιταν
1623 1515 1702 1576 είς
1735 1512 1834 1584 τὴν

243 1611 338 1664 τοῦ
375 1613 519 1666 κατὰ
549 1611 922 1683 Μεσημϐρίαν
948 1613 1142 1674 ἄστεος
1175 1609 1469 1680 πόρθησιν.
1501 1607 1608 1660 Τοῦ
1645 1606 1701 1660 δὲ
1733 1606 1831 1677 βαο

1928 593 2015 648 nis
2042 596 2262 665 generis
2296 596 2578 653 machinas
2609 598 2866 655 fabricari
2906 601 3222 658 didicerunt
3253 622 3266 658 :
3302 605 3508 675 quibus
3583 649 3604 669 ,,

1930 687 2151 742 abunde
2213 688 2507 752 instructi,
2575 692 2934 748 vastationem
3000 695 3342 752 Mesembria:
3398 715 3508 754 non

1929 788 2254 834 cunctanter
2307 791 2435 836 sunt
2473 783 2732 853 aggressi.
2783 785 3089 855 Imperator
3147 795 3330 842 autem
3383 805 3512 844 cum

1931 871 2258 939 patriarchae
2311 881 2368 928 et
2419 875 2722 943 primorum
2783 878 3134 932 sacerdotum
3182 880 3514 949 quibusdam

1929 959 2379 1018 deliberationem
2424 963 2491 1020 de
2518 982 2646 1033 pace
2679 967 2963 1038 Bulgarica
2989 980 3044 1025 et
3076 971 3371 1042 transfugis
3395 974 3518 1042 qni-

1932 1047 2162 1106 biisulani
2214 1053 2421 1109 Crumo
2479 1057 2762 1114 tradendis
2814 1063 3194 1130 proposuisset
3239 1065 3404 1132 (nam
3461 1064 3514 1119 id

1932 1143 2095 1197 etiam
2127 1143 2270 1201 inter
2294 1155 2490 1202 czetera
2514 1149 2787 1206 Barbarus
2819 1152 3170 1223 postularat),
3199 1155 3523 1224 patriarcha-

1932 1245 1988 1292 et
2026 1239 2342 1294 sacerdotes
2365 1241 2523 1311 127
2548 1253 2810 1318 praestare
2840 1255 3196 1310 censuerunt,
3223 1247 3526 1317 transfugis

1937 1326 2184 1389 traditis.
2229 1343 2434 1398 paucos
2465 1331 2606 1386 male
2634 1334 2855 1390 tractari
2878 1377 2892 1398 ,
2929 1352 3090 1406 quam
3125 1336 3316 1394 turbas
3352 1338 3520 1394 innu-

1936 1417 2251 1474 merabilcs.
2291 1418 2396 1476 Sed
2433 1434 2720 1480 senatores
2752 1428 2912 1480 aulici
2948 1438 3003 1484 et
3036 1428 3366 1486 Theodorus
3393 1431 3523 1486 Stu-

1936 1507 2082 1562 dites
2124 1523 2258 1578 pace
2293 1510 2580 1580 repudiata
2619 1515 2900 1585 supplices
2937 1518 3234 1574 tradendos
3271 1535 3394 1574 esse
3427 1536 3524 1576 ne-

1938 1609 2226 1669 gavcruut.
2285 1599 2421 1666 Quae
2472 1618 2560 1658 res
2609 1604 2728 1674 paci
2778 1606 3077 1678 Bulgarica:
3127 1610 3524 1680 impedimento

247 1703 441 1766 σιλέως
488 1705 582 1758 τὸν
615 1705 965 1776 πατριάρχην
1001 1701 1525 1775 μετακαλεσαμένου
1574 1700 1670 1754 καὶ
1726 1697 1833 1752 τῶν

1939 1693 2062 1749 fuit.
2098 1695 2232 1750 Nam
2275 1696 2575 1764 imperator
2604 1699 2695 1755 hic
2726 1700 2948 1772 ingenio
2989 1701 3100 1758 leni
3137 1716 3194 1760 et
3233 1705 3338 1759 fide
3375 1715 3522 1760 recta

243 1798 550 1868 ἀρχιερέων
576 1765 748 1863 τινάς,
920 1765 1276 1866 ’πρ-οθεμένου
1305 1765 1502 1865 βουλὴν
1559 1792 1690 1862 περὶ
1723 1790 1832 1844 τῶν

1940 1787 2205 1860 praeditus
2243 1787 2383 1856 fuit;
2422 1789 2517 1844 sed
2561 1791 2628 1846 ad
2665 1808 2754 1848 res
2787 1765 3068 1864 gerendas
3096 1796 3326 1861 tardior,
3367 1795 3526 1854 facile

245 1891 390 1960 μετὰ
419 1891 748 1959 Βουλγάρων
779 1889 1046 1952 σπονδῶν,
1082 1887 1178 1942 καὶ
1231 1889 1280 1940 εί
1313 1885 1420 1958 χρὴ
1467 1882 1722 1937 ἐκδοῦναι
1755 1880 1833 1954 τῷ

1941 1890 2168 1937 secutus
2194 1897 2529 1952 quocunque
2557 1898 2586 1937 a
2619 1885 2942 1954 proceribus
2969 1885 3290 1943 duceretur.

245 1983 495 2054 Κρούμῳ
544 1988 671 2048 τοὺς
717 1985 926 2039 ἐκεῖθεν
992 1983 1299 2053 Ῥωμαίους
1351 1979 1841 2053 προσπεφευγότας
1878 1978 2190 2050 (καὶτοῦτο
2216 1977 2326 2050 γάρ
2351 1978 2489 2049 πρὸς
2516 1978 2701 2042 ἄλλοις
2724 1981 2817 2034 ἐπὶ
2842 1984 2962 2048 ταῖς
2986 1983 3243 2048 σπονδαῖς
3269 1985 3456 2054 ἐζήτει
3492 1985 3522 2040 ό

246 2079 563 2152 Βάροαρος)
590 2083 617 2134 ό
639 2081 738 2151 μὲν
770 2081 1117 2152 πατριάρχης
1152 2080 1246 2132 καὶ
1278 2078 1328 2130 οἱ
1355 2078 1636 2148 ἀρχιερεῖς
1677 2072 2066 2131 συνεϐούλευον
2093 2073 2346 2128 ἐκδοῦναι
2377 2076 2506 2140 τοὺς
2547 2075 2897 2148 πρόσφυγας,
2943 2083 3202 2151 κρεῖσσον
3237 2078 3382 2136 εἶναι
3416 2099 3528 2136 παο

248 2168 362 2221 θεῖν
393 2170 673 2238 κρίνοντες
697 2171 952 2241 μετρίους
982 2171 1134 2234 τινὰς
1159 2169 1191 2238 ἢ
1226 2167 1407 2239 πλήθη
1441 2169 1671 2238 πάσχειν
1697 2165 2000 2238 ἀνάριθμα.
2034 2165 2098 2218 Οἱ
2119 2164 2176 2218 δὲ
2205 2166 2335 2236 περὶ
2371 2166 2466 2220 τὸν
2492 2167 2726 2238 βασιλέα
2753 2171 2850 2223 καὶ
2869 2172 2898 2225 ὀ
2923 2172 3219 2242 Στουδίτης
3245 2172 3524 2243 Θεόδωρος

244 2261 346 2325 τὰς
364 2261 596 2324 σπονδὰς
619 2262 982 2335 ἀπηγόρευον,
1002 2262 1254 2330 λέγοντες
1268 2263 1342 2335 μὴ
1359 2263 1470 2316 δεῖν
1494 2259 1740 2314 ἐκδοῦναι
1755 2258 1883 2320 τοὺς
1908 2257 2256 2328 πρόσφυγας.
2283 2259 2351 2311 Αἱ
2378 2258 2478 2328 μὲν
2503 2254 2598 2314 οὖν
2625 2260 2764 2332 πρὸς
2786 2263 2909 2326 τοὺς
2935 2262 3522 2335 Βουλγάρουςισπονδω

246 2355 503 2410 ἐντεῦθεν
538 2357 903 2410 κεκώλυνται.
937 2350 1047 2408 ἿΙν
1079 2354 1189 2424 γὰρ
1221 2356 1250 2408 ό
1279 2353 1642 2425 αὐτοκράτωρ
1706 2343 1863 2412 οὗτος
1893 2348 1982 2400 τὸν
2017 2347 2115 2418 μὲν
2146 2348 2350 2419 τρόπον
2409 2351 2670 2422 χρηστὸς,
2717 2353 2814 2407 καὶ
2851 2355 2952 2424 τὴν
2975 2355 3161 2411 πίστιν
3184 2356 3368 2428 ὀρθὸς,
3397 2359 3528 2428 περὶ

247 2451 306 2504 δὲ
353 2449 702 2520 πραγμάτων
733 2449 1052 2520 οἰκονομίαν
1086 2449 1290 2520 νωθὴς,
1349 2451 1444 2503 καὶ
1471 2449 1584 2512 τοῖς
1633 2445 1964 2518 ὑπερέχουσι
1994 2444 2103 2498 τῶν
2132 2445 2414 2514 ἀρχόντων
2434 2448 2559 2503 ὅποι
2591 2448 2658 2502 ἂν
2694 2449 2883 2518 ἄγοιτο
2908 2450 3106 2522 ῥαδίως
3131 2452 3422 2522 ἀγόμενος.

323 2543 432 2596 III'.
475 2544 736 2614 Κομήτης
776 2543 834 2597 δὲ
875 2543 1052 2614 ἀστὴρ
1089 2543 1265 2613 ἐφάνη
1299 2542 1420 2596 τότε
1444 2541 1833 2613 σχηματισθεὶς

2014 2538 2203 2595 XVIII.
2246 2540 2385 2596 Tum
2419 2541 2576 2596 stella
2613 2543 2817 2598 crinita
2855 2544 3140 2612 apparuit,
3181 2559 3305 2613 quae
3348 2545 3529 2602 varias

249 2637 331 2698 εἰς
357 2633 474 2704 εἴδη
501 2634 758 2706 διάφορα,
787 2629 860 2689 ὧν
889 2636 982 2688 καὶ
1009 2634 1068 2689 ἓν
1093 2634 1311 2704 λέγεται
1341 2627 1480 2688 εἶναι
1509 2634 1604 2687 καὶ
1629 2632 1833 2704 ἀνθρώ·

1943 2629 2149 2686 formas
2181 2632 2550 2703 exprimebat,
2573 2648 2808 2702 quarum
2837 2649 2944 2688 una
2969 2634 3142 2690 fuisse
3163 2635 3342 2692 fertur
3363 2638 3534 2694 etiam

249 2747 356 2784 που
383 2731 570 2800 σχῆμα
599 2730 773 2801 χωρὶς
799 2731 1064 2800 κεφαλῆς.
1095 2729 1162 2783 Οί
1191 2728 1497 2800 Βούλγαροι
1530 2728 1712 2798 μέντοι
1737 2725 1833 2796 τῆς

1943 2719 2184 2777 hominis
2247 2719 2366 2777 sine
2419 2724 2621 2792 capite.
2680 2724 2902 2793 Bulgari
2958 2734 3145 2780 autem
3198 2727 3530 2802 Mesembria

250 2822 623 2894 Μεσημϐρίας
668 2824 1084 2894 κρατήσαντες,
1133 2822 1305 2876 πολλά
1354 2823 1411 2875 ἐν
1459 2819 1632 2891 ταύτῃ
1679 2821 1833 2890 εὑρή-

1946 2815 2142 2884 potiti,
2185 2831 2310 2871 cum
2361 2817 2532 2871 multa
2575 2817 2682 2872 alia
2715 2817 2792 2872 ibi
2823 2829 3188 2888 repererunt,
3232 2831 3346 2878 tum
3389 2824 3530 2893 ignis

257 2932 422 2978 κασι,
460 2915 600 2986 μετά
631 2915 740 2969 τῶν
771 2916 948 2977 ἀλλων
979 2915 1033 2968 δὲ
1069 2915 1165 2970 καὶ
1194 2915 1286 2969 τοῦ
1321 2912 1493 2986 ὑγροῦ
1530 2915 1705 2984 πυρὸς
1739 2913 1833 2967 οὐκ

1945 2907 2117 2964 Grazci
2161 2924 2268 2963 non
2302 2924 2521 2980 parum.
2562 2910 2702 2966 Cum
2739 2925 2872 2964 vero
2917 2911 3219 2979 imperator
3241 2929 3272 2967 e
3301 2913 3531 2983 quibus»

253 3009 558 3079 ἐλάχιστον.
591 3007 964 3079 Αίχμαλώτων
999 3006 1044 3060 δ’
1069 3006 1480 3062 ἐπανελθόντων
1513 3005 1697 3071 τινῶν,
1738 3022 1842 3076 μα-

185 3116 194 3122 ’
253 3099 365 3154 θὼν
399 3101 464 3152 ὲκ
503 3098 708 3153 τούτων
745 3101 773 3152 ό
815 3098 1072 3170 βασιλεὺς
1115 3097 1406 3167 βούλεσθαι
1446 3099 1537 3152 τὸν
1583 3097 1842 3168 Κροῦμον

249 3193 351 3260 τὴν
393 3190 618 3262 Θρᾴκην
657 3190 982 3259 ληῖσασθαι,
1032 3189 1228 3259 ἐξῆλθε
1272 3189 1373 3258 τῆς
1417 3188 1648 3243 πόλεως.
1679 3189 1842 3243 Ὅθεν

250 3279 406 3332 οὐδὲν
433 3273 512 3331 ὢν
541 3276 776 3349 ἐμελέτα
808 3279 1014 3348 δράσας
1045 3281 1073 3332 ὁ
1106 3279 1392 3349 Βάρϐαρος
1417 3279 1554 3332 ἀλλά
1585 3280 1682 3333 καὶ
1712 3280 1844 3333 πολε

249 3371 381 3434 λοῦς
415 3370 524 3424 τῶν
562 3370 778 3424 οἰκείων
814 3370 1106 3425 ἀποϐαλὼν
1146 3370 1484 3441 ὑπενόστησε
1505 3386 1519 3400 ³
1554 3372 1648 3424 καὶ
1680 3373 1710 3424 ὁ
1745 3370 1845 3440 βα-

251 3465 440 3530 σιλεὺς
471 3465 570 3530 τὰς
603 3466 922 3536 Ῥωμαῖκὰς
954 3467 1214 3534 δυνάμεις
1251 3467 1521 3520 πάντοθεν
1554 3464 1844 3533 συναθροί-

254 3574 380 3620 σας,
419 3559 500 3622 είς
543 3557 769 3628 Θρᾴκην
812 3557 968 3620 αὖθις
1008 3556 1222 3626 ἐξῆλθε,
1267 3557 1647 3626 συνεπομένης
1692 3553 1842 3628 αὑτῷ

254 3648 350 3700 καὶ
381 3647 480 3719 τῆς
511 3647 834 3720 Δύγούστης
874 3647 1004 3718 ἄχρι
1037 3647 1146 3699 τῶν
1177 3646 1486 3716 Κηδὸκτου.
1515 3645 1682 3701 Ὅθεν
1713 3647 1841 3701 δυσ-

252 3735 495 3808 χεράναν
531 3737 594 3790 τὸ
637 3737 1063 3809 στρατιωτικὸν,
1099 3735 1420 3806 ἐλοιδορεῖτο
1456 3737 1535 3808 τῷ
1573 3737 1843 3808 αὐτοκρά-

252 3845 407 3899 τορι,
438 3822 558 3881 εἷτα
587 3829 621 3899 ή
654 3827 753 3899 μὲν
783 3827 1072 3898 Αὕγουστα
1100 3827 1522 3898 ἐπανελήλυθεν.
1558 3829 1618 3882 '0
1649 3829 1706 3882 δὲ
1737 3831 1845 3883 Μι-

251 3921 396 3992 χαὴλ
446 3921 764 3991 περιεπόλει
813 3924 914 3990 τὴν
961 3922 1214 3993 Θρᾴκην,
1269 3921 1436 3991 μηδέν
1481 3939 1535 3976 τι
1585 3923 1841 3993 πράττων

253 4012 652 4082 στρατηγικὸν,
685 4013 718 4082 ἡ
749 4030 800 4066 τι
833 4013 976 4067 κατὰ
1005 4013 1116 4066 τῶν
1149 4013 1412 4066 ἐναντίων
1441 4014 1838 4084 οἰκονομούμε-

249 4119 379 4167 νος·
419 4103 514 4156 καὶ
549 4099 691 4176 ἦσαν
725 4107 838 4168 τοῖς
873 4106 973 4174 τῆς
1011 4104 1195 4176 χώρας
1237 4107 1522 4176 οἰκήτορσι
1557 4107 1626 4160 τὰ
1669 4124 1838 4180 στραο

1945 2997 2070 3052 dam
2115 2999 2351 3069 captivis
2396 2999 2701 3065 didicisset,
2749 2999 2892 3054 velle
2933 2999 3197 3064 Crumum
3236 3002 3529 3060 Thraciam

1947 3090 2238 3160 populari,
2301 3089 2497 3145 urbem
2560 3107 2816 3160 egressus
2867 3100 2972 3147 cst.
3030 3091 3310 3150 Barbarus
3360 3095 3531 3167 igitur

1945 3184 2162 3239 omissis
2192 3184 2310 3242 suis
2348 3183 2676 3250 conatibus,
2713 3184 3011 3254 multisque
3053 3199 3278 3240 suorum
3313 3187 3530 3242 amissis

1943 3275 2221 3330 recessit:
2267 3284 2326 3330 et
2370 3275 2674 3346 imperator
2727 3276 2994 3332 Romanis
3047 3277 3224 3349 copiis
3283 3279 3530 3349 undique

1943 3368 2224 3423 accersitis
2257 3383 2448 3425 rursus
2481 3371 2536 3423 in
2564 3368 2856 3424 Thraciam
2890 3369 3052 3438 abiit,
3086 3371 3253 3426 etiam
3282 3371 3531 3445 Augusta

1943 3457 2010 3511 ad
2040 3458 2346 3514 Cedoctum
2382 3475 2556 3530 usque
2590 3462 2890 3516 comitante
2919 3479 2934 3516 :
2969 3461 3120 3532 quod
3153 3463 3353 3530 milites
3383 3479 3539 3534 aggre-

1941 3548 2226 3617 ferentes,
2287 3551 2609 3620 imperatori
2643 3553 3129 3628 conviciabantur.
3173 3554 3384 3610 Deinde
3435 3557 3528 3612 illi:

1942 3637 2166 3694 domum
2193 3638 2381 3705 rediit,
2406 3640 2644 3720 Michael
2674 3627 2811 3697 vero
2837 3641 3134 3698 Thraciam
3165 3645 3323 3708 obiit,
3347 3661 3530 3716 neque

1942 3734 2244 3805 quidquam
2285 3733 2426 3790 duce
2453 3735 2709 3806 dignum,
2734 3743 2832 3790 aut
2871 3735 3132 3792 hostibus
3161 3736 3340 3792 fraudi
3375 3738 3528 3794 futu-

1942 3841 2065 3879 rum
2097 3825 2246 3898 egit,
2290 3825 2624 3896 fueruntque
2671 3827 2918 3898 legiones
2960 3828 3396 3898 provincialibus
3421 3847 3530 3886 non

1943 3915 2127 3972 minus
2169 3917 2367 3985 praedae
2414 3931 2578 3988 quam
2617 3917 2872 3974 Barbari.
2899 3917 3020 3974 tSad
3052 3928 3107 3974 et
3133 3917 3374 3975 Crumus
3411 3922 3532 3978 suis

1942 4008 2170 4062 sedibus
2208 4008 2434 4074 relictis,
2462 4017 2644 4064 castra
2673 4025 2704 4064 e
2743 4009 2967 4078 regione
2993 4009 3340 4088 imperatorii
3367 4026 3530 4068 exer-

1942 4102 2084 4154 citus
2102 4100 2310 4169 posuit,
2334 4101 2732 4171 commissaque
2753 4118 2939 4174 pugna-
2968 4103 3200 4158 Romani
3225 4105 3532 4160 succubue—

249 4193 500 4262 τεὺματα
545 4196 643 4266 οὐχ
686 4191 848 4269 ἧττον
893 4197 1003 4251 τῶν
1050 4196 1355 4268 Βαρϐάρων
1400 4199 1481 4261 είς
1532 4199 1833 4272 προνομήν.

1942 4201 2093 4258 runt,
2121 4193 2278 4248 ducis
2317 4193 2680 4249 Orientalium
2712 4195 3000 4264 copiarum
3037 4195 3242 4250 Leonis
3277 4197 3532 4254 Armenii

250 4285 366 4339 Καὶ
401 4286 430 4339 ό
473 4284 729 4356 Κροῦμος
762 4287 823 4340 δέ
857 4286 964 4340 τῶν
999 4287 1217 4342 οἰκείων
1255 4289 1476 4360 ἀπάρας
1509 4289 1678 4360 ἠθῶν,
1711 4295 1833 4355 ταῖς

1938 4285 2118 4355 culpa,
2158 4286 2255 4355 qui
2294 4285 2511 4356 imperii
2546 4287 2807 4356 cupidus,
2845 4287 3166 4344 Michaelem
3194 4289 3336 4359 apud
3367 4305 3531 4345 exer.

251 4374 560 4446 βασιλικαῖς
593 4378 1241 4448 παρεστρατοπεδεύσατο
1269 4379 1479 4447 τάξεσι.
1513 4381 1710 4454 Μάχης
1739 4377 1833 4438 οὖν

1938 4379 2111 4434 citum
2152 4379 2310 4434 initio
2343 4395 2540 4450 pugna:
2579 4387 2641 4435 ut
2677 4379 3057 4436 effeminatum
3092 4391 3150 4435 et
3195 4381 3274 4436 rei
3317 4380 3528 4438 bellicas

251 4468 726 4539 συγκροτηθείσης
761 4470 1032 4536 ἡττῶνται
1064 4472 1362 4541 Ῥωμαῖοι,
1394 4472 1489 4527 τοῦ
1523 4475 1833 4544 στρατηγοῦ

1939 4469 2260 4540 imperitum
2321 4470 2726 4536 calumniatus,
2775 4487 2908 4529 suas
2959 4472 3208 4543 legiones
3261 4488 3322 4529 se
3369 4476 3525 4544 sequi

248 4558 360 4610 τῶν
394 4557 757 4614 Ἀνατολικῶν
787 4559 899 4626 (82)
931 4559 1106 4613 αἰτίου
1137 4563 1236 4631 τῆς
1265 4561 1436 4634 ἥττης
1466 4563 1833 4634 γεγενημένου

1938 4557 2121 4629 jussit,
2151 4561 2496 4632 desertisque
2528 4561 2818 4618 ordinibus
2849 4563 3032 4635 fugam
3073 4566 3254 4634 cepit;
3288 4565 3357 4620 id.
3375 4565 3532 4636 quod

251 4650 478 4715 Λέοντος
507 4651 602 4705 τοῦ
636 4651 694 4716 ἐξ
724 4653 1044 4722 Ἀρμενίων.
1076 4644 1250 4716 Οὗτος
1285 4653 1394 4724 γὰρ
1425 4653 1526 4723 τῆς
1560 4655 1833 4726 βασιλείας

1943 4652 2086 4709 alios
2124 4667 2345 4725 quoque
2383 4656 2439 4709 in
2470 4655 2654 4724 fugam
2693 4657 2890 4722 vertit,
2931 4657 3070 4714 adeo
3102 4665 3167 4712 ut
3201 4659 3444 4714 Crumus
3471 4658 3523 4712 id

252 4741 398 4815 ἐρῶν
427 4741 559 4815 (83),
590 4742 684 4796 καὶ
711 4743 848 4814 πρὸς
873 4742 971 4814 τὴν
1000 4743 1261 4814 στρατιάν
1284 4744 1586 4799 διαϐάλλων
1613 4747 1706 4801 τὸν
1733 4749 1833 4802 Μι-

1944 4760 2056 4800 non
2111 4746 2365 4804 crederet
2409 4749 2483 4804 ob
2529 4749 2970 4817 absurditatem,
3019 4759 3083 4808 et
3121 4751 3360 4807 insidias
3397 4765 3523 4806 esse

249 4835 413 4906 χαὴλ,
448 4835 525 4900 ὼς
563 4835 825 4909 ἄνανδρόν
859 4852 922 4888 τε
960 4837 1055 4889 καὶ
1094 4837 1534 4909 ἀστρατήγητον,
1573 4838 1699 4910 ὄρει
1737 4841 1833 4895 τοῦ

1944 4847 2130 4903 ratus,
2169 4855 2301 4896 suos
2327 4842 2660 4898 contineret.
2691 4842 2764 4900 Ut
2791 4851 2978 4899 autem
3010 4843 3301 4898 Romanos.
3316 4848 3524 4898 temere

250 4928 493 4998 πολέμου
520 4927 1002 4999 συγκροτηθέντος,
1031 4927 1101 4981 τά
1127 4928 1397 4983 ὑπἀὑτδν
1419 4930 1680 5000 τάγματα
1704 4931 1834 4986 ἕπεο

1938 4931 2227 5004 εὕυεειιιιο
2274 4933 2463 5006 fugere
2507 4935 2679 5002 vidit,
2727 4944 2860 4992 tunc
2909 4935 3039 4991 suis
3071 4933 3282 5004 insequi
3327 4933 3520 5007 iussis,

1437 5089 1638 5152 Varia;
1669 5089 1977 5154 lectiones
2016 5096 2079 5154 et
2123 5099 2317 5156 notae.

328 5233 442 5318 (32‘)
474 5227 814 5318 Στρατηγοζὶ
855 5234 1716 5318 rdirdraco.1mér._“aliane

253 5307 519 5378 guitatein
555 5308 828 5378 eXpressit
855 5308 1100 5378 lgnatius
1123 5307 1391 5364 diaconus
1423 5309 1476 5361 in
1501 5308 1621 5364 Vita
1645 5307 1700 5363 S.
1728 5307 1832 5378 Ni-

251 5374 483 5442 cephori
510 5374 646 5445 patr.
687 5374 1166 5448 Consta‘ntinopol.
1201 5395 1257 5432 n.
1286 5380 1379 5442 31,
1422 5379 1516 5434 ubi
1541 5379 1609 5433 de
1635 5377 1829 5432 eodem

251 5443 440 5499 Leone
493 5463 506 5499 :
559 5447 666 5499 Καὶ
694 5446 803 5502 γὰο
854 5447 943 5501 ὑπ’
980 5447 1146 5500 αὑτοῦ
1176 5447 1505 5502 δημαγωγὸς
1552 5447 1646 5502 τοῦ
1683 5448 1829 5502 ποώ-

283 5463 440 5499 .eone
493 5463 506 5499 2
559 5463 666 5499 λαι
694 5463 803 5502 γαρ
854 5463 941 5501 υπ
980 5463 1146 5500 αυτου
1176 5463 1505 5502 δημαγωγοί
1552 5465 1646 5502 του
1683 5463 1832 5502 ποω-

251 5465 440 5499 ιιευιιε
493 5465 506 5499 :
559 5465 666 5499 nat
694 5465 803 5518 γαρ
854 5465 928 5501 υπ
980 5465 1146 5500 αυτου
1176 5465 1505 5519 οημαγωγος
1552 5465 1646 5502 του
1683 5466 1831 5518 πρω-

251 5530 352 5588 gon
380 5515 714 5588 ⁸καταλόγου
758 5517 859 5587 τῆς
906 5517 1312 5588 στρατιωτικῆς
1367 5521 1475 5573 τῶν
1513 5519 1831 5586 λεγομένων

253 5584 508 5658 θεμάτων
572 5584 870 5658 καθίστατο
931 5584 1233 5658 φάλαγγος.
1267 5584 1515 5645 Primum
1554 5584 1702 5644 enim
1755 5606 1823 5644 ex

257 5654 617 5728 thematibus
651 5654 1000 5713 ’Δνατολικδν
1070 5654 1198 5722 fuit,
1267 5670 1324 5716 ut
1364 5669 1450 5716 est
1493 5660 1638 5728 apud
1677 5659 1826 5715 Con-

255 5725 556 5782 stantinum
605 5727 806 5798 Porph.
862 5730 936 5786 lib
1001 5748 1034 5787 ι..
1095 5730 1169 5785 De
1214 5730 1446 5788 T/icmat.
1494 5725 1664 5802 Cujus
1713 5745 1824 5802 prin

1933 5241 2152 5297 caeteris
2199 5239 2454 5295 meminit
2498 5249 2694 5294 auctor
2725 5237 2861 5292 Vita:
2911 5236 2971 5293 S.
3013 5235 3220 5294 Nicolai
3263 5239 3518 5305 Studitia,

1935 5327 1990 5382 p.
2037 5313 2164 5368 907.
2197 5311 2558 5382 ,Nicephorus
2597 5308 3117 5382 constantinopolit.
3162 5309 3220 5363 in
3264 5309 3515 5382 Bremp.

1936 5378 2060 5445 184,
2095 5399 2110 5438 t
2144 5381 2247 5452 ed.
2295 5378 2437 5452 Πρὸς
2465 5381 2544 5452 ἰςῇΔ
2582 5378 2756 5452 χώραΔ
2786 5378 3171 5452 Ἀνατολικῶν*
3205 5378 3518 5452 καλουμένῃ

1929 5453 2115 5579 ﬂuxa;
2169 5447 2359 5573 tigldSs'
2408 5447 2611 5504 ἀπιών.
2658 5447 2795 5503 Vide
2845 5449 3101 5505 eumdem
3135 5447 3405 5506 Zonaram
3458 5447 3516 5506 in

1982 5538 2180 5577 omano
2259 5535 2474 5579 ιοιῐθιιε.

1953 5527 2180 5578 {omano
2211 5527 2474 5590 Diogene.

2004 5593 2118 5664 (83)
2159 5587 2348 5664 Οὗτος
2379 5589 2488 5658 γὰρ
2538 5589 2649 5664 τῇς
2683 5589 3010 5664 βασιλείας
3051 5590 3226 5664 ἐρῶν.
3272 5589 3525 5662 ldipsum

1932 5661 2137 5722 narrat.
2162 5661 2400 5730 scriptor
2428 5675 2532 5716 ms.
2567 5661 2702 5718 Vita:
2731 5661 2785 5718 S.
2817 5661 3114 5718 Joaniiicii.
