  <div class='ocr_page' id='page_1' title='image "/cluster/home/n/w/nwhite01/storage/ocr_20150623/134/mdp.39015032023197/693.png"; bbox 0 0 3994 6246; ppageno 0'>
   <div class='ocr_carea' id='block_1_1' title="bbox 439 321 578 390">
    <p class='ocr_par' dir='ltr' id='par_1_1' title="bbox 439 321 578 390">
     <span class='ocr_line' id='line_1_1' title="bbox 439 321 578 390; baseline -0.029 0"><span class='ocrx_word' id='word_1_1' title='bbox 439 321 578 390; x_wconf 76' lang='lat' dir='ltr'><strong>i371</strong></span> 
     </span>
    </p>
   </div>
   <div class='ocr_carea' id='block_1_2' title="bbox 1718 319 2404 384">
    <p class='ocr_par' dir='ltr' id='par_1_2' title="bbox 1718 319 2404 384">
     <span class='ocr_line' id='line_1_2' title="bbox 1718 319 2404 384; baseline -0.004 -1"><span class='ocrx_word' id='word_1_2' title='bbox 1718 320 2043 384; x_wconf 84' lang='lat' dir='ltr'><strong>JOANNIS</strong></span> <span class='ocrx_word' id='word_1_3' title='bbox 2081 319 2404 383; x_wconf 72' lang='lat' dir='ltr'><strong>ZONARIE</strong></span> 
     </span>
    </p>
   </div>
   <div class='ocr_carea' id='block_1_3' title="bbox 3574 326 3715 391">
    <p class='ocr_par' dir='ltr' id='par_1_3' title="bbox 3574 326 3715 391">
     <span class='ocr_line' id='line_1_3' title="bbox 3574 326 3715 391; baseline -0.014 -1"><span class='ocrx_word' id='word_1_4' title='bbox 3574 326 3715 391; x_wconf 68' lang='lat'><strong>1372</strong></span> 
     </span>
    </p>
   </div>
   <div class='ocr_carea' id='block_1_4' title="bbox 436 433 2023 514">
    <p class='ocr_par' dir='ltr' id='par_1_4' title="bbox 436 433 2018 507">
     <span class='ocr_line' id='line_1_4' title="bbox 436 433 2018 507; baseline -0.001 -15"><span class='ocrx_word' id='word_1_5' title='bbox 436 439 576 493; x_wconf 76' lang='lat' dir='ltr'><strong>dolo</strong></span> <span class='ocrx_word' id='word_1_6' title='bbox 614 449 929 506; x_wconf 70' lang='lat' dir='ltr'><strong>aggressus,</strong></span> <span class='ocrx_word' id='word_1_7' title='bbox 976 443 1166 490; x_wconf 87' lang='lat' dir='ltr'><strong>monet</strong></span> <span class='ocrx_word' id='word_1_8' title='bbox 1213 443 1274 492; x_wconf 84' lang='lat' dir='ltr'><strong>ut</strong></span> <span class='ocrx_word' id='word_1_9' title='bbox 1316 433 1596 507; x_wconf 76' lang='lat' dir='ltr'><strong>negotium</strong></span> <span class='ocrx_word' id='word_1_10' title='bbox 1631 451 1754 492; x_wconf 88' lang='lat' dir='ltr'><strong>cum</strong></span> <span class='ocrx_word' id='word_1_11' title='bbox 1784 438 2018 506; x_wconf 79' lang='lat' dir='ltr'><strong>quodam</strong></span> 
     </span>
    </p>
   </div>
   <div class='ocr_carea' id='block_1_5' title="bbox 2127 433 3713 514">
    <p class='ocr_par' dir='ltr' id='par_1_5' title="bbox 2127 435 3713 514">
     <span class='ocr_line' id='line_1_5' title="bbox 2127 435 3713 514; baseline 0.004 -25"><span class='ocrx_word' id='word_1_12' title='bbox 2127 435 2407 504; x_wconf 82' lang='grc' dir='ltr'><strong>βασιλείας</strong></span> <span class='ocrx_word' id='word_1_13' title='bbox 2429 436 2650 491; x_wconf 75' lang='grc' dir='ltr'><strong>ἔσεσθαι</strong></span> <span class='ocrx_word' id='word_1_14' title='bbox 2674 437 2972 510; x_wconf 62' lang='grc' dir='ltr'><strong>ἐγκρατὴς,</strong></span> <span class='ocrx_word' id='word_1_15' title='bbox 2997 440 3398 512; x_wconf 76' lang='grc' dir='ltr'><strong>προηγόρευσε,</strong></span> <span class='ocrx_word' id='word_1_16' title='bbox 3422 442 3520 512; x_wconf 79' lang='grc' dir='ltr'><strong>τῆς</strong></span> <span class='ocrx_word' id='word_1_17' title='bbox 3544 447 3713 514; x_wconf 75' lang='grc' dir='ltr'><strong>προρο</strong></span> 
     </span>
    </p>
   </div>
   <div class='ocr_carea' id='block_1_6' title="bbox 439 526 2018 598">
    <p class='ocr_par' dir='ltr' id='par_1_6' title="bbox 439 526 2018 598">
     <span class='ocr_line' id='line_1_6' title="bbox 439 526 2018 598; baseline 0.001 -16"><span class='ocrx_word' id='word_1_18' title='bbox 439 528 761 594; x_wconf 73' lang='lat' dir='ltr'><strong>nmmoho,</strong></span> <span class='ocrx_word' id='word_1_19' title='bbox 801 543 966 598; x_wconf 75' lang='lat' dir='ltr'><strong>quem</strong></span> <span class='ocrx_word' id='word_1_20' title='bbox 1013 526 1262 598; x_wconf 85' lang='lat' dir='ltr'><strong>ejusdem</strong></span> <span class='ocrx_word' id='word_1_21' title='bbox 1317 543 1506 585; x_wconf 86' lang='lat' dir='ltr'><strong>secum</strong></span> <span class='ocrx_word' id='word_1_22' title='bbox 1565 529 1846 598; x_wconf 80' lang='lat' dir='ltr'><strong>Opinionis</strong></span> <span class='ocrx_word' id='word_1_23' title='bbox 1894 543 2018 584; x_wconf 87' lang='lat' dir='ltr'><strong>esse</strong></span> 
     </span>
    </p>
   </div>
   <div class='ocr_carea' id='block_1_7' title="bbox 437 619 2020 690">
    <p class='ocr_par' dir='ltr' id='par_1_7' title="bbox 437 619 2020 690">
     <span class='ocr_line' id='line_1_7' title="bbox 437 619 2020 690; baseline 0.001 -16"><span class='ocrx_word' id='word_1_24' title='bbox 437 631 619 684; x_wconf 87' lang='lat' dir='ltr'><strong>norat,</strong></span> <span class='ocrx_word' id='word_1_25' title='bbox 667 619 1060 686; x_wconf 88' lang='lat' dir='ltr'><strong>communicet,</strong></span> <span class='ocrx_word' id='word_1_26' title='bbox 1083 629 1142 674; x_wconf 88' lang='lat' dir='ltr'><strong>et</strong></span> <span class='ocrx_word' id='word_1_27' title='bbox 1186 620 1335 690; x_wconf 91' lang='lat' dir='ltr'><strong>quod</strong></span> <span class='ocrx_word' id='word_1_28' title='bbox 1383 620 1476 675; x_wconf 90' lang='lat' dir='ltr'><strong>ille</strong></span> <span class='ocrx_word' id='word_1_29' title='bbox 1521 620 1816 675; x_wconf 86' lang='lat' dir='ltr'><strong>suassisset</strong></span> <span class='ocrx_word' id='word_1_30' title='bbox 1859 633 2020 675; x_wconf 76' lang='lat' dir='ltr'><strong>exse-</strong></span> 
     </span>
    </p>
   </div>
   <div class='ocr_carea' id='block_1_8' title="bbox 437 713 2021 784">
    <p class='ocr_par' dir='ltr' id='par_1_8' title="bbox 437 713 2021 784">
     <span class='ocr_line' id='line_1_8' title="bbox 437 713 2021 784; baseline 0 -17"><span class='ocrx_word' id='word_1_31' title='bbox 437 725 750 780; x_wconf 83' lang='lat' dir='ltr'><strong>queretur:</strong></span> <span class='ocrx_word' id='word_1_32' title='bbox 786 713 969 767; x_wconf 89' lang='lat' dir='ltr'><strong>virum</strong></span> <span class='ocrx_word' id='word_1_33' title='bbox 1023 715 1170 768; x_wconf 91' lang='lat' dir='ltr'><strong>enim</strong></span> <span class='ocrx_word' id='word_1_34' title='bbox 1213 730 1342 769; x_wconf 90' lang='lat' dir='ltr'><strong>eum</strong></span> <span class='ocrx_word' id='word_1_35' title='bbox 1389 713 1612 784; x_wconf 85' lang='lat' dir='ltr'><strong>plenum</strong></span> <span class='ocrx_word' id='word_1_36' title='bbox 1673 728 1800 768; x_wconf 90' lang='lat' dir='ltr'><strong>esse</strong></span> <span class='ocrx_word' id='word_1_37' title='bbox 1847 713 2021 783; x_wconf 79' lang='lat' dir='ltr'><strong>gratia</strong></span> 
     </span>
    </p>
   </div>
   <div class='ocr_carea' id='block_1_9' title="bbox 446 805 2016 877">
    <p class='ocr_par' dir='ltr' id='par_1_9' title="bbox 446 805 2016 877">
     <span class='ocr_line' id='line_1_9' title="bbox 446 805 2016 877; baseline -0.001 -18"><span class='ocrx_word' id='word_1_38' title='bbox 446 805 704 874; x_wconf 73' lang='lat' dir='ltr'><strong>Spiritus.</strong></span> <span class='ocrx_word' id='word_1_39' title='bbox 733 820 797 859; x_wconf 89' lang='lat' dir='ltr'><strong>ac</strong></span> <span class='ocrx_word' id='word_1_40' title='bbox 826 820 918 859; x_wconf 84' lang='lat' dir='ltr'><strong>res</strong></span> <span class='ocrx_word' id='word_1_41' title='bbox 948 805 1158 861; x_wconf 87' lang='lat' dir='ltr'><strong>futuras</strong></span> <span class='ocrx_word' id='word_1_42' title='bbox 1186 815 1243 861; x_wconf 89' lang='lat' dir='ltr'><strong>et</strong></span> <span class='ocrx_word' id='word_1_43' title='bbox 1283 806 1585 877; x_wconf 68' lang='lat' dir='ltr'><strong>praevidere</strong></span> <span class='ocrx_word' id='word_1_44' title='bbox 1613 813 1670 862; x_wconf 87' lang='lat' dir='ltr'><strong>et</strong></span> <span class='ocrx_word' id='word_1_45' title='bbox 1699 806 2016 876; x_wconf 72' lang='lat' dir='ltr'><strong>pmdicere.</strong></span> 
     </span>
    </p>
   </div>
   <div class='ocr_carea' id='block_1_10' title="bbox 439 897 2020 967">
    <p class='ocr_par' dir='ltr' id='par_1_10' title="bbox 439 897 2020 967">
     <span class='ocr_line' id='line_1_10' title="bbox 439 897 2020 967; baseline 0.001 -17"><span class='ocrx_word' id='word_1_46' title='bbox 439 899 678 951; x_wconf 80' lang='lat' dir='ltr'><strong>Assenso</strong></span> <span class='ocrx_word' id='word_1_47' title='bbox 725 897 1096 966; x_wconf 88' lang='lat' dir='ltr'><strong>imperatore,</strong></span> <span class='ocrx_word' id='word_1_48' title='bbox 1144 898 1473 953; x_wconf 89' lang='lat' dir='ltr'><strong>monachum</strong></span> <span class='ocrx_word' id='word_1_49' title='bbox 1524 898 1805 962; x_wconf 85' lang='lat' dir='ltr'><strong>convenit,</strong></span> <span class='ocrx_word' id='word_1_50' title='bbox 1857 897 2020 967; x_wconf 79' lang='lat'><strong>130</strong></span> 
     </span>
    </p>
   </div>
   <div class='ocr_carea' id='block_1_11' title="bbox 439 988 2022 1059">
    <p class='ocr_par' dir='ltr' id='par_1_11' title="bbox 439 988 2022 1059">
     <span class='ocr_line' id='line_1_11' title="bbox 439 988 2022 1059; baseline 0 -16"><span class='ocrx_word' id='word_1_51' title='bbox 439 990 828 1056; x_wconf 82' lang='lat' dir='ltr'><strong>imperatorem</strong></span> <span class='ocrx_word' id='word_1_52' title='bbox 858 988 1048 1044; x_wconf 88' lang='lat' dir='ltr'><strong>habitu</strong></span> <span class='ocrx_word' id='word_1_53' title='bbox 1076 989 1270 1059; x_wconf 83' lang='lat' dir='ltr'><strong>privati</strong></span> <span class='ocrx_word' id='word_1_54' title='bbox 1305 991 1546 1045; x_wconf 85' lang='lat' dir='ltr'><strong>hominis</strong></span> <span class='ocrx_word' id='word_1_55' title='bbox 1571 991 1637 1046; x_wconf 86' lang='lat' dir='ltr'><strong>ad</strong></span> <span class='ocrx_word' id='word_1_56' title='bbox 1666 1005 1793 1046; x_wconf 88' lang='lat' dir='ltr'><strong>eum</strong></span> <span class='ocrx_word' id='word_1_57' title='bbox 1826 1000 2022 1045; x_wconf 88' lang='lat' dir='ltr'><strong>ventu-</strong></span> 
     </span>
    </p>
   </div>
   <div class='ocr_carea' id='block_1_12' title="bbox 442 1078 2021 1150">
    <p class='ocr_par' dir='ltr' id='par_1_12' title="bbox 442 1078 2021 1150">
     <span class='ocr_line' id='line_1_12' title="bbox 442 1078 2021 1150; baseline 0.003 -21"><span class='ocrx_word' id='word_1_58' title='bbox 442 1091 564 1130; x_wconf 88' lang='lat' dir='ltr'><strong>rum</strong></span> <span class='ocrx_word' id='word_1_59' title='bbox 596 1091 720 1132; x_wconf 88' lang='lat' dir='ltr'><strong>esse</strong></span> <span class='ocrx_word' id='word_1_60' title='bbox 752 1078 978 1141; x_wconf 86' lang='lat' dir='ltr'><strong>indicat,</strong></span> <span class='ocrx_word' id='word_1_61' title='bbox 1012 1088 1069 1133; x_wconf 91' lang='lat' dir='ltr'><strong>et</strong></span> <span class='ocrx_word' id='word_1_62' title='bbox 1098 1095 1206 1150; x_wconf 88' lang='lat' dir='ltr'><strong>qua</strong></span> <span class='ocrx_word' id='word_1_63' title='bbox 1233 1081 1405 1149; x_wconf 77' lang='lat' dir='ltr'><strong>gratia</strong></span> <span class='ocrx_word' id='word_1_64' title='bbox 1436 1081 1510 1136; x_wconf 87' lang='lat' dir='ltr'><strong>sit</strong></span> <span class='ocrx_word' id='word_1_65' title='bbox 1539 1091 1829 1144; x_wconf 84' lang='lat' dir='ltr'><strong>venturus,</strong></span> <span class='ocrx_word' id='word_1_66' title='bbox 1867 1095 2021 1150; x_wconf 63' lang='lat' dir='ltr'><strong>quaa-</strong></span> 
     </span>
    </p>
   </div>
   <div class='ocr_carea' id='block_1_13' title="bbox 441 1172 2022 1243">
    <p class='ocr_par' dir='ltr' id='par_1_13' title="bbox 441 1172 2022 1243">
     <span class='ocr_line' id='line_1_13' title="bbox 441 1172 2022 1243; baseline 0.003 -22"><span class='ocrx_word' id='word_1_67' title='bbox 441 1185 551 1238; x_wconf 87' lang='lat' dir='ltr'><strong>que</strong></span> <span class='ocrx_word' id='word_1_68' title='bbox 598 1185 722 1224; x_wconf 83' lang='lat' dir='ltr'><strong>cum</strong></span> <span class='ocrx_word' id='word_1_69' title='bbox 773 1186 844 1226; x_wconf 90' lang='lat' dir='ltr'><strong>eo</strong></span> <span class='ocrx_word' id='word_1_70' title='bbox 896 1172 1216 1227; x_wconf 83' lang='lat' dir='ltr'><strong>disserenda</strong></span> <span class='ocrx_word' id='word_1_71' title='bbox 1260 1175 1372 1228; x_wconf 90' lang='lat' dir='ltr'><strong>sint</strong></span> <span class='ocrx_word' id='word_1_72' title='bbox 1424 1174 1669 1228; x_wconf 86' lang='lat' dir='ltr'><strong>instruit.</strong></span> <span class='ocrx_word' id='word_1_73' title='bbox 1717 1173 2022 1243; x_wconf 82' lang='lat' dir='ltr'><strong>Imperator</strong></span> 
     </span>
    </p>
   </div>
   <div class='ocr_carea' id='block_1_14' title="bbox 444 1262 2024 1336">
    <p class='ocr_par' dir='ltr' id='par_1_14' title="bbox 444 1262 2024 1336">
     <span class='ocr_line' id='line_1_14' title="bbox 444 1262 2024 1336; baseline 0.004 -23"><span class='ocrx_word' id='word_1_74' title='bbox 444 1271 610 1316; x_wconf 89' lang='lat' dir='ltr'><strong>noctu</strong></span> <span class='ocrx_word' id='word_1_75' title='bbox 630 1262 697 1317; x_wconf 89' lang='lat' dir='ltr'><strong>ad</strong></span> <span class='ocrx_word' id='word_1_76' title='bbox 725 1264 1054 1318; x_wconf 88' lang='lat' dir='ltr'><strong>monachum</strong></span> <span class='ocrx_word' id='word_1_77' title='bbox 1085 1266 1221 1329; x_wconf 89' lang='lat' dir='ltr'><strong>abit,</strong></span> <span class='ocrx_word' id='word_1_78' title='bbox 1245 1275 1454 1321; x_wconf 87' lang='lat' dir='ltr'><strong>mutata</strong></span> <span class='ocrx_word' id='word_1_79' title='bbox 1485 1275 1637 1322; x_wconf 86' lang='lat' dir='ltr'><strong>veste</strong></span> <span class='ocrx_word' id='word_1_80' title='bbox 1666 1281 1736 1321; x_wconf 91' lang='lat' dir='ltr'><strong>ne</strong></span> <span class='ocrx_word' id='word_1_81' title='bbox 1756 1281 2024 1336; x_wconf 79' lang='lat' dir='ltr'><strong>agnosce-</strong></span> 
     </span>
    </p>
   </div>
   <div class='ocr_carea' id='block_1_15' title="bbox 443 1356 2021 1424">
    <p class='ocr_par' dir='ltr' id='par_1_15' title="bbox 443 1356 2021 1424">
     <span class='ocr_line' id='line_1_15' title="bbox 443 1356 2021 1424; baseline 0.004 -18"><span class='ocrx_word' id='word_1_82' title='bbox 443 1365 620 1418; x_wconf 81' lang='lat' dir='ltr'><strong>retur,</strong></span> <span class='ocrx_word' id='word_1_83' title='bbox 667 1356 954 1412; x_wconf 83' lang='lat' dir='ltr'><strong>Theodoto</strong></span> <span class='ocrx_word' id='word_1_84' title='bbox 999 1358 1322 1418; x_wconf 83' lang='lat' dir='ltr'><strong>comitante.</strong></span> <span class='ocrx_word' id='word_1_85' title='bbox 1358 1359 1427 1414; x_wconf 87' lang='lat' dir='ltr'><strong>At</strong></span> <span class='ocrx_word' id='word_1_86' title='bbox 1475 1359 1803 1424; x_wconf 85' lang='lat' dir='ltr'><strong>monachus,</strong></span> <span class='ocrx_word' id='word_1_87' title='bbox 1849 1368 1908 1413; x_wconf 90' lang='lat' dir='ltr'><strong>ut</strong></span> <span class='ocrx_word' id='word_1_88' title='bbox 1950 1358 2021 1413; x_wconf 91' lang='lat' dir='ltr'><strong>ab</strong></span> 
     </span>
    </p>
   </div>
   <div class='ocr_carea' id='block_1_16' title="bbox 439 1444 2020 1520">
    <p class='ocr_par' dir='ltr' id='par_1_16' title="bbox 439 1444 2020 1520">
     <span class='ocr_line' id='line_1_16' title="bbox 439 1444 2020 1520; baseline 0.004 -22"><span class='ocrx_word' id='word_1_89' title='bbox 439 1444 536 1499; x_wconf 88' lang='lat' dir='ltr'><strong>illo</strong></span> <span class='ocrx_word' id='word_1_90' title='bbox 570 1447 768 1516; x_wconf 74' lang='lat' dir='ltr'><strong>spiritu</strong></span> <span class='ocrx_word' id='word_1_91' title='bbox 803 1460 1176 1503; x_wconf 88' lang='lat' dir='ltr'><strong>commentum</strong></span> <span class='ocrx_word' id='word_1_92' title='bbox 1211 1452 1472 1517; x_wconf 90' lang='lat' dir='ltr'><strong>edoctus,</strong></span> <span class='ocrx_word' id='word_1_93' title='bbox 1508 1451 1744 1506; x_wconf 86' lang='lat' dir='ltr'><strong>Leonem</strong></span> <span class='ocrx_word' id='word_1_94' title='bbox 1781 1467 1879 1520; x_wconf 88' lang='lat' dir='ltr'><strong>pro</strong></span> <span class='ocrx_word' id='word_1_95' title='bbox 1913 1453 2020 1504; x_wconf 73' lang='lat' dir='ltr'><strong>im-</strong></span> 
     </span>
    </p>
   </div>
   <div class='ocr_carea' id='block_1_17' title="bbox 440 1542 2022 1615">
    <p class='ocr_par' dir='ltr' id='par_1_17' title="bbox 440 1542 2022 1615">
     <span class='ocr_line' id='line_1_17' title="bbox 440 1542 2022 1615; baseline 0.005 -25"><span class='ocrx_word' id='word_1_96' title='bbox 440 1547 699 1607; x_wconf 82' lang='lat' dir='ltr'><strong>peratore</strong></span> <span class='ocrx_word' id='word_1_97' title='bbox 733 1542 934 1595; x_wconf 79' lang='lat' dir='ltr'><strong>salutat</strong></span> <span class='ocrx_word' id='word_1_98' title='bbox 969 1559 980 1594; x_wconf 95' lang='lat'>:</span> <span class='ocrx_word' id='word_1_99' title='bbox 1014 1551 1088 1606; x_wconf 92' lang='lat' dir='ltr'><strong>et,</strong></span> <span class='ocrx_word' id='word_1_100' title='bbox 1130 1544 1230 1610; x_wconf 79' lang='lat' dir='ltr'><strong>Ne,</strong></span> <span class='ocrx_word' id='word_1_101' title='bbox 1266 1544 1460 1613; x_wconf 86' lang='lat' dir='ltr'><strong>inquit,</strong></span> <span class='ocrx_word' id='word_1_102' title='bbox 1502 1546 1838 1615; x_wconf 77' lang='lat' dir='ltr'><strong>majestatem</strong></span> <span class='ocrx_word' id='word_1_103' title='bbox 1873 1552 2022 1598; x_wconf 81' lang='lat' dir='ltr'><strong>luam</strong></span> 
     </span>
    </p>
   </div>
   <div class='ocr_carea' id='block_1_18' title="bbox 442 1629 2023 1704">
    <p class='ocr_par' dir='ltr' id='par_1_18' title="bbox 442 1629 2023 1704">
     <span class='ocr_line' id='line_1_18' title="bbox 442 1629 2023 1704; baseline 0.006 -23"><span class='ocrx_word' id='word_1_104' title='bbox 442 1629 667 1692; x_wconf 71' lang='lat' dir='ltr'><strong>celaris,</strong></span> <span class='ocrx_word' id='word_1_105' title='bbox 721 1649 889 1702; x_wconf 82' lang='lat' dir='ltr'><strong>neque</strong></span> <span class='ocrx_word' id='word_1_106' title='bbox 930 1637 1198 1704; x_wconf 81' lang='lat' dir='ltr'><strong>imponere</strong></span> <span class='ocrx_word' id='word_1_107' title='bbox 1239 1636 1367 1690; x_wconf 78' lang='lat' dir='ltr'><strong>velis</strong></span> <span class='ocrx_word' id='word_1_108' title='bbox 1408 1645 1603 1690; x_wconf 68' lang='lat' dir='ltr'><strong>nostra:</strong></span> <span class='ocrx_word' id='word_1_109' title='bbox 1648 1637 1842 1691; x_wconf 71' lang='lat' dir='ltr'><strong>vilitati</strong></span> <span class='ocrx_word' id='word_1_110' title='bbox 1867 1652 1886 1689; x_wconf 88' lang='lat'><strong><em>:</em></strong></span> <span class='ocrx_word' id='word_1_111' title='bbox 1929 1637 2023 1690; x_wconf 78' lang='lat' dir='ltr'><strong>sed</strong></span> 
     </span>
    </p>
   </div>
   <div class='ocr_carea' id='block_1_19' title="bbox 439 1720 2021 1797">
    <p class='ocr_par' dir='ltr' id='par_1_19' title="bbox 439 1720 2021 1797">
     <span class='ocr_line' id='line_1_19' title="bbox 439 1720 2021 1797; baseline 0.007 -25"><span class='ocrx_word' id='word_1_112' title='bbox 439 1720 572 1773; x_wconf 73' lang='lat' dir='ltr'><strong>scito</strong></span> <span class='ocrx_word' id='word_1_113' title='bbox 595 1732 644 1774; x_wconf 84' lang='lat' dir='ltr'><strong>te</strong></span> <span class='ocrx_word' id='word_1_114' title='bbox 669 1727 734 1775; x_wconf 85' lang='lat' dir='ltr'><strong>de</strong></span> <span class='ocrx_word' id='word_1_115' title='bbox 763 1727 1015 1794; x_wconf 76' lang='lat' dir='ltr'><strong>religione</strong></span> <span class='ocrx_word' id='word_1_116' title='bbox 1044 1744 1318 1797; x_wconf 82' lang='lat' dir='ltr'><strong>perperam</strong></span> <span class='ocrx_word' id='word_1_117' title='bbox 1346 1729 1559 1790; x_wconf 75' lang='lat' dir='ltr'><strong>sentire,</strong></span> <span class='ocrx_word' id='word_1_118' title='bbox 1586 1737 1634 1781; x_wconf 84' lang='lat' dir='ltr'><strong>et</strong></span> <span class='ocrx_word' id='word_1_119' title='bbox 1661 1729 1823 1797; x_wconf 83' lang='lat' dir='ltr'><strong>plane</strong></span> <span class='ocrx_word' id='word_1_120' title='bbox 1851 1730 2021 1782; x_wconf 76' lang='lat' dir='ltr'><strong>simu-</strong></span> 
     </span>
    </p>
   </div>
   <div class='ocr_carea' id='block_1_20' title="bbox 2128 530 3715 603">
    <p class='ocr_par' dir='ltr' id='par_1_20' title="bbox 2128 530 3715 603">
     <span class='ocr_line' id='line_1_20' title="bbox 2128 530 3715 603; baseline 0.004 -21"><span class='ocrx_word' id='word_1_121' title='bbox 2128 532 2338 601; x_wconf 84' lang='grc' dir='ltr'><strong>ρήσεως</strong></span> <span class='ocrx_word' id='word_1_122' title='bbox 2366 530 2657 594; x_wconf 79' lang='grc' dir='ltr'><strong>ἀποτιννὺς</strong></span> <span class='ocrx_word' id='word_1_123' title='bbox 2685 531 2942 602; x_wconf 76' lang='grc' dir='ltr'><strong>ἀμοιϐὴν,</strong></span> <span class='ocrx_word' id='word_1_124' title='bbox 2973 531 3125 603; x_wconf 88' lang='grc' dir='ltr'><strong>δῶρα</strong></span> <span class='ocrx_word' id='word_1_125' title='bbox 3149 534 3428 602; x_wconf 75' lang='grc' dir='ltr'><strong>ἐκπέμπει</strong></span> <span class='ocrx_word' id='word_1_126' title='bbox 3457 535 3548 588; x_wconf 80' lang='grc' dir='ltr'><strong>διά</strong></span> <span class='ocrx_word' id='word_1_127' title='bbox 3571 553 3715 599; x_wconf 80' lang='grc' dir='ltr'><strong>τινος</strong></span> 
     </span>
    </p>
   </div>
   <div class='ocr_carea' id='block_1_21' title="bbox 2122 621 3716 695">
    <p class='ocr_par' dir='ltr' id='par_1_21' title="bbox 2122 621 3716 695">
     <span class='ocr_line' id='line_1_21' title="bbox 2122 621 3716 695; baseline 0.004 -21"><span class='ocrx_word' id='word_1_128' title='bbox 2122 622 2232 675; x_wconf 88' lang='grc' dir='ltr'><strong>τῶν</strong></span> <span class='ocrx_word' id='word_1_129' title='bbox 2264 621 2619 678; x_wconf 71' lang='grc' dir='ltr'><strong>οἰκειοτάτων</strong></span> <span class='ocrx_word' id='word_1_130' title='bbox 2651 623 2821 694; x_wconf 83' lang='grc' dir='ltr'><strong>αὐτῷ.</strong></span> <span class='ocrx_word' id='word_1_131' title='bbox 2860 623 2919 678; x_wconf 87' lang='grc' dir='ltr'>Ὀ</span> <span class='ocrx_word' id='word_1_132' title='bbox 2961 625 3018 678; x_wconf 80' lang='grc' dir='ltr'><strong>δὲ</strong></span> <span class='ocrx_word' id='word_1_133' title='bbox 3061 625 3339 695; x_wconf 79' lang='grc' dir='ltr'><strong>πεμφθεὶς</strong></span> <span class='ocrx_word' id='word_1_134' title='bbox 3377 628 3479 680; x_wconf 79' lang='grc' dir='ltr'><strong>οὐκ</strong></span> <span class='ocrx_word' id='word_1_135' title='bbox 3521 627 3716 695; x_wconf 71' lang='grc' dir='ltr'><strong>ἐκείνῳ</strong></span> 
     </span>
    </p>
   </div>
   <div class='ocr_carea' id='block_1_22' title="bbox 2123 715 3715 786">
    <p class='ocr_par' dir='ltr' id='par_1_22' title="bbox 2123 715 3715 786">
     <span class='ocr_line' id='line_1_22' title="bbox 2123 715 3715 786; baseline 0.001 -19"><span class='ocrx_word' id='word_1_136' title='bbox 2123 715 2380 786; x_wconf 69' lang='grc' dir='ltr'><strong>ἐνέτυχεν</strong></span> <span class='ocrx_word' id='word_1_137' title='bbox 2408 715 2570 786; x_wconf 82' lang='grc' dir='ltr'>(ἔφθη</span> <span class='ocrx_word' id='word_1_138' title='bbox 2603 716 2714 786; x_wconf 86' lang='grc' dir='ltr'><strong>γὰρ</strong></span> <span class='ocrx_word' id='word_1_139' title='bbox 2743 718 2770 768; x_wconf 99' lang='lat'><strong>6</strong></span> <span class='ocrx_word' id='word_1_140' title='bbox 2803 716 3038 786; x_wconf 78' lang='grc' dir='ltr'><strong>μοναχὸς</strong></span> <span class='ocrx_word' id='word_1_141' title='bbox 3070 717 3280 781; x_wconf 67' lang='grc' dir='ltr'><strong>έκεῖνος</strong></span> <span class='ocrx_word' id='word_1_142' title='bbox 3310 715 3409 786; x_wconf 81' lang='grc' dir='ltr'><strong>τὴν</strong></span> <span class='ocrx_word' id='word_1_143' title='bbox 3439 715 3588 786; x_wconf 79' lang='grc' dir='ltr'><strong>ζωὴν</strong></span> <span class='ocrx_word' id='word_1_144' title='bbox 3621 734 3715 786; x_wconf 86' lang='grc' dir='ltr'><strong>με-</strong></span> 
     </span>
    </p>
   </div>
   <div class='ocr_carea' id='block_1_23' title="bbox 2122 807 3715 880">
    <p class='ocr_par' dir='ltr' id='par_1_23' title="bbox 2122 807 3715 880">
     <span class='ocr_line' id='line_1_23' title="bbox 2122 807 3715 880; baseline 0.002 -20"><span class='ocrx_word' id='word_1_145' title='bbox 2122 807 2468 878; x_wconf 79' lang='grc' dir='ltr'><strong>ταθέμενος),</strong></span> <span class='ocrx_word' id='word_1_146' title='bbox 2506 809 2693 879; x_wconf 77' lang='grc' dir='ltr'><strong>ἕτερον</strong></span> <span class='ocrx_word' id='word_1_147' title='bbox 2729 807 2841 880; x_wconf 86' lang='grc'><strong>(89)</strong></span> <span class='ocrx_word' id='word_1_148' title='bbox 2877 808 2922 860; x_wconf 80' lang='grc' dir='ltr'><strong>δ’</strong></span> <span class='ocrx_word' id='word_1_149' title='bbox 2947 807 3220 878; x_wconf 82' lang='grc' dir='ltr'><strong>εὑρηκὼς,</strong></span> <span class='ocrx_word' id='word_1_150' title='bbox 3255 812 3321 879; x_wconf 86' lang='grc' dir='ltr'><strong>τῇ</strong></span> <span class='ocrx_word' id='word_1_151' title='bbox 3359 811 3575 863; x_wconf 78' lang='grc' dir='ltr'><strong>ἐκείνου</strong></span> <span class='ocrx_word' id='word_1_152' title='bbox 3613 826 3715 863; x_wconf 83' lang='grc' dir='ltr'><strong>κα-</strong></span> 
     </span>
    </p>
   </div>
   <div class='ocr_carea' id='block_1_24' title="bbox 2121 900 3718 972">
    <p class='ocr_par' dir='ltr' id='par_1_24' title="bbox 2121 900 3718 972">
     <span class='ocr_line' id='line_1_24' title="bbox 2121 900 3718 972; baseline 0 -20"><span class='ocrx_word' id='word_1_153' title='bbox 2121 900 2307 971; x_wconf 77' lang='grc' dir='ltr'><strong>τοικία</strong></span> <span class='ocrx_word' id='word_1_154' title='bbox 2351 901 2744 970; x_wconf 82' lang='grc' dir='ltr'><strong>σκηνούμενον,</strong></span> <span class='ocrx_word' id='word_1_155' title='bbox 2789 901 2867 965; x_wconf 85' lang='grc' dir='ltr'><strong>ὡς</strong></span> <span class='ocrx_word' id='word_1_156' title='bbox 2911 901 3123 970; x_wconf 74' lang='grc' dir='ltr'><strong>ἐκείνῳ,</strong></span> <span class='ocrx_word' id='word_1_157' title='bbox 3170 901 3245 972; x_wconf 84' lang='grc' dir='ltr'><strong>μὴ</strong></span> <span class='ocrx_word' id='word_1_158' title='bbox 3287 901 3580 969; x_wconf 77' lang='grc' dir='ltr'><strong>γινώσκων</strong></span> <span class='ocrx_word' id='word_1_159' title='bbox 3624 901 3718 954; x_wconf 70' lang='grc' dir='ltr'><strong>τὸν</strong></span> 
     </span>
    </p>
   </div>
   <div class='ocr_carea' id='block_1_25' title="bbox 2124 987 3718 1063">
    <p class='ocr_par' dir='ltr' id='par_1_25' title="bbox 2124 987 3718 1063">
     <span class='ocr_line' id='line_1_25' title="bbox 2124 987 3718 1063; baseline 0.001 -21"><span class='ocrx_word' id='word_1_160' title='bbox 2124 989 2316 1060; x_wconf 80' lang='grc' dir='ltr'><strong>ἄνδρα,</strong></span> <span class='ocrx_word' id='word_1_161' title='bbox 2356 989 2532 1060; x_wconf 83' lang='grc' dir='ltr'><strong>τούτῳ</strong></span> <span class='ocrx_word' id='word_1_162' title='bbox 2575 989 2990 1060; x_wconf 86' lang='grc' dir='ltr'><strong>προσεληλύθει.</strong></span> <span class='ocrx_word' id='word_1_163' title='bbox 3026 990 3083 1045; x_wconf 80' lang='grc'><strong>’0</strong></span> <span class='ocrx_word' id='word_1_164' title='bbox 3124 988 3180 1044; x_wconf 82' lang='grc' dir='ltr'><strong>δὲ</strong></span> <span class='ocrx_word' id='word_1_165' title='bbox 3223 987 3312 1063; x_wconf 83' lang='grc' dir='ltr'><strong>(ἦν</strong></span> <span class='ocrx_word' id='word_1_166' title='bbox 3350 992 3460 1060; x_wconf 79' lang='grc' dir='ltr'><strong>γὰρ</strong></span> <span class='ocrx_word' id='word_1_167' title='bbox 3498 992 3568 1045; x_wconf 78' lang='grc' dir='ltr'><strong>τὰ</strong></span> <span class='ocrx_word' id='word_1_168' title='bbox 3607 990 3718 1044; x_wconf 87' lang='grc' dir='ltr'><strong>τῶν</strong></span> 
     </span>
    </p>
   </div>
   <div class='ocr_carea' id='block_1_26' title="bbox 2125 1082 3718 1155">
    <p class='ocr_par' dir='ltr' id='par_1_26' title="bbox 2125 1082 3718 1155">
     <span class='ocr_line' id='line_1_26' title="bbox 2125 1082 3718 1155; baseline 0.001 -20"><span class='ocrx_word' id='word_1_169' title='bbox 2125 1083 2498 1151; x_wconf 81' lang='grc' dir='ltr'><strong>εἰκονομάχων</strong></span> <span class='ocrx_word' id='word_1_170' title='bbox 2528 1082 2872 1151; x_wconf 81' lang='grc' dir='ltr'><strong>πρεσσεύων,</strong></span> <span class='ocrx_word' id='word_1_171' title='bbox 2901 1083 2999 1138; x_wconf 79' lang='grc' dir='ltr'><strong>καὶ</strong></span> <span class='ocrx_word' id='word_1_172' title='bbox 3023 1083 3123 1152; x_wconf 80' lang='grc' dir='ltr'><strong>τῆς</strong></span> <span class='ocrx_word' id='word_1_173' title='bbox 3150 1084 3417 1154; x_wconf 78' lang='grc' dir='ltr'><strong>αἱρέσεως</strong></span> <span class='ocrx_word' id='word_1_174' title='bbox 3448 1085 3718 1155; x_wconf 76' lang='grc' dir='ltr'><strong>διάπυρος</strong></span> 
     </span>
    </p>
   </div>
   <div class='ocr_carea' id='block_1_27' title="bbox 2125 1174 3719 1246">
    <p class='ocr_par' dir='ltr' id='par_1_27' title="bbox 2125 1174 3719 1246">
     <span class='ocr_line' id='line_1_27' title="bbox 2125 1174 3719 1246; baseline 0.002 -20"><span class='ocrx_word' id='word_1_175' title='bbox 2125 1174 2487 1245; x_wconf 84' lang='grc' dir='ltr'><strong>σπουδαστὴς)</strong></span> <span class='ocrx_word' id='word_1_176' title='bbox 2522 1175 2647 1229; x_wconf 75' lang='grc' dir='ltr'><strong>οὔτε</strong></span> <span class='ocrx_word' id='word_1_177' title='bbox 2681 1175 2750 1229; x_wconf 80' lang='grc' dir='ltr'><strong>τὰ</strong></span> <span class='ocrx_word' id='word_1_178' title='bbox 2782 1177 2931 1244; x_wconf 90' lang='grc' dir='ltr'><strong>δῶρα</strong></span> <span class='ocrx_word' id='word_1_179' title='bbox 2968 1177 3305 1246; x_wconf 76' lang='grc' dir='ltr'><strong>προσήκατο,</strong></span> <span class='ocrx_word' id='word_1_180' title='bbox 3341 1176 3437 1230; x_wconf 81' lang='grc' dir='ltr'><strong>καὶ</strong></span> <span class='ocrx_word' id='word_1_181' title='bbox 3467 1177 3561 1230; x_wconf 75' lang='grc' dir='ltr'><strong>τὸν</strong></span> <span class='ocrx_word' id='word_1_182' title='bbox 3593 1178 3719 1230; x_wconf 88' lang='grc' dir='ltr'><strong>τού-</strong></span> 
     </span>
    </p>
   </div>
   <div class='ocr_carea' id='block_1_28' title="bbox 2123 1268 3720 1340">
    <p class='ocr_par' dir='ltr' id='par_1_28' title="bbox 2123 1268 3720 1340">
     <span class='ocr_line' id='line_1_28' title="bbox 2123 1268 3720 1340; baseline 0.001 -20"><span class='ocrx_word' id='word_1_183' title='bbox 2123 1285 2232 1320; x_wconf 88' lang='grc' dir='ltr'><strong>των</strong></span> <span class='ocrx_word' id='word_1_184' title='bbox 2262 1269 2529 1340; x_wconf 75' lang='grc' dir='ltr'><strong>κομιστὴν</strong></span> <span class='ocrx_word' id='word_1_185' title='bbox 2557 1268 2948 1338; x_wconf 76' lang='grc' dir='ltr'><strong>ἀπεπέμψατο,</strong></span> <span class='ocrx_word' id='word_1_186' title='bbox 2977 1270 3034 1334; x_wconf 69' lang='grc' dir='ltr'><strong>ἐξ</strong></span> <span class='ocrx_word' id='word_1_187' title='bbox 3066 1269 3303 1322; x_wconf 83' lang='grc' dir='ltr'><strong>εἰδώλων</strong></span> <span class='ocrx_word' id='word_1_188' title='bbox 3334 1269 3720 1340; x_wconf 68' lang='grc' dir='ltr'><strong>προσκυνητνῶ</strong></span> 
     </span>
    </p>
   </div>
   <div class='ocr_carea' id='block_1_29' title="bbox 2127 1360 3723 1431">
    <p class='ocr_par' dir='ltr' id='par_1_29' title="bbox 2127 1360 3723 1431">
     <span class='ocr_line' id='line_1_29' title="bbox 2127 1360 3723 1431; baseline -0.001 -17"><span class='ocrx_word' id='word_1_189' title='bbox 2127 1361 2202 1430; x_wconf 85' lang='grc' dir='ltr'><strong>μή</strong></span> <span class='ocrx_word' id='word_1_190' title='bbox 2233 1377 2285 1414; x_wconf 87' lang='grc' dir='ltr'><strong>τι</strong></span> <span class='ocrx_word' id='word_1_191' title='bbox 2323 1361 2511 1414; x_wconf 76' lang='grc' dir='ltr'><strong>λαθεῖν</strong></span> <span class='ocrx_word' id='word_1_192' title='bbox 2541 1361 2834 1430; x_wconf 80' lang='grc' dir='ltr'><strong>ἀνέχεσθαι</strong></span> <span class='ocrx_word' id='word_1_193' title='bbox 2868 1360 3110 1431; x_wconf 83' lang='grc' dir='ltr'><strong>φάμενος</strong></span> <span class='ocrx_word' id='word_1_194' title='bbox 3131 1403 3146 1426; x_wconf 91' lang='grc'><strong>,</strong></span> <span class='ocrx_word' id='word_1_195' title='bbox 3179 1365 3274 1414; x_wconf 65' lang='grc' dir='ltr'><strong>καὶ</strong></span> <span class='ocrx_word' id='word_1_196' title='bbox 3306 1362 3404 1426; x_wconf 76' lang='grc' dir='ltr'><strong>τῆς</strong></span> <span class='ocrx_word' id='word_1_197' title='bbox 3440 1362 3723 1431; x_wconf 77' lang='grc' dir='ltr'><strong>βασιλείας</strong></span> 
     </span>
    </p>
   </div>
   <div class='ocr_carea' id='block_1_30' title="bbox 2123 1453 3721 1525">
    <p class='ocr_par' dir='ltr' id='par_1_30' title="bbox 2123 1453 3721 1525">
     <span class='ocr_line' id='line_1_30' title="bbox 2123 1453 3721 1525; baseline 0.001 -19"><span class='ocrx_word' id='word_1_198' title='bbox 2123 1455 2220 1506; x_wconf 73' lang='grc' dir='ltr'><strong>καὶ</strong></span> <span class='ocrx_word' id='word_1_199' title='bbox 2261 1453 2362 1522; x_wconf 83' lang='grc' dir='ltr'><strong>τῆς</strong></span> <span class='ocrx_word' id='word_1_200' title='bbox 2403 1453 2553 1522; x_wconf 78' lang='grc' dir='ltr'><strong>ζωῆς</strong></span> <span class='ocrx_word' id='word_1_201' title='bbox 2599 1454 2687 1506; x_wconf 83' lang='grc' dir='ltr'><strong>διὰ</strong></span> <span class='ocrx_word' id='word_1_202' title='bbox 2738 1455 2969 1525; x_wconf 78' lang='grc' dir='ltr'><strong>βραχέος</strong></span> <span class='ocrx_word' id='word_1_203' title='bbox 3025 1455 3344 1506; x_wconf 75' lang='grc' dir='ltr'><strong>ὲπαπειλῶν</strong></span> <span class='ocrx_word' id='word_1_204' title='bbox 3394 1453 3473 1523; x_wconf 84' lang='grc' dir='ltr'><strong>τῷ</strong></span> <span class='ocrx_word' id='word_1_205' title='bbox 3530 1455 3721 1508; x_wconf 72' lang='grc' dir='ltr'><strong>Λέοντι</strong></span> 
     </span>
    </p>
   </div>
   <div class='ocr_carea' id='block_1_31' title="bbox 2127 1546 3722 1617">
    <p class='ocr_par' dir='ltr' id='par_1_31' title="bbox 2127 1546 3722 1617">
     <span class='ocr_line' id='line_1_31' title="bbox 2127 1546 3722 1617; baseline 0.001 -18"><span class='ocrx_word' id='word_1_206' title='bbox 2127 1547 2405 1617; x_wconf 80' lang='grc' dir='ltr'>στέρησιν,</span> <span class='ocrx_word' id='word_1_207' title='bbox 2441 1548 2490 1599; x_wconf 85' lang='grc' dir='ltr'><strong>εί</strong></span> <span class='ocrx_word' id='word_1_208' title='bbox 2533 1546 2606 1616; x_wconf 81' lang='grc' dir='ltr'><strong>μὴ</strong></span> <span class='ocrx_word' id='word_1_209' title='bbox 2640 1548 2736 1600; x_wconf 86' lang='grc' dir='ltr'><strong>τοῦ</strong></span> <span class='ocrx_word' id='word_1_210' title='bbox 2777 1549 3106 1616; x_wconf 83' lang='grc' dir='ltr'>προσκυνεῖν</span> <span class='ocrx_word' id='word_1_211' title='bbox 3140 1550 3256 1610; x_wconf 79' lang='grc' dir='ltr'><strong>τοῖς</strong></span> <span class='ocrx_word' id='word_1_212' title='bbox 3293 1546 3540 1610; x_wconf 79' lang='grc' dir='ltr'><strong>εξδώλοις</strong></span> <span class='ocrx_word' id='word_1_213' title='bbox 3577 1548 3722 1600; x_wconf 81' lang='grc' dir='ltr'><strong>ἀπό-</strong></span> 
     </span>
    </p>
   </div>
   <div class='ocr_carea' id='block_1_32' title="bbox 2126 1638 3724 1708">
    <p class='ocr_par' dir='ltr' id='par_1_32' title="bbox 2126 1638 3724 1708">
     <span class='ocr_line' id='line_1_32' title="bbox 2126 1638 3724 1708; baseline 0.001 -18"><span class='ocrx_word' id='word_1_214' title='bbox 2126 1655 2308 1708; x_wconf 87' lang='grc' dir='ltr'><strong>σχοιτο</strong></span> <span class='ocrx_word' id='word_1_215' title='bbox 2324 1678 2338 1702; x_wconf 94' lang='grc'><strong>,</strong></span> <span class='ocrx_word' id='word_1_216' title='bbox 2361 1639 2458 1701; x_wconf 78' lang='grc' dir='ltr'><strong>τὰς</strong></span> <span class='ocrx_word' id='word_1_217' title='bbox 2485 1639 2692 1701; x_wconf 80' lang='grc' dir='ltr'><strong>σεπτὰς</strong></span> <span class='ocrx_word' id='word_1_218' title='bbox 2714 1639 2932 1702; x_wconf 77' lang='grc' dir='ltr'><strong>εἰκόνας</strong></span> <span class='ocrx_word' id='word_1_219' title='bbox 2955 1638 3099 1692; x_wconf 78' lang='grc' dir='ltr'><strong>οὕτω</strong></span> <span class='ocrx_word' id='word_1_220' title='bbox 3123 1639 3328 1693; x_wconf 82' lang='grc' dir='ltr'><strong>καλῶν.</strong></span> <span class='ocrx_word' id='word_1_221' title='bbox 3353 1638 3542 1692; x_wconf 79' lang='grc' dir='ltr'><strong>Ταῦτα</strong></span> <span class='ocrx_word' id='word_1_222' title='bbox 3567 1640 3724 1707; x_wconf 80' lang='grc' dir='ltr'><strong>παρᾶ</strong></span> 
     </span>
    </p>
   </div>
   <div class='ocr_carea' id='block_1_33' title="bbox 2125 1731 3721 1802">
    <p class='ocr_par' dir='ltr' id='par_1_33' title="bbox 2125 1731 3721 1802">
     <span class='ocr_line' id='line_1_33' title="bbox 2125 1731 3721 1802; baseline 0 -18"><span class='ocrx_word' id='word_1_223' title='bbox 2125 1731 2218 1784; x_wconf 84' lang='grc' dir='ltr'><strong>τοῦ</strong></span> <span class='ocrx_word' id='word_1_224' title='bbox 2251 1731 2538 1795; x_wconf 82' lang='grc' dir='ltr'><strong>σταλέντος</strong></span> <span class='ocrx_word' id='word_1_225' title='bbox 2569 1732 2906 1801; x_wconf 77' lang='grc' dir='ltr'><strong>ἀγγελθέντα</strong></span> <span class='ocrx_word' id='word_1_226' title='bbox 2934 1731 3013 1802; x_wconf 82' lang='grc' dir='ltr'><strong>τῷ</strong></span> <span class='ocrx_word' id='word_1_227' title='bbox 3041 1733 3254 1797; x_wconf 84' lang='grc' dir='ltr'><strong>Λέοντι,</strong></span> <span class='ocrx_word' id='word_1_228' title='bbox 3285 1732 3397 1799; x_wconf 78' lang='grc' dir='ltr'><strong>εμφ</strong></span> <span class='ocrx_word' id='word_1_229' title='bbox 3409 1749 3590 1800; x_wconf 78' lang='grc' dir='ltr'><strong>ροντιν</strong></span> <span class='ocrx_word' id='word_1_230' title='bbox 3619 1733 3721 1786; x_wconf 85' lang='grc' dir='ltr'><strong>αύ-</strong></span> 
     </span>
    </p>
   </div>
   <div class='ocr_carea' id='block_1_34' title="bbox 447 1800 2023 1896">
    <p class='ocr_par' dir='ltr' id='par_1_34' title="bbox 447 1811 2023 1889">
     <span class='ocr_line' id='line_1_34' title="bbox 447 1811 2023 1889; baseline 0.006 -25"><span class='ocrx_word' id='word_1_231' title='bbox 447 1811 716 1866; x_wconf 84' lang='lat' dir='ltr'><strong>lacrorum</strong></span> <span class='ocrx_word' id='word_1_232' title='bbox 757 1815 1012 1870; x_wconf 81' lang='lat' dir='ltr'><strong>cultorem</strong></span> <span class='ocrx_word' id='word_1_233' title='bbox 1057 1832 1166 1871; x_wconf 80' lang='lat' dir='ltr'><strong>esse</strong></span> <span class='ocrx_word' id='word_1_234' title='bbox 1196 1827 1245 1871; x_wconf 82' lang='lat' dir='ltr'><strong>et</strong></span> <span class='ocrx_word' id='word_1_235' title='bbox 1294 1830 1344 1872; x_wconf 80' lang='lat' dir='ltr'><strong>te</strong></span> <span class='ocrx_word' id='word_1_236' title='bbox 1377 1829 1424 1872; x_wconf 88' lang='lat' dir='ltr'><strong>et</strong></span> <span class='ocrx_word' id='word_1_237' title='bbox 1449 1836 1627 1873; x_wconf 81' lang='lat' dir='ltr'><strong>omnes</strong></span> <span class='ocrx_word' id='word_1_238' title='bbox 1670 1835 1756 1872; x_wconf 77' lang='lat' dir='ltr'><strong>eos</strong></span> <span class='ocrx_word' id='word_1_239' title='bbox 1796 1822 1886 1889; x_wconf 84' lang='lat' dir='ltr'><strong>qui</strong></span> <span class='ocrx_word' id='word_1_240' title='bbox 1929 1821 2023 1874; x_wconf 85' lang='lat' dir='ltr'><strong>tibi</strong></span> 
     </span>
    </p>
   </div>
   <div class='ocr_carea' id='block_1_35' title="bbox 2127 1800 3724 1896">
    <p class='ocr_par' dir='ltr' id='par_1_35' title="bbox 2127 1825 3724 1896">
     <span class='ocr_line' id='line_1_35' title="bbox 2127 1825 3724 1896; baseline 0.001 -20"><span class='ocrx_word' id='word_1_241' title='bbox 2127 1825 2218 1877; x_wconf 82' lang='grc' dir='ltr'><strong>τὸν</strong></span> <span class='ocrx_word' id='word_1_242' title='bbox 2260 1826 2633 1896; x_wconf 86' lang='grc' dir='ltr'><strong>πεποιήκασι,</strong></span> <span class='ocrx_word' id='word_1_243' title='bbox 2675 1825 2766 1880; x_wconf 75' lang='grc' dir='ltr'><strong>καὶ</strong></span> <span class='ocrx_word' id='word_1_244' title='bbox 2813 1825 3093 1879; x_wconf 83' lang='grc' dir='ltr'><strong>κοινοῦται</strong></span> <span class='ocrx_word' id='word_1_245' title='bbox 3141 1827 3208 1878; x_wconf 74' lang='grc' dir='ltr'><strong>τὰ</strong></span> <span class='ocrx_word' id='word_1_246' title='bbox 3257 1825 3571 1894; x_wconf 72' lang='grc' dir='ltr'><strong>μηνυθέντα</strong></span> <span class='ocrx_word' id='word_1_247' title='bbox 3611 1825 3724 1877; x_wconf 75' lang='grc' dir='ltr'><strong>τῶν</strong></span> 
     </span>
    </p>
   </div>
   <div class='ocr_carea' id='block_1_36' title="bbox 443 1905 2026 1978">
    <p class='ocr_par' dir='ltr' id='par_1_36' title="bbox 443 1905 2026 1978">
     <span class='ocr_line' id='line_1_36' title="bbox 443 1905 2026 1978; baseline 0.007 -23"><span class='ocrx_word' id='word_1_248' title='bbox 443 1914 656 1971; x_wconf 81' lang='lat' dir='ltr'><strong>parent.</strong></span> <span class='ocrx_word' id='word_1_249' title='bbox 697 1905 850 1970; x_wconf 78' lang='lat' dir='ltr'><strong>Quod</strong></span> <span class='ocrx_word' id='word_1_250' title='bbox 892 1911 939 1962; x_wconf 80' lang='lat' dir='ltr'><strong>si</strong></span> <span class='ocrx_word' id='word_1_251' title='bbox 969 1925 1033 1963; x_wconf 81' lang='lat' dir='ltr'><strong>ea:</strong></span> <span class='ocrx_word' id='word_1_252' title='bbox 1067 1911 1296 1965; x_wconf 74' lang='lat' dir='ltr'><strong>ecclesiis</strong></span> <span class='ocrx_word' id='word_1_253' title='bbox 1325 1911 1617 1966; x_wconf 77' lang='lat' dir='ltr'><strong>simulacra</strong></span> <span class='ocrx_word' id='word_1_254' title='bbox 1645 1913 1946 1978; x_wconf 73' lang='lat' dir='ltr'><strong>sustuleris,</strong></span> <span class='ocrx_word' id='word_1_255' title='bbox 1976 1922 2026 1967; x_wconf 89' lang='lat' dir='ltr'><strong>et</strong></span> 
     </span>
    </p>
   </div>
   <div class='ocr_carea' id='block_1_37' title="bbox 442 1997 2027 2076">
    <p class='ocr_par' dir='ltr' id='par_1_37' title="bbox 442 1997 2027 2076">
     <span class='ocr_line' id='line_1_37' title="bbox 442 1997 2027 2076; baseline 0.008 -28"><span class='ocrx_word' id='word_1_256' title='bbox 442 1997 552 2050; x_wconf 75' lang='lat' dir='ltr'><strong>vita</strong></span> <span class='ocrx_word' id='word_1_257' title='bbox 593 2007 642 2050; x_wconf 84' lang='lat' dir='ltr'><strong>et</strong></span> <span class='ocrx_word' id='word_1_258' title='bbox 685 2000 964 2069; x_wconf 85' lang='lat' dir='ltr'><strong>imperium</strong></span> <span class='ocrx_word' id='word_1_259' title='bbox 1003 2005 1097 2057; x_wconf 90' lang='lat' dir='ltr'><strong>tibi</strong></span> <span class='ocrx_word' id='word_1_260' title='bbox 1139 2005 1448 2059; x_wconf 79' lang='lat' dir='ltr'><strong>diuturnum</strong></span> <span class='ocrx_word' id='word_1_261' title='bbox 1487 2015 1537 2059; x_wconf 89' lang='lat' dir='ltr'><strong>et</strong></span> <span class='ocrx_word' id='word_1_262' title='bbox 1585 2007 1916 2076; x_wconf 76' lang='lat' dir='ltr'><strong>fortunatum</strong></span> <span class='ocrx_word' id='word_1_263' title='bbox 1952 2016 2027 2061; x_wconf 79' lang='lat' dir='ltr'><strong>est</strong></span> 
     </span>
    </p>
   </div>
   <div class='ocr_carea' id='block_1_38' title="bbox 443 2087 2027 2169">
    <p class='ocr_par' dir='ltr' id='par_1_38' title="bbox 443 2087 2027 2169">
     <span class='ocr_line' id='line_1_38' title="bbox 443 2087 2027 2169; baseline 0.01 -30"><span class='ocrx_word' id='word_1_264' title='bbox 443 2087 705 2156; x_wconf 80' lang='lat' dir='ltr'><strong>futurum.</strong></span> <span class='ocrx_word' id='word_1_265' title='bbox 751 2090 850 2146; x_wconf 79' lang='lat' dir='ltr'><strong>Sin</strong></span> <span class='ocrx_word' id='word_1_266' title='bbox 890 2095 1088 2161; x_wconf 84' lang='lat' dir='ltr'><strong>minus,</strong></span> <span class='ocrx_word' id='word_1_267' title='bbox 1133 2097 1263 2150; x_wconf 76' lang='lat' dir='ltr'><strong>scito</strong></span> <span class='ocrx_word' id='word_1_268' title='bbox 1303 2109 1351 2151; x_wconf 86' lang='lat' dir='ltr'><strong>te</strong></span> <span class='ocrx_word' id='word_1_269' title='bbox 1383 2097 1525 2153; x_wconf 86' lang='lat' dir='ltr'><strong>brevi</strong></span> <span class='ocrx_word' id='word_1_270' title='bbox 1554 2109 1837 2169; x_wconf 84' lang='lat' dir='ltr'><strong>utrumque</strong></span> <span class='ocrx_word' id='word_1_271' title='bbox 1865 2101 2027 2154; x_wconf 74' lang='lat' dir='ltr'><strong>antis-</strong></span> 
     </span>
    </p>
   </div>
   <div class='ocr_carea' id='block_1_39' title="bbox 441 2190 2021 2261">
    <p class='ocr_par' dir='ltr' id='par_1_39' title="bbox 441 2190 2021 2261">
     <span class='ocr_line' id='line_1_39' title="bbox 441 2190 2021 2261; baseline 0.008 -27"><span class='ocrx_word' id='word_1_272' title='bbox 441 2197 661 2247; x_wconf 76' lang='lat' dir='ltr'><strong>surum,</strong></span> <span class='ocrx_word' id='word_1_273' title='bbox 709 2193 1073 2256; x_wconf 64' lang='lat' dir='ltr'><strong>praetereaque</strong></span> <span class='ocrx_word' id='word_1_274' title='bbox 1119 2202 1319 2243; x_wconf 73' lang='lat' dir='ltr'><strong>(eterna</strong></span> <span class='ocrx_word' id='word_1_275' title='bbox 1383 2190 1645 2261; x_wconf 80' lang='lat' dir='ltr'><strong>supplicia</strong></span> <span class='ocrx_word' id='word_1_276' title='bbox 1697 2193 2021 2246; x_wconf 76' lang='lat' dir='ltr'><strong>subiturum.</strong></span> 
     </span>
    </p>
   </div>
   <div class='ocr_carea' id='block_1_40' title="bbox 441 2271 2026 2352">
    <p class='ocr_par' dir='ltr' id='par_1_40' title="bbox 441 2271 2026 2352">
     <span class='ocr_line' id='line_1_40' title="bbox 441 2271 2026 2352; baseline 0.008 -25"><span class='ocrx_word' id='word_1_277' title='bbox 441 2271 542 2327; x_wconf 87' lang='lat' dir='ltr'><strong>llis</strong></span> <span class='ocrx_word' id='word_1_278' title='bbox 567 2273 680 2329; x_wconf 90' lang='lat' dir='ltr'><strong>Leo</strong></span> <span class='ocrx_word' id='word_1_279' title='bbox 706 2276 934 2342; x_wconf 90' lang='lat' dir='ltr'><strong>auditis,</strong></span> <span class='ocrx_word' id='word_1_280' title='bbox 968 2278 1202 2335; x_wconf 84' lang='lat' dir='ltr'><strong>miratus</strong></span> <span class='ocrx_word' id='word_1_281' title='bbox 1224 2284 1578 2348; x_wconf 89' lang='lat' dir='ltr'><strong>monachum,</strong></span> <span class='ocrx_word' id='word_1_282' title='bbox 1605 2285 1676 2339; x_wconf 90' lang='lat' dir='ltr'><strong>ob</strong></span> <span class='ocrx_word' id='word_1_283' title='bbox 1708 2285 2026 2352; x_wconf 68' lang='lat' dir='ltr'><strong>praedictio-</strong></span> 
     </span>
    </p>
   </div>
   <div class='ocr_carea' id='block_1_41' title="bbox 443 2369 2026 2442">
    <p class='ocr_par' dir='ltr' id='par_1_41' title="bbox 443 2369 2026 2442">
     <span class='ocr_line' id='line_1_41' title="bbox 443 2369 2026 2442; baseline 0.009 -23"><span class='ocrx_word' id='word_1_284' title='bbox 443 2381 572 2420; x_wconf 87' lang='lat' dir='ltr'><strong>nem</strong></span> <span class='ocrx_word' id='word_1_285' title='bbox 607 2369 836 2437; x_wconf 87' lang='lat' dir='ltr'><strong>utique,</strong></span> <span class='ocrx_word' id='word_1_286' title='bbox 882 2371 1105 2440; x_wconf 82' lang='lat' dir='ltr'><strong>ignarus</strong></span> <span class='ocrx_word' id='word_1_287' title='bbox 1136 2373 1458 2442; x_wconf 74' lang='lat' dir='ltr'><strong>impostura:</strong></span> <span class='ocrx_word' id='word_1_288' title='bbox 1492 2375 1799 2442; x_wconf 87' lang='lat' dir='ltr'><strong>Theodoti,</strong></span> <span class='ocrx_word' id='word_1_289' title='bbox 1839 2379 2026 2434; x_wconf 85' lang='lat' dir='ltr'><strong>verbis</strong></span> 
     </span>
    </p>
   </div>
   <div class='ocr_carea' id='block_1_42' title="bbox 448 2456 2026 2539">
    <p class='ocr_par' dir='ltr' id='par_1_42' title="bbox 448 2456 2026 2539">
     <span class='ocr_line' id='line_1_42' title="bbox 448 2456 2026 2539; baseline 0.009 -30"><span class='ocrx_word' id='word_1_290' title='bbox 448 2456 601 2511; x_wconf 90' lang='lat' dir='ltr'><strong>illius</strong></span> <span class='ocrx_word' id='word_1_291' title='bbox 630 2468 826 2527; x_wconf 81' lang='lat' dir='ltr'><strong>captus</strong></span> <span class='ocrx_word' id='word_1_292' title='bbox 867 2472 971 2525; x_wconf 89' lang='lat' dir='ltr'><strong>est,</strong></span> <span class='ocrx_word' id='word_1_293' title='bbox 1005 2473 1063 2516; x_wconf 90' lang='lat' dir='ltr'><strong>et</strong></span> <span class='ocrx_word' id='word_1_294' title='bbox 1101 2473 1293 2517; x_wconf 90' lang='lat' dir='ltr'><strong>contra</strong></span> <span class='ocrx_word' id='word_1_295' title='bbox 1345 2479 1724 2521; x_wconf 86' lang='lat' dir='ltr'><strong>sacrosanctas</strong></span> <span class='ocrx_word' id='word_1_296' title='bbox 1759 2467 2026 2539; x_wconf 84' lang='lat' dir='ltr'><strong>imagines</strong></span> 
     </span>
    </p>
   </div>
   <div class='ocr_carea' id='block_1_43' title="bbox 445 2547 2022 2618">
    <p class='ocr_par' dir='ltr' id='par_1_43' title="bbox 445 2547 2022 2618">
     <span class='ocr_line' id='line_1_43' title="bbox 445 2547 2022 2618; baseline 0.01 -17"><span class='ocrx_word' id='word_1_297' title='bbox 445 2547 931 2608; x_wconf 81' lang='lat' dir='ltr'><strong>vehementissime</strong></span> <span class='ocrx_word' id='word_1_298' title='bbox 985 2555 1190 2618; x_wconf 77' lang='lat' dir='ltr'><strong>saeviit,</strong></span> <span class='ocrx_word' id='word_1_299' title='bbox 1231 2564 1286 2610; x_wconf 91' lang='lat' dir='ltr'><strong>et</strong></span> <span class='ocrx_word' id='word_1_300' title='bbox 1309 2570 1402 2612; x_wconf 88' lang='lat' dir='ltr'><strong>eas</strong></span> <span class='ocrx_word' id='word_1_301' title='bbox 1445 2571 1637 2613; x_wconf 88' lang='lat' dir='ltr'><strong>omnes</strong></span> <span class='ocrx_word' id='word_1_302' title='bbox 1677 2559 1861 2614; x_wconf 91' lang='lat' dir='ltr'><strong>edicto</strong></span> <span class='ocrx_word' id='word_1_303' title='bbox 1907 2561 2022 2616; x_wconf 86' lang='lat' dir='ltr'><strong>tolli</strong></span> 
     </span>
    </p>
   </div>
   <div class='ocr_carea' id='block_1_44' title="bbox 435 2641 2024 2721">
    <p class='ocr_par' dir='ltr' id='par_1_44' title="bbox 435 2641 2024 2721">
     <span class='ocr_line' id='line_1_44' title="bbox 435 2641 2024 2721; baseline 0.01 -27"><span class='ocrx_word' id='word_1_304' title='bbox 435 2641 643 2709; x_wconf 85' lang='lat' dir='ltr'><strong>jussit:</strong></span> <span class='ocrx_word' id='word_1_305' title='bbox 692 2658 930 2714; x_wconf 87' lang='lat' dir='ltr'><strong>cumque</strong></span> <span class='ocrx_word' id='word_1_306' title='bbox 978 2650 1387 2704; x_wconf 87' lang='lat' dir='ltr'><strong>sanctissimum</strong></span> <span class='ocrx_word' id='word_1_307' title='bbox 1443 2654 1812 2721; x_wconf 90' lang='lat' dir='ltr'><strong>patriarcham</strong></span> <span class='ocrx_word' id='word_1_308' title='bbox 1859 2653 2024 2710; x_wconf 83' lang='lat' dir='ltr'><strong>Nice-</strong></span> 
     </span>
    </p>
   </div>
   <div class='ocr_carea' id='block_1_45' title="bbox 445 2734 2024 2815">
    <p class='ocr_par' dir='ltr' id='par_1_45' title="bbox 445 2734 2024 2815">
     <span class='ocr_line' id='line_1_45' title="bbox 445 2734 2024 2815; baseline 0.009 -28"><span class='ocrx_word' id='word_1_309' title='bbox 445 2734 682 2804; x_wconf 79' lang='lat' dir='ltr'><strong>phorum</strong></span> <span class='ocrx_word' id='word_1_310' title='bbox 717 2751 942 2807; x_wconf 89' lang='lat' dir='ltr'><strong>quoque</strong></span> <span class='ocrx_word' id='word_1_311' title='bbox 984 2743 1037 2793; x_wconf 91' lang='lat' dir='ltr'><strong>in</strong></span> <span class='ocrx_word' id='word_1_312' title='bbox 1073 2756 1227 2796; x_wconf 89' lang='lat' dir='ltr'><strong>suam</strong></span> <span class='ocrx_word' id='word_1_313' title='bbox 1273 2747 1604 2798; x_wconf 89' lang='lat' dir='ltr'><strong>sententiam</strong></span> <span class='ocrx_word' id='word_1_314' title='bbox 1642 2755 2024 2815; x_wconf 71' lang='lat' dir='ltr'><strong>pel-tracturus</strong></span> 
     </span>
    </p>
   </div>
   <div class='ocr_carea' id='block_1_46' title="bbox 444 2829 2020 2900">
    <p class='ocr_par' dir='ltr' id='par_1_46' title="bbox 444 2829 2020 2900">
     <span class='ocr_line' id='line_1_46' title="bbox 444 2829 2020 2900; baseline 0.01 -22"><span class='ocrx_word' id='word_1_315' title='bbox 444 2834 629 2890; x_wconf 74' lang='lat' dir='ltr'><strong>esset,</strong></span> <span class='ocrx_word' id='word_1_316' title='bbox 661 2829 753 2885; x_wconf 91' lang='lat' dir='ltr'><strong>ille</strong></span> <span class='ocrx_word' id='word_1_317' title='bbox 796 2845 929 2884; x_wconf 89' lang='lat' dir='ltr'><strong>vero</strong></span> <span class='ocrx_word' id='word_1_318' title='bbox 973 2836 1175 2887; x_wconf 84' lang='lat' dir='ltr'><strong>acriter</strong></span> <span class='ocrx_word' id='word_1_319' title='bbox 1220 2835 1636 2900; x_wconf 82' lang='lat' dir='ltr'><strong>adversaretur,</strong></span> <span class='ocrx_word' id='word_1_320' title='bbox 1679 2849 1734 2893; x_wconf 89' lang='lat' dir='ltr'><strong>et</strong></span> <span class='ocrx_word' id='word_1_321' title='bbox 1777 2839 2020 2894; x_wconf 89' lang='lat' dir='ltr'><strong>edictum</strong></span> 
     </span>
    </p>
   </div>
   <div class='ocr_carea' id='block_1_47' title="bbox 445 2915 2018 2999">
    <p class='ocr_par' dir='ltr' id='par_1_47' title="bbox 445 2915 2018 2999">
     <span class='ocr_line' id='line_1_47' title="bbox 445 2915 2018 2999; baseline 0.011 -33"><span class='ocrx_word' id='word_1_322' title='bbox 445 2915 581 2970; x_wconf 89' lang='lat' dir='ltr'><strong>iilud</strong></span> <span class='ocrx_word' id='word_1_323' title='bbox 633 2925 689 2972; x_wconf 88' lang='lat' dir='ltr'><strong>et</strong></span> <span class='ocrx_word' id='word_1_324' title='bbox 729 2918 952 2988; x_wconf 90' lang='lat' dir='ltr'><strong>scriptis</strong></span> <span class='ocrx_word' id='word_1_325' title='bbox 993 2930 1046 2976; x_wconf 88' lang='lat' dir='ltr'><strong>et</strong></span> <span class='ocrx_word' id='word_1_326' title='bbox 1090 2924 1341 2979; x_wconf 86' lang='lat' dir='ltr'><strong>oratione</strong></span> <span class='ocrx_word' id='word_1_327' title='bbox 1391 2926 1690 2996; x_wconf 88' lang='lat' dir='ltr'><strong>impietatis</strong></span> <span class='ocrx_word' id='word_1_328' title='bbox 1727 2937 2018 2999; x_wconf 82' lang='lat' dir='ltr'><strong>argueret:</strong></span> 
     </span>
    </p>
   </div>
   <div class='ocr_carea' id='block_1_48' title="bbox 2130 1914 3726 1987">
    <p class='ocr_par' dir='ltr' id='par_1_48' title="bbox 2130 1914 3726 1987">
     <span class='ocr_line' id='line_1_48' title="bbox 2130 1914 3726 1987; baseline -0.001 -17"><span class='ocrx_word' id='word_1_329' title='bbox 2130 1919 2376 1986; x_wconf 82' lang='grc' dir='ltr'><strong>συνήθων</strong></span> <span class='ocrx_word' id='word_1_330' title='bbox 2399 1919 2509 1970; x_wconf 56' lang='grc' dir='ltr'><strong>τινὶ⁵</strong></span> <span class='ocrx_word' id='word_1_331' title='bbox 2533 1917 2614 1986; x_wconf 84' lang='grc' dir='ltr'><strong>τῷ</strong></span> <span class='ocrx_word' id='word_1_332' title='bbox 2628 1917 2955 1987; x_wconf 80' lang='grc' dir='ltr'><strong>Μελισσηνῷ</strong></span> <span class='ocrx_word' id='word_1_333' title='bbox 2984 1916 3225 1985; x_wconf 84' lang='grc' dir='ltr'><strong>Θεοδότῳ</strong></span> <span class='ocrx_word' id='word_1_334' title='bbox 3247 1914 3403 1983; x_wconf 70' lang='lat'><strong>(89&#39;),</strong></span> <span class='ocrx_word' id='word_1_335' title='bbox 3428 1915 3484 1977; x_wconf 80' lang='grc' dir='ltr'><strong>δς</strong></span> <span class='ocrx_word' id='word_1_336' title='bbox 3513 1917 3631 1977; x_wconf 83' lang='grc' dir='ltr'><strong>τοῖς</strong></span> <span class='ocrx_word' id='word_1_337' title='bbox 3649 1917 3726 1968; x_wconf 88' lang='grc' dir='ltr'><strong>εἱ-</strong></span> 
     </span>
    </p>
   </div>
   <div class='ocr_carea' id='block_1_49' title="bbox 2127 2001 3724 2073">
    <p class='ocr_par' dir='ltr' id='par_1_49' title="bbox 2127 2001 3724 2073">
     <span class='ocr_line' id='line_1_49' title="bbox 2127 2001 3724 2073; baseline -0.003 -16"><span class='ocrx_word' id='word_1_338' title='bbox 2127 2004 2456 2073; x_wconf 75' lang='grc' dir='ltr'><strong>κονομὰγοις</strong></span> <span class='ocrx_word' id='word_1_339' title='bbox 2492 2004 2825 2072; x_wconf 79' lang='grc' dir='ltr'><strong>αἱρεσιώτης</strong></span> <span class='ocrx_word' id='word_1_340' title='bbox 2863 2003 3168 2073; x_wconf 75' lang='grc' dir='ltr'><strong>ἐτύγχανεν</strong></span> <span class='ocrx_word' id='word_1_341' title='bbox 3205 2001 3302 2056; x_wconf 75' lang='grc' dir='ltr'><strong>ὢν.</strong></span> <span class='ocrx_word' id='word_1_342' title='bbox 3343 2003 3499 2070; x_wconf 84' lang='grc' dir='ltr'><strong>Δόλῳ</strong></span> <span class='ocrx_word' id='word_1_343' title='bbox 3538 2002 3724 2054; x_wconf 80' lang='grc' dir='ltr'><strong>τοίνυν</strong></span> 
     </span>
    </p>
   </div>
   <div class='ocr_carea' id='block_1_50' title="bbox 2127 2093 3726 2165">
    <p class='ocr_par' dir='ltr' id='par_1_50' title="bbox 2127 2093 3726 2165">
     <span class='ocr_line' id='line_1_50' title="bbox 2127 2093 3726 2165; baseline -0.003 -16"><span class='ocrx_word' id='word_1_344' title='bbox 2127 2099 2334 2159; x_wconf 70' lang='grc' dir='ltr'><strong>ἐκεῖνος</strong></span> <span class='ocrx_word' id='word_1_345' title='bbox 2363 2096 2457 2149; x_wconf 75' lang='grc' dir='ltr'><strong>τὸν</strong></span> <span class='ocrx_word' id='word_1_346' title='bbox 2486 2096 2690 2149; x_wconf 83' lang='grc' dir='ltr'><strong>Λέοντα</strong></span> <span class='ocrx_word' id='word_1_347' title='bbox 2724 2095 2954 2165; x_wconf 83' lang='grc' dir='ltr'><strong>μέτεισι,</strong></span> <span class='ocrx_word' id='word_1_348' title='bbox 2989 2095 3083 2147; x_wconf 86' lang='grc' dir='ltr'><strong>καί</strong></span> <span class='ocrx_word' id='word_1_349' title='bbox 3111 2111 3232 2147; x_wconf 86' lang='grc' dir='ltr'><strong>τινα</strong></span> <span class='ocrx_word' id='word_1_350' title='bbox 3265 2093 3503 2163; x_wconf 69' lang='grc' dir='ltr'><strong>μοναχὸν</strong></span> <span class='ocrx_word' id='word_1_351' title='bbox 3536 2093 3726 2163; x_wconf 77' lang='grc' dir='ltr'><strong>ἑαυτῷ</strong></span> 
     </span>
    </p>
   </div>
   <div class='ocr_carea' id='block_1_51' title="bbox 2126 2184 3721 2257">
    <p class='ocr_par' dir='ltr' id='par_1_51' title="bbox 2126 2184 3721 2257">
     <span class='ocr_line' id='line_1_51' title="bbox 2126 2184 3721 2257; baseline -0.002 -17"><span class='ocrx_word' id='word_1_352' title='bbox 2126 2187 2413 2256; x_wconf 85' lang='grc' dir='ltr'><strong>γινώσκων</strong></span> <span class='ocrx_word' id='word_1_353' title='bbox 2440 2187 2715 2257; x_wconf 81' lang='grc' dir='ltr'><strong>ὁμόδοξον,</strong></span> <span class='ocrx_word' id='word_1_354' title='bbox 2747 2189 2924 2256; x_wconf 85' lang='grc' dir='ltr'><strong>τούτῳ</strong></span> <span class='ocrx_word' id='word_1_355' title='bbox 2956 2185 3315 2240; x_wconf 80' lang='grc' dir='ltr'><strong>συνεσούλευε</strong></span> <span class='ocrx_word' id='word_1_356' title='bbox 3345 2184 3721 2238; x_wconf 78' lang='grc' dir='ltr'><strong>κοινώσασθαι</strong></span> 
     </span>
    </p>
   </div>
   <div class='ocr_carea' id='block_1_52' title="bbox 2125 2275 3722 2349">
    <p class='ocr_par' dir='ltr' id='par_1_52' title="bbox 2125 2275 3722 2349">
     <span class='ocr_line' id='line_1_52' title="bbox 2125 2275 3722 2349; baseline -0.003 -17"><span class='ocrx_word' id='word_1_357' title='bbox 2125 2281 2226 2349; x_wconf 85' lang='grc' dir='ltr'><strong>τὴν</strong></span> <span class='ocrx_word' id='word_1_358' title='bbox 2255 2278 2543 2342; x_wconf 83' lang='grc' dir='ltr'><strong>ὑπόθεσιν,</strong></span> <span class='ocrx_word' id='word_1_359' title='bbox 2570 2279 2667 2332; x_wconf 74' lang='grc' dir='ltr'><strong>καὶ</strong></span> <span class='ocrx_word' id='word_1_360' title='bbox 2695 2277 2724 2330; x_wconf 81' lang='grc' dir='ltr'><strong>δ</strong></span> <span class='ocrx_word' id='word_1_361' title='bbox 2752 2277 2819 2332; x_wconf 81' lang='grc' dir='ltr'><strong>ἂν</strong></span> <span class='ocrx_word' id='word_1_362' title='bbox 2849 2279 3056 2339; x_wconf 80' lang='grc' dir='ltr'><strong>ἐκεῖνος</strong></span> <span class='ocrx_word' id='word_1_363' title='bbox 3089 2275 3379 2340; x_wconf 84' lang='grc' dir='ltr'><strong>ὑπόθοιτο,</strong></span> <span class='ocrx_word' id='word_1_364' title='bbox 3409 2275 3572 2329; x_wconf 81' lang='grc' dir='ltr'><strong>τοῦτο</strong></span> <span class='ocrx_word' id='word_1_365' title='bbox 3597 2292 3722 2327; x_wconf 82' lang='grc' dir='ltr'><strong>ποι-</strong></span> 
     </span>
    </p>
   </div>
   <div class='ocr_carea' id='block_1_53' title="bbox 2125 2368 3722 2442">
    <p class='ocr_par' dir='ltr' id='par_1_53' title="bbox 2125 2368 3722 2442">
     <span class='ocr_line' id='line_1_53' title="bbox 2125 2368 3722 2442; baseline -0.003 -17"><span class='ocrx_word' id='word_1_366' title='bbox 2125 2372 2298 2442; x_wconf 84' lang='grc' dir='ltr'><strong>ἧσαι·</strong></span> <span class='ocrx_word' id='word_1_367' title='bbox 2331 2368 2470 2425; x_wconf 78' lang='grc' dir='ltr'><strong>εἶναι</strong></span> <span class='ocrx_word' id='word_1_368' title='bbox 2503 2373 2612 2442; x_wconf 82' lang='grc' dir='ltr'><strong>γὰρ</strong></span> <span class='ocrx_word' id='word_1_369' title='bbox 2641 2373 2733 2424; x_wconf 70' lang='grc' dir='ltr'><strong>τὸν</strong></span> <span class='ocrx_word' id='word_1_370' title='bbox 2765 2371 2935 2440; x_wconf 81' lang='grc' dir='ltr'><strong>ἄνδρα</strong></span> <span class='ocrx_word' id='word_1_371' title='bbox 2967 2370 3166 2440; x_wconf 77' lang='grc' dir='ltr'><strong>μεστὸν</strong></span> <span class='ocrx_word' id='word_1_372' title='bbox 3195 2369 3436 2439; x_wconf 75' lang='grc' dir='ltr'><strong>χαρίτων</strong></span> <span class='ocrx_word' id='word_1_373' title='bbox 3464 2386 3722 2437; x_wconf 84' lang='grc' dir='ltr'><strong>πνευμα-</strong></span> 
     </span>
    </p>
   </div>
   <div class='ocr_carea' id='block_1_54' title="bbox 2124 2461 3720 2534">
    <p class='ocr_par' dir='ltr' id='par_1_54' title="bbox 2124 2461 3720 2534">
     <span class='ocr_line' id='line_1_54' title="bbox 2124 2461 3720 2534; baseline -0.002 -16"><span class='ocrx_word' id='word_1_374' title='bbox 2124 2466 2318 2527; x_wconf 83' lang='grc' dir='ltr'><strong>τικῶν,</strong></span> <span class='ocrx_word' id='word_1_375' title='bbox 2350 2465 2447 2517; x_wconf 72' lang='grc' dir='ltr'><strong>καὶ</strong></span> <span class='ocrx_word' id='word_1_376' title='bbox 2476 2462 2801 2534; x_wconf 81' lang='grc' dir='ltr'><strong>προορῶντα</strong></span> <span class='ocrx_word' id='word_1_377' title='bbox 2830 2463 2900 2516; x_wconf 76' lang='grc' dir='ltr'><strong>τὰ</strong></span> <span class='ocrx_word' id='word_1_378' title='bbox 2932 2463 3196 2532; x_wconf 81' lang='grc' dir='ltr'><strong>μέλλοντα</strong></span> <span class='ocrx_word' id='word_1_379' title='bbox 3226 2463 3323 2516; x_wconf 83' lang='grc' dir='ltr'><strong>καὶ</strong></span> <span class='ocrx_word' id='word_1_380' title='bbox 3355 2461 3720 2534; x_wconf 79' lang='grc' dir='ltr'><strong>προλέγοντα.</strong></span> 
     </span>
    </p>
   </div>
   <div class='ocr_carea' id='block_1_55' title="bbox 2139 2551 3723 2626">
    <p class='ocr_par' dir='ltr' id='par_1_55' title="bbox 2139 2551 3723 2626">
     <span class='ocr_line' id='line_1_55' title="bbox 2139 2551 3723 2626; baseline -0.003 -17"><span class='ocrx_word' id='word_1_381' title='bbox 2139 2557 2228 2619; x_wconf 84' lang='grc' dir='ltr'><strong>Ὦς</strong></span> <span class='ocrx_word' id='word_1_382' title='bbox 2255 2554 2350 2609; x_wconf 79' lang='grc' dir='ltr'><strong>οὖν</strong></span> <span class='ocrx_word' id='word_1_383' title='bbox 2377 2551 2485 2610; x_wconf 73' lang='grc' dir='ltr'><strong>εῐδε</strong></span> <span class='ocrx_word' id='word_1_384' title='bbox 2509 2556 2601 2610; x_wconf 84' lang='grc' dir='ltr'><strong>τὸν</strong></span> <span class='ocrx_word' id='word_1_385' title='bbox 2628 2556 2837 2609; x_wconf 82' lang='grc' dir='ltr'><strong>Λέοντα</strong></span> <span class='ocrx_word' id='word_1_386' title='bbox 2867 2555 3091 2626; x_wconf 85' lang='grc' dir='ltr'><strong>βασιλέα</strong></span> <span class='ocrx_word' id='word_1_387' title='bbox 3123 2554 3456 2624; x_wconf 85' lang='grc' dir='ltr'><strong>συνθέμενον</strong></span> <span class='ocrx_word' id='word_1_388' title='bbox 3483 2556 3600 2617; x_wconf 80' lang='grc' dir='ltr'><strong>τοίς</strong></span> <span class='ocrx_word' id='word_1_389' title='bbox 3631 2552 3723 2606; x_wconf 73' lang='grc' dir='ltr'><strong>λό-</strong></span> 
     </span>
    </p>
   </div>
   <div class='ocr_carea' id='block_1_56' title="bbox 2126 2646 3723 2719">
    <p class='ocr_par' dir='ltr' id='par_1_56' title="bbox 2126 2646 3723 2719">
     <span class='ocr_line' id='line_1_56' title="bbox 2126 2646 3723 2719; baseline -0.004 -16"><span class='ocrx_word' id='word_1_390' title='bbox 2126 2667 2244 2718; x_wconf 86' lang='grc' dir='ltr'><strong>γοις</strong></span> <span class='ocrx_word' id='word_1_391' title='bbox 2269 2648 2436 2703; x_wconf 80' lang='grc' dir='ltr'><strong>αὐτοῦ</strong></span> <span class='ocrx_word' id='word_1_392' title='bbox 2453 2689 2468 2712; x_wconf 85' lang='grc'><strong>,</strong></span> <span class='ocrx_word' id='word_1_393' title='bbox 2493 2649 2682 2703; x_wconf 73' lang='grc' dir='ltr'><strong>ἄπεισι</strong></span> <span class='ocrx_word' id='word_1_394' title='bbox 2709 2647 2845 2719; x_wconf 81' lang='grc' dir='ltr'><strong>πρὸς</strong></span> <span class='ocrx_word' id='word_1_395' title='bbox 2871 2648 2964 2700; x_wconf 81' lang='grc' dir='ltr'><strong>τὸν</strong></span> <span class='ocrx_word' id='word_1_396' title='bbox 2993 2647 3229 2718; x_wconf 76' lang='grc' dir='ltr'><strong>μοναχὸν</strong></span> <span class='ocrx_word' id='word_1_397' title='bbox 3253 2649 3283 2700; x_wconf 91' lang='grc' dir='ltr'><strong>ό</strong></span> <span class='ocrx_word' id='word_1_398' title='bbox 3307 2646 3565 2708; x_wconf 75' lang='grc' dir='ltr'><strong>Θεόδοτος</strong></span> <span class='ocrx_word' id='word_1_399' title='bbox 3582 2686 3599 2712; x_wconf 91' lang='grc'><strong>,</strong></span> <span class='ocrx_word' id='word_1_400' title='bbox 3626 2647 3723 2698; x_wconf 78' lang='grc' dir='ltr'><strong>καὶ</strong></span> 
     </span>
    </p>
   </div>
   <div class='ocr_carea' id='block_1_57' title="bbox 2127 2739 3723 2812">
    <p class='ocr_par' dir='ltr' id='par_1_57' title="bbox 2127 2739 3723 2812">
     <span class='ocr_line' id='line_1_57' title="bbox 2127 2739 3723 2812; baseline -0.003 -17"><span class='ocrx_word' id='word_1_401' title='bbox 2127 2743 2388 2812; x_wconf 88' lang='grc' dir='ltr'><strong>προλέγει</strong></span> <span class='ocrx_word' id='word_1_402' title='bbox 2431 2739 2580 2812; x_wconf 79' lang='grc' dir='ltr'><strong>αὐτῷ</strong></span> <span class='ocrx_word' id='word_1_403' title='bbox 2617 2742 2718 2810; x_wconf 84' lang='grc' dir='ltr'><strong>τὴν</strong></span> <span class='ocrx_word' id='word_1_404' title='bbox 2761 2739 2840 2802; x_wconf 84' lang='grc' dir='ltr'><strong>ὼς</strong></span> <span class='ocrx_word' id='word_1_405' title='bbox 2881 2739 3045 2793; x_wconf 76' lang='grc' dir='ltr'><strong>αὑτὸν</strong></span> <span class='ocrx_word' id='word_1_406' title='bbox 3087 2740 3184 2793; x_wconf 81' lang='grc' dir='ltr'><strong>τοῦ</strong></span> <span class='ocrx_word' id='word_1_407' title='bbox 3233 2739 3621 2810; x_wconf 77' lang='grc' dir='ltr'><strong>βασιλεύοντος</strong></span> <span class='ocrx_word' id='word_1_408' title='bbox 3663 2740 3723 2791; x_wconf 73' lang='grc' dir='ltr'><strong>ἐν</strong></span> 
     </span>
    </p>
   </div>
   <div class='ocr_carea' id='block_1_58' title="bbox 2129 2830 3722 2904">
    <p class='ocr_par' dir='ltr' id='par_1_58' title="bbox 2129 2830 3722 2904">
     <span class='ocr_line' id='line_1_58' title="bbox 2129 2830 3722 2904; baseline -0.004 -17"><span class='ocrx_word' id='word_1_409' title='bbox 2129 2835 2340 2888; x_wconf 88' lang='grc' dir='ltr'><strong>ίδιώτου</strong></span> <span class='ocrx_word' id='word_1_410' title='bbox 2377 2835 2620 2904; x_wconf 79' lang='grc' dir='ltr'><strong>σχήματι</strong></span> <span class='ocrx_word' id='word_1_411' title='bbox 2654 2832 2877 2900; x_wconf 72' lang='grc' dir='ltr'><strong>ἄφιξιν,</strong></span> <span class='ocrx_word' id='word_1_412' title='bbox 2914 2833 3008 2884; x_wconf 80' lang='grc' dir='ltr'><strong>καὶ</strong></span> <span class='ocrx_word' id='word_1_413' title='bbox 3041 2832 3165 2885; x_wconf 89' lang='grc' dir='ltr'><strong>δτου</strong></span> <span class='ocrx_word' id='word_1_414' title='bbox 3200 2833 3362 2901; x_wconf 76' lang='grc' dir='ltr'><strong>χάριν</strong></span> <span class='ocrx_word' id='word_1_415' title='bbox 3396 2830 3722 2894; x_wconf 83' lang='grc' dir='ltr'><strong>ἐλεύσεται,</strong></span> 
     </span>
    </p>
   </div>
   <div class='ocr_carea' id='block_1_59' title="bbox 2125 2916 3719 2998">
    <p class='ocr_par' dir='ltr' id='par_1_59' title="bbox 2125 2916 3719 2998">
     <span class='ocr_line' id='line_1_59' title="bbox 2125 2916 3719 2998; baseline -0.003 -18"><span class='ocrx_word' id='word_1_416' title='bbox 2125 2931 2220 2980; x_wconf 79' lang='grc' dir='ltr'><strong>καὶ</strong></span> <span class='ocrx_word' id='word_1_417' title='bbox 2253 2928 2610 2998; x_wconf 75' lang='grc' dir='ltr'><strong>μυσταγωγεῖ</strong></span> <span class='ocrx_word' id='word_1_418' title='bbox 2637 2923 2856 2989; x_wconf 83' lang='grc' dir='ltr'><strong>τοῦτον,</strong></span> <span class='ocrx_word' id='word_1_419' title='bbox 2891 2925 2992 2977; x_wconf 83' lang='grc' dir='ltr'><strong>ὅσα</strong></span> <span class='ocrx_word' id='word_1_420' title='bbox 3023 2923 3101 2994; x_wconf 86' lang='grc' dir='ltr'><strong>τῷ</strong></span> <span class='ocrx_word' id='word_1_421' title='bbox 3134 2923 3352 2993; x_wconf 87' lang='grc' dir='ltr'><strong>βασιλεί</strong></span> <span class='ocrx_word' id='word_1_422' title='bbox 3382 2916 3719 2987; x_wconf 78' lang='grc' dir='ltr'><strong>διαλέξεται.</strong></span> 
     </span>
    </p>
   </div>
   <div class='ocr_carea' id='block_1_60' title="bbox 359 5548 582 5602">
    <p class='ocr_par' dir='ltr' id='par_1_60' title="bbox 359 5548 582 5602">
     <span class='ocr_line' id='line_1_60' title="bbox 359 5548 582 5602; baseline 0.018 -4"><span class='ocrx_word' id='word_1_423' title='bbox 359 5552 362 5555; x_wconf 85' lang='grc'><em>’</em></span> <span class='ocrx_word' id='word_1_424' title='bbox 466 5548 582 5602; x_wconf 71' lang='lat' dir='ltr'><strong>alii.</strong></span> 
     </span>
    </p>
   </div>
   <div class='ocr_carea' id='block_1_61' title="bbox 443 3007 2023 3088">
    <p class='ocr_par' dir='ltr' id='par_1_61' title="bbox 443 3007 2023 3088">
     <span class='ocr_line' id='line_1_61' title="bbox 443 3007 2023 3088; baseline 0.014 -31"><span class='ocrx_word' id='word_1_425' title='bbox 443 3007 624 3060; x_wconf 89' lang='lat' dir='ltr'><strong>virum</strong></span> <span class='ocrx_word' id='word_1_426' title='bbox 643 3008 853 3078; x_wconf 87' lang='lat' dir='ltr'><strong>justum</strong></span> <span class='ocrx_word' id='word_1_427' title='bbox 879 3013 1102 3082; x_wconf 80' lang='lat' dir='ltr'><strong>relegat,</strong></span> <span class='ocrx_word' id='word_1_428' title='bbox 1134 3015 1226 3084; x_wconf 86' lang='lat' dir='ltr'><strong>qui</strong></span> <span class='ocrx_word' id='word_1_429' title='bbox 1260 3017 1481 3085; x_wconf 89' lang='lat' dir='ltr'><strong>quidem</strong></span> <span class='ocrx_word' id='word_1_430' title='bbox 1509 3019 1790 3088; x_wconf 86' lang='lat' dir='ltr'><strong>improbos</strong></span> <span class='ocrx_word' id='word_1_431' title='bbox 1823 3021 2023 3079; x_wconf 81' lang='lat' dir='ltr'><strong>Leonis</strong></span> 
     </span>
    </p>
   </div>
   <div class='ocr_carea' id='block_1_62' title="bbox 2127 3007 3719 3088">
    <p class='ocr_par' dir='ltr' id='par_1_62' title="bbox 2127 3014 3719 3087">
     <span class='ocr_line' id='line_1_62' title="bbox 2127 3014 3719 3087; baseline -0.006 -13"><span class='ocrx_word' id='word_1_432' title='bbox 2127 3017 2258 3074; x_wconf 74' lang='grc' dir='ltr'><strong>Εἶτα</strong></span> <span class='ocrx_word' id='word_1_433' title='bbox 2292 3019 2490 3082; x_wconf 73' lang='grc' dir='ltr'><strong>νυκτὸς</strong></span> <span class='ocrx_word' id='word_1_434' title='bbox 2529 3019 2749 3073; x_wconf 78' lang='grc' dir='ltr'><strong>ἄπεισιν</strong></span> <span class='ocrx_word' id='word_1_435' title='bbox 2785 3017 2814 3068; x_wconf 93' lang='lat'><strong>6</strong></span> <span class='ocrx_word' id='word_1_436' title='bbox 2851 3016 3104 3087; x_wconf 81' lang='grc' dir='ltr'><strong>βασιλεὺς</strong></span> <span class='ocrx_word' id='word_1_437' title='bbox 3146 3016 3283 3086; x_wconf 79' lang='grc' dir='ltr'><strong>πρὸς</strong></span> <span class='ocrx_word' id='word_1_438' title='bbox 3315 3015 3406 3068; x_wconf 80' lang='grc' dir='ltr'><strong>τὸν</strong></span> <span class='ocrx_word' id='word_1_439' title='bbox 3453 3014 3719 3085; x_wconf 82' lang='grc' dir='ltr'><strong>μοναχὸν,</strong></span> 
     </span>
    </p>
   </div>
   <div class='ocr_carea' id='block_1_63' title="bbox 446 3101 2023 3195">
    <p class='ocr_par' dir='ltr' id='par_1_63' title="bbox 446 3105 2022 3178">
     <span class='ocr_line' id='line_1_63' title="bbox 446 3105 2022 3178; baseline 0.012 -27"><span class='ocrx_word' id='word_1_440' title='bbox 446 3114 630 3154; x_wconf 89' lang='lat' dir='ltr'><strong>mores</strong></span> <span class='ocrx_word' id='word_1_441' title='bbox 661 3105 1011 3168; x_wconf 68' lang='lat' dir='ltr'><strong>pra-sensisse</strong></span> <span class='ocrx_word' id='word_1_442' title='bbox 1049 3107 1255 3173; x_wconf 88' lang='lat' dir='ltr'><strong>fertur,</strong></span> <span class='ocrx_word' id='word_1_443' title='bbox 1296 3110 1390 3178; x_wconf 90' lang='lat' dir='ltr'><strong>qui</strong></span> <span class='ocrx_word' id='word_1_444' title='bbox 1427 3109 1752 3168; x_wconf 77' lang='lat' dir='ltr'><strong>orthodoxis</strong></span> <span class='ocrx_word' id='word_1_445' title='bbox 1785 3114 2022 3170; x_wconf 75' lang='lat' dir='ltr'><strong>oﬁ‘endi-</strong></span> 
     </span>
    </p>
   </div>
   <div class='ocr_carea' id='block_1_64' title="bbox 2127 3101 3720 3195">
    <p class='ocr_par' dir='ltr' id='par_1_64' title="bbox 2128 3101 3720 3192">
     <span class='ocr_line' id='line_1_64' title="bbox 2128 3101 3720 3192; baseline -0.006 -30"><span class='ocrx_word' id='word_1_446' title='bbox 2128 3107 2655 3181; x_wconf 75' lang='grc' dir='ltr'><strong>μεταμφιασάμενος</strong></span> <span class='ocrx_word' id='word_1_447' title='bbox 2685 3107 2776 3192; x_wconf 74' lang='grc' dir='ltr'><strong>ἵνα</strong></span> <span class='ocrx_word' id='word_1_448' title='bbox 2813 3109 2884 3176; x_wconf 85' lang='grc' dir='ltr'><strong>μὴ</strong></span> <span class='ocrx_word' id='word_1_449' title='bbox 2913 3105 3279 3174; x_wconf 77' lang='grc' dir='ltr'><strong>διαγνωσθείη</strong></span> <span class='ocrx_word' id='word_1_450' title='bbox 3309 3103 3388 3154; x_wconf 81' lang='grc' dir='ltr'><strong>ὢν</strong></span> <span class='ocrx_word' id='word_1_451' title='bbox 3421 3101 3681 3172; x_wconf 83' lang='grc' dir='ltr'><strong>βασιλεύς</strong></span> <span class='ocrx_word' id='word_1_452' title='bbox 3704 3112 3720 3127; x_wconf 90' lang='grc'><strong>·</strong></span> 
     </span>
    </p>
   </div>
   <div class='ocr_carea' id='block_1_65' title="bbox 444 3192 2023 3276">
    <p class='ocr_par' dir='ltr' id='par_1_65' title="bbox 444 3192 2023 3276">
     <span class='ocr_line' id='line_1_65' title="bbox 444 3192 2023 3276; baseline 0.012 -32"><span class='ocrx_word' id='word_1_453' title='bbox 444 3192 571 3246; x_wconf 90' lang='lat' dir='ltr'><strong>culo</strong></span> <span class='ocrx_word' id='word_1_454' title='bbox 611 3192 832 3250; x_wconf 89' lang='lat' dir='ltr'><strong>futurus</strong></span> <span class='ocrx_word' id='word_1_455' title='bbox 861 3205 1038 3260; x_wconf 85' lang='lat' dir='ltr'><strong>esset,</strong></span> <span class='ocrx_word' id='word_1_456' title='bbox 1080 3199 1443 3272; x_wconf 72' lang='lat' dir='ltr'><strong>Ecclesizeque</strong></span> <span class='ocrx_word' id='word_1_457' title='bbox 1477 3205 1747 3276; x_wconf 81' lang='lat' dir='ltr'><strong>tumultus</strong></span> <span class='ocrx_word' id='word_1_458' title='bbox 1787 3207 2023 3263; x_wconf 87' lang='lat' dir='ltr'><strong>occasio.</strong></span> 
     </span>
    </p>
   </div>
   <div class='ocr_carea' id='block_1_66' title="bbox 2127 3192 3720 3276">
    <p class='ocr_par' dir='ltr' id='par_1_66' title="bbox 2129 3195 3720 3273">
     <span class='ocr_line' id='line_1_66' title="bbox 2129 3195 3720 3273; baseline -0.007 -17"><span class='ocrx_word' id='word_1_459' title='bbox 2129 3203 2426 3273; x_wconf 83' lang='grc' dir='ltr'><strong>συμπαρῆν</strong></span> <span class='ocrx_word' id='word_1_460' title='bbox 2455 3201 2512 3253; x_wconf 74' lang='grc' dir='ltr'><strong>δὲ</strong></span> <span class='ocrx_word' id='word_1_461' title='bbox 2544 3201 2593 3252; x_wconf 87' lang='grc' dir='ltr'><strong>οἱ</strong></span> <span class='ocrx_word' id='word_1_462' title='bbox 2625 3203 2720 3253; x_wconf 77' lang='grc' dir='ltr'><strong>καὶ</strong></span> <span class='ocrx_word' id='word_1_463' title='bbox 2751 3201 2779 3253; x_wconf 90' lang='lat'><strong>6</strong></span> <span class='ocrx_word' id='word_1_464' title='bbox 2811 3197 3084 3259; x_wconf 80' lang='grc' dir='ltr'><strong>Θεόδοτος.</strong></span> <span class='ocrx_word' id='word_1_465' title='bbox 3115 3197 3182 3252; x_wconf 78' lang='grc'><strong>’0</strong></span> <span class='ocrx_word' id='word_1_466' title='bbox 3211 3195 3268 3249; x_wconf 84' lang='grc' dir='ltr'><strong>δὲ</strong></span> <span class='ocrx_word' id='word_1_467' title='bbox 3303 3195 3543 3266; x_wconf 71' lang='grc' dir='ltr'><strong>μοναχδς</strong></span> <span class='ocrx_word' id='word_1_468' title='bbox 3576 3195 3720 3248; x_wconf 68' lang='grc' dir='ltr'><strong>έκεῖ-</strong></span> 
     </span>
    </p>
   </div>
   <div class='ocr_carea' id='block_1_67' title="bbox 445 3281 2023 3364">
    <p class='ocr_par' dir='ltr' id='par_1_67' title="bbox 445 3281 2023 3364">
     <span class='ocr_line' id='line_1_67' title="bbox 445 3281 2023 3364; baseline 0.011 -29"><span class='ocrx_word' id='word_1_469' title='bbox 445 3281 582 3336; x_wconf 81' lang='lat' dir='ltr'><strong>Nam</strong></span> <span class='ocrx_word' id='word_1_470' title='bbox 617 3298 741 3339; x_wconf 89' lang='lat' dir='ltr'><strong>cum</strong></span> <span class='ocrx_word' id='word_1_471' title='bbox 773 3287 893 3355; x_wconf 87' lang='lat' dir='ltr'><strong>ejus</strong></span> <span class='ocrx_word' id='word_1_472' title='bbox 931 3291 1096 3358; x_wconf 86' lang='lat' dir='ltr'><strong>capiti</strong></span> <span class='ocrx_word' id='word_1_473' title='bbox 1129 3292 1382 3348; x_wconf 84' lang='lat' dir='ltr'><strong>diadema</strong></span> <span class='ocrx_word' id='word_1_474' title='bbox 1423 3295 1764 3364; x_wconf 88' lang='lat' dir='ltr'><strong>imponeret,</strong></span> <span class='ocrx_word' id='word_1_475' title='bbox 1801 3314 2023 3353; x_wconf 87' lang='lat' dir='ltr'><strong>manum</strong></span> 
     </span>
    </p>
   </div>
   <div class='ocr_carea' id='block_1_68' title="bbox 2127 3281 3729 3364">
    <p class='ocr_par' dir='ltr' id='par_1_68' title="bbox 2127 3287 3729 3362">
     <span class='ocr_line' id='line_1_68' title="bbox 2127 3287 3729 3362; baseline -0.004 -16"><span class='ocrx_word' id='word_1_476' title='bbox 2127 3311 2236 3357; x_wconf 88' lang='grc' dir='ltr'><strong>νος,</strong></span> <span class='ocrx_word' id='word_1_477' title='bbox 2287 3289 2376 3346; x_wconf 79' lang='grc' dir='ltr'><strong>οἷα</strong></span> <span class='ocrx_word' id='word_1_478' title='bbox 2427 3291 2592 3362; x_wconf 80' lang='grc' dir='ltr'><strong>δῆθεν</strong></span> <span class='ocrx_word' id='word_1_479' title='bbox 2640 3289 2986 3361; x_wconf 72' lang='grc' dir='ltr'><strong>προμυηθεὶς</strong></span> <span class='ocrx_word' id='word_1_480' title='bbox 3032 3290 3097 3343; x_wconf 73' lang='grc' dir='ltr'><strong>ὲκ</strong></span> <span class='ocrx_word' id='word_1_481' title='bbox 3145 3287 3240 3342; x_wconf 80' lang='grc' dir='ltr'><strong>τοῦ</strong></span> <span class='ocrx_word' id='word_1_482' title='bbox 3289 3287 3614 3357; x_wconf 85' lang='grc' dir='ltr'><strong>Πνεύματος</strong></span> <span class='ocrx_word' id='word_1_483' title='bbox 3661 3287 3729 3339; x_wconf 76' lang='grc' dir='ltr'><strong>τὸ</strong></span> 
     </span>
    </p>
   </div>
   <div class='ocr_carea' id='block_1_69' title="bbox 450 3377 2023 3452">
    <p class='ocr_par' dir='ltr' id='par_1_69' title="bbox 450 3377 2023 3452">
     <span class='ocr_line' id='line_1_69' title="bbox 450 3377 2023 3452; baseline 0.012 -25"><span class='ocrx_word' id='word_1_484' title='bbox 450 3389 605 3427; x_wconf 86' lang='lat' dir='ltr'><strong>suam</strong></span> <span class='ocrx_word' id='word_1_485' title='bbox 647 3377 822 3444; x_wconf 89' lang='lat' dir='ltr'><strong>spinis</strong></span> <span class='ocrx_word' id='word_1_486' title='bbox 857 3382 1151 3451; x_wconf 77' lang='lat' dir='ltr'><strong>compungi</strong></span> <span class='ocrx_word' id='word_1_487' title='bbox 1188 3385 1418 3452; x_wconf 82' lang='lat' dir='ltr'><strong>putavit.</strong></span> <span class='ocrx_word' id='word_1_488' title='bbox 1473 3387 1610 3440; x_wconf 89' lang='lat' dir='ltr'><strong>Dum</strong></span> <span class='ocrx_word' id='word_1_489' title='bbox 1647 3399 1831 3443; x_wconf 88' lang='lat' dir='ltr'><strong>autem</strong></span> <span class='ocrx_word' id='word_1_490' title='bbox 1874 3391 2023 3446; x_wconf 75' lang='lat' dir='ltr'><strong>Prm-</strong></span> 
     </span>
    </p>
   </div>
   <div class='ocr_carea' id='block_1_70' title="bbox 2127 3377 3721 3452">
    <p class='ocr_par' dir='ltr' id='par_1_70' title="bbox 2128 3377 3721 3450">
     <span class='ocr_line' id='line_1_70' title="bbox 2128 3377 3721 3450; baseline -0.003 -16"><span class='ocrx_word' id='word_1_491' title='bbox 2128 3381 2529 3449; x_wconf 87' lang='grc' dir='ltr'><strong>πλαττόμενον,</strong></span> <span class='ocrx_word' id='word_1_492' title='bbox 2562 3379 2640 3443; x_wconf 83' lang='grc' dir='ltr'><strong>ὡς</strong></span> <span class='ocrx_word' id='word_1_493' title='bbox 2673 3379 2899 3450; x_wconf 83' lang='grc' dir='ltr'><strong>βασιλέα</strong></span> <span class='ocrx_word' id='word_1_494' title='bbox 2929 3380 3196 3448; x_wconf 79' lang='grc' dir='ltr'><strong>προσεῖπε</strong></span> <span class='ocrx_word' id='word_1_495' title='bbox 3226 3377 3320 3431; x_wconf 76' lang='grc' dir='ltr'><strong>τὸν</strong></span> <span class='ocrx_word' id='word_1_496' title='bbox 3350 3377 3563 3431; x_wconf 87' lang='grc' dir='ltr'><strong>Λέοντα</strong></span> <span class='ocrx_word' id='word_1_497' title='bbox 3583 3418 3596 3440; x_wconf 92' lang='grc'><strong>,</strong></span> <span class='ocrx_word' id='word_1_498' title='bbox 3627 3377 3721 3430; x_wconf 85' lang='grc' dir='ltr'><strong>καὶ</strong></span> 
     </span>
    </p>
   </div>
   <div class='ocr_carea' id='block_1_71' title="bbox 447 3467 2023 3553">
    <p class='ocr_par' dir='ltr' id='par_1_71' title="bbox 447 3473 2023 3553">
     <span class='ocr_line' id='line_1_71' title="bbox 447 3473 2023 3553; baseline 0.011 -32"><span class='ocrx_word' id='word_1_499' title='bbox 447 3481 750 3523; x_wconf 84' lang='lat' dir='ltr'><strong>cunnesum</strong></span> <span class='ocrx_word' id='word_1_500' title='bbox 793 3473 1100 3528; x_wconf 85' lang='lat' dir='ltr'><strong>exsulatum</strong></span> <span class='ocrx_word' id='word_1_501' title='bbox 1142 3475 1462 3543; x_wconf 87' lang='lat' dir='ltr'><strong>abducitur,</strong></span> <span class='ocrx_word' id='word_1_502' title='bbox 1498 3479 1821 3553; x_wconf 79' lang='lat' dir='ltr'><strong>MagniAgri</strong></span> <span class='ocrx_word' id='word_1_503' title='bbox 1859 3482 2023 3539; x_wconf 80' lang='lat' dir='ltr'><strong>abbas</strong></span> 
     </span>
    </p>
   </div>
   <div class='ocr_carea' id='block_1_72' title="bbox 2127 3467 3723 3553">
    <p class='ocr_par' dir='ltr' id='par_1_72' title="bbox 2130 3467 3723 3540">
     <span class='ocr_line' id='line_1_72' title="bbox 2130 3467 3723 3540; baseline -0.005 -12"><span class='ocrx_word' id='word_1_504' title='bbox 2130 3473 2225 3538; x_wconf 83' lang='grc' dir='ltr'><strong>Μὴ</strong></span> <span class='ocrx_word' id='word_1_505' title='bbox 2261 3472 2487 3540; x_wconf 80' lang='grc' dir='ltr'><strong>κρύπτε</strong></span> <span class='ocrx_word' id='word_1_506' title='bbox 2518 3487 2636 3526; x_wconf 88' lang='grc' dir='ltr'><strong>σου</strong></span> <span class='ocrx_word' id='word_1_507' title='bbox 2656 3513 2670 3535; x_wconf 88' lang='grc'><strong>,</strong></span> <span class='ocrx_word' id='word_1_508' title='bbox 2704 3470 2840 3540; x_wconf 75' lang='grc' dir='ltr'><strong>φησὶ</strong></span> <span class='ocrx_word' id='word_1_509' title='bbox 2861 3510 2876 3530; x_wconf 85' lang='grc'><strong>,</strong></span> <span class='ocrx_word' id='word_1_510' title='bbox 2912 3471 2982 3524; x_wconf 85' lang='grc' dir='ltr'><strong>τὸ</strong></span> <span class='ocrx_word' id='word_1_511' title='bbox 3013 3469 3244 3538; x_wconf 79' lang='grc' dir='ltr'><strong>ἀξίωμα</strong></span> <span class='ocrx_word' id='word_1_512' title='bbox 3265 3512 3277 3533; x_wconf 88' lang='grc'><strong>,</strong></span> <span class='ocrx_word' id='word_1_513' title='bbox 3308 3469 3454 3538; x_wconf 81' lang='grc' dir='ltr'><strong>μήδ’</strong></span> <span class='ocrx_word' id='word_1_514' title='bbox 3482 3467 3723 3537; x_wconf 76' lang='grc' dir='ltr'><strong>ἀπατᾶν</strong></span> 
     </span>
    </p>
   </div>
   <div class='ocr_carea' id='block_1_73' title="bbox 446 3555 2023 3645">
    <p class='ocr_par' dir='ltr' id='par_1_73' title="bbox 446 3555 2023 3645">
     <span class='ocr_line' id='line_1_73' title="bbox 446 3555 2023 3645; baseline 0.013 -34"><span class='ocrx_word' id='word_1_515' title='bbox 446 3555 816 3629; x_wconf 87' lang='lat' dir='ltr'><strong>Theophanes</strong></span> <span class='ocrx_word' id='word_1_516' title='bbox 862 3563 1186 3630; x_wconf 82' lang='lat' dir='ltr'><strong>confessor,</strong></span> <span class='ocrx_word' id='word_1_517' title='bbox 1241 3573 1470 3626; x_wconf 87' lang='lat' dir='ltr'><strong>transitu</strong></span> <span class='ocrx_word' id='word_1_518' title='bbox 1517 3574 1666 3630; x_wconf 88' lang='lat' dir='ltr'><strong>illius</strong></span> <span class='ocrx_word' id='word_1_519' title='bbox 1705 3577 1903 3645; x_wconf 86' lang='lat' dir='ltr'><strong>spiritu</strong></span> <span class='ocrx_word' id='word_1_520' title='bbox 1937 3591 2023 3631; x_wconf 91' lang='lat' dir='ltr'><strong>co-</strong></span> 
     </span>
    </p>
   </div>
   <div class='ocr_carea' id='block_1_74' title="bbox 2127 3555 3722 3645">
    <p class='ocr_par' dir='ltr' id='par_1_74' title="bbox 2129 3560 3722 3631">
     <span class='ocr_line' id='line_1_74' title="bbox 2129 3560 3722 3631; baseline -0.004 -12"><span class='ocrx_word' id='word_1_521' title='bbox 2129 3563 2267 3619; x_wconf 70' lang='grc' dir='ltr'><strong>θέλε</strong></span> <span class='ocrx_word' id='word_1_522' title='bbox 2301 3562 2419 3631; x_wconf 78' lang='grc' dir='ltr'><strong>τὴν</strong></span> <span class='ocrx_word' id='word_1_523' title='bbox 2450 3560 2621 3631; x_wconf 74' lang='grc' dir='ltr'><strong>ἡμῶν</strong></span> <span class='ocrx_word' id='word_1_524' title='bbox 2652 3561 3039 3630; x_wconf 75' lang='grc' dir='ltr'><strong>οὐθενότητα.</strong></span> <span class='ocrx_word' id='word_1_525' title='bbox 3066 3562 3224 3616; x_wconf 83' lang='grc' dir='ltr'><strong>Ἰσθι</strong></span> <span class='ocrx_word' id='word_1_526' title='bbox 3259 3561 3328 3614; x_wconf 83' lang='grc' dir='ltr'><strong>δὲ</strong></span> <span class='ocrx_word' id='word_1_527' title='bbox 3357 3560 3446 3630; x_wconf 75' lang='grc' dir='ltr'><strong>μὴ</strong></span> <span class='ocrx_word' id='word_1_528' title='bbox 3484 3561 3621 3629; x_wconf 77' lang='grc' dir='ltr'><strong>περὶ</strong></span> <span class='ocrx_word' id='word_1_529' title='bbox 3653 3561 3722 3613; x_wconf 78' lang='grc' dir='ltr'><strong>τὸ</strong></span> 
     </span>
    </p>
   </div>
   <div class='ocr_carea' id='block_1_75' title="bbox 448 3649 2023 3736">
    <p class='ocr_par' dir='ltr' id='par_1_75' title="bbox 448 3651 2023 3736">
     <span class='ocr_line' id='line_1_75' title="bbox 448 3651 2023 3736; baseline 0.013 -34"><span class='ocrx_word' id='word_1_530' title='bbox 448 3651 605 3721; x_wconf 82' lang='lat' dir='ltr'><strong>gnito</strong></span> <span class='ocrx_word' id='word_1_531' title='bbox 631 3653 833 3723; x_wconf 89' lang='lat' dir='ltr'><strong>(neque</strong></span> <span class='ocrx_word' id='word_1_532' title='bbox 862 3656 1009 3712; x_wconf 87' lang='lat' dir='ltr'><strong>enint</strong></span> <span class='ocrx_word' id='word_1_533' title='bbox 1039 3659 1260 3717; x_wconf 89' lang='lat' dir='ltr'><strong>videbat</strong></span> <span class='ocrx_word' id='word_1_534' title='bbox 1283 3667 1557 3736; x_wconf 87' lang='lat' dir='ltr'><strong>sanctum)</strong></span> <span class='ocrx_word' id='word_1_535' title='bbox 1590 3668 1766 3722; x_wconf 89' lang='lat' dir='ltr'><strong>cereis</strong></span> <span class='ocrx_word' id='word_1_536' title='bbox 1791 3669 2023 3723; x_wconf 73' lang='lat' dir='ltr'><strong>incensis</strong></span> 
     </span>
    </p>
   </div>
   <div class='ocr_carea' id='block_1_76' title="bbox 2127 3649 3720 3736">
    <p class='ocr_par' dir='ltr' id='par_1_76' title="bbox 2127 3649 3720 3722">
     <span class='ocr_line' id='line_1_76' title="bbox 2127 3649 3720 3722; baseline -0.003 -13"><span class='ocrx_word' id='word_1_537' title='bbox 2127 3655 2315 3720; x_wconf 80' lang='grc' dir='ltr'><strong>σέϐας</strong></span> <span class='ocrx_word' id='word_1_538' title='bbox 2347 3653 2534 3722; x_wconf 82' lang='grc' dir='ltr'><strong>ὀρθῶς</strong></span> <span class='ocrx_word' id='word_1_539' title='bbox 2561 3653 2958 3722; x_wconf 75' lang='grc' dir='ltr'><strong>διακείμενος,</strong></span> <span class='ocrx_word' id='word_1_540' title='bbox 2991 3653 3130 3707; x_wconf 71' lang='grc' dir='ltr'><strong>ἀλλ’</strong></span> <span class='ocrx_word' id='word_1_541' title='bbox 3155 3649 3446 3719; x_wconf 80' lang='grc' dir='ltr'><strong>ἄντικρυς</strong></span> <span class='ocrx_word' id='word_1_542' title='bbox 3474 3653 3720 3705; x_wconf 67' lang='grc' dir='ltr'><strong>είόωλο-</strong></span> 
     </span>
    </p>
   </div>
   <div class='ocr_carea' id='block_1_77' title="bbox 447 3741 2023 3828">
    <p class='ocr_par' dir='ltr' id='par_1_77' title="bbox 447 3743 2023 3828">
     <span class='ocr_line' id='line_1_77' title="bbox 447 3743 2023 3828; baseline 0.012 -33"><span class='ocrx_word' id='word_1_543' title='bbox 447 3752 505 3795; x_wconf 88' lang='lat' dir='ltr'><strong>et</strong></span> <span class='ocrx_word' id='word_1_544' title='bbox 525 3743 729 3808; x_wconf 74' lang='lat' dir='ltr'><strong>sufﬁta,</strong></span> <span class='ocrx_word' id='word_1_545' title='bbox 753 3746 972 3802; x_wconf 87' lang='lat' dir='ltr'><strong>eminus</strong></span> <span class='ocrx_word' id='word_1_546' title='bbox 993 3766 1119 3804; x_wconf 89' lang='lat' dir='ltr'><strong>eum</strong></span> <span class='ocrx_word' id='word_1_547' title='bbox 1147 3754 1349 3822; x_wconf 81' lang='lat' dir='ltr'><strong>excipit</strong></span> <span class='ocrx_word' id='word_1_548' title='bbox 1379 3765 1434 3809; x_wconf 89' lang='lat' dir='ltr'><strong>et</strong></span> <span class='ocrx_word' id='word_1_549' title='bbox 1463 3758 1838 3827; x_wconf 82' lang='lat' dir='ltr'><strong>prosequitur,</strong></span> <span class='ocrx_word' id='word_1_550' title='bbox 1862 3769 2023 3828; x_wconf 77' lang='lat' dir='ltr'><strong>atque</strong></span> 
     </span>
    </p>
   </div>
   <div class='ocr_carea' id='block_1_78' title="bbox 2127 3741 3722 3828">
    <p class='ocr_par' dir='ltr' id='par_1_78' title="bbox 2127 3741 3722 3818">
     <span class='ocr_line' id='line_1_78' title="bbox 2127 3741 3722 3818; baseline -0.004 -14"><span class='ocrx_word' id='word_1_551' title='bbox 2127 3749 2364 3818; x_wconf 65' lang='grc' dir='ltr'><strong>,πατρῶν</strong></span> <span class='ocrx_word' id='word_1_552' title='bbox 2393 3750 2492 3803; x_wconf 76' lang='grc' dir='ltr'><strong>καί</strong></span> <span class='ocrx_word' id='word_1_553' title='bbox 2529 3748 2713 3814; x_wconf 79' lang='grc' dir='ltr'><strong>αὐτὸς</strong></span> <span class='ocrx_word' id='word_1_554' title='bbox 2749 3748 2845 3801; x_wconf 79' lang='grc' dir='ltr'><strong>καὶ</strong></span> <span class='ocrx_word' id='word_1_555' title='bbox 2883 3741 3046 3802; x_wconf 63' lang='grc' dir='ltr'><strong>ἅπαν</strong></span> <span class='ocrx_word' id='word_1_556' title='bbox 3078 3759 3179 3801; x_wconf 87' lang='grc' dir='ltr'><strong>σοι</strong></span> <span class='ocrx_word' id='word_1_557' title='bbox 3214 3746 3280 3800; x_wconf 82' lang='grc' dir='ltr'><strong>τὸ</strong></span> <span class='ocrx_word' id='word_1_558' title='bbox 3317 3745 3617 3810; x_wconf 80' lang='grc' dir='ltr'><strong>ὑπήκοον.</strong></span> <span class='ocrx_word' id='word_1_559' title='bbox 3653 3746 3722 3798; x_wconf 77' lang='lat' dir='ltr'><strong>Ei</strong></span> 
     </span>
    </p>
   </div>
   <div class='ocr_carea' id='block_1_79' title="bbox 451 3832 2023 3914">
    <p class='ocr_par' dir='ltr' id='par_1_79' title="bbox 451 3832 2023 3914">
     <span class='ocr_line' id='line_1_79' title="bbox 451 3832 2023 3914; baseline 0.01 -30"><span class='ocrx_word' id='word_1_560' title='bbox 451 3832 546 3888; x_wconf 90' lang='lat' dir='ltr'><strong>ille</strong></span> <span class='ocrx_word' id='word_1_561' title='bbox 577 3835 818 3889; x_wconf 87' lang='lat' dir='ltr'><strong>vicissim</strong></span> <span class='ocrx_word' id='word_1_562' title='bbox 848 3853 916 3891; x_wconf 83' lang='lat' dir='ltr'><strong>ex</strong></span> <span class='ocrx_word' id='word_1_563' title='bbox 947 3841 1072 3894; x_wconf 89' lang='lat' dir='ltr'><strong>navi</strong></span> <span class='ocrx_word' id='word_1_564' title='bbox 1103 3857 1228 3895; x_wconf 88' lang='lat' dir='ltr'><strong>eum</strong></span> <span class='ocrx_word' id='word_1_565' title='bbox 1266 3841 1420 3899; x_wconf 83' lang='lat' dir='ltr'><strong>ﬂexis</strong></span> <span class='ocrx_word' id='word_1_566' title='bbox 1447 3845 1678 3914; x_wconf 77' lang='lat' dir='ltr'><strong>genibus</strong></span> <span class='ocrx_word' id='word_1_567' title='bbox 1714 3856 2023 3914; x_wconf 80' lang='lat' dir='ltr'><strong>veneratur;</strong></span> 
     </span>
    </p>
   </div>
   <div class='ocr_carea' id='block_1_80' title="bbox 2127 3832 3719 3914">
    <p class='ocr_par' dir='ltr' id='par_1_80' title="bbox 2127 3836 3719 3913">
     <span class='ocr_line' id='line_1_80' title="bbox 2127 3836 3719 3913; baseline -0.003 -18"><span class='ocrx_word' id='word_1_568' title='bbox 2127 3843 2241 3913; x_wconf 76' lang='grc' dir='ltr'><strong>μὲν</strong></span> <span class='ocrx_word' id='word_1_569' title='bbox 2263 3837 2378 3898; x_wconf 78' lang='grc' dir='ltr'><strong>οὖν</strong></span> <span class='ocrx_word' id='word_1_570' title='bbox 2399 3841 2806 3910; x_wconf 79' lang='grc' dir='ltr'><strong>περιαιρήσεες</strong></span> <span class='ocrx_word' id='word_1_571' title='bbox 2829 3841 2902 3894; x_wconf 81' lang='grc' dir='ltr'><strong>τὰ</strong></span> <span class='ocrx_word' id='word_1_572' title='bbox 2924 3841 3147 3894; x_wconf 73' lang='grc' dir='ltr'><strong>εἴδωλα</strong></span> <span class='ocrx_word' id='word_1_573' title='bbox 3189 3839 3310 3893; x_wconf 79' lang='grc' dir='ltr'><strong>τῶν</strong></span> <span class='ocrx_word' id='word_1_574' title='bbox 3351 3836 3719 3906; x_wconf 73' lang='grc' dir='ltr'><strong>ἐκκλησιῶν,</strong></span> 
     </span>
    </p>
   </div>
   <div class='ocr_carea' id='block_1_81' title="bbox 450 3929 2023 4006">
    <p class='ocr_par' dir='ltr' id='par_1_81' title="bbox 450 3929 2023 4006">
     <span class='ocr_line' id='line_1_81' title="bbox 450 3929 2023 4006; baseline 0.01 -30"><span class='ocrx_word' id='word_1_575' title='bbox 450 3939 576 3976; x_wconf 91' lang='lat' dir='ltr'><strong>cum</strong></span> <span class='ocrx_word' id='word_1_576' title='bbox 599 3941 778 3994; x_wconf 82' lang='lat' dir='ltr'><strong>neque</strong></span> <span class='ocrx_word' id='word_1_577' title='bbox 811 3929 1021 3986; x_wconf 89' lang='lat' dir='ltr'><strong>videret</strong></span> <span class='ocrx_word' id='word_1_578' title='bbox 1057 3949 1236 4003; x_wconf 85' lang='lat' dir='ltr'><strong>neque</strong></span> <span class='ocrx_word' id='word_1_579' title='bbox 1269 3935 1568 3991; x_wconf 88' lang='lat' dir='ltr'><strong>videretur.</strong></span> <span class='ocrx_word' id='word_1_580' title='bbox 1604 3937 1758 4005; x_wconf 85' lang='lat' dir='ltr'><strong>Quod</strong></span> <span class='ocrx_word' id='word_1_581' title='bbox 1798 3939 2023 4006; x_wconf 82' lang='lat' dir='ltr'><strong>patriar-</strong></span> 
     </span>
    </p>
   </div>
   <div class='ocr_carea' id='block_1_82' title="bbox 2127 3929 3721 4006">
    <p class='ocr_par' dir='ltr' id='par_1_82' title="bbox 2129 3929 3721 4003">
     <span class='ocr_line' id='line_1_82' title="bbox 2129 3929 3721 4003; baseline -0.007 -10"><span class='ocrx_word' id='word_1_582' title='bbox 2129 3940 2302 3993; x_wconf 82' lang='grc' dir='ltr'><strong>ἔσται</strong></span> <span class='ocrx_word' id='word_1_583' title='bbox 2330 3952 2430 3990; x_wconf 86' lang='grc' dir='ltr'><strong>σοι</strong></span> <span class='ocrx_word' id='word_1_584' title='bbox 2461 3934 2558 3989; x_wconf 76' lang='grc' dir='ltr'><strong>καὶ</strong></span> <span class='ocrx_word' id='word_1_585' title='bbox 2589 3936 2627 4003; x_wconf 81' lang='grc' dir='ltr'><strong><em>ἠ</em></strong></span> <span class='ocrx_word' id='word_1_586' title='bbox 2663 3932 2773 4003; x_wconf 78' lang='grc' dir='ltr'><strong>ζωὴ</strong></span> <span class='ocrx_word' id='word_1_587' title='bbox 2807 3933 2904 3988; x_wconf 77' lang='grc' dir='ltr'><strong>καὶ</strong></span> <span class='ocrx_word' id='word_1_588' title='bbox 2934 3935 2972 4001; x_wconf 77' lang='grc' dir='ltr'><strong><em>ἠ</em></strong></span> <span class='ocrx_word' id='word_1_589' title='bbox 2995 3933 3288 3997; x_wconf 72' lang='grc' dir='ltr'><strong>,Βασιλεία</strong></span> <span class='ocrx_word' id='word_1_590' title='bbox 3319 3929 3628 3996; x_wconf 72' lang='grc' dir='ltr'><strong>πολυετὴς</strong></span> <span class='ocrx_word' id='word_1_591' title='bbox 3660 3945 3721 3982; x_wconf 82' lang='grc' dir='ltr'><strong>τε</strong></span> 
     </span>
    </p>
   </div>
   <div class='ocr_carea' id='block_1_83' title="bbox 448 4015 2023 4096">
    <p class='ocr_par' dir='ltr' id='par_1_83' title="bbox 448 4015 2023 4090">
     <span class='ocr_line' id='line_1_83' title="bbox 448 4015 2023 4090; baseline 0.01 -22"><span class='ocrx_word' id='word_1_592' title='bbox 448 4015 566 4068; x_wconf 71' lang='grc' dir='ltr'><strong>οΙιειο</strong></span> <span class='ocrx_word' id='word_1_593' title='bbox 594 4019 892 4074; x_wconf 88' lang='lat' dir='ltr'><strong>comitibus</strong></span> <span class='ocrx_word' id='word_1_594' title='bbox 912 4022 1337 4090; x_wconf 88' lang='lat' dir='ltr'><strong>admirantibus,</strong></span> <span class='ocrx_word' id='word_1_595' title='bbox 1365 4037 1422 4084; x_wconf 89' lang='lat' dir='ltr'><strong>et</strong></span> <span class='ocrx_word' id='word_1_596' title='bbox 1452 4029 1541 4084; x_wconf 90' lang='lat' dir='ltr'><strong>cui</strong></span> <span class='ocrx_word' id='word_1_597' title='bbox 1575 4029 1842 4085; x_wconf 89' lang='lat' dir='ltr'><strong>honorem</strong></span> <span class='ocrx_word' id='word_1_598' title='bbox 1871 4030 2023 4084; x_wconf 90' lang='lat' dir='ltr'><strong>illum</strong></span> 
     </span>
    </p>
   </div>
   <div class='ocr_carea' id='block_1_84' title="bbox 2127 4015 3722 4096">
    <p class='ocr_par' dir='ltr' id='par_1_84' title="bbox 2136 4021 3722 4096">
     <span class='ocr_line' id='line_1_84' title="bbox 2136 4021 3722 4096; baseline -0.005 -13"><span class='ocrx_word' id='word_1_599' title='bbox 2136 4029 2235 4084; x_wconf 77' lang='grc' dir='ltr'><strong>καί</strong></span> <span class='ocrx_word' id='word_1_600' title='bbox 2264 4029 2523 4096; x_wconf 79' lang='grc' dir='ltr'><strong>εὐτυχής</strong></span> <span class='ocrx_word' id='word_1_601' title='bbox 2545 4044 2558 4058; x_wconf 87' lang='grc'><strong>·</strong></span> <span class='ocrx_word' id='word_1_602' title='bbox 2585 4028 2635 4081; x_wconf 80' lang='grc' dir='ltr'><strong>εί</strong></span> <span class='ocrx_word' id='word_1_603' title='bbox 2664 4026 2733 4080; x_wconf 79' lang='grc' dir='ltr'><strong>δὲ</strong></span> <span class='ocrx_word' id='word_1_604' title='bbox 2752 4025 2838 4096; x_wconf 84' lang='grc' dir='ltr'><strong>μὴ</strong></span> <span class='ocrx_word' id='word_1_605' title='bbox 2867 4026 3064 4092; x_wconf 78' lang='grc' dir='ltr'><strong>τοῦτο,</strong></span> <span class='ocrx_word' id='word_1_606' title='bbox 3093 4025 3232 4079; x_wconf 70' lang='grc' dir='ltr'><em>ἀλλ’</em></span> <span class='ocrx_word' id='word_1_607' title='bbox 3247 4023 3452 4084; x_wconf 74' lang='grc' dir='ltr'><strong>ἔλπιζε</strong></span> <span class='ocrx_word' id='word_1_608' title='bbox 3478 4021 3722 4091; x_wconf 77' lang='grc' dir='ltr'><strong>ταχεῖαν</strong></span> 
     </span>
    </p>
   </div>
   <div class='ocr_carea' id='block_1_85' title="bbox 365 4107 2023 4192">
    <p class='ocr_par' dir='ltr' id='par_1_85' title="bbox 365 4107 2023 4192">
     <span class='ocr_line' id='line_1_85' title="bbox 365 4107 2023 4192; baseline 0.012 -35"><span class='ocrx_word' id='word_1_609' title='bbox 365 4110 370 4114; x_wconf 80' lang='grc'><strong>’</strong></span> <span class='ocrx_word' id='word_1_610' title='bbox 448 4107 722 4174; x_wconf 70' lang='lat' dir='ltr'><strong>praeberet</strong></span> <span class='ocrx_word' id='word_1_611' title='bbox 784 4117 1272 4184; x_wconf 88' lang='lat' dir='ltr'><strong>percontantibus,</strong></span> <span class='ocrx_word' id='word_1_612' title='bbox 1323 4122 1665 4190; x_wconf 85' lang='lat' dir='ltr'><strong>respondit:</strong></span> <span class='ocrx_word' id='word_1_613' title='bbox 1729 4121 2023 4192; x_wconf 78' lang='lat' dir='ltr'><strong>Confessori</strong></span> 
     </span>
    </p>
   </div>
   <div class='ocr_carea' id='block_1_86' title="bbox 2127 4107 3720 4192">
    <p class='ocr_par' dir='ltr' id='par_1_86' title="bbox 2136 4117 3720 4189">
     <span class='ocr_line' id='line_1_86' title="bbox 2136 4117 3720 4189; baseline -0.006 -13"><span class='ocrx_word' id='word_1_614' title='bbox 2136 4122 2252 4189; x_wconf 79' lang='grc' dir='ltr'><strong>τὴν</strong></span> <span class='ocrx_word' id='word_1_615' title='bbox 2293 4121 2597 4174; x_wconf 73' lang='grc' dir='ltr'><strong>ἔκπτωσιν</strong></span> <span class='ocrx_word' id='word_1_616' title='bbox 2638 4120 2738 4172; x_wconf 77' lang='grc' dir='ltr'><strong>καὶ</strong></span> <span class='ocrx_word' id='word_1_617' title='bbox 2781 4119 3023 4188; x_wconf 65' lang='grc' dir='ltr'><strong>ἀμφοῖν,</strong></span> <span class='ocrx_word' id='word_1_618' title='bbox 3073 4117 3170 4171; x_wconf 81' lang='grc' dir='ltr'><strong>καὶ</strong></span> <span class='ocrx_word' id='word_1_619' title='bbox 3217 4119 3371 4185; x_wconf 77' lang='grc' dir='ltr'><strong>πρὸς</strong></span> <span class='ocrx_word' id='word_1_620' title='bbox 3410 4118 3600 4183; x_wconf 75' lang='grc' dir='ltr'><strong>ταύτῃ</strong></span> <span class='ocrx_word' id='word_1_621' title='bbox 3645 4129 3720 4167; x_wconf 84' lang='grc' dir='ltr'><strong>σε</strong></span> 
     </span>
    </p>
   </div>
   <div class='ocr_carea' id='block_1_87' title="bbox 449 4197 2023 4280">
    <p class='ocr_par' dir='ltr' id='par_1_87' title="bbox 449 4197 2023 4280">
     <span class='ocr_line' id='line_1_87' title="bbox 449 4197 2023 4280; baseline 0.013 -28"><span class='ocrx_word' id='word_1_622' title='bbox 449 4197 753 4271; x_wconf 80' lang='lat' dir='ltr'><strong>Theophani</strong></span> <span class='ocrx_word' id='word_1_623' title='bbox 791 4205 978 4276; x_wconf 80' lang='lat' dir='ltr'><strong>Magni</strong></span> <span class='ocrx_word' id='word_1_624' title='bbox 1015 4207 1146 4280; x_wconf 83' lang='lat' dir='ltr'><strong>Agri</strong></span> <span class='ocrx_word' id='word_1_625' title='bbox 1198 4213 1418 4268; x_wconf 86' lang='lat' dir='ltr'><strong>abbati:</strong></span> <span class='ocrx_word' id='word_1_626' title='bbox 1451 4215 1854 4271; x_wconf 79' lang='lat' dir='ltr'><strong>confessionem</strong></span> <span class='ocrx_word' id='word_1_627' title='bbox 1891 4217 2023 4271; x_wconf 89' lang='lat' dir='ltr'><strong>vati-</strong></span> 
     </span>
    </p>
   </div>
   <div class='ocr_carea' id='block_1_88' title="bbox 2127 4197 3717 4280">
    <p class='ocr_par' dir='ltr' id='par_1_88' title="bbox 2137 4207 3717 4277">
     <span class='ocr_line' id='line_1_88' title="bbox 2137 4207 3717 4277; baseline -0.005 -11"><span class='ocrx_word' id='word_1_628' title='bbox 2137 4211 2423 4276; x_wconf 72' lang='grc' dir='ltr'><strong>κολάσεις</strong></span> <span class='ocrx_word' id='word_1_629' title='bbox 2458 4210 2683 4264; x_wconf 73' lang='grc' dir='ltr'><strong>αἱώνιοι</strong></span> <span class='ocrx_word' id='word_1_630' title='bbox 2722 4209 3116 4272; x_wconf 78' lang='grc' dir='ltr'><strong>διαδέξονται.</strong></span> <span class='ocrx_word' id='word_1_631' title='bbox 3161 4209 3274 4261; x_wconf 83' lang='grc' dir='ltr'><strong>Καὶ</strong></span> <span class='ocrx_word' id='word_1_632' title='bbox 3313 4209 3342 4261; x_wconf 92' lang='lat'><strong>6</strong></span> <span class='ocrx_word' id='word_1_633' title='bbox 3382 4209 3487 4277; x_wconf 83' lang='grc' dir='ltr'><strong>μὲν</strong></span> <span class='ocrx_word' id='word_1_634' title='bbox 3525 4207 3717 4276; x_wconf 77' lang='grc' dir='ltr'><strong>εἴρηκε</strong></span> 
     </span>
    </p>
   </div>
   <div class='ocr_carea' id='block_1_89' title="bbox 449 4289 2023 4376">
    <p class='ocr_par' dir='ltr' id='par_1_89' title="bbox 449 4289 1764 4376">
     <span class='ocr_line' id='line_1_89' title="bbox 449 4289 1764 4376; baseline 0.014 -33"><span class='ocrx_word' id='word_1_635' title='bbox 449 4289 689 4359; x_wconf 88' lang='lat' dir='ltr'><strong>cinatus,</strong></span> <span class='ocrx_word' id='word_1_636' title='bbox 726 4299 961 4354; x_wconf 90' lang='lat' dir='ltr'><strong>necdum</strong></span> <span class='ocrx_word' id='word_1_637' title='bbox 993 4305 1143 4356; x_wconf 89' lang='lat' dir='ltr'><strong>enim</strong></span> <span class='ocrx_word' id='word_1_638' title='bbox 1171 4319 1234 4359; x_wconf 91' lang='lat' dir='ltr'><strong>ea</strong></span> <span class='ocrx_word' id='word_1_639' title='bbox 1266 4305 1523 4376; x_wconf 82' lang='lat' dir='ltr'><strong>dignatus</strong></span> <span class='ocrx_word' id='word_1_640' title='bbox 1559 4306 1764 4362; x_wconf 87' lang='lat' dir='ltr'><strong>fuerat.</strong></span> 
     </span>
    </p>
   </div>
   <div class='ocr_carea' id='block_1_90' title="bbox 2127 4289 3722 4376">
    <p class='ocr_par' dir='ltr' id='par_1_90' title="bbox 2136 4297 3722 4370">
     <span class='ocr_line' id='line_1_90' title="bbox 2136 4297 3722 4370; baseline -0.006 -12"><span class='ocrx_word' id='word_1_641' title='bbox 2136 4303 2330 4358; x_wconf 80' lang='grc' dir='ltr'><strong>ταῦτα.</strong></span> <span class='ocrx_word' id='word_1_642' title='bbox 2365 4302 2423 4357; x_wconf 85' lang='lat'><strong>&#39;0</strong></span> <span class='ocrx_word' id='word_1_643' title='bbox 2463 4302 2521 4356; x_wconf 69' lang='grc' dir='ltr'><strong>δὲ</strong></span> <span class='ocrx_word' id='word_1_644' title='bbox 2576 4302 2727 4356; x_wconf 83' lang='grc' dir='ltr'><strong>Λέων</strong></span> <span class='ocrx_word' id='word_1_645' title='bbox 2755 4301 3044 4370; x_wconf 80' lang='grc' dir='ltr'><strong>θαυμάσας</strong></span> <span class='ocrx_word' id='word_1_646' title='bbox 3073 4301 3168 4354; x_wconf 78' lang='grc' dir='ltr'><strong>τὸν</strong></span> <span class='ocrx_word' id='word_1_647' title='bbox 3202 4300 3473 4370; x_wconf 74' lang='grc' dir='ltr'><strong>μοναχὸν,</strong></span> <span class='ocrx_word' id='word_1_648' title='bbox 3502 4299 3604 4368; x_wconf 73' lang='grc' dir='ltr'><strong>τῆς</strong></span> <span class='ocrx_word' id='word_1_649' title='bbox 3630 4297 3722 4366; x_wconf 68' lang='lat' dir='ltr'><strong>6i,-</strong></span> 
     </span>
    </p>
   </div>
   <div class='ocr_carea' id='block_1_91' title="bbox 449 4381 3717 4467">
    <p class='ocr_par' dir='ltr' id='par_1_91' title="bbox 449 4381 3717 4467">
     <span class='ocr_line' id='line_1_91' title="bbox 449 4381 3717 4467; baseline 0.002 -35"><span class='ocrx_word' id='word_1_650' title='bbox 449 4381 546 4433; x_wconf 87' lang='grc' dir='ltr'><strong>θεν</strong></span> <span class='ocrx_word' id='word_1_651' title='bbox 591 4388 957 4454; x_wconf 85' lang='grc' dir='ltr'><strong>προγνώσεως</strong></span> <span class='ocrx_word' id='word_1_652' title='bbox 996 4393 1155 4459; x_wconf 72' lang='grc' dir='ltr'><strong>(οὐδὲ</strong></span> <span class='ocrx_word' id='word_1_653' title='bbox 1197 4395 1308 4464; x_wconf 72' lang='grc' dir='ltr'><strong>γὰρ</strong></span> <span class='ocrx_word' id='word_1_654' title='bbox 1338 4395 1482 4462; x_wconf 80' lang='grc' dir='ltr'><strong>ἔγνω</strong></span> <span class='ocrx_word' id='word_1_655' title='bbox 1511 4397 1605 4450; x_wconf 80' lang='grc' dir='ltr'><strong>τοῦ</strong></span> <span class='ocrx_word' id='word_1_656' title='bbox 1630 4398 1889 4452; x_wconf 78' lang='grc' dir='ltr'><strong>Θεοδότου</strong></span> <span class='ocrx_word' id='word_1_657' title='bbox 1922 4398 1980 4452; x_wconf 77' lang='grc' dir='ltr'><strong>τὸ</strong></span> <span class='ocrx_word' id='word_1_658' title='bbox 2008 4394 2300 4467; x_wconf 84' lang='grc' dir='ltr'><strong>τύρευμα)</strong></span> <span class='ocrx_word' id='word_1_659' title='bbox 2334 4393 2450 4462; x_wconf 80' lang='grc' dir='ltr'><strong>ἥλω</strong></span> <span class='ocrx_word' id='word_1_660' title='bbox 2487 4395 2602 4456; x_wconf 79' lang='grc' dir='ltr'><strong>τοῖς</strong></span> <span class='ocrx_word' id='word_1_661' title='bbox 2636 4392 2851 4445; x_wconf 78' lang='grc' dir='ltr'><strong>ἐκείνου</strong></span> <span class='ocrx_word' id='word_1_662' title='bbox 2875 4393 3079 4459; x_wconf 83' lang='grc' dir='ltr'><strong>λόγοις,</strong></span> <span class='ocrx_word' id='word_1_663' title='bbox 3109 4393 3207 4445; x_wconf 77' lang='grc' dir='ltr'><strong>καὶ</strong></span> <span class='ocrx_word' id='word_1_664' title='bbox 3241 4393 3385 4447; x_wconf 75' lang='grc' dir='ltr'><strong>κατὰ</strong></span> <span class='ocrx_word' id='word_1_665' title='bbox 3420 4391 3533 4444; x_wconf 88' lang='grc' dir='ltr'><strong>τῶν</strong></span> <span class='ocrx_word' id='word_1_666' title='bbox 3559 4391 3717 4442; x_wconf 80' lang='grc' dir='ltr'><strong>θείων</strong></span> 
     </span>
    </p>
   </div>
   <div class='ocr_carea' id='block_1_92' title="bbox 448 4477 3718 4562">
    <p class='ocr_par' dir='ltr' id='par_1_92' title="bbox 448 4477 3718 4562">
     <span class='ocr_line' id='line_1_92' title="bbox 448 4477 3718 4562; baseline 0.003 -34"><span class='ocrx_word' id='word_1_667' title='bbox 448 4477 866 4548; x_wconf 78' lang='grc' dir='ltr'><strong>ὲκτυπωμάτων</strong></span> <span class='ocrx_word' id='word_1_668' title='bbox 898 4488 1240 4557; x_wconf 81' lang='grc' dir='ltr'><strong>σφοδρότατα</strong></span> <span class='ocrx_word' id='word_1_669' title='bbox 1276 4491 1535 4556; x_wconf 74' lang='grc' dir='ltr'><strong>ἔπνευσε,</strong></span> <span class='ocrx_word' id='word_1_670' title='bbox 1559 4493 1796 4562; x_wconf 82' lang='grc' dir='ltr'><strong>δόγματι</strong></span> <span class='ocrx_word' id='word_1_671' title='bbox 1843 4492 2053 4545; x_wconf 85' lang='grc' dir='ltr'><strong>τούτων</strong></span> <span class='ocrx_word' id='word_1_672' title='bbox 2085 4489 2354 4543; x_wconf 79' lang='grc' dir='ltr'><strong>πάντοθεν</strong></span> <span class='ocrx_word' id='word_1_673' title='bbox 2400 4488 2728 4559; x_wconf 79' lang='grc' dir='ltr'><strong>καθαίρεσιν</strong></span> <span class='ocrx_word' id='word_1_674' title='bbox 2784 4485 3338 4555; x_wconf 82' lang='grc' dir='ltr'><strong>καταψηφισάμενος.</strong></span> <span class='ocrx_word' id='word_1_675' title='bbox 3368 4483 3575 4537; x_wconf 80' lang='grc' dir='ltr'><strong>Ἤθελε</strong></span> <span class='ocrx_word' id='word_1_676' title='bbox 3606 4481 3718 4556; x_wconf 84' lang='grc'><strong>(90)</strong></span> 
     </span>
    </p>
   </div>
   <div class='ocr_carea' id='block_1_93' title="bbox 453 4569 3721 4654">
    <p class='ocr_par' dir='ltr' id='par_1_93' title="bbox 453 4569 3721 4654">
     <span class='ocr_line' id='line_1_93' title="bbox 453 4569 3721 4654; baseline 0.002 -32"><span class='ocrx_word' id='word_1_677' title='bbox 453 4569 640 4638; x_wconf 86' lang='grc' dir='ltr'><strong>μέντοι</strong></span> <span class='ocrx_word' id='word_1_678' title='bbox 662 4574 756 4626; x_wconf 80' lang='grc' dir='ltr'><strong>καὶ</strong></span> <span class='ocrx_word' id='word_1_679' title='bbox 781 4575 872 4627; x_wconf 83' lang='grc' dir='ltr'><strong>τὸν</strong></span> <span class='ocrx_word' id='word_1_680' title='bbox 904 4581 1255 4651; x_wconf 80' lang='grc' dir='ltr'><strong>πατριάρχην</strong></span> <span class='ocrx_word' id='word_1_681' title='bbox 1284 4581 1432 4653; x_wconf 82' lang='grc' dir='ltr'><strong>ἔχειν</strong></span> <span class='ocrx_word' id='word_1_682' title='bbox 1465 4583 1773 4654; x_wconf 82' lang='grc' dir='ltr'><strong>ὁμόψηφον.</strong></span> <span class='ocrx_word' id='word_1_683' title='bbox 1819 4585 1879 4637; x_wconf 90' lang='lat'><strong>&#39;0</strong></span> <span class='ocrx_word' id='word_1_684' title='bbox 1915 4583 1971 4635; x_wconf 84' lang='grc' dir='ltr'><strong>δὲ</strong></span> <span class='ocrx_word' id='word_1_685' title='bbox 1999 4582 2095 4636; x_wconf 77' lang='grc' dir='ltr'><strong>καὶ</strong></span> <span class='ocrx_word' id='word_1_686' title='bbox 2129 4580 2425 4651; x_wconf 76' lang='grc' dir='ltr'><strong>ἀντέλεγεν</strong></span> <span class='ocrx_word' id='word_1_687' title='bbox 2461 4579 2724 4650; x_wconf 84' lang='grc' dir='ltr'><strong>ίσχυρῶς,</strong></span> <span class='ocrx_word' id='word_1_688' title='bbox 2766 4581 2864 4634; x_wconf 71' lang='grc' dir='ltr'><strong>καὶ</strong></span> <span class='ocrx_word' id='word_1_689' title='bbox 2896 4579 3098 4642; x_wconf 75' lang='grc' dir='ltr'><strong>ἀσεϐὲς</strong></span> <span class='ocrx_word' id='word_1_690' title='bbox 3146 4577 3416 4648; x_wconf 82' lang='grc' dir='ltr'><strong>ὲξήλεγχε</strong></span> <span class='ocrx_word' id='word_1_691' title='bbox 3448 4579 3512 4629; x_wconf 75' lang='grc' dir='ltr'><strong>τὸ</strong></span> <span class='ocrx_word' id='word_1_692' title='bbox 3539 4577 3721 4645; x_wconf 79' lang='grc' dir='ltr'><strong>δόγμα</strong></span> 
     </span>
    </p>
   </div>
   <div class='ocr_carea' id='block_1_94' title="bbox 452 4664 3716 4748">
    <p class='ocr_par' dir='ltr' id='par_1_94' title="bbox 452 4664 3716 4748">
     <span class='ocr_line' id='line_1_94' title="bbox 452 4664 3716 4748; baseline 0.002 -30"><span class='ocrx_word' id='word_1_693' title='bbox 452 4664 552 4719; x_wconf 79' lang='grc' dir='ltr'><strong>καὶ</strong></span> <span class='ocrx_word' id='word_1_694' title='bbox 574 4666 757 4737; x_wconf 82' lang='grc' dir='ltr'><strong>λόγοις</strong></span> <span class='ocrx_word' id='word_1_695' title='bbox 797 4670 891 4724; x_wconf 78' lang='grc' dir='ltr'><strong>καὶ</strong></span> <span class='ocrx_word' id='word_1_696' title='bbox 921 4673 1272 4743; x_wconf 81' lang='grc' dir='ltr'><strong>γράμμασιν,</strong></span> <span class='ocrx_word' id='word_1_697' title='bbox 1319 4677 1380 4730; x_wconf 83' lang='lat'><strong>&#39;0</strong></span> <span class='ocrx_word' id='word_1_698' title='bbox 1403 4677 1679 4741; x_wconf 76' lang='grc' dir='ltr'><strong>θειότατος</strong></span> <span class='ocrx_word' id='word_1_699' title='bbox 1712 4669 1869 4740; x_wconf 73' lang='grc' dir='ltr'><strong>οὗτος</strong></span> <span class='ocrx_word' id='word_1_700' title='bbox 1895 4673 1964 4748; x_wconf 80' lang='grc' dir='ltr'><strong>ἦν</strong></span> <span class='ocrx_word' id='word_1_701' title='bbox 1997 4673 2337 4744; x_wconf 82' lang='grc' dir='ltr'><strong>Νικηφόρος,</strong></span> <span class='ocrx_word' id='word_1_702' title='bbox 2375 4672 2456 4727; x_wconf 79' lang='grc' dir='ltr'><strong>διὸ</strong></span> <span class='ocrx_word' id='word_1_703' title='bbox 2489 4677 2586 4727; x_wconf 71' lang='grc' dir='ltr'><strong>καὶ</strong></span> <span class='ocrx_word' id='word_1_704' title='bbox 2624 4673 2899 4744; x_wconf 72' lang='grc' dir='ltr'><strong>ὑπερορίᾳ</strong></span> <span class='ocrx_word' id='word_1_705' title='bbox 2961 4673 3296 4742; x_wconf 75' lang='grc' dir='ltr'><strong>κατακρίνει</strong></span> <span class='ocrx_word' id='word_1_706' title='bbox 3350 4670 3445 4724; x_wconf 76' lang='grc' dir='ltr'><strong>τὸν</strong></span> <span class='ocrx_word' id='word_1_707' title='bbox 3474 4672 3716 4726; x_wconf 72' lang='grc' dir='ltr'><strong>δίκαιον.</strong></span> 
     </span>
    </p>
   </div>
   <div class='ocr_carea' id='block_1_95' title="bbox 451 4760 3720 4840">
    <p class='ocr_par' dir='ltr' id='par_1_95' title="bbox 451 4760 3720 4840">
     <span class='ocr_line' id='line_1_95' title="bbox 451 4760 3720 4840; baseline 0.002 -20"><span class='ocrx_word' id='word_1_708' title='bbox 451 4760 692 4835; x_wconf 78' lang='grc' dir='ltr'><strong>Λέγεται</strong></span> <span class='ocrx_word' id='word_1_709' title='bbox 713 4766 768 4820; x_wconf 83' lang='grc' dir='ltr'><strong>δὲ</strong></span> <span class='ocrx_word' id='word_1_710' title='bbox 797 4765 1194 4838; x_wconf 87' lang='grc' dir='ltr'><strong>προαισθέσθαι</strong></span> <span class='ocrx_word' id='word_1_711' title='bbox 1225 4768 1318 4822; x_wconf 82' lang='grc' dir='ltr'><strong>τοῦ</strong></span> <span class='ocrx_word' id='word_1_712' title='bbox 1346 4769 1578 4833; x_wconf 83' lang='grc' dir='ltr'><strong>Λέοντος</strong></span> <span class='ocrx_word' id='word_1_713' title='bbox 1607 4769 1668 4823; x_wconf 81' lang='grc' dir='ltr'><strong>τὸ</strong></span> <span class='ocrx_word' id='word_1_714' title='bbox 1696 4770 2040 4840; x_wconf 84' lang='grc' dir='ltr'><strong>κακότροπον</strong></span> <span class='ocrx_word' id='word_1_715' title='bbox 2071 4772 2099 4824; x_wconf 92' lang='lat'><strong>6</strong></span> <span class='ocrx_word' id='word_1_716' title='bbox 2125 4770 2374 4840; x_wconf 74' lang='grc' dir='ltr'><strong>ἀοίδιμος</strong></span> <span class='ocrx_word' id='word_1_717' title='bbox 2405 4767 2746 4836; x_wconf 78' lang='grc' dir='ltr'><strong>Νικηφόρος,</strong></span> <span class='ocrx_word' id='word_1_718' title='bbox 2797 4764 2873 4828; x_wconf 79' lang='grc' dir='ltr'><strong>ὡς</strong></span> <span class='ocrx_word' id='word_1_719' title='bbox 2907 4763 3063 4816; x_wconf 72' lang='grc' dir='ltr'><strong>ἔσται</strong></span> <span class='ocrx_word' id='word_1_720' title='bbox 3093 4765 3208 4828; x_wconf 78' lang='grc' dir='ltr'><strong>τοῖς</strong></span> <span class='ocrx_word' id='word_1_721' title='bbox 3234 4763 3549 4834; x_wconf 67' lang='grc' dir='ltr'><strong>ὀρθοδόξοις</strong></span> <span class='ocrx_word' id='word_1_722' title='bbox 3591 4763 3720 4816; x_wconf 72' lang='grc' dir='ltr'><strong>σκό-</strong></span> 
     </span>
    </p>
   </div>
   <div class='ocr_carea' id='block_1_96' title="bbox 453 4853 3722 4933">
    <p class='ocr_par' dir='ltr' id='par_1_96' title="bbox 453 4853 3722 4933">
     <span class='ocr_line' id='line_1_96' title="bbox 453 4853 3722 4933; baseline -0.002 -17"><span class='ocrx_word' id='word_1_723' title='bbox 453 4857 558 4932; x_wconf 72' lang='grc' dir='ltr'><strong>λοψ</strong></span> <span class='ocrx_word' id='word_1_724' title='bbox 587 4863 684 4916; x_wconf 73' lang='grc' dir='ltr'><strong>καὶ</strong></span> <span class='ocrx_word' id='word_1_725' title='bbox 713 4860 972 4933; x_wconf 83' lang='grc' dir='ltr'><strong>κυδοιμοῦ</strong></span> <span class='ocrx_word' id='word_1_726' title='bbox 1001 4864 1125 4925; x_wconf 78' lang='grc' dir='ltr'><strong>ταῖς</strong></span> <span class='ocrx_word' id='word_1_727' title='bbox 1165 4861 1523 4932; x_wconf 82' lang='grc' dir='ltr'><strong>Ἐκκλησίαις</strong></span> <span class='ocrx_word' id='word_1_728' title='bbox 1551 4861 1713 4930; x_wconf 82' lang='grc' dir='ltr'><strong>λαδή.</strong></span> <span class='ocrx_word' id='word_1_729' title='bbox 1765 4861 1853 4913; x_wconf 88' lang='grc' dir='ltr'><strong>Ἐν</strong></span> <span class='ocrx_word' id='word_1_730' title='bbox 1900 4860 2011 4932; x_wconf 84' lang='grc' dir='ltr'><strong>γὰρ</strong></span> <span class='ocrx_word' id='word_1_731' title='bbox 2045 4860 2124 4932; x_wconf 76' lang='grc' dir='ltr'><strong>τῷ</strong></span> <span class='ocrx_word' id='word_1_732' title='bbox 2175 4858 2518 4929; x_wconf 87' lang='grc' dir='ltr'><strong>περιτιθέναι</strong></span> <span class='ocrx_word' id='word_1_733' title='bbox 2574 4859 2644 4928; x_wconf 81' lang='grc' dir='ltr'><strong>τῇ</strong></span> <span class='ocrx_word' id='word_1_734' title='bbox 2699 4857 2914 4928; x_wconf 81' lang='grc' dir='ltr'><strong>κεφαλῇ</strong></span> <span class='ocrx_word' id='word_1_735' title='bbox 2937 4855 3104 4910; x_wconf 81' lang='grc' dir='ltr'><strong>αὐτοῦ</strong></span> <span class='ocrx_word' id='word_1_736' title='bbox 3154 4855 3216 4908; x_wconf 80' lang='grc' dir='ltr'><strong>τὸ</strong></span> <span class='ocrx_word' id='word_1_737' title='bbox 3277 4853 3548 4926; x_wconf 83' lang='grc' dir='ltr'><strong>διάδημα,</strong></span> <span class='ocrx_word' id='word_1_738' title='bbox 3571 4855 3722 4920; x_wconf 83' lang='grc' dir='ltr'><strong>δόξαι</strong></span> 
     </span>
    </p>
   </div>
   <div class='ocr_carea' id='block_1_97' title="bbox 457 4947 3714 5026">
    <p class='ocr_par' dir='ltr' id='par_1_97' title="bbox 457 4947 3714 5026">
     <span class='ocr_line' id='line_1_97' title="bbox 457 4947 3714 5026; baseline -0.002 -19"><span class='ocrx_word' id='word_1_739' title='bbox 457 4954 702 5020; x_wconf 79' lang='grc' dir='ltr'><strong>ἀκάνθας</strong></span> <span class='ocrx_word' id='word_1_740' title='bbox 729 4956 1050 5026; x_wconf 78' lang='grc' dir='ltr'><strong>ἐμπαγῆναι</strong></span> <span class='ocrx_word' id='word_1_741' title='bbox 1079 4954 1244 5009; x_wconf 81' lang='grc' dir='ltr'><strong>αὑτοῦ</strong></span> <span class='ocrx_word' id='word_1_742' title='bbox 1275 4957 1340 5026; x_wconf 81' lang='grc' dir='ltr'><strong>τῇ</strong></span> <span class='ocrx_word' id='word_1_743' title='bbox 1364 4955 1533 5025; x_wconf 88' lang='grc' dir='ltr'><strong>χειρί.</strong></span> <span class='ocrx_word' id='word_1_744' title='bbox 1581 4955 1642 5010; x_wconf 86' lang='grc' dir='ltr'>Ὀ</span> <span class='ocrx_word' id='word_1_745' title='bbox 1673 4955 1772 5024; x_wconf 80' lang='grc' dir='ltr'><strong>μὲν</strong></span> <span class='ocrx_word' id='word_1_746' title='bbox 1801 4949 1897 5009; x_wconf 76' lang='grc' dir='ltr'><strong>οὖν</strong></span> <span class='ocrx_word' id='word_1_747' title='bbox 1926 4956 2173 5025; x_wconf 82' lang='grc' dir='ltr'><strong>ἀπήγετο</strong></span> <span class='ocrx_word' id='word_1_748' title='bbox 2205 4953 2344 5024; x_wconf 65' lang='grc' dir='ltr'><strong>προς</strong></span> <span class='ocrx_word' id='word_1_749' title='bbox 2397 4951 2799 5022; x_wconf 81' lang='grc' dir='ltr'><strong>Προικόννησον</strong></span> <span class='ocrx_word' id='word_1_750' title='bbox 2823 4949 3138 5018; x_wconf 81' lang='grc' dir='ltr'><strong>ὑπερόριος,</strong></span> <span class='ocrx_word' id='word_1_751' title='bbox 3165 4948 3195 5000; x_wconf 86' lang='lat'><strong>6</strong></span> <span class='ocrx_word' id='word_1_752' title='bbox 3231 4948 3290 5002; x_wconf 77' lang='grc' dir='ltr'><strong>δὲ</strong></span> <span class='ocrx_word' id='word_1_753' title='bbox 3321 4947 3418 5000; x_wconf 82' lang='grc' dir='ltr'><strong>τοῦ</strong></span> <span class='ocrx_word' id='word_1_754' title='bbox 3453 4949 3714 5016; x_wconf 68' lang='grc' dir='ltr'><strong>Μεγάλου</strong></span> 
     </span>
    </p>
   </div>
   <div class='ocr_carea' id='block_1_98' title="bbox 451 5043 3718 5125">
    <p class='ocr_par' dir='ltr' id='par_1_98' title="bbox 451 5043 3718 5125">
     <span class='ocr_line' id='line_1_98' title="bbox 451 5043 3718 5125; baseline -0.003 -20"><span class='ocrx_word' id='word_1_755' title='bbox 451 5049 652 5121; x_wconf 82' lang='grc' dir='ltr'><strong>Ἀγροῦ</strong></span> <span class='ocrx_word' id='word_1_756' title='bbox 688 5053 1123 5125; x_wconf 84' lang='grc' dir='ltr'><strong>καθηγούμενος,</strong></span> <span class='ocrx_word' id='word_1_757' title='bbox 1149 5053 1178 5105; x_wconf 94' lang='lat'><strong>6</strong></span> <span class='ocrx_word' id='word_1_758' title='bbox 1205 5051 1548 5122; x_wconf 82' lang='grc' dir='ltr'><strong>ὁμολογητὴς</strong></span> <span class='ocrx_word' id='word_1_759' title='bbox 1578 5053 1859 5123; x_wconf 67' lang='grc' dir='ltr'><strong>Θεοφάνης</strong></span> <span class='ocrx_word' id='word_1_760' title='bbox 1888 5053 2000 5122; x_wconf 81' lang='lat'><strong>(9|)</strong></span> <span class='ocrx_word' id='word_1_761' title='bbox 2035 5051 2113 5122; x_wconf 79' lang='grc' dir='ltr'><strong>τῷ</strong></span> <span class='ocrx_word' id='word_1_762' title='bbox 2138 5050 2414 5121; x_wconf 86' lang='grc' dir='ltr'><strong>πνεύματι</strong></span> <span class='ocrx_word' id='word_1_763' title='bbox 2448 5050 2548 5119; x_wconf 83' lang='grc' dir='ltr'><strong>τὴν</strong></span> <span class='ocrx_word' id='word_1_764' title='bbox 2576 5049 2789 5102; x_wconf 73' lang='grc' dir='ltr'><strong>ἐκείνου</strong></span> <span class='ocrx_word' id='word_1_765' title='bbox 2811 5046 2986 5100; x_wconf 88' lang='grc' dir='ltr'><strong>δίοδον</strong></span> <span class='ocrx_word' id='word_1_766' title='bbox 3013 5043 3274 5114; x_wconf 73' lang='grc' dir='ltr'><strong>ἐγνωκὼς</strong></span> <span class='ocrx_word' id='word_1_767' title='bbox 3304 5046 3321 5113; x_wconf 91' lang='grc'>(</span> <span class='ocrx_word' id='word_1_768' title='bbox 3340 5045 3402 5096; x_wconf 81' lang='grc' dir='ltr'><strong>ού</strong></span> <span class='ocrx_word' id='word_1_769' title='bbox 3429 5045 3544 5116; x_wconf 69' lang='grc' dir='ltr'><strong>γὰρ</strong></span> <span class='ocrx_word' id='word_1_770' title='bbox 3571 5044 3718 5116; x_wconf 74' lang='grc' dir='ltr'><strong>ἑώρα</strong></span> 
     </span>
    </p>
   </div>
   <div class='ocr_carea' id='block_1_99' title="bbox 457 5135 3718 5222">
    <p class='ocr_par' dir='ltr' id='par_1_99' title="bbox 457 5135 3718 5222">
     <span class='ocr_line' id='line_1_99' title="bbox 457 5135 3718 5222; baseline -0.005 -20"><span class='ocrx_word' id='word_1_771' title='bbox 457 5147 550 5202; x_wconf 85' lang='grc' dir='ltr'><strong>τὸν</strong></span> <span class='ocrx_word' id='word_1_772' title='bbox 579 5145 768 5220; x_wconf 76' lang='grc' dir='ltr'><strong>ἅγιον)</strong></span> <span class='ocrx_word' id='word_1_773' title='bbox 802 5151 1008 5221; x_wconf 80' lang='grc' dir='ltr'><strong>κηροὺς</strong></span> <span class='ocrx_word' id='word_1_774' title='bbox 1031 5149 1268 5222; x_wconf 83' lang='grc' dir='ltr'><strong>ἅνάψας,</strong></span> <span class='ocrx_word' id='word_1_775' title='bbox 1311 5151 1408 5205; x_wconf 73' lang='grc' dir='ltr'><strong>καὶ</strong></span> <span class='ocrx_word' id='word_1_776' title='bbox 1445 5149 1660 5222; x_wconf 84' lang='grc' dir='ltr'><strong>θυμιῶν</strong></span> <span class='ocrx_word' id='word_1_777' title='bbox 1693 5147 2006 5221; x_wconf 79' lang='grc' dir='ltr'><strong>πόρρωθεν,</strong></span> <span class='ocrx_word' id='word_1_778' title='bbox 2035 5145 2307 5212; x_wconf 77' lang='grc' dir='ltr'><strong>ἐδεξιοῦτο</strong></span> <span class='ocrx_word' id='word_1_779' title='bbox 2334 5144 2501 5198; x_wconf 76' lang='grc' dir='ltr'><strong>αὐτὸν</strong></span> <span class='ocrx_word' id='word_1_780' title='bbox 2533 5143 2629 5198; x_wconf 70' lang='grc' dir='ltr'><strong>καὶ</strong></span> <span class='ocrx_word' id='word_1_781' title='bbox 2651 5140 2979 5214; x_wconf 79' lang='grc' dir='ltr'><strong>προέπεμπε</strong></span> <span class='ocrx_word' id='word_1_782' title='bbox 3006 5155 3020 5169; x_wconf 76' lang='grc'><strong><em>⁸</em></strong></span> <span class='ocrx_word' id='word_1_783' title='bbox 3058 5139 3316 5201; x_wconf 72' lang='grc' dir='ltr'><strong>κάκεῖνος</strong></span> <span class='ocrx_word' id='word_1_784' title='bbox 3343 5135 3508 5200; x_wconf 76' lang='grc' dir='ltr'><strong>αὖθις</strong></span> <span class='ocrx_word' id='word_1_785' title='bbox 3534 5137 3601 5189; x_wconf 79' lang='grc' dir='ltr'><strong>ἐκ</strong></span> <span class='ocrx_word' id='word_1_786' title='bbox 3623 5137 3718 5207; x_wconf 81' lang='grc' dir='ltr'><strong>τῆς</strong></span> 
     </span>
    </p>
   </div>
   <div class='ocr_carea' id='block_1_100' title="bbox 1637 5283 2521 5346">
    <p class='ocr_par' dir='ltr' id='par_1_100' title="bbox 1637 5283 2521 5346">
     <span class='ocr_line' id='line_1_100' title="bbox 1637 5283 2521 5346; baseline 0 -4"><span class='ocrx_word' id='word_1_787' title='bbox 1637 5283 1842 5345; x_wconf 61' lang='lat' dir='ltr'><strong>Variae</strong></span> <span class='ocrx_word' id='word_1_788' title='bbox 1870 5283 2177 5346; x_wconf 85' lang='lat' dir='ltr'><strong>lectiones</strong></span> <span class='ocrx_word' id='word_1_789' title='bbox 2220 5287 2278 5344; x_wconf 77' lang='lat' dir='ltr'><strong>et</strong></span> <span class='ocrx_word' id='word_1_790' title='bbox 2328 5285 2521 5342; x_wconf 70' lang='lat' dir='ltr'><strong>notua.</strong></span> 
     </span>
    </p>
   </div>
   <div class='ocr_carea' id='block_1_101' title="bbox 534 5399 3724 5477">
    <p class='ocr_par' dir='ltr' id='par_1_101' title="bbox 534 5399 3724 5477">
     <span class='ocr_line' id='line_1_101' title="bbox 534 5399 3724 5477; baseline -0.003 -16"><span class='ocrx_word' id='word_1_791' title='bbox 534 5407 649 5477; x_wconf 89' lang='lat'><strong>(89)</strong></span> <span class='ocrx_word' id='word_1_792' title='bbox 717 5409 988 5477; x_wconf 80' lang='grc' dir='ltr'><strong>Ἕτερον.</strong></span> <span class='ocrx_word' id='word_1_793' title='bbox 1043 5409 1094 5464; x_wconf 84' lang='lat' dir='ltr'><strong>Is</strong></span> <span class='ocrx_word' id='word_1_794' title='bbox 1145 5409 1401 5467; x_wconf 80' lang='lat' dir='ltr'><strong>Sabatins</strong></span> <span class='ocrx_word' id='word_1_795' title='bbox 1447 5411 1766 5466; x_wconf 89' lang='lat' dir='ltr'><strong>vocabatur.</strong></span> <span class='ocrx_word' id='word_1_796' title='bbox 1813 5408 2034 5464; x_wconf 90' lang='lat' dir='ltr'><strong>Contin.</strong></span> <span class='ocrx_word' id='word_1_797' title='bbox 2069 5409 2118 5468; x_wconf 76' lang='grc' dir='ltr'><strong>Ι)</strong></span> <span class='ocrx_word' id='word_1_798' title='bbox 2217 5405 2328 5476; x_wconf 83' lang='grc'>(90)</span> <span class='ocrx_word' id='word_1_799' title='bbox 2362 5406 2598 5460; x_wconf 71' lang='grc' dir='ltr'><strong>Ἤθελε.</strong></span> <span class='ocrx_word' id='word_1_800' title='bbox 2637 5401 2915 5477; x_wconf 76' lang='lat' dir='ltr'><strong>Accersito</strong></span> <span class='ocrx_word' id='word_1_801' title='bbox 2960 5402 3016 5477; x_wconf 90' lang='lat' dir='ltr'><strong>S_.</strong></span> <span class='ocrx_word' id='word_1_802' title='bbox 3053 5401 3388 5477; x_wconf 80' lang='lat' dir='ltr'><strong>Nicephoro,</strong></span> <span class='ocrx_word' id='word_1_803' title='bbox 3429 5399 3544 5454; x_wconf 87' lang='lat' dir='ltr'><strong>Leo</strong></span> <span class='ocrx_word' id='word_1_804' title='bbox 3593 5399 3724 5477; x_wconf 81' lang='lat' dir='ltr'><strong>imp.</strong></span> 
     </span>
    </p>
   </div>
   <div class='ocr_carea' id='block_1_102' title="bbox 465 5469 3728 5554">
    <p class='ocr_par' dir='ltr' id='par_1_102' title="bbox 465 5469 3728 5554">
     <span class='ocr_line' id='line_1_102' title="bbox 465 5469 3728 5554; baseline -0.002 -24"><span class='ocrx_word' id='word_1_805' title='bbox 465 5469 719 5554; x_wconf 56' lang='lat' dir='ltr'><strong>Tlreoph.</strong></span> <span class='ocrx_word' id='word_1_806' title='bbox 756 5469 934 5543; x_wconf 77' lang='grc' dir='ltr'><strong>1ἰὶ).ἰ,</strong></span> <span class='ocrx_word' id='word_1_807' title='bbox 973 5494 1096 5549; x_wconf 90' lang='lat' dir='ltr'><strong>cap.</strong></span> <span class='ocrx_word' id='word_1_808' title='bbox 1141 5481 1224 5534; x_wconf 76' lang='grc' dir='ltr'><strong>Μ.</strong></span> <span class='ocrx_word' id='word_1_809' title='bbox 1275 5481 1511 5552; x_wconf 86' lang='lat' dir='ltr'><strong>Symeon</strong></span> <span class='ocrx_word' id='word_1_810' title='bbox 1551 5481 1761 5552; x_wconf 80' lang='lat' dir='ltr'><strong>logoth.</strong></span> <span class='ocrx_word' id='word_1_811' title='bbox 1800 5497 1859 5534; x_wconf 91' lang='lat' dir='ltr'><strong>n.</strong></span> <span class='ocrx_word' id='word_1_812' title='bbox 1902 5480 1935 5532; x_wconf 78' lang='lat'><strong>3</strong></span> <span class='ocrx_word' id='word_1_813' title='bbox 1985 5487 2043 5533; x_wconf 87' lang='lat' dir='ltr'><strong>ct</strong></span> <span class='ocrx_word' id='word_1_814' title='bbox 2147 5469 2425 5554; x_wconf 68' lang='lat' dir='ltr'><strong>colloquio</strong></span> <span class='ocrx_word' id='word_1_815' title='bbox 2457 5491 2580 5529; x_wconf 91' lang='lat' dir='ltr'><strong>cum</strong></span> <span class='ocrx_word' id='word_1_816' title='bbox 2616 5488 2694 5554; x_wconf 82' lang='lat' dir='ltr'><strong>eo</strong></span> <span class='ocrx_word' id='word_1_817' title='bbox 2735 5473 2945 5554; x_wconf 68' lang='lat' dir='ltr'><strong>habito,</strong></span> <span class='ocrx_word' id='word_1_818' title='bbox 2990 5475 3138 5554; x_wconf 76' lang='lat' dir='ltr'><strong>hunc</strong></span> <span class='ocrx_word' id='word_1_819' title='bbox 3175 5469 3227 5527; x_wconf 81' lang='lat' dir='ltr'><strong>in</strong></span> <span class='ocrx_word' id='word_1_820' title='bbox 3260 5487 3394 5554; x_wconf 71' lang='lat' dir='ltr'><strong>suas</strong></span> <span class='ocrx_word' id='word_1_821' title='bbox 3420 5479 3624 5554; x_wconf 65' lang='lat' dir='ltr'><strong>partes</strong></span> <span class='ocrx_word' id='word_1_822' title='bbox 3650 5469 3728 5554; x_wconf 78' lang='lat' dir='ltr'><strong>al-</strong></span> 
     </span>
    </p>
   </div>
   <div class='ocr_carea' id='block_1_103' title="bbox 2147 5541 3728 5612">
    <p class='ocr_par' dir='ltr' id='par_1_103' title="bbox 2147 5541 3728 5612">
     <span class='ocr_line' id='line_1_103' title="bbox 2147 5541 3728 5612; baseline -0.006 -11"><span class='ocrx_word' id='word_1_823' title='bbox 2147 5541 2324 5601; x_wconf 78' lang='lat' dir='ltr'><strong>licere</strong></span> <span class='ocrx_word' id='word_1_824' title='bbox 2345 5554 2576 5601; x_wconf 91' lang='lat' dir='ltr'><strong>conatus</strong></span> <span class='ocrx_word' id='word_1_825' title='bbox 2618 5551 2701 5598; x_wconf 87' lang='lat' dir='ltr'><strong>est</strong></span> <span class='ocrx_word' id='word_1_826' title='bbox 2734 5557 2748 5595; x_wconf 91' lang='lat'><strong>:</strong></span> <span class='ocrx_word' id='word_1_827' title='bbox 2791 5543 2923 5597; x_wconf 90' lang='lat' dir='ltr'><strong>illud</strong></span> <span class='ocrx_word' id='word_1_828' title='bbox 2961 5543 3214 5612; x_wconf 90' lang='lat' dir='ltr'><strong>pluribus</strong></span> <span class='ocrx_word' id='word_1_829' title='bbox 3253 5541 3550 5609; x_wconf 84' lang='lat' dir='ltr'><strong>descripsit</strong></span> <span class='ocrx_word' id='word_1_830' title='bbox 3577 5541 3634 5608; x_wconf 77' lang='lat' dir='ltr'><strong>lg</strong></span> <span class='ocrx_word' id='word_1_831' title='bbox 3671 5553 3728 5612; x_wconf 65' lang='lat' dir='ltr'><strong>ac</strong></span> 
     </span>
    </p>
   </div>
   <div class='ocr_carea' id='block_1_104' title="bbox 2151 5607 3724 5684">
    <p class='ocr_par' dir='ltr' id='par_1_104' title="bbox 2151 5607 3724 5684">
     <span class='ocr_line' id='line_1_104' title="bbox 2151 5607 3724 5684; baseline -0.001 -16"><span class='ocrx_word' id='word_1_832' title='bbox 2151 5617 2262 5671; x_wconf 88' lang='lat' dir='ltr'><strong>tius</strong></span> <span class='ocrx_word' id='word_1_833' title='bbox 2291 5617 2581 5680; x_wconf 84' lang='lat' dir='ltr'><strong>diaconus,</strong></span> <span class='ocrx_word' id='word_1_834' title='bbox 2627 5613 2682 5666; x_wconf 88' lang='lat' dir='ltr'><strong>in</strong></span> <span class='ocrx_word' id='word_1_835' title='bbox 2718 5613 2840 5669; x_wconf 80' lang='lat' dir='ltr'><strong>Vita</strong></span> <span class='ocrx_word' id='word_1_836' title='bbox 2890 5607 3142 5684; x_wconf 78' lang='lat' dir='ltr'><strong>ejusdem</strong></span> <span class='ocrx_word' id='word_1_837' title='bbox 3167 5607 3497 5674; x_wconf 76' lang='lat' dir='ltr'><strong>Nicephori,</strong></span> <span class='ocrx_word' id='word_1_838' title='bbox 3519 5607 3643 5679; x_wconf 85' lang='lat' dir='ltr'><strong>cap.</strong></span> <span class='ocrx_word' id='word_1_839' title='bbox 3671 5607 3724 5667; x_wconf 85' lang='lat'><em>6.</em></span> 
     </span>
    </p>
   </div>
   <div class='ocr_carea' id='block_1_105' title="bbox 2123 5686 3728 5827">
    <p class='ocr_par' dir='ltr' id='par_1_105' title="bbox 2123 5686 3728 5827">
     <span class='ocr_line' id='line_1_105' title="bbox 2123 5686 3728 5827; baseline -0.009 -14"><span class='ocrx_word' id='word_1_840' title='bbox 2123 5687 2202 5750; x_wconf 37' lang='lat'><strong>&#39;7’</strong></span> <span class='ocrx_word' id='word_1_841' title='bbox 2225 5686 2700 5827; x_wconf 49' lang='grc' dir='ltr'><strong>ὣῖἲόεοφὰνης.</strong></span> <span class='ocrx_word' id='word_1_842' title='bbox 2736 5753 3102 5812; x_wconf 80' lang='lat' dir='ltr'><strong>Continuator</strong></span> <span class='ocrx_word' id='word_1_843' title='bbox 3127 5751 3383 5823; x_wconf 82' lang='lat' dir='ltr'><strong>Theopb.</strong></span> <span class='ocrx_word' id='word_1_844' title='bbox 3420 5750 3460 5807; x_wconf 85' lang='lat' dir='ltr'><strong>l.</strong></span> <span class='ocrx_word' id='word_1_845' title='bbox 3490 5764 3532 5816; x_wconf 84' lang='grc' dir='ltr'><strong>ι,</strong></span> <span class='ocrx_word' id='word_1_846' title='bbox 3553 5764 3608 5803; x_wconf 78' lang='lat' dir='ltr'><strong>n.</strong></span> <span class='ocrx_word' id='word_1_847' title='bbox 3643 5745 3728 5801; x_wconf 80' lang='lat' dir='ltr'><strong>l6.</strong></span> 
     </span>
    </p>
   </div>
   <div class='ocr_carea' id='block_1_106' title="bbox 542 5616 2042 5690">
    <p class='ocr_par' dir='ltr' id='par_1_106' title="bbox 542 5616 2042 5690">
     <span class='ocr_line' id='line_1_106' title="bbox 542 5616 2042 5690; baseline 0.001 -20"><span class='ocrx_word' id='word_1_848' title='bbox 542 5616 992 5690; x_wconf 66' lang='lat' dir='ltr'><strong>(89‘)__Geoddtc_p.</strong></span> <span class='ocrx_word' id='word_1_849' title='bbox 1049 5618 1183 5672; x_wconf 77' lang='grc' dir='ltr'><strong>Ἀπὸ</strong></span> <span class='ocrx_word' id='word_1_850' title='bbox 1225 5619 1568 5690; x_wconf 75' lang='grc' dir='ltr'><strong>σπαθαρίων,</strong></span> <span class='ocrx_word' id='word_1_851' title='bbox 1610 5620 1692 5674; x_wconf 72' lang='lat' dir='ltr'><strong>Ea:</strong></span> <span class='ocrx_word' id='word_1_852' title='bbox 1730 5620 2042 5690; x_wconf 66' lang='lat' dir='ltr'><strong>spotltariis,</strong></span> 
     </span>
    </p>
   </div>
   <div class='ocr_carea' id='block_1_107' title="bbox 468 5686 2046 5770">
    <p class='ocr_par' dir='ltr' id='par_1_107' title="bbox 468 5686 2046 5770">
     <span class='ocr_line' id='line_1_107' title="bbox 468 5686 2046 5770; baseline 0.003 -31"><span class='ocrx_word' id='word_1_853' title='bbox 468 5686 624 5770; x_wconf 57' lang='lat' dir='ltr'><strong>apii-(l-</strong></span> <span class='ocrx_word' id='word_1_854' title='bbox 663 5687 1102 5742; x_wconf 77' lang='lat' dir='ltr'><strong>Theosterictum</strong></span> <span class='ocrx_word' id='word_1_855' title='bbox 1163 5690 1217 5744; x_wconf 92' lang='lat' dir='ltr'><strong>in</strong></span> <span class='ocrx_word' id='word_1_856' title='bbox 1263 5690 1383 5746; x_wconf 77' lang='lat' dir='ltr'><strong>Vita</strong></span> <span class='ocrx_word' id='word_1_857' title='bbox 1418 5686 1495 5746; x_wconf 61' lang='lat' dir='ltr'><strong>&#39;S.</strong></span> <span class='ocrx_word' id='word_1_858' title='bbox 1546 5686 1766 5748; x_wconf 47' lang='lat' dir='ltr'><strong>Nicetaa&#39;</strong></span> <span class='ocrx_word' id='word_1_859' title='bbox 1794 5688 2046 5747; x_wconf 80' lang='lat' dir='ltr'><strong>Confess.</strong></span> 
     </span>
    </p>
   </div>
   <div class='ocr_carea' id='block_1_108' title="bbox 476 5771 646 5810">
    <p class='ocr_par' dir='ltr' id='par_1_108' title="bbox 476 5771 646 5810">
     <span class='ocr_line' id='line_1_108' title="bbox 476 5771 646 5810; baseline 0.018 -3"><span class='ocrx_word' id='word_1_860' title='bbox 476 5771 533 5808; x_wconf 72' lang='grc' dir='ltr'><strong>τι.</strong></span> <span class='ocrx_word' id='word_1_861' title='bbox 560 5771 646 5810; x_wconf 77' lang='grc' dir='ltr'><strong>οι.</strong></span> 
     </span>
    </p>
   </div>
  </div>
