3994 6246
567 337 704 396 1375

1815 329 2135 392 JOANNIS
2177 326 2501 388 ZONARE

3675 325 3812 390 1376

558 445 855 517 aliquando
897 443 1082 500 divina
1117 443 1270 498 Isaia:
1313 443 1483 498 verba
1513 442 1603 498 illa
1651 441 1706 496 in
1758 442 2002 498 Ecclesia
2056 458 2134 495 re-

2256 440 2539 513 Ἠγρίαινε
2574 441 2686 512 (96)
2719 441 2826 510 γὰρ
2857 439 3046 494 τοῦτον
3077 440 3241 504 αὐτὸς
3289 442 3316 494 6
3350 438 3631 504 Θεόδοτος,
3665 442 3764 494 καὶ
3791 446 3814 490 σε

559 541 865 594 citarentur
895 553 910 589 :
943 537 1040 591 Cui
1087 534 1424 589 assimilastis
1463 534 1776 588 Dominum?
1808 533 1947 588 Num
1996 536 2134 587 ima-

560 633 736 702 ginem
783 630 896 699 ejus
949 629 1074 697 facit
1114 628 1281 697 faber,
1338 637 1430 682 aut
1481 629 1690 697 aurifex
1735 629 2134 682 similitudinem

562 738 674 801 ejus
704 729 964 800 paravit?
995 738 1051 783 et
1084 729 1293 797 reliqua
1327 731 1370 794 ‘,
1415 729 1666 789 accessit.
1710 738 1766 782 et
1813 727 2131 798 imperatori

562 819 618 872 itt
651 833 838 872 aurem
867 817 1006 871 dixit
1030 836 1042 871 :
1071 819 1210 872 Audi
1236 820 1566 888 prophetam,
1599 819 1838 881 Domine,
1872 821 2020 888 eique
2046 818 2136 871 ob-

564 921 817 982 tempera.
875 912 953 966 Ex
1005 927 1072 966 eo
1125 911 1260 966 citra
1310 912 1700 966 verecundiam
1763 911 1873 966 Leo
1931 923 2133 966 sectam

559 1002 712 1058 illam
749 1003 1080 1065 sectabatur,
1112 1003 1318 1072 quique
1357 1003 1623 1072 impietati
1655 1005 1776 1075 ejus
1819 1020 1927 1058 non
1975 1004 2134 1059 cede-

563 1093 726 1158 bant,
772 1094 928 1164 132
971 1103 1028 1148 et
1074 1095 1379 1151 dilacerare
1426 1107 1482 1152 et
1524 1096 1790 1152 devorare
1833 1097 2132 1167 cupiebat:

559 1186 727 1238 etiam
765 1186 1007 1255 alioquin
1032 1202 1210 1244 saevus
1237 1196 1290 1241 et
1322 1188 1652 1258 implacabili
1686 1190 1766 1243 ira
1807 1197 1996 1244 contra
2040 1188 2135 1243 de-

561 1277 894 1346 linquentes,
931 1279 1002 1333 ob
1027 1279 1240 1335 modica
1269 1280 1467 1334 delicta
1495 1295 1688 1350 pcenas
1728 1292 1944 1337 atroces
1990 1281 2132 1337 irro-

561 1385 717 1439 gans.
755 1372 940 1426 Talem
973 1371 1138 1442 igitur
1185 1387 1243 1426 se
1289 1371 1402 1426 Leo
1436 1373 1674 1442 przebuit
1724 1389 1852 1443 erga
1905 1374 2026 1443 pios
2078 1385 2136 1430 ct

561 1462 703 1515 alios
732 1463 934 1530 quibus
971 1462 1216 1517 offensus
1249 1472 1387 1517 erat.
1438 1464 1498 1518 In
1539 1464 1820 1532 republica
1867 1480 2000 1519 vero
2037 1463 2134 1519 ad-

563 1551 927 1606 ministranda
973 1568 1081 1607 non
1129 1555 1309 1623 segnis
1341 1563 1493 1618 erat,
1539 1556 1632 1609 Sed
1679 1571 1806 1611 acer
1843 1557 2133 1611 admodum

562 1651 620 1696 et
650 1643 901 1711 vigilans,
940 1644 1284 1714 injuriosque
1331 1646 1641 1701 coercebat.
1675 1647 1876 1703 Oratus
1910 1649 2075 1719 igitur
2103 1664 2134 1703 a

563 1732 804 1800 quodam
862 1734 956 1801 qui
1013 1750 1238 1789 uxorem
1285 1751 1314 1790 a
1377 1747 1632 1792 senatore
1707 1739 1945 1808 quodam
2027 1739 2130 1794 sibi

567 1833 778 1895 raptam
827 1841 951 1881 esse
1009 1827 1366 1896 querebatur,
1419 1838 1475 1883 et
1532 1829 1769 1884 addebat
1822 1845 1879 1885 se
1933 1831 2137 1884 frustra

565 1916 808 1985 praefecti
879 1932 1041 1986 opem
1113 1919 1434 1988 implorasse
1490 1935 1505 1975 :
1559 1921 1794 1976 crimine
1869 1921 2138 1992 probato,

565 2007 749 2060 statim
795 2008 1054 2076 praefecto
1105 2017 1431 2078 potestatem
1474 2011 1778 2083 abrogavit,
1835 2023 2142 2083 raptorem-

565 2113 672 2166 que
700 2098 915 2168 legibus
948 2101 1290 2170 puniendum
1340 2103 1587 2159 tradidit.
1638 2105 1984 2175 Magistratus
2031 2115 2142 2160 tam

565 2187 756 2242 civiles
793 2204 958 2258 quam
995 2191 1290 2258 militares,
1319 2193 1535 2249 delectu
1569 2211 1634 2250 ex
1666 2197 1890 2265 optimis
1931 2197 2143 2264 habito,

539 2278 915 2343 .conl'erebat,
960 2281 1443 2353 Romanarumque
1491 2286 1899 2355 provinciarum
1951 2288 2146 2358 praetc-

565 2377 756 2423 cturas
793 2385 972 2441 neque
999 2374 1230 2442 pecunia
1269 2389 1472 2430 venum
1509 2377 1840 2446 exponebat,
1876 2395 2056 2450 neque
2077 2397 2145 2436 ex

565 2459 742 2532 gratia
779 2463 914 2518 viris
955 2464 1157 2534 ineptis
1192 2465 1258 2519 ad
1300 2467 1652 2537 magistratus
1689 2479 1784 2525 aut
1820 2473 2002 2527 avaris
2027 2513 2040 2537 ,
2089 2481 2145 2528 et

559 2549 654 2619 jus
704 2553 936 2620 pecunia
995 2556 1362 2614 vendentibus
1430 2558 1791 2629 largiebatur.
1868 2562 2026 2629 Quod
2098 2566 2142 2619 si

563 2641 732 2697 etiam
765 2661 913 2702 nunc
948 2646 1123 2715 ﬁeret,
1159 2665 1248 2705 res
1280 2650 1423 2706 bene
1448 2666 1508 2708 se
1546 2652 1835 2709 haberent.

2239 537 2348 589 τῶν
2377 535 2454 606 τῷ
2491 534 2756 606 βασιλικῷ
2784 532 3001 588 κοιτῶνι
3037 533 3480 605 κεκληρωμένων
3512 535 3816 604 τηνικαῦτα

2239 633 2314 684 ὣν
2343 631 2672 702 χορολέκτης
2707 630 2736 698 ῆ
2770 631 3067 699 χοράρχης,
3101 626 3161 681 ὃν
3211 627 3612 697 πρωτοψάλτην
3648 627 3816 694 παρέ-

2239 723 2371 776 λαϐε
2421 724 2608 776 καλεῖν
2639 723 2672 792 ἡ
2711 720 2994 792 συνήθεια.
3027 718 3213 782 Οὕτως
3242 720 3348 800 γὰρ
3386 719 3485 788 τῆς
3513 719 3625 770 τῶν
3660 718 3817 769 Εἰκο-

2238 815 2490 885 νομάχων
2518 814 2782 884 αἱρέσεως
2805 814 2905 882 τὴν
2935 810 3162 882 θολερὲω
3194 811 3513 882 ἀνατροπὴν
3539 813 3624 874 εἰς
3656 811 3815 880 κόρον

2240 907 2401 972 πιὼν,
2436 907 2658 977 ἠρέθιζε
2693 906 2784 958 τὸν
2819 903 3040 975 βασιλέα
3079 902 3422 974 πανταχόθεν
3453 903 3553 964 τὰς
3596 903 3815 965 εἰκόνας

2241 999 2533 1070 περιελεῖν.
2589 997 2700 1052 Καί
2750 1013 2882 1051 ποτε
2930 996 3039 1049 τῶν
3083 994 3179 1048 τοῦ
3232 995 3460 1048 Ἡσαΐου
3499 993 3614 1063 (97)
3657 995 3815 1047 θείων

2241 1092 2436 1160 φωνῶν
2481 1089 3003 1160 ἀναγινωσκομένων
3055 1088 3143 1141 ἐπ’
3203 1088 3536 1157 ἐκκλησίας,
3594 1088 3652 1142 αἴ
3723 1089 3813 1141 λέ-

2239 1201 2437 1255 γουσι·
2483 1183 2610 1239 Τίνι
2650 1184 2993 1254 ὼμοιώσατε
3036 1183 3146 1236 τὸν
3176 1185 3433 1249 Κύριυν;
3468 1182 3563 1248 Μὴ
3611 1185 3814 1241 εἰκόνα

2239 1276 2490 1342 ἐποίησε
2547 1275 2789 1340 τέκτων,
2837 1275 2876 1343 ἣ
2937 1275 3277 1344 χρυσοχόος
3344 1272 3610 1340 ὁμοίωμα
3674 1290 3813 1325 κατ-

2239 1370 2581 1424 εσκεύασεν
2615 1367 2828 1434 uerti);
2874 1369 2968 1420 καὶ
3006 1365 3075 1419 τὰ
3125 1366 3338 1437 ἐφεξῆς.
3387 1366 3717 1434 Προσελθὼν
3744 1365 3814 1432 τῷ

2243 1459 2453 1528 βασιλεῖ
2488 1460 2623 1528 πρὸς
2673 1453 2769 1522 οὖς
2815 1457 2918 1527 ἔφη
2941 1474 2955 1488 ·
2988 1457 3265 1525 Πρόσχες
3299 1455 3378 1521 τῷ
3424 1456 3734 1526 προφήτῃ,
3773 1453 3818 1510 ὦ

2241 1550 2536 1615 δέσποτα,
2589 1549 2688 1603 καί
2733 1551 2925 1612 τούτῳ
2977 1549 3209 1604 πείθου.
3257 1548 3546 1602 Ἐντεῦθεν
3605 1551 3816 1618 ἀπηρν-

2242 1645 2584 1714 θριασμένως
2614 1647 2641 1697 6
2685 1645 2836 1697 Λέων
2867 1645 2969 1714 τῆς
2999 1645 3264 1716 αίρέσεως
3295 1644 3495 1714 εἴχετο,
3543 1645 3644 1696 καὶ
3695 1647 3815 1705 τοὺς

2247 1736 2322 1803 μὴ
2379 1737 2446 1803 τῇ
2505 1734 2734 1804 ἀσεϐείᾳ
2787 1735 2956 1788 αὐτοῦ
3008 1735 3424 1798 ύποκύπτοντας
3477 1734 3818 1802 διασπαράσ-

2242 1841 2355 1878 σειν
2388 1824 2496 1896 (98)
2534 1826 2626 1878 καὶ
2663 1824 2950 1895 λαφύσσαν
2981 1826 3264 1895 ἡπείγετου
3298 1826 3472 1896 βαρὺς
3503 1826 3563 1879 δὲ
3596 1827 3694 1878 καὶ
3727 1827 3815 1878 ἀ).-

2237 1916 2364 1980 λως,
2418 1915 2514 1968 καὶ
2566 1916 2943 1986 ἀπαραίτητος
2995 1918 3096 1986 τὴν
3141 1917 3315 1988 ὀργὴν
3369 1921 3485 1981 τοῖς
3529 1918 3817 1970 πταίουσιν

2237 2003 2328 2079 ἦν,
2362 2008 2456 2059 καὶ
2505 2007 2601 2060 ἐπὶ
2654 2010 2898 2078 μετρίοις
2944 2007 3255 2078 πταίσμασι
3290 2009 3522 2079 βαρείας
3567 2007 3817 2069 κολάσεις

2241 2099 2704 2168 ἀποφαινόμενος.
2741 2098 3000 2161 Τοιοῦτος
3041 2101 3142 2169 μὲν
3170 2096 3236 2170 ἦν
3285 2100 3314 2152 6
3346 2100 3502 2153 Λέων
3535 2101 3672 2168 περὶ
3699 2102 3817 2160 τοὺς

2243 2192 2509 2256 εὐσεϐεῖς,
2553 2194 2648 2244 καὶ
2695 2192 2823 2254 τοὺς
2861 2191 3055 2254 ἄλλους
3092 2192 3618 2262 προσκεκρουκότας
3653 2190 3814 2256 αύτῷ.

2245 2283 2393 2344 Τέως
2431 2283 2477 2336 δ’
2511 2281 2602 2335 οὖν
2627 2280 2739 2352 (99)
2783 2281 2912 2350 περὶ
2944 2281 3044 2351 τὴν
3071 2282 3186 2333 τῶν
3219 2282 3417 2334 κοινῶν
3450 2281 3729 2351 διοίκησιν
3759 2281 3815 2332 ού

2242 2375 2420 2444 νωθὴς
2467 2369 2553 2444 ἦν,
2598 2373 2734 2426 ἀλλὰ
2767 2373 2862 2425 καὶ
2893 2371 3016 2424 λίαν
3043 2375 3341 2442 ἐγρήγορε,
3392 2375 3490 2424 καὶ
3531 2372 3665 2432 τοὺς
3710 2370 3818 2422 ἀδι-

2241 2465 2475 2529 κοῦντας
2521 2465 2830 2521 ἀνέστελλε.
2885 2464 3183 2536 Δεηθέντος
3241 2462 3338 2518 οὖν
3392 2480 3562 2529 τινος,
3607 2463 3685 2524 ὡς
3729 2461 3817 2514 τοῦ

2243 2563 2468 2631 γυναίου
2510 2560 2676 2614 αὐτοῦ
2726 2561 2877 2632 παρά
2901 2578 2996 2614 του
3028 2560 3135 2613 τῶν
3169 2561 3266 2631 τῆς
3300 2558 3620 2628 συγκλήτου
3645 2559 3811 2625 ἁρπα-

2242 2659 2456 2727 γέντος,
2479 2655 2862 2726 προσθεμένου
2891 2655 2951 2708 δὲ
2983 2656 3076 2707 καὶ
3107 2654 3186 2724 τῷ
3212 2652 3442 2722 ἐπάρχῳ
3471 2649 3816 2720 προσελθεῖν,

537 2737 647 2805 -μὴ
696 2736 882 2802 μέντοι
940 2743 1125 2812 τυχεῖν
1187 2743 1563 2814 ἐκδικήσεως·
1596 2745 1720 2798 ἐπεὶ
1771 2746 1832 2799 τὸ
1884 2745 2140 2818 ἔγκλημα
2207 2748 2575 2811 ἀποδέδεικτο,
2627 2747 2721 2800 τὸν
2763 2746 2863 2816 μὲν
2909 2746 3150 2815 ἔπαρχον
3188 2744 3434 2798 ἔπαυσεν
3505 2743 3676 2805 εὐθὺς
3727 2740 3820 2807 τῆς

568 2829 764 2899 ἀρχῆς,
802 2830 894 2883 τὸν
926 2831 983 2884 δὲ
1006 2833 1106 2901 τὴν
1135 2833 1394 2904 ἁρπαγὴν
1419 2835 1896 2907 πλημμελήσαντα
1959 2839 2172 2903 ἐξέδοτο
2209 2839 2460 2910 νομίμως
2505 2837 3004 2905 κολασθησόμενον.
3077 2836 3381 2905 ΙἈρχοντας
3431 2834 3491 2888 δὲ
3535 2834 3634 2888 καὶ
3668 2851 3822 2903 στρα·

565 2922 855 2985 τιωτικοὺς
888 2924 984 2976 καὶ
1015 2924 1328 2991 πολιτικοὺς
1357 2927 1675 2998 ἀριστίνδην
1703 2930 2147 2999 προεχειρίξετο,
2188 2933 2282 2985 καὶ
2316 2932 2414 2994 τὰς
2447 2929 2553 2982 τῶν
2610 2929 2714 2982 ὑπὸ
2767 2927 3073 2998 Ῥωμαίους
3107 2925 3275 2981 ἐθνῶν
3327 2928 3638 2999 ἡγεμονίας
3704 2927 3822 2981 οὔτε

565 3016 868 3086 χρημάτων
907 3016 1104 3079 ὠνίους
1133 3019 1445 3089 προύτίθει,
1503 3019 1627 3074 οὔτε
1675 3023 1810 3092 πρὸς
1857 3021 2017 3092 χάριν
2065 3024 2258 3090 ἐδίδου,
2336 3027 2410 3097 μὴ
2483 3025 2616 3095 πρὸς
2649 3023 2822 3092 ἀρχὰς
2881 3021 3185 3090 πεφυκόσιν
3217 3020 3501 3090 ἀνδράσιν,
3539 3021 3573 3090 ἢ
3608 3023 3821 3092 χρημά-

568 3123 674 3159 των
703 3108 916 3178 ἡττοσι,
946 3111 1043 3162 καὶ
1071 3110 1285 3175 τούτοις
1314 3111 1630 3182 προδιδοῦσι
1688 3115 1750 3168 τὺ
1775 3115 2008 3171 δίκαιον.
2061 3115 2122 3170 Ei
2154 3117 2212 3170 δὲ
2253 3120 2349 3172 καὶ
2405 3118 2500 3174 νῦν
2530 3116 2684 3172 ταῦθ’
2705 3115 2878 3178 οὕτως
2922 3109 3090 3184 εἶχεν,
3134 3107 3283 3182 εἶχον
3319 3113 3383 3166 ἂν
3419 3111 3607 3178 καλῶς
3641 3115 3736 3167 καὶ
3763 3119 3826 3170 τὰ

571 3200 900 3269 πράγματα.
1111 3256 1114 3257 ,

638 3289 782 3344 XXI.
823 3289 1053 3345 Michael
1102 3305 1235 3347 vero
1280 3292 1480 3348 Balbus
1521 3294 1747 3352 Amorio
1793 3308 1966 3364 ortus,
2019 3315 2140 3354 cum

2319 3299 2452 3352 ΚΜ.
2501 3293 2723 3365 Μιχαὴλ
2757 3293 2814 3346 δὲ
2847 3294 2874 3346 6
2935 3290 3182 3362 Τραυλὸς
3231 3292 3259 3343 6
3305 3288 3365 3354 ἐξ
3413 3289 3705 3360 Ἀμορίου,
3739 3289 3824 3343 ἐπὶ

569 3382 636 3436 ad
667 3397 920 3453 magnam
965 3382 1241 3438 fortunam
1279 3387 1648 3457 pervenisset,
1705 3406 1768 3445 ac
1813 3401 2012 3462 praeter
2039 3394 2140 3449 alia

2247 3389 2392 3460 μέγα
2427 3385 2600 3456 τύχης
2648 3383 2862 3454 ἀρθεὶς,
2908 3381 3046 3451 πρὸς
3094 3380 3152 3434 δὲ
3189 3382 3311 3442 ταῖς
3359 3379 3556 3442 ἄλλαις
3607 3382 3825 3443 κακίαις

569 3473 702 3528 vitia
776 3473 1018 3544 linguam
1094 3476 1262 3530 etiam
1323 3478 1786 3550 intemperantem
1871 3483 2140 3552 haberet,

2246 3479 2340 3534 καὶ
2371 3477 2629 3547 γλῶσσαν
2658 3477 2800 3546 ἔχων
2830 3476 3154 3537 ἀκόλαστον,
3185 3473 3447 3544 διεϐλήθη
3478 3473 3562 3542 τῷ
3595 3473 3822 3537 βασιλεῖ,

568 3564 784 3620 delatus
816 3573 900 3621 est
928 3566 1074 3636 apud
1106 3567 1522 3637 imperatorem,
1552 3572 1709 3641 quasi
1741 3574 1881 3629 clam
1915 3575 2140 3632 insidias

2246 3571 2319 3634 ὡς
2345 3572 2493 3626 κακὰ
2526 3570 2647 3623 κατ’
2675 3567 2840 3622 αὑτοῦ
2881 3566 3292 3638 βυσσοδομεύων
3328 3567 3424 3619 καὶ
3468 3567 3826 3636 τεκταινόμε-

567 3658 618 3714 ei
659 3666 933 3726 strueret,
973 3675 1037 3714 ac
1085 3661 1386 3730 perniciem
1434 3663 1744 3720 moliretur.
1819 3667 1893 3721 Ea
1945 3667 2145 3723 delatio

571 3749 748 3818 pridie
793 3750 914 3819 ejus
944 3750 1055 3805 diei
1105 3750 1246 3806 facta
1286 3761 1402 3816 est,
1448 3768 1559 3823 quo
1603 3754 1804 3810 festum
1831 3757 2147 3813 Nativitatis

567 3841 773 3897 Christi
813 3840 1058 3896 Ecclesia
1085 3842 1366 3897 celebrare
1398 3845 1708 3900 consuevit.
1750 3846 1944 3902 Statim
1981 3849 2149 3918 igitur

571 3938 1072 4008 comprehenditur,
1123 3940 1424 4011 imperator
1477 3943 1594 4013 ipse
1641 3943 1905 4013 quaesitor
1952 3959 2143 3999 earum

569 4044 754 4084 rerum
781 4045 1014 4099 quarum
1064 4040 1353 4086 accusatus
1386 4039 1508 4086 erat
1532 4071 1548 4096 ,
1578 4033 1856 4100 praesidet.
1905 4033 2146 4088 Convin-

569 4120 716 4175 citur
764 4121 832 4176 ab
866 4123 1281 4177 accusatoribus
1326 4123 1594 4188 Michael,
1635 4123 1867 4179 crimina
1925 4133 1982 4180 et
2030 4125 2145 4194 ipse

571 4215 866 4266 comitetur
897 4229 912 4266 :
947 4212 1344 4270 condemnatur
1373 4223 1431 4269 ut
1470 4214 1579 4285 igni
1617 4223 1926 4279 cremetur,
1966 4214 2143 4269 alidu-

570 4305 714 4356 citur
747 4312 808 4357 ut
845 4303 1252 4360 comburendos
1282 4323 1296 4359 :
1331 4305 1487 4362 locus
1525 4306 1797 4375 supplicio
1834 4306 2144 4361 destinatus

570 4399 692 4446 erat
745 4393 925 4449 balnei
979 4395 1115 4480 regii
1159 4397 1408 4452 caminus
1454 4416 1467 4452 :
1505 4399 1757 4468 sequitur
1804 4398 2139 4468 imperator,

572 4481 688 4534 sive
739 4483 886 4550 quod
940 4483 1062 4538 aliis
1115 4486 1444 4555 supplicium
1506 4503 1614 4541 non
1676 4489 1979 4553 credebat,
2027 4489 2142 4544 sive

491 4589 507 4604 -
572 4569 716 4638 quod
766 4571 914 4626 illius
957 4573 1181 4630 interitu
1215 4577 1519 4633 laetabatur.
1567 4579 1638 4633 At
1687 4579 2026 4649 imperatrix,
2072 4597 2141 4636 eo

2247 3681 2362 3727 νος.
2415 3662 2527 3716 Καὶ
2571 3663 2602 3734 ή
2643 3661 2867 3730 διαϐολὴ
2900 3661 3008 3731 πρὸ
3033 3660 3131 3729 τῆς
3166 3659 3385 3730 ἡμέρας
3419 3658 3670 3725 ἐγένετο,
3704 3661 3762 3711 ὲν

2247 3755 2346 3826 τὴν
2393 3757 2450 3808 έν
2498 3756 2664 3822 σαρκὶ
2693 3755 2788 3808 τοῦ
2829 3754 3037 3824 Κυρίου
3077 3753 3274 3821 γένναν
3311 3753 3600 3823 ἑορτάζειν
3633 3755 3668 3820 ἡ
3712 3753 3826 3806 Ἐκ-

2247 3849 2446 3920 κλησία
2477 3847 2810 3918 παρέλαϐεν.
2841 3847 3050 3900 Λύτίκα
3078 3845 3263 3899 τοίνυν
3288 3847 3316 3898 6
3352 3845 3455 3915 μὲν
3486 3845 3823 3912 συνελήφθη·

2247 3943 2274 3995 6
2312 3941 2371 3994 δὲ
2413 3940 2664 4011 βασιλεὺς
2707 3940 2818 3993 τῶν
2857 3940 2980 3993 κατ’
3017 3937 3184 3992 αὐτοῦ
3227 3936 3586 4008 μηνυθέντων
3645 3937 3827 3999 ἑξεταο

2251 4035 2384 4105 στὴς
2425 4034 2810 4104 προεκάθισεν.
2854 4033 3172 4103 Ἐλέγχεται
3223 4033 3375 4103 παρὰ
3425 4032 3539 4084 τῶν
3596 4048 3828 4100 κατηγο-

2251 4130 2495 4196 ρούντων
2521 4127 2548 4179 6
2575 4125 2819 4196 Μιχαὴλ,
2856 4124 3166 4180 συντίθεται
3211 4125 3301 4178 καὶ
3331 4125 3517 4187 αὐτὸς,
3565 4125 3828 4195 κατακρί-

2249 4232 2405 4268 νεται
2446 4214 2680 4269 θάνατον
2710 4215 2806 4268 καὶ
2838 4216 3070 4269 θάνατον
3096 4215 3189 4268 τὸν
3215 4215 3306 4268 διὰ
3339 4215 3517 4286 πυρός
3540 4232 3555 4248 ·
3585 4215 3829 4284 ἀπήγετο

2250 4307 2690 4378 καυθησόμενος,
2739 4309 2840 4361 καὶ
2894 4308 3062 4370 τόπος
3094 4308 3196 4376 τῆς
3223 4307 3502 4377 τιμωρίας
3553 4305 3829 4375 ἀιρὼριστο

2251 4398 2410 4469 ήτοῦ
2455 4401 2515 4452 ὲν
2562 4401 2675 4460 τοῖς
2715 4398 3010 4467 βασιλείοις
3057 4399 3289 4470 λουτροῦ
3338 4398 3612 4468 κάμινος·
3651 4399 3829 4450 εἵπετο

2251 4491 2344 4542 καὶ
2370 4490 2398 4540 6
2425 4487 2700 4558 βασιλεὺς,
2730 4489 2762 4559 ἢ
2797 4489 2874 4560 μὴ
2905 4491 3178 4541 πιστεύων
3221 4487 3396 4557 ἑτέρῳ
3425 4485 3527 4556 τὴν
3562 4486 3830 4554 τιμωρίαν

2250 4578 2346 4632 τοῦ
2399 4580 2642 4650 Μιχαὴλ,
2693 4579 2726 4650 ἢ
2780 4580 3116 4651 ἐφηδόμενος
3166 4578 3244 4650 τῷ
3275 4578 3490 4647 ὀλέθρῳ
3537 4576 3732 4632 αὐτοῦ.
3770 4575 3829 4626 Ἦ

573 4659 811 4729 cognito,
865 4661 920 4716 id
972 4662 1186 4720 facinus
1228 4667 1576 4736 prohibebat,
1628 4670 1886 4724 maritum
1939 4673 2140 4741 partim

2247 4673 2304 4726 δέ
2339 4689 2401 4740 γε
2435 4672 2725 4742 βασίλισσα
2751 4671 2913 4725 τοῦτο
2947 4670 3154 4740 γνοῦσα
3188 4671 3290 4742 τὴν
3325 4670 3536 4740 πρᾶξιν
3566 4667 3826 4729 ἐκώλυσε,

573 4765 740 4806 orans
773 4760 832 4807 ut
873 4752 1116 4808 damnati
1163 4756 1487 4826 supplicium
1528 4767 1751 4830 propter
1786 4761 1987 4816 festum
2032 4761 2141 4817 dif-

651 4887 666 4919 ¹
698 4885 804 4942 lsa.
833 4901 982 4952 XLVI,
1011 4886 1066 4948 5,
1099 4885 1153 4942 6.

2253 4764 2328 4833 πῆ
2360 4763 2460 4834 μὲν
2494 4763 2729 4834 δεομένη
2760 4763 2856 4817 τού
2889 4762 3210 4830 ξυνευνὲτου
3245 4761 3595 4835 ὑπερθέσθαι
3621 4761 3712 4814 διὰ
3738 4759 3830 4826 τὴν

1733 5004 1932 5068 Variae
1966 5004 2274 5067 lectiones
2321 5011 2382 5066 et
2429 5013 2621 5067 noue.

649 5127 764 5200 (96)
820 5129 1117 5200 Ἡγρίαινε
1170 5125 1304 5198 γάρ.
1350 5129 1713 5200 Continuatpr
1777 5130 2150 5197 Theophanis,

575 5195 673 5256 lib;
712 5195 753 5271 I,
781 5216 836 5271 η.ἶ
858 5195 934 5271 20
961 5215 974 5252 :
1015 5195 1360 5271 :Avs66iirtce
1385 5200 1441 5254 δέ
1466 5217 1585 5264 πως
1611 5195 1723 5253 οἷον
1749 5201 1843 5271 καὶ
1880 5195 2150 5270 ἐξεφύσηὲ

579 5286 670 5321 σεν
702 5269 780 5328 είς
812 5267 945 5338 ὕψος
974 5267 1152 5339 Ααῐρων
1178 5267 1351 5323 αὑτὸν
1378 5301 1445 5310 -—-
1472 5271 1500 5322 6
1541 5271 1635 5322 τοῦ
1668 5269 1813 5337 ἱεροῦ
1866 5267 2151 5338 συστήμα-

577 5339 756 5420 τόςΙτε
795 5337 912 5420 καί,
935 5337 1140 5420 κλήρου
1176 5340 1284 5420 τῶν
1301 5339 1619 5420 ’.βασιλικῶν
1637 5340 1833 5420 ἀὐλῶν
1883 5337 2147 5420 ἀρχηγός.

578 5406 734 5479 _Uud_e
787 5406 1067 5479 colligitur
1122 5409 1266 5476 apud
1301 5406 1567 5465 Zonarain
1601 5409 1694 5460 τὸν
1725 5409 1834 5462 τῶν
1878 5406 2149 5479 τῷβίασι-

578 5474 715 5542 λικῷ
743 5476 972 5548 κοιτῶνι
1003 5474 1442 5548 κεκληρωμένων
1481 5478 1852 5548 Χαρολέκτην,
1895 5474 2002 5533 εἰς.
2039 5495 2149 5534 non

577 5545 1078 5617 esseAcubiculqriis
1122 5545 1457 5617 prwfcctum,
1505 5545 1584 5602 uti
1632 5545 1873 5602 verterat
1923 5549 2143 5603 llieron.

584 5611 831 5688 Wolﬁus,
874 5615 968 5670 sed
995 5611 1192 5688 clerici
1234 5611 1470 5688 'palatini
1511 5618 1838 5688 privignum,
1879 5632 1976 5688 seu
2022 5635 2145 5688 pro-

587 5679 886 5764 lapsaltem,
931 5679 1383 5764 uti-restittiiittus
1413 5679 1694 5764 :_pioin_d§
1730 5679 1833 5764 hoc
1877 5679 2146 5764 loco'xot-

588 5753 696 5804 τὼν
720 5765 820 5819 pro
861 5753 1059 5809 sacello
1090 5755 1346 5822 sumitur,
1381 5753 1633 5826 uti—apud
1664 5757 1889 5818 Latinos
1921 5757 2141 5813 infcrio-

2249 5129 2325 5185 ris
2359 5130 2461 5186 :evi
2502 5132 2818 5196 cubiculum,
2854 5133 2937 5188 vel
2963 5142 3111 5189 certe
3157 5149 3262 5203 pro
3291 5134 3414 5202 ipso
3445 5135 3677 5202 palatio,
3715 5150 3828 5188 nam

2249 5211 2305 5255 et
2333 5203 2533 5269 κλῆρος
2565 5203 2656 5256 τοῦ
2690 5204 2949 5256 παλατὶου
2983 5221 3090 5258 non
3117 5205 3286 5259 semel
3316 5206 3594 5258 occurrit.

2323 5273 2583 5344 (97)]οῦ
2627 5274 2898 5328 Ἡσαΐου.
2948 5273 3083 5344 Cap.
3111 5275 3200 5337 40,
3243 5290 3303 5328 n.
3335 5273 3424 5328 18.
3478 5274 3620 5330 Vide
3652 5273 3820 5329 Conti-

2247 5342 2402 5413 nuat.
2431 5342 2683 5413 Theoph.

2321 5412 2460 5484 (98),
2493 5411 3006 5481 Διάσπαράσσειν.
3057 5413 3191 5469 Vide
3224 5412 3601 5484 Theodorum
3654 5414 3822 5470 Studi-

2250 5483 2626 5569 ιθιιξνίίξελιι,
2685 5485 2849 5554 epist.
2902 5485 2990 5549 14,
3030 5487 3172 5555 apud
3221 5483 3526 5538 Baronium
3569 5501 3664 5540 an.
3711 5484 3824 5546 817,

2253 5553 2438 5692 θ’(ῗὶῗ)
2473 5555 2640 5689 Οῒξεῖως
2675 5618 2809 5678 οὖν.
2844 5623 3044 5679 Leonis
3087 5623 3320 5678 virtutes
3353 5623 3616 5691 politicas
3644 5639 3821 5679 recen-

2253 5703 2337 5750 set
2377 5693 2542 5750 etiam
2579 5695 2883 5751 continuat.
2919 5694 2960 5750 Τ
2967 5693 3292 5765 hcophanis,
3326 5695 3426 5752 lib.
3466 5711 3506 5761 ι,
3542 5711 3601 5751 ιι.
3648 5696 3733 5751 l9.
