3994 6246
202 317 332 382 1371

1436 317 1846 380 ANNALIUM
1889 317 2038 380 LIB.
2084 321 2208 381 XV.

3325 320 3466 385 I373

199 429 392 501 ἑορτὴν
424 426 517 480 τοῦ
566 427 902 501 κατακρίτου
933 428 1034 500 τὴν
1065 425 1306 482 κόλασινο
1345 428 1424 499 πῆ
1451 430 1506 482 δὲ
1534 431 1629 484 καὶ
1657 435 1786 500 ορα-

1893 431 2083 492 ferret,
2116 430 2315 500 partim
2365 429 2530 485 etiam
2581 428 2850 484 audacius
2889 429 3220 501 increpans,
3267 441 3323 486 et
3363 433 3470 489 im-

200 522 428 591 σύτερεν
483 523 908 593 προσφερομένη
959 522 1134 592 αὐτῷ,
1178 521 1272 574 καὶ
1325 521 1489 576 ἄθεον
1545 523 1778 590 λέγουσα

197 618 278 670 ὅτι
317 616 392 685 μὴ
425 614 822 669 ὑποστέλλεται
853 616 952 686 τὴν
987 615 1080 670 τοῦ
1131 615 1440 687 φρικώδους
1477 617 1778 688 μυστηρίου

199 711 413 779 ἡμέραν
461 708 564 778 τῆς
611 708 706 762 τοῦ
757 709 1013 780 Σωτῆρος
1059 710 1396 780 Γεννήσεως.
1455 709 1680 773 Τούτοις
1717 711 1779 764 τὸ

199 802 432 868 σκληρὸν
486 802 702 854 ἐκείνου
737 801 1048 872 μαλάξασα,
1085 803 1352 854 πέπε.κεν
1396 803 1607 856 ἀνεῖναι
1657 805 1779 856 τότε

197 892 272 962 τῷ
311 893 535 962 Μιχαὴλ
564 893 662 964 τὴν
694 894 977 948 ἀπώλειαν
1002 893 1065 948 ’ἷὸ
1091 896 1144 948 δὲ
1182 895 1316 964 πρὸς
1347 895 1446 966 τὴν
1470 896 1782 964 εύνέτειραν

199 986 400 1054 ἔφησεν
427 1001 442 1016 ’
487 985 638 1038 Ἰδοὺ
689 986 1019 1055 πέπεισμαί
1058 1002 1180 1052 σοι,
1231 987 1394 1042 ἀλλὰ
1441 988 1522 1041 σὺ
1576 987 1782 1057 γνώσῃ

198 1078 293 1129 καὶ
349 1076 423 1130 τὰ
476 1075 658 1130 τέκνα
701 1076 775 1130 τὰ
812 1078 916 1142 σὰ,
951 1079 1068 1132 ὅσα
1096 1079 1243 1148 ὑμῖν
1269 1080 1338 1133 ἐκ
1382 1080 1598 1133 τούτου
1630 1097 1782 1149 συμ-

200 1169 508 1238 ϐήσονται.
560 1169 620 1223 ὐ
675 1170 776 1240 μὲν
829 1167 924 1225 οὖν
960 1173 1183 1241 Μιχαὴλ
1226 1171 1370 1225 οὕτω
1424 1172 1519 1225 τὸν
1557 1171 1781 1242 ὄλεθρον

199 1262 532 1331 ὑπεξέφυγε.
565 1262 859 1333 Θαυμάσαι
893 1264 939 1317 δ’
975 1266 1042 1318 ἄν
1076 1282 1158 1328 τις
1185 1265 1308 1319 ὅθεν
1335 1266 1364 1317 ὁ
1411 1265 1564 1319 Λέων
1594 1268 1785 1336 προεῖ-

197 1370 297 1407 πεν
328 1354 388 1407 τὸ
423 1354 795 1423 γενησόμενον
822 1371 836 1386 ·
881 1355 942 1408 οὐ
977 1355 1087 1425 γὰρ
1121 1356 1343 1418 πάντως
1369 1355 1502 1408 αὐτὸ
1530 1359 1593 1408 ἐκ
1641 1355 1783 1408 θειο-

195 1447 360 1518 τέρας
417 1447 710 1510 ἐπιπνοίας
756 1446 1076 1517 προέγνωσε
1105 1464 1120 1478 ο
1164 1448 1284 1511 πῶς
1324 1449 1436 1519 γὰρ
1495 1447 1782 1518 θεομαχῶν

195 1541 428 1604 ἐκεῖνος,
477 1541 573 1592 καὶ
605 1539 780 1603 ἄλλως
813 1539 954 1610 ἀνὴρ
983 1539 1062 1592 ὢν
1091 1540 1367 1611 αἱμάτων,
1403 1541 1501 1595 καὶ
1552 1540 1668 1611 βίου
1705 1541 1781 1611 μὴ

195 1631 390 1686 παθῶν
449 1631 894 1702 καθαρεύοντοςς
942 1633 1181 1701 Λέγεται
1245 1632 1340 1686 οῦν
1396 1632 1784 1703 προεγνῶσθαι

192 1725 344 1794 αὑτῷ
378 1725 531 1796 παρά
555 1743 648 1779 του
674 1725 1136 1797 χρησμοδοτηθέν,
1166 1727 1248 1779 ὅτι
1280 1725 1420 1779 κατὰ
1442 1725 1542 1794 τὴν
1567 1723 1784 1794 ἡμέραν

1891 526 2042 594 pium
2099 523 2420 593 appellans,
2484 524 2579 593 qui
2646 522 2791 577 diem
2855 524 3152 579 venerandi
3227 527 3476 597 mysterii

1895 616 2210 671 Nativitatis
2252 616 2564 671 Servatoris
2603 632 2712 670 non
2761 627 3070 672 vereretur.
3129 617 3225 671 His
3285 620 3472 672 verbis

1893 707 2014 776 ejus
2046 705 2344 774 asperitate
2398 705 2684 775 mitigata,
2733 721 3034 776 persuasus
3085 716 3144 760 ut
3193 706 3478 763 Michaelis

1893 794 2178 850 interitum
2216 795 2486 860 differret,
2524 796 2590 850 ad
2645 799 2934 867 conjugem
2979 798 3118 851 dixit
3155 815 3168 851 :
3208 798 3342 852 Ecce
3383 802 3475 853 ob-

1889 896 2120 957 tempero
2167 890 2260 943 tibi
2289 890 2424 942 :sed
2477 897 2532 942 tu
2572 890 2823 961 liberique
2865 892 2943 945 tui
2990 895 3308 962 cognoscetis
3359 909 3476 956 qua:
3559 900 3565 912 '

1889 981 2029 1036 vobis
2085 998 2148 1035 ea;
2199 999 2257 1035 eo
2300 992 2552 1037 eventura
2597 984 2726 1036 sint.
2783 985 2852 1038 At
2883 985 3111 1038 Michael
3153 985 3258 1039 hoc
3315 999 3474 1054 pacto

1889 1089 2083 1128 necem
2139 1075 2354 1146 cffugit.
2415 1076 2638 1130 Miretur
2692 1085 2876 1132 autem
2933 1077 3135 1145 aliquis
3172 1079 3316 1132 unde
3361 1078 3473 1132 Leo

1889 1165 2073 1220 futura
2103 1167 2443 1236 praedixerit,
2474 1183 2596 1238 qua:
2629 1168 2818 1238 utique
2851 1184 2958 1222 non
2988 1185 3053 1221 cx
3077 1169 3265 1225 divino
3291 1169 3474 1224 aﬂ‘latu

1887 1267 2181 1328 cognorat,
2219 1261 2423 1330 quippe
2461 1261 2627 1316 homo
2670 1262 2903 1316 infestus
2932 1263 3044 1317 Deo
3071 1276 3130 1318 et
3176 1267 3474 1333 sanguinao

1888 1352 2026 1414 rius,
2065 1352 2220 1424 133
2257 1354 2536 1422 vitamque
2564 1355 2772 1425 degens
2812 1356 3329 1425 perturbationibus
3378 1359 3480 1410 mi-

1889 1445 2326 1513 nimepuram?
2374 1446 2570 1499 Fertur
2603 1449 2884 1501 oraculum
2939 1464 2970 1502 ει
3024 1449 3264 1518 quodam
3316 1465 3475 1503 acre-

1894 1537 2063 1606 pisse,
2096 1539 2215 1592 lore
2253 1547 2312 1593 ut
2337 1537 2426 1593 die
2452 1539 2769 1594 Nativitatis
2807 1539 3050 1600 Christi,
3083 1549 3140 1596 et
3181 1541 3475 1610 imperium

1895 1636 1954 1682 et
2002 1627 2171 1682 vitam
2248 1631 2550 1685 amitteret.
2607 1630 2939 1684 Perhibetur
2998 1631 3164 1685 etiam
3215 1631 3270 1685 in
3327 1635 3477 1702 regia

1889 1722 2222 1780 bibliotheca
2258 1723 2427 1779 fuisse
2455 1725 2628 1787 liber,
2660 1739 2772 1794 quo
2803 1725 3022 1779 oracula
3056 1726 3124 1780 de
3177 1725 3477 1796 imperato-

193 1817 292 1885 τῆς
321 1817 640 1884 Γεννήσεως
671 1817 769 1871 τοῦ
818 1817 1083 1888 Χριστοῦ,
1136 1820 1231 1870 καὶ
1265 1817 1366 1887 τῆς
1401 1818 1578 1888 ἀρχῆς
1613 1818 1785 1870 ἐκπε-

1893 1816 2041 1871 ribus
2093 1817 2561 1880 continerentur,
2625 1816 2924 1885 formaeque
2979 1826 3032 1871 et
3085 1819 3371 1872 hominum
3421 1827 3476 1873 et

195 1911 396 1974 σεῖται,
437 1909 532 1962 καὶ
595 1909 694 1979 τῆς
731 1907 900 1978 ζωῆς.
945 1908 1107 1963 Ἀλλὰ
1163 1909 1257 1962 καί
1305 1925 1358 1961 τι
1399 1909 1533 1977 φασὶ
1567 1910 1634 1978 τῇ
1671 1907 1783 1958 τῶν

193 2004 521 2073 ἀνακτόρων
559 2002 765 2073 βιὸλξον
791 2000 1206 2066 ἐναποκεῖσθαι,
1240 2004 1297 2054 ἐν
1326 1995 1371 2068 ᾧ
1407 2001 1504 2054 καὶ
1541 2000 1782 2070 χρησμοὶ

195 2096 324 2163 περὶ
360 2094 471 2147 τῶν
514 2093 785 2164 βασιλέων
833 2090 996 2164 ἦσαν,
1026 2094 1120 2146 καὶ
1153 2093 1364 2162 μορφαὶ
1413 2092 1782 2163 ἐνεγράφοντο

191 2189 506 2262 ἀνθρώπων
536 2205 596 2242 τε
657 2188 755 2241 καὶ
785 2187 990 2257 θηρῶν,
1021 2187 1114 2239 καὶ
1147 2185 1283 2256 μετὰ
1310 2185 1418 2238 τῶν
1463 2184 1640 2240 ἄλλων
1669 2187 1784 2237 ἐκεῖ

190 2286 281 2336 καὶ
320 2280 612 2354 Λέωνθὴρ
638 2281 1043 2352 ἐχρωμάτιστο,
1083 2273 1128 2348 ᾧ
1162 2279 1304 2332 κατὰ
1337 2278 1513 2333 νώτου
1547 2279 1608 2331 τὸ
1641 2294 1784 2331 στοι-

189 2379 336 2446 χεῖον
368 2376 427 2428 τὺ
461 2377 504 2430 Χ
547 2375 958 2447 ἐγκεχάρακτο·
1015 2373 1156 2444 ἀνὴρ
1212 2368 1350 2444 δ’ἦν
1403 2371 1635 2426 ὄπισθεν
1686 2371 1782 2425 τοῦ

190 2467 386 2538 θηρὸς,
405 2468 597 2536 δόρατι
620 2466 709 2519 διὰ
735 2467 904 2536 μέσου
929 2465 1026 2519 τοῦ
1057 2466 1105 2519 Χ
1127 2465 1423 2520 διελαύνων
1439 2465 1533 2518 τὸν
1553 2464 1778 2518 Λέοντα.

203 2559 266 2612 Ἡ
302 2560 411 2627 μὲν
441 2554 536 2612 οὖν
572 2557 758 2628 βίϐλος
791 2555 907 2627 εἶχε
939 2558 1120 2620 ταυτὶ,
1151 2559 1246 2610 καὶ
1276 2551 1442 2627 ἦσαν,
1471 2555 1548 2619 ὡς
1582 2555 1783 2618 ἐδόκει,

190 2651 494 2704 Σιϐύλλεια
549 2650 1034 2722 χρησμῳδήματα.
1085 2648 1160 2701 Τὸ
1211 2648 1268 2701 δὲ
1324 2647 1426 2716 τῆς
1482 2646 1786 2717 εἰρημένης

185 2743 663 2814 χρωματουργίας
704 2741 1113 2812 αἰνιγματῶδες
1154 2739 1600 2812 δυσερμήνευτον
1630 2737 1712 2800 ὃν,
1757 2739 1786 2792 ὁ

184 2835 304 2887 τότε
342 2834 656 2904 κοιαίστωρ
683 2833 757 2895 ὡς
786 2833 1030 2901 λέγεται,
1054 2831 1413 2899 διεσάφησεν,
1441 2829 1615 2882 εἰπὼν
1644 2829 1787 2882 κατὰ

185 2926 286 2997 τὴν
338 2925 568 2996 ἡμέραν
607 2930 710 2997 τῆς
755 2927 1072 2995 Γεννήσεως
1118 2925 1213 2978 τοῦ
1257 2923 1502 2995 Χριστοῦ
1561 2923 1786 2992 βασιλέα

191 3018 582 3090 ἀναιρεθῆναι.
612 3003 686 3072 Τὸ
715 3019 814 3089 μὲν
843 3019 953 3088 γάρ
987 3017 1180 3088 θηρίον
1213 3015 1443 3087 βασιλέα
1470 3015 1691 3085 δηλοῦν,
1724 3017 1786 3069 τὸ

191 3112 250 3164 δὲ
282 3113 333 3164 Χ
376 3111 482 3180 τὴν
527 3111 831 3181 εἰρημένην
866 3109 1084 3180 ἡμέραν
1115 3107 1478 3172 αἰνίττεσθαι,
1516 3106 1579 3160 τὸ
1612 3107 1670 3160 δὲ
1697 3107 1787 3161 διὰ

195 3203 367 3272 μέσου
421 3201 514 3254 τοῦ
558 3203 607 3254 Χ
656 3201 735 3270 τῷ
782 3199 1064 3254 Λέοντιτδ
1091 3199 1221 3270 δόρυ
1269 3199 1676 3270 ἑμπὴγνυσθαι,
1728 3198 1787 3250 τὸ

193 3295 317 3349 κατ’
355 3293 533 3364 αὐτὴν
584 3295 684 3363 τὴν
737 3292 953 3363 ἡμέραν
1008 3292 1108 3361 τῆς
1155 3291 1353 3362 ἑορτῆς
1405 3292 1499 3344 τὸν
1558 3289 1788 3360 βασιλέα

193 3385 628 3456 κτανθήσεσθαι,
666 3383 854 3438 Ταῦτα
888 3385 982 3438 τὸν
1025 3383 1259 3454 βασιλέα
1293 3385 1612 3456 ἐτάραττεν,
1651 3384 1791 3437 ἀλλά

197 3477 305 3546 μὴν
343 3475 443 3529 καὶ
469 3477 631 3530 αὑτὸν
665 3477 761 3529 καὶ
789 3477 852 3530 τὸ
881 3479 982 3546 τῆς
1012 3477 1224 3546 μητρὸς
1255 3477 1610 3546 ἐξεδειμάτου
1667 3475 1790 3528 ἐνύ-

193 3584 376 3620 πνιον.
420 3565 608 3630 Ἔδοξε
659 3568 769 3635 γὰρ
812 3565 1001 3635 ἐκείνῃ
1031 3567 1095 3618 ἐν
1118 3564 1196 3634 τῷ
1237 3564 1352 3634 ναῷ
1383 3567 1481 3634 τῆς
1515 3565 1791 3634 Θεομήτο-

197 3676 291 3730 ρος
325 3656 476 3712 εἶναι
507 3657 586 3728 τῷ
616 3659 674 3710 ἐν
706 3656 1066 3726 Βλαχέρναις,
1101 3660 1195 3710 καὶ
1221 3658 1358 3727 ὸρᾷν
1389 3658 1630 3730 γυναῖκα
1666 3673 1791 3710 τινα

193 3749 680 3822 προπεμπομένην
735 3748 965 3818 ἀνδράσι
1014 3748 1372 3817 λευχείμοσι,
1426 3749 1526 3802 καὶ
1577 3748 1790 3819 πλῆρες

190 3845 452 3915 αἱμάτων
481 3843 542 3895 τὸ
573 3841 800 3896 δάπεδον
834 3839 930 3893 τοῦ
963 3841 1119 3907 ναοῦ,
1151 3840 1391 3896 ἀκοῦσαί
1416 3859 1476 3894 τε
1506 3843 1604 3912 τῆς
1633 3842 1792 3913 δορυ-

191 3935 551 4009 φορουμένης
599 3935 840 4004 ἐκείνης,
877 3933 1211 4003 κελευούσης
1246 3932 1484 4004 αἵματος
1531 3932 1704 4002 ἄγγος
1738 3951 1790 3987 τι

191 4029 558 4104 πλησθῆναι,
601 4027 697 4081 καὶ
751 4028 974 4098 δοθῆναι
1015 4031 1079 4099 τῇ
1135 4026 1228 4080 τοῦ
1277 4027 1542 4098 βασιλέως
1591 4028 1785 4099 μητρί·

190 4127 292 4194 τῆς
339 4123 402 4177 δὲ
456 4122 530 4192 μὴ
579 4121 949 4192 προσιεμένης
991 4123 1050 4175 τὸ
1088 4123 1568 4193 προσφερόμενον,
1620 4123 1789 4191 φάναι

193 4219 292 4286 τὴν
341 4217 626 4287 περιφανῆ
678 4217 914 4285 γυναῖκα
964 4215 1220 4286 ἐκείνην·
1264 4215 1326 4268 '0
1376 4217 1444 4269 δὲ
1493 4216 1605 4283 σὸς
1659 4216 1791 4281 υἱὸς

191 4310 339 4376 τοὺς
385 4307 494 4377 ἐμὲ
536 4307 831 4376 τιμῶντας
860 4307 1125 4376 αἱμάτων
1157 4307 1520 4377 ἐμπίπλησι,
1552 4309 1650 4362 καὶ
1685 4310 1790 4362 τὸν

200 4405 354 4458 Θεὸν
380 4401 480 4455 καὶ
515 4401 651 4454 Υἱόν
678 4418 800 4468 μου
825 4403 910 4467 εὶς
952 4401 1140 4470 ὀργὴν
1163 4400 1371 4462 κινῶν.
1407 4403 1479 4456 οὺ
1509 4402 1786 4468 συνίησι.

1885 1907 2124 1961 ferarum
2167 1923 2472 1977 expressae,
2504 1917 2671 1978 atque
2720 1908 2864 1962 inter
2901 1916 3127 1962 caeteras
3175 1909 3262 1962 leo
3310 1908 3473 1962 etiam

1885 1998 2000 2053 fera
2057 1999 2169 2052 illic
2219 1999 2433 2068 pictus,
2479 1999 2666 2054 littera
2713 2018 2745 2069 χ
2781 2009 2934 2069 tergo
2979 2000 3099 2070 ejus
3147 1999 3473 2070 insculpta:

1885 2105 2028 2159 pone
2064 2090 2300 2145 bestiam
2335 2092 2417 2144 vir
2443 2093 2624 2147 stabat
2647 2135 2660 2154 ,
2718 2092 2816 2161 qui
2861 2093 3074 2147 leonem
3107 2108 3205 2162 per
3235 2093 3474 2147 medium

1887 2183 1919 2234 X
1958 2183 2339 2238 confodiebat.
2368 2183 2435 2237 Et
2489 2185 2606 2239 haec
2651 2184 2795 2239 liber
2836 2186 3177 2248 continebat,
3225 2202 3349 2255 qua:
3385 2187 3475 2239 Si-

1887 2274 2091 2345 byllina
2114 2277 2339 2331 oracula
2370 2277 2724 2346 putabantur.
2760 2277 2892 2348 Ejus
2926 2277 3155 2347 pictura:
3177 2280 3476 2332 obscurum

1886 2364 2235 2420 involucrum
2302 2377 2546 2436 quazstor
2615 2367 2764 2422 illius
2836 2364 3103 2437 temporis
3172 2368 3478 2437 explicasse

1885 2455 2084 2519 fertur,
2110 2464 2169 2509 et
2189 2455 2392 2511 dixisse
2429 2455 2816 2526 imperatorem
2841 2457 2928 2512 die
2959 2457 3273 2513 Nativitatis
3316 2459 3478 2512 (.‘hri-

1885 2549 1952 2602 sti
1991 2551 2236 2604 occisum
2281 2549 2349 2604 iri
2387 2566 2401 2604 :
2442 2565 2569 2604 nam
2619 2549 2792 2604 feram
2845 2548 3159 2620 signiﬁcare
3213 2548 3477 2615 Leonem,

1885 2639 2125 2694 litteram
2174 2659 2207 2710 χ
2255 2641 2404 2696 diem
2457 2643 2609 2695 illum
2657 2644 2929 2701 innuere,
2977 2650 3036 2695 et
3075 2642 3204 2710 quia
3233 2655 3333 2710 per
3362 2655 3480 2694 me-

1887 2732 2037 2786 dium
2071 2749 2103 2802 χ
2139 2732 2292 2787 hasta
2327 2734 2382 2787 in
2429 2734 2643 2787 leonem
2690 2732 3012 2802 inﬁgeretur
3036 2772 3049 2796 ,
3089 2733 3477 2802 imperatorem

1887 2842 1955 2882 eo
1987 2827 2078 2880 die
2113 2827 2358 2882 occisum
2403 2827 2494 2881 iri.
2545 2827 2670 2882 Haec
2704 2827 3099 2895 imperatorem
3137 2826 3436 2880 turbabant
3464 2866 3480 2888 .

1889 2935 1993 2974 nec
2032 2919 2215 2974 minus
2245 2920 2442 2973 matris
2488 2917 2731 2972 terrebat
2777 2917 3138 2972 insomnium.
3173 2917 3481 2973 Videbatur

1891 3010 1980 3064 illa
2031 3009 2134 3066 sibi
2187 3011 2240 3066 in
2287 3011 2403 3065 mde
2455 3010 2703 3079 Deipara:
2758 3009 3159 3064 Blacherniana
3219 3023 3366 3073 esse,
3425 3015 3482 3062 et

1889 3116 2118 3155 cernere
2168 3111 2475 3156 matronam
2516 3099 2849 3170 quamdam,
2893 3115 3055 3170 quam
3099 3099 3484 3154 adolescentes

1893 3195 2142 3274 candidis
2171 3195 2348 3249 induti
2385 3195 2630 3249 vestibus
2655 3195 3093 3256 comitarentur,
3123 3201 3179 3248 et
3228 3193 3363 3248 aedis
3393 3206 3484 3247 so-

1892 3288 2006 3343 lum
2058 3286 2330 3358 sanguine
2378 3287 2737 3351 redundare,
2799 3287 3104 3356 audireque
3171 3295 3482 3340 triatronam

1894 3382 2043 3436 illam
2074 3382 2270 3452 jubere
2297 3381 2414 3437 dari
2447 3383 2604 3436 matri
2642 3382 2994 3450 imperatoris
3025 3395 3118 3435 vas
3159 3395 3227 3435 eo
3255 3377 3492 3450 sangui-'

1893 3487 1964 3526 ne
2020 3475 2276 3542 plenum.
2318 3489 2440 3542 qua:
2501 3489 2629 3528 cum
2684 3475 2736 3528 id
2808 3475 3229 3537 adversaretur,
3284 3475 3475 3530 dicere

1893 3566 2163 3621 illustrem
2215 3567 2362 3621 illam
2405 3576 2714 3621 matronam
2744 3584 2760 3626 :
2790 3569 2860 3622 At
2900 3569 3046 3637 ﬁlius
3094 3579 3215 3623 tuus
3263 3585 3354 3624 eo:
3392 3570 3484 3639 qui

1894 3675 1977 3712 me
2005 3669 2349 3721 uenerantur,
2377 3662 2642 3730 sanguine
2668 3661 2875 3731 implet,
2905 3677 3072 3732 neque
3098 3661 3348 3733 intelligit
3369 3703 3385 3728 ,
3426 3677 3484 3716 se

1893 3761 1941 3804 et
1969 3750 2139 3805 Deum
2175 3763 2226 3805 et
2261 3749 2457 3805 Filium
2490 3769 2661 3806 meum
2701 3755 2770 3806 ad
2792 3755 2933 3807 iram
2967 3769 3311 3808 commovere.
3354 3753 3482 3810 Haec

1894 3844 1950 3898 in
1999 3845 2212 3900 somnis
2259 3844 2397 3900 vidit
2444 3844 2648 3900 Leonis
2694 3854 2902 3911 mater,
2935 3845 3156 3916 ﬁlioque
3200 3848 3481 3917 exposuit,

1892 3935 2192 4002 obtestata,
2227 3935 2365 3992 utin
2399 3936 2745 3991 venerandas
2791 3936 3059 4006 imagines
3092 3937 3288 3993 saevire
3336 3937 3484 3994 desi-

1893 4035 2085 4081 steret.
2144 4026 2251 4082 Sed
2301 4026 2471 4082 miser
2526 4027 2698 4081 homo
2749 4027 3139 4087 obsurduerat.
3196 4027 3482 4098 Deumque

1892 4115 2165 4173 lacessere
2217 4117 2498 4188 pergebat.
2541 4117 2639 4172 Est
2683 4125 2740 4171 et
2799 4127 3023 4170 sanctus
3068 4116 3329 4170 Tarasius
3369 4117 3482 4187 jam

1892 4223 1959 4260 ex
2003 4207 2106 4263 hac
2139 4223 2447 4264 arrumnosa
2477 4208 2585 4263 vita
2617 4209 2944 4272 translatus,
2972 4209 3192 4262 cuidam
3237 4206 3295 4260 in
3335 4221 3482 4262 somo

1895 4299 1982 4354 nis
2038 4300 2226 4365 visus,
2273 4300 2367 4369 qui
2417 4298 2739 4353 Michaelem
2779 4299 3070 4368 quemdam
3121 4297 3481 4362 inclamaret,

1892 4406 2130 4460 cumque
2188 4391 2256 4445 ad
2306 4390 2676 4445 invadendum
2725 4398 2781 4444 et
2825 4389 3190 4445 occidendum
3246 4387 3482 4443 Leonem

197 4495 395 4549 Ταῦτα
445 4496 502 4547 ὲν
542 4493 774 4562 ὀνείροις
804 4488 946 4546 εἶδεν
976 4495 1009 4563 ἡ
1043 4496 1236 4565 μήτηρ
1269 4493 1363 4547 τοῦ
1411 4494 1661 4559 Λέοντος,
1695 4496 1786 4547 καὶ

1896 4483 2237 4538 hortaretur.
2282 4480 2393 4537 Sed
2439 4491 2496 4537 et
2542 4481 2928 4536 Pliilomeliani
2983 4480 3240 4536 monachi
3280 4480 3483 4550 praedi-

194 4585 275 4655 τῷ
313 4585 418 4656 υἱῷ
451 4584 758 4654 ἀπήγγειλε
800 4584 860 4636 τὸ
892 4585 1171 4652 ἐνύπνιον,
1206 4584 1302 4636 καὶ
1338 4585 1520 4638 ἐδέετο
1576 4584 1792 4639 παύσα-

199 4675 328 4728 σθαι
385 4673 483 4725 τοῦ
536 4674 677 4726 κατὰ
732 4671 841 4724 τῶν
879 4673 1094 4726 σεπτῶν
1137 4673 1366 4728 εἰκόνων
1411 4674 1786 4744 τολμήματος.

211 4767 360 4820 Ἂλλ*
384 4763 652 4834 ὲξεκὼφει
680 4765 708 4815 ὁ
739 4764 994 4830 δείλαιος,
1015 4767 1111 4819 καὶ
1139 4765 1429 4837 θεομαχῶν
1460 4766 1560 4820 οὐκ
1589 4765 1792 4819 ἐπαύε-

197 4878 283 4914 το.
318 4855 502 4911 Ὠπτο
527 4858 584 4911 δέ
614 4861 706 4911 καὶ
735 4861 762 4912 ὁ
793 4860 934 4922 θεῖος
966 4861 1322 4930 πατριάρχης
1354 4861 1632 4930 Ταράσιος
1667 4860 1788 4914 καθ’

202 4953 417 5016 ὕπνους
456 4951 587 5016 τινὶ,
616 4953 716 5022 ἢδη
753 4952 851 5022 τῆς
882 4952 1151 5022 ἐπικὴρου
1186 4951 1393 5025 ταύτης
1436 4953 1582 5020 ζωῆς
1618 4970 1787 5025 μετα-

204 5043 364 5106 στὰς,
411 5039 778 5108 ὲπιὸοώμενός
825 5054 951 5092 τινα
996 5038 1241 5110 Μιχαὴλ,
1279 5041 1376 5092 καὶ
1413 5039 1664 5094 ἐπελθεῖν
1711 5039 1790 5110 τῷ

203 5133 431 5194 Λέοντι,
481 5131 578 5184 καὶ
615 5132 828 5182 κτεῖναι
884 5129 1076 5182 τοῦτον
1136 5129 1583 5200 ἐγκελευόμενος.
1629 5133 1792 5185 Ἀλλά

202 5225 304 5279 καὶ
334 5223 370 5293 ἡ
402 5223 498 5276 τοῦ
525 5227 582 5278 ἐν
615 5222 691 5292 τῷ
741 5221 1040 5294 Φιλομιλιῳ
1077 5221 1318 5294 μοναχοῦ
1367 5225 1792 5294 προαγόρευσις,

199 5315 304 5370 καὶ
332 5313 456 5366 ἄλλ’
483 5315 621 5369 ἄττα
650 5314 968 5387 ὑπέθραπτε
999 5315 1090 5366 τὸν
1119 5315 1328 5368 Λέοντα
1353 5315 1449 5369 καὶ
1495 5315 1789 5384 ἐδείμαινε.

197 5406 355 5469 Τέως
387 5405 438 5457 δ’
472 5407 566 5462 οῦν
599 5406 800 5471 κλοιοῖς
831 5406 956 5470 τοὺς
991 5407 1158 5470 πόδας
1185 5406 1280 5460 τοῦ
1317 5407 1541 5479 Μιχαὴλ
1563 5409 1793 5476 ἐνδησά-

195 5515 392 5570 μενος,
443 5501 535 5555 τὸν
585 5501 685 5569 μὲν
711 5501 790 5570 τῷ
824 5500 1014 5571 Παπίᾳ.
1043 5500 1574 5572 φρουρηθησόμενον
1614 5518 1792 5573 παρα·

200 5591 476 5645 δέδωκεν·
513 5592 676 5656 αὐτὸς
717 5592 774 5645 δέ
803 5592 902 5664 τὴν
935 5593 1118 5646 κλεῖδα
1148 5595 1369 5664 κατεῖχε
1396 5591 1491 5646 τοῦ
1535 5592 1788 5664 σιδηρέου

187 5678 404 5750 δεσμοῦ
448 5699 461 5712 ο
498 5683 791 5754 ἔμφροντις
837 5683 894 5740 δὲ
936 5685 1036 5757 τὴν
1087 5684 1260 5740 νύκτα
1309 5685 1517 5753 διάγων
1541 5686 1644 5739 οὐκ
1677 5679 1789 5758 εἶχε

184 5772 282 5827 τὸν
305 5769 424 5824 ’ύπν
437 5789 495 5828 ον
527 5777 636 5840 τοῖς
661 5776 904 5849 ὅμμασιν
932 5777 1100 5835 αὑτοῦ
1135 5777 1483 5851 ἐφιζάνοντα’
1516 5777 1790 5850 ἀφίπτατο

1901 4576 2013 4632 ctio
2043 4583 2100 4631 et
2143 4576 2248 4630 alia
2296 4575 2546 4646 quedam
2600 4573 2838 4629 Leonem
2877 4573 3174 4629 turbabant
3212 4582 3268 4628 ct
3311 4581 3485 4628 terre-

1901 4670 2057 4725 bant.
2134 4670 2347 4725 Interea
2416 4669 2737 4724 Michaelem
2809 4668 3169 4740 compedibus
3234 4667 3479 4722 vinctum

1902 4762 2084 4832 Papia:
2117 4761 2540 4817 custodiendum
2587 4761 2815 4817 tradidit
2837 4802 2851 4825 ,
2888 4761 3094 4816 clavem
3128 4773 3263 4811 sera:
3285 4757 3481 4810 ferrea}

1902 4853 2022 4924 ipse
2065 4854 2401 4918 asscrvavit,
2443 4869 2676 4924 eamque
2726 4860 2949 4908 noctem
2997 4849 3288 4905 sollicitam
3318 4856 3374 4902 et
3412 4861 3479 4899 ex

1899 4948 2270 5002 sollicitudine
2303 4950 2608 5003 insomnem
2649 4948 2780 5017 egit.
2813 4945 2992 5012 Quare
3021 4941 3198 5010 Papiae
3221 4938 3481 4994 conclave

1903 5039 2206 5110 ingressus,
2251 5040 2568 5096 Michaelem
2612 5040 2667 5094 in
2713 5039 2854 5094 lecto
2897 5035 3074 5090 otiose
3112 5031 3479 5087 dormientem

1900 5134 2093 5200 videt,
2127 5135 2350 5204 Papiam
2389 5149 2524 5189 vero
2563 5130 2714 5186 humi
2745 5131 3018 5199 jacentem
3056 5141 3071 5179 :
3103 5124 3251 5195 quod
3301 5124 3385 5178 vel
3421 5131 3480 5176 ut

1902 5227 2199 5281 honoraret
2231 5227 2550 5282 Michaelem
2577 5222 2842 5285 faciebat,
2875 5220 2994 5282 vel,
3031 5227 3093 5272 ut
3147 5215 3477 5287 putabatur,

1903 5318 2225 5374 insidiarum
2256 5328 2450 5374 contra
2482 5317 2872 5384 imperatorem
2900 5311 3178 5366 conscius.
3208 5308 3280 5365 Ut
3310 5308 3481 5378 igitur

1899 5411 2223 5466 Michaelem
2275 5425 2469 5466 somno
2514 5405 2788 5478 profundo
2839 5414 2896 5460 et
2948 5404 3103 5460 suavi
3154 5415 3478 5473 oppressum

1903 5503 2066 5567 vidit,
2097 5502 2304 5558 nullam
2333 5497 2762 5556 sollicitudinem
2798 5512 2911 5568 pra:
2947 5511 3008 5552 se
3045 5496 3357 5551 ferentem:
3394 5509 3481 5549 re-

1905 5596 2070 5650 cessit
2126 5595 2342 5660 iratus,
2403 5593 2653 5662 iramque
2721 5592 3023 5662 agitatione
3079 5588 3240 5660 134
3286 5603 3482 5642 manus

1905 5687 2227 5744 declaravit.
2269 5686 2346 5741 Ac
2380 5694 2707 5741 caeterorum
2749 5699 2912 5741 nemo
2963 5685 3083 5755 ejus
3129 5679 3482 5752 praesentiam

1904 5779 2369 5848 animadverterat
2407 5785 2607 5851 praeter
2640 5793 2809 5836 unum
2858 5777 3040 5849 Papia:
3089 5773 3337 5846 vigilem,
3383 5770 3482 5842 qui
