3994 6246
324 306 454 373 1351

1555 303 1964 366 ANNAIJUM
2007 304 2154 364 LIB.
2199 303 2322 365 XV.

3453 300 3593 370 1352'

393 428 524 482 Kll'.
558 423 770 480 Ἐωθεν
802 415 896 486 οὖν
927 421 956 474 ὁ
990 420 1204 493 Μιχαὴλ
1237 422 1318 484 είς
1348 420 1446 491 τὴν
1491 421 1754 493 Μεγάλην
1817 423 1909 474 ὲκ-

2091 419 2258 473 XXII.
2328 416 2486 472 Mane
2552 415 2786 472 Michael
2849 417 2905 472 in
2971 416 3225 491 Magnam
3301 423 3596 482 ecclesiam

319 523 555 591 κὶησίαν
597 517 848 588 ἀφίκετο,
902 515 1403 585 ταινιωθησόμενος
1456 515 1776 584 διαδήματι,
1815 513 1909 582 δη-

325 614 489 684 μοσίᾳ
549 629 607 665 τε
674 607 1194 681 ἀναρρηθησόμενος
1228 647 1244 672 ,
1302 608 1400 679 τὴν
1467 607 1784 678 μιαιφονίαν
1831 606 1908 676 (4)

327 705 403 774 μὴ
458 702 830 773 λογιζόμενος,
877 701 974 754 καὶ
1021 703 1120 770 τῆς
1165 701 1528 772 ἀναρρήσεως
1576 699 1762 770 ἔτυχε.
1793 699 1906 768 Τὴν

323 797 382 850 δὲ
435 795 528 848 τοῦ
587 797 816 859 Λέοντος
871 793 1120 863 γαμετὴν
1167 794 1260 846 καὶ
1320 792 1448 856 τοὺς
1501 793 1701 854 παῖδας
1762 792 1904 855 (τέσ-

326 905 493 956 σαρες
566 888 610 939 δ’
640 885 788 956 ἦσαν
819 928 833 950 ,
894 885 1198 949 Euadne;
1251 884 1310 949 δς
1377 886 1438 938 ὲν
1484 885 1563 955 τῷ
1613 882 1914 954 ἀναγορεύ-

332 978 488 1032 εσθαι
523 980 914 1049 μετωνόμαστο
945 979 1372 1042 Κωνσταντῖνος,
1419 975 1696 1038 Βασίλειός
1721 993 1782 1028 τε
1811 977 1909 1029 καὶ⁵

326 1071 650 1141 Γρηγόριος,
687 1071 785 1123 καὶ
815 1071 1082 1140 τέταρτος
1117 1068 1422 1140 Θεοδόσιος)
1469 1067 1580 1120 τῶν
1615 1066 1906 1136 βασιλείων

325 1162 680 1230 καταγαγὼν,
709 1163 808 1232 τὴν
840 1163 942 1232 μὲν
975 1164 1032 1215 ὲν
1070 1164 1134 1233 τῇ
1193 1164 1326 1234 μονῇ
1368 1160 1623 1231 καθεῖρξε
1668 1160 1778 1213 τῶν
1819 1160 1910 1213 δε-

327 1254 567 1322 σποτῶν,
606 1255 734 1314 τοὺς
763 1254 819 1306 δὲ
853 1255 932 1317 εἰς
961 1253 1061 1325 τὴν
1108 1252 1338 1325 Πρώτην
1371 1251 1716 1323 καλουμένην
1741 1252 1906 1323 νῆσον

324 1349 669 1420 περιορίσας,
695 1347 946 1412 ἅπαντας
971 1348 1068 1417 τῆς
1095 1347 1444 1419 ἀρρενωπίας
1472 1347 1758 1417 ἐστέρησε.
1794 1347 1904 1400 Καὶ

323 1442 352 1494 ὁ
389 1441 489 1510 μὲν
520 1439 799 1502 Θεοδόσιος
834 1438 1052 1505 ἔθανεν,
1085 1440 1113 1491 ό
1143 1439 1199 1491 δὲ
1229 1439 1644 1500 Κωνσταντῖνος
1687 1436 1904 1507 ἀφωνία

325 1533 558 1604 κάτοχος
581 1532 795 1601 γέγονεο
829 1531 898 1587 δι’
932 1533 999 1603 ἢν
1028 1531 1210 1584 ἐδέετο
1238 1530 1556 1601 θερμότατα
1594 1529 1690 1582 τοῦ
1738 1529 1902 1593 Θεοῦ,

325 1625 463 1680 ἀλλὰ
495 1627 600 1695 μὴν
650 1626 747 1680 καὶ
786 1625 881 1678 τοῦ
917 1625 1154 1696 μεγάλου
1207 1625 1423 1694 Πατρὸς
1469 1622 1774 1695 Γρηγορίου
1810 1622 1904 1675 τοῦ

326 1718 616 1786 Θεολόγου,
655 1716 950 1788 ἐνδελεχῶς
999 1715 1078 1786 τῷ
1132 1716 1298 1769 αὑτοῦ
1363 1712 1700 1786 προσφυγὼν
1741 1716 1906 1767 ἐκτυ-

2017 511 2192 574 venit,
2245 518 2308 564 ut
2355 509 2670 564 diademate
2720 519 3039 578 ornaretur,
3081 522 3139 568 et
3184 512 3406 584 publice
3459 533 3594 586 pro-

2014 603 2372 665 clamaretur,
2407 616 2734 672 sacramque
2759 603 2967 669 aedem,
3005 621 3114 659 non
3149 605 3335 662 habita
3373 611 3594 665 nefariae

2016 693 2183 748 caedis
2254 691 2504 758 ratione,
2567 691 2853 763 ingressus
2907 704 3029 761 est,
3089 705 3146 750 et
3199 700 3313 752 v0ti
3368 715 3596 770 compos

2014 785 2216 854 factus,
2238 785 2440 842 Leonis
2459 802 2710 853 uxorem,
2737 787 2894 858 135
2922 798 3159 858 quatuor
3173 790 3334 855 ﬁlios,
3362 791 3596 848 Sabbat-

2017 879 2177 946 tium,
2235 880 2325 934 cui
2381 895 2508 934 cum
2552 882 2855 950 imperator
2915 882 3344 951 inauguraretur
3393 900 3595 940 nomen

2013 969 2364 1036 Constantini
2413 971 2596 1027 fuerat
2642 971 2909 1036 inditum,
2943 972 3228 1038 Basilium,
3263 976 3594 1048 Gregorium

2011 1070 2070 1118 et
2100 1063 2498 1130 Theodosium,
2532 1065 2680 1136 regia
2712 1066 2926 1130 eduxit,
2962 1082 3028 1121 ac
3053 1068 3344 1124 mulierem
3380 1070 3437 1124 in
3476 1086 3596 1126 mo-

2013 1158 2260 1212 nasterio
2303 1159 2668 1228 Despotarum
2713 1159 2961 1223 inclusit,
2998 1161 3382 1218 adolescentes
3414 1163 3471 1218 in
3510 1163 3596 1218 in-

2015 1250 2194 1303 sulam
2230 1250 2454 1303 Protam
2493 1251 2755 1322 relegavit
2788 1267 3005 1317 omnes,
3041 1253 3299 1310 virilibus
3333 1256 3592 1313 exsectis.

2012 1344 2093 1398 Ex
2153 1343 2235 1398 his
2287 1343 2638 1399 Theodosius
2689 1345 2868 1410 obiit,
2935 1345 3334 1404 Constantinus
3400 1365 3594 1404 vocem

2013 1436 2218 1492 amisit.
2251 1435 2366 1503 Qua
2403 1436 2472 1492 de
2516 1451 2678 1492 causa
2724 1439 2898 1494 Deum
2946 1440 3371 1497 ferventissimis
3417 1445 3596 1513 preci—

2015 1533 2120 1588 bus
2160 1533 2364 1599 oravit,
2398 1533 2494 1588 sed
2529 1543 2586 1589 et
2613 1535 2792 1605 magni
2839 1535 3017 1590 Patris
3043 1537 3294 1607 Gregorii
3325 1537 3594 1609 Theologi

2013 1625 2308 1696 imaginem
2349 1627 2701 1682 continenter
2748 1629 3025 1693 accessit,
3077 1640 3136 1683 ut
3177 1630 3281 1684 sibi
3329 1630 3593 1700 loquendi

2015 1717 2254 1775 facultas
2319 1720 2784 1776 restitueretur:
2836 1737 2963 1774 nam
3009 1735 3116 1775 una
3171 1737 3296 1776 cum
3359 1721 3594 1792 imperio

327 1812 571 1881 πώματι,
607 1810 1031 1882 περιαιρεθῆναι
1057 1808 1156 1881 τὴν
1186 1808 1437 1878 ἀφωνίαν
1460 1806 1650 1860 αὐτοῦ’
1696 1809 1761 1876 τῇ
1795 1807 1906 1877 γὰρ

2014 1812 2174 1866 etiam
2220 1821 2450 1880 paterna
2480 1812 2764 1882 impietate
2799 1812 2960 1866 liberi
3005 1811 3205 1867 Leonis
3242 1812 3594 1868 exciderunt.

327 1906 600 1958 ὲκπτῶσει
624 1907 722 1976 τῆς
763 1901 1044 1973 βασιλείας
1075 1903 1170 1954 καὶ
1207 1901 1310 1970 τῆς
1357 1898 1640 1970 πατρικῆς
1679 1899 1908 1952 κακοδο-

330 1997 450 2063 ξίας
483 1998 531 2050 oi
574 1995 767 2060 παῖδες
825 1992 922 2047 τοῦ
957 1994 1188 2057 Λέοντος
1227 1991 1618 2057 συνεξέπεσον.
1680 1991 1906 2058 Ἐόοξεν

328 2089 424 2143 οὖν
451 2106 581 2142 ποτε
615 2093 643 2143 ό
671 2089 822 2156 ἅγιος
868 2088 926 2139 ὲν
960 2085 1150 2149 ὕπνοις
1179 2084 1467 2156 ἐπιστῆναι
1496 2084 1669 2156 αὐτῷ,
1718 2083 1908 2137 κελεύει

327 2199 406 2236 ων
459 2181 760 2250 ἀναστῆναι
790 2178 884 2233 καὶ
918 2175 1233 2246 ἀναγνῶναι
1267 2179 1327 2230 τδ
1367 2175 1561 2230 Πάλιν
1598 2177 1842 2245 Ἰησοῦς
1873 2180 1908 2232 δ

335 2272 492 2343 ἐμός.
529 2272 590 2326 '0
623 2271 679 2324 δὲ
705 2273 1090 2334 πεπιστευκὼς
1115 2269 1194 2340 τῷ
1243 2269 1483 2339 ὁράματι
1532 2268 1790 2338 εἰσῆλθεν
1817 2269 1907 2323 ἐπ’

330 2367 650 2439 ἐκκλησίας,
690 2367 788 2419 καὶ
829 2366 1069 2434 ἀνέγνω,
1117 2367 1192 2435 μή
1223 2380 1374 2428 τινος
1413 2363 1579 2418 αὑτοῦ
1619 2380 1909 2436 παρεμπο-

327 2460 566 2523 ὂίξοντος
589 2461 654 2530 τῇ
683 2460 858 2530 φωνῇ.
894 2457 956 2510 ΕΞ
987 2456 1044 2510 δὲ
1071 2457 1165 2510 καὶ
1193 2453 1596 2528 περιγράπτοις
1615 2455 1786 2526 ὁρίοις
1805 2455 1907 2526 τὴν

331 2549 583 2618 σύζυγον.
617 2549 692 2613 ὡς
718 2547 958 2618 εἴρηται,
1000 2545 1096 2600 καὶ
1133 2545 1262 2609 τοὺς
1292 2545 1490 2608 παῖδας
1534 2544 1628 2596 τοῦ
1675 2545 1906 2608 Λέοντος

332 2641 722 2714 περιέγραψεν,
749 2639 864 2694 ἀλλ’
895 2639 996 2694 οὐκ
1027 2639 1408 2710 ἀχορηγήτους
1431 2637 1717 2692 κατέλιπε.
1739 2637 1906 2699 me;

331 2733 388 2786 δὲ
431 2735 542 2787 τῶν
578 2733 829 2803 κτήσεων
874 2731 1057 2785 αὐτῶν
1090 2731 1274 2794 αὐτοῖς
1316 2730 1805 2801 προσεκλήρωσεν,
1841 2730 1910 2783 ἵν’

332 2825 396 2877 ὲκ
433 2824 638 2877 τούτων
662 2823 736 2877 τὰ
768 2821 906 2893 πρδς
933 2821 1128 2893 χρείαν
1163 2820 1498 2891 πορίζοιντο·
1526 2821 1622 2875 καί
1658 2837 1812 2884 τινας
1850 2819 1909 2874 δὲ

332 2917 474 2987 πρὸς
529 2915 840 2986 ὑπηρεσίαν
897 2915 1083 2978 αὐτοῖς
1130 2913 1596 2985 προσαπένειμεν.
1661 2914 1910 2986 Ὦρμητο

339 3011 520 3081 μέντοι
559 3010 587 3063 ὁ
625 3007 846 3078 Μιχαὴλ
899 3001 1054 3069 οὗτος
1101 3004 1162 3070 ἐξ
1227 3004 1506 3074 Ἀμοριου.
1551 3004 1762 3069 πόλεως
1810 3007 1910 3076 τῆς

332 3103 446 3155 ἄνω
485 3102 749 3168 Φρυγίας,
781 3100 841 3152 ἐν
881 3093 916 3173 ᾖ
959 3096 1205 3150 Ἰουδαῖοί
1253 3113 1314 3150 τε
1353 3095 1448 3149 καὶ
1490 3097 1903 3169 Ἀθίγγανοι(5)

337 3195 428 3247 καὶ
466 3191 680 3246 ἀσεϐῶν
707 3190 913 3261 ἑτέρων
959 3187 1172 3258 πληθὺς
1223 3185 1628 3257 ὲγκατῴκιστο,
1679 3187 1774 3240 καί
1822 3205 1906 3252 τις

331 3289 396 3340 ὲκ
421 3284 630 3338 τούτων
652 3277 730 3354 ἦν’
749 3283 930 3334 ἐκεῖσε
964 3279 1274 3350 σύμμικτος
1295 3279 1527 3348 αἵρεσις,
1564 3272 1631 3349 ἦς
1661 3294 1910 3348 συμμετ-

334 3381 478 3449 έχειν
516 3379 614 3431 καὶ
649 3369 802 3438 οὗτος
842 3376 870 3426 ό
913 3372 1134 3444 Μιχαὴλ
1166 3372 1408 3440 λέγεται.
1447 3371 1558 3424 Καὶ
1591 3372 1625 3441 ἡ
1685 3371 1903 3443 αἵρεσις

333 3474 397 3526 τὸ
438 3470 539 3541 μὲν
589 3470 734 3522 θεῖον
784 3464 1075 3536 βάπτισμα
1122 3465 1362 3534 δέχεται,
1395 3463 1493 3532 τὴν
1523 3463 1579 3516 δὲ
1607 3465 1911 3534 Μωσαῖκὴν

333 3562 602 3634 διαταγὴν
652 3558 893 3612 διδάσκει
924 3559 1136 3629 τηρεῖν,
1166 3556 1324 3619 ἐκτὸς
1357 3555 1448 3609 τοῦ
1483 3557 1910 3626 περιτέμνεσθαι

338 3657 438 3729 τὴν
465 3652 858 3726 ἀκροϐυστίαν.
899 3647 1025 3721 Εἶχε
1062 3649 1122 3703 δὲ
1173 3652 1270 3703 καὶ
1316 3648 1572 3702 Ἰουδατόν
1616 3665 1740 3705 τινα
1784 3651 1912 3704 κατ’

335 3747 486 3804 οἷκον
519 3743 977 3817 παιδοτριϐοὓντα
1000 3744 1185 3797 αὑτόν.
1215 3741 1384 3796 Ὅθεν
1423 3741 1525 3796 οὑκ
1559 3738 1631 3815 ἦν
1679 3761 1731 3797 τι
1778 3745 1914 3817 παρ’

337 3841 487 3912 αὑτῷ
536 3841 721 3912 εὑρεῖν
780 3835 1112 3909 ἀκραιφνὲς,
1157 3835 1274 3892 ἀλλ’
1312 3831 1403 3907 ἦν,
1438 3836 1513 3898 ὡς
1540 3839 1718 3891 εἰπεῖν
1748 3839 1774 3892 ὁ
1817 3840 1914 3894 ἆν-

338 3939 556 4009 θρωπος
592 3932 954 4004 πανσπερμία
1003 3929 1290 4001 αἱρέσεως.
1345 3929 1438 3983 Διὸ
1490 3931 1586 3986 καὶ
1644 3931 1722 4002 τῷ
1770 3932 1913 4004 λόγῳ

337 4029 638 4097 ἀπήχθετο,
673 4024 748 4088 ὡς
785 4026 864 4087 είς
913 4021 1229 4092 ἀνατροπὴν
1273 4022 1388 4075 δντι
1440 4023 1541 4093 τῆς
1593 4025 1915 4092 κακοδοξίας

341 4120 526 4173 αὐτοῦ.
575 4116 808 4188 ’Λπορίᾳ
831 4116 890 4168 δὲ
924 4114 1101 4179 συζῶν
1127 4116 1192 4167 ὲκ
1213 4115 1492 4183 νεότητος,
1519 4119 1908 4188 ἐστρατεύετο.

341 4215 479 4267 [ιο-τὶ
511 4211 692 4264 τοίνυν
725 4207 804 4279 τῷ
854 4209 1218 4279 ταγματάρχῃ
1276 4208 1595 4279 προσελθὼν
1646 4211 1776 4282 περί
1811 4230 1906 4268 του

340 4305 536 4359 ἐδέετο.
571 4302 662 4372 Τῷ
694 4301 750 4355 δὲ
785 4300 945 4371 ἔτυχέ
970 4317 1056 4364 τις
1094 4301 1416 4368 Ἀθίγγανος
1467 4305 1774 4374 παρεστὼς,
1805 4305 1902 4360 καί

343 4413 476 4467 φησι
509 4395 645 4467 πρὸς
674 4395 766 4447 τὸν
802 4393 1132 4462 στρατηγὸν,
1165 4395 1226 4446 ἐν
1253 4395 1591 4466 ἀπορρήτοις
1619 4397 1709 4450 τὸν
1751 4398 1910 4467 λόγον

343 4489 689 4560 ποιούμενος,
723 4486 802 4552 ὡς
827 4484 1194 4540 Βασιλεύσει
1254 4485 1551 4553 Ῥωμαίων
1598 4483 1801 4555 οὗτος,
1846 4489 1914 4557 ὃς

340 4581 456 4634 σοῦ
504 4578 697 4633 δέεται
750 4579 888 4633 νῦν.
940 4577 1050 4630 Καὶ
1099 4576 1158 4641 ὃς
1209 4577 1410 4630 αὐτίκα
1461 4577 1541 4650 τῷ
1577 4581 1917 4652 μαντεύματι

343 4675 592 4742 θέμενος,
657 4669 960 4724 οἰκειοῦται
994 4669 1072 4740 τῷ
1101 4668 1346 4740 Μιχαὴλ,
1378 4670 1476 4724 καὶ
1498 4669 1770 4744 κηδεστὴν
1800 4689 1920 4727 ποι-

343 4769 489 4819 εῖται
527 4765 619 4816 ἐπὶ
657 4765 724 4833 τῇ
761 4762 1018 4832 θυγατρί.
1078 4763 1240 4831 Ἀρτι
1269 4759 1327 4814 δὲ
1370 4763 1438 4833 τῇ
1469 4762 1744 4835 αὑταρχίᾳ
1795 4765 1918 4817 ἑπι-

343 4858 688 4928 πηδήσαντος
719 4854 811 4908 τοῦ
843 4852 1084 4924 Μιχαὴλ,
1110 4852 1186 4916 ὡς
1214 4853 1520 4925 ἱστόρηται,
1547 4855 1576 4908 6
1614 4855 1919 4927 ἱερώτατος

342 4949 665 5022 Νικηφόρος
691 4948 719 5000 ό
765 4946 1118 5018 πατριάρχης
1170 4947 1463 5018 ὑπερόριος
1496 4947 1574 5002 ὢν
1605 4950 1916 5020 ἐπιστέλλει

345 5043 517 5114 αὐτῷ,
567 5041 736 5108 ἀξιῶν
776 5041 875 5112 τὴν
919 5039 1029 5094 τῶν
1075 5037 1292 5093 σεπτῶν
1330 5041 1556 5095 εἰκόνων
1590 5041 1919 5114 γενήσεσθαι

342 5133 744 5204 ἁναστήλωσιν.
789 5131 850 5186 '0
873 5133 929 5187 δὲ
957 5135 1095 5204 μήτε
1120 5149 1174 5186 τι
1207 5133 1631 5204 καινοτομήσειν
1658 5132 1760 5203 ἔφη
1790 5133 1921 5204 περὶ

343 5226 442 5297 τὴν
496 5225 701 5290 πίστιν,
741 5223 879 5294 μηδὲ
929 5223 1028 5292 τὴν
1081 5222 1183 5293 τῆς
1239 5221 1568 5294 Ἐκκλησίας
1624 5222 1920 5276 ἀλλοιῶσαι

2011 1902 2321 1974 Aliquando
2350 1905 2516 1976 igitur
2552 1917 2778 1960 sanctus
2810 1904 2864 1957 in
2897 1903 3106 1958 somnis
3143 1905 3192 1959 ei
3233 1913 3412 1960 astare
3445 1905 3596 1959 visus

2011 2006 2118 2061 est,
2153 2005 2210 2052 et
2237 1997 2433 2069 jubere
2468 2006 2528 2052 ut
2553 2007 2827 2068 surgeret,
2867 2013 2931 2052 ac
2981 1997 3154 2052 illud:
3196 1997 3400 2052 Iterum
3442 1997 3595 2052 Iesus

2015 2107 2181 2156 meus,
2219 2091 2448 2161 legeret.
2479 2089 2560 2145 Eo
2613 2091 2733 2167 viso
2770 2090 2948 2146 fretus
2980 2091 3267 2146 ecclesiam
3315 2092 3597 2162 ingressus

2011 2193 2117 2247 est,
2145 2199 2209 2240 ac
2241 2184 2378 2238 citra
2409 2182 2866 2254 impedimentum
2897 2183 3071 2238 ullum
3100 2186 3253 2240 vocis
3276 2184 3430 2256 legit.
3474 2185 3592 2241 Etsi

2012 2285 2197 2332 autem
2264 2276 2496 2351 Michael
2552 2275 2752 2331 Leonis
2807 2291 3036 2331 uxorem
3090 2287 3147 2332 et
3195 2276 3403 2332 liberos
3450 2277 3595 2333 intra

2013 2379 2198 2425 certos
2239 2367 2447 2424 limites
2497 2368 3051 2438 circumscripscrat,
3104 2378 3166 2424 ut
3219 2368 3426 2424 dictum
3482 2379 3594 2435 est,

2015 2477 2124 2516 non
2158 2470 2340 2516 tamen
2378 2475 2540 2530 egere
2573 2475 2769 2529 passus
2806 2469 2908 2521 est.
2940 2459 3271 2530 quihusdam
3307 2477 3372 2515 ex
3403 2476 3596 2515 eorum

2015 2551 2482 2624 possessionibus,
2555 2551 2700 2606 unde
2751 2551 3064 2606 necessaria
3108 2559 3498 2622 suppeterent,
3539 2561 3598 2607 et

2014 2645 2190 2706 servis
2238 2643 2307 2698 ad
2369 2643 2738 2698 ministerium
2803 2643 3110 2697 attributis.
3163 2642 3445 2698 Oriundus
3494 2642 3599 2697 fuit

2015 2735 2250 2791 Michael
2279 2734 2530 2800 Amorio,
2578 2734 2884 2804 superioris
2915 2734 3163 2805 Phrygia:
3204 2733 3364 2800 urbe,
3403 2735 3456 2789 in
3489 2751 3597 2806 qua

2017 2826 2191 2883 «ιιιᾱωὶ
2217 2868 2232 2894 ,
2263 2825 2564 2894 Athingani
2591 2865 2605 2890 ,
2641 2835 2696 2880 et
2723 2825 2955 2881 aliorum
2989 2826 3283 2896 impiorum
3315 2827 3470 2882 turba
3505 2827 3601 2882 ha-

2017 2913 2291 2986 bitabant,
2354 2917 2499 2972 unde
2535 2917 2761 2972 confusa
2797 2917 3045 2985 quaedam
3085 2927 3230 2972 secta
3274 2915 3594 2984 exsistebat,

2015 3013 2176 3082 cujus
2203 3019 2257 3066 et
2283 3011 2397 3081 ipse
2428 3009 2702 3080 particeps
2737 3007 2909 3065 fuisse
2963 3008 3224 3064 creditur.
3268 3010 3344 3065 Ea
3381 3012 3596 3067 tametsi

2016 3112 2426 3159 sacrosanctum
2456 3101 2727 3172 baptisma
2758 3100 3103 3166 admittebat,
3149 3101 3380 3158 Mosaica
3415 3111 3598 3159 tamen

2020 3197 2294 3258 instituta,
2323 3203 2525 3265 praeter
2562 3194 2814 3265 praepulii
2844 3193 3211 3250 resectionem
3243 3195 3593 3251 observabat.

2022 3287 2175 3344 Aluit
2207 3287 2353 3342 domi
2384 3286 2634 3343 Judaeum
2673 3285 2969 3357 quemdam
3009 3301 3040 3340 a
3074 3303 3186 3357 quo
3219 3286 3600 3344 erudiebatur.

2023 3379 2182 3435 Unde
2229 3378 2366 3432 nihil
2418 3377 2621 3433 sinceri
2667 3378 2812 3447 apud
2873 3393 3001 3432 eum
3055 3378 3457 3448 reperiebatur,
3505 3379 3601 3434 sed

2021 3481 2146 3527 erat
2179 3510 2195 3534 ,
2251 3479 2312 3524 ut
2348 3470 2420 3524 ita
2451 3467 2628 3522 dicam
2653 3508 2668 3532 ,
2715 3463 2930 3522 sentina
2971 3468 3222 3537 quaedam
3274 3478 3544 3525 sectarum
3583 3487 3600 3526 :

2021 3576 2196 3632 eaque
2231 3561 2298 3615 de
2336 3575 2499 3615 causa
2549 3557 2954 3628 disputationes
2983 3559 3199 3625 oderat,
3233 3569 3295 3615 ut
3322 3576 3444 3629 qua-
3478 3561 3603 3632 ejus

2022 3667 2293 3724 perversa:
2321 3650 2570 3722 opinioni
2603 3649 2910 3706 evertenda
2947 3659 3156 3705 essent.
3185 3650 3241 3705 In
3280 3651 3603 3706 adolesccm

2022 3747 2098 3802 tia
2131 3761 2255 3802 cum
2288 3745 2358 3801 ob
2387 3745 2627 3815 inopiam
2657 3743 2942 3827 militaret,
2968 3743 3266 3812 aliquando
3312 3745 3598 3800 tribunum

2023 3839 2180 3904 adiit,
2233 3836 2441 3909 aliquid
2479 3836 2548 3892 ab
2581 3852 2646 3892 eo
2678 3835 2971 3906 petiturus.
3018 3834 3080 3889 Ei
3127 3835 3347 3889 tribuno
3371 3837 3596 3906 quidam

2020 3935 2362 4004 Athinganus
2385 3941 2589 3994 astans,
2620 3929 2760 3984 clam
2790 3927 2930 3982 dixit
2956 3927 3048 3982 :Is
3069 3929 3160 3999 qui
3186 3928 3280 3982 tibi
3311 3945 3450 3983 nunc
3469 3947 3600 4001 sup-

2020 4028 2142 4094 plex
2178 4033 2276 4090 est,
2307 4023 2596 4094 aliquando
2638 4020 2888 4075 Romanis
2911 4019 3209 4088 imperabit.
3245 4021 3323 4074 Eo
3365 4021 3600 4092 augurio

2021 4119 2111 4172 ille
2154 4125 2374 4180 motus,
2423 4112 2605 4170 statim
2661 4128 2788 4167 cum
2843 4111 3110 4166 Michaele
3160 4110 3598 4168 familiaritatem

2019 4208 2319 4269 contrahit,
2377 4205 2540 4275 eique
2591 4203 2758 4258 tiliam
2820 4201 3149 4272 despondet.
3204 4201 3340 4257 Cum
3411 4216 3597 4258 autem

2021 4317 2216 4358 recens
2247 4298 2536 4369 imperium
2578 4303 2926 4365 occupasset,
2971 4302 3028 4348 ut
3074 4293 3284 4349 dictum
3316 4307 3422 4362 est,
3465 4310 3596 4351 san-

2019 4405 2143 4451 ctus
2165 4391 2511 4460 Nicephorus
2542 4387 2849 4459 patriarcha
2871 4386 3148 4453 exsulans,
3174 4401 3271 4457 per
3293 4386 3508 4443 litteras
3529 4387 3598 4443 ab

1950 4521 1994 4577 υ
2023 4503 2091 4544 eo
2138 4483 2302 4556 petiit
2355 4491 2416 4538 ut
2474 4479 2819 4537 venerabiles
2866 4479 3130 4548 imagines
3173 4489 3596 4549 reponerentur.

2020 4579 2120 4636 Cui
2149 4578 2240 4633 ille
2269 4573 2574 4646 respondit,
2610 4588 2670 4628 se
2713 4586 2891 4643 neque
2917 4575 2972 4625 in
3003 4570 3268 4643 religione
3297 4571 3596 4642 quidquam

2017 4679 2350 4726 novaturum
2406 4682 2582 4738 neque
2639 4666 2900 4722 Ecclesiae
2950 4674 3166 4722 statum.
3224 4675 3590 4731 mutaturum,
3651 4732 3655 4737 ι

1983 4827 1986 4829 Α
2017 4778 2197 4832 neque
2257 4770 2574 4816 coacturum
2605 4774 2725 4816 esse
2756 4775 3110 4830 quemquam,
3137 4766 3200 4812 ut
3228 4757 3386 4812 aliter
3427 4772 3594 4828 quam

2015 4855 2203 4921 vellet,
2233 4852 2301 4909 de
2331 4853 2443 4908 Deo
2467 4852 2716 4908 sentiret.
2740 4850 2845 4906 Sed
2869 4852 2985 4905 haec
3010 4849 3176 4903 verba
3201 4847 3376 4904 fuere.
3404 4847 3595 4917 Neque

2015 4947 2164 5000 enim
2200 4944 2374 4998 multo
2405 4952 2547 5013 post,
2579 4944 2764 4998 animo
2791 4956 2893 4996 suo
2923 4940 3219 5003 declarato,
3257 4937 3594 4992 orthodoxos

2023 5037 2182 5108 136
2212 5036 2570 5107 oppugnavit,
2602 5050 2668 5090 ac
2691 5042 2892 5105 praeter
2914 5030 3116 5085 multos
3138 5029 3276 5084 alios
3296 5027 3594 5084 crudeliter

2021 5139 2304 5192 tractatos,
2356 5127 2523 5183 etiam
2575 5126 2629 5180 in
2683 5133 2933 5178 sanctum
2983 5119 3323 5176 Methodium
3379 5133 3592 5190 grassa-

2024 5231 2110 5275 tus
2131 5261 2146 5288 ,
2179 5217 2536 5290 Euthymium
2571 5215 2825 5272 Sardium
2857 5212 3333 5284 archiepiscopum
3359 5211 3432 5267 ob
3463 5226 3591 5266 san-

1515 5378 1709 5442 Variae
1751 5377 2056 5442 lectiones
2099 5385 2162 5442 et
2205 5388 2399 5441 notua.

418 5545 494 5624 (ι)
537 5550 922 5624 Μιαιφονίςιιζ.
977 5547 1143 5624 Q_uia_
1168 5547 1399 5624 εοὶιῑςεει.⁸
1422 5558 1583 5624 αηλρει
1619 5543 1908 5624 _p:n-ili‘r'_a_ri

344 5616 631 5674 debuerat.
653 5616 995 5675 Describitur
1025 5620 1078 5674 in
1101 5617 1439 5689 Euchologio
1469 5616 1655 5689 Coari,
1691 5632 1741 5686 p.
1769 5616 1868 5689 βῖί
1899 5635 1915 5677 ;

345 5690 804 5762 Ruﬁllslouévq
846 5692 910 5762 ἐν
953 5693 1018 5762 τῇ
1042 5686 1413 5762 ῥείσόδῳ-προ
1459 5687 1560 5756 τῆς
1622 5686 1910 5762 συνήθους,

1042 5754 1067 5776 τ

344 5745 693 5824 ἐπῨᾋνοίξεί
743 5745 872 5814 ναοῦ
928 5745 1078 5830 ἐν”ᾧ
1134 5745 1363 5830 (Iw/€61].
1390 5745 1571 5813 Θανεῖν
1623 5745 1910 5828 ἄνθρωπον

2015 5549 2567 5694 ἑῆέΐςτΛθζγγαρςρι.
2632 5611 2951 5694 Μῖριιοςίοηι
3000 5619 3148 5670 secta
3201 5608 3588 5670 Sabbatianunt

2018 5685 2190 5749 fuisse
2221 5687 2415 5744 scribit
2444 5685 2664 5741 Nicetas
2695 5685 2994 5756 Paphlago.
