3994 6246
514 294 652 364 1383

1768 285 2091 350 JOANNIS
2129 285 2450 349 ZONARJ‘E

3577 281 3690 348 138$

507 426 718 473 clarum
750 409 1048 482 imaginum
1075 413 1283 463 cultum
1324 404 1377 459 in
1411 402 1669 461 exsilium
1703 401 1878 456 misit.
1920 403 2082 456 Dein—

2191 401 2539 461 καταστασιν,
2585 394 2719 450 ἀλλὰ
2790 393 2924 465 μηδὲ
2967 392 3257 461 βιάσασθαί
3307 410 3422 446 τινα
3449 395 3563 460 περὶ
3610 401 3687 452 τοῦ

506 507 577 563 de
658 500 996 559 Mctbodium
1067 498 1122 551 in
1176 495 1363 552 Acrita
1407 494 1680 548 conclusit
1725 532 1742 559 ,
1807 492 2072 563 inclytum

2184 493 2337 547 θείου
2383 490 2629 556 δοξάζειν
2661 488 2792 558 παρ’
2817 488 2846 541 δ
2870 486 3139 558 βούλεται.
3176 486 3264 540 Ἐν
3293 486 3461 555 λόγοις
3484 486 3523 540 δ’
3546 487 3691 560 ἔμεινε

505 613 640 653 vero
673 593 1030 664 Euthymiutn
1065 605 1096 643 a
1136 588 1248 644 (ilio
1293 602 1394 642 suo
1442 585 1745 653 Theoiihilo
1779 583 2077 639 crudeliter

2191 583 2376 640 ταῦτα.
2410 584 2487 637 Ού
2526 582 2666 652 μετὰ
2695 580 2831 634 πολὺ
2863 581 2971 650 γὰρ
3005 579 3106 651 τὴν
3156 578 3375 649 γνώμην
3406 579 3497 651 τὴν
3522 582 3694 636 οίκείαν

508 685 694 755 ﬂagris
757 695 987 745 casum,
1040 679 1095 732 in
1142 686 1443 747 martyrum
1509 687 1803 728 numerum
1865 672 2077 725 retulit.

509 778 915 846 Copronymnm
964 773 1017 826 in
1062 769 1320 824 omnibus
1366 767 1587 822 imitans
1620 775 1677 820 et
1727 763 1933 820 Judzeis
1984 764 2080 818 ad-

511 869 710 932 dictus,
763 865 997 920 Sabbata
1036 859 1544 934 jejunarijubebat.
1596 857 2079 913 iiesurrectioncm

512 968 854 1015 mortuorum
891 971 1001 1010 non
1047 952 1330 1012 credebat.
1375 965 1552 1020 eoque
1577 948 1762 1003 futura
1806 949 1948 1002 bona
1990 962 2085 1002 su-

511 1048 781 1118 gillabat,
823 1055 880 1102 et
939 1042 1560 1115 prophetasirridebat,
1625 1040 1903 1095 dannones
1957 1053 2081 1094 esse

514 1137 883 1207 pernegabat,
929 1133 1318 1191 scortationem
1372 1141 1656 1201 peccatum
1708 1146 1819 1184 non
1871 1129 2085 1199 judica-

514 1228 628 1290 bat,
683 1227 836 1282 ludat
887 1228 1117 1282 salutem
1209 1224 1577 1279 ominabatur.
1648 1220 1855 1276 Pascha
1904 1221 2083 1275 alieno

511 1320 778 1375 celebrari
800 1329 1043 1388 tempore
1064 1317 1386 1371 allirntabat.
1420 1313 1545 1369 llaec
1595 1329 1766 1382 pauca
1833 1329 1863 1366 e
1897 1311 2085 1368 multis

515 1412 880 1481 improbitatis
908 1426 974 1465 ac
1001 1411 1181 1478 potius
1215 1408 1506 1464 dementiae
1529 1407 1679 1460 illius
1702 1403 1902 1459 indicia
1947 1419 2084 1458 con-

512 1502 802 1558 Scribenda
839 1502 1052 1558 censui.
1117 1501 1272 1554 Nunc
1305 1498 1482 1554 oratio
1539 1497 1607 1561 ad
1669 1512 1758 1551 res
1802 1503 1983 1568 gestas
2030 1504 2088 1550 ct

513 1596 655 1651 bella
693 1596 863 1651 multa
886 1596 1105 1649 illorum
1138 1602 1446 1662 temporum
1494 1589 1899 1660 progrediatur.
1933 1587 2082 1641 Tho-

2179 674 2237 728 δὲ
2292 675 2451 746 ἔφην,
2494 674 2588 727 καὶ
2619 671 2763 726 κατὰ
2796 670 2906 725 τῶν
2967 668 3265 741 ὀρθοδόξων
3316 666 3569 740 ἐχώρησε,
3618 674 3692 724 κακ

2184 765 2415 830 πολλούς
2455 782 2518 819 τε
2545 765 2739 826 ἄλλους
2765 763 2961 825 δεινοῖς
3015 758 3332 831 περιέϐαλε,
3360 760 3485 831 πρδς
3505 762 3604 826 τοίς
3623 763 3678 818 ἄλ

2183 858 2296 918 iet;
2323 856 2381 911 δὲ
2412 856 2507 909 καὶ
2530 857 2622 909 τὸν
2653 855 2796 909 θεῖον
2829 852 3114 917 Μεθόδιον,
3145 853 3240 905 καὶ
3264 854 3357 906 τὸν
3379 856 3471 923 τῆς
3488 853 3698 924 Σάρδεων

2183 946 2700 1017 ἀρχιερατεύσαντα
2750 945 3027 1016 Εύθύμιον
3056 942 3243 1014 ὲξορίξ.
3271 943 3596 1015 παρέπεμψε,
3630 946 3699 1001 διὰ

2183 1040 2283 1111 τὴν
2311 1040 2420 1094 τῶν
2445 1040 2618 1109 ἁγίων
2639 1039 2866 1093 εἰκόνων
2896 1038 3089 1108 τιμήν.
3122 1036 3259 1092 Εἶτα
3288 1038 3378 1093 τὸν
3423 1042 3516 1106 μὲν
3546 1041 3697 1094 M506-

2184 1133 2298 1187 διον
2320 1133 2682 1204 καθείργνυσι
2734 1133 2876 1188 κατὰ
2904 1132 2995 1186 τὸν
3037 1131 3314 1199 Ἀκρίταν’
3366 1132 3451 1185 τδν
3494 1133 3702 1205 ἀοίδιμον

2185 1225 2462 1296 Εὑθύμιον
2494 1226 2552 1281 δὲ
2604 1222 2929 1297 μαρτυρικῷ
2970 1224 3178 1278 τελειοί
3210 1223 3441 1294 θανάτῳ,
3501 1225 3702 1291 ἀφειδῶς

2189 1319 2590 1390 μαστιζόμενον
2613 1318 2700 1373 διὰ
2726 1317 2818 1372 τοῦ
2842 1317 2963 1372 υίοῦ
2984 1318 3153 1373 αὑτοῦ
3185 1316 3460 1387 Θεοφίλου.
3502 1317 3697 1391 Ἐζήλου

2187 1413 2232 1467 δ’
2272 1416 2331 1468 ἐν
2366 1413 2538 1468 ἅπασι
2569 1411 2662 1467 τὸν
2698 1410 3103 1481 Κοπρώνυμον,
3153 1411 3250 1464 καὶ
3298 1416 3406 1476 τοῖς
3473 1396 3715 1477 Ἰουδαίοις.

2188 1505 2532 1576 προσέκειτο,
2562 1504 2630 1559 τά
2652 1521 2713 1557 τε
2744 1503 2998 1558 Σάϐϐατα
3027 1503 3311 1573 νηστεύειν
3335 1504 3623 1573 προσέταξε.
3639 1506 3704 1579 Τῇ

2187 1598 2484 1654 ἀναστάσει
2507 1615 2565 1652 τε
2598 1597 2871 1662 ἀπιστῶν,
2898 1596 3196 1662 διετώθαζε
3224 1597 3292 1653 τὰ
3323 1598 3565 1666 μέλλοντα
3594 1603 3704 1668 ἀγα-

515 1701 636 1740 mas
688 1701 831 1739 unus
877 1684 1039 1738 triunt
1079 1698 1270 1736 eorum
1312 1680 1380 1734 de
1421 1679 1623 1749 quibus
1659 1676 2087 1732 Pbilomelianus

2191 1695 2283 1761 οά,
2325 1695 2571 1755 καὶτοὺς
2623 1692 2912 1764 προφήτας
2956 1691 3200 1762 διέσυρε,
3243 1693 3334 1744 καὶ
3364 1691 3599 1761 δαίμονας
3627 1695 3708 1746 οὐκ

516 1777 609 1831 illc
651 1776 954 1831 monachus
974 1774 1236 1829 Bardame
1258 1773 1587 1827 vaticinatus
1611 1771 1809 1831 fuerat,
1844 1781 1901 1823 ut
1921 1784 2086 1838 supra

2191 1758 2332 1842 εἶναι
2383 1758 2774 1841 διεϐεϐαιούτοο
2795 1758 2808 1764 ὴ
2838 1783 3097 1856 πορνείαν
3116 1758 3128 1762 ν
3155 1801 3218 1838 τε
3294 1785 3392 1854 οὐχ
3444 1758 3704 1856 δμᾶρτημα

515 1867 721 1921 dictum
770 1875 877 1929 est,
920 1881 1155 1936 quorum
1188 1865 1298 1919 duo
1330 1864 1561 1934 imperio
1606 1861 1835 1932 potituri
1866 1870 2084 1924 essent,

518 1958 717 2012 tertius
766 1957 835 2027 (is
881 1973 1011 2013 vero
1059 1957 1299 2012 Thomas
1336 1964 1475 2012 erat)
1504 1957 1795 2010 invasurus
1836 1954 1927 2009 ille
1961 1953 2088 2023 qui-

515 2035 640 2106 dem
698 2051 1066 2122 tyrannidem,
1117 2058 1177 2104 et
1224 2049 1475 2105 diadema
1538 2046 1643 2103 sibi
1703 2046 2087 2117 impositurus,

518 2142 676 2212 regni
736 2158 867 2197 vero
899 2159 1005 2197 non
1030 2157 1256 2212 compos
1287 2141 1528 2207 futurus,
1561 2139 1890 2196 seditionem
1934 2137 2088 2193 exci-

517 2233 672 2297 tavit.
728 2234 780 2290 ls
830 2234 1030 2305 igitur,
1077 2244 1136 2288 ut
1181 2241 1307 2287 ante
1351 2233 1616 2303 scriptum
1667 2240 1782 2298 est,
1836 2245 1867 2285 a
1903 2229 2089 2286 Leone

518 2322 932 2379 Faederatorum
968 2324 1167 2395 legioni
1212 2324 1561 2394 praepositus,
1600 2333 1659 2377 ut
1682 2322 1987 2392 principem
2021 2321 2091 2377 de

517 2427 576 2467 se
602 2412 741 2467 bene
775 2413 1030 2467 meritum
1073 2428 1103 2467 a
1138 2411 1402 2468 Michaele
1449 2426 1651 2466 caesum
1683 2411 1958 2481 cognovit,
1993 2425 2089 2480 per

519 2505 761 2573 speciem
787 2504 938 2557 necis
964 2503 1110 2558 illius
1134 2504 1499 2569 vindicandae,
1532 2518 1657 2558 cum
1691 2519 1884 2557 revera
1910 2503 2088 2574 impe-

521 2595 662 2648 rium
685 2593 1298 2663 cogitaret,lllichaelem
1329 2604 1414 2650 est
1444 2610 1751 2666 aggressus,
1776 2594 2090 2665 coactisque

519 2701 630 2740 non
653 2685 1069 2742 contemnendis
1101 2686 1298 2757 copiis,
1327 2688 1612 2743 universas
1638 2687 1753 2743 fere
1794 2687 2091 2742 orientales

516 2777 830 2848 provincias
864 2777 1188 2848 occupavit,
1228 2787 1284 2832 et
1320 2778 1538 2848 publica
1572 2793 1765 2833 eorum
1800 2778 2092 2848 vectigalia

519 2869 623 2924 sibi
666 2869 947 2924 atl'erenda
989 2870 1224 2925 curavit.
1282 2870 1435 2927 Unde
1473 2873 1652 2926 auctis
1688 2871 1888 2942 Opibus
1923 2871 2087 2926 etiam

517 2964 800 3034 Agarenos
838 2963 1061 3028 invasit,
1101 2963 1197 3034 qui
1252 2970 1367 3017 tum
1429 2977 1623 3019 omnes
1680 2963 1994 3033 provincias
2034 2970 2092 3019 et

519 3054 668 3124 ipsas
712 3054 920 3109 insulas
953 3054 1025 3109 ob
1069 3054 1393 3109 intestinum
1430 3054 1637 3110 bellum
1677 3053 1943 3110 audacius
1985 3069 2086 3126 po—

518 3148 871 3218 pulabantur,
923 3164 1230 3218 eorumque
1269 3147 1537 3218 impetum
1579 3150 1866 3216 repressit,
1902 3157 1958 3203 et
1997 3163 2086 3204 ca-

519 3241 647 3294 stris
680 3256 851 3310 prope
875 3240 1092 3311 positis,
1125 3240 1424 3309 habitoque
1454 3239 1752 3309 colloquio,
1783 3239 2009 3309 pepigit,
2038 3238 2083 3293 si

520 3329 753 3399 imperio
797 3330 1100 3400 potiretur,
1143 3344 1202 3383 se
1247 3328 1509 3383 Romanis
1543 3317 1746 3382 finibus
1779 3328 1861 3383 eis
1902 3343 2089 3383 cessu-

522 3437 645 3476 rum
701 3436 843 3478 esse.
907 3421 1004 3477 His
1035 3421 1313 3493 peractis,
1369 3431 1534 3491 caput
1583 3420 1890 3476 diademate
1936 3420 2087 3491 regio

520 3524 702 3579 ornat,
737 3525 794 3569 et
824 3514 893 3568 ab
923 3515 1063 3570 Jobo
1087 3512 1431 3570 Antiocheno
1451 3514 1767 3586 patriarcha
1792 3513 2090 3584 imperator

522 3608 848 3678 appellatur.
907 3607 1040 3663 Inde
1098 3623 1223 3662 cum
1258 3623 1452 3679 magno
1506 3608 1752 3662 exercitu
1809 3606 2091 3678 profectus

526 3697 652 3766 (nec
690 3698 836 3752 enim
860 3701 1142 3769 Agarenos
1177 3701 1442 3753 duntaxat
1468 3736 1483 3763 ,
1528 3697 1624 3753 sed
1653 3708 1710 3753 et
1741 3697 1930 3767 plures
1958 3698 2093 3754 alias

524 3797 714 3855 gentes
753 3788 819 3841 ad
868 3786 998 3842 belli
1041 3787 1363 3842 serietatem
1409 3787 1703 3858 asciverat)
1749 3787 2091 3858 tyrannidem

525 3879 734 3949 majore
777 3878 963 3933 animo
1010 3876 1244 3933 invadit.
1295 3876 1422 3933 Fuit
1466 3878 1559 3933 hic
1596 3877 1835 3934 Thomas
1879 3893 1991 3933 non
2026 3893 2094 3934 et

524 3980 687 4041 gente
735 3970 990 4040 patricia,
1031 3970 1128 4024 sed
1173 3969 1467 4024 admodum
1493 3970 1727 4024 obscura
1754 3984 1928 4042 eaque
1958 3971 2092 4026 Bar-

526 4061 679 4125 hara,
715 4068 977 4128 tantaque
1017 4060 1202 4131 inopia
1234 4059 1569 4126 conﬂictata,
1604 4069 1663 4117 ut
1697 4062 1952 4117 mercede
1980 4078 2095 4118 ser-

525 4151 691 4205 viret.
725 4149 830 4205 Sed
877 4165 907 4205 a
947 4151 1162 4205 fortuna
1199 4159 1443 4211 evectus.
1496 4159 1557 4205 ut
1597 4149 1804 4205 dictum
1848 4160 1951 4218 est,
2004 4167 2095 4206 re-

526 4255 745 4310 gnoque
784 4239 1045 4296 ati‘ectato
1069 4238 1420 4296 Constantini
1452 4256 1655 4297 nomen
1688 4246 2005 4313 assumpsit,
2039 4252 2097 4299 et

529 4331 703 4385 illium
749 4333 1096 4403 adoptivum,
1142 4332 1298 4404 137
1349 4333 1564 4404 imperii
1624 4342 1972 4402 consortem,
2034 4344 2099 4391 ut

529 4423 777 4492 putabat,
809 4425 1016 4496 allegit.
1051 4424 1189 4479 Cum
1215 4425 1464 4481 exercitu
1492 4425 1777 4482 Michaelis
1811 4437 2002 4484 contra
2038 4443 2088 4484 se

2201 4453 2251 4507 si
2279 4454 2379 4523 τῆς
2411 4423 2693 4526 βασιλείας

530 4513 701 4568 misso
716 4529 1064 4586 congressus,
1089 4517 1212 4574 aliis
1241 4517 1439 4573 occisis
1459 4519 1582 4575 aliis
1604 4517 1828 4590 fugatis,
1858 4520 2099 4592 tyranni-

529 4697 704 4755 classe
738 4699 1097 4771 imperatoria
1121 4701 1350 4772 potitus,
1375 4701 1556 4760 Abido
1587 4706 1643 4759 in
1669 4703 1959 4759 Thraciam
1984 4714 2097 4760 tra-

2192 1882 2401 1949 ἠγτίτο,
2446 1879 2543 1932 καὶ
2567 1878 2659 1932 τὸν
2684 1879 2775 1933 ἐπὶ
2817 1879 2952 1932 πᾶσι
2979 1877 3112 1931 Θεὸν
3149 1876 3371 1947 ὀμνύειν
3400 1877 3705 1932 διεκελεύετο.

2194 1972 2285 2044 Τῷ
2334 1973 2392 2026 δὲ
2450 1970 2626 2043 Ἰούδᾳ.
2662 1969 2938 2041 σωτηρίαν
2967 1969 3301 2042 ὲπεφήμιζε,
3349 1971 3439 2024 καὶ
3464 1972 3518 2023 τδ
3552 1971 3707 2040 Πάσχα

2189 2064 2253 2121 ού
2299 2064 2444 2118 κατὰ
2507 2063 2702 2134 καιρὸν
2754 2060 3120 2133 ἐορτὰζεσθαι
3177 2061 3515 2131 ὲδυγμάτιζε.
3558 2060 3709 2116 Ταῦτα

2197 2156 2298 2227 μὲν
2331 2151 2425 2210 οὖν
2477 2156 2544 2209 ἐκ
2596 2153 2810 2208 πολλῶν
2842 2154 3001 2223 ὀλίγα
3045 2154 3145 2225 τῆς
3215 2153 3423 2208 ἐκείνου
3472 2154 3640 2217 κακίας
3680 2153 3708 2224 ἢ

2193 2251 2288 2305 καὶ
2310 2249 2498 2313 ἀνοίας
2522 2248 2878 2319 γνωρίσματα
2899 2246 3374 2318 ξυγγεγράφαται.
3424 2247 3488 2300 ⁸0
3510 2246 3559 2300 δὲ
3581 2247 3707 2315 λόγος

2191 2341 2263 2396 τὰ
2291 2342 2411 2395 τότε
2435 2340 2820 2412 ξυμϐεϐηκότα
2847 2338 3034 2393 διδότω
3078 2341 3145 2411 τῇ
3190 2339 3422 2411 ἱστορίᾳ·
3448 2339 3512 2392 τὰ
3540 2338 3580 2393 δ’
3598 2335 3707 2411 ἦσαν

2191 2430 2447 2504 ἐμφύλιοι
2470 2431 2720 2502 πόλεμοι.
2756 2430 2815 2486 'O
2841 2430 2898 2484 δὲ
2919 2429 3128 2484 τούτων
3151 2429 3427 2501 κατάρξας
3456 2429 3628 2500 Θωμᾶς
3648 2428 3708 2501 (6)

2191 2520 2282 2597 ἦν,
2319 2519 2398 2588 εἷς
2428 2524 2538 2577 τῶν
2564 2524 2735 2596 τριῶν
2779 2524 3066 2595 τυγχάνων
3108 2523 3344 2594 ἀνδρῶν,
3379 2526 3497 2594 περὶ
3521 2515 3631 2576 ῶνό
3665 2523 3710 2573 ὲν

2191 2616 2271 2687 τῷ
2298 2614 2593 2686 Φιλομιλίῳ
2623 2614 2855 2687 μοναχδς
2904 2612 2979 2684 τῷ
3025 2613 3278 2686 Βαρδανῃ
3325 2613 3624 2685 προέφησεν,
3652 2611 3711 2674 ὡς

2194 2706 2307 2761 ἄνω
2338 2725 2437 2761 που
2461 2707 2702 2777 εἴρηται,
2738 2704 2868 2768 τοὺς
2895 2703 2996 2774 μὲν
3019 2701 3114 2756 δύο
3147 2704 3505 2775 ἐπιϐήσεσθαι
3528 2704 3611 2775 τῆς
3633 2703 3707 2773 βα-

2197 2799 2397 2854 σιλείου
2432 2800 2628 2871 ἀρχῆς,
2655 2802 2747 2854 τδν
2774 2801 2830 2854 δέ
2853 2818 2917 2870 γε
2938 2801 3148 2873 τρίτον,
3181 2803 3243 2867 ὃς
3276 2795 3444 2870 (οὗτος
3481 2797 3540 2872 ἦν
3562 2801 3587 2852 ὁ
3623 2800 3714 2853 Θω-

2197 2892 2326 2962 μᾶς)
2353 2894 2700 2964 ἐπιχειρῆσαι
2730 2893 2832 2965 μὲν
2866 2895 3168 2968 τυραννίδι,
3211 2897 3314 2951 καὶ
3340 2894 3506 2965 ἑαυτῷ
3534 2892 3715 2962 περιθέ-

2194 2983 2321 3037 σθαι
2346 2985 2605 3056 διάδημα,
2636 2986 2712 3055 μὴ
2744 2987 2929 3057 μέντοι
2980 2989 3078 3043 καὶ
3100 2989 3200 3057 τῆς
3238 2987 3509 3059 βασιλείας
3543 2986 3712 3056 τυχεῖν.

2115 3117 2159 3175 c
2193 3070 2363 3140 Οὗτος
2382 3079 2585 3143 τοίνυν,
2610 3077 2687 3142 ὥς
2714 3079 2816 3152 ἤδη
2845 3098 2936 3151 μοι
2975 3082 3213 3153 εἴρηται,
3248 3083 3428 3153 ἄρχων
3466 3079 3715 3147 καταστάς,

2188 3167 2281 3220 τοῦ
2321 3167 2599 3238 τάγματος
2634 3170 2743 3223 τῶν
2775 3172 3115 3242 Φοιδερὰτων
3171 3176 3333 3245 παρὰ
3380 3173 3470 3229 τοῦ
3495 3173 3707 3236 Λέοντος,

2194 3255 2270 3318 ὡς
2303 3257 2446 3326 ἔγνω
2489 3259 2582 3311 τὸν
2611 3259 2911 3333 εὐεργέτην
2945 3263 3313 3332 ἀναιρεθέντα
3352 3265 3497 3335 παρά
3529 3262 3716 3318 106M:-

2193 3348 2354 3421 χαὴλ.
2385 3350 2464 3420 τῷ
2489 3350 2590 3421 μὲν
2640 3352 2819 3408 δοκεῖν
2862 3357 3128 3428 τιμωρῶν
3181 3359 3385 3430 ἐκείνῳ
3411 3396 3428 3424 ,
3452 3357 3524 3428 τῷ
3567 3356 3606 3410 δ’
3628 3355 3719 3409 δντι

2195 3440 2290 3513 τὴν
2320 3441 2601 3513 βασιλείαν
2640 3447 2985 3516 καραδοκῶν,
3017 3449 3272 3521 ἀνταίρει
3299 3450 3374 3521 τῷ
3397 3448 3618 3521 Μιχαὴλ,
3643 3448 3720 3499 καὶ

2197 3528 2490 3593 συναλίσας
2513 3530 2745 3602 δύναμιν
2770 3534 2869 3587 ούκ
2892 3535 3397 3609 εὐκαταφρόνητον,
3414 3537 3608 3591 ἃπασαν
3626 3549 3701 3603 cz:

2200 3620 2289 3675 δδν
2337 3622 2437 3695 τὴν
2469 3623 2610 3695 ἑῴαν
2636 3627 2829 3697 μοῖραν
2858 3628 3275 3699 ἐσφετερίσατο,
3319 3631 3412 3685 καὶ
3439 3630 3556 3693 τοὺς
3584 3629 3722 3696 δημο·

2201 3713 2351 3775 σίους
2388 3716 2590 3787 φόρους
2629 3717 2780 3788 αὐτῷ
2812 3719 3145 3790 κομίζεσθαι
3202 3720 3596 3794 παρεσκεύασε.
3631 3716 3719 3771 Καὶ

2202 3805 2370 3870 πολὺς
2397 3807 2652 3863 ἐντεῦθεν
2687 3811 2984 3882 γενόμενος
3017 3814 3226 3886 ἐπῆλθε
3254 3816 3349 3870 καὶ
3376 3816 3485 3880 τοῖς
3523 3815 3723 3881 ’Δγαρτγ

2204 3896 2338 3959 νοῖς,
2369 3895 2690 3969 ἀδεέστερον
2740 3899 2864 3954 τότε
2920 3904 3106 3958 πᾶσαν
3168 3904 3513 3976 ληϊζομένοις
3556 3902 3722 3972 χώραν.

2205 3989 2427 4054 καὶτὰς
2466 3992 2666 4060 νήσους
2704 3994 2879 4058 αὐτὰς
2928 3996 3020 4051 διὰ
3055 3995 3149 4051 τὸν
3202 4000 3475 4070 ἐμφύλιον
3508 3997 3722 4066 πόλεμον.

2203 4080 2317 4136 Καὶ
2350 4082 2596 4138 ἐπελθὼν
2630 4086 2896 4158 ἀνέκοψεν
2928 4089 3130 4155 αὐτοὺς
3168 4092 3271 4162 τῆς
3300 4091 3494 4163 φορᾶς,
3519 4089 3601 4143 καὶ
3625 4089 3724 4138 ἀνα-

2205 4174 2379 4243 κύψας
2410 4178 3082 4255 παρεστρατοπεδεύσατο,
3137 4184 3233 4237 καὶ
3278 4185 3337 4249 ἐς
3384 4183 3560 4252 λόγους
3594 4176 3726 4253 ἦλθεν

2205 4267 2412 4333 αὐτοῖς,
2445 4272 2540 4324 καὶ
2565 4272 2717 4342 ἥκων
2740 4274 2822 4338 είς
2854 4273 3077 4343 λόγους,
3110 4276 3410 4331 ἐσπείσατο
3452 4277 3539 4329 ἐπὶ
3569 4271 3728 4341 συνθήο

2204 4376 2332 4424 καις
2380 4361 2476 4415 τοῦ
2528 4361 2857 4434 Ῥωμαϊκῶν
2899 4366 3065 4433 ὁρίων
3119 4368 3524 4439 παραχωρῆσαι
3558 4364 3726 4425 αὐτοῖς.

2737 4458 3016 4530 ἐγκρατὴς
3046 4460 3284 4530 γένοιτο.
3332 4459 3488 4515 Οὕτω
3512 4459 3565 4513 δὲ
3589 4455 3727 4509 ταῦτα

825 4541 1212 4620 Euripum-auis
1241 4541 1439 4573 UUUISIS
1459 4541 1582 4575 atus
1604 4541 1828 4620 tugatts,
1859 4541 2099 4620 tyrannt-
2194 4541 2635 4613 διοικησάμενος,
2670 4547 2768 4598 καὶ
2799 4547 2902 4618 τὴν
2945 4547 3193 4620 κεφαλὴν
3245 4550 3541 4620 ἀνεδήσατο
3577 4541 3728 4611 ταινίᾳ

530 4602 654 4706 dem
695 4606 1002 4706 stabilivit,
1040 4617 1098 4706 et
1139 4610 1315 4706 classe
1361 4622 1680 4706 comparata
1706 4652 1722 4676 ,
1764 4613 1876 4668 into
1930 4614 2096 4670 etiam
2197 4602 2477 4706 βπσιλξκῇ’,

2508 4636 2602 4689 καὶ
2628 4639 2990 4712 αὐτοκράτωρ
3021 4640 3304 4714 ἀνερρήθη
3342 4640 3484 4696 κατὰ
3507 4638 3598 4708 τὴν
3634 4636 3729 4686 Ἀνι

2192 4725 2450 4798 τιόχειαν,
2490 4728 2640 4799 παρὰ
2665 4729 2761 4783 τοῦ
2800 4730 2927 4784 τότε
2961 4730 3053 4785 τὸν
3112 4731 3308 4803 θρόνον
3338 4732 3507 4802 αὐτῆς
3534 4727 3615 4782 τὸν
3648 4742 3731 4779 πα·

528 4790 680 4861 jecit,
726 4790 1097 4850 Orientalibus
1130 4809 1272 4865 pene
1302 4795 1559 4852 omnibus
1588 4795 1864 4862 subactis,
1895 4807 2088 4867 praeter

2193 4790 2513 4890 τριαρχικδν
2546 4790 2787 4893 ἔχοντες.
2833 4822 2956 4876 ’1ὼό
2986 4823 3031 4876 δ’
3062 4790 3274 4888 ἐκεῖνος
3316 4790 3592 4892 ὲκέκλῇτο.
3637 4817 3730 4870 Ki-

529 4879 880 4951 Opsicianam
949 4888 1290 4959 provinciam
1318 4927 1335 4955 ,
1402 4888 1490 4942 cui
1542 4887 1827 4957 Cataquila
1851 4929 1866 4955 ,
1900 4900 1955 4943 et
1994 4890 2098 4944 Ar-

2197 4909 2379 4963 κείθεν
2429 4912 2692 4983 ὁρμηθεὶς
2739 4913 2840 4967 σὺν
2887 4914 3113 4986 μεγάλῳ
3168 4912 3538 4984 στρατεύματι
3582 4905 3730 4977 (ἔτυχε

436 5028 443 5033 .
532 4978 879 5044 meniacam,
932 4980 1022 5035 cui
1078 4980 1346 5037 Olbianus
1390 4988 1669 5051 praeerat,
1725 4980 1819 5052 qui
1880 4983 2088 5055 tyranni

2200 5001 2311 5073 γὰρ
2343 4978 2651 5075 συμμαχῶν
2679 5006 2780 5061 ούκ
2824 4978 3149 5079 Ἀγαρηνῶν
3182 4978 3387 5076 μόνων,
3414 4978 3550 5059 αλλὰ
3584 5002 3663 5052 καὶ
3682 4992 3730 5055 ἐξ

529 5066 850 5139 adoptivum
901 5071 1071 5125 tilium
1126 5070 1345 5126 insidiis
1388 5079 1703 5141 exceptum,
1755 5073 1937 5128 statim
1976 5089 2103 5131 sus-

520 5154 676 5211 'tulit.

2202 5092 2408 5165 ἑτέρων
2440 5095 2610 5150 ἐθνῶν
2644 5096 2930 5170 πλειόνων)
2965 5102 3032 5170 τῇ
3070 5097 3348 5170 τυραννίδι
3387 5090 3732 5168 κραταιότερθν

2204 5185 2585 5262 ἐπεχείρησεν.
2616 5189 2723 5248 ἾΙν
2758 5192 2815 5251 δὲ
2852 5193 2881 5246 ό
2919 5192 3120 5263 Θωμᾶς
3163 5182 3321 5254 οὗτος
3358 5189 3419 5243 οὐ
3454 5187 3557 5241 τῶν
3590 5182 3732 5236 εὐπασ

529 5278 751 5346 τριδῶν,
790 5279 927 5334 ἀλλὰ
969 5281 1066 5332 καὶ
1114 5277 1225 5332 τῶν
1271 5277 1393 5333 λίαν
1435 5281 1691 5352 ἀσήμων,
1746 5283 1840 5336 καὶ
1886 5284 2095 5339 τούτων
2127 5287 2457 5358 Βαρϐάρων,
2529 5286 2622 5341 καὶ
2670 5285 2877 5357 ἀπορίᾳ
2945 5285 3240 5354 σύντροφος
3271 5284 3341 5353 τῇ
3373 5278 3588 5351 ἐσχάτῃ.
3616 5270 3732 5326 ὥστε

532 5369 628 5422 καὶ
657 5369 931 5426 δουλεύειν
975 5369 1193 5443 μισθοῦ.
1229 5370 1516 5442 Ἀναχθεὶς
1538 5373 1585 5428 δ’
1621 5373 1727 5427 ὑπὸ
1762 5375 1861 5446 τῆς
1928 5376 2124 5447 τύχης,
2161 5378 2239 5442 ὡς
2268 5380 2511 5451 εἴρηται,
2571 5380 2668 5433 καὶ
2698 5377 2974 5449 τυραννίδι
3003 5374 3385 5447 ἐπιχειρήσας,
3409 5372 3507 5442 τήν
3533 5384 3588 5421 τε
3624 5360 3733 5430 κὶῨΓ

532 5581 659 5705 Tagi6

702 5656 1349 5741 εοενιγωίθωιέαλεατᾲ
1388 5658 1504 5741 τῆς,
1539 5660 1862 5740 οικουμένης
1902 5660 2099 5741 λυπή-

431 5726 439 5735 ’
533 5735 747 5786 σαντος.
781 5723 1006 5779 Τιιοιιεω
1052 5723 1370 5784 rebellionis
1401 5723 1839 5799 historiam'praé
1881 5723 2098 5785 ett-teris

1694 5489 1894 5552 Variae
1920 5489 2228 5556 lectiones
2266 5500 2328 5557 et
2372 5502 2561 5559 noun.

710 5583 935 5668 θωίέᾷς·
964 5585 1286 5668 Ᾱὲοηῑειιυε
1315 5587 1373 5668 in
1390 5586 1512 5668 νέω
1638 5587 1844 5668 Nicolai
1870 5588 2098 5668 Studitae
2202 5603 2396 5668 narrat
2420 5597 2536 5668 ipse
2557 5592 2787 5668 Michael
2814 5594 2944 5668 imp.
2977 5592 3031 5648 in
3053 5589 3293 5668 Epistola
3326 5588 3394 5644 ad
3413 5582 3732 5655 Ludovicum,

2204 5667 2347 5739 apud
2375 5664 2666 5722 Baroniutn
2695 5680 2786 5721 an.
2817 5664 2940 5732 8‘24,
2966 5679 3021 5719 τι.
3049 5664 3111 5720 t9
3135 5669 3190 5718 et
3212 5674 3370 5730 seq1.
