3994 6246
317 256 340 319 i
354 259 457 323 335

1549 258 1954 320 ANNALIUM
1996 259 2140 319 LIB.
2182 259 2302 321 XV.

3429 265 3562 334 1386

311 393 398 436 σι,ν
451 375 726 446 μετέδετο,
767 377 1178 431 Κωνσταντῖνον
1225 375 1305 447 ('2')
1341 373 1535 429 ἑαυτὸν
1577 374 1878 444 ὀνομάσας,
1919 375 2011 427 καὶ
2077 375 2333 430 κοινωνὸν
2382 374 2478 447 τῆς
2545 375 2845 446 βασιλείας,
2888 378 2962 442 ὼς
2992 380 3150 449 (fuero,
3188 381 3560 452 προσελάϐετο

310 469 445 531 υἱὸν,
466 472 776 543 εἰσποιητὸν
805 471 1225 542 οίκειωσάμενός
1259 486 1400 524 τινα.
1432 468 1537 522 Τοῦ
1569 467 1626 522 δὲ
1659 467 1879 538 Μιχαὴλ
1919 469 2181 537 στρατιὰν
2218 471 2340 524 κατ’
2410 470 2580 524 αὑτοῦ
2646 471 2995 539 ἐσταλκότος,
3023 472 3316 543 συμϐαλὼν
3349 475 3559 536 ἐκεῖνος

315 567 480 638 αὐτῇ,
505 569 633 632 τοὺς
672 569 770 638 μὲν
791 568 994 631 ἀνεῖλε,
1026 568 1153 633 τοὺς
1201 567 1258 620 δὲ
1293 566 1539 637 φυγάδας
1574 567 1876 634 ἀπέφηνεν.
1922 564 2238 618 Κάντεῦθεν
2293 564 2685 638 κραταιότερον
2714 568 2816 636 τῆς
2877 569 3194 640 τυραννίδος
3231 571 3555 640 ἐπείληπτο,

307 661 402 714 καὶ
437 651 624 730 στόλον
649 661 1110 733 ἐξαρτυσάμενος,
1163 661 1299 714 ἀλλὰ
1335 660 1444 730 μὴν
1489 663 1582 713 καὶ
1629 657 1691 710 τὸ
1766 656 2042 726 βασιλικὸν
2113 660 2368 714 ναυτικὸν
2411 661 2500 729 ὑφ’
2554 661 2749 715 ἑαυτὸν
2815 643 3206 732 ποιησάμενος,
3277 664 3338 730 ἐξ
3397 663 3560 718 'A‘Ji-

305 760 394 809 ὅου
419 758 558 828 πρὸς
586 758 686 830 τὴν
715 759 940 830 Θρᾴκην
973 757 1311 830 ἐπεραιώθη,
1344 758 1440 811 καὶ
1476 757 1545 810 τὰ
1577 755 1677 824 τῆς
1738 752 1911 823 Ἐᾠας
1944 754 2160 809 ἅπαντα
2228 756 2416 826 σχεδὸν
2449 757 2788 828 ὑπηγάγετο,
2855 757 2985 812 ἄνευ
3025 761 3212 830 μέντοι
3242 761 3348 815 τῶν
3389 762 3558 832 θέμαο

302 870 394 916 τος
423 852 516 906 τοῦ
563 853 831 922 Ὀψικίου,
859 847 921 907 οὗ
955 857 982 907 ὁ
1014 855 1343 918 Κατάκυλας
1383 854 1738 924 ἐστρατήγει,
1797 853 1892 906 καὶ
1927 851 2020 906 τοῦ
2083 851 2193 904 τῶν
2235 852 2637 921 Ἀρμενιακῶν’
2671 854 2700 904 ὁ
2749 853 3022 918 Ὀλδιανος
3057 857 3114 909 δὲ
3176 856 3274 928 τὴν
3318 875 3558 930 στρατη-

302 945 425 1012 γίδα
448 944 642 999 τούτου
683 939 830 1015 εἶχεν
863 945 1065 1016 ἀρχὴν,
1103 945 1161 1010 ὃς
1185 947 1250 1016 δὴ
1279 945 1516 1015 λοχήσας
1551 946 1649 998 καὶ
1675 943 1768 998 τὸν
1833 942 1911 1013 τῷ
1949 944 2200 1014 τυράννῳ
2268 944 2656 1015 είσποιηθέντα
2710 946 2824 1000 υίὸν
2856 945 3168 1018 κατασχὼνξ
3203 951 3414 1006 ἀνεῖλεν
3468 955 3554 1007 si»

300 1039 418 1099 θύς.

370 1133 496 1190 Kl".
535 1135 831 1203 Γενόμενος
867 1134 913 1188 δ’
959 1137 1016 1189 ἐν
1059 1138 1124 1208 τῇ
1167 1137 1378 1208 Θρᾴκῃ,
1432 1137 1505 1198 ὼς
1569 1136 1810 1206 εἴρηται,

1958 1186 1962 1193 ,
2063 1129 2250 1186 XXIII.
2289 1130 2423 1184 Cum
2453 1130 2708 1195 Thomas,
2737 1139 2794 1184 ut
2824 1131 3026 1186 dictum
3049 1141 3154 1195 est,
3183 1133 3237 1188 in
3267 1135 3553 1195 Thraciam

296 1228 529 1297 Θωμᾶς,
614 1227 1085 1297 προστιθεμένους
1161 1229 1309 1300 αὐτῷ
1364 1230 1489 1293 τοὺς
1549 1229 1870 1298 ξύμπαντας

295 1318 555 1386 ἔσχηκεν.
591 1316 758 1382 Αὖθις
791 1316 885 1373 οὖν
919 1323 1014 1374 τοῦ
1065 1322 1329 1392 βασιλέως
1368 1322 1512 1377 κατά
1537 1340 1594 1376 τε
1633 1323 1869 1393 γῆνάύ-

291 1411 372 1480 τῷ
402 1411 774 1480 συμμίξαντος
810 1414 900 1465 καί⁵
935 1415 1076 1468 κατά
1100 1415 1398 1479 θάλασσαν,
1441 1417 1532 1468 καὶ
1564 1415 1731 1483 ἄμφω
1772 1417 1871 1478 τὰς

291 1503 559 1572 στρατιὰς
590 1505 617 1556 ὁ
649 1506 910 1570 τύραννος
954 1505 1220 1576 ἐτρέψατό
1254 1523 1312 1558 τε
1363 1506 1460 1559 καὶ
1499 1505 1868 1570 διεσκέδασεν,

288 1592 651 1662 υίοθετήσατο
680 1593 726 1645 δ’
756 1592 963 1664 ἕτερον,
1016 1593 1111 1646 τοῦ
1150 1594 1365 1665 πρώτου
1413 1595 1764 1658 κτανθέντος,
1794 1595 1870 1656 ὡς

290 1685 536 1753 εἴρηται,
599 1685 952 1738 Ἀναστάσιον
1006 1685 1104 1754 μὲν
1144 1685 1508 1756 καλούμενον,
1549 1685 1784 1756 μοναχὸν
1823 1687 1867 1738 δ’

286 1775 417 1827 ὄντα
449 1776 541 1827 καὶ
573 1775 632 1828 τὸ
658 1777 760 1845 μὲν
794 1779 981 1847 σχῆμα
1011 1776 1071 1828 τὸ
1102 1779 1246 1830 θεῖον
1270 1777 1714 1847 ἀποδυσάμενον,
1743 1793 1866 1830 στο-

285 1867 386 1938 λὴν
444 1867 503 1921 δὲ
547 1873 822 1939 κοσμικὴν
873 1871 1418 1941 μεταμφιασάμενον.
1483 1870 1572 1934 Ἐς
1615 1871 1770 1924 τοῦτο
1820 1871 1865 1922 δ’

281 1954 422 2028 ἧκεν
463 1960 702 2030 ἀπορίας
727 1962 754 2013 ό
780 1961 1018 2030 Μιχαὴλ,
1044 1961 1119 2024 ὡς
1146 1961 1374 2031 σιδηρᾶν
1404 1963 1644 2014 ἐκτεῖναι
1674 1962 1865 2030 σειρὰν

283 2053 344 2116 ἐξ
388 2051 766 2122 Ἀκροπόλεως
815 2056 896 2116 είς
927 2054 986 2106 τὸ
1037 2054 1160 2106 κατ’
1208 2053 1508 2126 ἀντιπέραν
1565 2055 1860 2127 πολίχνιον,

283 2142 351 2194 ἶν’
378 2142 559 2197 άῆατα
595 2145 710 2208 τοῖς
742 2139 838 2197 τοῦ
879 2144 1146 2214 τυράννου
1195 2145 1520 2212 φυλάττοιτο
1569 2146 1638 2200 τά
1690 2147 1861 2210 ἐντός.

291 2234 435 2285 Ἀλλ’
459 2237 487 2288 ό
511 2233 711 2304 Θωμᾶς
735 2236 873 2305 ὁμοῦ
913 2239 980 2306 τῇ
1031 2236 1190 2289 πόλει
1245 2236 1549 2307 προσέϐαλε
1586 2239 1728 2293 κατά
1758 2239 1864 2308 γῆν

274 2342 334 2378 τε
368 2331 466 2378 καὶ
505 2325 808 2390 θάλασσαν,
841 2328 939 2396 τὴν
971 2327 1202 2398 σιδηρᾶν
1233 2328 1455 2399 ἐκείνην
1486 2330 1664 2401 ῥᾷστα
1709 2330 1862 2400 διαρ-

274 2417 454 2488 ρήξας
489 2419 702 2486 σειρὰν,
730 2416 826 2472 καὶ
857 2417 995 2488 ᾤετο
1026 2420 1075 2470 εί
1118 2419 1280 2488 μόνον
1309 2420 1530 2491 φανείη,
1560 2422 1688 2484 τοὺς
1716 2421 1857 2491 ἐντῇ

1983 1225 2246 1290 venisset,
2270 1237 2461 1278 onmes
2492 1222 2558 1276 ad
2589 1239 2716 1277 eum
2744 1239 2801 1278 se
2842 1225 3216 1281 contulerunt.
3241 1228 3429 1298 Itaque
3455 1233 3555 1286 im-

1980 1323 2290 1382 peratorem
2337 1313 2522 1365 denuo
2570 1322 2714 1366 terra
2758 1313 3008 1382 marique
3040 1314 3205 1380 vicit,
3251 1318 3553 1391 proﬂigatis

1978 1403 2334 1467 exercitibus,
2379 1413 2432 1456 et
2471 1403 2523 1456 in
2553 1403 2829 1458 demortui
2867 1404 2961 1458 lilii
2988 1406 3169 1460 locum
3219 1408 3388 1464 alium
3423 1411 3554 1466 ado-

1981 1496 2175 1565 ptavit,
2228 1495 2449 1549 nomine
2507 1495 2858 1549 Anastasium
2895 1537 2910 1561 ,
2947 1499 3065 1566 qui,
3108 1514 3266 1555 sacro
3297 1505 3550 1558 monachi

1979 1588 2170 1642 habitu
2221 1588 2456 1657 abjecto,
2503 1587 2720 1642 civilem
2745 1599 3081 1658 sumpserat,
3129 1607 3308 1663 eoque
3338 1597 3551 1667 redegit

1977 1680 2316 1743 Michaclem,
2344 1686 2403 1732 ut
2428 1679 2608 1734 ferrea
2659 1690 2852 1735 catena
2873 1696 2938 1736 ex
2965 1683 3219 1754 Αργοροιί
3245 1687 3298 1742 in
3323 1689 3504 1758 oppid.
3529 1718 3552 1730 -

1975 1773 2088 1827 lum
2119 1789 2149 1827 e
2179 1773 2403 1842 regione
2439 1772 2605 1827 situm
2654 1781 2875 1828 extenta
2912 1783 3202 1845 tyrannum
3256 1780 3548 1848 prohibere

1974 1875 2290 1929 conaretur,
2329 1882 2398 1920 ne
2444 1867 2590 1920 intro
2623 1848 2961 1936 penetraret.
3001 1870 3110 1926 Sed
3133 1869 3375 1927 Thomas
3399 1881 3543 1927 terra

1974 1960 2225 2028 marique
2268 1958 2452 2023 simul,
2480 1958 2688 2028 impetu
2728 1958 2782 2012 in
2815 1959 3004 2015 urbem
3038 1960 3204 2027 laeto,
3243 1973 3546 2033 catenaque

1972 2049 2232 2104 facillime
2279 2058 2440 2119 rupta
2482 2087 2496 2111 ,
2541 2048 2808 2118 putabat,
2866 2049 2912 2104 si
2985 2066 3014 2105 a
3070 2051 3286 2108 civibus
3334 2061 3543 2108 tantum

1973 2139 2411 2206 conspiceretur,
2462 2137 2580 2194 fore
2641 2138 2745 2194 sibi
2812 2138 2887 2195 ob
2945 2141 3294 2210 imperatoris
3357 2142 3543 2196 odium

1972 2239 2161 2300 aperta
2191 2231 2396 2286 omnia.
2435 2230 2572 2285 Cum
2607 2240 2788 2286 autem
2812 2231 2972 2290 ,viros
3023 2232 3193 2288 fortes
3231 2247 3290 2289 se
3321 2233 3533 2302 praebe-

1972 2332 2096 2378 rent
2154 2325 2250 2394 qui
2283 2323 2474 2378 urbem
2508 2324 2830 2389 tuebantur,
2854 2339 2950 2396 spe
2975 2326 3240 2396 dejectus,
3278 2333 3390 2380 tum
3418 2327 3540 2396 qui-

1970 2416 2092 2470 dem
2141 2415 2388 2478 recessit,
2416 2430 2480 2470 ae
2503 2415 2704 2470 vallum
2750 2416 2952 2471 muniit
2992 2415 3140 2471 circa
3165 2430 3378 2471 sacram
3406 2432 3533 2471 san-

272 2507 437 2559 πόλει
466 2507 556 2560 διὰ
607 2507 705 2575 τὴν
749 2510 888 2576 πρὸς
931 2506 1024 2560 τὸν
1073 2507 1380 2577 κρατοῦντα
1417 2502 1740 2578 ἀπέχθειαν,
1772 2511 1851 2561 εὐ-

1963 2517 2175 2563 ctorum
2223 2507 2633 2578 Anargyrorum
2699 2500 2871 2562 aedem
2901 2549 2916 2573 ,
2968 2507 3060 2578 qui
3124 2508 3276 2562 locus
3322 2506 3534 2561 Paulini

270 2598 414 2667 χερῆ
442 2594 543 2666 τὴν
580 2596 787 2649 εἴσοδον
840 2597 988 2668 αὐτῷ
1031 2600 1354 2669 παρασχεῖν.
1398 2599 1552 2653 Ἐπεὶ
1597 2599 1642 2652 δ’
1685 2601 1861 2671 ὲρρω-

274 2689 478 2759 μένους
507 2688 713 2760 εὕρηκε
741 2689 872 2753 τοὺς
901 2691 1051 2753 ἐντὸς
1085 2691 1222 2759 πρὸς
1244 2690 1345 2760 τὴν
1374 2691 1475 2761 τῆς
1518 2691 1725 2755 πόλεως
1766 2709 1862 2761 φυ-

273 2781 477 2852 λακὴν,
505 2781 602 2833 καὶ
631 2781 742 2834 τῶν
771 2781 1009 2836 ἐλπίδων
1059 2780 1330 2854 ἐψεύσθη,
1360 2783 1484 2836 τότε
1521 2783 1621 2853 μὲν
1647 2783 1856 2855 ἀνεχώ-

279 2890 442 2943 ρησε,
497 2874 594 2926 καὶ
651 2873 906 2943 βάλλεται
950 2873 1170 2944 χάρακα
1231 2877 1374 2930 κατὰ
1434 2877 1496 2929 τὸ
1547 2877 1654 2931 τῶν
1695 2877 1855 2930 θείων

281 2960 642 3031 ’Δναργύρων
703 2959 1003 3031 ίερώτατον
1053 2961 1303 3030 τέμενος·
1362 2965 1391 3016 ὀ
1441 2964 1606 3028 τόπος
1654 2964 1713 3018 δὲ
1757 2964 1853 3018 τοῦ

270 3049 550 3103 ιΙαυλίνου
601 3047 911 3118 ὡνόμαστο.
963 3047 1220 3120 Ἠμερῶν
1249 3051 1307 3104 δέ
1338 3069 1503 3106 τινων
1535 3053 1854 3125 διαγενομέ-

263 3157 395 3203 νων,
447 3141 542 3192 καὶ
589 3141 733 3193 κατὰ
781 3142 980 3211 χέρσον
1029 3137 1186 3206 αὖθις
1242 3144 1336 3195 καὶ
1388 3147 1532 3200 κατὰ
1577 3147 1852 3201 θάλασσαν

261 3236 520 3300 ἐπήγαγε
555 3234 620 3300 τῇ
651 3231 807 3284 πόλει
858 3232 949 3286 τὸν
1003 3233 1262 3303 πόλεμον,
1319 3234 1597 3299 ἑλεπόλεις
1653 3255 1710 3290 τε
1756 3239 1852 3292 καὶ

259 3327 551 3395 κλίμακας
579 3326 944 3394 ἐπαγόμενος.
1003 3325 1087 3390 Ὠς
1119 3326 1165 3379 δ’
1199 3327 1352 3398 ἐώρα
1382 3328 1456 3385 τὰ
1480 3329 1578 3400 τῆς
1605 3331 1847 3402 σπουδῆς

257 3420 417 3487 αὐτῷ
471 3418 811 3488 πανταχόθεν
859 3419 1120 3488 ἀνήνυτα,
1169 3421 1293 3473 τότε
1343 3421 1441 3490 μὲν
1483 3421 1583 3489 τὴν
1634 3421 1850 3490 ψυχρὰν

254 3513 680 3584 ἐκτρεπόμενος
729 3513 954 3583 Θρᾴκην
1013 3513 1245 3584 (χειμὼν
1284 3513 1394 3585 γάρ
1432 3509 1522 3584 ἦν)
1550 3515 1651 3585 τὴν
1686 3532 1849 3585 στρα-

257 3608 387 3660 τιὰν
417 3603 593 3661 αὑτοῦ
621 3606 739 3666 ταῖς
767 3603 974 3675 χώραις
1014 3605 1308 3674 διένειμεν,
1348 3605 1408 3658 ἐν
1438 3604 1668 3669 ταύταις
1720 3622 1847 3674 σχο-

250 3699 558 3763 λάζουσαν,
594 3697 687 3751 καὶ
711 3696 809 3767 τὴν
849 3696 944 3750 τοῦ
976 3696 1244 3768 χειμῶνος
1278 3697 1687 3768 ἐκφευξομένην
1731 3696 1848 3768 δρι-

251 3791 505 3861 μύτητα.
551 3789 714 3858 Ἀρτι
756 3788 813 3842 δέ
841 3787 936 3842 τοῦ
983 3788 1144 3860 ἔαρος
1187 3789 1518 3858 ἐφεστῶτος,
1549 3791 1648 3843 καὶ
1683 3789 1846 3844 πάλιν
1874 3821 1918 3881 c

251 3883 511 3952 προσῆγε
545 3881 642 3932 καὶ
689 3878 1083 3948 ἀμφοτέρωθεν
1124 3879 1190 3948 τῇ
1224 3879 1380 3932 πόλει
1427 3878 1525 3948 τὴν
1558 3881 1843 3950 στρατιὰν,

248 3975 346 4026 καὶ
377 3971 753 4043 περιεκύκλου
775 3971 843 4024 τὰ
872 3970 1024 4040 τείχη
1055 3961 1131 4041 τῷ
1168 3989 1230 4024 τε
1271 3972 1422 4042 πεζῷ
1457 3972 1828 4042 στρατεύματι
1881 4025 1888 4030 ,

247 4065 346 4117 καὶ
377 4062 463 4131 τῷ
502 4061 772 4131 ναυτικῷ.
807 4061 949 4131 Ἤδη
977 4062 1034 4114 δὲ
1063 4062 1160 4115 καὶ
1187 4062 1265 4134 τῷ
1286 4063 1506 4134 Μιχαὴλ
1539 4064 1836 4135 ἡτοίμαστο

245 4157 344 4210 καὶ
373 4153 574 4214 στόλος
606 4155 703 4206 καὶ
741 4154 1082 4226 στράτευμα.
1115 4157 1313 4224 Λόγοις
1343 4155 1436 4209 οὖν
1497 4156 1840 4226 παρακλητι-

241 4250 360 4310 xor;
387 4249 529 4310 τοὺς
573 4245 810 4308 οἰκείους
837 4266 913 4300 πα
924 4248 1266 4320 ραθαρρύνας
1290 4250 1318 4301 ὁ
1342 4248 1615 4318 βασιλεὺς,
1646 4250 1841 4322 ἀθρόον

240 4347 308 4396 ἐκ
333 4340 613 4394 πλειόνων
632 4338 816 4393 πυλῶν
846 4339 1032 4408 ἐξάγει
1060 4339 1307 4403 τούτους,
1347 4341 1444 4394 καὶ
1467 4343 1841 4412 συρρήγνυται

246 4435 325 4506 τῷ
360 4434 462 4489 τοῦ
513 4431 786 4501 τυράννου
838 4431 977 4501 λαῷ.
1017 4432 1080 4485 Οἱ
1111 4433 1168 4486 δὲ
1213 4431 1290 4502 τῷ
1323 4433 1581 4503 αἰφνιδίῳ
1628 4436 1720 4487 καὶ
1761 4435 1839 4506 τῷ

240 4527 447 4597 θράσει
495 4522 610 4577 τῶν
674 4523 943 4576 ἐπιόντων
997 4522 1528 4591 ἀποδεδειλιακότες,
1578 4524 1648 4578 τὰ
1693 4525 1838 4578 νῶτα

242 4616 584 4689 μετέϐαλον,
625 4615 721 4667 καὶ
765 4614 964 4666 ἔπεσον
999 4614 1210 4678 πολλοὶ,
1248 4615 1343 4668 καὶ
1394 4618 1426 4686 ή
1469 4616 1594 4686 νίκη
1627 4616 1737 4670 τῶν
1771 4618 1838 4671 ἐκ

237 4712 344 4778 τῆς
383 4708 604 4766 πόλεως
632 4702 719 4774 ἦν.
769 4707 849 4758 Τὰ
882 4707 980 4776 μὲν
1005 4703 1100 4760 οὖν
1130 4709 1270 4762 κατὰ
1313 4708 1509 4778 χέρσον
1535 4707 1678 4761 οὕτω
1712 4725 1834 4762 συν-

238 4799 454 4870 ηνέχοη
497 4796 580 4867 τῷ
611 4798 916 4870 ἀποστάτῃο
953 4798 1014 4851 οὐ
1041 4799 1149 4868 μὴν
1171 4799 1284 4852 ἀλλ’
1314 4800 1434 4853 οὐδὲ
1464 4799 1532 4854 τά
1566 4799 1709 4853 κατὰ
1742 4801 1837 4854 θά-

235 4893 459 4963 λασσαν
518 4888 741 4942 κάλλιον
785 4889 941 4957 ἔσχεν
975 4888 1150 4958 αὐτῷ.
1207 4890 1318 4953 Τὰς
1376 4890 1487 4961 γὰρ
1545 4891 1832 4960 βασιλικὰς

234 4985 506 5054 τριήρεις
534 4979 598 5032 τὸ
627 4979 719 5032 τοῦ
745 4979 1011 5048 τυράννου
1049 4980 1306 5033 ναυτικὸν
1337 4981 1678 5054 θεασάμενον
1705 4986 1832 5036 ἐπι-

235 5075 414 5134 ούσας
445 5070 628 5138 αὐτῷ,
658 5075 757 5140 οὐχ
785 5071 1116 5138 ὑπήνεγκεν,
1149 5070 1263 5122 ἀλλ’
1314 5071 1499 5137 εὐθὺς,
1550 5075 1649 5126 τὴν
1696 5091 1832 5144 συμ-

1963 2607 2212 2652 vocatur.
2270 2598 2476 2652 Diebus
2529 2598 2742 2667 aliquot
2795 2597 3026 2668 elapsis,
3093 2597 3288 2652 urbem
3355 2597 3538 2652 denuo

1963 2697 2104 2742 terra
2135 2685 2384 2756 marique
2407 2695 2708 2758 oppugnat,
2752 2687 3022 2743 machinis
3053 2697 3109 2742 et
3136 2689 3300 2744 scalis
3323 2687 3539 2742 adhibi-

1965 2779 2056 2834 tis.
2087 2779 2157 2835 Ut
2184 2794 2312 2834 vero
2336 2795 2394 2834 se
2434 2794 2654 2834 omnem
2691 2795 2913 2850 operam
2937 2791 2994 2835 et
3023 2781 3326 2851 impensam
3350 2782 3539 2836 ludere

1958 2861 2118 2936 vidit,
2181 2878 2334 2938 tunc,
2389 2871 2584 2942 frigida
2640 2871 2873 2926 Thracia
2927 2871 3117 2927 relicta
3158 2875 3306 2944 (nam
3362 2873 3537 2928 hiems

1955 2963 2120 3034 erat),
2150 2963 2426 3019 exercitus
2457 2964 2513 3018 in
2560 2963 2871 3034 provincias
2887 2963 3190 3031 distribuit,
3224 2973 3284 3020 ut
3319 2965 3393 3019 ibi
3422 2967 3536 3020 otio

1957 3055 2187 3110 recreati
2221 3055 2421 3110 hiemis
2459 3055 2724 3111 saevitiam
2766 3056 3058 3111 evitarent.
3102 3057 3216 3136 Sub
3251 3059 3396 3114 veris
3426 3059 3531 3114 ini-

1955 3145 2125 3211 tium,
2169 3145 2415 3216 lcgiones
2463 3147 2644 3203 denuo
2678 3148 2935 3217 utrinque
2971 3156 3163 3202 contra
3203 3149 3392 3203 urbem
3423 3149 3520 3203 ad-
3572 3205 3574 3208 ,

1955 3240 2148 3306 duxit,
2190 3255 2421 3310 eamque
2461 3249 2518 3296 et
2559 3241 2907 3311 pedestribus
2944 3252 3003 3297 et
3036 3243 3321 3298 navalibus
3359 3243 3533 3314 copiis

1955 3331 2337 3388 circumdedit.
2385 3321 2488 3388 Sed
2519 3341 2574 3388 et
2606 3333 2839 3389 Michael
2878 3333 3090 3388 interea
3137 3343 3192 3388 et
3219 3335 3446 3390 classem
3479 3345 3534 3388 et

1953 3411 2158 3477 milites
2194 3432 2497 3492 comparat,
2543 3439 2782 3495 suosque
2857 3425 3180 3482 cohortatus
3209 3466 3223 3490 ,
3282 3426 3533 3495 pluribus

1955 3512 2132 3580 portis
2175 3528 2241 3567 ex
2295 3514 2596 3582 improviso
2640 3514 2906 3584 impetum
2964 3516 3021 3568 in
3069 3516 3284 3586 tyranni
3344 3516 3531 3586 copias

1950 3602 2101 3658 fecit.
2133 3604 2216 3658 Illi
2245 3619 2375 3658 vero
2403 3613 2458 3658 et
2483 3604 2862 3674 inexspectata
2889 3605 3259 3675 aggressione,
3285 3615 3342 3662 et
3362 3607 3530 3661 auda~

1951 3695 2035 3750 cia
2099 3695 2344 3751 hostium
2399 3694 2598 3761 territi,
2645 3704 2795 3763 terga
2859 3695 3174 3763 dederunt,
3228 3698 3526 3768 multisque

1951 3785 2107 3849 caesis
2153 3783 2387 3840 victoria
2446 3799 2619 3854 penes
2663 3785 2908 3841 urbanos
2955 3785 3080 3842 fuit.
3131 3789 3209 3843 Ac
3246 3797 3394 3844 terra
3444 3790 3525 3846 sic

1952 3887 2138 3934 actum
2173 3886 2259 3933 est
2295 3892 2420 3932 cum
2454 3877 2761 3944 desertore,
2807 3879 3055 3950 marique
3095 3880 3271 3936 nihilo
3301 3883 3521 3938 melius.

1951 3969 2086 4026 Nam
2137 3971 2352 4041 tyranni
2423 3985 2622 4036 naves,
2666 3985 2792 4026 cum
2825 3970 3232 4041 imperatoriam
3291 3973 3521 4030 classem

1953 4073 2144 4119 contra
2176 4078 2235 4118 se
2265 4062 2343 4118 ire
2372 4064 2658 4128 vidissent,
2687 4079 2798 4118 non
2827 4066 3181 4132 restiterunt,
3233 4066 3331 4122 sed
3383 4081 3520 4123 con-

1949 4170 2138 4225 gressu
2161 4155 2389 4221 evitato,
2415 4155 2634 4210 assidua
2657 4156 3016 4227 remigatione
3042 4157 3107 4212 ad
3130 4157 3519 4216 Continentem

1945 4249 2279 4317 appulerunt
2309 4269 2322 4302 :
2364 4250 2436 4303 ibi
2481 4249 2574 4304 alii
2607 4249 2977 4320 dill'ugerunt,
2999 4252 3090 4306 alii
3111 4252 3182 4307 ad
3201 4252 3518 4309 Michaelem

1944 4339 2285 4396 defecerunt.
2317 4341 2521 4396 Verum
2563 4341 2822 4398 desertor
2847 4345 3187 4415 tyrannidem
3235 4346 3395 4417 138
3429 4349 3524 4403 ad-

1947 4430 2057 4485 huc
2090 4430 2341 4501 urgebat,
2370 4447 2550 4502 neque
2583 4433 2726 4487 vallo
2753 4433 2956 4498 saluto,
2985 4443 3042 4490 et
3066 4435 3240 4491 classe
3268 4452 3432 4506 quam
3467 4436 3521 4491 in

1941 4522 2149 4578 Graecia
2218 4531 2462 4592 paratam
2560 4523 2799 4579 habebat
2878 4527 3167 4582 accersita.
3209 4526 3340 4594 Quae
3395 4543 3518 4583 cum

1942 4612 2198 4676 venisset,
2229 4620 2285 4667 et
2310 4611 2462 4682 juxta
2494 4613 2720 4684 Byridas
2788 4629 2957 4670 naves
2991 4616 3272 4672 subducta:
3312 4628 3514 4680 essent,

1939 4701 2217 4758 Michaelis
2249 4704 2515 4760 classiarii
2549 4721 2612 4760 ea
2641 4719 2701 4760 re
2734 4706 2974 4777 cognita,
3005 4719 3168 4762 noctu
3203 4722 3293 4762 eas
3325 4722 3515 4777 aggre-

1943 4794 2190 4860 diuntur,
2208 4803 2265 4851 et
2286 4796 2549 4867 quasdam
2582 4797 2863 4854 hostilium
2891 4800 3110 4854 navium
3143 4807 3429 4867 ceperunt,
3461 4809 3516 4852 et

1941 4885 2202 4954 quasdam
2249 4887 2360 4958 igni
2407 4888 2599 4944 Graeco
2648 4889 3047 4954 incenderunt,
3100 4898 3160 4942 ut
3227 4903 3514 4958 perpaucae

1937 4977 2231 5032 admodum
2263 4991 2636 5049 superessent.
2671 4980 2843 5035 Terra
2871 4988 3054 5034 autem
3088 4979 3280 5034 crebra
3330 4982 3512 5050 praelia

1937 5071 2163 5134 ﬁebant,
2187 5070 2492 5140 Theophilo
2539 5072 2883 5140 imperatoris
2903 5071 3016 5124 lilio
3045 5071 3206 5137 duce,
3236 5073 3329 5127 sed
3354 5089 3514 5137 aequo

236 5161 457 5230 πλοκὴν
523 5160 604 5231 μὴ
658 5161 967 5233 θαρῤἦσαν,
1025 5160 1241 5231 εἰρεσία
1301 5164 1466 5232 συχνῇ
1525 5163 1660 5232 πρὸς
1725 5163 1824 5233 τὴν

1958 5177 2048 5217 ere
2082 5162 2250 5217 Marte
2305 5164 2670 5233 pugnabatur,
2721 5161 2952 5216 victoria
3001 5161 3070 5218 ad
3101 5174 3352 5218 neutram
3389 5180 3488 5236 par

237 5252 448 5319 χέρςον
507 5249 836 5316 κατήγοντο,
872 5249 966 5300 καὶ
1006 5250 1056 5301 οἱ
1109 5249 1204 5316 μὲν
1250 5249 1670 5319 ἀπεδίδρασκον,
1703 5254 1752 5303 οι
1777 5253 1835 5305 δὲ

1943 5264 2051 5310 tem
2080 5256 2395 5310 inclinante.
2417 5257 2627 5312 Interea
2653 5268 2784 5309 vero
2831 5254 3040 5325 aliquid
3057 5255 3274 5323 accidit,
3293 5272 3404 5328 quo
3423 5273 3512 5319 res

1361 5463 1367 5478 Ι
1438 5385 1636 5448 Variae
1677 5386 1982 5452 lectiones
2027 5396 2088 5452 et
2131 5396 2322 5453 notas.

447 5511 950 5592 Kwromvzg’ror.‘
973 5509 1137 5565 Addit
1158 5509 1458 5592 AGeorgius
1491 5510 1840 5570 Hamartolus

1958 5522 2046 5592 τῆς
2069 5519 2270 5592 Συρίας
2302 5517 3015 5592 ἀφίκετο,-Κωναταντῖνον
3044 5519 3210 5572 αὐτὸν
3234 5537 3511 5592 -γμετωνο-

239 5583 296 5635 in
321 5580 690 5652 ‘tlhron._ms.
727 5582 900 5634 lilium
934 5580 1122 5635 lrenes
1145 5580 1406 5652 Augusta:
1456 5592 1718 5652 pmtcrea
1782 5601 1842 5641 se

236 5652 456 5704 dixisse
499 5666 516 5705 :
545 5650 810 5719 Διογενὴς
845 5668 904 5708 τε
941 5653 1036 5704 καὶ
1055 5651 1266 5720 ἀφανὴς
1295 5651 1394 5719 ὢν,
1426 5650 1567 5723 πρὸς
1597 5657 1664 5710 τὰ
1693 5656 1838 5727 μέρη

588 5743 867 5806 ΡΑτιιοι..
911 5745 1024 5806 Gn.
1061 5745 1374 5809 CXXXIV.

1949 5586 2158 5658 μάσας,
2189 5590 2283 5659 καὶ
2305 5587 2421 5659 υίδν
2440 5586 2678 5659 Εἰρήνης
2698 5588 2798 5656 τῆς
2835 5587 3180 5659 βασιλίσσης.
3208 5586 3344 5647 Vide
3361 5588 3502 5643 Con-

1948 5657 2149 5715 tinuat.
2186 5657 2509 5728 TheOphan.
2545 5657 2582 5712 l.
2616 5673 2655 5724 ι,
2684 5673 2741 5713 n.
2769 5659 2820 5713 ι.

3029 5749 3110 5811 Ιιιί
