3994 6246
1543 311 1953 374 ANNALIUM
1996 310 2145 371 LIB.
2189 310 2315 373 XV.
3418 300 3558 364 1398

305 418 668 492 φορτισμένη,
725 421 821 474 καὶ
863 420 1042 493 τούτῳ
1093 420 1288 493 μέχρις
1333 420 1565 492 ἐσχάτου
1598 419 1882 491 ζωστῆρος

1995 417 2222 472 lamenta
2244 415 2690 485 interceperimus,
2719 413 2986 468 undenam
3047 412 3273 482 fortanm
3310 413 3565 467 tenuioris

305 511 887 583 καταθεσαπτισμένη.
914 514 1129 585 Ἔτυχε,
1147 512 1205 567 δὲ
1237 512 1526 586 προκύψας
1550 515 1599 568 όη
1626 511 1882 583 βασιλεὺς

1995 510 2222 565 homines
2254 506 2451 563 victum
2481 505 2861 577 comparabant
2885 506 2911 560 ἵ

303 602 533 668 ἄνωθεν,
574 603 669 657 καὶ
713 602 1001 678 θαυμάσας
1032 606 1132 677 τὴν
1162 605 1317 672 ναῦν,
1343 605 1433 662 διά
1466 621 1613 669 τινος
1672 603 1781 658 τῶν
1848 601 1999 673 αὐτῷ
2045 599 2350 673 ἑπομένων,
2382 598 2525 664 τίνος
2554 599 2620 654 ἂν
2673 599 2784 669 sit];
2846 596 3199 652 ἐπυνθάνετο.
3239 596 3327 660 Ὦς
3383 596 3439 650 δὲ
3465 594 3568 665 τῆς

302 697 624 772 Αὐγούστης
646 695 785 756 εἶναι
819 701 1132 774 μεμάθηκε,
1170 701 1265 756 καὶ
1293 703 1368 766 ὡς
1387 701 1514 772 ἄρτι
1541 700 1750 773 ἀνήχθη
1774 700 1835 765 ἐξ
1868 698 2164 771 ἐμπορίας,
2190 698 2256 769 ἢν
2282 699 2339 753 ἐν
2371 699 2483 762 τοῖς
2510 699 2610 769 τῆς
2632 697 2833 769 Συρίας
2867 696 2917 748 oi
2947 694 3084 766 πρὸς
3113 695 3214 766 τῆς
3247 694 3570 764 βασιλίσσης

304 791 591 856 σταλέντες
642 795 971 868 ἐποιήσαντο
1019 795 1266 868 μέρεσιν,
1312 797 1421 850 εἴτι
1472 795 1572 867 μὲν
1624 796 1740 858 τοῖς
1787 794 1882 848 τοῦ
1919 795 2291 866 πληρώματος
2335 794 2436 865 τῆς
2503 792 2631 863 νηὺς
2682 791 2999 863 πρόσεστιν,
3033 787 3342 858 ἐξενεγκεῖν
3380 788 3570 850 αὐτοῖς

301 886 502 941 αὐτίκα
536 889 816 958 ἐκέλευσε,
851 891 962 948 τῶν
993 891 1051 946 δὲ
1099 893 1203 963 τῆς
1260 891 1582 962 Δῦγούστης
1636 890 1880 962 ἅψασθαι
1920 889 2174 963 μηδενός.
2259 889 2348 954 Ὠς
2373 888 2430 943 δὲ
2453 889 2611 943 τοῦτο
2668 889 2884 959 γέγονε,
2912 888 3007 942 καὶ
3045 888 3172 951 τοὺς
3205 885 3404 954 α·.δρας
3427 885 3567 939 ἐκεῖ·

303 982 395 1037 θεν
423 984 730 1058 ἀπήλασεν,
765 987 930 1058 ὑγρὸν
952 992 1074 1043 κατ’
1103 988 1276 1060 αὐτῆς
1306 990 1581 1060 ἐπήνεγκε
1652 988 1783 1059 πῦρ,
1851 987 1949 1041 καὶ
1984 987 2321 1056 αὐτόφορτον
2360 984 2790 1055 κατενέπρησεν,
2820 983 2917 1038 καὶ
2945 985 3012 1055 τῇ
3045 981 3334 1052 βασιλίσσῃ
3371 979 3567 1034 ἐλοιδο-

303 1078 533 1147 ρήσατο,
573 1078 839 1132 Βασιλέα
888 1096 984 1148 με,
1035 1080 1230 1148 λέγων,
1279 1079 1715 1146 ἀναδείξαντος
1770 1078 1878 1133 τοῦ
1921 1077 2091 1144 Θεοῦ,
2152 1078 2234 1133 σὺ
2261 1075 2436 1147 ,βιάζῃ
2490 1092 2568 1147 με
2608 1075 2859 1144 ποιῆσαι
2910 1077 3276 1144 ναύκληρον.
3315 1076 3474 1128 Ἰσθι
3498 1071 3568 1127 δὲ

313 313 447 377 139Ἶ

297 1173 390 1227 ὅτι
429 1170 555 1237 τοῖς
579 1170 836 1237 ιὸιώταις
863 1173 930 1225 τὸ
945 1171 1386 1240 ἐμπορεύεσθαι
1443 1170 1999 1240 προσκεκλήρωται,
2068 1170 2146 1223 ἵν’
2203 1169 2435 1225 ἐκεῖθεν
2461 1170 2569 1235 τὰς
2607 1169 2757 1237 πρὸς
2796 1168 2861 1221 τὸ
2887 1164 2986 1240 ζῇν
3021 1166 3347 1236 stop/(own
3381 1167 3566 1235 ἀφορ-

294 1260 438 1329 μάς.
470 1261 540 1313 El
571 1258 623 1312 δ’
654 1257 822 1327 ἡμεῖς
856 1256 1014 1324 μετὰ
1042 1257 1152 1327 τῆς
1177 1259 1515 1328 βασιλικῆς
1547 1258 1881 1329 εὐετηρίας,
1921 1256 2020 1312 καί
2078 1257 2151 1312 τὰ
2208 1258 2278 1324 ἐξ
2345 1258 2632 1329 ἐμπορίας
2671 1258 2782 1329 (21)
2834 1258 3069 1323 ἑαυτοῖς
3130 1254 3567 1326 περιποιεῖσθαι

296 1350 649 1420 πειρώμεθα,
689 1352 768 1406 ἂν
797 1352 852 1406 οἱ
907 1352 1018 1420 τῆς
1073 1352 1265 1419 τύχης
1318 1350 1447 1419 τῆςη
1482 1350 1773 1416 ἰδιώτιδος
1809 1345 1882 1402 τὰ
1917 1343 2144 1419 ζωαρκῆ
2177 1351 2683 1418 συμπορίσαιντο.

372 1443 522 1510 KG".
554 1442 633 1514 Τῇ
687 1441 745 1496 δὲ
801 1442 1092 1516 βασιλίσσῃ
1141 1444 1343 1508 πατρὶς
1381 1438 1514 1514 ἦνὴ
1572 1442 1728 1513 χώρα
1775 1440 1886 1495 τῶν

299 1534 692 1605 Παφλαγόνων,
729 1535 969 1606 πατέρες
1000 1534 1046 1589 δ’
1085 1534 1224 1608 αὐτῇ
1253 1536 1499 1607 Μαρῖνος
1532 1535 1627 1589 καὶ
1659 1533 1886 1588 Θεοκτί-

2068 1440 2254 1496 XXVI.
2296 1442 2632 1512 imperatrici
2678 1445 2854 1514 patria
2890 1444 2992 1499 fuit
3024 1445 3426 1519 Paphlagonia,
3469 1462 3566 1516 pa-

1994 1542 2179 1589 rentes
2209 1533 2453 1590 Marinus
2481 1543 2539 1591 et
2572 1534 2910 1601 Theoctista,
2944 1550 3013 1591 ex
3042 1537 3212 1593 nobili
3249 1537 3396 1594 illius
3435 1554 3565 1609 pro-

298 1644 401 1698 στη
431 1625 539 1680 τῶν
568 1621 628 1682 εὖ
666 1628 975 1697 γεγονότων
1018 1628 1079 1681 ἐν
1108 1629 1175 1700 τῇ
1217 1626 1373 1699 χώρᾳ
1401 1630 1467 1699 τῇ
1503 1626 1627 1682 κατ’
1659 1626 1884 1692 αὐτοὺς,

1995 1624 2188 1680 vincite
2233 1624 2474 1688 familia,
2523 1629 2686 1682 ambo
2736 1628 2816 1697 pii
2846 1638 2903 1683 et
2942 1644 3221 1684 sacrarum
3266 1631 3567 1702 imaginum

297 1717 542 1780 εὐσεϐεῖς
568 1717 625 1771 δὲ
653 1716 841 1787 ἄμφω,
864 1716 957 1770 καὶ
972 1715 1081 1770 τῶν
1112 1716 1426 1786 σεϐασμίων
1455 1716 1681 1771 εἰκόνων
1707 1732 1881 1786 προσ-

300 1809 549 1878 κυνηταί.
584 1809 696 1875 Τῆς
759 1808 817 1862 δὲ
852 1807 1143 1880 Θεοδώρας
1166 1808 1245 1879 τῷ
1275 1807 1492 1879 βασιλεῖ
1529 1806 1883 1877 συζυγείσης,

298 1901 396 1955 καὶ
418 1901 453 1970 ή
481 1899 669 1971 μητήρ
703 1899 873 1969 αὐτῆς
905 1899 1228 1969 Θεοκτίστη,
1256 1899 1291 1971 ἢ
1330 1900 1425 1954 καὶ
1458 1898 1709 1969 Φλωρίνα
1741 1900 1884 1951 ἐπως

297 1997 593 2068 νομάζετο,
623 1997 816 2066 Ζωστή
865 1997 963 2050 καὶ
1007 1995 1281 2067 Πατρικία
1308 1997 1593 2066 τετίμητο.
1632 1995 1789 2068 ᾭκει
1827 1995 1885 2049 δὲ

297 2087 439 2142 κατά
471 2088 571 2160 τήν
595 2087 768 2160 μονὴν
798 2089 909 2141 τῶν
938 2088 979 2142 Γ
983 2088 1246 2159 αστριῶν,
1271 2087 1345 2152 ὡς
1376 2089 1434 2143 δέ
1462 2105 1608 2151 τινες
1638 2087 1883 2155 λέγουσι,

298 2178 394 2233 καὶΙ
436 2178 536 2251 τήν
571 2182 740 2251 μονήν
772 2178 945 2250 αὐτὴν
975 2179 1162 2251 ἐκείνη
1194 2179 1473 2249 ἐδείματο.
1520 2179 1609 2242 Ὦς
1631 2175 1728 2236 οὖν
1747 2168 1913 2250 πρὸς

301 2273 538 2343 μάμμην
589 2274 870 2342 ἀπήγοντο
916 2272 1061 2340 πρὸς
1089 2273 1265 2342 αὐτήν
1317 2289 1450 2327 ποτε
1502 2272 1571 2326 τὰ
1603 2271 1697 2326 τοῦ
1728 2271 1884 2342 βασι-

298 2365 436 2428 λέως
469 2364 762 2434 θυγάτρικ,
793 2360 935 2434 ἦσαν
970 2364 1028 2417 δὲ
1060 2364 1243 2427 πέντε,
1274 2364 1369 2418 καὶ
1397 2364 1453 2418 αἱ
1487 2363 1713 2433 κλήσεις
1742 2365 1888 2417 ἐκεί-

298 2471 405 2506 νων
428 2447 612 2519 αὗται,
642 2452 822 2506 Θέκλα
849 2437 945 2507 καὶ
979 2453 1171 2516 ΙἌννα,
1211 2452 1543 2506 Ἀναστασία
1574 2470 1632 2505 τε
1665 2454 1761 2508 καὶ
1789 2452 1884 2506 σὺν

300 2542 612 2613 Ποῦλχερίᾳ
640 2543 850 2613 Μαρία.
892 2543 960 2595 Ἦ
988 2542 1045 2594 δὲ
1075 2542 1365 2614 δωρήμασι
1396 2543 1494 2607 τὰς
1514 2544 1706 2607 παῖδας
1760 2546 1873 2600 ἐδε-

299 2635 502 2701 ξιοῦτο,
552 2636 651 2688 καὶ
712 2636 822 2705 ἰδίᾳ
874 2633 1426 2706 παραλαμὸἀνουσα,
1483 2635 1726 2707 παρῄνει
1784 2637 1881 2703 τὰς

300 2726 466 2794 ἁγίας
495 2727 715 2790 εἰκόνας
768 2725 1123 2790 σεόάςεσθαι,
1182 2726 1275 2780 καὶ
1322 2727 1388 2781 ἐκ
1421 2728 1680 2781 κιϐωτίου
1722 2728 1886 2783 σεϐά-

302 2834 441 2888 σμια
498 2818 812 2888 ἐκφέρουσα
869 2816 1287 2887 ἐκτυπώματα,
1352 2822 1683 2888 προσκυνεῖν
1745 2822 1886 2876 αὐτὰ

300 2907 687 2975 παρεσκεύασε
717 2906 814 2970 τὰς
869 2906 1208 2978 θυγατριδᾶς
1243 2907 1339 2962 καὶ
1381 2890 1754 2974 ἀσπάζεσθαι,
1789 2912 1887 2965 καὶ

1989 1717 2336 1773 adoratorcs.
2383 1718 2671 1774 Theodora
2719 1736 2852 1775 vero
2905 1720 3223 1790 imperatori
3271 1721 3566 1792 desponsa,

1985 1810 2153 1865 etiam
2191 1818 2367 1865 mater
2396 1812 2516 1881 ejus
2546 1811 2858 1868 Tlteoctista
2881 1854 2897 1878 ,
2929 1813 3151 1868 Florina
3180 1826 3569 1884 cegnomento,

1987 1900 2167 1956 Zostre
2203 1912 2260 1955 et
2292 1901 2538 1972 patricia:
2575 1901 2897 1972 dignitatem
2937 1913 3020 1960 est
3049 1914 3369 1960 consecuta.
3398 1904 3570 1962 Habi-
3659 1941 3664 1945 ρ

1991 1991 2126 2047 tavit
2161 2001 2344 2047 autem
2374 1993 2526 2064 juxta
2551 1992 2767 2050 Gastria
2808 1997 3233 2065 monasterium,
3277 1998 3462 2068 idque,
3505 2006 3570 2055 ut

1988 2082 2216 2155 quidam
2247 2091 2523 2149 asserunt,
2544 2084 2813 2143 condidit.
2842 2085 3049 2143 Filiolze
3074 2086 3244 2158 igitur
3272 2091 3571 2160 imperato-

1990 2178 2069 2233 ris
2113 2192 2347 2234 numero
2382 2179 2667 2248 quinque,
2707 2178 2776 2235 ad
2801 2194 2925 2235 eam
2958 2189 3020 2235 ut
3059 2183 3234 2238 aviam
3271 2183 3573 2253 aliquando

1986 2270 2436 2336 adducebanturf,
2480 2285 2718 2340 quarum
2762 2272 2992 2328 nomina
3034 2273 3264 2329 fuerunt
3340 2275 3567 2343 Thecla,

1987 2363 2165 2428 Anna,
2207 2364 2515 2426 Anastasis,
2549 2362 2840 2419 Pulcheria
2881 2373 2940 2420 et
2980 2365 3171 2421 naria.
3222 2367 3320 2423 Illa
3359 2370 3572 2439 puellas

1989 2455 2334 2511 munusculis
2368 2454 2477 2511 sibi
2504 2455 2854 2520 conciliabat,
2888 2470 2954 2512 ac
2977 2458 3210 2513 seorsim
3242 2458 3571 2516 hortabatur

1988 2547 2058 2602 ad
2087 2562 2367 2602 sacrarum
2410 2548 2710 2619 imaginum
2744 2552 3160 2607 venerationem
3182 2590 3198 2616 ,
3229 2553 3571 2623 curabatque

1987 2626 2050 2693 ut
2073 2653 2260 2696 sacras
2286 2638 2514 2709 efﬁgies,
2537 2655 2677 2710 quas
2703 2655 2735 2695 e
2760 2641 2970 2697 cistella
3002 2643 3338 2712 proferebat,
3371 2655 3571 2715 neptes

1985 2728 2284 2786 adorarent
2325 2745 2391 2785 ac
2425 2730 2918 2797 deoscularentur,
2952 2749 3258 2805 earumque
3295 2737 3571 2807 capitibus

1987 2827 2043 2873 et
2086 2818 2334 2875 {aciebus
2361 2835 2457 2875 eas
2480 2820 2830 2876 admovebat.
2867 2822 3087 2879 Puellas
3113 2824 3410 2894 aliquando
3440 2827 3569 2883 inde

1989 2927 2242 2968 reversus
2264 2922 2419 2983 rogat
2439 2911 2758 2982 imperator,
2782 2922 2844 2968 ut
2859 2914 2928 2969 ab
2949 2916 3069 2971 avia
3092 2921 3338 2972 tractatae
3357 2927 3569 2983 essent,

299 3000 421 3060 ταῖς
448 2998 717 3067 κεφαλαῖς
764 2997 948 3052 αὐτῶν
977 2999 1224 3053 ἐπετίθει
1265 3000 1362 3051 καὶ
1388 3002 1509 3064 ταῖς
1555 3003 1880 3073 προσόψεσι.

1995 3012 2047 3062 et
2094 3004 2253 3078 144
2291 3006 2423 3076 quid
2482 3005 2576 3060 illa
2623 3005 2876 3062 diceret?
2929 3005 3157 3063 (laeteris
3235 3010 3567 3077 tacentibus,

301 3091 412 3144 Καί
445 3108 574 3143 ποτε
604 3090 816 3144 ἐκεῖθεν
863 3091 1250 3161 ἐπανηκούσας
1271 3094 1371 3155 τὰς
1415 3093 1614 3157 παῖδας
1638 3095 1827 3165 ἠρώτα
1855 3099 1884 3150 ὁ

302 3184 564 3254 βασιλεὺς
588 3181 639 3235 τί
670 3182 825 3251 ποιρά
857 3183 956 3251 τῆς
996 3183 1232 3253 μάμμης
1278 3185 1473 3248 αὐταῖς
1521 3184 1753 3254 γένοιτο,
1792 3187 1887 3241 καὶ

300 3276 426 3329 τίνα
456 3273 590 3342 παρ’
619 3273 836 3344 ἐκείνης
876 3273 1071 3335 αὑταῖς
1103 3276 1381 3341 λέγοιντος
1416 3276 1482 3328 Αἱ
1514 3276 1615 3347 μὲν
1647 3273 1741 3331 οὖν
1771 3277 1887 3332 λοι-

302 3366 407 3419 παὶ
435 3365 766 3436 ἐσιώπων,ή
805 3363 1111 3436 Πουλχερία
1139 3364 1580 3437 δέΝηπιάζουσα
1608 3368 1691 3421 ἐτι
1714 3368 1888 3425 τᾶλλα

210 3502 213 3503 ,
304 3476 367 3512 τε
396 3458 640 3527 διηγεῖτο
687 3456 1018 3528 ψελλιζούσῃ
1070 3460 1249 3529 φωνῇ,
1281 3459 1379 3513 καὶ
1407 3460 1783 3529 προσεπῆγεν,
1814 3460 1887 3524 ὡς

304 3549 395 3620 εἴη
420 3551 485 3618 τῇ
513 3548 713 3619 μάμμῃ
746 3548 887 3600 νινία
933 3549 994 3600 ἐν
1027 3546 1292 3618 κιϐωτίῳ,
1334 3548 1430 3610 τὰς
1476 3548 1642 3616 ἁγίας
1673 3548 1890 3613 εξκόνας

305 3641 452 3694 οὕτω
488 3638 774 3704 καλοῦσα,
819 3638 914 3692 καὶ
947 3637 1124 3692 ταῦτα
1174 3640 1296 3703 ταῖς
1346 3639 1614 3709 κεφαλαῖς
1645 3639 1741 3693 καὶ
1780 3643 1890 3705 τοῖς

307 3732 623 3802 προσώποις
651 3734 684 3803 ή
694 3733 809 3803 μῶν
831 3733 1131 3805 ἐπιτίθησι,
1166 3734 1260 3788 καὶ
1281 3734 1625 3799 ἀσπάζεσθαι
1649 3735 1888 3792 δίδωσιν.

320 3824 604 3880 Ἐντεῦθεν
637 3826 737 3890 τὰς
796 3827 1004 3888 σεπτάς
1062 3827 1282 3892 εἰκόνας
1317 3829 1482 3896 γνοὺς
1540 3828 1892 3885 διδάσκεσθαι

309 3919 638 3986 προσκυνεῖν
656 3916 755 3980 τὰς
789 3917 956 3972 αὑτοῦ
992 3917 1302 3990 θυγατέρας
1322 3921 1476 3990 παρὰ
1503 3920 1603 3990 τῆς
1636 3921 1892 3992 μάμμης,

308 4009 497 4083 οὐκέτι
535 4008 671 4079 πρὸς
700 4010 873 4080 αὐτὴν
901 4009 1217 4078 ἀπάγεσθαι
1271 4012 1371 4075 τὰς
1408 4012 1609 4076 παῖδας
1638 4029 1891 4082 παρακε-

311 4102 588 4173 χώρηκεν,
615 4102 803 4173 ἕτερον
835 4102 892 4156 δὲ
926 4102 1080 4157 οὐδὲν
1136 4102 1383 4173 λυπηρὸν
1434 4104 1514 4167 είς
1550 4103 1645 4173 τὴν
1670 4103 1896 4158 Θεοκτί-

315 4211 451 4265 στην
479 4194 794 4264 εἰργάσατο,
844 4194 1166 4266 αἰδούμενος
1209 4195 1431 4266 ἐκείνην
1479 4194 1569 4249 διὰ
1600 4194 1661 4249 τὸ
1706 4194 1893 4264 κῆδος,

311 4288 408 4341 καὶ
440 4289 603 4345 πλέον
631 4288 720 4343 διὰ
775 4289 874 4360 τὴν
904 4290 1129 4361 ἀρετὴν,
1161 4288 1195 4361 ἢ
1241 4292 1336 4343 καὶ
1366 4289 1633 4355 πολλάκις
1690 4291 1894 4362 ἤλεγχε

311 4381 525 4446 τοῦτον,
548 4384 629 4436 ὅτι
649 4383 776 4446 τοὺς
800 4382 1118 4454 ὁρθοδόξους
1150 4384 1397 4450 ἐκόλαζε,
1436 4386 1532 4439 καὶ
1561 4387 1684 4447 ταῖς
1719 4386 1894 4455 ἱεραῖς

316 4475 523 4527 εἰκόσιν
549 4473 824 4544 ἐνύϐριζε,
862 4476 957 4527 καὶ
982 4474 1071 4528 διὰ
1097 4473 1274 4529 ταῦτα
1300 4475 1557 4545 ἀπεχθῶς
1581 4475 1897 4531 διακεῖσθαι

318 4565 457 4635 πρὸς
476 4566 638 4620 αὐτὸν
664 4565 1032 4636 ἐπληροφόρει
1066 4567 1174 4619 πᾶν
1216 4565 1280 4620 τὸ
1339 4565 1604 4636 ὁπήκοιν.
1642 4566 1898 4625 Τοιοῦτον

317 4657 385 4727 δή
416 4673 467 4711 τι
519 4658 615 4711 καὶ
651 4658 779 4728 περὶ
810 4657 909 4729 τὴν
952 4659 1198 4728 βασιλίδα
1249 4657 1482 4725 ἐγένετο.
1514 4653 1626 4712 Ἦν
1658 4675 1712 4713 τι
1743 4661 1899 4730 παρὰ

317 4754 436 4814 τοῖς
458 4750 781 4824 ἀνακτόροις
807 4751 1119 4823 ἀνθρώπιον
1151 4751 1248 4805 καὶ
1270 4749 1365 4805 τοῦ
1412 4750 1506 4805 νοῦ
1533 4751 1768 4822 πάσχον,
1803 4753 1898 4806 καὶ

319 4843 421 4911 τῆς
444 4840 699 4914 γλώσσης
717 4842 1070 4915 παρακοπὴν,
1093 4844 1190 4897 καὶ
1228 4838 1300 4914 ἦν
1333 4837 1448 4898 οἷον
1481 4842 1706 4914 ἀθυρμά
1735 4861 1789 4899 τι
1818 4843 1896 4916 τῷ

323 4932 536 5005 βασιλεῖ
557 4948 573 4964 '
621 4932 699 5004 τῷ
722 4933 780 4987 δὲ
803 4933 1031 5005 τοιούτῳ
1060 4933 1389 5004 τυγχάνοντι
1418 4930 1487 5004 ἦν
1518 4936 1612 4989 καὶ
1642 4937 1675 5005 ή
1709 4951 1900 5003 γυναι-

324 5025 542 5089 κωνῖτις
574 5023 736 5097 βατή.
770 5025 880 5079 Καί
920 5042 1053 5079 ποτε
1099 5024 1194 5079 τὸν
1241 5024 1339 5094 τῆς
1372 5025 1690 5097 Δύγούστης
1721 5027 1896 5082 εἴσεσι

320 5117 569 5188 θάλαμον
618 5133 634 5149 °
684 5119 718 5189 ή
747 5118 792 5173 δ’
826 5118 986 5190 ἔτυχε
1018 5119 1141 5173 τότε
1176 5118 1339 5186 ἁγίας
1386 5119 1603 5182 εἰκόνας
1657 5119 1905 5183 ἀσπαζο-

330 5210 468 5278 μένη
497 5210 592 5262 καὶ
623 5210 1010 5281 προσκυνοῦσα
1033 5211 1220 5281 (ἐτίμα
1249 5209 1359 5279 γάρ
1404 5207 1777 5280 διαφερόντως
1805 5213 1906 5262 αὑ-

324 5304 425 5365 τὰς
446 5301 636 5375 ἀγνοίᾳ
665 5302 760 5354 τοῦ
797 5303 1158 5373 ξυνευνέτου)·
1192 5303 1250 5354 τὸ
1293 5302 1347 5355 δὲ
1395 5303 1904 5372 παρακεκομμένον

1984 3098 2277 3155 Pulcheria
2309 3098 2493 3154 adhuc
2534 3096 2804 3155 iniantula
2835 3114 2962 3155 cum
2998 3109 3197 3157 cetera
3236 3101 3568 3161 balbutienti

1985 3206 2123 3248 voce
2156 3192 2352 3255 refert,
2391 3201 2506 3247 tum
2546 3192 2737 3257 addit,
2783 3192 2963 3248 aviam
2997 3194 3055 3249 in
3090 3195 3355 3253 cistellam
3395 3213 3571 3268 pupas

1986 3281 2193 3338 habere
2229 3281 2332 3351 (sic
2369 3281 2519 3337 enim
2557 3281 2823 3351 imagines
2863 3282 3119 3356 vocabat)
3152 3300 3290 3357 quas
3325 3286 3568 3358 ipsarum

1988 3372 2267 3442 capitibus
2303 3380 2361 3427 et
2392 3371 2640 3429 (aciebus
2679 3373 3002 3430 admoveret
3039 3383 3207 3445 atque
3242 3378 3572 3435 osenlandas

1988 3464 2279 3533 praeberet.
2325 3463 2405 3518 Ex
2432 3478 2500 3519 eo
2541 3477 2667 3518 cum
2716 3464 3066 3534 cognovisset
3101 3465 3298 3523 ﬁliolas
3338 3469 3410 3524 ab
3446 3469 3570 3524 avia

1989 3556 2198 3611 cultum
2237 3570 2520 3611 sacrarum
2565 3554 2865 3626 imaginum
2903 3556 3131 3612 doceri:
3173 3573 3268 3614 eas
3305 3574 3416 3615 nou
3455 3576 3571 3615 am-

1989 3647 2135 3718 plius
2187 3648 2253 3702 ad
2310 3647 2458 3702 illam
2508 3646 2776 3719 accedere
2826 3662 3027 3719 passus
3067 3657 3189 3717 est,
3234 3664 3417 3721 neque
3462 3652 3569 3708 alia

1991 3739 2245 3795 molestia
2306 3738 2680 3795 Theoctistam
2745 3738 2964 3807 aﬁecit,
3023 3756 3189 3812 quam
3237 3751 3297 3800 et
3348 3753 3570 3814 propter

1992 3831 2315 3886 afﬁnitatem
2345 3837 2403 3885 et
2437 3829 2610 3902 magis
2639 3832 2813 3886 etiam
2843 3830 2917 3888 ob
2945 3832 3208 3887 virtutem
3238 3833 3571 3888 verebatur:

1993 3939 2117 3980 cum
2159 3922 2385 3993 quidem
2431 3937 2577 3991 saepe
2626 3920 2696 3977 ab
2738 3937 2802 3978 ca
2851 3922 3375 3993 reprehenderetur,
3420 3923 3573 3993 quod

1994 4013 2335 4070 orthodoxos
2358 4012 2607 4084 puniret,
2637 4020 2696 4068 et
2718 4013 2893 4068 sacris
2922 4013 3258 4085 imaginibus
3285 4024 3569 4070 contume-

1992 4100 2120 4156 liam
2146 4100 2374 4167 faceret,
2402 4100 2577 4170 iisque
2604 4101 2768 4157 rebus
2787 4101 3042 4157 omnium
3071 4102 3418 4158 subditorum
3446 4104 3577 4159 odia

1994 4192 2514 4263 suscipereuSimile
2533 4193 2792 4265 quiddam
2813 4193 2975 4249 etiam
2995 4193 3330 4264 imperatrici
3348 4195 3573 4252 accidit.

1998 4285 2131 4340 Erat
2160 4285 2215 4340 in
2242 4287 2390 4356 regia
2417 4285 2641 4356 quidam
2665 4285 2968 4341 homuncio
2998 4286 3210 4343 delirus
3230 4296 3288 4342 et
3308 4287 3573 4357 impedita

1997 4377 2222 4446 lingua,
2252 4368 2434 4448 quem
2484 4364 2781 4447 imperator
2821 4378 2878 4434 in
2920 4379 3135 4435 deliciis
3178 4380 3446 4446 habebat,
3483 4381 3579 4436 cui

1993 4469 2163 4524 etiam
2198 4470 2255 4524 in
2282 4469 2739 4541 gynaeconitidem
2770 4471 2993 4540 patebat
3018 4471 3221 4528 aditus.
3261 4472 3573 4543 Aliquando

1997 4559 2167 4631 igitur
2214 4559 2272 4614 in
2317 4561 2684 4630 imperatricis
2733 4560 3036 4617 thalamum
3086 4562 3402 4635 ingressus,
3448 4576 3579 4619 cum

1998 4652 2087 4706 illa
2121 4668 2310 4710 sacras
2353 4652 2624 4725 imagines
2660 4653 3011 4711 oscularetur
3051 4662 3110 4711 et
3147 4654 3409 4710 adoraret
3445 4656 3581 4713 (eas

1997 4743 2149 4800 enim
2174 4745 2316 4801 clam
2344 4745 2545 4801 marito
2574 4759 2741 4817 supra
2768 4745 2996 4802 modum
3025 4743 3372 4811 honorabat),
3395 4758 3581 4798 sacras

2003 4833 2214 4907 efﬁgies
2235 4836 2611 4907 conspicatus,
2638 4837 2770 4907 quid
2804 4845 2991 4895 essent
3053 4834 3245 4906 rogat?
3281 4835 3582 4904 respondet

2004 4928 2097 4985 illa
2126 4929 2493 5000 simpliciter:
2526 4928 2786 4987 Pulchros
2807 4945 2933 4984 suas
2958 4943 3129 4998 papas
3157 4941 3284 4981 esse.
3314 4927 3583 4996 Egressus

2004 5034 2199 5077 vecors
2223 5021 2544 5089 homuncio,
2576 5021 2943 5091 Theophilum
2977 5021 3030 5073 in
3054 5018 3312 5074 convivio
3335 5020 3577 5087 reperit:

2005 5113 2378 5184 interrogatus
2425 5114 2573 5170 unde
2618 5112 2866 5169 veniret?
2905 5112 2949 5164 A
3003 5111 3231 5179 Manna,
3274 5111 3578 5181 respondit,

2005 5209 2086 5264 sic
2117 5210 2267 5265 enim
2299 5209 2589 5265 Dominam
2624 5205 2876 5269 vocabat,
2909 5220 3143 5274 eamque
3185 5204 3444 5274 pulchras
3473 5220 3578 5276 pu-

2005 5319 2104 5374 pas
2134 5303 2338 5359 habere
2368 5302 2525 5358 dixit.
2554 5300 2857 5369 Imperator
2882 5306 3067 5353 autem
3096 5313 3272 5381 papas
3314 5297 3582 5370 imagines

1519 5463 1721 5527 Varius
1762 5461 2070 5527 lectiones
2118 5470 2181 5528 et
2222 5471 2416 5528 notua.

410 5588 521 5655 (ει)
550 5591 655 5642 Καὶ
683 5586 756 5642 τὰ
784 5587 853 5651 ἐξ
881 5588 1189 5656 ἐμπορίας.
1220 5588 1509 5658 Theophili
1552 5599 1733 5644 tamen
1764 5570 1906 5646 alias

335 5658 622 5727 avaritiam
660 5658 978 5727 perstringit
1004 5658 1253 5727 scriptor
1278 5673 1378 5713 ms.
1417 5659 1553 5714 Vitae
1585 5661 1642 5715 S.
1672 5661 1901 5716 Joanni-

336 5727 411 5783 cii
453 5745 466 5781 :
500 5723 627 5798 Εἶχε
662 5723 757 5797 μὲν
784 5727 890 5797 γὰρ
908 5723 982 5782 τά
1024 5723 1307 5796 Ῥωμαίων
1335 5730 1590 5800 σκῆπτρα
1621 5732 1902 5801 Θεόφιλος·

2009 5591 2038 5673 ό
2064 5592 2147 5673 δὲ-
2165 5590 2397 5673 ἐπτόητό
2426 5607 2484 5642 τε
2511 5588 2643 5673 περὶ
2670 5587 2760 5641 τὸν
2780 5589 2984 5673 χρυσον
3040 5589 3181 5673 ὅλος,
3247 5589 3343 5673 καὶ
3397 5587 3586 5673 τούτου

2013 5663 2232 5730 ἡττᾶτο,
2256 5654 2433 5731 ἄλλως
2454 5675 2512 5711 τε
2528 5654 2860 5731 ῌΧριστιανῦς
2902 5654 3043 5713 εἶναι
3093 5659 3170 5731 μὴ
3213 5659 3418 5729 φέρων,
3460 5658 3588 5729 περὶ

2013 5729 2109 5795 τὰς
2145 5731 2293 5792 θείας
2321 5745 2378 5782 τε
2412 5729 2626 5783 άσεῦὡν
2655 5730 3019 5795 εἰκόνας,εις.
