3994 6246
468 379 607 443 1399
1724 364 2048 430 JOANNIS
2086 324 2474 425 zemas"
3569 356 3703 424 1400

460 509 580 552 esse
615 493 943 563 suspicatus,
977 482 1287 543 commotus
1324 495 1380 543 et
1414 488 1492 543 ira
1526 494 1764 543 aestuans
1796 485 2029 553 impera-

2140 478 2313 530 ἐκεῖνο
2344 475 2726 549 ἀνθρωπάριον
2753 471 2823 526 τὰ
2848 469 2967 524 θεία
2999 467 3342 539 θεασάμενον
3377 465 3701 538 ἐκτυπὼμα-

462 589 653 655 tricem
697 584 937 656 accedit,
984 591 1039 638 et
1071 581 1484 638 contumeliosis
1519 579 1681 635 dictis
1726 579 2028 638 insectans,

461 678 801 733 idololatram
845 673 1101 743 appellat,
1142 687 1315 742 eaque
1351 671 1516 726 refert
1548 685 1669 740 quae
1707 684 1739 724 a
1779 668 2028 723 Dendcre

461 768 541 840 (id
573 768 717 823 cnim
753 766 904 820 fatuo
939 780 1141 819 nomen
1173 764 1310 836 erat)
1346 764 1667 819 audivisset.
1704 762 1903 818 Verum
1937 758 2029 813 illa

460 861 715 917 maritum
739 859 969 913 solerter
998 858 1249 926 decepit:
1278 855 1461 924 Neque
1488 857 1649 920 enim,
1677 852 1875 924 inquit,
1898 852 2030 904 ima-

460 955 604 1025 gines
643 952 771 1005 vidit
817 949 1103 1015 Denderia,
1142 951 1233 1002 sed
1283 965 1401 1002 cum
1457 946 1726 1016 speculum
1775 947 2030 1006 intuerer,

460 1042 657 1110 formas
683 1054 798 1110 quae
824 1039 879 1093 in
906 1054 961 1092 eo
979 1037 1694 1110 reprwsentabantur,pupas
1721 1032 2031 1105 appellavit.

460 1132 537 1184 Eo
581 1129 856 1200 probabili
905 1138 1251 1193 commento,
1285 1126 1632 1197 imperatoris
1675 1125 1811 1180 iram
1860 1122 2035 1179 decli-

459 1221 612 1277 navit
666 1220 1024 1289 furoremque
1048 1220 1227 1275 leniit.
1254 1219 1391 1274 Nam
1419 1234 1544 1275 cum
1571 1231 1763 1272 omnes
1794 1218 1846 1270 in
1877 1231 2030 1270 suam

460 1314 799 1384 impietatem
839 1313 1162 1384 pertrahere
1202 1315 1470 1374 studeret,
1513 1323 1689 1366 saevus
1736 1308 2029 1363 admodum

459 1420 587 1477 erga
620 1406 739 1475 pios
774 1404 896 1470 fuit,
929 1412 984 1459 et
1015 1412 1074 1458 ut
1096 1402 1346 1474 justitiae,
1382 1393 1463 1457 sic
1491 1409 1547 1456 et
1574 1401 1694 1469 ejus
1723 1414 1885 1470 quam
1917 1400 2033 1468 ipse

460 1499 727 1566 probabat
773 1498 999 1567 pietatis
1044 1498 1349 1552 acerrimus
1397 1494 1675 1558 defensor,
1720 1492 1971 1548 subditos
2001 1508 2032 1547 a

460 1587 610 1643 cultu
642 1587 943 1658 imaginum
982 1588 1253 1641 abducere
1290 1586 1481 1639 insano
1516 1585 1702 1639 studio
1733 1584 2035 1640 contende—

461 1679 577 1744 bat,
600 1695 773 1749 eaque
790 1680 858 1734 de
881 1695 1043 1735 causa
1063 1679 1263 1732 multos
1291 1677 1588 1748 puniebat:
1620 1684 1680 1731 ut
1704 1690 1821 1740 eos,
1841 1690 2033 1744 quem-

462 1771 757 1851 admodum
801 1772 1185 1840 intemperanti
1229 1771 1412 1840 lingua
1457 1769 1708 1832 dicebat,
1757 1767 1824 1823 ab
1856 1768 2030 1822 idolo-

460 1864 641 1917 mania
692 1844 1029 1931 depelleret,
1094 1878 1158 1917 ac
1213 1864 1413 1916 multos
1473 1864 1822 1917 confessores
1876 1862 2027 1917 fecit.
2069 1837 2110 1894 Β

458 1948 725 2004 Joannem
780 1949 1125 2023 Syncelium,
1176 1966 1287 2020 quo
1337 1951 1597 2019 magistro
1644 1966 1778 2006 usus
1826 1951 2028 2018 fuerat,

462 2041 759 2110 impietatis
809 2057 921 2096 suae
971 2043 1219 2108 socium,
1270 2043 1426 2114 15.5
1465 2045 1532 2098 ad
1579 2045 1856 2114 Agarenos
1905 2058 2031 2098 cum

460 2132 713 2187 ut‘aximis
739 2131 945 2201 opibus‘
971 2132 1266 2204 ablegavit,
1297 2133 1514 2203 imperii
1546 2132 1779 2188 Romani
1807 2122 2033 2187 divitias

459 2233 875 2290 ostentaturus,
918 2241 1152 2296 quarum
1209 2226 1504 2280 nonnullas
1553 2241 1743 2281 eorum
1795 2224 2032 2295 principi

460 2319 607 2371 dono
640 2317 810 2384 misit,
834 2317 1129 2393 nonnullas
1160 2318 1358 2374 Joanni
1394 2318 1463 2373 ad
1496 2317 1864 2372 ministerium
1891 2317 2034 2371 assi-

459 2407 680 2476 gnavit,
737 2407 881 2463 inter
923 2422 1061 2477 quas
1109 2408 1221 2463 duo
1266 2423 1488 2479 quoque
1536 2408 1794 2464 malldvia
1844 2423 2030 2473 aurea,

457 2497 692 2565 gemmis
717 2497 982 2553 distincta
1007 2498 1253 2565 fuerunt,
1282 2500 1571 2570 exquisitae
1599 2500 1735 2557 artis
1760 2500 2035 2571 elegantia

460 2590 759 2653 adornata,
810 2598 1120 2660 praeterque
1171 2599 1368 2646 caetera
1415 2594 1602 2648 omnia
1657 2594 1856 2664 signati
1914 2595 2034 2649 auri

461 2680 812 2737 centenarios
851 2682 1214 2753 quadraginta
1256 2684 1308 2739 ei
1351 2685 1569 2740 dedisse
1597 2685 1943 2756 perhibetur,
1975 2697 2035 2741 ut

460 2771 736 2843 Agarenos
774 2789 914 2843 quos
958 2776 1124 2831 vellet
1177 2777 1487 2832 liberaliter
1513 2788 1572 2832 et
1610 2777 1898 2848 magniﬁce
1935 2777 2036 2832 do-

460 2870 640 2929 naret,
670 2864 853 2934 itaque
882 2867 1217 2935 percelleret
1248 2868 1543 2934 Barbaros,
1576 2867 1670 2939 qui
1704 2883 1828 2924 cum
1858 2876 2036 2923 tantas

462 2967 599 3022 opes
621 2955 1000 3013 ministrorum
1022 2958 1375 3030 imperatoris
1396 2975 1516 3016 esse
1541 2969 1856 3024 cernerent,
1886 2959 2035 3029 cogi-

463 3055 663 3110 tarent,
709 3048 932 3116 quantis
975 3049 1092 3119 ipse
1124 3050 1335 3105 divitiis
1369 3052 1660 3121 potiretur.
1694 3051 1746 3106 Is
1781 3051 1949 3123 igitur
1978 3050 2035 3105 in

2135 587 2225 633 τα,
2255 569 2310 623 τί
2339 569 2531 634 ταῦτα,
2580 568 2742 641 ἦρετο
2790 565 2890 636 τὴν
2943 561 3292 634 βασίλισσανο
3345 561 3378 631 ή
3417 560 3475 612 δὲ
3503 561 3706 629 άερελῶς

2139 679 2254 725 πως
2283 660 2419 733 πρὸς
2447 663 2623 714 ἐκεῖνο
2670 656 2816 725 εἷπε,
2862 656 3051 713 Ταῦτα
3085 654 3157 709 τὰ
3186 652 3344 708 κα.ὶὰ
3380 671 3503 722 μου
3530 655 3705 706 νινία.

2149 752 2388 806 Ἐκεῖθεν
2415 752 2509 808 οὖν
2540 751 2752 817 ἐξελθὸν
2767 750 2827 804 rb
2850 748 3172 819 παράφορον
3195 746 3376 799 δκεῖνο
3400 744 3707 815 ἁνδράριον,

2138 838 2265 915 εὗρε
2291 844 2382 899 τὸν
2408 843 2666 913 Θεόφιλον
2710 838 3061 910 ὲστιώμενον.
3091 836 3294 910 Ἤρετο
3324 835 3457 905 γοῦν
3491 837 3520 889 ὁ
3555 835 3701 904 βασι.

2136 937 2263 1001 λεύς
2314 938 2476 991 αὐτὸν
2505 936 2626 991 ὅθεν
2679 936 2805 1006 ἥκοι
2831 951 2845 999 ;
2897 934 2956 987 '0
2985 932 3042 985 δὲ
3071 930 3224 1001 παρὰ
3254 932 3321 1000 τῇ
3352 929 3570 996 illqu
3599 929 3705 997 (‘22)

2140 1028 2477 1100 πορευθῆναι
2521 1026 2860 1098 άντέφησεν,
2900 1022 3067 1094 (οὕτω
3119 1022 3229 1093 γὰρ
3258 1020 3445 1076 ἐκάλει
3470 1022 3572 1091 τὴν
3625 1019 3707 1072 δέ·

2142 1122 2390 1190 σποιναν)
2422 1120 2565 1190 ἐχειν
2589 1118 2758 1191 αὐτὴν
2788 1117 2944 1186 ἔλεγε
2986 1116 3131 1169 νινία
3159 1114 3322 1169 καλά.
3356 1113 3590 1176 Εἰκόνας
3621 1111 3711 1165 οὖν

2139 1213 2280 1271 εἶναι
2327 1217 2394 1271 τὰ
2429 1216 2572 1271 νινία
2623 1213 2975 1284 ὑποτοπήσας
3006 1212 3034 1264 ὁ
3081 1210 3341 1281 βασιλεὺς
3390 1207 3708 1284 ὲξὼργισῖο.

2138 1311 2235 1364 καὶ
2267 1309 2403 1380 πρὸς
2432 1311 2532 1379 τὴν
2581 1306 2824 1377 βασιλίδα
2852 1302 3149 1376 πορεύεται
3181 1301 3360 1355 πνέων
3393 1296 3593 1368 θυμοῦ,
3624 1298 3712 1349 καὶ

2140 1402 2329 1473 ὕϐρεις
2361 1401 2624 1471 κατέχεεν
2651 1399 2890 1467 ἐκείνης,
2911 1395 3005 1449 καὶ
3028 1392 3410 1461 είδωλολάτριν
3439 1386 3712 1457 ὠνόμαζε,

2138 1497 2207 1550 τὰ
2238 1494 2505 1565 εἰρημένα
2541 1491 2695 1563 παρά
2727 1489 2819 1544 τοῦ
2851 1486 3070 1557 Δένδερι
3118 1482 3482 1552 διηγούμενος
3506 1495 3523 1509 ’
3574 1487 3714 1531 ουτω

2140 1588 2250 1658 γὰρ
2277 1587 2337 1640 τὸ
2365 1583 2865 1656 παρακεκομμένον
2891 1583 3068 1634 ἐκεῖνο
3097 1577 3345 1632 ἐκαλεῖτο
3377 1572 3710 1643 ἀνθρώπιον.

2155 1681 2218 1734 Ἦ
2258 1676 2314 1730 δὲ
2338 1676 2518 1743 σοφῶς
2549 1675 2640 1729 τὸν
2672 1674 2841 1744 ἄνδρα
2871 1668 3271 1738 κατεσοφίσατο
3293 1684 3306 1698 ·
3343 1667 3426 1719 Ob
3475 1663 3590 1733 γὰρ
3636 1663 3713 1715 εί-

2142 1775 2325 1837 κόνας
2339 1766 2500 1825 εἶδεν
2529 1772 2562 1822 ό
2584 1766 2875 1833 Δένδερις.
2898 1764 3104 1830 ἔλεγεν,
3121 1759 3280 1816 ἀλλὰ
3305 1757 3387 1822 τῷ
3410 1757 3716 1821 κατόπτρῳ

2134 1883 2250 1934 μου
2281 1860 2756 1924 ἑνατενιζυύσης,
2796 1857 2899 1923 τὰς
2927 1855 3156 1909 ἐκεῖθεν
3178 1849 3714 1927 ἀντανακλωιώνας

2135 1955 2285 2023 ἐώρα
2301 1954 2558 2022 μορφὰς,
2595 1949 2695 2003 καὶ
2730 1948 2951 2013 ταύτας
2982 1945 3148 1999 νινία
3175 1942 3513 2010 ὠνόμασεν.
3561 1935 3716 1990 Οὕτω

2136 2043 2379 2102 πιθανῶς
2418 2041 2509 2093 τὸν
2540 2039 2700 2106 λόγον
2737 2034 3131 2105 συμπλάσασα,
3163 2032 3263 2102 τὴν
3292 2029 3467 2100 ὀργὴν
3494 2026 3596 2080 τοῦ
3633 2026 3715 2095 βα·

2139 2136 2326 2197 σιλέως
2346 2131 2609 2202 ἐμάλαξε,
2642 2130 2736 2183 καὶ
2763 2129 2856 2181 τὸν
2881 2125 3056 2197 θυμὸν
3078 2122 3495 2192 κατεστόρεσεν.
3524 2116 3639 2172 Ἦν
3664 2117 3718 2171 δὲ

2135 2227 2246 2288 τοῖς
2276 2220 2559 2277 εὐσεϐοῦσι
2587 2220 2708 2271 λίαν
2740 2217 2932 2287 βαρὺς,
2985 2212 3234 2268 σπεύδων
3276 2210 3489 2272 πάντας
3514 2209 3620 2278 τῆς
3642 2209 3716 2260 oi-

2137 2317 2290 2380 κείας
2336 2310 2649 2373 δυσσεϐείας
2680 2307 3013 2381 ποιήσασθαι
3048 2305 3364 2366 κοινωνοὺς,
3406 2300 3500 2355 καὶ
3530 2299 3717 2365 ῶσπερ

2135 2410 2230 2467 τοῦ
2277 2406 2489 2461 δικαίου
2541 2403 2809 2472 διάπυρος
2837 2395 2907 2470 ἦν
2943 2397 3217 2468 ζηλωτὴς,
3266 2393 3411 2448 οὕτω
3464 2391 3562 2445 καὶ
3623 2389 3716 2458 τῆς

2137 2499 2440 2562 εὐσεϐείας,
2463 2495 2538 2557 ὡς
2570 2493 2727 2565 ᾤετο,
2764 2491 2857 2545 καὶ
2881 2490 3189 2559 ἀποστῆσαι
3217 2486 3315 2555 τῆς
3345 2483 3457 2538 τῶν
3494 2480 3718 2535 ἐκείνων

2136 2591 2301 2662 τιμῆς
2323 2584 2649 2657 ἐφιλονείκει
2678 2579 3002 2654 περιμανῶς
3035 2579 3098 2632 τὸ
3128 2578 3391 2649 ὑπήκοον.
3434 2570 3717 2627 Ἐντεῦθεν

2139 2681 2365 2747 ἐκόλαζε
2393 2678 2678 2739 πλείστους
2702 2675 2802 2745 τῆς
2839 2669 3238 2742 είδολομανίας,
3265 2668 3340 2721 ὡς
3369 2665 3559 2732 ἔλεγεν
3592 2664 3717 2716 dao-

2138 2752 2319 2845 λάστῳ
2344 2770 2583 2841 γλώσσῃ,
2611 2767 2806 2829 αὐτοὺς
2838 2762 3107 2834 ἀφιστῶν,
3133 2761 3229 2814 καὶ
3260 2758 3487 2818 πολλοὺς
3522 2755 3719 2826 εἵργά-

2140 2885 2271 2923 σατο
2321 2864 2678 2936 ὁμολογητάς.
2737 2858 2992 2929 Ἰωάννην
3043 2857 3100 2910 δὲ
3154 2859 3245 2909 τον
3279 2852 3612 2922 Σύγκελλον,
3663 2852 3717 2915 ὃς

2139 2959 2288 3030 αὐτῷ
2310 2955 2632 3015 διδάσκαλος
2658 2953 2878 3022 γέγονε,
2909 2951 3007 3005 καὶ
3029 2948 3127 3018 τῆς
3148 2945 3469 3008 δυσσεϐείας
3497 2940 3567 3015 ἦν
3606 2960 3717 2997 κοι.

2139 3048 2327 3115 νωνδς,
2364 3048 2501 3116 πρὸς
2535 3046 2659 3107 τοὺς
2694 3042 3034 3112 Ἀγαρηνούς
3068 3035 3475 3104 ἐξαπέστειλεν,
3507 3032 3715 3086 ὲπιδεί·

465 3138 656 3194 urbem
698 3139 932 3210 Bagdatu
977 3141 1258 3210 profectus
1299 3143 1397 3210 (ea
1441 3152 1600 3198 vetus
1644 3142 1886 3213 Babylon
1917 3151 2034 3210 est)

2140 3140 2332 3209 ξασθαι
2371 3154 2524 3204 σφισι
2573 3136 2663 3188 τὸν
2704 3132 2933 3186 πλοῦτον
2976 3131 3072 3199 τῆς
3107 3127 3387 3199 βασιλείας
3420 3124 3716 3192 Ῥωμαίων

463 3240 589 3280 cum
622 3226 676 3280 in
712 3228 981 3296 principis
1013 3241 1369 3299 conspectum
1404 3231 1684 3294 venisset,
1727 3231 2036 3301 oblatisque

2141 3233 2483 3304 βουλόμενος.
2504 3226 2718 3281 Στέλλει
2744 3225 2790 3279 δ’
2816 3223 2980 3280 αὐτὸν
3003 3224 3098 3277 σὺν
3136 3222 3383 3292 χρήμασι
3412 3216 3561 3287 μάλα
3592 3215 3716 3268 πολ-

461 3313 814 3384 imperatoris
858 3317 1181 3372 muneribus
1231 3334 1356 3372 cum
1401 3332 1470 3373 eo
1518 3319 1826 3375 collocutus
1868 3332 2033 3388 esset,

463 3422 589 3464 cum
616 3408 686 3464 ob
710 3409 847 3475 haec,
890 3419 1004 3465 tum
1048 3421 1273 3482 propter
1304 3410 1524 3467 dicendi
1567 3413 1676 3467 vim
1724 3415 1863 3484 (erat
1888 3415 2036 3470 enim

464 3500 521 3556 in
553 3500 941 3571 congressibus
982 3517 1247 3573 perquam
1275 3504 1535 3575 disertus)
1566 3514 1621 3561 et
1648 3507 1700 3559 in
1744 3506 1953 3561 honere
1983 3514 2040 3563 et

464 3593 520 3648 in
552 3592 916 3649 admiratione
957 3593 1082 3648 fuit.
1110 3593 1381 3650 Barbaros
1419 3604 1603 3650 tamen
1636 3611 1734 3651 sua
1771 3611 1901 3667 erga
1942 3612 2040 3652 eos

465 3682 844 3739 munificentia
883 3684 1057 3755 magis
1088 3685 1477 3756 obstupefecit.
1518 3686 1655 3742 Nam
1695 3687 1741 3742 si
1785 3689 1879 3758 qui
1910 3704 2037 3749 eum

464 3775 901 3840 conveniebant,
934 3792 1051 3832 sive
1081 3793 1112 3833 a
1145 3792 1247 3833 suo
1274 3777 1521 3848 principe
1554 3778 1738 3841 missi,
1774 3780 1887 3835 sive
1917 3778 2041 3834 aliis

462 3864 532 3920 de
556 3866 765 3931 causis,
819 3882 917 3922 eos
942 3882 1141 3938 magna
1170 3870 1402 3938 pecunia
1427 3870 1687 3936 donabat,
1714 3872 1889 3940 utqui
1918 3886 2037 3925 eam

465 3955 803 4027 acciperent,
825 3964 881 4011 et
899 3956 1223 4027 gauderent,
1243 3965 1302 4013 et
1319 3959 1672 4014 mirarentur.
1696 3958 1833 4015 Cum
1855 3969 2037 4015 autem

467 4046 585 4113 ipse
619 4047 915 4116 aliquando
963 4049 1032 4104 ab
1069 4048 1466 4105 Amermumne
1508 4050 1577 4105 ad
1621 4051 1935 4106 convivium
1984 4051 2040 4106 in

460 4138 609 4193 audes
642 4139 791 4195 illius
825 4140 1088 4196 invitatus
1115 4152 1262 4197 esset
1290 4181 1304 4206 ,
1343 4143 1579 4197 alterum
1612 4157 1677 4198 ex
1706 4143 1892 4199 aureis
1935 4144 2041 4199 illis

463 4230 744 4287 malluviis
774 4248 962 4289 secum
1004 4235 1213 4300 attulit,
1254 4243 1315 4289 ut
1354 4250 1551 4305 aquam
1595 4235 1851 4291 manibus
1892 4236 2042 4292 illius

464 4321 796 4383 atl‘uuderet.
833 4324 988 4391 Quod
1024 4340 1149 4381 cum
1185 4326 1529 4396 negligenter
1557 4326 1762 4381 alicubi
1798 4328 2039 4396 positum

462 4423 610 4471 esset
656 4418 756 4481 (ita
795 4419 946 4472 enim
990 4419 1256 4474 ministris
1287 4419 1404 4474 suis
1444 4419 1685 4475 Joannes
1729 4420 2036 4487 mandarat,

2138 3323 2272 3386 λοῖς,
2307 3315 2382 3374 ὧν
2411 3320 2478 3372 τὰ
2511 3318 2611 3388 μὲν
2642 3316 2794 3388 δῶρα
2824 3318 3089 3388 πέπομφε
3139 3311 3218 3384 τῷ
3263 3308 3591 3380 Ἀγαρηνῶν
3623 3306 3719 3376 ἀρα

2138 3382 2313 3485 χηγῶ,
2346 3411 2415 3467 τὰ
2445 3382 2607 3473 δὲείς
2626 3382 2933 3479 ὐήρεᾶίαν
3064 3382 3372 3474 πεμφθέντι
3395 3400 3716 3466 ἀπένειμεν,

2140 3507 2199 3559 ὲν
2222 3501 2304 3568 οἷς
2338 3503 2434 3557 καὶ
2459 3500 2613 3556 διττὰ
2656 3498 2960 3570 ἐτύγχανον
2993 3492 3382 3566 χερνιϐὀξεστα
3416 3488 3629 3559 χρύσεά
3663 3503 3718 3538 τε

2142 3595 2233 3651 καὶ
2264 3594 2500 3661 διάλιθα,
2524 3592 2619 3647 καὶ
2649 3590 2848 3662 τέχνης
2880 3586 3146 3660 ἀκριϐοῦς
3178 3582 3573 3651 ἐνδεικνύμενα
3624 3580 3720 3648 1d-

2143 3706 2320 3759 ριτας.
2348 3684 2568 3739 Τούτων
2616 3684 2672 3737 δὲ
2724 3682 2943 3736 πάντων
2974 3678 3232 3732 ἐπέκεινα
3267 3675 3488 3744 λέγεται
3540 3672 3719 3725 δοῦναι

2142 3776 2292 3845 αὐτῷ
2339 3776 2433 3829 καὶ
2461 3771 2669 3844 χρυσοῦ
2712 3769 3050 3842 χαράγματα
3074 3766 3408 3835 κεντηνάρια
3439 3759 3717 3828 τεσσαρά-

2142 3869 2326 3933 κόντα,
2360 3868 2430 3922 ἵν’
2460 3866 2572 3937 ἔχοι
2601 3861 2895 3934 δωρεῖσθαι
2918 3860 3027 3913 τῶν
3051 3859 3115 3910 ὲκ
3136 3855 3239 3926 τῆς
3272 3856 3454 3925 ’Δγαρ
3477 3847 3567 3917 οἷς
3600 3851 3722 3923 ﬁat}-

2141 3962 2286 4016 λοιτο
2332 3959 2633 4030 φιλοτίμως
2688 3972 2749 4009 τε
2804 3955 2899 4008 καὶ
2943 3949 3206 4021 δαψιλῶς,
3246 3946 3548 4001 κάντεῦθεν
3594 3944 3722 4006 τοὺς

2142 4053 2462 4124 Βαρϐάρους
2491 4050 2805 4119 ὲκπλήττοι,
2839 4044 3247 4113 λογιζομένους,
3273 4040 3350 4102 ὡς
3388 4042 3439 4091 εἰ
3471 4036 3721 4091 τοσοῦτον

2141 4146 2193 4199 οἱ
2226 4144 2321 4198 τοῦ
2355 4144 2587 4204 ἄνακτος
2636 4138 2941 4208 εὐποροῖεν,
2998 4134 3163 4196 αὐτὸς
3202 4132 3412 4192 ἐκεῖνος
3452 4129 3624 4181 πόσου
3658 4126 3723 4180 ἂν

2142 4235 2228 4303 εἴη
2266 4233 2455 4303 κύριος
2492 4228 2759 4294 πλούτους
2806 4225 3167 4295 Ἀφικόμενος
3222 4217 3319 4276 οὖν
3353 4223 3435 4284 εἰς
3482 4219 3583 4289 τὴν
3626 4216 3721 4272 τοῦ

2141 4327 2326 4395 Βαγδᾶ
2371 4325 2525 4377 πόλιν
2554 4324 2582 4374 ὁ
2627 4319 2929 4388 Σύγκελλος
2966 4315 3129 4387 (αὕτη
3159 4316 3204 4369 δ’
3250 4315 3399 4366 ἐστὶν
3453 4314 3486 4383 ἡ
3518 4310 3724 4365 παλαιὰ

2145 4417 2426 4486 Βαϐυλὼν)
2464 4416 2577 4485 (9.3)
2617 4414 2719 4467 καὶ
2758 4409 2837 4481 τῷ
2869 4410 2977 4462 τῶν
3015 4407 3340 4478 Ἀγαρηνῶν
3374 4405 3609 4477 ἀρχηγῷ
3641 4406 3721 4465 εἰς

465 4514 528 4562 ut
556 4507 791 4580 periret)
819 4524 849 4563 a
887 4511 1123 4579 quodam
1150 4520 1237 4567 est
1266 4518 1608 4583 surreptam,
1635 4514 2036 4584 quaesitumque

2146 4511 2277 4566 θέαν
2310 4509 2503 4573 ἐλθὼν,
2565 4507 2662 4559 καὶ
2704 4501 3032 4573 διαλεχθεὶς,
3067 4502 3163 4554 καὶ
3213 4500 3282 4553 τὰ
3325 4497 3423 4553 τοῦ
3457 4496 3723 4570 βασιλέως

463 4615 735 4670 nusquam
763 4608 1092 4671 comparuit.
1134 4604 1360 4659 Barbari
1399 4605 1568 4676 igitur
1596 4615 2036 4674 murmurarunt,

463 4703 522 4752 et
551 4695 791 4766 pretium
824 4696 971 4751 illius
1000 4705 1056 4752 et
1095 4697 1419 4768 elegantiam
1455 4706 1846 4769 exaggerantes
1874 4711 1887 4750 :
1922 4697 2039 4767 ipse

467 4802 601 4843 vero
624 4804 750 4844 cum
764 4803 886 4844 eam
908 4788 1182 4859 iacturam
1207 4789 1311 4844 sibi
1337 4805 1484 4845 cura:
1506 4806 1616 4845 non
1638 4804 1759 4844 esse
1782 4787 2036 4853 dixisset,

469 4894 567 4935 eos
604 4881 971 4951 obstupefecit
999 4897 1162 4952 quem
1201 4891 1404 4936 tantam
1450 4899 1566 4938 rem
1611 4882 1886 4952 negligere
1916 4894 2040 4935 cer-

468 4980 704 5038 nerent,
739 4981 794 5027 et
826 4989 858 5028 a
900 4973 1168 5029 ministris
1197 4975 1435 5027 alterum
1480 4972 1664 5027 aﬂ‘erri
1699 4972 1896 5043 jussit,
1931 4987 2044 5043 quo

469 5063 635 5119 allato
667 5064 839 5137 magis
869 5067 1032 5121 etiam
1066 5066 1321 5124 admirati
1353 5073 1502 5120 sunt.
1536 5064 1641 5120 Sed
1674 5075 1729 5120 et
1762 5065 2045 5137 Agareno-

468 5174 591 5214 rum
635 5161 892 5232 princeps
941 5163 1181 5218 vicissim
1233 5160 1691 5233 magnificentiam
1737 5170 2042 5224 ostentans,

464 5250 735 5309 Joannem
769 5257 982 5325 magnis
1016 5254 1337 5311 muneribus
1366 5252 1571 5318 affecit,
1608 5260 1815 5323 etpost
1848 5262 2036 5308 czetera

2144 5247 2359 5319 χαίρειν
2395 5244 2487 5298 καὶ
2516 5238 2957 5312 τεθηπὲναιτούς
2982 5236 3156 5291 ταῦτα
3193 5235 3598 5304 λαμϐάνοντας.
3635 5234 3725 5287 ’0-

2143 4602 2295 4672 δῶρα
2331 4597 2719 4670 προσαγαγὼν,
2767 4599 2860 4649 καὶ
2888 4595 2975 4647 διὰ
3025 4591 3222 4657 ταῦτα,
3255 4591 3351 4645 καὶ
3379 4590 3471 4644 διὰ
3500 4588 3600 4660 τὴν
3626 4585 3719 4640 τοῦ

2146 4691 2306 4760 λόγου
2336 4689 2566 4756 δύναμιν
2597 4681 2685 4757 (ἦν
2710 4686 2819 4755 γὰρ
2846 4684 2925 4746 είς
2953 4681 3192 4746 διάλεξιν
3244 4677 3573 4750 περιδέξιος)
3629 4678 3723 4730 καὶ

2146 4782 2372 4853 ἐτιμᾶτο
2398 4780 2494 4834 καὶ
2531 4775 2895 4847 ἐθαυμάζετο.
2937 4773 3103 4827 Πλέον
3146 4773 3191 4827 δ’
3217 4772 3563 4842 ὲξεθάμϐησε
3596 4788 3725 4834 τους

2147 4873 2465 4946 Βαρϐάρους
2490 4868 2901 4940 φιλοτιμώτατα
2952 4862 3087 4937 πρὸς
3117 4865 3320 4928 αὐτοὺς
3350 4864 3725 4934 διακείμενος.

2142 4970 2206 5022 Εί
2241 4965 2349 5036 γάρ
2384 4980 2528 5027 τινες
2557 4962 2752 5033 ἐκείνῳ
2782 4959 3115 5031 προσῄεσαν,
3147 4955 3359 5029 ἤπαρὰ
3402 4955 3498 5010 τοῦ
3530 4956 3723 5026 σφετέ-

2145 5080 2239 5134 ρου
2271 5058 2615 5128 στελλόμενοι
2648 5056 2932 5126 ἄρχοντος,
2963 5053 2996 5122 ἢ
3044 5052 3190 5105 κατά
3216 5067 3342 5104 τινα
3390 5052 3583 5121 χρείαν
3628 5050 3725 5105 ἄλ·

2141 5156 2264 5225 λην,
2296 5155 2576 5227 χρήμασιν
2606 5148 2803 5212 αὐτοὺς
2850 5145 3118 5213 ξδεξιοῢτο
3177 5144 3471 5212 μεγάλοις,
3505 5144 3579 5206 ὡς
3623 5144 3721 5195 καὶ

1658 5389 1858 5452 Varia:
1887 5389 2191 5452 lectiones
2228 5391 2289 5446 et
2322 5390 2508 5445 notae.

543 5506 675 5580 (32“
706 5509 937 5576 Μάννᾳ.
991 5511 1067 5562 La
1121 5510 1345 5580 quidam
1406 5510 1596 5578 codd.;
1628 5508 1722 5564 alii
1769 5510 1955 5577 Μάνα,
1985 5519 2036 5562 ut

2152 5468 2608 5580 ἀπαραλογίστως
2622 5500 2737 5580 ’τὴν
2773 5572 2787 5580 _
2811 5501 2921 5580 τῶν
2955 5495 3361 5580 -Σαρρακῃνῶν
3404 5495 3723 5580 ἔκδέξεωι,

468 5575 853 5644 Theophanes,
885 5575 940 5634 et
966 5582 1076 5637 alii.
1140 5575 1152 5580 ’
1583 5575 1591 5578 ⁷
1810 5629 1827 5644 .

540 5646 652 5723 (9.5)
700 5651 763 5723 [1
798 5652 1023 5703 παλαιὰ
1069 5652 1378 5705 Βαϐυλών.
1411 5652 1582 5708 Sedes
1626 5652 1889 5723 principis
1937 5665 2037 5705 seu

469 5718 637 5794 talitro
697 5718 1151 5794 Sarracenoum.
1198 5724 1445 5794 Aretliar
1493 5724 1556 5794 in
1593 5718 2035 5794 A'pocaljtpsiuc.

473 5785 540 5843 5e
577 5827 587 5842 .
622 5794 718 5845 ,ὶιά
757 5790 815 5842 δὲ
847 5792 941 5845 τοῦ
976 5794 1238 5856 στόματος
1270 5794 1301 5856 ἡ
1341 5785 1718 5859 Βαϐυλωνίων,
1760 5785 1924 5860 ἦν’ᾆν
1954 5809 2037 5861 τις

2152 5567 2285 5645 gate"
2305 5576 2386 5627 ὅτι
2405 5567 2498 5624 καὶ
2530 5572 2588 5622 ἐν
2622 5567 2901 5645 Βαϐυλῶνι
2921 5574 3014 5645 νῦὴν
3038 5567 3154 5645 ἐστι
3180 5567 3488 5645 τδ-άρχεξον
3517 5568 3719 5629 αὐτων,

2145 5640 2220 5699 ὧν
2252 5646 2317 5712 δὴ
2342 5646 2370 5697 ὁ
2402 5642 2769 5713 Ἀντέχριστος
2789 5684 2804 5711 ,
2827 5641 2900 5705 ὡς
2947 5639 3231 5710 Ῥωμαίων
3273 5637 3532 5707 βασιλεὺς
3585 5653 3724 5707 εμε-

2146 5716 2319 5791 τήςει.
