3994 6246
377 322 512 381 1101

1602 323 2011 385 ANNALIUM
2052 324 2206 385 LIB.
2247 325 2370 387 XV.

3487 327 3631 392 1402

375 439 595 506 μέστιον
621 437 678 490 δέ
717 451 846 488 ποτε
886 437 978 490 καί
1036 436 1350 507 ὁμοδίαιτον
1379 435 1570 492 τοῦτον
1601 438 1699 493 τοῦ
1745 439 1941 510 ’Λμερ⁴

2050 441 2236 496 omnia
2264 449 2488 496 centum
2518 439 2570 495 ei
2607 440 2856 510 captivos
2892 439 3045 496 dedit
3067 481 3083 505 ,
3116 441 3422 512 splendidis
3453 446 3628 499 vesti-

374 522 613 592 μουμνοῦ
639 524 988 593 ποιουμένου,
1020 525 1082 576 τὺ
1105 524 1164 579 ἓν
1195 526 1302 580 τῶν
1331 527 1552 597 χρυσῶν
1571 527 1798 582 ἐκείνων
1827 547 1950 602 χερ-

369 616 692 682 νιϐοξέστων
709 612 856 686 εἶχεν
889 620 1021 684 ἐκεῖ,
1047 617 1190 688 ὕδωρ
1221 619 1369 688 αὐτῷ
1389 621 1622 690 ἐπιχέων
1653 624 1801 676 κατὰ
1837 639 1948 693 χει-

369 705 433 775 ρό
445 723 483 765 _.'.
503 703 674 759 Τοῦτο
704 705 834 776 γοῦν
860 707 1081 778 ἀμελῶς
1108 709 1360 778 κείμενον
1389 709 1554 776 (οὕτω
1581 711 1690 781 γὰρ
1717 711 1947 781 ποιῆσαι

367 799 478 861 τοίς
528 797 694 852 αὐτοῦ
746 799 1077 870 θεράπουσιν
1141 784 1468 868 ἐνετείλατο,
1514 801 1583 855 ἵν’
1646 801 1945 874 ἀπόληται)

366 890 520 960 παρά
565 907 661 943 του
716 889 950 960 ἐκλάπη.
1011 890 1102 954 Ὠς
1139 891 1195 944 δὲ
1247 892 1587 960 ζητούμενον
1643 891 1743 945 οὐκ
1772 888 1860 964 ἦν,
1892 892 1944 946 οί

367 981 644 1050 Βαρΰαροι
669 981 832 1052 θροῦν
869 984 1124 1056 ήγειραν,
1158 983 1254 1038 καὶ
1295 985 1356 1038 τὸ
1388 984 1690 1054 πολύτιμον
1728 985 1942 1038 ἐκείνου

365 1074 460 1126 καὶ
487 1074 548 1127 τὸ
573 1075 764 1152 καλλος
806 1077 1205 1148 θαυμάζοντες.
1271 1077 1330 1130 Ὀ
1357 1077 1412 1130 δὲ
1447 1073 1526 1148 ’μὴ
1561 1076 1747 1146 μέλειν
1793 1075 1943 1145 αὐτῷ

363 1166 498 1234 περὶ
549 1166 646 1220 τοῦ
697 1169 1038 1239 ἀπολομένου
1083 1168 1288 1231 εἰπὼν,
1336 1171 1448 1233 τοῖς
1504 1170 1603 1239 μὲν
1636 1168 1945 1238 Βαρόἀροις

363 1252 627 1325 ἔκπληξιν
669 1260 957 1332 ἐνεποίησε
987 1299 1002 1324 ,
1057 1259 1301 1314 τοιούτου
1347 1261 1632 1333 χρήματος
1679 1261 1942 1329 ἀφροντι-

2047 533 2150 588 bus
2184 542 2495 589 exornatos.
2530 532 2632 600 Qui
2664 549 2732 588 ex
2765 548 2830 588 ea
2864 535 3138 605 legatione
3173 551 3431 592 reversus
3453 575 3467 600 ,
3497 552 3624 592 cum

2047 626 2365 696 imperatori
2395 626 2524 696 quid
2565 635 2748 681 actum
2803 637 2950 682 esset
2981 628 3346 697 exposuisset,
3375 643 3439 682 ac
3472 630 3626 698 prin-

2047 717 2303 787 cipalium
2344 717 2543 772 aedium
2590 719 2792 789 figuras
2829 726 2886 773 et
2928 719 3252 774 varietatem
3301 729 3620 785 narrasset,

2046 809 2404 879 cupiditatem
2437 810 2555 880 ejus
2587 810 2846 865 excitavit
2877 810 3215 882 ejuscemodi
3260 810 3419 881 regiae
3448 811 3621 865 aedifi-

2045 899 2267 964 candaa,
2303 916 2368 955 ac
2404 899 2558 968 jussu
2602 900 2749 957 illius
2780 902 2834 955 in
2867 901 3103 972 Bryante
3143 902 3346 972 regiam
3391 901 3628 972 Syriacae

2043 1005 2144 1059 pro
2176 989 2359 1043 omnia
2395 990 2630 1044 similem
2678 991 2996 1061 auspicatus
3037 1000 3155 1057 est,
3199 1000 3257 1047 et
3311 991 3626 1045 architectis

2044 1080 2232 1150 ﬁguris
2263 1084 2644 1152 mensurisque
2669 1082 2997 1149 latitudinis,
3023 1083 3390 1154 longitudinis
3419 1093 3475 1138 et
3500 1083 3626 1137 alti-

2045 1171 2254 1226 tudinis
2309 1171 2470 1243 146
2515 1172 2948 1240 demonstratis,
3016 1190 3151 1246 opus
3210 1175 3470 1231 celeriter
3523 1173 3626 1229 ab-

2042 1262 2231 1316 solvit.

363 1347 598 1404 στοῠντα
650 1351 850 1421 ὁρῶσιν
895 1353 1097 1406 αὐτόν·
1152 1355 1265 1416 τοῖς
1308 1353 1354 1406 δ’
1415 1351 1612 1406 ἑαυτοῦ
1683 1353 2018 1421 θεράπουσιν
2057 1353 2115 1406 τὸ
2160 1353 2348 1421 ἕτερον
2385 1356 2629 1424 ἐνεγκεῖν
2670 1357 3079 1427 προετρέψατο,
3140 1359 3168 1412 ὃ
3228 1358 3492 1428 κομισθὲν
3544 1358 3628 1422 εἰς

361 1443 525 1495 πλέον
558 1442 767 1513 θάμϐος
796 1445 923 1507 τοὺς
965 1443 1286 1516 Βαρΰάρους
1327 1445 1544 1516 ἐνῆκεν.
1615 1443 2225 1514 Ἀντιφιλοτιμούμενος
2281 1445 2338 1498 δὲ
2403 1447 2497 1500 καὶ
2551 1449 2578 1500 6
2605 1448 2711 1500 τῶν
2749 1449 3069 1519 Ἀγαρηνῶν
3117 1453 3379 1522 ἀρχηγὸς,
3411 1453 3626 1515 πολλοῖς

369 1536 454 1587 τὸν
521 1537 775 1606 Ἰωάννην
820 1537 1089 1602 ἐδεξιοῦτο
1133 1539 1452 1609 δωρήμασι,
1508 1538 1602 1593 καὶ
1667 1538 1760 1591 ἐπὶ
1823 1538 1989 1591 πᾶσιν
2053 1539 2204 1610 αὖτῷ
2258 1539 2640 1610 αἰχμαλώτους
2703 1543 3013 1613 παρέσχετο
3070 1545 3288 1612 ἑκατὸν,
3319 1546 3627 1615 σάμφιάσας

361 1630 556 1694 αὐτοὺς
613 1631 1015 1702 λαμπροτέροις
1071 1633 1397 1703 ἐσθήμασιν.
1446 1632 1792 1686 Ἐπανελθὼν
1841 1627 1934 1686 οὖν
1971 1633 2184 1686 ἐκεῖθεν
2249 1635 2277 1687 6
2351 1636 2624 1706 Ἰωάννης,
2658 1637 2754 1690 καὶ
2787 1638 2864 1708 τῷ
2897 1639 3112 1708 βασιλεῖ
3162 1641 3524 1712 διηγούμενος
3555 1644 3623 1697 τὰ

360 1728 498 1788 ἐκεῖ,
537 1726 768 1780 καὶτῶν
793 1727 1036 1796 ἀρχικῶν
1067 1728 1257 1782 οἰκιῶν
1289 1729 1546 1799 σχήματά
1589 1746 1646 1781 τε
1683 1729 1777 1782 καὶ
1841 1713 2134 1795 ποικιλίαν,
2203 1732 2283 1794 εἰς
2349 1731 2527 1801 ἔρωτα
2585 1736 2843 1804 κεκίνηκε
2873 1735 3102 1790 τοιαῦτα
3129 1736 3624 1808 δομήσασθαι.Καὶ

362 1817 552 1882 μέντοι
580 1818 728 1890 αὐτῷ
771 1819 1034 1886 ἐπέταξεν
1061 1822 1120 1874 ἐν
1156 1820 1234 1891 τῷ
1273 1815 1514 1892 Βρύαντι
1552 1821 1846 1892 δείμασθαι
1892 1823 1941 1875 οἰ
1982 1823 2260 1893 ἀνάκτορα
2304 1826 2416 1887 τοῖς
2486 1827 2544 1878 ἐν
2605 1827 2776 1897 Συρίᾳ
2807 1829 3024 1881 ἐοικότα
3080 1831 3138 1882 ἐν
3188 1830 3392 1884 ἅπασι·
3445 1832 3539 1883 καὶ
3565 1832 3624 1895 ὃς

359 1912 671 1968 ἐπιστατῶν
697 1917 812 1977 τοῖς
848 1915 1056 1968 τούτων
1094 1918 1416 1990 δομήτορσι,
1443 1919 1539 1970 καὶ
1606 1918 1866 1988 σχήματα
1921 1916 2189 1973 διδάσκων
2250 1920 2346 1973 καὶ
2403 1921 2577 1992 μέτρα
2612 1921 2807 1994 εὔρους
2837 1941 2896 1977 τε
2935 1926 3029 1978 καὶ
3063 1926 3273 1996 μήκους
3303 1928 3396 1979 καὶ
3429 1925 3626 1996 ὕψους,

359 2012 498 2082 ταχὺ
522 2012 621 2075 τὰς
651 2012 942 2082 οἰκοδομὰς
966 2013 1053 2077 ἑξε
1067 2013 1318 2085 πέρανεν.

431 2128 557 2187 KZ’.
583 2121 753 2193 Οὗτος
779 2130 807 2182 6
843 2128 1101 2200 βασιλεὺς
1148 2131 1248 2186 καί¹
1278 2131 1347 2184 τὰ
1375 2131 1623 2202 παράλια
1653 2131 1808 2201 τείχη
1841 2129 1940 2200 τῆς

2113 2129 2328 2184 XXV“.
2373 2129 2519 2184 ldem
2557 2129 2861 2200 imperator
2894 2129 3058 2185 etiam
3105 2130 3380 2184 maritima
3420 2129 3624 2186 mmnia

358 2221 567 2284 πόλεως
620 2224 969 2291 πεπονηκότα
1001 2223 1143 2286 τότε,
1199 2224 1295 2276 καὶ
1338 2226 1402 2276 ἐκ
1461 2225 1560 2294 τῆς
1592 2223 1684 2278 τοῦ
1742 2223 1938 2293 χρόνον

358 2315 708 2386 παραῤῥοῆς,
767 2313 862 2367 καὶ
896 2312 960 2367 ἐκ
1019 2331 1182 2368 τινων
1235 2317 1668 2385 συμπτωμάτων
1711 2317 1937 2385 ἑτέρων,

357 2403 688 2456 ἀνεκαίνισε·
699 2403 1155 2474 μεγαλοπρεπῶς,
1188 2407 1269 2469 εἰς
1299 2405 1434 2475 ὕψος
1485 2405 1647 2461 πλέον
1682 2407 1714 2476 ἢ
1745 2408 1940 2478 πρότε-

361 2512 454 2565 ρον
502 2490 663 2568 ἦσαν,
699 2495 911 2566 ἐπάρας
947 2497 1090 2550 αὺτά
1144 2499 1238 2551 καὶ
1273 2497 1480 2562 ξενῶνα
1521 2500 1806 2569 μέγιστον
1855 2501 1938 2560 εἰς

357 2586 526 2656 ὄνομα
558 2589 757 2641 οἰκεῖον
782 2589 1100 2660 ἀνήγειρεν,
1162 2591 1219 2643 ἐν
1262 2589 1414 2661 τόπῳ
1439 2584 1499 2645 οὗ
1551 2591 1824 2660 πρότερον
1866 2586 1936 2661 ἦν

358 2679 688 2748 ἑταιρουσῶν
740 2681 1013 2748 γυναικῶν
1045 2681 1415 2750 καταγώγιον.
1448 2679 1557 2736 Ἦν
1596 2683 1653 2736 δὲ
1683 2685 1778 2736 καὶ
1807 2684 1938 2753 περὶ

357 2772 426 2824 τὰ
455 2771 746 2842 ἀφροδίσια
797 2773 1099 2844 ἐγκρατὴς,
1150 2774 1224 2837 ὼς
1252 2773 1400 2841 ἅπαξ
1435 2773 1562 2828 ποτὲ
1595 2774 1758 2844 ἔρωτι
1801 2792 1934 2828 παιο

357 2863 548 2931 δίσκης
594 2863 824 2929 ἁλῶναι,
883 2865 1337 2935 ὑπηρετουμένης
1386 2868 1453 2936 τῇ
1519 2865 1772 2936 βασιλίδι,
1833 2867 1934 2936 τὴν

357 2957 504 3027 ὥραν
524 2958 880 3030 διαπρεποῦς.
907 2960 1016 3029 Τῆς
1043 2959 1329 3030 Θεοδώρας
1352 2960 1409 3013 δὲ
1439 2959 1528 3013 διὰ
1558 2961 1717 3013 τοῦτο
1738 2961 1936 3029 ἀλγού-

359 3069 478 3120 σης,
507 3050 848 3120 ὲπόμνυσθαί
876 3068 1041 3118 φασιν
1066 3053 1296 3115 ἐκεῖνον,
1331 3051 1404 3122 μὴ
1424 3051 1610 3105 ἄλλοτε
1642 3053 1716 3122 μὴ
1747 3053 1794 3105 δ’
1819 3053 1936 3106 ἐτέ-

360 3158 458 3209 ρας
487 3145 680 3211 πείραν
707 3139 890 3193 λαϐεῖν
915 3142 1190 3208 γυναικὸς,
1234 3143 1327 3193 καὶ
1364 3143 1455 3193 ἐπὶ
1488 3141 1565 3210 τῷ
1605 3143 1934 3214 ὀλισθήματι

271 3267 274 3274 -
355 3233 666 3296 δάκνεσθαι,
704 3233 797 3285 καὶ
830 3232 1164 3303 συγγνώμην
1199 3232 1256 3298 ἐξ
1289 3231 1502 3302 ἐκείνης
1535 3234 1726 3285 αἰτεῖν.
1775 3235 1936 3286 Ἀλλὰ

354 3322 529 3374 ταῦτα
560 3326 591 3394 ὴ
620 3327 745 3395 περὶ
777 3324 872 3388 τὰς
902 3324 1106 3386 σεπτὰς
1136 3325 1352 3385 εἰκόνας
1387 3325 1481 3377 ἐπί
1512 3341 1616 3376 του
1648 3324 1812 3391 μανία
1854 3327 1936 3385 εἰς

355 3415 510 3468 οὐδὲν
535 3416 707 3468 ἐποίει
739 3415 1071 3484 λογίζεσθαι.
1133 3414 1358 3468 Ἑλύττα
1389 3416 1495 3482 γὰρ
1524 3414 1786 3483 ἄντικρυς
1841 3417 1934 3467 καὶ

356 3507 518 3561 πλέον
551 3509 817 3577 ἐμεμήνει
858 3507 967 3557 τῶν
999 3505 1106 3575 πρὸ
1140 3504 1330 3566 αὐτοῦ,
1361 3505 1454 3556 καὶ
1506 3505 1785 3573 ὠμότερος
1823 3505 1930 3555 τῶν
1963 3487 2008 3546 C

357 3598 602 3669 τιμητῶν
634 3597 741 3652 τῶν
770 3598 934 3665 ἰερῶν
955 3597 1369 3664 ἐκτυπωμάτων
1394 3590 1462 3664 ἦν
1490 3594 1777 3665 κολαστὴς,
1800 3594 1937 3648 ἀλλά

361 3691 466 3762 μὴν
493 3692 588 3744 καλ⁴
620 3690 728 3744 τῶν
753 3691 994 3760 γραφαῖς
1044 3688 1366 3741 τυπούντων
1401 3687 1562 3740 αὐτά.
1624 3687 1786 3740 Ὅθεν
1839 3687 1936 3739 καί

356 3800 478 3836 τινα
512 3781 746 3852 μοναχὸν
776 3783 1028 3851 Λάζαρον
1090 3779 1229 3851 (24),
1276 3779 1602 3848 περιϐόητον
1627 3777 1756 3831 ὄντα
1781 3796 1937 3848 τηνι-

358 3871 536 3926 καῦτα
565 3875 693 3940 περὶ
718 3871 816 3940 τὴν
850 3868 1128 3940 γραφικὴν
1159 3869 1382 3937 ἀπηνῶς
1410 3868 1934 3938 αἰκισάμενος,καθ-

361 3961 540 4034 εἷρξεν
601 3963 681 4026 εἰς
710 3963 1087 4032 δεσμωτήριον
1108 3975 1123 3992 ⁸
1151 3961 1224 4022 ὡς
1251 3961 1379 4014 δ’ἐκ
1409 3961 1516 4013 τῶν
1550 3960 1772 4030 πληγῶν
1797 3962 1946 4011 ἐκεῖ-

355 4071 445 4116 νος
473 4054 689 4123 ῥαΐσας,
721 4049 876 4115 αὖθις
907 4055 1003 4115 τὰς
1057 4055 1249 4122 χεῖρας
1296 4050 1469 4118 ἁγίων
1510 4050 1736 4103 εἰκόνων
1765 4051 1936 4101 ἐδίδου

357 4148 614 4217 γραφαῖς,
641 4145 848 4199 πέταλα
883 4148 909 4198 6
941 4144 1200 4213 τύραννος
1231 4144 1516 4196 ἐκέλευσεν
1535 4143 1934 4213 ἐκπυρωθέντα

359 4238 582 4309 σιδήρεα
613 4240 725 4301 τοῖς
752 4237 846 4290 τοῦ
878 4235 1136 4306 Λαζάρου
1175 4235 1495 4304 ἐπιτεθῆναι
1529 4238 1786 4303 καρποῖς,
1851 4235 1937 4288 ἵνα

360 4331 435 4403 μὴ
459 4332 587 4393 τοὺς
626 4331 818 4394 πόνους
851 4329 961 4383 τῶν
1014 4328 1245 4399 καρπῶν
1279 4328 1450 4382 αὐτοῦ
1501 4330 1549 4380 οἰ
1577 4328 1936 4386 εὐσεδοῦντες

357 4427 530 4498 ἔχοιεν
555 4426 900 4498 προσκυνεῖν.
947 4423 1007 4477 Ὀ
1053 4422 1149 4492 μὲν
1179 4420 1274 4474 οὖν
1304 4421 1511 4490 ὑπέστη
1547 4419 1750 4489 ταύτην
1794 4419 1937 4492 ὑπὲρ

356 4519 465 4572 τῶν
491 4515 768 4571 σεϐαστῶν
799 4514 1024 4568 εἰκόνων
1065 4512 1163 4583 τὴν
1198 4511 1444 4576 κόλασιν,
1468 4509 1710 4580 ἐψεύσθη
1746 4511 1801 4562 δὲ
1823 4509 1933 4562 τῶν

357 4609 590 4661 ἐλπίδων
637 4609 665 4660 6
696 4607 982 4677 τύραννος.
1017 4605 1254 4669 Λέγεται
1288 4603 1388 4672 μὲν
1414 4603 1524 4672 γὰρ
1555 4602 1694 4672 μετά
1724 4600 1820 4672 τὴν
1847 4601 1938 4655 κό-

353 4700 509 4754 λασιν
540 4701 640 4770 τῆς
690 4697 914 4769 εἱρκτῆς
946 4696 1236 4767 ὲκὸληθεὶς
1266 4697 1294 4749 6
1331 4695 1674 4764 ὁμολογητὴς
1704 4695 1933 4759 ἐκεῖνος,

355 4792 437 4845 ἔτι
466 4783 814 4861 τάςίπληγάς
846 4789 1027 4859 φέρων
1049 4791 1108 4842 ἐν
1154 4789 1276 4851 ταῖς
1306 4786 1486 4856 χερσὶ,
1533 4785 1631 4855 τῆς
1655 4783 1810 4846 Θείας
1837 4785 1935 4854 χά·
1969 4818 2011 4873 D

359 4899 506 4954 ριτος
561 4878 1047 4949 συνεφαπτομένης
1122 4877 1272 4948 αὐτῷ
1324 4877 1540 4939 εἰκόνας
1606 4875 1934 4946 διαχαράξαι

357 4973 580 5040 σεπτάς,
612 4974 751 5045 μετὰ
784 4972 841 5026 δὲ
861 4971 958 5042 τὴν
984 4970 1076 5023 τοῦ
1105 4970 1368 5040 τυράννου
1398 4968 1720 5034 κατάλυσιν,
1769 4967 1830 5020 τὸ
1883 4967 1943 5020 ἐν

2049 2241 2173 2280 cum
2203 2235 2474 2282 vetustate
2507 2238 2620 2281 tum
2652 2227 2722 2282 oh
2753 2227 2891 2282 alios
2924 2243 3085 2283 casus
3117 2227 3336 2281 ruinosa
3361 2269 3375 2293 ,
3411 2227 3624 2299 magni-

2048 2317 2150 2373 ﬁce
2184 2318 2533 2379 instauravit.
2569 2319 2624 2372 in
2653 2319 2919 2386 majorem
2947 2318 3145 2373 educta
3169 2318 3540 2384 altitudinem,
3569 2327 3624 2372 et

2045 2407 2342 2462 maximum
2379 2407 2683 2476 hOSpitium
2713 2407 2782 2462 de
2813 2421 2915 2462 suo
2951 2408 3175 2463 nomine
3207 2407 3478 2472 condidit,
3513 2423 3626 2477 quo

2050 2499 2104 2554 in
2138 2500 2260 2554 loco
2298 2500 2451 2569 prius
2481 2499 2887 2569 impudicarum
2931 2501 3230 2554 mulierum
3259 2500 3623 2555 diversorium

2050 2591 2246 2646 fuerat.
2278 2591 2334 2645 In
2369 2593 2692 2646 libidinibus
2716 2593 2821 2646 fuit
2846 2593 3162 2655 continens,
3189 2608 3423 2661 cumque
3454 2593 3624 2647 semel

2047 2694 2233 2735 amore
2258 2683 2451 2751 puella:
2479 2682 2910 2745 formosissima,
2938 2697 3060 2749 quae
3091 2680 3424 2749 imperatrici
3452 2681 3627 2734 inser-

2042 2774 2254 2836 viebat,
2287 2783 2484 2843 captus
2506 2780 2684 2837 esset,
2721 2773 2887 2842 idque
2918 2772 3209 2827 Theodora
3237 2786 3379 2840 aegre
3411 2770 3619 2826 ferret:

2042 2883 2168 2922 eum
2215 2867 2490 2936 dejerasse
2534 2864 2755 2928 ferunt,
2795 2880 2854 2920 se
2898 2879 3178 2934 nunquam
3225 2863 3355 2916 alias
3392 2861 3624 2916 alterius

2043 2959 2291 3014 mulieris
2325 2957 2573 3013 notitiam
2603 2958 2884 3022 habuisse,
2919 2973 3098 3026 eoque
3127 2956 3284 3024 lapsu
3319 2955 3622 3020 dolentem,

2041 3051 2259 3104 veniam
2288 3051 2357 3103 ab
2384 3050 2474 3102 illa
2501 3049 2858 3118 petiisse.Sed
2890 3049 3043 3101 furor
3069 3049 3188 3116 ejus
3217 3056 3408 3100 contra
3436 3059 3623 3100 sacras

2041 3141 2307 3212 imagines
2327 3142 2534 3202 eﬂ‘ecit,
2561 3151 2621 3194 ut
2643 3141 2732 3194 illa
2754 3157 2852 3210 pro
2876 3139 3048 3193 nihilo
3077 3128 3358 3208 putentur.
3384 3136 3620 3190 Prorsus

2041 3234 2188 3288 enim
2222 3233 2435 3288 insania
2465 3233 2699 3304 quadam
2738 3242 2795 3287 et
2824 3232 2977 3286 rabie
3013 3231 3218 3300 majore
3245 3245 3408 3298 quam
3445 3243 3616 3298 supe-

2043 3325 2221 3380 riores
2269 3325 2662 3394 imperatores,
2695 3324 2938 3379 cultores
2967 3333 3131 3392 atque
3169 3323 3333 3376 etiam
3381 3323 3621 3386 pictores

2042 3430 2321 3470 sacrarum
2350 3415 2647 3485 imaginum
2683 3414 3138 3484 persequebatur,
3165 3429 3338 3482 eaque
3363 3414 3430 3468 de
3455 3429 3619 3469 causa

2039 3507 2372 3560 monachum
2408 3507 2700 3576 quemdam
2740 3506 3041 3568 Lazarum,
3075 3505 3336 3572 pictorem
3375 3513 3488 3557 tum
3523 3518 3617 3558 ce-

2039 3597 2432 3660 leberrimum,
2477 3596 2780 3651 crudeliter
2821 3595 3198 3650 excruciatum
3244 3597 3295 3647 in
3341 3610 3617 3648 carcerem

2038 3688 2292 3757 conjecit.
2325 3689 2425 3754 Qui
2456 3703 2604 3754 cum,
2639 3704 2704 3741 ex
2738 3687 2910 3758 plagis
2941 3687 3050 3740 illis
3083 3696 3379 3750 recreatus,
3417 3686 3614 3739 iterum

2039 3793 2233 3832 manus
2249 3793 2525 3833 sacrarum
2549 3778 2843 3847 imaginum
2867 3778 3094 3846 picturae
3113 3776 3446 3837 admoveret,
3477 3775 3618 3846 igni-

2041 3876 2123 3922 las
2158 3869 2388 3921 laminas
2417 3877 2682 3938 tyrannus
2706 3869 2826 3935 ejus
2853 3868 3107 3922 manibus
3130 3866 3410 3920 admoveri
3428 3866 3616 3936 jussit,

2039 3974 2108 4011 ne
2141 3958 2357 4012 labores
2382 3975 2640 4012 manuum
2669 3960 2790 4028 ejus
2818 3959 2892 4026 pii
2919 3957 3151 4010 adorare
3184 3965 3430 4026 possent.
3467 3957 3546 4011 Ac
3572 3956 3618 4011 is

2040 4049 2262 4118 quidem
2292 4049 2344 4102 id
2373 4050 2703 4118 supplicium
2731 4065 2795 4103 ea
2824 4049 2892 4103 de
2923 4063 3086 4103 causa
3117 4049 3396 4112 toleravit,
3429 4056 3615 4118 tyran-

2041 4156 2145 4194 nus
2192 4151 2374 4194 autem
2431 4157 2526 4210 spe
2574 4157 2672 4195 sua
2721 4141 3021 4194 frustratus
3064 4152 3167 4194 est.
3224 4141 3423 4194 Fertur
3467 4140 3615 4193 enim

2040 4232 2322 4305 confessor
2371 4231 2490 4295 ille,
2533 4240 2657 4300 post
2695 4247 2759 4286 ea
2799 4241 3072 4286 tormenta
3122 4246 3344 4285 carcere
3385 4230 3615 4300 ejectus,

2039 4324 2228 4392 plagas
2257 4322 2439 4376 adhuc
2466 4323 2520 4377 in
2549 4323 2800 4377 manibus
2832 4334 3072 4392 gestans,
3106 4324 3292 4377 divina
3323 4323 3618 4394 adjuvante

2038 4413 2249 4482 gratia,
2302 4413 2646 4467 venerandas
2691 4413 2959 4482 imagines
3008 4413 3359 4483 depinxisse,
3403 4429 3466 4468 ac
3494 4422 3619 4482 post

2039 4504 2256 4574 tyranni
2299 4503 2580 4558 interitum
2608 4544 2622 4568 ,
2661 4503 2966 4559 Servatoris
3008 4505 3300 4573 imaginem
3332 4507 3385 4560 in
3416 4506 3617 4561 Chalce

2039 4596 2304 4667 pinxisse,
2339 4611 2402 4649 ac
2433 4596 2611 4666 qualis
2644 4611 2791 4651 nunc
2818 4596 3088 4661 cernitur,
3125 4599 3453 4659 restituisse.
3487 4614 3611 4651 cum

2040 4687 2193 4754 prius
2237 4687 2414 4758 imago
2447 4688 2558 4758 jam
2607 4688 2737 4742 olim
2778 4703 2934 4742 erasa
2975 4688 3187 4744 fuisset.
3231 4689 3379 4744 Idem
3420 4690 3617 4744 fratres

2041 4776 2431 4848 Theophanem
2476 4788 2533 4834 et
2574 4779 2962 4845 Theodorum,
3005 4793 3298 4848 utrumque
3337 4779 3618 4836 confesso-

2041 4885 2179 4933 rem,
2209 4872 2282 4926 ob
2313 4886 2469 4926 suam
2503 4871 2840 4941 impietatem
2871 4872 3263 4943 pr0phetarum
3296 4871 3534 4926 oraculis
3557 4881 3616 4929 et

2050 4961 2461 5034 Scripturarum
2513 4964 2841 5022 testimoniis
2892 4963 3322 5033 reprehensam,
3374 4964 3613 5033 primum

1541 5125 1743 5188 Variae
1798 5125 2108 5191 lectiones
2136 5133 2198 5188 et
2225 5133 2417 5191 notae.

425 5299 540 5371 (9.4)
572 5300 857 5368 Mor-aldi»
879 5297 1169 5371 Λάζαρον.
1204 5298 1294 5371 De
1315 5313 1426 5368 quo
1455 5297 1776 5371 Anastasius
1799 5297 1944 5371 Bibl.

358 5374 413 5428 in
467 5373 769 5425 Benedicto
823 5371 913 5433 Ill,

2044 5299 2112 5367 ad
2147 5297 2217 5353 ‘23
2247 5299 2494 5367 Feb.qno
2523 5298 2720 5352 festum
2752 5296 2900 5351 illius
2931 5292 3286 5367 aguntGrzeci
3309 5300 3366 5349 et
3400 5292 3606 5367 Latini-

960 5387 1014 5442 p.
1034 5364 1172 5423 ⁷206
1190 5386 1218 5442 __:
1246 5364 1418 5439 Hujus
1446 5370 1789 5442 _temporibus
1841 5367 1950 5442 Mi-
2049 5366 2184 5442 Vide
2207 5364 2607 5442 etiamMenma
2625 5367 2693 5421 ad
2726 5364 3080 5442 l7_Noveinb.
3106 5366 3279 5442 Porro
3307 5365 3482 5442 sancti
3511 5364 3616 5442 lfa-

359 5441 509 5497 chael
543 5442 690 5507 ﬁlius
718 5435 989 5511 Theophili
1020 5442 1148 5506 imp.
1175 5435 1783 5511 (ἐοηδὶαηιίηοροίἱεαηςε
1803 5439 1947 5493 urbis
2044 5440 2457 5511 zari_re|iquias
2485 5438 2538 5491 in
2568 5436 2805 5511 Evandri
2827 5436 3234 5511 _monasterium
3286 5435 3483 5511 relatas
3516 5435 3614 5488 do-

355 5514 728 5580 imperator,ob
753 5508 983 5566 amarem
1006 5511 1526 5580 apostolorummisit
1548 5509 1618 5561 ad
1638 5508 1702 5562 Β.
1728 5509 1941 5562 Petrum

360 5577 654 5650 apostolum
676 5581 873 5635 donum
899 5599 991 5650 per
1018 5577 1236 5633 manum
1268 5577 1462 5631 [λαιανί
1492 5580 1754 5650 monachi,
1784 5588 1830 5632 et
1853 5581 1939 5646 pi—

363 5648 542 5702 c‘oria'
574 5653 706 5703 artis
731 5648 1135 5713 nintie'eruditi,
1169 5665 1354 5720 genere
1378 5665 1520 5720 vero,
1546 5648 1793 5720 Chqzari.
1823 5662 1933 5720 etc.

363 5721 473 5778 Sed
507 5720 573 5775 dc
605 5720 808 5778 Lazaro
849 5723 906 5779 iu
954 5721 1147 5781 primis
1173 5718 1578 5776 consulendus
1635 5718 1934 5775 Bollaudus

2040 5503 2517 5579 eetSynamri-ium
2552 5523 2653 5560 ms.
2715 5507 2775 5579 l7
2826 5507 3091 5579 Novemb.
3118 5507 3384 5579 quo_ejus
3411 5503 3612 5579 festum

2038 5575 2322 5634 celebrant
2349 5577 2523 5633 Graeci
2555 5596 2568 5632 :
2625 5578 2736 5631 Καὶ
2777 5579 2838 5630 τὸ
2859 5577 3040 5644 τίμιον
3095 5577 3261 5629 αὑτοῦ
3292 5575 3449 5644 σῶμα
3483 5577 3600 5632 ἁνα-

2036 5649 2318 5719 κομισθὲν,
2352 5647 2620 5720 κατετέθη
2643 5649 2700 5703 ἐν
2726 5650 2791 5720 τῇ
2827 5650 2964 5720 μονῇ
2993 5647 3089 5702 τοῦ
3112 5646 3406 5717 Εὐάνδρου.
