3994 6246
390 262 526 336 1307

385 463 583 528 abfuit,
614 463 747 533 quin
776 474 833 518 et
853 464 1155 532 imperator
1180 463 1249 517 ab
1272 462 1524 517 hostibus
1546 465 1956 519 circumventus

388 554 637 625 captivus
681 555 1072 611 adduceretur.
1122 554 1241 620 Quo
1285 554 1501 610 Manuel
1550 557 1792 627 cognito,
1841 556 1956 613 suis

389 644 723 710 inclamatis,
774 644 829 696 in
861 643 1310 706 confertissimos
1342 645 1526 700 hostes
1572 646 1823 702 invectus
1856 648 1959 702 im-

391 745 702 805 peratorem
762 749 822 790 se
875 735 1031 804 sequi
1086 736 1302 805 jubet:
1368 737 1549 792 stabat
1608 740 1755 792 enim
1808 749 1954 793 metu

385 828 672 891 attonitus,
734 824 830 880 sed
896 826 963 880 ad
1022 826 1308 880 velandam
1360 827 1520 898 149
1565 828 1834 898 ignaviam
1898 845 1957 884 se

388 920 582 975 relicto
620 918 865 972 exercitu
915 919 1059 971 nolle
1088 918 1278 988 fugere
1315 918 1557 973 dieebat.
1593 919 1728 974 Cum
1771 930 1956 975 autem

388 1025 531 1079 szepe
554 1010 818 1075 monitus,
847 1021 906 1064 ut
929 1027 1106 1080 pugna
1138 1013 1450 1076 excederet,
1476 1012 1671 1065 timore
1703 1022 1956 1081 tanquam

387 1100 752 1169 compedibus
790 1102 1009 1156 vinctus
1062 1112 1254 1166 staret,
1290 1102 1503 1156 Mauucl
1555 1103 1746 1155 stricto
1775 1117 1908 1157 ense
1942 1120 1957 1157 :

387 1175 502 1244 Nisi
531 1207 627 1255 me,
660 1192 858 1261 inquit,
898 1201 1104 1246 secutus
1135 1195 1320 1263 (ueris,
1356 1202 1403 1246 te
1426 1194 1699 1262 perimam.
1732 1193 1961 1248 Praestat

395 1284 533 1336 enim
580 1290 630 1336 te
678 1287 832 1350 mori,
868 1302 1029 1356 quam
1076 1285 1141 1339 ab
1185 1287 1412 1339 hostibus
1435 1295 1667 1355 captant,
1711 1284 1962 1341 Romana:

387 1374 686 1443 reipublicw
724 1383 932 1429 tantum
964 1378 1266 1445 imprimere
1311 1377 1551 1431 dedecus.
1584 1377 1658 1431 lis
1697 1376 1962 1432 Manuelis

370 1466 556 1521 ~minis
582 1482 724 1535 agre
758 1466 938 1522 soluto
973 1475 1152 1522 metus
1178 1478 1422 1537 stupore,
1452 1485 1689 1538 cumque
1714 1479 1959 1535 secutus,

387 1559 604 1612 evasit:
640 1573 747 1627 qua
778 1558 846 1612 de
885 1573 1049 1612 causa
1079 1557 1258 1612 virum
1283 1569 1617 1614 servatorem
1645 1560 1959 1630 appellavit,

392 1649 769 1719 muniﬁceque
821 1660 1210 1704 remuneratus
1253 1658 1358 1705 est.
1408 1651 1610 1705 Verum
1639 1667 1747 1705 non
1789 1653 1962 1707 multo

391 1740 899 1809 post,‘invid0rum
946 1741 1147 1811 lingua:
1194 1741 1315 1811 ejus
1367 1742 1612 1796 animum
1658 1742 1712 1796 in
1748 1754 1985 1812 contra-,

393 1829 534 1884 rium
568 1840 878 1896 verterunt,
920 1847 1099 1901 eoque
1143 1833 1475 1903 redegerunt
1523 1834 1765 1889 affectati
1809 1834 1963 1905 regni

390 1921 708 1987 calumniis,
760 1932 825 1978 ut
869 1924 1174 1980 Manuelem
1217 1940 1494 1980 excaecare
1540 1926 1594 1980 in
1647 1928 1831 1981 animo
1871 1928 1967 1982 ha-

392 2013 568 2068 beret.
622 2013 742 2081 Quo
794 2014 883 2070 ille
939 2018 1159 2086 cognito
1209 2016 1265 2072 in
1332 2016 1644 2085 Agarenum
1706 2020 1966 2073 viciniam

394 2105 633 2175 aufugit,
667 2121 973 2176 eorumque
1008 2108 1134 2163 duci
1186 2108 1483 2180 signiﬁcat,
1510 2112 1636 2181 quis
1666 2110 1778 2168 sit:
1819 2111 1967 2182 quod

393 2196 438 2251 si
471 2195 607 2251 ﬁdes
640 2195 744 2254 sibi
775 2197 959 2266 dctur,
997 2214 1108 2253 non
1151 2211 1407 2255 coactum
1444 2201 1512 2256 iri
1545 2216 1606 2257 se
1641 2202 1967 2272 religionem

392 2289 634 2358 eiurare,
660 2305 718 2345 se
748 2291 817 2346 ad
854 2291 1034 2362 ipsum
1078 2291 1448 2349 defecturum.
1481 2293 1582 2348 Ille
1615 2297 1798 2350 statim
1840 2296 1969 2351 data

397 2381 504 2436 ﬁde
526 2382 683 2436 laetus
704 2398 828 2437 eum
858 2384 1110 2454 suscipit,
1133 2385 1348 2440 Mauuel
1370 2385 1499 2440 dum
1529 2386 1605 2441 ibi
1631 2396 1967 2451 versaretur,

402 2472 731 2540 praepositus
765 2475 1053 2540 exercitui,
1081 2491 1224 2546 saepe
1254 2492 1368 2535 rem
1397 2478 1539 2534 bene
1579 2479 1746 2548 gessit
1780 2489 1971 2536 contra

394 2560 611 2627 Persas,
668 2579 1006 2635 magnosque
1058 2566 1371 2637 triumphos
1414 2569 1668 2641 adeptus,
1702 2570 1971 2641 Agarenis

391 2662 451 2709 et
488 2654 691 2710 charus
739 2664 797 2711 et
837 2657 1195 2714 admirationi
1232 2660 1359 2716 fuit.
1402 2660 1748 2731 Theophilus
1781 2672 1966 2718 autem

395 2745 662 2802 Manuelis
712 2748 892 2819 fugam
939 2766 1082 2818 aagre
1132 2751 1335 2819 ferens,
1392 2753 1462 2811 de
1511 2770 1579 2811 eo
1649 2756 1968 2812 revocando

395 2839 692 2908 cogitabat.
738 2838 946 2897 Scribit
991 2843 1162 2915 igitur
1191 2845 1261 2901 ad
1310 2862 1437 2902 eum
1485 2846 1723 2913 litteras,
1771 2849 1971 2918 quibus

392 2931 757 3002 jurejurando
789 2933 952 2990 ﬁdem
1008 2952 1163 2992 suam
1216 2938 1271 2994 ei
1323 2938 1725 3010 obstringebat,
1766 2956 1970 3012 easque

395 3035 567 3113 aureo
592 3022 769 3094 sigillo
788 3024 1170 3113 conﬁrmatas,
1200 3042 1298 3099 per
1317 3030 1649 3086 monachum
1677 3032 1968 3102 quemdam
2002 3052 2047 3113 ο

398 3109 465 3164 ad
491 3126 619 3165 eum
659 3112 847 3177 mittit,
884 3115 1111 3170 hortans
1146 3124 1206 3170 ut
1253 3118 1460 3173 redeat.
1512 3117 1608 3175 Ille
1662 3119 1822 3186 redit,
1874 3121 1972 3176 sed

400 3218 509 3271 qua
540 3205 775 3270 ratione,
829 3207 881 3261 id
929 3223 1062 3263 vero
1112 3208 1322 3265 referre
1352 3220 1439 3265 est
1471 3226 1653 3279 opera:
1703 3214 1970 3282 pretium,

401 3293 567 3348 habet
607 3297 752 3350 enim
791 3298 1189 3367 expositionem
1239 3316 1348 3356 non
1398 3301 1779 3372 iniucundam.
1829 3306 1975 3359 Con-

400 3401 622 3455 gressus
670 3404 796 3442 rum
851 3391 1141 3457 monacho,
1185 3394 1280 3463 qui
1332 3393 1495 3449 ﬁdem
1529 3396 1598 3450 ab
1636 3399 1972 3466 imperatore

400 3477 686 3546 afferebat,
706 3495 875 3551 seque
889 3498 1238 3539 reversurum
1258 3486 1560 3555 pollicitus,
1580 3480 1974 3543 lsmatﬁitarum

401 3568 706 3638 principem
757 3572 894 3638 adit,
949 3583 1143 3643 petens
1195 3578 1501 3631 exercitum
1561 3579 1667 3634 sibi
1721 3580 1865 3644 dari,
1917 3589 1977 3634 ut

399 3659 680 3729 profectus
749 3663 802 3716 in
863 3663 1284 3734 Cappadociam,
1344 3669 1622 3726 delatores
1691 3687 1821 3725 suos
1876 3673 1975 3742 (ibi

401 3752 549 3805 enim
574 3768 669 3807 eos
697 3752 970 3825 habitare)
1005 3757 1387 3823 ulcisceretur,
1422 3762 1649 3831 ejusque
1676 3762 1846 3816 ﬁlium
1871 3778 1977 3817 una

405 3841 572 3907 mitti,
632 3854 694 3899 ut
743 3844 799 3899 in
860 3862 920 3901 re
988 3848 1214 3903 militari
1269 3861 1647 3908 exerceretur.
1714 3853 1980 3926 Princeps

405 3933 640 3990 Manueli
673 3952 880 3994 morem
910 3941 1075 4010 gerit,
1122 3951 1179 3998 et
1227 3944 1356 4013 quia
1403 3944 1566 4000 ﬁdem
1618 3947 1671 4002 ei
1720 3948 1978 4015 habebat,

406 4040 567 4080 suum
596 4027 768 4083 ﬁlium
803 4046 911 4085 una
944 4032 1156 4088 mittit:
1196 4035 1266 4091 ita
1297 4036 1536 4091 discedit
1564 4038 1800 4105 Manuel,
1827 4057 1982 4096 cum-

404 4133 512 4186 que
543 4134 712 4190 prope
739 4120 870 4177 ﬁnes
909 4123 1179 4180 Roumnos
1214 4136 1436 4181 ventum
1470 4136 1643 4193 esset,
1680 4144 1742 4185 as
1758 4140 1980 4201 sumpto

411 4211 684 4282 principis
727 4213 964 4285 Agareni
1000 4216 1112 4271 ﬁlio
1147 4230 1271 4273 cum
1308 4221 1502 4289 paucis
1552 4219 1891 4284 Sarracenis,
1922 4241 1980 4280 se

405 4313 665 4358 venatum
688 4304 767 4361 ire
788 4307 1031 4375 simulat,
1061 4311 1251 4365 multis
1276 4312 1544 4370 ministris
1562 4315 1978 4378 comitantibus,

1628 261 1947 326 JOANNIS
1976 261 2294 324 ZONARE
2326 269 2332 275 '

387 369 655 426 Romanis
713 384 909 440 parum
965 368 1285 439 auspicatus
1346 368 1469 425 fuit.
1542 371 1742 439 Parum
1806 373 1956 428 enim

2076 372 2315 441 ἱέμενος,
2367 371 2463 425 καὶ
2522 386 2647 424 συνε
2656 371 2933 441 μαχέσαιτο

3190 320 3196 327 .
3486 262 3626 329 1403

2984 368 3063 440 τῷ
3106 371 3238 438 ’Λγα
3246 371 3395 442 ρηνῷ
3443 373 3631 445 δόρατι

2061 463 2325 532 ἀσιδήρῳ,
2371 464 2469 517 καὶ
2512 461 2609 515 τοῦ
2651 463 2821 516 ἵππου
2875 462 3164 516 κατέϐαλε.
3211 462 3381 518 Πάλιν
3415 461 3511 518 οὖν
3549 463 3633 535 τῷ

2063 555 2279 627 βασιλεῖ
2308 555 2573 624 στρατεία
2618 554 2758 609 κατὰ
2795 556 2904 608 τῶν
2947 555 3297 626 Ἀγαρηνῶν,
3332 556 3431 609 καὶ
3464 555 3634 609 πάλιν

2063 648 2229 718 μάχη,
2264 650 2360 702 καὶ
2407 647 2465 701 τὸ
2497 648 2594 716 τῆς
2628 646 2809 718 μάχης
2841 646 2997 709 τέλος
3037 648 3151 710 τοῖς
3196 644 3496 715 Ῥωμαίοις
3529 645 3641 699 οὐκ

2060 739 2285 804 ἀγαθόν.
2327 736 2545 803 Μικρνιῢ
2606 737 2717 804 γὰρ
2764 735 3011 806 ἀπήχθηκ
3054 735 3124 789 ἂν
3172 737 3268 789 καὶ
3305 736 3335 788 ὀ
3376 733 3636 804 βασιλεὺς

2060 830 2400 898 δορυάλωτος
2446 828 2552 883 ὑπὸ
2586 828 2694 883 τῶν
2750 827 3118 897 Ἰσμαηλιτῶν
3168 826 3499 889 κυκλωθείς.
3545 824 3637 885 Ὠς

2060 920 2106 973 δ’
2137 920 2280 986 ἔγνω
2307 920 2468 973 τοῦτο
2505 919 2533 971 ὁ
2564 918 2844 986 Μανουὴλ,
2881 918 3300 987 ἐμϐοησὰμενος
3337 918 3468 978 τοὺς
3504 917 3639 983 περὶ

2067 1012 2251 1074 αὐτὸν,
2305 1012 2387 1072 είς
2443 1011 2608 1080 μέσον
2659 998 2961 1063 εἰσελαύνει
3009 1008 3121 1062 τῶν
3174 1008 3476 1076 πολεμίων,
3538 1007 3641 1058 καὶ

2061 1103 2140 1173 τῷ
2181 1102 2410 1168 βασιλεῖ,
2446 1104 2632 1171 φησὶν,
2676 1098 2985 1153 Ἀκολούθει
3017 1116 3109 1169 μοι
3138 1114 3154 1131 ·
3189 1097 3378 1151 ἵστατο
3419 1095 3531 1165 γὰρ
3572 1097 3640 1148 ἐκ

2062 1195 2267 1258 δειλίας
2299 1181 2664 1261 ἀπεγνωκώς.
2699 1193 2763 1246 Ὃ
2794 1192 2850 1246 δὲ
2881 1191 2980 1261 τὴν
3025 1189 3229 1243 δειλίαν
3267 1187 3639 1258 ὲπιχρωννὺς.

2066 1288 2143 1359 μὴ
2195 1287 2482 1356 βούλεσθαι
2527 1287 2722 1354 φυγεῖν
2768 1285 2915 1353 ἔφη,
2964 1279 3283 1337 καταλιπὼν
3346 1279 3440 1332 τὸν
3485 1277 3639 1330 λαόν.

2075 1376 2319 1444 Ἐπειδὲ
2352 1376 2613 1437 πολλάκις
2654 1375 2896 1441 ἐξελθεῖν
2929 1375 3027 1443 τῆς
3066 1373 3246 1443 μάχης
3280 1368 3644 1440 παρακαλού-

2067 1490 2249 1543 μενος,
2307 1472 2498 1539 ῶσπερ
2547 1469 2926 1539 πεπεδημένος
2977 1469 3041 1537 τῇ
3088 1466 3272 1536 πτοία,
3314 1463 3560 1532 εἱστήκει
3613 1461 3645 1510 ό

2065 1560 2323 1634 Μανουὴλ
2360 1561 2420 1613 τὸ
2460 1560 2611 1626 ξίφος
2644 1556 3014 1625 σπασάμενος,
3055 1555 3124 1608 El
3170 1553 3257 1622 μὴ
3305 1549 3476 1603 ἓποιό
3506 1566 3637 1615 μοι,

2068 1655 2257 1724 φησὶν,
2289 1653 2507 1707 αὐτίκα
2552 1666 2625 1704 σε
2676 1647 2910 1704 ἀνελῶο
2944 1645 3237 1713 κρεῖσσον
3290 1643 3402 1713 γάρ
3437 1658 3511 1696 σε
3541 1645 3646 1695 θα-

2068 1745 2218 1807 νεῖν,
2239 1746 2276 1813 ἢ
2306 1743 2613 1813 ληφθῆναι
2642 1741 2766 1806 τοῖς
2786 1741 3087 1805 ἐναντίοις
3110 1735 3513 1806 αἰχμάλωτον,
3543 1732 3647 1784 καὶ

2072 1837 2346 1893 τοιοῦτον
2404 1832 2624 1902 αἶσχος
2674 1832 2748 1901 τῇ
2800 1833 3072 1897 nolite}:
3133 1827 3437 1897 Ῥωμαίων
3480 1839 3646 1890 περι-

2071 1930 2466 1997 ποιήσασθαι.
2504 1926 2741 1989 Ταύταις
2770 1919 2864 1979 οὖν
2898 1924 3022 1986 ταῖς
3061 1921 3156 1976 τοῦ
3188 1918 3450 1987 Μανουὴλ
3480 1918 3647 1970 ἁπειο

2072 2024 2192 2086 λαῖς
2259 2022 2416 2093 μόλις
2466 2022 2565 2090 τῆς
2613 2020 2679 2072 ὲκ
2720 2015 2817 2071 τοῦ
2860 2016 3029 2085 φόϐου
3069 2014 3279 2085 νάρκης
3305 2009 3515 2075 λυθεὶς,
3551 2009 3648 2061 καὶ

2074 2112 2449 2182 ἀκολουθήσας
2485 2110 2656 2181 αὐτῷ,
2686 2108 2922 2179 διεσώθη
2945 2124 2960 2141 ·
3003 2107 3129 2161 ὅθεν
3166 2104 3263 2160 καὶ
3297 2103 3525 2171 σωτῆρα
3554 2100 3649 2152 τὸν

2074 2204 2245 2275 ἄνδρα
2268 2201 2474 2267 ἐκάλει,
2500 2200 2596 2254 καί
2627 2201 2677 2253 oi
2697 2199 2766 2252 τὰ
2790 2197 3013 2268 σῶστρα
3039 2193 3277 2264 δαψιλῶς
3298 2192 3645 2246 ἀπετίννυεν.

2076 2297 2192 2349 Οὐκ
2223 2297 2304 2359 είς
2342 2295 2562 2364 μακρὰν
2604 2292 2661 2345 δὲ
2695 2292 2752 2345 ai
2780 2291 2890 2345 τῶν
2923 2288 3216 2360 βασκάνων
3257 2284 3504 2353 γλῶσσαι
3544 2281 3646 2352 τὴν

2076 2386 2305 2458 γνώμην
2335 2384 2429 2439 τοῦ
2477 2384 2748 2455 βασιλέως
2802 2383 2950 2436 κατὰ
2980 2377 3370 2463 τοῦοΜανουὴλ
3402 2377 3484 2439 είς
3514 2375 3647 2429 τοὺ-

2078 2477 2294 2530 ναντίον
2344 2473 2669 2545 ἐτρέψαντο.
2706 2470 2968 2524 Διέϐαλον
2999 2470 3108 2540 γὰρ
3149 2467 3312 2524 αὐτὸν
3337 2465 3415 2528 ὡς
3443 2480 3645 2532 τυραν-

2077 2566 2181 2619 νίδι
2210 2565 2620 2636 ἐπιχειροῦντα,
2638 2560 2734 2614 καὶ
2762 2561 2860 2632 ἤδη
2891 2562 3014 2623 ταῖς
3042 2557 3321 2620 διαϐολαῖς
3352 2555 3648 2608 ἐπέπειστο

2077 2660 2104 2712 ὁ
2140 2655 2419 2724 θεόφιλος,
2470 2654 2563 2707 καὶ
2610 2652 2704 2706 τὸν
2756 2651 3017 2721 Μανόυὴλ
3067 2649 3419 2719 ἐκτυφλῶσαι
3469 2647 3649 2699 διανε-

2078 2752 2258 2821 νόητο.
2298 2748 2466 2809 Γνοὺς
2520 2745 2564 2799 δ’
2613 2746 2820 2805 ἐκεῖνος
2866 2743 2930 2796 τὸ
2978 2741 3378 2813 μελετώμενον,
3409 2738 3647 2807 ἀπέδρα,

2079 2843 2179 2907 καῖ
2215 2840 2389 2912 ἀγχοῦ
2443 2856 2547 2893 που
2596 2838 2891 2908 γενόμενος
2942 2836 3054 2897 τοῖς
3106 2833 3454 2904 ’Ᾱγαρηνοῖς,
3494 2828 3650 2896 δηλοῖ

2077 2934 2156 3005 τῷ
2194 2931 2373 2985 αὐτῶν
2422 2928 2653 3000 ἀρχηγῷ
2689 2928 2839 2989 ὅστις
2904 2926 3042 2986 ἐστὶ,
3077 2924 3172 2977 καὶ
3212 2923 3288 2985 ὠς
3336 2922 3385 2974 εί
3413 2919 3649 2990 λήψεται

2078 3028 2312 3092 πίστεις,
2351 3025 2427 3097 μὴ
2462 3023 2746 3095 βιασθῆναι
2794 3021 2893 3090 τὴν
2920 3020 3126 3073 οίκείαν
3173 3016 3476 3089 θρησκείαν
3557 3014 3647 3079 ὲξ-

2075 3118 2401 3190 ομόσασθαι,
2429 3111 2856 3184 προσελεύσεταί
2887 3113 2957 3164 οί.
3010 3110 3071 3167 ’0
3101 3109 3158 3163 δὲ
3188 3109 3391 3163 αὐτίκα.
3432 3108 3648 3169 πίστεις

2075 3228 2134 3264 τε
2156 3210 2365 3272 δίδωσι,
2392 3206 2492 3260 καὶ
2534 3204 2859 3276 περιχαρῶς
2890 3204 3054 3258 αὐτὸν
3083 3202 3437 3271 ὑποδέχεται.
3468 3199 3580 3252 Καὶ
3620 3201 3649 3251 ό

2075 3299 2333 3369 Μανουὴλ
2360 3299 2542 3351 ἐκεῖσε
2573 3297 2895 3366 γενόμενος,
2932 3295 3028 3349 καὶ
3072 3296 3393 3364 στράτευμα
3418 3306 3647 3342 πιστευ-

2078 3390 2215 3455 θεὶς,
2263 3376 2465 3451 πολλὰς
2520 3388 2805 3459 ἀριστείας
2862 3385 3005 3440 κατὰ
3054 3384 3282 3453 Περσῶν
3333 3382 3648 3452 εἰργάσατο,

2077 3478 2173 3531 καὶ
2207 3476 2422 3546 μεγάλα
2443 3475 2686 3547 τρόπαια
2725 3474 2947 3544 ἔστησε,
2973 3476 3068 3526 καὶ
3092 3473 3333 3542 ἐφιλεῖτο
3363 3472 3515 3539 παρᾶ
3543 3469 3651 3522 τῶν

2078 3568 2181 3637 τῆς
2213 3568 2394 3638 Ἅγαρ
2455 3568 2550 3621 καὶ
2600 3566 2965 3636 ἐθαυμάζετο.
3011 3567 3070 3619 '0
3128 3565 3186 3617 δὲ
3248 3562 3512 3632 Θεόφιλος
3559 3564 3651 3615 καὶ

2080 3661 2337 3713 ἐλυπεῖτο
2384 3660 2475 3714 διὰ
2511 3659 2603 3713 τὸν
2641 3659 2926 3730 Μανουὴλ,
2974 3661 3072 3714 καὶ
3126 3658 3449 3728 ἐφρόντιζεν
3501 3672 3650 3713 οπως

2081 3753 2247 3809 αὐτὸν
2275 3751 2489 3807 ἐκεῖθεν
2520 3753 2986 3823 μετακαλέσηται.
3013 3753 3234 3814 Πίστεις
3266 3746 3361 3804 οὖν
3388 3751 3539 3818 αὐτῷ
3559 3751 3650 3803 καὶ

2079 3846 2148 3902 δι’
2183 3845 2348 3917 ὅρκου
2385 3846 2480 3898 καὶ
2531 3842 2603 3896 δι’
2658 3846 2941 3915 ἐγγράφου
2998 3843 3451 3914 χρυσοσημάντου
3515 3842 3651 3911 μετά

2079 3956 2233 4001 τινος
2293 3938 2535 4010 μοναχοῦ
2590 3938 2830 4002 στείλας,
2873 3935 3191 3990 ἐπανελθεῖν
3250 3936 3645 4005 προετρέπετο.

2084 4036 2196 4090 Καὶ
2228 4035 2290 4100 ὃς
2333 4034 2630 4103 ἐπανῆλθε,
2653 4035 2714 4087 τὸ
2746 4033 2791 4088 δ’
2829 4035 2996 4094 ὅπως,
3043 4032 3354 4102 διηητέον,
3393 4030 3509 4083 ἔστι
3547 4029 3652 4098 γὰρ

2082 4130 2186 4182 οὐκ
2219 4128 2386 4195 ἄχαρι
2413 4126 2551 4196 πρὸς
2589 4126 2867 4197 διήγησιν.
2905 4123 3176 4194 Ἐντυχὼν
3198 4123 3275 4192 τῷ
3305 4125 3406 4186 τὰς
3442 4122 3653 4183 πίστεις

2083 4222 2148 4273 ὲκ
2180 4218 2447 4290 βασιλέως
2474 4216 2624 4289 αὐτῷ
2649 4216 2930 4285 κομίζοντι
2960 4217 3204 4285 μοναχῴ,
3243 4217 3340 4268 καὶ
3391 4211 3651 4278 συνθέμε-

2083 4327 2172 4371 νος
2232 4310 2593 4380 ὑποστρέψαι,
2656 4311 2909 4379 πρόσεισι
2969 4309 3047 4378 τῷ
3106 4310 3217 4360 τῶν
3293 4305 3653 4375 ’ῐσμαηλιτιὶν

411 4408 650 4463 cumque
692 4397 804 4465 jam
862 4398 920 4453 in
974 4399 1218 4456 Romana
1293 4405 1578 4471 provincia
1638 4415 1973 4469 versaretur,

2084 4401 2335 4472 ἁρχηγῷ,
2386 4401 2480 4454 καὶ
2518 4401 2754 4453 αἰτεῖται
2815 4398 3131 4469 στράτευμά
3184 4398 3235 4450 οἱ
3289 4395 3535 4465 δοθῆναι.
3568 4395 3651 4447 ῖνα

413 4483 822 4540 adolescentem
859 4490 1189 4557 amplexus:
1238 4493 1310 4548 Tu
1344 4496 1574 4565 quidem,
1627 4496 1830 4567 inquit,
1871 4498 1977 4563 ﬁli,

411 4576 483 4628 ad
525 4586 619 4630 tua
655 4586 915 4632 revertere
943 4595 962 4634 :
989 4597 1081 4651 ego
1110 4600 1231 4637 vero
1259 4587 1329 4640 ad
1354 4585 1620 4643 Romanos
1654 4584 1979 4660 proﬁciscor.

406 4667 948 4740 Constantinopolim
983 4689 1262 4740 reversus,
1298 4694 1488 4749 magna
1519 4695 1643 4735 cum
1675 4681 1864 4736 la'titia
1898 4691 1982 4737 est

408 4772 671 4829 exceptus
692 4763 762 4819 ab
784 4766 1147 4834 imperatore,
1179 4771 1474 4839 statimque
1504 4772 1746 4841 magistri
1775 4774 1983 4830 honore

409 4863 664 4918 ornatus,
726 4856 885 4927 150
944 4858 1296 4930 imperatoris
1357 4861 1528 4917 lilium
1591 4863 1909 4921 Michaelem
1953 4883 1985 4922 e

413 4958 576 5009 sacro
611 4944 944 5016 baptismate
978 4952 1245 5022 suscepit,
1275 4967 1438 5022 quem
1476 4962 1635 5022 pater
1674 4953 1985 5012 diademate

412 5037 607 5104 cinxit,
658 5049 716 5095 et
769 5041 1146 5098 Romanorum
1208 5044 1597 5114 imperatorem
1661 5044 1982 5102 declaravit.

414 5129 656 5187 Antonio
680 5135 993 5204 patriarcha
1013 5146 1253 5204 mortuo,
1277 5152 1401 5192 cum
1424 5154 1519 5193 xm
1540 5153 1713 5195 annos
1729 5138 1987 5196 Ecclesiae

418 5223 747 5289 praefuisset,
802 5226 1064 5293 Joannes,
1122 5244 1287 5299 quem
1329 5245 1494 5301 supra
1531 5230 1770 5286 diximus
1802 5232 1986 5287 Theo-

418 5316 554 5385 phili
590 5326 981 5387 praeceptorem
1009 5328 1064 5374 et
1085 5320 1500 5392 suffragatorem
1533 5322 1722 5389 fuisse,
1750 5329 1987 5394 patriar-

420 5405 526 5460 cha
564 5406 904 5477 designatur,
940 5426 1103 5481 quem
1150 5422 1206 5468 et
1254 5413 1485 5470 Jannem
1545 5416 1840 5486 vocabant,
1872 5428 1987 5475 tum

417 5497 494 5551 ob
553 5497 805 5568 hmrcsin,
872 5513 985 5560 tum
1046 5516 1270 5575 propter
1320 5507 1618 5579 praestigias
1677 5510 1732 5565 in
1787 5513 2004 5582 quibns‘

426 5596 682 5645 versatus
705 5603 841 5647 erat.
880 5593 1301 5650 Sanctissimum
1334 5613 1464 5652 vero
1495 5592 1857 5670 Methodium,
1894 5605 1988 5675 qui

427 5676 633 5734 deinde
682 5683 1104 5747 patriarchicam
1171 5685 1390 5740 ornavit
1443 5688 1649 5757 sedem,
1717 5709 1990 5760 perversae

2084 4494 2230 4546 κατὰ
2306 4492 2409 4562 τὴν
2473 4492 2878 4546 Καππαδοκίαν
2950 4492 3269 4561 γενόμενος,
3325 4488 3651 4556 ἁνταποδοίη

2083 4586 2198 4648 τοῖς
2232 4586 2313 4646 εἰς
2342 4584 2433 4636 τὸν
2464 4583 2694 4654 βασιλέα
2742 4578 3098 4638 κατειποῦσιν
3149 4583 3315 4637 αὐτοῦ
3362 4585 3505 4645 (ἐκεῖ
3549 4584 3654 4651 γὰρ

2085 4675 2272 4743 ἔλεγεν
2306 4677 2474 4729 οίκεῖν
2516 4675 2642 4736 τοὺς
2681 4675 3024 4745 κατηγόρους
3059 4673 3271 4744 αὑτοῦ),
3299 4673 3453 4746 ἠξίου
3480 4672 3539 4727 δὲ
3564 4673 3654 4726 τὸν

2086 4768 2331 4838 ἀρχηγὸν
2362 4767 2470 4821 τῶν
2511 4766 2831 4838 Ἀγαρηνῶν
2865 4767 2963 4822 καὶ
2992 4767 3088 4822 τὸν
3112 4767 3225 4823 υίὸν
3267 4765 3436 4821 αὐτοῦ
3464 4782 3652 4819 συνεκ·

2085 4860 2302 4932 πέμψαι
2360 4857 2533 4930 αὐτῷ,
2572 4860 2660 4913 ῑνα
2711 4877 2795 4914 σοι
2859 4860 3076 4923 τοῦτον,
3131 4860 3330 4929 λέγων,
3392 4860 3653 4930 γυμνὰσω

2085 4954 2227 5026 πρὸς
2270 4951 2340 5007 τὰ
2368 4952 2626 5024 πολέμια.
2681 4951 2741 5006 Ὀ
2789 4952 2846 5005 δὲ
2881 4952 3153 5018 πείθεται,
3191 4952 3285 5004 καὶ
3319 4951 3413 5004 τὸν
3459 4952 3653 5003 οἰκεῖον

2089 5045 2239 5118 αὐτῷ
2272 5044 2658 5119 συνεκπέμπει
2694 5045 2809 5098 υἱόν
2832 5060 2844 5075 ’
2887 5045 3113 5116 ὲθάρῤει
3155 5043 3263 5113 γὰρ
3296 5042 3377 5111 τῷ
3404 5041 3655 5111 Maroni-,3.

2087 5138 2186 5191 καὶ
2216 5138 2529 5192 ἐπίστευσε.
2568 5137 2836 5199 Κάκεῖνος
2868 5136 3060 5207 ἀπῄει,
3096 5137 3190 5188 καὶ
3234 5135 3336 5206 ἠδη
3371 5140 3486 5198 τοῖς
3523 5134 3652 5187 Ῥω-

2093 5230 2313 5299 μαϊκοῖς
2370 5227 2599 5298 ἐγγίσας
2655 5227 2851 5300 ὁρίοις,
2888 5227 2980 5280 τὸν
3020 5225 3114 5278 τοῦ
3162 5226 3424 5296 ἄρχοντος
3468 5224 3561 5278 τοῦ
3595 5228 3655 5277 ὲκ

2091 5325 2190 5391 τῆς
2224 5322 2406 5392 Ἀγαρ
2460 5321 2578 5375 υίὸν
2628 5319 3081 5390 συμπαραλαϐὼν
3134 5318 3255 5390 μετ’
3297 5318 3497 5387 ὀλίγων
3555 5319 3655 5371 Σ]-

2094 5413 2376 5485 ρακηνῶν,
2425 5411 2572 5484 ἐξῄει
2621 5411 2785 5484 δῆθεν
2840 5413 2981 5482 πρὸς
3030 5406 3382 5481 κυνηγέσιον,
3447 5410 3655 5463 πολλῶν

2091 5507 2243 5577 αὐτῷ
2299 5506 2649 5574 θεραπόντων
2729 5505 3137 5573 συνεπομένων.
3206 5503 3295 5565 Ὠς
3352 5502 3445 5555 οὖν
3511 5500 3656 5561 ἐντὸς

2092 5601 2273 5672 χώρας
2310 5601 2609 5669 Ῥωμαίων
2652 5599 2892 5667 ἐγένετο,
2925 5599 3003 5669 τῷ
3044 5597 3145 5669 υίῷ
3177 5596 3272 5651 τοῦ
3317 5596 3653 5665 Ἰσμαηλίττου

2097 5693 2480 5764 περιπλακεὶς.
2540 5693 2622 5748 Σὺ
2667 5693 2803 5760 μὲν,
2853 5682 2985 5762 ἔφη,
3039 5691 3270 5758 τέκνον,
3321 5691 3657 5754 ὐπόινηδῖε
