  <div class='ocr_page' id='page_1' title='image "/cluster/home/n/w/nwhite01/storage/ocr_20150623/134/mdp.39015032023197/712.png"; bbox 0 0 3994 6246; ppageno 0'>
   <div class='ocr_carea' id='block_1_1' title="bbox 330 291 464 354">
    <p class='ocr_par' dir='ltr' id='par_1_1' title="bbox 330 291 464 354">
     <span class='ocr_line' id='line_1_1' title="bbox 330 291 464 354; baseline 0.015 -2"><span class='ocrx_word' id='word_1_1' title='bbox 330 291 464 354; x_wconf 70' lang='grc'>1409</span> 
     </span>
    </p>
   </div>
   <div class='ocr_carea' id='block_1_2' title="bbox 1577 283 2334 348">
    <p class='ocr_par' dir='ltr' id='par_1_2' title="bbox 1577 283 2334 348">
     <span class='ocr_line' id='line_1_2' title="bbox 1577 283 2334 348; baseline -0.005 0"><span class='ocrx_word' id='word_1_2' title='bbox 1577 284 1982 348; x_wconf 78' lang='lat' dir='ltr'>ANNALIUM</span> <span class='ocrx_word' id='word_1_3' title='bbox 2024 283 2172 345; x_wconf 83' lang='lat' dir='ltr'><strong>LIB.</strong></span> <span class='ocrx_word' id='word_1_4' title='bbox 2211 283 2334 345; x_wconf 86' lang='lat' dir='ltr'>XV.</span> 
     </span>
    </p>
   </div>
   <div class='ocr_carea' id='block_1_3' title="bbox 3425 283 3564 347">
    <p class='ocr_par' dir='ltr' id='par_1_3' title="bbox 3425 283 3564 347">
     <span class='ocr_line' id='line_1_3' title="bbox 3425 283 3564 347; baseline 0.014 -2"><span class='ocrx_word' id='word_1_5' title='bbox 3425 283 3564 347; x_wconf 81' lang='grc'>1410</span> 
     </span>
    </p>
   </div>
   <div class='ocr_carea' id='block_1_4' title="bbox 324 397 1879 476">
    <p class='ocr_par' dir='ltr' id='par_1_4' title="bbox 324 402 1879 476">
     <span class='ocr_line' id='line_1_4' title="bbox 324 402 1879 476; baseline -0.005 -13"><span class='ocrx_word' id='word_1_6' title='bbox 324 410 472 475; x_wconf 72' lang='grc' dir='ltr'>πρὸς</span> <span class='ocrx_word' id='word_1_7' title='bbox 501 407 573 462; x_wconf 80' lang='grc' dir='ltr'>τὰ</span> <span class='ocrx_word' id='word_1_8' title='bbox 600 407 702 472; x_wconf 82' lang='grc' dir='ltr'>σὰ,</span> <span class='ocrx_word' id='word_1_9' title='bbox 720 406 834 476; x_wconf 76' lang='grc' dir='ltr'>ἐγὼ</span> <span class='ocrx_word' id='word_1_10' title='bbox 866 403 934 458; x_wconf 84' lang='grc' dir='ltr'>δὲ</span> <span class='ocrx_word' id='word_1_11' title='bbox 957 405 1106 470; x_wconf 85' lang='grc' dir='ltr'>πρὸς</span> <span class='ocrx_word' id='word_1_12' title='bbox 1140 403 1461 472; x_wconf 77' lang='grc' dir='ltr'>Ῥωμαίους</span> <span class='ocrx_word' id='word_1_13' title='bbox 1493 402 1879 470; x_wconf 78' lang='grc' dir='ltr'>πορεύσομαι.</span> 
     </span>
    </p>
   </div>
   <div class='ocr_carea' id='block_1_5' title="bbox 1982 397 3563 476">
    <p class='ocr_par' dir='ltr' id='par_1_5' title="bbox 1994 397 3563 468">
     <span class='ocr_line' id='line_1_5' title="bbox 1994 397 3563 468; baseline 0.004 -18"><span class='ocrx_word' id='word_1_14' title='bbox 1994 397 2238 468; x_wconf 88' lang='lat' dir='ltr'><strong>opinioni</strong></span> <span class='ocrx_word' id='word_1_15' title='bbox 2282 397 2671 468; x_wconf 70' lang='lat' dir='ltr'><strong>refragantem,</strong></span> <span class='ocrx_word' id='word_1_16' title='bbox 2711 405 2830 464; x_wconf 88' lang='lat' dir='ltr'><strong>post</strong></span> <span class='ocrx_word' id='word_1_17' title='bbox 2865 397 3068 453; x_wconf 83' lang='lat' dir='ltr'><strong>multos</strong></span> <span class='ocrx_word' id='word_1_18' title='bbox 3097 399 3396 464; x_wconf 75' lang='lat' dir='ltr'>cruciatus,</span> <span class='ocrx_word' id='word_1_19' title='bbox 3444 419 3563 456; x_wconf 83' lang='lat' dir='ltr'><strong>ma—</strong></span> 
     </span>
    </p>
   </div>
   <div class='ocr_carea' id='block_1_6' title="bbox 335 491 1885 567">
    <p class='ocr_par' dir='ltr' id='par_1_6' title="bbox 335 491 1885 567">
     <span class='ocr_line' id='line_1_6' title="bbox 335 491 1885 567; baseline -0.006 -15"><span class='ocrx_word' id='word_1_20' title='bbox 335 497 676 552; x_wconf 81' lang='grc' dir='ltr'>Ἐπανελθὼν</span> <span class='ocrx_word' id='word_1_21' title='bbox 743 497 926 561; x_wconf 53' lang='grc' dir='ltr'>δ’ίεξς</span> <span class='ocrx_word' id='word_1_22' title='bbox 959 497 1058 567; x_wconf 81' lang='grc' dir='ltr'>τὴν</span> <span class='ocrx_word' id='word_1_23' title='bbox 1121 494 1510 565; x_wconf 80' lang='grc' dir='ltr'>μεγαλόπολιν,</span> <span class='ocrx_word' id='word_1_24' title='bbox 1565 491 1885 562; x_wconf 85' lang='grc' dir='ltr'>περιχαρῶς</span> 
     </span>
    </p>
   </div>
   <div class='ocr_carea' id='block_1_7' title="bbox 323 584 1886 657">
    <p class='ocr_par' dir='ltr' id='par_1_7' title="bbox 323 584 1886 657">
     <span class='ocr_line' id='line_1_7' title="bbox 323 584 1886 657; baseline -0.004 -17"><span class='ocrx_word' id='word_1_25' title='bbox 323 587 514 657; x_wconf 74' lang='grc' dir='ltr'>ἐδέχθη</span> <span class='ocrx_word' id='word_1_26' title='bbox 566 586 718 657; x_wconf 72' lang='grc' dir='ltr'>παρὰ</span> <span class='ocrx_word' id='word_1_27' title='bbox 781 587 875 639; x_wconf 81' lang='grc' dir='ltr'>τοῦ</span> <span class='ocrx_word' id='word_1_28' title='bbox 929 587 1360 656; x_wconf 76' lang='grc' dir='ltr'>αὐτοκράτορος,</span> <span class='ocrx_word' id='word_1_29' title='bbox 1423 584 1518 636; x_wconf 69' lang='grc' dir='ltr'>καλ⁸</span> <span class='ocrx_word' id='word_1_30' title='bbox 1575 587 1886 652; x_wconf 84' lang='grc' dir='ltr'>μάγιστρος</span> 
     </span>
    </p>
   </div>
   <div class='ocr_carea' id='block_1_8' title="bbox 321 676 1885 748">
    <p class='ocr_par' dir='ltr' id='par_1_8' title="bbox 321 676 1885 748">
     <span class='ocr_line' id='line_1_8' title="bbox 321 676 1885 748; baseline -0.004 -15"><span class='ocrx_word' id='word_1_31' title='bbox 321 682 519 733; x_wconf 79' lang='grc' dir='ltr'>αὐτίκα</span> <span class='ocrx_word' id='word_1_32' title='bbox 562 678 850 748; x_wconf 87' lang='grc' dir='ltr'>τετίμητο,</span> <span class='ocrx_word' id='word_1_33' title='bbox 882 679 977 732; x_wconf 60' lang='grc' dir='ltr'>καὶ⁹</span> <span class='ocrx_word' id='word_1_34' title='bbox 1025 680 1089 731; x_wconf 86' lang='grc' dir='ltr'>ἐκ</span> <span class='ocrx_word' id='word_1_35' title='bbox 1150 677 1245 731; x_wconf 80' lang='grc' dir='ltr'>τοῦ</span> <span class='ocrx_word' id='word_1_36' title='bbox 1295 677 1456 744; x_wconf 79' lang='grc' dir='ltr'>ἁγίου</span> <span class='ocrx_word' id='word_1_37' title='bbox 1505 676 1885 745; x_wconf 83' lang='grc' dir='ltr'>βαπτίσματος</span> 
     </span>
    </p>
   </div>
   <div class='ocr_carea' id='block_1_9' title="bbox 320 767 1885 840">
    <p class='ocr_par' dir='ltr' id='par_1_9' title="bbox 320 767 1885 840">
     <span class='ocr_line' id='line_1_9' title="bbox 320 767 1885 840; baseline -0.003 -18"><span class='ocrx_word' id='word_1_38' title='bbox 320 769 413 822; x_wconf 76' lang='grc' dir='ltr'>τὸν</span> <span class='ocrx_word' id='word_1_39' title='bbox 441 769 536 822; x_wconf 81' lang='grc' dir='ltr'>τοῦ</span> <span class='ocrx_word' id='word_1_40' title='bbox 578 768 846 839; x_wconf 84' lang='grc' dir='ltr'>βασιλέως</span> <span class='ocrx_word' id='word_1_41' title='bbox 875 771 993 822; x_wconf 77' lang='grc' dir='ltr'>υἱὸν</span> <span class='ocrx_word' id='word_1_42' title='bbox 1017 769 1236 840; x_wconf 81' lang='grc' dir='ltr'>Μιχαὴλ</span> <span class='ocrx_word' id='word_1_43' title='bbox 1266 768 1508 833; x_wconf 79' lang='grc' dir='ltr'>ἐδέξατο,</span> <span class='ocrx_word' id='word_1_44' title='bbox 1535 768 1594 822; x_wconf 79' lang='grc' dir='ltr'>ὃν</span> <span class='ocrx_word' id='word_1_45' title='bbox 1637 769 1665 820; x_wconf 92' lang='lat'>6</span> <span class='ocrx_word' id='word_1_46' title='bbox 1700 767 1885 838; x_wconf 81' lang='grc' dir='ltr'>πατὴρ</span> 
     </span>
    </p>
   </div>
   <div class='ocr_carea' id='block_1_10' title="bbox 323 859 1886 932">
    <p class='ocr_par' dir='ltr' id='par_1_10' title="bbox 323 859 1886 932">
     <span class='ocr_line' id='line_1_10' title="bbox 323 859 1886 932; baseline -0.003 -16"><span class='ocrx_word' id='word_1_47' title='bbox 323 862 415 916; x_wconf 63' lang='grc' dir='ltr'>καὶ</span> <span class='ocrx_word' id='word_1_48' title='bbox 488 863 778 932; x_wconf 77' lang='grc' dir='ltr'>διαδήματι</span> <span class='ocrx_word' id='word_1_49' title='bbox 860 862 1074 932; x_wconf 79' lang='grc' dir='ltr'>ἕστεψε,</span> <span class='ocrx_word' id='word_1_50' title='bbox 1133 863 1229 915; x_wconf 76' lang='grc' dir='ltr'>καὶ</span> <span class='ocrx_word' id='word_1_51' title='bbox 1309 860 1532 931; x_wconf 82' lang='grc' dir='ltr'>βασιλέα</span> <span class='ocrx_word' id='word_1_52' title='bbox 1599 859 1886 928; x_wconf 87' lang='grc' dir='ltr'>Ῥωμαίων</span> 
     </span>
    </p>
   </div>
   <div class='ocr_carea' id='block_1_11' title="bbox 318 950 1885 1026">
    <p class='ocr_par' dir='ltr' id='par_1_11' title="bbox 318 950 1885 1026">
     <span class='ocr_line' id='line_1_11' title="bbox 318 950 1885 1026; baseline -0.002 -19"><span class='ocrx_word' id='word_1_53' title='bbox 318 955 534 1008; x_wconf 82' lang='grc' dir='ltr'>ἀνεῖπε.</span> <span class='ocrx_word' id='word_1_54' title='bbox 583 954 690 1008; x_wconf 82' lang='grc' dir='ltr'>Τοῦ</span> <span class='ocrx_word' id='word_1_55' title='bbox 745 955 1091 1026; x_wconf 80' lang='grc' dir='ltr'>πατριάρχου</span> <span class='ocrx_word' id='word_1_56' title='bbox 1142 954 1198 1007; x_wconf 86' lang='grc' dir='ltr'>δὲ</span> <span class='ocrx_word' id='word_1_57' title='bbox 1241 953 1533 1006; x_wconf 84' lang='grc' dir='ltr'>Ἀντωνίου</span> <span class='ocrx_word' id='word_1_58' title='bbox 1584 951 1685 1022; x_wconf 81' lang='grc' dir='ltr'>τὴν</span> <span class='ocrx_word' id='word_1_59' title='bbox 1739 950 1885 1020; x_wconf 81' lang='grc' dir='ltr'>ζωὴν</span> 
     </span>
    </p>
   </div>
   <div class='ocr_carea' id='block_1_12' title="bbox 321 1043 1884 1116">
    <p class='ocr_par' dir='ltr' id='par_1_12' title="bbox 321 1043 1884 1116">
     <span class='ocr_line' id='line_1_12' title="bbox 321 1043 1884 1116; baseline -0.003 -18"><span class='ocrx_word' id='word_1_60' title='bbox 321 1047 821 1116; x_wconf 76' lang='grc' dir='ltr'>καταστρέψαντος,</span> <span class='ocrx_word' id='word_1_61' title='bbox 866 1047 925 1110; x_wconf 78' lang='grc' dir='ltr'>ὃς</span> <span class='ocrx_word' id='word_1_62' title='bbox 952 1046 1048 1116; x_wconf 81' lang='grc' dir='ltr'>ἐτη</span> <span class='ocrx_word' id='word_1_63' title='bbox 1089 1045 1190 1114; x_wconf 85' lang='grc' dir='ltr'>τῆς</span> <span class='ocrx_word' id='word_1_64' title='bbox 1239 1044 1564 1114; x_wconf 80' lang='grc' dir='ltr'>Ἐκκλησίας</span> <span class='ocrx_word' id='word_1_65' title='bbox 1610 1043 1884 1114; x_wconf 85' lang='grc' dir='ltr'>ἐκράτησε</span> 
     </span>
    </p>
   </div>
   <div class='ocr_carea' id='block_1_13' title="bbox 319 1135 1884 1208">
    <p class='ocr_par' dir='ltr' id='par_1_13' title="bbox 319 1135 1884 1208">
     <span class='ocr_line' id='line_1_13' title="bbox 319 1135 1884 1208; baseline -0.003 -19"><span class='ocrx_word' id='word_1_66' title='bbox 319 1137 618 1208; x_wconf 61' lang='grc' dir='ltr'>δεκατρία,</span> <span class='ocrx_word' id='word_1_67' title='bbox 671 1138 961 1205; x_wconf 83' lang='grc' dir='ltr'>Ἰωάννης,</span> <span class='ocrx_word' id='word_1_68' title='bbox 1016 1136 1076 1190; x_wconf 85' lang='grc' dir='ltr'>ὃν</span> <span class='ocrx_word' id='word_1_69' title='bbox 1125 1138 1152 1190; x_wconf 97' lang='lat'>6</span> <span class='ocrx_word' id='word_1_70' title='bbox 1207 1135 1364 1201; x_wconf 81' lang='grc' dir='ltr'>λόγος</span> <span class='ocrx_word' id='word_1_71' title='bbox 1418 1135 1519 1205; x_wconf 77' lang='grc' dir='ltr'>ήδη</span> <span class='ocrx_word' id='word_1_72' title='bbox 1585 1135 1884 1205; x_wconf 81' lang='grc' dir='ltr'>προείρηκε</span> 
     </span>
    </p>
   </div>
   <div class='ocr_carea' id='block_1_14' title="bbox 319 1225 1883 1297">
    <p class='ocr_par' dir='ltr' id='par_1_14' title="bbox 319 1225 1883 1297">
     <span class='ocr_line' id='line_1_14' title="bbox 319 1225 1883 1297; baseline -0.004 -13"><span class='ocrx_word' id='word_1_73' title='bbox 319 1229 642 1284; x_wconf 83' lang='grc' dir='ltr'>διδάσκαλον</span> <span class='ocrx_word' id='word_1_74' title='bbox 667 1230 926 1297; x_wconf 85' lang='grc' dir='ltr'>γενέσθαι</span> <span class='ocrx_word' id='word_1_75' title='bbox 959 1228 1056 1282; x_wconf 82' lang='grc' dir='ltr'>τοῦ</span> <span class='ocrx_word' id='word_1_76' title='bbox 1087 1229 1350 1297; x_wconf 78' lang='grc' dir='ltr'>Θεοφίλου</span> <span class='ocrx_word' id='word_1_77' title='bbox 1389 1229 1484 1283; x_wconf 72' lang='grc' dir='ltr'>καὶ</span> <span class='ocrx_word' id='word_1_78' title='bbox 1524 1225 1883 1296; x_wconf 79' lang='grc' dir='ltr'>συναιρέσιὼ-</span> 
     </span>
    </p>
   </div>
   <div class='ocr_carea' id='block_1_15' title="bbox 319 1318 1884 1391">
    <p class='ocr_par' dir='ltr' id='par_1_15' title="bbox 319 1318 1884 1391">
     <span class='ocr_line' id='line_1_15' title="bbox 319 1318 1884 1391; baseline 0 -19"><span class='ocrx_word' id='word_1_79' title='bbox 319 1337 439 1391; x_wconf 88' lang='grc' dir='ltr'>την,</span> <span class='ocrx_word' id='word_1_80' title='bbox 487 1319 895 1390; x_wconf 82' lang='grc' dir='ltr'>προχειρίζεται</span> <span class='ocrx_word' id='word_1_81' title='bbox 953 1321 1326 1390; x_wconf 84' lang='grc' dir='ltr'>πατριάρχης,</span> <span class='ocrx_word' id='word_1_82' title='bbox 1390 1321 1448 1374; x_wconf 86' lang='grc' dir='ltr'>ὃν</span> <span class='ocrx_word' id='word_1_83' title='bbox 1524 1321 1620 1373; x_wconf 70' lang='grc' dir='ltr'>καὶ</span> <span class='ocrx_word' id='word_1_84' title='bbox 1679 1318 1884 1388; x_wconf 80' lang='grc' dir='ltr'>Ἰἁννην</span> 
     </span>
    </p>
   </div>
   <div class='ocr_carea' id='block_1_16' title="bbox 317 1409 1882 1480">
    <p class='ocr_par' dir='ltr' id='par_1_16' title="bbox 317 1409 1882 1480">
     <span class='ocr_line' id='line_1_16' title="bbox 317 1409 1882 1480; baseline 0.001 -20"><span class='ocrx_word' id='word_1_85' title='bbox 317 1409 545 1463; x_wconf 74' lang='grc' dir='ltr'>ἐκάλουν</span> <span class='ocrx_word' id='word_1_86' title='bbox 599 1410 649 1462; x_wconf 86' lang='grc' dir='ltr'>οἱ</span> <span class='ocrx_word' id='word_1_87' title='bbox 705 1410 848 1474; x_wconf 75' lang='grc' dir='ltr'>τότε,</span> <span class='ocrx_word' id='word_1_88' title='bbox 892 1409 987 1463; x_wconf 76' lang='grc' dir='ltr'>καὶ</span> <span class='ocrx_word' id='word_1_89' title='bbox 1045 1411 1134 1463; x_wconf 72' lang='grc' dir='ltr'>διὰ</span> <span class='ocrx_word' id='word_1_90' title='bbox 1187 1411 1291 1479; x_wconf 85' lang='grc' dir='ltr'>τὴν</span> <span class='ocrx_word' id='word_1_91' title='bbox 1348 1411 1580 1480; x_wconf 76' lang='grc' dir='ltr'>αἵρεσιν,</span> <span class='ocrx_word' id='word_1_92' title='bbox 1641 1411 1738 1463; x_wconf 76' lang='grc' dir='ltr'>καὶ</span> <span class='ocrx_word' id='word_1_93' title='bbox 1793 1409 1882 1462; x_wconf 72' lang='grc' dir='ltr'>διὰ</span> 
     </span>
    </p>
   </div>
   <div class='ocr_carea' id='block_1_17' title="bbox 319 1493 1887 1570">
    <p class='ocr_par' dir='ltr' id='par_1_17' title="bbox 319 1493 1887 1570">
     <span class='ocr_line' id='line_1_17' title="bbox 319 1493 1887 1570; baseline 0.001 -20"><span class='ocrx_word' id='word_1_94' title='bbox 319 1497 596 1566; x_wconf 78' lang='grc' dir='ltr'>γοητείας,</span> <span class='ocrx_word' id='word_1_95' title='bbox 644 1493 712 1568; x_wconf 84' lang='grc' dir='ltr'>ἦν</span> <span class='ocrx_word' id='word_1_96' title='bbox 749 1497 856 1568; x_wconf 83' lang='grc' dir='ltr'>γὰρ</span> <span class='ocrx_word' id='word_1_97' title='bbox 890 1500 1080 1562; x_wconf 83' lang='grc' dir='ltr'>αὑταῖς</span> <span class='ocrx_word' id='word_1_98' title='bbox 1116 1499 1392 1570; x_wconf 76' lang='grc' dir='ltr'>ἐντριϐής.</span> <span class='ocrx_word' id='word_1_99' title='bbox 1423 1500 1527 1554; x_wconf 86' lang='grc' dir='ltr'>Τὸν</span> <span class='ocrx_word' id='word_1_100' title='bbox 1570 1498 1626 1552; x_wconf 83' lang='grc' dir='ltr'>δὲ</span> <span class='ocrx_word' id='word_1_101' title='bbox 1664 1498 1887 1569; x_wconf 76' lang='grc' dir='ltr'>ἱερώτα-</span> 
     </span>
    </p>
   </div>
   <div class='ocr_carea' id='block_1_18' title="bbox 316 1585 1886 1660">
    <p class='ocr_par' dir='ltr' id='par_1_18' title="bbox 316 1585 1886 1660">
     <span class='ocr_line' id='line_1_18' title="bbox 316 1585 1886 1660; baseline 0 -20"><span class='ocrx_word' id='word_1_102' title='bbox 316 1604 409 1640; x_wconf 87' lang='grc' dir='ltr'>τον</span> <span class='ocrx_word' id='word_1_103' title='bbox 441 1587 700 1640; x_wconf 72' lang='grc' dir='ltr'>Μεθοδιον</span> <span class='ocrx_word' id='word_1_104' title='bbox 721 1587 862 1658; x_wconf 72' lang='grc'>(28),</span> <span class='ocrx_word' id='word_1_105' title='bbox 897 1587 954 1651; x_wconf 80' lang='grc' dir='ltr'>ὃς</span> <span class='ocrx_word' id='word_1_106' title='bbox 986 1585 1213 1660; x_wconf 75' lang='grc' dir='ltr'>ὕστερον</span> <span class='ocrx_word' id='word_1_107' title='bbox 1236 1589 1331 1641; x_wconf 75' lang='grc' dir='ltr'>καὶ</span> <span class='ocrx_word' id='word_1_108' title='bbox 1360 1589 1452 1642; x_wconf 83' lang='grc' dir='ltr'>τὸν</span> <span class='ocrx_word' id='word_1_109' title='bbox 1481 1587 1886 1658; x_wconf 83' lang='grc' dir='ltr'>πατριαρχικὺν</span> 
     </span>
    </p>
   </div>
   <div class='ocr_carea' id='block_1_19' title="bbox 318 1681 1881 1753">
    <p class='ocr_par' dir='ltr' id='par_1_19' title="bbox 318 1681 1881 1753">
     <span class='ocr_line' id='line_1_19' title="bbox 318 1681 1881 1753; baseline -0.001 -18"><span class='ocrx_word' id='word_1_110' title='bbox 318 1685 594 1753; x_wconf 76' lang='grc' dir='ltr'>ἐκόσμησε</span> <span class='ocrx_word' id='word_1_111' title='bbox 653 1681 866 1751; x_wconf 86' lang='grc' dir='ltr'>θρόνον,</span> <span class='ocrx_word' id='word_1_112' title='bbox 921 1681 1382 1753; x_wconf 71' lang='grc' dir='ltr'>μὴ’-’πειθόμενον</span> <span class='ocrx_word' id='word_1_113' title='bbox 1451 1681 1744 1736; x_wconf 81' lang='grc' dir='ltr'>συνθέσθαι</span> <span class='ocrx_word' id='word_1_114' title='bbox 1813 1683 1881 1752; x_wconf 85' lang='grc' dir='ltr'>τῇ</span> 
     </span>
    </p>
   </div>
   <div class='ocr_carea' id='block_1_20' title="bbox 318 1772 1880 1846">
    <p class='ocr_par' dir='ltr' id='par_1_20' title="bbox 318 1772 1880 1846">
     <span class='ocr_line' id='line_1_20' title="bbox 318 1772 1880 1846; baseline -0.001 -19"><span class='ocrx_word' id='word_1_115' title='bbox 318 1775 609 1846; x_wconf 75' lang='grc' dir='ltr'>κακοδοξίᾳ</span> <span class='ocrx_word' id='word_1_116' title='bbox 639 1772 826 1839; x_wconf 81' lang='grc' dir='ltr'>αὑτοῦ,</span> <span class='ocrx_word' id='word_1_117' title='bbox 853 1775 994 1842; x_wconf 79' lang='grc' dir='ltr'>μετὰ</span> <span class='ocrx_word' id='word_1_118' title='bbox 1025 1773 1226 1837; x_wconf 75' lang='grc' dir='ltr'>πολλὰς</span> <span class='ocrx_word' id='word_1_119' title='bbox 1259 1774 1443 1836; x_wconf 72' lang='grc' dir='ltr'>αἰκίας</span> <span class='ocrx_word' id='word_1_120' title='bbox 1489 1772 1712 1827; x_wconf 78' lang='grc' dir='ltr'>καὶτῶν</span> <span class='ocrx_word' id='word_1_121' title='bbox 1757 1789 1880 1827; x_wconf 82' lang='grc' dir='ltr'>σια-</span> 
     </span>
    </p>
   </div>
   <div class='ocr_carea' id='block_1_21' title="bbox 318 1861 1884 1935">
    <p class='ocr_par' dir='ltr' id='par_1_21' title="bbox 318 1861 1884 1935">
     <span class='ocr_line' id='line_1_21' title="bbox 318 1861 1884 1935; baseline 0.001 -20"><span class='ocrx_word' id='word_1_122' title='bbox 318 1863 491 1930; x_wconf 80' lang='grc' dir='ltr'>γόνων</span> <span class='ocrx_word' id='word_1_123' title='bbox 525 1862 694 1916; x_wconf 82' lang='grc' dir='ltr'>αὐτοῦ</span> <span class='ocrx_word' id='word_1_124' title='bbox 731 1861 1046 1926; x_wconf 85' lang='grc' dir='ltr'>σύνθλασιν,</span> <span class='ocrx_word' id='word_1_125' title='bbox 1096 1865 1191 1916; x_wconf 80' lang='grc' dir='ltr'>καὶ</span> <span class='ocrx_word' id='word_1_126' title='bbox 1238 1863 1349 1916; x_wconf 84' lang='grc' dir='ltr'>τῶν</span> <span class='ocrx_word' id='word_1_127' title='bbox 1387 1864 1616 1918; x_wconf 85' lang='grc' dir='ltr'>ὀδόντων</span> <span class='ocrx_word' id='word_1_128' title='bbox 1651 1863 1884 1935; x_wconf 77' lang='grc' dir='ltr'>ἐκρίζω-</span> 
     </span>
    </p>
   </div>
   <div class='ocr_carea' id='block_1_22' title="bbox 317 1953 1880 2028">
    <p class='ocr_par' dir='ltr' id='par_1_22' title="bbox 317 1953 1880 2028">
     <span class='ocr_line' id='line_1_22' title="bbox 317 1953 1880 2028; baseline 0.001 -22"><span class='ocrx_word' id='word_1_129' title='bbox 317 1971 422 2018; x_wconf 82' lang='grc' dir='ltr'>σιν,</span> <span class='ocrx_word' id='word_1_130' title='bbox 456 1956 534 2015; x_wconf 83' lang='grc' dir='ltr'>εἰς</span> <span class='ocrx_word' id='word_1_131' title='bbox 568 1953 666 2025; x_wconf 77' lang='grc' dir='ltr'>τὴν</span> <span class='ocrx_word' id='word_1_132' title='bbox 706 1954 993 2027; x_wconf 83' lang='grc' dir='ltr'>[Ιάνορμον</span> <span class='ocrx_word' id='word_1_133' title='bbox 1016 1957 1200 2027; x_wconf 80' lang='grc' dir='ltr'>νῆσον,</span> <span class='ocrx_word' id='word_1_134' title='bbox 1237 1957 1271 2028; x_wconf 80' lang='grc' dir='ltr'>ἢ</span> <span class='ocrx_word' id='word_1_135' title='bbox 1309 1957 1401 2010; x_wconf 76' lang='grc' dir='ltr'>νῦν</span> <span class='ocrx_word' id='word_1_136' title='bbox 1435 1956 1530 2010; x_wconf 85' lang='grc' dir='ltr'>τοῦ</span> <span class='ocrx_word' id='word_1_137' title='bbox 1571 1956 1880 2024; x_wconf 82' lang='grc' dir='ltr'>’Λντιγόνου</span> 
     </span>
    </p>
   </div>
   <div class='ocr_carea' id='block_1_23' title="bbox 319 2044 1883 2117">
    <p class='ocr_par' dir='ltr' id='par_1_23' title="bbox 319 2044 1883 2117">
     <span class='ocr_line' id='line_1_23' title="bbox 319 2044 1883 2117; baseline 0.001 -19"><span class='ocrx_word' id='word_1_138' title='bbox 319 2046 582 2109; x_wconf 84' lang='grc' dir='ltr'>καλεῖται,</span> <span class='ocrx_word' id='word_1_139' title='bbox 665 2044 992 2117; x_wconf 76' lang='grc' dir='ltr'>ὁδυσσεεὴς</span> <span class='ocrx_word' id='word_1_140' title='bbox 1061 2046 1386 2116; x_wconf 81' lang='grc' dir='ltr'>ὑπερορίζει</span> <span class='ocrx_word' id='word_1_141' title='bbox 1445 2045 1728 2116; x_wconf 81' lang='grc' dir='ltr'>Θεόφιλος,</span> <span class='ocrx_word' id='word_1_142' title='bbox 1789 2048 1883 2100; x_wconf 78' lang='grc' dir='ltr'>καὶ</span> 
     </span>
    </p>
   </div>
   <div class='ocr_carea' id='block_1_24' title="bbox 317 2135 1880 2212">
    <p class='ocr_par' dir='ltr' id='par_1_24' title="bbox 317 2135 1880 2212">
     <span class='ocr_line' id='line_1_24' title="bbox 317 2135 1880 2212; baseline 0.003 -22"><span class='ocrx_word' id='word_1_143' title='bbox 317 2139 464 2200; x_wconf 77' lang='grc' dir='ltr'>ἐντὸς</span> <span class='ocrx_word' id='word_1_144' title='bbox 491 2137 846 2210; x_wconf 87' lang='grc' dir='ltr'>καθείργνυσι</span> <span class='ocrx_word' id='word_1_145' title='bbox 877 2139 1163 2208; x_wconf 81' lang='grc' dir='ltr'>μνήματος</span> <span class='ocrx_word' id='word_1_146' title='bbox 1196 2139 1335 2208; x_wconf 75' lang='grc' dir='ltr'>μετὰ</span> <span class='ocrx_word' id='word_1_147' title='bbox 1379 2139 1472 2194; x_wconf 78' lang='grc' dir='ltr'>δύο</span> <span class='ocrx_word' id='word_1_148' title='bbox 1511 2140 1726 2212; x_wconf 82' lang='grc' dir='ltr'>λῃστῶν</span> <span class='ocrx_word' id='word_1_149' title='bbox 1749 2157 1762 2171; x_wconf 86' lang='grc'>⁶</span> <span class='ocrx_word' id='word_1_150' title='bbox 1803 2135 1880 2194; x_wconf 82' lang='grc' dir='ltr'>ὧν</span> 
     </span>
    </p>
   </div>
   <div class='ocr_carea' id='block_1_25' title="bbox 315 2227 1880 2301">
    <p class='ocr_par' dir='ltr' id='par_1_25' title="bbox 315 2227 1880 2301">
     <span class='ocr_line' id='line_1_25' title="bbox 315 2227 1880 2301; baseline 0.003 -22"><span class='ocrx_word' id='word_1_151' title='bbox 315 2227 442 2279; x_wconf 71' lang='grc' dir='ltr'>τοῦα</span> <span class='ocrx_word' id='word_1_152' title='bbox 471 2228 591 2292; x_wconf 80' lang='grc' dir='ltr'>ἐνὸς</span> <span class='ocrx_word' id='word_1_153' title='bbox 624 2228 903 2293; x_wconf 87' lang='grc' dir='ltr'>θανόντος,</span> <span class='ocrx_word' id='word_1_154' title='bbox 940 2230 1072 2299; x_wconf 83' lang='grc' dir='ltr'>ὅσην</span> <span class='ocrx_word' id='word_1_155' title='bbox 1103 2231 1131 2280; x_wconf 89' lang='lat'>6</span> <span class='ocrx_word' id='word_1_156' title='bbox 1186 2230 1342 2296; x_wconf 77' lang='grc' dir='ltr'>ἅγιος</span> <span class='ocrx_word' id='word_1_157' title='bbox 1372 2232 1436 2283; x_wconf 84' lang='grc' dir='ltr'>ἐκ</span> <span class='ocrx_word' id='word_1_158' title='bbox 1469 2232 1567 2301; x_wconf 84' lang='grc' dir='ltr'>τῆς</span> <span class='ocrx_word' id='word_1_159' title='bbox 1606 2230 1880 2296; x_wconf 83' lang='grc' dir='ltr'>δυσώδους</span> 
     </span>
    </p>
   </div>
   <div class='ocr_carea' id='block_1_26' title="bbox 316 2319 1876 2394">
    <p class='ocr_par' dir='ltr' id='par_1_26' title="bbox 316 2319 1876 2394">
     <span class='ocr_line' id='line_1_26' title="bbox 316 2319 1876 2394; baseline 0.004 -24"><span class='ocrx_word' id='word_1_160' title='bbox 316 2319 408 2371; x_wconf 84' lang='grc' dir='ltr'>τοῦ</span> <span class='ocrx_word' id='word_1_161' title='bbox 460 2319 753 2384; x_wconf 87' lang='grc' dir='ltr'>τεθνεῶτος</span> <span class='ocrx_word' id='word_1_162' title='bbox 812 2321 1101 2392; x_wconf 85' lang='grc' dir='ltr'>ἀποφορᾶς</span> <span class='ocrx_word' id='word_1_163' title='bbox 1160 2323 1440 2392; x_wconf 84' lang='grc' dir='ltr'>ὐπήνεγκε</span> <span class='ocrx_word' id='word_1_164' title='bbox 1494 2321 1615 2392; x_wconf 86' lang='grc' dir='ltr'>βίαν</span> <span class='ocrx_word' id='word_1_165' title='bbox 1646 2324 1742 2376; x_wconf 73' lang='grc' dir='ltr'>καὶ</span> <span class='ocrx_word' id='word_1_166' title='bbox 1778 2326 1876 2394; x_wconf 76' lang='grc' dir='ltr'>άηο</span> 
     </span>
    </p>
   </div>
   <div class='ocr_carea' id='block_1_27' title="bbox 312 2413 1878 2486">
    <p class='ocr_par' dir='ltr' id='par_1_27' title="bbox 312 2413 1878 2486">
     <span class='ocr_line' id='line_1_27' title="bbox 312 2413 1878 2486; baseline 0.002 -21"><span class='ocrx_word' id='word_1_167' title='bbox 312 2413 452 2475; x_wconf 79' lang='grc' dir='ltr'>δίαν,</span> <span class='ocrx_word' id='word_1_168' title='bbox 483 2414 582 2466; x_wconf 85' lang='grc' dir='ltr'>οὑκ</span> <span class='ocrx_word' id='word_1_169' title='bbox 617 2413 681 2467; x_wconf 81' lang='grc' dir='ltr'>άν</span> <span class='ocrx_word' id='word_1_170' title='bbox 718 2431 803 2477; x_wconf 89' lang='grc' dir='ltr'>τις</span> <span class='ocrx_word' id='word_1_171' title='bbox 831 2414 990 2482; x_wconf 82' lang='grc' dir='ltr'>λόγος</span> <span class='ocrx_word' id='word_1_172' title='bbox 1042 2415 1247 2477; x_wconf 70' lang='grc' dir='ltr'>ἱκανῶς</span> <span class='ocrx_word' id='word_1_173' title='bbox 1278 2414 1662 2486; x_wconf 84' lang='grc' dir='ltr'>διαγράψαιτο.</span> <span class='ocrx_word' id='word_1_174' title='bbox 1729 2416 1878 2468; x_wconf 81' lang='grc' dir='ltr'>Ἐκεῖ</span> 
     </span>
    </p>
   </div>
   <div class='ocr_carea' id='block_1_28' title="bbox 1989 487 3560 558">
    <p class='ocr_par' dir='ltr' id='par_1_28' title="bbox 1989 487 3560 558">
     <span class='ocr_line' id='line_1_28' title="bbox 1989 487 3560 558; baseline 0.001 -15"><span class='ocrx_word' id='word_1_175' title='bbox 1989 488 2277 556; x_wconf 84' lang='lat' dir='ltr'><strong>larumque</strong></span> <span class='ocrx_word' id='word_1_176' title='bbox 2344 487 2729 541; x_wconf 89' lang='lat' dir='ltr'><strong>eontusionem</strong></span> <span class='ocrx_word' id='word_1_177' title='bbox 2782 495 2838 540; x_wconf 89' lang='lat' dir='ltr'>et</span> <span class='ocrx_word' id='word_1_178' title='bbox 2893 487 3142 542; x_wconf 85' lang='lat' dir='ltr'><strong>dentium</strong></span> <span class='ocrx_word' id='word_1_179' title='bbox 3193 491 3560 558; x_wconf 83' lang='lat' dir='ltr'><strong>evulsionem,</strong></span> 
     </span>
    </p>
   </div>
   <div class='ocr_carea' id='block_1_29' title="bbox 1991 579 3565 651">
    <p class='ocr_par' dir='ltr' id='par_1_29' title="bbox 1991 579 3565 651">
     <span class='ocr_line' id='line_1_29' title="bbox 1991 579 3565 651; baseline -0.002 -17"><span class='ocrx_word' id='word_1_180' title='bbox 1991 580 2047 635; x_wconf 91' lang='lat' dir='ltr'>in</span> <span class='ocrx_word' id='word_1_181' title='bbox 2103 579 2341 635; x_wconf 75' lang='lat' dir='ltr'>insulam</span> <span class='ocrx_word' id='word_1_182' title='bbox 2391 580 2746 640; x_wconf 89' lang='lat' dir='ltr'><strong>Panormum,</strong></span> <span class='ocrx_word' id='word_1_183' title='bbox 2797 594 2919 648; x_wconf 68' lang='lat' dir='ltr'><strong>qua!</strong></span> <span class='ocrx_word' id='word_1_184' title='bbox 2971 595 3116 634; x_wconf 82' lang='lat' dir='ltr'><strong>nunc</strong></span> <span class='ocrx_word' id='word_1_185' title='bbox 3177 581 3432 651; x_wconf 78' lang='lat' dir='ltr'>Antigoni</span> <span class='ocrx_word' id='word_1_186' title='bbox 3470 599 3565 636; x_wconf 86' lang='lat' dir='ltr'><strong>co-</strong></span> 
     </span>
    </p>
   </div>
   <div class='ocr_carea' id='block_1_30' title="bbox 1989 669 3566 743">
    <p class='ocr_par' dir='ltr' id='par_1_30' title="bbox 1989 669 3566 743">
     <span class='ocr_line' id='line_1_30' title="bbox 1989 669 3566 743; baseline 0 -17"><span class='ocrx_word' id='word_1_187' title='bbox 1989 681 2344 743; x_wconf 79' lang='lat' dir='ltr'><strong>gnomentum</strong></span> <span class='ocrx_word' id='word_1_188' title='bbox 2393 669 2582 732; x_wconf 82' lang='lat' dir='ltr'><strong>habet,</strong></span> <span class='ocrx_word' id='word_1_189' title='bbox 2622 669 2824 739; x_wconf 85' lang='lat' dir='ltr'><strong>impius</strong></span> <span class='ocrx_word' id='word_1_190' title='bbox 2869 671 3076 738; x_wconf 78' lang='lat' dir='ltr'><strong>relegat</strong></span> <span class='ocrx_word' id='word_1_191' title='bbox 3121 671 3480 740; x_wconf 81' lang='lat' dir='ltr'><strong>Theophilus,</strong></span> <span class='ocrx_word' id='word_1_192' title='bbox 3508 681 3566 726; x_wconf 91' lang='lat' dir='ltr'>et</span> 
     </span>
    </p>
   </div>
   <div class='ocr_carea' id='block_1_31' title="bbox 1990 761 3632 818">
    <p class='ocr_par' dir='ltr' id='par_1_31' title="bbox 1990 761 3632 818">
     <span class='ocr_line' id='line_1_31' title="bbox 1990 761 3632 818; baseline 0 0"><span class='ocrx_word' id='word_1_193' title='bbox 1990 767 2132 818; x_wconf 90' lang='lat' dir='ltr'><strong>intra</strong></span> <span class='ocrx_word' id='word_1_194' title='bbox 2166 773 2584 818; x_wconf 87' lang='lat' dir='ltr'><strong>monumentum</strong></span> <span class='ocrx_word' id='word_1_195' title='bbox 2632 777 2755 815; x_wconf 93' lang='lat' dir='ltr'>cum</span> <span class='ocrx_word' id='word_1_196' title='bbox 2803 761 3023 816; x_wconf 90' lang='lat' dir='ltr'><strong>duobus</strong></span> <span class='ocrx_word' id='word_1_197' title='bbox 3065 761 3372 817; x_wconf 89' lang='lat' dir='ltr'><strong>latronibus</strong></span> <span class='ocrx_word' id='word_1_198' title='bbox 3427 779 3562 818; x_wconf 88' lang='lat' dir='ltr'><strong>cou-</strong></span> <span class='ocrx_word' id='word_1_199' title='bbox 3621 799 3632 806; x_wconf 60' lang='grc' dir='ltr'><em>η</em></span> 
     </span>
    </p>
   </div>
   <div class='ocr_carea' id='block_1_32' title="bbox 1989 849 3560 919">
    <p class='ocr_par' dir='ltr' id='par_1_32' title="bbox 1989 849 3560 919">
     <span class='ocr_line' id='line_1_32' title="bbox 1989 849 3560 919; baseline 0.001 -15"><span class='ocrx_word' id='word_1_200' title='bbox 1989 850 2208 905; x_wconf 89' lang='lat' dir='ltr'><strong>cludit:</strong></span> <span class='ocrx_word' id='word_1_201' title='bbox 2244 865 2480 919; x_wconf 90' lang='lat' dir='ltr'><strong>quorum</strong></span> <span class='ocrx_word' id='word_1_202' title='bbox 2527 849 2704 905; x_wconf 90' lang='lat' dir='ltr'><strong>altero</strong></span> <span class='ocrx_word' id='word_1_203' title='bbox 2759 860 3002 914; x_wconf 89' lang='lat' dir='ltr'><strong>mortuo,</strong></span> <span class='ocrx_word' id='word_1_204' title='bbox 3036 859 3296 918; x_wconf 89' lang='lat' dir='ltr'><strong>quantam</strong></span> <span class='ocrx_word' id='word_1_205' title='bbox 3348 851 3560 905; x_wconf 80' lang='lat' dir='ltr'><strong>violen-</strong></span> 
     </span>
    </p>
   </div>
   <div class='ocr_carea' id='block_1_33' title="bbox 1989 938 3558 1003">
    <p class='ocr_par' dir='ltr' id='par_1_33' title="bbox 1989 938 3558 1003">
     <span class='ocr_line' id='line_1_33' title="bbox 1989 938 3558 1003; baseline 0 -10"><span class='ocrx_word' id='word_1_206' title='bbox 1989 940 2141 1003; x_wconf 83' lang='lat' dir='ltr'><strong>tiam,</strong></span> <span class='ocrx_word' id='word_1_207' title='bbox 2203 949 2260 994; x_wconf 90' lang='lat' dir='ltr'>et</span> <span class='ocrx_word' id='word_1_208' title='bbox 2311 938 2620 993; x_wconf 86' lang='lat' dir='ltr'><strong>molestiam</strong></span> <span class='ocrx_word' id='word_1_209' title='bbox 2691 939 2778 992; x_wconf 88' lang='lat' dir='ltr'>vir</span> <span class='ocrx_word' id='word_1_210' title='bbox 2843 947 3067 994; x_wconf 84' lang='lat' dir='ltr'><strong>sanctus</strong></span> <span class='ocrx_word' id='word_1_211' title='bbox 3129 953 3195 992; x_wconf 82' lang='lat' dir='ltr'><strong>ex</strong></span> <span class='ocrx_word' id='word_1_212' title='bbox 3266 940 3558 994; x_wconf 88' lang='lat' dir='ltr'><strong>teterrimo</strong></span> 
     </span>
    </p>
   </div>
   <div class='ocr_carea' id='block_1_34' title="bbox 1988 1025 3555 1096">
    <p class='ocr_par' dir='ltr' id='par_1_34' title="bbox 1988 1025 3555 1096">
     <span class='ocr_line' id='line_1_34' title="bbox 1988 1025 3555 1096; baseline 0.003 -16"><span class='ocrx_word' id='word_1_213' title='bbox 1988 1026 2274 1081; x_wconf 82' lang='lat' dir='ltr'><strong>cadaveris</strong></span> <span class='ocrx_word' id='word_1_214' title='bbox 2299 1025 2478 1080; x_wconf 82' lang='lat' dir='ltr'><strong>fetore</strong></span> <span class='ocrx_word' id='word_1_215' title='bbox 2504 1026 2774 1091; x_wconf 89' lang='lat' dir='ltr'><strong>tolerarit,</strong></span> <span class='ocrx_word' id='word_1_216' title='bbox 2801 1027 2950 1081; x_wconf 90' lang='lat' dir='ltr'><strong>nulla</strong></span> <span class='ocrx_word' id='word_1_217' title='bbox 2981 1027 3273 1096; x_wconf 88' lang='lat' dir='ltr'><strong>quisquam</strong></span> <span class='ocrx_word' id='word_1_218' title='bbox 3302 1029 3555 1084; x_wconf 85' lang='lat' dir='ltr'><strong>oratione</strong></span> 
     </span>
    </p>
   </div>
   <div class='ocr_carea' id='block_1_35' title="bbox 1987 1118 3561 1190">
    <p class='ocr_par' dir='ltr' id='par_1_35' title="bbox 1987 1118 3561 1190">
     <span class='ocr_line' id='line_1_35' title="bbox 1987 1118 3561 1190; baseline 0.001 -16"><span class='ocrx_word' id='word_1_219' title='bbox 1987 1118 2252 1189; x_wconf 90' lang='lat' dir='ltr'><strong>consequi</strong></span> <span class='ocrx_word' id='word_1_220' title='bbox 2310 1128 2515 1188; x_wconf 85' lang='lat' dir='ltr'><strong>potest.</strong></span> <span class='ocrx_word' id='word_1_221' title='bbox 2573 1120 2693 1173; x_wconf 86' lang='lat' dir='ltr'><strong>Illic</strong></span> <span class='ocrx_word' id='word_1_222' title='bbox 2748 1119 2915 1189; x_wconf 84' lang='lat' dir='ltr'><strong>igitur</strong></span> <span class='ocrx_word' id='word_1_223' title='bbox 2973 1119 3178 1190; x_wconf 83' lang='lat' dir='ltr'><strong>inclyto</strong></span> <span class='ocrx_word' id='word_1_224' title='bbox 3243 1121 3338 1175; x_wconf 91' lang='lat' dir='ltr'><strong>illo</strong></span> <span class='ocrx_word' id='word_1_225' title='bbox 3405 1130 3561 1190; x_wconf 89' lang='lat' dir='ltr'><strong>patre</strong></span> 
     </span>
    </p>
   </div>
   <div class='ocr_carea' id='block_1_36' title="bbox 1989 1210 3559 1283">
    <p class='ocr_par' dir='ltr' id='par_1_36' title="bbox 1989 1210 3559 1283">
     <span class='ocr_line' id='line_1_36' title="bbox 1989 1210 3559 1283; baseline 0.003 -19"><span class='ocrx_word' id='word_1_226' title='bbox 1989 1211 2226 1271; x_wconf 89' lang='lat' dir='ltr'><strong>incluso,</strong></span> <span class='ocrx_word' id='word_1_227' title='bbox 2275 1210 2474 1265; x_wconf 78' lang='lat' dir='ltr'><strong>fratres</strong></span> <span class='ocrx_word' id='word_1_228' title='bbox 2527 1211 2605 1265; x_wconf 88' lang='lat' dir='ltr'><strong>illi</strong></span> <span class='ocrx_word' id='word_1_229' title='bbox 2665 1212 3015 1266; x_wconf 89' lang='lat' dir='ltr'><strong>confessores</strong></span> <span class='ocrx_word' id='word_1_230' title='bbox 3074 1213 3442 1283; x_wconf 85' lang='lat' dir='ltr'><strong>Theophanes</strong></span> <span class='ocrx_word' id='word_1_231' title='bbox 3503 1223 3559 1269; x_wconf 89' lang='lat' dir='ltr'>et</span> 
     </span>
    </p>
   </div>
   <div class='ocr_carea' id='block_1_37' title="bbox 1988 1293 3555 1372">
    <p class='ocr_par' dir='ltr' id='par_1_37' title="bbox 1988 1293 3555 1372">
     <span class='ocr_line' id='line_1_37' title="bbox 1988 1293 3555 1372; baseline 0.003 -19"><span class='ocrx_word' id='word_1_232' title='bbox 1988 1299 2332 1364; x_wconf 84' lang='lat' dir='ltr'><strong>Theodorus,</strong></span> <span class='ocrx_word' id='word_1_233' title='bbox 2363 1310 2485 1371; x_wconf 91' lang='lat' dir='ltr'><strong>post</strong></span> <span class='ocrx_word' id='word_1_234' title='bbox 2510 1303 2775 1357; x_wconf 83' lang='lat' dir='ltr'><strong>facierum</strong></span> <span class='ocrx_word' id='word_1_235' title='bbox 2801 1293 3555 1372; x_wconf 77' lang='lat' dir='ltr'><strong>compunciionemrelegati,</strong></span> 
     </span>
    </p>
   </div>
   <div class='ocr_carea' id='block_1_38' title="bbox 1987 1391 3553 1466">
    <p class='ocr_par' dir='ltr' id='par_1_38' title="bbox 1987 1391 3553 1466">
     <span class='ocr_line' id='line_1_38' title="bbox 1987 1391 3553 1466; baseline 0.003 -20"><span class='ocrx_word' id='word_1_236' title='bbox 1987 1407 2126 1466; x_wconf 12' lang='lat' dir='ltr'><strong>cum.</strong></span> <span class='ocrx_word' id='word_1_237' title='bbox 2159 1392 2228 1446; x_wconf 89' lang='lat' dir='ltr'>ad</span> <span class='ocrx_word' id='word_1_238' title='bbox 2259 1391 2434 1448; x_wconf 71' lang='lat' dir='ltr'><strong>Carta:</strong></span> <span class='ocrx_word' id='word_1_239' title='bbox 2467 1403 2686 1462; x_wconf 90' lang='lat' dir='ltr'><strong>portum</strong></span> <span class='ocrx_word' id='word_1_240' title='bbox 2709 1394 3074 1463; x_wconf 84' lang='lat' dir='ltr'><strong>appulissent,</strong></span> <span class='ocrx_word' id='word_1_241' title='bbox 3125 1412 3222 1464; x_wconf 85' lang='lat' dir='ltr'>per</span> <span class='ocrx_word' id='word_1_242' title='bbox 3261 1397 3553 1465; x_wconf 86' lang='lat' dir='ltr'><strong>quemdam</strong></span> 
     </span>
    </p>
   </div>
   <div class='ocr_carea' id='block_1_39' title="bbox 1987 1482 3553 1557">
    <p class='ocr_par' dir='ltr' id='par_1_39' title="bbox 1987 1482 3553 1557">
     <span class='ocr_line' id='line_1_39' title="bbox 1987 1482 3553 1557; baseline 0.004 -21"><span class='ocrx_word' id='word_1_243' title='bbox 1987 1482 2316 1552; x_wconf 89' lang='lat' dir='ltr'><strong>piscatorem</strong></span> <span class='ocrx_word' id='word_1_244' title='bbox 2345 1483 2624 1538; x_wconf 78' lang='lat' dir='ltr'><strong>Methodio</strong></span> <span class='ocrx_word' id='word_1_245' title='bbox 2655 1485 2980 1540; x_wconf 79' lang='lat' dir='ltr'><strong>familiarem</strong></span> <span class='ocrx_word' id='word_1_246' title='bbox 3013 1487 3128 1542; x_wconf 77' lang='lat' dir='ltr'><strong>lucc</strong></span> <span class='ocrx_word' id='word_1_247' title='bbox 3165 1488 3509 1557; x_wconf 87' lang='lat' dir='ltr'><strong>scripserunt</strong></span> <span class='ocrx_word' id='word_1_248' title='bbox 3540 1506 3553 1542; x_wconf 88' lang='lat'><strong>:</strong></span> 
     </span>
    </p>
   </div>
   <div class='ocr_carea' id='block_1_40' title="bbox 2138 1615 3228 1688">
    <p class='ocr_par' dir='ltr' id='par_1_40' title="bbox 2138 1615 3228 1688">
     <span class='ocr_line' id='line_1_40' title="bbox 2138 1615 3228 1688; baseline 0.004 -18"><span class='ocrx_word' id='word_1_249' title='bbox 2138 1615 2342 1688; x_wconf 64' lang='lat' dir='ltr'><strong>Viventi</strong></span> <span class='ocrx_word' id='word_1_250' title='bbox 2380 1627 2605 1680; x_wconf 80' lang='lat' dir='ltr'><strong>mortuo,</strong></span> <span class='ocrx_word' id='word_1_251' title='bbox 2639 1628 2792 1688; x_wconf 83' lang='lat' dir='ltr'><strong>atque</strong></span> <span class='ocrx_word' id='word_1_252' title='bbox 2827 1627 3032 1673; x_wconf 86' lang='lat' dir='ltr'><strong>mortuo</strong></span> <span class='ocrx_word' id='word_1_253' title='bbox 3066 1622 3228 1674; x_wconf 85' lang='lat' dir='ltr'><strong>simul</strong></span> 
     </span>
    </p>
   </div>
   <div class='ocr_carea' id='block_1_41' title="bbox 2145 1686 3261 1757">
    <p class='ocr_par' dir='ltr' id='par_1_41' title="bbox 2145 1686 3261 1757">
     <span class='ocr_line' id='line_1_41' title="bbox 2145 1686 3261 1757; baseline 0.005 -20"><span class='ocrx_word' id='word_1_254' title='bbox 2145 1686 2317 1738; x_wconf 80' lang='lat' dir='ltr'><strong>Vitam</strong></span> <span class='ocrx_word' id='word_1_255' title='bbox 2349 1690 2552 1754; x_wconf 69' lang='lat' dir='ltr'><strong>ferenti,</strong></span> <span class='ocrx_word' id='word_1_256' title='bbox 2586 1692 2676 1757; x_wconf 85' lang='lat' dir='ltr'>qui</span> <span class='ocrx_word' id='word_1_257' title='bbox 2705 1686 2821 1741; x_wconf 70' lang='lat' dir='ltr'>eum</span> <span class='ocrx_word' id='word_1_258' title='bbox 2857 1688 3099 1742; x_wconf 84' lang='lat' dir='ltr'><strong>tellurem</strong></span> <span class='ocrx_word' id='word_1_259' title='bbox 3125 1693 3261 1744; x_wconf 79' lang='lat' dir='ltr'><strong>colat</strong></span> 
     </span>
    </p>
   </div>
   <div class='ocr_carea' id='block_1_42' title="bbox 2127 1757 3045 1824">
    <p class='ocr_par' dir='ltr' id='par_1_42' title="bbox 2127 1757 3045 1824">
     <span class='ocr_line' id='line_1_42' title="bbox 2127 1757 3045 1824; baseline 0.003 -15"><span class='ocrx_word' id='word_1_260' title='bbox 2127 1757 2283 1809; x_wconf 87' lang='lat' dir='ltr'><strong>Polos</strong></span> <span class='ocrx_word' id='word_1_261' title='bbox 2311 1767 2568 1824; x_wconf 83' lang='lat' dir='ltr'><strong>pererrat,</strong></span> <span class='ocrx_word' id='word_1_262' title='bbox 2597 1760 2816 1812; x_wconf 75' lang='lat' dir='ltr'><strong>litterati</strong></span> <span class='ocrx_word' id='word_1_263' title='bbox 2841 1759 3045 1813; x_wconf 79' lang='lat' dir='ltr'><strong>litteras</strong></span> 
     </span>
    </p>
   </div>
   <div class='ocr_carea' id='block_1_43' title="bbox 2133 1825 3062 1882">
    <p class='ocr_par' dir='ltr' id='par_1_43' title="bbox 2133 1825 3062 1882">
     <span class='ocr_line' id='line_1_43' title="bbox 2133 1825 3062 1882; baseline 0.003 -3"><span class='ocrx_word' id='word_1_264' title='bbox 2133 1825 2305 1880; x_wconf 83' lang='lat' dir='ltr'><strong>Vineti</strong></span> <span class='ocrx_word' id='word_1_265' title='bbox 2327 1829 2512 1880; x_wconf 80' lang='lat' dir='ltr'><strong>misere</strong></span> <span class='ocrx_word' id='word_1_266' title='bbox 2539 1827 2759 1880; x_wconf 78' lang='lat' dir='ltr'><strong>vinculis</strong></span> <span class='ocrx_word' id='word_1_267' title='bbox 2786 1829 3062 1882; x_wconf 84' lang='lat' dir='ltr'><strong>adobruta.</strong></span> 
     </span>
    </p>
   </div>
   <div class='ocr_carea' id='block_1_44' title="bbox 1978 1941 3555 2011">
    <p class='ocr_par' dir='ltr' id='par_1_44' title="bbox 1978 1941 3555 2011">
     <span class='ocr_line' id='line_1_44' title="bbox 1978 1941 3555 2011; baseline 0.002 -16"><span class='ocrx_word' id='word_1_268' title='bbox 1978 1942 2190 2009; x_wconf 83' lang='lat' dir='ltr'><strong>Quibus</strong></span> <span class='ocrx_word' id='word_1_269' title='bbox 2243 1957 2341 2011; x_wconf 92' lang='lat' dir='ltr'>per</span> <span class='ocrx_word' id='word_1_270' title='bbox 2391 1941 2645 1996; x_wconf 87' lang='lat' dir='ltr'><strong>eumdem</strong></span> <span class='ocrx_word' id='word_1_271' title='bbox 2685 1941 3015 2011; x_wconf 87' lang='lat' dir='ltr'><strong>piscatorem</strong></span> <span class='ocrx_word' id='word_1_272' title='bbox 3059 1941 3142 1996; x_wconf 87' lang='lat' dir='ltr'>vir</span> <span class='ocrx_word' id='word_1_273' title='bbox 3186 1950 3410 1998; x_wconf 87' lang='lat' dir='ltr'><strong>sanctus</strong></span> <span class='ocrx_word' id='word_1_274' title='bbox 3465 1957 3555 1998; x_wconf 90' lang='lat' dir='ltr'><strong>re-</strong></span> 
     </span>
    </p>
   </div>
   <div class='ocr_carea' id='block_1_45' title="bbox 1978 2035 2252 2106">
    <p class='ocr_par' dir='ltr' id='par_1_45' title="bbox 1978 2035 2252 2106">
     <span class='ocr_line' id='line_1_45' title="bbox 1978 2035 2252 2106; baseline -0.011 -14"><span class='ocrx_word' id='word_1_275' title='bbox 1978 2035 2204 2106; x_wconf 81' lang='lat' dir='ltr'><strong>scripsit</strong></span> <span class='ocrx_word' id='word_1_276' title='bbox 2241 2055 2252 2089; x_wconf 96' lang='lat'>:</span> 
     </span>
    </p>
   </div>
   <div class='ocr_carea' id='block_1_46' title="bbox 2124 2143 3230 2208">
    <p class='ocr_par' dir='ltr' id='par_1_46' title="bbox 2124 2143 3230 2208">
     <span class='ocr_line' id='line_1_46' title="bbox 2124 2143 3230 2208; baseline 0.002 -11"><span class='ocrx_word' id='word_1_277' title='bbox 2124 2143 2359 2208; x_wconf 85' lang='lat' dir='ltr'><strong>Quorum</strong></span> <span class='ocrx_word' id='word_1_278' title='bbox 2387 2152 2570 2197; x_wconf 82' lang='lat' dir='ltr'><strong>notata</strong></span> <span class='ocrx_word' id='word_1_279' title='bbox 2602 2145 2820 2196; x_wconf 82' lang='lat' dir='ltr'><strong>nomina</strong></span> <span class='ocrx_word' id='word_1_280' title='bbox 2850 2145 2904 2196; x_wconf 86' lang='lat' dir='ltr'>in</span> <span class='ocrx_word' id='word_1_281' title='bbox 2933 2143 3230 2199; x_wconf 76' lang='lat' dir='ltr'><strong>caelestibus</strong></span> 
     </span>
    </p>
   </div>
   <div class='ocr_carea' id='block_1_47' title="bbox 2119 2214 3164 2284">
    <p class='ocr_par' dir='ltr' id='par_1_47' title="bbox 2119 2214 3164 2284">
     <span class='ocr_line' id='line_1_47' title="bbox 2119 2214 3164 2284; baseline 0 -16"><span class='ocrx_word' id='word_1_282' title='bbox 2119 2215 2289 2268; x_wconf 77' lang='lat' dir='ltr'><strong>Libris</strong></span> <span class='ocrx_word' id='word_1_283' title='bbox 2326 2214 2592 2284; x_wconf 80' lang='lat' dir='ltr'><strong>leguntur,</strong></span> <span class='ocrx_word' id='word_1_284' title='bbox 2634 2221 2682 2265; x_wconf 85' lang='lat' dir='ltr'>et</span> <span class='ocrx_word' id='word_1_285' title='bbox 2718 2214 3012 2284; x_wconf 74' lang='lat' dir='ltr'><strong>decentibus</strong></span> <span class='ocrx_word' id='word_1_286' title='bbox 3035 2217 3164 2268; x_wconf 79' lang='lat' dir='ltr'><strong>votis</strong></span> 
     </span>
    </p>
   </div>
   <div class='ocr_carea' id='block_1_48' title="bbox 2132 2283 3237 2354">
    <p class='ocr_par' dir='ltr' id='par_1_48' title="bbox 2132 2283 3237 2354">
     <span class='ocr_line' id='line_1_48' title="bbox 2132 2283 3237 2354; baseline 0 -18"><span class='ocrx_word' id='word_1_287' title='bbox 2132 2283 2467 2354; x_wconf 67' lang='lat' dir='ltr'><strong>Compunette</strong></span> <span class='ocrx_word' id='word_1_288' title='bbox 2498 2284 2714 2352; x_wconf 77' lang='lat' dir='ltr'><strong>frontes,</strong></span> <span class='ocrx_word' id='word_1_289' title='bbox 2748 2283 2951 2336; x_wconf 84' lang='lat' dir='ltr'><strong>vinculo</strong></span> <span class='ocrx_word' id='word_1_290' title='bbox 2978 2285 3237 2351; x_wconf 77' lang='lat' dir='ltr'><strong>oppressis</strong></span> 
     </span>
    </p>
   </div>
   <div class='ocr_carea' id='block_1_49' title="bbox 2130 2353 3250 2422">
    <p class='ocr_par' dir='ltr' id='par_1_49' title="bbox 2130 2353 3250 2422">
     <span class='ocr_line' id='line_1_49' title="bbox 2130 2353 3250 2422; baseline -0.003 -13"><span class='ocrx_word' id='word_1_291' title='bbox 2130 2356 2262 2409; x_wconf 80' lang='lat' dir='ltr'><strong>Dicit</strong></span> <span class='ocrx_word' id='word_1_292' title='bbox 2297 2353 2544 2420; x_wconf 76' lang='lat' dir='ltr'><strong>salutem,</strong></span> <span class='ocrx_word' id='word_1_293' title='bbox 2566 2355 2654 2422; x_wconf 87' lang='lat' dir='ltr'>qui</span> <span class='ocrx_word' id='word_1_294' title='bbox 2685 2355 2857 2406; x_wconf 79' lang='lat' dir='ltr'><strong>vivens</strong></span> <span class='ocrx_word' id='word_1_295' title='bbox 2887 2355 3119 2422; x_wconf 82' lang='lat' dir='ltr'><strong>sepultus</strong></span> <span class='ocrx_word' id='word_1_296' title='bbox 3152 2362 3250 2407; x_wconf 80' lang='lat' dir='ltr'><strong>est.</strong></span> 
     </span>
    </p>
   </div>
   <div class='ocr_carea' id='block_1_50' title="bbox 314 2501 3554 2575">
    <p class='ocr_par' dir='ltr' id='par_1_50' title="bbox 314 2501 3554 2575">
     <span class='ocr_line' id='line_1_50' title="bbox 314 2501 3554 2575; baseline 0.001 -22"><span class='ocrx_word' id='word_1_297' title='bbox 314 2503 492 2555; x_wconf 87' lang='grc' dir='ltr'>τοίνυν</span> <span class='ocrx_word' id='word_1_298' title='bbox 520 2504 974 2575; x_wconf 77' lang='grc' dir='ltr'>ἐγκεκλεισμένου</span> <span class='ocrx_word' id='word_1_299' title='bbox 1004 2504 1096 2558; x_wconf 76' lang='grc' dir='ltr'>τοῦ</span> <span class='ocrx_word' id='word_1_300' title='bbox 1124 2505 1372 2574; x_wconf 84' lang='grc' dir='ltr'>ἀοιδίμου</span> <span class='ocrx_word' id='word_1_301' title='bbox 1436 2505 1646 2558; x_wconf 84' lang='grc' dir='ltr'>ἐκείνου</span> <span class='ocrx_word' id='word_1_302' title='bbox 1714 2505 1948 2574; x_wconf 80' lang='grc' dir='ltr'>Πατρδς,</span> <span class='ocrx_word' id='word_1_303' title='bbox 1991 2504 2084 2557; x_wconf 76' lang='grc' dir='ltr'>καὶ</span> <span class='ocrx_word' id='word_1_304' title='bbox 2146 2504 2195 2555; x_wconf 82' lang='grc' dir='ltr'>οἱ</span> <span class='ocrx_word' id='word_1_305' title='bbox 2247 2501 2593 2570; x_wconf 81' lang='grc' dir='ltr'>αὐτάδελφοι,</span> <span class='ocrx_word' id='word_1_306' title='bbox 2623 2502 2651 2554; x_wconf 85' lang='grc' dir='ltr'><strong>ὃ</strong></span> <span class='ocrx_word' id='word_1_307' title='bbox 2691 2519 2751 2553; x_wconf 89' lang='grc' dir='ltr'>τε</span> <span class='ocrx_word' id='word_1_308' title='bbox 2801 2501 3082 2572; x_wconf 78' lang='grc' dir='ltr'>Θεοφάνης</span> <span class='ocrx_word' id='word_1_309' title='bbox 3127 2503 3222 2556; x_wconf 75' lang='grc' dir='ltr'>καὶ</span> <span class='ocrx_word' id='word_1_310' title='bbox 3275 2503 3554 2573; x_wconf 80' lang='grc' dir='ltr'>Θεόδωρος</span> 
     </span>
    </p>
   </div>
   <div class='ocr_carea' id='block_1_51' title="bbox 317 2591 3556 2683">
    <p class='ocr_par' dir='ltr' id='par_1_51' title="bbox 317 2591 3556 2683">
     <span class='ocr_line' id='line_1_51' title="bbox 317 2591 3556 2683; baseline -0.001 -36"><span class='ocrx_word' id='word_1_311' title='bbox 317 2595 457 2662; x_wconf 82' lang='grc' dir='ltr'>μετὰ</span> <span class='ocrx_word' id='word_1_312' title='bbox 492 2595 591 2664; x_wconf 84' lang='grc' dir='ltr'>τὴν</span> <span class='ocrx_word' id='word_1_313' title='bbox 629 2596 738 2648; x_wconf 90' lang='grc' dir='ltr'>τῶν</span> <span class='ocrx_word' id='word_1_314' title='bbox 771 2597 1080 2667; x_wconf 85' lang='grc' dir='ltr'>προσώπων</span> <span class='ocrx_word' id='word_1_315' title='bbox 1118 2597 1439 2662; x_wconf 77' lang='grc' dir='ltr'>κατάστιξιν</span> <span class='ocrx_word' id='word_1_316' title='bbox 1495 2596 1973 2683; x_wconf 58' lang='grc' dir='ltr'>ὑπεροριζόμενοι,</span> <span class='ocrx_word' id='word_1_317' title='bbox 2043 2595 2138 2649; x_wconf 74' lang='grc' dir='ltr'>καὶ</span> <span class='ocrx_word' id='word_1_318' title='bbox 2211 2594 2353 2647; x_wconf 76' lang='grc' dir='ltr'>κατὰ</span> <span class='ocrx_word' id='word_1_319' title='bbox 2415 2593 2504 2648; x_wconf 77' lang='grc' dir='ltr'>τὸν</span> <span class='ocrx_word' id='word_1_320' title='bbox 2533 2593 2726 2663; x_wconf 83' lang='grc' dir='ltr'>Κάρτα</span> <span class='ocrx_word' id='word_1_321' title='bbox 2756 2592 2958 2662; x_wconf 80' lang='grc' dir='ltr'>λιμένα</span> <span class='ocrx_word' id='word_1_322' title='bbox 2999 2591 3426 2657; x_wconf 76' lang='grc' dir='ltr'>καταλύσαντες,</span> <span class='ocrx_word' id='word_1_323' title='bbox 3463 2593 3556 2645; x_wconf 85' lang='grc' dir='ltr'>διά</span> 
     </span>
    </p>
   </div>
   <div class='ocr_carea' id='block_1_52' title="bbox 311 2687 2139 2761">
    <p class='ocr_par' dir='ltr' id='par_1_52' title="bbox 311 2687 2139 2761">
     <span class='ocr_line' id='line_1_52' title="bbox 311 2687 2139 2761; baseline -0.001 -20"><span class='ocrx_word' id='word_1_324' title='bbox 311 2706 453 2752; x_wconf 87' lang='grc' dir='ltr'>τινος</span> <span class='ocrx_word' id='word_1_325' title='bbox 473 2689 667 2753; x_wconf 79' lang='grc' dir='ltr'>ἁλιέως</span> <span class='ocrx_word' id='word_1_326' title='bbox 692 2691 957 2761; x_wconf 87' lang='grc' dir='ltr'>συνήθους</span> <span class='ocrx_word' id='word_1_327' title='bbox 978 2690 1054 2760; x_wconf 83' lang='grc' dir='ltr'>τῷ</span> <span class='ocrx_word' id='word_1_328' title='bbox 1075 2689 1204 2761; x_wconf 80' lang='grc' dir='ltr'>ἱερῷ</span> <span class='ocrx_word' id='word_1_329' title='bbox 1227 2689 1472 2761; x_wconf 79' lang='grc' dir='ltr'>Μεθοδίῳ</span> <span class='ocrx_word' id='word_1_330' title='bbox 1495 2690 1871 2743; x_wconf 81' lang='grc' dir='ltr'>ἐπιστέλλουσι</span> <span class='ocrx_word' id='word_1_331' title='bbox 1910 2687 2082 2744; x_wconf 73' lang='grc' dir='ltr'>ταῦτα</span> <span class='ocrx_word' id='word_1_332' title='bbox 2124 2704 2139 2719; x_wconf 89' lang='grc'><strong>·</strong></span> 
     </span>
    </p>
   </div>
   <div class='ocr_carea' id='block_1_53' title="bbox 1241 2819 2460 2895">
    <p class='ocr_par' dir='ltr' id='par_1_53' title="bbox 1241 2819 2460 2895">
     <span class='ocr_line' id='line_1_53' title="bbox 1241 2819 2460 2895; baseline 0.005 -17"><span class='ocrx_word' id='word_1_333' title='bbox 1241 2824 1329 2890; x_wconf 84' lang='grc' dir='ltr'>Τῷ</span> <span class='ocrx_word' id='word_1_334' title='bbox 1361 2825 1528 2886; x_wconf 73' lang='grc' dir='ltr'>ζῶντι</span> <span class='ocrx_word' id='word_1_335' title='bbox 1558 2825 1768 2895; x_wconf 67' lang='grc' dir='ltr'>νεκρῷ,</span> <span class='ocrx_word' id='word_1_336' title='bbox 1801 2823 1897 2878; x_wconf 77' lang='grc' dir='ltr'>καὶ</span> <span class='ocrx_word' id='word_1_337' title='bbox 1935 2821 2126 2889; x_wconf 75' lang='grc' dir='ltr'>νεκρῷ</span> <span class='ocrx_word' id='word_1_338' title='bbox 2142 2819 2460 2895; x_wconf 50' lang='lat' dir='ltr'>ﬁunydx‘w.</span> 
     </span>
    </p>
   </div>
   <div class='ocr_carea' id='block_1_54' title="bbox 1233 2892 2664 2965">
    <p class='ocr_par' dir='ltr' id='par_1_54' title="bbox 1233 2892 2664 2965">
     <span class='ocr_line' id='line_1_54' title="bbox 1233 2892 2664 2965; baseline -0.003 -16"><span class='ocrx_word' id='word_1_339' title='bbox 1233 2899 1476 2950; x_wconf 81' lang='grc' dir='ltr'>Ναίοντι</span> <span class='ocrx_word' id='word_1_340' title='bbox 1514 2898 1630 2965; x_wconf 78' lang='grc' dir='ltr'>τὴν</span> <span class='ocrx_word' id='word_1_341' title='bbox 1658 2892 1793 2965; x_wconf 60' lang='grc' dir='ltr'>γῆν,</span> <span class='ocrx_word' id='word_1_342' title='bbox 1836 2895 1936 2965; x_wconf 65' lang='grc' dir='ltr'>καί</span> <span class='ocrx_word' id='word_1_343' title='bbox 1973 2892 2264 2965; x_wconf 65' lang='grc' dir='ltr'>πολοῦντι</span> <span class='ocrx_word' id='word_1_344' title='bbox 2303 2895 2410 2944; x_wconf 77' lang='grc' dir='ltr'>τὸν</span> <span class='ocrx_word' id='word_1_345' title='bbox 2449 2893 2664 2954; x_wconf 78' lang='grc' dir='ltr'>πόλον,</span> 
     </span>
    </p>
   </div>
   <div class='ocr_carea' id='block_1_55' title="bbox 1229 2963 2213 3035">
    <p class='ocr_par' dir='ltr' id='par_1_55' title="bbox 1229 2963 2213 3035">
     <span class='ocr_line' id='line_1_55' title="bbox 1229 2963 2213 3035; baseline -0.005 -17"><span class='ocrx_word' id='word_1_346' title='bbox 1229 2967 1493 3033; x_wconf 76' lang='grc' dir='ltr'>Γραπτοὶ</span> <span class='ocrx_word' id='word_1_347' title='bbox 1533 2963 1832 3035; x_wconf 60' lang='grc' dir='ltr'>γράφουσι</span> <span class='ocrx_word' id='word_1_348' title='bbox 1862 2964 1942 3029; x_wconf 84' lang='grc' dir='ltr'>τῷ</span> <span class='ocrx_word' id='word_1_349' title='bbox 1969 2963 2213 3030; x_wconf 81' lang='grc' dir='ltr'>δεσμίῳ.</span> 
     </span>
    </p>
   </div>
   <div class='ocr_carea' id='block_1_56' title="bbox 315 3056 2047 3125">
    <p class='ocr_par' dir='ltr' id='par_1_56' title="bbox 315 3056 2047 3125">
     <span class='ocr_line' id='line_1_56' title="bbox 315 3056 2047 3125; baseline -0.007 -6"><span class='ocrx_word' id='word_1_350' title='bbox 315 3057 412 3125; x_wconf 81' lang='grc' dir='ltr'>Οἷς</span> <span class='ocrx_word' id='word_1_351' title='bbox 444 3060 604 3116; x_wconf 82' lang='grc' dir='ltr'>πάλιν</span> <span class='ocrx_word' id='word_1_352' title='bbox 649 3059 736 3114; x_wconf 82' lang='grc' dir='ltr'>διὰ</span> <span class='ocrx_word' id='word_1_353' title='bbox 776 3059 868 3112; x_wconf 82' lang='grc' dir='ltr'>τοῦ</span> <span class='ocrx_word' id='word_1_354' title='bbox 916 3058 1081 3112; x_wconf 81' lang='grc' dir='ltr'>αὑτοῦ</span> <span class='ocrx_word' id='word_1_355' title='bbox 1124 3060 1321 3123; x_wconf 83' lang='grc' dir='ltr'>ἁλιέως</span> <span class='ocrx_word' id='word_1_356' title='bbox 1363 3061 1390 3111; x_wconf 88' lang='grc' dir='ltr'><strong>ὁ</strong></span> <span class='ocrx_word' id='word_1_357' title='bbox 1437 3060 1586 3120; x_wconf 82' lang='grc' dir='ltr'>ὅσιος</span> <span class='ocrx_word' id='word_1_358' title='bbox 1629 3056 2047 3122; x_wconf 81' lang='grc' dir='ltr'>ἀνταπέστειλε,</span> 
     </span>
    </p>
   </div>
   <div class='ocr_carea' id='block_1_57' title="bbox 1230 3143 2653 3214">
    <p class='ocr_par' dir='ltr' id='par_1_57' title="bbox 1230 3143 2653 3214">
     <span class='ocr_line' id='line_1_57' title="bbox 1230 3143 2653 3214; baseline -0.004 -12"><span class='ocrx_word' id='word_1_359' title='bbox 1230 3149 1376 3214; x_wconf 85' lang='grc' dir='ltr'>Τοὺς</span> <span class='ocrx_word' id='word_1_360' title='bbox 1414 3149 1542 3214; x_wconf 79' lang='grc' dir='ltr'>ταῖς</span> <span class='ocrx_word' id='word_1_361' title='bbox 1565 3149 1880 3213; x_wconf 72' lang='grc' dir='ltr'>βίϐλοισιν</span> <span class='ocrx_word' id='word_1_362' title='bbox 1908 3147 2170 3213; x_wconf 82' lang='grc' dir='ltr'>οὐρανοῦ</span> <span class='ocrx_word' id='word_1_363' title='bbox 2201 3143 2653 3213; x_wconf 73' lang='grc' dir='ltr'>κλησιγράςςους</span> 
     </span>
    </p>
   </div>
   <div class='ocr_carea' id='block_1_58' title="bbox 1222 3217 2568 3284">
    <p class='ocr_par' dir='ltr' id='par_1_58' title="bbox 1222 3217 2568 3284">
     <span class='ocr_line' id='line_1_58' title="bbox 1222 3217 2568 3284; baseline -0.002 -13"><span class='ocrx_word' id='word_1_364' title='bbox 1222 3219 1327 3271; x_wconf 79' lang='lat' dir='ltr'><strong>Kal</strong></span> <span class='ocrx_word' id='word_1_365' title='bbox 1363 3218 1511 3284; x_wconf 81' lang='grc' dir='ltr'>πρὸς</span> <span class='ocrx_word' id='word_1_366' title='bbox 1543 3218 1787 3284; x_wconf 84' lang='grc' dir='ltr'>μέτωπα</span> <span class='ocrx_word' id='word_1_367' title='bbox 1817 3218 2140 3284; x_wconf 65' lang='grc' dir='ltr'>σωφρόνως</span> <span class='ocrx_word' id='word_1_368' title='bbox 2177 3217 2568 3283; x_wconf 80' lang='grc' dir='ltr'>ἐστιγμένους</span> 
     </span>
    </p>
   </div>
   <div class='ocr_carea' id='block_1_59' title="bbox 1220 3285 2526 3369">
    <p class='ocr_par' dir='ltr' id='par_1_59' title="bbox 1220 3285 2526 3354">
     <span class='ocr_line' id='line_1_59' title="bbox 1220 3285 2526 3354; baseline 0 -14"><span class='ocrx_word' id='word_1_369' title='bbox 1220 3288 1553 3354; x_wconf 81' lang='grc' dir='ltr'>Προσεῖπεν</span> <span class='ocrx_word' id='word_1_370' title='bbox 1583 3290 1616 3341; x_wconf 85' lang='grc' dir='ltr'><strong><em>ό</em></strong></span> <span class='ocrx_word' id='word_1_371' title='bbox 1641 3285 1933 3350; x_wconf 78' lang='grc' dir='ltr'>ζώθαπτος</span> <span class='ocrx_word' id='word_1_372' title='bbox 1964 3286 2044 3352; x_wconf 84' lang='grc' dir='ltr'>ὡς</span> <span class='ocrx_word' id='word_1_373' title='bbox 2073 3285 2526 3354; x_wconf 47' lang='grc' dir='ltr'>συνδεσμίουςτ</span> 
     </span>
    </p>
   </div>
   <div class='ocr_carea' id='block_1_60' title="bbox 342 3425 1879 3508">
    <p class='ocr_par' dir='ltr' id='par_1_60' title="bbox 342 3425 1872 3508">
     <span class='ocr_line' id='line_1_60' title="bbox 342 3425 1872 3508; baseline -0.008 -15"><span class='ocrx_word' id='word_1_374' title='bbox 342 3439 584 3508; x_wconf 77' lang='grc' dir='ltr'>Εϐδομον</span> <span class='ocrx_word' id='word_1_375' title='bbox 613 3436 658 3490; x_wconf 86' lang='grc' dir='ltr'>δ’</span> <span class='ocrx_word' id='word_1_376' title='bbox 686 3435 804 3498; x_wconf 76' lang='grc' dir='ltr'>ἔτος</span> <span class='ocrx_word' id='word_1_377' title='bbox 832 3434 1088 3497; x_wconf 75' lang='grc' dir='ltr'>διανύσας</span> <span class='ocrx_word' id='word_1_378' title='bbox 1122 3433 1180 3487; x_wconf 84' lang='grc' dir='ltr'>ἐν</span> <span class='ocrx_word' id='word_1_379' title='bbox 1213 3431 1288 3501; x_wconf 83' lang='grc' dir='ltr'>τῷ</span> <span class='ocrx_word' id='word_1_380' title='bbox 1315 3430 1470 3498; x_wconf 83' lang='grc' dir='ltr'>τάφῳ</span> <span class='ocrx_word' id='word_1_381' title='bbox 1496 3432 1524 3483; x_wconf 89' lang='grc' dir='ltr'>ὁ</span> <span class='ocrx_word' id='word_1_382' title='bbox 1547 3429 1722 3496; x_wconf 79' lang='grc' dir='ltr'>ἅγιος,</span> <span class='ocrx_word' id='word_1_383' title='bbox 1753 3425 1872 3482; x_wconf 78' lang='grc' dir='ltr'>εἷτα</span> 
     </span>
    </p>
   </div>
   <div class='ocr_carea' id='block_1_61' title="bbox 1982 3425 3549 3508">
    <p class='ocr_par' dir='ltr' id='par_1_61' title="bbox 1982 3425 3549 3501">
     <span class='ocr_line' id='line_1_61' title="bbox 1982 3425 3549 3501; baseline 0.004 -22"><span class='ocrx_word' id='word_1_384' title='bbox 1982 3426 2111 3480; x_wconf 86' lang='lat' dir='ltr'><strong>Cum</strong></span> <span class='ocrx_word' id='word_1_385' title='bbox 2138 3434 2320 3480; x_wconf 86' lang='lat' dir='ltr'><strong>autem</strong></span> <span class='ocrx_word' id='word_1_386' title='bbox 2355 3425 2650 3494; x_wconf 89' lang='lat' dir='ltr'><strong>septimum</strong></span> <span class='ocrx_word' id='word_1_387' title='bbox 2681 3441 2886 3481; x_wconf 88' lang='lat' dir='ltr'><strong>annum</strong></span> <span class='ocrx_word' id='word_1_388' title='bbox 2908 3427 2962 3482; x_wconf 91' lang='lat' dir='ltr'>in</span> <span class='ocrx_word' id='word_1_389' title='bbox 2983 3430 3241 3498; x_wconf 76' lang='lat' dir='ltr'><strong>sepulcro</strong></span> <span class='ocrx_word' id='word_1_390' title='bbox 3261 3431 3549 3501; x_wconf 77' lang='lat' dir='ltr'><strong>exegisset,</strong></span> 
     </span>
    </p>
   </div>
   <div class='ocr_carea' id='block_1_62' title="bbox 315 3521 1869 3599">
    <p class='ocr_par' dir='ltr' id='par_1_62' title="bbox 315 3521 1869 3599">
     <span class='ocr_line' id='line_1_62' title="bbox 315 3521 1869 3599; baseline -0.01 -11"><span class='ocrx_word' id='word_1_391' title='bbox 315 3530 522 3588; x_wconf 82' lang='grc' dir='ltr'>εκείθεν</span> <span class='ocrx_word' id='word_1_392' title='bbox 545 3529 828 3599; x_wconf 72' lang='grc' dir='ltr'>ἐκϐληθεὶς</span> <span class='ocrx_word' id='word_1_393' title='bbox 854 3529 910 3581; x_wconf 83' lang='grc' dir='ltr'>ἐν</span> <span class='ocrx_word' id='word_1_394' title='bbox 942 3527 1054 3589; x_wconf 86' lang='grc' dir='ltr'>τοῖς</span> <span class='ocrx_word' id='word_1_395' title='bbox 1079 3524 1397 3594; x_wconf 78' lang='grc' dir='ltr'>ἀνακτόροις</span> <span class='ocrx_word' id='word_1_396' title='bbox 1425 3521 1869 3584; x_wconf 76' lang='grc' dir='ltr'>κατεκέκλειστο,</span> 
     </span>
    </p>
   </div>
   <div class='ocr_carea' id='block_1_63' title="bbox 319 3613 1878 3692">
    <p class='ocr_par' dir='ltr' id='par_1_63' title="bbox 319 3613 1878 3692">
     <span class='ocr_line' id='line_1_63' title="bbox 319 3613 1878 3692; baseline -0.006 -17"><span class='ocrx_word' id='word_1_397' title='bbox 319 3623 542 3692; x_wconf 58' lang='grc' dir='ltr'>μηδενὸς</span> <span class='ocrx_word' id='word_1_398' title='bbox 583 3620 745 3674; x_wconf 82' lang='grc' dir='ltr'>αὑτὸν</span> <span class='ocrx_word' id='word_1_399' title='bbox 773 3616 1094 3688; x_wconf 78' lang='grc' dir='ltr'>ὀρῶντος,ἦ</span> <span class='ocrx_word' id='word_1_400' title='bbox 1134 3616 1296 3686; x_wconf 89' lang='grc' dir='ltr'>μόνον</span> <span class='ocrx_word' id='word_1_401' title='bbox 1337 3613 1429 3667; x_wconf 80' lang='grc' dir='ltr'>τοῦ</span> <span class='ocrx_word' id='word_1_402' title='bbox 1475 3613 1878 3684; x_wconf 82' lang='grc' dir='ltr'>ὑπηρετοῦντος</span> 
     </span>
    </p>
   </div>
   <div class='ocr_carea' id='block_1_64' title="bbox 311 3704 1876 3784">
    <p class='ocr_par' dir='ltr' id='par_1_64' title="bbox 311 3704 1876 3784">
     <span class='ocr_line' id='line_1_64' title="bbox 311 3704 1876 3784; baseline -0.007 -16"><span class='ocrx_word' id='word_1_403' title='bbox 311 3713 478 3784; x_wconf 83' lang='grc' dir='ltr'>αὐτῷ,</span> <span class='ocrx_word' id='word_1_404' title='bbox 512 3713 606 3766; x_wconf 69' lang='grc' dir='ltr'>κα)⁸</span> <span class='ocrx_word' id='word_1_405' title='bbox 632 3711 725 3764; x_wconf 81' lang='grc' dir='ltr'>τοῦ</span> <span class='ocrx_word' id='word_1_406' title='bbox 754 3709 1016 3781; x_wconf 82' lang='grc' dir='ltr'>βασιλέως</span> <span class='ocrx_word' id='word_1_407' title='bbox 1036 3724 1051 3740; x_wconf 78' lang='grc' dir='ltr'><strong>ο</strong></span> <span class='ocrx_word' id='word_1_408' title='bbox 1085 3706 1391 3777; x_wconf 82' lang='grc' dir='ltr'>φιλοπονῶν</span> <span class='ocrx_word' id='word_1_409' title='bbox 1422 3705 1531 3777; x_wconf 81' lang='grc' dir='ltr'>γὰρ</span> <span class='ocrx_word' id='word_1_410' title='bbox 1557 3707 1584 3758; x_wconf 91' lang='lat'>6</span> <span class='ocrx_word' id='word_1_411' title='bbox 1617 3704 1876 3774; x_wconf 76' lang='grc' dir='ltr'>Θεόφιλος</span> 
     </span>
    </p>
   </div>
   <div class='ocr_carea' id='block_1_65' title="bbox 311 3795 1878 3872">
    <p class='ocr_par' dir='ltr' id='par_1_65' title="bbox 311 3795 1878 3872">
     <span class='ocr_line' id='line_1_65' title="bbox 311 3795 1878 3872; baseline -0.007 -14"><span class='ocrx_word' id='word_1_412' title='bbox 311 3808 407 3860; x_wconf 78' lang='grc' dir='ltr'>καὶ</span> <span class='ocrx_word' id='word_1_413' title='bbox 443 3800 854 3872; x_wconf 85' lang='grc' dir='ltr'>ἀναγινώσκων,</span> <span class='ocrx_word' id='word_1_414' title='bbox 885 3799 1075 3871; x_wconf 70' lang='grc' dir='ltr'>ἠρώτα</span> <span class='ocrx_word' id='word_1_415' title='bbox 1121 3797 1214 3851; x_wconf 83' lang='grc' dir='ltr'>τὸν</span> <span class='ocrx_word' id='word_1_416' title='bbox 1257 3799 1403 3868; x_wconf 83' lang='grc' dir='ltr'>ἱερὸν</span> <span class='ocrx_word' id='word_1_417' title='bbox 1445 3797 1710 3851; x_wconf 85' lang='grc' dir='ltr'>Μεθόδιον</span> <span class='ocrx_word' id='word_1_418' title='bbox 1746 3795 1878 3866; x_wconf 82' lang='grc' dir='ltr'>περὶ</span> 
     </span>
    </p>
   </div>
   <div class='ocr_carea' id='block_1_66' title="bbox 319 3887 1876 3964">
    <p class='ocr_par' dir='ltr' id='par_1_66' title="bbox 319 3887 1876 3964">
     <span class='ocr_line' id='line_1_66' title="bbox 319 3887 1876 3964; baseline -0.005 -14"><span class='ocrx_word' id='word_1_419' title='bbox 319 3892 384 3950; x_wconf 60' lang='grc' dir='ltr'>ὒν</span> <span class='ocrx_word' id='word_1_420' title='bbox 410 3893 768 3964; x_wconf 75' lang='grc' dir='ltr'>ἁμφιϐάλλων</span> <span class='ocrx_word' id='word_1_421' title='bbox 796 3887 888 3964; x_wconf 86' lang='grc' dir='ltr'>ἦν,</span> <span class='ocrx_word' id='word_1_422' title='bbox 918 3891 996 3946; x_wconf 81' lang='grc' dir='ltr'>διὸ</span> <span class='ocrx_word' id='word_1_423' title='bbox 1030 3891 1125 3945; x_wconf 80' lang='grc' dir='ltr'>καὶ</span> <span class='ocrx_word' id='word_1_424' title='bbox 1167 3891 1222 3943; x_wconf 84' lang='grc' dir='ltr'>ἐν</span> <span class='ocrx_word' id='word_1_425' title='bbox 1251 3893 1372 3954; x_wconf 81' lang='grc' dir='ltr'>ταῖς</span> <span class='ocrx_word' id='word_1_426' title='bbox 1412 3889 1748 3962; x_wconf 83' lang='grc' dir='ltr'>ἀποδημίαις</span> <span class='ocrx_word' id='word_1_427' title='bbox 1786 3890 1876 3943; x_wconf 78' lang='grc' dir='ltr'>ἀεὶ</span> 
     </span>
    </p>
   </div>
   <div class='ocr_carea' id='block_1_67' title="bbox 315 3981 918 4056">
    <p class='ocr_par' dir='ltr' id='par_1_67' title="bbox 315 3981 918 4056">
     <span class='ocr_line' id='line_1_67' title="bbox 315 3981 918 4056; baseline -0.007 -14"><span class='ocrx_word' id='word_1_428' title='bbox 315 3989 540 4042; x_wconf 82' lang='grc' dir='ltr'>συνόντα</span> <span class='ocrx_word' id='word_1_429' title='bbox 573 3981 716 4056; x_wconf 75' lang='grc' dir='ltr'>εἶχεν</span> <span class='ocrx_word' id='word_1_430' title='bbox 743 3983 918 4054; x_wconf 81' lang='grc' dir='ltr'>αὐτῷ.</span> 
     </span>
    </p>
   </div>
   <div class='ocr_carea' id='block_1_68' title="bbox 378 4074 1877 4150">
    <p class='ocr_par' dir='ltr' id='par_1_68' title="bbox 378 4074 1877 4150">
     <span class='ocr_line' id='line_1_68' title="bbox 378 4074 1877 4150; baseline -0.005 -15"><span class='ocrx_word' id='word_1_431' title='bbox 378 4079 507 4135; x_wconf 80' lang='grc' dir='ltr'>ΚΘ’.</span> <span class='ocrx_word' id='word_1_432' title='bbox 556 4081 755 4150; x_wconf 81' lang='grc' dir='ltr'>Ἔαρος</span> <span class='ocrx_word' id='word_1_433' title='bbox 779 4078 823 4130; x_wconf 77' lang='grc' dir='ltr'>δ’</span> <span class='ocrx_word' id='word_1_434' title='bbox 855 4075 1198 4141; x_wconf 83' lang='grc' dir='ltr'>ἐπιστάντος,</span> <span class='ocrx_word' id='word_1_435' title='bbox 1241 4074 1381 4128; x_wconf 86' lang='grc' dir='ltr'>κατὰ</span> <span class='ocrx_word' id='word_1_436' title='bbox 1412 4075 1522 4128; x_wconf 89' lang='grc' dir='ltr'>τῶν</span> <span class='ocrx_word' id='word_1_437' title='bbox 1558 4075 1877 4146; x_wconf 83' lang='grc' dir='ltr'>Ἀγαρηνῶν</span> 
     </span>
    </p>
   </div>
   <div class='ocr_carea' id='block_1_69' title="bbox 307 4166 1876 4244">
    <p class='ocr_par' dir='ltr' id='par_1_69' title="bbox 307 4166 1876 4244">
     <span class='ocr_line' id='line_1_69' title="bbox 307 4166 1876 4244; baseline -0.005 -17"><span class='ocrx_word' id='word_1_438' title='bbox 307 4177 335 4228; x_wconf 88' lang='grc' dir='ltr'>ὁ</span> <span class='ocrx_word' id='word_1_439' title='bbox 368 4172 642 4244; x_wconf 76' lang='grc' dir='ltr'>βασιλεὺς,</span> <span class='ocrx_word' id='word_1_440' title='bbox 680 4171 776 4224; x_wconf 66' lang='grc' dir='ltr'>καὶ</span> <span class='ocrx_word' id='word_1_441' title='bbox 805 4169 969 4222; x_wconf 77' lang='grc' dir='ltr'>πάλιν</span> <span class='ocrx_word' id='word_1_442' title='bbox 1015 4166 1116 4241; x_wconf 77' lang='grc' dir='ltr'>ἦρε</span> <span class='ocrx_word' id='word_1_443' title='bbox 1153 4168 1222 4221; x_wconf 86' lang='grc' dir='ltr'>τά</span> <span class='ocrx_word' id='word_1_444' title='bbox 1254 4168 1415 4234; x_wconf 82' lang='grc' dir='ltr'>ὅπλα,</span> <span class='ocrx_word' id='word_1_445' title='bbox 1453 4170 1548 4222; x_wconf 76' lang='grc' dir='ltr'>καὶ</span> <span class='ocrx_word' id='word_1_446' title='bbox 1580 4168 1751 4221; x_wconf 85' lang='grc' dir='ltr'>πολλὰ</span> <span class='ocrx_word' id='word_1_447' title='bbox 1778 4169 1876 4238; x_wconf 83' lang='grc' dir='ltr'>τῆς</span> 
     </span>
    </p>
   </div>
   <div class='ocr_carea' id='block_1_70' title="bbox 309 4259 1874 4332">
    <p class='ocr_par' dir='ltr' id='par_1_70' title="bbox 309 4259 1874 4332">
     <span class='ocr_line' id='line_1_70' title="bbox 309 4259 1874 4332; baseline -0.002 -17"><span class='ocrx_word' id='word_1_448' title='bbox 309 4265 508 4332; x_wconf 79' lang='grc' dir='ltr'>Συρίας</span> <span class='ocrx_word' id='word_1_449' title='bbox 534 4260 888 4331; x_wconf 79' lang='grc' dir='ltr'>ἐξεπόρθησε,</span> <span class='ocrx_word' id='word_1_450' title='bbox 923 4259 1019 4313; x_wconf 76' lang='grc' dir='ltr'>καὶ</span> <span class='ocrx_word' id='word_1_451' title='bbox 1065 4259 1275 4313; x_wconf 88' lang='grc' dir='ltr'>πόλεων</span> <span class='ocrx_word' id='word_1_452' title='bbox 1323 4259 1619 4328; x_wconf 82' lang='grc' dir='ltr'>ἐκράτησε,</span> <span class='ocrx_word' id='word_1_453' title='bbox 1652 4260 1745 4312; x_wconf 78' lang='grc' dir='ltr'>καὶ</span> <span class='ocrx_word' id='word_1_454' title='bbox 1777 4261 1874 4312; x_wconf 81' lang='grc' dir='ltr'>αὐ-</span> 
     </span>
    </p>
   </div>
   <div class='ocr_carea' id='block_1_71' title="bbox 307 4351 1873 4425">
    <p class='ocr_par' dir='ltr' id='par_1_71' title="bbox 307 4351 1873 4425">
     <span class='ocr_line' id='line_1_71' title="bbox 307 4351 1873 4425; baseline -0.003 -16"><span class='ocrx_word' id='word_1_455' title='bbox 307 4356 408 4425; x_wconf 84' lang='grc' dir='ltr'>τῆς</span> <span class='ocrx_word' id='word_1_456' title='bbox 441 4352 821 4422; x_wconf 75' lang='grc' dir='ltr'>Σωζοπέτρας,</span> <span class='ocrx_word' id='word_1_457' title='bbox 880 4353 914 4422; x_wconf 85' lang='grc' dir='ltr'>ἢ</span> <span class='ocrx_word' id='word_1_458' title='bbox 989 4353 1188 4422; x_wconf 76' lang='grc' dir='ltr'>πατρὶς</span> <span class='ocrx_word' id='word_1_459' title='bbox 1232 4351 1494 4422; x_wconf 82' lang='grc' dir='ltr'>ἐτύγχανε</span> <span class='ocrx_word' id='word_1_460' title='bbox 1533 4351 1627 4404; x_wconf 81' lang='grc' dir='ltr'>τοῦ</span> <span class='ocrx_word' id='word_1_461' title='bbox 1674 4353 1873 4422; x_wconf 79' lang='grc' dir='ltr'>Ἀμερ-</span> 
     </span>
    </p>
   </div>
   <div class='ocr_carea' id='block_1_72' title="bbox 313 4427 1874 4518">
    <p class='ocr_par' dir='ltr' id='par_1_72' title="bbox 313 4444 1874 4518">
     <span class='ocr_line' id='line_1_72' title="bbox 313 4444 1874 4518; baseline -0.002 -20"><span class='ocrx_word' id='word_1_462' title='bbox 313 4446 556 4518; x_wconf 80' lang='grc' dir='ltr'>μουμνῆ,</span> <span class='ocrx_word' id='word_1_463' title='bbox 583 4450 676 4499; x_wconf 71' lang='grc' dir='ltr'>καὶ</span> <span class='ocrx_word' id='word_1_464' title='bbox 707 4445 880 4496; x_wconf 83' lang='grc' dir='ltr'>ταῦτα</span> <span class='ocrx_word' id='word_1_465' title='bbox 914 4444 1086 4496; x_wconf 81' lang='grc' dir='ltr'>πολλὰ</span> <span class='ocrx_word' id='word_1_466' title='bbox 1130 4444 1386 4512; x_wconf 86' lang='grc' dir='ltr'>δεομένου</span> <span class='ocrx_word' id='word_1_467' title='bbox 1419 4444 1653 4508; x_wconf 81' lang='grc' dir='ltr'>ἐκείνου,</span> <span class='ocrx_word' id='word_1_468' title='bbox 1683 4445 1874 4512; x_wconf 77' lang='grc' dir='ltr'>φεῖσα-</span> 
     </span>
    </p>
   </div>
   <div class='ocr_carea' id='block_1_73' title="bbox 313 4531 1876 4608">
    <p class='ocr_par' dir='ltr' id='par_1_73' title="bbox 313 4531 1876 4608">
     <span class='ocr_line' id='line_1_73' title="bbox 313 4531 1876 4608; baseline -0.002 -16"><span class='ocrx_word' id='word_1_469' title='bbox 313 4539 435 4592; x_wconf 87' lang='grc' dir='ltr'>σθαι</span> <span class='ocrx_word' id='word_1_470' title='bbox 494 4539 594 4606; x_wconf 85' lang='grc' dir='ltr'>τῆς</span> <span class='ocrx_word' id='word_1_471' title='bbox 645 4537 904 4608; x_wconf 85' lang='grc' dir='ltr'>πατρίδος</span> <span class='ocrx_word' id='word_1_472' title='bbox 976 4535 1165 4592; x_wconf 77' lang='grc' dir='ltr'>αὑτοῦ.</span> <span class='ocrx_word' id='word_1_473' title='bbox 1209 4535 1268 4588; x_wconf 89' lang='lat'>&#39;0</span> <span class='ocrx_word' id='word_1_474' title='bbox 1313 4535 1426 4606; x_wconf 71' lang='grc' dir='ltr'>,μὲν</span> <span class='ocrx_word' id='word_1_475' title='bbox 1477 4531 1570 4589; x_wconf 82' lang='grc' dir='ltr'>οὖν</span> <span class='ocrx_word' id='word_1_476' title='bbox 1621 4535 1876 4605; x_wconf 80' lang='grc' dir='ltr'>βασιλεὺς</span> 
     </span>
    </p>
   </div>
   <div class='ocr_carea' id='block_1_74' title="bbox 1973 3515 3552 3586">
    <p class='ocr_par' dir='ltr' id='par_1_74' title="bbox 1973 3515 3552 3586">
     <span class='ocr_line' id='line_1_74' title="bbox 1973 3515 3552 3586; baseline 0.004 -16"><span class='ocrx_word' id='word_1_477' title='bbox 1973 3515 2103 3570; x_wconf 88' lang='lat' dir='ltr'><strong>inde</strong></span> <span class='ocrx_word' id='word_1_478' title='bbox 2134 3516 2344 3585; x_wconf 86' lang='lat' dir='ltr'><strong>ejectus</strong></span> <span class='ocrx_word' id='word_1_479' title='bbox 2371 3527 2532 3583; x_wconf 86' lang='lat' dir='ltr'><strong>atque</strong></span> <span class='ocrx_word' id='word_1_480' title='bbox 2564 3515 2618 3567; x_wconf 85' lang='lat' dir='ltr'>in</span> <span class='ocrx_word' id='word_1_481' title='bbox 2649 3517 2797 3586; x_wconf 79' lang='lat' dir='ltr'><strong>regia</strong></span> <span class='ocrx_word' id='word_1_482' title='bbox 2836 3519 3132 3572; x_wconf 82' lang='lat' dir='ltr'><strong>conclusus</strong></span> <span class='ocrx_word' id='word_1_483' title='bbox 3175 3530 3280 3584; x_wconf 83' lang='lat' dir='ltr'><strong>est,</strong></span> <span class='ocrx_word' id='word_1_484' title='bbox 3330 3523 3552 3577; x_wconf 85' lang='lat' dir='ltr'><strong>nemine</strong></span> 
     </span>
    </p>
   </div>
   <div class='ocr_carea' id='block_1_75' title="bbox 1973 3607 3546 3681">
    <p class='ocr_par' dir='ltr' id='par_1_75' title="bbox 1973 3607 3546 3681">
     <span class='ocr_line' id='line_1_75' title="bbox 1973 3607 3546 3681; baseline 0.002 -17"><span class='ocrx_word' id='word_1_485' title='bbox 1973 3624 2100 3664; x_wconf 90' lang='lat' dir='ltr'>eum</span> <span class='ocrx_word' id='word_1_486' title='bbox 2117 3608 2362 3671; x_wconf 77' lang='lat' dir='ltr'><strong>vidente,</strong></span> <span class='ocrx_word' id='word_1_487' title='bbox 2384 3614 2583 3676; x_wconf 68' lang='lat' dir='ltr'><strong>praeter</strong></span> <span class='ocrx_word' id='word_1_488' title='bbox 2603 3607 2917 3662; x_wconf 86' lang='lat' dir='ltr'><strong>ministrum</strong></span> <span class='ocrx_word' id='word_1_489' title='bbox 2939 3611 3504 3681; x_wconf 57' lang='lat' dir='ltr'><strong>ejuspltTheophilum</strong></span> <span class='ocrx_word' id='word_1_490' title='bbox 3533 3633 3546 3668; x_wconf 88' lang='lat'><strong>:</strong></span> 
     </span>
    </p>
   </div>
   <div class='ocr_carea' id='block_1_76' title="bbox 1975 3699 3553 3770">
    <p class='ocr_par' dir='ltr' id='par_1_76' title="bbox 1975 3699 3553 3770">
     <span class='ocr_line' id='line_1_76' title="bbox 1975 3699 3553 3770; baseline 0.004 -17"><span class='ocrx_word' id='word_1_491' title='bbox 1975 3701 2068 3770; x_wconf 89' lang='lat' dir='ltr'>qui</span> <span class='ocrx_word' id='word_1_492' title='bbox 2101 3715 2224 3753; x_wconf 89' lang='lat' dir='ltr'>cum</span> <span class='ocrx_word' id='word_1_493' title='bbox 2258 3699 2506 3754; x_wconf 89' lang='lat' dir='ltr'><strong>studiose</strong></span> <span class='ocrx_word' id='word_1_494' title='bbox 2530 3699 2758 3768; x_wconf 84' lang='lat' dir='ltr'><strong>legeret,</strong></span> <span class='ocrx_word' id='word_1_495' title='bbox 2801 3699 3046 3756; x_wconf 86' lang='lat' dir='ltr'><strong>divinum</strong></span> <span class='ocrx_word' id='word_1_496' title='bbox 3077 3703 3254 3756; x_wconf 86' lang='lat' dir='ltr'><strong>virum</strong></span> <span class='ocrx_word' id='word_1_497' title='bbox 3292 3703 3364 3758; x_wconf 90' lang='lat' dir='ltr'>de</span> <span class='ocrx_word' id='word_1_498' title='bbox 3414 3705 3553 3759; x_wconf 86' lang='lat' dir='ltr'><strong>locis</strong></span> 
     </span>
    </p>
   </div>
   <div class='ocr_carea' id='block_1_77' title="bbox 1974 3791 3547 3866">
    <p class='ocr_par' dir='ltr' id='par_1_77' title="bbox 1974 3791 3547 3866">
     <span class='ocr_line' id='line_1_77' title="bbox 1974 3791 3547 3866; baseline 0.002 -18"><span class='ocrx_word' id='word_1_499' title='bbox 1974 3793 2160 3848; x_wconf 86' lang='lat' dir='ltr'><strong>dubiis</strong></span> <span class='ocrx_word' id='word_1_500' title='bbox 2210 3791 2795 3861; x_wconf 69' lang='lat' dir='ltr'><strong>interrogabat,eaque</strong></span> <span class='ocrx_word' id='word_1_501' title='bbox 2825 3795 2891 3848; x_wconf 85' lang='lat' dir='ltr'>de</span> <span class='ocrx_word' id='word_1_502' title='bbox 2927 3810 3089 3849; x_wconf 88' lang='lat' dir='ltr'><strong>causa</strong></span> <span class='ocrx_word' id='word_1_503' title='bbox 3124 3797 3289 3850; x_wconf 87' lang='lat' dir='ltr'><strong>etiam</strong></span> <span class='ocrx_word' id='word_1_504' title='bbox 3324 3797 3378 3850; x_wconf 89' lang='lat' dir='ltr'>in</span> <span class='ocrx_word' id='word_1_505' title='bbox 3416 3813 3547 3866; x_wconf 86' lang='lat' dir='ltr'><strong>per-</strong></span> 
     </span>
    </p>
   </div>
   <div class='ocr_carea' id='block_1_78' title="bbox 1973 3886 3216 3959">
    <p class='ocr_par' dir='ltr' id='par_1_78' title="bbox 1973 3886 3216 3959">
     <span class='ocr_line' id='line_1_78' title="bbox 1973 3886 3216 3959; baseline 0.002 -17"><span class='ocrx_word' id='word_1_506' title='bbox 1973 3886 2412 3959; x_wconf 83' lang='lat' dir='ltr'><strong>egrinationibus</strong></span> <span class='ocrx_word' id='word_1_507' title='bbox 2478 3898 2695 3954; x_wconf 87' lang='lat' dir='ltr'><strong>semper</strong></span> <span class='ocrx_word' id='word_1_508' title='bbox 2735 3887 2973 3943; x_wconf 84' lang='lat' dir='ltr'><strong>habebat</strong></span> <span class='ocrx_word' id='word_1_509' title='bbox 3008 3906 3216 3944; x_wconf 87' lang='lat' dir='ltr'><strong>secum.</strong></span> 
     </span>
    </p>
   </div>
   <div class='ocr_carea' id='block_1_79' title="bbox 2041 4072 3548 4144">
    <p class='ocr_par' dir='ltr' id='par_1_79' title="bbox 2041 4072 3548 4144">
     <span class='ocr_line' id='line_1_79' title="bbox 2041 4072 3548 4144; baseline 0.001 -16"><span class='ocrx_word' id='word_1_510' title='bbox 2041 4072 2235 4128; x_wconf 79' lang='lat' dir='ltr'><strong>XXIX.</strong></span> <span class='ocrx_word' id='word_1_511' title='bbox 2261 4073 2398 4128; x_wconf 82' lang='lat' dir='ltr'><strong>Vere</strong></span> <span class='ocrx_word' id='word_1_512' title='bbox 2419 4073 2717 4143; x_wconf 89' lang='lat' dir='ltr'><strong>incipiente</strong></span> <span class='ocrx_word' id='word_1_513' title='bbox 2737 4075 3037 4144; x_wconf 88' lang='lat' dir='ltr'><strong>imperator</strong></span> <span class='ocrx_word' id='word_1_514' title='bbox 3058 4088 3266 4137; x_wconf 88' lang='lat' dir='ltr'><strong>rursus,</strong></span> <span class='ocrx_word' id='word_1_515' title='bbox 3285 4073 3548 4143; x_wconf 83' lang='lat' dir='ltr'><strong>Agarcnis</strong></span> 
     </span>
    </p>
   </div>
   <div class='ocr_carea' id='block_1_80' title="bbox 1971 4164 3551 4238">
    <p class='ocr_par' dir='ltr' id='par_1_80' title="bbox 1971 4164 3551 4238">
     <span class='ocr_line' id='line_1_80' title="bbox 1971 4164 3551 4238; baseline -0.002 -17"><span class='ocrx_word' id='word_1_516' title='bbox 1971 4182 2123 4221; x_wconf 81' lang='lat' dir='ltr'><strong>arma</strong></span> <span class='ocrx_word' id='word_1_517' title='bbox 2149 4167 2335 4220; x_wconf 87' lang='lat' dir='ltr'><strong>intulit</strong></span> <span class='ocrx_word' id='word_1_518' title='bbox 2363 4178 2442 4233; x_wconf 90' lang='lat' dir='ltr'>et,</span> <span class='ocrx_word' id='word_1_519' title='bbox 2465 4183 2659 4238; x_wconf 82' lang='lat' dir='ltr'><strong>magna</strong></span> <span class='ocrx_word' id='word_1_520' title='bbox 2691 4165 2860 4237; x_wconf 72' lang='lat' dir='ltr'><strong>Syria:</strong></span> <span class='ocrx_word' id='word_1_521' title='bbox 2881 4174 3036 4235; x_wconf 89' lang='lat' dir='ltr'><strong>parte</strong></span> <span class='ocrx_word' id='word_1_522' title='bbox 3059 4173 3288 4222; x_wconf 85' lang='lat' dir='ltr'><strong>vastata.</strong></span> <span class='ocrx_word' id='word_1_523' title='bbox 3314 4164 3551 4218; x_wconf 89' lang='lat' dir='ltr'><strong>urbibus</strong></span> 
     </span>
    </p>
   </div>
   <div class='ocr_carea' id='block_1_81' title="bbox 1969 4255 3539 4331">
    <p class='ocr_par' dir='ltr' id='par_1_81' title="bbox 1969 4255 3539 4331">
     <span class='ocr_line' id='line_1_81' title="bbox 1969 4255 3539 4331; baseline -0.006 -14"><span class='ocrx_word' id='word_1_524' title='bbox 1969 4272 2052 4317; x_wconf 84' lang='lat' dir='ltr'>est</span> <span class='ocrx_word' id='word_1_525' title='bbox 2099 4261 2328 4331; x_wconf 88' lang='lat' dir='ltr'><strong>potitus,</strong></span> <span class='ocrx_word' id='word_1_526' title='bbox 2397 4261 2623 4331; x_wconf 87' lang='lat' dir='ltr'><strong>ipsaque</strong></span> <span class='ocrx_word' id='word_1_527' title='bbox 2666 4259 2966 4328; x_wconf 89' lang='lat' dir='ltr'><strong>Sozopetra</strong></span> <span class='ocrx_word' id='word_1_528' title='bbox 3005 4258 3181 4326; x_wconf 88' lang='lat' dir='ltr'><strong>patria</strong></span> <span class='ocrx_word' id='word_1_529' title='bbox 3248 4255 3539 4309; x_wconf 83' lang='lat' dir='ltr'><strong>Amermu-</strong></span> 
     </span>
    </p>
   </div>
   <div class='ocr_carea' id='block_1_82' title="bbox 1973 4347 3552 4421">
    <p class='ocr_par' dir='ltr' id='par_1_82' title="bbox 1973 4347 3552 4421">
     <span class='ocr_line' id='line_1_82' title="bbox 1973 4347 3552 4421; baseline -0.004 -15"><span class='ocrx_word' id='word_1_530' title='bbox 1973 4353 2116 4407; x_wconf 78' lang='lat' dir='ltr'><strong>mnis</strong></span> <span class='ocrx_word' id='word_1_531' title='bbox 2141 4370 2154 4406; x_wconf 91' lang='lat'><strong>:</strong></span> <span class='ocrx_word' id='word_1_532' title='bbox 2183 4351 2430 4421; x_wconf 82' lang='lat' dir='ltr'><strong>quamvis</strong></span> <span class='ocrx_word' id='word_1_533' title='bbox 2461 4352 2551 4406; x_wconf 93' lang='lat' dir='ltr'><strong>ille</strong></span> <span class='ocrx_word' id='word_1_534' title='bbox 2587 4351 2843 4414; x_wconf 90' lang='lat' dir='ltr'><strong>multum,</strong></span> <span class='ocrx_word' id='word_1_535' title='bbox 2877 4349 2973 4404; x_wconf 89' lang='lat' dir='ltr'>sed</span> <span class='ocrx_word' id='word_1_536' title='bbox 3003 4347 3231 4413; x_wconf 82' lang='lat' dir='ltr'><strong>frustra,</strong></span> <span class='ocrx_word' id='word_1_537' title='bbox 3256 4361 3417 4402; x_wconf 68' lang='lat' dir='ltr'><strong>orate</strong></span> <span class='ocrx_word' id='word_1_538' title='bbox 3446 4386 3462 4413; x_wconf 86' lang='lat'>,</span> <span class='ocrx_word' id='word_1_539' title='bbox 3489 4357 3552 4400; x_wconf 87' lang='lat' dir='ltr'>ut</span> 
     </span>
    </p>
   </div>
   <div class='ocr_carea' id='block_1_83' title="bbox 1973 4440 3554 4514">
    <p class='ocr_par' dir='ltr' id='par_1_83' title="bbox 1973 4440 3554 4514">
     <span class='ocr_line' id='line_1_83' title="bbox 1973 4440 3554 4514; baseline -0.002 -18"><span class='ocrx_word' id='word_1_540' title='bbox 1973 4444 2163 4514; x_wconf 72' lang='lat' dir='ltr'><strong>patria:</strong></span> <span class='ocrx_word' id='word_1_541' title='bbox 2196 4442 2349 4513; x_wconf 71' lang='lat'>151</span> <span class='ocrx_word' id='word_1_542' title='bbox 2379 4459 2491 4497; x_wconf 67' lang='lat' dir='ltr'><strong>sua:</strong></span> <span class='ocrx_word' id='word_1_543' title='bbox 2519 4451 2855 4512; x_wconf 88' lang='lat' dir='ltr'><strong>parceretur.</strong></span> <span class='ocrx_word' id='word_1_544' title='bbox 2880 4441 2956 4495; x_wconf 84' lang='lat' dir='ltr'><strong>Ac</strong></span> <span class='ocrx_word' id='word_1_545' title='bbox 2993 4440 3292 4510; x_wconf 88' lang='lat' dir='ltr'><strong>imperator</strong></span> <span class='ocrx_word' id='word_1_546' title='bbox 3317 4440 3554 4495; x_wconf 87' lang='lat' dir='ltr'><strong>feliciter</strong></span> 
     </span>
    </p>
   </div>
   <div class='ocr_carea' id='block_1_84' title="bbox 1974 4533 3550 4604">
    <p class='ocr_par' dir='ltr' id='par_1_84' title="bbox 1974 4533 3550 4604">
     <span class='ocr_line' id='line_1_84' title="bbox 1974 4533 3550 4604; baseline -0.002 -13"><span class='ocrx_word' id='word_1_547' title='bbox 1974 4536 2198 4591; x_wconf 89' lang='lat' dir='ltr'><strong>domum</strong></span> <span class='ocrx_word' id='word_1_548' title='bbox 2227 4535 2414 4590; x_wconf 88' lang='lat' dir='ltr'><strong>rediit.</strong></span> <span class='ocrx_word' id='word_1_549' title='bbox 2446 4533 2821 4604; x_wconf 87' lang='lat' dir='ltr'><strong>Theopbobus</strong></span> <span class='ocrx_word' id='word_1_550' title='bbox 2850 4541 3032 4588; x_wconf 88' lang='lat' dir='ltr'><strong>autem</strong></span> <span class='ocrx_word' id='word_1_551' title='bbox 3069 4533 3134 4588; x_wconf 89' lang='lat' dir='ltr'>ad</span> <span class='ocrx_word' id='word_1_552' title='bbox 3159 4533 3550 4604; x_wconf 77' lang='lat' dir='ltr'><strong>gubernandas</strong></span> 
     </span>
    </p>
   </div>
   <div class='ocr_carea' id='block_1_85' title="bbox 307 4625 1879 4700">
    <p class='ocr_par' dir='ltr' id='par_1_85' title="bbox 307 4625 1877 4697">
     <span class='ocr_line' id='line_1_85' title="bbox 307 4625 1877 4697; baseline -0.003 -14"><span class='ocrx_word' id='word_1_553' title='bbox 307 4629 594 4693; x_wconf 76' lang='grc' dir='ltr'>ἀνέζευξεν</span> <span class='ocrx_word' id='word_1_554' title='bbox 645 4626 911 4697; x_wconf 83' lang='grc' dir='ltr'>εὐτυχῶς.</span> <span class='ocrx_word' id='word_1_555' title='bbox 948 4625 1007 4678; x_wconf 84' lang='lat'>&#39;0</span> <span class='ocrx_word' id='word_1_556' title='bbox 1065 4626 1335 4693; x_wconf 76' lang='grc' dir='ltr'>Θεὸφοὸος</span> <span class='ocrx_word' id='word_1_557' title='bbox 1380 4625 1437 4678; x_wconf 82' lang='grc' dir='ltr'>δὲ</span> <span class='ocrx_word' id='word_1_558' title='bbox 1494 4625 1877 4695; x_wconf 78' lang='grc' dir='ltr'>καταλειφθεὶς</span> 
     </span>
    </p>
   </div>
   <div class='ocr_carea' id='block_1_86' title="bbox 1982 4625 3547 4700">
    <p class='ocr_par' dir='ltr' id='par_1_86' title="bbox 1982 4625 3547 4700">
     <span class='ocr_line' id='line_1_86' title="bbox 1982 4625 3547 4700; baseline -0.004 -16"><span class='ocrx_word' id='word_1_559' title='bbox 1982 4630 2220 4700; x_wconf 82' lang='lat' dir='ltr'><strong>legiones</strong></span> <span class='ocrx_word' id='word_1_560' title='bbox 2250 4628 2499 4693; x_wconf 89' lang='lat' dir='ltr'><strong>relictus,</strong></span> <span class='ocrx_word' id='word_1_561' title='bbox 2531 4643 2656 4684; x_wconf 91' lang='lat' dir='ltr'>cum</span> <span class='ocrx_word' id='word_1_562' title='bbox 2685 4627 2981 4682; x_wconf 86' lang='lat' dir='ltr'><strong>Persarum</strong></span> <span class='ocrx_word' id='word_1_563' title='bbox 3023 4625 3300 4697; x_wconf 89' lang='lat' dir='ltr'><strong>stipendia</strong></span> <span class='ocrx_word' id='word_1_564' title='bbox 3338 4625 3547 4680; x_wconf 88' lang='lat' dir='ltr'><strong>tardius</strong></span> 
     </span>
    </p>
   </div>
   <div class='ocr_carea' id='block_1_87' title="bbox 307 4715 1879 4791">
    <p class='ocr_par' dir='ltr' id='par_1_87' title="bbox 307 4717 1875 4791">
     <span class='ocr_line' id='line_1_87' title="bbox 307 4717 1875 4791; baseline -0.004 -15"><span class='ocrx_word' id='word_1_565' title='bbox 307 4723 450 4776; x_wconf 83' lang='grc' dir='ltr'>ὥστε</span> <span class='ocrx_word' id='word_1_566' title='bbox 480 4722 548 4774; x_wconf 85' lang='grc' dir='ltr'>τὰ</span> <span class='ocrx_word' id='word_1_567' title='bbox 609 4719 716 4772; x_wconf 88' lang='grc' dir='ltr'>τῶν</span> <span class='ocrx_word' id='word_1_568' title='bbox 767 4719 1198 4791; x_wconf 86' lang='grc' dir='ltr'>στρατευμάτων</span> <span class='ocrx_word' id='word_1_569' title='bbox 1246 4717 1728 4787; x_wconf 82' lang='grc' dir='ltr'>οἰκονομήσασθαι,</span> <span class='ocrx_word' id='word_1_570' title='bbox 1755 4717 1875 4771; x_wconf 86' lang='grc' dir='ltr'>ἐπεὶ</span> 
     </span>
    </p>
   </div>
   <div class='ocr_carea' id='block_1_88' title="bbox 1982 4715 3544 4791">
    <p class='ocr_par' dir='ltr' id='par_1_88' title="bbox 1982 4715 3544 4786">
     <span class='ocr_line' id='line_1_88' title="bbox 1982 4715 3544 4786; baseline -0.003 -12"><span class='ocrx_word' id='word_1_571' title='bbox 1982 4720 2329 4774; x_wconf 80' lang='lat' dir='ltr'><strong>solverentur</strong></span> <span class='ocrx_word' id='word_1_572' title='bbox 2385 4718 2645 4786; x_wconf 89' lang='lat' dir='ltr'><strong>(habebat</strong></span> <span class='ocrx_word' id='word_1_573' title='bbox 2695 4719 2843 4771; x_wconf 89' lang='lat' dir='ltr'><strong>enim</strong></span> <span class='ocrx_word' id='word_1_574' title='bbox 2891 4717 3192 4786; x_wconf 88' lang='lat' dir='ltr'><strong>imperator</strong></span> <span class='ocrx_word' id='word_1_575' title='bbox 3240 4715 3544 4770; x_wconf 78' lang='lat' dir='ltr'><strong>exercitum</strong></span> 
     </span>
    </p>
   </div>
   <div class='ocr_carea' id='block_1_89' title="bbox 307 4784 1879 4882">
    <p class='ocr_par' dir='ltr' id='par_1_89' title="bbox 307 4807 1873 4879">
     <span class='ocr_line' id='line_1_89' title="bbox 307 4807 1873 4879; baseline -0.004 -13"><span class='ocrx_word' id='word_1_576' title='bbox 307 4815 368 4866; x_wconf 82' lang='grc' dir='ltr'>τδ</span> <span class='ocrx_word' id='word_1_577' title='bbox 404 4813 513 4865; x_wconf 89' lang='grc' dir='ltr'>τῶν</span> <span class='ocrx_word' id='word_1_578' title='bbox 571 4810 796 4878; x_wconf 84' lang='grc' dir='ltr'>Περσῶν</span> <span class='ocrx_word' id='word_1_579' title='bbox 859 4809 1126 4879; x_wconf 80' lang='grc' dir='ltr'>ὑστέρησε</span> <span class='ocrx_word' id='word_1_580' title='bbox 1176 4807 1485 4877; x_wconf 85' lang='grc' dir='ltr'>σιτηρέσιον</span> <span class='ocrx_word' id='word_1_581' title='bbox 1533 4807 1873 4878; x_wconf 84' lang='grc' dir='ltr'>(στράτευμα</span> 
     </span>
    </p>
   </div>
   <div class='ocr_carea' id='block_1_90' title="bbox 1982 4784 3548 4882">
    <p class='ocr_par' dir='ltr' id='par_1_90' title="bbox 1982 4784 3548 4882">
     <span class='ocr_line' id='line_1_90' title="bbox 1982 4784 3548 4882; baseline -0.003 -17"><span class='ocrx_word' id='word_1_582' title='bbox 1982 4810 2306 4882; x_wconf 86' lang='lat' dir='ltr'><strong>Persicum),</strong></span> <span class='ocrx_word' id='word_1_583' title='bbox 2334 4784 2401 4865; x_wconf 81' lang='lat' dir='ltr'>ab</span> <span class='ocrx_word' id='word_1_584' title='bbox 2435 4810 2544 4865; x_wconf 86' lang='lat' dir='ltr'><strong>illis</strong></span> <span class='ocrx_word' id='word_1_585' title='bbox 2574 4784 3008 4880; x_wconf 79' lang='lat' dir='ltr'><strong>indignantibus,</strong></span> <span class='ocrx_word' id='word_1_586' title='bbox 3039 4808 3125 4861; x_wconf 89' lang='lat' dir='ltr'>vel</span> <span class='ocrx_word' id='word_1_587' title='bbox 3152 4807 3356 4861; x_wconf 88' lang='lat' dir='ltr'><strong>invitus</strong></span> <span class='ocrx_word' id='word_1_588' title='bbox 3383 4817 3548 4875; x_wconf 87' lang='lat' dir='ltr'><strong>atque</strong></span> 
     </span>
    </p>
   </div>
   <div class='ocr_carea' id='block_1_91' title="bbox 307 4896 1876 4978">
    <p class='ocr_par' dir='ltr' id='par_1_91' title="bbox 307 4896 1876 4978">
     <span class='ocr_line' id='line_1_91' title="bbox 307 4896 1876 4978; baseline -0.005 -19"><span class='ocrx_word' id='word_1_589' title='bbox 307 4907 416 4978; x_wconf 73' lang='grc' dir='ltr'>γὰρ</span> <span class='ocrx_word' id='word_1_590' title='bbox 453 4901 521 4976; x_wconf 80' lang='grc' dir='ltr'>ἦν</span> <span class='ocrx_word' id='word_1_591' title='bbox 550 4904 627 4973; x_wconf 76' lang='grc' dir='ltr'>τῷ</span> <span class='ocrx_word' id='word_1_592' title='bbox 658 4902 869 4971; x_wconf 83' lang='grc' dir='ltr'>βασιλεῖ</span> <span class='ocrx_word' id='word_1_593' title='bbox 900 4900 1217 4970; x_wconf 74' lang='grc' dir='ltr'>Περσικὸν),</span> <span class='ocrx_word' id='word_1_594' title='bbox 1265 4897 1756 4969; x_wconf 82' lang='grc' dir='ltr'>περιαλγησάντων</span> <span class='ocrx_word' id='word_1_595' title='bbox 1788 4896 1876 4951; x_wconf 74' lang='grc' dir='ltr'>διὰ</span> 
     </span>
    </p>
   </div>
   <div class='ocr_carea' id='block_1_92' title="bbox 305 4989 1876 5066">
    <p class='ocr_par' dir='ltr' id='par_1_92' title="bbox 305 4989 1876 5066">
     <span class='ocr_line' id='line_1_92' title="bbox 305 4989 1876 5066; baseline -0.008 -15"><span class='ocrx_word' id='word_1_596' title='bbox 305 4997 462 5051; x_wconf 79' lang='grc' dir='ltr'>τοῦτο</span> <span class='ocrx_word' id='word_1_597' title='bbox 491 4996 598 5050; x_wconf 85' lang='grc' dir='ltr'>τῶν</span> <span class='ocrx_word' id='word_1_598' title='bbox 634 4993 880 5066; x_wconf 71' lang='grc' dir='ltr'>Περσῶν,</span> <span class='ocrx_word' id='word_1_599' title='bbox 917 4991 1172 5062; x_wconf 79' lang='grc' dir='ltr'>βασιλεὺς</span> <span class='ocrx_word' id='word_1_600' title='bbox 1209 4991 1338 5060; x_wconf 87' lang='grc' dir='ltr'>παρ’</span> <span class='ocrx_word' id='word_1_601' title='bbox 1373 4990 1555 5042; x_wconf 78' lang='grc' dir='ltr'>αὐτῶν</span> <span class='ocrx_word' id='word_1_602' title='bbox 1595 4989 1876 5058; x_wconf 77' lang='grc' dir='ltr'>ἀνερρήθη</span> 
     </span>
    </p>
   </div>
   <div class='ocr_carea' id='block_1_93' title="bbox 309 5080 1876 5155">
    <p class='ocr_par' dir='ltr' id='par_1_93' title="bbox 309 5080 1876 5155">
     <span class='ocr_line' id='line_1_93' title="bbox 309 5080 1876 5155; baseline -0.006 -15"><span class='ocrx_word' id='word_1_603' title='bbox 309 5089 401 5142; x_wconf 77' lang='grc' dir='ltr'>καὶ</span> <span class='ocrx_word' id='word_1_604' title='bbox 429 5088 597 5151; x_wconf 80' lang='grc' dir='ltr'>ἄκων,</span> <span class='ocrx_word' id='word_1_605' title='bbox 629 5086 830 5155; x_wconf 77' lang='grc' dir='ltr'>μᾶλλον</span> <span class='ocrx_word' id='word_1_606' title='bbox 863 5084 918 5136; x_wconf 78' lang='grc' dir='ltr'>δὲ</span> <span class='ocrx_word' id='word_1_607' title='bbox 961 5083 1054 5135; x_wconf 70' lang='grc' dir='ltr'>καὶ</span> <span class='ocrx_word' id='word_1_608' title='bbox 1084 5081 1419 5151; x_wconf 77' lang='grc' dir='ltr'>παρακαλῶν</span> <span class='ocrx_word' id='word_1_609' title='bbox 1451 5082 1645 5145; x_wconf 74' lang='grc' dir='ltr'>αὐτοὺς</span> <span class='ocrx_word' id='word_1_610' title='bbox 1691 5080 1876 5148; x_wconf 80' lang='grc' dir='ltr'>μεθεῖ-</span> 
     </span>
    </p>
   </div>
   <div class='ocr_carea' id='block_1_94' title="bbox 308 5171 1878 5247">
    <p class='ocr_par' dir='ltr' id='par_1_94' title="bbox 308 5171 1878 5247">
     <span class='ocr_line' id='line_1_94' title="bbox 308 5171 1878 5247; baseline -0.006 -16"><span class='ocrx_word' id='word_1_611' title='bbox 308 5197 397 5233; x_wconf 83' lang='grc' dir='ltr'>ναι</span> <span class='ocrx_word' id='word_1_612' title='bbox 448 5180 548 5247; x_wconf 77' lang='grc' dir='ltr'>τῆς</span> <span class='ocrx_word' id='word_1_613' title='bbox 605 5177 886 5241; x_wconf 81' lang='grc' dir='ltr'>ἀπονοίας,</span> <span class='ocrx_word' id='word_1_614' title='bbox 948 5175 1023 5242; x_wconf 83' lang='grc' dir='ltr'>μὴ</span> <span class='ocrx_word' id='word_1_615' title='bbox 1095 5175 1189 5225; x_wconf 69' lang='grc' dir='ltr'>καὶ</span> <span class='ocrx_word' id='word_1_616' title='bbox 1259 5173 1630 5236; x_wconf 66' lang='grc' dir='ltr'>ἐαυτοῦ-,καὶ</span> <span class='ocrx_word' id='word_1_617' title='bbox 1688 5171 1878 5223; x_wconf 74' lang='grc' dir='ltr'>ἑαυτὸν</span> 
     </span>
    </p>
   </div>
   <div class='ocr_carea' id='block_1_95' title="bbox 308 5261 1876 5337">
    <p class='ocr_par' dir='ltr' id='par_1_95' title="bbox 308 5261 1876 5337">
     <span class='ocr_line' id='line_1_95' title="bbox 308 5261 1876 5337; baseline -0.003 -18"><span class='ocrx_word' id='word_1_618' title='bbox 308 5268 556 5337; x_wconf 84' lang='grc' dir='ltr'>ἐσχάτοις</span> <span class='ocrx_word' id='word_1_619' title='bbox 615 5269 809 5327; x_wconf 82' lang='grc' dir='ltr'>κακοῖς</span> <span class='ocrx_word' id='word_1_620' title='bbox 860 5263 1270 5333; x_wconf 74' lang='grc' dir='ltr'>περιϐάλωσιν·</span> <span class='ocrx_word' id='word_1_621' title='bbox 1338 5263 1457 5315; x_wconf 84' lang='grc' dir='ltr'>ἀλλ’</span> <span class='ocrx_word' id='word_1_622' title='bbox 1508 5264 1608 5314; x_wconf 75' lang='grc' dir='ltr'>οὐκ</span> <span class='ocrx_word' id='word_1_623' title='bbox 1668 5261 1876 5314; x_wconf 73' lang='grc' dir='ltr'>ἔπειθε.</span> 
     </span>
    </p>
   </div>
   <div class='ocr_carea' id='block_1_96' title="bbox 309 5355 1874 5426">
    <p class='ocr_par' dir='ltr' id='par_1_96' title="bbox 309 5355 1874 5426">
     <span class='ocr_line' id='line_1_96' title="bbox 309 5355 1874 5426; baseline -0.001 -19"><span class='ocrx_word' id='word_1_624' title='bbox 309 5357 524 5409; x_wconf 81' lang='grc' dir='ltr'>Στέλλει</span> <span class='ocrx_word' id='word_1_625' title='bbox 556 5359 686 5425; x_wconf 69' lang='grc' dir='ltr'>γοῦν</span> <span class='ocrx_word' id='word_1_626' title='bbox 720 5357 858 5426; x_wconf 63' lang='grc' dir='ltr'>πρὸς</span> <span class='ocrx_word' id='word_1_627' title='bbox 901 5357 990 5408; x_wconf 87' lang='grc' dir='ltr'>τὸν</span> <span class='ocrx_word' id='word_1_628' title='bbox 1024 5355 1268 5425; x_wconf 83' lang='grc' dir='ltr'>βασιλέα,</span> <span class='ocrx_word' id='word_1_629' title='bbox 1303 5356 1463 5407; x_wconf 85' lang='grc' dir='ltr'>τοῦτο</span> <span class='ocrx_word' id='word_1_630' title='bbox 1498 5355 1623 5417; x_wconf 78' lang='grc' dir='ltr'>τοὺς</span> <span class='ocrx_word' id='word_1_631' title='bbox 1659 5355 1874 5422; x_wconf 77' lang='grc' dir='ltr'>Πέρσας</span> 
     </span>
    </p>
   </div>
   <div class='ocr_carea' id='block_1_97' title="bbox 309 5445 1875 5516">
    <p class='ocr_par' dir='ltr' id='par_1_97' title="bbox 309 5445 1875 5516">
     <span class='ocr_line' id='line_1_97' title="bbox 309 5445 1875 5516; baseline 0.001 -20"><span class='ocrx_word' id='word_1_632' title='bbox 309 5445 783 5516; x_wconf 78' lang='grc' dir='ltr'>ἀποκρυψάμενος,</span> <span class='ocrx_word' id='word_1_633' title='bbox 818 5446 1102 5516; x_wconf 82' lang='grc' dir='ltr'>γνωρίζων</span> <span class='ocrx_word' id='word_1_634' title='bbox 1137 5446 1196 5499; x_wconf 76' lang='grc' dir='ltr'>τὸ</span> <span class='ocrx_word' id='word_1_635' title='bbox 1218 5447 1457 5514; x_wconf 64' lang='grc' dir='ltr'>γεγονὸς,</span> <span class='ocrx_word' id='word_1_636' title='bbox 1494 5447 1589 5500; x_wconf 77' lang='grc' dir='ltr'>καὶ</span> <span class='ocrx_word' id='word_1_637' title='bbox 1621 5445 1789 5515; x_wconf 80' lang='grc' dir='ltr'>μηδέν</span> <span class='ocrx_word' id='word_1_638' title='bbox 1819 5463 1875 5498; x_wconf 91' lang='grc' dir='ltr'>τι</span> 
     </span>
    </p>
   </div>
   <div class='ocr_carea' id='block_1_98' title="bbox 1973 4900 3547 4972">
    <p class='ocr_par' dir='ltr' id='par_1_98' title="bbox 1973 4900 3547 4972">
     <span class='ocr_line' id='line_1_98' title="bbox 1973 4900 3547 4972; baseline -0.003 -17"><span class='ocrx_word' id='word_1_639' title='bbox 1973 4903 2041 4956; x_wconf 88' lang='lat' dir='ltr'>ab</span> <span class='ocrx_word' id='word_1_640' title='bbox 2061 4916 2124 4956; x_wconf 85' lang='lat' dir='ltr'>ea</span> <span class='ocrx_word' id='word_1_641' title='bbox 2169 4903 2552 4972; x_wconf 88' lang='lat' dir='ltr'><strong>desperatione</strong></span> <span class='ocrx_word' id='word_1_642' title='bbox 2585 4901 2788 4956; x_wconf 86' lang='lat' dir='ltr'><strong>frustra</strong></span> <span class='ocrx_word' id='word_1_643' title='bbox 2840 4900 3159 4962; x_wconf 87' lang='lat' dir='ltr'><strong>debortans,</strong></span> <span class='ocrx_word' id='word_1_644' title='bbox 3208 4912 3278 4952; x_wconf 89' lang='lat' dir='ltr'>ne</span> <span class='ocrx_word' id='word_1_645' title='bbox 3322 4906 3377 4952; x_wconf 89' lang='lat' dir='ltr'>et</span> <span class='ocrx_word' id='word_1_646' title='bbox 3406 4913 3464 4952; x_wconf 92' lang='lat' dir='ltr'>sc</span> <span class='ocrx_word' id='word_1_647' title='bbox 3491 4907 3547 4951; x_wconf 88' lang='lat' dir='ltr'>et</span> 
     </span>
    </p>
   </div>
   <div class='ocr_carea' id='block_1_99' title="bbox 1975 4988 3548 5062">
    <p class='ocr_par' dir='ltr' id='par_1_99' title="bbox 1975 4988 3548 5062">
     <span class='ocr_line' id='line_1_99' title="bbox 1975 4988 3548 5062; baseline -0.005 -14"><span class='ocrx_word' id='word_1_648' title='bbox 1975 4993 2300 5062; x_wconf 88' lang='lat' dir='ltr'><strong>semetipsos</strong></span> <span class='ocrx_word' id='word_1_649' title='bbox 2327 4993 2381 5047; x_wconf 92' lang='lat' dir='ltr'>in</span> <span class='ocrx_word' id='word_1_650' title='bbox 2411 5003 2654 5048; x_wconf 72' lang='lat' dir='ltr'><strong>extrema</strong></span> <span class='ocrx_word' id='word_1_651' title='bbox 2686 4992 2824 5046; x_wconf 89' lang='lat' dir='ltr'><strong>mala</strong></span> <span class='ocrx_word' id='word_1_652' title='bbox 2854 4991 3212 5060; x_wconf 87' lang='lat' dir='ltr'><strong>conjicerent,</strong></span> <span class='ocrx_word' id='word_1_653' title='bbox 3249 4988 3548 5059; x_wconf 88' lang='lat' dir='ltr'><strong>imperator</strong></span> 
     </span>
    </p>
   </div>
   <div class='ocr_carea' id='block_1_100' title="bbox 1975 5081 3541 5151">
    <p class='ocr_par' dir='ltr' id='par_1_100' title="bbox 1975 5081 3541 5151">
     <span class='ocr_line' id='line_1_100' title="bbox 1975 5081 3541 5151; baseline -0.003 -13"><span class='ocrx_word' id='word_1_654' title='bbox 1975 5085 2266 5140; x_wconf 81' lang='lat' dir='ltr'><strong>salutatur.</strong></span> <span class='ocrx_word' id='word_1_655' title='bbox 2307 5085 2425 5150; x_wconf 87' lang='lat' dir='ltr'><strong>Quo</strong></span> <span class='ocrx_word' id='word_1_656' title='bbox 2457 5084 2624 5148; x_wconf 86' lang='lat' dir='ltr'><strong>facto,</strong></span> <span class='ocrx_word' id='word_1_657' title='bbox 2676 5084 2815 5137; x_wconf 88' lang='lat' dir='ltr'><strong>clam</strong></span> <span class='ocrx_word' id='word_1_658' title='bbox 2849 5081 3052 5146; x_wconf 86' lang='lat' dir='ltr'><strong>Persis,</strong></span> <span class='ocrx_word' id='word_1_659' title='bbox 3107 5081 3164 5135; x_wconf 86' lang='lat' dir='ltr'>id</span> <span class='ocrx_word' id='word_1_660' title='bbox 3218 5081 3541 5151; x_wconf 84' lang='lat' dir='ltr'><strong>imperatori</strong></span> 
     </span>
    </p>
   </div>
   <div class='ocr_carea' id='block_1_101' title="bbox 1973 5171 3547 5246">
    <p class='ocr_par' dir='ltr' id='par_1_101' title="bbox 1973 5171 3547 5246">
     <span class='ocr_line' id='line_1_101' title="bbox 1973 5171 3547 5246; baseline -0.003 -14"><span class='ocrx_word' id='word_1_661' title='bbox 1973 5176 2264 5246; x_wconf 79' lang='lat' dir='ltr'><strong>signiﬁcat,</strong></span> <span class='ocrx_word' id='word_1_662' title='bbox 2289 5177 2450 5245; x_wconf 79' lang='lat' dir='ltr'><strong>eique</strong></span> <span class='ocrx_word' id='word_1_663' title='bbox 2481 5173 2640 5229; x_wconf 77' lang='lat' dir='ltr'><strong>[idem</strong></span> <span class='ocrx_word' id='word_1_664' title='bbox 2689 5173 2838 5238; x_wconf 87' lang='lat' dir='ltr'><strong>facit,</strong></span> <span class='ocrx_word' id='word_1_665' title='bbox 2886 5188 2954 5226; x_wconf 88' lang='lat' dir='ltr'>ne</span> <span class='ocrx_word' id='word_1_666' title='bbox 2995 5171 3125 5241; x_wconf 89' lang='lat' dir='ltr'><strong>quid</strong></span> <span class='ocrx_word' id='word_1_667' title='bbox 3153 5171 3364 5226; x_wconf 89' lang='lat' dir='ltr'><strong>sinistri</strong></span> <span class='ocrx_word' id='word_1_668' title='bbox 3392 5171 3459 5225; x_wconf 90' lang='lat' dir='ltr'>de</span> <span class='ocrx_word' id='word_1_669' title='bbox 3488 5187 3547 5227; x_wconf 83' lang='lat' dir='ltr'>se</span> 
     </span>
    </p>
   </div>
   <div class='ocr_carea' id='block_1_102' title="bbox 1976 5263 3544 5338">
    <p class='ocr_par' dir='ltr' id='par_1_102' title="bbox 1976 5263 3544 5338">
     <span class='ocr_line' id='line_1_102' title="bbox 1976 5263 3544 5338; baseline -0.005 -15"><span class='ocrx_word' id='word_1_670' title='bbox 1976 5269 2310 5338; x_wconf 87' lang='lat' dir='ltr'><strong>suspicetur.</strong></span> <span class='ocrx_word' id='word_1_671' title='bbox 2352 5269 2625 5322; x_wconf 75' lang='lat' dir='ltr'><strong>Reversus</strong></span> <span class='ocrx_word' id='word_1_672' title='bbox 2657 5266 3046 5333; x_wconf 87' lang='lat' dir='ltr'><strong>imperatorem</strong></span> <span class='ocrx_word' id='word_1_673' title='bbox 3093 5263 3324 5328; x_wconf 88' lang='lat' dir='ltr'><strong>accedit,</strong></span> <span class='ocrx_word' id='word_1_674' title='bbox 3357 5272 3414 5316; x_wconf 90' lang='lat' dir='ltr'>et</span> <span class='ocrx_word' id='word_1_675' title='bbox 3448 5277 3544 5316; x_wconf 87' lang='lat' dir='ltr'><strong>cu-</strong></span> 
     </span>
    </p>
   </div>
   <div class='ocr_carea' id='block_1_103' title="bbox 1986 5353 3548 5428">
    <p class='ocr_par' dir='ltr' id='par_1_103' title="bbox 1986 5353 3548 5428">
     <span class='ocr_line' id='line_1_103' title="bbox 1986 5353 3548 5428; baseline -0.003 -16"><span class='ocrx_word' id='word_1_676' title='bbox 1986 5359 2269 5428; x_wconf 86' lang='lat' dir='ltr'><strong>pidissime</strong></span> <span class='ocrx_word' id='word_1_677' title='bbox 2303 5359 2597 5427; x_wconf 82' lang='lat' dir='ltr'><strong>excipitur,</strong></span> <span class='ocrx_word' id='word_1_678' title='bbox 2625 5355 2856 5424; x_wconf 88' lang='lat' dir='ltr'><strong>pristina</strong></span> <span class='ocrx_word' id='word_1_679' title='bbox 2885 5354 3146 5410; x_wconf 82' lang='lat' dir='ltr'><strong>felicitate</strong></span> <span class='ocrx_word' id='word_1_680' title='bbox 3181 5363 3420 5422; x_wconf 88' lang='lat' dir='ltr'><strong>recepta.</strong></span> <span class='ocrx_word' id='word_1_681' title='bbox 3448 5353 3548 5408; x_wconf 85' lang='lat' dir='ltr'>Est</span> 
     </span>
    </p>
   </div>
   <div class='ocr_carea' id='block_1_104' title="bbox 1983 5429 3546 5513">
    <p class='ocr_par' dir='ltr' id='par_1_104' title="bbox 1983 5429 3546 5513">
     <span class='ocr_line' id='line_1_104' title="bbox 1983 5429 3546 5513; baseline -0.005 -11"><span class='ocrx_word' id='word_1_682' title='bbox 1983 5457 2040 5502; x_wconf 89' lang='lat' dir='ltr'>et</span> <span class='ocrx_word' id='word_1_683' title='bbox 2072 5448 2250 5502; x_wconf 81' lang='lat' dir='ltr'><strong>Persis</strong></span> <span class='ocrx_word' id='word_1_684' title='bbox 2276 5447 2533 5500; x_wconf 90' lang='lat' dir='ltr'><strong>omnibus</strong></span> <span class='ocrx_word' id='word_1_685' title='bbox 2562 5446 2688 5498; x_wconf 79' lang='lat' dir='ltr'><strong>(lata</strong></span> <span class='ocrx_word' id='word_1_686' title='bbox 2718 5429 2900 5507; x_wconf 80' lang='lat' dir='ltr'><strong>venia,</strong></span> <span class='ocrx_word' id='word_1_687' title='bbox 2943 5458 3122 5513; x_wconf 88' lang='lat' dir='ltr'><strong>neque</strong></span> <span class='ocrx_word' id='word_1_688' title='bbox 3154 5441 3262 5497; x_wconf 87' lang='lat' dir='ltr'><strong>alia</strong></span> <span class='ocrx_word' id='word_1_689' title='bbox 3308 5442 3546 5511; x_wconf 75' lang='lat' dir='ltr'><strong>irrogata</strong></span> 
     </span>
    </p>
   </div>
   <div class='ocr_carea' id='block_1_105' title="bbox 1492 5585 2342 5649">
    <p class='ocr_par' dir='ltr' id='par_1_105' title="bbox 1492 5585 2342 5649">
     <span class='ocr_line' id='line_1_105' title="bbox 1492 5585 2342 5649; baseline -0.001 -5"><span class='ocrx_word' id='word_1_690' title='bbox 1492 5585 1689 5646; x_wconf 59' lang='lat' dir='ltr'><strong>Vana)</strong></span> <span class='ocrx_word' id='word_1_691' title='bbox 1717 5585 2019 5649; x_wconf 75' lang='lat' dir='ltr'><strong>lectiones</strong></span> <span class='ocrx_word' id='word_1_692' title='bbox 2055 5593 2116 5649; x_wconf 84' lang='lat' dir='ltr'>et</span> <span class='ocrx_word' id='word_1_693' title='bbox 2155 5594 2342 5647; x_wconf 68' lang='lat' dir='ltr'><strong>notua.</strong></span> 
     </span>
    </p>
   </div>
   <div class='ocr_carea' id='block_1_106' title="bbox 386 5704 1879 5779">
    <p class='ocr_par' dir='ltr' id='par_1_106' title="bbox 386 5704 1867 5779">
     <span class='ocr_line' id='line_1_106' title="bbox 386 5704 1867 5779; baseline 0.002 -19"><span class='ocrx_word' id='word_1_694' title='bbox 386 5704 494 5764; x_wconf 75' lang='grc'>(28)</span> <span class='ocrx_word' id='word_1_695' title='bbox 527 5704 636 5758; x_wconf 69' lang='grc' dir='ltr'>Τὸν</span> <span class='ocrx_word' id='word_1_696' title='bbox 667 5706 733 5759; x_wconf 79' lang='grc' dir='ltr'>δὲ</span> <span class='ocrx_word' id='word_1_697' title='bbox 761 5707 1075 5775; x_wconf 71' lang='grc' dir='ltr'>ἱερώτατον</span> <span class='ocrx_word' id='word_1_698' title='bbox 1101 5709 1412 5765; x_wconf 79' lang='grc' dir='ltr'>Μεθόδιον.</span> <span class='ocrx_word' id='word_1_699' title='bbox 1453 5708 1620 5779; x_wconf 84' lang='lat' dir='ltr'><strong>Cujus</strong></span> <span class='ocrx_word' id='word_1_700' title='bbox 1667 5708 1867 5764; x_wconf 82' lang='lat' dir='ltr'><strong>festum</strong></span> 
     </span>
    </p>
   </div>
   <div class='ocr_carea' id='block_1_107' title="bbox 1982 5704 3132 5779">
    <p class='ocr_par' dir='ltr' id='par_1_107' title="bbox 1982 5704 3132 5777">
     <span class='ocr_line' id='line_1_107' title="bbox 1982 5704 3132 5777; baseline -0.003 -14"><span class='ocrx_word' id='word_1_701' title='bbox 1982 5716 2071 5764; x_wconf 89' lang='lat' dir='ltr'>unt</span> <span class='ocrx_word' id='word_1_702' title='bbox 2097 5707 2266 5762; x_wconf 75' lang='lat' dir='ltr'><strong>Graeci</strong></span> <span class='ocrx_word' id='word_1_703' title='bbox 2297 5707 2366 5761; x_wconf 67' lang='lat'>‘24</span> <span class='ocrx_word' id='word_1_704' title='bbox 2405 5705 2574 5777; x_wconf 82' lang='lat' dir='ltr'><strong>Junii,</strong></span> <span class='ocrx_word' id='word_1_705' title='bbox 2609 5715 2666 5762; x_wconf 89' lang='lat' dir='ltr'>ut</span> <span class='ocrx_word' id='word_1_706' title='bbox 2699 5715 2783 5763; x_wconf 85' lang='lat' dir='ltr'>est</span> <span class='ocrx_word' id='word_1_707' title='bbox 2810 5706 2865 5760; x_wconf 90' lang='lat' dir='ltr'>in</span> <span class='ocrx_word' id='word_1_708' title='bbox 2893 5704 3132 5760; x_wconf 68' lang='lat' dir='ltr'><strong>Menaeis.</strong></span> 
     </span>
    </p>
   </div>
  </div>
