  <div class='ocr_page' id='page_1' title='image "/cluster/home/n/w/nwhite01/storage/ocr_20150623/134/mdp.39015032023197/713.png"; bbox 0 0 3994 6246; ppageno 0'>
   <div class='ocr_carea' id='block_1_1' title="bbox 441 243 657 313">
    <p class='ocr_par' dir='ltr' id='par_1_1' title="bbox 441 243 657 313">
     <span class='ocr_line' id='line_1_1' title="bbox 441 243 657 313; baseline 0.014 -3"><span class='ocrx_word' id='word_1_1' title='bbox 441 247 576 313; x_wconf 72' lang='lat' dir='ltr'><strong>Mil</strong></span> <span class='ocrx_word' id='word_1_2' title='bbox 651 243 657 248; x_wconf 72' lang='grc'><em>’</em></span> 
     </span>
    </p>
   </div>
   <div class='ocr_carea' id='block_1_2' title="bbox 1743 242 2422 307">
    <p class='ocr_par' dir='ltr' id='par_1_2' title="bbox 1743 242 2422 307">
     <span class='ocr_line' id='line_1_2' title="bbox 1743 242 2422 307; baseline -0.004 0"><span class='ocrx_word' id='word_1_3' title='bbox 1743 242 2064 307; x_wconf 74' lang='lat' dir='ltr'><strong>JOANNIS</strong></span> <span class='ocrx_word' id='word_1_4' title='bbox 2101 242 2422 304; x_wconf 61' lang='lat' dir='ltr'><strong>ZONARIE</strong></span> 
     </span>
    </p>
   </div>
   <div class='ocr_carea' id='block_1_3' title="bbox 3539 241 3656 307">
    <p class='ocr_par' dir='ltr' id='par_1_3' title="bbox 3539 241 3656 307">
     <span class='ocr_line' id='line_1_3' title="bbox 3539 241 3656 307; baseline 0 -5"><span class='ocrx_word' id='word_1_5' title='bbox 3539 241 3656 307; x_wconf 75' lang='grc' dir='ltr'><strong>14ιὲ</strong></span> 
     </span>
    </p>
   </div>
   <div class='ocr_carea' id='block_1_4' title="bbox 435 348 2018 431">
    <p class='ocr_par' dir='ltr' id='par_1_4' title="bbox 435 356 2000 431">
     <span class='ocr_line' id='line_1_4' title="bbox 435 356 2000 431; baseline -0.005 -15"><span class='ocrx_word' id='word_1_6' title='bbox 435 375 622 430; x_wconf 86' lang='lat' dir='ltr'><strong>poena,</strong></span> <span class='ocrx_word' id='word_1_7' title='bbox 655 359 762 417; x_wconf 85' lang='lat' dir='ltr'><strong>nisi</strong></span> <span class='ocrx_word' id='word_1_8' title='bbox 789 359 938 431; x_wconf 90' lang='lat' dir='ltr'><strong>quod</strong></span> <span class='ocrx_word' id='word_1_9' title='bbox 973 373 1082 414; x_wconf 84' lang='lat' dir='ltr'><strong>una</strong></span> <span class='ocrx_word' id='word_1_10' title='bbox 1123 372 1244 413; x_wconf 83' lang='lat' dir='ltr'><strong>esse</strong></span> <span class='ocrx_word' id='word_1_11' title='bbox 1276 358 1367 412; x_wconf 86' lang='lat' dir='ltr'><strong>siti</strong></span> <span class='ocrx_word' id='word_1_12' title='bbox 1399 371 1508 413; x_wconf 88' lang='lat' dir='ltr'><strong>non</strong></span> <span class='ocrx_word' id='word_1_13' title='bbox 1543 364 1690 421; x_wconf 85' lang='lat' dir='ltr'><strong>sunt,</strong></span> <span class='ocrx_word' id='word_1_14' title='bbox 1736 356 1833 412; x_wconf 87' lang='lat' dir='ltr'><strong>sed</strong></span> <span class='ocrx_word' id='word_1_15' title='bbox 1875 371 2000 411; x_wconf 90' lang='lat' dir='ltr'><strong>cum</strong></span> 
     </span>
    </p>
   </div>
   <div class='ocr_carea' id='block_1_5' title="bbox 2117 348 3658 431">
    <p class='ocr_par' dir='ltr' id='par_1_5' title="bbox 2117 348 3658 420">
     <span class='ocr_line' id='line_1_5' title="bbox 2117 348 3658 420; baseline -0.001 -12"><span class='ocrx_word' id='word_1_16' title='bbox 2117 356 2228 409; x_wconf 72' lang='grc' dir='ltr'><strong>κατ’</strong></span> <span class='ocrx_word' id='word_1_17' title='bbox 2258 355 2422 409; x_wconf 80' lang='grc' dir='ltr'><strong>αὐτοῦ</strong></span> <span class='ocrx_word' id='word_1_18' title='bbox 2446 352 2772 408; x_wconf 80' lang='grc' dir='ltr'><strong>ὑποπτεύειν</strong></span> <span class='ocrx_word' id='word_1_19' title='bbox 2802 351 3184 420; x_wconf 65' lang='grc' dir='ltr'><strong>πληροφορῶν.</strong></span> <span class='ocrx_word' id='word_1_20' title='bbox 3217 348 3326 403; x_wconf 76' lang='grc' dir='ltr'><strong>Καὶ</strong></span> <span class='ocrx_word' id='word_1_21' title='bbox 3365 351 3658 407; x_wconf 77' lang='grc' dir='ltr'><strong>ἐπανελθὼν</strong></span> 
     </span>
    </p>
   </div>
   <div class='ocr_carea' id='block_1_6' title="bbox 436 448 2004 519">
    <p class='ocr_par' dir='ltr' id='par_1_6' title="bbox 436 448 2004 519">
     <span class='ocr_line' id='line_1_6' title="bbox 436 448 2004 519; baseline -0.003 -14"><span class='ocrx_word' id='word_1_22' title='bbox 436 452 624 505; x_wconf 87' lang='lat' dir='ltr'><strong>tricies</strong></span> <span class='ocrx_word' id='word_1_23' title='bbox 651 452 796 506; x_wconf 91' lang='lat' dir='ltr'><strong>mille</strong></span> <span class='ocrx_word' id='word_1_24' title='bbox 822 460 1028 514; x_wconf 86' lang='lat' dir='ltr'><strong>essent,</strong></span> <span class='ocrx_word' id='word_1_25' title='bbox 1058 451 1219 504; x_wconf 83' lang='lat' dir='ltr'><strong>divisi</strong></span> <span class='ocrx_word' id='word_1_26' title='bbox 1243 465 1308 505; x_wconf 83' lang='lat' dir='ltr'><strong>ac</strong></span> <span class='ocrx_word' id='word_1_27' title='bbox 1329 449 1562 519; x_wconf 84' lang='lat' dir='ltr'><strong>dispersi</strong></span> <span class='ocrx_word' id='word_1_28' title='bbox 1597 459 1747 509; x_wconf 88' lang='lat' dir='ltr'><strong>sunt,</strong></span> <span class='ocrx_word' id='word_1_29' title='bbox 1777 448 2004 502; x_wconf 73' lang='lat' dir='ltr'><strong>cuilibet</strong></span> 
     </span>
    </p>
   </div>
   <div class='ocr_carea' id='block_1_7' title="bbox 439 542 2004 611">
    <p class='ocr_par' dir='ltr' id='par_1_7' title="bbox 439 542 2004 611">
     <span class='ocr_line' id='line_1_7' title="bbox 439 542 2004 611; baseline 0 -17"><span class='ocrx_word' id='word_1_30' title='bbox 439 543 736 611; x_wconf 76' lang='lat' dir='ltr'><strong>provincia:</strong></span> <span class='ocrx_word' id='word_1_31' title='bbox 796 542 943 597; x_wconf 90' lang='lat' dir='ltr'><strong>binis</strong></span> <span class='ocrx_word' id='word_1_32' title='bbox 1015 542 1261 596; x_wconf 86' lang='lat' dir='ltr'><strong>millibus</strong></span> <span class='ocrx_word' id='word_1_33' title='bbox 1331 542 1633 604; x_wconf 69' lang='lat' dir='ltr'><strong>attrillutis,</strong></span> <span class='ocrx_word' id='word_1_34' title='bbox 1705 555 2004 608; x_wconf 90' lang='lat' dir='ltr'><strong>earumque</strong></span> 
     </span>
    </p>
   </div>
   <div class='ocr_carea' id='block_1_8' title="bbox 438 633 2005 705">
    <p class='ocr_par' dir='ltr' id='par_1_8' title="bbox 438 633 2005 705">
     <span class='ocr_line' id='line_1_8' title="bbox 438 633 2005 705; baseline -0.002 -19"><span class='ocrx_word' id='word_1_35' title='bbox 438 635 764 703; x_wconf 72' lang='lat' dir='ltr'><strong>praetoribus</strong></span> <span class='ocrx_word' id='word_1_36' title='bbox 796 635 1023 690; x_wconf 79' lang='lat' dir='ltr'><strong>subesse</strong></span> <span class='ocrx_word' id='word_1_37' title='bbox 1050 650 1112 688; x_wconf 88' lang='lat' dir='ltr'><strong>ac</strong></span> <span class='ocrx_word' id='word_1_38' title='bbox 1143 649 1336 703; x_wconf 90' lang='lat' dir='ltr'><strong>parere</strong></span> <span class='ocrx_word' id='word_1_39' title='bbox 1356 634 1515 705; x_wconf 87' lang='lat' dir='ltr'><strong>jussi.</strong></span> <span class='ocrx_word' id='word_1_40' title='bbox 1539 634 1716 702; x_wconf 77' lang='lat' dir='ltr'><strong>Atque</strong></span> <span class='ocrx_word' id='word_1_41' title='bbox 1744 633 1858 688; x_wconf 68' lang='lat' dir='ltr'><strong>haec</strong></span> <span class='ocrx_word' id='word_1_42' title='bbox 1879 646 2005 686; x_wconf 89' lang='lat' dir='ltr'><strong>cum</strong></span> 
     </span>
    </p>
   </div>
   <div class='ocr_carea' id='block_1_9' title="bbox 439 724 2005 795">
    <p class='ocr_par' dir='ltr' id='par_1_9' title="bbox 439 724 2005 795">
     <span class='ocr_line' id='line_1_9' title="bbox 439 724 2005 795; baseline -0.001 -17"><span class='ocrx_word' id='word_1_43' title='bbox 439 725 622 780; x_wconf 86' lang='lat' dir='ltr'><strong>Persis</strong></span> <span class='ocrx_word' id='word_1_44' title='bbox 665 735 719 779; x_wconf 86' lang='lat' dir='ltr'><strong>et</strong></span> <span class='ocrx_word' id='word_1_45' title='bbox 774 724 1110 795; x_wconf 76' lang='lat' dir='ltr'><strong>&#39;l&#39;lieophoho</strong></span> <span class='ocrx_word' id='word_1_46' title='bbox 1161 734 1282 780; x_wconf 89' lang='lat' dir='ltr'><strong>acta</strong></span> <span class='ocrx_word' id='word_1_47' title='bbox 1344 734 1493 779; x_wconf 84' lang='lat' dir='ltr'><strong>sunt.</strong></span> <span class='ocrx_word' id='word_1_48' title='bbox 1558 727 2005 778; x_wconf 78' lang='lat' dir='ltr'><strong>Amermumnem</strong></span> 
     </span>
    </p>
   </div>
   <div class='ocr_carea' id='block_1_10' title="bbox 442 815 2009 886">
    <p class='ocr_par' dir='ltr' id='par_1_10' title="bbox 442 815 2009 886">
     <span class='ocr_line' id='line_1_10' title="bbox 442 815 2009 886; baseline -0.001 -16"><span class='ocrx_word' id='word_1_49' title='bbox 442 825 628 872; x_wconf 85' lang='lat' dir='ltr'><strong>autem</strong></span> <span class='ocrx_word' id='word_1_50' title='bbox 660 817 853 886; x_wconf 65' lang='lat' dir='ltr'><strong>patriae</strong></span> <span class='ocrx_word' id='word_1_51' title='bbox 878 833 991 871; x_wconf 64' lang='lat' dir='ltr'><strong>sua:</strong></span> <span class='ocrx_word' id='word_1_52' title='bbox 1030 817 1266 872; x_wconf 86' lang='lat' dir='ltr'><strong>vastatio</strong></span> <span class='ocrx_word' id='word_1_53' title='bbox 1299 825 1452 872; x_wconf 89' lang='lat' dir='ltr'><strong>tanto</strong></span> <span class='ocrx_word' id='word_1_54' title='bbox 1477 817 1666 871; x_wconf 88' lang='lat' dir='ltr'><strong>dolore</strong></span> <span class='ocrx_word' id='word_1_55' title='bbox 1704 815 1910 876; x_wconf 76' lang='lat' dir='ltr'><strong>a-ﬂeeit,</strong></span> <span class='ocrx_word' id='word_1_56' title='bbox 1947 822 2009 869; x_wconf 91' lang='lat' dir='ltr'><strong>ut</strong></span> 
     </span>
    </p>
   </div>
   <div class='ocr_carea' id='block_1_11' title="bbox 439 907 2008 977">
    <p class='ocr_par' dir='ltr' id='par_1_11' title="bbox 439 907 2008 977">
     <span class='ocr_line' id='line_1_11' title="bbox 439 907 2008 977; baseline 0 -17"><span class='ocrx_word' id='word_1_57' title='bbox 439 909 606 962; x_wconf 86' lang='lat' dir='ltr'><strong>vitam</strong></span> <span class='ocrx_word' id='word_1_58' title='bbox 663 909 769 963; x_wconf 82' lang='lat' dir='ltr'><strong>sibi</strong></span> <span class='ocrx_word' id='word_1_59' title='bbox 826 909 1081 964; x_wconf 86' lang='lat' dir='ltr'><strong>acerbam</strong></span> <span class='ocrx_word' id='word_1_60' title='bbox 1143 918 1397 977; x_wconf 84' lang='lat' dir='ltr'><strong>putaret,</strong></span> <span class='ocrx_word' id='word_1_61' title='bbox 1471 909 1578 963; x_wconf 87' lang='lat' dir='ltr'><strong>nisi</strong></span> <span class='ocrx_word' id='word_1_62' title='bbox 1641 907 2008 976; x_wconf 83' lang='lat' dir='ltr'><strong>Theophilum</strong></span> 
     </span>
    </p>
   </div>
   <div class='ocr_carea' id='block_1_12' title="bbox 441 997 2008 1071">
    <p class='ocr_par' dir='ltr' id='par_1_12' title="bbox 441 997 2008 1071">
     <span class='ocr_line' id='line_1_12' title="bbox 441 997 2008 1071; baseline 0 -20"><span class='ocrx_word' id='word_1_63' title='bbox 441 999 828 1066; x_wconf 86' lang='lat' dir='ltr'><strong>ulcisceretur,</strong></span> <span class='ocrx_word' id='word_1_64' title='bbox 887 1001 1046 1071; x_wconf 83' lang='lat' dir='ltr'><strong>cujus</strong></span> <span class='ocrx_word' id='word_1_65' title='bbox 1103 1000 1336 1069; x_wconf 85' lang='lat' dir='ltr'><strong>patriam</strong></span> <span class='ocrx_word' id='word_1_66' title='bbox 1395 1013 1519 1054; x_wconf 85' lang='lat' dir='ltr'><strong>esse</strong></span> <span class='ocrx_word' id='word_1_67' title='bbox 1573 999 1858 1054; x_wconf 84' lang='lat' dir='ltr'><strong>Amorium</strong></span> <span class='ocrx_word' id='word_1_68' title='bbox 1911 997 2008 1052; x_wconf 88' lang='lat' dir='ltr'><strong>ubi</strong></span> 
     </span>
    </p>
   </div>
   <div class='ocr_carea' id='block_1_13' title="bbox 441 1086 2002 1159">
    <p class='ocr_par' dir='ltr' id='par_1_13' title="bbox 441 1086 2002 1159">
     <span class='ocr_line' id='line_1_13' title="bbox 441 1086 2002 1159; baseline -0.001 -17"><span class='ocrx_word' id='word_1_69' title='bbox 441 1088 806 1158; x_wconf 76' lang='lat' dir='ltr'><strong>cognovisset,</strong></span> <span class='ocrx_word' id='word_1_70' title='bbox 842 1105 963 1143; x_wconf 90' lang='lat' dir='ltr'><strong>eam</strong></span> <span class='ocrx_word' id='word_1_71' title='bbox 994 1089 1182 1144; x_wconf 83' lang='lat' dir='ltr'><strong>urbem</strong></span> <span class='ocrx_word' id='word_1_72' title='bbox 1204 1104 1523 1159; x_wconf 80' lang='lat' dir='ltr'><strong>oppugnare</strong></span> <span class='ocrx_word' id='word_1_73' title='bbox 1558 1088 1866 1142; x_wconf 88' lang='lat' dir='ltr'><strong>constituit.</strong></span> <span class='ocrx_word' id='word_1_74' title='bbox 1894 1086 2002 1143; x_wconf 86' lang='lat' dir='ltr'><strong>Sed</strong></span> 
     </span>
    </p>
   </div>
   <div class='ocr_carea' id='block_1_14' title="bbox 442 1179 2008 1250">
    <p class='ocr_par' dir='ltr' id='par_1_14' title="bbox 442 1179 2008 1250">
     <span class='ocr_line' id='line_1_14' title="bbox 442 1179 2008 1250; baseline -0.001 -17"><span class='ocrx_word' id='word_1_75' title='bbox 442 1179 739 1249; x_wconf 88' lang='lat' dir='ltr'><strong>imperator</strong></span> <span class='ocrx_word' id='word_1_76' title='bbox 789 1180 1163 1250; x_wconf 59' lang='lat' dir='ltr'><strong>praemonitus,</strong></span> <span class='ocrx_word' id='word_1_77' title='bbox 1211 1195 1332 1234; x_wconf 88' lang='lat' dir='ltr'><strong>eam</strong></span> <span class='ocrx_word' id='word_1_78' title='bbox 1392 1195 1516 1234; x_wconf 90' lang='lat' dir='ltr'><strong>eum</strong></span> <span class='ocrx_word' id='word_1_79' title='bbox 1561 1179 1852 1234; x_wconf 84' lang='lat' dir='ltr'><strong>structuris</strong></span> <span class='ocrx_word' id='word_1_80' title='bbox 1896 1188 2008 1232; x_wconf 92' lang='lat' dir='ltr'><strong>tum</strong></span> 
     </span>
    </p>
   </div>
   <div class='ocr_carea' id='block_1_15' title="bbox 449 1271 2010 1342">
    <p class='ocr_par' dir='ltr' id='par_1_15' title="bbox 449 1271 2010 1342">
     <span class='ocr_line' id='line_1_15' title="bbox 449 1271 2010 1342; baseline -0.001 -14"><span class='ocrx_word' id='word_1_81' title='bbox 449 1273 791 1328; x_wconf 80' lang='lat' dir='ltr'><strong>exercitibus</strong></span> <span class='ocrx_word' id='word_1_82' title='bbox 842 1271 1026 1327; x_wconf 88' lang='lat' dir='ltr'><strong>missis</strong></span> <span class='ocrx_word' id='word_1_83' title='bbox 1067 1273 1414 1340; x_wconf 83' lang='lat' dir='ltr'><strong>communiit,</strong></span> <span class='ocrx_word' id='word_1_84' title='bbox 1449 1273 1654 1342; x_wconf 85' lang='lat' dir='ltr'><strong>quibus</strong></span> <span class='ocrx_word' id='word_1_85' title='bbox 1682 1271 2010 1326; x_wconf 87' lang='lat' dir='ltr'><strong>Theodorus</strong></span> 
     </span>
    </p>
   </div>
   <div class='ocr_carea' id='block_1_16' title="bbox 441 1364 2012 1435">
    <p class='ocr_par' dir='ltr' id='par_1_16' title="bbox 441 1364 2012 1435">
     <span class='ocr_line' id='line_1_16' title="bbox 441 1364 2012 1435; baseline -0.003 -15"><span class='ocrx_word' id='word_1_86' title='bbox 441 1364 726 1431; x_wconf 81' lang='lat' dir='ltr'><strong>Craterus,</strong></span> <span class='ocrx_word' id='word_1_87' title='bbox 781 1366 944 1434; x_wconf 83' lang='lat' dir='ltr'><strong>cujus</strong></span> <span class='ocrx_word' id='word_1_88' title='bbox 1000 1381 1164 1435; x_wconf 82' lang='lat' dir='ltr'><strong>supra</strong></span> <span class='ocrx_word' id='word_1_89' title='bbox 1215 1366 1356 1420; x_wconf 84' lang='lat' dir='ltr'><strong>facta</strong></span> <span class='ocrx_word' id='word_1_90' title='bbox 1389 1374 1473 1420; x_wconf 87' lang='lat' dir='ltr'><strong>est</strong></span> <span class='ocrx_word' id='word_1_91' title='bbox 1501 1364 1728 1429; x_wconf 89' lang='lat' dir='ltr'><strong>mentio,</strong></span> <span class='ocrx_word' id='word_1_92' title='bbox 1757 1371 2012 1433; x_wconf 61' lang='lat' dir='ltr'><strong>praeerat,</strong></span> 
     </span>
    </p>
   </div>
   <div class='ocr_carea' id='block_1_17' title="bbox 445 1453 2012 1525">
    <p class='ocr_par' dir='ltr' id='par_1_17' title="bbox 445 1453 2012 1525">
     <span class='ocr_line' id='line_1_17' title="bbox 445 1453 2012 1525; baseline -0.002 -13"><span class='ocrx_word' id='word_1_93' title='bbox 445 1456 738 1525; x_wconf 57' lang='lat' dir='ltr'><strong>ceterique</strong></span> <span class='ocrx_word' id='word_1_94' title='bbox 782 1457 873 1524; x_wconf 91' lang='lat' dir='ltr'><strong>qui</strong></span> <span class='ocrx_word' id='word_1_95' title='bbox 924 1455 1070 1524; x_wconf 82' lang='lat' dir='ltr'><strong>apud</strong></span> <span class='ocrx_word' id='word_1_96' title='bbox 1117 1454 1396 1525; x_wconf 82' lang='lat' dir='ltr'><strong>Agarenos</strong></span> <span class='ocrx_word' id='word_1_97' title='bbox 1451 1455 1506 1509; x_wconf 88' lang='lat' dir='ltr'><strong>in</strong></span> <span class='ocrx_word' id='word_1_98' title='bbox 1549 1454 1796 1524; x_wconf 82' lang='lat' dir='ltr'><strong>martyrii</strong></span> <span class='ocrx_word' id='word_1_99' title='bbox 1834 1453 2012 1509; x_wconf 87' lang='lat' dir='ltr'><strong>stadio</strong></span> 
     </span>
    </p>
   </div>
   <div class='ocr_carea' id='block_1_18' title="bbox 443 1545 2016 1616">
    <p class='ocr_par' dir='ltr' id='par_1_18' title="bbox 443 1545 2016 1616">
     <span class='ocr_line' id='line_1_18' title="bbox 443 1545 2016 1616; baseline -0.002 -13"><span class='ocrx_word' id='word_1_100' title='bbox 443 1549 832 1613; x_wconf 88' lang='lat' dir='ltr'><strong>decurrerunt,</strong></span> <span class='ocrx_word' id='word_1_101' title='bbox 860 1563 1091 1602; x_wconf 89' lang='lat' dir='ltr'><strong>numero</strong></span> <span class='ocrx_word' id='word_1_102' title='bbox 1123 1563 1274 1602; x_wconf 77' lang='lat' dir='ltr'><strong>mu.</strong></span> <span class='ocrx_word' id='word_1_103' title='bbox 1300 1546 1445 1602; x_wconf 76' lang='lat' dir='ltr'><strong>Exiit</strong></span> <span class='ocrx_word' id='word_1_104' title='bbox 1464 1556 1519 1601; x_wconf 91' lang='lat' dir='ltr'><strong>et</strong></span> <span class='ocrx_word' id='word_1_105' title='bbox 1549 1545 1846 1616; x_wconf 82' lang='lat' dir='ltr'><strong>imperator</strong></span> <span class='ocrx_word' id='word_1_106' title='bbox 1869 1546 2016 1616; x_wconf 82' lang='lat' dir='ltr'><strong>Aga-</strong></span> 
     </span>
    </p>
   </div>
   <div class='ocr_carea' id='block_1_19' title="bbox 2107 443 3658 519">
    <p class='ocr_par' dir='ltr' id='par_1_19' title="bbox 2107 443 3658 519">
     <span class='ocr_line' id='line_1_19' title="bbox 2107 443 3658 519; baseline -0.002 -20"><span class='ocrx_word' id='word_1_107' title='bbox 2107 449 2358 519; x_wconf 76' lang='grc' dir='ltr'><strong>πρόσεισι</strong></span> <span class='ocrx_word' id='word_1_108' title='bbox 2389 448 2465 517; x_wconf 86' lang='grc' dir='ltr'><strong>τῷ</strong></span> <span class='ocrx_word' id='word_1_109' title='bbox 2510 446 2740 517; x_wconf 83' lang='grc' dir='ltr'><strong>βασιλεῖ,</strong></span> <span class='ocrx_word' id='word_1_110' title='bbox 2775 446 2936 506; x_wconf 66' lang='grc' dir='ltr'><strong>αὐτὸς</strong></span> <span class='ocrx_word' id='word_1_111' title='bbox 2973 443 3072 514; x_wconf 80' lang='grc' dir='ltr'><strong>μὲν</strong></span> <span class='ocrx_word' id='word_1_112' title='bbox 3111 443 3438 512; x_wconf 72' lang='grc' dir='ltr'><strong>ἀποδεχθεὶς</strong></span> <span class='ocrx_word' id='word_1_113' title='bbox 3459 445 3658 512; x_wconf 82' lang='grc' dir='ltr'><strong>εὐμενέ-</strong></span> 
     </span>
    </p>
   </div>
   <div class='ocr_carea' id='block_1_20' title="bbox 2110 535 3658 608">
    <p class='ocr_par' dir='ltr' id='par_1_20' title="bbox 2110 535 3658 608">
     <span class='ocr_line' id='line_1_20' title="bbox 2110 535 3658 608; baseline -0.001 -18"><span class='ocrx_word' id='word_1_114' title='bbox 2110 556 2300 603; x_wconf 86' lang='grc' dir='ltr'><strong>στατα,</strong></span> <span class='ocrx_word' id='word_1_115' title='bbox 2359 539 2456 592; x_wconf 72' lang='grc' dir='ltr'><strong>καὶ</strong></span> <span class='ocrx_word' id='word_1_116' title='bbox 2503 539 2602 608; x_wconf 81' lang='grc' dir='ltr'><strong>τὴν</strong></span> <span class='ocrx_word' id='word_1_117' title='bbox 2658 537 2934 607; x_wconf 79' lang='grc' dir='ltr'><strong>προτέραν</strong></span> <span class='ocrx_word' id='word_1_118' title='bbox 2990 535 3278 604; x_wconf 70' lang='grc' dir='ltr'><strong>εὐετηρίαν</strong></span> <span class='ocrx_word' id='word_1_119' title='bbox 3338 535 3658 604; x_wconf 63' lang='grc' dir='ltr'><strong>ἀπειληφὼς.</strong></span> 
     </span>
    </p>
   </div>
   <div class='ocr_carea' id='block_1_21' title="bbox 2104 624 3661 696">
    <p class='ocr_par' dir='ltr' id='par_1_21' title="bbox 2104 624 3661 696">
     <span class='ocr_line' id='line_1_21' title="bbox 2104 624 3661 696; baseline -0.001 -14"><span class='ocrx_word' id='word_1_120' title='bbox 2104 627 2220 682; x_wconf 74' lang='grc' dir='ltr'><strong>Καὶ</strong></span> <span class='ocrx_word' id='word_1_121' title='bbox 2245 629 2294 679; x_wconf 86' lang='grc' dir='ltr'><strong>οί</strong></span> <span class='ocrx_word' id='word_1_122' title='bbox 2329 627 2538 696; x_wconf 80' lang='grc' dir='ltr'><strong>Πέρσαι</strong></span> <span class='ocrx_word' id='word_1_123' title='bbox 2569 626 2626 679; x_wconf 79' lang='grc' dir='ltr'><strong>δὲ</strong></span> <span class='ocrx_word' id='word_1_124' title='bbox 2688 625 3021 695; x_wconf 73' lang='grc' dir='ltr'><strong>συγγνώμης</strong></span> <span class='ocrx_word' id='word_1_125' title='bbox 3053 625 3250 687; x_wconf 84' lang='grc' dir='ltr'><strong>πάντες</strong></span> <span class='ocrx_word' id='word_1_126' title='bbox 3299 624 3553 692; x_wconf 70' lang='grc' dir='ltr'><strong>ἠξίωντο,</strong></span> <span class='ocrx_word' id='word_1_127' title='bbox 3580 630 3661 680; x_wconf 75' lang='grc' dir='ltr'><strong>καὶ</strong></span> 
     </span>
    </p>
   </div>
   <div class='ocr_carea' id='block_1_22' title="bbox 2109 715 3661 789">
    <p class='ocr_par' dir='ltr' id='par_1_22' title="bbox 2109 715 3661 789">
     <span class='ocr_line' id='line_1_22' title="bbox 2109 715 3661 789; baseline -0.001 -18"><span class='ocrx_word' id='word_1_128' title='bbox 2109 718 2263 771; x_wconf 81' lang='grc' dir='ltr'><strong>οὐδέν</strong></span> <span class='ocrx_word' id='word_1_129' title='bbox 2291 736 2344 772; x_wconf 91' lang='grc' dir='ltr'><strong>τι</strong></span> <span class='ocrx_word' id='word_1_130' title='bbox 2374 719 2560 782; x_wconf 75' lang='grc' dir='ltr'><strong>αὐτοῖς</strong></span> <span class='ocrx_word' id='word_1_131' title='bbox 2591 720 2922 789; x_wconf 79' lang='grc' dir='ltr'><strong>έπενήνεκτο</strong></span> <span class='ocrx_word' id='word_1_132' title='bbox 2972 717 3180 788; x_wconf 81' lang='grc' dir='ltr'><strong>ἓτερον,</strong></span> <span class='ocrx_word' id='word_1_133' title='bbox 3208 715 3241 783; x_wconf 80' lang='grc' dir='ltr'>ἢ</span> <span class='ocrx_word' id='word_1_134' title='bbox 3295 717 3380 768; x_wconf 81' lang='grc' dir='ltr'><strong>ὅτι</strong></span> <span class='ocrx_word' id='word_1_135' title='bbox 3425 719 3520 785; x_wconf 77' lang='grc' dir='ltr'><strong>οὐχ</strong></span> <span class='ocrx_word' id='word_1_136' title='bbox 3545 720 3661 787; x_wconf 58' lang='lat' dir='ltr'><strong>duo}</strong></span> 
     </span>
    </p>
   </div>
   <div class='ocr_carea' id='block_1_23' title="bbox 2112 807 3664 880">
    <p class='ocr_par' dir='ltr' id='par_1_23' title="bbox 2112 807 3664 880">
     <span class='ocr_line' id='line_1_23' title="bbox 2112 807 3664 880; baseline -0.001 -18"><span class='ocrx_word' id='word_1_137' title='bbox 2112 811 2314 873; x_wconf 82' lang='grc' dir='ltr'><strong>πάντες</strong></span> <span class='ocrx_word' id='word_1_138' title='bbox 2343 807 2484 865; x_wconf 74' lang='grc' dir='ltr'><strong>εἶναι</strong></span> <span class='ocrx_word' id='word_1_139' title='bbox 2514 811 2798 877; x_wconf 80' lang='grc' dir='ltr'><strong>εἰάθησαν,</strong></span> <span class='ocrx_word' id='word_1_140' title='bbox 2844 809 2962 864; x_wconf 83' lang='grc' dir='ltr'><strong>ἀλλ’</strong></span> <span class='ocrx_word' id='word_1_141' title='bbox 2991 812 3047 874; x_wconf 80' lang='grc' dir='ltr'><strong>ἐς</strong></span> <span class='ocrx_word' id='word_1_142' title='bbox 3086 809 3358 880; x_wconf 79' lang='grc' dir='ltr'><strong>μυριάδας</strong></span> <span class='ocrx_word' id='word_1_143' title='bbox 3389 811 3664 880; x_wconf 79' lang='grc' dir='ltr'><strong>συναγόμεο</strong></span> 
     </span>
    </p>
   </div>
   <div class='ocr_carea' id='block_1_24' title="bbox 2071 902 3661 977">
    <p class='ocr_par' dir='ltr' id='par_1_24' title="bbox 2071 902 3661 977">
     <span class='ocr_line' id='line_1_24' title="bbox 2071 902 3661 977; baseline -0.003 -21"><span class='ocrx_word' id='word_1_144' title='bbox 2071 938 2073 940; x_wconf 91' lang='grc'><strong>-</strong></span> <span class='ocrx_word' id='word_1_145' title='bbox 2113 919 2193 956; x_wconf 92' lang='grc' dir='ltr'><strong>νοι</strong></span> <span class='ocrx_word' id='word_1_146' title='bbox 2220 905 2389 975; x_wconf 86' lang='grc' dir='ltr'><strong>τρεῖς,</strong></span> <span class='ocrx_word' id='word_1_147' title='bbox 2411 903 2759 977; x_wconf 80' lang='grc' dir='ltr'><strong>διῃρέθησαν,</strong></span> <span class='ocrx_word' id='word_1_148' title='bbox 2783 905 2878 956; x_wconf 81' lang='grc' dir='ltr'><strong>καὶ</strong></span> <span class='ocrx_word' id='word_1_149' title='bbox 2909 903 3303 973; x_wconf 72' lang='grc' dir='ltr'><strong>διεσπάρησαν,</strong></span> <span class='ocrx_word' id='word_1_150' title='bbox 3341 902 3437 954; x_wconf 80' lang='grc' dir='ltr'><strong>καὶ</strong></span> <span class='ocrx_word' id='word_1_151' title='bbox 3467 902 3661 969; x_wconf 71' lang='grc' dir='ltr'><strong>ἑκάστῳ</strong></span> 
     </span>
    </p>
   </div>
   <div class='ocr_carea' id='block_1_25' title="bbox 2114 990 3660 1064">
    <p class='ocr_par' dir='ltr' id='par_1_25' title="bbox 2114 990 3660 1064">
     <span class='ocr_line' id='line_1_25' title="bbox 2114 990 3660 1064; baseline -0.003 -18"><span class='ocrx_word' id='word_1_152' title='bbox 2114 993 2310 1064; x_wconf 87' lang='grc' dir='ltr'><strong>θέματι</strong></span> <span class='ocrx_word' id='word_1_153' title='bbox 2344 993 2585 1064; x_wconf 81' lang='grc' dir='ltr'><strong>χιλιάδες</strong></span> <span class='ocrx_word' id='word_1_154' title='bbox 2635 993 2728 1046; x_wconf 87' lang='grc' dir='ltr'><strong>δύο</strong></span> <span class='ocrx_word' id='word_1_155' title='bbox 2767 993 3220 1062; x_wconf 85' lang='grc' dir='ltr'><strong>ἀπενεμήθησαν,</strong></span> <span class='ocrx_word' id='word_1_156' title='bbox 3262 990 3408 1044; x_wconf 83' lang='grc' dir='ltr'><strong>ὥστε</strong></span> <span class='ocrx_word' id='word_1_157' title='bbox 3438 992 3544 1052; x_wconf 71' lang='grc' dir='ltr'><strong>τοῖς</strong></span> <span class='ocrx_word' id='word_1_158' title='bbox 3567 991 3660 1042; x_wconf 78' lang='grc' dir='ltr'><strong>τῶν</strong></span> 
     </span>
    </p>
   </div>
   <div class='ocr_carea' id='block_1_26' title="bbox 2114 1083 3660 1156">
    <p class='ocr_par' dir='ltr' id='par_1_26' title="bbox 2114 1083 3660 1156">
     <span class='ocr_line' id='line_1_26' title="bbox 2114 1083 3660 1156; baseline -0.002 -18"><span class='ocrx_word' id='word_1_159' title='bbox 2114 1085 2370 1155; x_wconf 80' lang='grc' dir='ltr'><strong>θεμάτων</strong></span> <span class='ocrx_word' id='word_1_160' title='bbox 2412 1087 2742 1156; x_wconf 73' lang='grc' dir='ltr'><strong>στρατηγοῖς</strong></span> <span class='ocrx_word' id='word_1_161' title='bbox 2775 1085 2870 1138; x_wconf 76' lang='grc' dir='ltr'><strong>καὶ</strong></span> <span class='ocrx_word' id='word_1_162' title='bbox 2893 1084 3216 1137; x_wconf 72' lang='grc' dir='ltr'><strong>ὑποκεῖσθαι</strong></span> <span class='ocrx_word' id='word_1_163' title='bbox 3254 1085 3349 1137; x_wconf 79' lang='grc' dir='ltr'><strong>καὶ</strong></span> <span class='ocrx_word' id='word_1_164' title='bbox 3376 1083 3660 1138; x_wconf 77' lang='grc' dir='ltr'><strong>πείθεσθαι.</strong></span> 
     </span>
    </p>
   </div>
   <div class='ocr_carea' id='block_1_27' title="bbox 2115 1169 3662 1246">
    <p class='ocr_par' dir='ltr' id='par_1_27' title="bbox 2115 1169 3662 1246">
     <span class='ocr_line' id='line_1_27' title="bbox 2115 1169 3662 1246; baseline -0.003 -20"><span class='ocrx_word' id='word_1_165' title='bbox 2115 1175 2196 1228; x_wconf 84' lang='grc' dir='ltr'><strong>Τὰ</strong></span> <span class='ocrx_word' id='word_1_166' title='bbox 2239 1176 2338 1244; x_wconf 80' lang='grc' dir='ltr'><strong>μὲν</strong></span> <span class='ocrx_word' id='word_1_167' title='bbox 2367 1175 2461 1229; x_wconf 80' lang='grc' dir='ltr'><strong>οὖν</strong></span> <span class='ocrx_word' id='word_1_168' title='bbox 2513 1175 2645 1246; x_wconf 79' lang='grc' dir='ltr'><strong>περὶ</strong></span> <span class='ocrx_word' id='word_1_169' title='bbox 2674 1175 2802 1238; x_wconf 77' lang='grc' dir='ltr'><strong>τοὺς</strong></span> <span class='ocrx_word' id='word_1_170' title='bbox 2860 1174 3080 1242; x_wconf 80' lang='grc' dir='ltr'><strong>Πέρσας</strong></span> <span class='ocrx_word' id='word_1_171' title='bbox 3128 1172 3224 1225; x_wconf 82' lang='grc' dir='ltr'><strong>καὶ</strong></span> <span class='ocrx_word' id='word_1_172' title='bbox 3265 1173 3358 1224; x_wconf 83' lang='grc' dir='ltr'><strong>τὸν</strong></span> <span class='ocrx_word' id='word_1_173' title='bbox 3413 1169 3662 1238; x_wconf 72' lang='grc' dir='ltr'><strong>Θεόφιϐον</strong></span> 
     </span>
    </p>
   </div>
   <div class='ocr_carea' id='block_1_28' title="bbox 2112 1262 3664 1336">
    <p class='ocr_par' dir='ltr' id='par_1_28' title="bbox 2112 1262 3664 1336">
     <span class='ocr_line' id='line_1_28' title="bbox 2112 1262 3664 1336; baseline -0.003 -17"><span class='ocrx_word' id='word_1_174' title='bbox 2112 1262 2254 1336; x_wconf 79' lang='grc' dir='ltr'><strong>ἦσαν</strong></span> <span class='ocrx_word' id='word_1_175' title='bbox 2309 1269 2366 1318; x_wconf 84' lang='grc' dir='ltr'><strong>έν</strong></span> <span class='ocrx_word' id='word_1_176' title='bbox 2422 1266 2661 1330; x_wconf 83' lang='grc' dir='ltr'><strong>τούτοις.</strong></span> <span class='ocrx_word' id='word_1_177' title='bbox 2714 1267 2821 1318; x_wconf 80' lang='grc' dir='ltr'><strong>Τοῦ</strong></span> <span class='ocrx_word' id='word_1_178' title='bbox 2865 1267 2921 1319; x_wconf 81' lang='grc' dir='ltr'><strong>δὲ</strong></span> <span class='ocrx_word' id='word_1_179' title='bbox 2986 1264 3386 1335; x_wconf 75' lang='grc' dir='ltr'><strong>’Λμερμουμνῆ</strong></span> <span class='ocrx_word' id='word_1_180' title='bbox 3431 1263 3664 1316; x_wconf 77' lang='grc' dir='ltr'><strong>τοσοῦτον</strong></span> 
     </span>
    </p>
   </div>
   <div class='ocr_carea' id='block_1_29' title="bbox 2116 1355 3663 1428">
    <p class='ocr_par' dir='ltr' id='par_1_29' title="bbox 2116 1355 3663 1428">
     <span class='ocr_line' id='line_1_29' title="bbox 2116 1355 3663 1428; baseline 0.005 -18"><span class='ocrx_word' id='word_1_181' title='bbox 2116 1357 2402 1426; x_wconf 72' lang='grc' dir='ltr'><strong>καθήψατο</strong></span> <span class='ocrx_word' id='word_1_182' title='bbox 2427 1359 2460 1428; x_wconf 81' lang='grc' dir='ltr'><strong>ἡ</strong></span> <span class='ocrx_word' id='word_1_183' title='bbox 2486 1359 2583 1427; x_wconf 90' lang='grc' dir='ltr'><strong>τῆς</strong></span> <span class='ocrx_word' id='word_1_184' title='bbox 2621 1357 2787 1411; x_wconf 81' lang='grc' dir='ltr'><strong>αὐτοῦ</strong></span> <span class='ocrx_word' id='word_1_185' title='bbox 2817 1357 3075 1426; x_wconf 76' lang='grc' dir='ltr'><strong>πατρίδος</strong></span> <span class='ocrx_word' id='word_1_186' title='bbox 3105 1356 3465 1426; x_wconf 80' lang='grc' dir='ltr'><strong>ὲκπόρθησις,</strong></span> <span class='ocrx_word' id='word_1_187' title='bbox 3503 1356 3572 1416; x_wconf 76' lang='grc' dir='ltr'><strong>ὡς</strong></span> <span class='ocrx_word' id='word_1_188' title='bbox 3602 1355 3663 1423; x_wconf 68' lang='grc' dir='ltr'><strong>ξέὴ</strong></span> 
     </span>
    </p>
   </div>
   <div class='ocr_carea' id='block_1_30' title="bbox 2116 1447 3666 1521">
    <p class='ocr_par' dir='ltr' id='par_1_30' title="bbox 2116 1447 3666 1521">
     <span class='ocr_line' id='line_1_30' title="bbox 2116 1447 3666 1521; baseline -0.003 -19"><span class='ocrx_word' id='word_1_189' title='bbox 2116 1449 2350 1521; x_wconf 78' lang='grc' dir='ltr'><strong>ἀνεκτὴν</strong></span> <span class='ocrx_word' id='word_1_190' title='bbox 2408 1447 2547 1503; x_wconf 84' lang='grc' dir='ltr'><strong>εἶναι</strong></span> <span class='ocrx_word' id='word_1_191' title='bbox 2582 1450 2730 1520; x_wconf 74' lang='grc' dir='ltr'><strong>αὐτῷ</strong></span> <span class='ocrx_word' id='word_1_192' title='bbox 2777 1451 2877 1516; x_wconf 83' lang='grc' dir='ltr'><strong>τὴν</strong></span> <span class='ocrx_word' id='word_1_193' title='bbox 2910 1448 3078 1519; x_wconf 71' lang='grc' dir='ltr'><strong>ζωὴν,</strong></span> <span class='ocrx_word' id='word_1_194' title='bbox 3113 1451 3162 1502; x_wconf 88' lang='grc' dir='ltr'><strong>εἰ</strong></span> <span class='ocrx_word' id='word_1_195' title='bbox 3219 1450 3296 1518; x_wconf 78' lang='grc' dir='ltr'><strong>μὴ</strong></span> <span class='ocrx_word' id='word_1_196' title='bbox 3326 1447 3587 1518; x_wconf 80' lang='grc' dir='ltr'><strong>ἀμύναιτο</strong></span> <span class='ocrx_word' id='word_1_197' title='bbox 3609 1448 3666 1499; x_wconf 75' lang='grc' dir='ltr'><strong>δι’</strong></span> 
     </span>
    </p>
   </div>
   <div class='ocr_carea' id='block_1_31' title="bbox 2114 1533 3665 1613">
    <p class='ocr_par' dir='ltr' id='par_1_31' title="bbox 2114 1533 3665 1613">
     <span class='ocr_line' id='line_1_31' title="bbox 2114 1533 3665 1613; baseline -0.004 -19"><span class='ocrx_word' id='word_1_198' title='bbox 2114 1541 2285 1613; x_wconf 82' lang='grc' dir='ltr'><strong>αὐτὴν</strong></span> <span class='ocrx_word' id='word_1_199' title='bbox 2314 1541 2406 1595; x_wconf 80' lang='grc' dir='ltr'><strong>τὸν</strong></span> <span class='ocrx_word' id='word_1_200' title='bbox 2436 1542 2719 1612; x_wconf 79' lang='grc' dir='ltr'><strong>Θεόφιλον.</strong></span> <span class='ocrx_word' id='word_1_201' title='bbox 2756 1542 2962 1596; x_wconf 84' lang='grc' dir='ltr'>Μαθὼν</span> <span class='ocrx_word' id='word_1_202' title='bbox 3025 1535 3117 1595; x_wconf 79' lang='grc' dir='ltr'><strong>οὖν</strong></span> <span class='ocrx_word' id='word_1_203' title='bbox 3140 1539 3382 1610; x_wconf 77' lang='grc' dir='ltr'><strong>πατρίδα</strong></span> <span class='ocrx_word' id='word_1_204' title='bbox 3420 1533 3554 1590; x_wconf 73' lang='grc' dir='ltr'><strong>εῖναι</strong></span> <span class='ocrx_word' id='word_1_205' title='bbox 3580 1539 3665 1589; x_wconf 75' lang='grc' dir='ltr'><strong>αὖ·</strong></span> 
     </span>
    </p>
   </div>
   <div class='ocr_carea' id='block_1_32' title="bbox 444 1631 2018 1707">
    <p class='ocr_par' dir='ltr' id='par_1_32' title="bbox 444 1635 2013 1704">
     <span class='ocr_line' id='line_1_32' title="bbox 444 1635 2013 1704; baseline -0.001 -13"><span class='ocrx_word' id='word_1_206' title='bbox 444 1637 594 1692; x_wconf 89' lang='lat' dir='ltr'><strong>renis</strong></span> <span class='ocrx_word' id='word_1_207' title='bbox 626 1653 982 1704; x_wconf 89' lang='lat' dir='ltr'><strong>occursurus,</strong></span> <span class='ocrx_word' id='word_1_208' title='bbox 1011 1646 1070 1692; x_wconf 92' lang='lat' dir='ltr'><strong>et</strong></span> <span class='ocrx_word' id='word_1_209' title='bbox 1106 1651 1230 1692; x_wconf 89' lang='lat' dir='ltr'><strong>cum</strong></span> <span class='ocrx_word' id='word_1_210' title='bbox 1266 1637 1680 1692; x_wconf 89' lang='lat' dir='ltr'><strong>Amermumnis</strong></span> <span class='ocrx_word' id='word_1_211' title='bbox 1726 1635 1842 1691; x_wconf 83' lang='lat' dir='ltr'><strong>lilio</strong></span> <span class='ocrx_word' id='word_1_212' title='bbox 1886 1651 2013 1690; x_wconf 91' lang='lat' dir='ltr'><strong>cum</strong></span> 
     </span>
    </p>
   </div>
   <div class='ocr_carea' id='block_1_33' title="bbox 2117 1631 3665 1707">
    <p class='ocr_par' dir='ltr' id='par_1_33' title="bbox 2118 1631 3665 1707">
     <span class='ocr_line' id='line_1_33' title="bbox 2118 1631 3665 1707; baseline -0.004 -19"><span class='ocrx_word' id='word_1_213' title='bbox 2118 1637 2212 1688; x_wconf 83' lang='grc' dir='ltr'><strong>τοῦ</strong></span> <span class='ocrx_word' id='word_1_214' title='bbox 2257 1636 2321 1689; x_wconf 84' lang='grc' dir='ltr'><strong>τὸ</strong></span> <span class='ocrx_word' id='word_1_215' title='bbox 2391 1635 2647 1707; x_wconf 79' lang='grc' dir='ltr'><strong>Ἀμὸριον</strong></span> <span class='ocrx_word' id='word_1_216' title='bbox 2712 1637 2826 1706; x_wconf 76' lang='lat'><strong>(‘29)</strong></span> <span class='ocrx_word' id='word_1_217' title='bbox 2861 1676 2876 1699; x_wconf 93' lang='lat'><strong>,</strong></span> <span class='ocrx_word' id='word_1_218' title='bbox 2923 1635 3020 1689; x_wconf 64' lang='grc' dir='ltr'><strong>ἐπ’</strong></span> <span class='ocrx_word' id='word_1_219' title='bbox 3067 1635 3200 1690; x_wconf 81' lang='grc' dir='ltr'><strong>αὐτὸ</strong></span> <span class='ocrx_word' id='word_1_220' title='bbox 3257 1631 3665 1702; x_wconf 75' lang='grc' dir='ltr'><strong>στρατεύσασθαι</strong></span> 
     </span>
    </p>
   </div>
   <div class='ocr_carea' id='block_1_34' title="bbox 440 1695 2018 1799">
    <p class='ocr_par' dir='ltr' id='par_1_34' title="bbox 440 1714 2013 1798">
     <span class='ocr_line' id='line_1_34' title="bbox 440 1714 2013 1798; baseline -0.003 -16"><span class='ocrx_word' id='word_1_221' title='bbox 440 1730 606 1798; x_wconf 85' lang='lat' dir='ltr'><strong>justis</strong></span> <span class='ocrx_word' id='word_1_222' title='bbox 667 1729 842 1797; x_wconf 86' lang='lat' dir='ltr'><strong>copiis</strong></span> <span class='ocrx_word' id='word_1_223' title='bbox 901 1728 1234 1783; x_wconf 85' lang='lat' dir='ltr'><strong>adventante</strong></span> <span class='ocrx_word' id='word_1_224' title='bbox 1289 1714 1643 1797; x_wconf 78' lang='lat' dir='ltr'><strong>congressus,</strong></span> <span class='ocrx_word' id='word_1_225' title='bbox 1708 1725 1764 1780; x_wconf 92' lang='lat' dir='ltr'><strong>in</strong></span> <span class='ocrx_word' id='word_1_226' title='bbox 1829 1725 2013 1796; x_wconf 81' lang='lat' dir='ltr'><strong>fugam</strong></span> 
     </span>
    </p>
   </div>
   <div class='ocr_carea' id='block_1_35' title="bbox 2117 1695 3664 1799">
    <p class='ocr_par' dir='ltr' id='par_1_35' title="bbox 2119 1695 3664 1799">
     <span class='ocr_line' id='line_1_35' title="bbox 2119 1695 3664 1799; baseline -0.005 -18"><span class='ocrx_word' id='word_1_227' title='bbox 2119 1728 2351 1795; x_wconf 68' lang='grc' dir='ltr'><strong>ἔγνωκε.</strong></span> <span class='ocrx_word' id='word_1_228' title='bbox 2388 1695 2498 1782; x_wconf 76' lang='grc' dir='ltr'><strong>καὶι</strong></span> <span class='ocrx_word' id='word_1_229' title='bbox 2616 1695 2873 1799; x_wconf 27' lang='grc' dir='ltr'><strong>βασὶιλεδς</strong></span> <span class='ocrx_word' id='word_1_230' title='bbox 2902 1729 3067 1782; x_wconf 70' lang='grc' dir='ltr'><strong>τοῦτο</strong></span> <span class='ocrx_word' id='word_1_231' title='bbox 3091 1727 3255 1796; x_wconf 83' lang='grc' dir='ltr'><strong>γνοὺς</strong></span> <span class='ocrx_word' id='word_1_232' title='bbox 3285 1725 3420 1779; x_wconf 69' lang='grc' dir='ltr'><strong>αὐτὸ</strong></span> <span class='ocrx_word' id='word_1_233' title='bbox 3441 1723 3664 1792; x_wconf 78' lang='grc' dir='ltr'><strong>κατωχὺ-</strong></span> 
     </span>
    </p>
   </div>
   <div class='ocr_carea' id='block_1_36' title="bbox 446 1820 2013 1890">
    <p class='ocr_par' dir='ltr' id='par_1_36' title="bbox 446 1820 2013 1890">
     <span class='ocr_line' id='line_1_36' title="bbox 446 1820 2013 1890; baseline 0.001 -17"><span class='ocrx_word' id='word_1_234' title='bbox 446 1821 702 1875; x_wconf 91' lang='lat' dir='ltr'><strong>vertitur.</strong></span> <span class='ocrx_word' id='word_1_235' title='bbox 742 1821 915 1875; x_wconf 88' lang='lat' dir='ltr'><strong>Nocte</strong></span> <span class='ocrx_word' id='word_1_236' title='bbox 953 1820 1203 1874; x_wconf 87' lang='lat' dir='ltr'><strong>insecuta</strong></span> <span class='ocrx_word' id='word_1_237' title='bbox 1235 1820 1449 1876; x_wconf 82' lang='lat' dir='ltr'><strong>Manuel</strong></span> <span class='ocrx_word' id='word_1_238' title='bbox 1475 1820 1604 1874; x_wconf 91' lang='lat' dir='ltr'><strong>dum</strong></span> <span class='ocrx_word' id='word_1_239' title='bbox 1630 1820 1848 1890; x_wconf 81' lang='lat' dir='ltr'><strong>vigilias</strong></span> <span class='ocrx_word' id='word_1_240' title='bbox 1874 1821 2013 1888; x_wconf 89' lang='lat' dir='ltr'><strong>obit,</strong></span> 
     </span>
    </p>
   </div>
   <div class='ocr_carea' id='block_1_37' title="bbox 449 1911 2014 1984">
    <p class='ocr_par' dir='ltr' id='par_1_37' title="bbox 449 1911 2014 1984">
     <span class='ocr_line' id='line_1_37' title="bbox 449 1911 2014 1984; baseline 0.001 -17"><span class='ocrx_word' id='word_1_241' title='bbox 449 1912 714 1983; x_wconf 89' lang='lat' dir='ltr'><strong>quosdam</strong></span> <span class='ocrx_word' id='word_1_242' title='bbox 740 1914 937 1969; x_wconf 87' lang='lat' dir='ltr'><strong>Persas</strong></span> <span class='ocrx_word' id='word_1_243' title='bbox 969 1911 1114 1984; x_wconf 89' lang='lat' dir='ltr'><strong>(nam</strong></span> <span class='ocrx_word' id='word_1_244' title='bbox 1145 1913 1388 1983; x_wconf 76' lang='lat' dir='ltr'><strong>linguam</strong></span> <span class='ocrx_word' id='word_1_245' title='bbox 1418 1928 1612 1968; x_wconf 90' lang='lat' dir='ltr'><strong>eorum</strong></span> <span class='ocrx_word' id='word_1_246' title='bbox 1650 1912 2014 1984; x_wconf 86' lang='lat' dir='ltr'><strong>intelligebat)</strong></span> 
     </span>
    </p>
   </div>
   <div class='ocr_carea' id='block_1_38' title="bbox 449 2003 2016 2074">
    <p class='ocr_par' dir='ltr' id='par_1_38' title="bbox 449 2003 2016 2074">
     <span class='ocr_line' id='line_1_38' title="bbox 449 2003 2016 2074; baseline 0.001 -16"><span class='ocrx_word' id='word_1_247' title='bbox 449 2006 605 2060; x_wconf 89' lang='lat' dir='ltr'><strong>audit</strong></span> <span class='ocrx_word' id='word_1_248' title='bbox 641 2005 710 2060; x_wconf 90' lang='lat' dir='ltr'><strong>de</strong></span> <span class='ocrx_word' id='word_1_249' title='bbox 765 2003 1079 2070; x_wconf 84' lang='lat' dir='ltr'><strong>proditione</strong></span> <span class='ocrx_word' id='word_1_250' title='bbox 1131 2017 1257 2057; x_wconf 90' lang='lat' dir='ltr'><strong>cum</strong></span> <span class='ocrx_word' id='word_1_251' title='bbox 1305 2003 1568 2072; x_wconf 83' lang='lat' dir='ltr'><strong>Agarenis</strong></span> <span class='ocrx_word' id='word_1_252' title='bbox 1617 2004 2016 2074; x_wconf 88' lang='lat' dir='ltr'><strong>colloquentes,</strong></span> 
     </span>
    </p>
   </div>
   <div class='ocr_carea' id='block_1_39' title="bbox 444 2094 2020 2170">
    <p class='ocr_par' dir='ltr' id='par_1_39' title="bbox 444 2094 2020 2170">
     <span class='ocr_line' id='line_1_39' title="bbox 444 2094 2020 2170; baseline -0.001 -21"><span class='ocrx_word' id='word_1_253' title='bbox 444 2111 622 2165; x_wconf 85' lang='lat' dir='ltr'><strong>eoque</strong></span> <span class='ocrx_word' id='word_1_254' title='bbox 657 2097 931 2170; x_wconf 86' lang='lat' dir='ltr'><strong>nuntiato,</strong></span> <span class='ocrx_word' id='word_1_255' title='bbox 968 2095 1292 2164; x_wconf 88' lang='lat' dir='ltr'><strong>imperatori</strong></span> <span class='ocrx_word' id='word_1_256' title='bbox 1340 2094 1656 2166; x_wconf 87' lang='lat' dir='ltr'><strong>persuadet,</strong></span> <span class='ocrx_word' id='word_1_257' title='bbox 1691 2104 1753 2148; x_wconf 92' lang='lat' dir='ltr'><strong>ut</strong></span> <span class='ocrx_word' id='word_1_258' title='bbox 1800 2095 1904 2150; x_wconf 91' lang='lat' dir='ltr'><strong>sub</strong></span> <span class='ocrx_word' id='word_1_259' title='bbox 1932 2094 2020 2149; x_wconf 90' lang='lat' dir='ltr'><strong>di-</strong></span> 
     </span>
    </p>
   </div>
   <div class='ocr_carea' id='block_1_40' title="bbox 447 2185 2020 2250">
    <p class='ocr_par' dir='ltr' id='par_1_40' title="bbox 447 2185 2020 2250">
     <span class='ocr_line' id='line_1_40' title="bbox 447 2185 2020 2250; baseline 0.001 -10"><span class='ocrx_word' id='word_1_260' title='bbox 447 2187 692 2242; x_wconf 90' lang='lat' dir='ltr'><strong>luculum</strong></span> <span class='ocrx_word' id='word_1_261' title='bbox 759 2188 954 2244; x_wconf 86' lang='lat' dir='ltr'><strong>castris</strong></span> <span class='ocrx_word' id='word_1_262' title='bbox 997 2188 1269 2243; x_wconf 81' lang='lat' dir='ltr'><strong>excedat:</strong></span> <span class='ocrx_word' id='word_1_263' title='bbox 1295 2186 1376 2241; x_wconf 91' lang='lat' dir='ltr'><strong>sic</strong></span> <span class='ocrx_word' id='word_1_264' title='bbox 1419 2186 1511 2242; x_wconf 86' lang='lat' dir='ltr'><strong>ille</strong></span> <span class='ocrx_word' id='word_1_265' title='bbox 1547 2185 1822 2250; x_wconf 89' lang='lat' dir='ltr'><strong>discessit,</strong></span> <span class='ocrx_word' id='word_1_266' title='bbox 1890 2187 2020 2241; x_wconf 90' lang='lat' dir='ltr'><strong>totis</strong></span> 
     </span>
    </p>
   </div>
   <div class='ocr_carea' id='block_1_41' title="bbox 447 2275 2020 2350">
    <p class='ocr_par' dir='ltr' id='par_1_41' title="bbox 447 2275 2020 2350">
     <span class='ocr_line' id='line_1_41' title="bbox 447 2275 2020 2350; baseline -0.001 -16"><span class='ocrx_word' id='word_1_267' title='bbox 447 2279 678 2334; x_wconf 85' lang='lat' dir='ltr'><strong>habenis</strong></span> <span class='ocrx_word' id='word_1_268' title='bbox 710 2295 852 2350; x_wconf 85' lang='lat' dir='ltr'><strong>equo</strong></span> <span class='ocrx_word' id='word_1_269' title='bbox 883 2280 1108 2334; x_wconf 78' lang='lat' dir='ltr'><strong>laxatis.</strong></span> <span class='ocrx_word' id='word_1_270' title='bbox 1161 2275 1576 2334; x_wconf 79' lang='lat' dir='ltr'><strong>Amermumnes</strong></span> <span class='ocrx_word' id='word_1_271' title='bbox 1618 2289 1802 2333; x_wconf 88' lang='lat' dir='ltr'><strong>autem</strong></span> <span class='ocrx_word' id='word_1_272' title='bbox 1848 2294 1913 2333; x_wconf 83' lang='lat' dir='ltr'><strong>ex</strong></span> <span class='ocrx_word' id='word_1_273' title='bbox 1953 2293 2020 2333; x_wconf 86' lang='lat' dir='ltr'><strong>eo</strong></span> 
     </span>
    </p>
   </div>
   <div class='ocr_carea' id='block_1_42' title="bbox 446 2373 2018 2442">
    <p class='ocr_par' dir='ltr' id='par_1_42' title="bbox 446 2373 2018 2442">
     <span class='ocr_line' id='line_1_42' title="bbox 446 2373 2018 2442; baseline -0.001 -15"><span class='ocrx_word' id='word_1_274' title='bbox 446 2387 697 2435; x_wconf 87' lang='lat' dir='ltr'><strong>securus,</strong></span> <span class='ocrx_word' id='word_1_275' title='bbox 743 2373 950 2428; x_wconf 84' lang='lat' dir='ltr'><strong>Amorii</strong></span> <span class='ocrx_word' id='word_1_276' title='bbox 997 2373 1342 2428; x_wconf 87' lang='lat' dir='ltr'><strong>obsidionem</strong></span> <span class='ocrx_word' id='word_1_277' title='bbox 1381 2386 1694 2442; x_wconf 82' lang='lat' dir='ltr'><strong>aggressus,</strong></span> <span class='ocrx_word' id='word_1_278' title='bbox 1734 2385 1857 2426; x_wconf 89' lang='lat' dir='ltr'><strong>cum</strong></span> <span class='ocrx_word' id='word_1_279' title='bbox 1891 2385 2018 2425; x_wconf 85' lang='lat' dir='ltr'><strong>cre—</strong></span> 
     </span>
    </p>
   </div>
   <div class='ocr_carea' id='block_1_43' title="bbox 448 2459 2024 2530">
    <p class='ocr_par' dir='ltr' id='par_1_43' title="bbox 448 2459 2024 2530">
     <span class='ocr_line' id='line_1_43' title="bbox 448 2459 2024 2530; baseline 0.001 -16"><span class='ocrx_word' id='word_1_280' title='bbox 448 2461 574 2515; x_wconf 88' lang='lat' dir='ltr'><strong>bras</strong></span> <span class='ocrx_word' id='word_1_281' title='bbox 625 2461 1017 2530; x_wconf 85' lang='lat' dir='ltr'><strong>impressiones</strong></span> <span class='ocrx_word' id='word_1_282' title='bbox 1071 2462 1298 2523; x_wconf 87' lang='lat' dir='ltr'><strong>faceret,</strong></span> <span class='ocrx_word' id='word_1_283' title='bbox 1361 2460 1502 2516; x_wconf 89' lang='lat' dir='ltr'><strong>nihil</strong></span> <span class='ocrx_word' id='word_1_284' title='bbox 1555 2459 1900 2530; x_wconf 79' lang='lat' dir='ltr'><strong>proﬁciebat,</strong></span> <span class='ocrx_word' id='word_1_285' title='bbox 1953 2461 2024 2516; x_wconf 79' lang='lat' dir='ltr'><strong>iis</strong></span> 
     </span>
    </p>
   </div>
   <div class='ocr_carea' id='block_1_44' title="bbox 447 2551 2023 2621">
    <p class='ocr_par' dir='ltr' id='par_1_44' title="bbox 447 2551 2023 2621">
     <span class='ocr_line' id='line_1_44' title="bbox 447 2551 2023 2621; baseline 0.002 -19"><span class='ocrx_word' id='word_1_286' title='bbox 447 2551 543 2621; x_wconf 89' lang='lat' dir='ltr'><strong>qui</strong></span> <span class='ocrx_word' id='word_1_287' title='bbox 614 2552 763 2605; x_wconf 85' lang='lat' dir='ltr'><strong>intus</strong></span> <span class='ocrx_word' id='word_1_288' title='bbox 847 2561 1008 2608; x_wconf 91' lang='lat' dir='ltr'><strong>erant</strong></span> <span class='ocrx_word' id='word_1_289' title='bbox 1057 2552 1275 2606; x_wconf 85' lang='lat' dir='ltr'><strong>fortiter</strong></span> <span class='ocrx_word' id='word_1_290' title='bbox 1322 2551 1731 2613; x_wconf 84' lang='lat' dir='ltr'><strong>resistentibus,</strong></span> <span class='ocrx_word' id='word_1_291' title='bbox 1782 2551 1919 2606; x_wconf 88' lang='lat' dir='ltr'><strong>adeo</strong></span> <span class='ocrx_word' id='word_1_292' title='bbox 1962 2559 2023 2607; x_wconf 90' lang='lat' dir='ltr'><strong>ut</strong></span> 
     </span>
    </p>
   </div>
   <div class='ocr_carea' id='block_1_45' title="bbox 447 2645 2020 2718">
    <p class='ocr_par' dir='ltr' id='par_1_45' title="bbox 447 2645 2020 2718">
     <span class='ocr_line' id='line_1_45' title="bbox 447 2645 2020 2718; baseline 0.003 -18"><span class='ocrx_word' id='word_1_293' title='bbox 447 2645 684 2715; x_wconf 80' lang='lat' dir='ltr'><strong>Agareni</strong></span> <span class='ocrx_word' id='word_1_294' title='bbox 733 2646 1154 2717; x_wconf 78' lang='lat' dir='ltr'><strong>expugnationis</strong></span> <span class='ocrx_word' id='word_1_295' title='bbox 1185 2661 1282 2716; x_wconf 89' lang='lat' dir='ltr'><strong>spe</strong></span> <span class='ocrx_word' id='word_1_296' title='bbox 1323 2647 1543 2718; x_wconf 80' lang='lat' dir='ltr'><strong>abjecta&#39;</strong></span> <span class='ocrx_word' id='word_1_297' title='bbox 1574 2647 1872 2703; x_wconf 89' lang='lat' dir='ltr'><strong>discessuri</strong></span> <span class='ocrx_word' id='word_1_298' title='bbox 1899 2646 2020 2704; x_wconf 86' lang='lat' dir='ltr'><strong>fue-</strong></span> 
     </span>
    </p>
   </div>
   <div class='ocr_carea' id='block_1_46' title="bbox 449 2735 2021 2809">
    <p class='ocr_par' dir='ltr' id='par_1_46' title="bbox 449 2735 2021 2809">
     <span class='ocr_line' id='line_1_46' title="bbox 449 2735 2021 2809; baseline 0.001 -19"><span class='ocrx_word' id='word_1_299' title='bbox 449 2736 582 2800; x_wconf 85' lang='lat' dir='ltr'><strong>rint,</strong></span> <span class='ocrx_word' id='word_1_300' title='bbox 597 2745 652 2791; x_wconf 88' lang='lat' dir='ltr'><strong>et</strong></span> <span class='ocrx_word' id='word_1_301' title='bbox 683 2736 815 2791; x_wconf 91' lang='lat' dir='ltr'><strong>urbs</strong></span> <span class='ocrx_word' id='word_1_302' title='bbox 847 2735 1142 2792; x_wconf 90' lang='lat' dir='ltr'><strong>incolumis</strong></span> <span class='ocrx_word' id='word_1_303' title='bbox 1157 2753 1533 2809; x_wconf 89' lang='lat' dir='ltr'><strong>permansura,</strong></span> <span class='ocrx_word' id='word_1_304' title='bbox 1556 2736 1662 2792; x_wconf 91' lang='lat' dir='ltr'><strong>nisi</strong></span> <span class='ocrx_word' id='word_1_305' title='bbox 1685 2738 1906 2808; x_wconf 88' lang='lat' dir='ltr'><strong>quidam</strong></span> <span class='ocrx_word' id='word_1_306' title='bbox 1938 2739 2021 2792; x_wconf 91' lang='lat' dir='ltr'><strong>in-</strong></span> 
     </span>
    </p>
   </div>
   <div class='ocr_carea' id='block_1_47' title="bbox 449 2828 2026 2900">
    <p class='ocr_par' dir='ltr' id='par_1_47' title="bbox 449 2828 2026 2900">
     <span class='ocr_line' id='line_1_47' title="bbox 449 2828 2026 2900; baseline 0.002 -19"><span class='ocrx_word' id='word_1_307' title='bbox 449 2836 562 2892; x_wconf 85' lang='lat' dir='ltr'><strong>tus,</strong></span> <span class='ocrx_word' id='word_1_308' title='bbox 579 2837 940 2898; x_wconf 83' lang='lat' dir='ltr'><strong>cognomento</strong></span> <span class='ocrx_word' id='word_1_309' title='bbox 983 2828 1278 2897; x_wconf 84' lang='lat' dir='ltr'><strong>Boiditzes,</strong></span> <span class='ocrx_word' id='word_1_310' title='bbox 1305 2830 1376 2885; x_wconf 87' lang='lat' dir='ltr'><strong>ob</strong></span> <span class='ocrx_word' id='word_1_311' title='bbox 1397 2829 1804 2884; x_wconf 85' lang='lat' dir='ltr'><strong>contentionem</strong></span> <span class='ocrx_word' id='word_1_312' title='bbox 1831 2843 2026 2900; x_wconf 85' lang='lat' dir='ltr'><strong>quam-</strong></span> 
     </span>
    </p>
   </div>
   <div class='ocr_carea' id='block_1_48' title="bbox 449 2917 2014 2989">
    <p class='ocr_par' dir='ltr' id='par_1_48' title="bbox 449 2917 2014 2989">
     <span class='ocr_line' id='line_1_48' title="bbox 449 2917 2014 2989; baseline 0.001 -19"><span class='ocrx_word' id='word_1_313' title='bbox 449 2917 574 2970; x_wconf 77' lang='lat' dir='ltr'><strong>dam</strong></span> <span class='ocrx_word' id='word_1_314' title='bbox 605 2920 792 2971; x_wconf 86' lang='lat' dir='ltr'><strong>furore</strong></span> <span class='ocrx_word' id='word_1_315' title='bbox 825 2917 1091 2983; x_wconf 89' lang='lat' dir='ltr'><strong>percitus,</strong></span> <span class='ocrx_word' id='word_1_316' title='bbox 1122 2933 1244 2973; x_wconf 87' lang='lat' dir='ltr'><strong>eam</strong></span> <span class='ocrx_word' id='word_1_317' title='bbox 1272 2919 1627 2989; x_wconf 83' lang='lat' dir='ltr'><strong>prodidisset.</strong></span> <span class='ocrx_word' id='word_1_318' title='bbox 1652 2918 1799 2975; x_wconf 88' lang='lat' dir='ltr'><strong>Urbe</strong></span> <span class='ocrx_word' id='word_1_319' title='bbox 1829 2927 2014 2989; x_wconf 86' lang='lat' dir='ltr'><strong>capta,</strong></span> 
     </span>
    </p>
   </div>
   <div class='ocr_carea' id='block_1_49' title="bbox 450 3009 2091 3103">
    <p class='ocr_par' dir='ltr' id='par_1_49' title="bbox 450 3009 2091 3103">
     <span class='ocr_line' id='line_1_49' title="bbox 450 3009 2091 3103; baseline 0.003 -42"><span class='ocrx_word' id='word_1_320' title='bbox 450 3018 689 3078; x_wconf 88' lang='lat' dir='ltr'><strong>quantus</strong></span> <span class='ocrx_word' id='word_1_321' title='bbox 721 3012 960 3078; x_wconf 87' lang='lat' dir='ltr'><strong>populus</strong></span> <span class='ocrx_word' id='word_1_322' title='bbox 1004 3025 1180 3066; x_wconf 49' lang='lat' dir='ltr'><strong>caesus</strong></span> <span class='ocrx_word' id='word_1_323' title='bbox 1237 3010 1427 3076; x_wconf 84' lang='lat' dir='ltr'><strong>fuerit,</strong></span> <span class='ocrx_word' id='word_1_324' title='bbox 1485 3009 1596 3066; x_wconf 90' lang='lat' dir='ltr'><strong>dici</strong></span> <span class='ocrx_word' id='word_1_325' title='bbox 1669 3025 1779 3065; x_wconf 91' lang='lat' dir='ltr'><strong>non</strong></span> <span class='ocrx_word' id='word_1_326' title='bbox 1817 3021 2016 3082; x_wconf 89' lang='lat' dir='ltr'><strong>potest.</strong></span> <span class='ocrx_word' id='word_1_327' title='bbox 2046 3040 2091 3103; x_wconf 66' lang='grc' dir='ltr'><strong>ρ</strong></span> 
     </span>
    </p>
   </div>
   <div class='ocr_carea' id='block_1_50' title="bbox 451 3096 2021 3166">
    <p class='ocr_par' dir='ltr' id='par_1_50' title="bbox 451 3096 2021 3166">
     <span class='ocr_line' id='line_1_50' title="bbox 451 3096 2021 3166; baseline 0.001 -14"><span class='ocrx_word' id='word_1_328' title='bbox 451 3097 742 3152; x_wconf 79' lang='lat' dir='ltr'><strong>Mulierum</strong></span> <span class='ocrx_word' id='word_1_329' title='bbox 776 3112 928 3163; x_wconf 91' lang='lat' dir='ltr'><strong>vero,</strong></span> <span class='ocrx_word' id='word_1_330' title='bbox 959 3113 1252 3166; x_wconf 86' lang='lat' dir='ltr'><strong>puerorum</strong></span> <span class='ocrx_word' id='word_1_331' title='bbox 1285 3108 1342 3152; x_wconf 89' lang='lat' dir='ltr'><strong>et</strong></span> <span class='ocrx_word' id='word_1_332' title='bbox 1388 3096 1830 3152; x_wconf 86' lang='lat' dir='ltr'><strong>adolescentium</strong></span> <span class='ocrx_word' id='word_1_333' title='bbox 1852 3099 2021 3153; x_wconf 85' lang='lat' dir='ltr'><strong>multa</strong></span> 
     </span>
    </p>
   </div>
   <div class='ocr_carea' id='block_1_51' title="bbox 450 3187 2019 3258">
    <p class='ocr_par' dir='ltr' id='par_1_51' title="bbox 450 3187 2019 3258">
     <span class='ocr_line' id='line_1_51' title="bbox 450 3187 2019 3258; baseline 0.001 -16"><span class='ocrx_word' id='word_1_334' title='bbox 450 3189 646 3248; x_wconf 86' lang='lat' dir='ltr'><strong>millia.</strong></span> <span class='ocrx_word' id='word_1_335' title='bbox 683 3197 738 3242; x_wconf 89' lang='lat' dir='ltr'><strong>et</strong></span> <span class='ocrx_word' id='word_1_336' title='bbox 771 3188 941 3242; x_wconf 88' lang='lat' dir='ltr'><strong>duces</strong></span> <span class='ocrx_word' id='word_1_337' title='bbox 990 3189 1260 3258; x_wconf 87' lang='lat' dir='ltr'><strong>primarii,</strong></span> <span class='ocrx_word' id='word_1_338' title='bbox 1293 3187 1580 3254; x_wconf 85' lang='lat' dir='ltr'><strong>Callistus,</strong></span> <span class='ocrx_word' id='word_1_339' title='bbox 1605 3190 2019 3254; x_wconf 83' lang='lat' dir='ltr'><strong>Constantinus,</strong></span> 
     </span>
    </p>
   </div>
   <div class='ocr_carea' id='block_1_52' title="bbox 451 3278 2020 3349">
    <p class='ocr_par' dir='ltr' id='par_1_52' title="bbox 451 3278 2020 3349">
     <span class='ocr_line' id='line_1_52' title="bbox 451 3278 2020 3349; baseline 0.001 -17"><span class='ocrx_word' id='word_1_340' title='bbox 451 3279 782 3333; x_wconf 89' lang='lat' dir='ltr'><strong>Theodorus</strong></span> <span class='ocrx_word' id='word_1_341' title='bbox 807 3278 1092 3341; x_wconf 86' lang='lat' dir='ltr'><strong>Craterus,</strong></span> <span class='ocrx_word' id='word_1_342' title='bbox 1127 3279 1286 3348; x_wconf 77' lang='lat'><strong>152</strong></span> <span class='ocrx_word' id='word_1_343' title='bbox 1325 3279 1565 3348; x_wconf 78' lang='lat' dir='ltr'><strong>patrimi,</strong></span> <span class='ocrx_word' id='word_1_344' title='bbox 1610 3279 1814 3349; x_wconf 87' lang='lat' dir='ltr'><strong>aliique</strong></span> <span class='ocrx_word' id='word_1_345' title='bbox 1865 3281 2020 3335; x_wconf 84' lang='lat' dir='ltr'><strong>multi</strong></span> 
     </span>
    </p>
   </div>
   <div class='ocr_carea' id='block_1_53' title="bbox 451 3369 2021 3441">
    <p class='ocr_par' dir='ltr' id='par_1_53' title="bbox 451 3369 2021 3441">
     <span class='ocr_line' id='line_1_53' title="bbox 451 3369 2021 3441; baseline 0.003 -19"><span class='ocrx_word' id='word_1_346' title='bbox 451 3371 652 3439; x_wconf 90' lang='lat' dir='ltr'><strong>partim</strong></span> <span class='ocrx_word' id='word_1_347' title='bbox 703 3369 963 3439; x_wconf 80' lang='lat' dir='ltr'><strong>pra-turis</strong></span> <span class='ocrx_word' id='word_1_348' title='bbox 1010 3369 1273 3441; x_wconf 86' lang='lat' dir='ltr'><strong>insignes,</strong></span> <span class='ocrx_word' id='word_1_349' title='bbox 1311 3371 1511 3440; x_wconf 83' lang='lat' dir='ltr'><strong>partim</strong></span> <span class='ocrx_word' id='word_1_350' title='bbox 1551 3370 1878 3441; x_wconf 83' lang='lat' dir='ltr'><strong>dignitatum</strong></span> <span class='ocrx_word' id='word_1_351' title='bbox 1925 3372 2021 3426; x_wconf 86' lang='lat' dir='ltr'><strong>ho-</strong></span> 
     </span>
    </p>
   </div>
   <div class='ocr_carea' id='block_1_54' title="bbox 453 3462 2022 3530">
    <p class='ocr_par' dir='ltr' id='par_1_54' title="bbox 453 3462 2022 3530">
     <span class='ocr_line' id='line_1_54' title="bbox 453 3462 2022 3530; baseline 0.001 -13"><span class='ocrx_word' id='word_1_352' title='bbox 453 3463 685 3517; x_wconf 90' lang='lat' dir='ltr'><strong>noribus</strong></span> <span class='ocrx_word' id='word_1_353' title='bbox 741 3462 1004 3524; x_wconf 85' lang='lat' dir='ltr'><strong>illustres,</strong></span> <span class='ocrx_word' id='word_1_354' title='bbox 1061 3464 1115 3515; x_wconf 89' lang='lat' dir='ltr'><strong>in</strong></span> <span class='ocrx_word' id='word_1_355' title='bbox 1172 3462 1548 3530; x_wconf 86' lang='lat' dir='ltr'><strong>captivitatem</strong></span> <span class='ocrx_word' id='word_1_356' title='bbox 1598 3471 1728 3518; x_wconf 88' lang='lat' dir='ltr'><strong>sunt</strong></span> <span class='ocrx_word' id='word_1_357' title='bbox 1775 3463 2022 3519; x_wconf 87' lang='lat' dir='ltr'><strong>abducti.</strong></span> 
     </span>
    </p>
   </div>
   <div class='ocr_carea' id='block_1_55' title="bbox 458 3549 2022 3624">
    <p class='ocr_par' dir='ltr' id='par_1_55' title="bbox 458 3549 2022 3624">
     <span class='ocr_line' id='line_1_55' title="bbox 458 3549 2022 3624; baseline 0.002 -19"><span class='ocrx_word' id='word_1_358' title='bbox 458 3551 557 3605; x_wconf 86' lang='lat' dir='ltr'><strong>llis</strong></span> <span class='ocrx_word' id='word_1_359' title='bbox 588 3549 953 3620; x_wconf 84' lang='lat' dir='ltr'><strong>Theophilus,</strong></span> <span class='ocrx_word' id='word_1_360' title='bbox 987 3551 1078 3620; x_wconf 91' lang='lat' dir='ltr'><strong>qui</strong></span> <span class='ocrx_word' id='word_1_361' title='bbox 1107 3550 1336 3621; x_wconf 79' lang='lat' dir='ltr'><strong>Dorylaei</strong></span> <span class='ocrx_word' id='word_1_362' title='bbox 1371 3559 1484 3606; x_wconf 91' lang='lat' dir='ltr'><strong>tum</strong></span> <span class='ocrx_word' id='word_1_363' title='bbox 1521 3552 1734 3623; x_wconf 84' lang='lat' dir='ltr'><strong>agebat,</strong></span> <span class='ocrx_word' id='word_1_364' title='bbox 1769 3555 2022 3624; x_wconf 85' lang='lat' dir='ltr'><strong>cognitis,</strong></span> 
     </span>
    </p>
   </div>
   <div class='ocr_carea' id='block_1_56' title="bbox 2119 1805 3665 1889">
    <p class='ocr_par' dir='ltr' id='par_1_56' title="bbox 2119 1805 3665 1889">
     <span class='ocr_line' id='line_1_56' title="bbox 2119 1805 3665 1889; baseline -0.006 -18"><span class='ocrx_word' id='word_1_365' title='bbox 2119 1833 2314 1886; x_wconf 82' lang='grc' dir='ltr'><strong>ρωσεν,</strong></span> <span class='ocrx_word' id='word_1_366' title='bbox 2350 1817 2527 1880; x_wconf 84' lang='grc' dir='ltr'><strong>ἄλλως</strong></span> <span class='ocrx_word' id='word_1_367' title='bbox 2559 1834 2617 1872; x_wconf 89' lang='grc' dir='ltr'><strong>τε</strong></span> <span class='ocrx_word' id='word_1_368' title='bbox 2673 1818 2769 1872; x_wconf 75' lang='grc' dir='ltr'><strong>καὶ</strong></span> <span class='ocrx_word' id='word_1_369' title='bbox 2804 1817 3238 1889; x_wconf 82' lang='grc' dir='ltr'><strong>στρατευμάτων</strong></span> <span class='ocrx_word' id='word_1_370' title='bbox 3270 1813 3562 1883; x_wconf 75' lang='grc' dir='ltr'><strong>ἀποστολῇ,</strong></span> <span class='ocrx_word' id='word_1_371' title='bbox 3603 1805 3665 1863; x_wconf 79' lang='grc' dir='ltr'><strong>ὧν</strong></span> 
     </span>
    </p>
   </div>
   <div class='ocr_carea' id='block_1_57' title="bbox 2114 1904 3668 1980">
    <p class='ocr_par' dir='ltr' id='par_1_57' title="bbox 2114 1904 3668 1980">
     <span class='ocr_line' id='line_1_57' title="bbox 2114 1904 3668 1980; baseline -0.005 -18"><span class='ocrx_word' id='word_1_372' title='bbox 2114 1905 2286 1979; x_wconf 79' lang='grc' dir='ltr'><strong>ἦρχον</strong></span> <span class='ocrx_word' id='word_1_373' title='bbox 2319 1907 2597 1980; x_wconf 72' lang='grc' dir='ltr'><strong>Θεόδωρος</strong></span> <span class='ocrx_word' id='word_1_374' title='bbox 2621 1910 2650 1962; x_wconf 80' lang='grc' dir='ltr'><strong>ὁ</strong></span> <span class='ocrx_word' id='word_1_375' title='bbox 2683 1909 2994 1980; x_wconf 77' lang='grc' dir='ltr'><strong>Κρατερὸς,</strong></span> <span class='ocrx_word' id='word_1_376' title='bbox 3025 1904 3089 1960; x_wconf 75' lang='grc' dir='ltr'><strong>οὗ</strong></span> <span class='ocrx_word' id='word_1_377' title='bbox 3123 1907 3230 1979; x_wconf 83' lang='grc' dir='ltr'><strong>πρὸ</strong></span> <span class='ocrx_word' id='word_1_378' title='bbox 3259 1905 3460 1977; x_wconf 80' lang='grc' dir='ltr'><strong>μικροῦ</strong></span> <span class='ocrx_word' id='word_1_379' title='bbox 3488 1906 3518 1975; x_wconf 81' lang='grc' dir='ltr'><strong>ή</strong></span> <span class='ocrx_word' id='word_1_380' title='bbox 3548 1905 3668 1956; x_wconf 78' lang='grc' dir='ltr'><strong>ἱστο-</strong></span> 
     </span>
    </p>
   </div>
   <div class='ocr_carea' id='block_1_58' title="bbox 2119 1983 3667 2072">
    <p class='ocr_par' dir='ltr' id='par_1_58' title="bbox 2119 1983 3667 2072">
     <span class='ocr_line' id='line_1_58' title="bbox 2119 1983 3667 2072; baseline -0.004 -19"><span class='ocrx_word' id='word_1_381' title='bbox 2119 2001 2210 2071; x_wconf 85' lang='grc' dir='ltr'><strong>ρία</strong></span> <span class='ocrx_word' id='word_1_382' title='bbox 2241 2001 2512 2072; x_wconf 77' lang='grc' dir='ltr'><strong>ἐμνήσθη,</strong></span> <span class='ocrx_word' id='word_1_383' title='bbox 2550 2002 2647 2054; x_wconf 77' lang='grc' dir='ltr'><strong>καὶ</strong></span> <span class='ocrx_word' id='word_1_384' title='bbox 2677 2001 2728 2055; x_wconf 78' lang='grc' dir='ltr'><strong>οἱ</strong></span> <span class='ocrx_word' id='word_1_385' title='bbox 2779 2001 2961 2055; x_wconf 72' lang='grc' dir='ltr'><strong>λοιποὶ</strong></span> <span class='ocrx_word' id='word_1_386' title='bbox 3012 1983 3063 2054; x_wconf 78' lang='grc' dir='ltr'><strong>οἳ</strong></span> <span class='ocrx_word' id='word_1_387' title='bbox 3100 2000 3194 2054; x_wconf 74' lang='grc' dir='ltr'><strong>καὶ</strong></span> <span class='ocrx_word' id='word_1_388' title='bbox 3233 1999 3330 2052; x_wconf 82' lang='grc' dir='ltr'><strong>τὸν</strong></span> <span class='ocrx_word' id='word_1_389' title='bbox 3350 1997 3444 2050; x_wconf 84' lang='grc' dir='ltr'><strong>τοῦ</strong></span> <span class='ocrx_word' id='word_1_390' title='bbox 3483 2014 3667 2068; x_wconf 85' lang='grc' dir='ltr'><strong>μαρτυ-</strong></span> 
     </span>
    </p>
   </div>
   <div class='ocr_carea' id='block_1_59' title="bbox 2120 2090 3668 2162">
    <p class='ocr_par' dir='ltr' id='par_1_59' title="bbox 2120 2090 3668 2162">
     <span class='ocr_line' id='line_1_59' title="bbox 2120 2090 3668 2162; baseline -0.004 -19"><span class='ocrx_word' id='word_1_391' title='bbox 2120 2091 2233 2162; x_wconf 85' lang='grc' dir='ltr'><strong>ρίου</strong></span> <span class='ocrx_word' id='word_1_392' title='bbox 2263 2090 2463 2162; x_wconf 77' lang='grc' dir='ltr'>δρόμον</span> <span class='ocrx_word' id='word_1_393' title='bbox 2491 2091 2760 2161; x_wconf 78' lang='grc' dir='ltr'><strong>ὲξήνυσαν</strong></span> <span class='ocrx_word' id='word_1_394' title='bbox 2799 2092 2952 2161; x_wconf 74' lang='grc' dir='ltr'><strong>παρὰ</strong></span> <span class='ocrx_word' id='word_1_395' title='bbox 2974 2093 3087 2154; x_wconf 80' lang='grc' dir='ltr'><strong>τοῖς</strong></span> <span class='ocrx_word' id='word_1_396' title='bbox 3121 2093 3472 2160; x_wconf 75' lang='grc' dir='ltr'><strong>Ἀγαρηνοίς,</strong></span> <span class='ocrx_word' id='word_1_397' title='bbox 3500 2105 3668 2141; x_wconf 81' lang='grc' dir='ltr'><strong>τεσσα-</strong></span> 
     </span>
    </p>
   </div>
   <div class='ocr_carea' id='block_1_60' title="bbox 2119 2175 3667 2254">
    <p class='ocr_par' dir='ltr' id='par_1_60' title="bbox 2119 2175 3667 2254">
     <span class='ocr_line' id='line_1_60' title="bbox 2119 2175 3667 2254; baseline -0.005 -18"><span class='ocrx_word' id='word_1_398' title='bbox 2119 2182 2358 2254; x_wconf 82' lang='grc' dir='ltr'><strong>ράκοντα</strong></span> <span class='ocrx_word' id='word_1_399' title='bbox 2406 2183 2503 2235; x_wconf 78' lang='grc' dir='ltr'><strong>καὶ</strong></span> <span class='ocrx_word' id='word_1_400' title='bbox 2541 2181 2636 2235; x_wconf 83' lang='grc' dir='ltr'><strong>δύο</strong></span> <span class='ocrx_word' id='word_1_401' title='bbox 2688 2181 2891 2245; x_wconf 81' lang='grc' dir='ltr'><strong>πάντες</strong></span> <span class='ocrx_word' id='word_1_402' title='bbox 2938 2181 3334 2252; x_wconf 77' lang='grc' dir='ltr'><strong>τυγχάνοντες.</strong></span> <span class='ocrx_word' id='word_1_403' title='bbox 3384 2178 3591 2249; x_wconf 79' lang='grc' dir='ltr'><strong>Ἑξῆλθε</strong></span> <span class='ocrx_word' id='word_1_404' title='bbox 3619 2175 3667 2230; x_wconf 75' lang='grc' dir='ltr'><strong>δὲ</strong></span> 
     </span>
    </p>
   </div>
   <div class='ocr_carea' id='block_1_61' title="bbox 2119 2271 3664 2343">
    <p class='ocr_par' dir='ltr' id='par_1_61' title="bbox 2119 2271 3664 2343">
     <span class='ocr_line' id='line_1_61' title="bbox 2119 2271 3664 2343; baseline -0.003 -17"><span class='ocrx_word' id='word_1_405' title='bbox 2119 2273 2214 2326; x_wconf 75' lang='grc' dir='ltr'><strong>καὶ</strong></span> <span class='ocrx_word' id='word_1_406' title='bbox 2241 2275 2268 2325; x_wconf 90' lang='grc' dir='ltr'>ὁ</span> <span class='ocrx_word' id='word_1_407' title='bbox 2303 2272 2555 2342; x_wconf 84' lang='grc' dir='ltr'><strong>βασιλεὺς</strong></span> <span class='ocrx_word' id='word_1_408' title='bbox 2583 2273 2938 2327; x_wconf 81' lang='grc' dir='ltr'><strong>ὑπαντιάσων</strong></span> <span class='ocrx_word' id='word_1_409' title='bbox 2971 2275 3086 2337; x_wconf 77' lang='grc' dir='ltr'><strong>τοῖς</strong></span> <span class='ocrx_word' id='word_1_410' title='bbox 3127 2274 3193 2327; x_wconf 80' lang='grc' dir='ltr'><strong>ὲκ</strong></span> <span class='ocrx_word' id='word_1_411' title='bbox 3229 2272 3335 2343; x_wconf 85' lang='grc' dir='ltr'><strong>τῆς</strong></span> <span class='ocrx_word' id='word_1_412' title='bbox 3363 2272 3554 2341; x_wconf 71' lang='grc' dir='ltr'><strong>Ἅγαρ,</strong></span> <span class='ocrx_word' id='word_1_413' title='bbox 3584 2271 3664 2322; x_wconf 66' lang='grc' dir='ltr'><strong>καὶ</strong></span> 
     </span>
    </p>
   </div>
   <div class='ocr_carea' id='block_1_62' title="bbox 2118 2360 3665 2437">
    <p class='ocr_par' dir='ltr' id='par_1_62' title="bbox 2118 2360 3665 2437">
     <span class='ocr_line' id='line_1_62' title="bbox 2118 2360 3665 2437; baseline -0.007 -17"><span class='ocrx_word' id='word_1_414' title='bbox 2118 2365 2148 2418; x_wconf 86' lang='grc' dir='ltr'>ὁ</span> <span class='ocrx_word' id='word_1_415' title='bbox 2179 2366 2280 2434; x_wconf 80' lang='grc' dir='ltr'><strong>μὲν</strong></span> <span class='ocrx_word' id='word_1_416' title='bbox 2331 2365 2411 2436; x_wconf 83' lang='grc' dir='ltr'><strong>τῷ</strong></span> <span class='ocrx_word' id='word_1_417' title='bbox 2459 2365 2556 2418; x_wconf 82' lang='grc' dir='ltr'><strong>τοῦ</strong></span> <span class='ocrx_word' id='word_1_418' title='bbox 2597 2365 2994 2437; x_wconf 82' lang='grc' dir='ltr'><strong>Ἀμερμουμνῆ</strong></span> <span class='ocrx_word' id='word_1_419' title='bbox 3043 2363 3149 2437; x_wconf 81' lang='grc' dir='ltr'><strong>υίῷ</strong></span> <span class='ocrx_word' id='word_1_420' title='bbox 3195 2361 3513 2433; x_wconf 79' lang='grc' dir='ltr'><strong>συμϐαλὼν,</strong></span> <span class='ocrx_word' id='word_1_421' title='bbox 3545 2360 3665 2428; x_wconf 80' lang='grc' dir='ltr'><strong>μετά</strong></span> 
     </span>
    </p>
   </div>
   <div class='ocr_carea' id='block_1_63' title="bbox 2121 2452 3665 2528">
    <p class='ocr_par' dir='ltr' id='par_1_63' title="bbox 2121 2452 3665 2528">
     <span class='ocr_line' id='line_1_63' title="bbox 2121 2452 3665 2528; baseline -0.016 -3"><span class='ocrx_word' id='word_1_422' title='bbox 2121 2457 2406 2524; x_wconf 82' lang='grc' dir='ltr'><strong>στριατιᾶς</strong></span> <span class='ocrx_word' id='word_1_423' title='bbox 2470 2455 2772 2526; x_wconf 75' lang='grc' dir='ltr'><strong>ἀξιομάχου</strong></span> <span class='ocrx_word' id='word_1_424' title='bbox 2809 2457 3026 2528; x_wconf 64' lang='grc' dir='ltr'><strong>ἥκοντι,</strong></span> <span class='ocrx_word' id='word_1_425' title='bbox 3071 2456 3360 2528; x_wconf 84' lang='grc' dir='ltr'><strong>τρέπεται.</strong></span> <span class='ocrx_word' id='word_1_426' title='bbox 3403 2454 3600 2514; x_wconf 73' lang='grc' dir='ltr'><strong>Νυκτὸς</strong></span> <span class='ocrx_word' id='word_1_427' title='bbox 3629 2452 3665 2502; x_wconf 80' lang='grc' dir='ltr'><strong>δ’</strong></span> 
     </span>
    </p>
   </div>
   <div class='ocr_carea' id='block_1_64' title="bbox 2122 2546 3665 2619">
    <p class='ocr_par' dir='ltr' id='par_1_64' title="bbox 2122 2546 3665 2619">
     <span class='ocr_line' id='line_1_64' title="bbox 2122 2546 3665 2619; baseline -0.004 -19"><span class='ocrx_word' id='word_1_428' title='bbox 2122 2549 2532 2618; x_wconf 66' lang='grc' dir='ltr'><strong>ἐπιγενομένης</strong></span> <span class='ocrx_word' id='word_1_429' title='bbox 2553 2550 2582 2602; x_wconf 86' lang='grc' dir='ltr'>ὁ</span> <span class='ocrx_word' id='word_1_430' title='bbox 2613 2548 2873 2618; x_wconf 75' lang='grc' dir='ltr'><strong>Μανουὴλ</strong></span> <span class='ocrx_word' id='word_1_431' title='bbox 2909 2551 3010 2613; x_wconf 81' lang='grc' dir='ltr'><strong>τὰς</strong></span> <span class='ocrx_word' id='word_1_432' title='bbox 3040 2548 3290 2619; x_wconf 76' lang='grc' dir='ltr'><strong>φυλακὰς</strong></span> <span class='ocrx_word' id='word_1_433' title='bbox 3324 2546 3421 2600; x_wconf 78' lang='grc' dir='ltr'><strong>τοῦ</strong></span> <span class='ocrx_word' id='word_1_434' title='bbox 3462 2560 3665 2614; x_wconf 77' lang='grc' dir='ltr'><strong>στρατο-</strong></span> 
     </span>
    </p>
   </div>
   <div class='ocr_carea' id='block_1_65' title="bbox 2123 2636 3666 2713">
    <p class='ocr_par' dir='ltr' id='par_1_65' title="bbox 2123 2636 3666 2713">
     <span class='ocr_line' id='line_1_65' title="bbox 2123 2636 3666 2713; baseline -0.001 -19"><span class='ocrx_word' id='word_1_435' title='bbox 2123 2641 2289 2694; x_wconf 82' lang='grc' dir='ltr'><strong>πέδου</strong></span> <span class='ocrx_word' id='word_1_436' title='bbox 2323 2641 2576 2710; x_wconf 76' lang='grc' dir='ltr'><strong>περιϊὼν,</strong></span> <span class='ocrx_word' id='word_1_437' title='bbox 2605 2642 2841 2712; x_wconf 68' lang='grc' dir='ltr'><strong>ἤκουσεν</strong></span> <span class='ocrx_word' id='word_1_438' title='bbox 2880 2643 3039 2696; x_wconf 79' lang='grc' dir='ltr'><strong>ἐνίων</strong></span> <span class='ocrx_word' id='word_1_439' title='bbox 3079 2641 3307 2713; x_wconf 77' lang='grc' dir='ltr'><strong>Περσῶν</strong></span> <span class='ocrx_word' id='word_1_440' title='bbox 3343 2640 3469 2710; x_wconf 68' lang='grc' dir='ltr'><strong>περὶ</strong></span> <span class='ocrx_word' id='word_1_441' title='bbox 3499 2636 3666 2707; x_wconf 72' lang='grc' dir='ltr'><strong>προδο-</strong></span> 
     </span>
    </p>
   </div>
   <div class='ocr_carea' id='block_1_66' title="bbox 2125 2727 3662 2807">
    <p class='ocr_par' dir='ltr' id='par_1_66' title="bbox 2125 2727 3662 2807">
     <span class='ocr_line' id='line_1_66' title="bbox 2125 2727 3662 2807; baseline -0.012 -10"><span class='ocrx_word' id='word_1_442' title='bbox 2125 2733 2248 2796; x_wconf 77' lang='grc' dir='ltr'><strong>σίας</strong></span> <span class='ocrx_word' id='word_1_443' title='bbox 2278 2735 2392 2796; x_wconf 82' lang='grc' dir='ltr'><strong>τοῖς</strong></span> <span class='ocrx_word' id='word_1_444' title='bbox 2435 2733 2760 2806; x_wconf 86' lang='grc' dir='ltr'><strong>Ἀγαρηνοίς</strong></span> <span class='ocrx_word' id='word_1_445' title='bbox 2789 2735 3187 2807; x_wconf 60' lang='grc' dir='ltr'><strong>διαλεγομένων</strong></span> <span class='ocrx_word' id='word_1_446' title='bbox 3219 2733 3433 2807; x_wconf 79' lang='grc' dir='ltr'><strong>(συνῄει</strong></span> <span class='ocrx_word' id='word_1_447' title='bbox 3456 2730 3557 2802; x_wconf 71' lang='grc' dir='ltr'><strong>γὰρ</strong></span> <span class='ocrx_word' id='word_1_448' title='bbox 3581 2727 3662 2796; x_wconf 77' lang='grc' dir='ltr'><strong>τὴν</strong></span> 
     </span>
    </p>
   </div>
   <div class='ocr_carea' id='block_1_67' title="bbox 2083 2823 3662 2897">
    <p class='ocr_par' dir='ltr' id='par_1_67' title="bbox 2083 2823 3662 2897">
     <span class='ocr_line' id='line_1_67' title="bbox 2083 2823 3662 2897; baseline -0.001 -23"><span class='ocrx_word' id='word_1_449' title='bbox 2083 2829 2104 2846; x_wconf 77' lang='grc'><strong>⁸</strong></span> <span class='ocrx_word' id='word_1_450' title='bbox 2123 2823 2329 2878; x_wconf 70' lang='grc' dir='ltr'><strong>τούτων</strong></span> <span class='ocrx_word' id='word_1_451' title='bbox 2351 2825 2655 2895; x_wconf 79' lang='grc' dir='ltr'><strong>διάλεκτον)</strong></span> <span class='ocrx_word' id='word_1_452' title='bbox 2682 2826 2778 2879; x_wconf 78' lang='grc' dir='ltr'><strong>καὶ</strong></span> <span class='ocrx_word' id='word_1_453' title='bbox 2807 2825 2968 2879; x_wconf 80' lang='grc' dir='ltr'><strong>τοῦτο</strong></span> <span class='ocrx_word' id='word_1_454' title='bbox 2992 2826 3067 2896; x_wconf 83' lang='grc' dir='ltr'><strong>τῷ</strong></span> <span class='ocrx_word' id='word_1_455' title='bbox 3101 2825 3315 2897; x_wconf 85' lang='grc' dir='ltr'><strong>βασιλεῖ</strong></span> <span class='ocrx_word' id='word_1_456' title='bbox 3331 2823 3662 2893; x_wconf 69' lang='grc' dir='ltr'><strong>ἀπηγγέλκει,</strong></span> 
     </span>
    </p>
   </div>
   <div class='ocr_carea' id='block_1_68' title="bbox 2125 2917 3666 2988">
    <p class='ocr_par' dir='ltr' id='par_1_68' title="bbox 2125 2917 3666 2988">
     <span class='ocr_line' id='line_1_68' title="bbox 2125 2917 3666 2988; baseline -0.003 -18"><span class='ocrx_word' id='word_1_457' title='bbox 2125 2917 2216 2970; x_wconf 70' lang='grc' dir='ltr'><strong>καὶ</strong></span> <span class='ocrx_word' id='word_1_458' title='bbox 2256 2918 2516 2970; x_wconf 79' lang='grc' dir='ltr'><strong>πέπεικεν</strong></span> <span class='ocrx_word' id='word_1_459' title='bbox 2557 2917 2927 2988; x_wconf 80' lang='grc' dir='ltr'><strong>ἐξαναστῆναι</strong></span> <span class='ocrx_word' id='word_1_460' title='bbox 2979 2919 3075 2970; x_wconf 76' lang='grc' dir='ltr'><strong>τοῦ</strong></span> <span class='ocrx_word' id='word_1_461' title='bbox 3140 2918 3509 2987; x_wconf 82' lang='grc' dir='ltr'><strong>στρατοπέδου</strong></span> <span class='ocrx_word' id='word_1_462' title='bbox 3547 2917 3666 2968; x_wconf 68' lang='grc' dir='ltr'><strong>κατὰ</strong></span> 
     </span>
    </p>
   </div>
   <div class='ocr_carea' id='block_1_69' title="bbox 2122 3005 3667 3081">
    <p class='ocr_par' dir='ltr' id='par_1_69' title="bbox 2122 3005 3667 3081">
     <span class='ocr_line' id='line_1_69' title="bbox 2122 3005 3667 3081; baseline 0.002 -22"><span class='ocrx_word' id='word_1_463' title='bbox 2122 3008 2186 3062; x_wconf 81' lang='grc' dir='ltr'><strong>τὸ</strong></span> <span class='ocrx_word' id='word_1_464' title='bbox 2233 3009 2584 3079; x_wconf 88' lang='grc' dir='ltr'><strong>περίορθρον.</strong></span> <span class='ocrx_word' id='word_1_465' title='bbox 2632 3011 2743 3064; x_wconf 75' lang='grc' dir='ltr'><strong>Καὶ</strong></span> <span class='ocrx_word' id='word_1_466' title='bbox 2799 3013 2828 3062; x_wconf 87' lang='grc' dir='ltr'>ὁ</span> <span class='ocrx_word' id='word_1_467' title='bbox 2891 3011 2990 3081; x_wconf 81' lang='grc' dir='ltr'><strong>μὲν</strong></span> <span class='ocrx_word' id='word_1_468' title='bbox 3037 3010 3206 3080; x_wconf 77' lang='grc' dir='ltr'><strong>ἀπῄει</strong></span> <span class='ocrx_word' id='word_1_469' title='bbox 3258 3011 3384 3063; x_wconf 79' lang='grc' dir='ltr'><strong>ὅλον</strong></span> <span class='ocrx_word' id='word_1_470' title='bbox 3413 3009 3582 3069; x_wconf 71' lang='grc' dir='ltr'><strong>ἐνδοὺς</strong></span> <span class='ocrx_word' id='word_1_471' title='bbox 3602 3005 3667 3072; x_wconf 74' lang='grc' dir='ltr'><strong>τῷ</strong></span> 
     </span>
    </p>
   </div>
   <div class='ocr_carea' id='block_1_70' title="bbox 2126 3096 3664 3170">
    <p class='ocr_par' dir='ltr' id='par_1_70' title="bbox 2126 3096 3664 3170">
     <span class='ocr_line' id='line_1_70' title="bbox 2126 3096 3664 3170; baseline -0.003 -20"><span class='ocrx_word' id='word_1_472' title='bbox 2126 3099 2279 3169; x_wconf 76' lang='grc' dir='ltr'><strong>ἵππῳ</strong></span> <span class='ocrx_word' id='word_1_473' title='bbox 2317 3099 2411 3152; x_wconf 80' lang='grc' dir='ltr'><strong>τὸν</strong></span> <span class='ocrx_word' id='word_1_474' title='bbox 2446 3100 2664 3169; x_wconf 86' lang='grc' dir='ltr'><strong>χαλινόν</strong></span> <span class='ocrx_word' id='word_1_475' title='bbox 2687 3115 2702 3132; x_wconf 79' lang='grc'><strong><em>⁸</em></strong></span> <span class='ocrx_word' id='word_1_476' title='bbox 2738 3101 2766 3150; x_wconf 83' lang='grc' dir='ltr'><strong>ό</strong></span> <span class='ocrx_word' id='word_1_477' title='bbox 2804 3100 2860 3152; x_wconf 79' lang='grc' dir='ltr'><strong>δὲ</strong></span> <span class='ocrx_word' id='word_1_478' title='bbox 2909 3097 3338 3170; x_wconf 77' lang='grc' dir='ltr'><strong>Ἀμερμουμνῆς</strong></span> <span class='ocrx_word' id='word_1_479' title='bbox 3393 3098 3450 3162; x_wconf 74' lang='grc' dir='ltr'><strong>ἐξ</strong></span> <span class='ocrx_word' id='word_1_480' title='bbox 3485 3096 3664 3148; x_wconf 79' lang='grc' dir='ltr'><strong>ἐκείνου</strong></span> 
     </span>
    </p>
   </div>
   <div class='ocr_carea' id='block_1_71' title="bbox 2128 3187 3666 3260">
    <p class='ocr_par' dir='ltr' id='par_1_71' title="bbox 2128 3187 3666 3260">
     <span class='ocr_line' id='line_1_71' title="bbox 2128 3187 3666 3260; baseline -0.004 -17"><span class='ocrx_word' id='word_1_481' title='bbox 2128 3190 2450 3259; x_wconf 75' lang='grc' dir='ltr'><strong>ἀμερίμνως</strong></span> <span class='ocrx_word' id='word_1_482' title='bbox 2483 3190 2548 3260; x_wconf 85' lang='grc' dir='ltr'><strong>τῇ</strong></span> <span class='ocrx_word' id='word_1_483' title='bbox 2582 3189 2677 3242; x_wconf 82' lang='grc' dir='ltr'><strong>τοῦ</strong></span> <span class='ocrx_word' id='word_1_484' title='bbox 2728 3191 2988 3260; x_wconf 78' lang='grc' dir='ltr'><strong>’Λμορίου</strong></span> <span class='ocrx_word' id='word_1_485' title='bbox 3025 3193 3446 3260; x_wconf 82' lang='grc' dir='ltr'><strong>ὲπικεχειρήκει</strong></span> <span class='ocrx_word' id='word_1_486' title='bbox 3481 3187 3666 3252; x_wconf 81' lang='grc' dir='ltr'><strong>πολιορ-</strong></span> 
     </span>
    </p>
   </div>
   <div class='ocr_carea' id='block_1_72' title="bbox 2127 3279 3665 3352">
    <p class='ocr_par' dir='ltr' id='par_1_72' title="bbox 2127 3279 3665 3352">
     <span class='ocr_line' id='line_1_72' title="bbox 2127 3279 3665 3352; baseline 0.001 -23"><span class='ocrx_word' id='word_1_487' title='bbox 2127 3281 2246 3348; x_wconf 80' lang='grc' dir='ltr'><strong>κίᾳ,</strong></span> <span class='ocrx_word' id='word_1_488' title='bbox 2321 3281 2418 3332; x_wconf 68' lang='grc' dir='ltr'><strong>καὶ</strong></span> <span class='ocrx_word' id='word_1_489' title='bbox 2471 3281 2897 3352; x_wconf 83' lang='grc' dir='ltr'><strong>ἐνδελεχέστατα</strong></span> <span class='ocrx_word' id='word_1_490' title='bbox 2951 3285 3047 3346; x_wconf 75' lang='grc' dir='ltr'><strong>τὰς</strong></span> <span class='ocrx_word' id='word_1_491' title='bbox 3084 3283 3399 3352; x_wconf 68' lang='grc' dir='ltr'><strong>προσϐολὰς</strong></span> <span class='ocrx_word' id='word_1_492' title='bbox 3448 3283 3510 3352; x_wconf 82' lang='grc' dir='ltr'><strong>τῇ</strong></span> <span class='ocrx_word' id='word_1_493' title='bbox 3539 3279 3665 3332; x_wconf 75' lang='grc' dir='ltr'><strong>πόλει</strong></span> 
     </span>
    </p>
   </div>
   <div class='ocr_carea' id='block_1_73' title="bbox 2125 3369 3665 3442">
    <p class='ocr_par' dir='ltr' id='par_1_73' title="bbox 2125 3369 3665 3442">
     <span class='ocr_line' id='line_1_73' title="bbox 2125 3369 3665 3442; baseline -0.003 -19"><span class='ocrx_word' id='word_1_494' title='bbox 2125 3369 2394 3441; x_wconf 77' lang='grc' dir='ltr'><strong>πεποίητο</strong></span> <span class='ocrx_word' id='word_1_495' title='bbox 2413 3387 2428 3403; x_wconf 78' lang='grc' dir='ltr'><strong><em>ο</em></strong></span> <span class='ocrx_word' id='word_1_496' title='bbox 2456 3371 2589 3441; x_wconf 73' lang='grc' dir='ltr'><strong>ῆνυε</strong></span> <span class='ocrx_word' id='word_1_497' title='bbox 2629 3372 2673 3424; x_wconf 85' lang='grc' dir='ltr'><strong>δ’</strong></span> <span class='ocrx_word' id='word_1_498' title='bbox 2709 3373 2888 3437; x_wconf 83' lang='grc' dir='ltr'><strong>οὐδὲν,</strong></span> <span class='ocrx_word' id='word_1_499' title='bbox 2913 3373 3022 3426; x_wconf 80' lang='grc' dir='ltr'><strong>τῶν</strong></span> <span class='ocrx_word' id='word_1_500' title='bbox 3045 3372 3195 3427; x_wconf 73' lang='grc' dir='ltr'><strong>ἔνδον</strong></span> <span class='ocrx_word' id='word_1_501' title='bbox 3217 3373 3505 3442; x_wconf 78' lang='grc' dir='ltr'><strong>εὐρώστως</strong></span> <span class='ocrx_word' id='word_1_502' title='bbox 3533 3372 3665 3423; x_wconf 77' lang='grc' dir='ltr'><strong>ἀντα-</strong></span> 
     </span>
    </p>
   </div>
   <div class='ocr_carea' id='block_1_74' title="bbox 2126 3461 3664 3535">
    <p class='ocr_par' dir='ltr' id='par_1_74' title="bbox 2126 3461 3664 3535">
     <span class='ocr_line' id='line_1_74' title="bbox 2126 3461 3664 3535; baseline -0.003 -21"><span class='ocrx_word' id='word_1_503' title='bbox 2126 3461 2529 3531; x_wconf 71' lang='grc' dir='ltr'><strong>γωνιζομένων,</strong></span> <span class='ocrx_word' id='word_1_504' title='bbox 2547 3462 2688 3515; x_wconf 84' lang='grc' dir='ltr'><strong>ὥστε</strong></span> <span class='ocrx_word' id='word_1_505' title='bbox 2709 3466 2800 3516; x_wconf 75' lang='grc' dir='ltr'><strong>καὶ</strong></span> <span class='ocrx_word' id='word_1_506' title='bbox 2828 3463 3136 3518; x_wconf 85' lang='grc' dir='ltr'><strong>ἀπελπίσαι</strong></span> <span class='ocrx_word' id='word_1_507' title='bbox 3158 3465 3259 3535; x_wconf 84' lang='grc' dir='ltr'><strong>τὴν</strong></span> <span class='ocrx_word' id='word_1_508' title='bbox 3280 3465 3482 3532; x_wconf 73' lang='grc' dir='ltr'><strong>ταύτης</strong></span> <span class='ocrx_word' id='word_1_509' title='bbox 3496 3462 3664 3516; x_wconf 75' lang='grc' dir='ltr'><strong>ἅλωσιν</strong></span> 
     </span>
    </p>
   </div>
   <div class='ocr_carea' id='block_1_75' title="bbox 2126 3548 3664 3626">
    <p class='ocr_par' dir='ltr' id='par_1_75' title="bbox 2126 3548 3664 3626">
     <span class='ocr_line' id='line_1_75' title="bbox 2126 3548 3664 3626; baseline 0.003 -22"><span class='ocrx_word' id='word_1_510' title='bbox 2126 3552 2254 3616; x_wconf 86' lang='grc' dir='ltr'><strong>τοὺς</strong></span> <span class='ocrx_word' id='word_1_511' title='bbox 2291 3552 2650 3623; x_wconf 74' lang='grc' dir='ltr'><strong>Ἀγαρηνοὺς,</strong></span> <span class='ocrx_word' id='word_1_512' title='bbox 2687 3556 2784 3606; x_wconf 73' lang='grc' dir='ltr'><strong>καὶ</strong></span> <span class='ocrx_word' id='word_1_513' title='bbox 2808 3556 3190 3626; x_wconf 79' lang='grc' dir='ltr'><strong>ἐπανέστησαν</strong></span> <span class='ocrx_word' id='word_1_514' title='bbox 3221 3553 3320 3619; x_wconf 64' lang='grc' dir='ltr'><strong>ἂν,</strong></span> <span class='ocrx_word' id='word_1_515' title='bbox 3351 3554 3446 3606; x_wconf 71' lang='grc' dir='ltr'><strong>καὶ</strong></span> <span class='ocrx_word' id='word_1_516' title='bbox 3478 3555 3508 3622; x_wconf 82' lang='grc' dir='ltr'><strong>ἡ</strong></span> <span class='ocrx_word' id='word_1_517' title='bbox 3536 3548 3664 3608; x_wconf 77' lang='grc' dir='ltr'><strong>πόλις</strong></span> 
     </span>
    </p>
   </div>
   <div class='ocr_carea' id='block_1_76' title="bbox 454 3639 2025 3714">
    <p class='ocr_par' dir='ltr' id='par_1_76' title="bbox 454 3639 2025 3714">
     <span class='ocr_line' id='line_1_76' title="bbox 454 3639 2025 3714; baseline 0.004 -22"><span class='ocrx_word' id='word_1_518' title='bbox 454 3639 634 3695; x_wconf 88' lang='lat' dir='ltr'><strong>missis</strong></span> <span class='ocrx_word' id='word_1_519' title='bbox 665 3639 734 3694; x_wconf 88' lang='lat' dir='ltr'><strong>ad</strong></span> <span class='ocrx_word' id='word_1_520' title='bbox 769 3639 1170 3695; x_wconf 87' lang='lat' dir='ltr'><strong>lsmaelitarum</strong></span> <span class='ocrx_word' id='word_1_521' title='bbox 1204 3641 1508 3711; x_wconf 88' lang='lat' dir='ltr'><strong>principem</strong></span> <span class='ocrx_word' id='word_1_522' title='bbox 1535 3642 1752 3714; x_wconf 83' lang='lat' dir='ltr'><strong>legatis,</strong></span> <span class='ocrx_word' id='word_1_523' title='bbox 1785 3643 2025 3698; x_wconf 77' lang='lat' dir='ltr'><strong>illusues</strong></span> 
     </span>
    </p>
   </div>
   <div class='ocr_carea' id='block_1_77' title="bbox 452 3730 2025 3802">
    <p class='ocr_par' dir='ltr' id='par_1_77' title="bbox 452 3730 2025 3802">
     <span class='ocr_line' id='line_1_77' title="bbox 452 3730 2025 3802; baseline 0.001 -16"><span class='ocrx_word' id='word_1_524' title='bbox 452 3730 698 3800; x_wconf 88' lang='lat' dir='ltr'><strong>captivos</strong></span> <span class='ocrx_word' id='word_1_525' title='bbox 711 3741 767 3786; x_wconf 89' lang='lat' dir='ltr'><strong>et</strong></span> <span class='ocrx_word' id='word_1_526' title='bbox 789 3745 988 3802; x_wconf 84' lang='lat' dir='ltr'><strong>genere</strong></span> <span class='ocrx_word' id='word_1_527' title='bbox 1017 3731 1118 3786; x_wconf 91' lang='lat' dir='ltr'><strong>sibi</strong></span> <span class='ocrx_word' id='word_1_528' title='bbox 1151 3733 1394 3801; x_wconf 88' lang='lat' dir='ltr'><strong>junetos,</strong></span> <span class='ocrx_word' id='word_1_529' title='bbox 1416 3748 1542 3800; x_wconf 74' lang='lat' dir='ltr'><strong>xxiv</strong></span> <span class='ocrx_word' id='word_1_530' title='bbox 1571 3734 1902 3790; x_wconf 83' lang='lat' dir='ltr'><strong>centenariis</strong></span> <span class='ocrx_word' id='word_1_531' title='bbox 1919 3734 2025 3789; x_wconf 89' lang='lat' dir='ltr'><strong>sibi</strong></span> 
     </span>
    </p>
   </div>
   <div class='ocr_carea' id='block_1_78' title="bbox 457 3824 2026 3895">
    <p class='ocr_par' dir='ltr' id='par_1_78' title="bbox 457 3824 2026 3895">
     <span class='ocr_line' id='line_1_78' title="bbox 457 3824 2026 3895; baseline 0 -15"><span class='ocrx_word' id='word_1_532' title='bbox 457 3825 614 3880; x_wconf 88' lang='lat' dir='ltr'><strong>reddi</strong></span> <span class='ocrx_word' id='word_1_533' title='bbox 666 3825 847 3894; x_wconf 86' lang='lat' dir='ltr'><strong>petiit.</strong></span> <span class='ocrx_word' id='word_1_534' title='bbox 893 3825 1044 3892; x_wconf 87' lang='lat' dir='ltr'><strong>Quos</strong></span> <span class='ocrx_word' id='word_1_535' title='bbox 1093 3824 1185 3879; x_wconf 87' lang='lat' dir='ltr'><strong>ille’</strong></span> <span class='ocrx_word' id='word_1_536' title='bbox 1235 3834 1560 3895; x_wconf 87' lang='lat' dir='ltr'><strong>arroganter</strong></span> <span class='ocrx_word' id='word_1_537' title='bbox 1593 3824 1824 3891; x_wconf 85' lang='lat' dir='ltr'><strong>dimisit,</strong></span> <span class='ocrx_word' id='word_1_538' title='bbox 1855 3841 1914 3882; x_wconf 89' lang='lat' dir='ltr'><strong>se</strong></span> <span class='ocrx_word' id='word_1_539' title='bbox 1944 3825 2026 3880; x_wconf 82' lang='lat' dir='ltr'><strong>fa-</strong></span> 
     </span>
    </p>
   </div>
   <div class='ocr_carea' id='block_1_79' title="bbox 457 3917 2025 3988">
    <p class='ocr_par' dir='ltr' id='par_1_79' title="bbox 457 3917 2025 3988">
     <span class='ocr_line' id='line_1_79' title="bbox 457 3917 2025 3988; baseline 0.002 -18"><span class='ocrx_word' id='word_1_540' title='bbox 457 3925 615 3971; x_wconf 90' lang='lat' dir='ltr'><strong>tuum</strong></span> <span class='ocrx_word' id='word_1_541' title='bbox 648 3918 764 3971; x_wconf 89' lang='lat' dir='ltr'><strong>fore</strong></span> <span class='ocrx_word' id='word_1_542' title='bbox 797 3918 1014 3979; x_wconf 89' lang='lat' dir='ltr'><strong>dicens,</strong></span> <span class='ocrx_word' id='word_1_543' title='bbox 1051 3917 1094 3971; x_wconf 92' lang='lat' dir='ltr'><strong>si</strong></span> <span class='ocrx_word' id='word_1_544' title='bbox 1127 3917 1378 3987; x_wconf 86' lang='lat' dir='ltr'><strong>captivos</strong></span> <span class='ocrx_word' id='word_1_545' title='bbox 1416 3919 1629 3972; x_wconf 83' lang='lat' dir='ltr'><strong>tantilla</strong></span> <span class='ocrx_word' id='word_1_546' title='bbox 1669 3919 1901 3988; x_wconf 91' lang='lat' dir='ltr'><strong>pecunia</strong></span> <span class='ocrx_word' id='word_1_547' title='bbox 1941 3935 2025 3974; x_wconf 90' lang='lat' dir='ltr'><strong>re-</strong></span> 
     </span>
    </p>
   </div>
   <div class='ocr_carea' id='block_1_80' title="bbox 454 4007 2018 4085">
    <p class='ocr_par' dir='ltr' id='par_1_80' title="bbox 454 4007 2018 4077">
     <span class='ocr_line' id='line_1_80' title="bbox 454 4007 2018 4077; baseline -0.001 -11"><span class='ocrx_word' id='word_1_548' title='bbox 454 4009 731 4072; x_wconf 80' lang='lat' dir='ltr'><strong>stitueret,</strong></span> <span class='ocrx_word' id='word_1_549' title='bbox 772 4022 897 4062; x_wconf 91' lang='lat' dir='ltr'><strong>cum</strong></span> <span class='ocrx_word' id='word_1_550' title='bbox 937 4008 1043 4062; x_wconf 89' lang='lat' dir='ltr'><strong>sibi</strong></span> <span class='ocrx_word' id='word_1_551' title='bbox 1082 4007 1360 4077; x_wconf 79' lang='lat' dir='ltr'><strong>expeditio</strong></span> <span class='ocrx_word' id='word_1_552' title='bbox 1388 4007 1612 4063; x_wconf 85' lang='lat' dir='ltr'><strong>circiter</strong></span> <span class='ocrx_word' id='word_1_553' title='bbox 1647 4010 1796 4064; x_wconf 87' lang='lat' dir='ltr'><strong>mille</strong></span> <span class='ocrx_word' id='word_1_554' title='bbox 1844 4018 2018 4066; x_wconf 87' lang='lat' dir='ltr'><strong>cente-</strong></span> 
     </span>
    </p>
   </div>
   <div class='ocr_carea' id='block_1_81' title="bbox 2117 4007 3666 4085">
    <p class='ocr_par' dir='ltr' id='par_1_81' title="bbox 2139 4011 3666 4085">
     <span class='ocr_line' id='line_1_81' title="bbox 2139 4011 3666 4085; baseline 0 -23"><span class='ocrx_word' id='word_1_555' title='bbox 2139 4011 2328 4072; x_wconf 84' lang='grc' dir='ltr'><strong>παῖδες</strong></span> <span class='ocrx_word' id='word_1_556' title='bbox 2378 4013 2472 4064; x_wconf 72' lang='grc' dir='ltr'><strong>καὶ</strong></span> <span class='ocrx_word' id='word_1_557' title='bbox 2517 4013 2872 4084; x_wconf 82' lang='grc' dir='ltr'><strong>μειρακίσκοι</strong></span> <span class='ocrx_word' id='word_1_558' title='bbox 2907 4016 2990 4078; x_wconf 81' lang='grc' dir='ltr'><strong>εἰς</strong></span> <span class='ocrx_word' id='word_1_559' title='bbox 3044 4014 3248 4078; x_wconf 83' lang='grc' dir='ltr'><strong>πολλὰς</strong></span> <span class='ocrx_word' id='word_1_560' title='bbox 3290 4015 3532 4085; x_wconf 75' lang='grc' dir='ltr'><strong>χιλιάδας</strong></span> <span class='ocrx_word' id='word_1_561' title='bbox 3565 4027 3666 4062; x_wconf 84' lang='grc' dir='ltr'><strong>συν-</strong></span> 
     </span>
    </p>
   </div>
   <div class='ocr_carea' id='block_1_82' title="bbox 454 4097 2018 4177">
    <p class='ocr_par' dir='ltr' id='par_1_82' title="bbox 454 4097 2018 4169">
     <span class='ocr_line' id='line_1_82' title="bbox 454 4097 2018 4169; baseline 0.001 -14"><span class='ocrx_word' id='word_1_562' title='bbox 454 4099 628 4156; x_wconf 87' lang='lat' dir='ltr'><strong>nariis</strong></span> <span class='ocrx_word' id='word_1_563' title='bbox 657 4099 1027 4154; x_wconf 89' lang='lat' dir='ltr'><strong>constitisses.</strong></span> <span class='ocrx_word' id='word_1_564' title='bbox 1106 4097 1327 4169; x_wconf 84' lang='lat' dir='ltr'><strong>Legatis</strong></span> <span class='ocrx_word' id='word_1_565' title='bbox 1375 4115 1434 4155; x_wconf 88' lang='lat' dir='ltr'><strong>re</strong></span> <span class='ocrx_word' id='word_1_566' title='bbox 1488 4099 1689 4156; x_wconf 89' lang='lat' dir='ltr'><strong>infecta</strong></span> <span class='ocrx_word' id='word_1_567' title='bbox 1755 4102 2018 4166; x_wconf 77' lang='lat' dir='ltr'><strong>reversis1</strong></span> 
     </span>
    </p>
   </div>
   <div class='ocr_carea' id='block_1_83' title="bbox 2117 4097 3666 4177">
    <p class='ocr_par' dir='ltr' id='par_1_83' title="bbox 2132 4101 3666 4177">
     <span class='ocr_line' id='line_1_83' title="bbox 2132 4101 3666 4177; baseline -0.005 -17"><span class='ocrx_word' id='word_1_568' title='bbox 2132 4103 2531 4174; x_wconf 84' lang='grc' dir='ltr'><strong>αριθμούμενοι</strong></span> <span class='ocrx_word' id='word_1_569' title='bbox 2582 4107 2912 4177; x_wconf 83' lang='grc' dir='ltr'><strong>ἀπήχθησαν</strong></span> <span class='ocrx_word' id='word_1_570' title='bbox 2956 4107 3308 4176; x_wconf 76' lang='grc' dir='ltr'><strong>δορυαλωτοι,</strong></span> <span class='ocrx_word' id='word_1_571' title='bbox 3355 4107 3450 4160; x_wconf 77' lang='grc' dir='ltr'><strong>καὶ</strong></span> <span class='ocrx_word' id='word_1_572' title='bbox 3487 4106 3534 4158; x_wconf 85' lang='grc' dir='ltr'><strong>οι</strong></span> <span class='ocrx_word' id='word_1_573' title='bbox 3577 4101 3666 4154; x_wconf 83' lang='grc' dir='ltr'><strong>τῶν</strong></span> 
     </span>
    </p>
   </div>
   <div class='ocr_carea' id='block_1_84' title="bbox 454 4193 2018 4270">
    <p class='ocr_par' dir='ltr' id='par_1_84' title="bbox 454 4193 2018 4265">
     <span class='ocr_line' id='line_1_84' title="bbox 454 4193 2018 4265; baseline -0.002 -13"><span class='ocrx_word' id='word_1_574' title='bbox 454 4197 742 4252; x_wconf 89' lang='lat' dir='ltr'><strong>calamitas</strong></span> <span class='ocrx_word' id='word_1_575' title='bbox 781 4195 872 4250; x_wconf 87' lang='lat' dir='ltr'><strong>illa</strong></span> <span class='ocrx_word' id='word_1_576' title='bbox 909 4195 991 4250; x_wconf 92' lang='lat' dir='ltr'><strong>sic</strong></span> <span class='ocrx_word' id='word_1_577' title='bbox 1022 4193 1317 4265; x_wconf 86' lang='lat' dir='ltr'><strong>Theophili</strong></span> <span class='ocrx_word' id='word_1_578' title='bbox 1371 4193 1618 4250; x_wconf 90' lang='lat' dir='ltr'><strong>animum</strong></span> <span class='ocrx_word' id='word_1_579' title='bbox 1662 4195 1918 4264; x_wconf 88' lang='lat' dir='ltr'><strong>perculit.</strong></span> <span class='ocrx_word' id='word_1_580' title='bbox 1969 4204 2018 4249; x_wconf 87' lang='lat' dir='ltr'><strong>ul</strong></span> 
     </span>
    </p>
   </div>
   <div class='ocr_carea' id='block_1_85' title="bbox 2117 4193 3666 4270">
    <p class='ocr_par' dir='ltr' id='par_1_85' title="bbox 2134 4196 3666 4270">
     <span class='ocr_line' id='line_1_85' title="bbox 2134 4196 3666 4270; baseline -0.001 -23"><span class='ocrx_word' id='word_1_581' title='bbox 2134 4196 2252 4248; x_wconf 73' lang='grc' dir='ltr'><strong>ἐκεῖ</strong></span> <span class='ocrx_word' id='word_1_582' title='bbox 2281 4197 2738 4267; x_wconf 85' lang='grc' dir='ltr'><strong>στρατηγούντων</strong></span> <span class='ocrx_word' id='word_1_583' title='bbox 2770 4197 2966 4270; x_wconf 66' lang='grc' dir='ltr'><strong>ἔξοχοι,</strong></span> <span class='ocrx_word' id='word_1_584' title='bbox 2998 4199 3301 4262; x_wconf 76' lang='grc' dir='ltr'><strong>Κάλλιστός</strong></span> <span class='ocrx_word' id='word_1_585' title='bbox 3337 4216 3397 4251; x_wconf 86' lang='grc' dir='ltr'><strong>τε</strong></span> <span class='ocrx_word' id='word_1_586' title='bbox 3429 4200 3517 4252; x_wconf 64' lang='grc' dir='ltr'><strong>καὶ</strong></span> <span class='ocrx_word' id='word_1_587' title='bbox 3541 4197 3666 4248; x_wconf 77' lang='grc' dir='ltr'><strong>Κων-</strong></span> 
     </span>
    </p>
   </div>
   <div class='ocr_carea' id='block_1_86' title="bbox 453 4284 2018 4363">
    <p class='ocr_par' dir='ltr' id='par_1_86' title="bbox 453 4284 2018 4356">
     <span class='ocr_line' id='line_1_86' title="bbox 453 4284 2018 4356; baseline -0.001 -14"><span class='ocrx_word' id='word_1_588' title='bbox 453 4287 507 4342; x_wconf 92' lang='lat' dir='ltr'><strong>ei</strong></span> <span class='ocrx_word' id='word_1_589' title='bbox 551 4287 701 4342; x_wconf 91' lang='lat' dir='ltr'><strong>nulla</strong></span> <span class='ocrx_word' id='word_1_590' title='bbox 769 4284 1077 4342; x_wconf 87' lang='lat' dir='ltr'><strong>consolatio</strong></span> <span class='ocrx_word' id='word_1_591' title='bbox 1129 4284 1382 4340; x_wconf 86' lang='lat' dir='ltr'><strong>adhiberi</strong></span> <span class='ocrx_word' id='word_1_592' title='bbox 1431 4295 1640 4356; x_wconf 87' lang='lat' dir='ltr'><strong>posset,</strong></span> <span class='ocrx_word' id='word_1_593' title='bbox 1669 4285 1765 4340; x_wconf 89' lang='lat' dir='ltr'><strong>sed</strong></span> <span class='ocrx_word' id='word_1_594' title='bbox 1808 4293 1863 4340; x_wconf 90' lang='lat' dir='ltr'><strong>et</strong></span> <span class='ocrx_word' id='word_1_595' title='bbox 1905 4284 2018 4340; x_wconf 79' lang='lat' dir='ltr'><strong>cibo</strong></span> 
     </span>
    </p>
   </div>
   <div class='ocr_carea' id='block_1_87' title="bbox 2117 4284 3664 4363">
    <p class='ocr_par' dir='ltr' id='par_1_87' title="bbox 2135 4290 3664 4363">
     <span class='ocr_line' id='line_1_87' title="bbox 2135 4290 3664 4363; baseline 0.006 -25"><span class='ocrx_word' id='word_1_596' title='bbox 2135 4290 2438 4354; x_wconf 77' lang='grc' dir='ltr'><strong>σταντῖνος,</strong></span> <span class='ocrx_word' id='word_1_597' title='bbox 2473 4291 2566 4342; x_wconf 80' lang='grc' dir='ltr'><strong>καὶ</strong></span> <span class='ocrx_word' id='word_1_598' title='bbox 2603 4290 2631 4341; x_wconf 83' lang='grc' dir='ltr'>ὀ</span> <span class='ocrx_word' id='word_1_599' title='bbox 2654 4291 2936 4363; x_wconf 74' lang='grc' dir='ltr'><strong>Κρατερὸς</strong></span> <span class='ocrx_word' id='word_1_600' title='bbox 2965 4291 3264 4363; x_wconf 81' lang='grc' dir='ltr'><strong>Θεόδωρος,</strong></span> <span class='ocrx_word' id='word_1_601' title='bbox 3307 4293 3358 4344; x_wconf 80' lang='grc' dir='ltr'><strong>οἱ</strong></span> <span class='ocrx_word' id='word_1_602' title='bbox 3399 4290 3664 4353; x_wconf 75' lang='grc' dir='ltr'><strong>πατρίκιοι,</strong></span> 
     </span>
    </p>
   </div>
   <div class='ocr_carea' id='block_1_88' title="bbox 455 4371 2018 4450">
    <p class='ocr_par' dir='ltr' id='par_1_88' title="bbox 455 4377 2018 4447">
     <span class='ocr_line' id='line_1_88' title="bbox 455 4377 2018 4447; baseline 0 -15"><span class='ocrx_word' id='word_1_603' title='bbox 455 4378 780 4441; x_wconf 89' lang='lat' dir='ltr'><strong>abstineret,</strong></span> <span class='ocrx_word' id='word_1_604' title='bbox 815 4393 997 4447; x_wconf 89' lang='lat' dir='ltr'><strong>neque</strong></span> <span class='ocrx_word' id='word_1_605' title='bbox 1029 4377 1205 4432; x_wconf 91' lang='lat' dir='ltr'><strong>ullum</strong></span> <span class='ocrx_word' id='word_1_606' title='bbox 1255 4384 1448 4447; x_wconf 90' lang='lat' dir='ltr'><strong>potum</strong></span> <span class='ocrx_word' id='word_1_607' title='bbox 1532 4378 1866 4442; x_wconf 88' lang='lat' dir='ltr'><strong>admitteret,</strong></span> <span class='ocrx_word' id='word_1_608' title='bbox 1926 4377 2018 4432; x_wconf 86' lang='lat' dir='ltr'><strong>nisi</strong></span> 
     </span>
    </p>
   </div>
   <div class='ocr_carea' id='block_1_89' title="bbox 2117 4371 3667 4450">
    <p class='ocr_par' dir='ltr' id='par_1_89' title="bbox 2137 4374 3667 4450">
     <span class='ocr_line' id='line_1_89' title="bbox 2137 4374 3667 4450; baseline -0.001 -24"><span class='ocrx_word' id='word_1_609' title='bbox 2137 4376 2233 4426; x_wconf 77' lang='grc' dir='ltr'><strong>καὶ</strong></span> <span class='ocrx_word' id='word_1_610' title='bbox 2258 4374 2406 4429; x_wconf 84' lang='grc' dir='ltr'><strong>ἄλλοι</strong></span> <span class='ocrx_word' id='word_1_611' title='bbox 2441 4375 2627 4430; x_wconf 64' lang='grc' dir='ltr'><strong>πολλοὶ⁹</strong></span> <span class='ocrx_word' id='word_1_612' title='bbox 2659 4378 2767 4431; x_wconf 84' lang='grc' dir='ltr'><strong>τῶν</strong></span> <span class='ocrx_word' id='word_1_613' title='bbox 2785 4378 2843 4432; x_wconf 78' lang='grc' dir='ltr'><strong>ὲν</strong></span> <span class='ocrx_word' id='word_1_614' title='bbox 2869 4380 3230 4450; x_wconf 69' lang='grc' dir='ltr'><strong>στρατηγίαις</strong></span> <span class='ocrx_word' id='word_1_615' title='bbox 3268 4377 3667 4448; x_wconf 70' lang='grc' dir='ltr'><strong>διαπρεπόντων,</strong></span> 
     </span>
    </p>
   </div>
   <div class='ocr_carea' id='block_1_90' title="bbox 454 4465 2018 4541">
    <p class='ocr_par' dir='ltr' id='par_1_90' title="bbox 454 4467 2018 4541">
     <span class='ocr_line' id='line_1_90' title="bbox 454 4467 2018 4541; baseline 0.001 -18"><span class='ocrx_word' id='word_1_616' title='bbox 454 4484 650 4538; x_wconf 83' lang='lat' dir='ltr'><strong>aquam</strong></span> <span class='ocrx_word' id='word_1_617' title='bbox 686 4467 1108 4539; x_wconf 87' lang='lat' dir='ltr'><strong>gelidissimam,</strong></span> <span class='ocrx_word' id='word_1_618' title='bbox 1145 4468 1461 4540; x_wconf 89' lang='lat' dir='ltr'><strong>cujusmodi</strong></span> <span class='ocrx_word' id='word_1_619' title='bbox 1488 4477 1575 4524; x_wconf 82' lang='lat' dir='ltr'><strong>est</strong></span> <span class='ocrx_word' id='word_1_620' title='bbox 1601 4468 1838 4524; x_wconf 87' lang='lat' dir='ltr'><strong>nivalis:</strong></span> <span class='ocrx_word' id='word_1_621' title='bbox 1871 4471 2018 4541; x_wconf 70' lang='lat' dir='ltr'><strong>cujus</strong></span> 
     </span>
    </p>
   </div>
   <div class='ocr_carea' id='block_1_91' title="bbox 2117 4465 3665 4541">
    <p class='ocr_par' dir='ltr' id='par_1_91' title="bbox 2124 4465 3665 4541">
     <span class='ocr_line' id='line_1_91' title="bbox 2124 4465 3665 4541; baseline -0.004 -23"><span class='ocrx_word' id='word_1_622' title='bbox 2124 4468 2218 4518; x_wconf 75' lang='grc' dir='ltr'><strong>καὶ</strong></span> <span class='ocrx_word' id='word_1_623' title='bbox 2255 4469 2576 4539; x_wconf 80' lang='grc' dir='ltr'><strong>περιφανῶν</strong></span> <span class='ocrx_word' id='word_1_624' title='bbox 2610 4469 2672 4535; x_wconf 80' lang='grc' dir='ltr'>ἐξ</span> <span class='ocrx_word' id='word_1_625' title='bbox 2700 4470 3034 4540; x_wconf 80' lang='grc' dir='ltr'><strong>ἀξιωμάτων</strong></span> <span class='ocrx_word' id='word_1_626' title='bbox 3065 4471 3254 4541; x_wconf 82' lang='grc' dir='ltr'><strong>τιμῆς.</strong></span> <span class='ocrx_word' id='word_1_627' title='bbox 3290 4472 3478 4524; x_wconf 78' lang='grc' dir='ltr'><strong>Ίάῦτα</strong></span> <span class='ocrx_word' id='word_1_628' title='bbox 3505 4465 3665 4536; x_wconf 78' lang='grc' dir='ltr'><strong>μαθὼν</strong></span> 
     </span>
    </p>
   </div>
   <div class='ocr_carea' id='block_1_92' title="bbox 453 4542 2018 4632">
    <p class='ocr_par' dir='ltr' id='par_1_92' title="bbox 453 4557 2018 4630">
     <span class='ocr_line' id='line_1_92' title="bbox 453 4557 2018 4630; baseline 0.001 -18"><span class='ocrx_word' id='word_1_629' title='bbox 453 4557 726 4627; x_wconf 85' lang='lat' dir='ltr'><strong>frequenti</strong></span> <span class='ocrx_word' id='word_1_630' title='bbox 781 4572 884 4610; x_wconf 89' lang='lat' dir='ltr'><strong>usu</strong></span> <span class='ocrx_word' id='word_1_631' title='bbox 943 4558 1086 4614; x_wconf 78' lang='lat' dir='ltr'><strong>laesis</strong></span> <span class='ocrx_word' id='word_1_632' title='bbox 1139 4557 1524 4626; x_wconf 87' lang='lat' dir='ltr'><strong>interioribus,</strong></span> <span class='ocrx_word' id='word_1_633' title='bbox 1560 4559 1616 4613; x_wconf 91' lang='lat' dir='ltr'><strong>in</strong></span> <span class='ocrx_word' id='word_1_634' title='bbox 1650 4559 2018 4630; x_wconf 86' lang='lat' dir='ltr'><strong>dysenteriam</strong></span> 
     </span>
    </p>
   </div>
   <div class='ocr_carea' id='block_1_93' title="bbox 2117 4542 3662 4632">
    <p class='ocr_par' dir='ltr' id='par_1_93' title="bbox 2123 4542 3662 4632">
     <span class='ocr_line' id='line_1_93' title="bbox 2123 4542 3662 4632; baseline 0.001 -21"><span class='ocrx_word' id='word_1_635' title='bbox 2123 4559 2150 4611; x_wconf 85' lang='grc' dir='ltr'>ὁ</span> <span class='ocrx_word' id='word_1_636' title='bbox 2199 4560 2457 4629; x_wconf 79' lang='grc' dir='ltr'><strong>Θεόφιλος</strong></span> <span class='ocrx_word' id='word_1_637' title='bbox 2491 4562 2571 4630; x_wconf 81' lang='grc' dir='ltr'><strong>(ὲν</strong></span> <span class='ocrx_word' id='word_1_638' title='bbox 2603 4542 2828 4631; x_wconf 46' lang='grc' dir='ltr'><strong>γὰρ’τῷ</strong></span> <span class='ocrx_word' id='word_1_639' title='bbox 2868 4561 3146 4632; x_wconf 83' lang='grc' dir='ltr'><strong>Δορυλαίῳ</strong></span> <span class='ocrx_word' id='word_1_640' title='bbox 3194 4561 3377 4632; x_wconf 84' lang='grc' dir='ltr'><strong>διῆγε)</strong></span> <span class='ocrx_word' id='word_1_641' title='bbox 3440 4557 3662 4628; x_wconf 74' lang='grc' dir='ltr'><strong>πρέσϐεις</strong></span> 
     </span>
    </p>
   </div>
   <div class='ocr_carea' id='block_1_94' title="bbox 454 4647 2018 4723">
    <p class='ocr_par' dir='ltr' id='par_1_94' title="bbox 454 4647 2018 4720">
     <span class='ocr_line' id='line_1_94' title="bbox 454 4647 2018 4720; baseline 0 -18"><span class='ocrx_word' id='word_1_642' title='bbox 454 4647 672 4702; x_wconf 86' lang='lat' dir='ltr'><strong>incidit.</strong></span> <span class='ocrx_word' id='word_1_643' title='bbox 703 4647 894 4716; x_wconf 84' lang='lat' dir='ltr'><strong>itaque</strong></span> <span class='ocrx_word' id='word_1_644' title='bbox 929 4647 982 4702; x_wconf 91' lang='lat' dir='ltr'><strong>in</strong></span> <span class='ocrx_word' id='word_1_645' title='bbox 1032 4647 1237 4720; x_wconf 81' lang='lat' dir='ltr'><strong>regiam</strong></span> <span class='ocrx_word' id='word_1_646' title='bbox 1295 4663 1568 4713; x_wconf 82' lang='lat' dir='ltr'><strong>reversus,</strong></span> <span class='ocrx_word' id='word_1_647' title='bbox 1605 4648 1888 4716; x_wconf 88' lang='lat' dir='ltr'><strong>desperata</strong></span> <span class='ocrx_word' id='word_1_648' title='bbox 1913 4649 2018 4720; x_wconf 87' lang='lat' dir='ltr'><strong>jam</strong></span> 
     </span>
    </p>
   </div>
   <div class='ocr_carea' id='block_1_95' title="bbox 2117 4647 3662 4723">
    <p class='ocr_par' dir='ltr' id='par_1_95' title="bbox 2124 4649 3662 4723">
     <span class='ocr_line' id='line_1_95' title="bbox 2124 4649 3662 4723; baseline 0.006 -21"><span class='ocrx_word' id='word_1_649' title='bbox 2124 4650 2260 4719; x_wconf 80' lang='grc' dir='ltr'><strong>πρὸς</strong></span> <span class='ocrx_word' id='word_1_650' title='bbox 2312 4651 2405 4705; x_wconf 79' lang='grc' dir='ltr'><strong>τὸν</strong></span> <span class='ocrx_word' id='word_1_651' title='bbox 2470 4653 2580 4705; x_wconf 86' lang='grc' dir='ltr'><strong>τῶν</strong></span> <span class='ocrx_word' id='word_1_652' title='bbox 2647 4653 3010 4723; x_wconf 85' lang='grc' dir='ltr'><strong>Ἰσμαηλιτῶν</strong></span> <span class='ocrx_word' id='word_1_653' title='bbox 3061 4655 3390 4723; x_wconf 75' lang='grc' dir='ltr'><strong>ὲκπέπομφε</strong></span> <span class='ocrx_word' id='word_1_654' title='bbox 3452 4649 3662 4722; x_wconf 69' lang='grc' dir='ltr'><strong>βασιλέα,</strong></span> 
     </span>
    </p>
   </div>
   <div class='ocr_carea' id='block_1_96' title="bbox 455 4737 2018 4814">
    <p class='ocr_par' dir='ltr' id='par_1_96' title="bbox 455 4737 2018 4810">
     <span class='ocr_line' id='line_1_96' title="bbox 455 4737 2018 4810; baseline 0 -16"><span class='ocrx_word' id='word_1_655' title='bbox 455 4739 656 4804; x_wconf 89' lang='lat' dir='ltr'><strong>salute,</strong></span> <span class='ocrx_word' id='word_1_656' title='bbox 707 4747 960 4794; x_wconf 88' lang='lat' dir='ltr'><strong>senatum</strong></span> <span class='ocrx_word' id='word_1_657' title='bbox 1000 4740 1255 4803; x_wconf 89' lang='lat' dir='ltr'><strong>accersit,</strong></span> <span class='ocrx_word' id='word_1_658' title='bbox 1289 4749 1483 4810; x_wconf 87' lang='lat' dir='ltr'><strong>petens</strong></span> <span class='ocrx_word' id='word_1_659' title='bbox 1519 4747 1579 4793; x_wconf 90' lang='lat' dir='ltr'><strong>ut</strong></span> <span class='ocrx_word' id='word_1_660' title='bbox 1618 4737 1777 4793; x_wconf 86' lang='lat' dir='ltr'><strong>uxori</strong></span> <span class='ocrx_word' id='word_1_661' title='bbox 1829 4754 1942 4794; x_wconf 77' lang='lat' dir='ltr'><strong>sua:</strong></span> <span class='ocrx_word' id='word_1_662' title='bbox 1969 4750 2018 4794; x_wconf 89' lang='lat' dir='ltr'><strong>et</strong></span> 
     </span>
    </p>
   </div>
   <div class='ocr_carea' id='block_1_97' title="bbox 2117 4737 3664 4814">
    <p class='ocr_par' dir='ltr' id='par_1_97' title="bbox 2121 4740 3664 4814">
     <span class='ocr_line' id='line_1_97' title="bbox 2121 4740 3664 4814; baseline -0.003 -18"><span class='ocrx_word' id='word_1_663' title='bbox 2121 4742 2458 4812; x_wconf 78' lang='grc' dir='ltr'><strong>ἀποδοθῆναι</strong></span> <span class='ocrx_word' id='word_1_664' title='bbox 2482 4743 2634 4814; x_wconf 84' lang='grc' dir='ltr'><strong>αὐτῴ</strong></span> <span class='ocrx_word' id='word_1_665' title='bbox 2656 4745 2782 4809; x_wconf 81' lang='grc' dir='ltr'><strong>τοὺς</strong></span> <span class='ocrx_word' id='word_1_666' title='bbox 2808 4746 3095 4814; x_wconf 77' lang='grc' dir='ltr'><strong>ἐπιφανεῖς</strong></span> <span class='ocrx_word' id='word_1_667' title='bbox 3112 4745 3220 4798; x_wconf 81' lang='grc' dir='ltr'><strong>τῶν</strong></span> <span class='ocrx_word' id='word_1_668' title='bbox 3245 4746 3480 4798; x_wconf 80' lang='grc' dir='ltr'><strong>ἁλόντων</strong></span> <span class='ocrx_word' id='word_1_669' title='bbox 3507 4740 3664 4800; x_wconf 73' lang='grc' dir='ltr'><strong>αἰτῶν,</strong></span> 
     </span>
    </p>
   </div>
   <div class='ocr_carea' id='block_1_98' title="bbox 456 4829 2018 4907">
    <p class='ocr_par' dir='ltr' id='par_1_98' title="bbox 456 4829 2018 4901">
     <span class='ocr_line' id='line_1_98' title="bbox 456 4829 2018 4901; baseline 0.001 -16"><span class='ocrx_word' id='word_1_670' title='bbox 456 4831 571 4885; x_wconf 82' lang='lat' dir='ltr'><strong>filio</strong></span> <span class='ocrx_word' id='word_1_671' title='bbox 601 4829 761 4886; x_wconf 81' lang='lat' dir='ltr'><strong>fidem</strong></span> <span class='ocrx_word' id='word_1_672' title='bbox 792 4842 1101 4897; x_wconf 77' lang='lat' dir='ltr'><strong>servarent,</strong></span> <span class='ocrx_word' id='word_1_673' title='bbox 1162 4831 1340 4901; x_wconf 89' lang='lat' dir='ltr'><strong>iisque</strong></span> <span class='ocrx_word' id='word_1_674' title='bbox 1388 4831 1679 4900; x_wconf 88' lang='lat' dir='ltr'><strong>imperium</strong></span> <span class='ocrx_word' id='word_1_675' title='bbox 1717 4839 2018 4888; x_wconf 87' lang='lat' dir='ltr'><strong>tuerentur.</strong></span> 
     </span>
    </p>
   </div>
   <div class='ocr_carea' id='block_1_99' title="bbox 2117 4829 3666 4907">
    <p class='ocr_par' dir='ltr' id='par_1_99' title="bbox 2125 4833 3666 4907">
     <span class='ocr_line' id='line_1_99' title="bbox 2125 4833 3666 4907; baseline 0 -21"><span class='ocrx_word' id='word_1_676' title='bbox 2125 4833 2219 4886; x_wconf 76' lang='grc' dir='ltr'><strong>καὶ</strong></span> <span class='ocrx_word' id='word_1_677' title='bbox 2248 4833 2375 4895; x_wconf 80' lang='grc' dir='ltr'><strong>τοὺς</strong></span> <span class='ocrx_word' id='word_1_678' title='bbox 2411 4833 2562 4903; x_wconf 86' lang='grc' dir='ltr'><strong>αὐτῷ</strong></span> <span class='ocrx_word' id='word_1_679' title='bbox 2587 4835 2729 4888; x_wconf 86' lang='grc' dir='ltr'><strong>κατὰ</strong></span> <span class='ocrx_word' id='word_1_680' title='bbox 2761 4836 2918 4904; x_wconf 84' lang='grc' dir='ltr'><strong>γένος</strong></span> <span class='ocrx_word' id='word_1_681' title='bbox 2951 4838 3349 4907; x_wconf 83' lang='grc' dir='ltr'><strong>προσήκοντας,</strong></span> <span class='ocrx_word' id='word_1_682' title='bbox 3369 4834 3666 4903; x_wconf 75' lang='grc' dir='ltr'><strong>κεντηνάριιι</strong></span> 
     </span>
    </p>
   </div>
   <div class='ocr_carea' id='block_1_100' title="bbox 455 4921 2018 5004">
    <p class='ocr_par' dir='ltr' id='par_1_100' title="bbox 455 4921 2018 4995">
     <span class='ocr_line' id='line_1_100' title="bbox 455 4921 2018 4995; baseline 0.003 -20"><span class='ocrx_word' id='word_1_683' title='bbox 455 4921 611 4989; x_wconf 87' lang='lat' dir='ltr'><strong>Quod</strong></span> <span class='ocrx_word' id='word_1_684' title='bbox 641 4938 766 4978; x_wconf 91' lang='lat' dir='ltr'><strong>cum</strong></span> <span class='ocrx_word' id='word_1_685' title='bbox 800 4924 878 4978; x_wconf 93' lang='lat' dir='ltr'><strong>illi</strong></span> <span class='ocrx_word' id='word_1_686' title='bbox 906 4939 964 4979; x_wconf 89' lang='lat' dir='ltr'><strong>se</strong></span> <span class='ocrx_word' id='word_1_687' title='bbox 990 4924 1234 4979; x_wconf 87' lang='lat' dir='ltr'><strong>facturos</strong></span> <span class='ocrx_word' id='word_1_688' title='bbox 1266 4923 1673 4995; x_wconf 89' lang='lat' dir='ltr'><strong>promisissent,</strong></span> <span class='ocrx_word' id='word_1_689' title='bbox 1706 4925 2018 4994; x_wconf 83' lang='lat' dir='ltr'><strong>imperator,</strong></span> 
     </span>
    </p>
   </div>
   <div class='ocr_carea' id='block_1_101' title="bbox 2117 4921 3662 5004">
    <p class='ocr_par' dir='ltr' id='par_1_101' title="bbox 2126 4927 3662 5004">
     <span class='ocr_line' id='line_1_101' title="bbox 2126 4927 3662 5004; baseline 0.005 -26"><span class='ocrx_word' id='word_1_690' title='bbox 2126 4927 2263 4995; x_wconf 81' lang='grc' dir='ltr'><strong>πρὸς</strong></span> <span class='ocrx_word' id='word_1_691' title='bbox 2290 4927 2548 4999; x_wconf 68' lang='grc' dir='ltr'><strong>τέταρσιν</strong></span> <span class='ocrx_word' id='word_1_692' title='bbox 2581 4931 2757 4984; x_wconf 77' lang='grc' dir='ltr'><strong>εἰκοσι</strong></span> <span class='ocrx_word' id='word_1_693' title='bbox 2805 4931 2991 4987; x_wconf 84' lang='grc' dir='ltr'><strong>δοῦναι</strong></span> <span class='ocrx_word' id='word_1_694' title='bbox 3045 4932 3195 5003; x_wconf 78' lang='grc' dir='ltr'><strong>αὐτῷ</strong></span> <span class='ocrx_word' id='word_1_695' title='bbox 3246 4931 3662 5004; x_wconf 73' lang='grc' dir='ltr'><strong>ὑπισχνούμενος-</strong></span> 
     </span>
    </p>
   </div>
   <div class='ocr_carea' id='block_1_102' title="bbox 455 5015 2018 5096">
    <p class='ocr_par' dir='ltr' id='par_1_102' title="bbox 455 5015 2018 5090">
     <span class='ocr_line' id='line_1_102' title="bbox 455 5015 2018 5090; baseline 0.004 -21"><span class='ocrx_word' id='word_1_696' title='bbox 455 5015 551 5083; x_wconf 85' lang='lat' dir='ltr'><strong>qui</strong></span> <span class='ocrx_word' id='word_1_697' title='bbox 602 5015 1004 5086; x_wconf 88' lang='lat' dir='ltr'><strong>Theophobum</strong></span> <span class='ocrx_word' id='word_1_698' title='bbox 1033 5019 1144 5090; x_wconf 90' lang='lat' dir='ltr'><strong>jam</strong></span> <span class='ocrx_word' id='word_1_699' title='bbox 1172 5027 1319 5086; x_wconf 89' lang='lat' dir='ltr'><strong>ante,</strong></span> <span class='ocrx_word' id='word_1_700' title='bbox 1345 5033 1408 5074; x_wconf 84' lang='lat' dir='ltr'><strong>ex</strong></span> <span class='ocrx_word' id='word_1_701' title='bbox 1438 5034 1548 5088; x_wconf 90' lang='lat' dir='ltr'><strong>quo</strong></span> <span class='ocrx_word' id='word_1_702' title='bbox 1580 5032 1609 5070; x_wconf 90' lang='lat' dir='ltr'><strong>a</strong></span> <span class='ocrx_word' id='word_1_703' title='bbox 1642 5018 1825 5074; x_wconf 88' lang='lat' dir='ltr'><strong>Persis</strong></span> <span class='ocrx_word' id='word_1_704' title='bbox 1858 5019 2018 5090; x_wconf 85' lang='lat' dir='ltr'><strong>impe-</strong></span> 
     </span>
    </p>
   </div>
   <div class='ocr_carea' id='block_1_103' title="bbox 2117 5015 3667 5096">
    <p class='ocr_par' dir='ltr' id='par_1_103' title="bbox 2138 5018 3667 5096">
     <span class='ocr_line' id='line_1_103' title="bbox 2138 5018 3667 5096; baseline 0.001 -26"><span class='ocrx_word' id='word_1_705' title='bbox 2138 5019 2197 5071; x_wconf 88' lang='lat'><strong>&#39;0</strong></span> <span class='ocrx_word' id='word_1_706' title='bbox 2229 5018 2286 5070; x_wconf 82' lang='grc' dir='ltr'><strong>δὲ</strong></span> <span class='ocrx_word' id='word_1_707' title='bbox 2316 5019 2442 5082; x_wconf 81' lang='grc' dir='ltr'><strong>τοὺς</strong></span> <span class='ocrx_word' id='word_1_708' title='bbox 2474 5020 2739 5090; x_wconf 81' lang='grc' dir='ltr'><strong>πρέσϐεις</strong></span> <span class='ocrx_word' id='word_1_709' title='bbox 2771 5024 2982 5092; x_wconf 84' lang='grc' dir='ltr'><strong>ίταμῶς</strong></span> <span class='ocrx_word' id='word_1_710' title='bbox 3013 5023 3402 5095; x_wconf 70' lang='grc' dir='ltr'><strong>ἀπεπέμψατο,</strong></span> <span class='ocrx_word' id='word_1_711' title='bbox 3451 5020 3667 5096; x_wconf 58' lang='grc' dir='ltr'><strong>Ἀνόηττδς</strong></span> 
     </span>
    </p>
   </div>
   <div class='ocr_carea' id='block_1_104' title="bbox 457 5107 2018 5188">
    <p class='ocr_par' dir='ltr' id='par_1_104' title="bbox 457 5107 2018 5180">
     <span class='ocr_line' id='line_1_104' title="bbox 457 5107 2018 5180; baseline 0.003 -21"><span class='ocrx_word' id='word_1_712' title='bbox 457 5117 607 5161; x_wconf 76' lang='lat' dir='ltr'><strong>ratur</strong></span> <span class='ocrx_word' id='word_1_713' title='bbox 636 5109 906 5163; x_wconf 86' lang='lat' dir='ltr'><strong>salutatus</strong></span> <span class='ocrx_word' id='word_1_714' title='bbox 949 5108 1150 5174; x_wconf 87' lang='lat' dir='ltr'><strong>fuerat,</strong></span> <span class='ocrx_word' id='word_1_715' title='bbox 1200 5119 1515 5180; x_wconf 90' lang='lat' dir='ltr'><strong>suspectum</strong></span> <span class='ocrx_word' id='word_1_716' title='bbox 1560 5107 1809 5172; x_wconf 86' lang='lat' dir='ltr'><strong>haberet,</strong></span> <span class='ocrx_word' id='word_1_717' title='bbox 1857 5109 2018 5178; x_wconf 72' lang='lat' dir='ltr'><strong>magis</strong></span> 
     </span>
    </p>
   </div>
   <div class='ocr_carea' id='block_1_105' title="bbox 2117 5107 3666 5188">
    <p class='ocr_par' dir='ltr' id='par_1_105' title="bbox 2132 5111 3666 5188">
     <span class='ocr_line' id='line_1_105' title="bbox 2132 5111 3666 5188; baseline 0.001 -24"><span class='ocrx_word' id='word_1_718' title='bbox 2132 5111 2199 5164; x_wconf 86' lang='grc' dir='ltr'><strong>ἂν</strong></span> <span class='ocrx_word' id='word_1_719' title='bbox 2221 5113 2360 5180; x_wconf 76' lang='grc' dir='ltr'><strong>εἴην,</strong></span> <span class='ocrx_word' id='word_1_720' title='bbox 2389 5113 2579 5178; x_wconf 79' lang='grc' dir='ltr'><strong>εἰπὼν,</strong></span> <span class='ocrx_word' id='word_1_721' title='bbox 2626 5114 2676 5166; x_wconf 83' lang='grc' dir='ltr'><strong>εἰ</strong></span> <span class='ocrx_word' id='word_1_722' title='bbox 2737 5117 2866 5187; x_wconf 77' lang='grc' dir='ltr'><strong>περὶ</strong></span> <span class='ocrx_word' id='word_1_723' title='bbox 2905 5117 3053 5186; x_wconf 80' lang='grc' dir='ltr'><strong>χίλιά</strong></span> <span class='ocrx_word' id='word_1_724' title='bbox 3083 5135 3173 5188; x_wconf 89' lang='grc' dir='ltr'><strong>μοι</strong></span> <span class='ocrx_word' id='word_1_725' title='bbox 3216 5118 3316 5187; x_wconf 78' lang='grc' dir='ltr'><strong>τῆς</strong></span> <span class='ocrx_word' id='word_1_726' title='bbox 3347 5119 3406 5169; x_wconf 82' lang='grc' dir='ltr'><strong>ὲν</strong></span> <span class='ocrx_word' id='word_1_727' title='bbox 3437 5117 3498 5185; x_wconf 81' lang='grc' dir='ltr'><strong>τῇ</strong></span> <span class='ocrx_word' id='word_1_728' title='bbox 3529 5129 3666 5180; x_wconf 73' lang='grc' dir='ltr'><strong>στρα-</strong></span> 
     </span>
    </p>
   </div>
   <div class='ocr_carea' id='block_1_106' title="bbox 457 5201 2018 5276">
    <p class='ocr_par' dir='ltr' id='par_1_106' title="bbox 457 5201 2018 5273">
     <span class='ocr_line' id='line_1_106' title="bbox 457 5201 2018 5273; baseline 0.001 -19"><span class='ocrx_word' id='word_1_729' title='bbox 457 5209 622 5254; x_wconf 79' lang='lat' dir='ltr'><strong>etiam</strong></span> <span class='ocrx_word' id='word_1_730' title='bbox 656 5203 703 5256; x_wconf 89' lang='lat' dir='ltr'><strong>ci</strong></span> <span class='ocrx_word' id='word_1_731' title='bbox 736 5202 1035 5272; x_wconf 86' lang='lat' dir='ltr'><strong>suspicioni</strong></span> <span class='ocrx_word' id='word_1_732' title='bbox 1087 5202 1336 5271; x_wconf 87' lang='lat' dir='ltr'><strong>indulsit,</strong></span> <span class='ocrx_word' id='word_1_733' title='bbox 1372 5201 1440 5255; x_wconf 94' lang='lat' dir='ltr'><strong>ob</strong></span> <span class='ocrx_word' id='word_1_734' title='bbox 1471 5201 1838 5273; x_wconf 82' lang='lat' dir='ltr'><strong>proditionem</strong></span> <span class='ocrx_word' id='word_1_735' title='bbox 1869 5217 2018 5270; x_wconf 80' lang='lat' dir='ltr'><strong>quan</strong></span> 
     </span>
    </p>
   </div>
   <div class='ocr_carea' id='block_1_107' title="bbox 2117 5201 3666 5276">
    <p class='ocr_par' dir='ltr' id='par_1_107' title="bbox 2133 5202 3666 5276">
     <span class='ocr_line' id='line_1_107' title="bbox 2133 5202 3666 5276; baseline 0 -22"><span class='ocrx_word' id='word_1_736' title='bbox 2133 5202 2256 5272; x_wconf 80' lang='grc' dir='ltr'><strong>τείᾳ</strong></span> <span class='ocrx_word' id='word_1_737' title='bbox 2300 5205 2639 5276; x_wconf 81' lang='grc' dir='ltr'><strong>κεντηνάρια</strong></span> <span class='ocrx_word' id='word_1_738' title='bbox 2680 5207 2994 5273; x_wconf 82' lang='grc' dir='ltr'><strong>γεγονυίας,</strong></span> <span class='ocrx_word' id='word_1_739' title='bbox 3017 5209 3178 5272; x_wconf 77' lang='grc' dir='ltr'><strong>αὐτὸς</strong></span> <span class='ocrx_word' id='word_1_740' title='bbox 3230 5208 3470 5262; x_wconf 78' lang='grc' dir='ltr'><strong>τοσαῦτα</strong></span> <span class='ocrx_word' id='word_1_741' title='bbox 3516 5202 3666 5258; x_wconf 62' lang='grc' dir='ltr'><strong>λαϐὰν</strong></span> 
     </span>
    </p>
   </div>
   <div class='ocr_carea' id='block_1_108' title="bbox 2128 3641 3664 3716">
    <p class='ocr_par' dir='ltr' id='par_1_108' title="bbox 2128 3641 3664 3716">
     <span class='ocr_line' id='line_1_108' title="bbox 2128 3641 3664 3716; baseline -0.003 -21"><span class='ocrx_word' id='word_1_742' title='bbox 2128 3643 2227 3695; x_wconf 83' lang='grc' dir='ltr'><strong>οὐκ</strong></span> <span class='ocrx_word' id='word_1_743' title='bbox 2257 3643 2322 3697; x_wconf 85' lang='grc' dir='ltr'><strong>ἂν</strong></span> <span class='ocrx_word' id='word_1_744' title='bbox 2349 3643 2716 3716; x_wconf 76' lang='grc' dir='ltr'><strong>ὲπεπὸρθητο,</strong></span> <span class='ocrx_word' id='word_1_745' title='bbox 2743 3647 2793 3698; x_wconf 87' lang='grc' dir='ltr'><strong>εί</strong></span> <span class='ocrx_word' id='word_1_746' title='bbox 2815 3647 2888 3716; x_wconf 88' lang='grc' dir='ltr'><strong>μή</strong></span> <span class='ocrx_word' id='word_1_747' title='bbox 2914 3663 2996 3709; x_wconf 88' lang='grc' dir='ltr'><strong>τις</strong></span> <span class='ocrx_word' id='word_1_748' title='bbox 3018 3646 3125 3700; x_wconf 83' lang='grc' dir='ltr'><strong>τῶν</strong></span> <span class='ocrx_word' id='word_1_749' title='bbox 3160 3645 3310 3701; x_wconf 77' lang='grc' dir='ltr'><strong>ἔνδον</strong></span> <span class='ocrx_word' id='word_1_750' title='bbox 3333 3645 3399 3699; x_wconf 87' lang='grc' dir='ltr'><strong>δι’</strong></span> <span class='ocrx_word' id='word_1_751' title='bbox 3429 3643 3538 3713; x_wconf 56' lang='grc' dir='ltr'><strong>ἔριν</strong></span> <span class='ocrx_word' id='word_1_752' title='bbox 3567 3641 3664 3693; x_wconf 71' lang='grc' dir='ltr'><strong>τινὰ</strong></span> 
     </span>
    </p>
   </div>
   <div class='ocr_carea' id='block_1_109' title="bbox 2129 3731 3663 3809">
    <p class='ocr_par' dir='ltr' id='par_1_109' title="bbox 2129 3731 3663 3809">
     <span class='ocr_line' id='line_1_109' title="bbox 2129 3731 3663 3809; baseline 0.004 -22"><span class='ocrx_word' id='word_1_753' title='bbox 2129 3735 2418 3804; x_wconf 74' lang='grc' dir='ltr'><strong>ἐκμανεὶς,</strong></span> <span class='ocrx_word' id='word_1_754' title='bbox 2481 3737 2747 3807; x_wconf 83' lang='grc' dir='ltr'><strong>προδότης</strong></span> <span class='ocrx_word' id='word_1_755' title='bbox 2798 3737 3002 3809; x_wconf 80' lang='grc' dir='ltr'><strong>ταύτης</strong></span> <span class='ocrx_word' id='word_1_756' title='bbox 3030 3738 3285 3806; x_wconf 76' lang='grc' dir='ltr'><strong>ἐγένετο,</strong></span> <span class='ocrx_word' id='word_1_757' title='bbox 3339 3731 3384 3806; x_wconf 82' lang='grc' dir='ltr'>ᾧ</span> <span class='ocrx_word' id='word_1_758' title='bbox 3420 3733 3663 3801; x_wconf 74' lang='grc' dir='ltr'><strong>Βοὶδίτζης</strong></span> 
     </span>
    </p>
   </div>
   <div class='ocr_carea' id='block_1_110' title="bbox 2127 3819 3665 3896">
    <p class='ocr_par' dir='ltr' id='par_1_110' title="bbox 2127 3819 3665 3896">
     <span class='ocr_line' id='line_1_110' title="bbox 2127 3819 3665 3896; baseline 0 -18"><span class='ocrx_word' id='word_1_759' title='bbox 2127 3819 2196 3894; x_wconf 84' lang='grc' dir='ltr'><strong>ἦν</strong></span> <span class='ocrx_word' id='word_1_760' title='bbox 2224 3826 2284 3878; x_wconf 79' lang='grc' dir='ltr'><strong>τὸ</strong></span> <span class='ocrx_word' id='word_1_761' title='bbox 2315 3823 2627 3896; x_wconf 75' lang='grc' dir='ltr'><strong>ἐπώνυμον.</strong></span> <span class='ocrx_word' id='word_1_762' title='bbox 2669 3827 2914 3891; x_wconf 76' lang='grc' dir='ltr'><strong>Ἀλὸντος</strong></span> <span class='ocrx_word' id='word_1_763' title='bbox 2969 3828 3026 3885; x_wconf 82' lang='grc' dir='ltr'><strong>δὲ</strong></span> <span class='ocrx_word' id='word_1_764' title='bbox 3055 3827 3150 3881; x_wconf 82' lang='grc' dir='ltr'><strong>τοῦ</strong></span> <span class='ocrx_word' id='word_1_765' title='bbox 3189 3828 3409 3892; x_wconf 76' lang='grc' dir='ltr'><strong>ἄστεος,</strong></span> <span class='ocrx_word' id='word_1_766' title='bbox 3441 3827 3552 3889; x_wconf 77' lang='grc' dir='ltr'><strong>ὅσος</strong></span> <span class='ocrx_word' id='word_1_767' title='bbox 3585 3824 3665 3892; x_wconf 83' lang='grc' dir='ltr'><strong>μὲν</strong></span> 
     </span>
    </p>
   </div>
   <div class='ocr_carea' id='block_1_111' title="bbox 2130 3917 3664 3989">
    <p class='ocr_par' dir='ltr' id='par_1_111' title="bbox 2130 3917 3664 3989">
     <span class='ocr_line' id='line_1_111' title="bbox 2130 3917 3664 3989; baseline -0.001 -19"><span class='ocrx_word' id='word_1_768' title='bbox 2130 3917 2368 3989; x_wconf 81' lang='grc' dir='ltr'><strong>ἀνῃρέθη</strong></span> <span class='ocrx_word' id='word_1_769' title='bbox 2415 3917 2542 3983; x_wconf 86' lang='grc' dir='ltr'><strong>λαὸς</strong></span> <span class='ocrx_word' id='word_1_770' title='bbox 2579 3920 2677 3973; x_wconf 75' lang='grc' dir='ltr'><strong>οὐκ</strong></span> <span class='ocrx_word' id='word_1_771' title='bbox 2737 3919 2887 3974; x_wconf 80' lang='grc' dir='ltr'><strong>ἐστιν</strong></span> <span class='ocrx_word' id='word_1_772' title='bbox 2951 3923 3147 3978; x_wconf 78' lang='grc' dir='ltr'><strong>εἰπεῖν.</strong></span> <span class='ocrx_word' id='word_1_773' title='bbox 3204 3923 3472 3983; x_wconf 81' lang='grc' dir='ltr'><strong>Γυναῖκες</strong></span> <span class='ocrx_word' id='word_1_774' title='bbox 3515 3919 3565 3972; x_wconf 81' lang='grc' dir='ltr'><strong>δὲ</strong></span> <span class='ocrx_word' id='word_1_775' title='bbox 3589 3917 3664 3970; x_wconf 73' lang='grc' dir='ltr'><strong>καὶ</strong></span> 
     </span>
    </p>
   </div>
   <div class='ocr_carea' id='block_1_112' title="bbox 1648 5356 2494 5422">
    <p class='ocr_par' dir='ltr' id='par_1_112' title="bbox 1648 5356 2494 5422">
     <span class='ocr_line' id='line_1_112' title="bbox 1648 5356 2494 5422; baseline 0.006 -5"><span class='ocrx_word' id='word_1_776' title='bbox 1648 5356 1841 5418; x_wconf 60' lang='lat' dir='ltr'><strong>Variis</strong></span> <span class='ocrx_word' id='word_1_777' title='bbox 1874 5356 2176 5419; x_wconf 88' lang='lat' dir='ltr'><strong>lectiones</strong></span> <span class='ocrx_word' id='word_1_778' title='bbox 2213 5369 2273 5420; x_wconf 87' lang='lat' dir='ltr'><strong>et</strong></span> <span class='ocrx_word' id='word_1_779' title='bbox 2305 5367 2494 5422; x_wconf 64' lang='lat' dir='ltr'><strong>notae.</strong></span> 
     </span>
    </p>
   </div>
   <div class='ocr_carea' id='block_1_113' title="bbox 534 5501 3664 5583">
    <p class='ocr_par' dir='ltr' id='par_1_113' title="bbox 534 5501 3664 5583">
     <span class='ocr_line' id='line_1_113' title="bbox 534 5501 3664 5583; baseline -0.008 -3"><span class='ocrx_word' id='word_1_780' title='bbox 534 5501 644 5583; x_wconf 48' lang='grc' dir='ltr'>(εἶθ)</span> <span class='ocrx_word' id='word_1_781' title='bbox 676 5503 961 5583; x_wconf 52' lang='grc' dir='ltr'><strong>’ἀμόψοῗο</strong></span> <span class='ocrx_word' id='word_1_782' title='bbox 987 5506 1220 5583; x_wconf 59' lang='grc' dir='ltr'><strong>,ᾼτηοῐῑῖ</strong></span> <span class='ocrx_word' id='word_1_783' title='bbox 1256 5508 1540 5583; x_wconf 43' lang='lat' dir='ltr'><strong>&quot;vigilum</strong></span> <span class='ocrx_word' id='word_1_784' title='bbox 1581 5507 1810 5583; x_wconf 50' lang='lat' dir='ltr'><strong>attigero</strong></span> <span class='ocrx_word' id='word_1_785' title='bbox 1860 5507 2024 5583; x_wconf 63' lang='lat' dir='ltr'><strong>etiarn</strong></span> <span class='ocrx_word' id='word_1_786' title='bbox 2138 5506 2452 5583; x_wconf 75' lang='lat' dir='ltr'><strong>Theodoro,</strong></span> <span class='ocrx_word' id='word_1_787' title='bbox 2487 5511 2874 5583; x_wconf 85' lang='lat' dir='ltr'><strong>Constantino,</strong></span> <span class='ocrx_word' id='word_1_788' title='bbox 2901 5525 2959 5572; x_wconf 89' lang='lat' dir='ltr'><strong>et</strong></span> <span class='ocrx_word' id='word_1_789' title='bbox 2988 5515 3110 5571; x_wconf 73' lang='lat' dir='ltr'><strong>aliis</strong></span> <span class='ocrx_word' id='word_1_790' title='bbox 3144 5514 3234 5583; x_wconf 92' lang='lat' dir='ltr'><strong>qui</strong></span> <span class='ocrx_word' id='word_1_791' title='bbox 3273 5525 3384 5569; x_wconf 89' lang='lat' dir='ltr'><strong>tum</strong></span> <span class='ocrx_word' id='word_1_792' title='bbox 3415 5510 3533 5568; x_wconf 72' lang='lat' dir='ltr'><strong>caesi</strong></span> <span class='ocrx_word' id='word_1_793' title='bbox 3561 5513 3664 5560; x_wconf 81' lang='lat' dir='ltr'><strong>sunt</strong></span> 
     </span>
    </p>
   </div>
   <div class='ocr_carea' id='block_1_114' title="bbox 465 5572 2470 5636">
    <p class='ocr_par' dir='ltr' id='par_1_114' title="bbox 465 5572 2470 5636">
     <span class='ocr_line' id='line_1_114' title="bbox 465 5572 2470 5636; baseline 0.008 -16"><span class='ocrx_word' id='word_1_794' title='bbox 465 5578 656 5621; x_wconf 85' lang='lat' dir='ltr'><strong>auctor</strong></span> <span class='ocrx_word' id='word_1_795' title='bbox 684 5572 963 5628; x_wconf 86' lang='lat' dir='ltr'><strong>Orationis</strong></span> <span class='ocrx_word' id='word_1_796' title='bbox 987 5577 1264 5629; x_wconf 68' lang='lat' dir='ltr'><strong>historiem</strong></span> <span class='ocrx_word' id='word_1_797' title='bbox 1306 5578 1359 5629; x_wconf 87' lang='lat' dir='ltr'><strong>in</strong></span> <span class='ocrx_word' id='word_1_798' title='bbox 1385 5579 1583 5632; x_wconf 81' lang='lat' dir='ltr'><strong>festum</strong></span> <span class='ocrx_word' id='word_1_799' title='bbox 1641 5572 2029 5631; x_wconf 76' lang='lat' dir='ltr'><strong>Restitutionis</strong></span> <span class='ocrx_word' id='word_1_800' title='bbox 2135 5594 2164 5631; x_wconf 89' lang='lat' dir='ltr'><strong>a</strong></span> <span class='ocrx_word' id='word_1_801' title='bbox 2198 5572 2470 5636; x_wconf 60' lang='lat' dir='ltr'><strong>Barlvaris.</strong></span> 
     </span>
    </p>
   </div>
   <div class='ocr_carea' id='block_1_115' title="bbox 470 5638 2024 5713">
    <p class='ocr_par' dir='ltr' id='par_1_115' title="bbox 470 5638 2024 5713">
     <span class='ocr_line' id='line_1_115' title="bbox 470 5638 2024 5713; baseline 0.007 -25"><span class='ocrx_word' id='word_1_802' title='bbox 470 5638 792 5707; x_wconf 83' lang='lat' dir='ltr'><strong>imaginum,</strong></span> <span class='ocrx_word' id='word_1_803' title='bbox 819 5661 870 5713; x_wconf 89' lang='lat' dir='ltr'><strong>p.</strong></span> <span class='ocrx_word' id='word_1_804' title='bbox 905 5645 1044 5699; x_wconf 65' lang='grc' dir='ltr'><strong>ἠιξ</strong></span> <span class='ocrx_word' id='word_1_805' title='bbox 1083 5654 1140 5698; x_wconf 91' lang='lat' dir='ltr'><strong>et</strong></span> <span class='ocrx_word' id='word_1_806' title='bbox 1164 5646 1367 5701; x_wconf 65' lang='lat' dir='ltr'><strong>Menam</strong></span> <span class='ocrx_word' id='word_1_807' title='bbox 1413 5648 1482 5703; x_wconf 83' lang='lat' dir='ltr'><strong>ad</strong></span> <span class='ocrx_word' id='word_1_808' title='bbox 1541 5647 1573 5701; x_wconf 90' lang='grc'>6</span> <span class='ocrx_word' id='word_1_809' title='bbox 1626 5647 1801 5701; x_wconf 84' lang='lat' dir='ltr'><strong>Martii</strong></span> <span class='ocrx_word' id='word_1_810' title='bbox 1839 5648 1891 5700; x_wconf 86' lang='lat' dir='ltr'><strong>in</strong></span> <span class='ocrx_word' id='word_1_811' title='bbox 1928 5645 2024 5701; x_wconf 81' lang='lat' dir='ltr'><strong>SS.</strong></span> 
     </span>
    </p>
   </div>
  </div>
