  <div class='ocr_page' id='page_1' title='image "/cluster/home/n/w/nwhite01/storage/ocr_20150623/134/pst.000005714506/012.png"; bbox 0 0 4038 6320; ppageno 0'>
   <div class='ocr_carea' id='block_1_1' title="bbox 154 438 3255 524">
    <p class='ocr_par' dir='ltr' id='par_1_1' title="bbox 198 494 922 508">
     <span class='ocr_line' id='line_1_1' title="bbox 198 494 922 508; baseline -0.011 0"><span class='ocrx_word' id='word_1_1' title='bbox 198 494 922 508; x_wconf 58' lang='lat'><strong>_._.__________._____</strong></span> 
     </span>
    </p>
   </div>
   <div class='ocr_carea' id='block_1_2' title="bbox 659 647 2704 790">
    <p class='ocr_par' dir='ltr' id='par_1_2' title="bbox 659 647 2704 790">
     <span class='ocr_line' id='line_1_2' title="bbox 659 647 2704 790; baseline -0.005 0"><span class='ocrx_word' id='word_1_2' title='bbox 659 658 1393 790; x_wconf 80' lang='grc' dir='ltr'><strong>ΙΩΑΝΝΟΥ</strong></span> <span class='ocrx_word' id='word_1_3' title='bbox 1480 656 1823 789; x_wconf 88' lang='grc' dir='ltr'><strong>ΤΟΥ</strong></span> <span class='ocrx_word' id='word_1_4' title='bbox 1899 647 2704 787; x_wconf 84' lang='grc' dir='ltr'>ΑΣΚΗΤοΥ</span> 
     </span>
    </p>
   </div>
   <div class='ocr_carea' id='block_1_3' title="bbox 360 818 3027 1149">
    <p class='ocr_par' dir='ltr' id='par_1_3' title="bbox 360 818 3027 1149">
     <span class='ocr_line' id='line_1_3' title="bbox 360 818 3027 1149; baseline -0.001 -9"><span class='ocrx_word' id='word_1_5' title='bbox 360 818 1143 1149; x_wconf 78' lang='grc' dir='ltr'><strong>ΤΟΥ</strong></span> <span class='ocrx_word' id='word_1_6' title='bbox 1379 908 3027 1146; x_wconf 75' lang='grc' dir='ltr'><strong>ΖΩΝΑΡΑ.</strong></span> 
     </span>
    </p>
   </div>
   <div class='ocr_carea' id='block_1_4' title="bbox 252 1182 3127 1298">
    <p class='ocr_par' dir='ltr' id='par_1_4' title="bbox 252 1182 3127 1298">
     <span class='ocr_line' id='line_1_4' title="bbox 252 1182 3127 1298; baseline -0.003 -9"><span class='ocrx_word' id='word_1_7' title='bbox 252 1232 615 1290; x_wconf 73' lang='grc' dir='ltr'><strong>ΙἮΓΟΝΟΤΟΣ</strong></span> <span class='ocrx_word' id='word_1_8' title='bbox 672 1236 807 1289; x_wconf 84' lang='grc' dir='ltr'><strong>ΤΟΥ</strong></span> <span class='ocrx_word' id='word_1_9' title='bbox 865 1182 1185 1290; x_wconf 52' lang='grc' dir='ltr'><strong>ΜΕΓᾹΔΟΥ</strong></span> <span class='ocrx_word' id='word_1_10' title='bbox 1250 1235 1716 1289; x_wconf 71' lang='grc' dir='ltr'><strong>ΔΡΟἸῚΤΑΡΙΟΥ</strong></span> <span class='ocrx_word' id='word_1_11' title='bbox 1778 1197 1920 1291; x_wconf 37' lang='grc' dir='ltr'><strong>’ΤΗΣ</strong></span> <span class='ocrx_word' id='word_1_12' title='bbox 1990 1234 2255 1298; x_wconf 74' lang='grc' dir='ltr'><strong>ΒΙΓΛΑΣ,</strong></span> <span class='ocrx_word' id='word_1_13' title='bbox 2324 1233 2440 1285; x_wconf 74' lang='grc' dir='ltr'><strong>1(Ᾱί</strong></span> <span class='ocrx_word' id='word_1_14' title='bbox 2512 1227 3127 1285; x_wconf 76' lang='grc' dir='ltr'><strong>ΠΡΩΤΟΑΣΗΚΡΙΙΤΙΣ</strong></span> 
     </span>
    </p>
   </div>
   <div class='ocr_carea' id='block_1_5' title="bbox 953 1342 2581 1609">
    <p class='ocr_par' dir='ltr' id='par_1_5' title="bbox 953 1342 2581 1609">
     <span class='ocr_line' id='line_1_5' title="bbox 953 1342 2581 1609; baseline -0.002 -6"><span class='ocrx_word' id='word_1_15' title='bbox 953 1401 2410 1609; x_wconf 80' lang='grc' dir='ltr'><strong>ΧΡΟΝΙΚΟΝ.</strong></span> <span class='ocrx_word' id='word_1_16' title='bbox 2575 1342 2581 1349; x_wconf 79' lang='grc'><em>’</em></span> 
     </span>
    </p>
   </div>
   <div class='ocr_carea' id='block_1_6' title="bbox 464 1724 2878 2095">
    <p class='ocr_par' dir='ltr' id='par_1_6' title="bbox 464 1724 2878 2095">
     <span class='ocr_line' id='line_1_6' title="bbox 464 1724 2878 2095; baseline -0.002 -4"><span class='ocrx_word' id='word_1_17' title='bbox 464 1724 2878 2095; x_wconf 51' lang='grc' dir='ltr'><strong>,ΙΟΑΝΝΙΒῘΖΟΝΑΜ</strong></span> 
     </span>
    </p>
   </div>
   <div class='ocr_carea' id='block_1_7' title="bbox 574 2420 2857 2493">
    <p class='ocr_par' dir='ltr' id='par_1_7' title="bbox 574 2420 2857 2493">
     <span class='ocr_line' id='line_1_7' title="bbox 574 2420 2857 2493; baseline -0.002 -6"><span class='ocrx_word' id='word_1_18' title='bbox 574 2428 825 2489; x_wconf 83' lang='lat' dir='ltr'><strong>MAGNI</strong></span> <span class='ocrx_word' id='word_1_19' title='bbox 868 2428 1128 2486; x_wconf 79' lang='lat' dir='ltr'><strong>ANTEA</strong></span> <span class='ocrx_word' id='word_1_20' title='bbox 1179 2423 1500 2485; x_wconf 71' lang='lat' dir='ltr'><strong>\‘lGlLUM</strong></span> <span class='ocrx_word' id='word_1_21' title='bbox 1552 2420 1943 2483; x_wconf 63' lang='lat' dir='ltr'><strong>l’llEFECTl</strong></span> <span class='ocrx_word' id='word_1_22' title='bbox 1988 2424 2088 2483; x_wconf 83' lang='lat' dir='ltr'><strong>ET</strong></span> <span class='ocrx_word' id='word_1_23' title='bbox 2132 2420 2440 2493; x_wconf 74' lang='lat' dir='ltr'><strong>PRlMlA</strong></span> <span class='ocrx_word' id='word_1_24' title='bbox 2489 2420 2857 2489; x_wconf 77' lang='lat' dir='ltr'><strong>SECRETIS</strong></span> 
     </span>
    </p>
   </div>
   <div class='ocr_carea' id='block_1_8' title="bbox 1160 2577 2207 2798">
    <p class='ocr_par' dir='ltr' id='par_1_8' title="bbox 1160 2577 2207 2798">
     <span class='ocr_line' id='line_1_8' title="bbox 1160 2577 2207 2798; baseline -0.004 -2"><span class='ocrx_word' id='word_1_25' title='bbox 1160 2577 2207 2798; x_wconf 87' lang='lat' dir='ltr'><strong>ANNALES.</strong></span> 
     </span>
    </p>
   </div>
   <div class='ocr_carea' id='block_1_9' title="bbox 877 2915 2519 2991">
    <p class='ocr_par' dir='ltr' id='par_1_9' title="bbox 877 2915 2519 2991">
     <span class='ocr_line' id='line_1_9' title="bbox 877 2915 2519 2991; baseline -0.002 -10"><span class='ocrx_word' id='word_1_26' title='bbox 877 2918 1247 2982; x_wconf 84' lang='lat' dir='ltr'><strong>CAROLUS</strong></span> <span class='ocrx_word' id='word_1_27' title='bbox 1282 2918 1401 2977; x_wconf 89' lang='lat' dir='ltr'><strong>DU</strong></span> <span class='ocrx_word' id='word_1_28' title='bbox 1432 2916 1788 2988; x_wconf 86' lang='lat' dir='ltr'><strong>FRESNE,</strong></span> <span class='ocrx_word' id='word_1_29' title='bbox 1828 2915 2020 2978; x_wconf 81' lang='lat' dir='ltr'><strong>DUM.</strong></span> <span class='ocrx_word' id='word_1_30' title='bbox 2061 2916 2173 2977; x_wconf 90' lang='lat' dir='ltr'><strong>DU</strong></span> <span class='ocrx_word' id='word_1_31' title='bbox 2213 2916 2519 2991; x_wconf 80' lang='lat' dir='ltr'><strong>CANGE,</strong></span> 
     </span>
    </p>
   </div>
   <div class='ocr_carea' id='block_1_10' title="bbox 618 3038 2843 3125">
    <p class='ocr_par' dir='ltr' id='par_1_10' title="bbox 618 3038 2843 3125">
     <span class='ocr_line' id='line_1_10' title="bbox 618 3038 2843 3125; baseline 0 -27"><span class='ocrx_word' id='word_1_32' title='bbox 618 3041 801 3125; x_wconf 67' lang='lat' dir='ltr'><strong>REGI</strong></span> <span class='ocrx_word' id='word_1_33' title='bbox 832 3043 874 3099; x_wconf 82' lang='grc' dir='ltr'><em>Α</em></span> <span class='ocrx_word' id='word_1_34' title='bbox 906 3040 1267 3107; x_wconf 83' lang='lat' dir='ltr'><strong>CONSILIIS,</strong></span> <span class='ocrx_word' id='word_1_35' title='bbox 1313 3040 1403 3097; x_wconf 80' lang='lat' dir='ltr'><strong>ET</strong></span> <span class='ocrx_word' id='word_1_36' title='bbox 1442 3040 1771 3098; x_wconf 70' lang='lat' dir='ltr'><strong>FRANCle</strong></span> <span class='ocrx_word' id='word_1_37' title='bbox 1832 3041 2023 3097; x_wconf 78' lang='lat' dir='ltr'><strong>APUD</strong></span> <span class='ocrx_word' id='word_1_38' title='bbox 2060 3041 2415 3098; x_wconf 74' lang='lat' dir='ltr'><strong>AMBIANOS</strong></span> <span class='ocrx_word' id='word_1_39' title='bbox 2453 3038 2843 3111; x_wconf 29' lang='lat' dir='ltr'><strong>QU/ESTORp</strong></span> 
     </span>
    </p>
   </div>
   <div class='ocr_carea' id='block_1_11' title="bbox 141 3180 1736 3244">
    <p class='ocr_par' dir='ltr' id='par_1_11' title="bbox 141 3180 1736 3234">
     <span class='ocr_line' id='line_1_11' title="bbox 141 3180 1736 3234; baseline -0.001 -6"><span class='ocrx_word' id='word_1_40' title='bbox 141 3180 503 3234; x_wconf 66' lang='lat' dir='ltr'><strong>WOLFIANJH</strong></span> <span class='ocrx_word' id='word_1_41' title='bbox 521 3182 900 3233; x_wconf 70' lang='grc' dir='ltr'><strong>ΒΙΠΤΙΟΝΒΙ</strong></span> <span class='ocrx_word' id='word_1_42' title='bbox 929 3182 1064 3232; x_wconf 70' lang='lat' dir='ltr'><strong>CUM</strong></span> <span class='ocrx_word' id='word_1_43' title='bbox 1078 3180 1736 3232; x_wconf 73' lang='lat' dir='ltr'><strong>SCRIPTISCODNIIBU.</strong></span> 
     </span>
    </p>
   </div>
   <div class='ocr_carea' id='block_1_12' title="bbox 1695 3180 3290 3244">
    <p class='ocr_par' dir='ltr' id='par_1_12' title="bbox 1695 3180 3290 3244">
     <span class='ocr_line' id='line_1_12' title="bbox 1695 3180 3290 3244; baseline 0.004 -15"><span class='ocrx_word' id='word_1_44' title='bbox 1695 3181 1766 3229; x_wconf 84' lang='lat' dir='ltr'><strong>US</strong></span> <span class='ocrx_word' id='word_1_45' title='bbox 1783 3180 2147 3240; x_wconf 82' lang='lat' dir='ltr'><strong>CONTULII‘,</strong></span> <span class='ocrx_word' id='word_1_46' title='bbox 2171 3180 2471 3230; x_wconf 70' lang='lat' dir='ltr'><strong>LATINAH</strong></span> <span class='ocrx_word' id='word_1_47' title='bbox 2496 3181 3290 3244; x_wconf 72' lang='lat' dir='ltr'><strong>VERSIONEHRECENSUIT.</strong></span> 
     </span>
    </p>
   </div>
   <div class='ocr_carea' id='block_1_13' title="bbox 1153 3285 2212 3336">
    <p class='ocr_par' dir='ltr' id='par_1_13' title="bbox 1153 3285 2212 3336">
     <span class='ocr_line' id='line_1_13' title="bbox 1153 3285 2212 3336; baseline -0.003 0"><span class='ocrx_word' id='word_1_48' title='bbox 1153 3286 1454 3336; x_wconf 73' lang='grc' dir='ltr'><strong>ΑΝΝΑιΕε</strong></span> <span class='ocrx_word' id='word_1_49' title='bbox 1490 3285 1718 3334; x_wconf 76' lang='grc' dir='ltr'><strong>ΝΟΤΙΞ’</strong></span> <span class='ocrx_word' id='word_1_50' title='bbox 1740 3285 2212 3335; x_wconf 70' lang='grc' dir='ltr'><strong>ιιιιαςτηΑγιτ.</strong></span> 
     </span>
    </p>
   </div>
   <div class='ocr_carea' id='block_1_14' title="bbox 1150 3559 2258 3641">
    <p class='ocr_par' dir='ltr' id='par_1_14' title="bbox 1150 3559 2258 3641">
     <span class='ocr_line' id='line_1_14' title="bbox 1150 3559 2258 3641; baseline 0 -6"><span class='ocrx_word' id='word_1_51' title='bbox 1150 3559 1637 3641; x_wconf 76' lang='lat' dir='ltr'><strong>DUCANGII</strong></span> <span class='ocrx_word' id='word_1_52' title='bbox 1716 3560 2258 3639; x_wconf 73' lang='lat' dir='ltr'><strong>PRIEFATIO.</strong></span> 
     </span>
    </p>
   </div>
   <div class='ocr_carea' id='block_1_15' title="bbox 182 3730 3289 3818">
    <p class='ocr_par' dir='ltr' id='par_1_15' title="bbox 182 3730 3289 3818">
     <span class='ocr_line' id='line_1_15' title="bbox 182 3730 3289 3818; baseline 0.003 -27"><span class='ocrx_word' id='word_1_53' title='bbox 182 3735 337 3793; x_wconf 84' lang='lat' dir='ltr'><strong>Nemo</strong></span> <span class='ocrx_word' id='word_1_54' title='bbox 366 3748 455 3795; x_wconf 86' lang='lat' dir='ltr'><strong>est</strong></span> <span class='ocrx_word' id='word_1_55' title='bbox 497 3747 616 3793; x_wconf 88' lang='lat' dir='ltr'><strong>tum</strong></span> <span class='ocrx_word' id='word_1_56' title='bbox 649 3730 944 3795; x_wconf 49' lang='lat' dir='ltr'><strong>ex&#39;uostris</strong></span> <span class='ocrx_word' id='word_1_57' title='bbox 977 3746 1089 3793; x_wconf 89' lang='lat' dir='ltr'><strong>tum</strong></span> <span class='ocrx_word' id='word_1_58' title='bbox 1141 3740 1305 3795; x_wconf 85' lang='lat' dir='ltr'><strong>etiam</strong></span> <span class='ocrx_word' id='word_1_59' title='bbox 1363 3742 1564 3796; x_wconf 79' lang='lat' dir='ltr'><strong>exteris</strong></span> <span class='ocrx_word' id='word_1_60' title='bbox 1611 3739 1707 3811; x_wconf 85' lang='lat' dir='ltr'><strong>(l),</strong></span> <span class='ocrx_word' id='word_1_61' title='bbox 1735 3741 1824 3809; x_wconf 93' lang='lat' dir='ltr'><strong>qui</strong></span> <span class='ocrx_word' id='word_1_62' title='bbox 1884 3741 2101 3818; x_wconf 55' lang='lat' dir='ltr'><strong>Regiam</strong></span> <span class='ocrx_word' id='word_1_63' title='bbox 2157 3742 2485 3810; x_wconf 85' lang='lat' dir='ltr'><strong>scriptorum</strong></span> <span class='ocrx_word' id='word_1_64' title='bbox 2536 3740 2950 3812; x_wconf 76' lang='lat' dir='ltr'><strong>Byzantinorum</strong></span> <span class='ocrx_word' id='word_1_65' title='bbox 2996 3746 3289 3800; x_wconf 74' lang='lat' dir='ltr'><strong>editionem</strong></span> 
     </span>
    </p>
   </div>
   <div class='ocr_carea' id='block_1_16' title="bbox 124 3828 3285 3901">
    <p class='ocr_par' dir='ltr' id='par_1_16' title="bbox 124 3828 3285 3901">
     <span class='ocr_line' id='line_1_16' title="bbox 124 3828 3285 3901; baseline 0.002 -23"><span class='ocrx_word' id='word_1_66' title='bbox 124 3829 250 3883; x_wconf 76' lang='lat' dir='ltr'><strong>velut</strong></span> <span class='ocrx_word' id='word_1_67' title='bbox 291 3832 559 3886; x_wconf 81' lang='lat' dir='ltr'><strong>eximium</strong></span> <span class='ocrx_word' id='word_1_68' title='bbox 589 3829 806 3886; x_wconf 70' lang='lat' dir='ltr'><strong>Gallica:</strong></span> <span class='ocrx_word' id='word_1_69' title='bbox 840 3830 1255 3901; x_wconf 70' lang='lat' dir='ltr'><strong>magniﬁcentia:</strong></span> <span class='ocrx_word' id='word_1_70' title='bbox 1282 3840 1693 3886; x_wconf 78' lang='lat' dir='ltr'><strong>monumentum</strong></span> <span class='ocrx_word' id='word_1_71' title='bbox 1729 3845 1834 3884; x_wconf 87' lang='lat' dir='ltr'><strong>non</strong></span> <span class='ocrx_word' id='word_1_72' title='bbox 1869 3830 2144 3897; x_wconf 74' lang='lat' dir='ltr'><strong>suspiciat.</strong></span> <span class='ocrx_word' id='word_1_73' title='bbox 2176 3828 2240 3881; x_wconf 84' lang='lat' dir='ltr'><strong>Et</strong></span> <span class='ocrx_word' id='word_1_74' title='bbox 2266 3829 2460 3881; x_wconf 88' lang='lat' dir='ltr'><strong>merito</strong></span> <span class='ocrx_word' id='word_1_75' title='bbox 2478 3843 2604 3883; x_wconf 91' lang='lat' dir='ltr'><strong>sane</strong></span> <span class='ocrx_word' id='word_1_76' title='bbox 2638 3845 2699 3884; x_wconf 89' lang='lat' dir='ltr'><strong>ac</strong></span> <span class='ocrx_word' id='word_1_77' title='bbox 2727 3831 2848 3900; x_wconf 85' lang='lat' dir='ltr'><strong>jure</strong></span> <span class='ocrx_word' id='word_1_78' title='bbox 2873 3833 3096 3900; x_wconf 78' lang='lat' dir='ltr'><strong>Optimo,</strong></span> <span class='ocrx_word' id='word_1_79' title='bbox 3138 3848 3285 3897; x_wconf 88' lang='lat' dir='ltr'><strong>cum,</strong></span> 
     </span>
    </p>
   </div>
   <div class='ocr_carea' id='block_1_17' title="bbox 136 3915 3288 3987">
    <p class='ocr_par' dir='ltr' id='par_1_17' title="bbox 136 3915 3288 3987">
     <span class='ocr_line' id='line_1_17' title="bbox 136 3915 3288 3987; baseline 0.001 -18"><span class='ocrx_word' id='word_1_80' title='bbox 136 3924 482 3987; x_wconf 74' lang='lat' dir='ltr'><strong>praeterquam</strong></span> <span class='ocrx_word' id='word_1_81' title='bbox 507 3918 653 3987; x_wconf 85' lang='lat' dir='ltr'><strong>quod</strong></span> <span class='ocrx_word' id='word_1_82' title='bbox 687 3918 967 3973; x_wconf 79' lang='lat' dir='ltr'><strong>historiam</strong></span> <span class='ocrx_word' id='word_1_83' title='bbox 1008 3919 1189 3971; x_wconf 70' lang='lat' dir='ltr'><strong>minus</strong></span> <span class='ocrx_word' id='word_1_84' title='bbox 1215 3918 1477 3975; x_wconf 78' lang='lat' dir='ltr'><strong>hactenus</strong></span> <span class='ocrx_word' id='word_1_85' title='bbox 1502 3931 1683 3987; x_wconf 75' lang='lat' dir='ltr'><strong>notam</strong></span> <span class='ocrx_word' id='word_1_86' title='bbox 1713 3926 1768 3969; x_wconf 80' lang='lat' dir='ltr'><strong>t‘l</strong></span> <span class='ocrx_word' id='word_1_87' title='bbox 1807 3930 1928 3983; x_wconf 81' lang='lat' dir='ltr'><strong>qua:</strong></span> <span class='ocrx_word' id='word_1_88' title='bbox 1958 3923 2037 3967; x_wconf 94' lang='lat' dir='ltr'><strong>tot</strong></span> <span class='ocrx_word' id='word_1_89' title='bbox 2076 3931 2254 3966; x_wconf 87' lang='lat' dir='ltr'><strong>rerum</strong></span> <span class='ocrx_word' id='word_1_90' title='bbox 2280 3916 2491 3968; x_wconf 81' lang='lat' dir='ltr'><strong>eventis</strong></span> <span class='ocrx_word' id='word_1_91' title='bbox 2526 3915 2783 3980; x_wconf 83' lang='lat' dir='ltr'><strong>varietur,</strong></span> <span class='ocrx_word' id='word_1_92' title='bbox 2821 3918 3152 3985; x_wconf 80' lang='lat' dir='ltr'><strong>Romanique</strong></span> <span class='ocrx_word' id='word_1_93' title='bbox 3184 3919 3288 3971; x_wconf 82' lang='lat' dir='ltr'><strong>im-</strong></span> 
     </span>
    </p>
   </div>
   <div class='ocr_carea' id='block_1_18' title="bbox 122 3998 3291 4075">
    <p class='ocr_par' dir='ltr' id='par_1_18' title="bbox 122 3998 3291 4075">
     <span class='ocr_line' id='line_1_18' title="bbox 122 3998 3291 4075; baseline 0.004 -26"><span class='ocrx_word' id='word_1_94' title='bbox 122 4000 233 4063; x_wconf 85' lang='lat' dir='ltr'><strong>perii</strong></span> <span class='ocrx_word' id='word_1_95' title='bbox 266 4005 531 4057; x_wconf 85' lang='lat' dir='ltr'><strong>universo</strong></span> <span class='ocrx_word' id='word_1_96' title='bbox 581 4018 719 4070; x_wconf 88' lang='lat' dir='ltr'><strong>pene</strong></span> <span class='ocrx_word' id='word_1_97' title='bbox 748 4004 865 4057; x_wconf 86' lang='lat' dir='ltr'><strong>orbi</strong></span> <span class='ocrx_word' id='word_1_98' title='bbox 907 4004 1036 4057; x_wconf 92' lang='lat' dir='ltr'><strong>olim</strong></span> <span class='ocrx_word' id='word_1_99' title='bbox 1084 4002 1415 4065; x_wconf 82' lang='lat' dir='ltr'><strong>dominantis</strong></span> <span class='ocrx_word' id='word_1_100' title='bbox 1458 4016 1654 4055; x_wconf 79' lang='lat' dir='ltr'><strong>causas</strong></span> <span class='ocrx_word' id='word_1_101' title='bbox 1695 3998 2067 4052; x_wconf 84' lang='lat' dir='ltr'><strong>inclinationis</strong></span> <span class='ocrx_word' id='word_1_102' title='bbox 2096 4007 2258 4065; x_wconf 86' lang='lat' dir='ltr'><strong>atque</strong></span> <span class='ocrx_word' id='word_1_103' title='bbox 2301 4000 2472 4051; x_wconf 76' lang='lat' dir='ltr'><strong>ruina:</strong></span> <span class='ocrx_word' id='word_1_104' title='bbox 2500 4000 2572 4053; x_wconf 92' lang='lat' dir='ltr'><strong>ob</strong></span> <span class='ocrx_word' id='word_1_105' title='bbox 2609 4002 2797 4053; x_wconf 92' lang='lat' dir='ltr'><strong>oculos</strong></span> <span class='ocrx_word' id='word_1_106' title='bbox 2824 4012 3108 4070; x_wconf 83' lang='lat' dir='ltr'><strong>proponat,</strong></span> <span class='ocrx_word' id='word_1_107' title='bbox 3153 4007 3291 4075; x_wconf 79' lang='lat' dir='ltr'><strong>typis</strong></span> 
     </span>
    </p>
   </div>
   <div class='ocr_carea' id='block_1_19' title="bbox 127 4082 3290 4165">
    <p class='ocr_par' dir='ltr' id='par_1_19' title="bbox 127 4082 3290 4165">
     <span class='ocr_line' id='line_1_19' title="bbox 127 4082 3290 4165; baseline 0.004 -33"><span class='ocrx_word' id='word_1_108' title='bbox 127 4082 329 4139; x_wconf 87' lang='lat' dir='ltr'><strong>illatam</strong></span> <span class='ocrx_word' id='word_1_109' title='bbox 360 4087 715 4165; x_wconf 61' lang='lat' dir='ltr'><strong>elegantibus</strong></span> <span class='ocrx_word' id='word_1_110' title='bbox 748 4088 1171 4154; x_wconf 83' lang='lat' dir='ltr'><strong>cbartarumque</strong></span> <span class='ocrx_word' id='word_1_111' title='bbox 1220 4086 1595 4155; x_wconf 84' lang='lat' dir='ltr'><strong>magnitudine</strong></span> <span class='ocrx_word' id='word_1_112' title='bbox 1620 4085 1881 4138; x_wconf 88' lang='lat' dir='ltr'><strong>adornata</strong></span> <span class='ocrx_word' id='word_1_113' title='bbox 1925 4084 2036 4137; x_wconf 79' lang='lat' dir='ltr'><strong>exit</strong></span> <span class='ocrx_word' id='word_1_114' title='bbox 2084 4083 2136 4136; x_wconf 90' lang='lat' dir='ltr'><strong>in</strong></span> <span class='ocrx_word' id='word_1_115' title='bbox 2173 4082 2469 4151; x_wconf 88' lang='lat' dir='ltr'><strong>publicum,</strong></span> <span class='ocrx_word' id='word_1_116' title='bbox 2501 4096 2559 4136; x_wconf 90' lang='lat' dir='ltr'><strong>ut</strong></span> <span class='ocrx_word' id='word_1_117' title='bbox 2594 4086 2881 4153; x_wconf 83' lang='lat' dir='ltr'><strong>quamdam</strong></span> <span class='ocrx_word' id='word_1_118' title='bbox 2912 4104 3022 4156; x_wconf 64' lang='lat' dir='ltr'><strong>prie</strong></span> <span class='ocrx_word' id='word_1_119' title='bbox 3064 4106 3121 4144; x_wconf 88' lang='lat' dir='ltr'><strong>se</strong></span> <span class='ocrx_word' id='word_1_120' title='bbox 3156 4093 3290 4147; x_wconf 82' lang='lat' dir='ltr'><strong>ferat</strong></span> 
     </span>
    </p>
   </div>
   <div class='ocr_carea' id='block_1_20' title="bbox 130 4168 3292 4249">
    <p class='ocr_par' dir='ltr' id='par_1_20' title="bbox 130 4168 3292 4249">
     <span class='ocr_line' id='line_1_20' title="bbox 130 4168 3292 4249; baseline 0.003 -28"><span class='ocrx_word' id='word_1_121' title='bbox 130 4173 462 4239; x_wconf 79' lang='lat' dir='ltr'><strong>majestatem,</strong></span> <span class='ocrx_word' id='word_1_122' title='bbox 496 4182 555 4227; x_wconf 90' lang='lat' dir='ltr'><strong>et</strong></span> <span class='ocrx_word' id='word_1_123' title='bbox 589 4181 855 4242; x_wconf 88' lang='lat' dir='ltr'><strong>quotquot</strong></span> <span class='ocrx_word' id='word_1_124' title='bbox 884 4174 1094 4226; x_wconf 86' lang='lat' dir='ltr'><strong>litteras</strong></span> <span class='ocrx_word' id='word_1_125' title='bbox 1125 4181 1309 4249; x_wconf 83' lang='lat' dir='ltr'><strong>amant</strong></span> <span class='ocrx_word' id='word_1_126' title='bbox 1352 4173 1417 4230; x_wconf 88' lang='lat' dir='ltr'><strong>ad</strong></span> <span class='ocrx_word' id='word_1_127' title='bbox 1461 4173 1543 4226; x_wconf 88' lang='lat' dir='ltr'><strong>sui</strong></span> <span class='ocrx_word' id='word_1_128' title='bbox 1579 4172 1868 4226; x_wconf 74' lang='lat' dir='ltr'><strong>lectionem</strong></span> <span class='ocrx_word' id='word_1_129' title='bbox 1900 4168 2297 4238; x_wconf 86' lang='lat' dir='ltr'><strong>quodammodo</strong></span> <span class='ocrx_word' id='word_1_130' title='bbox 2336 4169 2593 4223; x_wconf 82' lang='lat' dir='ltr'><strong>sollicitet</strong></span> <span class='ocrx_word' id='word_1_131' title='bbox 2619 4179 2673 4223; x_wconf 87' lang='lat' dir='ltr'><strong>et</strong></span> <span class='ocrx_word' id='word_1_132' title='bbox 2712 4172 2935 4226; x_wconf 88' lang='lat' dir='ltr'><strong>alliciat.</strong></span> <span class='ocrx_word' id='word_1_133' title='bbox 2965 4174 3034 4227; x_wconf 80' lang='lat' dir='ltr'><strong>At</strong></span> <span class='ocrx_word' id='word_1_134' title='bbox 3061 4192 3181 4229; x_wconf 90' lang='lat' dir='ltr'><strong>cum</strong></span> <span class='ocrx_word' id='word_1_135' title='bbox 3213 4186 3292 4231; x_wconf 91' lang='lat' dir='ltr'><strong>tot</strong></span> 
     </span>
    </p>
   </div>
   <div class='ocr_carea' id='block_1_21' title="bbox 128 4254 3291 4331">
    <p class='ocr_par' dir='ltr' id='par_1_21' title="bbox 128 4254 3291 4331">
     <span class='ocr_line' id='line_1_21' title="bbox 128 4254 3291 4331; baseline 0.004 -26"><span class='ocrx_word' id='word_1_136' title='bbox 128 4254 239 4309; x_wconf 84' lang='lat' dir='ltr'><strong>inter</strong></span> <span class='ocrx_word' id='word_1_137' title='bbox 271 4261 442 4329; x_wconf 81' lang='lat' dir='ltr'><strong>Regio</strong></span> <span class='ocrx_word' id='word_1_138' title='bbox 476 4259 586 4314; x_wconf 87' lang='lat' dir='ltr'><strong>isto</strong></span> <span class='ocrx_word' id='word_1_139' title='bbox 614 4268 875 4331; x_wconf 75' lang='lat' dir='ltr'><strong>apparatu</strong></span> <span class='ocrx_word' id='word_1_140' title='bbox 924 4259 1181 4328; x_wconf 88' lang='lat' dir='ltr'><strong>insignes,</strong></span> <span class='ocrx_word' id='word_1_141' title='bbox 1204 4259 1430 4314; x_wconf 82' lang='lat' dir='ltr'><strong>Joannis</strong></span> <span class='ocrx_word' id='word_1_142' title='bbox 1467 4261 1689 4313; x_wconf 84' lang='lat' dir='ltr'><strong>Zonarae</strong></span> <span class='ocrx_word' id='word_1_143' title='bbox 1720 4258 1954 4311; x_wconf 80' lang='lat' dir='ltr'><strong>Annales</strong></span> <span class='ocrx_word' id='word_1_144' title='bbox 1987 4256 2169 4310; x_wconf 62' lang='lat' dir='ltr'><strong>Graece</strong></span> <span class='ocrx_word' id='word_1_145' title='bbox 2204 4257 2367 4311; x_wconf 87' lang='lat' dir='ltr'><strong>semel</strong></span> <span class='ocrx_word' id='word_1_146' title='bbox 2399 4257 2686 4326; x_wconf 88' lang='lat' dir='ltr'><strong>minusque</strong></span> <span class='ocrx_word' id='word_1_147' title='bbox 2712 4257 2882 4313; x_wconf 81' lang='lat' dir='ltr'><strong>nitide</strong></span> <span class='ocrx_word' id='word_1_148' title='bbox 2910 4261 3199 4331; x_wconf 89' lang='lat' dir='ltr'><strong>impressos</strong></span> <span class='ocrx_word' id='word_1_149' title='bbox 3228 4281 3291 4319; x_wconf 86' lang='lat' dir='ltr'><strong>ac</strong></span> 
     </span>
    </p>
   </div>
   <div class='ocr_carea' id='block_1_22' title="bbox 126 4338 3286 4415">
    <p class='ocr_par' dir='ltr' id='par_1_22' title="bbox 126 4338 3286 4415">
     <span class='ocr_line' id='line_1_22' title="bbox 126 4338 3286 4415; baseline 0.002 -17"><span class='ocrx_word' id='word_1_150' title='bbox 126 4338 164 4393; x_wconf 82' lang='lat' dir='ltr'><strong>in</strong></span> <span class='ocrx_word' id='word_1_151' title='bbox 189 4360 423 4411; x_wconf 57' lang='lat' dir='ltr'><strong>presens</strong></span> <span class='ocrx_word' id='word_1_152' title='bbox 456 4346 699 4400; x_wconf 84' lang='lat' dir='ltr'><strong>rariores</strong></span> <span class='ocrx_word' id='word_1_153' title='bbox 737 4346 981 4415; x_wconf 83' lang='lat' dir='ltr'><strong>plerique</strong></span> <span class='ocrx_word' id='word_1_154' title='bbox 1010 4360 1075 4399; x_wconf 80' lang='lat' dir='ltr'><strong>ex</strong></span> <span class='ocrx_word' id='word_1_155' title='bbox 1107 4345 1339 4399; x_wconf 88' lang='lat' dir='ltr'><strong>eruditis</strong></span> <span class='ocrx_word' id='word_1_156' title='bbox 1364 4344 1659 4401; x_wconf 79' lang='lat' dir='ltr'><strong>desiderari</strong></span> <span class='ocrx_word' id='word_1_157' title='bbox 1703 4345 2063 4407; x_wconf 87' lang='lat' dir='ltr'><strong>monuissent,</strong></span> <span class='ocrx_word' id='word_1_158' title='bbox 2102 4345 2182 4395; x_wconf 85' lang='lat' dir='ltr'><strong>vir</strong></span> <span class='ocrx_word' id='word_1_159' title='bbox 2226 4344 2628 4398; x_wconf 80' lang='lat' dir='ltr'><strong>illustrissimus</strong></span> <span class='ocrx_word' id='word_1_160' title='bbox 2657 4346 2900 4401; x_wconf 83' lang='lat' dir='ltr'><strong>marebio</strong></span> <span class='ocrx_word' id='word_1_161' title='bbox 2940 4350 3006 4403; x_wconf 84' lang='lat' dir='ltr'><strong>de.</strong></span> <span class='ocrx_word' id='word_1_162' title='bbox 3037 4350 3286 4414; x_wconf 86' lang='lat' dir='ltr'><strong>Louvois,</strong></span> 
     </span>
    </p>
   </div>
   <div class='ocr_carea' id='block_1_23' title="bbox 126 4431 3287 4505">
    <p class='ocr_par' dir='ltr' id='par_1_23' title="bbox 126 4431 3287 4505">
     <span class='ocr_line' id='line_1_23' title="bbox 126 4431 3287 4505; baseline 0.002 -25"><span class='ocrx_word' id='word_1_163' title='bbox 126 4431 211 4495; x_wconf 80' lang='lat' dir='ltr'><strong>regi</strong></span> <span class='ocrx_word' id='word_1_164' title='bbox 242 4431 308 4490; x_wconf 88' lang='lat' dir='ltr'><strong>ab</strong></span> <span class='ocrx_word' id='word_1_165' title='bbox 346 4432 573 4485; x_wconf 86' lang='lat' dir='ltr'><strong>intimis</strong></span> <span class='ocrx_word' id='word_1_166' title='bbox 613 4433 858 4485; x_wconf 89' lang='lat' dir='ltr'><strong>consiliis</strong></span> <span class='ocrx_word' id='word_1_167' title='bbox 882 4439 935 4485; x_wconf 88' lang='lat' dir='ltr'><strong>et</strong></span> <span class='ocrx_word' id='word_1_168' title='bbox 979 4432 1227 4494; x_wconf 87' lang='lat' dir='ltr'><strong>secretis,</strong></span> <span class='ocrx_word' id='word_1_169' title='bbox 1261 4433 1417 4501; x_wconf 82' lang='lat' dir='ltr'><strong>cujus</strong></span> <span class='ocrx_word' id='word_1_170' title='bbox 1442 4446 1587 4487; x_wconf 62' lang='lat' dir='ltr'><strong>cura:</strong></span> <span class='ocrx_word' id='word_1_171' title='bbox 1618 4432 1845 4487; x_wconf 65' lang='lat' dir='ltr'><strong>aediﬁcia</strong></span> <span class='ocrx_word' id='word_1_172' title='bbox 1880 4431 2067 4501; x_wconf 80' lang='lat' dir='ltr'><strong>Regia,</strong></span> <span class='ocrx_word' id='word_1_173' title='bbox 2111 4442 2275 4494; x_wconf 89' lang='lat' dir='ltr'><strong>artes,</strong></span> <span class='ocrx_word' id='word_1_174' title='bbox 2315 4432 2536 4500; x_wconf 89' lang='lat' dir='ltr'><strong>ipsaque</strong></span> <span class='ocrx_word' id='word_1_175' title='bbox 2584 4436 2931 4503; x_wconf 70' lang='lat' dir='ltr'><strong>typographia</strong></span> <span class='ocrx_word' id='word_1_176' title='bbox 2971 4437 3131 4505; x_wconf 79' lang='lat' dir='ltr'><strong>Regia</strong></span> <span class='ocrx_word' id='word_1_177' title='bbox 3165 4453 3287 4504; x_wconf 88' lang='lat' dir='ltr'><strong>per-</strong></span> 
     </span>
    </p>
   </div>
   <div class='ocr_carea' id='block_1_24' title="bbox 124 4513 3289 4592">
    <p class='ocr_par' dir='ltr' id='par_1_24' title="bbox 124 4513 3289 4592">
     <span class='ocr_line' id='line_1_24' title="bbox 124 4513 3289 4592; baseline 0.002 -23"><span class='ocrx_word' id='word_1_178' title='bbox 124 4513 257 4568; x_wconf 83' lang='lat' dir='ltr'><strong>missa</strong></span> <span class='ocrx_word' id='word_1_179' title='bbox 286 4528 440 4583; x_wconf 85' lang='lat' dir='ltr'><strong>sunt,</strong></span> <span class='ocrx_word' id='word_1_180' title='bbox 477 4518 537 4570; x_wconf 87' lang='lat' dir='ltr'><strong>in</strong></span> <span class='ocrx_word' id='word_1_181' title='bbox 574 4518 711 4571; x_wconf 84' lang='lat' dir='ltr'><strong>idem</strong></span> <span class='ocrx_word' id='word_1_182' title='bbox 744 4518 907 4573; x_wconf 88' lang='lat' dir='ltr'><strong>etiam</strong></span> <span class='ocrx_word' id='word_1_183' title='bbox 942 4518 1230 4571; x_wconf 90' lang='lat' dir='ltr'><strong>consilium</strong></span> <span class='ocrx_word' id='word_1_184' title='bbox 1263 4518 1607 4587; x_wconf 85' lang='lat' dir='ltr'><strong>conspirante</strong></span> <span class='ocrx_word' id='word_1_185' title='bbox 1647 4518 2013 4571; x_wconf 88' lang='lat' dir='ltr'><strong>illustrissimo</strong></span> <span class='ocrx_word' id='word_1_186' title='bbox 2045 4518 2211 4571; x_wconf 73' lang='lat' dir='ltr'><strong>fratre</strong></span> <span class='ocrx_word' id='word_1_187' title='bbox 2254 4518 2664 4587; x_wconf 84' lang='lat' dir='ltr'><strong>archiepiscopo</strong></span> <span class='ocrx_word' id='word_1_188' title='bbox 2690 4521 2976 4574; x_wconf 81' lang='lat' dir='ltr'><strong>Rbemensi</strong></span> <span class='ocrx_word' id='word_1_189' title='bbox 3014 4538 3074 4574; x_wconf 89' lang='lat' dir='ltr'><strong>ac</strong></span> <span class='ocrx_word' id='word_1_190' title='bbox 3114 4523 3289 4592; x_wconf 90' lang='lat' dir='ltr'><strong>primo</strong></span> 
     </span>
    </p>
   </div>
   <div class='ocr_carea' id='block_1_25' title="bbox 123 4598 3291 4675">
    <p class='ocr_par' dir='ltr' id='par_1_25' title="bbox 123 4598 3291 4675">
     <span class='ocr_line' id='line_1_25' title="bbox 123 4598 3291 4675; baseline 0.004 -27"><span class='ocrx_word' id='word_1_191' title='bbox 123 4598 331 4656; x_wconf 77' lang='lat' dir='ltr'><strong>Francia:</strong></span> <span class='ocrx_word' id='word_1_192' title='bbox 355 4604 506 4672; x_wconf 85' lang='lat' dir='ltr'><strong>pari,</strong></span> <span class='ocrx_word' id='word_1_193' title='bbox 542 4618 639 4670; x_wconf 93' lang='lat' dir='ltr'><strong>pro</strong></span> <span class='ocrx_word' id='word_1_194' title='bbox 670 4604 855 4657; x_wconf 91' lang='lat' dir='ltr'><strong>innato</strong></span> <span class='ocrx_word' id='word_1_195' title='bbox 886 4620 991 4657; x_wconf 91' lang='lat' dir='ltr'><strong>non</strong></span> <span class='ocrx_word' id='word_1_196' title='bbox 1031 4603 1235 4673; x_wconf 83' lang='lat' dir='ltr'><strong>vulgari</strong></span> <span class='ocrx_word' id='word_1_197' title='bbox 1265 4620 1389 4673; x_wconf 84' lang='lat' dir='ltr'><strong>erga</strong></span> <span class='ocrx_word' id='word_1_198' title='bbox 1420 4604 1630 4660; x_wconf 85' lang='lat' dir='ltr'><strong>litteras</strong></span> <span class='ocrx_word' id='word_1_199' title='bbox 1658 4603 1852 4657; x_wconf 78' lang='lat' dir='ltr'><strong>all‘ectu</strong></span> <span class='ocrx_word' id='word_1_200' title='bbox 1884 4613 1941 4657; x_wconf 88' lang='lat' dir='ltr'><strong>ut</strong></span> <span class='ocrx_word' id='word_1_201' title='bbox 1968 4612 2155 4657; x_wconf 90' lang='lat' dir='ltr'><strong>auctor</strong></span> <span class='ocrx_word' id='word_1_202' title='bbox 2183 4603 2346 4672; x_wconf 86' lang='lat' dir='ltr'><strong>Regia</strong></span> <span class='ocrx_word' id='word_1_203' title='bbox 2376 4603 2615 4657; x_wconf 84' lang='lat' dir='ltr'><strong>editione</strong></span> <span class='ocrx_word' id='word_1_204' title='bbox 2660 4606 3007 4675; x_wconf 78' lang='lat' dir='ltr'><strong>dignissimus</strong></span> <span class='ocrx_word' id='word_1_205' title='bbox 3036 4608 3291 4662; x_wconf 77' lang='lat' dir='ltr'><strong>ederetur</strong></span> 
     </span>
    </p>
   </div>
   <div class='ocr_carea' id='block_1_26' title="bbox 123 4689 3291 4760">
    <p class='ocr_par' dir='ltr' id='par_1_26' title="bbox 123 4689 3291 4760">
     <span class='ocr_line' id='line_1_26' title="bbox 123 4689 3291 4760; baseline 0.002 -21"><span class='ocrx_word' id='word_1_206' title='bbox 123 4690 359 4755; x_wconf 79' lang='lat' dir='ltr'><strong>optimum</strong></span> <span class='ocrx_word' id='word_1_207' title='bbox 389 4690 601 4744; x_wconf 81' lang='lat' dir='ltr'><strong>factum</strong></span> <span class='ocrx_word' id='word_1_208' title='bbox 636 4690 809 4744; x_wconf 87' lang='lat' dir='ltr'><strong>videri</strong></span> <span class='ocrx_word' id='word_1_209' title='bbox 858 4691 961 4744; x_wconf 83' lang='lat' dir='ltr'><strong>sibi</strong></span> <span class='ocrx_word' id='word_1_210' title='bbox 1005 4691 1348 4760; x_wconf 81' lang='lat' dir='ltr'><strong>signiﬁcavit.</strong></span> <span class='ocrx_word' id='word_1_211' title='bbox 1392 4691 1565 4747; x_wconf 88' lang='lat' dir='ltr'><strong>Hacce</strong></span> <span class='ocrx_word' id='word_1_212' title='bbox 1610 4690 1743 4744; x_wconf 86' lang='lat' dir='ltr'><strong>mihi</strong></span> <span class='ocrx_word' id='word_1_213' title='bbox 1778 4690 1975 4745; x_wconf 87' lang='lat' dir='ltr'><strong>deinde</strong></span> <span class='ocrx_word' id='word_1_214' title='bbox 2012 4689 2337 4743; x_wconf 85' lang='lat' dir='ltr'><strong>demandata</strong></span> <span class='ocrx_word' id='word_1_215' title='bbox 2383 4690 2684 4758; x_wconf 77' lang='lat' dir='ltr'><strong>provincia,</strong></span> <span class='ocrx_word' id='word_1_216' title='bbox 2727 4709 2829 4759; x_wconf 86' lang='lat' dir='ltr'><strong>qua</strong></span> <span class='ocrx_word' id='word_1_217' title='bbox 2864 4693 3129 4745; x_wconf 77' lang='lat' dir='ltr'><strong>doctiores</strong></span> <span class='ocrx_word' id='word_1_218' title='bbox 3162 4696 3291 4747; x_wconf 78' lang='lat' dir='ltr'><strong>alios</strong></span> 
     </span>
    </p>
   </div>
   <div class='ocr_carea' id='block_1_27' title="bbox 123 4774 3287 4850">
    <p class='ocr_par' dir='ltr' id='par_1_27' title="bbox 123 4774 3287 4850">
     <span class='ocr_line' id='line_1_27' title="bbox 123 4774 3287 4850; baseline 0.004 -26"><span class='ocrx_word' id='word_1_219' title='bbox 123 4774 253 4845; x_wconf 75' lang='lat' dir='ltr'><strong>longe</strong></span> <span class='ocrx_word' id='word_1_220' title='bbox 278 4779 483 4832; x_wconf 88' lang='lat' dir='ltr'><strong>melius</strong></span> <span class='ocrx_word' id='word_1_221' title='bbox 517 4776 873 4830; x_wconf 80' lang='lat' dir='ltr'><strong>deluncturos</strong></span> <span class='ocrx_word' id='word_1_222' title='bbox 910 4777 1036 4831; x_wconf 90' lang='lat' dir='ltr'><strong>licet</strong></span> <span class='ocrx_word' id='word_1_223' title='bbox 1070 4777 1293 4830; x_wconf 89' lang='lat' dir='ltr'><strong>minime</strong></span> <span class='ocrx_word' id='word_1_224' title='bbox 1332 4778 1597 4843; x_wconf 79' lang='lat' dir='ltr'><strong>dubitem,</strong></span> <span class='ocrx_word' id='word_1_225' title='bbox 1624 4795 1844 4831; x_wconf 89' lang='lat' dir='ltr'><strong>manum</strong></span> <span class='ocrx_word' id='word_1_226' title='bbox 1867 4780 2067 4847; x_wconf 46' lang='lat' dir='ltr'><strong>\statim</strong></span> <span class='ocrx_word' id='word_1_227' title='bbox 2112 4780 2348 4840; x_wconf 88' lang='lat' dir='ltr'><strong>admovi,</strong></span> <span class='ocrx_word' id='word_1_228' title='bbox 2411 4780 2628 4833; x_wconf 85' lang='lat' dir='ltr'><strong>codices</strong></span> <span class='ocrx_word' id='word_1_229' title='bbox 2656 4791 2866 4835; x_wconf 81' lang='lat' dir='ltr'><strong>veteres</strong></span> <span class='ocrx_word' id='word_1_230' title='bbox 2897 4794 3157 4849; x_wconf 88' lang='lat' dir='ltr'><strong>quantum</strong></span> <span class='ocrx_word' id='word_1_231' title='bbox 3192 4801 3287 4850; x_wconf 77' lang='lat' dir='ltr'><strong>per</strong></span> 
     </span>
    </p>
   </div>
   <div class='ocr_carea' id='block_1_28' title="bbox 124 4863 3289 4935">
    <p class='ocr_par' dir='ltr' id='par_1_28' title="bbox 124 4863 3289 4935">
     <span class='ocr_line' id='line_1_28' title="bbox 124 4863 3289 4935; baseline 0.003 -23"><span class='ocrx_word' id='word_1_232' title='bbox 124 4867 309 4931; x_wconf 64' lang='lat' dir='ltr'><strong>tempus</strong></span> <span class='ocrx_word' id='word_1_233' title='bbox 337 4864 511 4919; x_wconf 83' lang='lat' dir='ltr'><strong>licuit</strong></span> <span class='ocrx_word' id='word_1_234' title='bbox 544 4863 735 4932; x_wconf 86' lang='lat' dir='ltr'><strong>collegi</strong></span> <span class='ocrx_word' id='word_1_235' title='bbox 769 4864 1086 4932; x_wconf 79' lang='lat' dir='ltr'><strong>etcontuli,</strong></span> <span class='ocrx_word' id='word_1_236' title='bbox 1120 4872 1386 4931; x_wconf 87' lang='lat' dir='ltr'><strong>notasque</strong></span> <span class='ocrx_word' id='word_1_237' title='bbox 1420 4865 1592 4933; x_wconf 80' lang='lat' dir='ltr'><strong>adjeci</strong></span> <span class='ocrx_word' id='word_1_238' title='bbox 1627 4883 1639 4917; x_wconf 90' lang='lat'><strong>:</strong></span> <span class='ocrx_word' id='word_1_239' title='bbox 1671 4866 1817 4934; x_wconf 81' lang='lat' dir='ltr'><strong>quod</strong></span> <span class='ocrx_word' id='word_1_240' title='bbox 1847 4865 2220 4933; x_wconf 83' lang='lat' dir='ltr'><strong>qualecunque</strong></span> <span class='ocrx_word' id='word_1_241' title='bbox 2245 4874 2347 4926; x_wconf 87' lang='lat' dir='ltr'><strong>est,</strong></span> <span class='ocrx_word' id='word_1_242' title='bbox 2377 4866 2516 4934; x_wconf 64' lang='lat' dir='ltr'><strong>mqui</strong></span> <span class='ocrx_word' id='word_1_243' title='bbox 2547 4865 2781 4935; x_wconf 88' lang='lat' dir='ltr'><strong>bonique</strong></span> <span class='ocrx_word' id='word_1_244' title='bbox 2826 4869 3168 4922; x_wconf 79' lang='lat' dir='ltr'><strong>consulturos</strong></span> <span class='ocrx_word' id='word_1_245' title='bbox 3194 4870 3289 4923; x_wconf 88' lang='lat' dir='ltr'><strong>bc-</strong></span> 
     </span>
    </p>
   </div>
   <div class='ocr_carea' id='block_1_29' title="bbox 123 4948 1115 5014">
    <p class='ocr_par' dir='ltr' id='par_1_29' title="bbox 123 4948 1115 5014">
     <span class='ocr_line' id='line_1_29' title="bbox 123 4948 1115 5014; baseline 0.009 -18"><span class='ocrx_word' id='word_1_246' title='bbox 123 4948 287 5014; x_wconf 76' lang='lat' dir='ltr'><strong>uignos</strong></span> <span class='ocrx_word' id='word_1_247' title='bbox 314 4951 567 5006; x_wconf 81' lang='lat' dir='ltr'><strong>lectores</strong></span> <span class='ocrx_word' id='word_1_248' title='bbox 592 4949 826 5005; x_wconf 80' lang='lat' dir='ltr'><strong>conﬁdo.</strong></span> <span class='ocrx_word' id='word_1_249' title='bbox 1110 4956 1115 4961; x_wconf 78' lang='grc'><strong><em>“</em></strong></span> 
     </span>
    </p>
   </div>
   <div class='ocr_carea' id='block_1_30' title="bbox 175 5039 3289 5120">
    <p class='ocr_par' dir='ltr' id='par_1_30' title="bbox 175 5039 3289 5120">
     <span class='ocr_line' id='line_1_30' title="bbox 175 5039 3289 5120; baseline 0.004 -29"><span class='ocrx_word' id='word_1_250' title='bbox 175 5039 464 5098; x_wconf 80' lang='lat' dir='ltr'><strong>Enimvero</strong></span> <span class='ocrx_word' id='word_1_251' title='bbox 500 5052 563 5097; x_wconf 87' lang='lat' dir='ltr'><strong>ut</strong></span> <span class='ocrx_word' id='word_1_252' title='bbox 588 5043 656 5099; x_wconf 92' lang='lat' dir='ltr'><strong>de</strong></span> <span class='ocrx_word' id='word_1_253' title='bbox 682 5044 831 5099; x_wconf 81' lang='lat' dir='ltr'><strong>hisce</strong></span> <span class='ocrx_word' id='word_1_254' title='bbox 869 5042 959 5112; x_wconf 90' lang='lat' dir='ltr'><strong>qui</strong></span> <span class='ocrx_word' id='word_1_255' title='bbox 992 5059 1142 5097; x_wconf 90' lang='lat' dir='ltr'><strong>nunc</strong></span> <span class='ocrx_word' id='word_1_256' title='bbox 1174 5042 1441 5113; x_wconf 90' lang='lat' dir='ltr'><strong>prodeunt</strong></span> <span class='ocrx_word' id='word_1_257' title='bbox 1471 5042 1771 5097; x_wconf 77' lang='lat' dir='ltr'><strong>Annalibus</strong></span> <span class='ocrx_word' id='word_1_258' title='bbox 1810 5058 1873 5097; x_wconf 89' lang='lat' dir='ltr'><strong>ac</strong></span> <span class='ocrx_word' id='word_1_259' title='bbox 1912 5043 1978 5097; x_wconf 90' lang='lat' dir='ltr'><strong>de</strong></span> <span class='ocrx_word' id='word_1_260' title='bbox 2010 5059 2200 5098; x_wconf 85' lang='lat' dir='ltr'><strong>eorum</strong></span> <span class='ocrx_word' id='word_1_261' title='bbox 2231 5059 2452 5105; x_wconf 90' lang='lat' dir='ltr'><strong>auctore</strong></span> <span class='ocrx_word' id='word_1_262' title='bbox 2477 5052 2683 5105; x_wconf 86' lang='lat' dir='ltr'><strong>Zonara</strong></span> <span class='ocrx_word' id='word_1_263' title='bbox 2713 5051 2955 5120; x_wconf 69' lang='lat' dir='ltr'><strong>quredam</strong></span> <span class='ocrx_word' id='word_1_264' title='bbox 2996 5052 3289 5119; x_wconf 72' lang='lat' dir='ltr'><strong>praemitta-</strong></span> 
     </span>
    </p>
   </div>
   <div class='ocr_carea' id='block_1_31' title="bbox 122 5129 3292 5206">
    <p class='ocr_par' dir='ltr' id='par_1_31' title="bbox 122 5129 3292 5206">
     <span class='ocr_line' id='line_1_31' title="bbox 122 5129 3292 5206; baseline 0.005 -28"><span class='ocrx_word' id='word_1_265' title='bbox 122 5136 240 5189; x_wconf 89' lang='lat' dir='ltr'><strong>mus,</strong></span> <span class='ocrx_word' id='word_1_266' title='bbox 270 5131 373 5184; x_wconf 87' lang='lat' dir='ltr'><strong>hos</strong></span> <span class='ocrx_word' id='word_1_267' title='bbox 412 5133 722 5185; x_wconf 62' lang='lat' dir='ltr'><strong>praesertim</strong></span> <span class='ocrx_word' id='word_1_268' title='bbox 765 5130 1109 5185; x_wconf 86' lang='lat' dir='ltr'><strong>commendat</strong></span> <span class='ocrx_word' id='word_1_269' title='bbox 1137 5130 1417 5199; x_wconf 88' lang='lat' dir='ltr'><strong>scriptoris</strong></span> <span class='ocrx_word' id='word_1_270' title='bbox 1445 5129 1705 5203; x_wconf 83' lang='lat' dir='ltr'><strong>eruditio,</strong></span> <span class='ocrx_word' id='word_1_271' title='bbox 1740 5146 1861 5199; x_wconf 76' lang='lat' dir='ltr'><strong>qua:</strong></span> <span class='ocrx_word' id='word_1_272' title='bbox 1894 5146 2001 5183; x_wconf 89' lang='lat' dir='ltr'><strong>non</strong></span> <span class='ocrx_word' id='word_1_273' title='bbox 2042 5146 2107 5184; x_wconf 82' lang='lat' dir='ltr'><strong>ex</strong></span> <span class='ocrx_word' id='word_1_274' title='bbox 2155 5132 2221 5187; x_wconf 89' lang='lat' dir='ltr'><strong>iis</strong></span> <span class='ocrx_word' id='word_1_275' title='bbox 2250 5136 2412 5189; x_wconf 88' lang='lat' dir='ltr'><strong>modo</strong></span> <span class='ocrx_word' id='word_1_276' title='bbox 2451 5138 2628 5206; x_wconf 89' lang='lat' dir='ltr'><strong>colligi</strong></span> <span class='ocrx_word' id='word_1_277' title='bbox 2667 5130 2863 5206; x_wconf 82' lang='lat' dir='ltr'><strong>potest,</strong></span> <span class='ocrx_word' id='word_1_278' title='bbox 2900 5136 2991 5190; x_wconf 90' lang='lat' dir='ltr'><strong>sed</strong></span> <span class='ocrx_word' id='word_1_279' title='bbox 3033 5139 3193 5191; x_wconf 82' lang='lat' dir='ltr'><strong>etiam</strong></span> <span class='ocrx_word' id='word_1_280' title='bbox 3226 5156 3292 5193; x_wconf 73' lang='lat' dir='ltr'><strong>ex</strong></span> 
     </span>
    </p>
   </div>
   <div class='ocr_carea' id='block_1_32' title="bbox 122 5213 3289 5293">
    <p class='ocr_par' dir='ltr' id='par_1_32' title="bbox 122 5213 3289 5293">
     <span class='ocr_line' id='line_1_32' title="bbox 122 5213 3289 5293; baseline 0.005 -31"><span class='ocrx_word' id='word_1_281' title='bbox 122 5213 223 5267; x_wconf 80' lang='lat' dir='ltr'><strong>aliis</strong></span> <span class='ocrx_word' id='word_1_282' title='bbox 244 5232 405 5284; x_wconf 81' lang='lat' dir='ltr'><strong>quam</strong></span> <span class='ocrx_word' id='word_1_283' title='bbox 443 5219 707 5287; x_wconf 84' lang='lat' dir='ltr'><strong>plurimis</strong></span> <span class='ocrx_word' id='word_1_284' title='bbox 752 5218 1031 5290; x_wconf 88' lang='lat' dir='ltr'><strong>operibus,</strong></span> <span class='ocrx_word' id='word_1_285' title='bbox 1060 5233 1292 5286; x_wconf 87' lang='lat' dir='ltr'><strong>quorum</strong></span> <span class='ocrx_word' id='word_1_286' title='bbox 1325 5218 1557 5272; x_wconf 87' lang='lat' dir='ltr'><strong>indicem</strong></span> <span class='ocrx_word' id='word_1_287' title='bbox 1590 5217 1783 5271; x_wconf 81' lang='lat' dir='ltr'><strong>huicce</strong></span> <span class='ocrx_word' id='word_1_288' title='bbox 1828 5216 2134 5270; x_wconf 77' lang='lat' dir='ltr'><strong>Praefationi</strong></span> <span class='ocrx_word' id='word_1_289' title='bbox 2170 5220 2517 5289; x_wconf 73' lang='lat' dir='ltr'><strong>subiicimus;</strong></span> <span class='ocrx_word' id='word_1_290' title='bbox 2548 5223 2602 5277; x_wconf 89' lang='lat' dir='ltr'><strong>in</strong></span> <span class='ocrx_word' id='word_1_291' title='bbox 2644 5224 2840 5292; x_wconf 87' lang='lat' dir='ltr'><strong>quibus</strong></span> <span class='ocrx_word' id='word_1_292' title='bbox 2884 5240 3059 5293; x_wconf 89' lang='lat' dir='ltr'><strong>neque</strong></span> <span class='ocrx_word' id='word_1_293' title='bbox 3108 5241 3289 5279; x_wconf 85' lang='lat' dir='ltr'><strong>rerum</strong></span> 
     </span>
    </p>
   </div>
   <div class='ocr_carea' id='block_1_33' title="bbox 119 5302 3293 5375">
    <p class='ocr_par' dir='ltr' id='par_1_33' title="bbox 119 5302 3293 5375">
     <span class='ocr_line' id='line_1_33' title="bbox 119 5302 3293 5375; baseline 0.004 -24"><span class='ocrx_word' id='word_1_294' title='bbox 119 5302 311 5367; x_wconf 74' lang='lat' dir='ltr'><strong>cognitu</strong></span> <span class='ocrx_word' id='word_1_295' title='bbox 342 5321 468 5357; x_wconf 46' lang='lat' dir='ltr'><strong>sem</strong></span> <span class='ocrx_word' id='word_1_296' title='bbox 505 5320 685 5370; x_wconf 85' lang='lat' dir='ltr'><strong>neque</strong></span> <span class='ocrx_word' id='word_1_297' title='bbox 714 5320 837 5359; x_wconf 85' lang='lat' dir='ltr'><strong>acre</strong></span> <span class='ocrx_word' id='word_1_298' title='bbox 872 5304 951 5358; x_wconf 87' lang='lat' dir='ltr'><strong>vel</strong></span> <span class='ocrx_word' id='word_1_299' title='bbox 986 5304 1219 5365; x_wconf 90' lang='lat' dir='ltr'><strong>solidum</strong></span> <span class='ocrx_word' id='word_1_300' title='bbox 1256 5305 1523 5373; x_wconf 80' lang='lat' dir='ltr'><strong>judicium</strong></span> <span class='ocrx_word' id='word_1_301' title='bbox 1558 5313 1751 5359; x_wconf 86' lang='lat' dir='ltr'><strong>utnec</strong></span> <span class='ocrx_word' id='word_1_302' title='bbox 1781 5303 2032 5373; x_wconf 87' lang='lat' dir='ltr'><strong>pietatem</strong></span> <span class='ocrx_word' id='word_1_303' title='bbox 2062 5305 2331 5373; x_wconf 87' lang='lat' dir='ltr'><strong>quispiam</strong></span> <span class='ocrx_word' id='word_1_304' title='bbox 2362 5307 2654 5364; x_wconf 86' lang='lat' dir='ltr'><strong>desideret.</strong></span> <span class='ocrx_word' id='word_1_305' title='bbox 2692 5310 2831 5375; x_wconf 85' lang='lat' dir='ltr'><strong>Quin</strong></span> <span class='ocrx_word' id='word_1_306' title='bbox 2862 5312 3022 5365; x_wconf 89' lang='lat' dir='ltr'><strong>etiam</strong></span> <span class='ocrx_word' id='word_1_307' title='bbox 3058 5313 3100 5367; x_wconf 91' lang='lat' dir='ltr'><strong>si</strong></span> <span class='ocrx_word' id='word_1_308' title='bbox 3144 5324 3293 5367; x_wconf 86' lang='lat' dir='ltr'><strong>nata-</strong></span> 
     </span>
    </p>
   </div>
   <div class='ocr_carea' id='block_1_34' title="bbox 122 5388 3292 5468">
    <p class='ocr_par' dir='ltr' id='par_1_34' title="bbox 122 5388 3292 5468">
     <span class='ocr_line' id='line_1_34' title="bbox 122 5388 3292 5468; baseline 0.005 -32"><span class='ocrx_word' id='word_1_309' title='bbox 122 5388 230 5441; x_wconf 85' lang='lat' dir='ltr'><strong>lium</strong></span> <span class='ocrx_word' id='word_1_310' title='bbox 259 5392 537 5459; x_wconf 63' lang='lat' dir='ltr'><strong>sPtendor</strong></span> <span class='ocrx_word' id='word_1_311' title='bbox 566 5394 809 5462; x_wconf 82' lang='lat' dir='ltr'><strong>gestique</strong></span> <span class='ocrx_word' id='word_1_312' title='bbox 854 5393 905 5447; x_wconf 90' lang='lat' dir='ltr'><strong>in</strong></span> <span class='ocrx_word' id='word_1_313' title='bbox 952 5394 1337 5462; x_wconf 84' lang='lat' dir='ltr'><strong>imperatorum</strong></span> <span class='ocrx_word' id='word_1_314' title='bbox 1364 5393 1579 5461; x_wconf 87' lang='lat' dir='ltr'><strong>palatiis</strong></span> <span class='ocrx_word' id='word_1_315' title='bbox 1612 5391 1954 5462; x_wconf 77' lang='lat' dir='ltr'><strong>magistratus</strong></span> <span class='ocrx_word' id='word_1_316' title='bbox 1982 5390 2438 5449; x_wconf 78' lang='lat' dir='ltr'><strong>existimationem</strong></span> <span class='ocrx_word' id='word_1_317' title='bbox 2470 5398 2701 5467; x_wconf 85' lang='lat' dir='ltr'><strong>aliquam</strong></span> <span class='ocrx_word' id='word_1_318' title='bbox 2730 5400 2978 5468; x_wconf 88' lang='lat' dir='ltr'><strong>scriptori</strong></span> <span class='ocrx_word' id='word_1_319' title='bbox 3006 5401 3292 5453; x_wconf 87' lang='lat' dir='ltr'><strong>conciliare</strong></span> 
     </span>
    </p>
   </div>
   <div class='ocr_carea' id='block_1_35' title="bbox 121 5476 3293 5557">
    <p class='ocr_par' dir='ltr' id='par_1_35' title="bbox 121 5476 3293 5557">
     <span class='ocr_line' id='line_1_35' title="bbox 121 5476 3293 5557; baseline 0.002 -26"><span class='ocrx_word' id='word_1_320' title='bbox 121 5489 340 5543; x_wconf 78' lang='lat' dir='ltr'><strong>possunt,</strong></span> <span class='ocrx_word' id='word_1_321' title='bbox 370 5476 534 5547; x_wconf 80' lang='lat' dir='ltr'><strong>quod</strong></span> <span class='ocrx_word' id='word_1_322' title='bbox 557 5492 717 5532; x_wconf 86' lang='lat' dir='ltr'><strong>nemo</strong></span> <span class='ocrx_word' id='word_1_323' title='bbox 746 5479 884 5534; x_wconf 78' lang='lat' dir='ltr'><strong>forte</strong></span> <span class='ocrx_word' id='word_1_324' title='bbox 909 5481 962 5534; x_wconf 91' lang='lat' dir='ltr'><strong>in</strong></span> <span class='ocrx_word' id='word_1_325' title='bbox 993 5479 1219 5534; x_wconf 90' lang='lat' dir='ltr'><strong>dubium</strong></span> <span class='ocrx_word' id='word_1_326' title='bbox 1251 5481 1609 5555; x_wconf 83' lang='lat' dir='ltr'><strong>revocaverit,</strong></span> <span class='ocrx_word' id='word_1_327' title='bbox 1638 5479 1705 5535; x_wconf 87' lang='lat' dir='ltr'><strong>de</strong></span> <span class='ocrx_word' id='word_1_328' title='bbox 1745 5481 1839 5535; x_wconf 90' lang='lat' dir='ltr'><strong>illo</strong></span> <span class='ocrx_word' id='word_1_329' title='bbox 1864 5481 2133 5550; x_wconf 76' lang='lat' dir='ltr'><strong>praecipue</strong></span> <span class='ocrx_word' id='word_1_330' title='bbox 2166 5483 2257 5552; x_wconf 88' lang='lat' dir='ltr'><strong>qui</strong></span> <span class='ocrx_word' id='word_1_331' title='bbox 2288 5484 2353 5537; x_wconf 89' lang='lat' dir='ltr'><strong>de</strong></span> <span class='ocrx_word' id='word_1_332' title='bbox 2388 5487 2552 5541; x_wconf 87' lang='lat' dir='ltr'><strong>rebus</strong></span> <span class='ocrx_word' id='word_1_333' title='bbox 2582 5488 2837 5556; x_wconf 86' lang='lat' dir='ltr'><strong>politicis,</strong></span> <span class='ocrx_word' id='word_1_334' title='bbox 2865 5489 2917 5542; x_wconf 92' lang='lat' dir='ltr'><strong>in</strong></span> <span class='ocrx_word' id='word_1_335' title='bbox 2952 5489 3146 5557; x_wconf 85' lang='lat' dir='ltr'><strong>quibus</strong></span> <span class='ocrx_word' id='word_1_336' title='bbox 3176 5504 3293 5539; x_wconf 86' lang='lat' dir='ltr'><strong>ver-</strong></span> 
     </span>
    </p>
   </div>
   <div class='ocr_carea' id='block_1_36' title="bbox 173 5649 1904 5726">
    <p class='ocr_par' dir='ltr' id='par_1_36' title="bbox 173 5649 1904 5726">
     <span class='ocr_line' id='line_1_36' title="bbox 173 5649 1904 5726; baseline 0.003 -22"><span class='ocrx_word' id='word_1_337' title='bbox 173 5653 239 5724; x_wconf 73' lang='grc' dir='ltr'><strong>(ί)</strong></span> <span class='ocrx_word' id='word_1_338' title='bbox 270 5652 431 5707; x_wconf 74' lang='lat' dir='ltr'><strong>Mart.</strong></span> <span class='ocrx_word' id='word_1_339' title='bbox 478 5649 726 5704; x_wconf 81' lang='lat' dir='ltr'><strong>ﬂankius</strong></span> <span class='ocrx_word' id='word_1_340' title='bbox 760 5650 807 5709; x_wconf 80' lang='lat' dir='ltr'><strong>it.</strong></span> <span class='ocrx_word' id='word_1_341' title='bbox 884 5652 1075 5711; x_wconf 46' lang='lat' dir='ltr'><strong>.ra‘l‘at.</strong></span> <span class='ocrx_word' id='word_1_342' title='bbox 1108 5652 1175 5707; x_wconf 86' lang='lat' dir='ltr'><strong>ad</strong></span> <span class='ocrx_word' id='word_1_343' title='bbox 1222 5653 1318 5709; x_wconf 86' lang='lat' dir='ltr'><strong>lib.</strong></span> <span class='ocrx_word' id='word_1_344' title='bbox 1364 5653 1437 5707; x_wconf 84' lang='lat' dir='ltr'><strong>De</strong></span> <span class='ocrx_word' id='word_1_345' title='bbox 1477 5655 1655 5723; x_wconf 72' lang='lat' dir='ltr'><strong>script.</strong></span> <span class='ocrx_word' id='word_1_346' title='bbox 1683 5654 1904 5726; x_wconf 72' lang='lat' dir='ltr'><strong>Byzaul.</strong></span> 
     </span>
    </p>
   </div>
   <div class='ocr_carea' id='block_1_37' title="bbox 408 5745 2003 5810">
    <p class='ocr_par' dir='ltr' id='par_1_37' title="bbox 408 5745 1209 5808">
     <span class='ocr_line' id='line_1_37' title="bbox 408 5745 1209 5808; baseline 0.006 -5"><span class='ocrx_word' id='word_1_347' title='bbox 408 5745 692 5803; x_wconf 77' lang='grc' dir='ltr'><strong>ΡΑτιιοι..</strong></span> <span class='ocrx_word' id='word_1_348' title='bbox 727 5745 838 5805; x_wconf 74' lang='lat' dir='ltr'><strong>Gn.</strong></span> <span class='ocrx_word' id='word_1_349' title='bbox 874 5747 1209 5808; x_wconf 78' lang='lat' dir='ltr'><strong>CXXXIV.</strong></span> 
     </span>
    </p>
   </div>
   <div class='ocr_carea' id='block_1_38' title="bbox 1408 5745 3003 5810">
    <p class='ocr_par' dir='ltr' id='par_1_38' title="bbox 2688 5754 3003 5810">
     <span class='ocr_line' id='line_1_38' title="bbox 2688 5754 3003 5810; baseline 0 0"><span class='ocrx_word' id='word_1_350' title='bbox 2688 5782 2691 5783; x_wconf 52' lang='grc' dir='ltr'><em>ν</em></span> <span class='ocrx_word' id='word_1_351' title='bbox 2975 5754 3003 5810; x_wconf 82' lang='grc'><strong>1</strong></span> 
     </span>
    </p>
   </div>
  </div>
