4038 6320
686 327 747 389 ιι
1338 362 1339 365 η
2065 329 2167 388 DU
2208 328 2263 388 Ci

2367 330 2467 389 sit
2672 276 2677 283 ί
3448 326 3451 331 ·
3794 314 3879 397 ιε’

681 450 831 495 satus
854 451 956 505 est,
990 439 1233 494 scribere
1282 439 1618 509 aggreditur,
1672 453 1737 491 eo
1789 453 1919 493 sane
1971 437 2241 491 celebrari
2296 440 2498 507 poterit
2542 449 2600 494 et
2646 441 2760 510 ipse
2791 441 3031 495 Zonaras
3079 436 3285 510 :quem
3334 442 3663 510 etetcroquin
3693 441 3760 495 ab
3789 443 3878 496 illo

681 534 910 598 Zonara,
951 531 1043 601 qui
1080 532 1181 585 sub
1224 530 1585 585 Constantino
1608 528 2074 599 Porphyrogenito
2106 527 2309 581 Leonis
2339 526 2614 596 Sapientis
2648 526 2759 580 filio
2789 528 2842 580 in
2873 528 2994 582 aula
3022 527 3158 582 vixit
3185 530 3283 597 (Ξ),
3313 543 3484 597 genus
3517 530 3736 582 duxisse
3763 522 3878 582 sua-

678 622 775 675 det
802 622 1024 675 omnino
1060 620 1298 674 nominis
1347 616 1671 672 similitudo.
1721 616 1933 686 Quippe
1971 617 2024 670 in
2071 615 2298 670 Joannis
2328 621 2383 666 et
2416 613 2680 667 Mannelis
2705 612 2992 675 Comneni,
3044 613 3246 682 quibus
3294 614 3691 683 imperantibus
3731 616 3876 675 vixit.

630 724 635 727 ‘
678 708 913 776 palatio.
937 708 1116 776 magni
1155 706 1460 774 vigiliarum
1492 704 1774 772 drungarii
1798 718 1916 763 seu,
1950 713 2008 756 ut
2040 701 2216 755 Latini
2252 698 2576 761 ell‘erebant,
2608 699 2828 768 vigilum
2861 699 3098 767 ιιι-’διΐοοιί
3122 715 3182 754 ac
3220 700 3379 767 primi
3410 717 3440 753 a
3470 702 3695 755 secretis
3724 711 3880 769 gesta:

672 794 992 864 dignitates.
1030 794 1170 847 inter
1210 791 1539 844 illustriores
1562 805 1777 858 semper
1812 790 2029 853 habitaa,
2052 804 2247 859 magno
2269 787 2437 841 fuisse
2468 787 2611 854 apud
2642 787 3001 855 imperatores
3022 788 3143 841 loco
3177 787 3309 841 satis
3337 796 3591 856 arguunt.
3620 789 3795 855 Atque
3818 803 3880 839 ex

667 897 769 944 -eo,
799 882 851 934 ni
886 881 1065 945 fallor,
1093 895 1125 933 a
1157 876 1446 931 Theodoro
1471 877 1790 931 Balsamone
1816 877 1891 944 (ὅ)
1926 886 1982 930 et
2003 893 2031 929 a
2058 876 2310 929 Mattth
2340 874 2580 927 Blastare
2613 871 2690 940 (4)
2723 874 3007 942 ὑπερφυής
3033 871 3312 941 indigitari
3344 875 3504 937 solet,
3537 874 3684 943 quod
3707 884 3883 927 essent

684 969 827 1021 inter
872 968 1173 1021 senatorias
1206 965 1511 1034 praecipuae,
1538 962 1672 1017 'cum
1700 964 1870 1018 hocce
1916 952 2163 1031 epitheto
2211 967 2461 1016 senatum
2496 972 2559 1011 ac
2610 960 2758 1027 ipsos
2797 968 3078 1013 senatores
3112 958 3304 1013 donari
3333 959 3524 1032 solitos
3548 963 3781 1022 censtet,
3807 960 3882 1012 uti

683 1056 810 1107 alibi
859 1054 1217 1108 observamus
1264 1052 1339 1121 (5)
1375 1068 1388 1103 :
1426 1067 1537 1119 quo
1564 1050 1785 1119 quidem
1829 1058 1886 1104 et
1930 1049 2191 1103 nobilitas
2217 1046 2434 1118 generis
2462 1055 2517 1100 et
2550 1046 2964 1116 magistratuum
2990 1046 3246 1115 splendor
3273 1047 3621 1114 exprimitur,
3648 1062 3792 1116 eum,
3830 1057 3885 1099 ut

683 1141 758 1195 ait
787 1140 1087 1211 Gregorius
1114 1139 1493 1193 Nazianzenus
1520 1137 1618 1206 (6),
1661 1137 1915 1206 μέγιστον
1947 1137 2025 1197 εἰς
2055 1137 2263 1201 εὐγενεί

2369 1136 2640 1199 ἀπόδειξιν
2671 1135 2975 1204 συγκλήτου
3006 1137 3261 1197 μετουσία
3290 1135 3576 1189 habeatur.

754 1228 952 1281 Verum
981 1226 1247 1279 abdicatis
1269 1232 1456 1292 postea
1485 1222 1740 1292 palatinis
1765 1222 1937 1287 curis,
1962 1237 2071 1289 quo
2110 1220 2211 1274 sibi
2255 1222 2307 1274 in
2336 1222 2527 1291 primis
2554 1231 2773 1287 vacaret
2794 1223 3095 1290 animatque
3135 1222 3296 1275 saluti
3328 1222 3668 1289 consuleret,
3698 1239 3887 1278 mona-

684 1316 847 1368 chum
879 1312 1080 1369 induit.
1119 1312 1420 1378 relictaque
1454 1310 1589 1363 urbe
1626 1308 1843 1377 imperii
1873 1308 2215 1377 primaria=in
2247 1308 2481 1363 insulam
2520 1308 2870 1362 remotiorem
2913 1308 3180 1384 secessit:
3210 1309 3355 1377 quod
3392 1310 3620 1377 ipsemet
3669 1311 3724 1364 in
3755 1311 3891 1365 Prm-

686 1402 892 1455 fatione
928 1400 992 1452 ad
1014 1398 1255 1451 Annales
1280 1404 1512 1470 testatur
1536 1416 1546 1451 :
1566 1404 1684 1464 quo
1709 1396 1833 1449 loco
1863 1395 1916 1447 in
1948 1394 2016 1448 iis
2040 1402 2099 1447 ut
2127 1408 2225 1463 par
2240 1404 2357 1450 erat
2379 1394 2796 1449 conscribendis
2821 1394 3089 1449 librorum
3124 1394 3399 1449 defectum
3430 1404 3711 1462 causatur,
3734 1398 3888 1459 αὐτὸς

688 1486 975 1556 ὑπερόριος
1011 1484 1087 1537 ὢν
1118 1486 1211 1537 καὶ
1241 1484 1433 1553 πόρῤω
1462 1484 1555 1535 τοῦ
1588 1483 1792 1544 ἄστεως
1823 1484 1878 1533 ὲν
1906 1481 2078 1550 νησῖδι
2104 1480 2263 1533 avom

2367 1499 2533 1541 ιενος.
2563 1480 2692 1547 Quae
2715 1497 2844 1534 vero
2870 1481 3035 1535 fuerit
3055 1480 3291 1535 insulula
3327 1482 3454 1547 ista,
3478 1490 3630 1536 tanto
3665 1484 3737 1537 ab
3762 1485 3891 1538 urbe
3939 1549 3944 1552 _

688 1574 863 1643 spatio
898 1558 1203 1641 disparata,
1226 1584 1335 1622 non
1372 1579 1682 1637 promptum
1712 1576 1797 1621 est
1822 1568 2069 1636 assequi;
2108 1566 2208 1621 sed
2239 1566 2319 1619 vel
2344 1566 2468 1619 inde
2492 1567 2681 1619 saltem
2712 1566 2841 1619 licet
2867 1561 3158 1635 cenjieere,
3192 1568 3381 1619 venire
3417 1567 3471 1619 in
3497 1567 3728 1621 dubium
3750 1568 3887 1636 quod
3934 1566 3939 1569 ’

690 1660 855 1714 tradit
878 1657 1120 1711 Andreas
1138 1656 1448 1725 ,Thevetus,
1492 1655 1727 1722 scriptor
1761 1654 2097 1722 cmteroquiu
2132 1654 2185 1705 in
2222 1653 2347 1706 aliis
2382 1655 2524 1707 haud
2556 1665 2721 1709 certze
2761 1655 2907 1717 fidei,
2941 1670 3035 1707 sua
3062 1664 3219 1712 aetate
3253 1658 3429 1709 visum
3461 1655 3641 1709 adhuc
3673 1657 3727 1709 in
3760 1672 3888 1725 quo-

689 1749 813 1800 dam
842 1744 1037 1798 Montis
1066 1742 1249 1796 Sancti
1286 1742 1379 1809 (ita
1411 1741 1580 1794 Athos
1620 1741 1781 1795 hodie
1817 1740 2142 1809 appellatur)
2174 1741 2501 1793 monasterio
2529 1741 2751 1794 Zonarae
2783 1740 3122 1810 epitaphium
3151 1742 3300 1796 hisee
3334 1742 3513 1795 verbis
3539 1753 3887 1812 conceptum:

698 1832 958 1887 ENTAAE
984 1829 1291 1881 ΖΩΝΛΡᾹΣ
1325 1827 1578 1888 KRlTAl,
1604 1825 1706 1880 nisi
1739 1826 1842 1877 sub
1883 1827 2006 1878 vim
2035 1836 2281 1877 extrema
2299 1841 2365 1877 eo
2407 1828 2624 1881 dicatur
2650 1828 2987 1885 concesshse
3022 1828 3125 1891 (7}.

758 1920 1046 1987 Utcunque
1085 1916 1150 1970 de
1183 1917 1283 1971 hac
1323 1932 1379 1967 re
1410 1928 1503 1978 δη,
1542 1919 1626 1968 vix
1666 1902 1877 1983 aliquot
1906 1916 1959 1967 in
2000 1915 2268 1967 asceterio
2300 1924 2473 1968 annos
2506 1924 2782 1983 exegerat,
2816 1930 2941 1983 eam
2979 1932 3105 1969 eum
3138 1931 3449 1972 convenerit
3470 1918 3630 1991 amici
3664 1918 3744 1987 (8)
3767 1919 3892 1973 hor-

693 2008 897 2075 tatique
925 2013 1052 2058 sunt
1077 2015 1135 2056 ut
1165 2003 1469 2055 solitarium
1501 2002 1641 2055 istud
1670 2001 1842 2053 otium
1875 2001 1928 2053 in
1968 2002 2244 2069 negotium
2278 2000 2500 2067 aliquod
2536 2000 2833 2064 conferret,
2872 2002 3016 2069 quod
3045 2011 3101 2055 et
3124 2019 3235 2055 rem
3284 2002 3555 2071 publicam
3596 2006 3815 2074 juvaret
3842 2016 3895 2059 et

693 2104 912 2147 internae
953 2090 1074 2143 vitae
1096 2089 1377 2157 praemium
1424 2087 1527 2141 sibi
1575 2087 1897 2141 conciliaret
1930 2104 1941 2138 :
1968 2087 2114 2155 quod
2147 2087 2367 2154 quidem
2402 2087 2631 2157 tmtxime
2660 2087 2877 2154 assequi
2913 2080 3104 2141 liceret
3128 2089 3170 2141 si
3207 2089 3493 2143 historiam
3526 2090 3897 2145 conscriberet

690 2195 810 2247 qua:
836 2187 897 2232 et
922 2185 1201 2231 reSecaret
1230 2189 1629 2242 supervacanea
1646 2182 1701 2227 et
1732 2190 1817 2227 res
1851 2182 2152 2225 memoratu
2194 2172 2470 2241 digniores
2503 2174 2653 2225 nullo
2678 2174 2969 2226 verborum
2994 2174 3199 2227 ambitu
3234 2175 3286 2227 in
3312 2176 3698 2244 compendium
3724 2178 3895 2247 quod-

692 2264 1219 2327 dameontraheret.
1251 2251 1529 2338 Eos'cnim
1575 2260 1667 2328 qui
1716 2250 1983 2338 inplioece
2022 2260 2337 2328 scriptionis
2361 2274 2557 2328 genere
2592 2273 2811 2327 operam
2842 2259 3106 2312 hactenus
3136 2260 3511 2325 collocassenl,
3547 2276 3733 2338 rerum
3769 2279 3898 2332 quas

691 2358 949 2406 enarrant
987 2349 1185 2403 seriem
1215 2330 1328 2401 fere
1365 2362 1578 2415 semper
1613 2330 2013 2413 interrumpere
2042 2346 2330 2398 inutilibus
2356 2344 2731 2413 παρεκϐάσεσι
2768 2360 2863 2417 seu
2891 2345 3227 2407 excessibus,
3256 2346 3340 2400 vel
3375 2348 3538 2401 etiam
3571 2330 3899 2417 descriptio-

693 2440 857 2492 nibus
892 2447 986 2491 aut
1030 2435 1410 2495 concionihus,
1444 2412 1605 2502 atque
1631 2432 1768 2486 adeo
1798 2412 2200 2500 intempestivis
2238 2444 2293 2485 et
2328 2412 2448 2499 qtae
2476 2430 2768 2485 annalibus
2797 2412 2987 2498 parum
3027 2432 3358 2484 conveniant
3397 2431 3464 2485 de
3497 2412 3896 2501 rrligione—dis-

695 2524 1091 2594 putationibus,
1125 2522 1254 2574 dum
1300 2519 1425 2573 lidei
1486 2520 1743 2589 mysteria
1788 2530 2070 2588 exponunt
2115 2519 2199 2571 vel
2249 2519 2485 2595 haereses
2529 2517 2810 2571 confutare
2860 2516 3273 2585 aggrediuntur,
3321 2520 3715 2587 argumentise
3754 2534 3899 2572 sacra

694 2614 977 2681 Scriptura
1008 2610 1091 2662 vel
1121 2624 1151 2662 e
1181 2607 1387 2661 sanctis
1416 2605 1668 2660 l'atribns
1701 2606 1906 2674 petitis.
1936 2606 2146 2671 Quibus
2168 2596 2390 2674 quidem
2422 2620 2487 2655 ex
2519 2602 2868 2670 cbronologis
2916 2602 3121 2667 aliquot
3157 2603 3522 2671 suggillabant
3547 2605 3641 2672 qui
3674 2621 3737 2659 ea
3766 2614 3898 2657 tem-

697 2707 903 2765 pestate
946 2696 999 2749 in
1040 2694 1283 2747 omniutn
1317 2692 1570 2744 manibus
1598 2692 1981 2755 versabantur,
2012 2701 2292 2744 auctorem
2342 2693 2483 2742 forte
2526 2688 2784 2743 Chronici
2826 2687 2972 2755 quod
3006 2689 3432 2742 Alexandrinum
3468 2700 3687 2754 vocant,
3739 2691 3898 2744 Geor-

696 2784 841 2851 gium
873 2782 1203 2853 Syueellum,
1236 2778 1527 2848 Georgium
1577 2777 1971 2842 llamartolum,
2002 2772 2297 2848 Georgium
2338 2775 2673 2840 Cedrcnum,
2709 2776 2953 2842 aliosque
2996 2790 3230 2842 quorum
3265 2776 3464 2845 scripta
3498 2778 3771 2847 ejusmodi
3814 2794 3899 2832 su-

698 2868 1047 2937 jervacaneis
1082 2866 1406 2920 excursibus
1436 2865 1635 2933 passim
1666 2874 1899 2920 scatent.
2898 2864 2901 2867 λ
2968 2882 2971 2885 λ

768 2956 967 3008 Verum
1002 2952 1213 3005 tametsi
1240 2952 1379 3003 duas
1397 2966 1484 3005 res
1506 2950 1824 3020 languorem
1850 2951 2046 3004 afferre
2076 2951 2299 3013 animis,
2330 2950 2502 3003 otium
2534 2959 2589 3003 et
2614 2949 2989 3013 solitudinem,
3022 2952 3166 3019 quod
3198 2950 3377 3003 aiebat
3413 2950 3647 3014 Tullius,
3675 2967 3904 3019 persua-

699 3056 819 3094 sum
854 3040 1097 3100 haberet,
1128 3048 1184 3091 et
1212 3036 1354 3107 apud
1398 3036 1759 3101 Christianos,
1792 3052 1856 3091 ac
1888 3038 2185 3091 monachos
2220 3037 2274 3088 in
2306 3036 2520 3104 primis,
2556 3049 2752 3102 pravas
2785 3036 2902 3087 illas
2936 3035 3435 3103 seu-cogitationes
3465 3037 3784 3104 (λογισμούς
3815 3053 3905 3089 as-

699 3126 857 3181 cetici
885 3125 1097 3194 vocant)
1121 3139 1214 3177 seu
1241 3122 1594 3192 cupiditates,
1635 3138 1754 3191 qua:
1782 3131 2017 3175 mentem
2056 3137 2084 3174 a
2110 3123 2347 3191 negotiis
2374 3136 2599 3174 vacuam
2641 3120 2897 3175 invadere
2928 3122 3105 3175 solent
3139 3132 3189 3175 el
3226 3123 3277 3173 in
3305 3131 3523 3191 peccata
3556 3127 3668 3176 fere
3689 3138 3908 3192 semper

699 3220 1042 3282 demergunt,
1092 3226 1319 3264 avocare
1365 3211 1581 3264 unicam
1629 3225 1787 3279 posse
1829 3209 2271 3279 occupationem,
2306 3195 2449 3276 :egre
2506 3216 2699 3261 tamen
2736 3208 2901 3274 cessit
2929 3209 3231 3261 amicorum
3262 3208 3592 3271 hortatibus,
3632 3224 3763 3278 eum
3790 3226 3907 3279 rem

700 3316 819 3353 esse
860 3305 1111 3352 cerneret
1138 3313 1257 3366 qua:
1292 3297 1577 3360 librorum,
1614 3297 1818 3364 quibus
1850 3298 2097 3359 carebat,
2147 3294 2358 3364 copiam
2394 3294 2711 3363 postularet.
2746 3294 2817 3346 At
2857 3294 3115 3347 vellicare
3160 3294 3197 3347 ii
3246 3309 3354 3347 non
3381 3295 3547 3363 'prius
3576 3295 3911 3349 destiterunt

700 3383 1233 3454 quamjmprohitate
1251 3382 1563 3434 stimulaudi
1596 3382 1660 3434 ad
1686 3382 2093 3450 suscipiendum
2119 3398 2258 3449 opus
2278 3381 2643 3449 impulissent.
2673 3380 2858 3433 Victus
2880 3380 3041 3449 igitur
3071 3381 3416 3434 familiarium
3456 3376 3908 3451 flagitationibus,
3988 3440 3993 3441 γ

650 3492 653 3495 ν
691 3445 756 3525 et
786 3445 947 3539 supra
969 3445 1170 3523 -allalis
1198 3467 1466 3521 adductus
1497 3445 1917 3537 rationibus-ad
1950 3445 2191 3518 Annales
2220 3445 2651 3533 conscribendos
2691 3482 2751 3520 se
2790 3445 3047 3531 accihxit,
3081 3483 3205 3520 cum
3256 3468 3308 3519 in
3345 3467 3448 3520 hoc
3480 3445 3697 3520 secessu
3728 3484 3906 3538 agens,

705 3558 796 3613 ubi
828 3557 894 3610 ad
922 3555 1262 3619 condendam
1298 3554 1580 3607 historiam
1613 3555 1904 3606 necessarii
1948 3552 2072 3605 libri
2126 3568 2233 3605 non
2267 3558 2639 3620 suppeterent,
2690 3553 2733 3605 si
2770 3568 2876 3605 non
2909 3554 3091 3605 omnia
3146 3546 3378 3605 dicenda
3427 3554 3909 3620 complecteretur,

704 3643 918 3697 veniam
947 3658 978 3695 a
1007 3642 1247 3710 benigno
1274 3638 1475 3693 lectore
1507 3656 1564 3693 se
1594 3641 2011 3707 impetraturum
2042 3640 2199 3691 facile
2232 3639 2335 3692 sibi
2372 3638 2745 3707 persuaderet.
2784 3638 2840 3691 In
2886 3654 2993 3707 qua
3034 3640 3367 3708 caeteroquin
3401 3641 3807 3696 conscribettda
3838 3644 3910 3695 ita

704 3741 786 3797 est
812 3738 1073 3784 versatus.
1112 3726 1172 3780 ut
1195 3711 1465 3795 praecipua
1489 3734 1544 3779 et
1574 3742 1694 3793 quae
1717 3726 1947 3794 alicujus
1970 3725 2291 3779 viderentur
2322 3725 2584 3778 momenti
2612 3740 2720 3778 non
2746 3726 3015 3788 omiserit,
3040 3744 3057 3775 ι
3091 3742 3263 3794 eaque
3294 3727 3346 3779 in
3370 3728 3645 3795 epitomen
3666 3728 3913 3797 .eoegerit

706 3822 854 3871 tanta
885 3815 1167 3884 elegantia,
1202 3813 1351 3867 salus
1376 3822 1435 3865 ut
1462 3812 1710 3865 videatur
1756 3824 2042 3865 assecutus
2075 3812 2221 3880 quod
2269 3821 2463 3865 contra
2492 3826 2676 3864 rerum
2712 3822 2968 3865 naturam
2996 3822 3100 3876 est,
3136 3813 3379 3866 brevitas
3417 3824 3476 3883 ut
3517 3814 3757 3867 obseura
3792 3829 3901 3867 non

700 3913 883 3963 esset;
918 3920 934 3952 i
972 3902 1117 3968 quod
1150 3900 1217 3952 de
1248 3899 1443 3953 Pontio
1475 3899 1722 3959 Paulino,
1750 3899 1841 3967 qui
1877 3908 1989 3952 tres
2032 3897 2282 3951 Suetonii
2312 3898 2485 3951 libros
2514 3898 2581 3951 de
2610 3898 2850 3967 Regibus
2898 3898 2951 3951 in
2983 3899 3367 3967 compendium
3420 3899 3725 3969 redegerat,
3769 3901 3908 3969 dixit

644 4000 665 4031 \
710 3988 984 4043 AnSonius
1010 3988 1107 4057 t9).
1136 3986 1363 4050 Quidam
1398 3986 1545 4038 enim
1577 3996 1724 4048 sunt,
1757 3996 1818 4038 ut
1857 3986 2038 4041 aiebat
2071 3986 2242 4039 Focas
2270 3982 2689 4047 Grammaticus,
2715 3986 2809 4051 qui
2855 3985 2961 4038 late
3002 3985 3336 4053 copioseque
3362 3972 3727 4054 scripserunt,
3757 3987 3831 4039 ita
3858 3996 3915 4038 ut

708 4075 981 4145 superflua
1014 4072 1287 4125 interdum
1335 4072 1587 4124 ubertate
1642 4072 1971 4124 narrationis
2009 4071 2271 4124 memoria
2314 4070 2610 4139 legentium
2645 4070 3011 4124 confundatur
3041 4087 3054 4123 :
3084 4072 3197 4133 alii,
3227 4076 3355 4129 dum
3382 4072 3632 4137 brevitati
3666 4072 3911 4135 student,

704 4161 999 4214 adnmdum
1030 4158 1285 4212 dill‘usam
1314 4166 1588 4211 coartasse
1620 4157 1922 4219 materiam,
1982 4169 2039 4209 ut
2090 4157 2263 4211 sterili
2291 4156 2616 4225 compendio
2664 4158 2798 4210 nihil
2844 4158 2910 4210 ad
2964 4158 3234 4228 integram
3272 4161 3557 4212 scientiam
3610 4160 3915 4213 lectoribus

709 4249 1016 4302 conferant.
1050 4245 1235 4312 Neque
1279 4254 1458 4297 tamen
1503 4242 1609 4296 sibi
1661 4242 1760 4310 ipsi
1802 4243 2063 4297 satisfecit
2096 4245 2342 4305 omnino,
2386 4258 2511 4297 cum
2539 4245 2739 4312 quibus
2772 4245 2840 4296 ad
2878 4238 3062 4312 operis
3095 4245 3241 4312 quod
3291 4247 3345 4297 in
3387 4260 3581 4299 manus
3608 4256 3917 4314 sumpserat

709 4332 1109 4390 absolutionem
1140 4344 1363 4384 necesse
1387 4340 1504 4382 erat
1525 4328 1813 4383 codicibus
1840 4344 2078 4399 persaepe
2100 4339 2333 4391 careret,
2356 4345 2494 4395 quos
2511 4346 2633 4385 cum
2660 4331 2860 4398 saepius
2888 4333 3191 4399 quresisset,
3217 4333 3458 4400 reperire
3498 4343 3609 4387 non‘
3636 4345 3915 4402 potuerat,

710 4434 807 4473 seu
838 4428 1138 4485 temporum
1169 4416 1367 4484 injuria
1392 4427 1576 4469 essent
1606 4415 1811 4481 amissi,
1852 4431 1948 4469 seu
1988 4417 2353 4486 negligentius
2383 4416 2451 4470 ab
2500 4416 2568 4470 iis
2613 4417 2863 4485 inquisiti
2890 4418 3097 4485 quibus
3144 4417 3199 4470 id
3257 4419 3462 4486 negotii
3511 4420 3739 4474 dederat
3780 4424 3915 4491 (l0),

784 4613 863 4680 (Ξ)
900 4580 1171 4693 Anonyn‘t:
1194 4609 1514 4693 iCombefis;
1546 4609 1599 4662 in
1653 4609 2083 4682 Porphyrogen.,
2118 4628 2172 4666 n.
2213 4614 2264 4667 8.

716 4679 947 4755 [PatroL
965 4693 1017 4755 _t.
1044 4679 1203 4755 ωχά

787 4752 978 4820 (3)‘Ad
1016 4765 1136 4820 can.
1163 4751 1227 4799 56
1256 4750 1441 4816 Apost.

791 4819 867 4888 tt)
904 4821 1009 4873 Lit.
1046 4819 1083 4869 Ε
1112 4833 1231 4886 cap.
1262 4822 1347 4888 ll.

791 4885 866 4958 (ii)
906 4891 961 4943 in
983 4888 1157 4941 Gloss.
1180 4885 1321 4958 med.
1352 4885 1568 4958 Grateit.

901 4958 1053 5028 Orat.
1084 4960 1146 5010 l8
1180 4957 1229 5028 in
1267 4956 1321 5009 S.
1353 4957 1604 5028 t.yprian.

791 5025 865 5097 (Ἰ)
887 5027 979 5097 plin
998 5026 1224 5097 'l‘heveti
1252 5030 1413 5097 verba
1437 5040 1487 5097 in
1516 5025 1808 5097 f’ourtraits
1825 5035 1871 5097 et
1892 5027 1997 5097 sic:
2019 5028 2106 5080 de:
2123 5030 2267 5079 hom-

724 5094 830 5151 mes
848 5094 1102 5159 illustres,
1135 5096 1303 5157 Paris,
1333 5094 1485 5154 1584,
1523 5094 1728 5156 in-fol.,
1770 5096 1816 5156 ι,
1842 5094 1912 5147 26
1935 5096 2054 5149 bet
2097 5097 2163 5149 27
2194 5112 2222 5149 a
2250 5115 2263 5149 :

729 5186 747 5216 ι
782 5210 796 5221 .
816 5205 830 5218 .
850 5204 863 5217 .
897 5164 1177 5217 toutesfois
1208 5165 1286 5217 les
1311 5162 1480 5215 Grees
1512 5163 1583 5215 du
1610 5170 1757 5216 mont
1795 5162 1964 5217 Athos
2000 5163 2268 5221 m‘ontdit

2368 4614 2437 4683 de
2462 4612 2759 4683 Charchas,
2803 4614 3001 4680 auquel
3026 4630 3055 4683 y
3095 4628 3125 4666 a
3156 4630 3383 4683 encores
3427 4618 3791 4683 aujourd’huy
3846 4637 3918 4673 nn

2366 4682 2479 4734 fort
2522 4682 2657 4757 beau
2708 4694 3015 4757 monastere
3055 4684 3121 4737 de
3159 4682 3348 4738 Grecz.
3496 4682 3703 4757 zonare
3740 4682 3920 4757 doncq

2369 4760 2531 4823 ayant
2560 4750 2817 4823 demeare
2855 4753 2979 4820 cinq
3004 4768 3100 4805 ans
3124 4768 3280 4823 ence
3310 4757 3416 4809 lien
3445 4795 3457 4807 .
3480 4795 3493 4807 .
3522 4756 3801 4811 Callineus
3824 4750 3920 4811 son

2368 4819 2731 4890 Patriarche'.
2757 4860 2770 4873 .
2806 4821 2893 4890 luy
2926 4819 3246 4890 t-olnmanda
3300 4840 3357 4877 se
3399 4827 3594 4879 retirer
3648 4840 3718 4878 au
3768 4838 3923 4879 mont

2365 4890 2609 4965 Athos._..
2634 4889 2705 4941 ou
2730 4889 3168 4965 ayanttlctneure
3192 4894 3355 4947 treize
3380 4909 3497 4956 aus,
3518 4894 3636 4951 finit
3657 4910 3743 4948 ses
3763 4897 3920 4965 jours

2366 4958 2603 5033 a_agé_de
2642 4959 3226 5033 quatrejvingtz-huict
3269 4976 3367 5014 ans
3396 4973 3515 5033 scpt
3544 4978 3717 5033 moys,
3750 4958 3807 5017 et
3839 4967 3924 5016 fut

2365 5028 2559 5095 depuis
2590 5028 3051 5081 honorablement
3079 5032 3296 5082 enterré
3326 5044 3394 5083 en
3425 5028 3535 5085 l‘un
3564 5028 3658 5085 des
3695 5048 3918 5086 monas-

2368 5103 2510 5171 t_eres
2539 5095 2951 5171 nonunésainct
2976 5096 3124 5171 llelie
3146 5098 3335 5151 dudict
3358 5110 3525 5165 mont,
3557 5098 3603 5155 Ia
3636 5104 3919 5171 sepulture

2365 5163 2566 5243 duquel
2598 5180 2655 5243 se
2689 5166 2801 5243 voit
2834 5180 3049 5243 encore_
3076 5167 3144 5218 de
3177 5180 3417 5243 present,
3456 5163 3714 5243 converte
3756 5173 3921 5224 d’une

722 5246 828 5305 que
861 5234 1045 5305 cerfut
1083 5235 1247 5285 en'un
1277 5232 1607 5305 roeherqui
1656 5242 1785 5305 peut
1831 5233 1983 5305 avoir
2026 5233 2093 5287 de
2138 5244 2261 5305 tour

727 5301 984 5374 (comptis
1014 5304 1091 5356 les
1134 5302 1367 5374 eseueilz
1414 5303 1504 5374 qui
1561 5301 1981 5374 l'enviroonent)
2027 5304 2261 5371 quelque

725 5370 889 5435 liene,
920 5373 969 5425 le
1015 5374 1135 5440 plus
1183 5370 1689 5440 inaccessibleglieu
1726 5386 1832 5438 que
1872 5370 2159 5440 j’aye-veu
2195 5387 2262 5426 en

727 5454 873 5497 toutc
906 5444 955 5493 la
986 5438 1107 5493 mer
1136 5438 1273 5509 Egee
1314 5448 1370 5490 et
1405 5438 1819 5509 Archipelague,
1864 5438 1919 5491 et
1950 5438 2016 5492 de
2047 5450 2264 5509 present

726 5512 936 5581 appello
963 5526 1057 5578 par
1088 5508 1167 5581 les
1180 5506 1365 5581 A’Greea
1397 5506 1609 5581 Galoie‘r
1636 5508 1924 5581 d‘Aadros,
1953 5506 2264 5581 aut'rement

726 5577 837 5634 dict
858 5584 905 5632 lc
932 5577 1034 5633 bon
1070 5578 1333 5646 vieillard,
1356 5579 1433 5628 les
1456 5577 1627 5629 'l‘ures
1653 5578 1702 5629 le
1728 5589 2010 5630 nomment
2029 5580 2261 5646 Gahyra,

728 5652 805 5703 lvs
828 5647 1091 5702 llebrieux
1123 5663 1191 5700 ou
1221 5645 1359 5701 Juifs
1397 5646 1466 5697 du
1495 5661 1626 5714 pays
1655 5648 1741 5715 luy
1770 5647 2012 5699 donncnt
2053 5649 2099 5699 le
2141 5645 2265 5699 nom

2370 5234 2551 5303 pierre
2593 5235 2776 5303 jaspée
2806 5245 2993 5288 centre
3037 5234 3267 5301 laqUelle
3316 5239 3632 5292 sontécritz
3661 5256 3750 5293 ces
3778 5251 3922 5294 mots
3978 5264 3981 5265 ν

2368 5316 2435 5378 en
2462 5301 2691 5365 Grec',et
2715 5305 2763 5378 la
2798 5306 2916 5371 plus
2943 5312 3064 5378 pa_r_t
3086 5306 3357 5378 stellace‘z
3382 5307 3505 5378 qu’a
3536 5310 3725 5374 grand’
3757 5312 3919 5378 pcine

2366 5371 2447 5424 les
2476 5383 2604 5439 peut
2646 5390 2715 5425 on
2748 5376 2847 5425 lire
2880 5410 2893 5425 .
2917 5371 3067 5425 {LIB
3102 5373 3186 5426 ΤΟ
3221 5371 3443 5431 [IAPth
3471 5371 3848 5432 MNHMEYUN
3882 5381 3922 5430 Ο

2373 5441 2584 5492 ΣΟΦΟΣ
2617 5440 2916 5494 ΖΩΝΑΡΑΣ
2943 5441 3193 5499 ΚΕΙΤΑΙ.
3234 5464 3251 5495 ι

2440 5511 2515 5577 (8)
2549 5511 2724 5563 Praef.
2754 5527 2805 5562 ιι.
2848 5513 2897 5562 l.

2443 5586 2515 5643 (ll)
2560 5580 2731 5645 Epist.
2771 5582 2818 5631 7.

2444 5652 2552 5716 μυ)
2586 5650 2779 5717 Zonar.
2814 5649 2909 5702 lib.
2953 5665 3027 5713 ιι,
3062 5665 3115 5703 n.
3149 5649 3234 5702 51.
