4038 6320
147 350 192 419 tl'i
1505 331 1886 391 PRAEFATIU
3235 311 3296 371 ιι.

156 476 254 526 dum
276 473 381 541 ipse
411 469 644 525 extorris
678 480 727 522 rt
761 468 946 538 procul
972 466 1038 521 ab
1072 465 1204 517 urbe
1235 461 1286 514 in
1319 470 1483 527 parva
1522 451 1699 504 insula
1734 447 1901 499 vitam
1935 450 2117 511 ageret
2147 459 2160 493 :
2194 455 2256 491 ex
2291 437 2628 507 quo'factnm
2659 435 2900 506 agnoscit
2932 443 2985 487 nt
3011 435 3295 488 consulum

151 521 775 614 rtdamnorum"historia
823 557 1001 610 minus
1037 553 1107 605 sit
1148 521 1415 606 absoluta.
1455 541 1639 608 Neque
1679 547 1839 604 porro
1880 529 2065 583 mirari
2095 528 2297 581 debere
2340 525 2522 578 subdit
2563 525 2847 583 lectorem,
2882 523 2925 575 si
2964 523 3016 575 in
3054 521 3119 574 iis
3160 537 3298 589 quos

152 615 434 717 ρηηεξτὶρδίι
473 647 778 702 Annalibus
811 641 1121 712 scriptionis
1149 638 1430 690 character
1461 628 1663 695 ultique
1706 622 1806 676 sibi
1841 617 2034 673 similis
2074 632 2178 669 non
2208 622 2480 717 occur-rat,
2513 627 2634 679 cum
2668 611 2969 709 aliter-ﬁcri
3001 610 3085 709 vix
3113 620 3296 717 queat,

679 697 842 785 variis
873 697 1234 796 scriptoribus
1263 718 1425 774 veluti
1454 717 1644 782 stipem
1679 709 1905 777 colligit,
1936 708 2151 759 illorum
2178 712 2233 799 et
2250 701 2493 805 dictione
2519 708 2574 805 e't
2603 699 3081 805 compositionedn
3113 697 3300 750 multis

157 785 623 886 iioii'u-ta—tu‘rjeuod
648 820 720 872 ita
746 827 923 871 tamen
946 785 1199 872 confecit,
1227 820 1282 862 nt
1306 810 1348 860 si
1384 801 1586 870 aliquid
1611 800 1677 851 de
1707 813 1805 850 suo
1831 791 2187 861 interjccerit,
2212 789 2263 841 id
2289 789 2433 840 illius
2458 788 2597 856 stylo
2624 801 2810 886 quem.
2829 785 3162 853 sequebatur
3204 801 3292 836 au-

156 909 288 961 ctoris
312 872 577 974 quantum
611 905 727 958 fieri
775 902 945 970 potuit
981 890 1493 953 accommodaverit.
1537 901 1603 939 ne
1661 881 1972 951 scriptionis
2006 879 2144 932 ratio
2179 894 2206 930 a
2245 891 2363 929 Sese
2394 875 2597 943 ubique
2643 872 2918 974 dissidere.
2957 874 3238 927 videretur
3285 891 3294 923 :

159 1010 252 1047 cum
284 961 484 1046 in‘terim
519 992 621 1044 alia
671 961 828 1058 longe
863 1003 1024 1056 quam
1069 983 1248 1038 cmteri
1278 980 1369 1049 qui
1418 992 1504 1030 res
1559 969 1973 1038 chronologicas
2019 966 2284 1022 hactenus
2319 968 2703 1039 tractaverant,
2747 961 2982 1017 Annales
3012 976 3137 1014 suos
3170 978 3298 1016 con-

159 1081 397 1141 scriberet,
427 1095 512 1132 res
539 1093 733 1146 nempe
768 1048 928 1144 qua-si
960 1074 1023 1126 de
1046 1087 1147 1125 suo
1171 1048 1504 1136 componens
1540 1070 1595 1114 et
1628 1072 1874 1119 narrans,
1905 1065 1961 1109 et
1989 1050 2317 1146 quod-laude
2353 1048 2573 1146 dignum
2608 1056 2690 1104 est
2712 1063 2890 1146 eaque
2928 1064 3156 1146 suptilia,
3190 1066 3297 1146 non

156 1135 414 1217 alienorum
443 1135 880 1234 furtis-plausum
909 1170 1152 1229 captans,
1191 1135 1371 1223 neque
1406 1160 1666 1204 tractatus
1702 1147 1944 1213 integros
1972 1137 2313 1203 cxsoribens,
2343 1145 2401 1189 ut
2437 1135 2505 1189 de
2549 1137 2665 1204 ipSo
2712 1136 2917 1188 Zonara
2965 1136 3155 1190 scribit
3191 1137 3297 1190 Leo

160 1252 347 1304 Allatius
370 1252 410 1319 (Ι
431 1252 496 1317 l).
1203 1258 1208 1265 '

211 1338 307 1391 Non
333 1309 544 1390 defuere
573 1345 750 1388 tamen
775 1335 865 1403 qui
892 1332 1141 1403 censorio
1174 1327 1404 1397 quodam
1427 1323 1632 1394 judicio
1668 1329 1724 1374 ut
1753 1317 1932 1372 minus
1959 1315 2292 1383 diligentem,
2332 1310 2560 1362 maxime
2594 1309 2689 1403 ubi
2722 1309 2788 1362 de
2825 1310 2992 1364 rebus
3039 1311 3299 1365 Romanis

163 1426 262 1491 agit,
283 1423 570 1476 vellicarint
597 1429 759 1490 atque
781 1396 916 1474 adeo
951 1396 1386 1488 perstrinxerint.
1414 1432 1429 1460 ι
1457 1408 1669 1468 Omnia,
1697 1403 2080 1472 iuquithorum
2104 1400 2238 1452 alter
2265 1398 2376 1467 (12)
2395 1439 2409 1460 ,
2439 1411 2560 1450 amc
2586 1396 2999 1457 Constantinum
3038 1400 3216 1468 inepte
3250 1411 3301 1455 et

169 1485 314 1578 parum
356 1509 638 1576 diligenter
673 1485 779 1578 '(de
832 1485 994 1560 rebus
1025 1504 1229 1557 Latinis
1281 1496 1490 1567 loquor)
1520 1492 1832 1562 explicavit.
1873 1507 1910 1567 ,ιχ
1938 1487 2042 1541 Sed
2076 1502 2235 1554 quam
2263 1501 2395 1538 sano
2427 1486 2514 1538 ille
2546 1485 2755 1553 judicio
2783 1485 2896 1540 liene
2918 1487 3181 1541 effutierit
3219 1489 3299 1541 ve!

167 1572 263 1648 inde
285 1572 616 1663 palen—quod
651 1572 862 1663 a‘paulo
891 1590 1225 1658 mquioribns
1252 1584 1550 1656 iudicibus,
1579 1583 1751 1647 iisque
1778 1574 2106 1646 pereruditis
2133 1572 2419 1644 quibusvis
2448 1572 2846 1640 chronologieis
2873 1574 3092 1642 Scriptis
3123 1573 3292 1628 Anna-

163 1684 264 1735 lium
285 1659 505 1734 'Zonara;
529 1697 653 1748 pars
683 1659 771 1733 illa
801 1697 918 1749 qua:
950 1695 1036 1732 res
1069 1677 1287 1731 Latinas
1338 1677 1632 1741 pertractat
1674 1670 1829 1730 longe
1862 1670 2246 1729 anteponatur.
2287 1659 2420 1712 Nam
2452 1674 2574 1712 cum
2627 1659 2677 1710 in
2728 1661 3072 1726 recensendis
3103 1659 3302 1714 Roma-

164 1784 316 1822 norum
341 1768 497 1836 gestis
529 1745 598 1831 ex
629 1768 800 1821 Dione
819 1745 1153 1837 iprzesertim,
1180 1776 1340 1830 quem
1374 1758 1595 1811 minime
1630 1761 1937 1812 truncatum
1983 1756 2055 1837 ut
2087 1746 2246 1813 hodie
2291 1745 2471 1801 editus
2504 1753 2586 1798 est
2631 1745 2724 1837 sed
2768 1745 3034 1814 integrari:
3075 1747 3303 1817 legerat,

138 1831 729 1924 _aliisque'scriptoribus
750 1831 846 1923 (uti
875 1832 1088 1920 periere
1116 1859 1418 1916 temporum
1447 1842 1666 1914 injuria.
1696 1840 1837 1910 hanc
1866 1833 2106 1888 historia:
2139 1841 2348 1900 partem
2381 1831 2740 1900 eompegerit,
2771 1848 2909 1885 nova
2953 1833 3063 1886 fere
3088 1846 3304 1904 semper

163 1919 280 1991 etab
307 1940 421 1993 aliis
443 1919 644 1993 indicta
672 1919 1060 1992 commemorat
1087 1954 1098 1988 :
1138 1936 1208 1988 ita
1243 1942 1302 1986 ut
1332 1931 1520 1984 multis
1549 1930 1601 1980 in
1631 1925 1763 1979 locis
1799 1924 1865 1976 de
1899 1921 2068 1976 verbo
2095 1919 2160 1972 ad
2199 1919 2422 1972 verhnm
2449 1919 2671 1971 Dionem
2703 1921 3057 1990 cxseripsissc
3091 1923 3303 1977 dicatur

125 2071 127 2074 .
171 2025 454 2080 aGuillelmo
475 2025 774 2094 Xylandro,
816 2023 1004 2077 Fulvio
1035 2022 1255 2080 Ursino,
1291 2017 1568 2072 Friderieo
1599 2013 1888 2084 Sylburgio
1913 2021 1968 2064 et
2008 2007 2240 2062 Henrico
2272 2006 2507 2067 Valesio,
2556 2007 2716 2060 istius
2744 1999 3030 2077 scriptoris
3070 2012 3306 2064 eruditis
3366 2049 3368 2051 ›

169 2093 539 2180 interpretibus,
560 2112 762 2179 quibus
800 2111 1041 2164 solenme
1073 2117 1156 2162 est
1185 2093 1249 2160 ex
1289 2104 1500 2157 Zonara
1531 2102 1820 2169 autjpsum
1850 2097 2072 2148 Dionem
2102 2093 2394 2146 emendare
2416 2103 2511 2146 aut
2538 2093 2813 2147 Romanos
2841 2096 3140 2164 scriptores
3169 2099 3302 2153 alios

166 2178 392 2250 illustrare
438 2217 449 2250 :
486 2178 627 2253 unde
653 2198 973 2252 Theoderus
997 2195 1268 2250 Marcilius
1306 2191 1415 2259 (l5)
1446 2189 1709 2241 Zonaiam
1752 2193 1806 2236 et
1840 2181 2176 2250 Xiphilinnm
2212 2179 2396 2230 Dionis
2437 2178 2691 2248 subdigas
2739 2191 2914 2234 vocat.
2961 2182 3025 2235 Et
3053 2194 3199 2238 certe
3231 2185 3304 2238 ita

162 2285 211 2335 de
235 2285 419 2337 Zonara
469 2288 701 2339 sensisse
744 2293 954 2341 constat
986 2281 1234 2335 eumdem
1271 2277 1549 2339 Allatium,
1594 2292 1610 2322 ι
1661 2272 1753 2339 qui
1795 2290 1812 2320 ι
1859 2270 1934 2322 ait
1974 2269 2062 2321 ille
2111 2285 2127 2317 ι
2178 2267 2303 2319 licet
2346 2265 2399 2318 in
2449 2265 2673 2319 historia
2724 2277 2845 2335 post
2887 2268 3302 2326 Constantinum

161 2371 365 2439 pugnum
388 2374 621 2442 Μηηίοι-
651 2373 739 2432 εει,
769 2381 825 2424 et
857 2369 1068 2422 ηοηιιίεξ
1097 2367 1252 2420 obvia
1283 2377 1510 2434 qumque
1551 2357 1898 2428 percurrerit,
1923 2353 1976 2408 in
2012 2355 2094 2408 his
2125 2369 2254 2406 vero
2276 2368 2395 2421 quae
2418 2361 2541 2406 ante
2573 2351 2985 2408 Constantinum
3015 2357 3081 2410 ad
3117 2361 3303 2412 mundi

158 2459 340 2511 exordia.
369 2440 676 2528 diligentius
709 2470 762 2511 et
785 2457 1059 2524 capiosius
1089 2463 1353 2508 versatur.
1393 2471 1408 2500 ι
1444 2441 1558 2503 Non
1590 2446 1784 2498 mirum
1810 2444 1972 2512 igitur
2001 2443 2041 2494 si
2069 2441 2136 2493 ab
2163 2441 2462 2493 Alexandro
2495 2440 2808 2494 Brassicano
2832 2441 2884 2494 in
2909 2442 3304 2504 Prmfationeait

163 2545 429 2597 Salvianum
464 2549 689 2606 sincera:
740 2544 860 2597 ﬁdei
915 2543 1233 2600 historicus,
1287 2545 1341 2590 et
1388 2551 1415 2588 a
1463 2535 1781 2588 Casaubono
1822 2530 1930 2598 (H)
1980 2529 2194 2582 dicatur
2251 2529 2334 2580 vir
2382 2528 2806 2583 eruditissimus.
2858 2529 3089 2585 Ccdreni
3132 2537 3304 2589 codici

165 2634 492 2701 manuscripto
521 2633 776 2686 schedam
814 2631 1126 2699 ascripsisse
1157 2627 1357 2680 dicitur
1406 2621 1656 2682 Wolﬁus,
1699 2619 1751 2671 in
1793 2632 1898 2685 qua
1933 2615 2257 2669 observabat
2299 2625 2532 2670 tractare
2569 2615 2707 2669 idem
2753 2629 3129 2684 argumentum
3163 2625 3305 2690 quod
3388 2623 3392 2629 ’

161 2716 375 2779 Zonaras,
416 2719 505 2771 sed
541 2718 741 2771 habere
773 2734 800 2770 a
845 2717 1051 2769 Zonara
1083 2715 1248 2766 multa
1302 2713 1395 2765 de-
1419 2708 1683 2762 industria
1732 2702 2115 2773 praetermissa,
2151 2701 2433 2754 brevitatis
2462 2701 2600 2755 forte
2641 2702 2851 2764 studio,
2884 2705 2976 2759 sed
3024 2717 3172 2762 (τρι-ιε
3195 2727 3303 2763 ηομ

166 2805 597 2868 praetermittenda.
635 2804 704 2855 ita
747 2811 804 2855 ut
847 2803 1067 2869 optione
1109 2799 1212 2852 sibi
1254 2799 1376 2850 data
1424 2797 1492 2848 ab
1534 2793 1689 2846 initio
1732 2789 2039 2844 Cedrenum
2084 2787 2305 2840 Zonaras
2349 2788 2696 2854 praetulisset.
2738 2788 2861 2854 Qui,
2901 2791 3074 2861 inquit
3107 2793 3303 2864 ijan.

170 2890 233 2942 der
257 2892 378 2960 (l5),
408 2908 437 2945 a
470 2897 578 2961 q'uo
605 2891 716 2946 bzec
747 2906 809 2943 ex
834 2887 1027 2943 Wolﬁo
1063 2886 1394 2943 referuntur,
1434 2882 1499 2937 ad
1532 2896 1594 2934 ea
1625 2878 1859 2943 respexit
1890 2875 2181 2944 praecipue,
2207 2889 2325 2943 quae
2356 2873 2573 2961 aliunde
2605 2890 2764 2942 quam
2794 2892 2859 2929 ex
2894 2893 2959 2931 eo
3002 2881 3168 2949 repeti
3197 2897 3301 2938 non

168 2953 373 3042 pssunt,
396 2953 515 3033 cum
548 2978 658 3031 duo
689 2977 897 3046 priores
928 2975 1149 3027 Zonarze
1181 2971 1311 3024 tomi
1365 2971 1521 3046 longe
1568 2966 1804 3032 alioquin
1849 2963 1957 3016 sint
2003 2964 2256 3016 meliores
2292 2977 2353 3016 ac
2387 2953 2543 3015 laude
2571 2963 3062 3038 digniores,-qnam
3091 2985 3153 3024 ea
3187 2987 3305 3040 qua:

159 3033 205 3116 ad
227 3033 623 3120 Constantinum
656 3033 824 3132 usque
851 3062 1096 3131 Magnum
1129 3033 1417 3113 Cedrenqu
1438 3033 1673 3123 collegit.
1706 3051 1910 3107 Scribit
1943 3061 2200 3119 praeterea
2249 3049 2389 3103 idem
2429 3049 2657 3104 Wolﬁus
2705 3052 2815 3121 (l6)
2865 3033 3127 3108 zonaram
3173 3033 3305 3112 alias

159 3151 467 3216 prolixiorem
516 3151 710 3211 videri,
749 3159 807 3203 ut
848 3150 901 3203 in
948 3147 1172 3202 Judaica
1229 3145 1478 3204 historia,
1508 3142 1642 3194 alias
1691 3137 2019 3198 breviorem,
2060 3144 2119 3190 ut
2159 3136 2213 3189 in
2256 3146 2564 3190 exterarum
2594 3137 2832 3205 gentium
2866 3140 3051 3206 gestis.
3101 3141 3158 3194 ln
3194 3160 3300 3211 quo

155 3239 337 3303 quidem
383 3241 424 3292 si
466 3253 573 3308 qua
614 3238 769 3306 culpa
803 3233 1089 3289 commissa
1122 3241 1223 3291 est.
1265 3229 1671 3286 excusationem
1716 3226 1914 3279 habere
1956 3224 2125 3278 videri
2173 3224 2331 3286 hanc,
2376 3223 2518 3291 quod
2556 3223 2668 3290 ipse
2707 3239 2811 3276 non
2846 3241 2910 3277 ex
2958 3241 3058 3280 suo
3086 3228 3301 3299 ingenio

155 3322 460 3394 deprompsit
488 3307 710 3391 (ιδ-(μηδ
738 3307 974 3389 scripsit,
1002 3318 1095 3370 sed
1132 3334 1196 3371 ex
1229 3317 1394 3369 variis
1417 3313 1735 3367 auctoribus
1780 3313 2002 3364 collecta
2035 3311 2086 3362 in
2119 3319 2326 3362 certum
2356 3309 2603 3362 ordinem
2641 3309 2863 3380 redegit
2891 3328 2904 3364 :
2938 3315 3029 3381 qui
3055 3326 3303 3373 auctores

155 3416 272 3463 inter
300 3427 352 3465 se
381 3409 730 3465 dissimillimi
774 3401 918 3462 sunt.
952 3403 1105 3470 Quod
1140 3412 1320 3456 autem
1353 3417 1460 3454 non
1492 3400 1674 3453 omnia
1706 3405 2021 3466 persecutus
2051 3407 2152 3460 est,
2200 3411 2307 3448 non
2348 3404 2455 3448 tam
2489 3395 2811 3466 negligentia
2843 3413 3000 3466 quam
3033 3401 3097 3455 de
3140 3403 3295 3457 indu-

152 3498 262 3549 stria
286 3491 492 3552 fecisse.
2329 3553 2332 3558 .
2675 3492 2679 3495 ’

213 3583 409 3648 Verum,
439 3586 568 3639 licet
598 3584 651 3637 in
688 3584 754 3637 iis
780 3597 899 3650 qua:
935 3588 1055 3651 post
1088 3573 1783 3643 Constantinum-Magnum
1819 3569 2036 3638 scripsit
2063 3567 2221 3624 obvia
2244 3583 2468 3638 quaeque
2503 3584 2822 3651 percurrere
2852 3572 3116 3627 Zonaram
3151 3567 3294 3631 dicat

152 3670 372 3734 Allatius,
405 3674 564 3743 longe
593 3670 754 3724 aliter
787 3679 966 3722 tamen
1000 3668 1234 3722 sensisse
1272 3665 1487 3719 videtur
1525 3660 1698 3715 exacti
1744 3659 1829 3712 vir
1869 3656 2061 3727 judicii
2109 3654 2375 3710 Henricus
2413 3642 2680 3720 Valesius,
2720 3658 2812 3726 qui
2853 3676 2958 3712 non
3007 3662 3165 3715 modo
3207 3679 3299 3714 au-

148 3766 330 3812 etorem
367 3770 448 3812 sat
477 3758 792 3824 diligentem
824 3754 968 3807 haud
994 3753 1160 3809 semel
1189 3746 1462 3825 indigitat,
1493 3748 1587 3801 sed
1610 3747 1740 3800 etin
1774 3746 1840 3799 iis
1873 3744 2169 3813 pra‘sertim
2207 3755 2325 3813 quae
2362 3743 2606 3812 ejusdem
2658 3744 2992 3799 Constan:ini
3045 3747 3298 3801 familiam

151 3855 390 3909 spectant,
423 3845 825 3899 accuratiorem
857 3855 1017 3911 quam
1057 3841 1109 3894 in
1144 3840 1374 3899 caneris,
1408 3850 1584 3903 neque
1619 3833 1740 3885 aliis
1769 3833 1928 3885 obvia
1963 3832 2146 3885 dicere
2176 3831 2432 3885 observat
2458 3832 2589 3900 (Π).
2637 3831 2697 3884 Et
2737 3846 2862 3884 sane
2898 3839 3205 3900 quanquam
3246 3837 3297 3889 in

151 3933 472 3987 recensendis
498 3930 906 3998 Cpolitanorum
938 3923 1321 3995 imperaturum
1350 3924 1533 3990 gestis,
1567 3918 1861 3972 fusioribus
1901 3920 2038 3971 l'orte
2087 3917 2249 3970 editis
2281 3915 2684 3969 commentariis
2731 3919 2926 3970 versati
2976 3919 3082 3973 siut
3123 3921 3299 3976 Theo-

151 4016 350 4081 phanes,
381 4017 680 4079 Cedrenus,
717 4015 974 4083 Scylitzes
996 4023 1049 4066 et
1079 4012 1284 4079 aliquot
1318 4009 1430 4069 alii,
1463 4014 1672 4059 constat
1703 4005 1752 4058 id
1779 4005 1999 4058 Zonaras
2035 4006 2085 4058 in
2113 4004 2301 4074 primis
2337 4004 2618 4058 consilium
2652 4003 2835 4068 fuisse,
2871 4013 2928 4058 ut
2954 4023 3061 4060 non
3093 4009 3300 4076 plenio-

148 4117 242 4153 rem
268 4103 716 4171 quemadmodum
748 4102 782 4152 ii
815 4100 1116 4159 historiam,
1152 4097 1245 4150 sed
1268 4085 1685 4148 contractiorem
1709 4102 1870 4161 atque
1901 4093 2034 4145 adeo
2051 4090 2449 4161 "compendium
2479 4091 2870 4156 conscriberet,
2902 4091 2968 4144 in
2982 4108 3089 4160 quo
3122 4094 3299 4163 singu-

152 4190 261 4242 laria
287 4205 510 4259 (tuaeque
538 4195 592 4243 et
625 4204 744 4258 quae
779 4189 830 4240 in
867 4204 922 4240 re
955 4186 1214 4240 historiCa
1251 4183 1506 4255 przeeipui
1533 4180 1850 4239 viderentur
1887 4178 2144 4247 ponderis
2182 4178 2591 4247 perstringeret.
2628 4177 2698 4230 Ex
2727 4180 2924 4247 quibus
2963 4179 3116 4234 facile
3143 4181 3296 4234 dilui-

151 4286 220 4329 tur
251 4277 390 4346 quod
417 4279 494 4331 ait
522 4276 798 4330 Gerardus
841 4275 1081 4337 Vossius,
1122 4283 1232 4325 tum
1263 4272 1315 4327 in
1347 4286 1411 4325 eo
1438 4270 1696 4337 majorem
1734 4281 1915 4320 curam
1943 4273 1992 4318 et
2023 4264 2342 4318 industriam
2378 4264 2693 4326 desiderari,
2736 4273 2843 4317 tum
2878 4267 3038 4319 etiam
3075 4269 3302 4324 maxime

153 4364 429 4418 mirandum
455 4380 601 4426 esse,
636 4364 813 4415 virum
850 4361 1180 4429 usque‘adeo
1206 4360 1577 4428 experienlem
1609 4357 1658 4407 in
1684 4354 1765 4408 sui
1797 4352 2054 4421 temporis
2093 4352 2389 4420 prasertim
2439 4350 2601 4403 rebus
2641 4350 2897 4419 pleraque
2936 4353 3306 4420 perfunctorie

151 4458 333 4504 tantum
367 4453 574 4513 dicere,
616 4465 737 4502 cum
769 4449 934 4501 multa
968 4462 1265 4516 magnaque
1301 4446 1364 4498 iis
1398 4442 1738 4510 temporibus
1765 4447 1912 4508 gesta
1953 4446 2098 4501 sunt,
2147 4436 2396 4490 orientali
2441 4435 2573 4489 orhe
2612 4450 2736 4488 cum
2779 4436 3097 4490 occidentali
3148 4443 3309 4508 quasi
3347 4482 3352 4488 ,

151 4549 483 4592 concurrente
511 4555 523 4590 ε
553 4537 686 4590 adeo
721 4545 780 4588 ut
803 4550 971 4603 pauca
1010 4534 1118 4587 sint
1144 4534 1341 4601 quibus
1369 4530 1536 4584 Alexii
1570 4529 1733 4580 vitam
1775 4523 2169 4593 perstrinxerit.
2209 4523 2290 4586 Id,
2325 4527 2565 4591 inquam,
2608 4522 2750 4575 haud
2775 4537 2916 4590 aegre
2949 4520 3213 4578 refellitur
3240 4543 3300 4582 cx

151 4628 364 4680 auctoris
411 4627 582 4695 ipsius
613 4625 900 4678 Annalium
933 4624 1208 4681 lemmate,
1246 4620 1330 4673 vel
1359 4633 1424 4672 ex
1465 4618 1636 4686 ipsius
1681 4612 2023 4674 l’raefatione,
2070 4610 2123 4687 in
2143 4621 2257 4677 'qua
2291 4625 2400 4662 non
2436 4610 2714 4662 historiam
2755 4611 2843 4662 Sed
2893 4609 3134 4685 historia:
3160 4629 3306 4666 com-

150 4714 383 4776 pendium
419 4713 660 4766 scribere
692 4726 749 4763 se
780 4709 1099 4778 proﬁtetur;
1133 4709 1206 4760 ita
1235 4716 1292 4760 ut
1321 4708 1364 4759 si
1407 4703 1687 4776 prolixiori
1721 4701 1804 4755 sui
1834 4699 2093 4768 ten-poris
2123 4712 2210 4762 res
2241 4696 2430 4749 fuisset
2475 4704 2793 4783 persecutus
2818 4699 3150 4762 narratione,
3195 4702 3304 4769 pri-

152 4813 272 4851 mum
305 4799 591 4869 scriptoris
626 4796 860 4850 ofﬁcium
911 4796 1134 4846 minime
1178 4785 1796 4847 observasse‘diccretur
1829 4806 1840 4840 :
1873 4802 2017 4848 cum,
2045 4793 2103 4836 ut
2145 4784 2221 4836 ait
2256 4782 2462 4835 Plinius
2491 4782 2650 4844 alter,
2680 4782 2894 4836 titulum
2930 4801 3087 4838 suum
3129 4787 3332 4856 legere

152 4887 339 4951 debeat,
374 4899 542 4956 atque
568 4885 870 4938 identidem
902 4883 1234 4951 interrogare
1268 4896 1326 4934 se
1355 4879 1484 4948 quid
1518 4877 1745 4945 coeperit
1785 4874 2024 4928 scribere
2047 4910 2061 4934 ,
2104 4871 2349 4937 scireque
2379 4869 2422 4922 si
2447 4870 2684 4946 materiae
2719 4871 3037 4926 immoratur
3060 4889 3164 4927 non
3187 4889 3305 4927 esse

152 4973 361 5044 longum,
397 4974 774 5045 longissimum
805 4972 849 5025 si
882 4971 1086 5040 aliquid
1130 4971 1359 5024 arcessit
1399 4978 1560 5037 atque
1603 4962 1845 5033 attrahit.
1884 4962 2057 5028 Atque
2101 4974 2165 5029 ex
2199 4958 2361 5011 haece
2403 4958 2642 5010 virorum
2671 4959 3007 5012 eruditorum
3045 4959 3191 5013 varia
3239 4963 3305 5015 de

151 5059 347 5115 Zonarze
375 5044 985 5131 Amialibussententia
1021 5069 1168 5126 patet
1205 5074 1364 5128 quam
1396 5057 1630 5110 infausta
1665 5044 1734 5106 Sit
1761 5062 1949 5102 eorum
1975 5061 2093 5099 sors
2123 5045 2214 5113 qui
2241 5044 2444 5113 aliquid
2474 5044 2717 5112 scribere
2746 5044 3155 5113 aggrediuntur,
3179 5062 3304 5100 cum

154 5148 412 5214 quibusvis
441 5164 505 5201 ac
531 5148 642 5201 fere
673 5146 876 5215 iniquis
907 5146 1188 5198 hominum
1216 5143 1436 5214 iudiciis
1465 5151 1521 5197 et
1543 5155 1785 5196 censurae
1811 5137 2012 5209 ingenii
2053 5136 2218 5190 fastus
2251 5143 2551 5204 exponunt.

203 5232 458 5289 Qeterum
495 5237 547 5287 in
591 5233 876 5288 Annalium
926 5231 1161 5285 decursu
1208 5231 1545 5284 occasionem
1584 5227 1855 5283 interdum
1903 5221 2352 5293 captatlonaras
2386 5221 2696 5274 Graecorum
2742 5233 2852 5272 sum
2894 5222 3068 5274 aetatis
3125 5237 3303 5276 mores

151 5321 431 5390 rellicandi,
481 5323 647 5377 veluti
681 5338 802 5376 eum
843 5320 1623 5389 virorutnleeclcsiastieorum
1687 5313 1979 5371 Simoniam
2029 5309 2221 5377 carpit,
2271 5317 2509 5360 comatos
2560 5317 2614 5359 et
2660 5304 2994 5361 cincinnatos
3042 5308 3304 5376 palatinos

205 5482 302 5548 (ll)
339 5483 409 5535 De
433 5483 625 5553 Georg.
708 5549 733 5553 _
854 5536 856 5538 τ
1103 5537 1107 5541 _
1225 5551 1234 5553 _
1371 5549 1380 5553 _
1607 5547 1616 5553 _
1975 5474 2058 5553 _Ad
2096 5476 2236 5553 Hist.
2276 5472 2488 5553 Aqgl.‘p;
2514 5468 2637 5532 $02,
2673 5468 2707 5520 2
2738 5468 2825 5522 ed.

209 5537 304 5676 tilaig
331 5537 488 5622 Apud
514 5537 673 5605 Allat.
694 5549 772 5605 De
795 5566 962 5606 error.
985 5537 1158 5621 magn.
1188 5551 1345 5602 uiror.
1365 5549 1416 5602 in
1435 5547 1670 5610 dicendo,

155 5635 193 5686 Ρη
310 5661 322 5676 .

1029 5537 1158 5621 μσςὴ.
1188 5551 1345 5602 uiror.
1365 5549 1416 5602 in
1435 5547 1670 5610 dicendo,
1840 5537 1947 5609 (15)
1975 5545 2031 5598 In
2060 5544 2265 5613 prwlat.
2294 5537 2624 5592 ad‘Cedrena

1845 5616 1952 5684 (13)
1988 5616 2041 5666 In
2076 5614 2274 5686 praefat.
2584 5677 2594 5686 _

203 5693 307 5756 ilbi
340 5695 389 5744 ln
411 5701 532 5746 not.
559 5690 622 5744 ad
654 5689 875 5744 Sueton.
1849 5676 1953 5754 (Π)
1985 5691 2041 5739 In
2066 5676 2172 5737 not.
2210 5682 2275 5734 ad
2301 5680 2391 5733 lib.
2420 5695 2546 5733 xviii
2569 5676 2863 5730 Ammiani.
