  <div class='ocr_page' id='page_1' title='image "/cluster/home/n/w/nwhite01/storage/ocr_20150623/134/pst.000005714506/015.png"; bbox 0 0 4038 6320; ppageno 0'>
   <div class='ocr_carea' id='block_1_1' title="bbox 624 246 2219 360">
    <p class='ocr_par' dir='ltr' id='par_1_1' title="bbox 624 284 2219 359">
     <span class='ocr_line' id='line_1_1' title="bbox 624 284 2219 359; baseline -0.003 -3"><span class='ocrx_word' id='word_1_1' title='bbox 624 294 692 359; x_wconf 76' lang='grc'><strong>15</strong></span> <span class='ocrx_word' id='word_1_2' title='bbox 1219 284 1227 293; x_wconf 36' lang='grc' dir='ltr'>ί</span> <span class='ocrx_word' id='word_1_3' title='bbox 2001 292 2105 354; x_wconf 84' lang='lat' dir='ltr'>DU</span> <span class='ocrx_word' id='word_1_4' title='bbox 2137 293 2219 355; x_wconf 81' lang='lat' dir='ltr'><strong>CA</strong></span> 
     </span>
    </p>
   </div>
   <div class='ocr_carea' id='block_1_2' title="bbox 2226 246 3821 360">
    <p class='ocr_par' dir='ltr' id='par_1_2' title="bbox 2226 246 3821 360">
     <span class='ocr_line' id='line_1_2' title="bbox 2226 246 3821 360; baseline 0.004 -7"><span class='ocrx_word' id='word_1_5' title='bbox 2226 292 2396 354; x_wconf 66' lang='lat' dir='ltr'><strong>non</strong></span> <span class='ocrx_word' id='word_1_6' title='bbox 2548 246 2551 249; x_wconf 48' lang='grc'><em>’</em></span> <span class='ocrx_word' id='word_1_7' title='bbox 3007 270 3012 274; x_wconf 71' lang='grc'><em>’</em></span> <span class='ocrx_word' id='word_1_8' title='bbox 3676 268 3679 275; x_wconf 80' lang='grc'><em>’</em></span> <span class='ocrx_word' id='word_1_9' title='bbox 3751 296 3821 360; x_wconf 76' lang='lat' dir='ltr'><strong>is</strong></span> 
     </span>
    </p>
   </div>
   <div class='ocr_carea' id='block_1_3' title="bbox 619 403 3821 481">
    <p class='ocr_par' dir='ltr' id='par_1_3' title="bbox 619 403 3821 481">
     <span class='ocr_line' id='line_1_3' title="bbox 619 403 3821 481; baseline 0.001 -22"><span class='ocrx_word' id='word_1_10' title='bbox 619 404 939 477; x_wconf 83' lang='lat' dir='ltr'><strong>perstringit</strong></span> <span class='ocrx_word' id='word_1_11' title='bbox 970 405 1105 473; x_wconf 86' lang='grc'><strong>(18),</strong></span> <span class='ocrx_word' id='word_1_12' title='bbox 1129 414 1182 458; x_wconf 90' lang='lat' dir='ltr'><strong>et</strong></span> <span class='ocrx_word' id='word_1_13' title='bbox 1213 405 1753 475; x_wconf 79' lang='lat' dir='ltr'><strong>imperatores,un</strong></span> <span class='ocrx_word' id='word_1_14' title='bbox 1792 403 2042 459; x_wconf 88' lang='lat' dir='ltr'><strong>abdicato</strong></span> <span class='ocrx_word' id='word_1_15' title='bbox 2067 405 2249 473; x_wconf 86' lang='lat' dir='ltr'><strong>patrio</strong></span> <span class='ocrx_word' id='word_1_16' title='bbox 2290 407 2491 460; x_wconf 89' lang='lat' dir='ltr'><strong>vestitu</strong></span> <span class='ocrx_word' id='word_1_17' title='bbox 2532 404 2871 460; x_wconf 80' lang='lat' dir='ltr'><strong>barbaricum</strong></span> <span class='ocrx_word' id='word_1_18' title='bbox 2908 407 3366 477; x_wconf 79' lang='lat' dir='ltr'><strong>amplecterentur</strong></span> <span class='ocrx_word' id='word_1_19' title='bbox 3397 411 3527 481; x_wconf 79' lang='lat' dir='ltr'><strong>(l9).</strong></span> <span class='ocrx_word' id='word_1_20' title='bbox 3570 410 3821 478; x_wconf 64' lang='lat' dir='ltr'><strong>Dcniqn:</strong></span> 
     </span>
    </p>
   </div>
   <div class='ocr_carea' id='block_1_4' title="bbox 620 482 3818 566">
    <p class='ocr_par' dir='ltr' id='par_1_4' title="bbox 620 482 3818 566">
     <span class='ocr_line' id='line_1_4' title="bbox 620 482 3818 566; baseline 0.002 -21"><span class='ocrx_word' id='word_1_21' title='bbox 620 495 672 545; x_wconf 92' lang='lat' dir='ltr'><strong>in</strong></span> <span class='ocrx_word' id='word_1_22' title='bbox 706 494 852 561; x_wconf 87' lang='lat' dir='ltr'><strong>ipsos</strong></span> <span class='ocrx_word' id='word_1_23' title='bbox 886 491 1065 545; x_wconf 88' lang='lat' dir='ltr'><strong>adhuc</strong></span> <span class='ocrx_word' id='word_1_24' title='bbox 1106 482 1382 561; x_wconf 73' lang='lat' dir='ltr'><strong>Angustos</strong></span> <span class='ocrx_word' id='word_1_25' title='bbox 1419 494 1492 546; x_wconf 79' lang='lat' dir='ltr'><strong>ac</strong></span> <span class='ocrx_word' id='word_1_26' title='bbox 1528 505 1719 545; x_wconf 83' lang='lat' dir='ltr'><strong>eorum</strong></span> <span class='ocrx_word' id='word_1_27' title='bbox 1764 493 1821 544; x_wconf 88' lang='lat' dir='ltr'><strong>in</strong></span> <span class='ocrx_word' id='word_1_28' title='bbox 1872 491 2037 545; x_wconf 86' lang='lat' dir='ltr'><strong>rebus</strong></span> <span class='ocrx_word' id='word_1_29' title='bbox 2070 490 2524 546; x_wconf 82' lang='lat' dir='ltr'><strong>administrandis</strong></span> <span class='ocrx_word' id='word_1_30' title='bbox 2572 493 2811 561; x_wconf 83' lang='lat' dir='ltr'><strong>publicis</strong></span> <span class='ocrx_word' id='word_1_31' title='bbox 2866 496 3207 564; x_wconf 82' lang='lat' dir='ltr'><strong>tyrannidem</strong></span> <span class='ocrx_word' id='word_1_32' title='bbox 3252 497 3467 566; x_wconf 77' lang='lat' dir='ltr'><strong>gravius</strong></span> <span class='ocrx_word' id='word_1_33' title='bbox 3516 497 3818 551; x_wconf 82' lang='lat' dir='ltr'><strong>invehitur.</strong></span> 
     </span>
    </p>
   </div>
   <div class='ocr_carea' id='block_1_5' title="bbox 615 569 3823 653">
    <p class='ocr_par' dir='ltr' id='par_1_5' title="bbox 615 569 3823 653">
     <span class='ocr_line' id='line_1_5' title="bbox 615 569 3823 653; baseline 0 -19"><span class='ocrx_word' id='word_1_34' title='bbox 615 579 751 634; x_wconf 77' lang='lat' dir='ltr'><strong>Nam</strong></span> <span class='ocrx_word' id='word_1_35' title='bbox 789 578 1121 633; x_wconf 83' lang='lat' dir='ltr'><strong>ut&#39;Valentis</strong></span> <span class='ocrx_word' id='word_1_36' title='bbox 1145 578 1512 639; x_wconf 79' lang='lat' dir='ltr'><strong>mathematici</strong></span> <span class='ocrx_word' id='word_1_37' title='bbox 1553 578 1665 649; x_wconf 75' lang='lat'><strong>(‘20)</strong></span> <span class='ocrx_word' id='word_1_38' title='bbox 1688 579 1756 633; x_wconf 88' lang='lat' dir='ltr'><strong>de</strong></span> <span class='ocrx_word' id='word_1_39' title='bbox 1795 579 1951 634; x_wconf 85' lang='lat' dir='ltr'><strong>urbis</strong></span> <span class='ocrx_word' id='word_1_40' title='bbox 1980 576 2279 647; x_wconf 76' lang='lat' dir='ltr'><strong>Cpolitana:</strong></span> <span class='ocrx_word' id='word_1_41' title='bbox 2302 577 2591 632; x_wconf 89' lang='lat' dir='ltr'><strong>duratione</strong></span> <span class='ocrx_word' id='word_1_42' title='bbox 2620 569 2828 634; x_wconf 77' lang='lat' dir='ltr'><strong>editum</strong></span> <span class='ocrx_word' id='word_1_43' title='bbox 2854 580 2956 635; x_wconf 92' lang='lat' dir='ltr'><strong>sub</strong></span> <span class='ocrx_word' id='word_1_44' title='bbox 2987 582 3350 637; x_wconf 78' lang='lat' dir='ltr'><strong>Constantino</strong></span> <span class='ocrx_word' id='word_1_45' title='bbox 3376 581 3567 653; x_wconf 82' lang='lat' dir='ltr'><strong>Magno</strong></span> <span class='ocrx_word' id='word_1_46' title='bbox 3621 584 3823 636; x_wconf 84' lang='lat' dir='ltr'><strong>natali-</strong></span> 
     </span>
    </p>
   </div>
   <div class='ocr_carea' id='block_1_6' title="bbox 552 664 3829 740">
    <p class='ocr_par' dir='ltr' id='par_1_6' title="bbox 552 664 3829 740">
     <span class='ocr_line' id='line_1_6' title="bbox 552 664 3829 740; baseline -0 -20"><span class='ocrx_word' id='word_1_47' title='bbox 552 731 560 740; x_wconf 32' lang='grc' dir='ltr'><strong><em>η</em></strong></span> <span class='ocrx_word' id='word_1_48' title='bbox 619 668 753 720; x_wconf 75' lang='lat' dir='ltr'><strong>tium</strong></span> <span class='ocrx_word' id='word_1_49' title='bbox 796 667 973 721; x_wconf 85' lang='lat' dir='ltr'><strong>thema</strong></span> <span class='ocrx_word' id='word_1_50' title='bbox 1018 666 1421 735; x_wconf 84' lang='lat' dir='ltr'><strong>quodammodo</strong></span> <span class='ocrx_word' id='word_1_51' title='bbox 1455 676 1693 729; x_wconf 90' lang='lat' dir='ltr'><strong>tueatur,</strong></span> <span class='ocrx_word' id='word_1_52' title='bbox 1722 682 1790 719; x_wconf 89' lang='lat' dir='ltr'><strong>ne</strong></span> <span class='ocrx_word' id='word_1_53' title='bbox 1818 668 2059 725; x_wconf 51' lang='lat' dir='ltr'><strong>omnino.</strong></span> <span class='ocrx_word' id='word_1_54' title='bbox 2083 664 2277 719; x_wconf 78' lang='lat' dir='ltr'><strong>falsum</strong></span> <span class='ocrx_word' id='word_1_55' title='bbox 2320 672 2560 733; x_wconf 81' lang='lat' dir='ltr'><strong>putetur,</strong></span> <span class='ocrx_word' id='word_1_56' title='bbox 2604 681 2765 734; x_wconf 88' lang='lat' dir='ltr'><strong>quam</strong></span> <span class='ocrx_word' id='word_1_57' title='bbox 2792 682 2965 720; x_wconf 88' lang='lat' dir='ltr'><strong>annos</strong></span> <span class='ocrx_word' id='word_1_58' title='bbox 2986 668 3088 723; x_wconf 85' lang='lat'><strong>696</strong></span> <span class='ocrx_word' id='word_1_59' title='bbox 3117 668 3439 722; x_wconf 81' lang='lat' dir='ltr'><strong>duraturam</strong></span> <span class='ocrx_word' id='word_1_60' title='bbox 3468 669 3829 738; x_wconf 64' lang='lat' dir='ltr'><strong>praedixerat,</strong></span> 
     </span>
    </p>
   </div>
   <div class='ocr_carea' id='block_1_7' title="bbox 556 747 3839 826">
    <p class='ocr_par' dir='ltr' id='par_1_7' title="bbox 556 747 3839 826">
     <span class='ocr_line' id='line_1_7' title="bbox 556 747 3839 826; baseline -0.001 -17"><span class='ocrx_word' id='word_1_61' title='bbox 556 764 557 773; x_wconf 86' lang='lat'>‘</span> <span class='ocrx_word' id='word_1_62' title='bbox 614 757 723 822; x_wconf 74' lang='lat' dir='ltr'><strong>jam</strong></span> <span class='ocrx_word' id='word_1_63' title='bbox 751 754 879 808; x_wconf 92' lang='lat' dir='ltr'><strong>olim</strong></span> <span class='ocrx_word' id='word_1_64' title='bbox 929 766 1053 809; x_wconf 89' lang='lat' dir='ltr'><strong>cum</strong></span> <span class='ocrx_word' id='word_1_65' title='bbox 1105 754 1382 826; x_wconf 84' lang='lat' dir='ltr'><strong>scribebat</strong></span> <span class='ocrx_word' id='word_1_66' title='bbox 1409 752 1649 807; x_wconf 84' lang='lat' dir='ltr'><strong>Zonaras</strong></span> <span class='ocrx_word' id='word_1_67' title='bbox 1677 753 1914 822; x_wconf 88' lang='lat' dir='ltr'><strong>elapsos,</strong></span> <span class='ocrx_word' id='word_1_68' title='bbox 1944 752 2131 805; x_wconf 82' lang='lat' dir='ltr'><strong>subdit</strong></span> <span class='ocrx_word' id='word_1_69' title='bbox 2170 760 2269 804; x_wconf 88' lang='lat' dir='ltr'><strong>aut</strong></span> <span class='ocrx_word' id='word_1_70' title='bbox 2297 749 2487 804; x_wconf 81' lang='lat' dir='ltr'><strong>lalsam</strong></span> <span class='ocrx_word' id='word_1_71' title='bbox 2532 752 2945 822; x_wconf 79' lang='lat' dir='ltr'><strong>existimandam</strong></span> <span class='ocrx_word' id='word_1_72' title='bbox 2995 754 3238 808; x_wconf 72' lang='lat' dir='ltr'><strong>Valentis</strong></span> <span class='ocrx_word' id='word_1_73' title='bbox 3266 747 3696 824; x_wconf 67' lang='lat' dir='ltr'><strong>praedictionem,</strong></span> <span class='ocrx_word' id='word_1_74' title='bbox 3721 764 3839 807; x_wconf 70' lang='lat' dir='ltr'><strong>aut~</strong></span> 
     </span>
    </p>
   </div>
   <div class='ocr_carea' id='block_1_8' title="bbox 508 828 3823 912">
    <p class='ocr_par' dir='ltr' id='par_1_8' title="bbox 508 828 3823 912">
     <span class='ocr_line' id='line_1_8' title="bbox 508 828 3823 912; baseline 0.001 -19"><span class='ocrx_word' id='word_1_75' title='bbox 508 828 511 833; x_wconf 31' lang='grc'><strong>⁴</strong></span> <span class='ocrx_word' id='word_1_76' title='bbox 546 853 555 893; x_wconf 67' lang='grc' dir='ltr'><strong>ι</strong></span> <span class='ocrx_word' id='word_1_77' title='bbox 616 854 788 893; x_wconf 89' lang='lat' dir='ltr'><strong>annos</strong></span> <span class='ocrx_word' id='word_1_78' title='bbox 814 842 934 894; x_wconf 86' lang='lat' dir='ltr'><strong>illos</strong></span> <span class='ocrx_word' id='word_1_79' title='bbox 968 833 1346 912; x_wconf 87' lang='lat' dir='ltr'><strong>intelligendos</strong></span> <span class='ocrx_word' id='word_1_80' title='bbox 1387 855 1507 894; x_wconf 85' lang='lat' dir='ltr'><strong>esse</strong></span> <span class='ocrx_word' id='word_1_81' title='bbox 1539 840 1760 908; x_wconf 76' lang='lat' dir='ltr'><strong>quibus.</strong></span> <span class='ocrx_word' id='word_1_82' title='bbox 1794 838 2045 893; x_wconf 83' lang='lat' dir='ltr'><strong>instituta</strong></span> <span class='ocrx_word' id='word_1_83' title='bbox 2071 838 2151 891; x_wconf 90' lang='lat' dir='ltr'><strong>rei</strong></span> <span class='ocrx_word' id='word_1_84' title='bbox 2201 837 2436 906; x_wconf 74' lang='lat' dir='ltr'><strong>publica:</strong></span> <span class='ocrx_word' id='word_1_85' title='bbox 2482 854 2547 892; x_wconf 91' lang='lat' dir='ltr'><strong>ac</strong></span> <span class='ocrx_word' id='word_1_86' title='bbox 2573 850 2749 893; x_wconf 77' lang='lat' dir='ltr'><strong>status</strong></span> <span class='ocrx_word' id='word_1_87' title='bbox 2787 841 3276 907; x_wconf 88' lang='lat' dir='ltr'><strong>eonservabantur,</strong></span> <span class='ocrx_word' id='word_1_88' title='bbox 3308 842 3439 895; x_wconf 88' lang='lat' dir='ltr'><strong>dum</strong></span> <span class='ocrx_word' id='word_1_89' title='bbox 3470 858 3603 897; x_wconf 88' lang='lat' dir='ltr'><strong>suus</strong></span> <span class='ocrx_word' id='word_1_90' title='bbox 3641 842 3823 896; x_wconf 64' lang='lat' dir='ltr'><strong>bomw</strong></span> 
     </span>
    </p>
   </div>
   <div class='ocr_carea' id='block_1_9' title="bbox 547 916 3825 1005">
    <p class='ocr_par' dir='ltr' id='par_1_9' title="bbox 547 916 3825 1005">
     <span class='ocr_line' id='line_1_9' title="bbox 547 916 3825 1005; baseline -0 -24"><span class='ocrx_word' id='word_1_91' title='bbox 547 950 565 1005; x_wconf 50' lang='grc' dir='ltr'><strong>ι</strong></span> <span class='ocrx_word' id='word_1_92' title='bbox 614 936 733 981; x_wconf 88' lang='lat' dir='ltr'><strong>erat</strong></span> <span class='ocrx_word' id='word_1_93' title='bbox 776 916 1012 990; x_wconf 82' lang='lat' dir='ltr'><strong>senhtui,</strong></span> <span class='ocrx_word' id='word_1_94' title='bbox 1047 926 1177 983; x_wconf 86' lang='lat' dir='ltr'><strong>dum</strong></span> <span class='ocrx_word' id='word_1_95' title='bbox 1221 927 1370 981; x_wconf 83' lang='lat' dir='ltr'><strong>cives</strong></span> <span class='ocrx_word' id='word_1_96' title='bbox 1415 922 1518 980; x_wconf 85' lang='lat' dir='ltr'><strong>sub</strong></span> <span class='ocrx_word' id='word_1_97' title='bbox 1551 925 1791 995; x_wconf 82' lang='lat' dir='ltr'><strong>legitima</strong></span> <span class='ocrx_word' id='word_1_98' title='bbox 1832 924 2049 995; x_wconf 90' lang='lat' dir='ltr'><strong>imperii</strong></span> <span class='ocrx_word' id='word_1_99' title='bbox 2100 932 2372 993; x_wconf 81' lang='lat' dir='ltr'><strong>potestate</strong></span> <span class='ocrx_word' id='word_1_100' title='bbox 2403 922 2691 989; x_wconf 85' lang='lat' dir='ltr'><strong>ﬂorebant,</strong></span> <span class='ocrx_word' id='word_1_101' title='bbox 2737 940 2846 979; x_wconf 90' lang='lat' dir='ltr'><strong>non</strong></span> <span class='ocrx_word' id='word_1_102' title='bbox 2887 934 3066 980; x_wconf 89' lang='lat' dir='ltr'><strong>autem</strong></span> <span class='ocrx_word' id='word_1_103' title='bbox 3115 943 3237 981; x_wconf 89' lang='lat' dir='ltr'><strong>cum</strong></span> <span class='ocrx_word' id='word_1_104' title='bbox 3286 928 3570 983; x_wconf 73' lang='lat' dir='ltr'><strong>manifesta</strong></span> <span class='ocrx_word' id='word_1_105' title='bbox 3602 928 3825 998; x_wconf 70' lang='lat' dir='ltr'><strong>vigebat</strong></span> 
     </span>
    </p>
   </div>
   <div class='ocr_carea' id='block_1_10' title="bbox 541 1007 3824 1084">
    <p class='ocr_par' dir='ltr' id='par_1_10' title="bbox 541 1007 3824 1084">
     <span class='ocr_line' id='line_1_10' title="bbox 541 1007 3824 1084; baseline 0.001 -19"><span class='ocrx_word' id='word_1_106' title='bbox 615 1013 860 1081; x_wconf 75' lang='lat' dir='ltr'><strong>tyrannis</strong></span> <span class='ocrx_word' id='word_1_107' title='bbox 884 1013 1233 1067; x_wconf 88' lang='lat' dir='ltr'><strong>dominorum</strong></span> <span class='ocrx_word' id='word_1_108' title='bbox 1263 1012 1479 1082; x_wconf 76' lang='lat' dir='ltr'><strong>publica</strong></span> <span class='ocrx_word' id='word_1_109' title='bbox 1507 1011 1611 1067; x_wconf 88' lang='lat' dir='ltr'><strong>sibi</strong></span> <span class='ocrx_word' id='word_1_110' title='bbox 1646 1027 1744 1081; x_wconf 91' lang='lat' dir='ltr'><strong>pro</strong></span> <span class='ocrx_word' id='word_1_111' title='bbox 1776 1012 2005 1082; x_wconf 85' lang='lat' dir='ltr'><strong>privatis</strong></span> <span class='ocrx_word' id='word_1_112' title='bbox 2032 1009 2429 1065; x_wconf 87' lang='lat' dir='ltr'><strong>vindicantium</strong></span> <span class='ocrx_word' id='word_1_113' title='bbox 2459 1007 2516 1067; x_wconf 87' lang='lat' dir='ltr'><strong>et</strong></span> <span class='ocrx_word' id='word_1_114' title='bbox 2552 1011 2621 1064; x_wconf 82' lang='lat' dir='ltr'><strong>ad</strong></span> <span class='ocrx_word' id='word_1_115' title='bbox 2652 1027 2779 1065; x_wconf 79' lang='lat' dir='ltr'><strong>suas</strong></span> <span class='ocrx_word' id='word_1_116' title='bbox 2814 1011 3121 1082; x_wconf 78' lang='lat' dir='ltr'><strong>voluptates</strong></span> <span class='ocrx_word' id='word_1_117' title='bbox 3158 1015 3576 1079; x_wconf 80' lang='lat' dir='ltr'><strong>conferentium,</strong></span> <span class='ocrx_word' id='word_1_118' title='bbox 3610 1030 3824 1084; x_wconf 87' lang='lat' dir='ltr'><strong>easque</strong></span> 
     </span>
    </p>
   </div>
   <div class='ocr_carea' id='block_1_11' title="bbox 540 1100 3821 1173">
    <p class='ocr_par' dir='ltr' id='par_1_11' title="bbox 540 1100 3821 1173">
     <span class='ocr_line' id='line_1_11' title="bbox 540 1100 3821 1173; baseline 0.001 -20"><span class='ocrx_word' id='word_1_119' title='bbox 615 1116 805 1169; x_wconf 89' lang='lat' dir='ltr'><strong>parum</strong></span> <span class='ocrx_word' id='word_1_120' title='bbox 842 1102 1120 1166; x_wconf 87' lang='lat' dir='ltr'><strong>honestas,</strong></span> <span class='ocrx_word' id='word_1_121' title='bbox 1158 1117 1280 1154; x_wconf 89' lang='lat' dir='ltr'><strong>cum</strong></span> <span class='ocrx_word' id='word_1_122' title='bbox 1308 1101 1526 1171; x_wconf 90' lang='lat' dir='ltr'><strong>publica</strong></span> <span class='ocrx_word' id='word_1_123' title='bbox 1576 1102 1867 1170; x_wconf 80' lang='lat' dir='ltr'><strong>quibusvis</strong></span> <span class='ocrx_word' id='word_1_124' title='bbox 1910 1100 2202 1162; x_wconf 89' lang='lat' dir='ltr'><strong>donarent,</strong></span> <span class='ocrx_word' id='word_1_125' title='bbox 2237 1114 2338 1153; x_wconf 91' lang='lat' dir='ltr'><strong>nec</strong></span> <span class='ocrx_word' id='word_1_126' title='bbox 2367 1113 2645 1166; x_wconf 84' lang='lat' dir='ltr'><strong>pastorum</strong></span> <span class='ocrx_word' id='word_1_127' title='bbox 2697 1100 2868 1153; x_wconf 87' lang='lat' dir='ltr'><strong>instar</strong></span> <span class='ocrx_word' id='word_1_128' title='bbox 2916 1100 3167 1157; x_wconf 88' lang='lat' dir='ltr'><strong>subditos</strong></span> <span class='ocrx_word' id='word_1_129' title='bbox 3200 1111 3517 1166; x_wconf 87' lang='lat' dir='ltr'><strong>tractarent,</strong></span> <span class='ocrx_word' id='word_1_130' title='bbox 3568 1118 3667 1158; x_wconf 91' lang='lat' dir='ltr'><strong>nec</strong></span> <span class='ocrx_word' id='word_1_131' title='bbox 3690 1104 3821 1156; x_wconf 70' lang='lat' dir='ltr'><strong>lana</strong></span> 
     </span>
    </p>
   </div>
   <div class='ocr_carea' id='block_1_12' title="bbox 616 1186 3372 1264">
    <p class='ocr_par' dir='ltr' id='par_1_12' title="bbox 616 1186 3372 1264">
     <span class='ocr_line' id='line_1_12' title="bbox 616 1186 3372 1264; baseline -0.001 -24"><span class='ocrx_word' id='word_1_132' title='bbox 616 1202 951 1255; x_wconf 86' lang='lat' dir='ltr'><strong>supervacua</strong></span> <span class='ocrx_word' id='word_1_133' title='bbox 990 1188 1236 1254; x_wconf 87' lang='lat' dir='ltr'><strong>detonsa,</strong></span> <span class='ocrx_word' id='word_1_134' title='bbox 1271 1186 1364 1242; x_wconf 89' lang='lat' dir='ltr'><strong>sed</strong></span> <span class='ocrx_word' id='word_1_135' title='bbox 1392 1188 1709 1256; x_wconf 73' lang='lat' dir='ltr'><strong>praedonum</strong></span> <span class='ocrx_word' id='word_1_136' title='bbox 1744 1203 1897 1264; x_wconf 76' lang='lat' dir='ltr'><strong>more</strong></span> <span class='ocrx_word' id='word_1_137' title='bbox 1939 1202 2071 1241; x_wconf 88' lang='lat' dir='ltr'><strong>oves</strong></span> <span class='ocrx_word' id='word_1_138' title='bbox 2105 1188 2414 1246; x_wconf 86' lang='lat' dir='ltr'><strong>mactando.</strong></span> <span class='ocrx_word' id='word_1_139' title='bbox 2441 1187 2508 1240; x_wconf 90' lang='lat' dir='ltr'><strong>ad</strong></span> <span class='ocrx_word' id='word_1_140' title='bbox 2558 1186 2823 1243; x_wconf 83' lang='lat' dir='ltr'><strong>medullas</strong></span> <span class='ocrx_word' id='word_1_141' title='bbox 2853 1187 2997 1255; x_wconf 66' lang='lat' dir='ltr'><strong>ipsas</strong></span> <span class='ocrx_word' id='word_1_142' title='bbox 3028 1200 3372 1257; x_wconf 85' lang='lat' dir='ltr'><strong>exsugerent.</strong></span> 
     </span>
    </p>
   </div>
   <div class='ocr_carea' id='block_1_13' title="bbox 683 1268 3825 1350">
    <p class='ocr_par' dir='ltr' id='par_1_13' title="bbox 683 1268 3825 1350">
     <span class='ocr_line' id='line_1_13' title="bbox 683 1268 3825 1350; baseline 0 -22"><span class='ocrx_word' id='word_1_143' title='bbox 683 1275 938 1329; x_wconf 88' lang='lat' dir='ltr'><strong>Chronici</strong></span> <span class='ocrx_word' id='word_1_144' title='bbox 965 1275 1182 1329; x_wconf 86' lang='lat' dir='ltr'><strong>titulum</strong></span> <span class='ocrx_word' id='word_1_145' title='bbox 1211 1274 1403 1329; x_wconf 88' lang='lat' dir='ltr'><strong>huicce</strong></span> <span class='ocrx_word' id='word_1_146' title='bbox 1430 1275 1659 1329; x_wconf 65' lang='lat' dir='ltr'><strong>Zonaras</strong></span> <span class='ocrx_word' id='word_1_147' title='bbox 1684 1268 1927 1345; x_wconf 69' lang='lat' dir='ltr'><strong>historiae</strong></span> <span class='ocrx_word' id='word_1_148' title='bbox 1972 1274 2326 1350; x_wconf 79' lang='lat' dir='ltr'><strong>ascripsimus</strong></span> <span class='ocrx_word' id='word_1_149' title='bbox 2361 1272 2823 1342; x_wconf 85' lang='lat' dir='ltr'><strong>quemadmodum</strong></span> <span class='ocrx_word' id='word_1_150' title='bbox 2862 1272 3110 1327; x_wconf 78' lang='lat' dir='ltr'><strong>Wolﬁus.</strong></span> <span class='ocrx_word' id='word_1_151' title='bbox 3156 1274 3287 1327; x_wconf 78' lang='lat' dir='ltr'><strong>Nam</strong></span> <span class='ocrx_word' id='word_1_152' title='bbox 3320 1288 3376 1328; x_wconf 90' lang='lat' dir='ltr'><strong>et</strong></span> <span class='ocrx_word' id='word_1_153' title='bbox 3404 1276 3477 1329; x_wconf 86' lang='lat' dir='ltr'><strong>ita</strong></span> <span class='ocrx_word' id='word_1_154' title='bbox 3508 1277 3764 1349; x_wconf 86' lang='lat' dir='ltr'><strong>laudatur</strong></span> <span class='ocrx_word' id='word_1_155' title='bbox 3796 1294 3825 1328; x_wconf 76' lang='grc' dir='ltr'><strong>τι</strong></span> 
     </span>
    </p>
   </div>
   <div class='ocr_carea' id='block_1_14' title="bbox 612 1360 2207 1439">
    <p class='ocr_par' dir='ltr' id='par_1_14' title="bbox 612 1360 2207 1439">
     <span class='ocr_line' id='line_1_14' title="bbox 612 1360 2207 1439; baseline 0.005 -23"><span class='ocrx_word' id='word_1_156' title='bbox 612 1362 871 1417; x_wconf 77' lang='lat' dir='ltr'><strong>Michaele</strong></span> <span class='ocrx_word' id='word_1_157' title='bbox 900 1361 1060 1432; x_wconf 83' lang='lat' dir='ltr'><strong>Glyca</strong></span> <span class='ocrx_word' id='word_1_158' title='bbox 1088 1361 1140 1414; x_wconf 92' lang='lat' dir='ltr'><strong>in</strong></span> <span class='ocrx_word' id='word_1_159' title='bbox 1160 1360 1464 1415; x_wconf 81' lang='lat' dir='ltr'><strong>Annalibus</strong></span> <span class='ocrx_word' id='word_1_160' title='bbox 1496 1379 1511 1418; x_wconf 86' lang='lat'><strong>:</strong></span> <span class='ocrx_word' id='word_1_161' title='bbox 1656 1361 1914 1431; x_wconf 80' lang='grc' dir='ltr'><strong>Ζωναρᾶς</strong></span> <span class='ocrx_word' id='word_1_162' title='bbox 1948 1362 2009 1413; x_wconf 67' lang='grc' dir='ltr'><strong>ὲν</strong></span> <span class='ocrx_word' id='word_1_163' title='bbox 2042 1362 2116 1427; x_wconf 86' lang='grc' dir='ltr'>τῷ</span> <span class='ocrx_word' id='word_1_164' title='bbox 2153 1378 2207 1431; x_wconf 77' lang='grc' dir='ltr'><strong>χε</strong></span> 
     </span>
    </p>
   </div>
   <div class='ocr_carea' id='block_1_15' title="bbox 2230 1360 3825 1439">
    <p class='ocr_par' dir='ltr' id='par_1_15' title="bbox 2230 1360 3825 1433">
     <span class='ocr_line' id='line_1_15' title="bbox 2230 1360 3825 1433; baseline 0.003 -22"><span class='ocrx_word' id='word_1_165' title='bbox 2230 1360 2385 1428; x_wconf 69' lang='grc' dir='ltr'><strong>ονικῷ</strong></span> <span class='ocrx_word' id='word_1_166' title='bbox 2417 1360 2846 1427; x_wconf 72' lang='grc' dir='ltr'><strong>συντάγματι,θι</strong></span> <span class='ocrx_word' id='word_1_167' title='bbox 2873 1360 2927 1412; x_wconf 88' lang='lat' dir='ltr'><strong>in</strong></span> <span class='ocrx_word' id='word_1_168' title='bbox 2959 1360 3130 1428; x_wconf 86' lang='lat' dir='ltr'><strong>altero</strong></span> <span class='ocrx_word' id='word_1_169' title='bbox 3164 1376 3194 1413; x_wconf 86' lang='lat' dir='ltr'><strong>e</strong></span> <span class='ocrx_word' id='word_1_170' title='bbox 3224 1361 3507 1416; x_wconf 83' lang='lat' dir='ltr'><strong>codicibus</strong></span> <span class='ocrx_word' id='word_1_171' title='bbox 3538 1363 3740 1433; x_wconf 74' lang='lat' dir='ltr'><strong>Regiis,</strong></span> <span class='ocrx_word' id='word_1_172' title='bbox 3769 1365 3825 1415; x_wconf 86' lang='lat' dir='ltr'><strong>in</strong></span> 
     </span>
    </p>
   </div>
   <div class='ocr_carea' id='block_1_16' title="bbox 612 1445 2207 1520">
    <p class='ocr_par' dir='ltr' id='par_1_16' title="bbox 612 1449 2207 1520">
     <span class='ocr_line' id='line_1_16' title="bbox 612 1449 2207 1520; baseline -0.002 -17"><span class='ocrx_word' id='word_1_173' title='bbox 612 1465 721 1520; x_wconf 89' lang='lat' dir='ltr'><strong>quo</strong></span> <span class='ocrx_word' id='word_1_174' title='bbox 748 1450 989 1505; x_wconf 84' lang='lat' dir='ltr'><strong>secunda</strong></span> <span class='ocrx_word' id='word_1_175' title='bbox 1015 1450 1279 1504; x_wconf 80' lang='lat' dir='ltr'><strong>duntaxat</strong></span> <span class='ocrx_word' id='word_1_176' title='bbox 1310 1465 1438 1519; x_wconf 85' lang='lat' dir='ltr'><strong>pars</strong></span> <span class='ocrx_word' id='word_1_177' title='bbox 1467 1450 1806 1514; x_wconf 83' lang='lat' dir='ltr'><strong>continetur,</strong></span> <span class='ocrx_word' id='word_1_178' title='bbox 1840 1449 1955 1504; x_wconf 65' lang='lat' dir='ltr'><strong>haec</strong></span> <span class='ocrx_word' id='word_1_179' title='bbox 1981 1450 2145 1504; x_wconf 87' lang='lat' dir='ltr'><strong>verba</strong></span> <span class='ocrx_word' id='word_1_180' title='bbox 2173 1450 2207 1501; x_wconf 82' lang='lat' dir='ltr'><strong>ii</strong></span> 
     </span>
    </p>
   </div>
   <div class='ocr_carea' id='block_1_17' title="bbox 2232 1445 3827 1520">
    <p class='ocr_par' dir='ltr' id='par_1_17' title="bbox 2254 1445 3827 1517">
     <span class='ocr_line' id='line_1_17' title="bbox 2254 1445 3827 1517; baseline 0 -17"><span class='ocrx_word' id='word_1_181' title='bbox 2254 1447 2433 1500; x_wconf 82' lang='lat' dir='ltr'><strong>fronte</strong></span> <span class='ocrx_word' id='word_1_182' title='bbox 2466 1446 2759 1514; x_wconf 87' lang='lat' dir='ltr'><strong>leguntur:</strong></span> <span class='ocrx_word' id='word_1_183' title='bbox 2790 1446 2861 1496; x_wconf 76' lang='grc' dir='ltr'><strong>Τὸ</strong></span> <span class='ocrx_word' id='word_1_184' title='bbox 2877 1446 3048 1515; x_wconf 80' lang='grc' dir='ltr'><strong>παρὸν</strong></span> <span class='ocrx_word' id='word_1_185' title='bbox 3079 1445 3280 1515; x_wconf 75' lang='grc' dir='ltr'><strong>βιϐλίον</strong></span> <span class='ocrx_word' id='word_1_186' title='bbox 3308 1449 3671 1517; x_wconf 62' lang='grc' dir='ltr'><strong>χρονογράφος</strong></span> <span class='ocrx_word' id='word_1_187' title='bbox 3707 1450 3827 1501; x_wconf 80' lang='lat' dir='ltr'><strong>6w.-</strong></span> 
     </span>
    </p>
   </div>
   <div class='ocr_carea' id='block_1_18' title="bbox 614 1529 3828 1606">
    <p class='ocr_par' dir='ltr' id='par_1_18' title="bbox 614 1529 3828 1606">
     <span class='ocr_line' id='line_1_18' title="bbox 614 1529 3828 1606; baseline 0 -15"><span class='ocrx_word' id='word_1_188' title='bbox 614 1536 864 1606; x_wconf 78' lang='grc' dir='ltr'><strong>μάζεται.</strong></span> <span class='ocrx_word' id='word_1_189' title='bbox 892 1536 1093 1591; x_wconf 72' lang='lat' dir='ltr'><strong>Verum</strong></span> <span class='ocrx_word' id='word_1_190' title='bbox 1124 1536 1177 1588; x_wconf 91' lang='lat' dir='ltr'><strong>in</strong></span> <span class='ocrx_word' id='word_1_191' title='bbox 1213 1536 1404 1590; x_wconf 83' lang='lat' dir='ltr'><strong>codice</strong></span> <span class='ocrx_word' id='word_1_192' title='bbox 1434 1529 1768 1599; x_wconf 75' lang='lat' dir='ltr'><strong>Viennensi,</strong></span> <span class='ocrx_word' id='word_1_193' title='bbox 1810 1550 1920 1603; x_wconf 92' lang='lat' dir='ltr'><strong>quo</strong></span> <span class='ocrx_word' id='word_1_194' title='bbox 1966 1551 2096 1588; x_wconf 75' lang='lat' dir='ltr'><strong>usus</strong></span> <span class='ocrx_word' id='word_1_195' title='bbox 2137 1545 2222 1589; x_wconf 91' lang='lat' dir='ltr'><strong>cst</strong></span> <span class='ocrx_word' id='word_1_196' title='bbox 2260 1532 2489 1588; x_wconf 78' lang='lat' dir='ltr'><strong>Wolﬁus</strong></span> <span class='ocrx_word' id='word_1_197' title='bbox 2514 1571 2527 1593; x_wconf 91' lang='lat'><strong>,</strong></span> <span class='ocrx_word' id='word_1_198' title='bbox 2571 1532 2676 1584; x_wconf 88' lang='lat' dir='ltr'><strong>alia</strong></span> <span class='ocrx_word' id='word_1_199' title='bbox 2733 1532 2967 1586; x_wconf 88' lang='lat' dir='ltr'><strong>habetur</strong></span> <span class='ocrx_word' id='word_1_200' title='bbox 3012 1533 3305 1602; x_wconf 83' lang='lat' dir='ltr'><strong>epigraphe</strong></span> <span class='ocrx_word' id='word_1_201' title='bbox 3329 1572 3342 1596; x_wconf 90' lang='lat'><strong>,</strong></span> <span class='ocrx_word' id='word_1_202' title='bbox 3382 1532 3529 1588; x_wconf 87' lang='lat' dir='ltr'><strong>hisce</strong></span> <span class='ocrx_word' id='word_1_203' title='bbox 3565 1536 3828 1592; x_wconf 78' lang='lat' dir='ltr'><strong>videlicet</strong></span> 
     </span>
    </p>
   </div>
   <div class='ocr_carea' id='block_1_19' title="bbox 536 1619 2131 1690">
    <p class='ocr_par' dir='ltr' id='par_1_19' title="bbox 536 1619 2125 1689">
     <span class='ocr_line' id='line_1_19' title="bbox 536 1619 2125 1689; baseline -0.002 -16"><span class='ocrx_word' id='word_1_204' title='bbox 536 1662 539 1663; x_wconf 43' lang='grc' dir='ltr'><em>ν</em></span> <span class='ocrx_word' id='word_1_205' title='bbox 610 1622 837 1675; x_wconf 76' lang='lat' dir='ltr'><strong>vocibus</strong></span> <span class='ocrx_word' id='word_1_206' title='bbox 869 1631 1163 1689; x_wconf 88' lang='lat' dir='ltr'><strong>concepta:</strong></span> <span class='ocrx_word' id='word_1_207' title='bbox 1208 1620 1473 1689; x_wconf 79' lang='grc' dir='ltr'><strong>Ἐπιτομὴ</strong></span> <span class='ocrx_word' id='word_1_208' title='bbox 1504 1620 1750 1688; x_wconf 79' lang='grc' dir='ltr'><strong>ἱστοριῶν</strong></span> <span class='ocrx_word' id='word_1_209' title='bbox 1808 1619 2125 1685; x_wconf 75' lang='grc' dir='ltr'><strong>συλλεγεῖσα</strong></span> 
     </span>
    </p>
   </div>
   <div class='ocr_carea' id='block_1_20' title="bbox 2231 1619 3826 1690">
    <p class='ocr_par' dir='ltr' id='par_1_20' title="bbox 2231 1619 3826 1690">
     <span class='ocr_line' id='line_1_20' title="bbox 2231 1619 3826 1690; baseline 0.004 -22"><span class='ocrx_word' id='word_1_210' title='bbox 2231 1620 2697 1687; x_wconf 72' lang='grc' dir='ltr'><strong>ιὶ.συγγραφεῑσα</strong></span> <span class='ocrx_word' id='word_1_211' title='bbox 2746 1620 2895 1687; x_wconf 66' lang='grc' dir='ltr'><strong>παρὰ</strong></span> <span class='ocrx_word' id='word_1_212' title='bbox 2953 1619 3044 1671; x_wconf 82' lang='grc' dir='ltr'><strong>τοῦ</strong></span> <span class='ocrx_word' id='word_1_213' title='bbox 3099 1619 3404 1685; x_wconf 80' lang='grc' dir='ltr'><strong>σοφωτάτου</strong></span> <span class='ocrx_word' id='word_1_214' title='bbox 3450 1624 3682 1690; x_wconf 86' lang='grc' dir='ltr'><strong>μοναχοῦ</strong></span> <span class='ocrx_word' id='word_1_215' title='bbox 3724 1624 3826 1675; x_wconf 61' lang='lat' dir='ltr'><strong>rw”;</strong></span> 
     </span>
    </p>
   </div>
   <div class='ocr_carea' id='block_1_21' title="bbox 611 1694 3827 1781">
    <p class='ocr_par' dir='ltr' id='par_1_21' title="bbox 611 1694 3827 1781">
     <span class='ocr_line' id='line_1_21' title="bbox 611 1694 3827 1781; baseline 0 -20"><span class='ocrx_word' id='word_1_216' title='bbox 611 1710 865 1778; x_wconf 85' lang='grc' dir='ltr'><strong>Ζωναρᾶ,</strong></span> <span class='ocrx_word' id='word_1_217' title='bbox 900 1706 994 1759; x_wconf 81' lang='grc' dir='ltr'><strong>τοῦ</strong></span> <span class='ocrx_word' id='word_1_218' title='bbox 1043 1708 1321 1774; x_wconf 78' lang='grc' dir='ltr'><strong>γεγονότος</strong></span> <span class='ocrx_word' id='word_1_219' title='bbox 1362 1706 1597 1781; x_wconf 73' lang='grc' dir='ltr'><strong>μεγάλοο</strong></span> <span class='ocrx_word' id='word_1_220' title='bbox 1654 1705 2015 1781; x_wconf 69' lang='grc' dir='ltr'><strong>δροιιγγαρίου</strong></span> <span class='ocrx_word' id='word_1_221' title='bbox 2043 1706 2141 1771; x_wconf 66' lang='grc' dir='ltr'><strong>τῆξ</strong></span> <span class='ocrx_word' id='word_1_222' title='bbox 2181 1704 2371 1772; x_wconf 74' lang='grc' dir='ltr'>βίγλας</span> <span class='ocrx_word' id='word_1_223' title='bbox 2420 1706 2516 1757; x_wconf 80' lang='grc' dir='ltr'><strong>καὶ</strong></span> <span class='ocrx_word' id='word_1_224' title='bbox 2575 1694 3084 1778; x_wconf 54' lang='grc' dir='ltr'><strong>πρωτοασηιιρῖπις.</strong></span> <span class='ocrx_word' id='word_1_225' title='bbox 3135 1706 3199 1759; x_wconf 89' lang='lat' dir='ltr'><strong>Et</strong></span> <span class='ocrx_word' id='word_1_226' title='bbox 3254 1723 3385 1761; x_wconf 87' lang='lat' dir='ltr'><strong>sane</strong></span> <span class='ocrx_word' id='word_1_227' title='bbox 3433 1711 3827 1778; x_wconf 83' lang='lat' dir='ltr'><strong>compendium</strong></span> 
     </span>
    </p>
   </div>
   <div class='ocr_carea' id='block_1_22' title="bbox 609 1783 2204 1871">
    <p class='ocr_par' dir='ltr' id='par_1_22' title="bbox 609 1785 2204 1862">
     <span class='ocr_line' id='line_1_22' title="bbox 609 1785 2204 1862; baseline -0.006 -14"><span class='ocrx_word' id='word_1_228' title='bbox 609 1794 850 1850; x_wconf 65' lang='lat' dir='ltr'><strong>historiae</strong></span> <span class='ocrx_word' id='word_1_229' title='bbox 902 1794 1144 1848; x_wconf 82' lang='lat' dir='ltr'><strong>scribere</strong></span> <span class='ocrx_word' id='word_1_230' title='bbox 1187 1808 1243 1846; x_wconf 88' lang='lat' dir='ltr'><strong>se</strong></span> <span class='ocrx_word' id='word_1_231' title='bbox 1280 1792 1563 1862; x_wconf 76' lang='lat' dir='ltr'><strong>proﬁtetur</strong></span> <span class='ocrx_word' id='word_1_232' title='bbox 1618 1785 2204 1860; x_wconf 53' lang='lat' dir='ltr'><strong>ipseZonarar‘Epol</strong></span> 
     </span>
    </p>
   </div>
   <div class='ocr_carea' id='block_1_23' title="bbox 2233 1783 3828 1871">
    <p class='ocr_par' dir='ltr' id='par_1_23' title="bbox 2267 1783 3828 1871">
     <span class='ocr_line' id='line_1_23' title="bbox 2267 1783 3828 1871; baseline 0.003 -28"><span class='ocrx_word' id='word_1_233' title='bbox 2267 1792 2312 1844; x_wconf 78' lang='grc' dir='ltr'><strong>δ’</strong></span> <span class='ocrx_word' id='word_1_234' title='bbox 2344 1791 2607 1863; x_wconf 70' lang='grc' dir='ltr'><strong>ἐπιτομὴν</strong></span> <span class='ocrx_word' id='word_1_235' title='bbox 2654 1783 2903 1862; x_wconf 51' lang='lat' dir='ltr'><strong>inagis:</strong></span> <span class='ocrx_word' id='word_1_236' title='bbox 2928 1793 3274 1871; x_wconf 59' lang='grc' dir='ltr'><strong>πεποιημένῳ</strong></span> <span class='ocrx_word' id='word_1_237' title='bbox 3322 1797 3429 1855; x_wconf 56' lang='grc' dir='ltr'><strong>οὐκ</strong></span> <span class='ocrx_word' id='word_1_238' title='bbox 3456 1797 3671 1849; x_wconf 74' lang='grc' dir='ltr'><strong>ἐπέοικε</strong></span> <span class='ocrx_word' id='word_1_239' title='bbox 3722 1786 3828 1866; x_wconf 52' lang='lat' dir='ltr'><strong>vi};</strong></span> 
     </span>
    </p>
   </div>
   <div class='ocr_carea' id='block_1_24' title="bbox 610 1876 3440 1951">
    <p class='ocr_par' dir='ltr' id='par_1_24' title="bbox 610 1876 3440 1951">
     <span class='ocr_line' id='line_1_24' title="bbox 610 1876 3440 1951; baseline -0.008 -15"><span class='ocrx_word' id='word_1_240' title='bbox 610 1881 993 1951; x_wconf 77' lang='grc' dir='ltr'><strong>πραγματείαν</strong></span> <span class='ocrx_word' id='word_1_241' title='bbox 1024 1879 1213 1933; x_wconf 82' lang='grc' dir='ltr'><strong>θέσθαι</strong></span> <span class='ocrx_word' id='word_1_242' title='bbox 1245 1880 1591 1947; x_wconf 79' lang='grc' dir='ltr'><strong>πολύστιχον,</strong></span> <span class='ocrx_word' id='word_1_243' title='bbox 1630 1888 1739 1930; x_wconf 91' lang='lat' dir='ltr'><strong>etc.</strong></span> <span class='ocrx_word' id='word_1_244' title='bbox 1770 1877 1905 1946; x_wconf 72' lang='grc'><strong>(21).</strong></span> <span class='ocrx_word' id='word_1_245' title='bbox 2940 1888 2944 1892; x_wconf 52' lang='grc' dir='ltr'>δ</span> <span class='ocrx_word' id='word_1_246' title='bbox 3206 1894 3217 1907; x_wconf 60' lang='grc' dir='ltr'><strong>η.</strong></span> <span class='ocrx_word' id='word_1_247' title='bbox 3318 1887 3327 1905; x_wconf 86' lang='lat'><strong>.-</strong></span> <span class='ocrx_word' id='word_1_248' title='bbox 3437 1876 3440 1881; x_wconf 74' lang='lat'><strong>‘</strong></span> 
     </span>
    </p>
   </div>
   <div class='ocr_carea' id='block_1_25' title="bbox 682 1968 3821 2044">
    <p class='ocr_par' dir='ltr' id='par_1_25' title="bbox 682 1968 3821 2044">
     <span class='ocr_line' id='line_1_25' title="bbox 682 1968 3821 2044; baseline -0 -15"><span class='ocrx_word' id='word_1_249' title='bbox 682 1975 1006 2029; x_wconf 88' lang='lat' dir='ltr'><strong>Universum</strong></span> <span class='ocrx_word' id='word_1_250' title='bbox 1055 1989 1186 2025; x_wconf 89' lang='lat' dir='ltr'><strong>vero</strong></span> <span class='ocrx_word' id='word_1_251' title='bbox 1230 1986 1370 2040; x_wconf 90' lang='lat' dir='ltr'><strong>opus</strong></span> <span class='ocrx_word' id='word_1_252' title='bbox 1396 1968 1532 2022; x_wconf 89' lang='lat' dir='ltr'><strong>duas</strong></span> <span class='ocrx_word' id='word_1_253' title='bbox 1558 1968 1608 2022; x_wconf 89' lang='lat' dir='ltr'><strong>in</strong></span> <span class='ocrx_word' id='word_1_254' title='bbox 1648 1980 1831 2038; x_wconf 87' lang='lat' dir='ltr'><strong>partes</strong></span> <span class='ocrx_word' id='word_1_255' title='bbox 1872 1968 2194 2023; x_wconf 88' lang='lat' dir='ltr'><strong>distribuit:</strong></span> <span class='ocrx_word' id='word_1_256' title='bbox 2238 1984 2300 2022; x_wconf 90' lang='lat' dir='ltr'><strong>ac</strong></span> <span class='ocrx_word' id='word_1_257' title='bbox 2337 1971 2391 2027; x_wconf 88' lang='lat' dir='ltr'><strong>in</strong></span> <span class='ocrx_word' id='word_1_258' title='bbox 2430 1971 2598 2039; x_wconf 90' lang='lat' dir='ltr'><strong>priori</strong></span> <span class='ocrx_word' id='word_1_259' title='bbox 2648 1972 2869 2040; x_wconf 77' lang='lat' dir='ltr'><strong>quidem</strong></span> <span class='ocrx_word' id='word_1_260' title='bbox 2906 1972 3151 2025; x_wconf 76' lang='lat' dir='ltr'><strong>historia:</strong></span> <span class='ocrx_word' id='word_1_261' title='bbox 3180 1988 3342 2041; x_wconf 88' lang='lat' dir='ltr'><strong>quam</strong></span> <span class='ocrx_word' id='word_1_262' title='bbox 3376 1973 3537 2044; x_wconf 83' lang='lat' dir='ltr'><strong>vulgo</strong></span> <span class='ocrx_word' id='word_1_263' title='bbox 3566 1988 3821 2029; x_wconf 86' lang='lat' dir='ltr'><strong>sanctam</strong></span> 
     </span>
    </p>
   </div>
   <div class='ocr_carea' id='block_1_26' title="bbox 606 2054 3827 2129">
    <p class='ocr_par' dir='ltr' id='par_1_26' title="bbox 606 2054 3827 2129">
     <span class='ocr_line' id='line_1_26' title="bbox 606 2054 3827 2129; baseline 0 -13"><span class='ocrx_word' id='word_1_264' title='bbox 606 2070 808 2116; x_wconf 72' lang='lat' dir='ltr'><strong>vocant</strong></span> <span class='ocrx_word' id='word_1_265' title='bbox 833 2075 897 2114; x_wconf 75' lang='lat' dir='ltr'><strong>ex</strong></span> <span class='ocrx_word' id='word_1_266' title='bbox 924 2060 1095 2113; x_wconf 83' lang='lat' dir='ltr'><strong>sacris</strong></span> <span class='ocrx_word' id='word_1_267' title='bbox 1123 2059 1303 2113; x_wconf 87' lang='lat' dir='ltr'><strong>Libris</strong></span> <span class='ocrx_word' id='word_1_268' title='bbox 1326 2066 1382 2110; x_wconf 88' lang='lat' dir='ltr'><strong>et</strong></span> <span class='ocrx_word' id='word_1_269' title='bbox 1412 2072 1477 2110; x_wconf 85' lang='lat' dir='ltr'><strong>ex</strong></span> <span class='ocrx_word' id='word_1_270' title='bbox 1506 2055 1731 2125; x_wconf 91' lang='lat' dir='ltr'><strong>Josephi</strong></span> <span class='ocrx_word' id='word_1_271' title='bbox 1764 2054 2139 2126; x_wconf 72' lang='lat' dir='ltr'><strong>Arehamlogia</strong></span> <span class='ocrx_word' id='word_1_272' title='bbox 2169 2057 2556 2125; x_wconf 66' lang='lat' dir='ltr'><strong>compendium</strong></span> <span class='ocrx_word' id='word_1_273' title='bbox 2582 2059 2920 2129; x_wconf 84' lang='lat' dir='ltr'><strong>complexus,</strong></span> <span class='ocrx_word' id='word_1_274' title='bbox 2964 2069 3077 2112; x_wconf 91' lang='lat' dir='ltr'><strong>tum</strong></span> <span class='ocrx_word' id='word_1_275' title='bbox 3109 2076 3194 2115; x_wconf 87' lang='lat' dir='ltr'><strong>res</strong></span> <span class='ocrx_word' id='word_1_276' title='bbox 3226 2060 3538 2116; x_wconf 67' lang='lat' dir='ltr'><strong>Graecorum</strong></span> <span class='ocrx_word' id='word_1_277' title='bbox 3570 2072 3827 2118; x_wconf 83' lang='lat' dir='ltr'><strong>veterum</strong></span> 
     </span>
    </p>
   </div>
   <div class='ocr_carea' id='block_1_27' title="bbox 609 2132 3830 2218">
    <p class='ocr_par' dir='ltr' id='par_1_27' title="bbox 609 2132 3830 2218">
     <span class='ocr_line' id='line_1_27' title="bbox 609 2132 3830 2218; baseline 0 -15"><span class='ocrx_word' id='word_1_278' title='bbox 609 2149 805 2218; x_wconf 80' lang='lat' dir='ltr'><strong>tangit,</strong></span> <span class='ocrx_word' id='word_1_279' title='bbox 837 2163 899 2201; x_wconf 87' lang='lat' dir='ltr'><strong>ac</strong></span> <span class='ocrx_word' id='word_1_280' title='bbox 936 2138 1305 2199; x_wconf 69' lang='lat' dir='ltr'><strong>Romanorum</strong></span> <span class='ocrx_word' id='word_1_281' title='bbox 1338 2144 1539 2199; x_wconf 88' lang='lat' dir='ltr'><strong>deinde</strong></span> <span class='ocrx_word' id='word_1_282' title='bbox 1570 2144 1636 2197; x_wconf 90' lang='lat' dir='ltr'><strong>ad</strong></span> <span class='ocrx_word' id='word_1_283' title='bbox 1665 2158 1729 2197; x_wconf 87' lang='lat' dir='ltr'><strong>ea</strong></span> <span class='ocrx_word' id='word_1_284' title='bbox 1758 2158 1939 2211; x_wconf 83' lang='lat' dir='ltr'><strong>usque</strong></span> <span class='ocrx_word' id='word_1_285' title='bbox 1993 2152 2241 2212; x_wconf 88' lang='lat' dir='ltr'><strong>tempora</strong></span> <span class='ocrx_word' id='word_1_286' title='bbox 2291 2143 2580 2197; x_wconf 87' lang='lat' dir='ltr'><strong>historiam</strong></span> <span class='ocrx_word' id='word_1_287' title='bbox 2621 2143 2897 2214; x_wconf 81' lang='lat' dir='ltr'><strong>perducit,</strong></span> <span class='ocrx_word' id='word_1_288' title='bbox 2934 2147 3134 2215; x_wconf 87' lang='lat' dir='ltr'><strong>quibus</strong></span> <span class='ocrx_word' id='word_1_289' title='bbox 3176 2162 3265 2202; x_wconf 86' lang='lat' dir='ltr'><strong>res</strong></span> <span class='ocrx_word' id='word_1_290' title='bbox 3309 2132 3529 2216; x_wconf 87' lang='lat' dir='ltr'><strong>publica</strong></span> <span class='ocrx_word' id='word_1_291' title='bbox 3566 2149 3620 2203; x_wconf 90' lang='lat' dir='ltr'><strong>in</strong></span> <span class='ocrx_word' id='word_1_292' title='bbox 3655 2150 3830 2204; x_wconf 76' lang='lat' dir='ltr'><strong>unius</strong></span> 
     </span>
    </p>
   </div>
   <div class='ocr_carea' id='block_1_28' title="bbox 610 2229 3828 2311">
    <p class='ocr_par' dir='ltr' id='par_1_28' title="bbox 610 2229 3828 2311">
     <span class='ocr_line' id='line_1_28' title="bbox 610 2229 3828 2311; baseline 0.001 -21"><span class='ocrx_word' id='word_1_293' title='bbox 610 2236 1142 2291; x_wconf 82' lang='lat' dir='ltr'><strong>administrationem</strong></span> <span class='ocrx_word' id='word_1_294' title='bbox 1175 2248 1269 2285; x_wconf 89' lang='lat' dir='ltr'><strong>seu</strong></span> <span class='ocrx_word' id='word_1_295' title='bbox 1308 2230 1682 2285; x_wconf 89' lang='lat' dir='ltr'><strong>monarchiam</strong></span> <span class='ocrx_word' id='word_1_296' title='bbox 1718 2229 1939 2297; x_wconf 88' lang='lat' dir='ltr'><strong>delapsa</strong></span> <span class='ocrx_word' id='word_1_297' title='bbox 1964 2239 2067 2284; x_wconf 85' lang='lat' dir='ltr'><strong>est.</strong></span> <span class='ocrx_word' id='word_1_298' title='bbox 2096 2230 2335 2284; x_wconf 72' lang='lat' dir='ltr'><strong>Alteram</strong></span> <span class='ocrx_word' id='word_1_299' title='bbox 2364 2239 2545 2284; x_wconf 87' lang='lat' dir='ltr'><strong>autem</strong></span> <span class='ocrx_word' id='word_1_300' title='bbox 2575 2247 2604 2287; x_wconf 88' lang='lat' dir='ltr'><strong>a</strong></span> <span class='ocrx_word' id='word_1_301' title='bbox 2640 2234 2989 2287; x_wconf 88' lang='lat' dir='ltr'><strong>triumviratu</strong></span> <span class='ocrx_word' id='word_1_302' title='bbox 3026 2235 3264 2311; x_wconf 76' lang='lat' dir='ltr'><strong>orditur,</strong></span> <span class='ocrx_word' id='word_1_303' title='bbox 3297 2251 3359 2290; x_wconf 87' lang='lat' dir='ltr'><strong>ac</strong></span> <span class='ocrx_word' id='word_1_304' title='bbox 3393 2238 3680 2291; x_wconf 83' lang='lat' dir='ltr'><strong>recensitis</strong></span> <span class='ocrx_word' id='word_1_305' title='bbox 3705 2238 3828 2292; x_wconf 80' lang='lat' dir='ltr'><strong>sin-</strong></span> 
     </span>
    </p>
   </div>
   <div class='ocr_carea' id='block_1_29' title="bbox 611 2315 3829 2395">
    <p class='ocr_par' dir='ltr' id='par_1_29' title="bbox 611 2315 3829 2395">
     <span class='ocr_line' id='line_1_29' title="bbox 611 2315 3829 2395; baseline 0.001 -19"><span class='ocrx_word' id='word_1_306' title='bbox 611 2324 861 2393; x_wconf 77' lang='lat' dir='ltr'><strong>gulorum</strong></span> <span class='ocrx_word' id='word_1_307' title='bbox 918 2322 1309 2390; x_wconf 85' lang='lat' dir='ltr'><strong>imperatorum</strong></span> <span class='ocrx_word' id='word_1_308' title='bbox 1364 2318 1531 2389; x_wconf 78' lang='lat' dir='ltr'><strong>gestis</strong></span> <span class='ocrx_word' id='word_1_309' title='bbox 1573 2330 1746 2385; x_wconf 84' lang='lat' dir='ltr'><strong>usque</strong></span> <span class='ocrx_word' id='word_1_310' title='bbox 1785 2315 1852 2369; x_wconf 86' lang='lat' dir='ltr'><strong>ad</strong></span> <span class='ocrx_word' id='word_1_311' title='bbox 1882 2315 2056 2369; x_wconf 88' lang='lat' dir='ltr'><strong>Alexii</strong></span> <span class='ocrx_word' id='word_1_312' title='bbox 2098 2315 2364 2371; x_wconf 85' lang='lat' dir='ltr'><strong>Comneui</strong></span> <span class='ocrx_word' id='word_1_313' title='bbox 2415 2319 2624 2373; x_wconf 79' lang='lat' dir='ltr'><strong>exitum</strong></span> <span class='ocrx_word' id='word_1_314' title='bbox 2676 2323 3044 2390; x_wconf 79' lang='lat' dir='ltr'><strong>persequitur.</strong></span> <span class='ocrx_word' id='word_1_315' title='bbox 3087 2323 3139 2378; x_wconf 89' lang='lat' dir='ltr'><strong>id</strong></span> <span class='ocrx_word' id='word_1_316' title='bbox 3183 2331 3267 2377; x_wconf 90' lang='lat' dir='ltr'><strong>est</strong></span> <span class='ocrx_word' id='word_1_317' title='bbox 3300 2324 3366 2378; x_wconf 88' lang='lat' dir='ltr'><strong>ad</strong></span> <span class='ocrx_word' id='word_1_318' title='bbox 3407 2325 3662 2379; x_wconf 62' lang='lat' dir='ltr'><strong>saeclum</strong></span> <span class='ocrx_word' id='word_1_319' title='bbox 3710 2341 3829 2395; x_wconf 87' lang='lat' dir='ltr'><strong>quo</strong></span> 
     </span>
    </p>
   </div>
   <div class='ocr_carea' id='block_1_30' title="bbox 586 2401 3825 2480">
    <p class='ocr_par' dir='ltr' id='par_1_30' title="bbox 586 2401 3825 2480">
     <span class='ocr_line' id='line_1_30' title="bbox 586 2401 3825 2480; baseline 0.001 -16"><span class='ocrx_word' id='word_1_320' title='bbox 586 2413 731 2480; x_wconf 75' lang='lat' dir='ltr'><strong>ipse</strong></span> <span class='ocrx_word' id='word_1_321' title='bbox 768 2411 904 2462; x_wconf 77' lang='lat' dir='ltr'><strong>vixit</strong></span> <span class='ocrx_word' id='word_1_322' title='bbox 936 2407 1309 2460; x_wconf 89' lang='lat' dir='ltr'><strong>undecimum.</strong></span> <span class='ocrx_word' id='word_1_323' title='bbox 1341 2405 1459 2458; x_wconf 85' lang='lat' dir='ltr'><strong>Non</strong></span> <span class='ocrx_word' id='word_1_324' title='bbox 1491 2404 1668 2458; x_wconf 88' lang='lat' dir='ltr'><strong>solum</strong></span> <span class='ocrx_word' id='word_1_325' title='bbox 1691 2402 1838 2455; x_wconf 86' lang='lat' dir='ltr'><strong>enim</strong></span> <span class='ocrx_word' id='word_1_326' title='bbox 1860 2401 2089 2457; x_wconf 88' lang='lat' dir='ltr'><strong>Joannis</strong></span> <span class='ocrx_word' id='word_1_327' title='bbox 2120 2401 2382 2459; x_wconf 87' lang='lat' dir='ltr'><strong>Comneni</strong></span> <span class='ocrx_word' id='word_1_328' title='bbox 2416 2406 2765 2476; x_wconf 75' lang='lat' dir='ltr'><strong>imperatoris</strong></span> <span class='ocrx_word' id='word_1_329' title='bbox 2803 2407 2977 2463; x_wconf 76' lang='lat' dir='ltr'><strong>Alexii</strong></span> <span class='ocrx_word' id='word_1_330' title='bbox 3023 2411 3117 2463; x_wconf 74' lang='lat' dir='ltr'><strong>lilii</strong></span> <span class='ocrx_word' id='word_1_331' title='bbox 3159 2412 3428 2475; x_wconf 84' lang='lat' dir='ltr'><strong>meminit,</strong></span> <span class='ocrx_word' id='word_1_332' title='bbox 3470 2410 3570 2466; x_wconf 88' lang='lat' dir='ltr'><strong>sed</strong></span> <span class='ocrx_word' id='word_1_333' title='bbox 3603 2422 3659 2465; x_wconf 89' lang='lat' dir='ltr'><strong>et</strong></span> <span class='ocrx_word' id='word_1_334' title='bbox 3695 2412 3825 2467; x_wconf 73' lang='lat' dir='ltr'><strong>Ma-</strong></span> 
     </span>
    </p>
   </div>
   <div class='ocr_carea' id='block_1_31' title="bbox 609 2488 3827 2569">
    <p class='ocr_par' dir='ltr' id='par_1_31' title="bbox 609 2488 3827 2569">
     <span class='ocr_line' id='line_1_31' title="bbox 609 2488 3827 2569; baseline 0 -18"><span class='ocrx_word' id='word_1_335' title='bbox 609 2497 771 2551; x_wconf 86' lang='lat' dir='ltr'><strong>nuele</strong></span> <span class='ocrx_word' id='word_1_336' title='bbox 804 2496 1032 2550; x_wconf 81' lang='lat' dir='ltr'><strong>Joannis</strong></span> <span class='ocrx_word' id='word_1_337' title='bbox 1064 2494 1176 2548; x_wconf 83' lang='lat' dir='ltr'><strong>tilio</strong></span> <span class='ocrx_word' id='word_1_338' title='bbox 1204 2491 1745 2562; x_wconf 53' lang='lat' dir='ltr'><strong>imperante&#39;vixisse</strong></span> <span class='ocrx_word' id='word_1_339' title='bbox 1782 2488 1923 2569; x_wconf 81' lang='lat' dir='ltr'><strong>infra</strong></span> <span class='ocrx_word' id='word_1_340' title='bbox 1960 2489 2237 2563; x_wconf 77' lang='lat' dir='ltr'><strong>docemus.</strong></span> <span class='ocrx_word' id='word_1_341' title='bbox 2282 2491 2552 2546; x_wconf 68' lang='lat' dir='ltr'><strong>Cancrum</strong></span> <span class='ocrx_word' id='word_1_342' title='bbox 2597 2494 2710 2548; x_wconf 64' lang='lat' dir='ltr'><strong>haec</strong></span> <span class='ocrx_word' id='word_1_343' title='bbox 2760 2495 3052 2547; x_wconf 84' lang='lat' dir='ltr'><strong>Annalium</strong></span> <span class='ocrx_word' id='word_1_344' title='bbox 3091 2496 3316 2549; x_wconf 68' lang='lat' dir='ltr'><strong>lunam:</strong></span> <span class='ocrx_word' id='word_1_345' title='bbox 3348 2497 3573 2565; x_wconf 86' lang='lat' dir='ltr'><strong>partitio</strong></span> <span class='ocrx_word' id='word_1_346' title='bbox 3607 2513 3715 2550; x_wconf 88' lang='lat' dir='ltr'><strong>non</strong></span> <span class='ocrx_word' id='word_1_347' title='bbox 3752 2514 3827 2552; x_wconf 79' lang='lat' dir='ltr'><strong>ex</strong></span> 
     </span>
    </p>
   </div>
   <div class='ocr_carea' id='block_1_32' title="bbox 611 2574 3825 2656">
    <p class='ocr_par' dir='ltr' id='par_1_32' title="bbox 611 2574 3825 2656">
     <span class='ocr_line' id='line_1_32' title="bbox 611 2574 3825 2656; baseline -0.001 -15"><span class='ocrx_word' id='word_1_348' title='bbox 611 2590 727 2656; x_wconf 87' lang='lat' dir='ltr'><strong>ipsa</strong></span> <span class='ocrx_word' id='word_1_349' title='bbox 768 2582 931 2638; x_wconf 90' lang='lat' dir='ltr'><strong>modo</strong></span> <span class='ocrx_word' id='word_1_350' title='bbox 966 2581 1295 2656; x_wconf 50' lang='lat' dir='ltr'><strong>Praifatione</strong></span> <span class='ocrx_word' id='word_1_351' title='bbox 1326 2579 1649 2650; x_wconf 89' lang='lat' dir='ltr'><strong>percipitur,</strong></span> <span class='ocrx_word' id='word_1_352' title='bbox 1680 2576 1773 2631; x_wconf 87' lang='lat' dir='ltr'><strong>sed</strong></span> <span class='ocrx_word' id='word_1_353' title='bbox 1800 2578 2101 2647; x_wconf 71' lang='lat' dir='ltr'><strong>praesertim</strong></span> <span class='ocrx_word' id='word_1_354' title='bbox 2128 2592 2193 2631; x_wconf 88' lang='lat' dir='ltr'><strong>ex</strong></span> <span class='ocrx_word' id='word_1_355' title='bbox 2228 2577 2411 2631; x_wconf 86' lang='lat' dir='ltr'><strong>verbis</strong></span> <span class='ocrx_word' id='word_1_356' title='bbox 2438 2578 2644 2645; x_wconf 88' lang='lat' dir='ltr'><strong>quibus</strong></span> <span class='ocrx_word' id='word_1_357' title='bbox 2672 2594 2799 2646; x_wconf 86' lang='lat' dir='ltr'><strong>pars</strong></span> <span class='ocrx_word' id='word_1_358' title='bbox 2828 2574 2979 2648; x_wconf 87' lang='lat' dir='ltr'><strong>prior</strong></span> <span class='ocrx_word' id='word_1_359' title='bbox 3005 2580 3283 2649; x_wconf 78' lang='lat' dir='ltr'><strong>clauditur</strong></span> <span class='ocrx_word' id='word_1_360' title='bbox 3309 2583 3444 2650; x_wconf 71' lang='lat'><strong>(22),</strong></span> <span class='ocrx_word' id='word_1_361' title='bbox 3482 2594 3647 2652; x_wconf 88' lang='lat' dir='ltr'><strong>atque</strong></span> <span class='ocrx_word' id='word_1_362' title='bbox 3682 2586 3825 2639; x_wconf 87' lang='lat' dir='ltr'><strong>adeo</strong></span> 
     </span>
    </p>
   </div>
   <div class='ocr_carea' id='block_1_33' title="bbox 608 2654 2203 2742">
    <p class='ocr_par' dir='ltr' id='par_1_33' title="bbox 608 2654 2199 2740">
     <span class='ocr_line' id='line_1_33' title="bbox 608 2654 2199 2740; baseline -0.006 -13"><span class='ocrx_word' id='word_1_363' title='bbox 608 2654 676 2727; x_wconf 82' lang='lat' dir='ltr'><strong>ex</strong></span> <span class='ocrx_word' id='word_1_364' title='bbox 701 2672 925 2726; x_wconf 85' lang='lat' dir='ltr'><strong>alterius</strong></span> <span class='ocrx_word' id='word_1_365' title='bbox 951 2654 1333 2739; x_wconf 78' lang='lat' dir='ltr'><strong>inscriptione,</strong></span> <span class='ocrx_word' id='word_1_366' title='bbox 1375 2682 1495 2737; x_wconf 75' lang='lat' dir='ltr'><strong>qua:</strong></span> <span class='ocrx_word' id='word_1_367' title='bbox 1518 2667 1573 2720; x_wconf 92' lang='lat' dir='ltr'><strong>in</strong></span> <span class='ocrx_word' id='word_1_368' title='bbox 1603 2665 1824 2735; x_wconf 87' lang='lat' dir='ltr'><strong>scriptis</strong></span> <span class='ocrx_word' id='word_1_369' title='bbox 1852 2664 2139 2740; x_wconf 82' lang='lat' dir='ltr'><strong>codicibus</strong></span> <span class='ocrx_word' id='word_1_370' title='bbox 2168 2664 2199 2715; x_wconf 93' lang='lat' dir='ltr'><strong>h</strong></span> 
     </span>
    </p>
   </div>
   <div class='ocr_carea' id='block_1_34' title="bbox 2245 2654 3840 2742">
    <p class='ocr_par' dir='ltr' id='par_1_34' title="bbox 2245 2658 3840 2742">
     <span class='ocr_line' id='line_1_34' title="bbox 2245 2658 3840 2742; baseline 0.007 -28"><span class='ocrx_word' id='word_1_371' title='bbox 2245 2681 2283 2718; x_wconf 77' lang='lat' dir='ltr'><strong>:c</strong></span> <span class='ocrx_word' id='word_1_372' title='bbox 2306 2666 2471 2720; x_wconf 89' lang='lat' dir='ltr'><strong>verba</strong></span> <span class='ocrx_word' id='word_1_373' title='bbox 2503 2666 2757 2736; x_wconf 65' lang='lat' dir='ltr'><strong>prtefert:</strong></span> <span class='ocrx_word' id='word_1_374' title='bbox 2792 2670 2955 2739; x_wconf 72' lang='grc' dir='ltr'><strong>Ἀρχὴ</strong></span> <span class='ocrx_word' id='word_1_375' title='bbox 3111 2672 3235 2739; x_wconf 77' lang='grc' dir='ltr'>περὶ</span> <span class='ocrx_word' id='word_1_376' title='bbox 3263 2672 3370 2722; x_wconf 85' lang='grc' dir='ltr'><strong>τῶν</strong></span> <span class='ocrx_word' id='word_1_377' title='bbox 3402 2672 3840 2742; x_wconf 81' lang='grc' dir='ltr'><strong>αὐτοκρατόρων.</strong></span> 
     </span>
    </p>
   </div>
   <div class='ocr_carea' id='block_1_35' title="bbox 610 2750 3891 2829">
    <p class='ocr_par' dir='ltr' id='par_1_35' title="bbox 610 2750 3891 2829">
     <span class='ocr_line' id='line_1_35' title="bbox 610 2750 3891 2829; baseline 0 -17"><span class='ocrx_word' id='word_1_378' title='bbox 610 2759 869 2829; x_wconf 68' lang='grc' dir='ltr'><strong>ἱστορίας.</strong></span> <span class='ocrx_word' id='word_1_379' title='bbox 898 2758 1109 2824; x_wconf 80' lang='lat' dir='ltr'><strong>Quibus</strong></span> <span class='ocrx_word' id='word_1_380' title='bbox 1144 2756 1365 2829; x_wconf 84' lang='lat' dir='ltr'><strong>quidem</strong></span> <span class='ocrx_word' id='word_1_381' title='bbox 1399 2754 1628 2829; x_wconf 79' lang='lat' dir='ltr'><strong>vocibus</strong></span> <span class='ocrx_word' id='word_1_382' title='bbox 1658 2754 1723 2811; x_wconf 18' lang='lat' dir='ltr'><strong>in.</strong></span> <span class='ocrx_word' id='word_1_383' title='bbox 1745 2753 1921 2807; x_wconf 80' lang='lat' dir='ltr'><strong>altero</strong></span> <span class='ocrx_word' id='word_1_384' title='bbox 1956 2765 2025 2805; x_wconf 88' lang='lat' dir='ltr'><strong>ex</strong></span> <span class='ocrx_word' id='word_1_385' title='bbox 2067 2751 2251 2820; x_wconf 79' lang='lat' dir='ltr'><strong>Regiis</strong></span> <span class='ocrx_word' id='word_1_386' title='bbox 2281 2750 2429 2822; x_wconf 59' lang='lat' dir='ltr'><strong>ista},</strong></span> <span class='ocrx_word' id='word_1_387' title='bbox 2468 2755 2785 2809; x_wconf 80' lang='lat' dir='ltr'><strong>charactere</strong></span> <span class='ocrx_word' id='word_1_388' title='bbox 2813 2757 2942 2810; x_wconf 87' lang='lat' dir='ltr'><strong>licet</strong></span> <span class='ocrx_word' id='word_1_389' title='bbox 2972 2757 3136 2824; x_wconf 90' lang='lat' dir='ltr'><strong>paulo</strong></span> <span class='ocrx_word' id='word_1_390' title='bbox 3176 2758 3491 2820; x_wconf 88' lang='lat' dir='ltr'><strong>recentiori,</strong></span> <span class='ocrx_word' id='word_1_391' title='bbox 3532 2759 3826 2828; x_wconf 70' lang='lat' dir='ltr'><strong>praeﬂgun-</strong></span> <span class='ocrx_word' id='word_1_392' title='bbox 3890 2752 3891 2759; x_wconf 52' lang='grc'><em>“</em></span> 
     </span>
    </p>
   </div>
   <div class='ocr_carea' id='block_1_36' title="bbox 607 2822 2202 2913">
    <p class='ocr_par' dir='ltr' id='par_1_36' title="bbox 607 2822 2195 2913">
     <span class='ocr_line' id='line_1_36' title="bbox 607 2822 2195 2913; baseline -0.007 -13"><span class='ocrx_word' id='word_1_393' title='bbox 607 2837 699 2900; x_wconf 76' lang='lat' dir='ltr'><strong>tur</strong></span> <span class='ocrx_word' id='word_1_394' title='bbox 770 2822 1025 2913; x_wconf 69' lang='grc' dir='ltr'><strong>Ἱστορίας</strong></span> <span class='ocrx_word' id='word_1_395' title='bbox 1056 2822 1285 2911; x_wconf 44' lang='lat' dir='ltr'><strong>Zeno—apti</strong></span> <span class='ocrx_word' id='word_1_396' title='bbox 1314 2838 1476 2910; x_wconf 66' lang='grc' dir='ltr'><strong>τόμοξ</strong></span> <span class='ocrx_word' id='word_1_397' title='bbox 1494 2822 1744 2910; x_wconf 61' lang='lat' dir='ltr'><strong>enicem;</strong></span> <span class='ocrx_word' id='word_1_398' title='bbox 1776 2840 1871 2891; x_wconf 74' lang='grc' dir='ltr'><strong>καὶ</strong></span> <span class='ocrx_word' id='word_1_399' title='bbox 1891 2836 2195 2900; x_wconf 77' lang='grc' dir='ltr'><strong>τελευταῖος</strong></span> 
     </span>
    </p>
   </div>
   <div class='ocr_carea' id='block_1_37' title="bbox 2229 2822 3824 2913">
    <p class='ocr_par' dir='ltr' id='par_1_37' title="bbox 2251 2822 3824 2911">
     <span class='ocr_line' id='line_1_37' title="bbox 2251 2822 3824 2911; baseline 0.003 -19"><span class='ocrx_word' id='word_1_400' title='bbox 2251 2838 2358 2892; x_wconf 84' lang='lat' dir='ltr'><strong>Sed</strong></span> <span class='ocrx_word' id='word_1_401' title='bbox 2389 2841 2692 2907; x_wconf 67' lang='lat' dir='ltr'><strong>praesertim</strong></span> <span class='ocrx_word' id='word_1_402' title='bbox 2724 2841 2862 2895; x_wconf 84' lang='lat' dir='ltr'><strong>alter</strong></span> <span class='ocrx_word' id='word_1_403' title='bbox 2893 2822 3195 2911; x_wconf 48' lang='lat' dir='ltr'><strong>(Bx—ch-iiS,</strong></span> <span class='ocrx_word' id='word_1_404' title='bbox 3229 2843 3321 2911; x_wconf 92' lang='lat' dir='ltr'><strong>qui</strong></span> <span class='ocrx_word' id='word_1_405' title='bbox 3358 2822 3652 2898; x_wconf 76' lang='lat' dir='ltr'><strong>secundam</strong></span> <span class='ocrx_word' id='word_1_406' title='bbox 3676 2822 3824 2897; x_wconf 76' lang='lat' dir='ltr'><strong>dun-</strong></span> 
     </span>
    </p>
   </div>
   <div class='ocr_carea' id='block_1_38' title="bbox 605 2925 3823 3002">
    <p class='ocr_par' dir='ltr' id='par_1_38' title="bbox 605 2925 3823 3002">
     <span class='ocr_line' id='line_1_38' title="bbox 605 2925 3823 3002; baseline -0.001 -16"><span class='ocrx_word' id='word_1_407' title='bbox 605 2942 758 2987; x_wconf 82' lang='lat' dir='ltr'><strong>taxat</strong></span> <span class='ocrx_word' id='word_1_408' title='bbox 805 2941 1013 3002; x_wconf 87' lang='lat' dir='ltr'><strong>partem</strong></span> <span class='ocrx_word' id='word_1_409' title='bbox 1057 2928 1347 2982; x_wconf 84' lang='lat' dir='ltr'><strong>Annalium</strong></span> <span class='ocrx_word' id='word_1_410' title='bbox 1390 2927 1616 2980; x_wconf 73' lang='lat' dir='ltr'><strong>Zonarze</strong></span> <span class='ocrx_word' id='word_1_411' title='bbox 1656 2925 2061 2994; x_wconf 88' lang='lat' dir='ltr'><strong>complectitur,</strong></span> <span class='ocrx_word' id='word_1_412' title='bbox 2110 2925 2163 2977; x_wconf 92' lang='lat' dir='ltr'><strong>in</strong></span> <span class='ocrx_word' id='word_1_413' title='bbox 2228 2926 2419 3000; x_wconf 84' lang='lat' dir='ltr'><strong>primis</strong></span> <span class='ocrx_word' id='word_1_414' title='bbox 2467 2936 2760 2981; x_wconf 84' lang='lat' dir='ltr'><strong>contextus</strong></span> <span class='ocrx_word' id='word_1_415' title='bbox 2806 2928 2967 2981; x_wconf 87' lang='lat' dir='ltr'><strong>lineis</strong></span> <span class='ocrx_word' id='word_1_416' title='bbox 3011 2928 3153 2981; x_wconf 87' lang='lat' dir='ltr'><strong>hanc</strong></span> <span class='ocrx_word' id='word_1_417' title='bbox 3200 2930 3547 2997; x_wconf 87' lang='lat' dir='ltr'><strong>partitionem</strong></span> <span class='ocrx_word' id='word_1_418' title='bbox 3589 2945 3823 3001; x_wconf 85' lang='lat' dir='ltr'><strong>prorsus</strong></span> 
     </span>
    </p>
   </div>
   <div class='ocr_carea' id='block_1_39' title="bbox 610 3007 2205 3088">
    <p class='ocr_par' dir='ltr' id='par_1_39' title="bbox 610 3010 2205 3088">
     <span class='ocr_line' id='line_1_39' title="bbox 610 3010 2205 3088; baseline -0.006 -14"><span class='ocrx_word' id='word_1_419' title='bbox 610 3020 827 3085; x_wconf 83' lang='lat' dir='ltr'><strong>astruit,</strong></span> <span class='ocrx_word' id='word_1_420' title='bbox 864 3018 917 3071; x_wconf 91' lang='lat' dir='ltr'><strong>in</strong></span> <span class='ocrx_word' id='word_1_421' title='bbox 944 3032 1056 3086; x_wconf 92' lang='lat' dir='ltr'><strong>quo</strong></span> <span class='ocrx_word' id='word_1_422' title='bbox 1088 3016 1323 3084; x_wconf 83' lang='lat' dir='ltr'><strong>scriptor</strong></span> <span class='ocrx_word' id='word_1_423' title='bbox 1350 3015 1422 3067; x_wconf 90' lang='lat' dir='ltr'><strong>ita</strong></span> <span class='ocrx_word' id='word_1_424' title='bbox 1450 3014 1589 3067; x_wconf 88' lang='lat' dir='ltr'><strong>hanc</strong></span> <span class='ocrx_word' id='word_1_425' title='bbox 1616 3012 1830 3088; x_wconf 85' lang='lat' dir='ltr'><strong>orditur</strong></span> <span class='ocrx_word' id='word_1_426' title='bbox 1861 3010 2009 3075; x_wconf 72' lang='grc' dir='ltr'><strong>ε’ΊΞξ</strong></span> <span class='ocrx_word' id='word_1_427' title='bbox 2036 3012 2205 3080; x_wconf 79' lang='grc' dir='ltr'><strong>ἀρχῆς</strong></span> 
     </span>
    </p>
   </div>
   <div class='ocr_carea' id='block_1_40' title="bbox 2225 3007 3820 3088">
    <p class='ocr_par' dir='ltr' id='par_1_40' title="bbox 2237 3007 3820 3086">
     <span class='ocr_line' id='line_1_40' title="bbox 2237 3007 3820 3086; baseline 0.004 -24"><span class='ocrx_word' id='word_1_428' title='bbox 2237 3012 2335 3079; x_wconf 79' lang='grc' dir='ltr'><strong>μὲν</strong></span> <span class='ocrx_word' id='word_1_429' title='bbox 2365 3007 2478 3083; x_wconf 79' lang='grc' dir='ltr'><strong>οὖν,</strong></span> <span class='ocrx_word' id='word_1_430' title='bbox 2502 3012 2577 3073; x_wconf 82' lang='grc' dir='ltr'>ὡς</span> <span class='ocrx_word' id='word_1_431' title='bbox 2610 3014 2667 3063; x_wconf 80' lang='grc' dir='ltr'><strong>ὲν</strong></span> <span class='ocrx_word' id='word_1_432' title='bbox 2697 3016 2762 3081; x_wconf 81' lang='grc' dir='ltr'><strong>τῇ</strong></span> <span class='ocrx_word' id='word_1_433' title='bbox 2800 3013 3038 3082; x_wconf 78' lang='grc' dir='ltr'><strong>προτέρᾳ</strong></span> <span class='ocrx_word' id='word_1_434' title='bbox 3078 3013 3245 3083; x_wconf 76' lang='grc' dir='ltr'><strong>βίϐλῳ</strong></span> <span class='ocrx_word' id='word_1_435' title='bbox 3278 3032 3366 3083; x_wconf 88' lang='grc' dir='ltr'><strong>μοι</strong></span> <span class='ocrx_word' id='word_1_436' title='bbox 3406 3019 3820 3086; x_wconf 79' lang='grc' dir='ltr'><strong>προϊστόρηται,</strong></span> 
     </span>
    </p>
   </div>
   <div class='ocr_carea' id='block_1_41' title="bbox 613 3096 2208 3177">
    <p class='ocr_par' dir='ltr' id='par_1_41' title="bbox 613 3098 2182 3177">
     <span class='ocr_line' id='line_1_41' title="bbox 613 3098 2182 3177; baseline -0.006 -16"><span class='ocrx_word' id='word_1_437' title='bbox 613 3106 924 3177; x_wconf 76' lang='grc' dir='ltr'><strong>βασιλεῦσιν</strong></span> <span class='ocrx_word' id='word_1_438' title='bbox 970 3106 1001 3173; x_wconf 74' lang='grc' dir='ltr'>ἡ</span> <span class='ocrx_word' id='word_1_439' title='bbox 1040 3103 1148 3155; x_wconf 82' lang='grc' dir='ltr'><strong>τῶν</strong></span> <span class='ocrx_word' id='word_1_440' title='bbox 1187 3101 1495 3171; x_wconf 83' lang='grc' dir='ltr'><strong>Ῥωμαίων,</strong></span> <span class='ocrx_word' id='word_1_441' title='bbox 1533 3110 1639 3154; x_wconf 88' lang='lat' dir='ltr'><strong>etc.</strong></span> <span class='ocrx_word' id='word_1_442' title='bbox 1682 3099 1783 3154; x_wconf 86' lang='lat' dir='ltr'><strong>Ubi</strong></span> <span class='ocrx_word' id='word_1_443' title='bbox 1820 3098 1992 3152; x_wconf 80' lang='lat' dir='ltr'><strong>codex</strong></span> <span class='ocrx_word' id='word_1_444' title='bbox 2041 3098 2182 3151; x_wconf 81' lang='lat' dir='ltr'><strong>alius</strong></span> 
     </span>
    </p>
   </div>
   <div class='ocr_carea' id='block_1_42' title="bbox 2224 3096 3819 3177">
    <p class='ocr_par' dir='ltr' id='par_1_42' title="bbox 2224 3096 3819 3168">
     <span class='ocr_line' id='line_1_42' title="bbox 2224 3096 3819 3168; baseline 0.004 -19"><span class='ocrx_word' id='word_1_445' title='bbox 2224 3096 2420 3166; x_wconf 78' lang='lat' dir='ltr'><strong>Regius</strong></span> <span class='ocrx_word' id='word_1_446' title='bbox 2462 3107 2519 3151; x_wconf 89' lang='lat' dir='ltr'><strong>et</strong></span> <span class='ocrx_word' id='word_1_447' title='bbox 2557 3098 2884 3152; x_wconf 77' lang='lat' dir='ltr'><strong>Colberteus</strong></span> <span class='ocrx_word' id='word_1_448' title='bbox 2916 3107 3114 3168; x_wconf 66' lang='lat' dir='ltr'><strong>praeter</strong></span> <span class='ocrx_word' id='word_1_449' title='bbox 3158 3102 3454 3154; x_wconf 87' lang='lat' dir='ltr'><strong>editionem</strong></span> <span class='ocrx_word' id='word_1_450' title='bbox 3491 3102 3819 3157; x_wconf 82' lang='lat' dir='ltr'><strong>Wolﬁanam</strong></span> 
     </span>
    </p>
   </div>
   <div class='ocr_carea' id='block_1_43' title="bbox 612 3176 2207 3257">
    <p class='ocr_par' dir='ltr' id='par_1_43' title="bbox 612 3176 2207 3252">
     <span class='ocr_line' id='line_1_43' title="bbox 612 3176 2207 3252; baseline -0.009 -9"><span class='ocrx_word' id='word_1_451' title='bbox 612 3176 729 3244; x_wconf 66' lang='lat' dir='ltr'><strong>haec</strong></span> <span class='ocrx_word' id='word_1_452' title='bbox 762 3198 970 3241; x_wconf 84' lang='lat' dir='ltr'><strong>tantum</strong></span> <span class='ocrx_word' id='word_1_453' title='bbox 1004 3186 1204 3238; x_wconf 85' lang='lat' dir='ltr'><strong>habent</strong></span> <span class='ocrx_word' id='word_1_454' title='bbox 1231 3203 1243 3236; x_wconf 87' lang='lat'><strong>:</strong></span> <span class='ocrx_word' id='word_1_455' title='bbox 1293 3184 1381 3245; x_wconf 81' lang='grc' dir='ltr'><strong>Ἐξ</strong></span> <span class='ocrx_word' id='word_1_456' title='bbox 1409 3184 1583 3252; x_wconf 77' lang='grc' dir='ltr'><strong>ἀρχῆς</strong></span> <span class='ocrx_word' id='word_1_457' title='bbox 1616 3182 1714 3249; x_wconf 82' lang='grc' dir='ltr'><strong>μὲν</strong></span> <span class='ocrx_word' id='word_1_458' title='bbox 1740 3180 1854 3244; x_wconf 77' lang='grc' dir='ltr'><strong>οὖν,</strong></span> <span class='ocrx_word' id='word_1_459' title='bbox 1886 3180 1961 3241; x_wconf 85' lang='grc' dir='ltr'><strong>ὡς</strong></span> <span class='ocrx_word' id='word_1_460' title='bbox 1982 3180 2207 3247; x_wconf 67' lang='grc' dir='ltr'><strong>⁷1στόρηι</strong></span> 
     </span>
    </p>
   </div>
   <div class='ocr_carea' id='block_1_44' title="bbox 2227 3176 3822 3257">
    <p class='ocr_par' dir='ltr' id='par_1_44' title="bbox 2227 3182 3822 3257">
     <span class='ocr_line' id='line_1_44' title="bbox 2227 3182 3822 3257; baseline 0.007 -26"><span class='ocrx_word' id='word_1_461' title='bbox 2227 3198 2299 3245; x_wconf 84' lang='grc' dir='ltr'><strong>αι,</strong></span> <span class='ocrx_word' id='word_1_462' title='bbox 2328 3192 2436 3235; x_wconf 90' lang='lat' dir='ltr'><strong>etc.</strong></span> <span class='ocrx_word' id='word_1_463' title='bbox 2481 3182 2586 3237; x_wconf 85' lang='lat' dir='ltr'><strong>Sed</strong></span> <span class='ocrx_word' id='word_1_464' title='bbox 2617 3194 2672 3237; x_wconf 93' lang='lat' dir='ltr'><strong>et</strong></span> <span class='ocrx_word' id='word_1_465' title='bbox 2704 3184 2760 3236; x_wconf 91' lang='lat' dir='ltr'><strong>in</strong></span> <span class='ocrx_word' id='word_1_466' title='bbox 2805 3183 3047 3254; x_wconf 84' lang='lat' dir='ltr'><strong>ejusdem</strong></span> <span class='ocrx_word' id='word_1_467' title='bbox 3090 3186 3296 3241; x_wconf 89' lang='lat' dir='ltr'><strong>codicis</strong></span> <span class='ocrx_word' id='word_1_468' title='bbox 3329 3187 3479 3257; x_wconf 85' lang='lat' dir='ltr'><strong>Regii</strong></span> <span class='ocrx_word' id='word_1_469' title='bbox 3513 3189 3672 3241; x_wconf 85' lang='lat' dir='ltr'><strong>initio</strong></span> <span class='ocrx_word' id='word_1_470' title='bbox 3702 3189 3822 3242; x_wconf 70' lang='lat' dir='ltr'><strong>haec</strong></span> 
     </span>
    </p>
   </div>
   <div class='ocr_carea' id='block_1_45' title="bbox 610 3263 3823 3347">
    <p class='ocr_par' dir='ltr' id='par_1_45' title="bbox 610 3263 3823 3347">
     <span class='ocr_line' id='line_1_45' title="bbox 610 3263 3823 3347; baseline -0.002 -17"><span class='ocrx_word' id='word_1_471' title='bbox 610 3263 913 3347; x_wconf 53' lang='lat' dir='ltr'><strong>leguntur;</strong></span> <span class='ocrx_word' id='word_1_472' title='bbox 949 3274 1037 3325; x_wconf 82' lang='lat' dir='ltr'><strong>‘Ev</strong></span> <span class='ocrx_word' id='word_1_473' title='bbox 1082 3265 1320 3343; x_wconf 58' lang='grc' dir='ltr'><strong>ἀροτέρᾳ</strong></span> <span class='ocrx_word' id='word_1_474' title='bbox 1365 3270 1529 3338; x_wconf 76' lang='grc' dir='ltr'><strong>βίϐλῳ</strong></span> <span class='ocrx_word' id='word_1_475' title='bbox 1575 3268 1815 3337; x_wconf 79' lang='grc' dir='ltr'><strong>περιέχει</strong></span> <span class='ocrx_word' id='word_1_476' title='bbox 1856 3266 1923 3319; x_wconf 67' lang='grc' dir='ltr'>τὰ</span> <span class='ocrx_word' id='word_1_477' title='bbox 1965 3266 2347 3335; x_wconf 66' lang='grc' dir='ltr'><strong>Ἐσραῖκέτκκὶ</strong></span> <span class='ocrx_word' id='word_1_478' title='bbox 2378 3270 2445 3322; x_wconf 85' lang='grc' dir='ltr'><strong>τὰ</strong></span> <span class='ocrx_word' id='word_1_479' title='bbox 2495 3270 2624 3339; x_wconf 79' lang='grc' dir='ltr'><strong>περὶ</strong></span> <span class='ocrx_word' id='word_1_480' title='bbox 2664 3270 2948 3339; x_wconf 76' lang='grc' dir='ltr'><strong>Ῥωμαίων</strong></span> <span class='ocrx_word' id='word_1_481' title='bbox 2993 3273 3235 3336; x_wconf 81' lang='grc' dir='ltr'><strong>ὑπάτων,</strong></span> <span class='ocrx_word' id='word_1_482' title='bbox 3270 3276 3347 3342; x_wconf 79' lang='grc' dir='ltr'><strong>τῷ</strong></span> <span class='ocrx_word' id='word_1_483' title='bbox 3370 3274 3425 3325; x_wconf 76' lang='grc' dir='ltr'><strong>δὲ</strong></span> <span class='ocrx_word' id='word_1_484' title='bbox 3457 3275 3554 3336; x_wconf 71' lang='grc' dir='ltr'><strong>τὰς</strong></span> <span class='ocrx_word' id='word_1_485' title='bbox 3580 3275 3686 3326; x_wconf 83' lang='grc' dir='ltr'><strong>τῶν</strong></span> <span class='ocrx_word' id='word_1_486' title='bbox 3714 3277 3823 3328; x_wconf 67' lang='grc' dir='ltr'><strong>αὖ·</strong></span> 
     </span>
    </p>
   </div>
   <div class='ocr_carea' id='block_1_46' title="bbox 612 3353 2207 3432">
    <p class='ocr_par' dir='ltr' id='par_1_46' title="bbox 612 3353 2195 3432">
     <span class='ocr_line' id='line_1_46' title="bbox 612 3353 2195 3432; baseline -0.006 -16"><span class='ocrx_word' id='word_1_487' title='bbox 612 3363 958 3432; x_wconf 81' lang='grc' dir='ltr'><strong>τοκρατόρων</strong></span> <span class='ocrx_word' id='word_1_488' title='bbox 993 3359 1254 3428; x_wconf 73' lang='grc' dir='ltr'><strong>ἱστορίας.</strong></span> <span class='ocrx_word' id='word_1_489' title='bbox 1290 3357 1432 3422; x_wconf 81' lang='lat' dir='ltr'><strong>Quin</strong></span> <span class='ocrx_word' id='word_1_490' title='bbox 1463 3356 1626 3409; x_wconf 88' lang='lat' dir='ltr'><strong>etiam</strong></span> <span class='ocrx_word' id='word_1_491' title='bbox 1658 3353 1954 3408; x_wconf 82' lang='lat' dir='ltr'><strong>Wolﬁanos</strong></span> <span class='ocrx_word' id='word_1_492' title='bbox 1977 3353 2195 3407; x_wconf 87' lang='lat' dir='ltr'><strong>codices</strong></span> 
     </span>
    </p>
   </div>
   <div class='ocr_carea' id='block_1_47' title="bbox 2223 3353 3818 3432">
    <p class='ocr_par' dir='ltr' id='par_1_47' title="bbox 2225 3354 3818 3429">
     <span class='ocr_line' id='line_1_47' title="bbox 2225 3354 3818 3429; baseline 0.004 -23"><span class='ocrx_word' id='word_1_493' title='bbox 2225 3354 2366 3409; x_wconf 84' lang='lat' dir='ltr'><strong>hanc</strong></span> <span class='ocrx_word' id='word_1_494' title='bbox 2411 3356 2700 3411; x_wconf 76' lang='lat' dir='ltr'><strong>Annalium</strong></span> <span class='ocrx_word' id='word_1_495' title='bbox 2736 3356 2959 3415; x_wconf 59' lang='lat' dir='ltr'><strong>Zonaras</strong></span> <span class='ocrx_word' id='word_1_496' title='bbox 2988 3359 3336 3427; x_wconf 85' lang='lat' dir='ltr'><strong>partitionem</strong></span> <span class='ocrx_word' id='word_1_497' title='bbox 3383 3362 3685 3429; x_wconf 65' lang='lat' dir='ltr'><strong>praetulisse</strong></span> <span class='ocrx_word' id='word_1_498' title='bbox 3723 3379 3818 3415; x_wconf 77' lang='lat' dir='ltr'><strong>ar-</strong></span> 
     </span>
    </p>
   </div>
   <div class='ocr_carea' id='block_1_48' title="bbox 613 3439 3824 3519">
    <p class='ocr_par' dir='ltr' id='par_1_48' title="bbox 613 3439 3824 3519">
     <span class='ocr_line' id='line_1_48' title="bbox 613 3439 3824 3519; baseline -0 -16"><span class='ocrx_word' id='word_1_499' title='bbox 613 3450 729 3519; x_wconf 80' lang='lat' dir='ltr'><strong>guit</strong></span> <span class='ocrx_word' id='word_1_500' title='bbox 762 3448 906 3518; x_wconf 84' lang='lat' dir='ltr'><strong>quod</strong></span> <span class='ocrx_word' id='word_1_501' title='bbox 934 3448 986 3500; x_wconf 93' lang='lat' dir='ltr'><strong>in</strong></span> <span class='ocrx_word' id='word_1_502' title='bbox 1029 3443 1488 3498; x_wconf 64' lang='lat' dir='ltr'><strong>fruule&#39;Zonaraei</strong></span> <span class='ocrx_word' id='word_1_503' title='bbox 1526 3441 1734 3496; x_wconf 87' lang='lat' dir='ltr'><strong>codicis</strong></span> <span class='ocrx_word' id='word_1_504' title='bbox 1758 3457 1786 3494; x_wconf 90' lang='lat' dir='ltr'><strong>a</strong></span> <span class='ocrx_word' id='word_1_505' title='bbox 1821 3456 1879 3495; x_wconf 88' lang='lat' dir='ltr'><strong>se</strong></span> <span class='ocrx_word' id='word_1_506' title='bbox 1907 3439 2061 3511; x_wconf 87' lang='lat' dir='ltr'><strong>Cpoli</strong></span> <span class='ocrx_word' id='word_1_507' title='bbox 2097 3442 2266 3509; x_wconf 84' lang='lat' dir='ltr'><strong>empti</strong></span> <span class='ocrx_word' id='word_1_508' title='bbox 2294 3442 2525 3510; x_wconf 71' lang='lat' dir='ltr'><strong>praeﬁxit</strong></span> <span class='ocrx_word' id='word_1_509' title='bbox 2553 3443 2791 3498; x_wconf 85' lang='lat' dir='ltr'><strong>Joannes</strong></span> <span class='ocrx_word' id='word_1_510' title='bbox 2819 3443 3295 3507; x_wconf 81' lang='lat' dir='ltr'><strong>Dernschwamus,</strong></span> <span class='ocrx_word' id='word_1_511' title='bbox 3330 3457 3385 3499; x_wconf 89' lang='lat' dir='ltr'><strong>et</strong></span> <span class='ocrx_word' id='word_1_512' title='bbox 3414 3462 3478 3499; x_wconf 85' lang='lat' dir='ltr'><strong>ex</strong></span> <span class='ocrx_word' id='word_1_513' title='bbox 3508 3462 3576 3499; x_wconf 86' lang='lat' dir='ltr'><strong>eo</strong></span> <span class='ocrx_word' id='word_1_514' title='bbox 3610 3450 3824 3502; x_wconf 87' lang='lat' dir='ltr'><strong>descri-</strong></span> 
     </span>
    </p>
   </div>
   <div class='ocr_carea' id='block_1_49' title="bbox 615 3524 3822 3607">
    <p class='ocr_par' dir='ltr' id='par_1_49' title="bbox 615 3524 3822 3607">
     <span class='ocr_line' id='line_1_49' title="bbox 615 3524 3822 3607; baseline -0 -19"><span class='ocrx_word' id='word_1_515' title='bbox 615 3536 723 3607; x_wconf 82' lang='lat' dir='ltr'><strong>psit</strong></span> <span class='ocrx_word' id='word_1_516' title='bbox 748 3536 803 3587; x_wconf 91' lang='lat' dir='ltr'><strong>in</strong></span> <span class='ocrx_word' id='word_1_517' title='bbox 844 3550 939 3587; x_wconf 86' lang='lat' dir='ltr'><strong>sua</strong></span> <span class='ocrx_word' id='word_1_518' title='bbox 979 3531 1297 3585; x_wconf 75' lang='lat' dir='ltr'><strong>l‘nel&#39;atione</strong></span> <span class='ocrx_word' id='word_1_519' title='bbox 1331 3529 1580 3587; x_wconf 74' lang='lat' dir='ltr'><strong>Wolfius.</strong></span> <span class='ocrx_word' id='word_1_520' title='bbox 1614 3528 1690 3581; x_wconf 82' lang='lat' dir='ltr'><strong>Ex</strong></span> <span class='ocrx_word' id='word_1_521' title='bbox 1734 3529 1937 3596; x_wconf 87' lang='lat' dir='ltr'><strong>quibus</strong></span> <span class='ocrx_word' id='word_1_522' title='bbox 1985 3524 2213 3581; x_wconf 81' lang='lat' dir='ltr'><strong>abunde</strong></span> <span class='ocrx_word' id='word_1_523' title='bbox 2253 3526 2529 3597; x_wconf 76' lang='lat' dir='ltr'><strong>colligitur</strong></span> <span class='ocrx_word' id='word_1_524' title='bbox 2562 3530 2726 3582; x_wconf 88' lang='lat' dir='ltr'><strong>hosce</strong></span> <span class='ocrx_word' id='word_1_525' title='bbox 2759 3531 3002 3583; x_wconf 81' lang='lat' dir='ltr'><strong>Annales</strong></span> <span class='ocrx_word' id='word_1_526' title='bbox 3034 3530 3087 3583; x_wconf 89' lang='lat' dir='ltr'><strong>in</strong></span> <span class='ocrx_word' id='word_1_527' title='bbox 3122 3532 3260 3584; x_wconf 86' lang='lat' dir='ltr'><strong>duos</strong></span> <span class='ocrx_word' id='word_1_528' title='bbox 3286 3533 3549 3585; x_wconf 77' lang='lat' dir='ltr'><strong>duntaxat</strong></span> <span class='ocrx_word' id='word_1_529' title='bbox 3580 3536 3760 3593; x_wconf 78' lang='lat' dir='ltr'><strong>to‘mos</strong></span> <span class='ocrx_word' id='word_1_530' title='bbox 3792 3554 3822 3590; x_wconf 92' lang='lat' dir='ltr'><strong>a</strong></span> 
     </span>
    </p>
   </div>
   <div class='ocr_carea' id='block_1_50' title="bbox 612 3610 3821 3686">
    <p class='ocr_par' dir='ltr' id='par_1_50' title="bbox 612 3610 3821 3686">
     <span class='ocr_line' id='line_1_50' title="bbox 612 3610 3821 3686; baseline -0.001 -11"><span class='ocrx_word' id='word_1_531' title='bbox 612 3621 826 3675; x_wconf 83' lang='lat' dir='ltr'><strong>Zonara</strong></span> <span class='ocrx_word' id='word_1_532' title='bbox 851 3619 1024 3673; x_wconf 79' lang='lat' dir='ltr'><strong>fuisse</strong></span> <span class='ocrx_word' id='word_1_533' title='bbox 1054 3610 1396 3685; x_wconf 83' lang='lat' dir='ltr'><strong>dispertitos,</strong></span> <span class='ocrx_word' id='word_1_534' title='bbox 1432 3630 1539 3668; x_wconf 90' lang='lat' dir='ltr'><strong>non</strong></span> <span class='ocrx_word' id='word_1_535' title='bbox 1574 3630 1703 3667; x_wconf 91' lang='lat' dir='ltr'><strong>vero</strong></span> <span class='ocrx_word' id='word_1_536' title='bbox 1734 3614 1787 3665; x_wconf 89' lang='lat' dir='ltr'><strong>in</strong></span> <span class='ocrx_word' id='word_1_537' title='bbox 1838 3626 1968 3673; x_wconf 90' lang='lat' dir='ltr'><strong>tres,</strong></span> <span class='ocrx_word' id='word_1_538' title='bbox 2005 3624 2062 3666; x_wconf 89' lang='lat' dir='ltr'><strong>ut</strong></span> <span class='ocrx_word' id='word_1_539' title='bbox 2105 3612 2227 3667; x_wconf 88' lang='lat' dir='ltr'><strong>illos</strong></span> <span class='ocrx_word' id='word_1_540' title='bbox 2256 3615 2441 3668; x_wconf 88' lang='lat' dir='ltr'><strong>divisit</strong></span> <span class='ocrx_word' id='word_1_541' title='bbox 2468 3616 2610 3669; x_wconf 84' lang='lat' dir='ltr'><strong>idem</strong></span> <span class='ocrx_word' id='word_1_542' title='bbox 2640 3618 2874 3670; x_wconf 78' lang='lat' dir='ltr'><strong>Wolﬁus</strong></span> <span class='ocrx_word' id='word_1_543' title='bbox 2908 3636 2920 3670; x_wconf 84' lang='lat'><strong>:</strong></span> <span class='ocrx_word' id='word_1_544' title='bbox 2961 3622 3192 3686; x_wconf 70' lang='lat' dir='ltr'><strong>Quorum</strong></span> <span class='ocrx_word' id='word_1_545' title='bbox 3235 3620 3381 3684; x_wconf 81' lang='lat' dir='ltr'><strong>prior</strong></span> <span class='ocrx_word' id='word_1_546' title='bbox 3418 3620 3486 3672; x_wconf 90' lang='lat' dir='ltr'><strong>de</strong></span> <span class='ocrx_word' id='word_1_547' title='bbox 3513 3621 3680 3675; x_wconf 82' lang='lat' dir='ltr'><strong>rebus</strong></span> <span class='ocrx_word' id='word_1_548' title='bbox 3715 3619 3821 3674; x_wconf 59' lang='grc' dir='ltr'><strong>,1ιὶ-</strong></span> 
     </span>
    </p>
   </div>
   <div class='ocr_carea' id='block_1_51' title="bbox 615 3690 3917 3771">
    <p class='ocr_par' dir='ltr' id='par_1_51' title="bbox 615 3690 3917 3771">
     <span class='ocr_line' id='line_1_51' title="bbox 615 3690 3917 3771; baseline 0 -10"><span class='ocrx_word' id='word_1_549' title='bbox 615 3710 791 3763; x_wconf 86' lang='lat' dir='ltr'><strong>daicis</strong></span> <span class='ocrx_word' id='word_1_550' title='bbox 817 3708 885 3763; x_wconf 81' lang='lat' dir='ltr'><strong>ab</strong></span> <span class='ocrx_word' id='word_1_551' title='bbox 918 3706 1077 3759; x_wconf 86' lang='lat' dir='ltr'><strong>initio</strong></span> <span class='ocrx_word' id='word_1_552' title='bbox 1108 3704 1292 3757; x_wconf 89' lang='lat' dir='ltr'><strong>mundi</strong></span> <span class='ocrx_word' id='word_1_553' title='bbox 1326 3717 1497 3771; x_wconf 85' lang='lat' dir='ltr'><strong>usque</strong></span> <span class='ocrx_word' id='word_1_554' title='bbox 1540 3702 1604 3753; x_wconf 86' lang='lat' dir='ltr'><strong>ad</strong></span> <span class='ocrx_word' id='word_1_555' title='bbox 1647 3690 2197 3768; x_wconf 80' lang='lat' dir='ltr'><strong>Hierosolymitanum</strong></span> <span class='ocrx_word' id='word_1_556' title='bbox 2241 3704 2554 3769; x_wconf 88' lang='lat' dir='ltr'><strong>excidium;</strong></span> <span class='ocrx_word' id='word_1_557' title='bbox 2583 3704 2723 3758; x_wconf 88' lang='lat' dir='ltr'><strong>alter</strong></span> <span class='ocrx_word' id='word_1_558' title='bbox 2755 3704 3038 3758; x_wconf 87' lang='lat' dir='ltr'><strong>historiam</strong></span> <span class='ocrx_word' id='word_1_559' title='bbox 3082 3706 3382 3758; x_wconf 74' lang='lat' dir='ltr'><strong>Romanam</strong></span> <span class='ocrx_word' id='word_1_560' title='bbox 3414 3707 3482 3758; x_wconf 88' lang='lat' dir='ltr'><strong>ab</strong></span> <span class='ocrx_word' id='word_1_561' title='bbox 3506 3706 3653 3762; x_wconf 72' lang='lat' dir='ltr'><strong>Urbe</strong></span> <span class='ocrx_word' id='word_1_562' title='bbox 3676 3706 3818 3761; x_wconf 74' lang='lat' dir='ltr'><strong>con-</strong></span> <span class='ocrx_word' id='word_1_563' title='bbox 3912 3744 3917 3747; x_wconf 63' lang='grc' dir='ltr'><strong>ι</strong></span> 
     </span>
    </p>
   </div>
   <div class='ocr_carea' id='block_1_52' title="bbox 578 3780 3823 3863">
    <p class='ocr_par' dir='ltr' id='par_1_52' title="bbox 578 3780 3823 3863">
     <span class='ocr_line' id='line_1_52' title="bbox 578 3780 3823 3863; baseline 0.001 -16"><span class='ocrx_word' id='word_1_564' title='bbox 578 3832 585 3833; x_wconf 39' lang='grc' dir='ltr'><em>γ</em></span> <span class='ocrx_word' id='word_1_565' title='bbox 614 3780 930 3863; x_wconf 65' lang='lat' dir='ltr'><strong>&quot;(lususque</strong></span> <span class='ocrx_word' id='word_1_566' title='bbox 961 3790 1027 3844; x_wconf 89' lang='lat' dir='ltr'><strong>ad</strong></span> <span class='ocrx_word' id='word_1_567' title='bbox 1054 3789 1475 3845; x_wconf 88' lang='lat' dir='ltr'><strong>Constantinum</strong></span> <span class='ocrx_word' id='word_1_568' title='bbox 1495 3786 1747 3857; x_wconf 75' lang='lat' dir='ltr'><strong>Magnum</strong></span> <span class='ocrx_word' id='word_1_569' title='bbox 1779 3788 2017 3841; x_wconf 88' lang='lat' dir='ltr'><strong>breviter</strong></span> <span class='ocrx_word' id='word_1_570' title='bbox 2042 3790 2455 3858; x_wconf 84' lang='lat' dir='ltr'><strong>complectitur,</strong></span> <span class='ocrx_word' id='word_1_571' title='bbox 2484 3794 2539 3844; x_wconf 94' lang='lat' dir='ltr'><strong>in</strong></span> <span class='ocrx_word' id='word_1_572' title='bbox 2567 3807 2674 3861; x_wconf 90' lang='lat' dir='ltr'><strong>qua</strong></span> <span class='ocrx_word' id='word_1_573' title='bbox 2707 3802 2819 3845; x_wconf 90' lang='lat' dir='ltr'><strong>tum</strong></span> <span class='ocrx_word' id='word_1_574' title='bbox 2856 3788 3103 3859; x_wconf 76' lang='lat' dir='ltr'><strong>Dionem,</strong></span> <span class='ocrx_word' id='word_1_575' title='bbox 3140 3805 3200 3846; x_wconf 89' lang='lat' dir='ltr'><strong>ut</strong></span> <span class='ocrx_word' id='word_1_576' title='bbox 3231 3793 3487 3851; x_wconf 83' lang='lat' dir='ltr'><strong>diximus,</strong></span> <span class='ocrx_word' id='word_1_577' title='bbox 3508 3804 3626 3848; x_wconf 80' lang='lat' dir='ltr'><strong>tum</strong></span> <span class='ocrx_word' id='word_1_578' title='bbox 3647 3796 3823 3849; x_wconf 82' lang='lat' dir='ltr'><strong>etiam</strong></span> 
     </span>
    </p>
   </div>
   <div class='ocr_carea' id='block_1_53' title="bbox 614 3868 3822 3957">
    <p class='ocr_par' dir='ltr' id='par_1_53' title="bbox 614 3868 3822 3957">
     <span class='ocr_line' id='line_1_53' title="bbox 614 3868 3822 3957; baseline 0.001 -23"><span class='ocrx_word' id='word_1_579' title='bbox 614 3882 866 3948; x_wconf 82' lang='lat' dir='ltr'><strong>Eutropit</strong></span> <span class='ocrx_word' id='word_1_580' title='bbox 891 3881 1244 3946; x_wconf 84' lang='lat' dir='ltr'><strong>interpretem</strong></span> <span class='ocrx_word' id='word_1_581' title='bbox 1271 3877 1746 3943; x_wconf 74' lang='lat' dir='ltr'><strong>P:eauium,quem</strong></span> <span class='ocrx_word' id='word_1_582' title='bbox 1780 3875 1847 3928; x_wconf 89' lang='lat' dir='ltr'><strong>ad</strong></span> <span class='ocrx_word' id='word_1_583' title='bbox 1878 3868 2104 3928; x_wconf 80' lang='lat' dir='ltr'><strong>verbum</strong></span> <span class='ocrx_word' id='word_1_584' title='bbox 2131 3891 2508 3945; x_wconf 63' lang='lat' dir='ltr'><strong>saepenumero</strong></span> <span class='ocrx_word' id='word_1_585' title='bbox 2531 3881 2813 3947; x_wconf 84' lang='lat' dir='ltr'><strong>exscribit,</strong></span> <span class='ocrx_word' id='word_1_586' title='bbox 2847 3891 2905 3934; x_wconf 90' lang='lat' dir='ltr'><strong>ut</strong></span> <span class='ocrx_word' id='word_1_587' title='bbox 2939 3880 3287 3935; x_wconf 89' lang='lat' dir='ltr'><strong>observatum</strong></span> <span class='ocrx_word' id='word_1_588' title='bbox 3321 3898 3349 3935; x_wconf 88' lang='lat' dir='ltr'><strong>a</strong></span> <span class='ocrx_word' id='word_1_589' title='bbox 3382 3881 3657 3957; x_wconf 72' lang='lat' dir='ltr'><strong>Sealigero</strong></span> <span class='ocrx_word' id='word_1_590' title='bbox 3681 3884 3822 3951; x_wconf 71' lang='grc'><strong>(25),</strong></span> 
     </span>
    </p>
   </div>
   <div class='ocr_carea' id='block_1_54' title="bbox 622 3954 3821 4039">
    <p class='ocr_par' dir='ltr' id='par_1_54' title="bbox 622 3954 3821 4039">
     <span class='ocr_line' id='line_1_54' title="bbox 622 3954 3821 4039; baseline 0 -18"><span class='ocrx_word' id='word_1_591' title='bbox 622 3967 923 4039; x_wconf 67' lang='lat' dir='ltr'><strong>praesertim</strong></span> <span class='ocrx_word' id='word_1_592' title='bbox 955 3964 1223 4034; x_wconf 84' lang='lat' dir='ltr'><strong>sequitur.</strong></span> <span class='ocrx_word' id='word_1_593' title='bbox 1277 3963 1499 4015; x_wconf 83' lang='lat' dir='ltr'><strong>Tertius</strong></span> <span class='ocrx_word' id='word_1_594' title='bbox 1517 3961 1753 4029; x_wconf 86' lang='lat' dir='ltr'><strong>denique</strong></span> <span class='ocrx_word' id='word_1_595' title='bbox 1790 3962 2184 4030; x_wconf 89' lang='lat' dir='ltr'><strong>imperatorum</strong></span> <span class='ocrx_word' id='word_1_596' title='bbox 2226 3978 2316 4017; x_wconf 85' lang='lat' dir='ltr'><strong>res</strong></span> <span class='ocrx_word' id='word_1_597' title='bbox 2358 3976 2539 4035; x_wconf 78' lang='lat' dir='ltr'><strong>gestas</strong></span> <span class='ocrx_word' id='word_1_598' title='bbox 2566 3981 2596 4019; x_wconf 86' lang='lat' dir='ltr'><strong>a</strong></span> <span class='ocrx_word' id='word_1_599' title='bbox 2629 3966 2990 4021; x_wconf 79' lang='lat' dir='ltr'><strong>Constantino</strong></span> <span class='ocrx_word' id='word_1_600' title='bbox 3030 3954 3440 4037; x_wconf 78' lang='lat' dir='ltr'><strong>Magnousque</strong></span> <span class='ocrx_word' id='word_1_601' title='bbox 3490 3954 3557 4021; x_wconf 84' lang='lat' dir='ltr'><strong>ad</strong></span> <span class='ocrx_word' id='word_1_602' title='bbox 3602 3969 3821 4023; x_wconf 85' lang='lat' dir='ltr'><strong>obitum</strong></span> 
     </span>
    </p>
   </div>
   <div class='ocr_carea' id='block_1_55' title="bbox 616 4046 3824 4129">
    <p class='ocr_par' dir='ltr' id='par_1_55' title="bbox 616 4046 3824 4129">
     <span class='ocr_line' id='line_1_55' title="bbox 616 4046 3824 4129; baseline 0 -20"><span class='ocrx_word' id='word_1_603' title='bbox 616 4054 789 4129; x_wconf 72' lang='lat' dir='ltr'><strong>Alcxii</strong></span> <span class='ocrx_word' id='word_1_604' title='bbox 816 4052 1081 4107; x_wconf 87' lang='lat' dir='ltr'><strong>Comneni</strong></span> <span class='ocrx_word' id='word_1_605' title='bbox 1114 4058 1331 4103; x_wconf 90' lang='lat' dir='ltr'><strong>tractat.</strong></span> <span class='ocrx_word' id='word_1_606' title='bbox 1368 4048 1581 4101; x_wconf 85' lang='lat' dir='ltr'><strong>Falsum</strong></span> <span class='ocrx_word' id='word_1_607' title='bbox 1612 4057 1789 4100; x_wconf 88' lang='lat' dir='ltr'><strong>tamen</strong></span> <span class='ocrx_word' id='word_1_608' title='bbox 1831 4056 2047 4100; x_wconf 83' lang='lat' dir='ltr'><strong>constat</strong></span> <span class='ocrx_word' id='word_1_609' title='bbox 2090 4046 2595 4113; x_wconf 84' lang='lat' dir='ltr'><strong>Dernschwamum,</strong></span> <span class='ocrx_word' id='word_1_610' title='bbox 2640 4066 2763 4104; x_wconf 90' lang='lat' dir='ltr'><strong>cum</strong></span> <span class='ocrx_word' id='word_1_611' title='bbox 2806 4054 2942 4105; x_wconf 83' lang='lat' dir='ltr'><strong>dixit</strong></span> <span class='ocrx_word' id='word_1_612' title='bbox 2984 4055 3220 4121; x_wconf 86' lang='lat' dir='ltr'><strong>priorem</strong></span> <span class='ocrx_word' id='word_1_613' title='bbox 3264 4054 3552 4107; x_wconf 88' lang='lat' dir='ltr'><strong>Annalium</strong></span> <span class='ocrx_word' id='word_1_614' title='bbox 3590 4054 3824 4109; x_wconf 73' lang='lat' dir='ltr'><strong>Zonarm</strong></span> 
     </span>
    </p>
   </div>
   <div class='ocr_carea' id='block_1_56' title="bbox 617 4132 3391 4214">
    <p class='ocr_par' dir='ltr' id='par_1_56' title="bbox 617 4132 3391 4214">
     <span class='ocr_line' id='line_1_56' title="bbox 617 4132 3391 4214; baseline -0.007 -19"><span class='ocrx_word' id='word_1_615' title='bbox 617 4152 826 4214; x_wconf 68' lang='lat' dir='ltr'><strong>partem</strong></span> <span class='ocrx_word' id='word_1_616' title='bbox 869 4141 923 4191; x_wconf 90' lang='lat' dir='ltr'><strong>in</strong></span> <span class='ocrx_word' id='word_1_617' title='bbox 964 4136 1459 4204; x_wconf 83' lang='lat' dir='ltr'><strong>Hierosolymorum</strong></span> <span class='ocrx_word' id='word_1_618' title='bbox 1497 4132 1772 4204; x_wconf 83' lang='lat' dir='ltr'><strong>excidium</strong></span> <span class='ocrx_word' id='word_1_619' title='bbox 1805 4132 2078 4187; x_wconf 82' lang='lat' dir='ltr'><strong>desinere.</strong></span> <span class='ocrx_word' id='word_1_620' title='bbox 2690 4176 2691 4179; x_wconf 48' lang='grc' dir='ltr'><strong>η</strong></span> <span class='ocrx_word' id='word_1_621' title='bbox 3390 4190 3391 4195; x_wconf 18' lang='grc' dir='ltr'><strong>η</strong></span> 
     </span>
    </p>
   </div>
   <div class='ocr_carea' id='block_1_57' title="bbox 608 4214 3822 4298">
    <p class='ocr_par' dir='ltr' id='par_1_57' title="bbox 608 4214 3822 4298">
     <span class='ocr_line' id='line_1_57' title="bbox 608 4214 3822 4298; baseline -0.004 -14"><span class='ocrx_word' id='word_1_622' title='bbox 608 4240 611 4241; x_wconf 66' lang='grc'><strong><em>⁷</em></strong></span> <span class='ocrx_word' id='word_1_623' title='bbox 656 4214 657 4217; x_wconf 8' lang='grc' dir='ltr'><strong>η</strong></span> <span class='ocrx_word' id='word_1_624' title='bbox 692 4230 847 4282; x_wconf 87' lang='lat' dir='ltr'><strong>Licet</strong></span> <span class='ocrx_word' id='word_1_625' title='bbox 876 4238 1036 4295; x_wconf 87' lang='lat' dir='ltr'><strong>porro</strong></span> <span class='ocrx_word' id='word_1_626' title='bbox 1061 4222 1241 4279; x_wconf 84' lang='lat' dir='ltr'><strong>Wollii</strong></span> <span class='ocrx_word' id='word_1_627' title='bbox 1273 4221 1471 4275; x_wconf 83' lang='lat' dir='ltr'><strong>divisio</strong></span> <span class='ocrx_word' id='word_1_628' title='bbox 1506 4220 1727 4273; x_wconf 88' lang='lat' dir='ltr'><strong>tolerari</strong></span> <span class='ocrx_word' id='word_1_629' title='bbox 1753 4220 2157 4288; x_wconf 88' lang='lat' dir='ltr'><strong>quodammodo</strong></span> <span class='ocrx_word' id='word_1_630' title='bbox 2180 4222 2371 4289; x_wconf 87' lang='lat' dir='ltr'><strong>possit,</strong></span> <span class='ocrx_word' id='word_1_631' title='bbox 2407 4232 2464 4276; x_wconf 91' lang='lat' dir='ltr'><strong>ut</strong></span> <span class='ocrx_word' id='word_1_632' title='bbox 2510 4239 2631 4292; x_wconf 79' lang='lat' dir='ltr'><strong>quze</strong></span> <span class='ocrx_word' id='word_1_633' title='bbox 2675 4239 2883 4278; x_wconf 87' lang='lat' dir='ltr'><strong>sacram</strong></span> <span class='ocrx_word' id='word_1_634' title='bbox 2917 4224 3203 4278; x_wconf 84' lang='lat' dir='ltr'><strong>historiam</strong></span> <span class='ocrx_word' id='word_1_635' title='bbox 3237 4241 3263 4278; x_wconf 88' lang='lat' dir='ltr'><strong>a</strong></span> <span class='ocrx_word' id='word_1_636' title='bbox 3297 4225 3554 4280; x_wconf 48' lang='lat' dir='ltr'><strong>Romanas</strong></span> <span class='ocrx_word' id='word_1_637' title='bbox 3592 4229 3667 4280; x_wconf 70' lang='grc' dir='ltr'><strong>ι’ιί</strong></span> <span class='ocrx_word' id='word_1_638' title='bbox 3715 4245 3822 4298; x_wconf 80' lang='grc' dir='ltr'><strong>ρυ-</strong></span> 
     </span>
    </p>
   </div>
   <div class='ocr_carea' id='block_1_58' title="bbox 618 4306 3822 4381">
    <p class='ocr_par' dir='ltr' id='par_1_58' title="bbox 618 4306 3822 4381">
     <span class='ocr_line' id='line_1_58' title="bbox 618 4306 3822 4381; baseline 0 -11"><span class='ocrx_word' id='word_1_639' title='bbox 618 4316 800 4380; x_wconf 68' lang='lat' dir='ltr'><strong>blicae,</strong></span> <span class='ocrx_word' id='word_1_640' title='bbox 838 4326 1054 4367; x_wconf 89' lang='lat' dir='ltr'><strong>rursum</strong></span> <span class='ocrx_word' id='word_1_641' title='bbox 1087 4322 1419 4379; x_wconf 83' lang='lat' dir='ltr'><strong>paganorum</strong></span> <span class='ocrx_word' id='word_1_642' title='bbox 1462 4322 1490 4359; x_wconf 89' lang='lat' dir='ltr'><strong>a</strong></span> <span class='ocrx_word' id='word_1_643' title='bbox 1530 4306 1971 4360; x_wconf 80' lang='lat' dir='ltr'><strong>Christianorum</strong></span> <span class='ocrx_word' id='word_1_644' title='bbox 2002 4309 2397 4377; x_wconf 87' lang='lat' dir='ltr'><strong>imperatormn</strong></span> <span class='ocrx_word' id='word_1_645' title='bbox 2424 4311 2647 4365; x_wconf 83' lang='lat' dir='ltr'><strong>historia</strong></span> <span class='ocrx_word' id='word_1_646' title='bbox 2680 4312 3001 4381; x_wconf 85' lang='lat' dir='ltr'><strong>distinguat,</strong></span> <span class='ocrx_word' id='word_1_647' title='bbox 3048 4306 3171 4365; x_wconf 66' lang='lat' dir='ltr'><strong>cum</strong></span> <span class='ocrx_word' id='word_1_648' title='bbox 3221 4313 3391 4381; x_wconf 88' lang='lat' dir='ltr'><strong>ipsius</strong></span> <span class='ocrx_word' id='word_1_649' title='bbox 3419 4314 3641 4369; x_wconf 75' lang='lat' dir='ltr'><strong>Zonara:</strong></span> <span class='ocrx_word' id='word_1_650' title='bbox 3675 4315 3822 4370; x_wconf 85' lang='lat' dir='ltr'><strong>divi-</strong></span> 
     </span>
    </p>
   </div>
   <div class='ocr_carea' id='block_1_59' title="bbox 616 4382 3821 4471">
    <p class='ocr_par' dir='ltr' id='par_1_59' title="bbox 616 4382 3821 4471">
     <span class='ocr_line' id='line_1_59' title="bbox 616 4382 3821 4471; baseline -0.001 -13"><span class='ocrx_word' id='word_1_651' title='bbox 616 4382 766 4471; x_wconf 48' lang='lat' dir='ltr'><strong>‘sioni</strong></span> <span class='ocrx_word' id='word_1_652' title='bbox 792 4390 1066 4456; x_wconf 84' lang='lat' dir='ltr'><strong>contraria</strong></span> <span class='ocrx_word' id='word_1_653' title='bbox 1098 4395 1189 4459; x_wconf 89' lang='lat' dir='ltr'><strong>sit,</strong></span> <span class='ocrx_word' id='word_1_654' title='bbox 1228 4397 1401 4454; x_wconf 85' lang='lat' dir='ltr'><strong>satius</strong></span> <span class='ocrx_word' id='word_1_655' title='bbox 1429 4395 1683 4449; x_wconf 79' lang='lat' dir='ltr'><strong>duximus</strong></span> <span class='ocrx_word' id='word_1_656' title='bbox 1720 4410 1787 4447; x_wconf 89' lang='lat' dir='ltr'><strong>ex</strong></span> <span class='ocrx_word' id='word_1_657' title='bbox 1826 4395 2070 4449; x_wconf 89' lang='lat' dir='ltr'><strong>virorum</strong></span> <span class='ocrx_word' id='word_1_658' title='bbox 2115 4397 2458 4450; x_wconf 81' lang='lat' dir='ltr'><strong>eruditorum</strong></span> <span class='ocrx_word' id='word_1_659' title='bbox 2489 4397 2717 4451; x_wconf 73' lang='lat' dir='ltr'><strong>ronsiliu</strong></span> <span class='ocrx_word' id='word_1_660' title='bbox 2759 4398 3072 4451; x_wconf 86' lang='lat' dir='ltr'><strong>universum</strong></span> <span class='ocrx_word' id='word_1_661' title='bbox 3115 4397 3219 4451; x_wconf 89' lang='lat' dir='ltr'><strong>hoc</strong></span> <span class='ocrx_word' id='word_1_662' title='bbox 3255 4400 3543 4452; x_wconf 82' lang='lat' dir='ltr'><strong>Annalium</strong></span> <span class='ocrx_word' id='word_1_663' title='bbox 3576 4414 3713 4468; x_wconf 87' lang='lat' dir='ltr'><strong>opus</strong></span> <span class='ocrx_word' id='word_1_664' title='bbox 3763 4404 3821 4455; x_wconf 89' lang='lat' dir='ltr'><strong>in</strong></span> 
     </span>
    </p>
   </div>
   <div class='ocr_carea' id='block_1_60' title="bbox 613 4483 2537 4555">
    <p class='ocr_par' dir='ltr' id='par_1_60' title="bbox 613 4483 2537 4555">
     <span class='ocr_line' id='line_1_60' title="bbox 613 4483 2537 4555; baseline -0.005 -13"><span class='ocrx_word' id='word_1_665' title='bbox 613 4488 792 4542; x_wconf 77' lang='lat' dir='ltr'><strong>libros</strong></span> <span class='ocrx_word' id='word_1_666' title='bbox 822 4503 947 4541; x_wconf 84' lang='lat' dir='ltr'><strong>xvm</strong></span> <span class='ocrx_word' id='word_1_667' title='bbox 974 4485 1189 4555; x_wconf 71' lang='lat' dir='ltr'><strong>partiri,</strong></span> <span class='ocrx_word' id='word_1_668' title='bbox 1218 4484 1389 4536; x_wconf 87' lang='lat' dir='ltr'><strong>libros</strong></span> <span class='ocrx_word' id='word_1_669' title='bbox 1416 4499 1545 4536; x_wconf 83' lang='lat' dir='ltr'><strong>vero</strong></span> <span class='ocrx_word' id='word_1_670' title='bbox 1575 4486 1629 4535; x_wconf 89' lang='lat' dir='ltr'><strong>in</strong></span> <span class='ocrx_word' id='word_1_671' title='bbox 1657 4483 1947 4544; x_wconf 88' lang='lat' dir='ltr'><strong>sectiones,</strong></span> <span class='ocrx_word' id='word_1_672' title='bbox 2534 4506 2537 4507; x_wconf 52' lang='grc' dir='ltr'><em>ν</em></span> 
     </span>
    </p>
   </div>
   <div class='ocr_carea' id='block_1_61' title="bbox 1512 4584 2588 4656">
    <p class='ocr_par' dir='ltr' id='par_1_61' title="bbox 1512 4584 2588 4656">
     <span class='ocr_line' id='line_1_61' title="bbox 1512 4584 2588 4656; baseline 0.003 -18"><span class='ocrx_word' id='word_1_673' title='bbox 1512 4584 1729 4639; x_wconf 82' lang='lat' dir='ltr'><strong>Sumere</strong></span> <span class='ocrx_word' id='word_1_674' title='bbox 1753 4601 1818 4638; x_wconf 86' lang='lat' dir='ltr'><strong>ne</strong></span> <span class='ocrx_word' id='word_1_675' title='bbox 1846 4584 2005 4639; x_wconf 80' lang='lat' dir='ltr'><strong>lector</strong></span> <span class='ocrx_word' id='word_1_676' title='bbox 2035 4587 2164 4656; x_wconf 82' lang='lat' dir='ltr'><strong>juge</strong></span> <span class='ocrx_word' id='word_1_677' title='bbox 2196 4596 2407 4656; x_wconf 78' lang='lat' dir='ltr'><strong>paveret</strong></span> <span class='ocrx_word' id='word_1_678' title='bbox 2438 4603 2588 4656; x_wconf 82' lang='lat' dir='ltr'><strong>opus.</strong></span> 
     </span>
    </p>
   </div>
   <div class='ocr_carea' id='block_1_62' title="bbox 617 4647 839 4717">
    <p class='ocr_par' dir='ltr' id='par_1_62' title="bbox 617 4647 839 4717">
     <span class='ocr_line' id='line_1_62' title="bbox 617 4647 839 4717; baseline -0.018 0"><span class='ocrx_word' id='word_1_679' title='bbox 617 4677 745 4717; x_wconf 87' lang='lat' dir='ltr'><strong>nam</strong></span> <span class='ocrx_word' id='word_1_680' title='bbox 780 4647 839 4713; x_wconf 75' lang='lat' dir='ltr'><strong>ut</strong></span> 
     </span>
    </p>
   </div>
   <div class='ocr_carea' id='block_1_63' title="bbox 1516 4739 2634 4809">
    <p class='ocr_par' dir='ltr' id='par_1_63' title="bbox 1516 4739 2634 4809">
     <span class='ocr_line' id='line_1_63' title="bbox 1516 4739 2634 4809; baseline 0.004 -18"><span class='ocrx_word' id='word_1_681' title='bbox 1516 4739 1811 4795; x_wconf 78' lang='lat' dir='ltr'><strong>Intervalla</strong></span> <span class='ocrx_word' id='word_1_682' title='bbox 1839 4742 1936 4793; x_wconf 67' lang='lat' dir='ltr'><strong>vim</strong></span> <span class='ocrx_word' id='word_1_683' title='bbox 1967 4740 2112 4808; x_wconf 76' lang='lat' dir='ltr'><strong>{mis</strong></span> <span class='ocrx_word' id='word_1_684' title='bbox 2144 4752 2397 4809; x_wconf 66' lang='lat' dir='ltr'><strong>praestare</strong></span> <span class='ocrx_word' id='word_1_685' title='bbox 2432 4744 2634 4796; x_wconf 77' lang='lat' dir='ltr'><strong>videtur</strong></span> 
     </span>
    </p>
   </div>
   <div class='ocr_carea' id='block_1_64' title="bbox 1590 4811 2887 4886">
    <p class='ocr_par' dir='ltr' id='par_1_64' title="bbox 1590 4811 2887 4886">
     <span class='ocr_line' id='line_1_64' title="bbox 1590 4811 2887 4886; baseline 0.007 -27"><span class='ocrx_word' id='word_1_686' title='bbox 1590 4811 1692 4874; x_wconf 82' lang='lat' dir='ltr'><strong>Qui</strong></span> <span class='ocrx_word' id='word_1_687' title='bbox 1722 4817 1868 4861; x_wconf 80' lang='lat' dir='ltr'><strong>notat</strong></span> <span class='ocrx_word' id='word_1_688' title='bbox 1892 4811 2169 4880; x_wconf 79' lang='lat' dir='ltr'><strong>inscriptus</strong></span> <span class='ocrx_word' id='word_1_689' title='bbox 2195 4811 2362 4865; x_wconf 78' lang='lat' dir='ltr'><strong>millia</strong></span> <span class='ocrx_word' id='word_1_690' title='bbox 2386 4813 2569 4866; x_wconf 77' lang='lat' dir='ltr'><strong>crebra</strong></span> <span class='ocrx_word' id='word_1_691' title='bbox 2597 4814 2731 4886; x_wconf 70' lang='lat' dir='ltr'><strong>lapis</strong></span> <span class='ocrx_word' id='word_1_692' title='bbox 2754 4814 2887 4886; x_wconf 69' lang='grc'><strong>(24),</strong></span> 
     </span>
    </p>
   </div>
   <div class='ocr_carea' id='block_1_65' title="bbox 620 4931 3821 5009">
    <p class='ocr_par' dir='ltr' id='par_1_65' title="bbox 620 4931 3821 5009">
     <span class='ocr_line' id='line_1_65' title="bbox 620 4931 3821 5009; baseline 0 -17"><span class='ocrx_word' id='word_1_693' title='bbox 620 4941 694 4993; x_wconf 79' lang='lat' dir='ltr'><strong>ita</strong></span> <span class='ocrx_word' id='word_1_694' title='bbox 738 4940 997 4992; x_wconf 85' lang='lat' dir='ltr'><strong>librorum</strong></span> <span class='ocrx_word' id='word_1_695' title='bbox 1025 4935 1325 4991; x_wconf 83' lang='lat' dir='ltr'><strong>divisiones</strong></span> <span class='ocrx_word' id='word_1_696' title='bbox 1353 4949 1382 4988; x_wconf 87' lang='lat' dir='ltr'><strong>a</strong></span> <span class='ocrx_word' id='word_1_697' title='bbox 1409 4932 1669 4986; x_wconf 86' lang='lat' dir='ltr'><strong>continua</strong></span> <span class='ocrx_word' id='word_1_698' title='bbox 1696 4931 1955 4986; x_wconf 84' lang='lat' dir='ltr'><strong>lectionis</strong></span> <span class='ocrx_word' id='word_1_699' title='bbox 1983 4932 2311 4988; x_wconf 85' lang='lat' dir='ltr'><strong>assiduitate</strong></span> <span class='ocrx_word' id='word_1_700' title='bbox 2336 4935 2559 4991; x_wconf 89' lang='lat' dir='ltr'><strong>lectoris</strong></span> <span class='ocrx_word' id='word_1_701' title='bbox 2588 4937 2829 5001; x_wconf 84' lang='lat' dir='ltr'><strong>animum</strong></span> <span class='ocrx_word' id='word_1_702' title='bbox 2862 4938 3127 5007; x_wconf 87' lang='lat' dir='ltr'><strong>relaxant,</strong></span> <span class='ocrx_word' id='word_1_703' title='bbox 3171 4950 3297 4997; x_wconf 85' lang='lat' dir='ltr'><strong>cum</strong></span> <span class='ocrx_word' id='word_1_704' title='bbox 3327 4937 3492 4991; x_wconf 88' lang='lat' dir='ltr'><strong>habet</strong></span> <span class='ocrx_word' id='word_1_705' title='bbox 3518 4937 3610 4992; x_wconf 90' lang='lat' dir='ltr'><strong>ubi</strong></span> <span class='ocrx_word' id='word_1_706' title='bbox 3652 4938 3821 5009; x_wconf 88' lang='lat' dir='ltr'><strong>longo</strong></span> 
     </span>
    </p>
   </div>
   <div class='ocr_carea' id='block_1_66' title="bbox 620 5010 3818 5094">
    <p class='ocr_par' dir='ltr' id='par_1_66' title="bbox 620 5010 3818 5094">
     <span class='ocr_line' id='line_1_66' title="bbox 620 5010 3818 5094; baseline 0.001 -16"><span class='ocrx_word' id='word_1_707' title='bbox 620 5024 775 5094; x_wconf 85' lang='lat' dir='ltr'><strong>quasi</strong></span> <span class='ocrx_word' id='word_1_708' title='bbox 807 5025 1001 5076; x_wconf 87' lang='lat' dir='ltr'><strong>itinere</strong></span> <span class='ocrx_word' id='word_1_709' title='bbox 1022 5021 1347 5091; x_wconf 81' lang='lat' dir='ltr'><strong>defatigatus</strong></span> <span class='ocrx_word' id='word_1_710' title='bbox 1369 5018 1663 5083; x_wconf 86' lang='lat' dir='ltr'><strong>consistat;</strong></span> <span class='ocrx_word' id='word_1_711' title='bbox 1696 5019 1996 5088; x_wconf 72' lang='lat' dir='ltr'><strong>prtesertim</strong></span> <span class='ocrx_word' id='word_1_712' title='bbox 2026 5020 2190 5074; x_wconf 85' lang='lat' dir='ltr'><strong>etiam</strong></span> <span class='ocrx_word' id='word_1_713' title='bbox 2224 5036 2348 5075; x_wconf 88' lang='lat' dir='ltr'><strong>cum</strong></span> <span class='ocrx_word' id='word_1_714' title='bbox 2377 5022 2513 5076; x_wconf 88' lang='lat' dir='ltr'><strong>nihil</strong></span> <span class='ocrx_word' id='word_1_715' title='bbox 2548 5010 2757 5077; x_wconf 82' lang='lat' dir='ltr'><strong>auctori</strong></span> <span class='ocrx_word' id='word_1_716' title='bbox 2790 5024 3083 5077; x_wconf 85' lang='lat' dir='ltr'><strong>detrahant</strong></span> <span class='ocrx_word' id='word_1_717' title='bbox 3110 5039 3212 5077; x_wconf 83' lang='lat' dir='ltr'><strong>nec</strong></span> <span class='ocrx_word' id='word_1_718' title='bbox 3257 5024 3571 5091; x_wconf 88' lang='lat' dir='ltr'><strong>scriptionis</strong></span> <span class='ocrx_word' id='word_1_719' title='bbox 3613 5028 3818 5081; x_wconf 87' lang='lat' dir='ltr'><strong>seriem</strong></span> 
     </span>
    </p>
   </div>
   <div class='ocr_carea' id='block_1_67' title="bbox 606 5106 3817 5177">
    <p class='ocr_par' dir='ltr' id='par_1_67' title="bbox 606 5106 3817 5177">
     <span class='ocr_line' id='line_1_67' title="bbox 606 5106 3817 5177; baseline -0.001 -11"><span class='ocrx_word' id='word_1_720' title='bbox 606 5112 966 5177; x_wconf 81' lang='lat' dir='ltr'><strong>abrumpant.</strong></span> <span class='ocrx_word' id='word_1_721' title='bbox 999 5109 1150 5163; x_wconf 87' lang='lat' dir='ltr'><strong>Adde</strong></span> <span class='ocrx_word' id='word_1_722' title='bbox 1178 5109 1324 5177; x_wconf 89' lang='lat' dir='ltr'><strong>quod</strong></span> <span class='ocrx_word' id='word_1_723' title='bbox 1355 5107 1407 5159; x_wconf 88' lang='lat' dir='ltr'><strong>id</strong></span> <span class='ocrx_word' id='word_1_724' title='bbox 1442 5106 1751 5173; x_wconf 83' lang='lat' dir='ltr'><strong>partitionis</strong></span> <span class='ocrx_word' id='word_1_725' title='bbox 1778 5121 1952 5176; x_wconf 85' lang='lat' dir='ltr'><strong>genus</strong></span> <span class='ocrx_word' id='word_1_726' title='bbox 1981 5106 2049 5160; x_wconf 88' lang='lat' dir='ltr'><strong>ad</strong></span> <span class='ocrx_word' id='word_1_727' title='bbox 2083 5108 2234 5161; x_wconf 89' lang='lat' dir='ltr'><strong>locos</strong></span> <span class='ocrx_word' id='word_1_728' title='bbox 2265 5121 2331 5161; x_wconf 87' lang='lat' dir='ltr'><strong>ex</strong></span> <span class='ocrx_word' id='word_1_729' title='bbox 2372 5108 2740 5176; x_wconf 67' lang='lat' dir='ltr'><strong>scriptoribus</strong></span> <span class='ocrx_word' id='word_1_730' title='bbox 2766 5108 3017 5163; x_wconf 85' lang='lat' dir='ltr'><strong>laudatos</strong></span> <span class='ocrx_word' id='word_1_731' title='bbox 3050 5110 3233 5163; x_wconf 84' lang='lat' dir='ltr'><strong>statim</strong></span> <span class='ocrx_word' id='word_1_732' title='bbox 3277 5110 3633 5176; x_wconf 81' lang='lat' dir='ltr'><strong>reperiendus</strong></span> <span class='ocrx_word' id='word_1_733' title='bbox 3672 5113 3817 5165; x_wconf 88' lang='lat' dir='ltr'><strong>mul-</strong></span> 
     </span>
    </p>
   </div>
   <div class='ocr_carea' id='block_1_68' title="bbox 624 5192 3817 5264">
    <p class='ocr_par' dir='ltr' id='par_1_68' title="bbox 624 5192 3817 5264">
     <span class='ocr_line' id='line_1_68' title="bbox 624 5192 3817 5264; baseline -0.002 -10"><span class='ocrx_word' id='word_1_734' title='bbox 624 5210 739 5254; x_wconf 71' lang='lat' dir='ltr'><strong>tum</strong></span> <span class='ocrx_word' id='word_1_735' title='bbox 770 5194 1040 5251; x_wconf 80' lang='lat' dir='ltr'><strong>conducat</strong></span> <span class='ocrx_word' id='word_1_736' title='bbox 1074 5214 1087 5245; x_wconf 90' lang='lat'><strong>:</strong></span> <span class='ocrx_word' id='word_1_737' title='bbox 1124 5196 1266 5249; x_wconf 87' lang='lat' dir='ltr'><strong>unde</strong></span> <span class='ocrx_word' id='word_1_738' title='bbox 1312 5194 1598 5248; x_wconf 84' lang='lat' dir='ltr'><strong>inductum</strong></span> <span class='ocrx_word' id='word_1_739' title='bbox 1639 5194 1767 5246; x_wconf 81' lang='lat' dir='ltr'><strong>illud</strong></span> <span class='ocrx_word' id='word_1_740' title='bbox 1812 5193 1927 5248; x_wconf 81' lang='lat' dir='ltr'><strong>lere</strong></span> <span class='ocrx_word' id='word_1_741' title='bbox 1974 5194 2043 5246; x_wconf 90' lang='lat' dir='ltr'><strong>ab</strong></span> <span class='ocrx_word' id='word_1_742' title='bbox 2085 5192 2481 5261; x_wconf 84' lang='lat' dir='ltr'><strong>eruditioribus</strong></span> <span class='ocrx_word' id='word_1_743' title='bbox 2514 5194 2568 5246; x_wconf 90' lang='lat' dir='ltr'><strong>in</strong></span> <span class='ocrx_word' id='word_1_744' title='bbox 2601 5194 2885 5261; x_wconf 87' lang='lat' dir='ltr'><strong>quibusvis</strong></span> <span class='ocrx_word' id='word_1_745' title='bbox 2918 5194 3340 5262; x_wconf 85' lang='lat' dir='ltr'><strong>exemplaribus,</strong></span> <span class='ocrx_word' id='word_1_746' title='bbox 3391 5212 3509 5264; x_wconf 72' lang='lat' dir='ltr'><strong>qua:</strong></span> <span class='ocrx_word' id='word_1_747' title='bbox 3555 5200 3817 5251; x_wconf 86' lang='lat' dir='ltr'><strong>continua</strong></span> 
     </span>
    </p>
   </div>
   <div class='ocr_carea' id='block_1_69' title="bbox 618 5277 3815 5351">
    <p class='ocr_par' dir='ltr' id='par_1_69' title="bbox 618 5277 3815 5351">
     <span class='ocr_line' id='line_1_69' title="bbox 618 5277 3815 5351; baseline -0 -12"><span class='ocrx_word' id='word_1_748' title='bbox 618 5287 761 5344; x_wconf 77' lang='lat' dir='ltr'><strong>serie</strong></span> <span class='ocrx_word' id='word_1_749' title='bbox 783 5284 986 5351; x_wconf 82' lang='lat' dir='ltr'><strong>absque</strong></span> <span class='ocrx_word' id='word_1_750' title='bbox 1013 5281 1169 5334; x_wconf 83' lang='lat' dir='ltr'><strong>libris</strong></span> <span class='ocrx_word' id='word_1_751' title='bbox 1203 5283 1281 5335; x_wconf 81' lang='lat' dir='ltr'><strong>vel</strong></span> <span class='ocrx_word' id='word_1_752' title='bbox 1309 5282 1511 5351; x_wconf 87' lang='lat' dir='ltr'><strong>absque</strong></span> <span class='ocrx_word' id='word_1_753' title='bbox 1539 5281 1812 5350; x_wconf 84' lang='lat' dir='ltr'><strong>capitibus</strong></span> <span class='ocrx_word' id='word_1_754' title='bbox 1835 5279 2250 5333; x_wconf 86' lang='lat' dir='ltr'><strong>describuntur.</strong></span> <span class='ocrx_word' id='word_1_755' title='bbox 2286 5277 2439 5341; x_wconf 86' lang='lat' dir='ltr'><strong>Quod</strong></span> <span class='ocrx_word' id='word_1_756' title='bbox 2468 5278 2712 5347; x_wconf 21' lang='lat' dir='ltr'><strong>quidem,</strong></span> <span class='ocrx_word' id='word_1_757' title='bbox 2734 5279 2807 5333; x_wconf 88' lang='lat' dir='ltr'><strong>ita</strong></span> <span class='ocrx_word' id='word_1_758' title='bbox 2850 5281 2903 5332; x_wconf 93' lang='lat' dir='ltr'><strong>in</strong></span> <span class='ocrx_word' id='word_1_759' title='bbox 2955 5280 3165 5333; x_wconf 86' lang='lat' dir='ltr'><strong>Zonara</strong></span> <span class='ocrx_word' id='word_1_760' title='bbox 3196 5282 3557 5348; x_wconf 78' lang='lat' dir='ltr'><strong>confecimus,</strong></span> <span class='ocrx_word' id='word_1_761' title='bbox 3583 5295 3642 5338; x_wconf 92' lang='lat' dir='ltr'><strong>ut</strong></span> <span class='ocrx_word' id='word_1_762' title='bbox 3677 5284 3815 5338; x_wconf 88' lang='lat' dir='ltr'><strong>alte-</strong></span> 
     </span>
    </p>
   </div>
   <div class='ocr_carea' id='block_1_70' title="bbox 689 5396 2284 5516">
    <p class='ocr_par' dir='ltr' id='par_1_70' title="bbox 689 5440 1387 5516">
     <span class='ocr_line' id='line_1_70' title="bbox 689 5440 1387 5516; baseline -0.011 -19"><span class='ocrx_word' id='word_1_763' title='bbox 689 5443 948 5516; x_wconf 84' lang='lat' dir='ltr'><strong>(l8)</strong></span> <span class='ocrx_word' id='word_1_764' title='bbox 980 5458 1075 5504; x_wconf 82' lang='lat' dir='ltr'><strong>vn,</strong></span> <span class='ocrx_word' id='word_1_765' title='bbox 1108 5440 1387 5516; x_wconf 32' lang='grc' dir='ltr'><strong>δρα-Π..</strong></span> 
     </span>
    </p>
   </div>
   <div class='ocr_carea' id='block_1_71' title="bbox 1407 5396 3002 5516">
    <p class='ocr_par' dir='ltr' id='par_1_71' title="bbox 2348 5412 3002 5516">
     <span class='ocr_line' id='line_1_71' title="bbox 2348 5412 3002 5516; baseline 0.002 -29"><span class='ocrx_word' id='word_1_766' title='bbox 2348 5432 2457 5516; x_wconf 58' lang='lat' dir='ltr'><strong>ges)</strong></span> <span class='ocrx_word' id='word_1_767' title='bbox 2488 5435 2609 5516; x_wconf 83' lang='lat' dir='ltr'><strong>_Lib.</strong></span> <span class='ocrx_word' id='word_1_768' title='bbox 2639 5451 2713 5516; x_wconf 74' lang='lat' dir='ltr'><strong>ix,</strong></span> <span class='ocrx_word' id='word_1_769' title='bbox 2738 5444 2873 5516; x_wconf 67' lang='lat' dir='ltr'><strong>sect.</strong></span> <span class='ocrx_word' id='word_1_770' title='bbox 2904 5434 3002 5516; x_wconf 77' lang='lat' dir='ltr'><strong>un.</strong></span> 
     </span>
    </p>
   </div>
   <div class='ocr_carea' id='block_1_72' title="bbox 690 5449 2285 5583">
    <p class='ocr_par' dir='ltr' id='par_1_72' title="bbox 690 5449 1387 5583">
     <span class='ocr_line' id='line_1_72' title="bbox 690 5449 1387 5516; baseline -0.011 -19"><span class='ocrx_word' id='word_1_771' title='bbox 690 5449 799 5516; x_wconf 82' lang='lat' dir='ltr'><strong>(l8)</strong></span> <span class='ocrx_word' id='word_1_772' title='bbox 829 5449 948 5496; x_wconf 86' lang='lat' dir='ltr'><strong>Lib.</strong></span> <span class='ocrx_word' id='word_1_773' title='bbox 980 5458 1075 5504; x_wconf 82' lang='lat' dir='ltr'><strong>vn,</strong></span> <span class='ocrx_word' id='word_1_774' title='bbox 1108 5449 1235 5493; x_wconf 87' lang='lat' dir='ltr'><strong>sect.</strong></span> <span class='ocrx_word' id='word_1_775' title='bbox 1268 5449 1387 5511; x_wconf 72' lang='grc' dir='ltr'><strong>Π..</strong></span> 
     </span>
     <span class='ocr_line' id='line_1_73' title="bbox 690 5511 1311 5583; baseline -0.013 -16"><span class='ocrx_word' id='word_1_776' title='bbox 690 5518 796 5583; x_wconf 83' lang='lat' dir='ltr'><strong>(l9)</strong></span> <span class='ocrx_word' id='word_1_777' title='bbox 830 5514 945 5583; x_wconf 86' lang='lat' dir='ltr'><strong>Lib.</strong></span> <span class='ocrx_word' id='word_1_778' title='bbox 973 5528 1024 5575; x_wconf 66' lang='grc' dir='ltr'><strong>λ,</strong></span> <span class='ocrx_word' id='word_1_779' title='bbox 1062 5519 1195 5583; x_wconf 86' lang='lat' dir='ltr'><strong>se_ct.</strong></span> <span class='ocrx_word' id='word_1_780' title='bbox 1224 5511 1311 5561; x_wconf 76' lang='lat'><strong>‘28.</strong></span> 
     </span>
    </p>
   </div>
   <div class='ocr_carea' id='block_1_73' title="bbox 2042 5449 3637 5583">
    <p class='ocr_par' dir='ltr' id='par_1_73' title="bbox 2345 5449 3637 5583">
     <span class='ocr_line' id='line_1_74' title="bbox 2345 5449 3591 5572; baseline 0 -84"><span class='ocrx_word' id='word_1_781' title='bbox 2345 5449 2457 5572; x_wconf 48' lang='lat'><strong>222‘</strong></span> <span class='ocrx_word' id='word_1_782' title='bbox 2491 5449 2609 5488; x_wconf 79' lang='lat' dir='ltr'><strong>LII).</strong></span> <span class='ocrx_word' id='word_1_783' title='bbox 2639 5451 2713 5499; x_wconf 83' lang='lat' dir='ltr'><strong>lx,</strong></span> <span class='ocrx_word' id='word_1_784' title='bbox 2738 5449 2873 5487; x_wconf 83' lang='lat' dir='ltr'><strong>seet.</strong></span> <span class='ocrx_word' id='word_1_785' title='bbox 2904 5449 3003 5488; x_wconf 83' lang='lat' dir='ltr'><strong>ult.</strong></span> <span class='ocrx_word' id='word_1_786' title='bbox 3579 5502 3591 5514; x_wconf 42' lang='grc' dir='ltr'><strong><em>ο</em></strong></span> 
     </span>
     <span class='ocr_line' id='line_1_75' title="bbox 2355 5503 3637 5583; baseline -0.001 -28"><span class='ocrx_word' id='word_1_787' title='bbox 2488 5504 2543 5583; x_wconf 72' lang='lat' dir='ltr'><strong>in</strong></span> <span class='ocrx_word' id='word_1_788' title='bbox 2568 5513 2681 5583; x_wconf 68' lang='lat' dir='ltr'><strong>not.</strong></span> <span class='ocrx_word' id='word_1_789' title='bbox 2702 5504 2779 5583; x_wconf 72' lang='lat' dir='ltr'><strong>ad</strong></span> <span class='ocrx_word' id='word_1_790' title='bbox 2811 5504 3033 5583; x_wconf 52' lang='lat' dir='ltr'><strong>Euseb.,</strong></span> <span class='ocrx_word' id='word_1_791' title='bbox 3063 5520 3115 5573; x_wconf 71' lang='grc' dir='ltr'><strong>ιι.</strong></span> <span class='ocrx_word' id='word_1_792' title='bbox 3142 5505 3237 5558; x_wconf 72' lang='lat' dir='ltr'><strong>9H</strong></span> <span class='ocrx_word' id='word_1_793' title='bbox 3256 5546 3268 5565; x_wconf 87' lang='lat'><strong>.</strong></span> <span class='ocrx_word' id='word_1_794' title='bbox 3294 5506 3418 5570; x_wconf 63' lang='grc' dir='ltr'><strong>αξη,</strong></span> <span class='ocrx_word' id='word_1_795' title='bbox 3448 5506 3483 5562; x_wconf 75' lang='lat'><strong>‘2</strong></span> <span class='ocrx_word' id='word_1_796' title='bbox 3505 5503 3637 5559; x_wconf 78' lang='lat' dir='ltr'><strong>edit.</strong></span> 
     </span>
    </p>
   </div>
   <div class='ocr_carea' id='block_1_74' title="bbox 628 5574 3191 5653">
    <p class='ocr_par' dir='ltr' id='par_1_74' title="bbox 628 5574 3191 5653">
     <span class='ocr_line' id='line_1_76' title="bbox 628 5574 3191 5653; baseline -0.003 -20"><span class='ocrx_word' id='word_1_797' title='bbox 628 5629 633 5633; x_wconf 79' lang='grc'><strong><em>,</em></strong></span> <span class='ocrx_word' id='word_1_798' title='bbox 688 5574 797 5653; x_wconf 71' lang='grc'><strong>(⁸211)</strong></span> <span class='ocrx_word' id='word_1_799' title='bbox 974 5574 1082 5642; x_wconf 74' lang='grc' dir='ltr'><strong>χιιι,</strong></span> <span class='ocrx_word' id='word_1_800' title='bbox 1106 5580 1159 5629; x_wconf 79' lang='grc'><strong>3.</strong></span> <span class='ocrx_word' id='word_1_801' title='bbox 1256 5651 1262 5653; x_wconf 19' lang='grc' dir='ltr'><em>Α</em></span> <span class='ocrx_word' id='word_1_802' title='bbox 2348 5574 2457 5640; x_wconf 68' lang='lat'><strong>(‘24)</strong></span> <span class='ocrx_word' id='word_1_803' title='bbox 2491 5574 2725 5625; x_wconf 70' lang='lat' dir='ltr'><strong>Rutilius</strong></span> <span class='ocrx_word' id='word_1_804' title='bbox 2756 5574 2969 5629; x_wconf 61' lang='lat' dir='ltr'><strong>huniat.</strong></span> <span class='ocrx_word' id='word_1_805' title='bbox 3002 5576 3093 5627; x_wconf 83' lang='lat' dir='ltr'><strong>lib.</strong></span> <span class='ocrx_word' id='word_1_806' title='bbox 3134 5592 3191 5626; x_wconf 89' lang='grc' dir='ltr'><strong>ιι.</strong></span> 
     </span>
    </p>
   </div>
   <div class='ocr_carea' id='block_1_75' title="bbox 687 5650 1325 5719">
    <p class='ocr_par' dir='ltr' id='par_1_75' title="bbox 687 5650 1325 5719">
     <span class='ocr_line' id='line_1_77' title="bbox 687 5650 1325 5719; baseline -0.019 -7"><span class='ocrx_word' id='word_1_807' title='bbox 687 5650 797 5719; x_wconf 70' lang='lat'><strong>(2|)</strong></span> <span class='ocrx_word' id='word_1_808' title='bbox 824 5650 939 5707; x_wconf 82' lang='lat' dir='ltr'><strong>Lib.</strong></span> <span class='ocrx_word' id='word_1_809' title='bbox 969 5667 1046 5717; x_wconf 81' lang='grc' dir='ltr'><strong>ιιι,</strong></span> <span class='ocrx_word' id='word_1_810' title='bbox 1080 5661 1213 5704; x_wconf 85' lang='lat' dir='ltr'><strong>seet.</strong></span> <span class='ocrx_word' id='word_1_811' title='bbox 1239 5651 1325 5702; x_wconf 68' lang='grc'><strong>26.</strong></span> 
     </span>
    </p>
   </div>
  </div>
