4030 6332
199 498 269 558 17
1622 503 1788 561 PFUE

1820 499 2033 561 I‘ATlO.
2716 459 2722 480 ί
3351 505 3411 566 f8

191 620 327 657 ram
365 616 579 674 partem
612 607 929 662 Wolfianam
966 625 994 663 a
1023 621 1119 672 ‘vtt,
1151 609 1367 662 tertiam
1406 622 1535 659 vero
1566 624 1593 660 a
1630 622 1720 660 xm
1752 606 1914 670 libro,
1951 617 2006 659 ut
2037 617 2242 675 partem
2273 609 2565 662 Annalium
2592 610 2816 664 alteram
2850 614 3146 668 secundum
3175 615 3414 668 auctoris

191 705 491 762 receptam
523 696 850 750 divisionem
879 713 906 749 a
939 698 1081 750 libro
1115 713 1148 749 x
1183 695 1555 763 auspicemnr.
1920 693 1926 698 ’
2842 748 2844 750 τ
2982 715 2985 718 ·

275 780 404 833 Jam
446 778 579 835 vero
606 783 738 850 quid
789 782 1043 836 Wolfium
1077 783 1357 853 impulerit
1399 789 1456 833 ut
1507 780 1573 845 ad
1622 781 1844 835 Zonaras
1892 783 2127 839 Annales
2164 785 2216 838 in
2253 784 2502 843 Latinam
2557 789 2800 857 linguam
2845 790 3242 843 convertendos
3294 804 3412 842 sese

197 868 546 933 accinxerit,
573 870 825 939 pluribus
851 870 1092 925 declarat
1122 872 1241 940 ipse
1277 869 1331 922 in
1370 867 1717 931 Praefatione,
1753 884 1916 937 quam
1949 881 2150 925 nostra:
2177 872 2282 926 -hic
2334 873 2677 941 subjicimus,
2709 884 2876 943 atque
2906 877 3070 929 etiam
3107 878 3159 929 io
3196 877 3296 930 alia
3346 876 3410 929 ad

193 951 508 1023 Nieepliori
545 956 798 1026 Gregorii:
819 956 1112 1012 Historiam
1153 973 1183 1012 a
1223 973 1278 1010 se
1313 956 1518 1023 pariter
1548 955 1705 1009 Latio
1733 955 2011 1020 donatam,
2047 963 2228 1026 Quam,
2268 967 2327 1012 ut
2357 969 2410 1012 et
2442 958 2684 1023 Zonarm,
2714 951 2948 1014 Antonio
2972 959 3216 1030 Fuggero
3247 961 3410 1014 nobili

187 1042 491 1108 Germano
527 1043 752 1100 dicavit.
785 1045 842 1098 In
876 1052 982 1114 qua
1011 1055 1285 1114 postrema
1328 1044 1738 1112 sie'~loquitur:
1796 1062 1812 1094 ι
1852 1043 2049 1097 Fateor
2087 1046 2339 1113 equidem
2390 1047 2456 1099 ad
2501 1047 2769 1101 Zonaram
2810 1048 3236 1102 eouvertendum
3281 1064 3412 1115 pne-

189 1129 340 1182 miis
371 1146 404 1183 a
440 1141 489 1183 te
524 1130 841 1199 propositis,
885 1147 1060 1200 eoque
1108 1141 1352 1200 tempore
1397 1129 1842 1202 peropportnnis,
1883 1130 2043 1184 initio
2076 1132 2370 1187 excitatum
2426 1149 2510 1187 me
2557 1133 2723 1188 fuisse
2759 1134 2938 1208 potius
2994 1150 3154 1204 quam
3204 1145 3414 1200 meapte

188 1219 503 1271 voluntate
548 1219 845 1273 acressisse
877 1236 889 1271 :
945 1234 1052 1272 non
1108 1227 1213 1272 tam
1265 1213 1508 1272 laborum
1542 1227 1598 1271 et
1627 1217 1999 1285 molestiarum
2035 1217 2181 1290 fuga,
2217 1221 2419 1289 quibus
2452 1221 2524 1275 ita
2576 1230 2687 1275 tum
2729 1223 2946 1292 quoque
2985 1237 3324 1276 assueveram
3359 1231 3415 1273 ut.

189 1305 412 1374 ignavo
435 1303 548 1357 otio
581 1304 716 1358 nihil
763 1304 896 1359 milii
940 1315 1084 1361 esset
1129 1305 1433 1367 molestius,
1481 1319 1644 1373 quam
1687 1305 1916 1372 privatis
1960 1307 2098 1360 meis
2134 1308 2350 1372 studiis,
2389 1310 2434 1363 si
2481 1310 2611 1377 quid
2642 1310 2886 1381 daretur
2927 1310 3047 1371 otii,
3093 1307 3329 1370 fruendi,
3361 1318 3415 1361 et

191 1393 533 1446 diuturnam
558 1393 731 1459 'quasi
780 1394 925 1448 sitim
973 1394 1134 1447 varia:
1172 1393 1426 1447 lectionis
1465 1392 1840 1464 restingueudi
1885 1391 2209 1462 cupiditate.
2249 1413 2269 1446 ι
2325 1394 2457 1449 Cum
2487 1411 2613 1452 vero
2647 1396 2713 1449 de
2750 1383 3412 1466 Fuggerorum'nobilium

199 1480 418 1549 insigni
467 1480 791 1535 liberalitate
830 1497 892 1536 ac
929 1475 1304 1535 munificentia
1343 1481 1395 1534 in
1435 1481 1699 1535 eruendis
1740 1467 1810 1534 ab
1855 1481 2081 1536 interitu
2113 1481 2274 1536 bonis
2303 1482 2459 1537 libris
2487 1484 2628 1537 idem
2660 1483 2772 1537 fere
2805 1484 3064 1552 praedicet
3093 1482 3416 1536 Guillelmus

202 1565 512 1634 Xylander,
541 1552 890 1636 praemiisque
919 1568 1130 1624 illectos
1172 1568 1240 1624 ab
1285 1568 1353 1621 iis
1399 1584 1512 1623 suae
1558 1567 1735 1629 aetatis
1775 1565 1924 1620 viros
1969 1566 2216 1624 eruditos
2261 1575 2492 1622 testetur
2520 1569 2612 1638 qui
2643 1569 2859 1623 Graecos
2887 1570 3178 1637 scriptores
3225 1567 3413 1624 Latina

193 1662 336 1718 toga
366 1653 646 1706 donarent
671 1655 902 1707 necdum
931 1654 1136 1719 editos,
1167 1654 1250 1708 vel
1284 1653 1410 1708 inde
1438 1662 1585 1724 patet
1615 1651 1846 1723 quantas
1879 1652 2077 1708 debeat
2101 1655 2304 1725 gratias
2352 1671 2436 1724 res
2478 1654 2742 1716 littera‘ria
2768 1657 2900 1709 viris
2926 1655 3281 1724 principibus,
3320 1656 3411 1722 qui

192 1739 515 1807 propositis
543 1740 777 1804 subinde
801 1741 1021 1794 coronis
1057 1740 1330 1810 publicam
1360 1736 1655 1795 utilitatem
1684 1741 1788 1794 sibi
1816 1741 2111 1810 iuvandam
2154 1752 2484 1810 proponunt,
2514 1753 2568 1795 et
2602 1743 2766 1796 Musis
2798 1759 2906 1795 non
2939 1757 3154 1809 semper
3192 1742 3418 1809 epulen-

190 1829 298 1887 ιτς,
341 1827 459 1880 imo
503 1842 745 1896 persaepe
796 1828 1074 1896 inopibus,
1107 1824 1348 1880 'manum
1402 1827 1886 1897 ultro‘porrigunt.
1932 1827 2116 1896 Neque
2164 1829 2310 1882 enim
2353 1828 2508 1883 fateri
2555 1830 2878 1897 dedignatur
2912 1830 3140 1898 ipsemet
3165 1827 3413 1891 Wolfius,

187 1913 487 1981 quidquid
523 1914 787 1968 hactenus
819 1915 1089 1977 ediderat,
1127 1915 1178 1967 id
1217 1915 1298 1967 vel
1339 1915 1554 1983 publica
1608 1914 1838 1968 utilitate
1892 1908 1975 1967 vel
2026 1915 2365 1983 temporibus
2421 1916 2535 1968 suis
2579 1916 2872 1968 adductum
2916 1915 3129 1979 fecisse,
3163 1929 3264 1968 nec
3307 1922 3414 1966 tam

195 2000 692 2068 hmam'captasse
742 2016 905 2070 quam
958 2001 1152 2055 famem
1193 2000 1417 2056 vitasse.
1465 2001 1570 2054 Sed
1601 2011 1654 2054 et
1685 1999 1961 2070 Xylander
1990 2001 2146 2070 (25):
2189 2020 2209 2052 ι
2245 2001 2349 2065 Me,
2390 2020 2407 2052 ι
2445 2003 2644 2069 inquit.
2703 2021 2720 2052 ι
2769 2018 2835 2056 ne
2875 2004 3004 2071 quid
3052 2001 3413 2064 dissimulem,

201 2095 533 2155 paupertas,
564 2094 625 2140 ut
657 2087 750 2140 ille
791 2087 893 2152 ait,
941 2089 1156 2157 impulit
1200 2087 1377 2141 audax
1410 2095 1472 2140 nt
1507 2087 1681 2141 libros
1726 2086 1984 2142 facerem.
2036 2107 2054 2138 ι
2103 2089 2274 2154 Quem
2324 2087 2540 2158 quidem
2586 2090 2857 2144 dicentem
2906 2089 3178 2143 audivisse
3223 2083 3455 2145 seribi‘.

189 2172 457 2228 Joannes
485 2173 850 2245 Leunclavius
878 2173 1014 2244 (‘26),
1055 2172 1496 2230 lucinbrationem
1535 2173 1785 2228 Dioniam
1823 2181 1880 2227 et
1925 2174 2060 2229 alias
2101 2190 2210 2229 non
2240 2190 2270 2228 a
2304 2175 2587 2235 famased
2625 2176 2765 2230 fame
2801 2177 2902 2231 sibi
2936 2177 3141 2244 pariter
3175 2175 3419 2230 extorta:

187 2274 268 2314 ac
307 2253 685 2329 pmeipitaus
729 2260 918 2316 fuisse.
967 2262 1156 2330 Neque
1189 2270 1501 2316 nostrorum
1549 2261 1870 2316 saeculorum
1922 2261 2108 2316 istha-e
2152 2271 2236 2316 est
2268 2263 2532 2317 duntaxat
2559 2265 2809 2333 querela,
2846 2280 2968 2320 cum
3016 2265 3256 2334 legamus
3280 2264 3411 2332 (9.7).

182 2347 468 2415 Plautum
497 2358 721 2420 propter
750 2363 981 2404 annonae
1005 2348 1376 2403 difﬁcultatem
1416 2348 1480 2401 ad
1511 2348 1681 2402 molas
1705 2337 2014 2402 ~tnanuarias
2041 2350 2304 2417 pistorem
2342 2365 2399 2405 se
2423 2352 2649 2415 locasse,
2695 2352 2878 2420 ibique
2911 2352 3126 2420 quoties
3154 2339 3420 2419 ab‘opere
3470 2372 3473 2373 ν

183 2447 482 2502 vacasset,
535 2438 778 2494 scribere
825 2437 1038 2493 fabulas
1074 2438 1293 2492 solitum
1344 2447 1398 2491 et
1441 2436 1673 2491 vendere
1703 2453 1716 2488 ε
1747 2434 2021 2504 quomodo
2051 2438 2214 2490 etiam
2247 2437 2541 2493 Pacuvium
2576 2437 2980 2493 Brundusinum
3021 2438 3419 2507 tragmdiarum

183 2519 539 2592 scriptorem
571 2525 756 2579 Roma
779 2524 1047 2593 picturam
1090 2524 1404 2579 exercuisse
1432 2539 1496 2577 ac
1527 2523 1738 2576 fabulas
1767 2519 2076 2574 vendidisse
2103 2520 2304 2575 ferunt.
2338 2523 2443 2578 Sed
2471 2532 2526 2580 et
2551 2524 2916 2584 Laetantium,
2960 2525 3138 2578 virum
3172 2524 3415 2576 omnium

185 2624 310 2663 suo
351 2620 604 2678 tempore
635 2611 1093 2672 eruditissimum,
1131 2610 1269 2664 adeo
1303 2610 1358 2664 in
1398 2610 1499 2663 hac
1543 2609 1651 2662 vita
1700 2622 1991 2677 pauperem
2036 2607 2226 2674 fuisse,
2271 2620 2329 2663 ut
2358 2613 2680 2682 plerumque
2713 2613 2876 2667 etiam
2916 2611 3241 2666 necessariis
3281 2610 3424 2665 indi—

183 2696 419 2765 guerit,
455 2695 650 2751 scribit
676 2690 966 2754 Eusebius.
1004 2696 1245 2751 Infausta
1268 2696 1491 2750 omnino
1516 2695 1882 2748 litteratorum
1926 2693 2193 2760 conditio,
2242 2697 2335 2765 qui
2371 2714 2438 2754 ne
2467 2715 2662 2768 panem
2689 2699 3056 2755 emendicent.
3093 2698 3263 2752 libros
3292 2713 3420 2752 con-

190 2786 379 2837 licere
419 2791 713 2853 coguntur.
755 2783 1029 2855 Debemus
1078 2783 1243 2854 igitur
1291 2783 1594 2837 illustribus
1627 2780 1911 2850 Fuggeris,
1948 2782 2095 2849 quod
2139 2782 2357 2838 illorum
2403 2801 2535 2839 cura
2577 2797 2634 2840 et
2682 2785 2992 2855 sumptibus
3014 2785 3095 2838 .in
3142 2784 3423 2853 publicum

199 2850 525 2939 prodierith
547 2869 769 2924 Joannis
800 2850 1046 2935 loriam,
1081 2850 1298 2938 Georgii
1329 2867 1581 2927 Cedreni.
1615 2866 1816 2920 Niceta:
1849 2868 2153 2923 Aeominati
2182 2880 2238 2924 et
2269 2873 2564 2942 Nicephori
2608 2850 2859 2942 Gregora:
2900 2850 3162 2934 historiae,
3193 2879 3249 2925 et
3274 2872 3420 2939 quod

204 2971 396 3009 rerum
437 2956 1033 3034 Byzantinarum'bisee
1056 2956 1398 3015 editionibus
1426 2965 1641 3024 gustum
1685 2954 1843 3022 primi
1872 2954 2275 3022 quodammodo
2308 2958 2625 3034 inspirarint
2649 2959 2955 3032 litterarum
2992 2956 3277 3011 studiosis.
3313 2955 3420 3009 Sed

193 3060 310 3096 non
342 3043 536 3096 Ininus
567 3032 979 3099 obstricta-erit
1028 3043 1240 3097 erudita
1287 3042 1576 3110 posteritas
1611 3055 1799 3110 regum
1847 3049 2158 3097 uestrorum
2192 3032 2600 3117 munificentiae,
2641 3045 2735 3115 qui
2788 3061 2895 3099 non
2943 3043 3207 3100 hactenus
3258 3040 3420 3095 modo

182 3131 524 3200 publicatos
554 3130 948 3199 imperatorum
983 3129 1396 3200 Cpolitanorum
1452 3129 1701 3182 historiae
1746 3128 2069 3196 scriptores,
2119 3130 2212 3183 sed
2242 3139 2298 3185 et
2343 3146 2515 3186 novos
2543 3146 2604 3185 ac
2637 3146 2667 3184 e
2701 3129 3092 3200 manuscriptis
3143 3128 3423 3182 codicibus

174 3234 264 3271 ex
317 3215 475 3284 regia
501 3232 564 3269 ac
587 3216 847 3286 locupleti
882 3232 1108 3293 prqrsus
1132 3216 1466 3271 bibliotheca
1488 3213 1846 3285 «promptos
1877 3216 2163 3286 magnifico
2191 3218 2328 3271 adeo
2374 3228 2538 3289 atque
2581 3218 2862 3294 Splendida
2888 3224 3155 3287 apparatu
3180 3215 3267 3268 edi
3291 3231 3424 3284 quo-

177 3304 345 3356 tidie
377 3304 584 3365 volunt,
607 3303 742 3357 viris
769 3302 948 3359 doctis
970 3313 1031 3357 ut
1059 3303 1114 3358 in
1147 3303 1290 3357 idem
1318 3302 1607 3358 consilium
1635 3305 1742 3356 una
1772 3303 2104 3373 conspirent,
2124 3321 2329 3375 suaque
2348 3307 2629 3361 conferant
2661 3304 2861 3368 studia,
2884 3304 3052 3371 Regia
3077 3302 3420 3370 praemiorum

179 3388 473 3446 mercede
499 3391 740 3453 invitatis
768 3406 832 3448 ac
854 3393 1079 3447 illectis.
1274 3452 1275 3455 η
1744 3425 1750 3430 -
1938 3449 1945 3453 .

279 3476 578 3532 Enimvero
612 3487 672 3533 ut
701 3478 1012 3534 Wolfius’in
1048 3468 1329 3534 vertendis
1359 3479 1582 3533 Zonaraa
1607 3478 1908 3535 Annalibus
1931 3486 2179 3534 versatus
2207 3480 2408 3551 fuerit,
2425 3495 2654 3548 quaeque
2681 3478 2988 3533 observarit
3031 3486 3233 3546 quotve
3274 3475 3424 3529 codi-

175 3565 378 3620 cibus
410 3554 713 3635 scriptis'in
747 3567 939 3622 iisdem
970 3567 1196 3622 edendis
1221 3582 1354 3621 usus
1383 3567 1573 3627 fuerit.
1605 3567 1856 3636 pluribus
1889 3568 1944 3621 in
1976 3567 2234 3635 praedicta
2283 3569 2351 3622 ad
2376 3558 2598 3623 eosdem
2631 3568 2866 3625 Annales
2899 3564 3220 3619 Praefatione
3255 3577 3425 3632 expo-

176 3655 329 3714 nit;
365 3663 428 3707 et
477 3663 536 3707 ut
563 3657 616 3707 tu
653 3668 820 3723 opere
854 3654 1046 3708 Latine
1088 3653 1384 3723 Graeceque
1419 3653 1783 3708 exscribendo
1818 3654 2120 3725 adiutorem
2162 3655 2265 3710 sibi
2316 3655 2570 3710 asciverit
2612 3655 2900 3710 Jeremiam
2947 3652 3234 3713 Martium,
3292 3665 3437 3719 pre»

175 3742 378 3796 clara:
408 3749 525 3792 tum
560 3739 761 3794 indolis
792 3740 1221 3804 adolescentem,
1251 3740 1522 3795 medicum
1559 3739 1759 3794 deinde
1792 3740 2076 3810 physicum
2099 3739 2502 3812 Augustanum.
2532 3742 2701 3806 Quem
2735 3741 2957 3809 quidem
2988 3755 3054 3792 ea
3085 3738 3150 3791 de
3178 3753 3235 3792 re
3259 3736 3432 3789 verba

176 3826 510 3882 facientem
548 3834 770 3896 praestat
793 3828 986 3883 audire
1029 3829 1082 3882 in
1120 3829 1447 3884 Praefatione
1490 3828 1554 3883 ad
1598 3826 1812 3882 Nonum
1858 3829 2154 3900 medicum,
2186 3845 2348 3897 quem
2386 3829 2728 3898 Argentorati
2767 3829 2816 3881 is
2850 3827 3061 3896 primus
3087 3823 3259 3878 edidit
3283 3838 3434 3880 anno

181 3915 356 3975 1568
399 3934 416 3968 :
462 3933 480 3964 ι
514 3914 646 3969 Cum
679 3915 880 3984 itaque,
920 3934 940 3967 ι
969 3917 1164 3985 inquit,
1211 3936 1229 3968 ι
1266 3932 1374 3970 non
1410 3915 1872 3989 parvi-interesse
1901 3917 2145 3969 viderem
2192 3925 2251 3970 ut
2299 3916 2423 3986 quis
2467 3917 2868 3984 quamprimum
2908 3912 3130 3982 optimis
3183 3917 3440 3963 uteretur

181 4002 680 4074 praeceptoribus.
711 4017 814 4057 nec
851 4003 923 4057 ob
971 4005 1049 4058 rei
1094 4003 1381 4058 familiaris
1427 4003 1732 4073 angustiam
1765 4001 1871 4053 alio
1901 3999 2149 4054 conferre
2187 4016 2294 4064 me,
2327 4000 2472 4069 quod
2502 4001 2660 4065 unice
2685 3998 2961 4067 optabam,
2987 4009 3223 4063 possem,
3273 4007 3424 4047 eom«

180 4088 379 4144 mode
413 4102 546 4141 sane
579 4089 779 4143 cecidit
811 4099 869 4142 ut
907 4107 974 4144 eo
1021 4087 1140 4158 ipso
1187 4077 1435 4157 tempore
1473 4087 1625 4156 Cpoli
1663 4087 1958 4155 Augustam
1991 4085 2323 4138 aﬂ‘errentur
2361 4085 2600 4139 Annales
2629 4084 2854 4138 Joannis
2892 4082 3117 4134 Zonaras
3141 4088 3196 4133 et
3227 4078 3442 4132 Νὶεθιωι

191 4174 506 4231 Choniatze
537 4173 788 4236 historia,
841 4175 1150 4242 sumptibus
1206 4173 1477 4243 magnifici
1528 4183 1584 4226 et
1625 4173 1873 4242 generosi
1907 4171 2008 4225 viri
2056 4182 2112 4226 et
2154 4171 2524 4226 studiosorum
2566 4171 2811 4225 omnium
2859 4167 3167 4223 Maecenatis
3205 4165 3448 4220 Antonii.

196 4261 481 4330 angeri.
530 4260 676 4324 Quos
714 4274 838 4314 cum
885 4260 1348 4329 prudentissimus
1388 4261 1489 4322 vir,
1517 4260 1594 4312 -in
1628 4259 1898 4326 judicium
1933 4256 2197 4312 adhibitis
2235 4258 2569 4311 doctissimis
2604 4256 2947 4319 hominibus,
2985 4253 3255 4322 praecipue
3298 4264 3428 4304 vero

185 4347 506 4406 Ludovico
529 4341 752 4409 Cariuo',
787 4347 878 4402 cui
906 4355 961 4400 et
999 4346 1279 4419 tribuebat
1314 4348 1544 4399 multum
1577 4339 1632 4398 et
1656 4362 1764 4413 quo
1802 4360 1910 4397 uno
1939 4344 2184 4398 omnium
2213 4346 2446 4399 maxime
2473 4345 2869 4404 delectabatur,
2910 4342 3104 4410 dignos
3153 4337 3429 4392 existima-

188 4448 298 4492 ret
341 4446 404 4488 ut
441 4435 496 4488 in
527 4436 806 4504 publicum
857 4435 1090 4499 exirent,
1123 4445 1236 4488 tum
1281 4433 1352 4486 ob
1407 4449 1587 4485 rerum
1621 4449 1756 4500 quas
1798 4433 2104 4503 tractabant
2153 4433 2594 4502 amplitudinem,
2642 4442 2754 4484 tum
2809 4429 2878 4482 ob
2931 4428 3187 4482 historiae
3229 4426 3425 4479 seriem

187 4523 596 4592 longissimam
625 4537 654 4574 a
695 4521 921 4575 condito
949 4521 1154 4573 mundo
1194 4533 1365 4586 usque
1397 4517 1627 4586 eleganti
1661 4516 1853 4571 ordine
1880 4517 2192 4582 deductam,
2224 4517 2460 4572 sollicite
2495 4520 2579 4584 (ut
2615 4517 2716 4570 fuit
2746 4515 3102 4586 propagandae
3137 4513 3430 4582 posteritas-

189 4613 284 4664 tis
333 4605 798 4672 studiosissimus)
838 4606 904 4660 de
955 4605 1316 4660 conversione
1367 4605 1627 4674 cogitare,
1659 4612 1714 4656 et
1753 4618 1912 4671 quem
1937 4605 1986 4656 ei
2021 4604 2234 4659 muneri
2262 4603 2541 4674 praeficere
2583 4611 2789 4673 posset.
2818 4604 2975 4657 anxie
3002 4600 3310 4654 deliberare
3341 4613 3430 4651 se-

188 4711 346 4753 cum
377 4693 573 4762 caapit,
603 4703 660 4748 et
692 4693 914 4748 tandem
941 4691 1009 4747 d‘e
1034 4692 1224 4748 multis
1248 4706 1417 4745 unum
1452 4696 1686 4758 eumque
1721 4690 1869 4742 omni
1901 4691 2116 4745 liberali
2147 4691 2396 4745 doctrina
2433 4689 2818 4759 politissimum
2851 4689 3050 4751 virum,
3081 4694 3137 4739 et
3167 4685 3220 4738 in
3249 4684 3436 4754 lingua

193 4761 829 4850 ntraqueisiitgularem
877 4795 1072 4850 prope,
1132 4778 1525 4848 Hieronymum
1559 4777 1835 4840 Wolflum,
1874 4778 2174 4832 scholae-et
2221 4778 2373 4834 urbis
2405 4791 2599 4831 vestrae
2630 4783 3036 4837 ornamentum,
3078 4787 3186 4827 non
3224 4761 3454 4850 exigua.
3515 4802 3521 4811 -

193 4841 447 4940 ι)ηώἰί
491 4841 894 4937 spe'proposita-
927 4841 1111 4936 elegit.
1151 4866 1320 4930 Quem
1345 4841 1590 4917 laborem
1622 4863 1726 4916 hoc
1760 4864 2020 4919 libentius
2043 4867 2312 4934 suscepit,
2337 4879 2445 4933 quo
2470 4861 2722 4928 iuvanda:
2762 4841 3444 4934 lmsteritatis'pstuiliosior.
3541 4869 3552 4878 ‘

191 4969 267 5012 ct
311 4956 650 5024 Fuggerante
699 4955 917 5008 familiae
955 4955 1136 5006 laudis
1177 4949 1540 5020 propaganda:
1566 4947 1780 5001 avidior
1819 4949 1941 5003 fuit.
1981 4951 2086 5003 Sed
2120 4967 2250 5010 cum
2279 4951 2350 5003 ob
2383 4950 2638 5004 afllictam
2688 4948 3088 5011 valetudinem,
3120 4963 3150 5001 a
3182 4961 3287 5014 qua
3321 4942 3459 4997 ferc~

193 5056 517 5110 nunquam
549 5042 620 5095 ob
648 5041 929 5096 assiduum
955 5041 1011 5093 in
1041 5038 1238 5093 litteris
1266 5037 1531 5097 studium,
1563 5044 1621 5087 ut
1652 5050 1753 5104 ego
1775 5035 1995 5104 quidem
2025 5039 2297 5101 existimo,
2334 5038 2474 5091 liber
2505 5047 2613 5097 est,
2646 5037 2798 5091 solus
2824 5045 2880 5090 et
2910 5034 3148 5094 versioni
3193 5042 3260 5086 et.
3295 5030 3430 5084 scri-

197 5132 407 5204 ι)ιὶοηί
439 5145 631 5184 vacare
657 5146 764 5184 non
795 5137 999 5198 posset.
1031 5143 1116 5181 me
1143 5125 1271 5199 sibi,
1300 5124 1593 5178 accedente
1616 5126 1941 5179 auctoritate
1968 5135 2031 5179 et’
2064 5126 2295 5180 consilio
2333 5126 2571 5180 lnanuis‘
2598 5126 2852 5194 Baptistae
2898 5122 3204 5184 Heiutzelii,
3251 5121 3352 5173 viri
3382 5126 3435 5173 et

196 5234 422 5274 rerum
475 5219 880 5272 tractandarum
930 5234 1030 5271 usu
1060 5214 1247 5269 eximii
1280 5222 1334 5266 et
1372 5212 1477 5270 mei
1516 5209 1895 5272 amantissimi,
1936 5226 1966 5263 a
2009 5212 2167 5280 cujus
2193 5211 2578 5281 praedicatione
2626 5211 2828 5263 invitus
2875 5208 3188 5278 digredior,
3226 5204 3433 5259 socium

199 5308 492 5364 hborum
525 5303 789 5367 adiunxit,
821 5319 1048 5372 meaque
1075 5314 1239 5371 opera
1269 5295 1709 5353 in‘exscribendo
1738 5295 1950 5354 Zonara
1979 5308 2034 5352 et
2077 5288 2362 5352 Choniate'
2388 5298 2574 5351 Grace
2623 5305 2680 5350 et
2725 5296 2915 5349 Latine
2974 5295 3114 5348 ultra
3163 5294 3436 5360 integrum

201 5406 445 5451 annum
483 5405 613 5445 usus
641 5398 748 5453 est,
777 5405 1008 5459 eamque
1034 5404 1142 5444 non
1175 5401 1400 5456 prorsus
1438 5383 1788 5452 improbavit.
1814 5383 1916 5449 Qui
1951 5385 2034 5438 vel
2066 5385 2137 5439 ob
2165 5385 2270 5440 hoc
2305 5385 2487 5439 minus
2523 5384 2704 5454 gravis
2735 5383 2867 5436 mihi
2906 5397 3027 5437 esse
3058 5379 3266 5441 debuit,
3291 5377 3436 5464 quod

199 5493 271 5538 et
316 5479 552 5534 triennii
597 5488 851 5548 sumptus
893 5477 1165 5531 Antonius
1198 5474 1495 5544 Fuggerns,
1535 5485 1604 5525 eo
1638 5479 1851 5536 exacto,
1888 5472 2165 5542 pollicitus
2206 5481 2311 5534 est,
2341 5480 2398 5524 et
2429 5469 2812 5524 liberalissime
2857 5470 3020 5523 etiam
3065 5463 3333 5537 praestitit,
3381 5469 3438 5514 et
3473 5463 3478 5465 ’

201 5583 332 5639 ego
362 5576 579 5620 tantum
606 5566 856 5620 utilitatis
899 5581 964 5619 ex
1007 5566 1257 5620 doctrina
1301 5570 1355 5616 et
1397 5559 1697 5615 domestica
1739 5556 2133 5613 consuetudine
2162 5555 2343 5608 Woltli
2385 5553 2526 5622 cepi,
2558 5563 2618 5604 ut
2646 5553 2765 5621 ejus
2796 5552 3000 5607 laboris
3033 5561 3308 5619 nunquam
3353 5558 3438 5597 me

207 5657 510 5728 paenitere
542 5654 763 5709 debeat.
801 5673 822 5706 s
860 5647 1136 5708 Hactenus
1163 5649 1276 5708 ille.

298 5809 422 5886 (25)
462 5812 516 5886 in
546 5811 695 5886 praef.
729 5808 792 5886 ad
807 5806 997 5886 _Cedr:
1388 5773 1390 5775 ’
1970 5798 2077 5870 (s7)
2114 5795 2309 5876 Euseb.
2341 5796 2395 5850 in
2419 5795 2548 5852 ειη.
2583 5795 2677 5850 lib.
2705 5809 2742 5850 ι.

304 5879 422 5954 (26⁷)
462 5883 514 5936 In
541 5879 690 5953 .
716 5880 780 5932 ad
807 5879 1055 5933 Dionem.
