4038 6320
704 534 772 601 ta
1975 524 1979 539 '
2081 546 2183 607 nu
2222 544 2481 606 CANGII
2603 577 2607 581 -
2749 524 2793 545 ”
2996 528 3015 551 "
3306 498 3309 499 γ
3824 549 3889 609 eo

713 639 717 642 ’
762 651 1030 704 (Laterum
1062 668 1171 706 non
1215 669 1323 707 una
1365 664 1447 709 est
1493 655 1546 709 iu
1604 672 1732 711 mss.
1783 658 2067 713 codicibus
2104 659 2331 711 Zonara:
2380 659 2667 723 Annalium
2721 657 3104 727 descriptionis
3133 659 3293 722 ratio,
3338 674 3433 711 seu
3484 670 3669 711 rerum
3719 659 3771 711 in
3820 661 3888 715 iis

700 746 1148 805 pertractatarum
1172 752 1487 809 spectentur
1510 754 1849 815 argumenta,
1885 762 2007 815 quzc
2048 748 2099 798 in
2130 746 2455 814 quibusdam
2485 761 2548 798 ex
2583 745 2646 798 iis
2687 746 2739 797 iu
2776 744 3133 814 marginibus.
3167 760 3261 798 seu
3296 747 3383 812 qui
3433 742 3725 808 interdum,
3765 761 3883 800 eum

702 840 840 878 nova
872 825 1159 898 inchoatur
1189 830 1435 891 materia,
1466 830 1520 883 in
1550 831 1668 899 ipso
1707 843 1964 887 contextu
1998 834 2139 886 tituli
2171 842 2518 901 apponuntur
2572 832 2647 885 Ac
2671 844 2816 886 certe
2848 829 3025 901 quoad
3062 840 3221 885 notas
3252 830 3382 884 istas
3407 830 3747 899 marginales.
3776 849 3878 886 non

697 925 913 988 semper
950 915 1110 967 etiam
1156 916 1358 969 eaedem
1406 918 1457 970 in
1504 920 1759 973 omnibus
1801 919 2205 989 exemplaribus
2236 921 2290 973 in
2317 918 2514 986 quibus
2562 918 2854 980 habentur,
2894 933 2996 971 nec
3045 917 3209 971 simili
3248 917 3483 972 dictione
3536 926 3784 971 exarata.
3827 918 3882 971 In

696 998 1020 1066 quibusdam
1054 1010 1315 1076 prazterea
1349 1004 1623 1059 interdmn
1652 1007 1836 1075 plures
1864 1022 1926 1061 ac
1958 1007 2268 1061 crebriores
2300 1020 2461 1074 quam
2492 1006 2545 1057 in
2570 1004 2711 1067 aliis,
2742 1005 2795 1059 in
2823 1005 3147 1074 quibusdam
3183 1019 3282 1074 per
3324 1004 3604 1058 intervalla
3646 1003 3884 1073 longius-

697 1086 816 1139 cnla
856 1087 1135 1143 breviores
1185 1101 1500 1146 occurrunt.
1556 1093 1613 1147 in
1659 1094 1781 1147 aliis
1820 1095 2058 1163 denique
2093 1110 2155 1147 ac
2198 1090 2597 1160 antiquioribus
2637 1091 2919 1145 codicibus
2965 1091 3127 1146 nulla:
3176 1091 3290 1147 fere
3339 1106 3553 1158 semper
3596 1089 3883 1146 habentur.

605 1176 608 1178 ⁷
698 1172 898 1225 Scribit
928 1174 1038 1229 Leo
1057 1176 1286 1231 Allatius
1308 1179 1357 1231 in
1377 1179 1617 1233 Diatriha
1648 1181 1713 1232 de
1733 1181 1976 1250 Georgiis
2003 1182 2090 1234 uti
2119 1181 2184 1234 de
2210 1179 2457 1234 Cedreno
2476 1177 2605 1249 [5m
2631 1178 2876 1253 Scylitza.
2904 1194 2952 1233 c.
2975 1178 3069 1248 θη
3087 1178 3217 1251 agit,
3245 1187 3461 1232 exstare
3489 1178 3542 1231 in
3564 1176 3885 1233 bibliOtheca

603 1314 613 1325 ρ
699 1259 971 1315 Sl‘ortiana
1006 1264 1253 1317 codicem
1294 1266 1567 1337 ingentem
1603 1268 1818 1337 Georgii
1871 1269 2120 1339 Scylitza:
2149 1281 2344 1321 nomen
2382 1266 2779 1337 pra'lerentem,
2810 1266 2942 1320 licet
2980 1266 3171 1319 unicos
3211 1266 3475 1319 duntaxat
3514 1266 3737 1323 Zonaras
3783 1269 3889 1319 An-

698 1348 847 1411 nales
869 1348 1167 1404 contineat.
1211 1351 1313 1407 Sed
1345 1363 1400 1406 et
1445 1354 1587 1408 inter
1617 1355 1833 1411 codices
1874 1355 2145 1409 Palatinos
2191 1355 2413 1408 Romam
2454 1354 2709 1409 advectos
2736 1370 2794 1409 se
2829 1355 3027 1409 vidisse
3068 1355 3310 1425 ejusiem
3344 1355 3567 1409 Zonaras
3600 1354 3881 1408 historiam

692 1434 971 1505 principio
1020 1437 1285 1505 mutilam,
1351 1457 1381 1493 a
1433 1443 1745 1494 monarchia
1793 1442 2154 1503 Romanorum
2198 1440 2566 1510 incipientem,
2620 1440 2672 1494 in
2741 1457 2867 1511 qua,
2915 1443 3016 1496 etsi
3058 1441 3218 1507 notis,
3254 1441 3320 1494 ab
3362 1441 3587 1495 historia
3637 1439 3883 1502 diversis,

699 1520 973 1587 prmiixum
1006 1531 1084 1576 cst
1120 1525 1390 1594 Γεωργιου
1413 1526 1506 1579 τοῦ
1536 1528 1822 1598 Σκυλίτζη.
1848 1528 1977 1593 Ome
2003 1528 2221 1596 quidem
2258 1529 2289 1580 d

2287 1528 2456 1591 ’iﬂ‘ert,
2490 1526 2686 1596 inquit,
2714 1516 2788 1581 ab
2821 1528 2967 1582 edito
2994 1527 3225 1592 Zonara,
3256 1527 3398 1596 quod
3426 1527 3477 1579 in
3512 1526 3691 1595 capita
3716 1526 3882 1580 divisa

699 1606 901 1677 ubique
930 1613 1221 1664 summaria
1251 1614 1490 1681 capitum
1520 1615 1795 1670 exhibeat.
1822 1631 1840 1664 ε
1877 1615 1953 1668 An
1989 1629 2370 1676 summarum,»
2408 1613 2593 1667 subdit
2624 1614 2765 1667 idem
2796 1614 3042 1672 Allatius.
3073 1634 3092 1665 ‹
3130 1624 3319 1669 auctor
3351 1614 3610 1683 Seylitzes
3644 1610 3789 1667 iste?
3818 1629 3903 1693 an

698 1704 981 1762 propterea
1028 1698 1111 1750 vel
1146 1698 1336 1753 fraude
1369 1713 1466 1753 sua
1513 1702 1597 1753 vel
1642 1701 2039 1769 exscriptorum
2094 1700 2380 1754 oscitantis
2437 1700 2679 1755 historiae
2725 1709 2914 1755 auctor
2949 1701 3382 1755 comminiscitur
3415 1719 3433 1751 ι
3485 1714 3578 1753 seu
3629 1698 3885 1768 ﬁngitur?

698 1780 844 1833 unde
873 1797 1096 1849 prorsus
1136 1784 1260 1838 licet
1294 1786 1569 1855 conjicere
1613 1786 1790 1841 haece
1830 1802 2012 1840 rerum
2046 1798 2361 1856 argumenta
2408 1804 2513 1841 non
2556 1802 2673 1842 esse
2717 1789 2886 1855 ipsius
2906 1788 3147 1850 Zonarm,
3179 1798 3290 1842 tum
3336 1803 3401 1841 ex
3431 1802 3497 1841 eo
3534 1786 3697 1840 etiam
3746 1787 3883 1857 quod

694 1863 923 1919 diversis
946 1884 1087 1936 saepe
1117 1882 1378 1940 concepta
1428 1874 1607 1926 verbis
1650 1875 1916 1943 legantur,
1959 1886 2071 1927 tum
2123 1875 2292 1943 quod,
2323 1884 2381 1929 ut
2409 1878 2587 1947 attigi.
2620 1880 2768 1932 varie
2812 1880 3148 1950 marginibus
3186 1880 3459 1941 codicum,
3503 1881 3631 1936 alibi
3684 1882 3889 1939 scilicet

696 1952 890 2015 rarius,
924 1954 1051 2008 alibi
1086 1958 1313 2025 singulis
1361 1960 1529 2014 ferme
1564 1961 1802 2026 periodis
1850 1963 2232 2030 appingantur.
2267 1963 2420 2029 Quod
2454 1980 2614 2033 quam
2661 1965 2851 2019 inutile
2891 1966 2963 2020 sit
2985 1966 3065 2019 vel
3110 1982 3175 2020 ex
3223 1982 3290 2020 eo
3337 1976 3505 2035 patet,
3557 1968 3887 2036 quod‘longe

696 2039 866 2093 satius
893 2050 976 2095 est
1022 2057 1140 2109 qu:c
1164 2045 1216 2097 in
1248 2056 1503 2099 contextu
1551 2048 1786 2101 breviter
1826 2049 2097 2118 descripta
2134 2049 2819 2123 habenturlegere,quam
2874 2054 2927 2108 in
2976 2055 3330 2124 argumentis,
3363 2071 3486 2109 cum
3521 2056 3751 2110 totidem
3782 2056 3889 2110 fere

696 2138 912 2195 semper
948 2128 1131 2181 verbis
1179 2143 1449 2212 constent.
1485 2133 1554 2185 Ea
1582 2135 1978 2203 qualiacunque
2024 2145 2151 2189 sunt
2197 2145 2253 2190 et
2304 2137 2604 2209 cujusmodi
2641 2139 2692 2191 in
2728 2141 2848 2194 suis
2885 2139 3165 2195 codicibus
3208 2143 3489 2196 invenerat
3534 2142 3891 2212 Hieronymus

700 2213 925 2269 Wolﬁus
952 2215 1004 2268 in
1028 2215 1342 2272 interiorem
1371 2209 1631 2274 editionis
1656 2238 1765 2276 sua:
1808 2224 2102 2295 marginem
2128 2239 2221 2277 seu
2254 2225 2319 2277 ad
2354 2224 2594 2279 Grecam
2643 2227 2949 2279 columnam
2980 2227 3067 2280 edi
3098 2228 3337 2292 curavit,
3368 2236 3425 2281 et
3454 2244 3577 2282 cum
3609 2245 3721 2282 non
3745 2209 3887 2283 tanti

698 2301 1033 2366 viderentur,
1058 2319 1247 2359 eorum
1279 2310 1459 2361 omisit
1492 2308 2017 2379 interpretationem,
2064 2312 2207 2365 notis
2240 2312 2360 2365 aliis
2396 2312 2737 2369 brevioribus
2765 2313 2969 2367 Latinis
2998 2314 3063 2367 ad
3098 2314 3320 2369 alteram
3350 2317 3661 2371 columnam
3692 2318 3890 2386 pariter

699 2389 969 2457 ascriptis,
1014 2406 1133 2460 qua!
1178 2392 1410 2447 subinde
1451 2394 1518 2449 de
1562 2411 1743 2450 rerum
1783 2399 2116 2466 argumentis
2161 2400 2416 2453 lectorem
2462 2401 2839 2463 a-lmonerent.
2904 2399 3104 2454 Harum
3156 2402 3443 2470 plerasque
3492 2403 3546 2457 in
3595 2403 3700 2457 hac
3733 2404 3887 2472 Regia

699 2476 787 2529 edi
813 2477 1143 2543 curavimus,
1177 2479 1299 2533 aliis
1323 2482 1489 2535 certis
1508 2497 1572 2536 ex
1613 2484 1796 2537 causis
1824 2474 2061 2554 rejectis,
2096 2493 2209 2538 tum
2252 2486 2415 2540 etiam
2461 2503 2549 2550 ne,
2580 2488 3024 2541 si'crebrioribus
3053 2489 3320 2558 ejusmodi
3356 2490 3694 2559 argumentis
3721 2490 3890 2544 fusca-

634 2633 639 2637 .
703 2572 895 2618 rentur
926 2563 1049 2618 libri
1083 2566 1371 2636 margines,
1400 2566 1657 2625 editionis
1684 2584 1910 2639 prorsus
1951 2572 2128 2641 Regire
2161 2584 2417 2628 venustas
2457 2591 2521 2628 ac
2546 2576 2802 2644 maiestas
2832 2576 3344 2631 commacularetur.
3376 2563 3550 2647 Atque
3584 2578 3639 2631 id
3674 2577 3884 2648 quidem

699 2664 878 2703 causae
909 2650 1032 2715 fuit,
1061 2661 1118 2705 ut
1149 2652 1333 2708 Cra-ca
1365 2655 1463 2709 ista
1497 2667 1812 2724 argumenta
1846 2660 1895 2710 in
1941 2659 2229 2713 interiores
2261 2661 2531 2731 margines
2575 2660 2822 2732 rejicere,
2853 2663 2997 2731 quod
3032 2662 3231 2717 fecerat
3270 2662 3519 2727 Wolﬁus,
3562 2666 3743 2718 visum
3785 2679 3887 2717 non

700 2735 886 2800 fuerit,
920 2744 1031 2795 tum
1061 2738 1204 2807 quod
1233 2737 1337 2793 illa:
1367 2742 1419 2793 in
1456 2742 1790 2798 editionibus
1814 2744 1996 2813 Regiis
2025 2745 2184 2814 vulgo
2206 2746 2367 2801 hasce
2390 2756 2545 2802 notas
2588 2748 2851 2801 hactenus
2879 2750 2985 2800 uo'n
3017 2748 3356 2811 admiserint,
3401 2760 3511 2801 tum
3541 2749 3711 2802 etiam
3750 2750 3881 2817 quod

650 2866 653 2869 η
697 2837 766 2874 eo
794 2835 921 2879 sunt
954 2826 1193 2890 inutiles,
1233 2829 1378 2897 quod
1406 2830 1674 2900 appositae
1705 2832 1907 2887 Latina:
1949 2832 2089 2886 idem
2132 2850 2359 2903 prorsus
2406 2834 2659 2888 clliciaut.
2705 2834 2778 2889 Ne
2814 2843 2991 2889 tamen
3018 2834 3219 2890 Grazcis
3259 2836 3596 2905 argumentis
3643 2835 3889 2889 fraudare

699 2912 954 2965 lectorem
984 2912 1288 2978 videamur,
1314 2932 1375 2969 ea
1402 2932 1616 2972 rursum
1658 2918 1746 2989 hic
1786 2916 2114 2985 recudimus,
2137 2922 2342 2991 aliquot
2366 2919 2418 2972 in
2446 2918 2583 2972 locis
2617 2935 2682 2973 ex
2717 2914 2845 2973 niss.
2873 2919 3153 2972 codicibus
3184 2922 3449 2980 auctiora,
3479 2934 3655 2987 eaque
3702 2932 3892 2972 secun-

698 2999 827 3052 dum
858 2998 1123 3054 librorum
1163 3012 1219 3057 et
1243 3006 1545 3059 sectionum
1572 3022 1828 3061 numeros
1852 3009 2077 3079 digesta,
2110 3010 2182 3063 ita
2214 3016 2272 3062 ut
2310 3022 2492 3071 rerum
2536 3026 2562 3061 a
2592 3008 2799 3062 Zonara
2830 3008 2881 3060 in
2915 3008 3215 3062 Annalibus
3240 3006 3639 3075 descriptarum
3682 3005 3891 3060 elenchi

700 3100 793 3139 seu
826 3089 1105 3142 summarii
1134 3089 1303 3144 vicem
1340 3102 1595 3161 praestare
1626 3096 1863 3163 possint.
1942 3106 1943 3109 ‘
2172 3096 2178 3103 ’
2378 3163 2384 3168 ,
3781 3148 3784 3153 ~

767 3173 905 3238 Quid
938 3189 1106 3242 porro
1133 3185 1419 3244 postremas
1449 3180 1577 3233 huic
1609 3198 1670 3234 ac
1704 3182 1882 3251 Regia:
1927 3197 2147 3250 prorsus
2194 3182 2418 3236 Joannis
2446 3182 2668 3235 Zonarre
2710 3180 2998 3234 Annalium
3024 3180 3250 3234 editioni
3291 3181 3607 3244 accesserit,
3642 3182 3893 3237 lectorem

702 3260 933 3337 interest
956 3264 1206 3319 educere.
1238 3265 1420 3322 Gmca
1445 3270 1793 3332 contulimus,
1832 3271 2060 3324 maxime
2094 3272 2145 3323 in
2204 3269 2335 3323 locis
2364 3270 2453 3339 qui
2491 3268 2824 3322 dubietatem
2860 3268 3149 3337 quamdam
3183 3267 3569 3336 praeferebant,
3596 3283 3896 3347 cumqua-

702 3364 825 3405 tuor
857 3353 1140 3409 codicibus
1187 3355 1368 3427 Regiis
1406 3367 1463 3412 et
1491 3374 1597 3412 uno
1639 3350 1948 3415 Golberteo.
1995 3360 2286 3429 Regiorum
2329 3357 2661 3431 duo.[.l7ll,
2704 3374 2827 3413 stec.
2872 3376 2960 3412 xm
2997 3400 3011 3423 ,
3053 3367 3106 3413 et
3158 3359 3328 3420 l7l6,
3363 3374 3484 3412 sa'c.
3533 3358 3626 3430 xv]
3664 3360 3896 3428 integros
3990 3376 3991 3381 ‘

700 3440 935 3493 Annales
960 3443 1417 3511 complectuntur,
1449 3456 1811 3515 praeterquam
1854 3447 1997 3517 quod
2047 3448 2240 3503 horum
2273 3447 2409 3501 alter
2440 3444 2624 3523 [1716]
2663 3447 2881 3502 duobus
2913 3447 3056 3501 foliis
3087 3447 3243 3501 initio
3275 3446 3497 3501 mutilus
3534 3456 3621 3500 est
3649 3463 3663 3511 ;
3702 3446 3893 3501 tertius

703 3527 883 3597 [l708,
911 3546 1033 3585 sa'c.
1071 3531 1201 3603 xw’].
1230 3534 1525 3589 secundam
1568 3537 1856 3601 Annalium
1905 3545 2144 3605 partem;
2174 3545 2402 3603 quartus
2441 3534 2623 3606 [l7l8,
2671 3549 2795 3589 saec.
2839 3533 2948 3603 xvi]
2976 3534 3217 3595 demum,
3273 3533 3427 3601 isque
3473 3532 3776 3613 recentiori
3807 3532 3897 3585 de-

702 3618 936 3685 scriptus
960 3635 1140 3683 manu,
1166 3622 1386 3676 eosdem
1418 3622 1652 3677 Annales
1696 3623 2040 3693 abintperio
2068 3622 2388 3677 Diocletiani
2420 3622 2486 3677 ad
2523 3620 2771 3676 Alexium
2808 3622 3071 3675 eontinet.
3094 3619 3271 3675 Codex
3318 3620 3647 3683 Colberteus
3677 3618 3791 3692 (28)
3821 3629 3899 3674 sat

702 3704 857 3758 bona:
884 3715 1046 3772 notae,
1080 3710 1267 3777 paucis
1293 3710 1457 3765 etiam
1488 3711 1697 3781 paginis
1750 3711 1905 3765 initio
1945 3712 2189 3776 mutilus,
2222 3710 2423 3765 desinit
2462 3711 2515 3764 in
2553 3710 2777 3781 hujusce
2816 3709 3070 3764 editionis
3102 3702 3400 3762 sectionem
3440 3707 3513 3761 34
3542 3706 3675 3762 libri
3708 3723 3805 3774 xu,
3848 3708 3895 3760 lu

699 3790 973 3846 Maximini
1007 3795 1214 3851 scilicet
1243 3807 1299 3851 et
1341 3797 1533 3851 Licinii
1563 3799 1872 3867 imperium.
1904 3798 2090 3852 Varias
2120 3814 2186 3852 ex
2226 3798 2376 3852 hisce
2411 3797 2693 3852 codicibus
2725 3804 3010 3865 excerptas
3039 3795 3302 3851 lectiones
3354 3795 3409 3847 in
3460 3794 3627 3849 Notas
3670 3789 3900 3877 subinde

674 3878 1011 3953 retulimus,
1068 3885 1352 3936 nonnullis
1396 3900 1516 3953 qua:
1564 3893 1714 3938 extra
1768 3886 2194 3940 controversiam
2244 3884 2574 3938 videbantur
2608 3883 2662 3937 in
2697 3883 3011 3937 contextum
3044 3883 3222 3952 ipsmn
3272 3880 3552 3936 immissis.
3584 3878 3896 3951 Hieronymi
3982 3878 3985 3879 ⁷

700 3964 879 4020 Wollii
910 3967 1229 4035 versionem
1251 3967 1499 4022 Latinam
1538 3964 1812 4024 interdum
1845 3982 1900 4025 et
1929 3974 2107 4026 rarius
2134 3974 2568 4036 emendavimus,
2601 3973 2835 4026 maxime
2868 3973 2935 4025 iis
2964 3973 3100 4026 locis
3127 3971 3216 4025 ubi
3247 3966 3487 4025 auctoris
3521 3977 3768 4036 mentem
3798 3984 3898 4022 non

700 4056 922 4108 omnino
947 4068 1065 4110 erat
1092 4066 1395 4119 assecutus.
1429 4073 1567 4127 quos
1602 4060 1654 4112 in
1690 4058 1839 4113 Notis
1868 4059 1981 4114 fere
2010 4074 2226 4131 semper
2254 4045 2591 4119 indicamus;
2624 4056 2718 4112 sed
2747 4057 3043 4126 presertim
3075 4056 3129 4109 in
3156 4071 3218 4109 ea
3252 4066 3404 4124 parte
3439 4055 3529 4107 ubi
3564 4071 3655 4110 res
3703 4056 3901 4123 Byzan-

704 4141 830 4194 tina:
854 4151 1255 4209 pel-tractantur
1273 4144 1515 4213 quaedam
1550 4132 1909 4214 potissimum~
1933 4140 2357 4213 immutavimus,
2388 4147 2478 4201 ubi
2513 4147 2777 4215 palatinas
2800 4161 2896 4200 seu
2946 4144 3345 4199 ecclesiasticas
3382 4142 3687 4213 dignitates
3719 4144 3900 4197 minus

703 4234 1067 4283 eonscntanee
1095 4230 1397 4285 reddidisse
1431 4233 1733 4287 videbatur.
1766 4233 2072 4288 Annalibus
2094 4234 2337 4303 denique
2361 4234 2757 4301 Adnotatinnes
2782 4242 2994 4287 nostras
3028 4232 3383 4302 subiecimus,
3418 4246 3522 4285 una
3551 4245 3683 4305 cum
3716 4229 3901 4310 Disccv

610 4346 613 4349 -
706 4315 946 4383 ptatione
969 4316 1037 4370 de
1068 4315 1345 4372 Hebdomo
1369 4326 1425 4372 et
1449 4318 1656 4387 aliquot
1678 4320 2066 4374 additamentis
2097 4320 2165 4374 ad
2203 4328 2439 4374 nostram
2469 4319 2678 4389 Cpolim
2707 4319 3102 4378 Christianam.
3135 4319 3203 4373 de
3233 4318 3437 4387 quibus
3462 4317 3725 4372 omnibus
3742 4314 3903 4369 initio

705 4404 970 4473 cujusque
993 4403 1388 4483 lucubrationis
1422 4405 1678 4461 lectorem
1709 4408 2012 4475 manemus.
2936 4400 2951 4407 ”
3394 4412 3395 4415 “
3438 4482 3443 4483 ί
3582 4460 3589 4465 .

775 4490 944 4543 Breve
976 4480 1211 4559 denique
1245 4492 1582 4558 Chronicon,
1630 4494 1851 4549 levioris
1886 4492 2025 4548 forte
2064 4494 2189 4565 licet
2242 4495 2522 4556 momenti.
2551 4492 2779 4550 Joannis
2805 4490 3029 4554 Zonaras
3067 4487 3369 4545 Annalibus
3393 4482 3741 4560 subjicimus.
3765 4488 3903 4560 quod
3980 4526 3981 4543 χ

709 4587 1017 4647 temporum
1042 4579 1109 4632 ab
1140 4579 1346 4632 Adamn
1379 4582 1444 4633 ad
1480 4582 1727 4635 Alexium
1775 4581 2137 4645 Comnenum,
2179 4599 2299 4652 quae
2330 4585 2419 4639 ille
2456 4584 2831 4654 persequitur.
2881 4581 3239 4637 summarium
3282 4579 3557 4649 quoddam
3607 4580 3903 4639 contineat.

706 4662 1304 4742 cuiusmodi'inonnulla
1331 4667 1433 4741 alia
1467 4667 1739 4742 habentur
1768 4668 1823 4722 in
1847 4669 2133 4723 codicibus
2163 4671 2549 4742 manuscriptis
2576 4671 2924 4725 bibliothecae
2948 4670 3151 4738 Regis,
3180 4682 3302 4737 qua:
3335 4672 3515 4721 tamen
3548 4668 3604 4720 in
3626 4681 3905 4721 annorum

711 4740 1147 4823 characteris‘ntis
1174 4769 1282 4811 non
1313 4740 1539 4810 omnino
1566 4740 1769 4823 ubique
1798 4770 1921 4808 cum
1951 4770 2019 4809 eo
2046 4755 2190 4824 quod
2222 4756 2436 4811 edimus
2462 4740 2815 4818 conveniunt,
2843 4754 3273 4822 exseriptorum.
3308 4762 3369 4805 ut
3413 4752 3695 4821 existimo,
3731 4753 3914 4824 potius’

704 4841 939 4905 incuria,
965 4857 1130 4915 quam
1156 4857 1345 4895 eorum
1370 4856 1404 4895 a
1433 4840 1636 4910 quibus
1663 4848 1792 4895 sunt
1813 4840 2079 4901 confecta.
2117 4842 2188 4899 Ut
2224 4852 2404 4899 tamen
2437 4843 2649 4898 caeteris
2676 4841 2819 4895 istud
2840 4840 3194 4908 praeferrem.
3231 4838 3362 4893 fecit
3393 4838 3493 4892 viri
3533 4839 3587 4892 in
3617 4840 3905 4895 chronolo-

711 4929 844 4997 gicis
872 4939 931 4982 ut
961 4938 1016 4982 et
1041 4932 1094 4982 in
1127 4929 1338 4989 ca'teris
1374 4929 1678 4998 disciplinis
1708 4930 2062 5001 versatissimi
2096 4930 2335 5002 Dionysii
2370 4929 2573 4985 Petavii
2597 4922 2980 4990 'auctoritas,a
3020 4938 3130 4996 quo
3161 4925 3396 4995 primum
3421 4924 3634 4978 editum
3672 4932 3759 4979 est
3784 4938 3905 4977 cum

710 5013 1001 5083 Nicephori
1034 5008 1349 5086 patriarcha:
1369 5015 1639 5071 Breviario
1662 5016 1923 5073 historico
1947 5037 1959 5073 :
1989 5018 2130 5088 quod
2148 5033 2271 5074 cum
2301 5019 2355 5073 in
2379 5016 2543 5088 Regia
2564 5015 2806 5072 editione
2828 5010 3074 5085 ejusdem
3102 5012 3391 5099 scriptoris
3419 5010 3686 5065 omissum
3728 5008 3905 5065 fuerit,

712 5102 803 5155 hic
838 5117 1049 5163 rursum
1083 5116 1385 5171 proponere
1415 5102 1590 5156 visum
1628 5112 1731 5168 est,
1765 5114 1878 5158 tum
1920 5105 2171 5171 maxime“,
2199 5115 2261 5161 ut
2292 5104 2590 5174 attigimus,
2618 5103 2761 5174 quod
2798 5101 3020 5157 eosdem
3062 5098 3203 5168 quos
3256 5098 3497 5187 Zonaras
3530 5111 3709 5150 annos
3768 5109 3905 5150 com-

712 5188 999 5255 plectatur,
1027 5204 1056 5242 a
1085 5189 1287 5242 mundo
1314 5188 1521 5243 scilicet
1545 5191 1765 5245 condito
1794 5207 1965 5261 usque
1994 5192 2062 5245 ad
2094 5191 2347 5247 eumdem
2374 5193 2648 5247 Alexium.
3306 5240 3310 5244 .

783 5275 886 5331 Sed
934 5278 1249 5346 priusquam
1295 5276 1424 5331 huic
1473 5270 1781 5333 Prmfationi
1834 5281 1957 5333 linis
2010 5279 2356 5347 imponatur,
2405 5274 2660 5347 praestat,
2712 5278 2859 5349 quod
2909 5290 3074 5345 supra
3123 5287 3315 5329 sumus
3366 5271 3619 5340 polliciti,
3684 5270 3907 5327 aliorum

714 5360 935 5413 Zonarze
962 5374 1211 5428 operum,
1257 5377 1491 5432 quorum
1541 5365 1803 5418 memoria
1845 5348 1915 5416 ad
1965 5380 2067 5418 nos
2099 5367 2371 5433 pervenit,
2416 5358 2647 5420 indicem
2682 5348 2973 5435 subjicere,
3009 5370 3067 5415 ut
3099 5360 3182 5414 vel
3219 5360 3367 5424 inde,
3409 5375 3571 5429 quam
3621 5358 3906 5429 singularis
3972 5438 3973 5443 γ

713 5447 879 5501 fuerit
910 5446 1009 5499 viri
1039 5447 1277 5503 eruditio
1297 5465 1362 5503 ac
1392 5450 1590 5520 pietas,
1640 5452 1808 5505 lector
1836 5460 2177 5519 assequatur.
2212 5451 2387 5519 Atque
2415 5460 2473 5504 ut
2496 5454 2563 5503 ab
2600 5453 2765 5505 editis
2796 5456 3049 5502 sumatur
3087 5447 3325 5509 initium,
3362 5446 3607 5501 occurrit
3636 5446 3692 5499 in
3726 5444 3905 5516 primis
3972 5452 3973 5511 ξ

712 5534 1148 5587 Commentarios
1176 5535 1228 5587 in
1258 5542 1495 5592 canones
1523 5536 1893 5607 apostolorum
1935 5546 1989 5590 et
2031 5537 2388 5591 conciliorum
2434 5536 2544 5608 (29)
2568 5548 2621 5591 et
2646 5539 2703 5611 in
2738 5537 3007 5613 Epistolas
3046 5535 3336 5589 canonicas
3364 5534 3499 5603 (50),
3532 5534 3696 5603 cuius
3730 5532 3905 5604 titulus
3936 5561 3940 5565 «

790 5728 905 5795 (98)
928 5728 1080 5799 Nunc
1126 5726 1325 5799 Regius
1376 5729 1531 5792 1717,
1573 5745 1697 5784 saec.
1752 5746 1867 5783 xm.
1911 5730 2109 5799 Practer
2157 5730 2256 5785 hos
2434 5728 2672 5799 (29)Ed.
2705 5726 2872 5781 Paris.
2910 5727 3065 5792 1518,
3096 5727 3147 5781 in
3182 5727 3274 5781 fol.
3310 5739 3365 5782 et
3401 5730 3453 5783 in
3482 5726 3751 5796 Beveregii
3780 5724 3903 5776 Pan-

718 5771 1183 5879 Ioharaa_c_o_dices
1207 5771 1426 5877 parisiis
1448 5771 1586 5866 .su'nt
1611 5800 1719 5879 duo
1755 5800 1870 5863 alii,
1894 5801 2029 5879 alter
2056 5798 2255 5859 Coisli-
2362 5771 2882 5879 debtisfc'anonutn.‘
3044 5771 3078 5879 ἐ
3242 5868 3271 5879 η
3308 5864 3365 5879 m
3551 5872 3563 5879 _
3747 5858 3890 5879 ΝΔ-
3962 5806 3969 5879 λ

722 5866 1225 5947 Eianits_.l57.__sa*c.
1253 5862 1531 5947 ξας-ληίση-
1559 5868 1717 5947 paulo
1770 5858 1903 5947 post
1928 5869 2255 5947 zonararna
2374 5870 2563 5947 κρυ),
2584 5867 2776 5947 Eii-ad
2804 5868 3008 5947 calcent
3038 5867 3271 5947 στερρνῇ
3308 5864 3713 5947 Τίξααηιαέξιτθί·
3739 5858 3895 5947 Piri’

719 5934 994 6005 Ducangio
1017 5936 1219 5990 editum
1272 5941 1504 5995 Parisios
1544 5934 1819 6003 advectus,
1866 5934 2068 6006 Regius
2109 5941 2255 5995 1715.
2350 5934 2606 6006 ,1621ίὶιι
2636 5936 2728 5990 fol.
2765 5946 2821 5991 et
2852 5938 2905 5992 in
2938 5934 3195 6006 Beveregii
3228 5936 3513 5998 Pandectis
3537 5934 3846 5988 (latronum.
