4030 6332
598 475 666 536 27
1214 470 1247 489 “
1429 435 1432 438 ’
1821 472 2260 540 HIERONYMI
2306 439 2584 542 w‘om
2728 514 2729 517 γ
2974 518 2977 521 λ
3723 474 3809 536 es

598 593 756 653 tione,
788 592 1015 648 Lectoris
1039 596 1275 650 animum
1314 598 1619 667 informcnt.
1670 616 1687 649 ι
1731 598 1815 653 Ita
1842 597 2065 652 Zonarte
2103 596 2233 650 illud
2278 599 2332 650 in
2374 596 2565 667 primis'
2597 599 2726 668 fuit,
2768 605 2824 650 ut
2860 602 2992 650 recte
3023 596 3077 649 in
3108 593 3423 662 Prwfatione
3457 594 3529 649 ait
3561 589 3807 658 Wolﬁus,

597 689 791 733 certam
819 682 1103 751 quamdam
1126 684 1359 738 historia:
1382 687 1533 754 quasi
1565 684 1896 755 disciplinam
1924 684 2291 763 constituendi,
2314 692 2364 737 et
2392 685 2623 754 dispersa
2649 685 2704 736 in
2742 683 2984 754 plurimis
3016 671 3267 749 membra.
3311 688 3360 733 et
3393 688 3567 748 partes
3603 678 3715 748 ejus
3747 678 3804 729 in

597 780 757 818 unum
788 767 1049 836 quoddam
1076 786 1258 841 corpus
1288 773 1574 843 redigendi.
1605 772 1806 844 Delegit
1832 773 1972 825 enim
2002 772 2097 824 sibi
2126 788 2227 825 non
2265 774 2516 835 omnium,
2538 772 2633 824 sed
2661 772 3045 841 pracipuarum
3084 769 3314 840 gentium
3335 767 3617 821 historias:
3640 772 3807 833 neque

568 866 571 867 '
597 867 684 905 eas
719 856 915 919 amnes,
944 856 1143 910 sedvel
1166 856 1455 927 prtzcipuas
1486 858 1876 918 duntaxat,ch
1910 874 1998 912 eas
2027 874 2143 927 qua:
2170 856 2241 910 ad
2268 856 2507 919 Ecclesia:
2538 858 2725 910 seriem
2760 857 3171 927 perspiciendam
3206 856 3373 925 facere
3409 852 3736 906 videbantur.
3779 869 3799 899 ι

598 936 657 990 1η
683 941 780 992 hac
810 944 966 1009 igitur
1000 951 1074 995 tot
1101 954 1373 998 eventuum
1414 956 1570 1017 atque
1612 946 2157 1014 rerum'expositione,
2207 961 2368 1014 quam
2411 944 2644 998 Annales
2680 944 3114 1013 complectuntur,
3154 945 3249 1013 qui
3283 942 3464 1011 mundi
3486 938 3807 1010 primordia,

606 1024 903 1097 Veterisque
932 1027 1159 1093 Fmderis
1184 1033 1448 1096 historias,
1470 1018 1674 1101 quaeea:
1701 1035 1865 1087 sacris
1892 1030 2083 1097 Libris,
2112 1039 2159 1084 et
2192 1048 2256 1085 ea:
2285 1030 2525 1102 Josepho,
2553 1048 2616 1085 ac
2647 1029 2867 1101 Georgio
2895 1030 3134 1101 Syncello
3152 1046 3171 1084 :
3208 1038 3300 1084 aut
3328 1045 3408 1082 res
3448 1026 3804 1086 Gra-canicas,

594 1111 675 1164 vel
706 1114 862 1167 etiam
888 1114 1301 1185 Romanas,iseu
1330 1119 1623 1187 reipublicae
1648 1137 1740 1173 seu
1772 1120 1977 1189 imperii
2023 1131 2259 1189 tempora
2300 1127 2616 1188 spectentur,
2648 1135 2711 1171 ea:
2745 1122 3082 1188 scriptoribus
3114 1118 3272 1186 refert
3302 1115 3562 1178 Zonaras,
3585 1129 3701 1166 cum
3738 1112 3804 1164 iis

594 1201 830 1266 conferre
867 1200 1047 1265 vellet,
1068 1220 1132 1257 ac
1162 1222 1339 1257 eorum
1367 1198 1682 1259 auctoritate
1706 1205 1925 1273 ﬁrmare
1950 1207 2038 1276 qui
2071 1204 2312 1274 singulas
2332 1221 2410 1258 ea:
2439 1204 2671 1274 professo
2712 1213 3124 1273 pertractarunt,
3154 1204 3234 1258 vel
3263 1219 3379 1272 quae
3404 1201 3492 1255 ille
3523 1201 3598 1269 lde
3640 1199 3804 1257 indu—

594 1289 724 1340 stria
769 1291 941 1355 omisit
988 1294 1195 1362 (τηεν-νε,
1229 1296 1330 1348 duo
1356 1297 1563 1366 pariter
1589 1296 1783 1349 subiret
1817 1294 2166 1356 incommoda,
2197 1303 2251 1347 ut
2283 1302 2331 1346 et
2354 1294 2573 1346 nimium
2598 1284 2819 1361 diceret,
2847 1308 2938 1347 nec
2966 1302 3141 1349 tamen
3175 1300 3364 1355 totum,
3400 1300 3455 1342 ut
3488 1284 3809 1353 Quintiliani

596 1375 759 1428 verbis
805 1380 927 1430 utar
962 1394 980 1431 :
1025 1379 1299 1447 fatendum
1343 1391 1519 1436 tamen
1562 1400 1829 1437 occurrere
1868 1383 2127 1436 interdum
2162 1382 2228 1439 in
2255 1382 2320 1434 iis
2355 1382 2544 1447 multa,
2572 1395 2687 1450 qua:
2711 1381 2890 1433 critica
2924 1381 3193 1450 indigeant
3222 1393 3422 1432 manu:
3462 1393 3577 1429 cum
3603 1376 3658 1427 in
3686 1375 3804 1441 ipsa

594 1461 824 1515 uidelicet
849 1467 1179 1532 narratione,
1221 1458 1312 1527 aut
1347 1472 1400 1523 in
1432 1482 1775 1535 personarum
1808 1469 1888 1523 vel
1922 1468 2153 1522 locorum
2198 1467 2627 1533 nomenclaturis,
2671 1476 2827 1536 atque
2854 1468 2982 1520 adeo
3015 1470 3067 1521 in
3107 1468 3260 1536 factis
3288 1465 3411 1535 ipsis
3444 1481 3476 1517 a
3504 1464 3609 1517 suis
3636 1462 3808 1513 disce-

594 1547 724 1600 dunt
752 1551 1079 1615 authenticis,
1109 1554 1171 1617 de
1196 1556 1380 1621 quibus
1403 1554 1665 1611 Lectorem
1708 1555 1919 1610 interest
1944 1556 2243 1609 admonere.
2289 1554 2557 1623 Nonnulla
2583 1565 2704 1609 sunt
2742 1565 3017 1624 praeterea,
3052 1571 3168 1625 qua:
3195 1552 3559 1625 locisexoticis
3589 1555 3807 1619 possunt

595 1634 866 1716 adornari,
892 1655 1007 1692 cum
1044 1638 1217 1695 lumen
1249 1644 1347 1696 sibi
1370 1646 1587 1700 invicem
1609 1634 1913 1716 plerumque
1942 1644 2266 1697 commodent
2289 1644 2571 1711 scriptores
2593 1659 2612 1696 :
2650 1643 2788 1711 quod
2810 1642 3014 1713 quidem
3037 1643 3088 1695 in
3126 1642 3283 1705 notis,
3307 1656 3438 1709 quas
3476 1640 3556 1691 hic
3580 1638 3634 1687 in
3665 1650 3807 1704 pra;-

524 1766 535 1779 ,
594 1739 711 1776 sens
738 1714 962 1787 edimus,
990 1746 1083 1797 pro
1116 1730 1255 1784 virili
1278 1714 1640 1799 praestitimus,
1686 1734 1738 1786 in
1775 1735 1836 1787 iis
1871 1734 2099 1786 maxime
2131 1747 2246 1805 qua:
2286 1730 2594 1799 Byzantina:
2625 1730 2856 1784 historia:
2897 1729 3229 1784 illustrandae
3287 1727 3601 1783 conducunt,
3632 1738 3803 1792 quau-

596 1811 871 1880 doquidem
897 1816 1046 1869 hosce
1068 1817 1300 1872 Annales
1327 1818 1672 1889 publicamus,
1698 1822 1897 1875 steteris
1930 1835 2107 1873 rerum
2150 1818 2569 1888 Byzantinarum
2593 1816 2950 1887 scriptoribus,
2982 1818 3116 1887 typis
3149 1818 3303 1885 regiis
3325 1817 3575 1867 hactenus
3598 1826 3814 1880 cmpres-

593 1899 687 1963 sis,
734 1902 1115 1973 adjungendos.
1161 1905 1305 1959 Nam
1342 1916 1397 1960 ut
1443 1907 1824 1979 TheOphanem,
1871 1924 1932 1961 ac
1962 1907 2104 1965 illius
2136 1904 2558 1966 Continuatores,
2602 1907 2681 1959 vel
2722 1908 2831 1976 qui,
2858 1914 2938 1958 '-ut
2979 1904 3238 1968 Zonaras,
3290 1900 3517 1955 Annales
3551 1916 3581 1951 a
3614 1895 3813 1983 mundi

596 1986 804 2040 conditu
835 1990 904 2042 ad
933 2007 1029 2043 sua
1064 2002 1323 2062 tempora,
1375 1994 1484 2048 alia
1528 1996 1662 2063 forte
1696 1989 1956 2057 methodo,
1988 1996 2364 2064 perduxerunt,
2408 1992 2684 2063 Georgium
2730 1993 3044 2054 Cedrenum,
3090 1990 3369 2059 Georgium
3414 1986 3808 2049 Hamartolum,

596 2071 905 2142 Symeonem
926 2077 1285 2148 Logothetam,
1328 2081 1588 2135 Joannem
1629 2080 1911 2151 Scytitzen,
1944 2079 2350 2147 Constantinum
2392 2080 3043 2147 Manass‘emJIichaelem
3082 2080 3321 2150 Glycam,
3353 2077 3576 2139 Joelem,
3605 2084 3653 2127 et
3677 2074 3811 2137 alios

596 2161 892 2216 istiusmodi
934 2182 1050 2217 cum
1079 2167 1189 2235 ipso
1219 2168 1430 2222 Zonara
1458 2185 1839 2237 compararem,
1883 2168 2133 2221 absonum
2173 2185 2385 2237 prorsus
2428 2170 2594 2221 visum
2643 2176 2794 2230 esset.
2838 2185 2955 2221 cum
3000 2168 3131 2221 satis
3185 2177 3233 2220 et
3277 2166 3483 2219 abunde
3514 2166 3599 2220 sit.
3630 2165 3815 2232 siqua:

595 2257 716 2301 sunt
742 2260 890 2304 extra
932 2262 1087 2314 usum
1126 2270 1473 2321 communem,
1516 2256 1595 2309 vel
1623 2274 1654 2309 a
1686 2258 1883 2311 cteteris
1926 2256 2148 2317 intacta,
2181 2259 2233 2307 in
2272 2266 2422 2308 notas
2452 2256 2773 2325 referantur,
2812 2271 2875 2309 ex
2906 2255 3091 2325 quibus
3140 2254 3385 2321 scriptori
3424 2252 3513 2305 tua:
3551 2263 3815 2319 utcunque

596 2335 863 2406 aﬂ'ulgeat.
897 2338 1018 2392 lam
1050 2357 1166 2393 vero
1196 2358 1312 2394 cum
1340 2345 1393 2396 in
1426 2344 1725 2397 universam
1766 2342 2116 2411 Byzantmam
2147 2344 2420 2396 historiam
2450 2354 2742 2413 perpetuos,
2777 2350 2833 2396 ut
2853 2345 2927 2396 ita
2955 2343 3154 2404 dicam,
3196 2356 3286 2393 seu
3313 2340 3399 2402 qui
3424 2338 3640 2410 singulis
3666 2337 3814 2391 illius

596 2425 932 2493 scriptoribus
960 2430 1135 2493 aptari
1156 2432 1371 2497 possint,
1395 2414 1795 2484 commentarios
1824 2434 2045 2483 antehac
2072 2431 2344 2496 ediderim,
2382 2429 2577 2482 duobus
2612 2430 2888 2497 publicatis
2931 2427 3298 2489 voluminibus,
3332 2443 3557 2495 quorum
3583 2426 3812 2479 alterum

599 2507 863 2575 Familias
900 2515 1163 2583 Augustas
1197 2514 1258 2568 et'
1284 2514 1634 2581 Dalmaticas,
1685 2534 1790 2570 una
1818 2533 1934 2569 cum
1968 2499 2112 2570 urbis
2161 2504 2756 2585 Const’antinopalitanw
2799 2516 3161 2586 descriptione,
3208 2514 3456 2577 alterum,
3505 2514 3573 2566 ad
3630 2514 3814 2566 media:

586 2603 647 2648 'et
679 2598 874 2665 infima:
894 2600 1186 2673 Graecitatis
1215 2604 1540 2658 Glossarium
1562 2588 1961 2675 complectatur,
1978 2608 2030 2658 in
2055 2622 2154 2673 quo
2184 2621 2285 2657 non
2322 2603 2474 2667 modo
2503 2603 2754 2657 vocabula
2800 2604 3197 2667 mixubarbara,
3224 2601 3315 2656 sed
3337 2603 3496 2654 etiam
3531 2601 3812 2670 dignitates

601 2683 875 2754 palatinis,
907 2687 1185 2754 militares,
1224 2690 1586 2746 ecclesiasticae
1611 2701 1659 2763 e}
1686 2695 1987 2746 monasticae
2023 2692 2395 2764 explicantur:
2436 2709 2599 2745 unum
2629 2702 2920 2761 supererat,
2956 2701 3012 2743 ut
3040 2690 3154 2744 sola
3196 2691 3454 2743 duntaxat
3506 2688 3650 2758 [acta
3688 2681 3813 2740 illa.

600 2773 764 2826 strari
790 2772 939 2841 posse
968 2776 1275 2831 arbitrarer.
1315 2776 1465 2843 Quod
1494 2780 1699 2848 quidem
1726 2781 1803 2833 ita
1833 2796 1865 2831 a
1894 2794 1971 2833 me
2001 2780 2290 2849 pra‘stitnm
2313 2788 2408 2839 est,
2446 2787 2503 2830 ut
2524 2780 2570 2831 si
2598 2780 2723 2848 quid
2752 2780 2804 2831 in
2828 2794 2986 2846 supra
3027 2778 3326 2832 memoratis
3368 2776 3811 2829 lucubrationibus
3852 2830 3853 2833 η

601 2859 890 2925 excidisset,
918 2862 1135 2928 subinde
1167 2873 1501 2931 annotarem,
1529 2866 1682 2936 idque
1710 2882 1846 2936 sa-pe
1878 2882 1942 2935 ea:
1970 2854 2306 2934 scriptoribus
2335 2863 2563 2923 ineditis,
2600 2875 2667 2916 ue‘
2694 2862 2776 2917 vel
2806 2879 2869 2916 ex
2901 2865 3107 2918 incuria
3133 2856 3335 2929 nostra,
3362 2862 3441 2918 vel
3465 2862 3813 2915 exmemoriw

605 2942 754 3014 lapsu
786 2948 1112 3017 dispendium
1139 2938 1321 3004 Lector
1351 2941 1621 3022 patiatur.’
1643 2951 1746 3007 Sed
1786 2960 1837 3006 et
1878 2952 2055 3005 uarias
2100 2952 2361 3004 interdum
2399 2950 2640 3004 lectiones
2680 2966 2743 3004 ex
2775 2950 3001 3004 Zonara:
3034 2956 3194 3004 nianu
3233 2950 3502 3020 descriptis
3533 2946 3810 3006 codicibus,

602 3047 727 3099 quos
752 3033 923 3086 uidere
950 3037 1181 3104 contigit,
1220 3039 1439 3090 subinde
1474 3038 1771 3101 inserimus,
1811 3028 2171 3107 prietermissis
2206 3038 2409 3091 interea
2442 3036 2764 3107 synanymis,
2814 3047 3069 3107 tauquam
3115 3036 3311 3090 nullius
3340 3035 3648 3105 compendii,
3676 3036 3813 3102 quod

601 3127 651 3170 et
678 3135 734 3173 se
757 3120 932 3187 fecisse
961 3120 1234 3188 proﬁtetur
1262 3123 1480 3190 Wolﬁus
1510 3126 1803 3191 interpres;
1835 3126 1983 3191 cujus
2014 3123 2251 3193 alioquin
2292 3132 2444 3186 notas
2474 3126 2640 3195 priori
2672 3125 2887 3178 editioni
2914 3124 3169 3183 subditas.
3206 3116 3324 3181 cum
3372 3124 3561 3175 nostris
3594 3122 3674 3174 edi
3702 3123 3813 3175 suis

606 3204 729 3259 locis
753 3209 1071 3284 curavimus,
1105 3208 1281 3264 littera
1321 3211 1545 3264 nominis
1575 3210 1772 3265 initiali
1804 3211 1884 3263 W.
1934 3211 2216 3275 indicatus,
2256 3209 2953 3284 praetermissisquibusdam
2981 3210 3270 3279 inutilibus.
3307 3209 3475 3278 Atque
3496 3210 3576 3262 ha:
3602 3208 3811 3277 quidem

608 3295 832 3363 priorem
870 3295 1158 3349 Annalium
1196 3307 1420 3365 partem,
1461 3307 1509 3350 et
1560 3296 1786 3351 alteram
1836 3285 1997 3366 usque
2039 3297 2109 3350 ad
2146 3293 2554 3372 Constantinum
2595 3288 2845 3369 Magnum
2874 3298 3201 3367 potissimum
3244 3305 3502 3365 spectant,
3541 3299 3624 3352 ubi
3652 3296 3812 3368 paulo

607 3379 743 3432 uisus
763 3388 837 3432 est
869 3382 1187 3452 accuratior,
1234 3398 1394 3452 quam
1428 3384 1483 3435 ih
1515 3383 1579 3437 iis
1626 3400 1743 3453 qua:
1772 3383 2192 3454 Byzantinorum
2226 3382 2603 3459 imperatorum
2641 3386 2869 3438 historice
2904 3395 3053 3439 erant
3088 3385 3399 3449 subiunctae,
3425 3387 3477 3438 in
3502 3402 3606 3455 qua
3639 3386 3812 3438 minus

609 3466 854 3519 scientem
879 3467 1039 3533 fuisse
1063 3468 1243 3538 palam
1272 3476 1368 3533 est,
1397 3472 1534 3539 quod
1573 3479 1622 3523 et
1648 3471 1858 3539 ipseinet
1890 3472 2109 3541 ingenue
2132 3467 2402 3541 agnoscit;
2439 3471 2876 3540 quemadmodum
2919 3480 2966 3529 et
2998 3470 3259 3541 Xylander
3280 3474 3332 3523 in
3361 3473 3494 3525 notis
3520 3472 3590 3525 ad
3619 3471 3812 3525 Cedre-

610 3568 734 3605 num
775 3553 993 3623 singulis
1032 3556 1139 3625 fere
1170 3554 1314 3619 locis,
1352 3557 1442 3625 qui
1471 3573 1553 3611 res
1600 3555 1922 3627 Byzantinus
1964 3566 2221 3627 spectant,
2256 3576 2360 3612 non
2392 3556 2542 3613 modo
2579 3560 2822 3624 htesitare
2862 3562 3081 3630 cogitur,
3121 3560 3211 3626 sed
3240 3560 3435 3626 fatetur
3454 3557 3601 3611 'ultro
3632 3574 3813 3612 vocum

610 3639 711 3693 sibi
732 3640 1087 3709 insolentium,
1118 3645 1312 3712 partim
1344 3646 1680 3715 hybridarum
1715 3662 1778 3699 ac
1811 3644 2247 3715 μιξοδαρόάρων,
2280 3647 2476 3718 partim
2504 3662 2717 3716 prorsus
2751 3654 2801 3698 et
2828 3647 2896 3698 ad
2927 3644 3065 3713 apud
3098 3644 3317 3709 Latinos
3350 3652 3398 3697 et
3429 3644 3569 3712 apud
3606 3642 3813 3697 Graecos

613 3728 1032 3799 peregrinarum,
1080 3733 1314 3786 notiones
1356 3735 1584 3804 ignotas,
1633 3751 1726 3788 nec
1780 3734 1907 3790 alibi
1938 3734 2137 3788 lectas:
2177 3734 2311 3802 quod
2357 3750 2458 3787 non
2495 3734 2705 3786 omnino
2732 3733 3054 3807 mirandum,
3080 3731 3332 3807 siquidem
3361 3734 3459 3784 hac
3484 3737 3811 3799 tempestate.

616 3816 752 3870 nulli
790 3825 899 3870 tum
946 3818 1052 3887 fere
1093 3827 1263 3871 essent
1294 3816 1422 3873 editi
1465 3818 2041 3893 Byzantinardhistorite
2077 3822 2372 3888 scriptores,
2422 3827 2469 3871 et
2501 3820 2556 3872 in
2589 3819 2652 3871 iis
2693 3806 3026 3881 illustrandis
3069 3804 3218 3870 nemo
3246 3832 3309 3870 es:
3343 3827 3416 3871 tot
3446 3818 3568 3871 viris
3598 3817 3832 3893 eruditis~

614 3906 791 3960 studia
818 3922 913 3959 sua
941 3883 1190 3960 hactenus
1217 3883 1535 3965 contulerat:
1773 3883 1793 3906 ‘

632 4052 3771 4076 Μ*

844 4052 3650 4077 ww

1061 4456 1065 4462 ί
1141 4414 1143 4417 ,
1192 4411 1194 4414 φ
1244 4146 2343 4393 HIERONYMI
2451 4230 3185 4391 WOLFII
3324 4415 3327 4418 _

1038 4622 1783 4806 "JOANNIS
1857 4634 2562 4805 ZONARAE
2648 4671 3440 4823 ANNALES]

1268 4938 1271 4939 ί
1868 4916 2546 5033 purumne,
2949 4890 2951 4893 ’
3004 4959 3007 4962 ι
3250 4890 3251 4893 ᾧ

663 5123 759 5185 Ad
786 5118 1178 5200 magniﬁcum
1216 5124 1270 5178 et
1300 5136 1661 5200 generosum
1689 5121 1890 5200 virum
1926 5118 1999 5177 D.
2031 5118 2374 5200 Antonium
2391 5111 2757 5200 ‘If‘uggerum
2775 5119 2845 5200 Κ
2849 5106 3185 5197 irchpcrgte
3216 5127 3271 5178 ct
3329 5118 3791 5184 Wet'ssenhorni

1074 5242 1077 5243 ν
1305 5194 1319 5195 ί
1438 5198 1775 5273 dominum,
1807 5199 2097 5261 Ccesareaa
2127 5198 2439 5275 majestatt'
2469 5194 2509 5254 ά
2539 5194 2841 5267 consiliis,
2876 5194 2999 5259 etc:

699 5520 849 5593 Opus
874 5517 977 5571 hoc
1004 5515 1353 5572 historiarum
1384 5519 1604 5575 Joannis
1632 5519 1876 5579 Zonaras,
1914 5517 2041 5571 viri
2069 5530 2166 5572 sua
2209 5526 2368 5573 tutati:
2413 5516 2801 5593 imeolitano
2858 5516 3090 5585 imperio
3141 5518 3451 5583 clarissimi,
3500 5520 3664 5590 longo
3707 5523 3817 5593 jam

636 5591 880 5679 tempore
904 5622 933 5662 a
955 5606 1141 5662 multis
1162 5607 1295 5662 viris
1326 5610 1657 5665 doctissimis
1686 5607 2080 5682 desideratum,
2116 5607 2321 5677 duplici
2350 5591 2692 5675 potissmium
2724 5604 2947 5658 nomine
2976 5606 3467 5661 commendandum
3493 5624 3613 5662 esse
3662 5591 3815 5661 vide-

642 5688 754 5758 tur,
782 5704 894 5751 tum
926 5704 1147 5766 prepter
1166 5694 1579 5759 amplitudinem
1610 5704 1667 5750 et
1698 5696 2019 5752 varietatem
2048 5710 2231 5750 rerum
2263 5709 2382 5767 quae
2404 5696 2457 5749 in
2484 5707 2551 5749 eo
2572 5689 2946 5754 continentur,
2980 5700 3094 5745 tum
3120 5693 3189 5747 ob
3245 5694 3590 5760 brevitatem,
3637 5694 3671 5747 h
3697 5694 3815 5746 uni~

644 5784 914 5861 nibuswel
944 5784 998 5840 in
1030 5799 1089 5847 re
1121 5783 1337 5855 publi¢u
1358 5783 1452 5857 vel
1487 5782 1802 5838 domesticis
1836 5783 2068 5855 negOtiis
2091 5784 2175 5838 vel
2206 5781 2402 5839 studiis
2418 5776 2761 5849 gravioribus
2794 5778 3096 5847 occupatis,
3126 5779 3209 5833 vel
3262 5779 3330 5834 iis
3379 5795 3614 5849 quorum
3666 5779 3819 5833 iulir-
3889 5784 3892 5786 ⁷

646 5868 787 5927 mior
808 5864 892 5943 est
920 5872 1431 5939 maiorisvystam
1459 5870 1633 5937 atauo,
1653 5870 2007 5936 aptissimam.
2031 5871 2218 5933 Neque
2242 5870 2390 5933 enim
2418 5864 2645 5921 cuilibet
2670 5864 3135 5942 accommodatum
3158 5875 3243 5923 est
3259 5866 3442 5921 omnia
3464 5865 3672 5935 ascriota
3707 5864 3820 5920 om-
3898 5894 3901 5898 -
