4030 6332
203 532 287 602 29,
1586 538 1997 601 PR/EFATIO.
3308 537 3379 603 30

205 649 361 702 nium
392 647 766 702 historicorum
798 648 1073 706 evolvere.
1106 656 1163 702 et
1190 652 1486 723 praecipuas
1511 669 1598 710 res
1625 660 1964 711 summorum
1993 658 2344 725 imperiorum
2380 672 2408 712 a
2433 656 2619 710 mundi
2643 656 2891 720 exordio,
2940 665 3202 727 quantum
3251 658 3374 728 qui-
3439 659 3442 662 ’

206 739 340 791 dem
357 737 656 800 mortalitati
693 746 890 790 nostra:
919 743 1238 791 concessum
1273 744 1376 808 est,
1408 757 1579 812 usque
1606 746 1670 798 ad
1701 745 1838 798 hanc
1868 755 2102 808 aetatem,
2148 746 2397 814 ignorare
2424 745 2816 816 turpissimum.
2845 746 2978 799 Nam
3004 745 3046 799 si
3110 745 3374 799 Cicerone

205 839 428 880 auctore
457 826 595 880 inter
626 825 899 878 hominem
921 832 975 878 et
1009 824 1243 880 belluam
1277 829 1380 883 hoc
1420 832 1652 885 maxime
1695 833 1944 897 interest,
1977 834 2122 902 quod
2152 835 2268 890 haec
2298 842 2508 887 tantum
2563 842 2824 901 quantum
2880 849 3040 887 sensu
3105 831 3376 894 movetur,

207 915 278 966 ad
307 913 356 966 id
384 915 545 966 solum
566 910 711 987 quod
745 915 895 969 adest
933 918 1188 986 quodque
1219 933 1456 985 praesens
1492 928 1576 972 est
1605 936 1660 974 se
1682 923 2075 985 accommodat,
2105 923 2383 991 paululum
2411 923 2702 975 admodum
2750 922 2990 976 sentiens
3042 921 3379 990 prmteritum

206 1010 312 1052 aut
341 1000 582 1062 futurum,
623 1002 784 1054 homo
814 998 1278 1072 autemquoniam
1325 1005 1550 1058 rationis
1610 1015 1693 1060 est
1742 1009 2036 1077 particeps,
2090 1008 2474 1077 consequentia
2517 1011 2713 1072 cernit,
2775 1008 3036 1077 principia
3078 1017 3133 1062 et
3193 1021 3382 1062 causas

208 1102 392 1140 rerum
416 1087 575 1148 videt,
607 1102 904 1157 earumque
937 1106 1252 1158 prOgressus
1285 1099 1339 1144 et
1363 1093 1513 1160 quasi
1539 1097 1944 1148 antecessiones
1979 1111 2085 1148 non
2124 1098 2358 1164 ignorat,
2392 1095 2780 1149 similitudines
2821 1103 3118 1162 comparat,
3177 1102 3234 1146 et
3286 1109 3375 1145 re-

208 1174 323 1228 bus
354 1175 700 1242 praisentibus
731 1178 973 1246 adiungit
1000 1189 1163 1248 atque
1195 1179 1435 1234 adneCtit
1460 1167 1689 1242 futuras,
1716 1182 1872 1236 facile
1900 1184 2067 1238 totius
2099 1186 2219 1237 vim:
2245 1199 2465 1238 cursum
2499 1183 2666 1246 videt.
2702 1183 2763 1235 ad
2796 1197 3026 1250 eamque
3078 1180 3376 1251 degendam

207 1269 472 1329 praeparat
502 1277 588 1315 res
614 1264 964 1329 necessarias,
993 1265 1080 1318 vix
1116 1265 1354 1320 hominis
1375 1269 1594 1323 nomine
1624 1269 1818 1338 dignus
1846 1277 1928 1323 est
1957 1271 2047 1339 qui
2082 1271 2340 1324 memoria
2375 1279 2427 1322 et
2485 1270 2805 1340 cogitatione
2856 1256 2994 1321 ultra
3047 1283 3197 1322 suam
3250 1276 3381 1321 mta-

212 1357 326 1399 tem
356 1345 451 1400 non
478 1348 842 1418 progreditur.
878 1354 952 1405 Ac
979 1353 1312 1420 prmscientia
1353 1370 1536 1408 rerum
1571 1355 1892 1418 futurarum,
1924 1359 1966 1410 si
1997 1373 2100 1425 qua
2148 1366 2252 1421 est,
2304 1356 2471 1409 divini
2516 1357 2703 1424 potius
2760 1369 2880 1408 esse
2931 1343 3167 1408 muneris
3215 1367 3375 1424 quam

215 1431 432 1487 humani
462 1434 660 1503 ingenii
685 1436 929 1490 creditur:
957 1455 970 1491 :
1002 1439 1102 1492 etsi
1138 1455 1244 1493 non
1279 1441 1476 1516 desunt
1505 1444 1598 1509 qui
1620 1428 1927 1496 vel'uatura
1957 1443 2161 1496 in’citati
2195 1443 2276 1495 vel
2305 1452 2422 1496 arte
2471 1442 2640 1509 adiuti
2664 1442 2744 1494 vel
2801 1456 2898 1494 usu
2955 1430 3137 1494 rerum
3196 1428 3376 1493 cdocti

212 1536 274 1573 ra
309 1522 599 1588 praedicunt
630 1539 748 1592 qua:
778 1526 950 1579 multo
981 1536 1100 1595 post
1127 1527 1308 1581 futura
1338 1514 1485 1583 sunt".
1526 1529 1656 1594 Qua:
1693 1530 1912 1598 quidem
1943 1529 2166 1583 facultas
2195 1540 2248 1583 et
2295 1531 2456 1582 latius
2503 1539 2709 1596 pateret
2745 1537 2798 1580 et
2836 1524 3006 1579 multo
3066 1535 3209 1579 esset
3260 1525 3382 1578 illu-

207 1608 394 1668 atrior,
427 1612 467 1662 si
500 1611 600 1662 tria
634 1610 748 1665 haec
782 1614 831 1666 in
868 1629 975 1666 uno
999 1615 1216 1667 homine
1243 1617 1696 1686 coniungerentur
1727 1633 1740 1669 :
1768 1619 2160 1683 prteteritaruin
2187 1633 2364 1670 autem
2399 1619 2664 1687 ignoratio
2691 1618 2742 1669 in
2795 1615 3013 1668 homine
3041 1613 3244 1666 litteris
3299 1614 3381 1665 vel

213 1694 786 1752 mediocriterimbuto
818 1700 902 1753 vix
931 1700 1093 1753 ullam
1125 1701 1287 1756 habet
1311 1703 1736 1757 excusationem.
1773 1704 1956 1772 Neque
1986 1707 2128 1758 enim
2164 1707 2215 1757 in
2253 1706 2372 1769 hac,
2404 1715 2463 1758 ut
2493 1705 2544 1757 in
2578 1705 2687 1764 illa,
2722 1704 2803 1756 vel
2837 1705 2902 1755 de
2945 1701 3017 1755 rei
3068 1699 3381 1752 diilicultatc

207 1782 294 1834 vel
323 1781 389 1835 de
408 1793 607 1849 natura:
633 1795 832 1840 nostrm
860 1788 1229 1842 imbecillitate
1257 1791 1409 1856 queri
1443 1805 1751 1858 possumus,
1785 1791 1875 1844 sed
1901 1793 1981 1844 vel
2018 1793 2208 1859 supina
2246 1791 2569 1860 negligentia
2595 1790 2674 1842 vel
2706 1787 2990 1855 occupatio
3051 1800 3382 1853 supervaca-

209 1883 316 1922 nea
351 1873 423 1925 vel
449 1873 605 1927 inane
641 1874 936 1942 voluptatis
968 1877 1206 1931 studium
1228 1879 1441 1944 culpam
1475 1893 1689 1930 omnem
1727 1877 1979 1932 sustinet.
2003 1877 2135 1940 Quis
2167 1876 2312 1927 enim
2358 1876 2598 1928 omnium
2659 1873 2966 1926 mortalium
3034 1872 3101 1922 ita
3153 1869 3383 1938 negotiis

211 1957 458 2024 obruitur
477 1961 627 2026 quin,
656 1961 701 2013 si
726 1975 927 2028 parcus
957 1972 1012 2016 et
1038 1963 1279 2031 prudens
1303 1964 1373 2017 sit
1403 1963 1661 2031 temporis
1692 1963 2070 2032 pretiosissimi
2101 1975 2146 2015 et
2172 1962 2540 2029 irreparahilis
2560 1960 2797 2013 thesauri
2819 1955 3180 2026 dispensator,
3217 1970 3375 2008 uuam

212 2053 375 2111 atque
391 2045 609 2099 alteram
636 2047 824 2100 horam
865 2048 1090 2117 legendo
1127 2049 1550 2118 nieditandoque
1582 2051 1785 2119 absque
1818 2048 1924 2105 ullo
1955 2050 2298 2104 incommodo
2322 2050 2648 2103 valetudinis
2679 2058 2730 2102 et
2756 2063 2935 2101 rerum
2993 2061 3211 2100 suarum
3263 2043 3382 2097 dis-

211 2133 408 2199 pendio
441 2136 683 2203 quotidie
707 2137 875 2205 possit
904 2137 1258 2206 impendere?
1294 2139 1553 2192 Videmus
1575 2141 1716 2190 enim
1743 2137 1940 2206 quibus
1968 2139 2144 2204 nugis,
2177 2153 2242 2190 ne
2266 2137 2394 2212 quid
2421 2139 2596 2190 dicam
2633 2137 2869 2204 gravius,
2919 2134 3190 2202 plerisque
3243 2142 3385 2185 tem-

211 2235 318 2288 pus
346 2231 547 2289 pereat,
575 2225 719 2292 quod
753 2226 910 2290 longe
943 2229 1145 2281 rectius
1171 2227 1350 2281 studio
1385 2226 1664 2294 sapientia:
1689 2226 2036 2279 tribueretur.
2067 2224 2176 2277 Nec
2207 2224 2404 2292 injuria
2430 2223 2510 2276 vir
2541 2223 2890 2291 gravissimus
2946 2221 3156 2274 Seneca
3211 2211 3386 2271 excla-

212 2317 342 2365 mat,
378 2300 622 2378 magnam
651 2308 772 2368 vita:
801 2296 1005 2379 partem
1029 2314 1164 2366 nihil
1197 2309 1504 2382 agentibus,
1547 2316 1800 2382 majorem
1832 2313 1971 2365 male
2005 2311 2308 2380 agentibus,
2336 2319 2502 2363 totam
2533 2309 2678 2362 aliud
2703 2308 2987 2375 agentibus
3016 2305 3178 2363 elabi.
3211 2317 3384 2370 eoque

209 2393 328 2446 ﬁeri
361 2405 422 2449 ιιι
448 2399 754 2456 necessaria
794 2399 1384 2470 ignoremu’s’quoniam
1407 2415 1808 2469 supervacanea
1831 2398 2204 2452 didicerimus.
2242 2395 2657 2464 Supervacanea
2694 2408 2859 2462 porro
2889 2391 3140 2460 intelligit
3185 2389 3381 2442 immo-

208 2478 389 2533 dicum
413 2481 768 2551 voluptatum.
795 2486 1038 2550 honoris,
1064 2489 1340 2556 potentite,
1373 2489 1724 2556 pecuniaeque
1751 2485 2012 2546 studium,
2039 2486 2346 2538 necessaria
2370 2498 2500 2537 vero
2527 2479 2943 2551 philosophiam,
2968 2479 3070 2532 hoc
3096 2477 3382 2530 esthuma-

208 2580 397 2618 narum
431 2567 844 2639 divinarumque
879 2561 1058 2627 rerum
1087 2573 1459 2642 cognitionem
1495 2593 1507 2628 :
1535 2591 1653 2643 qua:
1676 2575 1718 2629 si
1751 2573 1843 2627 ulli
1879 2572 2185 2642 mortalium
2213 2570 2446 2638 perfecta
2479 2568 2839 2638 contingeret,
2871 2563 3012 2620 haud
3047 2563 3211 2617 dubie
3269 2576 3384 2614 om-

209 2653 361 2704 nium
383 2655 525 2707 oculi
549 2665 709 2724 atque
740 2658 905 2711 animi
939 2660 990 2712 in
1015 2661 1162 2713 illum
1193 2677 1356 2714 unum
1380 2671 1635 2730 tanquam
1670 2661 1830 2714 deum
1856 2658 2139 2727 quemdam
2172 2665 2639 2710 converterentur.
2672 2655 2825 2708 Nunc
2846 2652 2970 2722 quia
3003 2667 3198 2705 nomen
3224 2651 3383 2703 inane

209 2738 363 2791 multi
384 2741 654 2808 iactitant,
687 2747 938 2812 perpauci
969 2762 1096 2798 vero
1124 2749 1194 2800 ita
1233 2757 1358 2800 sunt
1397 2746 1586 2799 morati
1613 2756 1671 2800 ut
1703 2755 1848 2799 recta
1874 2746 2010 2797 ratio
2040 2745 2294 2811 postulat,
2335 2741 2392 2796 fit
2424 2743 2482 2796 ut
2532 2757 2619 2795 res
2670 2742 2783 2808 ipsa
2844 2739 3003 2809 vulgo
3031 2753 3135 2791 non
3183 2736 3378 2790 intelli-

207 2834 457 2892 gatur,el
488 2842 684 2882 nomen
709 2832 955 2884 odiosum
988 2849 1137 2899 mque
1168 2843 1329 2901 atque
1356 2821 1644 2887 ridiculum
1675 2832 1957 2887 habeatur.
2017 2832 2184 2900 quue
2207 2831 2350 2884 haud
2402 2831 2514 2885 scio
2567 2845 2726 2898 quam
2793 2837 2958 2882 recte.
3017 2827 3199 2895 Neque
3240 2827 3384 2878 enim

211 2910 512 2979 disciplina:
539 2921 631 2966 aut
665 2917 786 2969 vita
819 2931 989 2984 genus
1017 2918 1086 2971 ob
1122 2918 1405 2972 hominum
1429 2920 1698 2975 inscitiam
1731 2931 1823 2977 aut
1853 2921 2260 2992 perversitatem
2284 2921 2403 2988 iure
2436 2919 2738 2973 traducitur
2767 2932 2780 2969 :
2815 2924 2871 2969 et
2893 2914 2986 2984 qui
3032 2925 3136 2967 tam
3192 2928 3379 2967 severe

199 2995 471 3064 iudicant,
508 3013 575 3051 ne
598 3003 921 3070 semetipsos
946 3004 1188 3071 quidem,
1223 3006 1325 3059 nisi
1355 3007 1552 3060 mentis
1578 3022 1768 3062 errore
1808 3010 2137 3071 afﬁciantur,
2173 3004 2788 3076 probabunt.‘Homines
2817 3002 2963 3056 enim
2989 3009 3116 3054 sunt
3152 3008 3212 3053 ut
3273 3014 3377 3052 cae-

207 3082 332 3146 teri,
363 3092 421 3136 et
450 3083 640 3137 iisdem
671 3085 952 3142 affectibus
975 3090 1195 3142 obnoxii
1232 3111 1244 3143 :
1272 3101 1329 3146 et
1352 3108 1541 3160 parum
1568 3093 1791 3148 liberale
1819 3105 1902 3149 est
1932 3111 2100 3148 unum
2129 3103 2292 3163 atque
2316 3093 2547 3147 aiterum
2579 3106 2788 3148 naevum
2820 3089 3096 3160 exagitare
3131 3085 3385 3140 dissimu-

205 3169 331 3222 latis
367 3171 692 3232 virtutibus.
718 3189 949 3242 quarum
977 3177 1031 3230 in
1055 3177 1393 3247 philosophis
1432 3195 1540 3234 non
1589 3181 1812 3236 minima
1872 3191 1955 3236 est
2006 3181 2251 3238 studium
2297 3177 2769 3250 inquirendi-veri
2829 3186 2885 3231 et
2932 3173 3385 3228 moderandarum

206 3257 590 3321 cupiditatum,
617 3269 676 3314 ut
709 3261 846 3316 intra
876 3271 1081 3329 naturae
1126 3266 1500 3335 praescriptum
1551 3263 1927 3330 coerceantur,
1979 3267 2282 3337 eodemque
2337 3280 2434 3335 pro
2484 3280 2579 3318 sua
2650 3263 2796 3317 virili
2847 3257 3180 3329 producendi
3221 3271 3382 3324 quam

206 3342 492 3411 plurimos.
526 3347 806 3403 Postulare
839 3360 1019 3407 autem
1042 3362 1102 3407 ut
1132 3353 1168 3406 ii
1194 3369 1314 3407 sese
1344 3355 1480 3407 infra
1510 3370 1698 3409 omnes
1722 3355 1934 3409 inﬁmos
1967 3351 2223 3408 homines
2259 3352 2554 3422 obiiciant,
2615 3359 2670 3404 et
2711 3351 2764 3402 in
2810 3347 3068 3401 extremis
3126 3343 3386 3399 sordibus

203 3426 530 3498 Cynicorum
558 3448 709 3489 more
744 3437 949 3503 vivant,
975 3439 1224 3494 immanis
1241 3451 1325 3495 est
1348 3441 1577 3512 inscitiae
1612 3445 1772 3512 atque
1796 3441 2080 3510 superbire.
2117 3439 2219 3495 Sed
2252 3438 2318 3492 ad
2343 3438 2624 3492 historiam
2658 3436 2843 3500 redeo,
2891 3450 3026 3504 quie-
3063 3447 3186 3487 cum
3233 3446 3383 3485 cras-

206 3516 322 3571 sior
347 3519 594 3587 qutedam
629 3522 968 3594 philosophia
996 3528 1090 3589 sit,
1114 3536 1168 3580 et
1195 3528 1456 3596 exemplis
1486 3509 1664 3596 potius
1686 3509 1846 3596 quam
1864 3509 2186 3582 rationibus
2211 3530 2376 3581 vitam
2409 3526 2623 3581 civilem
2679 3540 2742 3579 ac
2790 3524 3052 3592 privatam
3112 3520 3382 3580 instituat,

203 3619 316 3658 non
346 3605 574 3661 dubium
595 3619 680 3663 est
713 3611 845 3678 quin
873 3627 1117 3681 magnam
1152 3613 1348 3667 habeat
1383 3615 1674 3667 utilitatem
1704 3629 1826 3667 cum
1858 3629 2064 3668 summa
2092 3612 2359 3667 suavitate
2387 3614 2750 3682 coniunctam.
2774 3610 2830 3663 ln
2882 3624 2985 3676 qua
3023 3620 3142 3675 quae
3189 3603 3382 3671 1³1⁸³θῇ

210 3706 320 3760 pue
350 3692 687 3750 observanda
726 3697 853 3762 sint,
877 3697 1172 3765 prudenter
1200 3698 1385 3775 Livius
1414 3699 1498 3753 his
1537 3700 1720 3754 verbis
1751 3709 1933 3754 monet
1961 3718 1974 3752 :
2011 3718 2029 3749 ι
2058 3701 2136 3755 Ad
2169 3700 2258 3754 illa
2281 3700 2411 3754 mihi
2443 3714 2540 3767 pro
2572 3713 2629 3753 se
2655 3697 2881 3765 quisque
2906 3694 3104 3747 acriter
3136 3688 3383 3744 intendat

205 3781 475 3848 animum,
509 3797 628 3852 qua;
658 3785 786 3849 vita,
815 3788 905 3854 qui
940 3802 1117 3841 mores
1139 3785 1361 3851 fuerint,
1386 3802 1483 3858 per
1504 3804 1642 3857 quos
1673 3790 1819 3842 viros
1842 3790 2149 3860 quibusque
2176 3789 2387 3843 artibus
2414 3787 2561 3841 domi
2605 3784 2918 3857 militiaeque
2964 3793 3021 3836 et
3066 3786 3282 3850 partum
3327 3788 3386 3834 et

205 3869 739 3939 auctumimpcrium
763 3873 853 3928 sit.
890 3873 1130 3928 Labentc
1183 3874 1378 3928 deinde
1433 3876 1691 3944 paulatim
1739 3879 2040 3948 disciplina,
2102 3879 2250 3934 velut
2299 3878 2624 3932 dissidentes
2669 3875 2845 3946 primo
2886 3885 3064 3927 mores
3123 3876 3384 3937 sequatur

205 3957 415 4018 animo,
436 3956 632 4011 deinde
667 3967 726 4012 ut
755 3959 922 4028 magis
954 3960 1232 4030 magisque
1258 3961 1392 4031 lapsi
1415 3961 1542 4025 sint,
1571 3970 1682 4016 tum
1710 3964 1786 4017 ire
1821 3965 2085 4032 cmperint
2110 3965 2440 4032 praecipites,
2471 3963 2646 4017 donec
2678 3961 2744 4014 ad
2769 3959 2883 4013 haec
2927 3966 3189 4025 tempora.
3259 3952 3384 4020 qui-

208 4041 309 4094 bus
345 4057 449 4096 ncc
475 4043 604 4097 vltia
632 4054 819 4098 nostra
854 4061 953 4100 nec
973 4047 1211 4100 remedia
1248 4047 1354 4116 pati
1383 4062 1691 4116 possumus,
1724 4057 1942 4102 ventum
1973 4057 2075 4101 est.
2105 4048 2216 4102 Hoc
2244 4049 2376 4102 illud
2396 4039 2776 4116 est’praecipue
2819 4044 2874 4096 in
2935 4040 3239 4110 cognitione
3293 4051 3383 4108 re-

210 4141 329 4180 rum
369 4127 585 4182 salubre
615 4144 679 4182 ac
705 4130 1048 4199 frugiferum,
1069 4131 1244 4184 omnis
1272 4132 1575 4201 te'exempli
1600 4133 1924 4187 documenta
1961 4126 2231 4187 in‘illustri
2265 4133 2435 4201 posita
2468 4131 2802 4185 monimento
2833 4127 3032 4182 intueri
3061 4143 3074 4180 :
3112 4123 3237 4179 inde
3286 4121 3384 4177 tibi

209 4223 424 4283 tuaeque
449 4214 525 4268 rei
561 4214 793 4284 publica;
826 4215 970 4284 quod
993 4216 1205 4271 imitere
1234 4217 1438 4286 capias,
1474 4218 1599 4272 inde
1625 4218 2106 4289 foedum‘inceptu.
2137 4219 2338 4275 fmdum
2383 4218 2554 4279 exitu,
2620 4216 2763 4287 quod
2813 4216 2972 4270 vites.
3039 4232 3056 4263 ι
3113 4210 3384 4272 Hactenus

208 4300 324 4354 ille.
361 4296 465 4353 Sed
488 4310 543 4354 et
570 4299 784 4364 Cicero,
823 4311 1180 4372 praeterquam
1209 4303 1353 4373 quod
1386 4305 1462 4358 ait
1496 4323 1513 4353 ι
1545 4307 1752 4360 nescire
1783 4307 1913 4375 quid
1940 4317 2098 4362 antea
2124 4323 2286 4378 quam
2324 4317 2484 4362 natus
2510 4307 2584 4361 sis
2607 4302 2885 4364 acciderit,
2936 4301 2987 4354 id
3038 4308 3122 4352 est
3169 4311 3384 4364 semper

181 4399 332 4439 esse
358 4384 608 4454 puerum,
636 4405 652 4437 ι
681 4387 889 4458 magnis
911 4399 1071 4443 ornat
1105 4389 1358 4445 laudibus
1379 4392 1682 4457 historiam,
1712 4410 1836 4449 cum
1863 4402 2055 4450 testem
2088 4404 2414 4464 temporum,
2437 4394 2613 4448 lucem
2644 4388 2908 4451 veritatis,
2965 4384 3131 4438 vitam
3178 4397 3383 4436 memo-

208 4472 666 4553 ῖίποῇωεὸίειταω
698 4475 840 4538 vitae,
873 4477 1116 4530 nuntiam
1143 4478 1426 4554 vetustati;
1451 4481 1706 4548 appellat.
1725 4471 1853 4550 Quae
1875 4490 2002 4536 cum
2036 4496 2166 4535 vera
2190 4495 2309 4534 esse
2340 4493 2446 4532 non
2480 4490 2670 4547 negem
2695 4475 2893 4544 (neque
2921 4474 3065 4528 enim
3117 4483 3382 4539 quorum-

207 4559 335 4613 dam
367 4559 608 4615 fabulosa
645 4569 946 4615 commenta
977 4575 1091 4616 rem
1114 4561 1284 4630 ipsam
1316 4577 1665 4632 corrumpere
1693 4569 1964 4634 possunt),
2003 4576 2204 4632 tamen,
2237 4566 2282 4620 si
2319 4563 2548 4618 maxima
2579 4578 2645 4617 ex
2674 4569 2824 4631 parte
2861 4559 3102 4613 omnium
3163 4566 3379 4611 aetatum

208 4647 460 4708 consilia,
485 4656 624 4710 acta,
657 4660 881 4702 eventus
910 4647 1256 4713 aestimemus,
1291 4648 1416 4717 quid
1448 4659 1530 4703 est
1556 4651 1703 4704 aliud
1736 4652 1961 4707 historia
2029 4667 2191 4722 quam
2248 4647 2437 4722 ingens
2494 4649 2764 4720 quoddam
2788 4648 3031 4717 pelagus
3087 4660 3148 4698 ac
3203 4644 3386 4711 potius

207 4731 552 4801 naufragium
581 4732 890 4788 miserabile
911 4733 1161 4787 humana:
1180 4724 1444 4800 stultitim,
1476 4735 1798 4804 improbitati

1781 4739 1838 4793 iis
1858 4750 1913 4794 et
1943 4740 2196 4804 miseriae,
2226 4749 2282 4794 et
2302 4738 2582 4808 speculum
2605 4738 2760 4806 longe
2787 4734 3053 4789 illustrius
3091 4726 3213 4783 vita:
3274 4729 3372 4797 pri-

209 4828 351 4874 vata
373 4828 427 4873 et
450 4819 702 4888 politiae,
739 4809 900 4889 quam
929 4821 1035 4874 ulla
1058 4822 1335 4882 ,comtedia
1361 4832 1454 4876 aut
1482 4823 1748 4893 tragmdia
1766 4827 1788 4878 ?
1805 4825 1934 4891 Quae
1959 4826 2210 4894 cogitatio
2233 4826 2285 4879 in
2308 4826 2470 4896 hujus
2497 4824 2677 4892 operis
2694 4819 3102 4882 elucubraiione
3125 4826 3387 4885 perpetuo

210 4905 467 4960 sensibus
485 4914 646 4973 atque
676 4905 861 4958 animo
892 4921 1013 4959 meo
1044 4907 1324 4962 obversata
1358 4917 1460 4962 est.
1485 4909 1611 4963 Sive
1639 4910 1784 4964 enim
1811 4927 1961 4966 sacra
1979 4914 2092 4966 sive
2119 4913 2360 4981 profana,
2404 4911 2517 4964 sive
2577 4924 2714 4962 nova
2737 4901 2852 4960 sive
2894 4911 3077 4958 vetera
3131 4915 3382 4956 occurre-

211 5000 356 5056 rent,
392 4993 504 5046 sive
526 4990 745 5045 Hebraaa
765 4990 879 5044 sive
897 4990 1080 5046 Gneoa
1105 5001 1485 5058 tractarentur,
1513 4996 1770 5050 cramben
1796 4997 2039 5050 eamdem
2069 4999 2263 5065 repeti,
2283 4994 2608 5050 cantinelam
2633 4993 2880 5046 eamdem
2925 4989 3045 5044 cani
3094 4988 3342 5042 videbam
3369 5003 3382 5038 :

212 5079 398 5132 omnia
422 5079 577 5148 plena
599 5087 926 5157 enatorum,
961 5080 1251 5143 scelerum,
1282 5081 1554 5144 fraudum,
1590 5081 2013 5147 mendaciorum,
2039 5082 2457 5151 praestigiarum,
2523 5093 2912 5140 mrumnarnm,
2959 5074 3380 5132 dissensionum,

215 5168 470 5228 caedium,
496 5167 854 5221 excidiorum.
887 5166 954 5221 Ut
977 5182 1065 5220 res
1092 5167 1205 5236 ipsa
1241 5168 1457 5222 abunde
1485 5168 1696 5234 doceat,
1729 5170 2022 5223 humanum
2055 5168 2328 5238 ingenium
2385 5169 2475 5232 ab,
2501 5172 2619 5238 ipso
2677 5176 2798 5220 ortu
2847 5179 2968 5218 esse
3009 5160 3382 5228 depra‘vatum.

212 5267 394 5321 neque
421 5253 634 5308 inanem
671 5254 941 5309 exstitisse
975 5253 1212 5307 divinam
1247 5255 1698 5318 exsecrationem,
1728 5270 1852 5310 cum
1878 5255 2097 5323 ubique
2120 5254 2285 5308 sudor
2325 5255 2525 5328 vultus,
2575 5247 2776 5321 ubique
2828 5247 3016 5302 tribuli
3073 5254 3128 5298 et
3191 5244 3381 5312 spina.

217 5339 421 5406 ubique
443 5340 713 5408 serpentis
741 5339 953 5394 insidiae
979 5349 1293 5408 appareant;
1327 5341 1459 5396 Boni
1485 5352 1540 5401 et
1568 5342 1841 5412 simplices
1867 5340 2022 5410 pauci
2061 5349 2188 5394 sunt
2215 5357 2228 5393 :
2262 5350 2316 5394 et
2352 5341 2393 5394 si
2426 5341 2517 5408 qui
2545 5347 2692 5400 sunt,
2720 5337 2754 5390 ii
2781 5336 2912 5388 alias
2939 5349 3036 5403 per
3066 5332 3374 5400 impruden~

217 5425 347 5477 tiam
385 5423 440 5476 in
479 5423 686 5479 facinus
711 5434 896 5490 ruunt,
921 5425 1054 5479 alias
1085 5426 1237 5480 malis
1262 5429 1522 5496 exemplis
1543 5437 1987 5500 corrumpuntur,
2043 5427 2224 5482 aliasa
2272 5428 2502 5479 maximo
2556 5422 2925 5491 improborum
2975 5429 3030 5473 et
3061 5414 3376 5473 callidorum

216 5525 449 5568 numero
470 5512 874 5580 opprimuntur.
906 5514 974 5568 Et
1003 5529 1311 5583 quanquam
1334 5523 1539 5568 natura:
1569 5515 1850 5570 hominum
1882 5517 1992 5570 duo
2019 5514 2246 5583 insignia
2277 5526 2519 5574 munera,
2547 5509 2774 5564 facultas
2801 5508 3028 5563 rationis
3071 5515 3126 5559 et
3175 5505 3377 5558 oratio-

216 5604 298 5653 nis
315 5598 576 5653 divinitus
604 5607 733 5652 sunt
757 5614 1036 5664 concessa,
1064 5603 1261 5669 quibus
1295 5601 1361 5654 ad
1395 5602 1870 5669 contemplandum
1930 5613 1986 5656 et
2031 5600 2415 5656 celebrandum
2455 5598 2617 5666 huius
2670 5595 3039 5665 universitatis
3092 5591 3378 5658 Opiticem.
3445 5610 3447 5612 ·

217 5695 269 5740 ct
293 5685 362 5739 ad
387 5684 638 5738 tuendam
667 5700 732 5740 ac
758 5685 1051 5755 iuvandam
1083 5689 1363 5742 hominum
1391 5687 1534 5742 inter
1567 5687 1712 5756 ipsos
1736 5690 2176 5744 communitatem
2199 5683 2460 5742 utendum
2482 5693 2621 5744 erat,
2677 5683 2731 5736 in
2787 5682 2994 5736 nullum
3046 5684 3155 5733 fere
3213 5678 3379 5731 alium

223 5785 380 5825 usum
399 5784 430 5823 a
447 5769 724 5846 plerisque
753 5786 817 5827 ea
851 5775 1094 5828 converti
1123 5775 1392 5840 videmus,
1421 5767 1527 5827 nisi
1561 5772 1632 5826 ad
1660 5774 1966 5842 expeditius
1993 5769 2287 5827 fallendum
2316 5777 2371 5822 et
2413 5768 2746 5829 nocendum,
2797 5776 2855 5820 et
2903 5766 3216 5818 vastitatem
3270 5764 3377 5818 θαι·

219 5855 492 5913 ciendam.
511 5857 735 5912 Annon"
761 5857 835 5912 ita
872 5858 1192 5929 plerumque
1215 5861 1439 5923 vivitur.
1471 5868 1528 5915 ut
1554 5860 2007 5926 quemadmodum
2033 5859 2159 5914 fera:
2183 5856 2238 5912 in
2257 5854 2550 5911 solitudine
2575 5863 2630 5909 et
2659 5852 2830 5927 silvis.
2885 5852 3058 5910 nisccs
3108 5851 3161 5905 in
3203 5849 3373 5908 ﬂumi
