4038 6320
526 376 594 442 31
1468 414 1472 419 -
1748 385 2121 445 ῙΙΙΕΒΟΝΥῆ

2227 387 2502 445 \vOLFu
3146 448 3155 453 -
3646 381 3737 449 32'
3766 428 3792 465 ς

530 488 690 541 nibus
714 498 769 542 et
798 490 955 555 mari,
986 491 1235 545 volucres
1266 493 1317 545 in
1352 493 1631 549 immensis
1652 492 1759 549 illis
1783 495 1926 555 aeris
1957 470 2166 562 spaiiis,
2199 509 2481 563 niagna,ex
2509 502 2660 561 parte
2690 495 2844 561 quasi
2870 504 3078 548 uath
3100 494 3331 563 quadam
3370 496 3487 564 lege
3551 497 3728 551 imbe-

528 574 766 631 cilliores
791 579 1107 645 opprimunt
1135 588 1192 633 et
1215 579 1502 644 devorant,
1539 581 1611 633 ita
1635 581 1799 634 etiam
1831 582 1882 633 ln
1919 591 2106 634 nostro
2132 596 2338 651 genere
2363 580 2699 637 callidissimi
2733 590 2788 635 et
2824 582 3183 650 potentissimi
3212 585 3415 652 quique
3479 583 3729 641 imbecil-

448 704 451 705 ν
528 660 731 715 litatem
768 671 824 717 et
846 664 1249 732 simplicitatem
1286 675 1606 719 exterarum
1644 666 1697 720 in
1731 682 1885 721 suam
1912 666 2150 739 praedam
2184 676 2429 723 vertunt.
2451 666 2746 737 aliquando
2769 668 2934 721 etiam
2964 668 3082 721 sine
3108 669 3312 733 fructu,
3367 671 3495 737 quid
3540 670 3726 725 fructu

529 746 691 800 dico?
738 747 847 801 imo
898 750 1060 803 etiam
1108 766 1231 804 cum
1274 747 1515 819 p‘erieulo
1540 753 1972 814 etincommodo
2006 768 2105 807 suo
2137 753 2261 806 aliis
2301 763 2529 817 nocent;
2596 753 2758 821 idque
2809 769 2931 807 cum
2978 754 3208 818 faciunt,
3265 756 3415 821 quasi
3466 771 3523 809 re
3584 756 3728 826 bene

528 843 675 901 gesta
699 835 1021 908 gloriantur.
1047 836 1256 903 Interea
1277 839 1509 908 theologi
1532 839 1599 893 de
1624 841 1773 908 justo
1809 838 1904 893 Dei
1940 840 2170 909 judicio,
2220 840 2288 893 de
2336 840 2573 908 pra-mils
2625 841 2860 915 piorum,
2893 840 2961 895 de
3020 842 3303 911 suppliciis
3356 842 3727 909 improborum

432 988 435 989 ν
528 921 963 986 eoneionantur;
998 938 1123 976 cum
1152 924 1262 995 ipsi
1278 940 1417 991 sese,
1453 926 1609 994 quasi
1640 927 1925 996 terrigena
1950 926 2023 979 illi
2052 927 2271 988 fratres,
2311 925 2488 978 acutis
2532 926 2868 980 exacerbata:
2907 919 3101 995 linguae
3158 927 3483 997 pugionibus
3534 930 3729 984 confo-
3798 968 3811 971 -

530 1005 705 1069 diant,
734 1009 1097 1077 enmdemquc
1121 1012 1366 1065 morbum
1394 1013 1447 1065 in
1480 1012 1675 1066 animis
1703 1013 2017 1068 auditorum
2051 1024 2374 1082 propagent,
2400 1022 2457 1066 ut
2484 1013 2625 1067 haud
2663 1013 2864 1085 injuria
2912 1016 3150 1069 dubitari
3206 1026 3369 1085 queat
3425 1033 3493 1070 an
3523 1056 3563 1072 ..
3627 1020 3725 1073 sed

528 1095 949 1161 temperandum
974 1106 1056 1150 est
1071 1097 1299 1161 calamo,
1327 1114 1393 1151 ne
1420 1096 1535 1166 ipse
1564 1099 1615 1151 in
1643 1099 1785 1152 idem
1819 1100 2014 1152 vitium
2046 1099 2299 1154 incidam.
2322 1090 2632 1170 Philosophi
2666 1101 2733 1155 de
2766 1101 2956 1155 officiis
2989 1102 3331 1171 praecipiunt,
3390 1112 3443 1158 et
3505 1103 3603 1171 ipsi
3654 1103 3729 1157 ab

523 1178 701 1233 ollicio
735 1196 875 1249 saepe
905 1182 1191 1256 discedunt
1236 1201 1252 1240 :
1295 1200 1469 1252 neque
1523 1185 1635 1240 fere
1684 1202 1909 1255 usquam
1962 1186 2081 1253 plus
2119 1197 2204 1241 est
2247 1188 2457 1256 injuria:
2512 1202 2674 1256 quam
2724 1188 2813 1241 ubi
2841 1188 2981 1259 juris
3025 1188 3342 1257 plurimum,
3390 1204 3565 1257 neque
3604 1189 3730 1256 plus

526 1268 838 1321 morborum
890 1285 1049 1338 quam
1104 1272 1156 1324 in
1206 1271 1361 1341 copia
1410 1272 1799 1336 remediorum,
1859 1288 2123 1340 nusquam
2177 1275 2297 1343 plus
2362 1275 2692 1343 paupertatis
2739 1290 2899 1342 quam
2956 1274 3008 1328 in
3048 1277 3275 1329 summis
3325 1277 3543 1345 opibus,
3589 1292 3726 1330 nus—

525 1369 685 1421 quam
743 1355 866 1423 plus
925 1356 1211 1411 dementia:
1267 1374 1429 1426 quam
1478 1359 1531 1412 in
1588 1374 1798 1413 summa
1868 1359 2143 1427 sapientiae
2212 1354 2579 1428 persuasiOne.
2633 1348 2765 1427 Quae
2817 1360 3036 1430 quidem
3100 1363 3363 1431 sapientia
3431 1374 3728 1417 consuetu-

523 1440 672 1494 diuis
728 1443 1077 1506 inveteratae,
1142 1454 1485 1515 acceptaeque
1540 1460 1573 1498 a
1639 1446 1935 1515 majoribus
2006 1446 2323 1521 opinionis,
2375 1456 2430 1500 et
2484 1433 2841 1502 {auctoritatis
2916 1450 3307 1519 magistrorum
3359 1444 3729 1518 fundamentis

530 1524 673 1579 baud
728 1526 841 1585 scio
905 1544 1065 1596 quam
1130 1531 1302 1586 firmis
1356 1532 1629 1586 innititur.
1680 1531 1819 1586 Hinc
1886 1532 2096 1586 infinita
2154 1533 2242 1585 illa
2292 1532 2514 1585 dissidia
2583 1532 2943 1602 religionum,
3004 1533 3407 1597 dortrinarum,
3470 1550 3724 1598 morum,

533 1612 933 1675 institutorum,
982 1624 1037 1668 et
1096 1628 1319 1686 propter
1371 1619 1688 1690 opinionum
1754 1620 1853 1688 (rei
1917 1619 2220 1684 levissimze)
2283 1618 2654 1672 diversitatem
2718 1619 2978 1686 capitales
3039 1619 3376 1681 inimicitiae.
3428 1620 3741 1677 seditiones.

532 1699 874 1766 perniciosae,
913 1701 1161 1771 bellaque
1222 1704 1583 1758 atrocissima.
1647 1706 1789 1759 Inter
1838 1705 1951 1759 haec
2009 1704 2406 1766 alii‘fremunt,
2462 1704 2552 1757 alii
2600 1712 2843 1773 gemunt,
2900 1705 3064 1773 aliqui
3117 1705 3311 1768 rident,
3370 1706 3523 1760 multi
3571 1706 3724 1768 ﬂent,

531 1787 711 1854 plures
737 1787 1106 1857 indignantur,
1141 1791 1382 1860 plerique
1416 1808 1607 1846 onmes
1650 1801 2084 1863 conquqruutur.
2123 1790 2293 1844 Nemo
2316 1806 2423 1843 non
2460 1790 2634 1844 aliena
2680 1788 2810 1842 vitia
2866 1790 3127 1858 perspicit
3180 1800 3237 1843 et
3296 1793 3567 1860 exag'tat;
3623 1806 3724 1843 sua

531 1888 659 1927 vero
682 1876 826 1929 serio
856 1886 912 1929 et
934 1886 1251 1931 constanter
1267 1880 1527 1934 emendat
1551 1878 1664 1933 fere
1687 1892 1868 1941 nemo,
1904 1870 2149 1931 aut’sane
2183 1876 2497 1945 paucissimi
2529 1877 2618 1929 :in
2649 1891 2758 1944 quo
2806 1876 3003 1944 exiguo
3044 1872 3204 1946 grege
3250 1878 3456 1930 utinam
3506 1887 3562 1930 et
3616 1892 3721 1945 ego

530 1962 795 2030 meipsum
821 1978 1107 2017 numerare
1137 1980 1349 2033 possem
1372 1968 1385 2019 ι
1424 1965 1529 2020 Sed
1563 1966 1748 2019 nescio
1768 1980 1877 2035 quo
1908 1974 2067 2033 pacto
2091 1963 2355 2031 exemplis
2376 1963 2546 2031 magis
2574 1977 2765 2016 omnes
2790 1962 3057 2024 trahimur
3081 1979 3244 2031 quam
3304 1962 3591 2031 disciplina
3659 1972 3716 2015 et

531 2048 759 2107 ratione.
784 2051 878 2102 καὶ
915 2050 999 2102 τὸν
1027 2050 1343 2121 ἐπιχώριον,
1374 2062 1434 2105 ut
1468 2046 1860 2124 Aristophanes
1892 2052 1987 2114 ait,
2014 2055 2126 2105 ὰσκι

2124 2050 2294 2118 οὖμεν
2318 2050 2535 2119 τρόπον.
2572 2049 2734 2102 Pauci
2764 2048 2910 2113 enim
2938 2064 3001 2102 ea
3015 2058 3148 2102 sunt
3181 2051 3263 2102 vel
3309 2050 3597 2119 prudentia
3633 2051 3716 2103 vel

531 2134 833 2187 animorum
868 2136 1175 2191 constantia
1208 2139 1443 2214 militi,
1469 2149 1529 2193 ut
1552 2154 1675 2195 cum
1707 2139 1853 2195 vitiis
1888 2151 1943 2195 et
1973 2139 2257 2194 erroribus
2294 2151 2519 2190 suorum
2552 2144 2859 2203 temporum
2884 2151 3123 2207 pugnare
3152 2135 3383 2206 possint.
3428 2137 3502 2190 lla
3564 2137 3717 2205 quasi

529 2220 639 2275 fato
662 2222 892 2290 quodam
925 2225 1234 2293 praecipites
1257 2226 1308 2279 in
1340 2226 1468 2281 vitia
1495 2228 1727 2292 ruimus,
1758 2226 1812 2281 et
1835 2243 1901 2282 ex
1930 2227 2075 2280 vitiis
2102 2226 2156 2278 in
2182 2224 2542 2279 calamitates.
2568 2224 2698 2288 Quae
2726 2223 2957 2278 fortasse
3007 2224 3189 2277 minus
3234 2225 3418 2278 multm
3452 2234 3548 2278 aut
3605 2226 3713 2278 sal-

530 2320 637 2363 tem
672 2312 906 2366 leviores
924 2322 1133 2377 essent,
1155 2313 1201 2367 si
1232 2323 1438 2368 rectam
1470 2315 1733 2368 rationem
1766 2322 1821 2367 et
1860 2314 2100 2381 reliquos
2130 2310 2313 2365 adhuc
2337 2308 2392 2361 in
2426 2318 2618 2363 natura
2660 2320 2849 2362 nostra
2903 2308 3103 2363 divinae
3149 2309 3290 2364 lueis
3336 2310 3604 2380 igniculos
3660 2310 3716 2365 in

531 2398 695 2451 tantis
714 2398 943 2456 fortuna:
972 2400 1214 2456 tenebris
1240 2411 1496 2470 tanquam
1530 2400 1876 2455 fidelissimos
1898 2399 2066 2453 duces
2091 2410 2473 2467 sequeremur.
2505 2393 2661 2463 Quod
2688 2394 2732 2447 si
2756 2394 2931 2458 fleret,
2961 2410 3069 2450 non
3102 2396 3264 2475 toties
3290 2396 3458 2451 fatum
3488 2397 3622 2451 fatui
3661 2406 3720 2452 et

529 2498 724 2538 caecam
749 2486 1023 2542 fortunam
1047 2489 1173 2543 caeci
1209 2502 1812 2555 accusaremus,neque
1851 2495 2075 2539 nostros
2098 2499 2318 2538 errores
2345 2492 2402 2535 et
2431 2480 2564 2534 vitia
2606 2480 2859 2535 obscuris
2913 2480 3238 2551 quibusdam
3280 2484 3593 2539 nominibus
3627 2501 3721 2539 ve?

529 2568 782 2625 latemus.
807 2566 963 2627 Nulla
987 2574 1209 2642 quidem
1242 2583 1325 2627 est
1353 2572 1407 2626 in
1444 2572 1721 2645 terrisﬁvel
1744 2569 2023 2639 sapientiae
2052 2567 2137 2621 vel
2166 2565 2389 2619 virtutis
2416 2563 2705 2634 perfectio,
2730 2572 2786 2618 et
2809 2563 3011 2618 frustra
3048 2565 3379 2620 describitur
3426 2567 3583 2622 nobis
3628 2568 3720 2621 ille

529 2658 621 2725 qui
650 2660 792 2729 apud
835 2659 1114 2715 Horatium
1152 2677 1167 2714 :
1563 2680 1589 2729 ,·

1968 2772 2078 2826 Uno
2116 2769 2286 2821 minor
2323 2774 2396 2820 est
2432 2765 2553 2819 love
2580 2778 2601 2817 :
2638 2766 2800 2827 dives,

1477 2843 1649 2901 Liber.
1678 2844 1982 2905 horioratus,
2006 2838 2237 2910 pulcher,
2278 2852 2368 2889 rea:
2393 2837 2611 2905 denique
2642 2852 2843 2907 regum,

1467 2913 1737 2982 Prwripde
1762 2927 1945 2976 sanus,

529 3058 623 3101 aut
647 3045 784 3115 apud
813 3045 1046 3099 Gellium
1074 3044 1369 3107 ἀκώλυτος,
1406 3045 1780 3106 ἁνεκδίαστος,
1810 3040 2124 3112 ἀπαρεμπόε

2125 3045 2300 3104 ἱιστος,
2330 3038 2632 3105 ἐλεύθερος,
2666 3036 2920 3106 εὔπορος,
2953 3038 3244 3105 εὐδαίμων.
3280 3038 3484 3103 Qualis,
3518 3049 3575 3094 ut
3602 3042 3720 3110 opi—

529 3147 650 3196 nor,
679 3146 841 3185 nemo
873 3145 1108 3198 unquam
1157 3129 1259 3183 fuit
1300 3145 1477 3198 neque
1515 3128 1735 3184 futurus
1766 3137 1867 3184 est.
1900 3129 2167 3194 omnibus
2210 3130 2377 3190 enim,
2407 3127 2551 3194 quod
2597 3126 2864 3196 satyricus
2899 3125 3166 3193 perfacete
3206 3125 3375 3189 addit,
3407 3143 3513 3182 non
3559 3129 3721 3183 modo

527 3218 745 3287 pituita,
779 3217 873 3271 sed
906 3216 1038 3271 flava
1064 3226 1118 3271 et
1141 3224 1255 3271 atra
1299 3216 1421 3272 bilis
1439 3217 1729 3285 aliquando
1758 3216 1985 3270 molesta
2020 3224 2124 3270 est.
2160 3208 2314 3280 Quod
2343 3213 2552 3266 utinam
2582 3213 2761 3265 minus
2792 3210 2984 3266 crebro
3010 3220 3066 3265 et
3101 3211 3154 3265 in
3183 3211 3343 3275 dictis
3372 3222 3426 3266 et
3471 3213 3524 3267 in
3562 3213 3734 3270 factis-

528 3304 1096 3375 pmstantissimorum
1127 3304 1367 3357 virorum
1398 3313 1711 3357 cerneretur
1743 3302 1992 3370 lAlioqui
2023 3301 2323 3357 doctrinam
2360 3299 2664 3353 divinarum
2690 3298 3152 3367 humanarumque
3186 3314 3362 3352 rerum
3384 3310 3441 3354 et
3466 3300 3725 3371 integrio-

533 3407 645 3444 rem
681 3400 735 3445 et
769 3390 950 3444 minus
982 3399 1386 3458 controversam
1416 3399 1468 3442 et
1501 3390 1670 3442 multo
1698 3389 2088 3456 expeditiorem
2116 3386 2465 3449 haberemus,
2495 3393 2551 3440 et
2574 3386 2684 3438 vita
2708 3385 3017 3439 mortalium
3041 3386 3296 3440 aerumnis
3320 3387 3475 3456 longe
3506 3387 3729 3455 paucio-

530 3475 681 3528 ribus
721 3481 1078 3543 premeretur.
1123 3458 1233 3527 Sed
1261 3481 1461 3527 tantam
1490 3489 1607 3527 esse
1634 3472 1936 3527 vecordiam
1970 3472 2026 3526 et
2052 3474 2335 3537 malitiam,
2368 3481 2426 3527 ut
2462 3470 2614 3540 quasi
2640 3470 2705 3524 de
2746 3470 3011 3547 industria
3037 3462 3262 3526 miseros
3284 3483 3338 3527 et
3367 3488 3465 3527 nos
3498 3474 3643 3543 ipsos
3667 3484 3727 3529 et

532 3560 668 3614 alios
705 3575 823 3615 esse
854 3560 1118 3621 velimus,
1147 3558 1200 3613 id
1237 3576 1369 3613 vero
1399 3569 1485 3614 est
1524 3558 1839 3613 dolendum.
1870 3557 2009 3624 Quid
2053 3560 2196 3613 enim
2246 3560 2447 3621 obstat,
2497 3557 2705 3611 morbis
2728 3566 2783 3610 et
2831 3564 3005 3611 morte
3049 3559 3288 3627 exceptis
3315 3560 3563 3627 (quorum
3604 3560 3728 3615 illos
3795 3580 3806 3591 ·

538 3646 957 3714 intemperantia
994 3647 1327 3715 voluptatum
1363 3652 1525 3715 atque
1558 3646 1843 3715 libidinum
1870 3646 2234 3709 ctunulamus,
2266 3647 2406 3700 hanc
2446 3660 2587 3713 sarpe
2611 3643 2764 3712 quasi
2800 3641 3157 3712 refugientem
3189 3644 3328 3698 ultro
3354 3646 3725 3715 arcessimus).

533 3732 829 3802 quominus
868 3732 1030 3785 etiam
1068 3732 1119 3789 in
1153 3734 1311 3786 terris
1344 3734 1526 3801 aliquo
1557 3734 1718 3787 modo
1749 3733 1890 3786 beati
1934 3733 2137 3787 simus?
2167 3749 2289 3786 cum
2328 3732 2512 3786 divina
2542 3729 2843 3798 benignitas
2876 3728 2945 3783 ad
2975 3728 3179 3784 victum
3207 3739 3264 3785 et
3300 3730 3504 3784 cultum
3536 3721 3727 3787 neces-

533 3818 1011 3875 saria-liberaliter
1049 3818 1230 3872 omnia
1276 3819 1619 3886 suppeditet,
1652 3819 1811 3873 modo
1853 3827 1997 3872 recte.
2031 3823 2310 3871 uteremur
2338 3825 2393 3871 et
2438 3815 2751 3881 humaniter
2783 3816 3327 3883 communicaremus.
3376 3818 3511 3872 Nam
3558 3821 3727 3889 pesti-

531 3907 709 3962 lentiae
734 3904 953 3975 quidem
994 3916 1050 3959 et
1082 3905 1395 3959 sterilitates
1439 3916 1492 3959 et
1519 3915 1675 3959 terra:
1719 3915 1895 3958 motus
1927 3914 1981 3959 et
2018 3905 2288 3959 siccitates
2319 3911 2373 3956 et
2424 3899 2823 3958 inundationes.
2870 3908 2927 3952 et
2959 3899 3004 3952 si
3049 3915 3173 3967 qua
3198 3911 3327 3955 sunt
3365 3903 3483 3972 ejus
3513 3906 3729 3978 generis

532 3993 636 4045 alia
672 3992 893 4060 publica
939 3992 1109 4053 mala,
1152 3992 1205 4050 in
1236 3992 1398 4046 unius
1428 3992 1663 4046 hominis
1691 4002 1903 4046 aetatem
1949 3991 2123 4045 rarius
2162 3988 2427 4042 incidunt.
2462 3986 2606 4041 Bella
2638 3999 2768 4049 vero
2805 3984 2950 4038 nulla
2992 3993 3201 4051 natura:
3254 3990 3597 4053 necessitate,
3628 3990 3735 4053 sed,

535 4080 838 4143 hominum,
869 4094 1167 4148 eorumque
1207 4080 1510 4147 principum
1545 4089 1599 4133 et
1629 4095 1837 4147 regum,
1870 4094 2007 4146 quos
2032 4077 2234 4129 virtute
2262 4084 2315 4125 et
2353 4071 2617 4140 sapientia
2640 4077 2901 4138 prastare
2929 4071 3139 4125 caeteris
3166 4080 3221 4126 et
3246 4072 3395 4149 cives
3426 4089 3555 4129 suos
3592 4075 3727 4131 red-

534 4168 665 4224 dere
703 4168 895 4224 beatos‘
921 4167 1169 4227 decebat,
1210 4166 1292 4219 vel
1335 4168 1628 4220 ambitione
1657 4166 1737 4219 vel
1771 4165 2116 4231 aenudatione
2145 4161 2227 4214 vel
2252 4159 2476 4213 avaritia
2504 4157 2588 4211 vel
2616 4156 2937 4211 crudelitate
2965 4158 3252 4221 exsistunt,
3276 4170 3334 4214 et
3358 4160 3515 4231 longe
3556 4163 3729 4233 majo-

535 4270 655 4310 rem
687 4256 951 4309 malorum
983 4248 1223 4305 omnium
1254 4252 1446 4305 molem
1476 4266 1660 4306 secum
1695 4252 1918 4304 trahunt
1945 4263 2106 4318 quam
2129 4264 2251 4318 quae
2282 4258 2497 4305 natura
2530 4246 2687 4311 nobis
2714 4246 3010 4303 necessitas
3043 4246 3322 4316 impOsuit.
3352 4248 3433 4323 Ne
3459 4265 3590 4305 vero
3622 4266 3729 4305 οδε-

536 4341 638 4395 teri
665 4356 764 4396 nos
792 4347 1077 4394 exeusatos
1105 4350 1355 4407 putemus
1378 4376 1393 4399 ,
1426 4353 1703 4406 nunquam
1737 4336 2014 4406 principes
2044 4343 2221 4390 tantos
2255 4335 2401 4389 ciere
2435 4332 2702 4388 tumultus
2746 4340 2991 4401 possent,
3042 4332 3143 4385 nisi
3187 4333 3489 4400 inferiores,
3532 4334 3726 4414 iisdem
3791 4353 3797 4357 ·

536 4430 743 4485 morbis
766 4428 1095 4489 laborantes,
1124 4426 1334 4480 illorum
1362 4427 1752 4495 cupiditatibus
1778 4442 1893 4480 non
1912 4421 2375 4480 ministros-modo
2405 4419 2499 4476 sed
2532 4419 2697 4475 duces
2724 4418 2887 4474 etiam
2919 4433 2977 4474 se
3007 4422 3312 4489 praberent
3343 4437 3356 4473 :
3390 4423 3481 4491 qui
3512 4423 3727 4478 honesti

535 4517 739 4573 laboris
767 4516 888 4584 fuga
912 4522 968 4569 et
1008 4513 1223 4568 scelesti
1258 4513 1354 4566 otii
1384 4514 1676 4581 cupiditate
1707 4512 1887 4568 divina
1917 4510 2426 4578 humanaquejura
2455 4502 2634 4573 omnia
2665 4505 2867 4559 violare
2908 4520 3017 4560 non
3052 4515 3333 4571 verentur,
3372 4519 3428 4564 et
3465 4509 3727 4565 horribili

534 4606 719 4660 furore
743 4613 805 4674 et.
825 4603 946 4672 plus
971 4600 1130 4670 quam
1162 4600 1398 4654 belluina
1426 4598 1760 4651 immanitate
1791 4606 2131 4667 grassantur;
2159 4611 2393 4663 cumque
2433 4592 2538 4673 ipsi
2586 4592 2806 4664 pessimi
2863 4591 2994 4653 sint,
3031 4590 3174 4666 bona
3202 4593 3368 4647 etiam
3400 4602 3494 4648 aut
3533 4595 3727 4652 saltem

536 4691 830 4746 mediocria
868 4688 1081 4758 ingenia
1098 4693 1504 4755 .corrumpunt,
1540 4691 1633 4736 aut
1662 4691 1887 4737 caeteros
1916 4682 2133 4750 quietos
2156 4691 2214 4735 et
2241 4678 2563 4748 tranquillos
2604 4688 2724 4730 esse
2761 4691 2868 4729 non
2900 4677 3202 4743 patiuntur.
3232 4677 3442 4733 Saevum
3478 4679 3727 4751 profecto

536 4786 592 4831 et
620 4776 947 4830 horrendum
985 4782 1068 4829 est
1101 4772 1284 4827 Martis
1314 4772 1620 4841 imperium,
1656 4768 1747 4840 qui
1780 4770 1928 4822 ferro
1954 4776 2011 4821 et
2043 4767 2150 4837 igni
2175 4765 2362 4830 saevit;
2405 4764 2498 4819 sed
2531 4762 2693 4833 paulo
2722 4761 2907 4816 mitior
2930 4769 3015 4815 est
3039 4761 3289 4817 Mercurii
3330 4765 3597 4834 tyrannis.
3627 4770 3726 4835 Qui

539 4866 691 4921 falsis
738 4862 1041 4917 rationibus
1076 4869 1132 4916 et
1161 4860 1374 4915 callidis
1399 4858 1581 4914 verbis
1609 4857 1798 4914 miscet
1825 4855 2028 4919 omnia,
2070 4863 2125 4910 et
2159 4853 2271 4918 tela
2310 4852 2425 4913 lere
2453 4849 2761 4933 suppeditat
2789 4863 2912 4918 quae
2952 4847 3092 4936 Mars
3124 4851 3421 4919 ejaculetur
3453 4871 3466 4906 :
3504 4854 3730 4921 pessimi

540 4969 668 5009 sane
704 4949 1005 5021 dentagogi,
1046 4958 1107 5003 ut
1138 4949 1206 5003 ab
1248 4947 1535 5018 astrologis
1566 4945 1928 5016 appellantur,
1962 4959 2025 4997 ac
2068 4943 2251 5011 potius
2281 4940 2745 5011 κοσμοκράτορες.
2775 4936 2909 4991 Nam
2948 4937 3032 5015 vis
3062 4945 3119 4992 et
3157 4937 3456 5008 fraus,ju1-e
3491 4948 3547 4993 et
3590 4940 3734 4994 veri-

462 5074 469 5078 λ
545 5052 651 5096 tate
678 5038 975 5109 oppressis,
1007 5036 1325 5105 plerumque
1352 5050 1531 5088 rerum
1563 5032 1866 5101 potiuntur.
1896 5029 2049 5096 Quod
2078 5030 2178 5085 etsi
2210 5027 2283 5083 ita
2314 5028 2367 5081 in
2401 5033 2657 5095 promptu
2683 5033 2788 5086 est,
2820 5034 2885 5077 ut
2906 5022 3243 5112 optabilersit
3272 5039 3389 5112 esse
3421 5026 3730 5112 obscurius,

544 5138 721 5180 tamen
762 5126 946 5180 nescio
975 5138 1085 5193 quo
1117 5121 1279 5176 modo
1303 5113 1538 5187 leciione
1560 5119 1915 5173 historiarum
1945 5116 2116 5185 magis
2140 5116 2365 5169 animus.
2385 5117 2759 5169 commovetur
2791 5120 2847 5165 et
2875 5110 2942 5164 ad
2980 5110 3428 5193 considerandam
3469 5114 3593 5167 vitm
3627 5110 3731 5167 hu:

546 5228 711 5267 manze
737 5212 850 5266 sive
867 5187 1429 5277 comico-tragoediam
1447 5202 1559 5279 sive
1586 5202 2136 5275 tragico-comoediam
2153 5208 2209 5255 et
2233 5199 2507 5254 miseriam
2535 5195 2695 5255 simul
2720 5203 2777 5249 et
2799 5195 3090 5247 vanitatem
3110 5187 3451 5269 impellitur:
3482 5215 3601 5268 qua:
3632 5216 3732 5255 nos

545 5301 611 5355 ad
641 5300 800 5353 aliam
818 5300 1004 5359 vitam,
1020 5297 1122 5366 piis
1138 5294 1400 5351 divinitus
1413 5293 1755 5362 promissam,
1770 5290 1959 5361 majori
1975 5288 2155 5344 studio
2176 5299 2231 5343 et
2246 5283 2647 5343 ardentiorihus
2664 5280 2804 5335 votis
2823 5283 3177 5366 espetendam
3193 5284 3429 5338 excitare
3440 5285 3737 5355 debebant,

546 5400 601 5443 et
620 5388 747 5442 dum
768 5385 855 5438 hic
870 5363 1077 5446 smnus,
1107 5384 1270 5438 etiam
1289 5380 1680 5450 diligentiores,
1702 5379 2083 5448 prudentiores
2108 5384 2162 5430 et
2196 5371 2589 5433 moderatiores
2605 5367 2838 5423 efﬁcere.
2862 5363 2995 5419 Nam
3033 5367 3266 5437 tragicos
3301 5383 3482 5432 casus,
3502 5387 3739 5441 quorum

462 5492 467 5493 ν
549 5478 720 5545 plenae
737 5484 867 5528 sunt
880 5472 1135 5539 historian
1155 5472 1233 5523 vel
1264 5480 1326 5523 ex
1360 5466 1610 5537 superbia
1641 5474 1696 5521 et
1726 5465 2041 5525 ambitione,
2068 5462 2155 5516 vel
2175 5476 2243 5514 ex
2274 5456 2601 5545 negligentia
2624 5467 2681 5507 et
2709 5451 3034 5545 temeritate,
3054 5456 3136 5509 vel
3163 5470 3229 5545 ex
3253 5456 3418 5545 animi
3438 5458 3664 5514 libidine
3680 5473 3739 5516 et

551 5539 814 5630 jujustitia
831 5568 1007 5613 ortum
1028 5556 1274 5610 habuisse
1298 5555 1409 5609 fere
1430 5562 1669 5618 constat;
1698 5565 1996 5621 perpaucos
2010 5546 2356 5611 autem,dum
2387 5542 2563 5598 ofﬁcio
2580 5541 2954 5630 fungerentur,
2987 5539 3292 5630 impegisse.
3323 5543 3596 5615 Cujusrrei
3630 5546 3736 5601 zo-

553 5625 710 5700 haras
727 5648 906 5700 noster
931 5645 1173 5712 exetnpla
1204 5657 1338 5712 pene
1371 5642 1674 5704 innumera,
1707 5643 1762 5693 in
1788 5646 2060 5707 postremo
2088 5645 2235 5687 tomo
2268 5631 2564 5701 praesertim
2596 5626 2820 5712 (absque
2840 5638 2951 5693 quo
2985 5625 3028 5678 si
3059 5635 3222 5691 esset,
3248 5633 3611 5697 poster-imum
3634 5633 3739 5687 im.

558 5743 862 5798 peratorum
907 5748 994 5788 res
1025 5710 1217 5797 gestas
1232 5745 1419 5797 magna
1438 5737 1684 5796 exparte
1712 5721 2103 5797 ignoraremus)
2126 5718 2446 5789 compendio
2485 5713 2757 5785 proponit.
2791 5710 2848 5766 In
2880 5726 2988 5781 quo
3012 5714 3114 5770 etsi
3159 5715 3250 5773 alii
3281 5717 3386 5773 alia
3424 5717 3753 5777 desiderare
