4030 6332
169 431 228 491 33
658 487 660 490 ,
1519 419 1932 483 ΡΒιΕΒΑΤΙυ.
3193 485 3201 497 ,
3247 425 3318 488 34

168 544 355 612 possunt
381 536 524 607 (quis
549 536 695 592 enim
715 536 1017 593 satisfaciat
1049 537 1384 603 omnibusi),
1415 544 1596 591 tamen
1634 544 1861 590 conatus
1894 536 2013 606 ejus
2042 536 2293 607 egregius
2317 542 2479 604 atque
2508 537 2815 592 institutum
2849 539 3166 608 praeclarum
3195 538 3301 593 fuit
3320 581 3336 603 ,

168 623 648 695 certam‘quamdam
691 625 932 680 htstorize
962 625 1117 694 quasi
1154 624 1497 693 disciplinam
1536 623 1932 688 constituendi,
1962 631 2018 677 et
2046 623 2289 692 dispersa
2322 623 2375 677 in
2409 614 2657 693 plurimis
2687 626 3056 680 voluminibus
3094 627 3339 680 membra

168 726 211 769 et
236 723 392 781 partes
418 712 536 781 ejIIs
567 713 618 765 in
649 727 816 764 unum
847 711 1119 780 quoddam
1159 715 1362 780 Corpus
1391 710 1692 779 redigendi,
1724 724 1788 764 ea
1815 709 2189 764 moderatione
2222 703 2578 774 adhibita,but
2606 711 2777 765 instar
2805 713 2938 765 lauti
2977 713 3149 782 magis
3175 727 3348 787 qua,

168 801 335 868 copiosi
364 800 724 856 convivatoris
754 798 958 866 optima
999 800 1182 868 potius
1219 812 1381 866 quam
1429 797 1665 866 plurima
1697 809 2012 867 apponeret,
2051 815 2152 854 nec
2181 800 2439 854 convivas
2467 815 2588 853 cum
2619 800 2835 860 fastidio
2868 801 3206 859 dimitteret.
3240 800 3336 853 sed

170 890 224 941 ita
252 888 474 951 allectos,
503 896 560 940 ut
592 887 942 940 Timotheum
979 887 1046 940 de
1080 887 1307 953 Platone
1339 886 1540 938 dixisse
1575 887 1776 948 lerunt,
1803 901 1987 938 coenas
2009 888 2128 956 ejus
2155 886 2613 954 etiampostridie
2640 886 2925 940 delectare.
2957 888 3162 957 Delegit
3189 888 3334 939 enim

169 977 246 1028 sibi
276 990 369 1028 non
398 977 662 1038 omnium,
694 975 786 1028 sed
817 963 1213 1045 praecipuarutn
1236 971 1478 1042 gentium
1510 971 1787 1029 historias,
1817 987 1994 1040 neque
2019 978 2118 1026 ‘eas
2147 986 2358 1036 omnes,
2387 973 2487 1026 sed
2508 973 2591 1026 vel
2623 973 2921 1042 praecipuas
2950 974 3212 1033 duntaxat
3243 974 3324 1027 vel

166 1078 240 1115 eas
264 1076 368 1130 quae
399 1061 464 1114 ad
501 1061 745 1115 ecclesiae
789 1063 986 1116 seriem
1032 1059 1472 1130 perspiciendum
1518 1059 1694 1112 facere
1725 1058 2068 1122 videbantur,
2109 1060 2341 1113 consilio
2368 1059 2683 1128 iudicioque
2724 1075 2843 1112 suo.
2876 1059 3030 1125 Quod
3057 1060 3170 1113 sive
3200 1075 3321 1128 pro-

169 1150 279 1203 barit
303 1150 406 1220 sive
433 1162 539 1202 non
568 1149 815 1217 probarit
842 1149 1118 1210 omnibus,
1145 1148 1251 1201 hoc
1273 1146 1348 1200 illi
1375 1160 1501 1199 cum
1531 1146 1737 1207 multis,
1764 1147 1894 1199 illud
1925 1161 2047 1199 cum
2079 1136 2425 1215 paucissimis
2444 1147 2820 1215 scriptoribus,
2847 1161 2913 1199 ne
2938 1146 3113 1201 dicam
3147 1146 3331 1209 nullis,

167 1251 410 1289 commune
441 1235 566 1289 erit.
601 1235 656 1289 In
689 1236 829 1290 bona
869 1245 1047 1290 tamen
1080 1251 1175 1305 spe
1214 1250 1358 1298 sum,
1389 1234 1508 1289 fore
1534 1234 1717 1302 plures
1749 1234 1839 1307 qui
1866 1229 2018 1286 avide
2041 1232 2317 1301 accepturi
2347 1240 2402 1284 et
2431 1233 2603 1301 gratis
2632 1233 2836 1306 animis~
2859 1233 2963 1286 hoc
2995 1248 3132 1302 opus
3160 1233 3330 1301 pelic-

167 1325 274 1374 cturi
305 1323 425 1384 sint,
457 1338 618 1391 quam
659 1325 750 1391 qui
780 1322 1148 1391 contemplari
1186 1333 1280 1375 aut
1317 1320 1724 1376 calumniaturi.
1763 1320 2099 1374 Morosorum
2138 1333 2267 1372 vero
2316 1328 2373 1372 et
2423 1318 2853 1373 obtrectatOrum
2885 1319 3135 1388 querelas
3174 1328 3336 1386 atque

171 1409 347 1462 aculeos
374 1409 495 1476 quis
530 1408 813 1462 hominum
847 1399 1142 1462 dearumve
1165 1409 1425 1476 effugiat?
1455 1407 1678 1478 quibus,
1706 1406 1809 1460 nisi
1842 1406 1986 1472 quod
2015 1405 2116 1473 ipst
2151 1404 2414 1466 fecerunt,
2454 1404 2589 1482 nihil
2621 1404 2798 1472 placet
2826 1419 2838 1453 :
2872 1419 2936 1458 ac
2962 1419 3030 1458 ne
3073 1404 3177 1474 ipsi
3210 1405 3336 1473 qui-

173 1497 261 1548 dem
296 1496 389 1549 sibi
429 1496 629 1564 ubique
657 1496 789 1550 satis
818 1497 1056 1565 placent,
1090 1497 1294 1566 alioqui
1331 1511 1440 1550 non
1479 1487 1788 1548 alias‘aliud
1816 1490 2112 1566 probarent
2140 1499 2303 1566 atque
2338 1490 2736 1561 improbarent.
2764 1491 2880 1545 Non
2931 1492 3145 1545 inllcior
3173 1507 3332 1559 posse

171 1563 585 1636 videriZonaram
628 1583 762 1636 alias
810 1563 1160 1651 prolixiorem
1186 1563 1304 1646 ,_ut
1342 1583 1395 1636 in
1433 1581 1662 1638 Iudaica
1700 1563 1949 1644 historia,
1997 1579 2134 1653 alias
2165 1565 2496 1643 breviorem,
2527 1589 2588 1634 ut
2631 1581 2685 1634 in
2734 1583 3046 1634 exterarum
3089 1582 3331 1650 gentium

159 1668 297 1722 rebus
331 1670 511 1737 gestis.
555 1671 612 1723 in
642 1684 751 1738 quo
782 1669 826 1722 si
859 1685 966 1739 qua
1001 1669 1162 1738 culpa
1195 1667 1485 1723 commissa
1514 1676 1618 1730 est,
1649 1665 2054 1729 excusationem
2092 1667 2294 1722 habere
2325 1668 2542 1721 videtur
2588 1654 2748 1731 hanc,
2773 1667 2931 1735 quod
2976 1668 3090 1734 ipse
3128 1682 3234 1719 non
3266 1683 3334 1721 ex

167 1770 241 1807 suo
268 1756 469 1824 ingenio
505 1757 844 1825 deprompsit
867 1772 931 1810 ea
961 1771 1083 1825 qua:
1113 1755 1352 1825 scripsit,
1373 1753 1476 1822 sed
1509 1769 1576 1808 ex
1606 1753 1770 1818 variis
1803 1753 2122 1806 auctoribus
2150 1753 2378 1808 collacta
2423 1754 2478 1807 in
2528 1761 2737 1810 certum
2778 1752 3031 1806 ordinem‘
3064 1748 3320 1819 redegit;

164 1840 232 1904 qui
257 1850 495 1894 auctores
536 1840 680 1894 inter
708 1856 767 1895 se
797 1834 1147 1897 dissimillimi
1184 1849 1332 1895 sunt.
1359 1838 1520 1907 Quod
1549 1849 1731 1895 autem
1761 1853 1870 1893 non
1903 1838 2080 1892 omnia
2104 1849 2424 1907 persecutus
2448 1848 2550 1902 est,
2600 1838 2828 1892 fortasse
2866 1852 2972 1890 non
3008 1838 3334 1908 negligentia

165 1926 232 1978 sed
261 1926 324 1978 de
356 1925 616 1979 industria
651 1926 800 1980 fecit.
837 1926 970 1981 Nam
1005 1925 1251 1980 omnium
1280 1925 1528 1996 gentium
1555 1934 1722 1994 aulae
1752 1924 1971 1979 urbium
2005 1911 2096 1978 res
2137 1935 2315 1995 gestas
2339 1926 2654 1980 describere
2704 1925 2953 1978 immensi
2992 1934 3076 1978 est
3123 1926 3327 1994 negotii

169 2022 296 2077 atque
322 2011 452 2066 adeo
476 2013 695 2078 infiniti,
727 2021 787 2068 ut
818 2021 1027 2067 taceam
1058 2027 1166 2066 non
1197 2025 1418 2081 semper
1441 2026 1562 2066 esse
1587 2011 1951 2065 fructuosum.
1998 2011 2076 2066 Ac
2121 2025 2313 2081 parum
2337 2012 2491 2067 abest
2508 2013 2640 2081 quin
2665 2010 2862 2073 dicam,
2890 2010 2941 2064 id
2968 2011 3022 2064 in
3050 2019 3197 2064 tanta
3220 2026 3335 2066 am-

166 2099 390 2164 plitudine
427 2100 579 2153 orbis
615 2085 883 2153 terrarum
920 2114 1029 2154 non
1071 2099 1242 2170 magis
1285 2110 1407 2153 esse
1447 2097 1536 2151 vel
1562 2097 1693 2150 utile
1731 2097 1816 2175 vel
1851 2098 2241 2165 necessarium,
2289 2110 2456 2168 quam
2495 2098 2542 2153 si
2581 2098 2705 2168 quis
2728 2097 2782 2150 in
2832 2097 3050 2152 civitate
3103 2096 3335 2151 maxima

164 2186 366 2239 omnium
389 2186 677 2241 domorum
707 2194 826 2241 acta
853 2200 1179 2256 cognoscere
1205 2176 1440 2240 studeat.
1468 2181 1724 2252 insignia,
1755 2185 2212 2254 rara,-exquisita,
2236 2201 2338 2240 nos
2364 2187 2544 2254 aliqua
2565 2200 2631 2240 ex
2658 2196 2808 2255 parte
2832 2185 3154 2254 attingentia
3181 2185 3333 2254 igno-

165 2284 254 2324 rare
286 2281 432 2342 turpe
465 2273 823 2345 {consectari
858 2272 1073 2343 singula
1102 2271 1438 2327 curiositatis
1466 2269 1649 2340 palus
1673 2279 1758 2325 est
1798 2257 1964 2340 quam
1986 2270 2332 2326 eruditionis.
2379 2270 2435 2325 Si
2465 2271 2811 2341 geographia,
2852 2271 2947 2339 qui
2984 2271 3149 2324 totius
3177 2280 3333 2323 terna

164 2357 354 2413 formam
384 2370 570 2416 tenere
597 2377 655 2416 se
683 2360 1030 2430 profitentur,
1057 2360 1257 2429 multas
1284 2367 1340 2413 et
1366 2371 1590 2428 magnas
1625 2357 1777 2412 orbis
1809 2367 1993 2427 partes
2031 2359 2283 2428 ignorare
2308 2357 2486 2421 licuit,
2523 2373 2622 2411 cur
2669 2371 2774 2410 non
2819 2356 2963 2414 idem
3005 2357 3059 2410 in
3106 2356 3334 2413 historia

163 2455 344 2513 quoque
378 2462 499 2500 cum
535 2448 691 2500 venia
724 2447 917 2500 liceat?
950 2447 1072 2504 1am
1104 2446 1251 2514 quod
1286 2443 1357 2500 ad
1377 2444 1747 2499 elocutionem
1773 2443 1992 2507 attinet,
2011 2442 2331 2508 contiones,
2356 2440 2761 2513 strategemata,
2787 2443 3036 2504 consilia.
3079 2451 3333 2509 eventus,

162 2529 318 2583 eadem
348 2531 456 2584 fere
489 2532 692 2599 ubique
731 2540 1045 2594 recurrunt.
1077 2530 1212 2584 Nam
1254 2528 1516 2584 ﬁnitimos
1545 2531 1776 2598 populos
1805 2531 2124 2600 plerumque
2166 2530 2236 2585 de
2278 2530 2481 2585 finibus
2523 2531 2809 2592 dimicare,
2852 2544 2977 2585 esse
3017 2545 3211 2585 causas
3247 2530 3333 2586 vel

165 2626 415 2682 pmtextus
443 2617 705 2685 quosdam
748 2616 1014 2671 bellorum
1046 2625 1103 2672 et
1147 2614 1367 2671 subitas
1391 2615 1735 2686 occasiones,
1756 2616 1860 2669 alia
1911 2607 2082 2686 atque
2123 2616 2230 2672 alia
2274 2616 2882 2682 consilia,.sententias,
2913 2626 3168 2684 eventus,
3211 2618 3370 2688 quis‘

163 2701 348 2755 nescit?
994 2771 997 2775 ,
1055 2759 1062 2768 ,
1908 2743 1912 2745 ’

887 2806 1084 2863 Occidit
1109 2806 1322 2862 miseros
1345 2806 1552 2861 crambe
1587 2806 1805 2876 repetita
1846 2807 2149 2876 magistros,

167 2890 307 2960 inquit
335 2892 442 2956 ille,
484 2901 540 2948 et
573 2893 682 2947 alio
708 2894 831 2949 loco

885 2979 1150 3049 Quidquid
1183 2990 1345 3049 agunt
1375 2982 1626 3043 homines,
1665 2989 1861 3045 solum,
1897 2981 2073 3042 timor,
2109 2979 2191 3032 ira
2218 3017 2233 3042 ,
2263 2976 2524 3046 roluptas,

883 3047 1115 3114 Gaudia,
1145 3047 1410 3103 discursus
1441 3053 1604 3104 nostri
1631 3051 1846 3121 farrago
1878 3049 2058 3104 libelli.

209 3187 323 3252 Quae
347 3202 468 3240 cum
506 3187 580 3241 ita
609 3200 668 3242 se
700 3186 957 3249 habeant,
983 3194 1039 3240 et
1073 3186 1400 3255 Philosophe
1426 3197 1650 3242 auctore
1680 3188 1972 3258 singularia
2002 3187 2211 3242 infinita
2238 3187 2346 3241 sint
2373 3202 2475 3242 nec
2507 3188 2633 3244 ullis
2668 3189 2912 3244 scientiae
2940 3187 3203 3242 limitibus
3242 3187 3328 3241 in-

161 3273 276 3325 cludi
303 3275 524 3342 possint,
563 3273 834 3342 praecipua
864 3286 930 3326 ex
966 3271 1035 3326 iis
1070 3272 1210 3326 scire
1238 3272 1371 3326 satis
1399 3282 1491 3327 est
1521 3273 1612 3341 (de
1641 3274 1955 3327 hominibus
1993 3273 2273 3341 occupatis
2300 3275 2515 3344 loquor)
2555 3285 2611 3328 et
2654 3275 2898 3330 ordinem
2943 3283 3242 3344 temporum
3268 3289 3330 3329 ac

160 3374 310 3412 rerum
332 3362 603 3430 gestarum
636 3359 820 3412 animo
860 3357 1171 3426 complecti.
1201 3356 1375 3428 Quam
1422 3358 1489 3412 ad
1532 3374 1642 3412 rem
1682 3374 1790 3412 non
1817 3360 2006 3426 parum
2045 3357 2341 3426 adjumenti
2382 3357 2573 3413 afferet
2606 3360 2843 3416 Zonaras
2875 3371 3095 3423 noster,
3128 3359 3220 3430 qui
3263 3363 3331 3414 ab

159 3446 264 3498 orbe
289 3445 501 3499 condito
527 3442 840 3514 auspicatus
867 3442 933 3497 ad
965 3459 1116 3498 suam
1148 3459 1320 3518 usque
1347 3453 1560 3498 aetatem
1585 3485 1599 3507 ,
1633 3445 1737 3499 hoc
1769 3454 1855 3498 est
1881 3444 1946 3498 ad
1977 3458 2149 3498 annos
2177 3444 2378 3498 abhinc
2404 3446 2638 3516 amplius
2675 3445 2779 3498 400
2808 3430 3108 3516 p‘rocessit.‘
3133 3447 3189 3501 iu
3219 3464 3331 3516 quo

159 3545 346 3586 necesse
379 3530 567 3585 habuit
602 3529 773 3600 prima
804 3530 958 3598 quasi
992 3543 1175 3584 rerum
1208 3518 1482 3600 gestarum
1508 3530 1777 3586 cunabula
1810 3546 1874 3584 ex
1907 3529 2130 3584 Litteris
2153 3532 2345 3592 sacris.
2371 3532 2608 3602 Josepbo
2632 3543 2792 3602 atque
2822 3533 2942 3586 aliis
2969 3535 3331 3603 scriptoribus

157 3620 353 3672 vetustis
385 3626 654 3687 repetere.
695 3617 828 3683 Qua:
861 3616 1043 3679 nobis,
1071 3616 1117 3671 si
1149 3618 1355 3687 absque
1383 3615 1526 3672 lose
1558 3616 1768 3682 fuisset,
1801 3618 1956 3688 plane
1990 3618 2184 3687 ignota:
2211 3628 2394 3673 essent
2428 3640 2439 3674 :
2481 3620 2565 3674 cui
2597 3635 2698 3674 nos
2742 3629 2798 3675 ut
2840 3621 3102 3675 divinitus
3133 3621 3330 3677 edocto

159 3705 319 3774 religio
347 3719 549 3768 nostra,
576 3704 827 3775 quamvis
860 3704 1185 3760 adversante
1223 3704 1595 3776 philosophia,
1621 3706 1844 3761 credere
1874 3705 2033 3776 jubet
2060 3720 2122 3758 ac
2152 3705 2313 3774 c0git.
2348 3706 2417 3761 Ut
2447 3715 2505 3760 ut
2526 3706 2616 3770 sit,
2650 3716 2924 3761 auctorem
2962 3722 3027 3760 eo
3057 3693 3329 3775 antiquio-

158 3803 248 3844 rem
270 3800 319 3845 et
339 3791 622 3848 certiorem
646 3807 753 3845 non
788 3791 1072 3847 habemus.
1097 3792 1195 3846 Est
1221 3793 1368 3846 enim
1393 3791 1616 3846 Iudaica
1644 3792 1867 3847 historia
1899 3793 2064 3846 veluti
2097 3791 2504 3848 fundamentum
2528 3803 2619 3847 aut
2648 3780 2977 3863 principium
3005 3806 3323 3847 ceterarum

157 3881 371 3944 omnium
404 3901 418 3935 :
451 3890 506 3934 et
533 3882 708 3949 gentis
742 3881 889 3935 illius
921 3881 1122 3935 ntirum
1155 3879 1431 3949 quoddam
1462 3880 1655 3944 fatum,
1689 3890 1746 3932 ut
1774 3893 1912 3949 pene
1947 3888 2116 3932 totum
2148 3887 2418 3932 terrarum
2455 3879 2641 3934 orbem
2672 3878 3068 3948 pervagata,~in
3095 3878 3327 3932 summis

156 3973 428 4019 exterarum
451 3970 692 4035 gentium
715 3968 858 4021 odiis
881 3979 937 4022 ct
966 3965 1458 4032 adversationibus,
1485 3975 1662 4018 tamen
1691 3964 1978 4031 opiniones
2002 3977 2130 4014 suas
2154 3963 2386 4016 mirabili
2415 3965 2528 4016 sive
2555 3965 2852 4031 pertinacia
2877 3964 2990 4015 sive
3017 3965 3326 4018 constantia

158 4049 451 4117 defenderit,
490 4063 652 4120 atque
685 4053 848 4106 etiam
877 4053 1039 4105 hodie
1073 4061 1310 4114 tueatur,
1342 4059 1404 4105 et
1443 4049 1642 4104 multos
1667 4051 1720 4102 in
1747 4065 1900 4104 suam
1929 4049 2253 4102 sententiam
2285 4049 2626 4117 pertraxerit.
2654 4049 2822 4119 Quale
2853 4047 2988 4102 nihil
3019 4050 3074 4102 in
3106 4053 3323 4105 caeteris

157 4140 341 4205 populis
370 4139 610 4193 cernitur
629 4153 642 4188 :
662 4152 893 4206 quorum
928 4137 1189 4201 historiae,
1215 4137 1436 4190 insertis
1469 4137 1631 4189 etiam
1657 4145 1710 4190 et
1738 4138 2018 4206 explicatis
2047 4135 2280 4190 Danielis
2301 4145 2357 4190 et
2386 4137 2619 4192 aliorum
2651 4135 3036 4205 prophetarum
3063 4139 3324 4204 oraculis,

157 4225 307 4279 obiter
349 4226 714 4295 attinguntur,
746 4235 806 4278 ut
848 4215 1172 4295 Egyptians:
1199 4263 1213 4290 ,
1255 4224 1521 4294 Assyriae,
1555 4222 1814 4288 Persicae,
1846 4224 2200 4279 Macedonica:
2223 4264 2236 4286 .
2266 4224 2540 4279 Romamn.
2578 4224 2893 4294 Quanquam
2930 4225 3013 4278 his
3049 4227 3326 4294 peculiare

159 4312 378 4366 volumen
443 4313 740 4372 dedicavit.
810 4314 954 4381 quod
1013 4327 1112 4380 ego
1171 4313 1223 4364 in
1285 4312 1421 4365 duas
1476 4322 1658 4381 partes
1709 4310 1967 4376 distinxi,
2032 4322 2088 4365 et
2140 4310 2483 4365 Christianos
2551 4313 2906 4381 imperatores
2965 4312 3030 4364 ab
3089 4313 3326 4366 ethnicis

156 4402 404 4464 separavi,
457 4410 518 4452 ut
579 4409 752 4452 totum
794 4415 931 4468 Opus
989 4399 1323 4470 tripartitum
1365 4411 1530 4454 esset.
1594 4400 1670 4453 De
1714 4400 1869 4468 cujus
1927 4406 2246 4467 argumento
2306 4399 2583 4453 hactenus.
2628 4399 2782 4451 Nunc
2841 4399 3003 4463 etiam
3056 4401 3120 4453 de
3186 4399 3324 4469 styio

153 4486 361 4540 auctoris
398 4486 646 4538 nonnihil
693 4494 777 4538 est
817 4485 1130 4555 dicendum,
1173 4488 1264 4554 qui
1311 4502 1432 4539 eum
1456 4502 1562 4540 non
1603 4487 1766 4538 unius
1807 4483 1875 4536 sit
1913 4483 2128 4552 generis
2155 4492 2210 4536 et
2239 4482 2446 4547 formae,
2479 4485 2570 4538 sed
2623 4501 2719 4554 pro
2749 4487 3006 4540 varietate
3042 4497 3322 4539 aucturum

155 4573 372 4639 aquibus
397 4573 512 4625 hac
539 4572 706 4640 petita
738 4578 885 4635 sunt,
919 4580 974 4623 et
1011 4571 1126 4639 ipse
1149 4573 1338 4633 variet,
1369 4574 1420 4624 in
1455 4572 1646 4625 ultimo
1672 4580 1816 4624 tonio
1853 4569 2149 4637 praesertim
2174 4608 2187 4631 ,
2220 4584 2324 4637 qua
2369 4580 2524 4624 atate
2549 4569 2732 4625 Graeca
2758 4571 2957 4638 pariter
2991 4582 3043 4624 ct
3085 4573 3322 4626 Romana

155 4659 686 4730 iinguadegeneravit,
716 4658 915 4711 eruditi
964 4660 1213 4712 homines
1247 4659 1301 4712 in
1352 4675 1418 4712 eo
1464 4659 1710 4714 nonnihil
1755 4656 2168 4711 desiderabunt.
2219 4655 2530 4710 Desideravi
2575 4667 2628 4711 et
2669 4661 2783 4726 ipse
2826 4659 3096 4720 nonnihil,
3150 4662 3324 4727 parci-

158 4750 357 4802 tuouiam
397 4749 450 4801 in
497 4746 688 4815 primis
733 4744 1158 4798 Demosthenicae
1201 4744 1464 4801 orationis
1491 4785 1505 4809 ,
1549 4761 1669 4814 quae
1713 4759 1835 4800 meo
1869 4745 2046 4813 palato
2098 4743 2255 4810 longe
2298 4741 2402 4795 fuit
2443 4744 2648 4812 gratior
2685 4755 2740 4798 et
2784 4746 2847 4799 ad
2889 4747 3318 4800 convertendunt

158 4850 242 4887 non
290 4846 488 4890 tantum
516 4832 810 4904 jucundior
863 4831 955 4884 sed
1005 4832 1167 4884 etiam
1221 4831 1431 4887 facilior
1470 4850 1482 4884 :
1515 4843 1574 4886 ut
1623 4842 1680 4886 ut
1732 4833 1859 4886 aliis.
1891 4829 2126 4884 dillicilis
2155 4826 2424 4891 videatur,
2470 4839 2526 4884 et
2570 4847 2683 4885 mea
2737 4833 2996 4886 tenuitate
3049 4835 3318 4902 superior.

159 4921 260 4973 Nam
331 4939 368 4976 n
417 4925 518 4977 hoc
568 4930 789 4974 auctore
845 4918 1027 4970 multa:
1082 4928 1210 4971 sunt
1268 4929 1362 4973 aut
1416 4919 1548 4973 ntihi
1602 4931 1751 4974 certe
1802 4931 1922 4976 esse
1974 4913 2228 4967 videntur
2281 4915 2723 4983 περισσολογίαι,
2790 4934 2908 4986 quin
2967 4931 3023 4972 ut
3068 4921 3314 4974 Gra‘cum

159 5022 423 5062 sermonem
481 5023 580 5062 suo
630 5005 863 5074 quodam
899 5005 1059 5072 genio
1095 5020 1234 5071 saepe
1267 5020 1375 5058 non
1406 5005 1693 5061 infeliciter
1722 5005 2086 5060 lascivientem
2143 5003 2390 5064 deceant,
2435 5001 2659 5075 Latinis.
2690 5008 2913 5060 auribus
2954 5009 3121 5060 multo
3159 4987 3313 5060 seve-

161 5093 377 5156 rioribus,
413 5095 512 5147 nisi
546 5093 773 5147 multum
816 5104 916 5158 ego
964 5088 1139 5148 fallor,
1176 5089 1518 5156 permolestat
1559 5091 1754 5145 futura:
1783 5101 1959 5147 erant.
1988 5092 2170 5159 anue
2204 5079 2269 5144 de
2300 5105 2482 5153 causa,
2530 5094 2616 5143 ubi
2671 5094 2807 5146 citra
2836 5097 3121 5147 sententia:
3147 5094 3312 5147 detri-

160 5188 362 5231 mentum
401 5181 513 5232 lieri
551 5178 743 5248 potuit,
789 5192 817 5229 a
859 5190 944 5227 tne
981 5173 1182 5226 alicubi
1222 5175 1602 5240 praetermissa:
1641 5186 1784 5231 sunt.
1817 5177 1983 5245 idque
2017 5191 2138 5230 cum
2167 5192 2274 5230 non
2319 5187 2423 5252 tam
2469 5192 2586 5230 mea
2637 5191 2847 5245 sponte,
2888 5171 3052 5247 "quam
3108 5181 3316 5234 monitu

160 5260 562 5320 doctissimorum
596 5267 859 5328 virorum,
893 5259 1157 5317 Joacbimi
1189 5258 1485 5313 Cameraril
1519 5270 1570 5312 et
1604 5261 1860 5316 Ludovici
1905 5260 2111 5328 Carini,
2165 5262 2408 5326 fecerim,
2447 5277 2531 5330 me
2567 5262 2724 5316 facile
2757 5264 2892 5318 viris
2923 5263 3099 5319 doctis
3127 5268 3322 5335 proba—

161 5356 309 5402 turum
335 5354 565 5407 conﬁdo.
595 5353 970 5423 imperitorum
1005 5357 1186 5402 autem
1221 5355 1275 5400 et
1303 5345 1726 5400 obtrectatorum
1754 5341 1980 5418 judicia,
2005 5363 2126 5416 qua:
2155 5349 2241 5403 vel
2264 5349 2407 5402 nulla
2433 5349 2515 5402 vel
2547 5364 2802 5417 perversa
2830 5361 2975 5415 sunt,
3014 5365 3318 5415 contemno,

159 5448 303 5503 neque
326 5438 457 5492 iacio
489 5441 662 5507 pluris
690 5453 852 5508 quam
889 5449 1127 5490 morsum
1161 5430 1355 5501 pulicis
1387 5431 1711 5500 elephantus
1738 5432 1973 5487 lndicus.
2012 5432 2204 5488 Fabris
2229 5435 2374 5489 enim
2406 5433 2620 5489 fabrilia
2659 5441 2936 5492 tractanda
2967 5450 3111 5504 sunt,
3137 5459 3322 5509 neque

162 5529 332 5577 temere
365 5524 540 5584 falces
573 5527 627 5579 in
656 5528 886 5580 alienam
926 5537 1155 5577 messem
1201 5518 1578 5574 immittendae.
1621 5519 1886 5575 Concessa
1928 5521 2182 5574 omnibus
2212 5529 2296 5574 est
2326 5521 2394 5574 ab
2439 5522 2638 5576 invidia
2682 5534 2733 5579 ct
2768 5526 3036 5594 imperitia
3067 5528 3129 5580 ad
3158 5530 3324 5596 aequi-

163 5617 292 5663 tatem
319 5622 372 5666 et
405 5610 770 5666 eruditionem
819 5611 1150 5680 provocatio.
1189 5608 1334 5662 idem
1365 5605 1496 5659 mibi
1540 5605 1648 5676 jus,
1689 5608 1776 5661 ubi
1817 5608 1900 5661 vel
1937 5608 2129 5660 decere
2171 5608 2255 5660 vel
2289 5613 2659 5662 necessarium
2691 5604 3012 5681 esse/visunt
3048 5625 3150 5680 est,
3185 5626 3232 5669 et
3268 5618 3320 5669 in

163 5693 454 5769 dialogismis
497 5688 562 5751 ad
597 5710 911 5766 perpetuam
946 5699 1249 5758 orationem
1293 5693 1604 5763 redigendis
1649 5694 1789 5749 haud
1837 5710 1958 5772 raro
1999 5694 2245 5764 permisi,
2295 5710 2360 5748 ne
2405 5699 2623 5765 propria
2669 5698 2886 5753 nomina
2918 5710 2974 5754 et
3004 5704 3323 5770 pronomina

164 5787 366 5846 quedam
392 5797 446 5843 et
475 5785 696 5840 verbum
723 5786 891 5854 inquit
923 5799 979 5842 et
1005 5787 1107 5842 alia
1144 5781 1456 5854 bujusmodi
1483 5780 1548 5836 ad
1579 5781 1854 5837 fastidium
1903 5795 2072 5851 usque
2104 5782 2426 5838 inculcanda
2454 5793 2658 5848 εεςυυιί
2691 5785 2822 5848 Quis
2853 5788 2998 5841 enim
3034 5803 3142 5843 non
3173 5787 3323 5840 malit
