4030 6332
611 290 682 351 35
1846 268 2190 330 HIERONY
2205 268 2288 328 ΜΙ
2331 266 2640 327 WOLFII'
3408 311 3413 316 .
3736 256 3808 319 36

613 408 737 449 cum
767 390 1093 447 Aristoxeno
1131 365 1306 443 redire
1348 384 1403 439 in
1438 380 1705 441 latomias,
1743 394 1905 449 quam
1934 376 2180 431 eamdem
2221 374 2397 429 cuculi
2440 373 2764 428 cantilenam
2795 368 2984 423 audire
3017 367 3219 423 toties?
3257 367 3319 423 Ut
3350 367 3495 423 enim
3518 363 3689 445 Grreci
3722 363 3807 417 Vel

613 482 684 534 ob
709 480 1016 548 complures
1050 478 1242 531 breves
1276 485 1329 529 et
1372 469 1682 527 commodas
1712 470 2109 521 connexionum
2154 465 2465 532 particulas,
2506 464 2588 516 vel
2624 462 2692 515 ob
2746 460 3176 530 participiorum.
3228 473 3345 535 quso
3376 458 3642 548 praeteriti
3668 460 3807 548 lem-

617 568 767 636 poris
792 544 1239 635 significationem
1272 562 1492 621 habent,
1526 555 1955 615 multitudinem,
1986 555 2099 606 sive
2138 553 2299 605 etiam
2333 551 2452 603 aliis
2482 548 2547 602 de
2574 548 2772 610 causis,
2804 563 2938 617 quas
2971 548 3055 600 hic
3089 546 3337 616 persequi
3366 546 3583 614 longum
3620 544 3808 636 fuerit,

616 632 645 709 ξι
683 632 986 722 tautologiis
1022 649 1477 721 etperissologiis
1526 647 1707 699 minus
1756 645 2073 705 abhorrent,
2126 638 2394 711 ctoriinia
2430 637 2691 689 minutius
2735 646 2790 690 et
2847 637 3117 730 curiosius
3154 643 3574 730 per-sequuntur,
3607 632 3807 730 .qui

620 742 762 810 apud
791 720 1009 795 Latinos
1036 720 1234 793 imitari
1277 740 1466 792 eadem
1505 734 1758 795 Vulnerit,
1787 747 1869 785 nte
1903 732 1947 784 is
1982 729 2036 783 in
2065 725 2390 782 horrendam
2442 735 2498 779 ct
2537 726 2773 792 ineptam
2818 722 3019 777 incidet
3056 723 3432 811 loquacitatem
3448 721 3483 811 A?
3519 720 3618 811 Qui

620 808 971 897 interpretem
1005 824 1314 895 hujusmodi
1353 822 1596 878 salebras
1623 819 1740 875 sine
1772 820 1880 872 ullo
1907 816 2188 871 sententiae
2220 814 2547 868 detrimento
2578 815 2837 867 vitantem
2878 813 2964 867 vel
3015 808 3348 879 negligentia:
3379 809 3460 897 vel
3492 808 3810 897 maireqtidei

619 893 897 978 accusant;
937 893 1093 968 suam
1114 914 1196 967 vel
1228 912 1494 966 inscitiam
1518 917 1574 962 et
1598 907 1789 977 judicii
1825 906 2059 975 inopiam
2084 902 2168 957 ve'
2207 901 2457 954 morbmn
2488 900 2654 960 animi
2691 908 2768 983 et,
2788 900 2933 953 nulla
2962 898 3217 977 devcausa
3246 895 3597 949 maledicendi
3628 893 3815 948 libidi-

620 1018 741 1055 nem
783 1004 1038 1070 produnt.
1072 1001 1257 1069 Neque
1300 1008 1479 1052 tamen
1530 995 1728 1053 indulsi
1768 994 1896 1048 mihi
1933 994 2185 1050 nimium.
2239 994 2368 1048 Nam
2410 996 2551 1063 quod
2583 982 2860 1059 Platoait,
2894 982 2944 1067 ei
2978 992 3069 1061 qui
3124 991 3175 1045 in
3215 988 3543 1059 disputandp
3589 1003 3817 1072 respon-

619 1087 745 1141 deat
779 1088 1166 1157 interrogantis
1213 1087 1451 1156 vestigia’
1480 1081 1854 1153 persequenda
1888 1096 2026 1144 esse,
2070 1081 2121 1135 id
2173 1082 2342 1136 multo
2368 1083 2533 1151 magis
2580 1080 2883 1135 faciendum
2932 1094 3049 1159 esse
3084 1079 3272 1132 aliena:
3302 1077 3499 1145 lingua:
3530 1077 3686 1141 inter,
3711 1075 3812 1127 reti

620 1167 872 1246 cogitavi.
903 1176 1055 1242 Quod
1104 1176 1148 1229 si
1191 1176 1235 1229 is
1265 1175 1518 1243 scriptor.
1548 1185 1709 1239 quem
1750 1168 2129 1239 explicandum
2164 1170 2491 1239 susceperis,
2525 1177 2677 1223 rerto
2724 1166 2935 1232 itineris
2968 1166 3261 1235 praecessit,
3312 1165 3416 1219 hoc
3444 1170 3526 1217 est
3558 1166 3601 1217 si
3630 1170 3813 1216 rerum

550 1281 552 1284 '
620 1263 915 1318 bonitatem
949 1263 1075 1317 cum
1102 1262 1369 1331 elegantia
1414 1258 1670 1314 dictionis
1702 1258 2005 1326 conjunxit,
2053 1257 2321 1327 interpres
2360 1266 2411 1310 et
2443 1257 2622 1313 minus
2653 1246 2856 1310 laboris
2890 1264 2945 1308 et
2978 1254 3100 1322 plus
3132 1252 3308 1327 laudis
3333 1250 3509 1320 capit:
3552 1249 3633 1304 sin
3670 1249 3817 1303 illius

620 1350 893 1403 salebrosa
922 1358 1007 1403 est
1030 1351 1227 1411 oratio,
1275 1355 1331 1402 et
1364 1361 1457 1401 res
1490 1344 1633 1409 haud
1676 1344 1852 1411 magni
1905 1344 2163 1397 momenti
2205 1344 2470 1405 continet,
2512 1343 2700 1395 alienae
2745 1341 2920 1409 culpa
2958 1339 3094 1393 dare
3122 1353 3309 1408 pmnas
3349 1340 3513 1408 etiam
3546 1336 3817 1408 interpres

622 1416 852 1505 cogitur.
884 1436 1040 1501 Nam,
1067 1446 1126 1490 ut
1158 1420 1457 1504 Sophocles
1492 1430 1597 1486 alio
1627 1447 1788 1486 sensu
1812 1430 2060 1492 aiIirmat.
2088 1431 2347 1484 malarum
2379 1446 2559 1485 rerum
2589 1429 2815 1509 pulchra
2843 1445 2962 1484 esse
2998 1426 3445 1482 commemoratio
3472 1432 3578 1479 neu
3612 1432 3812 1493 potest,

622 1534 679 1577 et
714 1522 963 1576 ordinem
1004 1537 1066 1576 ac
1108 1517 1524 1589 diSpositionem
1561 1534 1750 1573 earum
1800 1518 2089 1570 immutare
2120 1512 2226 1570 'vix
2276 1520 2612 1572 conceditur.
2650 1518 2718 1573 Ut
2764 1519 2925 1584 igitur
2970 1516 3146 1570 oratio
3182 1513 3499 1582 interpretis
3542 1511 3731 1577 Latina
3760 1518 3817 1563 et

623 1626 758 1679 pura
795 1612 883 1672 sit,
919 1611 1032 1679 ipsa
1069 1619 1245 1676 tamen
1277 1608 1599 1677 compositio
1627 1600 1904 1661 horridum
1944 1607 2198 1676 quiddam
2228 1614 2392 1674 atque
2418 1620 2670 1673 asperum
2696 1612 2871 1664 sonat,
2907 1603 3165 1671 membris
3193 1612 3249 1657 et
3280 1600 3529 1671 partibus
3560 1598 3678 1668 ejus
3702 1611 3812 1650 non

625 1686 797 1751 multo
829 1698 1033 1752 melius.
1062 1713 1221 1767 quam
1256 1713 1419 1751 arena
1453 1698 1570 1751 sine
1599 1696 1747 1750 calce
1773 1696 2198 1750 cohaerentibus.
2227 1694 2355 1760 Quae
2391 1695 2644 1763 vitia'qui
2675 1693 2914 1770 effugere
2948 1692 3244 1753 volunt,‘in
3272 1689 3417 1744 aliud
3453 1686 3669 1757 gravius
3701 1686 3820 1754 ple—

625 1800 854 1854 rumque
880 1786 1147 1848 incidunt,
1187 1794 1247 1837 ut
1276 1786 1403 1838 dum
1436 1785 1667 1837 orationi
1701 1782 1966 1851 poliendae
1995 1790 2051 1835 et
2077 1780 2404 1835 exornandze
2431 1780 2673 1847 impense
2698 1779 2940 1839 student,
2975 1778 3041 1831 ab
3072 1778 3313 1844 auctoris
3343 1774 3629 1830 sententiis
3655 1774 3817 1839 longe

624 1872 914 1932 aberrent,
967 1882 1022 1925 et
1071 1871 1392 1945 gravissimo
1423 1870 1662 1939 perﬁdiae
1704 1868 1932 1922 crimine
1988 1883 2046 1922 se
2091 1868 2454 1938 obstringunt.
2496 1866 2600 1920 {His
2639 1867 2998 1921 incommodis
3034 1875 3194 1952 acute
3242 1864 3555 1933 perspectis,
3601 1873 3817 1927 summo

530 2022 533 2025 ν
625 1957 842 2026 ingenio
872 1967 929 2011 et
958 1956 1205 2012 doctrina
1238 1950 1336 2009 'vir
1377 1957 1615 2011 Joannes
1650 1955 1909 2010 Jovianus
1946 1956 2221 2010 Pontanus
2279 1957 2532 2025 praeclare
2576 1954 2816 2029 scripsit,
2863 1953 3021 2007 malle
3062 1950 3120 2007 se
3154 1966 3427 2021 quemque
3471 1950 3665 2004 afferre
3695 1962 3815 2009 sua,

625 2056 786 2111 quam
820 2043 1016 2098 oﬂ‘erre
1050 2045 1224 2097 aliena
1252 2062 1264 2096 :
1294 2046 1537 2113 etquod
1584 2042 1821 2125 scripsit,
1876 2044 1989 2112 ipse
2018 2042 2070 2096 in
2100 2042 2345 2096 doctrina
2373 2056 2583 2095 morum
2611 2050 2667 2093 et
2694 2056 2873 2094 rerum
2907 2039 3209 2095 cmlestium
3247 2036 3560 2124 explicanda
3602 2034 3817 2125 fecit,-a_

538 2138 543 2145 '
627 2130 965 2200 philosophis
996 2141 1051 2185 et
1074 2125 1365 2201 astrologis
1407 2131 1573 2200 petita
1620 2119 1867 2194 materia,
1902 2146 2062 2197 quam
2099 2146 2198 2184 suo
2227 2129 2491 2191 arbitratu
2536 2138 2592 2182 et
2624 2127 2915 2183 collocaret
2943 2136 2998 2181 et
3042 2120 3352 2180 exornaret.
3400 2122 3503 2179 Sed
3542 2121 3675 2175 tanti
3706 2119 3817 2174 viri

626 2206 929 2287 exemplum
956 2234 1054 2287 ego
1084 2219 1302 2283 imitari,
1326 2219 1629 2288 praesertim
1662 2218 1713 2270 in
1742 2217 1845 2270 hoc
1868 2219 2051 2286 scripti
2077 2232 2294 2288 genere,
2331 2225 2386 2271 et
2410 2216 2607 2285 ingenii
2639 2214 2901 2269 tenuitate
2924 2223 2980 2267 et
3000 2214 3121 2267 aliis
3147 2211 3504 2273 incommodis
3527 2208 3823 2277 impeditus

628 2318 816 2373 neque'
836 2308 1035 2376 possim
1073 2322 1248 2377 neque
1279 2307 1474 2361 ausim.
1507 2305 1643 2361 Illud
1672 2305 1804 2360 mihi
1836 2306 1967 2360 satis
2000 2307 2120 2370 fuit,
2150 2304 2527 2359 utsententias
2557 2303 2698 2357 bona
2725 2302 2828 2371 fide
2854 2301 3241 2371 appenderem,
3270 2308 3327 2355 et
3346 2299 3616 2365 dictione.
3648 2305 3827 2365 quan-

628 2393 886 2462 tumipse
910 2404 1101 2448 auctor
1128 2404 1181 2447 et
1221 2394 1483 2452 orationis
1514 2409 1645 2447 mea:
1674 2403 1967 2462 paupertas
1995 2401 2293 2462 pateretur,
2341 2404 2501 2460 quam
2550 2389 2773 2443 minime
2817 2386 3006 2459 aspera
3050 2398 3237 2443 uterer
3269 2395 3365 2441 aut
3413 2385 3661 2439 barbara.
3706 2382 3823 2437 Nec

630 2488 807 2534 tamen
843 2481 955 2549 ipse
1002 2482 1133 2534 mihi
1183 2482 1385 2551 ubique
1414 2480 1671 2544 satisfeci,
1706 2490 1763 2536 et
1797 2482 1852 2536 in
1880 2497 2011 2534 mea:
2048 2478 2383 2535 infelicitatis
2409 2486 2560 2546 parte
2584 2476 2885 2541 numeravi,
2920 2475 3064 2545 quod
3102 2475 3158 2529 in
3188 2484 3466 2529 auctorem
3494 2471 3824 2527 luculentio-

632 2580 744 2617 rem
779 2581 884 2620 non
913 2567 1246 2621 incidissem.
1277 2568 1391 2621 Non
1427 2567 1569 2635 quod
1604 2567 1748 2620 hunc
1776 2566 2192 2635 reprehendam;
2228 2565 2322 2619 sed
2354 2563 2498 2632 quod
2546 2578 2739 2616 vereor
2782 2578 2850 2617 ne
2894 2563 2962 2617 ab
2993 2562 3115 2615 aliis
3161 2563 3275 2631 ipse
3311 2559 3695 2630 reprehendar.
3725 2550 3820 2626 qui

634 2651 766 2703 nihil
800 2651 898 2705 nisi
936 2651 1116 2707 florem
1146 2654 1402 2707 dictionis
1427 2662 1751 2721 sequuntur,
1782 2654 1873 2722 qui
1911 2652 2151 2721 profecto
2202 2652 2257 2705 in
2296 2650 2564 2705 brevitate
2602 2646 2878 2704 annalium
2928 2650 3105 2703 locum
3154 2664 3261 2702 non
3297 2648 3480 2702 habet.
3508 2646 3819 2701 Ubertatern

634 2734 768 2788 Livii
805 2738 1047 2803 quaeris?
1083 2747 1138 2791 at
1172 2739 1431 2793 orationis
1461 2739 1662 2793 divitia:
1688 2755 1811 2793 cum
1839 2728 2155 2809 paupertate
2182 2754 2363 2794 rerum
2391 2739 2811 2809 coniungentur.
2839 2736 3179 2807 Diligentiam
3206 2738 3260 2791 in
3288 2733 3665 2791 minutissimis
3696 2733 3822 2801 qui-

634 2823 844 2890 busque
875 2825 1265 2901 persequendis
1293 2825 1576 2901 postulas?
1631 2826 1780 2895 atqui
1814 2826 1867 2880 in
1918 2826 2242 2901 immensum
2269 2829 2521 2884 volumen
2565 2837 2841 2882 excrescet
2872 2826 3120 2891 historia,
3163 2841 3262 2880 nec
3295 2827 3404 2895 jam
3438 2821 3821 2892 compendium

633 2910 737 2963 erit
771 2909 864 2963 sed
891 2899 1241 2979 dispendium
1268 2922 1362 2980 aut
1385 2899 1565 2982 potius
1594 2912 1820 2986 furtum.
1872 2915 2004 2970 Nam
2030 2899 2190 2986 quem
2222 2917 2506 2983 prolixitas
2532 2915 2868 2969 voluminum
2909 2914 3164 2977 delectat,
3213 2913 3256 2967 is
3300 2928 3404 2966 non
3437 2911 3700 2981 epitomas
3723 2910 3819 2963 sei)

542 3016 544 3019 ·
637 2997 891 3060 historias
921 2998 1079 3070 legat.
1113 2998 1255 3064 Quas
1290 3000 1333 3053 si
1368 3015 1557 3054 omnes
1587 2994 1858 3065 meminit,
1891 3002 2027 3056 bene
2053 3010 2169 3055 est:
2211 3002 2295 3054 sin
2324 3002 2524 3066 minus,
2569 3000 2776 3054 Zonara
2810 3012 3062 3069 tanquam
3116 2998 3293 3054 indice
3327 3007 3381 3052 et
3414 2998 3680 3052 monitore
3705 3007 3793 3050 uta

638 3088 755 3147 tur;
794 3100 857 3138 ac
879 3084 1079 3154 cogitet
1104 3085 1242 3142 nihil
1270 3086 1336 3141 ab
1374 3087 1521 3141 omni
1554 3096 1705 3156 parte
1730 3089 1945 3145 beatum
1972 3103 2115 3151 esse,
2143 3097 2196 3140 et
2227 3088 2580 3154 multiplicem
2610 3086 2883 3140 variarum
2928 3076 3108 3139 rerum
3140 3086 3191 3138 in
3222 3099 3330 3140 uno
3356 3101 3461 3139 non
3489 3098 3658 3154 usque
3688 3083 3827 3137 adeo

638 3186 831 3239 magno
857 3172 1132 3226 volumine
1166 3175 1531 3243 cognitionem
1565 3174 1684 3245 styli
1717 3173 2097 3237 incommodis,
2132 3174 2177 3227 si
2208 3190 2326 3243 qua,
2346 3182 2493 3236 sunt,
2543 3183 2840 3251 comparet.
2876 3171 3006 3239 Quae
3032 3174 3169 3227 ratio
3199 3188 3286 3228 me
3316 3188 3532 3242 quoque
3568 3172 3829 3249 mov'itut

639 3272 746 3310 non
775 3258 1216 3327 conquiescerem
1252 3261 1404 3328 prius
1435 3277 1598 3331 quam
1624 3276 1811 3315 saxum
1837 3261 1959 3324 hoc,
1993 3261 2280 3331 quodtoto
2308 3261 2410 3315 hoc
2437 3276 2580 3314 anno
2615 3261 2849 3323 ver'savi,
2880 3260 2947 3314 ad
2984 3260 3185 3314 montis
3215 3275 3474 3314 cacumen
3501 3259 3825 3328 perductum

642 3344 855 3416 tandem
885 3344 1177 3413 aliquando
1209 3346 1566 3409 constitisset,
1621 3347 1823 3415 ingenti
1872 3349 2058 3417 utique
2093 3349 2277 3402 labore
2314 3357 2369 3401 et
2413 3347 2598 3400 multis
2643 3346 2956 3413 sudoribus,
2994 3361 3319 3417 quocunque
3356 3347 3571 3400 tandem
3603 3354 3823 3400 eventu.

638 3430 771 3484 Nam
809 3440 866 3485 ut
888 3433 954 3507 de
985 3427 1354 3498 conversionis
1386 3434 1560 3504 ipsius
1585 3436 1843 3491 arumnis
1873 3444 2100 3500 taceam,
2126 3444 2386 3504 quantum
2415 3436 2748 3491 difﬁcultatis
2777 3437 2829 3489 in
2862 3436 2974 3506 ipsa
3004 3438 3240 3492 lectione
3271 3438 3372 3490 fuit
3391 3436 3461 3491 ob
3484 3437 3829 3491 characteres

639 3518 1069 3588 elegantissimos
1100 3511 1220 3575 illos
1254 3521 1471 3590 quidem
1502 3523 1595 3577 sed
1624 3522 1764 3581 lectu
1792 3523 2136 3577 dif'iiczllimos
2172 3528 2391 3593 propter
2416 3523 2665 3577 affectata
2706 3514 2799 3577 illa
2837 3523 3112 3587 scribendi
3142 3523 3461 3592 compendia
3495 3532 3551 3588 et
3583 3523 3679 3592 τῆς
3700 3522 3831 3577 κει).-

641 3602 947 3675 λιτραφὶαςς
981 3606 1219 3661 studium
1261 3608 1402 3685 unde
1430 3608 1638 3677 infinita
1679 3620 1858 3664 errata
1891 3611 2145 3663 oriuntur
2177 3625 2243 3663 ex
2294 3609 2436 3663 facili
2478 3618 2729 3663 notarum
2776 3600 3113 3663 mutatione:
3167 3625 3286 3679 quae
3324 3624 3447 3665 cum
3487 3609 3684 3664 alicubi
3719 3623 3828 3663 non

643 3693 943 3747 dissimiles
970 3705 1098 3755 sint,
1128 3695 1234 3747 vim
1268 3695 1691 3749 diversissimam
1720 3696 1942 3750 habent.
1978 3696 2131 3751 Unde
2156 3695 2361 3749 factum
2394 3704 2471 3760 ut,
2499 3695 2956 3763 quemadmodum
2992 3695 3315 3757 Plutarchus
3357 3712 3414 3751 se
3442 3696 3631 3749 Latina
3664 3695 3830 3751 verba

642 3795 706 3833 ex
733 3780 1043 3849 cognitione
1076 3774 1256 3833 rerum
1283 3790 1593 3834 assecutum
1650 3782 1936 3850 profitetur
1956 3825 1969 3844 ,
2004 3784 2076 3835 ita
2103 3798 2203 3853 ego
2237 3798 2376 3852 saepe
2404 3783 2470 3837 de
2504 3784 2767 3837 varietate
2792 3783 3042 3837 leccionis
3062 3798 3129 3837 ex
3158 3798 3318 3837 sensu
3346 3792 3400 3836 et
3426 3782 3830 3837 constructione

644 3864 889 3918 divinare
936 3867 1037 3927 sim
1094 3876 1334 3930 coaetus.
1382 3868 1592 3921 ratione
1641 3868 1797 3938 plane
1844 3878 2189 3936 praepostera.
2234 3870 2367 3923 Nam
2417 3880 2472 3923 et
2504 3870 2665 3923 verba
2697 3878 2902 3932 rerum,
2950 3878 3005 3922 et
3055 3869 3248 3923 litterae
3279 3869 3564 3924 verborum
3593 3880 3731 3925 noue
3772 3878 3831 3923 ut

644 3963 830 4006 essent
869 3959 994 4004 sunt
1028 3952 1272 4005 inventae.
1311 3953 1495 4022 Neque
1522 3962 1697 4008 tamen
1735 3954 1835 4027 hac
1865 3945 2083 4009 solertia
2119 3970 2202 4006 mc
2233 3957 2488 4021 etpz‘dit‘e
2520 3957 2720 4024 ubique
2754 3956 3070 4025 potuissem,
3099 3958 3201 4010 nisi
3239 3960 3420 4025 plures
3448 3958 3582 4010 mihi
3617 3957 3833 4011 codices

646 4035 976 4113 suppeditati
1009 4030 1259 4092 fuissent.
1294 4037 1536 4102 Quorum
1573 4048 1680 4093 tres
1712 4056 1741 4093 e
1777 4042 1871 4094 tua"
1897 4040 2228 4093 bibliotheca
2264 4042 2470 4109 accepi,
2522 4045 2729 4111 magnis
2762 4044 3069 4111 sumptibus
3109 4043 3259 4113 Cpoli
3302 4052 3642 4113 comparatos
3666 4058 3829 4113 Opera

646 4134 809 4195 atque
841 4110 1108 4179 industria
1132 4128 1333 4198 egregii
1369 4128 1469 4180 viri
1507 4137 1561 4183 et
1592 4128 1876 4196 prudentia
1900 4129 2217 4197 longinquis
2251 4110 2782 4198 peregrinationibus
2816 4110 3027 4201 Ulvssis-
3065 4110 3314 4200 exemplo
3350 4146 3413 4184 ac
3453 4130 3623 4185 multo
3650 4140 3828 4185 rerum

647 4226 749 4265 usu
794 4224 945 4281 parta
986 4214 1387 4287 clari,.lo_annis
1431 4216 1839 4281 Derusehwam,
1885 4215 1977 4282 qui
2034 4215 2087 4267 in
2141 4216 2318 4269 fronte
2369 4217 2733 4270 vetustissimi
2778 4218 2926 4270 illius
2969 4210 3170 4271 codicis
3210 4217 3323 4271 inec
3375 4220 3547 4272 verba
3574 4218 3829 4287 scripsit:

652 4315 673 4349 ι
719 4296 1026 4353 Chronicon
1058 4283 1283 4355 Joannis
1321 4301 1543 4355 Zonara:
1574 4302 1982 4354 duobustomis
2012 4298 2351 4361 distinctum,
2395 4315 2627 4368 quorum
2660 4301 2807 4369 prior
2851 4301 3129 4373 historiam
3175 4301 3451 4355 Judaicam
3488 4304 3830 4371 potissimum

646 4384 717 4439 ab
740 4379 961 4439 exordi’o
995 4386 1181 4438 mundi
1213 4402 1380 4455 usque
1412 4387 1475 4439 ad
1512 4386 2004 4457 Hierosolymorum
2038 4387 2328 4449 excidium,
2354 4387 2490 4441 alter
2524 4388 2907 4458 imperatorum
2944 4399 3048 4444 tam
3080 4389 3406 4458 Graecorum
3443 4406 3601 4458 quam
3628 4392 3832 4446 Roma-

650 4472 959 4527 norum'res
988 4484 1164 4540 gestas
1195 4489 1363 4540 usque
1387 4472 1453 4525 ad
1487 4474 1658 4526 Alexii
1688 4471 1947 4527 Conmeni
1973 4474 2180 4529 obitum
2215 4477 2627 4543 complectitur:
2669 4491 2812 4529 anno
2844 4477 3055 4529 Domini
3093 4478 3226 4531 1554
3260 4476 3411 4545 Cpoli
3458 4478 3512 4529 in
3551 4479 3681 4532 Pera
3719 4481 3832 4534 sive

650 4556 840 4612 Galata
876 4560 1059 4627 (quam
1101 4558 1228 4610 olim
1264 4561 1427 4628 κέρας
1456 4558 1569 4611 sive
1594 4559 1773 4613 Cornu
1804 4560 2124 4630 appellatam
2159 4566 2372 4631 putant)
2406 4563 2505 4616 l50
2533 4564 2744 4617 dueatis
2776 4554 3092 4632 Hung’aricis
3117 4566 3220 4616 emi
3250 4579 3278 4615 a
3303 4565 3587 4632 magnifico
3612 4566 3831 4622 domino

654 4643 887 4704 Antonio
931 4644 1351 4699 Cantacuzeno:
1396 4649 1551 4715 cujus
1596 4645 1823 4710 familia,
1872 4648 1999 4701 dum
2039 4663 2124 4702 res
2161 4648 2454 4718 Byzantina
2486 4651 2657 4712 stetit,
2705 4650 3051 4718 imperatoria
3104 4646 3226 4747 imit,
3275 4666 3420 4704 nunc
3471 4653 3572 4706 sub
3606 4652 3834 4723 Turcico

656 4729 935 4783 dominatu
982 4731 1047 4784 ad
1080 4731 1345 4801 privatam
1399 4732 1765 4807 conditionem
1813 4736 2023 4788 redacta
2056 4743 2174 4787 est:
2218 4735 2285 4787 ab
2316 4752 2489 4804 eoque
2524 4745 2740 4805 rogatus
2783 4753 2899 4790 sum
2937 4747 2996 4790 ut
3031 4729 3134 4790 hoc
3167 4752 3311 4807 opus
3345 4739 3640 4807 aliquando
3666 4755 3833 4796 excu-

656 4817 899 4878 deretur,
945 4809 1017 4871 et‘
1044 4818 1289 4888 impressi
1346 4820 1547 4875 codicis
1595 4820 1696 4874 sibi
1728 4821 1884 4888 c0pia
1922 4822 2075 4875 fieret
2108 4821 2176 4872 ob
2211 4819 2475 4875 Zonaram
2523 4835 2923 4877 conservatum.
2966 4820 3235 4901 Praeterea
3276 4825 3575 4896 secundum
3612 4827 3834 4883 Zonaras

656 4914 863 4979 tomum
911 4906 976 4956 de
1023 4906 1443 4973 imperatoribus
1494 4898 1809 4961 confercndi
1859 4911 2029 4976 gratia
2082 4907 2149 4960 ab
2183 4908 2488 4961 Alexandro
2536 4910 2952 4977 chartophylace
2993 4898 3209 4980 ιε’ῑεὶῇᾶ
3266 4912 3473 4965 dueatis
3517 4912 3835 4983 Hungarieis

654 4992 985 5060 comparavi.
1021 4992 1201 5046 Alium
1248 4993 1376 5046 item
1413 4994 1634 5048 Zonara:
1672 4994 1913 5051 libellum
1946 4995 2013 5047 de
2049 4995 2211 5047 rebus
2244 4993 2453 5061 imperii
2491 5005 2544 5047 et
2565 4994 2813 5055 Ecclesiae
2845 5011 2874 5049 a
2900 4995 3255 5050 Constantino
3285 5013 3452 5065 usque
3482 5001 3549 5053 ad
3577 5000 3835 5056 Iustinia-

659 5093 789 5130 num
821 5079 1200 5147 imperatorem
1241 5096 1302 5134 ex
1357 5090 1573 5133 vetusto
1615 5081 1803 5143 codice
1835 5080 2306 5136 transcribendum
2360 5085 2565 5139 curavi.
2605 5104 2622 5135 ι
2656 5084 2937 5141 Hactenus
2964 5088 3075 5141 ille.
3098 5078 3360 5152 Quartum
3389 5089 3651 5155 codicem,
3683 5094 3774 5161 qui
3804 5109 3835 5145 a

655 5167 1014 5223 Constantino
1046 5169 1235 5247 Magno
1259 5170 1577 5239 incipiebat,
1605 5170 1861 5223 omnibus
1896 5170 2231 5224 ornamentis
2279 5172 2594 5237 amplissimi
2626 5172 2749 5236 viri,
2799 5174 3005 5228 domini
3036 5183 3091 5228 et
3120 5174 3423 5231 Mecenatis
3452 5180 3579 5245 mei,
3611 5179 3836 5237 Joannis

655 5255 841 5309 Jacobi
877 5255 1100 5325 Fuggeri
1132 5257 1457 5311 bibliotheca
1491 5256 1908 5309 instructissima
1940 5256 2326 5325 suppeditavit.
2376 5261 2613 5329 Denique
2643 5272 2838 5331 praeter
2868 5276 3082 5317 omnem
3119 5277 3266 5331 spem
3298 5275 3349 5317 et
3378 5268 3838 5333 exspectationem»

662 5364 835 5401 meam
866 5349 1096 5402 accessit
1126 5349 1448 5401 Viennensis
1496 5342 1839 5407 bibliothecae.
1887 5347 2054 5402 codex
2092 5349 2318 5417 integer,
2349 5347 2681 5418 benignitate
2734 5349 2994 5418 singulari
3035 5350 3327 5403 clarissimi
3354 5352 3454 5405 viri
3490 5363 3542 5407 et
3569 5356 3836 5409 senatoris

658 5433 812 5503 regii,
844 5435 1049 5488 domini
1082 5432 1333 5513 Gasparis
1357 5449 1386 5486 a
1416 5434 1687 5511 Nydprug,
1721 5444 1853 5497 εισι..
1889 5436 2031 5491 ultro
2048 5437 2461 5506 suppeditatus:
2496 5456 2655 5509 quem
2687 5438 2880 5501 totum,
2922 5440 3169 5511 adjutore
3192 5439 3424 5497 Jeremia
3464 5442 3673 5507 Martio,
3706 5461 3839 5514 prab

661 5526 817 5577 θυι-αξ
846 5526 1039 5581 indolis
1066 5526 1407 5579 adolescente
1443 5529 1617 5601 (cujus
1658 5529 1710 5579 in
1755 5528 1857 5581 hoc
1900 5529 2280 5598 opereGraecc
2311 5526 2609 5596 Latineque
2659 5528 3016 5583 exscribendo
3048 5529 3233 5582 solerti
3265 5539 3319 5582 et
3351 5530 3491 5583 fideli
3521 5547 3684 5601 opera
3719 5549 3835 5587 sum

663 5613 835 5678 usus),
873 5614 1095 5679 contuli,
1128 5624 1179 5668 et
1207 5616 1403 5668 multas
1432 5599 1601 5667 nostri
1636 5614 1840 5670 codicis
1871 5616 2091 5671 lacunas
2114 5614 2477 5686 expleviaQui
2502 5614 2674 5669 sicubi
2703 5616 2863 5670 ambo
2896 5631 3000 5669 non
3026 5613 3426 5681 satisfecerunt,
3453 5599 3677 5675 caeteros
3707 5637 3838 5685 quo-
