4030 6332
221 345 273 406 at
1593 347 2004 410 PRxEFATIO.
2550 326 2553 328 ’
2797 295 2804 315 ’
3316 339 3389 406 38

221 472 305 524 que
336 465 435 508 trcs
463 456 692 526 inspexi,
717 469 772 512 et
807 475 837 514 e
863 461 1030 516 variis
1060 461 1470 528 difﬁcultatibus
1496 479 1579 516 me
1610 474 1814 532 quanto
1840 466 1990 533 potui
2022 465 2203 519 studio
2237 464 2522 532 expedivi:
2566 472 2770 531 quanto
2799 462 3007 526 labore,
3053 477 3212 515 nemo
3243 463 3393 546 testi-

222 541 359 595 mabit
388 542 576 594 melius
601 559 764 611 quam
790 545 886 614 qui
917 547 1033 615 ipse
1063 549 1247 615 operis
1279 564 1386 600 non
1410 549 1694 604 dissimilis
1728 557 2030 619 periculum
2062 558 2272 612 fecerit.
2308 557 2362 608 Si
2398 571 2525 625 qua,
2555 556 2603 607 in
2635 557 2948 609 diversitate
2979 555 3089 618 illa,
3127 541 3390 609 momenti

221 634 417 702 alicujus
463 648 582 688 esse
607 635 960 702 videbantur,
1005 639 1072 691 ad
1100 639 1260 692 ﬁnem
1293 640 1474 708 operis
1518 642 1763 709 ascripsi.
1821 644 2100 698 Manili-ste
2143 660 2273 696 vero
2311 639 2666 712 prmtermissa
2706 653 2795 693 aut
2825 643 3116 710 depravata
3158 657 3263 694 non
3295 644 3393 712 aii-

221 723 391 773 notavi.
421 720 586 788 Cujus
616 723 762 775 enim
803 724 1090 778 dementiae
1115 726 1300 790 fuerit,
1336 727 1709 795 persequenda
1736 729 2082 783 librariorum
2119 731 2200 783 vel
2234 731 2447 803 inscitia
2484 731 2563 781 vel
2611 729 2934 795 negligentia
2973 730 3054 781 vel
3086 730 3310 796 perﬁdia
3336 739 3392 782 ct

220 810 325 863 mihi
349 822 399 863 et
435 811 733 866 lectoribus
779 815 1045 871 facessere
1095 818 1417 886 negotium?
1454 817 1522 872 Ut
1559 819 1703 872 enim
1750 818 1939 871 oculus
1988 818 2198 884 integer
2234 815 2526 868 candidum
2556 831 2584 867 a
2635 816 2789 880 nigro
2823 815 2977 867 facile
3003 814 3285 878 discernit,
3313 818 3393 871 sic

219 906 348 950 acuto
370 906 422 951 et
452 901 753 954 exercitato
799 902 1019 972 ingenio
1059 905 1245 959 videre
1287 921 1394 958 non
1425 904 1640 957 diﬁieile
1666 916 1769 974 est,
1816 924 1933 976 quae
1963 909 2126 961 lectio
2155 924 2280 961 vera
2326 908 2415 970 sit,
2464 920 2584 975 qua:
2635 908 3019 974 praetenuissa,
3057 925 3178 977 qua:
3208 910 3394 963 addita

218 1005 268 1043 ex
291 1005 633 1058 supervacuo,
666 1008 787 1061 qua:
810 994 1100 1063 depravata
1136 997 1267 1059 sint.
1310 997 1493 1064 Neque
1538 998 1624 1050 his
1656 996 2216 1057 contentus,iudicem
2262 1011 2479 1064 quoque
2518 995 2733 1062 adjeci:
2788 995 2934 1066 quod
2981 1011 3151 1066 genus
3189 1012 3390 1065 operte,

217 1069 430 1145 quamvis
457 1078 758 1133 lectoribus
787 1082 1161 1148 utilissimum,
1192 1094 1249 1136 ut
1277 1085 1408 1137 nihil
1434 1084 1724 1139 admodum
1747 1085 1920 1138 laudis
1947 1094 2001 1138 et
2031 1085 2229 1153 ingenii
2259 1085 2548 1144 liabet.‘ita.
2571 1084 2801 1137 multum
2830 1086 3091 1154 temporis
3113 1095 3167 1138 et
3193 1079 3394 1140 laboris

214 1167 296 1220 sibi
332 1167 599 1231 vindicat,
643 1172 946 1238 pra-sertim
990 1173 1033 1226 si
1086 1191 1211 1227 eum
1263 1174 1500 1227 indicem
1547 1190 1644 1243 per
1678 1173 1941 1241 temporis
1984 1172 2259 1239 angustias
2282 1180 2336 1224 et
2375 1171 2508 1224 alias
2565 1173 2954 1240 occupationes
2993 1173 3063 1234 ita
3107 1183 3390 1239 pertexere

214 1254 420 1309 licuisset
459 1257 535 1310 uti
564 1274 862 1327 cmprraui.
897 1260 1033 1326 Quid
1069 1262 1289 1315 multa?
1324 1260 1552 1315 Conﬁdo
1591 1277 1675 1315 me
1713 1261 1888 1315 oﬁicio
1921 1259 2095 1314 ﬁdelis
2139 1271 2195 1313 et
2238 1275 2345 1313 non
2384 1251 2636 1315 indiserti
2687 1263 3002 1331 interpretis
3047 1259 3238 1315 sedulo
3271 1278 3388 1316 esse

217 1345 424 1399 functum
454 1364 469 1408 ;
512 1349 566 1401 in
602 1350 652 1402 id
694 1360 845 1405 certe
874 1368 1094 1421 operam
1138 1353 1281 1405 dedi.
1335 1353 1427 1406 Siti
1465 1353 1586 1407 aliis
1621 1350 1766 1413 aliud
1806 1348 2098 1410 videbitur,
2158 1347 2288 1400 illud
2317 1347 2506 1401 saltem
2542 1347 2810 1402 aﬁirmare
2847 1363 3087 1416 possum,
3128 1366 3215 1405 tne
3243 1351 3386 1420 quod

219 1433 392 1485 scierim
441 1444 494 1487 et
529 1440 797 1503 pomerim
862 1439 965 1491 fide
1007 1441 1208 1507 optima
1243 1441 1436 1494 fecisse
1479 1451 1532 1493 ct
1581 1439 1855 1506 diligentia
1889 1457 2128 1504 summa;
2173 1438 2345 1492 sicubi
2383 1455 2509 1492 vero
2543 1450 2636 1492 aut
2668 1441 2868 1508 ingenii
2905 1442 3045 1495 vires
3069 1451 3164 1494 aut
3199 1443 3387 1495 erudi-

219 1525 346 1576 tionis
371 1527 516 1578 nervi
552 1529 684 1581 mihi
717 1530 1012 1591 defuerint,
1045 1532 1274 1585 fortuna:
1304 1549 1420 1585 eam
1449 1548 1567 1586 esse
1597 1530 1808 1598 culpam

1795 1542 1832 1588 ι,
1877 1521 2246 1578 infelicitatem
2292 1538 2488 1586 meam,
2533 1541 2652 1592 qua:
2707 1541 2826 1578 cum
2866 1525 2983 1579 aliis
3042 1535 3251 1579 tantum
3279 1527 3310 1578 d
3337 1542 3386 1578 s.

215 1610 395 1676 pliceat,
432 1613 561 1665 mihi
595 1617 757 1668 etiam
797 1617 1088 1684 plurimum
1126 1628 1300 1675 nocet.
1337 1619 1520 1687 Neque
1553 1628 1659 1671 tam
1693 1615 1938 1682 iniquum
1969 1611 2137 1664 ullum
2165 1625 2286 1664 esse
2312 1619 2466 1678 puto,
2496 1613 2587 1679 qui
2629 1611 2748 1678 plus
2775 1628 2802 1664 a
2847 1628 2931 1671 me
2956 1613 3193 1680 postulet
3222 1627 3385 1680 quam

215 1707 429 1763 prostare
476 1715 695 1767 queam.
745 1702 855 1771 Ego
897 1719 1028 1756 vero
1076 1705 1163 1768 iis,
1210 1704 1301 1773 qui
1347 1707 1429 1758 vel
1481 1706 1533 1758 in
1571 1705 1672 1757 hoc
1720 1702 1806 1754 vel
1846 1701 1897 1751 in
1929 1699 2049 1750 aliis
2085 1697 2341 1764 operibus
2377 1713 2406 1749 a
2448 1713 2534 1749 me
2577 1699 2857 1752 conversis
2904 1698 3118 1752 laudem
3155 1697 3384 1750 solidam

210 1797 548 1850 assequentur,
599 1789 915 1856 gratulabor
961 1791 1146 1859 potius
1190 1808 1352 1860 quam
1394 1792 1666 1845 invidebo.
1718 1789 1850 1843 Cum
1895 1785 2062 1846 enim,
2108 1783 2374 1852 quidquid
2423 1785 2687 1838 hactenus
2726 1786 2890 1852 edidi,
2939 1786 2989 1837 id
3038 1785 3120 1837 vel
3166 1785 3383 1853 publica

209 1868 414 1921 utilitate
443 1872 521 1924 vel
572 1876 912 1942 temporibus
954 1877 1092 1931 meis
1125 1878 1392 1931 adductus
1437 1877 1676 1936 fecerim,
1713 1890 1812 1928 nec
1857 1883 1963 1926 tam
1998 1873 2192 1926 famam
2226 1872 2483 1939 captarim
2525 1886 2688 1939 quam
2729 1871 2924 1924 famem
2968 1873 3207 1935 vitarim,
3233 1873 3277 1927 si
3307 1888 3386 1925 ea:

210 1950 578 2010 lucubrationes
611 1974 742 2013 mea:
771 1961 1162 2016 illustrioribus
1194 1965 1428 2018 aliorum
1466 1963 1826 2025 editiouibtts,
1862 1961 2051 2029 quales
2099 1958 2276 2028 aliqui
2303 1959 2654 2026 pollicentur,
2687 1959 2854 2028 aliqui
2890 1946 3051 2012 etiam
3084 1959 3383 2020 minantur,

208 2039 388 2093 abolita:
436 2045 663 2108 fuerint,
703 2062 810 2100 non
853 2050 1042 2120 iniquo
1088 2051 1271 2105 animo
1308 2052 1592 2106 ferendum
1661 2050 1767 2104 erit
1807 2045 2306 2114 meum'privatum
2347 2044 2589 2098 dedecus
2632 2045 2698 2110 (si
2747 2046 2892 2115 quod
2937 2057 3115 2098 tamen
3152 2045 3386 2120 infelicis

206 2130 358 2192 pot'us
389 2143 545 2196 quam
578 2131 854 2188 inhonesti
889 2149 1120 2192 conatus
1151 2145 1233 2192 est
1265 2140 1523 2209 dedecus)
1563 2154 1684 2192 cum
1727 2134 1805 2188 rei
1837 2130 2062 2202 publicae
2096 2131 2376 2184 litterariae
2418 2132 2648 2185 utilitate
2675 2135 2952 2202 conjungi.
2986 2134 3071 2187 cui
3096 2147 3165 2190 ex
3200 2133 3383 2185 animo

205 2214 472 2268 consultum
518 2233 640 2272 esse
683 2229 738 2273 et
779 2223 901 2276 volo
940 2234 992 2278 et
1025 2225 1192 2278 volui.
1241 2226 1445 2279 Vellem
1486 2227 1738 2295 equidem
1774 2220 1826 2276 id
1851 2235 1973 2274 cum
2006 2218 2165 2272 laude
2211 2232 2327 2271 mea
2360 2218 2541 2286 potius
2570 2230 2624 2271 et
2649 2220 2820 2284 gloria
2850 2218 2964 2272 ﬁeri
3005 2219 3205 2287 (neque
3231 2218 3378 2272 enim

204 2312 410 2351 amorem
441 2305 617 2357 nostri
647 2300 716 2359 ab
756 2307 871 2376 ipsa
901 2319 1093 2364 natura
1127 2311 1349 2366 insitum
1378 2314 1536 2381 plane
1566 2306 1907 2380 abjecimus),
1938 2306 2032 2360 sed
2059 2306 2102 2359 si
2138 2305 2261 2358 fatis
2289 2304 2449 2359 aliter
2490 2307 2663 2358 visum
2713 2313 2816 2368 cst,
2869 2306 2972 2358 hoc
2998 2318 3214 2374 quoque
3237 2304 3379 2374 :equi

201 2385 408 2454 bonique
438 2387 744 2445 faciendum
777 2396 906 2449 erit.
2817 2410 2819 2412 η
3028 2408 3030 2410 γ

255 2474 417 2542 Atque
447 2473 559 2532 haec
588 2479 655 2532 de
687 2491 907 2535 auctore
940 2491 995 2535 et
1023 2493 1325 2548 argumenti
1363 2500 1559 2553 genere
1590 2492 1644 2536 ct
1676 2497 1838 2551 opera
1873 2495 1990 2534 mea
2017 2498 2029 2532 :
2067 2494 2212 2533 nunc
2242 2478 2308 2532 ad
2355 2492 2472 2530 eam
2504 2477 2840 2531 Praefationis
2869 2487 3076 2550 partem
3106 2478 3380 2534 accedeno

203 2560 308 2614 dum
358 2575 452 2626 est,
494 2566 546 2620 in
600 2582 705 2634 qua
755 2567 955 2636 alioqui
1010 2569 1238 2622 multum
1276 2569 1472 2622 sudare
1516 2570 1728 2630 solitus.
1767 2568 1912 2638 quod
1965 2568 2195 2620 verebar
2227 2581 2293 2619 ne
2341 2565 2425 2618 vel
2473 2565 2526 2630 in
2576 2564 2961 2618 assentationis
3008 2565 3378 2633 suspicionem
3449 2584 3453 2590 ·

200 2652 646 2705 commemorando
690 2654 773 2706 vel
823 2654 880 2706 in
913 2655 1254 2724 negligentiae
1289 2656 1493 2709 crimen
1541 2655 1933 2710 dissimulando
1965 2655 2208 2708 venirem
2251 2670 2260 2703 :
2315 2667 2460 2705 nunc
2510 2660 2568 2703 ut
2603 2651 2863 2705 liberiore
2909 2653 3010 2704 sim
3046 2653 3248 2717 animo,
3285 2664 3377 2707 tua

197 2735 432 2789 modestia
463 2739 544 2791 vel
585 2739 766 2806 potius
795 2741 1123 2808 magnitudo
1147 2743 1313 2794 animi
1361 2742 1508 2804 facit,
1548 2758 1652 2812 qua
1686 2743 1737 2795 id
1782 2743 1850 2795 ab
1886 2743 2108 2796 ineunte
2140 2749 2298 2794 aetate
2342 2738 2637 2791 meditatus
2667 2751 2786 2789 esse
2821 2737 3025 2790 videris
3052 2739 3196 2805 quod
3232 2739 3374 2806 apud

195 2819 480 2888 Ciceronem
513 2823 753 2893 Scipioni
783 2825 1049 2880 divinitus
1077 2828 1412 2894 praccipitur,
1445 2837 1503 2881 ut
1537 2829 1644 2881 alte
1680 2838 2128 2895 spectansatque
2164 2825 2228 2876 ad
2264 2824 2535 2877 caelestem
2570 2822 2752 2906 sedem
2783 2832 2838 2875 et
2867 2833 3125 2878 atternam
3152 2826 3373 2879 domum

199 2917 448 2968 contuens.
477 2927 654 2981 neque
681 2914 1026 2968 sermonibus
1056 2915 1197 2982 vulgi
1238 2915 1455 2968 dederis
1482 2923 1554 2976 te,
1587 2929 1686 2967 nec
1719 2913 1773 2966 in
1799 2914 2036 2980 praemiis
2063 2911 2319 2964 humanis
2345 2926 2494 2980 spem
2515 2909 2769 2979 ’posueris
2802 2925 2983 2964 rerum
3013 2923 3254 2978 tuarum,
3278 2911 3373 2967 sed

196 2995 284 3049 suis
311 3006 358 3050 te
388 2998 657 3054 illecebris
685 3002 799 3070 ipsa
834 3002 1006 3056 virtus
1033 3003 1256 3056 traxerit
1285 3002 1352 3055 ad
1383 3015 1571 3056 verum
1601 3001 1873 3054 decuszut
1905 2999 2035 3052 illud
2074 2997 2241 3052 Graeci
2283 2989 2454 3066 poeta:
2487 2997 2553 3051 de
2586 3007 2636 3052 te
2667 2997 2772 3050 dici
2807 2999 3012 3066 possit:
3374 3002 3376 3004 ’

1024 3195 1235 3266 Οὐνγὰρ
1267 3194 1444 3266 δᾳκείν
1477 3195 1694 3266 ἄριστος
1725 3196 1838 3250 ἀλλ’
1865 3190 2000 3248 εἶναι
2038 3195 2232 3266 θέλεις,

1021 3265 1251 3333 Βαθεξάν
1282 3265 1451 3316 ἄλοκα
1484 3265 1570 3333 δωι
1604 3267 1814 3332 φρενῶν
1847 3265 2248 3333 καρπούμενος,

1030 3334 1118 3399 Ἐξ
1154 3330 1220 3403 ἦς
1246 3334 1314 3384 τὰ
1355 3333 1508 3384 κεδνὰ
1546 3317 1826 3401 βλέιὶςτάνει
1859 3317 2237 3402 βυδλεύραταύ

193 3509 356 3575 quibus
378 3507 624 3564 versibus
657 3506 709 3561 id
748 3505 1079 3577 Amphiarao
1118 3521 1225 3565 suo
1251 3513 1458 3574 tribuit.
1483 3509 1790 3579 Esehylus,
1828 3518 1885 3562 ut
1918 3508 2150 3562 afﬁrmet
2182 3522 2307 3560 eum
2350 3507 2524 3560 virum
2559 3510 2826 3575 optimum
2856 3523 2977 3563 esse
3010 3491 3169 3565 malle
3201 3527 3364 3581 quam

190 3596 355 3658 videri,
393 3599 547 3667 cujus
586 3597 802 3650 animus
839 3607 1092 3666 tanquam
1147 3615 1274 3668 ager
1306 3601 1572 3653 fecundus
1598 3607 1652 3653 et
1703 3597 1868 3666 probe
1900 3597 2184 3659 subactus,
2220 3595 2498 3662 conceptis
2530 3595 2793 3648 virtutum
2839 3597 3162 3657 seminibus,
3195 3598 3365 3652 hone-

189 3695 362 3736 storum
392 3684 743 3741 consiliorum
776 3694 830 3737 et
857 3700 977 3753 quae
1002 3685 1126 3739 inde
1156 3687 1411 3740 oriuntur
1445 3688 1719 3741 actionum
1750 3683 2036 3752 quamdam
2066 3683 2217 3751 quasi
2248 3689 2484 3750 segetem
2518 3681 2778 3750 proferat.
2802 3681 3004 3757 Quies;
3033 3698 3128 3751 per
3147 3681 3362 3737 omnem

186 3771 331 3822 artatis
362 3781 463 3823 tute
495 3769 810 3830 decursum,
845 3784 1006 3837 quem
1049 3771 1120 3822 ita
1158 3774 1471 3828 moderatus
1505 3788 1562 3826 es
1594 3783 1651 3824 ut
1688 3772 1911 3825 honesta
1952 3772 2165 3840 negotia
2207 3771 2526 3824 suavissimo
2562 3770 2675 3823 otio
2705 3785 2919 3839 semper
2959 3770 3358 3838 anteposueris,

188 3853 462 3923 singulatim
487 3856 764 3924 explicare
797 3857 1066 3916 studeam.
1096 3860 1432 3927 opuslliade
1474 3861 1733 3928 prolixius
1781 3858 1914 3911 mihi
1965 3869 2240 3922 nascetur,
2269 3865 2324 3910 et
2353 3869 2458 3910 tua:
2483 3872 2650 3921 aures
2677 3859 2807 3910 satis
2852 3857 2969 3910 seio
3001 3871 3108 3910 non
3148 3855 3357 3910 ferent.

188 3939 292 4004 Quze
319 3943 476 4012 igitur
502 3945 710 3995 calamo
739 3944 821 4022 vel
859 3951 948 3996 tua
982 3945 1232 3999 voluntas
1270 3947 1348 3999 vel
1384 3961 1498 3998 mea
1530 3944 1857 3999 verecundia
1884 3954 2086 4011 negat,
2113 3958 2176 3996 ea
2226 3941 2564 4010 posteritatis
2601 3943 2946 3995 sermonibus
2984 3943 3069 3995 vel
3106 3942 3272 3996 invito
3295 3954 3361 4014 te

187 4029 589 4084 celebrabuntur.
621 4029 765 4083 Idem
792 4029 934 4082 enim
963 4037 1047 4083 est
1071 4032 1253 4099 gloria
1282 4033 1426 4099 quod
1455 4031 1713 4086 crocodili
1753 4030 2028 4098 ingenium
2062 4047 2075 4083 :
2108 4038 2401 4097 sequentes
2430 4027 2587 4097 fugit,
2617 4027 2886 4098 fugientes
2911 4031 3180 4098 sequitur.
3210 4029 3357 4084 Nihil

188 4113 585 4187 (utiefoquentiae
609 4119 878 4172 Romanae
923 4133 1119 4188 parens
1155 4121 1408 4189 testatur)
1452 4121 1516 4173 de
1552 4119 1857 4186 insignibus
1906 4119 1968 4170 ad
2018 4116 2231 4168 laudem
2269 4117 2402 4169 viris
2435 4115 2667 4170 obscure
2716 4116 2954 4170 nuntiari
2990 4118 3167 4170 solet:
3200 4117 3357 4170 fama:

188 4216 318 4256 ,ιριηο
350 4219 582 4273 unquam
613 4204 884 4274 imperare
916 4205 1110 4272 potuit.
1145 4205 1259 4258 Non
1296 4207 1502 4278 patitur
1525 4207 1612 4258 illa
1645 4205 1861 4257 Hesiodi
1890 4204 1988 4256 dea
2024 4203 2125 4255 sibi
2157 4202 2339 4257 frenos
2370 4203 2518 4272 injici
2555 4222 2566 4255 :
2604 4203 2852 4271 loquitur
2885 4212 2940 4256 et
2965 4203 3182 4266 clamat,
3205 4202 3352 4257 utab

188 4289 274 4353 ipsa
319 4295 630 4360 posteritate
659 4307 763 4346 vox
789 4293 910 4360 ejus
941 4292 1215 4346 audiatur.
1245 4293 1568 4348 Prasdieabit
1615 4294 1700 4346 illa
1736 4308 1841 4346 non
1881 4301 2088 4344 tantum
2120 4304 2440 4344 ornamenta
2471 4292 2724 4353 fortuna,
2761 4291 2830 4343 ob
2858 4305 2980 4359 qua:
3008 4306 3133 4345 cum
3162 4292 3358 4346 beatus

188 4378 420 4442 habearis,
450 4387 507 4431 tu
549 4392 613 4432 ea
665 4378 873 4430 umbra:
918 4381 1188 4446 parietum
1222 4393 1555 4448 comparare
1589 4381 1750 4438 soles,
1783 4379 1876 4431 sed
1925 4387 1979 4431 et
2025 4378 2226 4446 ingenii
2268 4378 2702 4446 magnitudinem
2738 4388 2791 4431 et
2829 4379 3172 4448 prudentiam
3205 4389 3354 4432 tuam

187 4462 625 4535 periculosissimis
662 4463 1090 4532 temporibusdu
1121 4474 1267 4537 reget
1301 4466 1517 4532 publica
1547 4477 1600 4518 et
1627 4467 1856 4533 privata,
1891 4466 2054 4537 animi
2089 4467 2452 4517 constantiam
2490 4476 2546 4520 et
2577 4467 3001 4535 aequabilitatem
3035 4466 3089 4520 in
3122 4477 3355 4534 utraque

185 4543 386 4612 fortuna,
413 4551 464 4603 in
496 4549 848 4618 amplissimis
875 4550 1095 4618 Opibus.
1123 4534 1256 4617 quas
1295 4566 1324 4601 a
1353 4551 1644 4618 majoribus
1670 4560 1919 4618 acceptas
1946 4559 2000 4601 et
2024 4534 2268 4602 feliciter
2299 4534 2724 4605 conservastiet
2753 4553 2872 4606 sine
2914 4553 3234 4621 cujusquam
3269 4554 3354 4606 in-

183 4630 298 4694 iuria
320 4636 658 4704 ampliﬁcasti
686 4647 741 4690 et
767 4637 830 4690 ad
863 4637 998 4690 brue
1031 4639 1352 4688 merendum
1379 4639 1441 4688 de
1472 4637 1656 4689 multis
1687 4637 1986 4697 contulisti,
2017 4635 2135 4690 eam
2165 4636 2486 4689 modestiam
2514 4648 2567 4689 et
2594 4638 2763 4692 debiti
2787 4629 2955 4692 etiam
2980 4639 3199 4692 honoris
3220 4654 3353 4692 con-

187 4710 553 4790 teuiptum,_qui
598 4724 680 4776 vel
727 4724 782 4794 in
823 4723 1024 4776 inﬁmis
1055 4722 1372 4776 hominibus
1403 4738 1524 4799 raro
1557 4725 1867 4785 invenitur;
1909 4739 2007 4777 nec
2040 4723 2236 4775 tacebit
2284 4722 2365 4774 vel
2417 4723 2808 4792 benignitatem
2861 4739 2986 4794 erga
3018 4725 3246 4778 miseros
3294 4715 3351 4779 et

189 4802 394 4871 afflictos,
426 4810 917 4875 velliberalitatem
944 4826 1068 4880 erga
1117 4811 1392 4864 studiosos
1433 4820 1483 4865 et
1514 4811 1703 4866 doctos
1733 4828 1746 4864 :
1782 4811 1836 4864 in
1868 4827 1976 4878 quo
2008 4824 2238 4862 numero
2265 4810 2310 4862 si
2361 4813 2483 4878 quis
2529 4811 2662 4864 mihi
2712 4813 2864 4864 locus
2894 4819 2997 4873 est,
3031 4821 3082 4863 ct
3129 4811 3172 4863 si
3207 4811 3349 4864 inter

189 4886 446 4958 Luscinios,
471 4895 722 4959 Carinos,
759 4895 1066 4960 Tonneros,
1101 4897 1350 4961 Streitos,
1381 4897 1654 4964 Siphanos
1686 4903 1848 4965 atque
1876 4898 2010 4949 alios
2036 4897 2368 4964 complures,
2397 4900 2491 4964 qui
2527 4906 2618 4950 tua
2650 4897 3026 4951 muniﬁcentia
3062 4898 3343 4964 fruuntur,

188 4983 422 5036 numerari
445 4997 658 5036 mereor
684 4985 765 5047 (ut
792 4991 970 5036 autem
999 4997 1227 5044 merear,
1259 4992 1348 5034 tua
1379 4983 1686 5037 humanitas
1713 4985 1892 5052 potius
1915 4998 2074 5052 quam
2109 4978 2224 5036 nica
2256 4984 2491 5052 dignitas
2523 4983 2697 5052 facit),
2726 4994 2779 5037 et
2801 4999 2902 5054 ego
2935 5000 3131 5059 nomen
3163 4999 3342 5037 meum

189 5074 236 5112 ex
260 5069 379 5132 grati
403 5069 564 5121 animi
591 5067 765 5122 ofﬁcio
801 5068 1042 5136 proﬁteri
1078 5068 1269 5130 detieo,
1301 5069 1392 5136 qui
1426 5082 1545 5138 post
1580 5072 1777 5124 multas
1805 5085 2074 5124 aerumnas
2103 5071 2194 5125 tua
2234 5070 2588 5135 liberalitate,
2617 5071 2708 5124 Vir
2739 5071 3094 5139 amplissime,
3124 5071 3340 5126 tandem

191 5147 268 5203 hoc
295 5165 603 5209 consecutus
636 5157 842 5219 videor,
874 5166 931 5209 ut
960 5156 1024 5208 ad
1053 5172 1242 5210 omnes
1285 5157 1515 5211 fortuna:
1558 5173 1734 5219 casus,
1769 5159 1858 5224 qui
1901 5157 2032 5210 varii
2079 5158 2416 5227 impendent,
2451 5158 2658 5226 aliquid
2700 5157 2874 5225 parati
2925 5158 3156 5213 subsidii
3210 5160 3339 5227 (nisi

188 5231 335 5308 fatalis,
352 5240 520 5309 aliqua
550 5243 829 5297 calamitas
861 5245 1254 5311 intercesserit)
1288 5258 1370 5296 me
1406 5245 1604 5297 habere
1638 5243 1904 5296 conﬁdam
1934 5263 1944 5298 :
1976 5255 2031 5299 et
2057 5245 2144 5300 hic
2171 5262 2368 5320 annos,
2395 5246 2482 5298 cui
2521 5257 2576 5298 tu
2606 5255 2860 5311 tanquam
2896 5245 3130 5312 salutare
3161 5246 3337 5314 quod-

192 5319 282 5372 .lam
304 5325 434 5379 sidus
459 5328 737 5389 aﬂ'ulsisti,
765 5331 817 5383 id
849 5330 980 5382 mihi
1004 5329 1269 5393 attulerit,
1297 5330 1438 5396 quod
1468 5345 1562 5397 per
1591 5343 1805 5383 omnem
1836 5342 2046 5385 aetatem
2086 5319 2334 5386 exhausti
2362 5332 2576 5386 labores
2610 5347 2718 5383 non
2749 5333 3123 5385 contulerunt.
3153 5332 3337 5394 lta,rcs
3391 5353 3396 5357 -

190 5402 277 5471 'psa
300 5426 374 5464 me
404 5415 575 5477 docet,
609 5415 772 5469 nimis
804 5432 991 5470 verum
1021 5418 1152 5471 illud
1179 5433 1298 5472 esse
1325 5417 1477 5486 Regii
1508 5417 1656 5470 Vatis
1681 5419 1985 5482 oraculum,
2021 5421 2110 5487 qui
2144 5420 2344 5473 frustra
2380 5429 2505 5473 ante
2540 5420 2713 5471 lucem
2750 5420 2896 5487 surgi
2931 5427 2984 5471 et
3019 5433 3210 5485 panem
3244 5432 3336 5470 co.

193 5495 298 5547 aedi
319 5498 524 5562 doloris,
558 5502 726 5554 Deum
753 5513 932 5555 autem
969 5505 1079 5558 suis
1103 5505 1184 5558 vel
1218 5504 1614 5557 dormientibus
1645 5506 1992 5573 snppeditare
2019 5506 2198 5558 omnia
2225 5505 2528 5559 conﬁrmat.
2561 5505 2671 5558 Etsi
2699 5515 2878 5558 autem
2913 5504 2964 5556 in
2997 5513 3144 5556 tanto
3169 5518 3335 5570 opere

191 5591 332 5668 neque
351 5587 630 5642 dormitare
658 5603 834 5658 neque
891 5590 1132 5643 dormire
1193 5591 1442 5652 nimium,
1472 5606 1535 5643 ac
1584 5603 1650 5641 ne
1700 5586 2029 5646 valetudinis
2059 5594 2275 5660 quidem
2323 5609 2534 5664 semper
2592 5581 2853 5668 rationem
2933 5591 3130 5645 habere
3182 5594 3336 5648 licuit

192 5662 305 5725 (nam
328 5673 445 5727 alias
473 5691 747 5744 nunquam
783 5672 990 5731 tamtum
1021 5682 1274 5732 volumen
1309 5678 1522 5732 tantillo
1554 5680 1732 5746 spatio
1766 5681 2023 5747 tvniporis
2054 5662 2454 5751 absolvissem),
2489 5692 2684 5745 tamen,
2718 5663 2762 5735 si
2794 5681 2848 5733 hi
2873 5668 3061 5735 decen:
3093 5696 3328 5747 menses,
