4030 6332
638 416 761 485 39’

1890 426 2207 488 JOANNIS
2240 426 2560 488 ZONAPuE

3710 429 3827 495 κιο

635 533 840 601 quibus
879 536 933 590 in
968 535 1069 593 hac
1098 536 1477 593 lucubratione
1498 540 1841 595 continenter
1871 541 2115 601 elaboro.
2151 557 2275 597 cum
2303 544 2451 598 omni
2492 551 2740 599 anteacta
2767 543 2875 598 vita
2916 559 3034 599 mea
3063 552 3470 615 comparentur,
3500 547 3660 616 plane
3703 545 3833 600 dor-

634 623 858 679 mientis
885 633 1001 678 rete
1034 625 1262 688 traxisse
1288 625 1498 695 videor,
1528 642 1722 697 meque
1746 627 1941 699 insigni
1972 629 2239 684 beneﬂcio
2262 639 2356 684 tuo
2380 630 2695 685 devinctum
2715 645 2832 685 esse
2869 631 2972 686 hoc
2997 632 3216 701 publico
3246 644 3601 688 monumento
3636 642 3829 695 testor,
3926 706 3931 709 _

634 710 782 780 quod
817 720 906 765 tua
930 710 1302 766 munificentia
1327 711 1591 767 studiosis
1624 714 1974 769 historiarum
2008 730 2155 775 nunc
2187 717 2423 785 primum
2456 720 2911 773 communicatur.
2941 720 3094 774 Faxit
3126 721 3270 776 Deus
3296 720 3535 790 optimus
3563 722 3834 775 maximus

634 804 698 849 ut
726 810 907 864 neque
940 804 991 849 te
1018 806 1334 866 sumptuum
1366 808 1636 853 tantorum
1671 814 1847 868 neque
1873 814 1963 853 me
1993 800 2240 854 laborum
2273 805 2568 871 paeniteat;
2598 806 2849 874 idemque
2881 815 2930 860 te
2953 821 3077 860 cum
3109 807 3300 861 liberis
3328 808 3436 861 tuis
3467 806 3835 861 ornatissimis

636 884 857 950 totaque
885 876 1218 953 amplissima
1248 884 1564 954 Fuggerana
1589 884 1792 939 familia
1815 900 1979 954 quam
2006 886 2314 941 diutissime
2342 889 2667 945 incolumem
2698 903 2754 945 et
2780 892 3063 947 ﬂorentem
3098 902 3403 947 conservet.
3426 894 3680 964 Augusta:
3701 893 3801 947 Vin

633 968 960 1036 delicorum,
988 985 1057 1025 ex
1087 970 1421 1028 bibliotheca
1453 971 1611 1027 herili
1648 988 1663 1024 :
1697 973 1958 1027 Kalendis
1986 967 2327 1038 Novembris,
2362 991 2506 1030 anno
2542 993 2572 1030 a
2610 976 2903 1033 Nativitate
2937 978 3152 1033 Domini
3180 978 3409 1033 MDLVI.

826 1198 1981 1547 [ΩΑΝΝΟΥ
2058 1198 3729 1559 ΤΟΥΖΩΜ

1796 1641 2709 1778 XPONIKON.

1230 2002 2129 2234 JOANNIS
2258 2018 3197 2241 ZONAB/E

1841 2372 2605 2560 ANNALES.

1015 2787 1059 2857 1
1100 2744 1768 2879 PREFATIO.

687 2944 953 3025 Equidem
970 2947 1113 3004 haud
1130 2950 1313 3020 inepte
1330 2952 1495 3008 rideri
1512 2969 1728 3023 queam,
1749 2963 1808 3009 ut
1823 2960 2178 3027 supervacuis

621 3040 682 3095 in
718 3039 883 3095 rebus
928 3040 1118 3110 magis,
1157 3056 1319 3110 quam
1368 3043 1428 3096 in
1480 3046 1822 3104 necessariis~
1858 3058 2173 3117 occupatus.

620 3127 972 3198 Posteaquam
989 3131 1135 3185 enim
1159 3146 1189 3185 c
1230 3131 1408 3186 medio
1438 3135 1676 3199 excessi,
1703 3135 1975 3204 vitamque
2004 3138 2177 3207 delegi

616 3222 1212 3293 solitariam,perpetuo
1226 3224 1360 3279 mihi
1379 3225 1478 3295 ipsi
1499 3226 1644 3280 velut
1658 3226 1845 3281 exsilio
1862 3214 2184 3295 indiclo(id-

608 3300 725 3382 'que
756 3313 901 3367 illius
920 3325 1054 3368 nutu
1078 3331 1383 3385 arcanoque
1412 3318 1639 3372 consilio
1656 3318 1879 3381 factum,
1897 3320 1989 3388 qui
2014 3335 2176 3389 supra

620 3418 719 3457 nos
746 3413 848 3467 est,
882 3406 1057 3473 ruptis
1088 3407 1319 3461 vinculis
1350 3410 1501 3473 meis,
1534 3409 1842 3479 ereptisque
1879 3410 2012 3463 mihi
2045 3411 2177 3464 chas

617 3494 871 3561 rissinris,
894 3511 1017 3552 cum
1042 3496 1229 3551 dolore
1244 3497 1487 3567 quidem,
1520 3499 1727 3553 utiliter
1759 3500 1981 3567 tamen),
1998 3504 2179 3555 omni-

618 3597 692 3636 no
711 3587 1385 3655 mejampridem,omissis
1415 3586 1667 3655 negotiis,
1690 3586 1971 3655 turbisque
2004 3603 2172 3657 repu-

616 3674 799 3738 diatis,
833 3675 969 3730 nihil
997 3676 1144 3730 aliud
1167 3686 1398 3730 tractare
1427 3676 1805 3740 conveniebat,
1829 3676 1933 3731 nisi
1959 3692 2022 3731 ea
2050 3693 2172 3747 quae

604 3764 855 3819 animum
876 3770 1152 3834 excolunt,
1169 3777 1225 3821 et
1249 3783 1275 3819 a
1316 3769 1541 3821 maculis
1563 3783 1853 3836 pravarum
1891 3770 2171 3822 actionum

614 3858 967 3912 assuetudine
1016 3859 1067 3927 ε
1090 3859 1372 3928 impressis
1397 3868 1646 3926 purgant,
1680 3872 1907 3926 quaeque
1956 3856 2165 3913 Numen

616 3944 869 4003 infestum
900 3944 1034 4003 mihi
1079 3948 1297 4019 obgejus
1337 3958 1601 4018 praecepta
1650 3948 1869 4011 violata,
1903 3958 1959 4003 et
1987 3949 2177 4005 deser-

617 4045 725 4089 tam
760 4039 984 4107 justitie
1030 4040 1173 4093 viam
1211 4040 1430 4109 placare
1482 4048 1704 4109 queant,
1737 4040 1916 4109 itaque
1946 4040 2170 4097 delicto-

2201 2786 2249 2840 Δ

2719 2792 3375 2882 ΠΡΟΟΙΜΙΟΝ.

2343 2947 2453 2999 Αὐ
2490 2949 2768 3021 Εὐστόχως
2819 2954 2884 3006 ἄν
2926 2970 3009 3016 τις
3076 2953 3261 3019 εἴποι,
3312 2952 3662 3016 ἐπιτωθάζων
3711 2968 3822 3020 μοι,

2276 3040 2457 3106 μεῖζόν
2488 3058 2568 3093 σοι
2598 3042 2691 3094 τοῦ
2744 3043 2902 3114 ἔργου
2945 3046 3006 3097 τὸ
3050 3036 3341 3115 πάρεργον.
3389 3044 3533 3098 Ἔδει
3574 3045 3681 3113 γάρ
3733 3061 3820 3112 με,

2276 3130 2349 3190 ὡς
2402 3133 2613 3201 ἀληθῶς
2669 3135 2833 3188 πάλαι
2889 3137 2997 3189 τῶν
3036 3138 3371 3206 πραγμάτων
3409 3136 3698 3205 ἀφέμενον,
3733 3131 3825 3186 καὶ

2274 3215 2599 3284 τυρϐάζεται
2637 3220 3028 3291 ἀποσχόμενον,
3082 3223 3191 3297 καὶ,
3223 3223 3315 3275 τοῦ
3368 3224 3534 3290 μέσου
3590 3238 3821 3290 μετανα-

2274 3307 2552 3374 στεύοντα,
2582 3313 2673 3364 καὶ
2701 3313 2821 3389 καθ’
2842 3314 3031 3369 ἑαυτὸν
3057 3316 3309 3386 ἑλόμενον
3352 3315 3471 3386 ζῇν,
3536 3313 3823 3383 ἀειφυγίαν

2272 3415 2331 3451 τε
2368 3399 2560 3452 ἑαυτοῦ
2612 3404 3127 3475 καταψηφισάμενον
3183 3404 3346 3472 (οὕτω
3398 3405 3466 3458 τὰ
3514 3403 3636 3457 καθ’
3677 3404 3825 3473 ἡμᾶς
3870 3478 3873 3479 ν

2273 3493 2721 3563 οἰκονομήσαντος
2748 3495 2840 3549 τοῦ
2873 3496 3011 3567 ὑπὲρ
3035 3499 3200 3566 ἡμᾶς,
3232 3497 3417 3568 ἐπειδὴ
3448 3498 3572 3560 τοὺς
3592 3493 3823 3565 δεσμούς

2274 3599 2376 3651 μου
2408 3584 2677 3653 διέρρηξε,
2712 3585 2818 3638 τῶν
2846 3584 3113 3654 φιλτάτων
3146 3587 3413 3656 στερήσεις
3450 3601 3540 3654 με,
3576 3580 3658 3647 οἷς
3686 3579 3824 3636 οἶδεν

2269 3676 2476 3737 ἐκεῖνος
2529 3675 3037 3745 λόγοιςηάλγεινῶς
3085 3677 3185 3748 μὲν
3233 3677 3376 3748 ἐμοὶ,
3436 3676 3823 3746 συμφερόντως

2269 3764 2313 3815 δ’
2344 3764 2512 3837 ὅμως)
2555 3765 2720 3835 μηδὲν
2759 3766 2945 3838 ἕτερον
2981 3770 3242 3839 μετιέναι,
3278 3768 3310 3837 ἢ
3350 3768 3449 3820 δσα
3484 3767 3659 3837 ψυχὴν
3696 3783 3823 3819 κατ-

2271 3854 2547 3923 αρτίζουσι
2601 3857 2693 3908 καὶ
2753 3858 3076 3929 καθαίρουσι
3128 3860 3237 3911 τῶν
3297 3857 3633 3911 ἐντακέντων
3685 3858 3820 3927 αὐτῇ

2274 3944 2629 4014 μολυσμάτων
2665 3948 2751 4000 διὰ
2779 3949 3087 4017 φαυλότητα
3122 3948 3393 4016 πράξεων,
3427 3948 3520 4001 καὶ
3566 3950 3701 4002 ἆττα
3733 3946 3822 4013 ἐξ·

2278 4034 2543 4088 ιλεοῦνται
2589 4037 2649 4088 τὸ
2673 4035 2833 4099 θεῖον,
2862 4036 2947 4104 ἐφ’
2983 4032 3063 4101 οἷς
3106 4038 3467 4109 παρόργισται
3492 4039 3621 4107 παρ’
3664 4037 3821 4109 ιμοΰ,

617 4145 735 4182 rum
785 4130 993 4184 veniam
1050 4131 1370 4199 impetrare.
1428 4132 1537 4199 Ego
1587 4145 1716 4184 vero
1757 4133 1898 4198 (quae
1943 4148 2061 4185 mea
2100 4134 2166 4185 ad

2273 4128 2715 4196 παραδεῦηκότος
2732 4127 2830 4192 τὰς
2851 4128 3065 4192 ἐντολὰς
3082 4128 3267 4190 αὐτοῦ,
3283 4129 3459 4181 καὶτὰ
3476 4128 3821 4197 δικαιώματα

614 4229 761 4273 recte
819 4220 1133 4275 faciendum
1191 4218 1440 4273 socordia
1489 4223 1590 4285 est)
1646 4223 1810 4272 rebus
1844 4220 2168 4273 necessariis

613 4311 895 4379 neglectis,
938 4312 991 4364 in
1038 4311 1392 4380 supervacuis
1422 4308 1667 4381 elaboro.
1715 4307 1937 4372 Tamen,
1984 4319 2039 4362 ut
2068 4326 2168 4379 pro

612 4402 719 4455 ιιιεί
754 4400 1072 4455 defensione
1108 4384 1313 4470 aliquid
1362 4401 1584 4469 alIeram
1623 4420 1635 4452 :
1681 4416 1789 4454 non
1828 4410 2039 4470 meapte
2070 4417 2169 4456 au-

612 4492 863 4545 ctoritate
888 4503 1200 4562 susceptum
1236 4496 1338 4548 hoc
1372 4510 1512 4562 Opus
1540 4502 1642 4555 est,
1674 4494 1766 4547 sed
1795 4495 2011 4547 hortatu
2036 4498 2192 4587 ami-t

612 4596 802 4635 corum
852 4584 991 4651 :qui
1027 4598 1151 4637 cum
1208 4599 1294 4636 me
1352 4584 1522 4637 otium
1579 4599 1739 4652 agere
1787 4585 2057 4648 viderent,
2113 4584 2184 4683 id;

612 4673 831 4726 aiebant
866 4675 919 4727 in
966 4676 1245 4745 negotium
1296 4675 1517 4744 aliquod
1576 4691 1697 4730 esse
1749 4675 2164 4741 conferendum,

613 4762 755 4828 quod
788 4774 842 4815 et
874 4764 1281 4835 rempublicam
1306 4768 1543 4836 juvaret,
1566 4768 1812 4835 etipsum
1833 4782 2051 4836 quoque
2084 4768 2167 4821 di-

611 4852 797 4905 vinum
830 4857 959 4908 mihi
1014 4858 1292 4924 praemium
1335 4859 1676 4913 conciliaret.
1722 4858 2009 4913 Addebant
2050 4873 2167 4921 eos,

613 4942 705 5011 qui
755 4942 1003 4999 historiis
1047 4956 1103 4999 et
1159 4949 1323 5002 rebus
1378 4949 1509 5003 olim
1565 4950 1736 5017 gestis
1796 4947 2172 5003 describendis

612 5034 973 5099 laborassem,
1018 5040 1213 5106 partim
1261 5056 1383 5093 cum
1417 5042 1521 5094 alia
1567 5040 1707 5093 facta
1754 5051 2020 5105 veterum,
2057 5051 2168 5095 tum

612 5135 993 5196 strategeinata
1042 5130 1304 5197 prolixius
1360 5131 1764 5198 conscripsisse,
1806 5142 1969 5200 atque
2025 5132 2170 5185 acies

614 5216 910 5271 instructas
949 5258 961 5282 ,
1034 5222 1375 5275 exercituum
1472 5222 1806 5285 conﬂictus,
1876 5233 2171 5277 castrame-

614 5307 884 5375 tationes,
920 5324 1141 5376 aggeres
1185 5312 1471 5375 excitatos,
1516 5322 1566 5364 et
1592 5311 1728 5365 alias
1790 5312 1951 5382 hujus
2007 5327 2169 5382 gene-

613 5399 690 5451 ris
754 5413 1006 5452 enarrare

615 5490 828 5552 itinera,
857 5500 908 5542 et
938 5500 1150 5544 montes
1172 5495 1371 5547 arduos
1397 5506 1558 5563 atque
1588 5494 1913 5557 inaccessos,
1948 5496 2165 5549 vallium

613 5580 738 5633 item
790 5582 1087 5650 angustias,
1146 5582 1364 5635 urbium
1422 5584 1774 5644 munitiones,
1825 5594 1879 5638 et
1935 5588 2163 5638 turrium

614 5670 928 5726 altitudines
960 5673 1278 5735 immensas,
1318 5688 1593 5741 pr0peque
1644 5675 1695 5728 in
1736 5676 1931 5729 cmlum
1980 5690 2165 5744 porre-

614 5768 731 5813 ctas
758 5762 913 5827 quasi
950 5764 1120 5817 oculis
1155 5763 1427 5835 subjicere
1460 5781 1469 5814 :
1505 5766 1700 5830 partim
1738 5768 1935 5837 scripta
1961 5784 2057 5822 sua
2097 5768 2160 5820 ad

2272 4219 2364 4269 καὶ
2382 4213 2562 4286 ζητεῖν
2581 4218 2721 4270 οὕτω
2740 4219 3064 4288 συγγνώμην
3079 4219 3173 4271 ἐπὶ
3184 4222 3292 4280 τοῖς
3311 4213 3664 4287 πταίσμασιν.
3682 4219 3821 4288 Ἐγὼ

2270 4310 2312 4362 δ’
2338 4308 2551 4377 ἀμελῶς
2574 4310 2709 4378 πρὸς
2728 4310 2788 4361 τὸ
2806 4310 2963 4378 ἔργον
2980 4312 3043 4362 ὲκ
3066 4310 3161 4375 τῆς
3189 4310 3326 4378 πρὸς
3340 4312 3407 4362 τὰ
3429 4311 3568 4363 καλὰ
3587 4312 3820 4381 νωτριάς

2271 4399 2471 4450 διατιΟέ
2480 4415 2657 4466 μενος,
2690 4397 2818 4468 περὶ
2847 4398 2906 4450 τὸ
2930 4399 3201 4468 πάρεργον
3228 4399 3511 4452 κατίτεινα
3536 4399 3634 4469 τὴν
3658 4417 3820 4453 σπουσ⁸

2270 4490 2385 4558 δήν.
2408 4490 2546 4543 Ἀλλ’
2574 4492 2656 4543 ἵνα
2676 4508 2727 4542 τι
2746 4491 2836 4543 καὶ
2857 4475 3404 4561 ὑπεραπολογήσομαι
3433 4492 3691 4561 ἐμαυτοῦ,
3720 4492 3819 4544 οὐκ

2269 4582 2475 4634 οἴκοθεν
2504 4581 2766 4654 ὡρμήθην
2797 4584 2928 4652 πρὸς
2953 4583 3014 4636 τὺ
3049 4584 3371 4655 ἐγχείρημα.
3411 4585 3636 4653 Ἄνδρες
3666 4586 3722 4637 δέ
3751 4601 3816 4653 με

2270 4676 2411 4743 φίλοι
2440 4676 2574 4745 πρὸς
2602 4676 2762 4728 τοῦτο
2784 4676 3121 4745 παρέθηξαν,
3158 4678 3481 4746 σχολάζοντα
3506 4676 3812 4746 βλέποντες,

2270 4768 2364 4818 καὶ
2390 4767 2589 4834 χρῆσαι
2615 4766 2860 4832 λέγοντες
2891 4769 2957 4835 τῇ
3005 4767 3167 4836 σχολῇ
3202 4767 3334 4837 πρὸς
3370 4768 3529 4837 ἔργον
3560 4784 3817 4835 κοινωφε-

2270 4856 2378 4917 λὶς,
2410 4860 2501 4907 καὶ
2532 4856 2779 4922 κείσηταί
2818 4873 2897 4907 σοι
2941 4872 2993 4907 τι
3026 4856 3133 4909 κάκ
3179 4856 3365 4910 τούτου
3396 4859 3531 4927 πρὸς
3565 4859 3657 4911 τοῦ
3680 4857 3814 4910 Θεοῦ

2270 4946 2639 5013 ἀνταπόδομα.
2674 4947 3025 5017 Προσεπῆγον
3055 4951 3182 5022 γὰρ,
3214 4948 3287 5014 ὡς
3316 4951 3364 5004 οἱ
3390 4951 3515 5020 περὶ
3545 4950 3640 5012 τὰς
3679 4951 3818 5002 ἱστο-

2276 5039 2392 5106 ρίας
2418 5040 2770 5107 πονήσαντες,
2794 5038 2885 5090 καὶ
2916 5039 2983 5091 τὰ
3010 5039 3174 5093 πάλαι
3207 5042 3467 5109 γενόμενα
3500 5039 3817 5111 συγγραψά-

2274 5146 2443 5197 μενοι,
2478 5132 2525 5180 οἱ
2569 5130 2665 5205 μὲν
2704 5128 3137 5200 διεξοδικώτερον
3172 5134 3269 5193 τάς
3309 5149 3366 5183 τε
3402 5130 3563 5191 ἄλλας
3596 5132 3817 5199 πράξεις

2272 5221 2379 5271 τῶν
2414 5221 2655 5275 παλαιῶν
2679 5220 2906 5291 ἀνδρῶν,
2934 5223 3027 5276 καὶ
3050 5224 3117 5276 τὰ
3152 5222 3577 5291 στρατηγήματα
3620 5239 3817 5290 συγγε-

2272 5311 2514 5380 γράφασι
2558 5311 2889 5380 παρατάξεις
2938 5309 3304 5379 διηγούμενοι,
3351 5308 3468 5359 καὶ·
3501 5309 3815 5377 συμπλοκάς

1071 5417 1084 5452 :
1139 5412 1506 5470 praetereaque
1572 5402 1728 5465 loca,
1792 5413 1845 5456 et
1910 5402 2168 5473 impedita

2274 5404 2713 5472 στρατευμάτων,
2740 5405 2829 5456 καὶ
2855 5403 3286 5472 στρατοπεδείας,
3314 5402 3404 5453 καὶ
3433 5402 3697 5471 χάρακας.
3726 5401 3815 5453 καὶ

2275 5496 2324 5547 εἴ
2358 5513 2407 5547 τι
2438 5496 2643 5556 τούτοις
2698 5494 2975 5562 ἑπόμενον.
3030 5495 3167 5565 Πρὸς
3210 5494 3266 5544 δὲ
3307 5495 3415 5554 τοῖς
3468 5496 3817 5563 περιηγήσεις

2274 5588 2481 5652 χωρίων
2526 5585 2616 5634 καὶ
2652 5583 2935 5651 δυσχορίας
2962 5582 3117 5644 ὀδῶἰ,
3148 5578 3364 5656 καὶκδρη
3405 5584 3677 5651 προσάντη
3723 5581 3818 5632 x11

2271 5675 2531 5736 δύσϐατα,
2590 5671 2683 5724 καὶ
2730 5672 2982 5725 αὐλώνων
3033 5672 3421 5741 στενοχωρίας,
3476 5676 3567 5724 καὶ
3614 5672 3817 5723 πόλεων

2272 5767 2621 5835 ὀχυρότητας,
2658 5766 2750 5815 καὶ
2784 5764 3164 5833 πυργωμάτων
3190 5762 3296 5834 ὕψη
3329 5766 3596 5833 μετέωρα,
3622 5763 3712 5814 καὶ
3744 5763 3817 5821 ὡς
