4030 6332
280 418 333 482 81
1482 434 1796 493 ANNALII

1916 432 2061 491 [ΑΒ.
2105 432 2152 490 ῐ.
2246 450 2249 453 ⁷
3373 434 3441 494 82

278 535 517 604 Βενιαμίν.
548 538 607 589 Οἱ
633 537 687 589 δὲ
726 538 941 605 ἀδελφοὶ
982 537 1165 602 αὐτοῦ,
1206 538 1302 600 τὰς
1346 539 1533 603 στολὰς
1563 534 1780 612 διαρρὴ-

1895 547 2100 598 locutus
2121 578 2135 601 ,
2164 538 2357 591 fratres
2381 538 2687 607 amplexus,
2722 540 3040 595 muneribus
3068 545 3438 612 prosequitur.

286 625 453 690 ξαντες,
484 628 692 681 ἔκλαιον
734 632 825 682 καὶ
857 631 1189 683 συνείποντο.
1242 632 1440 702 Ἰωσὴφ
1474 630 1529 683 δὲ
1566 632 1784 691 τούτους

1895 629 2076 696 Itaque
2106 629 2179 682 illi
2214 628 2436 695 abeunt.

286 717 501 778 ὀνειδίσας
525 717 596 779 ὼς
640 720 986 788 ἀχαρίστους,
1042 721 1335 790 ἠλευθέρου
1376 723 1474 792 μὲν
1515 723 1640 783 τοὺς
1667 720 1906 781 λοιποὺς,
1985 717 2117 789 μόνῃ
2182 718 2225 770 δ’
2282 720 2505 787 ἠρκεῖτο
2529 722 2593 790 τῇ
2624 718 2717 772 τοῦ
2740 722 2994 791 Βενιαμὶν
3060 728 3287 796 κατοχῇ,
3319 729 3442 791 τοὺς

285 806 324 858 δὲ
344 809 516 877 ἀπορία
546 813 805 880 συνεῖχεν.
849 812 1048 874 Ἰούδας
1074 813 1129 864 δὲ
1163 814 1463 884 διαλεχθεὶς
1529 816 1622 865 καὶ
1682 811 1851 864 πολλὰ
1895 810 2027 879 πρὸς
2082 810 2226 863 ιλεον
2284 810 2673 882 δημηγορήσας
2731 814 3026 882 ἐπαγωγὰ,
3098 819 3174 879 είς
3227 819 3443 889 ἔλεγχον

285 903 417 969 ήγαγε
450 902 536 954 τοῦ
578 904 779 967 πάθους
812 905 902 957 τὸν
949 896 1262 975 Ἰωσήφ.’⁹0
1303 909 1358 960 δὲ
1398 907 1590 977 μηκέτι
1636 906 1929 973 δυνάμενος
1993 903 2381 970 ὑποκρίνεσθαι
2446 905 2543 974 τὴν
2589 906 2778 975 ὀργὴν,
2839 907 3090 977 γνωρίζει
3120 912 3229 972 τοῖς
3289 912 3442 963 ἀδελ-

287 997 373 1058 cui;
406 995 599 1059 ἑαυτὸν,
646 997 739 1047 καὶ
774 997 931 1066 χάριν
963 998 1146 1058 αὐτοῖς
1186 999 1475 1066 ὡμολόγει,
1540 998 1612 1056 ὼς
1681 995 1971 1056 συναιτίοις
2015 994 2321 1061 γενομένοις
2393 995 2498 1047 τῶν
2550 994 2626 1062 τῷ
2660 996 2777 1065 Θεῷ
2828 995 3265 1066 βεϐουλευμένων
3318 1009 3444 1068 περὶ

286 1084 433 1136 αὖτοῦε
461 1087 648 1137 Ἀπιτε
669 1081 803 1149 οὖν,
825 1090 976 1154 φησὶ,
1004 1089 1098 1141 καὶ
1140 1089 1323 1142 ταῦτα
1364 1087 1671 1153 δηλώσατε
1709 1082 1788 1147 τῷ
1824 1084 2018 1149 πατρὶ,
2080 1085 2266 1135 αὐτόν
2297 1101 2361 1137 τε
2389 1083 2483 1137 καὶ
2522 1083 2725 1140 πᾶσαν
2755 1086 2867 1152 τὴν
2888 1089 3243 1154 συγγένειαν
3304 1080 3445 1144 ἀγαέ

286 1173 521 1239 λαϐόντες
572 1175 854 1229 ἐνταυθοῖ
896 1176 1333 1244 μετοικίζεσθε·
1398 1179 1486 1231 ἔτι
1537 1176 1643 1245 γὰρ
1694 1175 1789 1227 ἐπὶ
1864 1174 2217 1227 πενταετίαν
2253 1174 2423 1227 ἔσται
2471 1178 2660 1244 λιμός.
2686 1176 2869 1230 Ταῦτα
2914 1177 3084 1230 εἰπὼν
3135 1181 3445 1250 περιϐάλλει

287 1271 381 1331 τοὺς
420 1269 687 1337 ἀδελφοὺς,
725 1272 820 1327 καὶ
862 1271 1090 1340 δωρεαῖς
1128 1273 1411 1338 δεξιοῦται.
1456 1275 1562 1326 Καὶ
1600 1274 1648 1323 ot
1694 1272 1793 1339 μὲν
1833 1269 2090 1339 ἀπῆλθον.

340 1361 421 1412 lA'.
463 1360 516 1412 '0
543 1360 595 1413 δὲ
638 1359 829 1414 Ἰακὼϐ
862 1363 1047 1432 μαθὼν
1088 1364 1152 1417 τὰ
1192 1372 1316 1435 περὶ
1352 1363 1568 1433 Ἰωσὴφ,
1602 1363 1793 1431 ὥρμη-

294 1466 355 1501 σεν
385 1450 527 1511 εὐθὺς
553 1451 688 1519 πρὸς
721 1452 907 1515 αὐτὸν,
939 1456 1118 1506 πᾶσαν
1146 1453 1243 1523 τὴν
1286 1454 1599 1521 συγγένειαν
1632 1452 1791 1506 αὑτοῦ

291 1541 592 1609 ἑπαγόμενος.
626 1539 807 1597 Ἦσαν
843 1544 900 1596 δὲ
936 1544 1305 1615 ἑϐδομήκοντα
1353 1547 1531 1600 πέντε.
1578 1546 1711 1614 Ἤδη
1739 1545 1793 1597 δὲ

287 1635 359 1700 τῆς
384 1634 639 1700 Αἰγύπτου
674 1635 902 1704 πλησίον
932 1636 1044 1689 δντι
1083 1637 1253 1705 αὐτῷ,
1286 1638 1644 1707 προσυπαντᾷ
1682 1638 1795 1689 ’ἰω-

288 1726 390 1795 σήφ.
434 1726 486 1778 '0
511 1726 553 1777 δ’
596 1726 700 1779 ὑπὸ
733 1728 906 1796 χαρᾶς
943 1728 1141 1797 μικροῦ
1179 1728 1285 1780 δεῖν
1329 1728 1564 1792 ἐξέλιπε.
1607 1728 1790 1797 Παρα-

285 1815 498 1881 γεγονδτα
541 1817 596 1869 δὲ
638 1819 729 1870 τὸν
788 1817 983 1872 Ἰακὼϐ
1037 1820 1290 1880 καὶτοὺς
1337 1819 1454 1887 μετ’
1483 1817 1652 1870 αὑτοῦ
1711 1820 1789 1878 εις

1966 1360 2052 1413 XI.
2098 1362 2329 1416 Iacobus
2376 1362 2595 1431 Iosephi
2638 1365 2802 1417 rebus
2849 1364 3108 1433 cognitis,
3150 1364 3331 1420 statim
3379 1367 3445 1420 ad

1893 1466 2013 1506 eum
2060 1463 2308 1521 properat
2338 1470 2457 1508 cum
2489 1454 2633 1508 omni
2674 1469 2769 1508 sua
2807 1456 3129 1523 cognatione
3156 1496 3169 1518 ,
3203 1456 3294 1523 qui
3329 1472 3449 1509 om-

1893 1557 1991 1595 nes
2029 1559 2163 1595 Lxxv
2209 1553 2384 1598 erant.
2440 1544 2573 1600 Cum
2617 1562 2746 1599 vero
2780 1547 2887 1615 jaut
2949 1561 3116 1614 prope
3157 1544 3445 1617 Egyptqu

1892 1635 2170 1696 venisset,
2207 1634 2421 1689 obviam
2469 1636 2517 1689 ei
2547 1637 2813 1705 Iosephus
2850 1638 3215 1706 progreditur.
3262 1640 3330 1691 At
3360 1639 3450 1709 ille

1895 1738 2004 1791 pra:
2056 1724 2251 1792 gaudio
2288 1741 2420 1791 pene
2455 1727 2636 1780 animo
2686 1728 2967 1796 linquitur.
3021 1728 3226 1782 Pharao
3266 1731 3451 1784 audito

1884 1805 2079 1867 Iacobi
2129 1830 2251 1867 cum
2311 1816 2423 1892 suis
2467 1816 2520 1868 in
2564 1816 2850 1887 Aigyptum
2904 1819 3137 1873 adventu
3164 1859 3178 1881 ,
3210 1822 3404 1890 gaudet
3435 1864 3447 1884 ,

286 1905 512 1970 Αῖγυπτον
551 1906 784 1968 ἀκούσας
825 1908 854 1958 ὁ
895 1906 1109 1977 Φαραὼ,
1137 1907 1338 1976 χαίρων
1364 1902 1453 1977 ἦν,
1487 1906 1580 1959 καὶ
1615 1924 1787 1974 παρα-

1897 1922 2133 1974 eumque
2184 1922 2367 1961 secum
2399 1922 2748 1993 congressum
2797 1910 2993 1964 salutat
3030 1930 3040 1964 :
3071 1920 3126 1964 et
3156 1913 3284 1980 quia
3309 1914 3451 1965 illius

285 1996 528 2063 γενόμενον
566 1997 655 2049 τὸν
695 1996 892 2050 Ἰακὼϐ
936 1997 1072 2066 πρὸς
1095 1996 1277 2061 αὐτὸν,
1322 1996 1623 2050 ἀσπάσατο.
1681 1998 1789 2050 Καὶ

288 2088 435 2156 μαθὼν
466 2090 721 2158 ποιμένας
761 2086 900 2143 εἶναι
938 2091 1060 2151 τοὺς
1096 2090 1214 2158 μετ’
1256 2089 1445 2151 αὑτοῦ,
1484 2092 1790 2159 συνεχώρη-

283 2195 355 2230 σεν
382 2182 539 2242 αὐτοῖς
581 2184 677 2248 τὴν
721 2183 779 2232 ὲν
821 2180 1002 2233 Ἡλίου
1032 2180 1183 2233 πόλει
1216 2180 1553 2249 κατοίκησιν.
1585 2178 1689 2232 Τοῦ
1733 2179 1790 2232 δὲ

283 2269 412 2339 λιμοῦ
458 2271 889 2343 ἐπιτεινομένω,
943 2272 1243 2343 χρημάτων
1310 2274 1423 2332 τοῖς
1475 2272 1790 2338 Αἰγυπτίοις

281 2361 489 2415 ἀπεδίδου
515 2365 600 2415 τὸν
622 2366 765 2418 σῖτον
786 2364 815 2417 ὁ
838 2363 1056 2433 Ἰωσήφ.
1080 2362 1297 2417 Τούτων
1312 2362 1356 2417 δ’
1379 2362 1785 2425 ἐπιλειπόντων,

276 2452 369 2503 τῶν
404 2453 744 2523 βοσκημάτων
785 2455 1017 2508 ὠνοῦντο
1051 2456 1211 2508 αὐτόν
1233 2470 1246 2484 ·
1281 2450 1398 2507 εῐτα
1422 2455 1517 2509 stat
1556 2454 1654 2521 τῆς
1687 2454 1790 2521 γῆς

278 2545 679 2616 παρανεχώρουν,
720 2547 807 2599 (va
853 2548 1127 2616 τραφεῖεν.
1168 2546 1324 2599 Οὕτω
1363 2545 1422 2599 δὲ
1461 2544 1553 2597 τοῦ
1594 2544 1791 2615 Φαραὼ

280 2636 431 2703 πάσης
470 2639 774 2707 περιουσίας
816 2639 1002 2708 κυρίου
1045 2640 1358 2707 γενομένου,
1393 2639 1531 2707 πλὴν
1563 2638 1670 2689 τῶν
1717 2639 1791 2689 ἱε-

278 2727 399 2794 ρέων
420 2729 635 2797 (τούτοις
682 2730 792 2800 γάρ
840 2728 1031 2799 ἔμενεν
1077 2731 1108 2798 ή
1142 2732 1292 2798 χώρα
1324 2729 1548 2797 αὐτῶν),
1580 2729 1654 2792 ὠς
1689 2730 1789 2799 ήδη

273 2816 519 2887 ἐλώφησεν
546 2822 573 2872 δ
596 2820 772 2889 λιμὸς,
802 2822 1074 2890 συλλέγων
1098 2822 1229 2884 τοὺς
1258 2821 1579 2887 Αἰγυπτίους
1609 2823 1637 2874 δ
1680 2823 1789 2873 ἰω-

281 2908 391 2977 she,
409 2910 617 2964 ἕκαστον
639 2913 716 2974 είς
748 2913 845 2981 τὴν
874 2912 1026 2964 πόλιν
1048 2912 1232 2973 αὑτοῦ,
1262 2912 1363 2976 τήν
1389 2928 1447 2963 τε
1475 2912 1579 2979 γῆν
1608 2913 1792 2972 αὐτοῖς

274 3000 543 3070 ἀχαρίζετο,
583 3001 677 3055 καὶ
722 3002 999 3072 φιλεργεῖν
1038 3003 1359 3072 παρεκάλει,
1394 3003 1493 3072 τήν
1520 3004 1791 3070 πέμπτην

270 3090 369 3142 τῶν
390 3095 598 3163 καρπῶν
625 3092 913 3158 τελοῦντας
939 3094 1016 3164 τῷ
1045 3093 1263 3166 Φαραώ.
1309 3092 1502 3147 Ἰακὼϐ
1536 3093 1591 3145 δὲ
1628 3093 1793 3145 ἑπτα-

267 3182 467 3235 καίδεκα
492 3183 579 3254 ἔτη
603 3186 661 3237 ιν
686 3186 945 3255 Αἰγύπτῳ
969 3184 1263 3262 διαγαγὼν,
1290 3186 1524 3261 νοσήσας
1557 3183 1787 3248 ἐξέλιπεν

269 3274 518 3339 τιροειπὼν
544 3276 659 3339 πῶς
692 3276 936 3346 μέλλοιεν
960 3279 1009 3330 οἱ
1040 3279 1103 3331 ἐκ
1131 3277 1229 3346 τῆς
1258 3278 1452 3344 γενεᾶς
1500 3276 1663 3330 αὑτοῦ
1693 3275 1791 3344 τήν

266 3362 543 3419 Χαναναίαν
591 3369 780 3422 οῑκεῖν.
838 3369 949 3421 Καὶ
991 3371 1105 3429 τοῖς
1139 3369 1237 3438 μὲν
1279 3370 1460 3431 ἄλλοις
1501 3368 1612 3420 τῶν
1661 3365 1791 3419 υἱῶν

266 3453 439 3521 κτῆσιν
478 3454 694 3521 ἀγαθῶν
737 3456 1126 3525 ἐπευξάμενος,
1165 3456 1256 3509 τοῦ
1308 3455 1499 3522 Ἰωσὴφ
1530 3456 1574 3508 δ’
1624 3456 1795 3520 ἐγκώ-

268 3563 383 3613 μιον
405 3549 693 3616 διεξελθὼν,
723 3551 804 3603 ὅτι
832 3551 908 3620 μὴ
939 3552 1365 3620 μνησικακήσειε
1390 3551 1502 3612 τοῖς
1524 3549 1793 3617 ἀδελφοῖς,

262 3639 541 3705 προσέταξε
570 3642 680 3703 τοῖς
713 3642 868 3704 υἱοῖς,
900 3641 1007 3704 ,ῖνα
1052 3642 1180 3703 τοὺς
1214 3641 1408 3703 παῖδας
1450 3640 1545 3693 τοῦ
1595 3640 1794 3711 Ἰωσὴφ

277 3730 495 3799 Ἐφραῖμ
515 3732 605 3785 καὶ
619 3730 886 3798 Μανασσῆ
915 3731 1392 3801 συναριθμήσωσιν
1417 3732 1649 3795 ἑαυτοῖς,
1675 3748 1798 3785 συν-

251 3820 600 3889 διαιρούμενοι
630 3821 837 3884 τούτοις
870 3821 968 3890 τήν
994 3822 1324 3886 Χαναναίαν.
1352 3822 1724 3892 Εὑλογηθῆναι
1743 3824 1798 3876 δὲ

254 3910 383 3972 τοῦς
424 3913 559 3975 υίοὺς
602 3914 766 3966 αὑτοῦ
812 3913 1013 3982 Ἰωσήφ
1032 3915 1392 3983 παραστήσας
1435 3912 1518 3982 τῷ
1581 3913 1796 3975 Ἰακὼϐ,

251 4002 351 4054 τὸν
378 4004 462 4071 μὲν
489 4004 845 4075 πρεσϐύτερον
870 4005 1009 4057 κατὰ
1042 4005 1137 4075 τὴν
1164 4003 1343 4070 δεξιαν
1375 4004 1568 4073 ἔστησε
1601 4005 1757 4073 χεῖρα
1782 4019 1797 4033 ι

252 4090 351 4140 τὸν
365 4090 416 4142 δι
434 4091 705 4162 νεώτερον,
725 4092 866 4145 κατά
886 4096 987 4162 τὴν
1006 4091 1183 4144 λαιάν.
1214 4091 1274 4144 '0
1310 4092 1365 4144 δὲ
1388 4092 1485 4156 τὰς
1506 4094 1697 4163 χεῖρας
1718 4094 1801 4171 έν-

250 4180 418 4245 αλλάξ
451 4184 563 4245 ταῖς
598 4183 707 4236 τῶν
754 4182 961 4237 παίδων
1009 4183 1273 4250 κεφαλαῖς
1320 4182 1659 4252 ἐπιθέμενος,
1703 4182 1802 4251 τήν

260 4272 359 4339 μὲν
383 4271 547 4338 δεξιὰν
574 4274 650 4343 τῷ
691 4277 938 4344 νεωτέρῳ
986 4275 1272 4343 ἀπένειμε,
1323 4273 1401 4343 τῷ
1448 4272 1803 4344 πρεσϐυτέρῳ

244 4362 315 4414 δὲ
348 4364 438 4430 τὴν
476 4364 767 4433 εὐώνυμον.
809 4365 915 4415 Καὶ
946 4363 1040 4415 τοῦ
1089 4363 1287 4432 Ἰωσὴφ
1329 4364 1404 4433 μὴ
1438 4363 1580 4416 οὕτω
1608 4363 1801 4433 χρῆναι

248 4454 351 4524 τήν
387 4450 972 4524 ἐπίθεσινποιήσασθαι
1017 4456 1125 4507 τῶν
1180 4454 1378 4523 χειρῶν
1424 4458 1696 4523 φήσαντος
1726 4455 1803 4524 τῷ

1890 1995 2236 2060 domesticos,
2268 1997 2534 2065 opiliones
2563 2014 2682 2053 esse
2711 2009 3003 2070 cognorat,
3046 2002 3147 2071 31
3182 2002 3339 2057 sedes
3371 2002 3453 2056 eis
3548 2005 3551 2007 ’

1888 2082 2151 2151 Heliopoli
2184 2086 2438 2155 assignat.
2470 2087 2627 2142 Fame
2660 2105 2822 2157 porro
2846 2104 3147 2156 crescente,
3177 2094 3443 2163 Iosephus

1893 2176 2124 2242 pecunia
2160 2175 2490 2230 frumentum
2516 2180 2699 2233 vendit
2728 2180 2992 2252 Egyptiis
3025 2200 3036 2235 :
3070 2200 3131 2237 ea
3170 2185 3449 2246 exhausta.

1888 2264 2176 2332 pecoribus
2206 2267 2258 2319 id
2298 2276 2504 2322 emunt.
2550 2268 2792 2339 Denique
2820 2273 2963 2341 agris
3008 2274 3169 2328 etiam
3207 2274 3443 2338 cedunt,

1889 2366 1949 2409 ut
1976 2355 2241 2412 haberent
2268 2359 2410 2413 unde
2439 2359 2703 2415 viverent.
2752 2361 2841 2416 Sic
2875 2364 3157 2435 Pharaone
3198 2366 3449 2420 omnibus

1889 2452 2059 2521 copiis
2099 2452 2273 2521 potito
2306 2453 2472 2521 (agris
2511 2453 2852 2509 sacerdotum
2876 2457 3116 2526 exceptis
3141 2499 3153 2520 ,
3201 2459 3294 2528 qui
3326 2461 3438 2514 suis

1889 2544 2295 2611 possessoribus
2331 2544 2640 2613 manebant)
2686 2547 2877 2615 utjam
2906 2548 3077 2604 fames
3123 2551 3403 2605 remisi-rat
3434 2593 3447 2614 ,
3526 2542 3540 2549 γ’

1887 2633 2159 2701 Iosephus
2190 2634 2467 2704 Egyptios
2509 2638 2560 2692 in
2610 2638 2769 2692 urbes
2799 2655 3043 2710 quosque
3084 2658 3212 2696 suas
3248 2659 3450 2697 convo-

1889 2733 1996 2785 cat,
2028 2718 2223 2776 terram
2248 2726 2327 2778 eis
2359 2726 2542 2790 donat,
2577 2736 2630 2779 et
2660 2730 2810 2796 operi
2847 2730 3086 2784 intentos
3112 2748 3231 2785 esse
3259 2734 3437 2801 jubet,

1893 2823 1951 2867 ut
1992 2815 2210 2883 quintas
2257 2815 2468 2885 frugum
2514 2817 2779 2872 Pharaoni
2825 2823 3144 2889 penderent.
3186 2824 3447 2890 Iacobus,

1890 2907 2045 2959 annis
2098 2921 2203 2959 xvu
2264 2905 2316 2958 in
2369 2906 2597 2976 Egypto
2652 2913 2970 2987 transactis,
3018 2930 3084 2967 ex
3140 2915 3449 2973 valetudine

1894 2998 2150 3074 moritur,
2193 3013 2317 3051 cum
2369 3000 2701 3067 praedixisset
2755 3012 2909 3068 ante,
2953 3015 3012 3059 ut
3056 3006 3137 3059 sui
3169 3008 3369 3075 posteri
3394 3008 3452 3068 in

1890 3086 2193 3143 Chanantea
2249 3088 2541 3143 habitaturi
2599 3102 2817 3158 essent;
2868 3109 2931 3149 ac
2976 3097 3187 3149 ueteris
3232 3094 3449 3165 quidem

1893 3174 2019 3230 ﬁliis
2074 3177 2253 3230 fausta
2319 3191 2735 3247 comprecatus,
2783 3193 2838 3235 et
2894 3184 3112 3253 Iosephi
3195 3187 3452 3242 laudibus

1892 3265 2201 3335 praedicatis
2228 3310 2241 3332 ,
2289 3270 2431 3337 quod
2479 3270 2727 3324 fraternae
2770 3274 2979 3341 injurias
3027 3275 3229 3329 oblitus
3267 3286 3449 3342 esset,

1894 3358 2114 3413 mandat
2160 3358 2321 3422 liliis,
2373 3368 2433 3412 ut
2487 3360 2703 3427 Iosephi
2763 3362 2959 3416 liberos
2999 3363 3346 3430 Ephraimum
3395 3378 3453 3421 et

1894 3448 2191 3502 Manassem
2222 3489 2235 3512 ,
2288 3451 2342 3502 in
2404 3467 2562 3504 suum
2629 3468 2910 3505 numerum
2966 3455 3358 3519 referrent,et
3400 3457 3451 3512 iu

1892 3538 2208 3593 Cbananzeae
2246 3525 2403 3594 terra:
2421 3543 2725 3609 portionem
2758 3543 3131 3601 admitterent.
3166 3547 3455 3616 Iosephus,

1896 3628 2024 3684 ﬁliis
2068 3631 2183 3685 suis
2216 3630 2283 3685 ad
2334 3632 2595 3685 Iacobum
2630 3633 2914 3698 adductis,
2941 3644 3000 3688 ut
3028 3636 3107 3689 eis
3148 3636 3287 3692 bene
3326 3652 3452 3707 prc-
3557 3696 3562 3701 _

1897 3730 2132 3787 caretur,
2190 3723 2446 3792 majorem
2503 3723 2570 3777 ad
2634 3723 2877 3778 dextram
2919 3727 3143 3791 statuit,
3185 3728 3453 3797 juniorem

1898 3813 1965 3866 ad
1999 3814 2214 3868 lavem.
2264 3814 2332 3867 At
2373 3815 2462 3868 illc
2498 3814 2751 3869 manibus
2787 3815 3116 3869 decussatim
3158 3833 3451 3885 puerorum

1899 3905 2167 3972 capitibus
2234 3906 2539 3972 impositis,
2595 3906 2842 3958 dextram
2901 3906 3105 3974 juniori
3165 3896 3452 3974 admovet,

1899 3996 2171 4050 sinistram
2220 3996 2428 4065 majori.
2474 3996 2556 4050 0b
2603 3996 2744 4064 quod
2794 3995 2993 4051 factum
3026 4012 3055 4051 a
3099 3997 3333 4068 Iosepbo
3365 4015 3455 4055 re-

1899 4096 2236 4164 prehensus,
2269 4094 2683 4148 collocationem
2732 4108 2988 4173 manuum
3021 4101 3229 4146 mutare
3260 4094 3452 4148 noluit.

1900 4184 2085 4252 Neque
2126 4183 2269 4237 enim
2322 4187 2417 4252 (ut
2465 4183 2733 4251 Iosephus
2785 4182 3044 4252 putabat)
3086 4196 3191 4257 per
3212 4196 3453 4238 errorem

1903 4272 1977 4325 ita
2028 4272 2262 4336 fecerat,
2299 4272 2623 4326 hebescente
2663 4272 2731 4325 ob
2775 4272 2985 4325 senium
3028 4272 3243 4341 ingenio
3295 4289 3313 4328 :
3360 4274 3453 4328 sed

1903 4361 2042 4415 vatis
2094 4361 2265 4415 instar
2306 4361 2523 4415 futuros
2569 4370 2798 4415 eventus
2839 4377 2935 4431 per
2962 4363 3215 4432 ambages
3244 4364 3458 4419 denun-

1906 4453 2091 4515 tiabat,
2124 4460 2177 4505 et
2202 4452 2491 4505 salutarem
2521 4466 2739 4505 crucem
2770 4452 3097 4506 informabat
3126 4471 3138 4505 :
3181 4469 3242 4508 ac
3272 4470 3461 4509 recen-

248 4546 434 4615 πατρὶ,
459 4549 659 4609 ἐκεῖνος
678 4544 967 4599 ἀλλοιῶσαι
991 4545 1081 4597 τὸν
1104 4543 1211 4596 τῶν
1234 4544 1433 4614 χειρῶν
1456 4546 1554 4597 οὐκ
1574 4545 1796 4613 ἐπείσθη

1905 4552 2011 4597 tem
2036 4543 2294 4611 populum
2323 4583 2336 4604 ,
2372 4559 2403 4595 e
2444 4544 2693 4611 gentibus
2725 4543 3017 4625 conﬂatum
3056 4545 3298 4609 scilicet,
3330 4547 3460 4599 dex-

236 4640 644 4710 σχηματισμόν.
692 4640 767 4693 οὐ
804 4638 934 4708 γὰρ,
981 4639 1055 4701 ὡς
1088 4636 1382 4707 ὑπείληφεν
1440 4636 1660 4706 Ἰωσὴφ,
1703 4636 1796 4688 οὐκ

1904 4641 2044 4687 trum
2068 4650 2102 4688 ε
2128 4634 2239 4687 Deo
2264 4633 2563 4703 judicatum
2603 4633 2670 4686 iri
2698 4632 3040 4717 signiﬁcabat
3068 4652 3081 4687 :
3120 4634 3413 4704 antiquiori
3443 4656 3459 4702 ί

238 4730 360 4801 ᾔδει
415 4729 441 4782 δ
496 4730 688 4793 εποίει,
729 4727 807 4799 τῷ
863 4729 1018 4799 βαθεῖ
1067 4728 1162 4781 τοῦ
1212 4730 1396 4799 γήρως
1444 4727 1664 4796 βλαϐεὶς
1709 4725 1805 4796 τὴν

235 4820 501 4876 διάνοιαν.
529 4819 639 4873 ἀλλ’
661 4819 737 4882 ὡς
767 4820 1050 4888 προφήτης
1080 4818 1149 4871 τὰ
1178 4820 1437 4888 μέλλοντα
1461 4820 1802 4891 ὑπῃνίττετο,

235 4914 338 4964 καὶ
369 4912 461 4964 τὸν
493 4904 985 4982 σωτήριονὶτύπου
1017 4909 1268 4978 σταυρὸν,
1302 4909 1393 4961 καὶ
1420 4908 1511 4960 τὸν
1536 4911 1651 4961 νέον
1675 4910 1802 4961 λαὸν

226 5002 330 5054 τὸν
375 5002 435 5063 ἐξ
478 4999 648 5053 ἐθνῶν
693 5000 895 5069 δηλαδὴ
929 5000 1101 5066 δεξιὸν
1141 4999 1328 5069 ἐδήλου
1383 4998 1799 5067 λογισθήσεσθαι

225 5095 311 5165 τῷ
347 5092 494 5162 Θεῷ.
543 5092 636 5144 καὶ
685 5092 779 5145 τοῦ
834 5091 1206 5162 πρεσϐυτέρου
1266 5089 1795 5160 προτιμηθήσεσθαι,

222 5184 389 5255 φημὶ
446 5183 580 5252 δῆτα
635 5181 729 5236 τοῦ
800 5181 1115 5236 Ἰουδαϊκοῦ.
1179 5180 1440 5250 Τελευτᾷ
1476 5181 1539 5233 δὲ
1605 5180 1797 5233 Ὶαλκὼϐ

222 5279 450 5351 βιώσας
498 5276 593 5344 ἐτη
644 5275 812 5345 τριῶν
853 5273 1041 5328 δέοντα
1071 5270 1263 5327 ἑκατὸν
1297 5274 1388 5325 καὶ
1443 5274 1796 5341 πεντήκοντα.

233 5370 456 5437 Ἰωσὴφ
502 5368 555 5419 δὲ
597 5367 689 5419 τού
728 5365 927 5438 Φαραὼ
963 5368 1437 5437 συγχωρήσαντος,
1474 5365 1689 5416 ἄπεισιν
1723 5365 1802 5425 εις

218 5458 533 5527 Χεϐρῶνα,
568 5459 661 5510 καὶ
692 5458 883 5511 θάπτει
929 5458 1020 5510 τὸν
1057 5458 1266 5527 πατέρα
1318 5455 1644 5516 πολυτελῶς.
1681 5456 1801 5508 Τῶν

216 5553 282 5606 δὲ
316 5549 572 5617 ἀδελφῶν
612 5549 862 5603 δεδιότων
906 5550 1367 5617 συνυποστρέφειν
1414 5546 1583 5615 αὐτῷ,
1609 5546 1693 5598 ἶνα
1727 5545 1803 5615 μὴ

1898 4722 2123 4778 Iudaico
2180 4724 2475 4788 nimirum,
2536 4712 2958 4792 praeferendum.
3018 4724 3166 4779 Obiit
3225 4725 3462 4779 Iacobus

1900 4830 2070 4869 annos
2103 4830 2163 4873 ct.
2201 4816 2379 4869 tribus
2408 4815 2668 4883 demptis.
2698 4814 2969 4883 Iosephus
3013 4816 3280 4885 permissu
3323 4818 3461 4871 Pha-

1900 4908 2081 4959 raonis
2166 4906 2506 4960 Chebronem
2598 4905 2964 4975 proﬁciscitur
3028 4948 3045 4973 ,
3144 4920 3460 4978 patremque

1899 5011 2094 5065 magno
2154 5006 2371 5065 sumptu
2422 4997 2613 5065 sepelit
2645 5015 2659 5051 ε
2696 5005 2750 5050 et
2783 4996 3042 5052 fratribus
3084 4999 3461 5055 dubitantibus

1902 5104 1969 5141 an
2009 5103 2129 5141 cum
2158 5103 2221 5140 eo
2248 5079 2650 5143 reverterentur
2681 5090 3031 5156 (verebantur
3052 5090 3195 5142 enim
3242 5106 3310 5145 ne
3358 5109 3450 5146 ve-

1905 5187 2101 5232 terem'
2143 5177 2401 5247 injuriam
2464 5180 2865 5245 ulcisceretur),
2904 5180 3225 5250 scrupulum
3308 5184 3456 5236 illum

1905 5268 2110 5322 eximit.
2172 5268 2237 5322 Et
2302 5270 2416 5338 ipse
2474 5270 2636 5322 etiam
2708 5271 2954 5333 moritur,
3007 5270 3238 5339 expletis
3300 5271 3457 5323 annis

1904 5369 2120 5414 centum
2170 5370 2225 5415 et
2265 5362 2452 5415 decem
2481 5376 2496 5413 :
2532 5375 2654 5414 cum
2688 5360 3033 5439 mandasset,
3069 5371 3129 5415 ut
3172 5362 3459 5431 populares

1898 5453 1989 5507 sui
2029 5467 2097 5505 ex
2148 5451 2379 5524 Egypto
2418 5445 2799 5520 remigraturi‘,
2845 5469 2942 5507 sua
2999 5453 3162 5507 etiam
3219 5469 3339 5507 ossa
3369 5524 3376 5533 ν
3404 5454 3456 5507 ἱιι

1906 5546 2266 5600 Chananasam
2300 5558 2496 5599 terram
2528 5561 2709 5600 secum
2750 5554 3111 5614 asportarent.
3215 5547 3217 5549 ’

221 5643 665 5716 μνησικακήσας
719 5643 1042 5713 ἀνταποδοίη
1120 5642 1338 5705 αὐτοῖς,
1394 5644 1568 5696 πείθει
1633 5641 1797 5709 μηδὲν
1880 5640 2201 5712 ὑφορᾶσθαι.
2263 5640 2499 5721 Τελευτᾷ
2565 5642 2621 5693 δὲ
2678 5644 2770 5693 καὶ
2863 5634 3053 5702 οὗτος,
3104 5639 3198 5707 ξτη
3258 5640 3457 5707 βιώσας

214 5739 442 5793 ἑκατὸν
494 5736 654 5801 δέκα,
708 5735 1101 5807 ἐντειλάμενος,
1157 5738 1239 5789 ὅτι
1306 5735 1795 5805 μεταναστεύσουσι
1837 5736 1931 5805 τῆς
1980 5733 2279 5801 Αἰγύπτου,
2325 5736 2372 5787 οἱ
2406 5736 2467 5787 ὲκ
2533 5735 2625 5786 τοῦ
2692 5735 2881 5801 γένους
2926 5732 3115 5796 αὐτοῦ,
3169 5734 3453 5802 ἐκκομίσαι

214 5837 327 5892 καὶ
358 5834 430 5888 τά
452 5834 587 5889 ὀστᾶ
610 5832 794 5900 αὐτοῦ,
820 5824 914 5887 καῖ’
932 5835 1009 5897 εἰς
1030 5833 1125 5905 τὴν
1149 5833 1454 5887 Χαναναίαν
1476 5833 1797 5900 ἀπαγαγεῖν.
