4030 6332
649 479 710 542 91

1891 477 2203 559 JOANNIS
2241 474 2559 536 ZONAM

3767 468 3838 528 99.

644 609 933 664 υιιρηευιτε
983 591 1034 646 id
1093 607 1264 667 genus
1311 593 1414 664 est)
1460 610 1523 648 ex
1571 609 1643 654 eu
1683 593 1978 662 colligere:
2016 609 2124 663 quo
2153 594 2196 647 si

2305 593 2397 651 ἰπὶ
2436 591 2646 652 τούτοις
2673 587 2734 642 τὸ
2765 587 2953 641 Μάννα
2986 585 3114 640 ὗσεν
3151 587 3333 652 αὐτοῖς
3395 584 3423 641 6
3463 585 3614 649 Θέδς,
3659 586 3837 655 μέλιτι

641 685 766 752 quis
811 685 929 752 plus
971 683 1296 752 collegisset,
1344 683 1605 752 postridie
1656 699 1762 738 non
1787 693 1904 738 erat
1947 685 2086 748 esui,
2140 692 2193 739 et

645 776 924 829 vermibus
954 786 1008 830 et
1033 775 1394 829 amaritudine
1423 784 1763 843 corruptum.
1791 773 1847 828 ld
1877 790 1941 828 eo
1964 775 2193 830 c0nsilio

641 855 867 930 factum,
900 882 965 920 ne
1001 863 1103 920 ubi.
1129 867 1332 920 robusti
1384 867 2068 929 multumcoacervassent,
2115 867 2195 920 in-
2232 873 2236 876 '

647 959 786 1012 firmi
829 954 1068 1028 egerent.
1122 959 1233 1013 Hoc
1273 959 1418 1013 victu
1470 974 1640 1013 annos
1680 958 2032 1027 quadraginta
2067 964 2194 1010 sunt

569 1086 572 1090 -
646 1049 747 1113 usi,
782 1050 954 1104 donec
981 1067 1011 1103 e
1043 1051 1261 1104 deserto
1291 1058 1660 1104 excesserunt.
1697 1049 1881 1102 Denuo
1926 1049 1977 1100 in
2017 1047 2192 1100 locum

647 1160 908 1212 aquarum
931 1151 1206 1211 expertem
1233 1142 1521 1212 progressi,
1548 1142 1765 1196 nomine
1792 1141 2084 1209 Rapliidin,
2105 1139 2193 1193 siti

647 1248 838 1290 contra
885 1235 1086 1289 Mosem
1135 1234 1573 1289 exstimulantur.
1620 1232 1667 1286 Is
1705 1242 1954 1301 precatus
2002 1232 2192 1294 Deum,

586 1334 594 1344 '
639 1326 860 1395 jubetur
891 1323 1095 1378 baculo
1122 1333 1400 1392 percutere
1429 1329 1635 1392 petram
1661 1338 1673 1378 :
1710 1337 1818 1391 quo
1847 1321 2010 1383 facto,
2045 1336 2196 1389 aqua:

645 1406 1036 1482 limpidissimae
1067 1413 1220 1481 copia
1242 1413 1495 1482 erumpit.
1526 1412 1653 1465 Inde
1672 1410 2037 1474 Amalechitm,
2073 1409 2194 1462 tini-

653 1505 802 1559 timis
837 1503 1000 1558 etiam
1042 1505 1095 1557 in
1142 1503 1398 1560 auxilium
1443 1502 1701 1572 evocatis,
1724 1509 1910 1556 contra
1943 1500 2196 1553 llebra-os

647 1579 969 1661 precedunt.
1018 1593 1191 1647 Moses
1225 1592 1497 1648 bellicosis
1537 1608 1566 1645 a
1598 1592 1801 1661 reliqua
1836 1589 1988 1644 turba
2016 1605 2194 1658 segre-

648 1683 807 1753 gatis,
862 1691 918 1736 et
963 1683 1090 1737 Jesu
1145 1683 1306 1736 Navis
1357 1683 1468 1736 ﬁlio
1513 1682 1650 1736 duce
1691 1692 1894 1746 creato,
1947 1697 2008 1735 ac
2048 1690 2196 1748 parte

647 1775 923 1830 exercitus
953 1774 1310 1843 adaquarum
1328 1774 1628 1829 custodiam
1663 1774 1767 1844 37
1812 1775 2023 1837 relicta,
2082 1774 2197 1840 ipse

651 1874 886 1927 montem
911 1864 1225 1920 conscendit
1255 1882 1268 1919 :
1308 1865 1546 1936 Jesuque
1588 1865 1826 1926 mandat,
1858 1876 1916 1918 ut
1951 1864 2061 1918 Deo
2094 1863 2197 1916 fre-

2297 683 2398 753 μὲν
2423 683 2521 754 τὴν
2546 680 2736 751 ἡδονὴν
2771 679 3030 750 ἐμφερὲς,
3065 679 3126 732 τὸ
3151 677 3207 730 δὲ
3261 678 3488 748 μέγεθος
3523 679 3839 747 κοριάνδρου

2294 778 2568 846 σπέρματι
2605 775 2811 843 ὅμοιον.
2869 773 3059 826 Μάννα
3092 771 3147 825 δὲ
3184 771 3316 842 παρ’
3363 769 3583 824 δκείνων
3619 770 3840 839 κληθὲν,

2293 867 2368 929 ὼς
2393 865 2737 936 ἀπορούντων
2772 865 2825 916 τί
2871 863 2936 917 ἂν
2977 863 3060 932 ειη
3101 861 3249 916 αὐτό.
3300 860 3374 914 Τὸ
3423 860 3531 930 γὰρ
3571 860 3696 913 Mdv
3747 862 3842 913 καὶ

2294 953 2632 1029 ἐπερώτησιν
2685 956 2855 1024 δηλοῖ,
2911 954 3052 1007 κατὰ
3101 953 3204 1023 τὴν
3265 952 3492 1005 ἐκείνων
3535 950 3839 1005 διάλεκτον.

2295 1050 2450 1104 υῦτω
2476 1050 2569 1103 καὶ
2606 1048 2780 1102 ταῦτα
2827 1046 3106 1115 Ἰώσηπος.
3168 1043 3510 1098 Ἐνετέταλτο
3556 1042 3613 1095 δὲ
3665 1041 3842 1096 ἀσσά-

2297 1159 2440 1212 ρωνα
2476 1143 2539 1193 ἐκ
2567 1139 2756 1192 τούτου
2804 1139 3030 1190 ἕκαστον
3089 1135 3363 1202 συλλέγειν
3395 1133 3456 1203 (6
3483 1133 3538 1185 δὲ
3586 1135 3843 1204 ἀσσάρων

2297 1230 2494 1299 μέτρον
2521 1216 2708 1294 iactv):
2731 1229 2778 1280 εί
2797 1227 2852 1280 δέ
2881 1244 2964 1289 τις
2993 1225 3151 1279 πλέον
3184 1224 3483 1290 συνέλεξεν,
3503 1225 3583 1290 είς
3604 1224 3701 1292 τὴν
3739 1223 3809 1277 αὖ
3828 1252 3839 1260 -

2299 1339 2410 1390 ριον
2436 1321 2665 1391 άὸροτον
2720 1315 2810 1390 ἧν,
2862 1317 2966 1370 ὐπὸ
3006 1333 3066 1370 τε
3124 1317 3426 1386 σκωλήκων
3486 1316 3580 1368 καὶ
3614 1315 3844 1385 πικρίας

2294 1409 2725 1480 διεφθαρμένων.
2773 1392 2945 1461 Τοῦτο
2995 1409 3050 1461 δὲ
3101 1409 3440 1478 ᾠκονόμητο,
3496 1409 3582 1462 ἵνα
3624 1409 3698 1478 μὴ
3733 1407 3845 1459 τῶν

2295 1500 2623 1570 ὲῤῥωμένων
2661 1500 2793 1552 πολὺ
2832 1499 3194 1565 συναγόντων,
3238 1499 3495 1572 ἐπιλείπῃ
3531 1502 3638 1562 τοῖς
3681 1497 3846 1559 ἀσθεο

2294 1590 2431 1644 νέσι,
2457 1591 2533 1659 Τῇ
2569 1589 2624 1642 δὲ
2657 1591 2828 1660 τροφῇ
2880 1589 3052 1660 ταύτῃ
3097 1591 3504 1660 τεσσαράκοντα
3541 1590 3848 1659 ἐχρήσαντο

2296 1687 2489 1751 ἐτεσιν,
2517 1687 2600 1755 ἐφ’
2636 1687 2759 1739 δσον
2791 1681 2934 1756 ἦσαν
2980 1687 3037 1738 ὲν
3071 1689 3135 1755 τῇ
3438 1685 3599 1748 Αὖθις
3641 1683 3733 1737 οὖν
3767 1685 3848 1745 είς

2295 1781 2520 1851 ἄνυδρον
2543 1775 2706 1847 ἦλθον
2743 1779 2930 1843 τόπον,
2964 1778 3302 1846 καλούμενον
3341 1778 3608 1845 Ῥαφιδὶν,
3639 1778 3738 1828 καὶ
3771 1777 3851 1828 δι-
3887 1765 3898 1797 ⁴

2296 1871 2473 1938 ψῶτες
2501 1870 2638 1925 κατὰ
2691 1869 2966 1931 Μωῦσίως
3029 1868 3334 1938 κεκίνηντο.
3374 1869 3431 1921 '0
3476 1868 3534 1921 δὲ
3580 1866 3674 1920 τοῦ
3709 1867 3850 1920 Θεοῦ

649 1966 757 2019 tus,
811 1966 998 2010 contra
1052 1956 1235 2012 hostes
1279 1957 1478 2012 educat
1525 1959 1729 2027 copias.
1773 1959 2032 2015 Conserta
2082 1961 2192 2030 jam

2299 1927 2829 2027 6anﬂeic,xelsuemt
2875 1927 3053 2029 ράύδῳ
3101 1927 3446 2032 τὴν’πέτρᾳν
3490 1944 3854 2027 πλῆξαι,’καὶ

650 2059 850 2125 pugna,
876 2045 1054 2114 quoad
1080 2047 1252 2101 Moses
1279 2063 1471 2101 manus
1489 2063 1702 2102 sursum
1730 2052 1964 2114 tenebat,
1989 2052 2196 2106 ΗΜΛ-εἰ

649 2136 1009 2189 Axnaleebitas
1081 2136 1217 2189 male
1283 2138 1637 2192 tractabant:
1681 2154 1802 2194 cum
1880 2141 2195 2207 remisisset,

649 2227 967 2281 extensione
1030 2227 1121 2280 illa
1173 2225 1446 2298 fatigatus,
1523 2229 1683 2282 iidem
1741 2232 2193 2306 succumbebant.

652 2321 838 2388 Itaque
890 2319 1085 2373 Λιιτοηί
1141 2320 1316 2384 fratri,
1369 2332 1425 2374 et
1475 2320 1567 2376 Οτὶ
1622 2323 1956 2377 Mariammes
2004 2317 2197 2378 marito

561 2433 563 2435 ί
655 2408 894 2472 mandat,
942 2422 1001 2462 ut
1031 2410 1282 2478 utrinque
1309 2418 1544 2465 astantes
1583 2428 1772 2466 manus
1793 2413 1894 2466 sibi
1923 2414 2192 2468 fulcirent.

597 3943 608 3972 \

652 2499 741 2569 Sc
801 2498 1009 2561 Hebrazi
1065 2501 1316 2565 victores,
1392 2501 1753 2557 Amaleebitas
1824 2505 2195 2559 internecione

649 2591 996 2660 deievissent,
1035 2593 1140 2649 nisi
1184 2610 1288 2649 nox
1331 2596 1574 2665 praelium
1607 2596 1932 2659 diremisset.
1971 2598 2122 2651 nullo
2163 2613 2196 2652 e

650 2699 764 2736 SUIS
791 2699 951 2738 C4880.

650 2793 827 2843 τευμα
867 2761 1142 2830 κατὰτῶν
1180 2776 1435 2829 ἐναντίων
1469 2775 1706 2843 ἐξάγειν.
1777 2779 1912 2850 Ἤδη
1968 2774 2061 2834 οὖν
2126 2782 2154 2833 6
2195 2780 2263 2833 πό

654 2867 843 2930 χεῖρας
873 2860 1013 2933 εῖχεν
1053 2864 1209 2933 ὑψοῦ,
1265 2867 1387 2929 τοὺς
1425 2868 1795 2936 Ἀμαληκίτας
1843 2872 1890 2923 οἱ
1946 2869 2188 2941 Ἑϐραῖοι
2227 2871 2409 2932 κακῶς
2464 2871 2779 2924 διετίθεντο.

2301 2039 2547 2119 πλήττειξ
2593 2044 2667 2118 ἦς·
2711 2048 2909 2100 αὐτίκα
2958 2047 3101 2117 ὕδωρ
3132 2047 3430 2115 ὲξεῦλύσϐη
3478 2047 3610 2101 πολύ
3659 2065 3718 2099 τε
3755 2049 3854 2100 καὶ

2297 2141 2700 2208 διαυγέστατον.
2729 2141 2790 2191 Ut
2812 2138 3245 2207 δὲ’Λμαληκίται
3271 2137 3408 2191 κατὰ
3438 2139 3545 2189 τῶν
3580 2137 3853 2207 Ἑϐραίων

2299 2231 2558 2301 ἐχώρουν,
2587 2230 2711 2288 τοὺς
2744 2229 3057 2296 περιοίκους
3104 2229 3427 2298 συμμάχους
3471 2228 3854 2301 προσκαλεσάο

2303 2338 2468 2390 μενοι.
2501 2313 2736 2390 Μωῦσῆς
2764 2319 2819 2372 δὲ
2848 2321 2906 2372 τὸ
2959 2321 3198 2390 μάχιμον
3233 2320 3330 2375 τοῦ
3365 2320 3496 2374 λαοῦ
3524 2319 3630 2375 τῶν
3670 2321 3855 2375 ἄλλων

2300 2410 2615 2476 άποδιελὼν,
2644 2413 2738 2463 καὶ
2761 2411 2969 2480 Ἰησοῦν
2990 2412 3079 2463 τὸν
3109 2409 3202 2464 τοῦ
3252 2412 3406 2482 Ναυῆ
3444 2415 3739 2478 ὲπιστῆσας
3763 2414 3856 2466 αύ-

2301 2506 2431 2568 τοῖς,
2459 2502 2626 2574 μέρος
2647 2504 2708 2554 δέ.
2730 2520 2782 2554 τι
2801 2502 2898 2571 τῆς
2915 2503 3172 2572 στρατιᾶς
3195 2502 3508 2557 καταλιπὼν
3537 2507 3616 2565 είς
3632 2503 3728 2573 τὴν
3751 2505 3852 2557 τοῦ

2301 2596 2488 2656 ὓδατος
2519 2596 2785 2665 φυλακὴν,
2806 2595 2968 2658 αὐτὸς
2999 2595 3096 2664 μὲν
3131 2595 3394 2667 ἀνεχώρει
3425 2597 3560 2668 πρὸς
3592 2596 3651 2649 τὸ
3670 2597 3801 2668 δρας
3827 2617 3841 2630 .

2266 2689 2475 2759 ,Ἰησοῦ
2510 2690 2552 2741 δ’
2582 2687 2886 2742 ἐνετέλλετο
2918 2691 3236 2744 πεποιθέναι
3273 2690 3412 2758 Θεῷ,
3455 2693 3550 2743 καὶ
3579 2692 3645 2743 -τδ
3667 2691 3846 2760 στρά-

2265 2780 2430 2848 λεμος
2460 2820 2462 2822 -
2495 2763 2926 2855 ωνερῤηλγνυτο·
2983 2781 3077 2839 καὶ
3129 2783 3284 2853 μέχρι
3335 2783 3432 2851 μὲν
3469 2767 3705 2852 Minuci];
3745 2785 3852 2846 τὰς

2866 2871 3086 2936 Ὁσάκις
3139 2874 3195 2926 δὲ
3239 2874 3334 2934 τὰς
3375 2877 3561 2944 χεῖρας
3602 2872 3788 2930 καθέει
3821 2878 3850 2928 6

652 2955 1008 3025 Μωῦσῆς,τῇ
1043 2956 1306 3010 ἀνατάσει
1373 2958 1578 3014 τούτων
1645 2961 2000 3032 πονούμενος,
2064 2962 2508 3032 καταπονηθῆναι
2555 2963 2679 3026 τοὺς
2739 2963 3025 3034 Ἐὅραίους
3073 2965 3399 3019 συνέδαινεν.
3467 2967 3850 3036 Ἐκατέρωθεν

649 3039 741 3094 οὖν
787 3046 880 3095 τὶν
917 3045 1148 3112 ἀδελφὸν
1187 3045 1416 3115 Ἀαρὼν,
1460 3051 1554 3102 καὶ
1596 3051 1715 3121 τΩρ,
1749 3053 1837 3104 τὸν
1869 3052 2036 3120 ἄνδρα
2091 3053 2198 3118 τῆς
2226 3052 2461 3135 ἀδελφῆς
2493 3054 2743 3122 Μαριὰμ,
2803 3055 3005 3121 στήσας
3034 3056 3250 3124 ἀνέχειν
3317 3055 3416 3119 τὰς
3443 3059 3629 3129 χεῖρας
3675 3061 3852 3113 αὐτοῦ

651 3135 949 3188 ἐνετείλατο
999 3135 1091 3188 καὶ
1140 3137 1281 3189 οὕτω
1323 3140 1446 3200 τοὺς
1513 3142 2170 3210 Ἀμαληκίταςνικῶντες
2223 3142 2484 3208 Ἑϐραῖοι,
2545 3145 2750 3207 πάντας
2784 3145 3088 3210 ἀπώλεσαν,
3133 3149 3199 3199 ἂν
3248 3149 3295 3200 εί
3339 3148 3414 3218 μὴ
3458 3149 3552 3216 νὺξ
3612 3152 3851 3222 ἐπέσχεν

651 3228 847 3288 αὖτοὺς
886 3226 1151 3298 Ἐβραίων
1182 3229 1238 3282 δὲ
1267 3229 1522 3299 τέθνηκεν
1552 3232 1673 3284 οὐδὲ
1708 3227 1808 3298 εἷς.

726 3321 836 3376 XV.
909 3322 979 3376 [ἐκ
1014 3339 1080 3377 eo
1119 3325 1239 3380 loco
1269 3329 1532 3398 progressi
1559 3370 1572 3391 ,
1621 3331 1876 3385 trimestri
1929 3343 2047 3401 post
2076 3335 2190 3387 exi-

2368 3327 2463 3382 IE'.
2503 3325 2742 3383 Ἐκεῖθεν
2773 3326 3020 3402 ἀπῄεσαν
3049 3329 3128 3388 εις
3163 3327 3222 3379 τὸ
3259 3293 3464 3396 πρόσω,
3506 3329 3597 3406 καὶ
3636 3331 3695 3382 ἐν
3725 3348 3853 3402 τρια

655 3426 765 3468 Iurn
818 3431 882 3468 ex
936 3415 1163 3486 [Egypto
1189 3418 1365 3484 spatio
1388 3458 1403 3482 ,
1438 3421 1503 3474 ad
1537 3421 1666 3475 Sina
1711 3433 1974 3477 montem.
2003 3439 2192 3492 perve-

656 3509 831 3560 niunt.
865 3508 939 3560 lbi
975 3508 1147 3561 Moses
1175 3524 1286 3561 rem
1323 3509 1558 3564 divinam
1583 3514 1708 3567 facit
1736 3533 1746 3564 :
1787 3527 1857 3568 .ct
1887 3531 1916 3567 a
1955 3515 2192 3584 Raguele

643 3609 842 3650 'snccro
864 3596 1044 3648 aditur
1065 3634 1081 3658 ,
1110 3595 1200 3664 qui
1231 3612 1352 3650 cum
1376 3615 1630 3667 generum
1672 3603 1900 3672 negotiis
1936 3603 2191 3670 obrutum

650 3687 884 3746 videret,
919 3687 1170 3740 omnibus
1208 3703 1331 3742 eum
1376 3691 1718 3755 adeuntibus,
1739 3697 1946 3759 suadet,
1981 3706 2032 3749 ut
2057 3697 2195 3765 juris

651 3766 872 3832 dicundi
935 3779 1260 3846 provinciam
1303 3782 1421 3837 aliis
1464 3786 1713 3840 mandet:
1767 3789 1880 3857 ipse
1929 3794 2191 3862 majorum

653 3886 831 3924 rerum
876 3886 1004 3932 cura
1043 3881 1328 3940 suscepta,
1374 3875 1532 3928 saluti
1587 3881 1770 3948 pepuli
1810 3885 2092 3948 consulat,
2140 3893 2194 3939 et

655 3965 932 4034 [ir-refectos
972 3968 1249 4038 designet,
1284 3970 1374 4038 qui
1401 3970 1580 4025 decies
1605 3972 1838 4025 millenis
1857 4013 1870 4036 ,
1897 3975 1988 4043 qui
2024 3975 2195 4030 mille-

654 4057 759 4119 nis,
789 4059 881 4123 qui
919 4060 1224 4128 quingenis,
1260 4061 1526 4130 centenis,
1561 4063 1992 4131 quinquagenis.
2030 4066 2191 4118 trice-

655 4145 739 4199 nis
803 4147 1175 4210 item,vicenis
1197 4186 1210 4212 ,
1238 4159 1292 4202 et
1325 4150 1482 4204 denis
1508 4153 1746 4218 pmsint.
1792 4152 2047 4222 Raguelis
2078 4170 2196 4208 mo-

653 4237 783 4292 nitis
836 4247 987 4306 paret
1034 4239 1240 4304 Moses;
1295 4242 1550 4308 pupulum
1604 4259 1774 4312 prope
1842 4243 1971 4312 Sina
2017 4254 2193 4300 castra

651 4330 832 4384 locare
857 4331 1030 4401 jubet,
1066 4332 1179 4401 ipse
1209 4342 1444 4387 montem
1478 4333 1744 4392 ascendit.
1777 4333 2018 4404 Populus
2039 4337 2190 4404 jussa

654 4409 974 4491 exsequitur
997 4461 1012 4485 ,
1046 4437 1168 4475 eum
1195 4424 1316 4478 aliis
1357 4425 1520 4478 rebus
1554 4416 1868 4489 immundis,
1903 4442 2025 4481 cum
2062 4443 2192 4481 con-

655 4531 841 4583 gressu
868 4514 1158 4591 mulierum
1194 4516 1431 4569 triduum
1459 4518 1755 4591 abstinens.
1787 4519 1882 4574 Die
1908 4521 2069 4574 tertio
2101 4538 2199 4574 nu-

653 4608 748 4662 bes
777 4609 1122 4664 HebrzeortIm
1157 4617 1329 4661 castra
1367 4607 1701 4674 circumdat,
1736 4625 1860 4664 eum
1895 4613 2198 4682 fulguribus

654 4697 1020 4759 terribilibus,
1051 4707 1102 4752 et
1125 4698 1334 4767 impetu
1359 4709 1679 4754 ventorum:
1733 4701 1933 4770 quibus
1979 4703 2192 4760 Hebrrei

655 4773 928 4855 perterriti
952 4824 966 4846 ,
1000 4787 1136 4840 intra
1164 4789 1509 4844 tabernacula
1551 4806 1610 4846 se
1642 4795 1941 4847 continent.
1992 4794 2191 4851 Deinde

655 4873 828 4926 Moses
864 4876 1138 4941 procedit,
1174 4876 1370 4931 ﬁducia
1406 4879 1597 4947 plenus
1619 4917 1635 4944 ,
1663 4896 1872 4950 suoque
1895 4894 2188 4950 conspectu

655 4964 1006 5033 popularibus
1049 4978 1248 5020 metum
1289 4969 1479 5024 adimit
1514 4986 1528 5023 :
1575 4986 1696 5040 quae
1740 4973 2009 5026 mandarit
2051 4975 2194 5028 Dens

653 5057 898 5126 exponit.
927 5065 981 5112 et
1007 5073 1128 5127 qua:
1150 5059 1230 5111 eis
1253 5060 1496 5116 instituta
1520 5064 1629 5118 sint
1653 5064 1915 5119 tenenda:
1946 5066 2198 5134 producit

652 5151 910 5216 populum
967 5164 1092 5204 cum
1141 5149 1399 5203 uxoribus
1432 5159 1489 5206 et
1523 5154 1712 5209 liberis
1757 5153 1824 5208 ad
1863 5156 2192 5211 audiendum

657 5239 847 5291 Deum.
889 5239 1131 5294 Audiunt
1174 5240 1252 5294 illi
1287 5255 1475 5294 vocem
1505 5259 1569 5295 ex
1604 5244 1711 5297 alto
1738 5244 2047 5301 demissam.
2103 5247 2194 5301 Illo

653 5345 843 5383 rursus
900 5342 1138 5384 montem
1184 5333 1545 5388 conscendit:
1583 5334 1636 5386 in
1678 5351 1787 5402 quo
1822 5352 1946 5411 eum
1990 5338 2195 5394 diutius

653 5429 980 5483 moraretur,
1005 5422 1236 5489 populus
1263 5424 1327 5477 ad
1348 5425 1618 5478 Aaronem
1651 5424 1962 5480 conﬂuens:
1988 5427 2188 5494 Facito,

655 5508 849 5576 inquit,
882 5507 1022 5562 nobis
1049 5508 1205 5561 deos:
1231 5525 1352 5562 nam
1375 5511 1498 5579 quid
1533 5510 1664 5564 Mosi
1693 5513 1961 5576 acciderit,
1982 5515 2198 5584 ignora-

572 5609 574 5611 ·
663 5611 797 5648 mus.
841 5595 1018 5650 Aaron
1041 5597 1091 5650 vi
1131 5596 1422 5662 subactus,
1467 5616 1660 5655 aureas
1687 5602 1932 5668 inaures,
1963 5614 2199 5661 etmun-

663 5685 792 5739 dum
823 5687 1139 5742 muliebrem
1172 5701 1400 5742 uxorum
1426 5701 1483 5742 et
1519 5691 1745 5745 ﬁliarum
1771 5711 1866 5747 eos
1893 5695 2092 5750 afferre
2113 5697 2202 5767 ju-

664 5774 1044 5834 bﬂaAlcrunt
1065 5781 1180 5845 illa,
1209 5790 1265 5837 ct
1287 5782 1516 5836 vitulum
1543 5797 1768 5836 aureum
1798 5785 1920 5839 inde
1939 5787 2200 5851 conﬂant,

2298 3423 2448 3486 μηνῳ
2481 3420 2616 3485 μετὰ
2647 3417 2742 3478 τὴν
2800 3418 2856 3479 ἐξ
2902 3418 3175 3484 Δίγύπτου
3233 3419 3527 3482 ἑξέλευσιν,
3588 3421 3852 3491 παρῆσαν

2286 3497 2386 3559 ΐπὶ
2413 3513 2469 3559 τὸ
2494 3508 2615 3576 ὅρος
2643 3509 2788 3559 ﬂavi.
2829 3509 2935 3561 Καὶ
2970 3510 3128 3561 ἔθυσε
3168 3510 3410 3578 Μωῡσῆς
3434 3512 3549 3562 ἐκεῖ
3590 3511 3667 3581 τῷ
3695 3513 3848 3584 Θεῷ,

2291 3601 2424 3650 ὅπου
2481 3601 2572 3650 καὶ
2632 3598 2900 3668 Ῥαγουὴλ
2936 3603 2962 3649 ὁ
3005 3599 3264 3667 πενθερὸς
3303 3600 3467 3652 αὑτοῦ
3529 3604 3851 3673 ἀπήντησεν

2279 3689 2460 3758 αὐτῷ.
2493 3692 2836 3754 Θεασάμενος
2876 3688 2932 3740 δὲ
2979 3688 3072 3741 τὸν
3117 3675 3466 3761 γαμὸρὺνὲν,
3529 3692 3669 3764 ὄχλῳ
3702 3713 3854 3764 πρα-

2278 3783 2514 3850 ,γμάτων
2567 3781 2714 3841 ὄντα,
2738 3782 2968 3834 πάντων
3001 3781 3084 3833 ἐπ’
3115 3775 3274 3836 ain-6v
3322 3783 3667 3854 βαδιζόντων,
3717 3785 3888 3842 συνο’

2295 3872 2541 3925 εὸούλευε
2575 3872 2670 3939 τὴν
2700 3874 2796 3941 μὲν
2827 3874 2932 3926 τῶν
2957 3874 3121 3926 δικῶν
3155 3874 3385 3945 ζήτησιν
3400 3877 3606 3947 ἑτέροις
3633 3880 3853 3950 ἐπιτρέ-

2295 3980 2437 4019 πειν.
2460 3961 2698 4014 αὑτὸνδὲ
2735 3963 2842 4013 τῶν
2871 3963 3138 4030 μειζόνων
3178 3968 3426 4027 προνοεῖν
3467 3971 3846 4037 πραγμάτων,

2294 4057 2387 4106 καὶ
2412 4054 2509 4123 τῆς
2535 4052 2628 4105 τοῦ
2663 4052 2791 4105 λαοῦ
2825 4054 3097 4122 σωτηρίας
3121 4071 3134 4084 °
3168 4056 3263 4106 καὶ
3306 4056 3449 4110 κατὰ
3486 4060 3712 4129 μυρίους
3741 4063 3848 4132 άρ-

2295 4159 2486 4211 χοντας
2520 4142 2912 4214 ἀποδεικνύειν,
2961 4139 3083 4194 εἷτα
3117 4146 3258 4199 κατὰ
3297 4145 3531 4214 χιλίους,
3565 4149 3659 4201 καὶ
3701 4153 3850 4204 κατὰ

2295 4236 2682 4298 πεντακοσίους
2709 4212 2926 4310 ὲτξρους
2961 4239 3206 4307 ὲφιστᾷν,
3234 4212 3328 4291 καί
3353 4241 3446 4293 ἐπὶ
3467 4240 3678 4306 τούτοις
3713 4245 3851 4298 ἑκα-

2295 4328 2621 4397 τοντάρχους
2682 4329 2776 4380 καὶ
2841 4331 3344 4397 πεντηκοντάρχους
3402 4333 3594 4397 ποιεῖν,
3641 4335 3734 4386 καὶ
3787 4339 3851 4388 ὲν

2294 4419 2608 4486 τριάκοντα,
2641 4421 2730 4471 καὶ
2753 4422 2944 4484 εἴκοσι,
2975 4421 3066 4471 καὶ
3094 4419 3225 4471 δέκα
3262 4421 3483 4490 ὲφιστᾷν
3522 4422 3647 4485 τοὺς
3666 4423 3853 4480 διακο·

2298 4509 2625 4578 σμήσοντας.
2652 4512 2836 4565 Ταῦτα
2880 4511 2971 4564 τοῦ
3013 4510 3276 4579 Ῥαγουὴλ
3319 4513 3849 4584 συμϐουλεύσαντος,

2300 4601 2538 4668 Μωῡσῆς
2575 4602 2714 4655 κατὰ
2769 4604 2865 4674 τὴν
2898 4604 3108 4657 ἐκείνου
3173 4601 3453 4671 ὑποθήκην
3493 4607 3681 4663 stout:
3708 4600 3850 4662 Εἶτα

2305 4691 2525 4758 πλησίον
2565 4695 2982 4763 μετασκηνῶσαι
3011 4695 3104 4745 τοῦ
3132 4693 3292 4761 ὅρους
3326 4693 3455 4744 Σινά
3485 4694 3563 4765 τῷ
3602 4696 3714 4765 λαῷ
3754 4701 3851 4752 ty.-

2300 4782 2632 4851 τειλάμενος,
2684 4785 2844 4847 αὐτὸς
2906 4785 2986 4845 είς
3019 4784 3078 4834 τὸ
3107 4783 3230 4851 ὅρος
3279 4784 3486 4854 ἀνῄει⁶’
3512 4786 3604 4839 καὶ
3647 4788 3673 4841 6
3717 4787 3854 4854 λαὸς

2301 4874 2732 4942 μετεσκήνωσεν,
2767 4871 3008 4940 άγνεύων
3040 4877 3140 4944 τήν
3182 4890 3240 4926 τε
3273 4873 3437 4943 ἄλλην
3467 4875 3712 4946 ἁγνείαν,
3743 4881 3850 4932 καὶ

2300 4963 2405 5014 άπὸ
2433 4963 2687 5030 γυναικὸς
2713 4962 2998 5025 συνουσίας
3027 4965 3218 5034 τρίτην
3237 4967 3474 5036 ἡμέραν.
3507 4968 3665 5021 Κατά
3687 4967 3746 5019 δέ
3780 4986 3852 5035 γε

2291 5041 2390 5120 τὴν
2433 5052 2621 5124 τρίτην
2664 5053 2831 5109 ἕωθεν
2912 5055 3109 5127 νεφέλη
3145 5127 3148 5131 ι
3178 5057 3538 5128 περιεκύκλου
3593 5058 3654 5111 τὺ
3731 5060 3852 5113 τῶν

2309 5148 2573 5218 Ἐϐραίων
2605 5151 2988 5220 στρατόπεδον,
3019 5151 3296 5225 ἀστραπαί
3317 5171 3375 5205 τε
3405 5149 3543 5223 ἦσαν
3587 5153 3849 5225 φοϐεραὶ,

2297 5242 2392 5293 καὶ
2420 5243 2746 5310 πνευμάτων
2780 5243 3099 5313 σφοδρότης,
3134 5245 3170 5299 ἃ
3202 5247 3328 5309 τοὺς
3369 5245 3653 5316 Ἐδραίους
3704 5248 3849 5305 ἐδεί-

2303 5347 2458 5401 μαινε
2484 5332 2603 5393 ταῖς
2634 5334 2862 5401 σκηναῖς
2897 5335 3321 5404 προσμένοντας.
3369 5335 3744 5404 Έπιφαίνεται
3784 5339 3850 5394 δὲ
3876 5351 3896 5368 ’
3967 5331 3975 5341 ’

2295 5421 2324 5472 6
2352 5421 2586 5488 Μωῦσῆς
2617 5419 2866 5488 ἔμπλεως
2893 5424 3150 5494 θάρσους,
3178 5426 3277 5479 καὶ
3321 5425 3506 5493 ὀφθεὶς
3564 5429 3850 5484 ἀπαλλάτ-

2298 5527 2376 5563 τει
2405 5508 2691 5587 τοιτδὲους
2721 5512 2938 5577 αὐτοὺς,
2968 5515 3060 5566 καὶ
3116 5515 3310 5583 μηνύει
3361 5516 3541 5585 σφίσιν
3582 5518 3618 5573 ἃ
3643 5520 3671 5572 6
3706 5519 3848 5588 Θεδς

2297 5600 2615 5668 ἐνετείλατο,
2653 5604 2744 5656 καὶ
2794 5604 2892 5657 ὅσα
2939 5604 3229 5672 φυλάξουσι
3271 5607 3498 5677 νόμιμα,
3540 5611 3632 5663 καὶ
3673 5628 3846 5681 προσε-
3913 5660 3915 5662 ,

2300 5691 2422 5758 άγει
2445 5694 2534 5745 τὸν
2560 5693 2684 5749 λαὶν
2708 5695 2829 5763 ἅμα
2853 5693 3064 5762 γυναιξὶ
3089 5696 3181 5747 καὶ¹
3205 5697 3438 5762 τέκνοις,
3459 5699 3532 5763 ὡς
3551 5701 3846 5757 ἀκούσαιεν
3868 5727 3874 5732 ·

2298 5785 2389 5837 τοῦ
2435 5785 2588 5839 Θεοῦ.
2658 5787 2766 5838 Καὶ
2811 5788 3006 5855 ἢκουον
3063 5789 3243 5858 φωνῆς
3286 5792 3482 5860 ύζμόθεν
3529 5793 3844 5859 γινομένης.

666 5869 828 5940 eique
862 5868 1160 5937 immotam.
1203 5875 1377 5931 Moses
1416 5875 1484 5931 de
1530 5884 1712 5932 montc
1751 5876 2120 5945 descendens,
2150 5887 2196 5934 et

2305 5876 2413 5932 Εἶτ’
2465 5879 2617 5941 abiit;
2651 5880 2854 5933 ἁνεισιν
2912 5881 2989 5943 εἰς
3043 5880 3101 5934 τὺ
3129 5883 3288 5952 δροςυ
3345 5886 3438 5936 καί
3477 5886 3845 5954 χρηνησαντος
