4030 6332
642 397 711 457 93
1229 438 1231 440 -
1876 400 2198 463 JOANNIS
2231 402 2548 464 ZONARIE
3780 398 3851 460 96

642 521 707 559 ex
732 518 867 558 auro
896 503 1094 558 omnia.
1121 504 1389 560 Parantur
1420 513 1476 560 et
1503 508 1879 563 sacerdotibus
1913 525 1976 564 ac
2015 511 2197 580 ponti-

2307 509 2617 582 ίερουργίαν
2665 508 2983 582 ἡτοίμαστο,
3027 508 3233 580 χρύσεα
3268 508 3467 565 πάντα.
3507 485 3752 567 Γίνονται
3795 513 3856 566 δέ

644 597 727 649 tici
749 596 911 652 etiam
937 597 1106 651 stolen.
1135 593 1673 653 Pontificem'autem
1695 599 1964 654 Aaronem
1989 607 2196 655 renun-

642 689 804 742 tiarat
833 689 998 742 Deus.
1038 689 1173 743 Tum
1209 677 1617 760 Moses'populo
1648 702 1943 748 convocato
1978 711 1991 746 :
2043 693 2192 760 Viri,

640 779 838 848 inquit,
865 797 990 849 opus
1023 781 1317 835 absolutum
1360 791 1464 846 est,
1502 782 1840 850 sacriﬁcandi
1887 792 2063 838 autem
2103 787 2197 839 ho-

643 886 767 923 nore
811 874 1072 924 Aaronem
1103 872 1354 942 dignatur
1387 874 1542 927 Deus.
1572 875 1772 928 Deinde
1801 875 2051 930 conlerre
2081 877 2194 937 siu-

649 963 802 1029 gulos
830 962 983 1031 jubet
1019 963 1146 1017 Sicli
1179 965 1492 1029 semissem,
1532 966 1610 1020 ad
1632 969 1966 1021 tabernaculi
2029 970 2197 1023 mini-

641 1053 807 1107 steria
836 1053 1208 1108 sustentanda.
1228 1055 1323 1108 Est
1351 1065 1532 1110 autem
1570 1056 1775 1120 Siclus,
1811 1057 2061 1114 llebraici
2090 1076 2195 1114 nu-

642 1142 908 1197 mismatis
949 1159 1121 1213 genus
1150 1184 1164 1209 ,
1204 1145 1349 1214 quod
1390 1155 1622 1215 quatuor
1669 1147 1952 1202 drachmas
1990 1150 2196 1207 Atticas

639 1231 804 1287 valet.
843 1234 1116 1288 Numerus
1146 1250 1333 1289 eorum
1372 1237 1465 1305 qui
1500 1236 1853 1292 conferebant
1882 1283 1894 1303 ,
1927 1239 2029 1294 fuit
2067 1257 2190 1295 sex-

641 1326 955 1391 centoru'rn,
1011 1326 1251 1396 quinque
1316 1326 1586 1392 millium,
1647 1330 2067 1398 quingentorum
2140 1341 2196 1386 et

641 1416 1028 1486 quinquaginta
1056 1436 1070 1471 :
1104 1433 1228 1472 cum
1251 1433 1317 1472 ex
1343 1419 1592 1489 ingenuis
1625 1421 1660 1474 ii
1693 1422 1954 1476 duntaxat
1977 1422 2194 1478 confer-

640 1516 784 1570 rent,
820 1509 912 1575 qui
948 1509 1264 1563 viceslmum
1292 1525 1492 1563 annum
1525 1513 1906 1574 excessissent,
1933 1529 2101 1583 usque
2126 1517 2192 1568 ad

641 1597 1176 1667 quinquagesimum.
1264 1599 1584 1655 Confectum
1637 1612 1721 1656 est
1781 1605 2192 1659 tabernaculum

643 1689 924 1743 mensibus
957 1700 1184 1756 septem.
1237 1689 1488 1746 Ostendit
1531 1702 1713 1747 autem
1754 1695 1896 1749 Deus
1923 1696 2191 1752 descensu

645 1781 699 1833 in
730 1779 1138 1835 tabernaculum
1165 1798 1264 1836 suo
1285 1824 1299 1848 ,
1338 1783 1389 1836 id
1417 1797 1556 1853 opus
1584 1799 1650 1838 ex
1674 1774 1837 1839 animi
1864 1787 1946 1840 sui
1973 1795 2191 1841 senten-

647 1872 716 1926 tia
744 1865 1051 1928 conlectum
1079 1890 1218 1930 esse.
1265 1875 1612 1933 Praesentiam
1674 1893 1839 1948 porro
1901 1894 2051 1932 suam
2122 1880 2196 1933 ita

643 1961 958 2018 declaravit.
1023 1961 1197 2032 Vapor
1248 1966 1345 2018 soli
1402 1967 1756 2021 tabernaculo
1812 1967 2193 2031 incumbebat,

644 2065 822 2117 neque
877 2052 1078 2106 densus
1149 2063 1204 2107 et
1272 2055 1578 2117 involutus,
1641 2071 1704 2109 ac
1762 2056 1997 2110 nubibus
2043 2058 2191 2110 simio

643 2141 732 2208 liS.
775 2158 951 2215 neque
1010 2145 1234 2203 omnino
1289 2147 1468 2202 tenuis
1494 2158 1551 2202 et
1583 2163 1771 2212 rarus,
1805 2161 1864 2203 ut
1887 2160 2198 2218 penetraret

642 2243 793 2294 visus
812 2282 826 2303 ,
857 2241 950 2295 sed
981 2242 1164 2296 suavis
1188 2239 1313 2296 inde
1339 2255 1428 2296 ros
1448 2239 1775 2294 destillabat.
1805 2242 1979 2294 Moses
2004 2242 2199 2296 diebus

643 2341 850 2400 septem
883 2333 934 2384 in
969 2333 1318 2387 tabernaculo
1347 2335 1450 2386 sub
1481 2332 1571 2386 dio
1610 2331 1900 2386 sacrificat.
1947 2329 2151 2385 Octavo
2183 2374 2198 2399 ,

643 2420 840 2473 festum
876 2421 1068 2475 indicit
1103 2422 1302 2489 populo
1325 2461 1340 2483 ,
1373 2433 1426 2474 et
1459 2422 1631 2475 sacris
1665 2422 1881 2489 operari
1913 2421 2090 2491 jubet.
2134 2425 2202 2476 At

645 2509 721 2563 illi
762 2521 972 2567 certare
1030 2513 1171 2566 inter
1228 2527 1348 2566 sese
1391 2513 1740 2566 liberalitate.
1793 2512 2039 2566 Victimis
2089 2514 2198 2582 jam

645 2617 751 2655 arat
787 2603 1086 2672 impositis.
1122 2604 1260 2672 ignis
1298 2613 1492 2670 sponte
1525 2620 1621 2658 sua
1651 2614 1830 2666 ortus,
1865 2603 2048 2656 omnia
2084 2619 2204 2672 qua:

646 2693 702 2746 in
736 2693 825 2747 illa
856 2705 1034 2756 erant,
1071 2696 1365 2748 consumit.
1399 2695 1548 2755 Post,
1579 2704 1814 2762 quatuor
1844 2695 2076 2748 ﬁliorum
2103 2697 2205 2748 Aa-

647 2783 800 2838 ronis
836 2793 965 2837 natu
989 2784 1324 2853 grandiores,
1356 2783 1612 2838 Nadabus
1631 2794 1687 2838 et
1708 2785 1878 2839 Abius
1899 2786 2071 2839 sacris
2098 2801 2202 2839 non

648 2874 751 2928 rite
803 2875 961 2929 factis
985 2914 998 2936 .
1035 2887 1264 2944 pectora
1295 2887 1351 2929 et
1385 2876 1551 2930 facies
1578 2917 1592 2938 ,
1627 2877 1737 2945 igni
1785 2880 1929 2931 ultro
1970 2886 2162 2930 exorto
2187 2914 2203 2940 ,

649 2963 863 3019 adusti:
916 2965 1180 3019 cadavera
1228 2982 1419 3019 eorum
1470 2977 1627 3019 extra
1660 2969 1832 3030 elata,
1872 2978 1927 3021 et
1972 2967 2205 3034 sepulta.

650 3058 857 3111 Dehinc
890 3059 1062 3112 Moses
1102 3059 1300 3112 tribum
1355 3059 1647 3112 Leviticam
1689 3061 1756 3111 ab
1789 3063 1909 3112 aliis
1943 3070 2206 3112 secretam

2297 600 2389 652 καὶ
2417 602 2527 662 τοῖς
2548 599 2748 672 ἱερεῦσι
2767 601 2972 668 στολαὶ,
2999 600 3136 654 ἀλλὰ
3165 601 3350 670 μέντοι
3365 602 3460 655 καὶ
3482 602 3560 673 τῷ
3582 604 3854 674 ἀρχιερεῖ.

2267 699 2274 708 “
2309 691 2593 764 ’Δρχιερέα
2621 694 2677 746 δὲ
2701 696 2729 747 ό
2761 694 2892 757 Θεὸς
2952 695 3042 747 τὸν
3097 693 3309 765 ’Δαρὼν
3353 694 3673 765 ἐψηφίσατο.
3721 697 3860 748 Συν-

2296 785 2552 853 αθροίσας
2580 784 2638 838 δὲ
2677 787 2736 839 τὸ
2767 786 2966 856 πλῆθος
2988 788 3017 839 δ
3047 788 3308 857 Μωῦσῆς,
3338 787 3598 855 Ἄνδρες,
3627 789 3752 859 ἔφη,
3783 790 3854 841 τὸ

2290 876 2407 948 μὲν
2428 880 2605 948 ἔργον
2633 882 2993 943 τετέλεσται,
3021 880 3128 950 τῆς
3154 881 3221 934 δὲ
3244 881 3352 936 τοῦ
3381 880 3642 950 ἱερᾶσθαι
3679 882 3860 948 τιμῆς

2295 973 2328 1024 d
2353 969 2492 1036 Θεὸς
2520 973 2628 1026 τὸν
2664 971 2876 1039 Ἀαρὼν
2921 972 3098 1049 ἀξιοῖ.
3133 974 3445 1043 Προσέταξε
3497 975 3554 1027 δὲ
3587 975 3855 1043 Μωῦσῆς,

2295 1065 2563 1135 εἰσφέρειν
2583 1066 2813 1121 ἕκαστον
2841 1067 3030 1119 Σίκλου
3063 1071 3121 1119 τὸ
3141 1067 3336 1139 ἥμισυ,
3372 1069 3437 1120 ἵν’
3462 1070 3540 1130 είς
3567 1070 3665 1130 τὰς
3725 1069 3861 1138 περὶ

2295 1155 2392 1226 τὴν
2443 1157 2645 1227 σκηνὴν
2693 1157 2882 1228 χρείας
2945 1156 3030 1227 εἴη
3083 1158 3368 1228 ἀνάλωμα.
3435 1156 3495 1212 Ὀ
3550 1158 3605 1212 δὲ
3661 1159 3858 1222 Σίκλος

2304 1249 2572 1318 Ἐϐραίων
2602 1248 2717 1302 ἔστι
2771 1248 3030 1317 νόμισμα,
3076 1249 3334 1313 Ἀττικὰς
3385 1249 3672 1320 δεχόμενον
3722 1249 3858 1318 δρα-

2295 1339 2439 1409 χμὰς
2471 1342 2762 1409 τέσσαρας.
2800 1340 2872 1393 Τὸ
2905 1340 2962 1394 δέ
2999 1327 3203 1410 πλῆθος
3233 1342 3342 1395 τῶν
3372 1343 3735 1414 εἰσφερόντων
3787 1337 3861 1408 ἦν

2296 1430 2555 1500 μυριάδες
2589 1430 2852 1513 ἐξήκοντα
2899 1435 2992 1484 καὶ
3031 1433 3457 1503 πεντακισχίλιοι
3509 1433 3860 1486 πεντακόσιοι

2293 1524 2646 1592 πεντήκοντα.
2687 1523 2798 1591 Τὴν
2828 1521 2873 1573 δ’
2904 1524 3162 1592 είσφορὰν
3199 1521 3482 1576 ἐποιοῦντο
3505 1523 3614 1574 τῶν
3644 1522 3861 1574 maea-

2296 1633 2400 1685 ρων
2429 1617 2477 1668 ot
2504 1615 2592 1667 τὸν
2615 1615 2857 1667 εἰκοστὸν
2887 1616 3225 1683 ὑπερϐάντες
3264 1616 3529 1677 ἐνιαυτὸν,
3574 1616 3700 1684 ἄχρι
3724 1632 3860 1666 πεν-

2292 1707 2577 1776 τηκοστοῦ,
2625 1706 2884 1776 Ἐποιήθη
2913 1707 2968 1758 δὲ
2999 1710 3031 1775 ἡ
3063 1707 3238 1776 σκηνὴ
3264 1707 3427 1776 μησὶν
3455 1706 3612 1762 ἑπτά.
3645 1706 3860 1771 Ἔδειξε

2297 1798 2354 1851 δέ
2379 1800 2406 1851 δ
2433 1797 2564 1860 Θεὸς
2593 1798 2734 1850 κατὰ
2759 1797 2985 1867 γνώμην
3014 1797 3178 1850 αὐτοῦ
3226 1798 3306 1850 τδ’
3331 1797 3487 1868 ἔργον
3541 1798 3860 1867 γενόμενον,

2300 1890 2669 1962 παρουσιάσας
2694 1892 2752 1944 ἐν
2791 1893 2855 1960 τῇ
2885 1893 3077 1961 σκηνῇ.
3103 1889 3287 1944 ,Οὕτω
3317 1889 3374 1943 δέ
3401 1890 3499 1960 τὴν
3556 1889 3864 1960 παρουσίαν

2299 1981 2584 2055 ἐδήλωσεν.
2633 1981 2822 2050 Ἀχλὺς
2852 1983 2991 2052 ὑπὲρ
3021 1983 3120 2051 τὴν
3161 1980 3365 2051 σκηνὴν
3401 1981 3568 2051 μόνην
3617 1980 3862 2047 ἐγένετο,

2298 2073 2422 2144 οὔτε
2460 2074 2652 2143 βαθεία
2681 2076 2774 2127 καὶ
2805 2073 3290 2144 συμπεπιλημένη,
3309 2073 3404 2127 καὶ
3425 2072 3640 2140 νέφεσιν
3695 2074 3870 2140 ἐμφε-

2300 2165 2418 2235 ρὴς,
2447 2163 2569 2219 οὔτε
2604 2166 2742 2219 πάνυ
2767 2166 2936 2234 λεπτή
2987 2182 3045 2218 τε
3077 2165 3171 2219 καὶ
3199 2164 3391 2233 ἀραιὰ,
3443 2163 3521 2226 ὡς
3575 2162 3644 2218 δι’
3683 2162 3862 2231 αὐτῆς

2299 2257 2616 2310 διικνεῖσθαι
2651 2255 2752 2326 τὴν
2785 2256 2974 2327 ὅρασιν
3001 2272 3017 2288 ο
3055 2256 3210 2326 ἡδεῖα
3241 2255 3296 2308 δέ
3337 2254 3431 2308 ἀπ’
3478 2253 3648 2322 αὐτῆς
3706 2253 3865 2322 εῤῥει

2300 2349 2508 2420 δρόσος.
2541 2349 2780 2418 Μωῦσῆς
2807 2349 2861 2402 δὲ
2894 2349 3082 2402 ἔθυσεν
3117 2350 3174 2400 ἐν
3201 2346 3280 2417 τῷ
3305 2347 3406 2416 τῆς
3434 2349 3638 2417 σκηνῆς
3665 2345 3868 2414 αίθρίῳ

2305 2440 2417 2507 (39)
2447 2440 2532 2509 ἐφ’
2564 2440 2774 2510 ἡμέρας
2810 2440 2970 2504 ἐπτὰ,
3000 2442 3064 2510 τῇ
3099 2439 3156 2492 δὲ
3207 2439 3374 2511 ὀγδόῃ
3407 2437 3596 2508 ἑορτὴν
3629 2436 3869 2506 ἐκήρυξε

2302 2532 2378 2602 τῷ
2416 2531 2554 2600 λαῷ,
2581 2534 2676 2585 καὶ
2703 2531 2852 2584 θύειν
2881 2530 3165 2595 ἐπέταξεν,
3197 2531 3259 2582 Οί
3294 2530 3352 2582 δὲ
3394 2529 3646 2600 ἀλλήλοις
3700 2526 3871 2596 ἡμιλ-

2303 2623 2490 2684 λῶντο.
2537 2623 2931 2688 Ἐπικειμένων
2975 2621 3033 2673 δέ
3065 2619 3172 2671 τῶν
3208 2619 3370 2688 ίερῶν
3422 2617 3500 2686 τῷ
3535 2617 3722 2687 βωμῷ,
3750 2615 3867 2687 πῦρ

2305 2711 2523 2778 ἀνήφθη
2544 2711 2870 2777 αὐτόματον,
2893 2709 2986 2761 καὶ
3012 2711 3187 2760 πάντα
3214 2710 3281 2760 τὰ
3311 2708 3404 2759 ἐπὶ
3423 2705 3516 2758 τοῦ
3537 2704 3721 2776 βωμοῦ
3749 2705 3864 2759 ἐδα-

2306 2802 2572 2870 πάνησεν.
2625 2800 2688 2851 Οί
2745 2801 2800 2852 δὲ
2841 2799 3204 2869 πρεσϐύτεροι
3255 2799 3364 2852 τῶν
3413 2800 3691 2868 τεσσάρων
3736 2797 3873 2849 uith

2320 2875 2550 2961 Ἀαρὼν,
2597 2891 2785 2944 Ναδὰϐ
2817 2888 3116 2945 καὶἋϐιοὺ
3163 2890 3316 2959 παρὰ
3363 2889 3430 2943 τὰ
3472 2889 3874 2958 διατεταγμένα

2310 2982 2596 3046 θύσαντες,
2624 2982 3039 3052 κατεκαύθησαν
3063 2981 3132 3035 τὰ
3161 2983 3360 3050 στέρνα
3391 2999 3448 3034 τε
3479 2981 3574 3033 καὶ
3602 2981 3670 3033 τὰ
3694 2966 3873 3050 πρόσλ

2308 3090 2455 3135 ωπα,
2496 3072 2664 3141 πυρὸς
2690 3072 3013 3139 ἐξαφθέντος
3042 3053 3376 3140 αὐτομάτου,
3424 3072 3517 3123 καὶ
3571 3071 3874 3138 φλέξαντος

653 3148 851 3202 lustrat
878 3167 892 3203 :
925 3150 1111 3217 eisque
1149 3150 1559 3203 tabernaculum
1594 3163 1649 3203 et
1681 3167 1832 3203 sacra
1860 3167 1985 3204 vasa
2022 3152 2204 3218 tradit,

2313 3159 2509 3220 αὐτούς
2539 3175 2552 3190 ·
2587 3152 2662 3212 ὧν
2693 3159 2760 3210 τὰ
2795 3157 3024 3226 σώματα
3060 3157 3164 3222 ἔξω
3191 3158 3291 3228 τῆς
3325 3159 3675 3230 παρεμϐολῆς
3708 3176 3877 3228 κομι-

654 3251 712 3295 υι
739 3242 1120 3297 sacerdotibus
1162 3243 1228 3296 ad
1263 3243 1638 3312 praescriptum
1688 3259 1880 3297 eorum
1929 3244 2222 3298 ministra-

654 3348 795 3389 rent.
834 3335 928 3389 llis
971 3337 1210 3404 peractis
1236 3377 1250 3400 ,
1300 3338 1883 3404 nui'nerare‘pOpulum
1922 3336 2206 3390 instituit:

653 3428 968 3496 inventique
1016 3438 1171 3490 sunt,
1218 3429 1311 3496 qni
1344 3443 1493 3481 arma
1520 3428 1661 3481 l’erre
1698 3430 1947 3494 possent,
1984 3441 2213 3480 sexcen-

654 3516 756 3567 ties
791 3516 934 3567 mille
956 3553 969 3575 ,
1003 3525 1083 3567 ter
1113 3515 1260 3568 mille
1285 3516 1532 3568 si-xcenti
1551 3527 1604 3570 et
1629 3517 2020 3585 quinquaginta
2043 3531 2109 3569 ex
2136 3517 2202 3571 iis

657 3609 748 3676 qui
785 3624 992 3661 annum
1015 3608 1334 3662 vicesimum
1361 3619 1710 3663 excesserant
1735 3647 1748 3670 .
1784 3619 1840 3662 et
1867 3610 2210 3678 quinquage-

657 3700 853 3753 simum
885 3702 1196 3768 attigerant.
1237 3703 1338 3756 Pro
1372 3704 1515 3754 tribu
1548 3713 1729 3756 autem
1785 3702 2023 3761 Levitica
2060 3702 2213 3756 Jose-

659 3792 917 3858 plii-ﬁlios
941 3792 1296 3860 Epliraimum
1331 3803 1385 3847 et
1418 3793 1716 3846 Manassem
1747 3793 1983 3845 tribunis
2009 3791 2215 3845 substi-

658 3882 804 3945 tuit,
852 3884 1156 3936 secundum
1206 3883 1521 3936 mandatum
1580 3883 1945 3952 progenitoris
2000 3883 2211 3938 Jacobi.

660 3973 972 4028 Levitarum
1023 3991 1187 4043 porro
1218 3989 1480 4028 numerus
1505 3973 1613 4046 40
1640 3975 1892 4027 inventus
1926 3981 2010 4028 est
2045 3978 2212 4026 trium

659 4078 715 4143 et
747 4071 934 4137 viginti
963 4057 1213 4128 millium.
1251 4071 1688 4139 octingentorum
1727 4080 1780 4124 et
1813 4072 2112 4140 octoginta.

2309 3249 2527 3310 σθέντα,
2559 3250 2853 3320 ἐτάφησαν.
2886 3248 2994 3321 Τὴν
3015 3251 3071 3302 δέ
3100 3251 3270 3320 φυλὴν
3296 3252 3388 3304 τοῦ
3413 3250 3543 3304 Λευῒ
3564 3251 3672 3304 τῶν
3695 3250 3878 3305 ἄλλων

2308 3342 2589 3412 διακρίνας
2625 3343 2838 3412 ἥγνισε,
2872 3343 2967 3396 καὶ
2997 3345 3317 3414 παρέδωκεν
3349 3344 3534 3407 αὐτοῖς
3583 3343 3680 3413 τὴν
3739 3360 3882 3413 σκη-

2311 3433 2425 3502 νὴν,
2461 3436 2555 3486 καὶ
2579 3435 2647 3488 τὰ
2684 3437 2850 3505 σκεύη
2884 3436 2950 3487 τὰ
3004 3437 3140 3505 ἱερὰ,
3202 3437 3290 3490 ἵνα
3333 3437 3407 3500 ὡς
3463 3436 3778 3506 ὑφηγῶνται
3827 3439 3880 3489 οί

2312 3526 2499 3594 ἱερεῖς,
2527 3527 2876 3595 ὑπηρετῶσιν
2902 3528 3074 3579 αὐτοί.
3131 3527 3286 3580 Μετὰ
3342 3526 3516 3579 ταῦτα
3569 3526 3881 3596 ἀριθμῆσαι

2310 3616 2502 3682 διέγνω
2539 3617 2628 3668 τὸν
2657 3617 2802 3680 λαὸν,
2842 3615 2951 3670 καὶ⁶
2989 3620 3295 3689 εὑρέθησαν
3338 3621 3445 3674 τῶν
3493 3621 3637 3675 ὅπλα
3688 3621 3882 3690 φέρειν

2310 3705 2622 3775 δυναμένων
2658 3709 2914 3778 μυριάδες
2940 3708 3224 3778 ἐξήκοντα,
3257 3712 3351 3765 καὶ
3377 3711 3688 3780 τρισχίλιοι,
3737 3709 3882 3778 πρὸς

2311 3793 2625 3858 ἑξακοσίοις
2643 3799 2734 3849 καὶ
2769 3801 3125 3869 πεντήκοντα.
3151 3795 3311 3853 Οὗτοι
3333 3800 3376 3851 δ’
3394 3799 3533 3868 ἦσαν
3553 3801 3601 3850 οἱ
3626 3801 3714 3850 τὸν
3735 3799 3883 3850 εἰκο-

2313 3886 2436 3937 στὸν
2462 3887 2800 3955 ὑπερϐάντες
2829 3891 3093 3956 ἐνιαυτὸν,
3117 3894 3212 3942 καὶ
3234 3892 3362 3961 ἄχρι
3387 3894 3480 3944 τοῦ
3507 3888 3883 3960 πεντηκοστοῦ

2311 3975 2632 4040 ἐφθακότες.
2651 3977 2796 4029 Ἀντί
2824 3979 2878 4030 δὲ
2900 3980 2997 4048 τῆς
3027 3980 3318 4048 Λευῖτικῆς
3346 3980 3519 4050 φυλῆς
3542 3985 3652 4042 τοῖς
3674 3980 3886 4049 Φυλάρ-

2312 4090 2425 4141 χοις
2454 4059 2749 4134 κατέλεξαν
2783 4074 2910 4135 τοὺς
2940 4076 3134 4136 παῖδας
3165 4075 3256 4128 τοῦ
3296 4074 3514 4143 Ἰωσὴφ,
3541 4073 3634 4127 τὸν
3651 4076 3885 4128 Μανασ-

664 4163 762 4230 σῆν
801 4163 892 4212 καὶ
964 4163 1051 4213 τὸν
1092 4160 1345 4232 Ἐφραῖμ,
1409 4163 1548 4216 κατὰ
1586 4163 1681 4230 τὴν
1719 4163 1981 4240 διαταγὴν
2048 4162 2140 4214 τοῦ
2190 4162 2534 4232 προπάτορος
2607 4161 2826 4215 Ἰακὼϐ.
2868 4164 2932 4213 Οἱ
2984 4162 3042 4214 δέ
3090 4179 3154 4230 γε
3193 4164 3418 4216 Λευῖται
3451 4162 3726 4233 δισμύριοι
3784 4163 3890 4215 καὶ

663 4255 947 4323 τρισχίλιοι
1016 4253 1411 4322 ἀριθμηθέντες
1483 4251 1813 4320 εὑρέθησαν,
1865 4252 2001 4320 πρὸς
2055 4253 2396 4314 ὀκτακοσίοις
2428 4253 2524 4305 καὶ
2554 4252 2908 4321 ὀγδοήκοντα.

732 4349 894 4400 XVII.
928 4349 1059 4401 Post
1081 4349 1194 4400 haec
1223 4349 1454 4415 populus
1485 4346 1808 4400 seditionem
1842 4346 1972 4400 Mosi
2012 4356 2204 4411 movet,

2392 4346 2500 4402 lZ'.
2531 4345 2663 4400 Εἶτα
2689 4347 2968 4409 στασιάζει
2997 4346 3056 4400 τὺ
3083 4346 3286 4417 πλῆθος
3315 4348 3406 4400 τὸν
3433 4348 3671 4419 Μωῦσῆν
3698 4350 3889 4402 αἰτιὼο

665 4454 1006 4508 conquerens
1033 4455 1090 4493 se
1118 4455 1150 4492 e
1185 4440 1321 4491 bona
1379 4453 1521 4493 terra
1577 4439 1630 4492 in
1681 4439 1916 4492 desertis
1955 4439 2216 4492 oberrare

666 4547 884 4591 coactos
920 4533 987 4586 ab
1017 4548 1104 4586 eo.
1127 4515 1317 4600 illaque
1351 4547 1418 4585 ex
1440 4545 1504 4584 eo
1533 4531 1652 4584 loco
1685 4531 1738 4584 in
1769 4542 1966 4584 terrain
1997 4548 2091 4586 eos
2113 4531 2214 4585 du-

668 4631 763 4688 cit,
803 4641 922 4693 quae
950 4625 1116 4678 Vallis
1138 4624 1440 4686 dicebatur,
1462 4624 1783 4678 Cbananaeae
1809 4631 1967 4678 terra:
1998 4625 2221 4694 prOpin-

670 4734 830 4785 quam
852 4735 863 4771 :
884 4719 1205 4784 et'singulos
1232 4732 1297 4770 ex
1324 4718 1568 4786 qualibet
1596 4718 1739 4771 tribu
1772 4718 2030 4777 delectos.
2057 4717 2225 4771 mittit

670 4810 1008 4876 exploratum
1027 4807 1169 4860 vires
1200 4807 1653 4869 Chananaaorum,
1680 4808 1862 4876 etagri
1889 4808 2225 4875 qualitatem.

676 4901 739 4953 lli
772 4900 1130 4969 quadraginta
1166 4899 1361 4952 diebus
1405 4898 1626 4967 regione
1675 4906 1958 4966 peragrata
1984 4936 2000 4960 ,
2043 4913 2230 4950 rever—

2324 4459 2502 4509 μενον,
2526 4443 2607 4492 ὄτι
2637 4441 2738 4510 γῆς
2766 4443 2977 4512 ἀγαθῆς
3011 4443 3207 4506 αὐτοὺς
3238 4446 3574 4514 ἀποστήσας,
3599 4447 3655 4496 ἐν
3691 4434 3887 4512 ἐρῆμῳ

2322 4532 2628 4584 πλανᾶσθαι
2662 4533 2985 4595 πεποίηκεν.
3029 4534 3348 4602 ’Δναγαγὼν
3396 4536 3452 4587 δέ
3511 4536 3705 4597 αὐτοὺς
3740 4537 3888 4586 ἐκεῐο

2321 4624 2413 4677 θεν
2438 4625 2517 4687 είς
2548 4623 2647 4695 τὴν
2692 4626 3033 4696 καλουμένην
3093 4627 3378 4695 Φάραγγα,
3440 4628 3667 4695 πλησίον
3717 4626 3889 4679 οὖσαν

2321 4715 2417 4784 τῆς
2448 4715 2767 4768 Χαναναίων
2799 4717 2920 4782 γῆς,
2956 4715 3012 4777 ἐξ
3037 4716 3275 4784 ἑκάστης
3329 4715 3500 4784 φυλῆς
3535 4717 3632 4769 ἕνα
3679 4716 3888 4782 λαϐὼν,

2325 4807 2843 4875 κατασκοπήσοντας
2875 4803 3078 4859 ἔστειλε
3105 4808 3205 4878 τήν
3231 4826 3289 4861 τε
3312 4809 3548 4879 δύναμιν
3574 4809 3684 4862 τῶν
3714 4811 3888 4861 Χανα-

2329 4897 2518 4957 ναίων,
2541 4895 2750 4964 καὶτῆς
2769 4896 2869 4964 γῆς
2890 4897 2988 4967 τὴν
3012 4900 3271 4968 ποιότητα
3294 4900 3438 4970 (40).
3456 4901 3520 4954 Ol
3545 4901 3598 4953 δὲ
3617 4899 3886 4966 τεσσαρά-

677 5003 888 5055 tunlur,
940 4993 1150 5044 fructus
1179 4991 1340 5043 etiam
1370 5005 1435 5043 ex
1467 5006 1528 5042 ea
1559 5003 1741 5043 secum
1776 4987 2070 5042 aﬂ‘erentes
2101 5006 2115 5041 :
2168 5004 2204 5042 at

2326 5003 2489 5039 κοντα
2525 4986 2757 5055 ἡμέραις
2799 4988 3095 5050 διελθόντες
3153 4990 3253 5059 τὴν
3305 4993 3430 5067 γῆν,
3492 4991 3887 5061 ὑπενόστησαν,

678 5099 835 5138 terrae
858 5085 1075 5152 quidem
1099 5083 1395 5137 bonitatem
1419 5082 1660 5146 laudant,
1695 5081 1787 5133 sed
1812 5081 2009 5149 populo
2029 5090 2204 5134 metun

2331 5083 2424 5130 xui.
2456 5079 2704 5147 καρποὺς
2739 5079 2804 5130 ἐκ
2838 5077 2938 5145 τῆς
2988 5083 3091 5150 γῆς
3138 5083 3354 5150 ἐκείνης
3411 5081 3747 5151 κομίζοντες,
3791 5085 3885 5135 καὶ

680 5178 950 5245 injiciunt,
981 5177 1133 5244 quasi
1160 5176 1389 5229 obtineri
1423 5182 1677 5242 nequeat,
1715 5183 1827 5227 tum
1853 5175 1921 5225 ob
1948 5173 2204 5227 ﬂuminur

2336 5169 2432 5238 τὴν
2465 5170 2559 5236 μὲν
2591 5168 2774 5239 χώραν
2803 5170 3037 5241 ἐπῄνουν
3088 5171 3162 5234 ὡς
3225 5172 3461 5241 ἀγαθὴν,
3489 5173 3548 5225 τὺ
3580 5174 3633 5225 δὲ
3684 5173 3885 5241 πλῆθος

682 5266 1132 5339 iiiagnitndincm,
1170 5277 1280 5319 tum
1327 5269 1396 5322 ob
1429 5267 1597 5319 ardua
1645 5266 1770 5334 juga
1811 5263 2097 5323 montium.
2129 5275 2203 5317 tui

2338 5261 2564 5328 ἐφόϐουν
2593 5260 2668 5322 ὠς
2705 5259 2871 5330 οὔσης
2901 5265 3105 5332 ἀπόρου
3140 5264 3237 5331 τῆς
3275 5266 3444 5334 αὐτῆς
3485 5266 3887 5332 κατασχέσεως,

681 5365 752 5417 ob
803 5363 963 5417 urbes
1006 5361 1413 5414 tnunilissimas.
1441 5360 1553 5413 Hoc
1585 5359 1777 5412 nuntio
1808 5371 1995 5410 rursus
2027 5357 2204 5411 irritat:

2341 5355 2425 5407 διά
2455 5370 2514 5404 τε
2545 5354 2806 5423 ποταμῶν
2837 5356 3062 5425 μεγέθη.
3090 5360 3189 5411 καὶ
3241 5357 3382 5424 ὀρῶν
3429 5357 3754 5426 δυσχωρίας,
3793 5356 3889 5408 καὶ

1845 5525 2049 5584 Variae
2080 5524 2381 5584 lectiones
2413 5527 2471 5580 et
2505 5528 2690 5582 notae.

760 5675 867 5745 (39)
913 5680 1012 5730 Ἐν
1042 5675 1117 5744 τῷ
1148 5679 1349 5744 αἰθρίῳ
1376 5677 1481 5744 τῆς
1510 5677 1764 5743 σκηνῆς.
1803 5678 1863 5730 In
1903 5696 1963 5732 ea
1995 5681 2239 5732 taberna—

595 5748 597 5750 ’
689 5753 793 5876 ivli
828 5761 975 5871 prgin:
1020 5765 1134 5816 qua:
1160 5757 1320 5817 patet,
1366 5751 1443 5803 vel
1484 5751 1576 5802 sub
1612 5749 1694 5801 dio
1719 5749 1874 5816 juxta
1932 5750 2241 5802 tabernacu-

717 5839 824 5876 unt.
938 5858 952 5872 .

2411 5678 2522 5747 (.50)
2560 5680 2663 5732 Kai
2699 5676 2806 5741 τῆς
2829 5674 2938 5747 τῆς
2965 5673 3079 5737 τὴν
3112 5671 3410 5747 ποιότητα..
3440 5669 3776 5747 Qualitqtem.
3809 5667 3887 5747 lta

2339 5739 2471 5817 Reg.
2507 5739 3009 5820 irt-Colberthllcr
3035 5743 3199 5820 code}
3241 5739 3546 5820 Woi'tianus
3567 5741 3736 5795 habet
3769 5739 3889 5790 πιό-

2340 5814 2497 5885 τητα,
2527 5817 2908 5885 oiuquedinem,
2949 5815 2998 5867 id
3039 5826 3119 5866 est
3161 5814 3513 5865 fertilitatem.
3616 5873 3618 5876 _
