4038 6320
612 337 678 398 τῖς)
1319 379 1322 382 ,
1848 321 2172 384 JOANNIS
2210 319 2523 378 ZONARE

3694 309 3794 371 lt'O
3836 384 3839 387 ι

606 446 800 506 lerant,
838 439 1076 494 suiliuul.
1105 440 1242 492 Tum
1272 439 1466 506 ingens
1487 436 1694 488 ﬂamma
1731 434 1949 492 emicat,
1979 431 2159 500 qualis

2277 427 2515 494 τυνίζησε
2543 425 2668 492 περὶ
2719 429 2812 485 τὰς
2849 423 3069 475 ἐκείνων
3105 425 3324 492 σκηνὰς,
3387 423 3482 473 καὶ
3530 421 3719 483 αὐτούς
3752 437 3811 471 τε

609 531 863 583 videlicet
886 531 1108 598 jubente
1135 530 1240 579 Dc‘
1275 524 1619 585 incendatur,
1648 538 1752 589 qua
1785 521 1858 574 illi
1902 537 2003 574 CCL
2041 535 2144 573 una

609 637 730 675 cum
763 623 903 676 Core
937 620 1010 671 ita
1045 617 1467 685 conﬂagrarunt,
1507 623 1570 666 ut
1629 629 1726 665 nec
1755 611 2020 672 cadavera
2063 626 2157 664 eo-

614 729 727 766 rum
762 711 1149 780 reperirentur.
1175 706 1336 760 Solus
1350 706 1528 758 Aaron
1557 703 1844 756 incolumis
1864 703 2155 755 invenitur.

624 795 802 854 Moses
860 799 1135 852 tliuribula
1187 797 1400 849 illorum
1456 795 1696 849 virorum
1749 793 1891 846 cina
1949 807 2151 846 minam

610 907 760 945 aram
822 891 1008 958 reponi
1055 889 1234 958 jubet,
1261 888 1316 940 in
1339 888 1415 941 rei
1445 896 1608 957 gestae
1654 893 2064 938 monumentum
2096 883 2162 936 ad

613 995 898 1053 posteros;
933 997 1003 1036 ac
1041 982 1223 1036 denuo
1278 979 1463 1034 habita
1508 979 1793 1042 concione,
1846 976 2012 1030 edicit
2062 975 2162 1027 tri-

615 1077 794 1137 bunis,
823 1087 880 1128 ut
906 1074 1123 1127 nomina
1141 1073 1378 1125 tribuum
1400 1071 1611 1125 baculis
1633 1069 1889 1138 inscripta
1909 1068 2160 1122 afferant.

611 1167 746 1222 Nam
803 1165 951 1218 illius
1000 1165 1113 1218 fore
1153 1162 1539 1223 sacerdotium,
1575 1162 1629 1213 in
1672 1160 1830 1229 cujus
1871 1157 2063 1212 baculo
2093 1155 2165 1210 si-

614 1271 783 1323 gnum
812 1254 1074 1308 edidisset
1097 1254 1259 1307 Deus.
1302 1251 1551 1305 AlIerunt
1581 1249 1746 1318 igitur
1774 1260 1888 1303 tum
1915 1249 2008 1301 alii
2037 1262 2167 1301 suos

615 1346 852 1406 baeulos,
887 1353 999 1398 tum
1032 1347 1208 1397 Aaron
1248 1356 1463 1410 quoque
1495 1356 1674 1399 suum.
1735 1340 1920 1418 Devita
1978 1337 2169 1391 inscri-

615 1444 726 1502 pto.
753 1435 859 1487 Eos
887 1435 938 1485 in
965 1432 1312 1486 tabernaculo
1336 1431 1426 1485 Dei
1452 1431 1697 1497 reposuit
1720 1431 1945 1494 Moyses,
1977 1429 2171 1497 postri-

615 1526 702 1577 die
738 1524 959 1591 protulit
991 1538 1053 1576 ac
1075 1523 1253 1578 θεειοτί
1279 1522 1520 1592 quidem,
1550 1522 1739 1590 quales
1768 1519 2006 1582 fuerant,
2035 1520 2170 1573 tales

616 1613 721 1684 42
750 1623 1062 1668 manserant
1099 1631 1112 1669 :
1157 1613 1388 1668 Araonis
1433 1622 1613 1666 autem
1669 1620 1939 1670 et-ramos
1968 1619 2023 1664 et
2051 1611 2168 1662 l'ru-

618 1713 737 1755 ctus
753 1704 1082 1772 germinarat
1107 1720 1120 1754 ε
1148 1702 1285 1770 quos
1305 1702 1515 1756 fructus
1535 1701 1765 1765 Levitici
1795 1700 1934 1754 liber
1964 1715 2130 1759 nuces
2145 1695 2164 1765 ’;

618 1771 883 1862 Iosephus
912 1794 1221 1862 amygdalas
1251 1793 1421 1847 fuisse
1452 1792 1600 1847 dicit.
1628 1792 2041 1860 Obstupuerunt
2065 1791 2165 1859 igi-
2198 1771 2240 1824 Β

585 1893 710 1934 -tur
745 1897 954 1943 omnes,
987 1884 1198 1936 Aarone
1235 1893 1317 1935 ter
1342 1881 1611 1936 divinitus
1635 1882 1832 1935 electo.
1878 1881 1997 1935 Jam
2045 1879 2169 1949 quia

621 1969 857 2024 Levitica
891 1972 1064 2026 tribus
1100 1971 1369 2024 bellorum
1404 1979 1459 2030 et
1488 1971 1894 2040 expeditionum
1918 1970 2178 2025 immunis

620 2069 755 2123 erat.
784 2076 850 2114 ne
881 2061 951 2114 ob
975 2077 1087 2115 rem
1113 2062 1540 2116 necessariarum
1574 2061 1876 2130 penuriam,
1899 2075 2177 2116 sacrorum

622 2163 804 2201 curam
828 2149 1146 2218 adjicereut,
1169 2149 1331 2220 jubet
1357 2149 1565 2220 Moyses
1588 2146 1852 2229 Hebraeis,
1887 2159 1944 2202 ut
1964 2147 2179 2204 Chana-

623 2256 736 2294 naza
781 2251 922 2294 terra
956 2252 1130 2310 parta,
1161 2242 1358 2311 Oppida
1385 2256 1543 2310 vaui
1568 2241 1773 2294 Levitis
1811 2241 2170 2311 assignarent,

626 2339 684 2382 ut
717 2345 882 2398 agros
921 2341 1048 2385 ante
1077 2345 1162 2393 ea,
1191 2339 1247 2384 et
1301 2331 1542 2384 decimas
1573 2344 1880 2384 annnarum
1933 2331 2170 2401 frugum,

626 2430 738 2474 tum
764 2421 915 2492 ipsis,
969 2432 1081 2476 tum
1136 2421 1512 2477 sacerdotibus
1559 2421 1905 2491 penderent:
1958 2424 2174 2492 aliaque

625 2512 859 2581 plurima
918 2513 999 2568 eis
1055 2528 1084 2568 a
1119 2515 1319 2582 populo
1361 2512 1662 2567 tribuenda
1715 2513 2021 2576 constituit,
2053 2528 2174 2582 qua).

625 2606 718 2674 qui
752 2605 1063 2675 singulatim
1098 2609 1238 2661 scire
1283 2603 1559 2661 desiderat
1593 2606 1646 2660 in
1683 2606 1844 2673 libro,
1891 2607 1984 2675 qui
2013 2606 2174 2660 Levi-

627 2699 766 2749 ticus
789 2695 1108 2751 inscribitur
1143 2699 1406 2752 inveniet.
2067 2683 2069 2686 ί

2260 522 2350 571 καὶ
2387 519 2450 569 τὰ
2487 517 2663 570 αὐτῶν
2691 519 2769 575 είς
2807 516 2863 566 τὸ
2899 516 3084 583 χάσμα
3114 525 3436 582 κατηνεγκε,
3493 512 3583 564 καὶ
3636 512 3808 572 οὕτως

2259 607 2412 671 αὖθις
2444 607 2670 674 συνῆλθε
2693 607 2751 658 τὸ
2784 604 3028 667 διεστὼς.
3083 605 3204 656 Ἐπὶ
3233 600 3442 666 τούτοις
3473 601 3657 672 ἔφριξε
3713 603 3815 669 μὲν

2260 701 2287 750 ὁ
2331 699 2474 760 λαὸς,
2535 698 2774 768 Μωῦσῆς
2841 696 2896 748 δὲ
2955 695 3277 762 καλεῖποὺς
3336 695 3460 764 περὶ
3521 692 3817 764 ἱερωσύνης

2262 789 2681 857 ἀιιλλαμένους.
2746 789 2852 846 Καὶ
2918 787 3262 848 συνελθόντες
3333 785 3666 854 πεντήκοντα
3721 786 3819 836 καὶ

2248 882 2522 964 ,διακόσιοι
2578 881 2770 950 ἄνδρες
2824 880 2931 932 τῶν
2977 880 3284 948 ἐπισήμων,
3334 879 3428 932 καὶ
3464 875 3677 944 Ἀαρὼν
3724 878 3820 928 καὶ

2264 974 2408 1043 Κορὲ
2445 975 2547 1043 πρὸ
2578 972 2676 1042 τῆς
2712 971 2916 1040 σκηνῆς
2946 973 3037 1023 ἐπὶ
3106 974 3217 1034 τοῖς
3255 970 3634 1040 θυμιατηρίοις
3684 966 3824 1019 καθ-

2264 1062 2449 1134 ήγιζον
2488 1063 2522 1116 ἃ
2544 1062 2818 1132 ἐκόμιζον.
2869 1061 3168 1130 Ἐξέλαμψε
3192 1060 3250 1114 δὲ
3297 1058 3407 1130 πῦρ
3428 1058 3558 1110 πολὺ
3589 1052 3701 1110 οἷον
3752 1056 3822 1108 ἂν

2264 1155 2398 1210 Θεοῦ
2439 1155 2798 1215 κελεύσαντος
2851 1151 3138 1220 ἀναφθείη,
3171 1150 3262 1218 ὑφ’
3285 1143 3346 1203 οῦ
3374 1149 3509 1202 οἵτε
3553 1147 3821 1201 διακόσιοι

2267 1247 2358 1299 καὶ
2396 1245 2753 1313 πεντήκοντα,
2786 1242 2883 1294 καὶ
2903 1240 3046 1309 Κορέ
3075 1239 3467 1309 διεφθάρησαν,
3493 1237 3569 1300 ὡς
3598 1235 3732 1306 μηδὲ
3757 1234 3823 1288 τὰ

2269 1336 2495 1404 σώματα
2529 1335 2709 1388 αὐτῶν
2763 1333 3071 1404 εὑρεθῆναι*
3099 1332 3267 1402 ,μόνος
3286 1330 3342 1382 δὲ
3374 1329 3587 1396 Ἀαρὼν
3622 1328 3821 1397 εὑρέθη

2270 1426 2570 1494 ἁλώϐητος.
2623 1425 2856 1493 Μωῦσῆς
2884 1423 2938 1474 δέ
2974 1423 3041 1474 τὰ
3095 1421 3430 1490 θυμιατήρια
3463 1419 3574 1472 τῶν
3618 1417 3826 1486 ἀνδρῶν

2270 1519 2493 1569 ἐκείνων
2559 1517 2687 1585 περὶ
2735 1517 2824 1568 τείν
2886 1515 3112 1584 χάλκεον
3162 1512 3416 1565 ἐκέλευσε
3491 1510 3825 1589 καταθέσθαι

2271 1608 2476 1678 βωμὸν,
2521 1607 2586 1659 ἶν’
2621 1607 2924 1674 ὑπόμνησις
2953 1600 3056 1657 ὦσι
3078 1605 3184 1656 τῶν
3217 1604 3541 1671 γεγονότων,
3588 1603 3683 1654 καὶ
3711 1601 3823 1660 τοῖς

2275 1701 2589 1770 μετέπειτα.
2644 1697 3046 1766 Ἐκκλησιάσας
3097 1697 3154 1748 δέ
3208 1695 3364 1748 πάλιν
3417 1695 3642 1761 προεῖπε
3711 1693 3826 1752 τοῖς

2269 1789 2562 1857 φυλάρχοις
2607 1787 2781 1856 ἥκειν,
2815 1785 2883 1839 τὰ
2916 1786 3021 1837 τῶν
3046 1785 3225 1854 φυλῶν
3244 1785 3483 1853 ὀνόματα
3506 1781 3826 1852 βακτηρίαις

2269 1877 2728 1945 ἐπιγεγραμμένα
2762 1875 3106 1944 κομίζοντας,
3167 1873 3359 1942 ἐκείνῳ
3397 1873 3496 1940 τῆς
3521 1871 3827 1941 ἱερωσύνης

2271 1970 2551 2037 ἐσομένης,
2593 1962 2761 2038 οὗπερ
2813 1968 2878 2019 ἂν
2900 1970 2964 2034 τῇ
3006 1965 3276 2036 βακτηρίᾳ
3329 1965 3557 2034 σημεῖον
3599 1964 3826 2030 γένηται

2276 2059 2339 2110 ἐκ
2373 2057 2536 2111 Θεοῦ.
2602 2045 2930 2125 Κομίζουσιν
2970 2053 3082 2116 οὖν,
3106 2053 3160 2107 οἵ
3199 2071 3253 2106 τε
3284 2053 3430 2107 ἄλλοι
3475 2056 3566 2106 καὶ
3595 2052 3825 2132 ’Λαρῲη

2276 2151 2587 2222 ἀπιγράψας
2615 2154 2682 2219 τῇ
2719 2149 2990 2220 βακτηρίᾳ
3033 2149 3286 2219 Λευῖτην,
3327 2146 3392 2207 ἀς
3445 2149 3504 2199 ἐν
3535 2149 3600 2215 τῇ
3653 2146 3828 2214 σκηνῇ

2278 2240 2370 2293 τοῦ
2405 2241 2537 2294 Θεοῦ
2571 2241 2826 2294 κατέθετο
2852 2240 3114 2310 Μωῦσῆς,
3143 2243 3207 2310 τῇ
3249 2239 3293 2293 δ’
3322 2240 3548 2311 ἐπιούσῃ
3594 2238 3823 2307 προεκὸ-

2285 2348 2450 2401 μισαν
2478 2332 2701 2393 ταύτας.
2728 2334 2834 2385 Καὶ
2856 2334 2910 2396 αι
2949 2333 3046 2402 μὲν
3075 2331 3254 2395 ἄλλαι,
3277 2325 3388 2384 οἷαί
3445 2346 3548 2400 περ
3608 2329 3835 2396 ἐτύγχαι

2281 2424 2628 2502 νονηέμενον,
2657 2427 2689 2495 ἡ
2721 2425 2774 2476 δέ
2805 2421 3008 2493 Ἆαρὼν
3055 2423 3355 2494 ἐϐλάστησε
3387 2422 3612 2484 κλάδους
3636 2438 3694 2473 τε
3726 2419 3825 2472 καὶ

2281 2515 2545 2584 καρπούς.
2579 2516 2682 2568 Τὸν
2699 2517 2755 2569 δέ
2787 2517 2999 2588 καρπὸν
3030 2519 3062 2584 ἠ
3093 2516 3188 2585 μὲν
3219 2517 3310 2568 τοῦ
3341 2515 3625 2568 Λευῖτικοῦ
3651 2512 3834 2582 βίϐλος

2281 2607 2461 2675 κάρυα
2509 2607 2680 2673 λέγει,
2725 2607 3014 2675 ἀμύγδαλα
3043 2607 3098 2658 δὲ
3162 2610 3189 2659 ὁ
3245 2605 3523 2672 Ἰώσηπος.
3577 2605 3840 2670 Ἐξεπλά-

2281 2713 2460 2764 γησαν
2505 2694 2597 2752 οῦν
2645 2700 2868 2763 πάντες,
2917 2699 3036 2770 τρὶς
3062 2701 3151 2752 τὸν
3180 2698 3390 2770 Ἀαρὼν
3419 2697 3838 2769 χειροτονήσαν-

626 2804 718 2850 τος
773 2788 866 2840 τοῦ
898 2789 1052 2842 Θεοῦ,
1082 2791 1238 2842 Ἐπεὶ
1278 2790 1334 2842 δὲ
1373 2757 1628 2859 πολέμων
1693 2791 1788 2842 καὶ
1847 2789 2130 2860 στρατείας
2192 2789 2217 2859 1]
2431 2791 2672 2843 Λευῖτῶν
2717 2757 2904 2860 ἀφεῖτο
2954 2757 3118 2861 eali},
3172 2757 3550 2862 lva'p'lj"5t'd
3601 2757 3838 2860 ἀπορίαν

631 2883 734 2934 τῶν
817 2887 1143 2951 ἀναγκαίων
1186 2888 1435 2957 ἀμελοῖεν
1512 2890 1617 2957 τῆς
1676 2888 2017 2958 λειτουργίας
2087 2886 2180 2942 τοῦ

2257 2891 2299 2941 ξε
2311 2887 2425 2958 ροῦ,
2461 2889 2676 2942 ἐκέλευε
2731 2889 2965 2958 Μωῡσῆς

3014 2890 3142 2958 ’τὴν
3193 2889 3500 2942 Χαναναίαν
3549 2887 3836 2958 κτησαμέ-

629 2992 751 3038 νους
775 2981 902 3041 τοὺς
939 2977 1244 3048 Ἐϐραίους,
1265 2978 1408 3031 ὀκτὼ
1425 2979 1516 3032 καὶ
1539 2981 1950 3048 τεσσαράκοντα
1981 2981 2164 3042 πόλεις
2205 2982 2530 3049 κατανεῖμαι
2594 2983 2706 3043 τοῖς
2758 2979 3028 3044 Δευῖταις,
3062 2981 3154 3032 καὶ
3217 2981 3318 3049 γῆν
3353 2981 3463 3049 πρὸ
3497 2981 3699 3044 αὐτῶν,
3733 2982 3834 3053 καὶ

627 3070 860 3140 δεκάτην
917 3069 1022 3121 τῶν
1085 3069 1343 3122 ἐπετείων
1416 3071 1642 3140 καρπῶν
1722 3072 1902 3133 αὐτοῖς
1960 3088 2017 3124 τε
2067 3072 2179 3124 ’καὶ
2215 3073 2326 3136 τοῖς
2387 3071 2591 3142 ἱερεῦσι
2637 3071 2832 3139 τελεῖν,
2911 3073 3002 3124 καὶ
3051 3071 3186 3126 ἄλλα
3233 3071 3289 3126 δὲ
3338 3072 3559 3125 πλεῖστα
3607 3075 3841 3139 ,τούτοις

629 3163 884 3232 χορηγεῖν
933 3161 1020 3212 τὸν
1065 3159 1190 3212 λαὸν
1248 3163 1551 3228 διετάξατο,
1610 3158 1683 3216 ὧν
1732 3163 1804 3217 τὸ
1851 3164 1972 3216 καθ’
2023 3165 2307 3220 ἕκαστονό
2357 3165 2556 3236 ζητῶν,
2634 3164 2734 3235 τὴν
2793 3164 2885 3218 τοῦ
2942 3165 3228 3218 Λευῖτικοῦ
3288 3165 3467 3235 βίϐλον
3520 3167 3839 3239 ἀναπτύξας

631 3257 874 3323 εύρήσεα

700 3342 884 3396 XVlll.
922 3344 1015 3397 His
1040 3345 1206 3398 rebus
1234 3345 1522 3408 ordinatis,
1553 3346 1730 3400 Moses
1757 3360 1885 3399 cum
1927 3345 2173 3400 exercitu

2350 3342 2460 3400 lﬂ'.
2492 3344 2675 3397 Ταῦτα
2714 3345 2770 3397 δὲ
2799 3345 3054 3411 διατάξας
3097 3346 3355 3415 Μωΰσῆς,
3397 3348 3492 3399 ἐπὶ
3533 3347 3630 3418 τὴν
3673 3348 3843 3402 ἰδουφ

631 3434 697 3487 ad
750 3433 1034 3488 ldumaaam
1074 3435 1304 3500 accedit,
1367 3435 1651 3488 transitum
1702 3443 1916 3504 petens.
1959 3436 2030 3489 AI.
2083 3450 2178 3489 rex

631 3527 776 3580 illius
801 3536 954 3580 terra:
983 3542 1104 3580 cum
1136 3527 1361 3581 armatis
1385 3527 1557 3595 copiis
1587 3527 1848 3582 occurrit.
1875 3526 2049 3582 Moses
2076 3526 2179 3580 ita-

633 3632 738 3686 que
770 3633 866 3686 per
890 3618 1166 3672 desertum
1193 3619 1393 3687 pergit,
1419 3621 1657 3674 monitus
1677 3636 1705 3673 a
1727 3620 1836 3674 Deo
1855 3635 1922 3675 ne
1945 3634 2176 3689 pugnam

621 3696 1032 3777 auspicaretur.
1085 3709 1163 3761 Eo
1218 3712 1465 3776 tempore
1523 3709 1688 3761 etiam
1722 3709 2032 3762 Mariamme
2065 3723 2180 3760 mo-

623 3802 804 3873 ,ritur,
832 3797 995 3851 Mosis
1017 3813 1197 3864 soror,
1224 3797 1665 3868 quadragesimo
1704 3813 1847 3851 anno
1902 3807 2021 3866 post
2068 3798 2181 3851 exi-

637 3902 746 3943 tum
779 3907 842 3944 ex
875 3890 1137 3962 Egypto.’
1179 3891 1386 3960 Populo
1446 3890 1611 3962 igitur
1665 3891 1830 3946 ductu
1877 3891 2038 3945 Musis
2087 3907 2180 3960 per

552 4039 555 4042 _
636 3979 905 4032 desertum
951 3991 1006 4033 et
1049 3981 1302 4034 Arabiam
1344 3982 1745 4050 proliciscente,
1801 3983 1984 4037 Aaron
2014 3985 2178 4037 etiam

636 4069 768 4133 obit,
805 4070 913 4120 alto
950 4081 1131 4122 monte
1165 4084 1483 4132 conscenso,
1542 4082 1598 4124 et
1639 4072 2042 4140 pontiﬁcalibus
2091 4087 2183 4125 ve-

641 4160 818 4213 stibus
856 4161 1109 4215 Eleazaro
1145 4159 1256 4214 tilio
1292 4161 1506 4215 traditis
1532 4161 1585 4214 in
1630 4165 1812 4234 pepuli
1862 4175 2179 4232 conspectu,

645 4265 785 4302 anno
813 4252 985 4304 anatis
1014 4267 1198 4304 cxxiu.
1226 4251 1398 4306 Moses
1422 4253 1488 4306 ad
1528 4253 1884 4310 Moabitarum
1915 4263 1970 4308 et
1996 4257 2184 4307 Amor-

642 4338 909 4391 rbzeorum
937 4339 1212 4407 regionem
1237 4357 1572 4411 progressus,
1587 4345 1804 4411 petebat
1825 4355 1884 4396 ut
1901 4344 2183 4397 traducere

639 4429 822 4482 liceret
855 4430 1173 4483 exercitum.
1222 4430 1324 4483 Sed
1385 4433 1486 4485 loci
1530 4433 1674 4486 illius
1721 4450 1813 4486 rex
1847 4435 1988 4486 Seon
2039 4443 2186 4487 trau-

639 4522 744 4572 situ
785 4521 1040 4589 populum
1073 4523 1419 4589 prohibebat.
1480 4522 1612 4577 Cum
1671 4534 1852 4578 autem
1897 4525 2028 4580 Mosi
2060 4541 2185 4580 ora-

640 4603 1184 4674 eulum'consulcnti,
1235 4613 1478 4669 κύριοι-ἰαὶ
1524 4615 1676 4683 signa
1727 4615 1965 4670 dedisset
2018 4617 2179 4682 Deus,

2281 3437 2449 3507 μαίαν
2475 3432 2607 3508 ἦλθε
2635 3441 2771 3507 μετά
2798 3438 2895 3509 τῆς
2942 3440 3225 3509 στρατιᾶς,
3293 3438 3393 3492 καὶ
3428 3439 3578 3508 ἠξίου
3628 3442 3840 3508 παρελ-

2280 3527 2390 3580 θεῖν
2412 3527 2480 3580 δι’
2509 3529 2701 3597 αὐτῆς.
2726 3529 2837 3596 Τῆς
2860 3528 3043 3598 χώρας
3070 3528 3124 3600 δέ
3145 3529 3173 3578 ὁ
3204 3528 3476 3597 βασιλεὺς,
3503 3530 3638 3599 μετὰ
3668 3547 3841 3598 στρα-

2279 3619 2398 3678 τιᾶς
2420 3618 2642 3670 ἐνόπλου
2675 3619 2996 3688 προῡπήντᾳ
3020 3618 3096 3689 τῷ
3126 3619 3358 3688 Musca.
3389 3620 3498 3673 Καὶ
3524 3620 3582 3683 ὃς
3619 3621 3705 3673 διὰ
3729 3621 3837 3689 τῆς

2279 3707 2493 3784 ἐρήμου
2539 3707 2756 3779 ἐχώρει,
2781 3707 2858 3776 μὴ
2893 3707 3084 3776 ἄρχειν
3125 3709 3306 3778 μάχης
3369 3708 3837 3778 συμϐουλεύοντος

2281 3794 2376 3848 τοῦ
2410 3795 2566 3848 Θεοῦ.
2604 3795 2738 3848 Τότε
2768 3798 2865 3849 καὶ
2889 3797 3199 3865 Μαριάμμη
3238 3796 3495 3865 τέθνηκε,
3526 3796 3621 3850 τοῦ
3668 3798 3840 3850 Meuia-

2283 3883 2417 3945 σέως
2438 3885 2471 3953 ὴ
2503 3878 2785 3951 σύγγονος,
2830 3885 2968 3953 μετά
3000 3888 3436 3954 τεσσαρακοστὸν
3493 3887 3609 3950 ἔτος
3642 3889 3741 3957 τῆς
3773 3889 3841 3953 ἐξ

2280 3972 2554 4039 Αἰγύπτου
2589 3973 2790 4038 ἐξόδου.
2825 3971 2928 4024 Τὸν
2952 3973 3008 4025 δέ
3057 3972 3184 4026 λαὸν
3215 3976 3395 4044 ἀπῆγε
3425 3976 3516 4028 διὰ
3569 3979 3666 4046 τῆς
3700 3980 3837 4047 ἐρή-

2286 4078 2408 4130 μου,
2445 4066 2539 4115 καὶ
2566 4066 2666 4132 τῆς
2698 4063 2980 4130 Ἀραϐίας,
3015 4064 3145 4116 ἔνθα
3173 4067 3266 4118 καὶ
3309 4066 3519 4136 Ἀαρὼν
3545 4069 3838 4137 ἐτελεύτη-

2285 4169 2374 4204 σεν
2408 4154 2486 4215 εἰς
2513 4154 2636 4224 ὅρος
2664 4154 2873 4217 ἀναϐὰς
2920 4153 3275 4230 ὑψηλὺνηκαὶ
3303 4157 3402 4227 τὴν
3435 4160 3834 4228 ἀρχιερατικὴν

2283 4245 2474 4311 στολὴν
2524 4245 2799 4311 παραδοὺς
2848 4245 2924 4314 τῷ
2977 4245 3076 4313 υίῷ
3132 4244 3414 4322 Ἐλεάζαρ,
3463 4249 3555 4300 τοῦ
3597 4248 3836 4317 πλήθους

2283 4337 2537 4406 ὁρῶντος,
2593 4338 2686 4407 ἐτη
2729 4339 2874 4406 βιοὺς
2910 4338 3104 4392 ἑκατὸν
3138 4340 3272 4408 πρὸς
3304 4343 3478 4394 εἴκοσι
3507 4341 3600 4395 καὶ
3631 4342 3834 4411 τρισίν.

2284 4427 2487 4480 Ἐλθὼν
2524 4427 2579 4480 δὲ
2609 4428 2843 4498 Μωῦσῆς
2887 4430 2978 4481 ἐπὶ
3007 4429 3113 4500 τὴν·
3147 4430 3453 4485 Μωαϐιτῶν
3493 4434 3586 4484 καὶ
3635 4434 3837 4502 Ἀμορ-

2287 4521 2452 4590 ραίων
2480 4519 2682 4588 χώραν,
2709 4519 2785 4587 τῷ
2839 4519 3057 4589 στρατῷ
3082 4521 3252 4574 δίοδον
3289 4523 3427 4592 ἦτει.
3459 4524 3614 4591 Σηὼν
3643 4526 3697 4577 δὲ
3732 4525 3838 4591 τῆς

2286 4611 2464 4680 χώρας
2491 4614 2518 4662 ὁ
2549 4610 2808 4678 βασιλεὺς
2853 4610 3149 4663 διαϐαίνειν
3178 4614 3304 4674 τοὺς
3376 4613 3655 4684 Ἐϐραίους
3694 4618 3840 4668 ἐκω-

639 4699 846 4753 Hebraei
884 4701 1046 4752 armis
1079 4704 1328 4770 sumptis,
1354 4705 1404 4755 iu
1441 4704 1685 4770 przelium
1718 4707 1941 4756 vadunt.
1976 4703 2172 4759 Statim

2284 4701 2399 4764 λυε,
2424 4701 2642 4753 καὶτοῦ
2682 4698 2817 4751 Θεοῦ
2871 4701 3027 4768 νίκην
3079 4701 3423 4770 σημήναντος
3457 4707 3697 4774 ἐρομένῳ
3751 4704 3837 4774 τῷ

643 4790 694 4842 in
725 4789 901 4859 fugam
935 4799 1220 4844 vertuntur
1250 4793 1570 4858 Amorrbaai,
1590 4805 1642 4846 et
1675 4810 1862 4848 omnes
1882 4795 2177 4861 intereunt,

645 4894 766 4946 rege
805 4880 968 4932 etiam
999 4880 1199 4943 occiso,
1232 4888 1286 4933 et
1318 4883 1486 4949 captis
1513 4883 1760 4949 urbibus,
1797 4898 1858 4937 ac
1901 4884 2182 4952 provincia

646 4983 925 5038 occupata.
981 4971 1125 5041 Ogus
1173 4972 1300 5026 item
1361 4971 1673 5028 Galaditica:
1722 4985 1776 5028 et
1824 4959 2183 5029 Gaulanitidis

645 5076 759 5122 rex,
797 5061 886 5128 qui
920 5061 1079 5115 Seuni
1103 5064 1209 5131 jam
1261 5062 1544 5117 interfecto
1593 5065 1866 5138 suppetias
1906 5066 2178 5130 veniebat,

647 5150 912 5202 lsraelitas
943 5154 1272 5221 aggreditur.
1323 5154 1425 5207 Sed
1457 5164 1511 5208 et
1559 5155 1673 5222 ipse
1710 5157 1762 5208 in
1800 5156 1985 5224 pralio
2013 5153 2177 5216 cadit.

646 5251 700 5293 et
757 5242 1028 5296 exercitus
1079 5246 1196 5313 ejus
1229 5247 1440 5299 deletur
1482 5249 1655 5315 captis
1703 5249 1952 5311 urbibus,
2007 5259 2060 5301 ct
2095 5250 2181 5304 in-

645 5331 794 5383 eolis-
840 5332 1158 5386 interiectis.
1211 5337 1335 5390 Inde
1369 5337 1543 5390 Moses
1596 5338 1779 5406 copias
1829 5338 1882 5391 in
1937 5355 2176 5409 magnam

647 5420 921 5486 planitiem
948 5421 1118 5488 ducit,
1151 5433 1205 5476 et
1234 5434 1408 5479 castra
1443 5437 1628 5481 contra
1663 5428 2067 5482 Hiericliuntem
2096 5431 2176 5484 lo-

647 5519 750 5573 cat,
786 5514 972 5568 urbem
998 5516 1324 5580 beatam,-ac
1366 5519 1658 5585 palmarum
1685 5530 1740 5573 et
1783 5521 2010 5573 Balsami
2037 5522 2176 5576 iera-

647 5615 784 5654 cem.
821 5601 1044 5658 Balacus
1067 5615 1244 5660 autem
1286 5623 1377 5660 rex
1412 5607 1714 5661 Balaamum
1762 5621 1937 5664 vatem
1991 5629 2177 5666 accer-

620 5700 738 5776 Isnt,
772 5702 829 5746 ut
856 5693 1124 5751 lsraelitas
1156 5699 1288 5755 diris
1311 5701 1619 5756 devoveret.
1655 5699 1758 5753 Sed
1791 5703 1891 5753 iter
1912 5703 2175 5771 ingresso,

2288 4792 2512 4858 Μωῦσῇ,
2546 4793 2643 4851 τὰς
2679 4790 2979 4853 πανοπλίας
3015 4791 3371 4856 ἀναλαϐόντες
3403 4795 3662 4865 Ἑϐραῖοι,
3697 4797 3835 4863 πρὸς

2293 4881 2469 4950 μάχην
2500 4881 2759 4949 ἐχώρουν.
2792 4882 3093 4952 Τρέπονται
3125 4883 3169 4935 δ’
3201 4885 3396 4938 αὐτίκα
3423 4888 3468 4937 οἱ
3494 4887 3833 4954 Ἀμορραῐοι,

2291 4976 2385 5024 καί
2414 4971 2650 5034 ἆπαντες
2675 4973 3066 5042 διεφθάρησαν.
3092 4975 3353 5027 Πέπτωκε
3401 4975 3458 5027 δὲ
3493 4979 3584 5028 καὶ
3615 4977 3765 5042 Σηὼν
3800 4980 3837 5030 6

2288 5063 2465 5117 αὐτῶν
2519 5064 2791 5133 βασιλεὺς,
2841 5066 2935 5131 καὶ
2981 5071 3079 5128 τὰς
3141 5067 3325 5127 πόλεις
3377 5061 3537 5132 εἷλον,
3605 5071 3698 5122 καὶ⁵
3725 5071 3832 5140 τὴν

2288 5156 2390 5226 γῆν
2419 5159 2641 5210 ἐκείνων
2669 5157 2997 5228 παρέλαϐον.
3029 5157 3363 5211 Ἐπιτίθεται
3389 5158 3445 5212 δὲ
3474 5163 3587 5222 τοῖς
3619 5162 3839 5231 Ἰσραη-

2284 5247 2481 5316 λίταις,
2518 5251 2610 5301 καὶ
2652 5249 2752 5318 ὀγ
2799 5251 2827 5300 ὁ
2854 5250 2954 5318 τῆς
3002 5249 3314 5322 Γαλαδηνῆς
3371 5253 3586 5322 καὶτῆς
3618 5252 3832 5305 Γαυλα-

2287 5341 2480 5403 νίτιδος
2531 5340 2784 5411 βασιλεὺς
2832 5340 3118 5410 σύμμαχος
3171 5342 3337 5397 ἐλθὼν
3384 5345 3462 5412 τῷ
3525 5344 3678 5416 Σηὼν
3723 5346 3830 5418 ήδη

2289 5431 2608 5484 ἀπολωλότι.
2642 5433 2814 5493 Αὐτός
2859 5449 2918 5486 τε
2941 5430 3031 5485 οὗν
3073 5434 3294 5503 θνήσκει
3326 5436 3466 5488 κατά
3495 5440 3590 5506 τὴν
3624 5439 3831 5507 μάχην,

2289 5522 2382 5574 καὶ
2443 5526 2468 5573 ὁ
2502 5525 2729 5593 στρατὸς
2760 5523 2923 5576 αὑτοῦ
2956 5525 3350 5595 διαφθείρεται,
3388 5529 3480 5581 καὶ
3535 5530 3591 5582 αι
3643 5529 3830 5592 πόλεις

2288 5613 2550 5678 ἑάλωσαν,
2611 5614 2705 5666 καὶ
2735 5615 2784 5666 οἰ
2840 5616 3170 5681 ἐνοικοῦντες
3237 5619 3535 5676 ἀπώλοντο.
3587 5621 3829 5674 Ἐκεῖθεν

2286 5705 2340 5760 δὲ
2367 5706 2605 5775 Μωῦσῆς
2639 5706 2737 5776 την
2780 5708 3007 5778 δύναμιν
3054 5715 3267 5769 κατὰτὸ
3300 5718 3440 5791 μέγα
3471 5715 3647 5768 πεδίον
3677 5715 3824 5781 ἄνει,
