4038 6320
185 379 263 442 105

1404 385 1805 446 ΛΝΝΑΙ.1ΠΜ
1852 387 1991 445 LIB.
2042 387 2082 443 1.

3248 377 3345 435 ινδ

181 492 261 557 τῆς
291 492 496 560 ἡμέρας
527 495 749 560 ταύτης
814 495 952 563 Ἤδη
978 496 1031 545 δὲ
1063 494 1152 548 τοῦ
1193 495 1420 558 πένθους
1452 495 1694 565 λελωφη-

1816 496 2044 548 )ccultat
2078 497 2181 548 sub
2214 495 2309 548 lini
2350 457 2645 554 fasciculis,
2679 501 2734 545 et
2774 486 3183 557 inquisitoribus
3217 485 3351 539 dicit

182 588 324 648 κότος,
369 587 573 654 πέμπει
611 589 989 652 κατασκόπους
1030 592 1109 652 εἰς
1164 588 1487 660 Ἱεριχοῦντα
1519 591 1545 640 ὁ
1589 589 1695 653 Ἰη-

185 674 298 736 σοῦς.
329 675 850 743 Μετακαλεσάμενος
888 678 941 729 δέ
972 681 1098 740 τοὺς
1130 678 1436 748 φυλάρχους
1475 678 1571 746 τῆς
1601 676 1692 728 τοῦ

192 767 380 834 Ῥουϐὶμ
421 768 613 836 φυλῆς,
667 768 761 819 καὶ
809 769 907 836 τῆς
940 769 1061 831 Γὰδ,
1117 770 1209 821 καὶ
1259 771 1354 838 τῆς
1407 769 1695 836 Μανασσῆ,

186 857 560 926 ὑπεμίμνησκεν
594 861 790 921 αὐτοὺς
813 859 920 911 τῶν
956 861 1088 929 πρὸς
1117 861 1356 927 Μωῦσῆν
1391 857 1695 926 συνθηκῶν.

186 947 362 1000 Τῶνδέ
399 951 678 1020 ἑπομένων
727 951 982 1013 πεντάκις
1037 952 1248 1021 μυρίοις
1296 950 1560 1013 δπλίταις,
1607 949 1699 1000 ἐπὶ

187 1039 256 1092 τὸν
293 1042 542 1111 Ἰορδάνην
585 1044 834 1113 προσῄει.
872 1043 934 1094 Οί
964 1042 1019 1094 δέ
1059 1041 1396 1109 πεμφθέντες
1431 1041 1699 1092 κατάσκο-

186 1149 270 1196 ποι,
307 1136 378 1196 είς
416 1133 626 1204 Ἰεριχὼ
674 1134 1134 1205 παραγενόμενοι,
1180 1133 1275 1203 τὴν
1307 1133 1458 1185 πόλιν
1485 1132 1701 1185 ἃπασαν

179 1225 494 1293 κατενόησαν.
532 1225 868 1287 Γνωσθέντες
895 1225 970 1288 δὲ,
1010 1224 1085 1292 τῷ
1117 1223 1327 1292 βασιλεῖ
1374 1223 1469 1291 τῆς
1519 1220 1702 1290 χώρας

183 1312 460 1380 μηνύονται.
503 1313 561 1367 Ὀ
584 1313 627 1365 δ’
660 1313 822 1377 εὐθὺς
852 1316 1047 1376 αὐτοὺς
1090 1314 1457 1384 συλληφθῆναι
1485 1313 1704 1364 ἐκέλευ-

185 1425 267 1460 σεν.
307 1409 389 1470 Ὧς
423 1409 480 1462 δὲ
538 1408 680 1476 ἔγνω
713 1409 812 1476 τὴν
854 1407 1044 1474 ἔφοδον
1089 1407 1197 1459 τῶν
1227 1405 1530 1475 ζητούντων
1579 1403 1704 1466 τοὺς

184 1499 403 1569 ἀνδραςή
444 1502 607 1569 γυνὴ,
643 1502 771 1570 παρ’
887 1499 1355 1568 προσπεφεύγασι,
1403 1499 1571 1553 Ῥαάϐ
1607 1516 1704 1551 κα-

184 1593 402 1662 λουμένη,
440 1589 565 1654 τοὺς
598 1594 697 1662 μὲν
724 1592 1056 1661 κατέκρυψε,
1087 1591 1233 1644 λίνου
1270 1594 1453 1654 αὐτοῖς
1480 1594 1705 1659 ἀγκαλί-

183 1684 258 1747 δας
307 1667 615 1754 ἐπιθεμένη.
673 1685 796 1746 Τοῖς
856 1685 913 1736 δὲ
971 1683 1226 1754 ζητοῦσιν
1278 1683 1483 1752 ἔλεγεν,
1527 1687 1600 1748 ὡς
1654 1687 1700 1737 οί

187 1773 392 1839 ἀγνῶτες
418 1775 606 1842 ἄνδρες
631 1775 850 1835 ἐκεῖνοι,
889 1775 1020 1843 πρὶν
1064 1773 1218 1826 δῦναι
1255 1776 1343 1826 τὸν
1370 1775 1540 1844 ἥλιον,
1575 1775 1702 1844 παρ’

1803 589 1949 641 viros
2002 586 2124 642 illos
2173 587 2406 657 ignotos,
2457 597 2583 640 ante
2623 584 2754 640 solis
2803 597 3073 643 occasum,
3106 581 3245 648 apud
3294 596 3351 633 se

1802 689 2044 733 casnatos
2076 678 2416 733 discessisse.
2457 679 2537 732 llli
2569 678 2648 731 sic
2675 694 2703 730 a
2751 675 2977 728 muliere
3020 672 3178 734 elusi,
3216 664 3354 726 alius

1801 770 1907 822 alio
1933 770 2276 834 dilabuntur,
2299 771 2634 839 persecuturi
2657 784 2768 822 eos.
2796 768 2932 821 Tum
2965 767 3108 818 Raab
3133 765 3350 818 domum

1804 876 1860 914 se
1915 863 2158 930 recipere
2184 863 2339 932 jubet
2366 862 2530 923 viros,
2563 860 2811 914 beneﬁcii
2860 859 2943 913 sui
2977 871 3262 918 memores,
3294 871 3353 908 ac

1810 961 1949 1005 terra
2000 952 2304 1007 Chananasa
2361 956 2599 1022 potitos,
2632 951 2832 1006 referre
2886 951 3134 1021 gratiam.
3166 949 3248 1003 Illi
3302 956 3358 1001 et

1809 1044 2007 1112 gratias
2040 1055 2228 1114 agunt,
2261 1061 2489 1115 eamque
2520 1046 2610 1098 ubi
2646 1045 2775 1098 urbs
2801 1057 2954 1117 capta
2985 1051 3147 1106 esset,
3176 1051 3235 1096 ut
3271 1057 3358 1094 res

1808 1151 1936 1189 suas
1960 1145 2014 1188 et
2060 1138 2396 1192 necessarios
2426 1139 2479 1191 in
2505 1137 2805 1199 diversorio
2836 1134 3207 1196 concluderet,
3234 1148 3360 1187 sus-

1809 1243 1978 1296 penso
2024 1244 2123 1298 pro
2165 1228 2371 1283 foribus
2415 1209 2669 1298 purpura:
2714 1242 2912 1295 panno,
2962 1234 3203 1289 monent,
3254 1240 3362 1294 quo

1811 1328 2134 1372 nosceretur
2185 1319 2417 1381 domus,
2470 1326 2523 1372 et
2571 1326 3009 1372 conservaretur.
3063 1317 3246 1385 Itaque
3295 1316 3362 1368 ad

1809 1421 1936 1462 suos
1960 1408 2262 1462 incolumes
2285 1407 2507 1467 reversi,
2532 1406 2660 1475 quid
2688 1407 3001 1474 gessissent,
3026 1405 3364 1458 renuntiant.

1810 1499 1945 1554 Cum
1999 1511 2182 1554 autem
2234 1499 2488 1554 Iordanis
2537 1498 2906 1558 intumuissct,
2940 1496 3020 1550 sic
3053 1497 3210 1551 Iesus
3257 1494 3366 1551 He-

1812 1590 1988 1645 braeos
2018 1607 2115 1659 per
2153 1607 2278 1645 eum
2310 1589 2572 1643 traduxit.
2611 1588 2998 1643 Praecedebant
3030 1588 3364 1646 sacerdotes.

1813 1699 1990 1736 arcam
2061 1683 2315 1738 ferentes.
2371 1681 2579 1736 Deinde
2652 1681 2891 1743 Levitaz,
2954 1679 3366 1734 tabernaculum

1813 1783 2107 1842 gestantes.
2141 1773 2252 1827 Hos
2295 1772 2532 1840 populus
2562 1770 2910 1838 sequebatur.
2943 1769 3011 1823 Ut
3056 1779 3238 1822 autem
3280 1783 3368 1821 sa-

184 1865 293 1931 αὑτῇ
319 1864 721 1932 δειπνήσαντες,
772 1865 1183 1932 ἀπηλλάγησαν.
1227 1865 1291 1916 Oi
1328 1865 1372 1915 δ’
1409 1866 1580 1928 οὕτως
1609 1869 1710 1918 αὺ-

1816 1865 2127 1920 cerdotibus
2149 1863 2334 1931 primis
2364 1862 2644 1932 ingressis,
2670 1863 2903 1930 impetus
2927 1860 3163 1914 ﬂuminis
3184 1859 3365 1914 statim

183 1954 285 2012 τοὺς
309 1952 633 2022 ὑπελθούσης
662 1953 761 2020 τῆς
784 1953 1060 2020 γυναικὸς,
1086 1952 1352 2022 ὥρμησαν
1376 1954 1533 2017 ἄλλος
1560 1956 1712 2006 ἀλλα-

1816 1959 2250 2026 interrnmpitur,
2280 1970 2471 2007 omnes
2498 1952 2757 2006 audacter
2785 1953 3071 2027 trajecere,
3096 1951 3369 2004 stantibus

183 2040 422 2109 χοῦ,τοίις
472 2042 671 2111 ἄνδρας
730 2043 1037 2104 διώκοντες.
1104 2042 1166 2094 'H
1211 2044 1266 2096 δὲ
1320 2044 1716 2114 Ῥαάϐγχωρεῖν

1816 2049 1866 2102 in
1899 2046 2078 2100 medio
2111 2043 2508 2106 sacerdotibus,
2538 2042 2712 2094 donec
2744 2043 2978 2109 populus
3019 2040 3298 2096 transisset
3347 2056 3362 2093 :

183 2135 433 2185 ἐκέλευσεν
455 2134 548 2185 ἐπὶ
568 2136 634 2185 τά
665 2135 840 2185 οἰκεῖα
873 2135 997 2196 τοὺς
1028 2133 1250 2201 ἄνδρας,
1283 2137 1376 2187 καὶ
1405 2136 1715 2206 μεμνῆσθαι

1816 2154 1874 2192 ac
1906 2148 2018 2192 tum
2048 2139 2270 2191 demum
2317 2135 2418 2204 ipsi
2466 2133 2632 2187 etiam
2661 2141 2789 2185 sunt
2815 2132 3039 2200 egressi,
3071 2148 3234 2187 cursu
3264 2133 3370 2186 ﬁu-

181 2224 344 2293 αὺτῆς,
377 2228 467 2277 καὶ
496 2224 731 2294 ἀμοιϐὴν
765 2226 1002 2290 ἐκτίσαι,
1041 2226 1138 2293 τῆς
1171 2227 1493 2280 Χαναναίων
1532 2228 1716 2297 χώρας

1816 2231 1976 2283 minis
2031 2231 2083 2283 in
2137 2229 2408 2296 integrum
2467 2225 2742 2278 restituto.
2796 2224 3032 2277 Iordane
3088 2233 3368 2294 superato,

182 2315 648 2386 ἐπικρατήσαντας.
678 2319 740 2370 Οί
783 2317 839 2368 δὲ
881 2319 972 2369 καὶ
1013 2320 1175 2387 χάριν
1211 2306 1357 2387 ἔχειν
1385 2319 1718 2388 ὡμολόγουν,

1816 2331 1991 2376 castra
2015 2319 2206 2373 decem
2238 2317 2428 2371 stadiis
2461 2317 2532 2370 ab
2573 2315 2928 2370 Hierichunte
2955 2316 3157 2370 locant.

182 2412 260 2462 καὶ
283 2411 430 2479 ἡνίκα
455 2412 520 2465 ἂν
564 2414 598 2483 ἡ
640 2412 792 2474 πόλις
819 2411 1125 2482 ἁλίσκηται,
1157 2411 1254 2483 τὴν
1285 2394 1476 2479 κτῆσίν
1510 2431 1568 2466 τε
1612 2418 1705 2468 καὶ
1743 2418 1872 2480 τοὺς
1935 2415 2170 2475 οἰκείους
2209 2413 2290 2473 είς
2359 2412 2422 2463 τὸ
2462 2410 2805 2477 καταγώγιον
2838 2410 3204 2479 ἐγκαθεῖρξαι,
3230 2410 3369 2479 αὐτῇ

182 2502 500 2568 ἐνετέλλοντο,
532 2506 889 2572 ἀπαιωρῆσαι
928 2499 982 2551 δέ
1020 2504 1112 2558 καὶ
1153 2503 1421 2572 φοινικίδα
1460 2504 1564 2575 πρὸ
1625 2507 1732 2562 τῶν
1771 2506 1972 2578 θυρῶν,
2008 2504 2074 2559 ἵν’
2124 2504 2210 2572 εῖη
2252 2503 2526 2572 γνώριμος
2572 2504 2605 2570 ή
2642 2501 2808 2565 οίκία,
2849 2501 2943 2553 καὶ
3008 2501 3368 2571 διαφυλαχθῇ.

181 2595 273 2645 Καὶ
313 2597 358 2646 οί
401 2597 495 2664 μὲν
548 2597 684 2667 πρὸς
736 2599 860 2670 τοὺς
903 2598 1137 2660 οἰκείους
1189 2596 1492 2665 ἐσώθησαν,
1529 2599 1623 2652 καὶ
1674 2600 1710 2653 ἀ
1750 2599 1994 2669 ἔπραξαν
2033 2597 2275 2668 ἐδήλουν.
2341 2596 2446 2648 Τοῦ
2521 2594 2783 2665 Ἰορδάνου
2808 2596 2864 2649 δὲ
2906 2596 3101 2652 πολλοῦ
3137 2595 3371 2666 ῥέοντος,

181 2684 301 2737 οὕτω
326 2688 442 2750 τοὺς
476 2688 760 2756 Ἐϐραίους
785 2691 814 2742 ὁ
884 2690 1091 2758 Ἰησοῦς
1128 2690 1214 2741 ἐπ’
1251 2689 1415 2742 αὑτοῦ
1481 2691 1775 2745 διεϐίϐασε.
1821 2690 2105 2761 Προῄεσαν
2156 2691 2255 2760 μὲν
2310 2690 2359 2742 οἱ
2415 2690 2599 2757 ίερεῖς,
2627 2690 2743 2766 ,τὴν
2782 2689 3025 2741 Κιϐωτὺν
3081 2687 3330 2757 αἴροντες
3355 2725 3372 2750 ,

181 2769 284 2829 εἶτα
307 2779 350 2829 oi
377 2776 618 2841 Λευῖται,
643 2779 958 2848 κομίζοντες
980 2780 1079 2848 τὴν
1115 2784 1344 2850 σκηνήν.
1379 2779 1607 2833 Εἶποντο
1643 2781 1700 2833 δὲ
1740 2779 1949 2843 τούτοις
2004 2780 2034 2832 δ
2065 2779 2213 2842 λαός.
2289 2779 2375 2840 Ὦς
2398 2778 2454 2829 δὲ
2479 2781 2589 2839 τοῖς
2619 2775 2827 2846 ’ίερεῦσι
2857 2777 3093 2845 πρώτοις
3117 2779 3370 2846 ἐμϐᾶσιν,

181 2870 393 2939 ἀνεκόπη
425 2872 485 2922 τὸ
539 2870 717 2941 ῥεῦμα
759 2871 855 2924 τοῦ
889 2872 1158 2939 ποταμοῦ,
1186 2873 1385 2932 πάντες
1411 2873 1754 2944 θαρρούντως
1792 2872 2164 2943 ἐπεραιοῦντο.
2201 2873 2475 2941 Ἐστησαν
2503 2870 2546 2922 δ’
2576 2872 2632 2922 ἐν
2699 2869 2847 2938 μέσῳ
2875 2870 2924 2920 οί
2969 2869 3151 2939 ίερεῖς,
3187 2870 3290 2932 ἕως
3316 2866 3376 2924 οὗ

183 2961 370 3031 διαϐαίη
399 2962 456 3013 τὸ
478 2962 699 3032 πλῆθος,
730 2957 848 3016 εἶτα
875 2964 1117 3017 κάκεῖνοι
1149 2964 1398 3035 ἐξῄεσαν,
1468 2965 1750 3035 ἐλεύθερον
1789 2966 2019 3033 ἀφέντες
2068 2965 2130 3017 τὸ
2199 2964 2378 3034 ῥεῦμα
2431 2964 2646 3033 χωρεῖν,
2689 2963 2782 3014 καὶ
2832 2961 2938 3031 πρὸ
2979 2962 3109 3014 δέκα
3152 2963 3378 3016 σταδίων

181 3055 264 3121 τῆς
296 3054 634 3124 Ἱεριχοῦντος
664 3052 1200 3121 στρατοπεδεύονται.

245 3149 316 3204 κν,
342 3150 527 3219 Βωμὸν
557 3149 601 3201 δ’
624 3151 688 3201 ἐκ
714 3149 824 3202 τῶν
849 3148 1012 3201 λίθων
1036 3152 1063 3201 ό
1103 3148 1310 3220 Ἰησοῦς
1343 3150 1720 3219 ἱδρυσάμενος,
1744 3185 1790 3246 ο

179 3243 263 3304 οὓς
297 3243 512 3303 ἕκαστος
548 3241 656 3291 τῶν
685 3240 979 3310 φυλάρχων
1025 3240 1147 3292 κατ’
1193 3243 1410 3309 ἐντολὴν
1453 3241 1619 3294 αὑτοῦ
1655 3245 1718 3295 ἐκ

181 3331 267 3383 τοῦ
291 3331 438 3402 βυθοῦ
474 3332 569 3385 τοῦ
606 3331 874 3402 Ἰορδάνου
916 3333 1176 3398 ἀνείλετο,
1225 3333 1378 3386 ἔθυεν
1417 3335 1504 3386 ἐπ’
1530 3335 1718 3399 αὑτοῦ,

179 3423 266 3474 καὶ
294 3425 381 3494 τὴν
409 3426 600 3495 ἑορτὴν
638 3424 732 3476 τοῦ
772 3426 962 3494 Πάσχα
992 3425 1252 3493 ἑώρταζε.
1287 3423 1421 3477 Τότε
1453 3425 1497 3475 δ’
1527 3426 1721 3487 αὐτοὺς

181 3513 269 3565 καὶ
297 3516 351 3566 τὸ
377 3517 566 3569 Μάννα
616 3514 971 3578 ἐπιλελοίπει,
1016 3516 1391 3584 χρησαμένους
1436 3515 1584 3583 αὑτῷ
1629 3517 1721 3566 ἐπὶ

177 3605 562 3672 τεσσαράκοντα
590 3604 709 3670 ἔτη.
743 3603 882 3669 Ἤδη
906 3603 1012 3671 γάρ
1035 3602 1300 3673 εὐπόρουν
1327 3605 1388 3656 ἐκ
1414 3605 1516 3671 τῆς
1539 3602 1721 3672 χώρας

179 3693 398 3759 πάντων,
431 3691 612 3764 ὦνπερ
648 3695 879 3746 ἐδέοντο.
937 3695 1014 3763 Τῇ
1071 3693 1126 3747 δὲ
1176 3693 1366 3766 πρώτῃ
1407 3695 1502 3764 τῆς
1530 3695 1721 3764 ἐορτῆς

178 3783 347 3855 ἡμέρᾳ.
395 3788 458 3855 τῇ
517 3785 805 3856 πολιορκίᾳ
853 3786 948 3855 τῆς
1021 3785 1372 3854 Ἱεριχοῦντος
1421 3790 1449 3839 ὁ
1518 3787 1722 3855 Ἰησοῦς

101 3872 106 3876 ’
181 3874 538 3944 ἐπεχείρησεν,
567 3873 712 3933 οὕτω
746 3873 951 3944 ταύτην
981 3874 1367 3943 διατιθέμενος.
1405 3877 1512 3944 Τὴν
1545 3877 1726 3928 Κιϐω·

178 3963 265 4014 τὸν
292 3966 336 4015 oi
361 3967 519 4034 ίερείς
569 3967 848 4034 φέροντες,
886 3965 1212 4033 περιώδευον
1257 3966 1315 4015 τὸ
1364 3967 1562 4032 τεῖχος,
1588 3966 1725 4016 ἐπτά

1893 3148 2011 3202 XX.
2045 3149 2207 3203 Iesus
2237 3147 2288 3198 in
2317 3162 2410 3198 ara
2440 3161 2505 3199 ex
2532 3143 2824 3211 lapidibus.
2858 3160 2996 3212 quos
3030 3145 3200 3213 ipsius
3221 3147 3375 3214 jussu

1822 3237 2055 3306 quilibet
2109 3237 2363 3289 tribunus
2418 3250 2484 3286 ex
2539 3234 2694 3285 alveo
2753 3233 3006 3288 Iordanis
3058 3239 3375 3300 sustulerat,

1822 3328 2084 3390 immolat,
2116 3335 2172 3380 et
2208 3327 2405 3379 festum
2452 3325 2730 3379 Paschatis
2774 3328 3033 3381 celebrat.
3067 3329 3378 3399 Eodemque

1825 3427 2066 3486 tempore
2094 3430 2289 3469 manna
2318 3431 2412 3469 eos
2441 3416 2656 3477 defecit,
2687 3431 2795 3483 quo
2826 3433 2920 3484 per
2950 3433 3119 3471 annos
3148 3417 3380 3486 quadra-

1823 3509 1966 3576 ginta
1997 3508 2214 3560 fuerant
2262 3506 2368 3560 usi.
2414 3506 2529 3560 Iam
2577 3507 2719 3558 enim
2753 3521 2819 3558 ex
2868 3509 3012 3575 agris
3061 3511 3241 3563 omnia
3273 3511 3380 3581 ἀς

1823 3598 2024 3666 quibus
2062 3611 2200 3664 opus
2229 3607 2366 3658 erat,
2397 3596 2780 3664 suppetebant.
2813 3596 3166 3674 Obsidionem
3204 3600 3381 3655 Hieri-

1824 3687 2043 3758 chuntis
2073 3688 2231 3740 Iesus
2263 3686 2440 3754 primo
2473 3685 2561 3739 die
2590 3686 2903 3741 festivitatis
2933 3698 3015 3741 est
3047 3691 3378 3758 auspicatus.

1828 3795 1885 3834 re
1912 3780 1990 3833 sic
2017 3779 2300 3832 instructa.
2329 3777 2652 3833 Sacerdotes
2681 3793 2860 3831 arcam
2885 3789 3157 3846 gestantes
3185 3784 3380 3838 moenia

1826 3871 2210 3932 circumibant,
2236 3882 2442 3938 septem
2472 3885 2676 3922 cornua
2704 3871 2971 3934 inﬂantes,
2998 3881 3218 3927 senatus
3242 3889 3381 3942 pone

1827 3964 2180 4031 sequebatur,
2209 3971 2332 4030 post
2363 3964 2416 4014 in
2443 3972 2618 4015 castra
2651 3964 2920 4018 redibant.
2956 3966 3121 4034 quue
3148 3983 3242 4021 sex
3267 3967 3385 4022 die-

182 4054 520 4118 σαλπίζοντες
576 4057 793 4125 κέρασι.
853 4056 963 4106 Καὶ
1005 4058 1038 4124 ὴ
1083 4052 1350 4124 γερουσία
1398 4055 1720 4124 παρείπετο,

179 4140 278 4196 εἶθ’
318 4146 634 4198 ὑπενόστουν
665 4147 744 4208 είς
781 4147 839 4197 τὸ
874 4147 1255 4215 στρατόπεδον.
1290 4146 1399 4199 Καὶ
1441 4144 1598 4198 τοῦτο
1633 4147 1726 4198 ἐπὶ

1828 4057 1931 4110 bus
1961 4072 2083 4110 cum
2121 4056 2401 4120 fecissent,
2428 4071 2492 4109 ac
2524 4054 2613 4109 die
2661 4058 2893 4124 septimo
2941 4061 3303 4127 repetiissent,
3330 4071 3385 4115 et

1829 4148 2031 4218 septies
2071 4146 2476 4208 circumissent.
2509 4163 2699 4201 murus
2751 4148 3010 4212 concidit,
3042 4151 3274 4216 populus
3302 4152 3385 4203 in-

178 4235 233 4300 ἐξ
275 4238 479 4290 ἐποίουν
503 4238 736 4307 ἡμέρας.
771 4238 848 4307 Τῇ
883 4238 935 4290 δὲ
971 4237 1174 4309 ἐϐδόμῃ
1200 4239 1266 4291 τά
1298 4239 1438 4290 αὑτά
1471 4239 1718 4306 ποιησάν⁴

1831 4255 2069 4308 gressus,
2097 4253 2288 4292 omnes
2322 4237 2543 4300 occidit,
2585 4247 2640 4290 et
2674 4237 2862 4289 urbem
2907 4237 3168 4304 incendit.
3204 4238 3384 4293 Solam
3487 4270 3491 4276 -

177 4341 306 4389 των,
329 4331 415 4380 καὶ
438 4328 830 4399 περιελθόντων
870 4329 1118 4395 ἑπτάκις,
1147 4332 1205 4381 τὸ
1231 4333 1405 4399 τεῖχος
1434 4331 1718 4393 κατέπεσε,

1836 4333 2072 4384 Raabem
2104 4347 2228 4386 cum
2264 4332 2397 4394 suis,
2423 4331 2578 4398 signo
2599 4329 2689 4382 illo
2715 4345 2811 4396 pro
2838 4329 3047 4385 foribus
3073 4343 3385 4402 conspecto,

178 4419 271 4468 καὶ
297 4421 325 4470 ὁ
351 4420 468 4482 λαὸς
503 4419 781 4482 εἰσελθὼν,
806 4421 1012 4481 πάντας
1033 4421 1302 4483 ἔκτειναν,
1334 4421 1425 4472 καὶ
1458 4420 1555 4489 τὴν
1578 4420 1718 4470 πόλιν

1833 4424 2205 4492 exploratores
2227 4432 2621 4475 conservarunt
2648 4439 2662 4475 :
2695 4420 2851 4476 Iesus
2880 4425 3041 4478 etiam
3069 4441 3198 4493 agro
3220 4425 3387 4479 dona-

179 4507 499 4578 ἐνέπρησαν.
530 4511 641 4578 Τὴν
692 4509 746 4560 δὲ
793 4509 960 4562 Ῥαὰϐ
1017 4512 1183 4578 μόνην
1231 4512 1326 4561 σὺν
1369 4513 1483 4571 τοῖς
1511 4511 1718 4569 οἰκείοις

1836 4516 1933 4580 vit,
1963 4525 2017 4569 et
2049 4516 2352 4570 honorifice
2392 4516 2663 4570 tractavit.
2693 4515 2745 4570 Si
2779 4516 2869 4584 qui
2905 4531 3033 4569 vero
3071 4519 3261 4572 urbem
3304 4519 3387 4572 in-

178 4601 392 4650 ἔσωσαν
440 4602 485 4652 οἱ
530 4600 885 4676 κατάσκοποι,
943 4601 1208 4666 φοινικίδα
1277 4601 1383 4669 πρὸ
1422 4601 1519 4668 τῆς
1553 4601 1718 4660 οἰκίας

1836 4609 2131 4662 stauraturi
2217 4619 2441 4672 essent,
2515 4623 2610 4662 eos
2693 4607 2828 4660 diris
2907 4608 3214 4676 hujusmodi
3303 4621 3387 4666 est

860 4641 885 4677 LP

177 4687 617 4756 ἀπαιωρήσασαν.
647 4691 756 4742 Καὶ
783 4689 987 4759 Ἰησοῦς
1012 4691 1210 4759 ἀγροὺς
1236 4693 1372 4758 aliti]
1398 4690 1718 4757 ἐδωρήσατο1

1834 4700 2153 4764 detestatus,
2175 4711 2233 4753 ut
2251 4701 2342 4767 qui
2366 4700 2710 4753 fundamenta
2726 4698 2948 4763 iaceret,
2971 4700 3386 4769 primogenitum

1837 4790 2158 4842 amitteret:
2204 4790 2293 4855 qui
2342 4788 2649 4854 perﬁceret.
2685 4797 2815 4840 natu
2864 4791 3146 4844 minimum
3195 4790 3388 4845 ﬁlium.

178 4780 270 4829 καὶ
295 4773 396 4846 ἦγε
426 4768 714 4848 διάτιμῆς.
749 4780 906 4833 κατά
933 4782 990 4832 δὲ
1018 4782 1128 4832 τῶν
1162 4782 1401 4848 ἐγείρειν
1425 4777 1579 4842 αὖθις
1607 4780 1732 4850 βου-

177 4871 562 4941 ληθησομένων
590 4873 687 4941 τὴν
715 4872 869 4924 πόλιν
894 4873 1032 4941 ἀράς
1061 4874 1233 4936 ἔθετο,
1273 4874 1598 4942 στερηθῆναι
1634 4874 1718 4940 μέη

1838 4874 2024 4948 Magna
2077 4881 2196 4932 auri
2238 4887 2294 4931 et
2339 4880 2549 4946 argenti
2580 4869 2750 4947 ,copia
2797 4895 2863 4932 ex
2913 4882 3189 4935 manubiis
3236 4883 3388 4936 urbis
3420 4908 3440 4927 ι

177 4962 266 5013 τοῦ
304 4963 514 5030 πρώτου
547 4965 751 5025 παιδὸς,
801 4964 892 5014 τὸν
947 4963 1228 5030 θεμελίους
1271 4963 1616 5032 βαλλόμενον,
1646 4966 1718 5015 tbi

1840 4981 2041 5032 coacta,
2072 4971 2179 5022 Deo
2204 4969 2452 5023 universa
2475 4980 2844 5033 consecratur,
2869 4971 3120 5037 primitiae
3146 4973 3223 5025 rei
3249 4973 3388 5030 bene

179 5054 538 5107 τελειώσαντα
567 5056 624 5107 δὲ
656 5053 997 5122 ζημιωθῆναι
1042 5056 1134 5105 τὸν
1183 5058 1469 5108 νεώτατον.
1513 5056 1652 5107 Πολὺ
1681 5056 1718 5106 δὲ

1842 5069 2002 5128 gestae
2032 5076 2044 5110 :
2071 5073 2133 5111 ac
2164 5059 2421 5112 omnibus
2460 5060 2825 5117 interdicitur.
2862 5075 2930 5112 ne
2957 5061 3086 5126 quid
3118 5061 3243 5117 inde
3282 5065 3388 5119 sibi

183 5145 392 5210 πλῇθος
417 5147 478 5196 ἐκ
524 5148 621 5211 τῆς
669 5145 872 5206 πόλεως
923 5145 1233 5213 ἀθροίζεται
1279 5148 1520 5215 ἀργύρου
1557 5164 1614 5198 τε
1646 5165 1714 5198 κα

1842 5165 1938 5203 υευ
1951 5158 2124 5217 rpent.
2152 5149 2256 5204 Sed
2279 5151 2460 5204 Acbor
2480 5151 2694 5218 quidam
2716 5149 2948 5203 Iudaica:
2969 5151 3165 5216 tribus,
3184 5163 3387 5209 textum

179 5232 411 5301 χρυσοῦ,
448 5237 537 5286 καὶ
567 5236 710 5286 ἅπαν
738 5235 963 5303 ἀνετέθη
991 5234 1068 5302 τῷ
1100 5234 1236 5302 Θεῷ,
1268 5235 1340 5295 ὡς
1377 5236 1486 5288 τῶν
1529 5254 1713 5305 κάτωρ

1841 5241 2109 5309 quoddam
2161 5256 2227 5295 ex
2273 5258 2429 5304 auro,
2477 5249 2530 5295 et
2575 5242 2692 5293 auri
2749 5255 3001 5303 massam,
3048 5259 3168 5311 quae
3229 5241 3417 5300 siclos

178 5323 439 5388 θωμένων
468 5327 719 5393 ἐσόμενον
767 5326 1040 5393 ἀπαρχήν.
1106 5325 1390 5391 Ἀπείρητο
1417 5327 1522 5393 γάρ
1575 5330 1718 5378 πᾶσιε

1842 5334 2106 5387 ducentos
2138 5333 2430 5402 pendebat,
2463 5345 2670 5392 nactus.
2704 5333 2919 5395 retinet,
2953 5349 3014 5388 ac
3056 5337 3109 5388 in
3141 5335 3390 5389 taberna-

176 5415 240 5463 ἐκ
267 5412 460 5464 τούτου
505 5432 556 5466 τι
597 5416 1039 5483 σφετερίσασθαι.
1082 5417 1271 5484 Ἀχωρ
1307 5417 1361 5465 δέ
1407 5433 1486 5476 τις
1534 5420 1597 5469 ἐκ
1643 5419 1708 5486 τῆ

1845 5424 1966 5476 culo
1997 5438 2096 5476 suo
2120 5419 2344 5477 defodit.
2382 5424 2507 5477 Post
2538 5425 2660 5477 'orto
2697 5425 2856 5489 bello,
2887 5425 2940 5478 in
2970 5427 3146 5495 fugam
3172 5437 3386 5482 vertun-

195 5505 373 5557 Ἰούδα
401 5505 583 5573 φυλῆς,
638 5508 917 5574 ὑφάσματι
966 5510 1261 5576 χρυσοῖοφεί
1297 5507 1619 5576 περιτυχὼν,
1648 5526 1718 5561 κα

1849 5523 1935 5565 tur
1989 5513 2221 5590 Hebraei,
2273 5515 2492 5585 triginta
2527 5531 2618 5567 sex
2656 5530 2720 5569 ex
2765 5516 2845 5569 eis
2895 5517 3214 5570 interfectis.
3259 5517 3391 5572 Eam

182 5599 336 5669 μάζῃ
378 5598 571 5665 χρυσοῦ
623 5599 853 5670 ἑλκούσῃ
888 5600 1098 5659 σίκλους
1135 5600 1457 5661 διακοσίους,
1496 5599 1718 5651 ίδιώσατι

1847 5605 2053 5658 cladem
2107 5604 2342 5672 populus
2386 5605 2666 5673 :egerrime
2724 5607 2865 5658 tulit.
2916 5606 3073 5659 Iesus
3103 5606 3159 5662 in
3201 5608 3389 5662 faciem

179 5694 388 5753 ταρτα,
419 5689 715 5756 κατορύξας
747 5684 804 5743 ἐν
835 5695 899 5761 τῇ
955 5694 1146 5758 σκηνῇ.
1193 5691 1346 5743 Μετά
1378 5691 1549 5744 ταῦτα
1585 5691 1718 5742 πολέη

1845 5696 2132 5762 prolapsus
2178 5695 2506 5765 deprecatur
2537 5699 2705 5751 Deum
2742 5716 2754 5750 :
2791 5705 2846 5751 et
2892 5700 3113 5774 oraculo
3143 5700 3390 5774 edoctus,

187 5801 290 5853 μου
318 5783 611 5843 συστάντος
636 5782 926 5852 τρέπονται
954 5785 1000 5834 oi
1037 5781 1297 5850 Ἑϐραῖοι,
1332 5784 1425 5836 καὶ
1453 5785 1718 5838 πίπτουσν

1847 5783 2189 5854 sacrilegium
2221 5801 2339 5843 esse
2365 5788 2584 5854 factum,
2614 5787 2878 5859 judicium
2906 5770 3034 5844 sorti
3061 5770 3344 5847 committit
3369 5827 3382 5844 .

559 5879 826 5940 PATROL.
872 5881 986 5936 tia.
1037 5878 1372 5941 CXXXIV.
3066 5886 3102 5944 4
