4038 6320
671 351 778 434 ιοτ

1947 372 2272 433 JOANNIS
2310 343 2625 431 zoxAan

3767 366 3872 430 108

664 506 783 558 qua:
804 504 924 543 eum
949 490 1000 541 in
1026 488 1290 542 Achorcm
1316 487 1612 548 incidisset,
1644 486 1841 541 fatetur
1867 487 1955 542 ille
1979 487 2209 554 facinus,

2322 486 2492 538 αὐτῶν
2527 485 2715 554 ἄνδρες
2756 485 2814 548 ἒξ
2850 485 2940 538 καὶ
2991 483 3302 554 τριάκοντα.
3355 485 3525 538 Τοῦτο
3573 485 3772 556 σφόδρα
3813 491 3876 542 τὸ

669 595 758 632 res
810 579 1094 646 subreptas
1140 577 1363 647 profert,
1398 577 1509 644 ipse
1559 592 1682 630 cum
1731 576 1846 630 suis
1893 577 2211 646 lapidatur:

668 670 825 724 Jesns
870 669 1019 721 Naim
1053 669 1336 721 obsidione
1373 668 1538 736 capit.
1574 667 1843 721 (la-terum
1879 667 2214 732 Gabaoniue,

661 776 963 829 eorumque
996 759 1230 820 finitimi,
1261 774 1385 812 cum
1410 759 1476 812 ad
1497 757 1828 812 Chananacos
1859 760 2215 828 pertinerent,

666 852 826 906 veriti
853 868 920 906 ue
955 851 1140 905 itidem
1165 859 1224 903 ut
1245 849 1607 903 llierichuntii
1635 859 1691 904 et
1719 849 1886 903 Nailze
1915 859 2217 904 tractaren~

669 953 777 1007 tur,
815 945 1018 1012 legatos
1048 944 1114 996 ad
1146 942 1330 996 Jesum
1365 942 1611 1001 mittunt,
1653 955 1711 994 se
1745 941 2059 1010 longissime
2091 939 2218 994 inde

668 1035 914 1089 habitare
966 1033 1229 1096 dicentes,
1264 1046 1442 1100 neque
1499 1045 1694 1099 genere
1744 1046 1865 1084 cum
1901 1029 2219 1084 Cliananzeis

667 1126 1003 1194 conjunetos,
1036 1121 1214 1176 fmdus
1252 1120 1390 1173 inire
1429 1135 1552 1172 cum
1593 1119 1874 1180 Israelitis,
1904 1128 1956 1172 ct
1993 1120 2219 1188 jungere

667 1215 956 1270 amicitiam
1001 1227 1220 1281 cupere.
1285 1211 1461 1265 Jcsus.
1527 1209 1810 1279 postulatis
1874 1223 2062 1262 eorum
2118 1224 2217 1261 an-

666 1311 808 1384 nuit.
868 1308 1017 1368 Post,
1048 1306 1137 1358 ubi
1182 1319 1276 1360 eos
1305 1304 1607 1358 Chananeus
1654 1303 1830 1372 gentis
1886 1317 2007 1356 esse
2053 1301 2216 1354 intel-

669 1399 800 1454 lcxit
832 1417 845 1452 :
879 1409 1001 1450 cum
1029 1397 1110 1450 eis
1143 1396 1212 1448 ob
1233 1393 1418 1450 dolum
1445 1390 1888 1461 expostulat.-|lli
1922 1390 2216 1444 necessita-

671 1500 776 1546 tem
807 1497 1087 1554 excusant,
1115 1497 1272 1555 atque
1301 1479 1497 1540 excidii
1525 1473 1751 1536 metum.
1780 1483 1915 1535 Tum
1945 1481 2123 1542 Jesus,
2148 1495 2217 1532 ne

670 1583 848 1638 datam
885 1580 1042 1634 ﬁdem
1070 1578 1318 1640 violaret,
1343 1575 1588 1646 publicos
1611 1587 1799 1627 servos
1826 1587 1920 1624 eos
1950 1572 2093 1623 facit.
2129 1569 2220 1623 Sic

670 1673 959 1742 Iosephus.
998 1669 1102 1724 Sed
1143 1671 1283 1722 liber
1315 1666 1439 1722 Jcsu
1472 1667 1568 1727 ait,
1609 1680 1706 1718 eos
1742 1664 1878 1716 litus
1903 1672 1956 1715 et
2005 1662 2221 1713 calones

671 1755 857 1814 totius
882 1759 1171 1828 Synagogie
1217 1762 1270 1808 et
1312 1753 1480 1807 divini
1515 1753 1700 1806 altaris
1726 1766 1843 1805 esse
1889 1751 2077 1802 factos.
2111 1749 2218 1803 Ga-

2319 577 2520 645 πλῆθος
2580 579 2840 645 ἐλύπησε.
2895 577 3002 629 Καὶ
3068 575 3283 652 Ἰησοῦς,
3323 576 3413 628 ἐπὶ
3467 576 3638 645 στόμα
3685 580 3874 630 πεσὼν

2317 669 2493 721 ἐδέετο
2525 668 2615 720 τοῦ
2651 667 2802 719 Θεοῦ.
2840 667 3241 737 Χρηματισθεὶς
3275 668 3330 720 δδ
3369 667 3572 741 κλοπὴν
3615 670 3876 736 γενέσθαι

2316 759 2424 810 τῶν
2475 757 2917 827 καθιερωθέντων
2962 760 3277 826 χρημάτων,
3311 757 3497 828 κλήρῳ
3545 758 3643 828 τὴν
3691 761 3874 826 κρίσιν

2318 847 2629 917 ἐπέτρεψεν.
2673 848 2792 900 Ἐπὶ
2821 848 2877 900 δὲ
2907 847 2998 901 τὸν
3025 849 3208 917 Ἀχωρ
3238 847 3330 900 τοῦ
3367 849 3565 918 κλήρου
3589 853 3873 912 πεσόντος,

2316 938 2567 1007 ὁμολογεῖ
2590 939 2686 1008 τὴν
2717 938 2922 1008 κλοπὴν
2953 941 3183 1000 ἐκεῖνος,
3205 941 3298 991 καὶ
3326 940 3561 1008 παράγει
3581 940 3646 992 τὰ
3669 941 3873 1010 φώρια.

2319 1033 2427 1082 καὶ
2448 1030 2474 1081 ὁ
2502 1031 2598 1099 μὲν
2621 1031 2788 1093 λίθοις
2811 1030 3131 1098 ἀναιρεῖται,
3170 1031 3266 1082 σὺν
3295 1033 3405 1092 τοῖς
3427 1029 3590 1090 αὑτοῦ
3615 1049 3629 1061 ·
3666 1032 3878 1099 Ἰησοὺς

2317 1118 2372 1170 δὲ
2413 1119 2684 1188 πολιορκεί
2731 1119 2827 1187 τὴν
2875 1117 3037 1182 Ναῒν,
3085 1120 3177 1171 καὶ
3211 1119 3416 1188 ταύτην
3451 1123 3612 1188 αἱρεῖ.
3647 1120 3878 1172 Γαϐαω-

2320 1211 2461 1260 νῖται
2487 1209 2541 1260 δὲ
2569 1210 2660 1261 καὶ
2689 1210 2736 1260 oi
2766 1209 2998 1272 ἐκείνοις
3022 1211 3312 1278 περίοικοι,
3345 1211 3667 1274 Χαναναίοις
3703 1229 3876 1282 προσ-

2320 1301 2565 1368 ήκοντες,
2601 1298 2925 1370 φοϐηθέντες
2955 1301 3029 1362 ὡς
3069 1302 3180 1362 τοῖς
3227 1302 3612 1372 Ἱεριχουντίοις
3639 1304 3731 1356 καὶ
3762 1308 3879 1365 τοῖς

2320 1391 2448 1460 περὶ
2477 1388 2618 1444 Ναΐν
2648 1391 2717 1443 τὰ
2746 1392 2906 1458 ὅμοια
2945 1390 3242 1453 πείσονται,
3293 1394 3583 1461 πρεσϐείαν
3610 1396 3881 1448 ἀποστέλ-

2317 1480 2467 1533 λουσι
2500 1481 2633 1551 πρὸς
2675 1482 2764 1534 τὸν
2811 1481 3035 1550 Ἰησοῦν,
3084 1485 3416 1554 πορρωτάτω
3456 1484 3705 1552 λέγοντες
3745 1504 3879 1539 κατα

2319 1572 2506 1634 οικεῖν,
2543 1571 2675 1639 μηδὲ
2698 1568 2885 1638 γένους
2915 1574 3189 1624 κοινωνεῖν
3207 1573 3548 1637 Χαναναίοις,
3577 1578 3669 1626 καὶ
3703 1592 3876 1642 agrov-

2320 1661 2413 1722 δὰς
2449 1661 2582 1729 πρὸς
2609 1661 2801 1723 αὐτοὺς
2831 1660 3017 1714 θέσθαι
3045 1659 3328 1730 ζητοῦντες
3358 1665 3483 1726 τοὺς
3514 1667 3875 1736 Ἰσραηλίτας,

2323 1753 2412 1804 καὶ
2438 1754 2706 1822 συνθήκας
2729 1753 2930 1822 φιλίας.
2971 1753 3172 1821 Ἰησοῦς
3194 1750 3286 1806 οὖν
3314 1757 3496 1822 φιλίαν
3522 1756 3656 1826 πρὸς
3675 1760 3878 1820 αὐτοὺς

672 1849 918 1902 baouitas
965 1862 994 1898 a
1049 1859 1172 1914 rege
1220 1843 1710 1912 Hierosolymorum
1747 1829 1825 1893 iob
1867 1838 2043 1893 loedus
2095 1853 2217 1891 cum

2326 1845 2633 1912 ἐποιήσατο.
2665 1845 2826 1906 Γνοὺς
2850 1844 3096 1896 δ’ἔπειτα
3127 1845 3345 1907 τούτους
3378 1846 3471 1899 τοῦ
3503 1850 3688 1914 γένους
3712 1850 3876 1911 ὄντας

671 1939 927 1994 lsraelitis
985 1938 1210 1996 initum,
1263 1935 1404 1988 bello
1457 1935 1688 2002 petitos,
1746 1933 1902 1987 Jesus
1951 1933 2215 1997 defendit,

673 2032 852 2082 hostes
884 2027 937 2081 in
973 2026 1152 2095 fugam
1183 2024 1366 2088 vertit,
1406 2022 1674 2092 fugientes
1711 2021 1816 2093 47
1851 2021 2214 2091 persequitur.

671 2124 788 2188 Quo
816 2120 1000 2188 prmlio
1033 2127 1088 2172 et
1115 2116 1320 2186 grando
1362 2116 1523 2168 solito
1551 2115 1741 2182 major,
1773 2125 1827 2168 et
1858 2114 2081 2168 fulmina
2109 2129 2218 2168 cm-

669 2213 799 2266 litus
849 2211 902 2262 in
952 2209 1134 2262 hostes
1181 2197 1458 2259 irrueru'nt
1498 2213 1522 2258 ἐ
1563 2213 1619 2257 et
1649 2204 1767 2257 dies
1811 2205 1950 2258 facta
1985 2196 2214 2273 longior,

671 2300 1068 2357 cursum-solis
1123 2299 1190 2352 ad
1246 2297 1370 2352 Jesu
1415 2311 1624 2366 τρι-εσσε
1683 2297 1906 2350 sistente
1966 2299 2092 2355 Deo.
2148 2311 2218 2350 ne

671 2390 1001 2462 superventu
1031 2390 1206 2444 noctis
1239 2389 1426 2442 hostes
1457 2386 1822 2440 elaberentur.
1862 2384 2036 2454 Reges
2054 2389 2216 2439 etiam

672 2487 725 2538 in
766 2481 1000 2551 quodam
1050 2494 1214 2548 specu
1258 2478 1659 2539 delitescentes,
1691 2477 2042 2545 deprehensi,
2070 2477 2218 2530 occi-

671 2562 876 2629 duntur
898 2585 1102 2625 omnes.
1129 2569 1224 2622 llis
1249 2569 1411 2622 rebus
1435 2568 1621 2637 gestis,
1642 2567 1801 2622 Jesus
1827 2567 1880 2620 in
1903 2566 2219 2621 Chananwaz

675 2675 923 2718 montana
971 2661 1293 2731 regreditur,
1326 2659 1510 2728 ibique
1557 2673 1746 2727 magna
1778 2658 1921 2712 cgedc
1965 2657 2128 2716 edita.
2163 2667 2218 2712 et

673 2759 851 2826 opima
879 2755 1055 2824 praeda
1082 2757 1256 2823 parta,
1283 2753 1337 2805 in
1358 2749 1598 2820 Galgalia
1625 2761 1800 2804 castra
1830 2765 1950 2805 sese
1976 2751 2175 2818 recipit
2200 2767 2212 2802 :

674 2851 872 2920 quibus
916 2864 982 2901 ex
1031 2860 1097 2900 eo
1149 2858 1344 2898 nomen
1386 2851 1505 2898 erat
1539 2842 1760 2905 factum,
1791 2842 1937 2910 quod
1969 2842 2223 2896 Israelita

676 2952 732 2989 se
758 2943 812 2988 et
836 2935 1094 2988 servitute
1121 2931 1438 3000 Egyptiaca
1457 2938 1510 2983 et
1527 2931 1783 2982 airumnis
1805 2931 2006 2984 deserti
2028 2930 2223 2984 libera-

677 3036 760 3080 tos
790 3039 908 3078 esse
936 3031 1340 3088 cognoscerent.
1371 3019 1504 3074 Nam
1536 3018 1753 3086 Galgala
1793 3017 2030 3072 Hebraeis
2062 3019 2210 3072 liber-

2322 1934 2426 1984 τῶν
2462 1934 2799 1998 λαναναίων,
2835 1935 2929 2003 τῆς
2962 1934 3176 2004 ἀπάτης
3201 1937 3384 1998 αὐτοῖς
3416 1938 3675 1991 ἐνεκάλει.
3714 1940 3781 1992 Ol
3819 1941 3878 1991 δὲ

2321 2025 2379 2087 ἐξ
2413 2026 2653 2093 ἀνάγκης
2693 2024 2898 2092 ἔφασαν
2935 2026 3091 2078 τοῦτο
3134 2027 3354 2096 πρᾶξαι,
3386 2028 3612 2089 δεδιατες
3638 2030 3730 2081 τὸν
3763 2030 3883 2082 ϐλε-

2322 2115 2466 2184 θρον.
2525 2096 2632 2168 κάκ
2701 2115 2921 2183 Ἰησοῦς,
2981 2116 3168 2185 ἵναμὴ
3220 2117 3500 2186 παραϐαίη
3548 2119 3636 2170 τὸν
3686 2121 3877 2187 ὅρκον,

2320 2207 2611 2274 δημοσίους
2639 2207 2833 2269 αὐτοὺς
2878 2208 3273 2262 ἀποδείκνυσιν.
3344 2208 3527 2272 Οῦτως
3582 2209 3872 2281 Ἰώσηπος.

2336 2297 2393 2348 'H
2431 2297 2486 2348 δὲ
2519 2297 2693 2364 βίϐλος
2735 2299 2828 2349 τοῦ
2881 2298 3050 2366 Ἰησοῦ
3095 2300 3359 2368 περιέχει,
3409 2301 3490 2353 ὅτι
3538 2305 3877 2373 κατέστησεν

2321 2388 2514 2448 αὐτοὺς
2564 2386 2890 2463 ξυλοκόπους
2930 2388 3024 2439 καὶ
3061 2388 3388 2457 ὑδροφόρους
3434 2389 3580 2461 πάσῃ
3635 2381 3701 2460 τῇ
3746 2409 3878 2445 συν⁹

2323 2481 2531 2548 αγωγῇ,
2569 2479 2660 2530 καὶ
2683 2478 2759 2548 τῷ
2789 2479 3156 2547 θυσιαστηρίῳ
3184 2479 3276 2532 τοῦ
3308 2479 3462 2536 Θεοῦ.
3517 2481 3876 2554 Ἐπιθεμένου

2320 2569 2376 2620 δὲ
2402 2571 2508 2630 τοῖς
2539 2569 2898 2630 Γαϐαωνίταις
2918 2569 3008 2621 τοῦ
3041 2569 3300 2637 βασιλέως
3322 2571 3428 2623 τῶν
3460 2573 3875 2644 Ἰεροσολύμων,

2319 2659 2406 2710 δια
2435 2660 2532 2719 τὰς
2569 2660 2701 2726 πρὸς
2751 2659 3032 2727 Ἑϐραίους
3067 2660 3320 2723 σπονδὰς,
3370 2663 3398 2713 ό
3448 2660 3650 2732 Ἰησοῦς
3685 2667 3877 2730 αὐτοῖς

2325 2749 2623 2818 συμμαχεῖ,
2655 2749 2747 2800 καὶ
2772 2749 3031 2818 τρέπεται
3055 2750 3177 2812 τοὺς
3206 2752 3495 2818 ἐναντίους,
3526 2754 3618 2805 καὶ
3638 2756 3877 2826 τραπέν-

2322 2859 2421 2904 τας
2491 2841 2734 2894 ἐδίωκεν.¹
2790 2842 2917 2892 Ὅτε
2967 2841 3060 2894 καὶ
3100 2842 3388 2910 οὐρανόθεν
3426 2844 3631 2912 χάλαζά
3667 2861 3727 2898 τε
3773 2847 3878 2916 τῆς

2325 2931 2586 3000 συνήθους
2625 2932 2843 2999 μείζων,
2883 2931 2975 2984 καὶ
3007 2931 3260 3000 κεραυνοὶ
3291 2935 3398 2994 τοῖς
3443 2933 3717 3002 πολεμίοις
3769 2941 3874 2988 ἑπ-

2324 3024 2515 3076 έπεσον
2545 3039 2558 3052 ο
2600 3024 2695 3076 καὶ
2731 3025 2762 3090 ἠ
2790 3025 2972 3091 ἡμέρα
2995 3020 3217 3090 ηὔξητο,
3251 3023 3341 3074 τὸν
3365 3023 3562 3094 δρόμον
3588 3024 3680 3078 τοῦ
3715 3025 3874 3094 ἡλίου

679 3125 837 3169 latent
881 3112 1167 3182 signiﬁcat.
1198 3107 1333 3165 Cum
1383 3117 1564 3162 autem
1614 3105 1903 3160 Chanamei
1952 3107 2218 3160 Lihanum

2327 3115 2618 3182 στήσαντος
2659 3111 2749 3162 τοῦ
2783 3112 2940 3175 Θεοῦ,
2987 3109 3221 3174 ἐντεύξει
3262 3111 3354 3164 τοῦ
3398 3112 3598 3182 Ἰησοῦ,
3648 3115 3731 3168 ἵνα
3772 3121 3875 3187 μὴ,

679 3213 913 3259 montem
945 3203 1269 3263 accolentes,
1299 3209 1351 3252 et
1374 3198 1466 3267 qui
1500 3198 1554 3253 in
1587 3198 1986 3266 campestribus
2015 3198 2218 3252 habitu-

2323 3202 2510 3264 νυκτὸς
2544 3201 2892 3266 ἐπελθούσης,
2932 3201 3263 3270 διαφύγωσιν
3289 3203 3338 3256 οί
3376 3203 3642 3274 πολέμιοι.
3687 3208 3876 3260 Κατα⁸

682 3299 828 3360 bant,
875 3293 1169 3347 Palmstinis
1216 3292 1268 3344 in
1322 3289 1584 3343 auxilium
1637 3289 1841 3354 ascitis,
1891 3289 2095 3344 bellum
2142 3290 2218 3344 eis

2322 3293 2681 3363 λαμϐάνονται
2725 3293 2780 3346 δὲ
2834 3293 2924 3346 καὶ
2977 3295 3024 3346 οί
3079 3292 3315 3362 βασιλεῖς
3365 3293 3421 3346 ιν
3473 3309 3573 3347 τινι
3619 3297 3876 3366 σπηλαίῳ

681 3388 962 3450 inferrent,
994 3395 1154 3453 atque
1199 3384 1252 3436 in
1286 3382 1525 3435 exercitu
1575 3379 1839 3434 baberent
1888 3390 2218 3434 armatorum

2325 3387 2706 3453 κρυπτόμενοι,
2772 3384 2868 3436 καὶ
2911 3384 3210 3437 κτείνονται
3267 3387 3484 3448 πάντες.
3557 3388 3760 3459 Ἰησοῦς
3817 3391 3873 3441 δὲ

681 3487 918 3534 trecenta
973 3477 1158 3540 millia,
1193 3474 1439 3544 equitum
1488 3473 1674 3528 decem
1724 3472 1912 3536 millia,
1953 3479 2008 3526 et
2059 3472 2218 3525 millia

2322 3473 2547 3543 ἐπανῄει
2579 3473 2737 3526 πάλιν
2765 3478 2863 3544 τῆς
2894 3476 3202 3537 Χαναναίας
3241 3478 3334 3530 ἐπὶ
3369 3479 3469 3546 τὴν
3508 3479 3740 3550 ὀρεινὴν,
3777 3484 3874 3535 καὶ

679 3579 937 3626 curruum
972 3568 1212 3637 triginta,
1241 3567 1349 3619 Deo
1371 3565 1651 3618 victoriam
1682 3562 1940 3618 lsraelitis
1958 3561 2218 3632 pollicito,

2324 3566 2486 3620 πολὺν
2516 3567 2673 3634 φόνον
2706 3567 2812 3619 τῶν
2860 3569 2917 3619 ἐν
2962 3569 3097 3638 αὐτῇ
3137 3569 3528 3638 ἐργασάμενος,
3580 3569 3671 3624 καὶ
3718 3573 3874 3625 λείαν

681 3662 921 3733 pra-lium
957 3670 1109 3713 atrox
1142 3657 1503 3746 committitur
1541 3673 1554 3708 :
1587 3670 1697 3723 quo
1729 3657 1916 3733 hostes
1958 3653 2218 3718 universi,

2322 3658 2519 3722 λαϐὼν,
2542 3661 2619 3720 είς
2641 3659 2701 3711 τὸ
2723 3662 2777 3709 ὲν
2801 3659 3091 3724 Γαλγάλοις
3113 3654 3243 3728 ἦ).οε
3270 3661 3642 3728 στρατόπεδον.
3669 3663 3838 3732 Ἐκλή
3853 3695 3874 3704 ς

680 3753 864 3820 paucis
886 3751 1145 3818 exceptis,
1179 3755 1473 3817 perierunt,
1502 3747 1720 3816 regibus
1747 3748 1909 3801 etiam
1939 3749 2112 3801 caesis.

2322 3747 2389 3816 θη
2437 3749 2478 3798 δ’
2527 3750 2554 3800 ὁ
2603 3749 2763 3809 τόπος
2804 3747 2897 3801 τοῦ
2927 3750 3282 3818 στρατοπέδου
3331 3752 3588 3819 Γάλγαλα,
3644 3753 3716 3813 ὡς
3767 3755 3874 3822 ἤδη

625 3850 630 3852 ’
678 3846 899 3908 ἑαυτοὺς
921 3844 1229 3911 ἐλευθέρους
1253 3840 1358 3892 τῶν
1380 3841 1687 3908 Αίγυπτίων
1713 3842 1804 3894 καὶ
1831 3840 1928 3908 τῆς
1949 3841 2086 3894 κατὰ
2110 3841 2423 3912 τὴνερημον
2449 3843 2817 3912 ταλαιπωρίας
2847 3844 3078 3910 γνόντων
3104 3845 3210 3895 τῶν
3227 3844 3590 3912 Ἰσραηλιτῶν.
3616 3844 3874 3908 Γάλγαλα

679 3943 785 4013 γὰρ
811 3942 910 4010 τὴν
963 3937 1281 4009 ἐλευθερίαν
1315 3936 1550 4005 Ἑϐραῖοι
1581 3936 1824 3989 καλοῦσι.
1863 3935 2220 4004 Στρατεύουσι
2257 3937 2302 3990 δ’
2363 3937 2448 3989 ἐπ’
2486 3939 2683 4000 αὐτοὺς
2717 3937 2767 3990 οι
2802 3938 2928 4007 περὶ
2971 3938 3200 3990 Λίϐανον
3261 3939 3568 4007 Χαναναῖοι,
3603 3941 3696 3994 καὶ
3720 3943 3774 3994 οί
3812 3946 3870 3993 ἐν

676 4034 786 4095 τοῖς
812 4030 1039 4090 πεδινοῖς
1063 4028 1446 4095 Παλαιστηνοῖς
1469 4027 1931 4096 συμμαχούμενοι.
1952 4024 2156 4081 Ἦνδ’ὁ
2175 4030 2402 4100 στρατὸς
2431 4031 2651 4083 ἐκείνων
2673 4031 2902 4084 ὁπλιτῶν
2949 4031 3205 4100 μυριάδες
3252 4030 3558 4101 τριάκοντα,
3596 4035 3781 4105 μύριοι
3827 4037 3876 4088 δ’

682 4130 886 4190 ιπτιεῖς,
939 4125 1031 4178 καὶ
1075 4121 1367 4215 τρισμύρια
1415 4120 1652 4215 ἅρματα.
1687 4119 1860 4187 Νίκην
1908 4120 1965 4172 δι
2018 4121 2110 4174 τοῦ
2151 4122 2285 4175 Θεοῦ
2326 4123 2810 4193 ιπαγγειλαμένου,
2851 4125 3096 4215 ιαρξερὰ
3127 4124 3528 4194 μάχηνγίνεται,
3563 4126 3637 4188 ὡς
3665 4129 3776 4180 πᾶν
3808 4131 3871 4181 τὺ

681 4223 996 4292 στράτευμα
1023 4217 1128 4270 τῶν
1158 4214 1384 4286 ἐχθρῶν,
1419 4212 1555 4281 πλὴν
1583 4211 1796 4278 ὀλίγων,
1829 4211 2212 4283 διαφθαρῆναι,
2254 4214 2345 4266 καὶ
2381 4217 2505 4278 τοὺς
2534 4215 2767 4283 βασιλεῖς
2795 4214 2848 4266 δὲ
2879 4211 3081 4270 πεσεῖν.
3176 4261 3186 4269 .

750 4310 890 4366 XXI.
919 4310 1103 4364 Annus
1131 4316 1240 4360 tum
1272 4306 1497 4373 quintus
1539 4303 1768 4367 exierat,
1800 4320 1975 4372 neque
2008 4304 2217 4359 Chana—

594 4398 597 4401 ’
683 4413 919 4456 natorum
948 4396 1229 4471 quisquam
1251 4401 1368 4446 erat
1398 4391 1659 4459 reliquus,
1715 4404 1838 4444 cum
1869 4391 2024 4444 Jesus
2045 4388 2221 4468 taber—

2395 4306 2524 4360 KA'.
2586 4304 2742 4366 Ἔτος
2792 4305 2849 4356 δὲ
2907 4307 3155 4373 πέμπτον
3193 4303 3311 4372 ,ἢδη
3356 4305 3735 4373 παρεληλύθει,
3772 4311 3869 4363 καὶ

2325 4394 2638 4448 Χαναναίων
2682 4396 2865 4447 οὐκέτι
2914 4395 3090 4456 οὐδεὶς
3137 4388 3503 4447 ὑπολέλειπτο.
3553 4396 3758 4464 Ἰησοῦς
3812 4400 3870 4452 δὲ

681 4493 932 4548 naculum
953 4490 1006 4542 in
1035 4485 1233 4556 oppido
1255 4483 1468 4536 Selenio
1495 4483 1743 4544 collocat,
1766 4481 1938 4535 donec
1961 4480 2216 4548 templum

2324 4486 2446 4555 ίστᾷ
2469 4487 2565 4555 τὴν
2597 4487 2798 4556 σκηνὴν
2827 4485 2965 4537 κατὰ
3017 4483 3168 4537 πόλιν
3198 4485 3410 4554 Σηλὼμ,
3452 4485 3554 4548 ἕως
3583 4489 3868 4558 οίκοδομῆ-

681 4579 976 4638 aedificandi
1009 4578 1234 4632 daretur
1255 4574 1502 4634 occasio;
1531 4587 1591 4624 ac
1621 4571 1802 4639 populi
1827 4571 2061 4624 universi
2088 4586 2217 4623 con-

684 4674 810 4729 cilio
861 4671 1091 4730 indicto,
1139 4675 1322 4735 captas
1379 4664 1541 4718 urbes
1599 4670 1906 4723 enumerat,
1949 4676 2220 4728 aesosque

684 4764 920 4820 hostium
976 4760 1278 4821 exercitus,
1312 4765 1366 4810 ct
1425 4763 1483 4808 ut
1546 4753 1762 4820 triginta
1822 4767 2008 4806 eorum
2069 4768 2222 4819 reges

687 4851 955 4911 interfecti
997 4859 1196 4904 essent.
1249 4847 1419 4901 Urbes
1465 4855 1643 4898 autem
1692 4859 1808 4911 qua:
1877 4852 2223 4910 superessent

689 4944 1113 5004 munitissimas,
1168 4939 1476 4992 diuturnam
1550 4936 1819 5003 postulare
1881 4932 2220 4986 obsidionem

685 5035 977 5095 asserebat.
998 5044 1052 5088 ct
1067 5027 1640 5100 Transjordaninorum
1664 5027 1858 5079 auxilia
1873 5015 1979 5095 jam
2002 5025 2220 5078 domum

688 5127 1008 5184 remittenda
1059 5122 1334 5178 censebat.
1371 5119 1590 5174 Duabus
1646 5118 1809 5186 igitur
1865 5117 2116 5170 tribubus
2168 5123 2224 5170 et

687 5219 921 5280 semissi,
951 5231 1178 5285 quarum
1221 5212 1322 5267 viri
1370 5221 1525 5265 erant
1568 5208 1923 5277 quinquagies
1958 5207 2127 5270 mille,
2157 5206 2222 5259 ad

686 5327 783 5371 sua
801 5307 1059 5365 redeundi
1078 5294 1393 5375 potestatem
1417 5302 1561 5356 facit.
1582 5302 1683 5366 llli,
1699 5298 1930 5353 Iordane
1952 5309 2224 5366 superato,

688 5417 839 5459 aram
886 5401 941 5453 in
986 5401 1102 5466 ripa
1141 5397 1496 5449 constituunt.
1528 5393 1640 5457 Qua
1678 5390 1744 5443 de
1778 5405 1939 5441 causa
1979 5389 2223 5457 tumultu

694 5496 832 5550 inter
857 5491 1133 5547 lsraelitas
1152 5487 1406 5549 excitato,
1429 5485 1615 5539 decem
1642 5482 1934 5535 honoratos
1953 5479 2100 5532 viros
2121 5493 2225 5531 una

693 5597 815 5638 cum
869 5583 1072 5639 Phineo
1125 5566 1330 5648 legatos
1383 5576 1635 5637 mittunt,
1687 5573 1755 5626 de
1804 5585 1894 5625 ara
1952 5579 2223 5623 exstructa

689 5675 1110 5744 expostulantes.
1140 5672 1225 5725 llli
1271 5685 1379 5724 non
1421 5655 2006 5722 rerum'novandarum
2046 5661 2226 5714 studio

598 5776 605 5784 ‘
687 5781 744 5818 se
790 5772 938 5817 ara‘m
984 5762 1174 5815 fecisse
1219 5757 1584 5829 reSpondent.
1623 5754 1725 5809 sed
1767 5763 1823 5806 ut
1882 5749 2224 5805 monimento

2323 4593 2411 4627 σαι
2460 4576 2640 4636 αὐτοῖς
2684 4575 2806 4628 ναὸν
2844 4575 3086 4642 γένηται.
3133 4573 3457 4640 Συναγαγὼν
3499 4576 3556 4626 δὲ
3598 4576 3686 4627 τὸν
3739 4577 3869 4629 λαὸν

2322 4669 2398 4727 εἰς
2439 4665 2653 4734 Σηλὼμ,
2695 4667 2789 4726 τὰς
2827 4666 3122 4726 ἑαλωκυίας
3153 4663 3258 4715 τῶν
3301 4666 3502 4717 πόλεων
3540 4668 3866 4737 ἀπηρίθμει,

2323 4757 2415 4807 καὶ
2448 4757 2568 4808 ὅσαι
2608 4755 2713 4808 τῶν
2743 4755 2998 4807 ιναντίων
3041 4753 3406 4823 διεφθάρησαν
3454 4759 3720 4824 στρατιαὶ,
3771 4760 3900 4812 καὶ·

2322 4846 2394 4907 ὡς
2421 4847 2704 4912 τριάκοντα
2734 4846 2968 4915 βασιλεῖς
3000 4846 3177 4897 αὐτῶν
3202 4847 3635 4916 ἀπεκτάνθησαν.
3671 4849 3779 4911 Τὰς
3812 4852 3869 4901 δὲ

2327 4938 2759 5005 περιλειφθείσας
2793 4937 2870 4988 ἐτι
2913 4938 3094 4999 πόλεις
3143 4937 3490 5006 πολυχρονίου
3531 4938 3734 4989 δεῖσθαι
3767 4957 3864 4994 πο·

2325 5029 2560 5095 λιορκία;
2590 5028 2656 5081 δι’
2688 5029 2986 5096 ὀχυρότητα
3025 5028 3198 5094 ἔλεγε,
3229 5029 3318 5079 καὶ
3347 5028 3496 5094 ἠξίου
3523 5029 3644 5089 τοὺς
3675 5031 3739 5080 ἐκ
3767 5035 3870 5101 τῆς

2325 5121 2556 5188 περαίας
2605 5120 2698 5172 τοῦ
2767 5121 3026 5189 Ἰορδάνου
3087 5120 3591 5188 συνεξορμήσαντας
3646 5121 3866 5185 αὐτοῖς,

2323 5208 2576 5260 ἀπολύειν
2604 5208 2702 5277 ἠδη
2741 5209 2869 5278 πρὸς
2902 5209 2970 5260 τὰ
2996 5208 3191 5259 οἰκεῖα.
3223 5207 3327 5258 Καὶ
3360 5206 3866 5278 προσκαλεσάμενος

2324 5300 2448 5361 τοὺς
2470 5300 2533 5351 ἐκ
2562 5300 2670 5351 τῶν
2693 5299 2784 5351 δύο
2815 5299 3016 5366 φυλῶν,
3042 5297 3134 5350 καὶ
3153 5298 3249 5365 τῆς
3277 5299 3552 5366 ἡμισείας,
3570 5315 3868 5351 πεντακισ-

2328 5391 2552 5458 μυρίους
2593 5390 2770 5453 ὅντας,
2808 5390 2941 5456 πρὸς
2966 5389 3062 5451 τὰς
3088 5387 3415 5457 κληρουχίας
3441 5385 3617 5439 αὐτῶν
3641 5390 3870 5458 ὲπέτρε·

2329 5497 2424 5532 πεν
2457 5481 2726 5534 ἀπελθεῖν.
2759 5482 2821 5532 Ui.
2843 5481 2896 5534 δὲ
2922 5481 3201 5542 διαϐάντες
3231 5479 3322 5531 τὸν
3369 5479 3655 5549 Ἰορδάνην,
3681 5478 3867 5549 βωμὸν

2326 5574 2418 5626 ἐπὶ
2445 5577 2508 5642 τῇ
2550 5573 2682 5644 ὄχθῃ
2719 5573 3003 5642 ἱδρύονται.
3045 5574 3110 5625 Ὃ
3143 5569 3368 5641 θόρυϐον
3393 5573 3469 5642 τῷ
3518 5572 3707 5641 πλῆθει
3753 5570 3868 5623 τῶν

2337 5664 2680 5733 Ἰσραηλιτῶν
2721 5664 3019 5732 ἐνεποίησε.
3055 5659 3366 5729 Πέμπουσίν
3403 5658 3493 5714 οῦν
3541 5660 3626 5714 ἐπ’
3671 5661 3867 5724 αὐτοὺς

2326 5753 2455 5806 δέκα
2487 5752 2592 5807 τῶν
2625 5753 2879 5824 ἐντίμων,
2911 5753 3011 5818 καὶ,
3042 5752 3241 5820 Φινεὲς,
3275 5752 3582 5830 αἰτιώμενοι
3615 5753 3740 5824 περὶ
3768 5750 3864 5804 τοῦ
