4030 6332
696 400 790 465 ill

694 596 999 655 calamitate
1032 605 1087 650 et
1127 595 1445 649 auctoribus
1475 594 1622 648 illius
1648 594 1933 663 expositis.
1984 594 2239 649 Israelita:

692 690 857 759 igitur
877 687 1097 743 feciales
1122 676 1428 741 Gabaonem
1462 685 1703 747 mittunt,
1725 685 1814 754 qui
1836 686 1880 739 ei
1907 684 2138 739 facinori
2162 684 2243 747 af-j

694 782 828 837 fines
869 781 936 836 ad
959 779 1281 849 supplicium
1327 786 1643 847 exposcam.
1689 777 1800 831 lllis
1825 791 1933 832 non
1984 777 2237 831 dedenti-

692 872 1069 937 bus,‘bellum
1119 868 1398 934 inferunt:
1454 882 1516 921 ac
1570 867 1653 921 bis
1696 867 1812 921 acie
1842 868 2153 936 congressi,
2206 882 2237 921 a

694 964 1008 1033 Benjamitis
1059 960 1113 1015 in
1147 960 1327 1030 fugam
1368 968 1678 1013 vertuntur.
1706 958 1943 1012 Tandem
1976 972 2072 1026 per
2106 956 2238 1011 Phi-

684 1066 843 1107 ‘neem
868 1054 1201 1108 sacerdotem
1228 1052 1589 1121 deprecantur
1621 1050 1808 1113 Deum,
1830 1059 1885 1103 et
1905 1048 1985 1103 sic
2002 1048 2236 1119 aggressi

691 1148 1016 1218 Benjamitas
1037 1146 1107 1199 ita
1128 1144 1365 1207 ciedunt,
1406 1150 1467 1196 ut
1509 1150 1716 1194 tantum
1754 1156 1817 1195 oc
1857 1156 1924 1195 ex
1948 1140 2028 1195 eis
2048 1155 2236 1208 super-

690 1248 894 1303 essent,
939 1237 1033 1307 qui
1074 1237 1128 1292 in
1164 1235 1372 1290 vicinos
1407 1242 1619 1288 montes
1657 1232 2011 1302 diﬂugerunt.
2057 1231 2234 1285 lsrae-

689 1330 799 1385 lita:
825 1328 1134 1384 Gabaonem
1169 1324 1468 1380 incendunt
1512 1323 1769 1378 mulieres
1796 1331 1852 1376 et
1883 1336 2081 1391 pueros
2122 1336 2239 1375 om-

690 1437 787 1476 nes
820 1420 1132 1491 perimunt,
1183 1416 1323 1471 idem
1360 1415 1414 1469 in
1452 1414 1666 1469 caeteris
1693 1413 1857 1467 etiam
1887 1412 2117 1468 urbibus
2154 1413 2235 1468 fa-
2273 1432 2277 1441 ’

690 1522 865 1575 ctum.
889 1511 1029 1575 Quin
1073 1518 1129 1563 et
1157 1507 1307 1562 Jabis
1348 1505 1656 1561 Galaditicae
1689 1502 1839 1558 urbis
1885 1503 2087 1558 incolas
2111 1518 2233 1558 cum

693 1600 956 1655 uxoribus
998 1608 1054 1651 et
1089 1597 1276 1652 liberis
1315 1594 1609 1659 occidunt,
1653 1592 1724 1647 ob
1760 1601 2060 1648 recusatam
2110 1591 2233 1645 belli

693 1691 842 1745 illius
869 1672 1202 1749 societatem,
1232 1683 1641 1756 quadringentis
1659 1682 1959 1753 virginibus
1976 1682 2234 1750 exceptis,

691 1797 827 1852 quas
851 1780 1275 1848 Benjamitarum
1322 1775 1569 1845 reliquiis
1591 1775 1973 1852 .prmbucruut,
2008 1782 2066 1826 ut
2100 1788 2231 1828 con-

685 1875 842 1943 juges
864 1872 1146 1932 haberent,
1173 1868 1378 1922 miserti
1398 1866 1723 1923 calamitatis
1741 1881 1929 1921 eorum
1948 1883 1963 1919 :
1983 1873 2234 1935 suscepta

690 1966 852 2019 etiam
887 1961 1240 2031 cogitatione,
1289 1958 1741 2029 quemadmodum
1787 1957 1983 2027 reliqui
2016 1956 2235 2011 ducenti

692 2053 1013 2125 conjugibus
1050 2053 1376 2121 potirentur.
1423 2050 1637 2104 Pridem
1690 2048 1838 2102 enim
1878 2047 2235 2118 jurejurando

691 2144 1028 2213 interposito,
1054 2142 1306 2196 facinoris
1333 2140 1476 2194 illius
1504 2139 1628 2193 odio
1652 2148 1963 2201 sanxerant,
2016 2154 2083 2194 ne
2112 2139 2236 2209 quis

693 2236 855 2288 tiliam
909 2232 1221 2302 Benjamita:
1265 2244 1485 2284 uxorem
1524 2228 1903 2299 desponderet.
1946 2229 2021 2284 Ea
2079 2234 2145 2285 de
2176 2246 2235 2285 re

693 2325 1126 2381 deliberantibus
1150 2322 1349 2387 visum,
1381 2337 1487 2376 non
1517 2321 1738 2391 quidem
1780 2320 1987 2376 dandas
2021 2308 2128 2376 illis
2165 2327 2234 2377 ob

686 2416 1101 2490 jusjurandum,
1145 2414 1240 2469 sed
1293 2413 1701 2469 concedendum
1733 2422 1791 2467 ut
1836 2414 1937 2483 ipsi
1984 2424 2236 2484 raperent

691 2511 947 2581 virgines,
990 2491 1132 2578 quas
1161 2506 1263 2561 sibi
1297 2505 1533 2559 thalamo
1562 2504 1854 2569 sociarent,
1894 2505 2027 2574 ipsis
2058 2520 2233 2575 neque

697 2600 1116 2671 prohibentibus
1142 2635 1157 2661 ,
1211 2611 1389 2665 neque
1429 2596 1804 2650 incitautibus.
1860 2597 1975 2653 Hoc
2018 2598 2234 2652 decreto

692 2693 853 2756 facto,
899 2689 1209 2759 Benjamita!
1253 2702 1367 2741 rem
1409 2686 1652 2741 exsecuti
1688 2698 1835 2742 sunt.
1867 2686 2001 2743 Cum
2051 2700 2231 2745 autem

692 2783 943 2838 Israelita:
994 2782 1153 2851 longo
1195 2780 1306 2849 jam
1345 2787 1588 2847 tempore
1634 2777 1843 2833 bellicae
1867 2782 1945 2834 rei
1991 2782 2233 2836 studium

694 2869 1135 2931 mtermisissent,
1167 2876 1618 2937 contempserunt
1653 2882 1748 2921 eos
1777 2866 2088 2934 Cbananaei,
2111 2872 2235 2939 qui-

693 2962 918 3014 busdam
954 2958 1178 3013 nrbibus
1208 2957 1495 3027 ademptis.
1539 2958 1650 3011 Dan
1682 2959 1860 3014 tribus
1892 2959 1946 3014 in
1992 2971 2231 3015 montem

693 3050 1150 3119 confugit,.atque
1195 3047 1321 3102 inde
1372 3050 1427 3102 in
1456 3049 1853 3103 mediterranea
1886 3050 2045 3106 sedes
2089 3062 2237 3107 tran-

1971 395 2287 457 JoANNts
2328 396 2639 456 zeum/13
2697 358 2709 373 ’

694 503 767 561 ad
831 503 1069 573 singulas
1140 502 1312 557 tribus
1368 518 1528 557 unam
1593 501 1895 571 portionem
1938 500 2239 569 mittit,|ct

2343 507 2562 575 κτερινῇ
2641 502 2979 575 ταλαιπωρίᾳ
3003 544 3015 565 ,

3778 403 3867 469 1Ῑῖ

3102 507 3191 559 καὶ
3256 509 3317 575 τῇ
3356 498 3515 577 ’πρὸς
3578 508 3665 562 τὸν
3719 512 3867 582 ἄνδρα

2338 597 2590 665 αίσχύνῃ,
2648 597 2745 649 καὶ
2795 600 2860 666 τῇ
2935 599 3077 669 λύπῃ
3130 601 3553 670 καταϐληθεῖσα,
3613 605 3863 674 διαπεφώο

2338 705 2491 757 νηκε.
2532 691 2638 741 Καὶ
2680 688 2708 739 ὁ
2740 691 2947 757 ταύτης
2974 692 3112 761 ἀνὴρ
3166 694 3245 753 εἰς
3280 692 3421 764 μέρη
3450 695 3657 748 δώδεκα
3696 698 3871 751 διελὼν

2336 781 2435 847 τὴν
2464 779 2753 844 θανοῦσαν,
2789 782 3056 851 διέπεμψε
3098 784 3259 856 μέρος
3303 787 3382 847 εἰς
3420 786 3657 856 ἑκάστην
3690 789 3872 859 φυλὴν,

2337 869 2398 923 τό
2429 887 2486 922 τε
2529 873 2698 935 πάθος
2730 872 2947 936 διδάξας
2985 873 3204 937 αὐτοὺς,
3248 876 3343 927 καὶ
3381 876 3506 939 τοὺς
3551 877 3752 941 αἰτίους
3782 880 3872 949 τῆς

2339 966 2644 1032 συμφορᾶς.
2701 965 3014 1034 Ιιέμπουσιν
3059 960 3151 1019 οὖν
3189 968 3324 1036 πρὸς
3367 968 3464 1036 τὴν
3508 969 3724 1031 Γαϐαὼ,
3760 972 3874 1033 τοὺς

2336 1055 2834 1123 παρανομήσαντας
2877 1056 3273 1125 ἐξαιτούμενοι.
3307 1059 3371 1110 Οἱ
3399 1058 3455 1111 δὲ
3478 1050 3589 1112 ὀὐκ
3616 1060 3875 1123 ἐξέδοσαν.

2334 1146 2399 1195 Αἱ
2431 1144 2592 1210 φυλαὶ
2620 1144 2665 1196 δ’
2701 1146 3099 1215 ἐπεστράτευον
3131 1146 3217 1200 ἐπ’
3240 1148 3459 1212 αὐτούς.
3488 1150 3594 1200 Καὶ
3638 1150 3720 1211 δἰς
3748 1166 3875 1218 συμ-

2337 1234 2590 1299 ϐαλόντες
2611 1239 2719 1300 τοῖς
2742 1238 3111 1305 Βενιαμίταις,
3141 1239 3409 1309 ἡττῶνται
3445 1240 3495 1292 οἱ
3530 1240 3873 1309 Ἰσραηλῖται.

2337 1323 2469 1378 Εἶτα
2516 1326 2604 1380 διὰ
2647 1329 2829 1392 Φινεὲς
2865 1328 2958 1382 τοῦ
3006 1331 3307 1400 ἀρχιερέως
3348 1331 3558 1384 δέονται
3601 1330 3697 1383 τοῦ
3727 1331 3875 1397 Θεοῦ,

2336 1418 2432 1471 καὶ
2460 1416 2603 1471 οὕτω
2633 1419 2999 1487 συμϐαλόντες
3022 1422 3142 1482 ’τοῖς
3174 1419 3521 1489 Βενιαμίταις
3550 1421 3871 1490 ἐκράτησαν,

2334 1509 2409 1571 ὡς
2435 1508 2640 1569 πάντας
2671 1510 2809 1579 πλὴν
2844 1510 3141 1575 ἑξακοσίων
3176 1513 3382 1583 πεσεῖν,
3409 1511 3458 1563 οἳ
3487 1511 3625 1583 πρὸς
3652 1511 3725 1564 τὰ
3749 1512 3876 1580 πλη‹

2337 1602 2450 1655 σίον
2498 1603 2598 1672 δρη
2634 1605 2959 1672 κατέφυγον.
2995 1604 3061 1657 Οἱ
3106 1604 3163 1657 δὲ
3201 1604 3536 1675 Ἰσραηλῖται
3572 1604 3875 1673 ἐνέπρησαν

2333 1710 2393 1747 τε
2424 1693 2523 1764 τὴν
2554 1693 2769 1761 Γαϐαὼ,
2820 1698 2908 1747 καὶ
2947 1694 3045 1757 τὰς
3096 1698 3359 1763 γυναῖκας
3406 1694 3503 1748 καὶ
3533 1694 3657 1756 τοὺς
3688 1693 3878 1755 παῖδας

2335 1782 2543 1845 πάντας
2575 1783 2999 1855 διεχειρίσαντοο
3035 1787 3129 1837 καὶ
3155 1785 3247 1836 ἐπὶ
3277 1786 3397 1846 ταῖς
3423 1784 3611 1846 ἄλλαις
3638 1782 3696 1843 δέ
3728 1782 3878 1834 πόλε-

2340 1891 2424 1926 σιν
2452 1875 2628 1927 αὐτῶν
2658 1875 2822 1944 δρῶσι
2847 1877 2916 1927 τὰ
2945 1878 3129 1945 ὅμοια.
3158 1876 3268 1930 Καὶ
3313 1876 3506 1937 Ἰαϐεὶς
3537 1876 3595 1928 δὲ
3619 1875 3875 1927 Γαλααδί-

2335 1964 2477 2027 τιδος
2502 1964 2730 2029 πόλεως,
2750 1966 2833 2018 ὅτι
2863 1965 2937 2035 μὴ
2968 1967 3348 2036 συνεμάχησεν
3374 1966 3579 2031 αὐτοῖς,
3600 1966 3878 2034 φονεύουσι

2333 2058 2458 2120 τοὺς
2482 2058 2770 2120 κατοίκους
2801 2060 2898 2111 σὺν
2926 2059 3136 2121 τέκνοις
3153 2060 3247 2111 καὶ
3264 2061 3498 2126 γυναιξὶ,
3526 2059 3664 2127 πλὴν
3692 2074 3880 2126 τετρα-

2336 2148 2535 2199 κοσίων
2572 2148 2881 2217 παρθένων,
2924 2147 2988 2211 ἃς
3035 2151 3147 2210 τοῖς
3182 2149 3534 2217 περισωθεῖσι
3564 2148 3669 2201 τῶν
3698 2148 3882 2201 Βεν.α-

2338 2238 2510 2308 μιτῶν
2537 2241 2828 2308 παρέσχον,
2869 2240 2956 2294 ἴνα
3004 2239 3309 2305 συνεύνους
3337 2245 3516 2311 σχοῖεν
3552 2242 3746 2304 αὑτὰς,
3787 2241 3883 2308 τῆς

2337 2329 2618 2398 συμφορᾶς
2671 2336 2863 2391 αὐτους
2925 2330 3421 2403 κατοικτείραντες.
3490 2330 3790 2381 Ἐσκόπουν
3839 2324 3882 2377 δ’

2332 2419 2478 2482 ὅπως
2502 2420 2594 2474 καὶ
2619 2421 2667 2472 oi
2701 2420 2878 2473 λοιποὶ
2899 2419 3163 2474 διακόσιοι
3182 2419 3454 2489 γυναικῶν
3480 2421 3879 2490 εὐπορήσωσιν.

2338 2511 2572 2581 Ὀρκους
2606 2510 2713 2581 γὰρ
2736 2511 2921 2579 ἔθεντο
2975 2512 3189 2582 πρώην,
3220 2510 3305 2565 διὰ
3365 2512 3425 2565 τὸ
3461 2512 3743 2581 τόλμημα,
3782 2529 3883 2579 μη-

2332 2602 2461 2657 δένα
2486 2602 2679 2655 δώσειν
2721 2602 2995 2672 θυγατέρα
3030 2604 3166 2674 πρδς
3199 2602 3377 2671 γάμον
3415 2602 3737 2672 Βενιαμίτῃ.
3775 2602 3882 2654 Καὶ

2337 2692 2632 2746 σκοποῦσιν
2669 2693 2872 2758 ἔδοξεν,
2922 2694 3119 2756 αὐτοὺς
3161 2693 3259 2763 μὲν
3308 2694 3381 2762 μὴ
3426 2694 3623 2745 διδόναι
3670 2693 3761 2745 διὰ
3794 2692 3881 2743 τὸν

2333 2788 2514 2856 ὅρκον,
2544 2789 2655 2849 τοῖς
2699 2786 2757 2839 δὲ
2810 2785 3157 2855 Βενιαμίταις
3202 2786 3394 2852 ἐξεῖναι
3434 2785 3740 2857 παρθένους
3790 2786 3883 2853 ἁρ-

2334 2879 2566 2942 πάζουσι
2588 2878 2913 2937 συνοικίζειν
2943 2862 3179 2943 ἑαυτοῖς,
3212 2878 3393 2932 αὐτῶν
3431 2878 3505 2948 μὴ
3542 2878 3881 2936 κωλυόντων,

2336 2974 2410 3041 μή
2452 2989 2511 3025 τε
2546 2971 3025 3042 προτρεπομένων.
3059 2972 3169 3026 Καὶ
3212 2973 3324 3032 τοῖς
3376 2970 3474 3042 μὲν
3520 2970 3688 3031 οὕτως
3740 2970 3883 3030 εδοξε

2335 3069 2463 3137 περὶ
2485 3066 2708 3121 τούτων.
2742 3067 2804 3118 οι
2834 3066 2889 3119 δέ
2910 3065 3230 3134 Βενιαμῖται
3262 3065 3342 3126 είς
3373 3062 3532 3131 ἔργον
3560 3063 3627 3114 τὰ
3658 3062 3886 3127 δόξαντα

696 3146 837 3201 tulit.
888 3143 1146 3199 lsraelitis
1176 3155 1311 3204 cum
1364 3150 1421 3195 et
1486 3138 1913 3194 Chananmorum
1990 3142 2236 3198 instituta

2337 3160 2561 3228 ἤγαγον.
2595 3156 2730 3210 Ἤδη
2762 3157 2818 3210 δὲ
2854 3157 2958 3226 πρὸ
2986 3155 3197 3226 μακροῦ
3223 3155 3333 3207 τῶν
3373 3153 3717 3224 Ἰσραηλιτῶν
3754 3168 3886 3205 παυ-

695 3246 1046 3308 usurparent,
1086 3244 1141 3289 et
1182 3248 1333 3289 suam
1365 3232 1677 3302 reipublica:
1721 3231 1947 3286 formam
1980 3240 2255 3302 aspernata

694 3339 902 3390 rentur,
934 3320 1142 3381 Numen
1179 3326 1445 3381 infensum
1471 3326 1698 3380 exstitit.
1730 3326 2239 3398 ltaqueClmgarga-

696 3421 931 3476 tltaimus
958 3418 1297 3488 Assyriorum
1333 3431 1425 3469 rex
1459 3416 1658 3470 bellum
1684 3418 1764 3471 cis
1792 3418 1988 3477 infert,
2035 3426 2090 3470 et
2112 3434 2236 3486 gra-

693 3511 780 3563 via
809 3509 1009 3583 tributa
1035 3510 1282 3577 imperat,
1312 3506 1510 3577 quibus
1532 3515 1655 3560 octo
1675 3522 1848 3561 annos
1877 3516 2235 3575 premuntur:

694 3602 870 3655 donec
907 3601 987 3652 vir
1033 3598 1251 3669 quidam
1298 3609 1555 3653 strenuus
1593 3598 1831 3653 Judaicze
1885 3598 2095 3664 tribus,
2144 3614 2239 3653 no-

696 3692 842 3744 mine
865 3687 1174 3753 Gotboniel,
1201 3687 1388 3756 paucis
1423 3687 1586 3741 sociis
1616 3702 1682 3741 ex
1709 3686 1930 3741 oraculo
1959 3702 2240 3756 compara-

696 3783 805 3844 tis,
861 3778 1201 3849 Assyriorum
1250 3776 1390 3845 apud
1441 3790 1499 3830 se
1558 3771 1861 3843 praesidium
1910 3776 2113 3830 caedit:
2176 3792 2239 3831 ac

698 3872 945 3943 pluribus
988 3868 1182 3923 deinde
1252 3865 1673 3932 continentibus,
1748 3867 1995 3937 Assyrios
2053 3868 2239 3937 praelia

699 3966 871 4018 victos
900 3969 1135 4017 amovet.
1175 3960 1254 4015 Re
1291 3959 1429 4014 bene
1460 3968 1631 4029 gesta,
1664 3960 1949 4027 imperium
2003 3970 2055 4013 et
2095 3960 2241 4028 judi-

699 4054 853 4109 candi
877 4038 1116 4122 potestas
1136 4067 1166 4105 a
1189 4052 1388 4120 populo
1413 4052 1464 4106 ei
1491 4050 1824 4105 decernitur.
1849 4050 1949 4115 Qui
1979 4066 2101 4104 cum
2125 4034 2240 4103 ma-

702 4146 926 4213 gistratu
948 4143 1013 4196 ad
1042 4155 1214 4195 annos
1241 4140 1627 4209 quinquaginta
1658 4141 1894 4205 functus,
1924 4140 2088 4193 vitam
2108 4156 2239 4209 cum

699 4244 874 4290 morte
903 4233 1009 4304 50
1034 4239 1419 4286 commutasset
1449 4245 1462 4281 :
1495 4228 1749 4282 lsraelilae
1770 4231 1886 4282 sine
1903 4231 2239 4298 magistratu,

698 4330 816 4384 sine
867 4335 1016 4379 metu
1061 4321 1309 4375 Numinis
1350 4322 1627 4391 viventes.
1674 4318 1742 4378 ab
1779 4318 1980 4388 ngone
2038 4320 2239 4374 Moabi-

700 4429 877 4473 tarum
922 4404 1048 4484 rege
1079 4414 1310 4477 subacti,
1356 4400 1539 4466 annual
1570 4411 1768 4465 tributa
1795 4412 2157 4481 pensitarunt.
2194 4413 2243 4467 ls

700 4506 1053 4563 Hierichunle
1080 4502 1340 4559 aediﬁcata
1375 4503 1539 4571 regia,
1577 4502 1703 4555 dum
1731 4520 1825 4571 per
1856 4518 2027 4557 annos
2050 4504 2235 4559 decem
2273 4491 2313 4544 υ

699 4612 756 4654 et
796 4610 920 4653 octo
951 4598 1117 4652 variis
1156 4596 1277 4650 illos
1313 4593 1467 4647 malis
1498 4593 1753 4661 exagitat,
1782 4594 2094 4648 adolescens
2118 4596 2240 4664 qui—

699 4692 821 4743 dam
856 4688 1216 4757 Benjamiticze
1246 4676 1442 4750 tribus,
1470 4684 1686 4739 nomine
1706 4683 1938 4749 Aotlius.
1961 4701 2119 4753 quem
2141 4686 2241 4742 Ju-

702 4778 823 4833 dam
855 4785 1098 4829 vocatum
1138 4776 1405 4845 Iosephus
1463 4770 1692 4850 asserit,
1738 4776 1901 4831 homo
1965 4779 2242 4835 conlidens

708 4877 763 4921 et
800 4865 1077 4926 robustus,
1109 4880 1167 4919 se
1199 4866 1253 4919 in
1280 4866 1499 4935 Eglonis
1529 4865 1948 4921 familiaritatem
1982 4866 2239 4932 insinuat,

699 4958 874 5012 aulam
900 4957 1017 5026 ejus
1046 4954 1415 5023 frequentans,
1445 4967 1499 5010 et
1532 4957 1809 5011 blanditiis
1834 4958 2109 5012 hominem
2136 4960 2240 5013 sibi

678 5052 1031 5104 devinciens.
1092 5048 1188 5102 Hic
1239 5048 1529 5116 aliquando
1575 5064 1697 5103 cum
1743 5050 1957 5105 duobus
2003 5053 2241 5115 famulis,

695 5138 888 5207 Egloni
928 5155 1147 5193 munera
1179 5140 1545 5209 ferens.‘clam
1575 5143 1716 5197 sicas
1736 5152 1908 5211 gestat
1942 5161 1955 5197 :
2006 5160 2237 5214 cumque

700 5232 803 5301 jam
850 5231 1104 5283 meridies
1136 5242 1299 5297 esset,
1337 5231 1661 5285 satellitibus
1691 5218 1763 5287 add
1801 5250 1898 5287 sua
1947 5235 2234 5303 digressis,

700 5330 895 5385 nactus
915 5334 1041 5373 eum
1070 5321 1265 5385 solum,
1291 5336 1393 5391 pro
1419 5320 1783 5377 familiaritate
1808 5324 2132 5393 ingreditur,
2153 5342 2239 5382 se-

705 5416 1067 5481 ductumque.
1108 5422 1167 5464 ut
1196 5414 1378 5469 arcani
1418 5414 1665 5469 dicturus
1716 5414 1922 5482 aliquid
1974 5417 2083 5469 ictu
2135 5432 2237 5486 op-

701 5488 933 5573 portuno
960 5503 1108 5558 illato
1154 5510 1439 5574 tyrannum
1479 5506 1716 5575 perimit.
1749 5506 2029 5576 Digressus
2062 5507 2240 5563 ilieri-

2338 3250 2591 3319 σαμένων
2620 3248 2712 3301 τοῦ
2750 3248 3036 3318 μάχεσθαι,
3075 3246 3481 3317 κατεφρόνησαν
3510 3246 3559 3297 oi
3596 3246 3886 3298 Χαναναῖοι

2335 3343 2536 3403 αὐτῶν,
2568 3342 2663 3395 καὶ
2710 3340 2893 3403 πόλεις
2939 3339 3221 3408 ἀφείλοντο
3260 3338 3319 3403 ἐξ
3349 3338 3547 3392 αὐτῶν.
3590 3337 3653 3390 Oi
3689 3338 3749 3389 δι
3785 3337 3885 3403 τῆς

2335 3435 2428 3487 τοῦ
2459 3434 2567 3486 Δάν
2592 3432 2763 3501 φυλῆς
2794 3434 2873 3496 είς
2904 3433 2964 3485 τδ
3007 3432 3129 3500 δρος
3157 3432 3486 3500 κατέφυγον,
3522 3426 3780 3484 κάκεῖθεν
3806 3433 3884 3491 είς

2334 3528 2434 3599 τὴν
2490 3527 2771 3596 μεσόγειον
2821 3528 3198 3595 μετῳκήκασι.
3243 3524 3381 3586 Τοὺς
3435 3523 3493 3576 δέ
3545 3513 3885 3591 Ἰσραηλίτας

2339 3618 2738 3690 μεταλαϐόντας
2773 3616 2882 3670 τῶν
2915 3616 3065 3685 παρὰ
3100 3618 3212 3677 τοῖς
3236 3614 3562 3676 Χαναναίοις
3587 3613 3749 3676 ἐθῶν,
3793 3615 3888 3665 καὶ

2334 3714 2429 3781 τῆς
2458 3711 2723 3779 σφετέρας
2747 3710 3021 3771 πολιτείας
3057 3709 3594 3779 καταφρονήσαντας,
3621 3706 3687 3759 δι’
3714 3706 3890 3775 ὀργῆς

2336 3803 2398 3854 τὺ
2430 3801 2571 3854 θεῖον
2608 3800 2889 3871 πεποίητο.
2936 3799 3229 3869 Στρατεύει
3270 3798 3451 3851 τοίνυν
3494 3798 3579 3848 ἐπ’
3612 3795 3823 3855 ,αὐτοὺς
3861 3796 3889 3845 ὁ

2336 3891 2445 3946 τῶν
2494 3891 2787 3960 Ἀσσυρίων
2834 3890 3079 3959 βασιλεὺς
3127 3886 3559 3957 Χουγαργαθαῒμ
3607 3885 3743 3954 (44),
3793 3887 3889 3938 καὶ

2336 3986 2537 4055 φόρους
2572 3982 2757 4052 βαρεῖς
2805 3980 3089 4033 ἐπιτάσσει
3129 3963 3336 4044 αὐτοῖς,
3375 3973 3456 4040 οἷς
3487 3978 3579 4031 ἐπὶ
3606 3977 3890 4044 δκτὼ,ἐνι-

2339 4075 2533 4134 αυτοὺς
2573 4070 2871 4135 ἐπιέζοντο.
2909 4065 3047 4125 Εἶτα
3072 4069 3396 4140 δραστήριός
3424 4086 3509 4134 τις
3536 4068 3673 4139 ἀνὴρ
3696 4069 3763 4121 ἐκ
3791 4067 3891 4136 τῆς

2352 4163 2520 4216 Ἰούδα
2557 4162 2752 4231 φυλῆς,
2785 4159 3039 4230 Γοθονιὴλ
3080 4159 3442 4228 κεκλημένος,
3484 4158 3704 4231 βραχεῖς
3734 4174 3889 4218 τινας

2342 4251 2901 4321 προσεταιρισάμενος
2928 4251 3071 4309 κατὰ
3114 4250 3271 4302 θεῖον
3300 4249 3570 4319 χρησμὸν,
3608 4248 3707 4317 τὴν
3755 4246 3891 4318 παρ’

2342 4345 2523 4407 αὐτοῖς
2556 4336 2667 4396 τῶν
2702 4340 3007 4410 Ἀσσυρίων
3036 4339 3345 4411 διαφθείρει
3386 4339 3651 4409 φρουράν.
3677 4339 3890 4406 Συνηγ-

2347 4437 2521 4505 μένων
2556 4434 2613 4487 δὲ
2649 4432 2786 4503 μετὰ
2835 4433 3004 4485 ταυτα
3035 4430 3317 4493 πλειόνων,
3353 4430 3497 4501 μάχῃ
3541 4431 3669 4492 τοὺς
3698 4429 3921 4482 Ἀσσυο.

2344 4529 2487 4596 ρίους
2537 4528 2797 4595 νικήσας,
2840 4522 3133 4581 ἀπώσατο,
3176 4524 3269 4575 καὶ
3321 4522 3507 4593 ἄρχειν
3570 4522 3743 4592 ᾑρέθη
3792 4519 3885 4572 διὰ

2337 4618 2497 4670 τοῦτο
2532 4618 2625 4668 τοῦ
2680 4614 2940 4682 πλήθους,
2990 4612 3193 4681 κρίνειν
3242 4629 3301 4665 τε
3349 4614 3439 4665 τὸν
3467 4613 3617 4665 λαόν.
3665 4612 3763 4673 ’ος
3796 4610 3892 4664 ἐπὶ

2338 4706 2678 4774 πεντήκοντα
2721 4703 2815 4771 έτη
2852 4702 2948 4770 τὴν
2982 4701 3155 4770 ἀρχὴν
3195 4701 3417 4765 ἀνύσας,
3457 4698 3757 4769 μετήλλαξε
3789 4700 3891 4767 τὴν

2340 4798 2502 4864 ζωήν.
2551 4796 2814 4863 Ἀναρχοι
2863 4794 2919 4845 δέ
2964 4792 3111 4855 ὅντες
3146 4794 3206 4845 oi
3246 4791 3596 4861 Ἰσραηλῖται,
3638 4792 3735 4842 καὶ
3784 4787 3885 4854 τοῦ

2343 4879 2486 4930 θείου
2539 4876 3025 4946 καταφρονοῦντες,
3078 4880 3228 4948 παρά
3279 4880 3375 4932 τοῦ
3421 4880 3529 4932 τῶν
3577 4874 3890 4932 Μωαϐιτῶν

2344 4969 2601 5038 βασιλέως
2676 4970 2903 5042 Αίγλὼμ
2963 4974 3161 5034 αὐτοὺς
3212 4970 3612 5033 ὑποτάξαντος,
3662 4969 3890 5035 ἐτησίας

2342 5063 2600 5132 εἰσφορὰς
2632 5062 3035 5133 ἐπετάχθησαν.
3075 5064 3171 5126 ’ος
3200 5064 3257 5114 ἐν
3298 5060 3611 5130 Ἱεριχοῦντι
3639 5058 3889 5128 βασίλεια

2343 5153 2735 5223 δομησὰμενος,
2770 5155 2864 5207 ἐπὶ
2891 5154 3167 5217 ἐνιαυτοὺς
3198 5152 3572 5205 ὀκτωκαίδεκα
3592 5150 3890 5212 πολυειδῶς

2342 5244 2541 5317 ἐκάκου
2590 5244 2804 5305 αὐτούς.
2859 5244 3092 5308 Νεανίας
3140 5245 3196 5297 δέ
3252 5236 3349 5306 τις
3384 5243 3707 5312 Βενιαμίτης
3741 5241 3885 5294 Ἀὼθ

2344 5335 2577 5404 τοῦνομα
2631 5338 2925 5408 (Ἰώσηπος
2977 5339 3034 5391 δὲ
3084 5337 3284 5390 Ἰούδαν
3339 5336 3527 5388 τοῦτον
3603 5335 3890 5388 καλεῖσθαι

2344 5424 2538 5495 λέγει),
2584 5428 2878 5498 τολμητίας
2920 5427 3015 5480 καὶ
3061 5427 3361 5498 ῥωμαλέος,
3408 5425 3644 5497 συνήθης
3678 5425 3893 5495 γίνεται

2342 5516 2418 5586 τῷ
2446 5517 2703 5588 Δίγλὼμ,
2732 5518 2824 5571 καὶ
2870 5516 3109 5587 συνεχῶς
3162 5516 3289 5587 παρ’
3342 5514 3505 5571 αὐτὸν
3543 5517 3731 5585 ἐφοίτα
3779 5513 3892 5565 θω-

1873 5670 2077 5732 Varia;
2107 5670 2411 5733 lectiones
2445 5684 2505 5736 et
2534 5687 2721 5738 note.

772 5787 879 5856 (ιο)
906 5788 1349 5858 Χουγαργαθαΐμ
1396 5788 1529 5845 ϐοά.
1562 5790 1699 5845 alter
1718 5774 2075 5887 e'wfmmis,
2107 5795 2239 5848 Χουο

2337 5796 2560 5866 ραθαῖμ.
2588 5796 2825 5853 Culbcrt.
2861 5795 3321 5865 Χουσττασαθαϊμ.
