4038 6320
171 410 247 465 Ηῗί

1403 406 1797 465 ANNALlUM
1836 406 1978 467 LIB.
2025 409 2068 467 l.

3212 407 3308 462 illi

168 512 315 564 πεύων
343 512 426 565 τὸν
447 512 634 582 ἄνδρα,
663 512 754 566 καὶ
787 512 1176 582 ὑπερχόμενος.
1208 504 1373 572 Οὗτος
1398 513 1493 564 σὺν
1516 512 1666 563 δυσὶν

1787 512 2007 568 :hnntiis
2042 525 2233 568 auctor
2278 515 2334 568 fit
2364 513 2698 568 vindicandae
2727 510 3015 565 libertatis.
3057 509 3120 562 lli
3163 523 3309 561 arma

166 603 364 663 οἰκέταις
398 603 524 654 ποτὲ
574 603 725 673 δῶρα
773 603 1012 672 κομίζων
1040 603 1115 671 τῷ
1144 601 1390 670 Αίγλὼμ,
1449 601 1669 668 ξιφίδιον

1787 605 1999 672 ηαρὶυιιι.
2037 606 2242 675 Eglunii
2276 606 2558 668 satellites,
2597 619 2721 674 rege
2756 604 2975 656 invento
2997 611 3233 662 mortuo,
3259 599 3311 649 in

166 693 321 761 ἔφερεν
348 694 585 759 ἀφανῶς.
621 697 727 746 Καὶ
754 695 852 764 τῆς
881 695 1093 763 ἡμέρας
1123 695 1222 763 ἢδη
1260 692 1551 760 μεσούσης,
1579 693 1671 744 καὶ

1787 715 1938 767 ngam
1971 702 2133 762 versi,
2173 716 2202 750 a
2233 699 2692 768 persequentibus
2725 697 2946 751 civibus
2968 693 3312 749 occiduntur.

166 785 250 836 τῶν
271 783 508 850 φυλάκων
533 787 669 855 πρὸς
697 787 924 847 ἑαυτοὺς
959 785 1396 853 ἀπεληλυθότων,
1422 801 1665 852 μεμονω-

1765 788 1857 842 Sic
1906 790 2159 843 lsraelitie
2210 807 2277 843 ex
2338 789 2624 844 Moabitica
2675 788 2938 843 servitute
2989 785 3312 840 liberantur.

169 875 295 942 μένον
323 875 490 944 εὑρὼν
521 876 706 936 αὑτὸν.
729 879 951 930 εἴσεισιν
979 878 1051 939 ὡς
1085 877 1342 945 συνήθης,
1383 875 1476 927 καὶ
1509 873 1670 941 μόνον

1787 879 1905 935 ioth
1929 880 2189 950 suffragio
2217 881 2404 950 p0pu|i
2434 881 2689 950 princeps
2718 887 2953 939 creatus,
2988 892 3112 930 eunt
3148 888 3318 928 annos

167 965 412 1016 ἀπολαϐὼν
443 966 630 1030 αὐτὸν,
661 968 735 1030 ὼς
778 968 839 1035 δή
870 982 937 1040 ’τι¹
958 967 1362 1037 μυστικώτερα
1405 981 1670 1036 προσομι-

165 1055 309 1123 λὴσων
340 1056 503 1124 αὐτῷ,
547 1058 772 1126 πλήττει
815 1061 1043 1127 καιρίως
1076 1059 1150 1128 τῷ
1180 1057 1414 1127 ξιφιδίῳ,
1446 1056 1537 1110 καὶ
1573 1056 1666 1108 ἁν-

164 1148 295 1213 αιρεῖ.
326 1146 601 1199 ’Δπελθὼν
642 1149 699 1201 δὲ
735 1149 868 1218 πρὸς
901 1151 1028 1212 τοὺς
1069 1149 1496 1227 Ἰεριχουντςουςς
1547 1148 1664 1199 πεί-

1768 970 2039 1038 octoginta
2100 967 2425 1038 praefuisset,
2482 968 2734 1021 moritur.
2781 966 2907 1020 Post
2946 965 3090 1016 hunc
3137 961 3315 1028 Megar

1773 1057 1994 1111 Dinachi
2051 1058 2232 1121 filius,
2287 1059 2470 1116 multis
2516 1059 2880 1113 Barbarorum
2939 1053 3110 1114 caesis,
3170 1065 3314 1103 anno

1771 1148 1948 1216 primo
1972 1147 2186 1216 imperii
2217 1149 2450 1204 decedit.

165 1235 228 1286 θει
252 1235 334 1303 τῆς
360 1236 662 1307 ἐλευθερίας
687 1239 1094 1294 ἀντιποιεῖσθαι.
1132 1241 1238 1291 Καὶ
1267 1239 1317 1290 oi
1360 1237 1458 1306 μὲν
1503 1236 1817 1300 ὡπλίζοντο,
1862 1237 1910 1288 οἱ
1938 1236 1994 1288 δὲ
2047 1239 2176 1306 περὶ
2237 1239 2328 1290 τὸν
2368 1238 2608 1308 Αίγλὼμ,
2644 1236 2835 1306 νεκρὸν
2865 1234 3025 1288 αὑτὸν
3069 1231 3314 1301 εὑρόντες

169 1328 230 1388 εἰς
249 1328 409 1395 φυγὴν
438 1329 750 1395 τρέπονται,
779 1331 872 1382 καὶ
902 1330 1214 1397 διωκόμενοι
1235 1325 1658 1395 διαφθείρονται.
1723 1325 1833 1377 Καὶ
1899 1325 2069 1388 οὕτως
2122 1327 2360 1394 Ἑϐραῖοι
2407 1325 2506 1393 τῆς
2570 1325 2676 1378 τῶν
2732 1322 3034 1376 Μωαϐιτῶν
3077 1317 3317 1380 δουλείας

171 1419 554 1488 ἐλευθεροῦνται.
608 1421 700 1490 Τῷ
739 1422 796 1473 δὲ
831 1421 994 1485 Ἀὦθ,
1035 1424 1067 1488 ἡ
1116 1422 1207 1474 τοῦ
1273 1420 1511 1488 πλήθους
1559 1415 1698 1485 ἁρχὴ
1738 1417 2127 1486 ἐγκεχείριστο,
2174 1419 2232 1480 ὃς
2279 1417 2366 1470 ἐπ’
2411 1417 2586 1469 ἔτεσιν
2654 1414 2985 1483 ὀγδοήκοντα
3040 1410 3134 1463 τοῦ
3184 1407 3315 1460 λαοῦ

174 1508 499 1576 ἡγησάμενος,
537 1509 630 1562 τὸν
677 1511 790 1580 βίον
832 1512 1113 1566 κατέλυσε.
1164 1513 1314 1565 Μετὰ
1358 1511 1421 1563 δὲ
1482 1505 1667 1560 τοῦτον
1706 1506 1898 1573 Μεγὰρ
1938 1509 2078 1580 υἱὸς.
2119 1511 2283 1579 Δινὰχ
2314 1509 2503 1580 ἄρξας,
2537 1510 2626 1576 ,ὲν
2673 1507 2749 1578 τῷ
2778 1504 2980 1577 πρώτῳ
3019 1503 3116 1572 τῆς
3144 1498 3316 1568 ἀρχῆς

168 1602 357 1670 ἐνιαυτῴ
388 1602 763 1674 τετελεύτηκε,
801 1608 1044 1672 πατάξας
1069 1605 1513 1675 τῶναλλοφύλων
1542 1600 1789 1661 πολλούς.

223 1693 330 1748 ΚΓ.
361 1694 467 1746 Τοῦ
503 1695 562 1748 δὲ
589 1695 720 1750 λαοῦ
745 1699 854 1751 τῶν
893 1698 1158 1768 Ἐϐραίων
1207 1701 1330 1759 τοὺς
1365 1697 1539 1758 θείους
1573 1710 1672 1746 πα-

166 1784 475 1850 Ρασειίνοντος
508 1790 726 1857 νόμους,
749 1789 1016 1860 ὠργίζετο
1044 1794 1070 1842 ὁ
1097 1792 1228 1852 Θεὸς
1249 1808 1262 1820 ·
1294 1792 1388 1842 καὶ
1415 1789 1669 1856 Σισάρας,

1842 1693 2032 1748 XXIII.
2086 1696 2346 1751 lsraelitis
2395 1707 2576 1750 autem
2620 1694 2688 1749 ob
2718 1692 2947 1747 violatas
2982 1689 3194 1743 divinas
3241 1686 3319 1739 le-

1773 1801 1866 1854 ges
1921 1788 2058 1840 irato
2091 1788 2220 1849 Deo,
2262 1789 2475 1842 Sisaras
2506 1787 2658 1843 Jabis
2699 1785 3126 1840 Chananaeorum
3177 1778 3320 1846 regis

162 1874 282 1926 ὀτοῦ
324 1876 525 1946 Ίαὸεὶμ
559 1878 826 1947 βασιλέως
868 1882 976 1933 τῶν
1027 1881 1345 1933 Χαναναίων
1377 1879 1640 1948 ἀρχιστρὰ

1787 1878 1877 1932 lux
1910 1894 2004 1932 eos
2035 1895 2335 1949 aggressus,
2368 1880 2602 1949 graviter
2629 1879 2847 1941 afﬂixit,
2891 1883 2947 1930 et
3003 1869 3319 1927 tributarios

162 1979 313 2031 τηγος,
348 1967 594 2020 ἐπελθὼν
644 1970 860 2032 αὐτοῖς,
915 1971 1161 2023 ἐκάκωσέ
1215 1987 1270 2022 τε
1327 1970 1548 2038 σφόδρα,
1579 1972 1671 2021 καὶ

1787 1969 1984 2024 effecit:
2023 1970 2076 2023 in
2104 1985 2213 2040 quo
2262 1981 2404 2024 statu
2431 1985 2602 2023 annos
2648 1969 2838 2038 viginti
2881 1970 3315 2035 permanserunt.

161 2055 316 2124 φόροις
347 2058 601 2123 ὑπέϐαλε,
641 2063 733 2114 καὶ
764 2056 918 2131 εἶχον
949 2061 1115 2123 οὕτως
1160 2063 1252 2112 ἐπὶ
1292 2062 1569 2121 ἐνιαυτοὺς
1599 2060 1672 2111 ετ-

162 2159 279 2195 κοσι.
325 2147 540 2213 Δευὼρα
588 2149 644 2200 δέ
689 2167 773 2212 τις
818 2151 1086 2217 προφῆτις
1115 2150 1285 2220 (δηλοῖ
1333 2149 1387 2202 δὲ
1416 2150 1476 2202 τὸ
1509 2151 1675 2218 δνομα

160 2235 446 2306 μέλισσαν)
485 2239 622 2308 ὑπὲρ
661 2242 754 2292 τοῦ
779 2241 908 2295 λαοῦ
940 2244 1214 2293 ἱκέτευσεν
1247 2242 1350 2309 τὸν,
1381 2243 1532 2298 Θεὸν.
1566 2244 1677 2297 Καὶ

161 2327 322 2393 ὸΘεὸς
369 2331 646 2398 ἐπένευσε,
683 2333 780 2386 καὶ
824 2335 1126 2404 στρατηγὸν
1157 2334 1425 2402 αίρείσθαι
1465 2337 1675 2388 κελεύει

161 2415 353 2484 Βφρὰκ,
371 2421 688 2489 ἀστραπὴν
750 2424 806 2476 δὲ
861 2425 1019 2477 τοῦτο
1073 2419 1328 2493 σημαίνει
1389 2425 1530 2480 κατὰ
1579 2426 1679 2493 τὴν

171 2503 409 2576 Ἐϐραίων
433 2513 708 2564 διάλεκτον
738 2527 751 2541 ⁸
779 2511 844 2582 ἦν
878 2515 923 2567 δ’
943 2518 1007 2567 ὲκ
1030 2518 1126 2583 τῆς
1154 2514 1485 2585 Νεφθαλίδος
1509 2517 1677 2586 φυλῆς

159 2599 184 2648 δ
204 2598 350 2666 ἁνήρ.
376 2603 480 2653 Καὶ
506 2604 538 2671 ἡ
565 2603 786 2674 Δευώρα
817 2605 904 2656 τὸν
931 2606 1117 2674 Βαρὰκ
1145 2606 1517 2676 προετρέψατο
1542 2607 1678 2658 κατὰ

159 2691 258 2742 τῶν
287 2693 546 2762 πολεμίων
586 2696 721 2748 ίέναι
773 2697 912 2764 μετὰ
957 2697 1092 2749 νέων
1136 2697 1367 2766 μυρίων,
1403 2695 1559 2749 τοῦτο
1589 2713 1680 2749 κε-

159 2780 384 2846 λεύοντος
413 2787 503 2837 τοῦ
545 2786 701 2838 Θεοῦ.
748 2788 804 2838 '0
831 2787 888 2840 δὲ
930 2788 1186 2856 κάκείνην
1219 2789 1412 2858 ἀπῄτει
1445 2804 1679 2855 συστρα-

159 2877 616 2940 τηγείνιῐιείθεται
647 2877 679 2943 ὴ
709 2877 864 2945 γυνὴ,
885 2879 978 2928 καλ⁵
1017 2880 1193 2946 μάχης
1215 2879 1313 2929 σὺν
1333 2880 1440 2940 τοῖς
1468 2879 1680 2947 μυρίοις

161 2961 507 3029 συρῤαγεὶσης
544 2963 727 3024 αὐτοῖς
773 2964 907 3031 πρὸς
935 2963 1027 3015 τὸν
1065 2965 1318 3031 Σισάραν,
1350 2965 1552 3033 ὄμϐρος
1588 2984 1683 3019 κα-

158 3055 384 3118 ταχεῖται
409 3055 598 3116 πολὺς,
655 3055 747 3118 καὶ
779 3056 987 3124 χάλαζα
1017 3058 1476 3127 καταρρήγνυται.
1499 3037 1682 3111 Ταῦτα

1773 2060 1908 2114 Tum
1939 2062 2180 2121 Debora.
2216 2062 2433 2115 fatidica
2463 2061 2658 2114 mulier
2687 2061 2853 2128 (apem
2879 2057 3086 2110 Latinis
3115 2054 3313 2123 sonat),

1772 2165 1994 2206 exorato
2025 2154 2152 2217 Deo,
2188 2155 2447 2208 Baracum
2484 2157 2659 2208 virum
2683 2169 2747 2207 ex
2781 2150 3102 2219 Nephthalia
3133 2149 3277 2200 tribu
3299 2187 3314 2213 ,

1775 2241 1924 2296 illius
1946 2243 2098 2312 jussu
2127 2243 2317 2296 ducem
2348 2251 2531 2307 creat;
2559 2241 2738 2310 fulgur
2769 2241 3010 2294 Hebraeis
3038 2240 3088 2291 id
3119 2253 3314 2290 nomen

1774 2320 2058 2399 significat.
2101 2330 2361 2386 Hortatur
2403 2341 2464 2386 ut
2508 2332 2694 2386 decem
2747 2330 2988 2384 millibus
3045 2328 3319 2390 virorum,

1775 2423 2230 2489 quemadmodum
2275 2425 2416 2477 Deus
2447 2424 2709 2492 jusserit,
2763 2420 3099 2489 assumptis,
3135 2417 3324 2470 hostes

1778 2515 2026 2569 invadat:
2058 2516 2170 2586 ipsa
2197 2526 2410 2584 petente
2439 2517 2530 2570 illo
2560 2532 2664 2569 una
2695 2514 3080 2584 proﬁciscitur,
3106 2509 3330 2579 imperii

1777 2607 2067 2677 particeps.
2109 2609 2301 2662 Pra‘lio
2339 2624 2459 2661 cum
2503 2608 2687 2662 decem
2722 2607 2828 2659 illis
2858 2604 3100 2658 millibus
3129 2603 3326 2656 adver-

1779 2712 1873 2750 sus
1899 2697 2131 2751 Sisaram
2162 2699 2453 2753 commisso
2485 2713 2708 2768 magnus
2741 2697 2915 2772 imber
2945 2695 3234 2757 delabitur,
3268 2702 3333 2746 et;

1779 2790 1988 2857 grando
2023 2791 2297 2858 erumpit,
2333 2805 2452 2858 qua:
2484 2806 2512 2842 a
2556 2797 2726 2842 vente:
2751 2788 2804 2840 in
2845 2787 3079 2840 hostium
3127 2785 3333 2838 faciem

1781 2890 1917 2941 aeta.
1953 2891 2227 2949 aspectum
2263 2882 2369 2936 illis
2401 2881 2646 2950 eripiunt
2674 2879 2855 2948 itaque
2884 2895 2899 2944 ;
2933 2877 2985 2930 in
3021 2876 3201 2946 fugam
3237 2877 3320 2929 in-

1781 2972 2002 3035 clinant,
2040 2974 2091 3025 in
2133 2989 2237 3042 qua
2274 2972 2485 3027 Sisaras
2522 2973 2685 3026 etiam
2713 2971 2780 3026 ad
2811 2969 3095 3024 mulierem
3135 2984 3326 3037 quam-

1783 3062 1906 3115 dam
1940 3063 2140 3117 Jaclem
2177 3064 2394 3117 nomine
2428 3061 2687 3131 confugit,
2725 3071 2785 3116 ut
2813 3062 2881 3115 ab
2922 3076 2986 3114 ea
3024 3059 3324 3114 occultare-

158 3140 211 3191 δὲ
237 3144 366 3196 κατὰ
397 3146 685 3215 πρόσωπον
713 3148 822 3199 τῶν
865 3150 1136 3218 πολεμίων
1193 3151 1293 3201 ὑπὸ
1345 3149 1438 3201 τοῦ
1481 3149 1680 3216 ἀνέμου

1787 3163 1894 3207 tur.
1923 3156 2016 3209 llla
2039 3157 2240 3224 excipit
2261 3155 2557 3218 hominem,
2579 3163 2633 3207 et
2659 3154 2741 3208 lae
2769 3151 3062 3215 bibendum
3085 3151 3321 3220 praebet:

159 3231 418 3300 ἠλαύνετο,
453 3239 546 3289 καὶ
579 3241 709 3299 ’ταῖς
743 3239 926 3306 ίγψεσιν
955 3241 1276 3292 ὲπεσκότουν
1303 3239 1502 3293 αὐτῶν.
1538 3242 1678 3292 Κάν-

1787 3259 1891 3307 quo
1919 3256 2100 3313 epoto.
2120 3220 2233 3300 Joel
2259 3247 2492 3314 sopitum
2530 3261 2798 3315 aggressa,
2828 3252 2987 3312 caput
3017 3243 3137 3313 ejus
3159 3242 3327 3296 clavis

160 3322 336 3391 τεῦθεν
358 3325 633 3380 ἐνέκλιναν
663 3329 740 3389 είς
769 3330 1194 3399 φυγήν.Φεύγων
1223 3331 1276 3384 δὲ
1306 3331 1397 3383 καὶ
1425 3331 1681 3400 Σισάρας,

159 3413 292 3483 πρός
331 3433 446 3469 τινα
503 3421 737 3484 γυναῖκα
790 3421 1082 3490 κατέφυγε,
1123 3422 1470 3490 κατακρύψαι
1524 3422 1684 3475 αὑτὸν

156 3502 334 3565 ἀξιῶν.
361 3506 502 3576 Ἰαὴλ
555 3487 837 3577 ὡνὸμαστχο
879 3510 914 3578 ἡ
939 3487 1101 3578 Ῠγυνή.
1157 3511 1221 3564 Ἠ
1259 3487 1321 3562 δέ
1344 3487 1554 3579 δέχεται
1591 3514 1687 3564 αύ-

154 3594 267 3656 τδν,
297 3598 380 3647 καὶ
411 3597 592 3649 δίδωσι
645 3598 779 3666 γάλα
810 3600 974 3663 πιεῖν,
1019 3601 1114 3653 καὶ
1150 3598 1207 3661 ὃς
1245 3597 1383 3652 πιὼν
1418 3599 1682 3655 ὕπνωσεν.

156 3683 486 3756 Κοιμωμένῳ
531 3689 574 3741 δ’
616 3689 762 3759 αὐτῷ
812 3690 1038 3744 ἐπέθετο
1075 3691 1239 3761 Ἰαὴλ,
1287 3695 1400 3743 καὶν
1425 3687 1552 3762 ἦ).ον
1602 3693 1688 3745 διὰ

153 3776 258 3827 τοῦ-
283 3781 546 3848 κροτάφου
584 3780 749 3833 αὐτοῦ
777 3782 1037 3844 ἐλάσασα,
1067 3783 1144 3852 τῷ
1170 3783 1354 3852 ἐδάφει
1382 3797 1690 3853 προσεπατ-

152 3869 398 3935 τάλευσε,
428 3874 520 3925 καὶ
556 3876 667 3934 τοῖς
695 3872 826 3942 περὶ
858 3873 946 3925 τὸν
979 3874 1164 3943 Βαρὰκ
1193 3873 1380 3943 νεκρὸν
1413 3876 1503 3926 τὸν
1532 3875 1692 3931 πολέτ-

154 3979 277 4026 μιον
301 3964 549 4016 δείκνυσι.
579 3964 917 4033 Στρατεύσας
940 3964 997 4016 δὲ
1025 3967 1118 4017 καὶ
1137 3965 1228 4019 ἐπὶ
1249 3964 1439 4026 ἰαϐεὶς
1471 3965 1691 4034 βασιλέα

148 4051 432 4106 Χαναναὰν
474 4056 505 4105 δ
528 4055 715 4122 Βαράκ
734 4093 747 4114 ,
777 4053 933 4106 αὐτόν
961 4070 1020 4105 τε
1054 4055 1256 4106 ἔκτεινε
1276 4091 1290 4116 ,
1335 4055 1430 4106 καὶ
1460 4053 1556 4121 τὴν
1595 4054 1690 4106 πόο

148 4141 227 4194 λιν
263 4137 594 4213 κατέσκαψε.
621 4146 720 4198 Καὶ
743 4145 1124 4214 στρατηγήσας
1150 4147 1235 4198 ἐπ’
1259 4145 1352 4217 ἐτη
1377 4147 1690 4216 τριάκοντα,

147 4235 377 4304 τελευτᾷ
403 4237 495 4288 καὶ
526 4237 775 4304 Δευώρας
810 4238 948 4288 κατὰ
976 4238 1064 4290 τὸν
1097 4238 1255 4291 αὑτὸν
1283 4221 1546 4309 θανούσης
1576 4259 1694 4293 και-

147 4327 263 4395 ρόν.
301 4324 427 4381 Είτα
449 4329 769 4381 Μαδιανίται
797 4328 892 4380 σὺν
935 4328 1324 4396 Ἀμαληκίταις
1348 4330 1444 4384 καὶ
1467 4331 1691 4400 Ἄραψι,

151 4420 305 4489 μάχῃ
353 4421 473 4482 τοὺς
529 4419 868 4489 Ἰσραηλίτας
917 4419 1230 4488 ἐτρέψαντο.
1282 4420 1388 4472 Καὶ
1443 4422 1532 4472 ἐπὶ
1599 4423 1692 4490 ἔτη

1785 3337 1932 3390 humi
1967 3336 2149 3406 aﬂigit,
2189 3348 2243 3390 et
2272 3337 2475 3391 Baraco
2497 3347 2772 3390 mortuum
2807 3337 3014 3388 hostem
3051 3333 3324 3398 ostendit,

1785 3430 1875 3497 qui
1912 3429 2077 3482 armis
2118 3438 2304 3483 contra
2333 3429 2506 3483 Jabim
2537 3427 2960 3481 Chanana'orum
2991 3440 3169 3492 regem
3193 3439 3324 3476 con-

1785 3520 1974 3578 versis,
2014 3529 2068 3574 et
2097 3521 2273 3588 ipsum
2306 3520 2525 3584 occidit,
2548 3527 2604 3574 et
2637 3519 2824 3572 urbem
2847 3513 2950 3586 δι
2988 3516 3102 3570 solo
3125 3521 3323 3583 aequat.

1785 3609 2036 3665 Moritur.
2079 3626 2202 3664 cum
2247 3627 2421 3666 annos
2466 3612 2682 3680 triginta
2713 3611 3074 3678 imperasset:
3115 3608 3327 3661 Dehora

1785 3700 1950 3753 etiam
1988 3701 2129 3754 circa
2163 3702 2301 3754 idem
2337 3711 2551 3770 tempus
2583 3700 2856 3752 defuncta.
2886 3701 3032 3761 Post,
3065 3697 3328 3751 Μειᾱὶαηί-

1790 3799 1857 3844 ta:
1897 3805 2020 3845 cum
2059 3790 2330 3845 Arabibus
2357 3801 2412 3844 et
2453 3789 2802 3843 Amalechitis
2848 3787 3117 3841 lsraelitas
3147 3787 3330 3855 praalio

1789 3881 2025 3936 fundunt
2083 3882 2397 3951 fugantque.
2465 3882 2703 3946 Quorum
2760 3878 3160 3933 incursionibus
3238 3893 3336 3944 pen

1790 3983 1997 4042 septem
2027 3989 2200 4026 annos
2235 3973 2475 4038 fatigati,
2523 3988 2585 4024 ac
2620 3973 2685 4024 ad
2715 3979 3008 4038 egestatem
3039 3977 3099 4022 et
3134 3968 3329 4021 famem

1792 4063 2019 4125 redacti,
2044 4063 2282 4117 divinam
2307 4078 2461 4130 opem
2489 4061 2795 4130 implorant.
2818 4061 2941 4114 Erat
2973 4068 3082 4112 tum
3112 4058 3333 4128 quidam

1793 4155 1968 4208 tribus
1999 4154 2289 4210 lilanassea:
2321 4155 2400 4207 vir
2426 4154 2667 4215 Gedeon,
2693 4154 2784 4221 qui
2815 4152 3121 4219 manipulos
3157 4152 3336 4218 spica-

1793 4260 1914 4296 rum
1969 4244 2023 4295 in
2065 4242 2325 4296 torculari
2367 4258 2557 4296 secans
2582 4282 2596 4304 ,
2640 4239 2928 4308 quemdam
2975 4237 3336 4291 adolescentis

1795 4333 1981 4385 habitu
2024 4333 2124 4386 sibi
2172 4335 2510 4388 assistentcm
2541 4332 2688 4384 videt
2716 4347 2730 4392 ;
2761 4346 2788 4382 a
2842 4346 2949 4396 quo
2983 4345 3104 4382 eum
3139 4339 3196 4383 ιιι
3227 4329 3339 4382 οεο-

1793 4424 1989 4476 charus
2025 4431 2080 4475 et
2109 4423 2298 4476 beatus
2324 4421 2711 4490 praedicaretur
2733 4459 2747 4482 ,
2791 4421 2880 4473 ille
2911 4420 3145 4472 irridens
3178 4438 3190 4472 :
3228 4417 3338 4472 Hoc

145 4509 293 4558 ἑπτὰ
355 4500 742 4576 ἐπιτιθεμένων
794 4507 1017 4569 αὐτοῖς,
1059 4509 1210 4576 λιμὸς
1261 4504 1350 4577 ἦν.
1402 4510 1496 4560 καὶ
1551 4511 1691 4562 σπά-

1792 4513 2004 4573 εεὶίὶερι,
2036 4513 2231 4582 inquit,
2255 4513 2459 4581 signum
2489 4522 2562 4564 est
2592 4512 2854 4564 bealitutis
2886 4526 3030 4572 mere,
3056 4509 3191 4577 quod
3231 4519 3338 4562 tor-

143 4615 226 4658 νις
293 4598 400 4650 τῶν
450 4599 791 4664 ἀναγκαίων,
849 4598 940 4650 καὶ
999 4597 1205 4650 ἐδέοντο
1237 4600 1328 4651 τοῦ
1383 4599 1542 4653 Θεοῦ.
1594 4601 1692 4653 Γεο

140 4689 286 4741 ὃεὼν
319 4689 372 4740 δὲ
408 4688 575 4756 φυλῆς
605 4687 679 4740 ὢν
705 4687 992 4756 Μανασσῆ,
1027 4687 1316 4758 δράγματα
1344 4689 1586 4759 σταχύων
1615 4691 1694 4753 είς

138 4782 234 4831 τὸν
264 4781 426 4846 ληνὸν
464 4780 658 4831 ἔκοπτε
686 4777 890 4846 κρύφα,
923 4778 1015 4829 καὶ
1035 4779 1138 4846 δρᾶ
1162 4779 1283 4831 τινὰ
1311 4781 1368 4831 ἐν
1406 4781 1534 4833 εἴδει
1569 4797 1694 4834 νεα-

143 4868 339 4920 νίσκου
371 4863 689 4936 παρεστῶτα
716 4865 883 4936 αύτῷ,
913 4867 1004 4918 καὶ
1033 4865 1318 4928 καλοῦντος
1349 4868 1510 4920 αὐτὸν
1544 4869 1695 4935 φίλον

138 4960 217 5028 τῷ
254 4957 378 5026 Θεῷ
433 4959 524 5010 καὶ
555 4958 866 5025 εὐδαίμονα.
908 4957 968 5008 Ὀ
1010 4956 1052 5007 δ’
1089 4956 1534 5024 εἰρωνευόμενος,
1565 4973 1694 5010 τεκ-

143 5056 357 5124 μήριον
413 5051 599 5117 ἔλεγεν
664 5045 803 5101 εἶναι
853 5049 1017 5101 αὑτοῦ
1070 5049 1169 5116 τῆς
1228 5049 1588 5116 εὐδαιμονίας,
1639 5050 1698 5101 τὸ

139 5143 461 5212 κεχρῆσθαι
499 5142 578 5210 τῷ
626 5139 772 5209 ληνῷ
819 5140 940 5191 ἀντὶ
985 5139 1206 5197 ἅλωνος.
1250 5141 1356 5190 Καὶ
1413 5140 1441 5190 ὁ
1482 5141 1697 5203 νεανίας

139 5234 381 5302 θαρρεῖν
439 5232 534 5283 καὶ
590 5229 841 5282 σπεύδειν
896 5228 1044 5297 αὐτῷ
1109 5228 1504 5296 παρεκελεύετο
1560 5231 1697 5300 ὑπὲρ

137 5323 468 5390 ἐλευθερίας
522 5322 632 5373 τῶν
683 5321 946 5390 φυλετῶν.
983 5321 1186 5373 Γεδεὼν
1233 5321 1288 5372 δὲ
1341 5310 1579 5373 ἱκέτευσε
1610 5325 1699 5375 τὸν

137 5415 503 5480 φαινόμενον,
536 5413 610 5479 μὴ
644 5410 1034 5477 μεταναστῆναι
1066 5410 1292 5461 ἐκεῖθεν.
1320 5411 1424 5461 Καί
1449 5409 1700 5462 εἰσελθὼν

137 5507 384 5571 ἐκόμισε
434 5501 642 5553 θυσίαν.
682 5500 789 5550 Καὶ
817 5501 844 5549 ὁ
875 5500 1098 5567 ἅγγελος
1141 5500 1309 5570 θεῖναι
1339 5501 1503 5569 αὐτὴν
1554 5502 1703 5570 παρὰ

134 5596 242 5663 τὴν
282 5593 500 5658 πέτραν
551 5591 821 5641 ἐκέλευσε.
871 5591 975 5642 Καὶ
1008 5592 1070 5658 τῇ
1130 5589 1305 5658 ῥάϐδῳ
1347 5589 1559 5655 ψαύσας
1604 5592 1703 5657 τῆς

137 5687 390 5752 πέτρας.
441 5678 548 5746 πῦρ
595 5678 800 5746 ἀνῆψεν
845 5679 1168 5745 αὐτόματον,
1219 5681 1313 5730 καὶ
1363 5677 1459 5746 τὴν
1516 5679 1703 5732 θυσίαν

137 5775 518 5829 κατέκαυσεν.
555 5767 682 5821 Εἶτα
733 5770 897 5838 ᾔτησε
940 5771 1030 5822 τὸν
1077 5770 1204 5822 Θεὸν
1259 5771 1458 5822 Γεδεὼν
1491 5771 1582 5822 ἐπὶ
1613 5772 1702 5822 τὸν

1794 4605 1964 4658 culuri
1988 4622 2083 4675 pro
2117 4622 2242 4659 arca
2291 4616 2428 4659 utor.
2470 4604 2800 4656 Adolescens
2829 4617 2952 4654 eum
2984 4602 3126 4653 buno
3156 4601 3347 4654 animo

1795 4709 1915 4747 esse
1939 4694 2116 4758 jubet,
2145 4702 2209 4744 ac
2244 4706 2471 4760 prOpere
2506 4688 2846 4742 vindicandae
2890 4689 3233 4757 popularium
3267 4690 3335 4742 li-

1795 4785 2023 4838 bertatis
2069 4797 2253 4836 curam
2285 4783 2582 4849 suscipere.
2635 4781 2852 4836 Gedeon
2884 4796 3007 4833 eum
3043 4780 3133 4848 qui
3167 4795 3335 4849 appa-

1796 4886 1999 4937 ruerat,
2046 4886 2164 4928 orat
2201 4891 2268 4927 ne
2293 4876 2620 4937 discederet,
2655 4889 2717 4927 ac
2746 4875 3021 4940 ingressus
3064 4873 3335 4927 victimam

1795 4967 1971 5022 ail’ert.
2040 4966 2169 5019 Eam
2225 4965 2450 5034 angelus
2503 4965 2652 5034 juxta
2708 4977 2896 5030 rupem
2951 4961 3077 5031 poni
3142 4963 3334 5032 jubet:

1796 5074 1956 5129 quam
2009 5073 2132 5110 cum
2184 5057 2377 5109 baculo
2425 5054 2716 5122 tetigisset,
2755 5054 2893 5123 ignis
2930 5056 3075 5107 ultro
3111 5063 3347 5109 exortus
3401 5101 3405 5104 .

1797 5150 2078 5203 victimam
2120 5146 2440 5199 combussit.
2497 5144 2700 5198 Deinde
2735 5145 2870 5213 petit
2901 5159 2928 5195 a
2962 5145 3068 5195 Deo
3097 5142 3338 5207 Gedeon,

1799 5249 1856 5290 nt
1886 5239 2046 5292 rosin
2089 5238 2260 5291 vellus
2299 5236 2634 5300 descendat,
2671 5247 2726 5288 et
2774 5236 3072 5287 descendit.
3132 5236 3344 5291 Rursus

1799 5329 1934 5397 petit
1973 5340 2030 5382 ut
2078 5345 2196 5382 rore
2248 5331 2407 5383 tellus
2446 5327 2738 5386 madescat,
2774 5326 2946 5380 vellus
2983 5328 3187 5382 siceum
3224 5346 3340 5382 ma—

1801 5428 1924 5470 neat
1952 5434 1963 5466 :
1993 5417 2174 5485 itaque
2207 5418 2404 5473 factum
2436 5425 2536 5470 cst.
2579 5416 2739 5469 l’aret
2777 5404 2957 5482 itaque
2978 5416 3195 5472 Gedcon
3219 5456 3234 5477 .
3291 5429 3341 5470 et

1801 5508 1984 5559 decem
2017 5507 2181 5558 millia
2210 5507 2446 5558 virorum
2478 5515 2664 5567 contra
2695 5506 2878 5558 hostes
2911 5514 3104 5566 armat,
3139 5522 3342 5575 eosque

1796 5599 1948 5666 jussu
1989 5596 2080 5647 Dei
2115 5595 2215 5648 sub
2246 5595 2525 5648 meridiem
2564 5596 2629 5648 ad
2680 5594 2878 5647 flumen
2921 5593 3114 5646 ducit:
3147 5603 3201 5646 et
3248 5597 3341 5663 qui

1803 5683 2091 5737 lambendo
2129 5682 2550 5735 acfestinantcr
2613 5682 3029 5749 circumagendo
3063 5694 3142 5746 se,
3192 5682 3338 5737 bibe-

1809 5782 1927 5828 rant
1965 5773 2041 5828 (lti
2070 5773 2296 5827 trecenti
2328 5774 2524 5832 erant).
2555 5789 2649 5826 cos
2683 5773 2886 5826 relictis
2917 5770 3130 5826 czetcris
3155 5781 3351 5827 contra.
