4038 6320
655 442 757 506 1:23

1930 441 2116 504 JOAN
2126 442 2173 501 N
2183 441 2252 499 IS
2291 437 2609 498 ZONAB/E

3753 424 3852 487 1°24

654 564 1005 616 l’henannam
1035 579 1048 615 :
1077 575 1308 630 quarum
1341 559 1454 614 haec
1481 557 1682 612 liberes
1714 573 1778 612 ex
1804 557 2035 611 Helcana
2074 571 2196 609 sus-

2310 556 2478 615 tense,
2530 549 2760 609 καὶτοῖς
2786 544 2977 598 ἑαυτοῦ
3031 542 3187 596 παισὶ
3224 541 3476 594 κατέλιπε
3527 539 3621 608 τὴν
3656 554 3851 610 αρχην,

652 663 894 722 ceperat,
926 655 1078 706 Anna
1101 667 1207 704 non
1239 658 1546 720 pepererat.
1589 649 1720 703 Viro
1776 647 2017 703 Silonem
2073 662 2197 701 cum

656 745 920 798 uxoribus
955 744 1219 812 profecto,
1259 758 1381 795 cum
1435 743 1669 810 peractis
1724 739 1913 802 sacris,
1963 737 2198 793 convivii

583 879 586 882 .
653 846 866 902 tempus
909 834 1140 894 adesset,
1175 847 1239 886 ac
1286 833 1591 885 Pltenennae
1644 828 1801 882 liberi
1850 827 2198 882 assiderent:

654 925 806 978 Anna
835 924 1122 977 orbitatem
1155 938 1307 977 suam
1337 921 1605 990 deplorat,
1641 929 1696 974 et
1733 934 1963 988 propere
2018 918 2201 972 taber-

658 1014 913 1066 naculum
938 1013 1152 1066 Domini
1202 1012 1465 1078 ingressa.
1507 1010 1675 1063 Deum
1728 1016 1851 1061 orat
1901 1015 1958 1059 ut
2001 1006 2204 1060 liberos

658 1105 760 1158 sibi
791 1097 902 1164 det.
935 1103 1356 1172 primogenitum
1403 1118 1461 1157 se
1515 1101 1624 1155 Deo
1647 1108 2082 1154 consecraluram
2107 1111 2203 1150 vo-

655 1205 764 1250 vet.
797 1197 932 1250 Dum
961 1195 1214 1263 precibus
1278 1196 1620 1255 immoratur,
1659 1191 1808 1245 Elius
1869 1203 1967 1258 pro
2031 1187 2208 1241 taber-

657 1285 852 1340 naculo
876 1286 1089 1348 sedens,
1120 1278 1326 1338 ebriam
1349 1295 1521 1346 ratus,
1553 1297 1671 1338 eam
1699 1279 1989 1336 discedere
2029 1276 2201 1349 jubet.

657 1380 724 1429 At
754 1377 842 1430 illa
881 1393 893 1429 :
923 1375 1102 1442 Neque
1130 1377 1323 1439 vinum,
1360 1373 1556 1443 inquit,
1592 1374 1716 1432 bibi.
1761 1371 1995 1430 domine,
2043 1384 2207 1439 neque

661 1466 805 1518 aliud
825 1465 1108 1535 quidquam
1138 1465 1276 1534 quod
1312 1465 1529 1518 inebriet
1567 1480 1584 1517 :
1624 1464 1715 1516 sed
1757 1461 1932 1515 dolore
1970 1461 2207 1515 orbitatis

661 1557 982 1609 contabesco.
1008 1554 1142 1607 Tum
1175 1555 1480 1609 sacerdos:
1546 1556 1660 1616 Abi,
1711 1555 1908 1620 inquit,
1958 1570 2018 1608 uc
2066 1553 2205 1607 Deus

661 1658 709 1699 te
731 1649 832 1701 voti
861 1657 1140 1714 compotem
1174 1647 1379 1699 reddat.
1411 1646 1638 1700 Domum
1675 1662 1896 1701 reversa
1923 1661 2045 1700 cum
2093 1661 2207 1699 ma-

661 1739 786 1799 rito,
819 1737 1079 1806 concipit,
1113 1747 1170 1791 et
1209 1735 1534 1791 Samuelem
1569 1737 1729 1805 parit,
1769 1751 1931 1804 quem
1970 1735 2204 1804 Deopta-

660 1837 774 1880 tum
816 1828 989 1897 possis
1021 1826 1226 1882 dicere.
1257 1827 1496 1882 Puerum
1516 1828 1628 1896 jam
1661 1827 2104 1896 grandiusculum
2141 1842 2206 1881 ex

658 1927 787 1971 voto
839 1917 907 1971 ad
959 1917 1139 1972 Elium
1188 1917 1355 1982 ducit,
1407 1917 1516 1972 Deo
1555 1918 1920 1979 educandum,
1971 1918 2206 1971 alentem

661 2023 894 2066 contam,
919 2009 969 2059 in
990 2007 1104 2060 :ede
1127 2008 1292 2059 vitam
1316 2007 1624 2075 degentem.
1648 2017 1703 2062 et
1725 2024 1877 2075 aquae
1897 2018 2024 2074 potu
2049 2016 2209 2060 uten-

661 2108 791 2150 tem.
847 2098 896 2150 ls
949 2096 1236 2150 duodecim
1287 2108 1447 2152 natus
1500 2111 1693 2160 annos,
1748 2098 2092 2150 vaticinatur.
2148 2096 2211 2149 Et

660 2186 892 2252 quodam
927 2194 1170 2254 tempore
1193 2186 1495 2250 dormiens,
1528 2188 1850 2241 nominatim
1893 2203 1922 2241 a
1964 2187 2076 2242 Deo
2120 2202 2211 2240 vo-

660 2287 836 2336 catus.
863 2276 927 2330 ad
951 2270 1263 2345 pontiﬁcem
1293 2279 1506 2333 accedit
1553 2279 1708 2347 quasi
1759 2279 1830 2332 ab
1871 2294 1938 2333 eo
1987 2287 2211 2333 vocatus

661 2373 843 2429 esset;
883 2364 1047 2433 idque
1095 2373 1178 2419 ter
1221 2366 1472 2436 contigit.
1520 2365 1658 2419 Tum
1707 2364 1857 2420 Elius
1903 2365 2210 2434 intelligens

660 2454 902 2510 divinam
928 2471 1047 2510 esse
1067 2457 1409 2512 vocationem
1430 2496 1444 2520 ,
1474 2457 1779 2512 Samuelem
1807 2456 1983 2527 jubet.
2010 2457 2054 2512 si
2101 2457 2207 2511 ite-

659 2561 779 2600 rum
803 2554 1029 2601 vocetur
1083 2546 1262 2601 dicere
1293 2565 1308 2601 :
1341 2546 1420 2600 En
1449 2550 1653 2607 adsum,
1682 2545 1917 2600 Damine.
1939 2546 2074 2601 Cum
2131 2548 2208 2600 ita

660 2639 878 2692 fecisset
903 2654 1059 2708 puer,
1096 2639 1172 2692 ait
1191 2639 1242 2693 ei
1282 2640 1327 2693 is
1354 2640 1446 2707 qui
1487 2647 1731 2704 vocarat,
1787 2653 2035 2708 magnam
2093 2636 2207 2691 cla-

562 2724 564 2727 ’
661 2727 782 2781 dem
816 2727 1071 2782 lsraelitis
1098 2728 1402 2790 imminere,
1435 2727 1540 2782 Elii
1573 2727 1715 2781 ﬁlios
1747 2743 1859 2782 una
1908 2729 2204 2798 perituros,

661 2814 766 2882 57
795 2823 849 2867 et
871 2815 1232 2869 sacerdotium
1258 2816 1313 2870 in
1350 2817 1592 2871 Eleazari
1636 2817 1894 2872 familiam
1944 2818 2205 2872 transitu-

660 2919 804 2957 rum.
877 2903 952 2957 Ea
1013 2903 1177 2958 verba
1246 2919 1369 2959 cum
1408 2904 1949 2969 sacerdoti,Samuel
1999 2905 2205 2959 referre

661 2993 853 3056 nollet,
888 2995 1104 3048 tandem
1129 2995 1485 3066 jurejurando
1515 2996 1760 3061 adactus,
1788 2995 1970 3052 omnia
2011 3010 2201 3065 quem-

660 3083 955 3136 admodum
991 3083 1260 3149 audierat,
1288 3092 1558 3139 recenset.
1618 3099 1623 3111 '-

2299 643 2387 694 ἐπὶ
2409 643 2576 695 εἴκοσι
2606 636 2794 706 γενεὰς
2824 637 2958 704 πρὸς
2985 636 3082 705 μιᾷ
3101 633 3477 702 διαρκέσασαν.
3512 631 3659 684 ’Πλεῖ
3683 631 3738 683 δὲ
3763 629 3854 682 τοῦ

2302 731 2624 802 ἀρχιερέως,
2669 728 2745 790 ὠς
2778 727 2875 796 ἢδη
2905 725 3202 794 ἱστόρηται,
3233 722 3325 774 τὸν
3356 722 3480 774 λαὸν
3507 722 3750 787 ἄγοντος,
3799 721 3852 772 οί

2298 825 2391 876 δύο
2424 821 2526 873 υἱοὶ
2555 818 2717 873 αὑτοῦ
2740 815 2892 884 ὐφνὶ
2921 814 3015 868 καὶ
3039 813 3219 874 Φινεὲς
3250 812 3489 881 ὑπῆρχον
3524 811 3720 880 λοιμοὶ,
3750 829 3851 862 πα·

2265 923 2268 926 ’
2305 910 2660 980 ρανομοῦντες
2694 909 2749 961 ἐν
2783 907 2973 968 ἀπασι,
3029 904 3120 957 καὶ
3177 903 3562 972 παραινοῦντος
3613 901 3707 954 τοῦ
3748 918 3853 953 πα-

2301 1004 2426 1072 τρὸς
2456 1003 2637 1063 αὐτοῖς
2663 1002 2737 1070 μὴ
2763 997 3228 1068 ἐπιστρεφόμενοι.
3262 997 3318 1047 Ὀ
3345 995 3399 1047 δὲ
3422 995 3551 1056 Θεὸς
3581 994 3854 1061 ὀργισθεὶς

2299 1096 2387 1148 διά
2418 1094 2513 1156 τὰς
2545 1091 2764 1145 ἐκείνων
2819 1088 3186 1158 παρανομίας,
3240 1086 3325 1138 διὰ
3352 1085 3444 1138 τοῦ
3475 1086 3722 1154 Σαμουὴλ
3772 1087 3849 1136 ἔτι

2303 1184 2486 1245 παιδὸς
2519 1184 2668 1245 ὄντος
2697 1181 2961 1251 δεδήλωκε
2979 1180 3056 1250 τῷ
3090 1179 3258 1242 Ἠλεὶ,
3301 1180 3440 1246 ἆπερ
3463 1177 3620 1240 αὐτός
3652 1195 3712 1228 τε
3761 1176 3856 1228 καὶ

2303 1276 2353 1329 οί
2393 1275 2579 1337 παῖδες
2607 1275 2701 1327 καὶ
2748 1274 2775 1326 ό
2799 1268 2944 1335 οἶκος
2980 1269 3144 1324 αὐτοῦ
3179 1269 3473 1321 πείσονται.
3504 1266 3757 1335 Σαμουὴλ
3799 1267 3855 1316 δὲ

2314 1365 2544 1428 Ἐλκανᾶ
2571 1365 2792 1418 Λευΐτου
2828 1363 3017 1434 ἀνδρὸς
3051 1361 3306 1431 ἐτύγχανε
3339 1361 3464 1417 παῖς
3494 1353 3536 1424 ᾧ
3570 1357 3846 1427 συνῴκουν

2303 1455 2476 1508 διτταὶ
2498 1456 2752 1523 γαμεταὶ,
2785 1446 2858 1506 ὧν
2881 1456 2944 1523 τῇ
2970 1454 3064 1520 μὲν
3088 1452 3269 1515 Ἀννα,
3291 1455 3355 1521 τῇ
3379 1451 3433 1502 δὲ
3451 1449 3687 1502 Φενάννα
3706 1445 3852 1517 ἦντά

2305 1547 2562 1614 ὀνόματα.
2593 1545 2702 1597 Καὶ
2729 1547 2795 1614 τῇ
2832 1545 2929 1613 μὲν
2955 1545 3138 1606 παῖδες
3163 1539 3301 1614 ἦσαν
3339 1543 3401 1607 ἐξ
3437 1541 3700 1606 Ἐλκανᾶ,
3732 1543 3763 1608 ή
3799 1540 3854 1590 δὲ

2317 1636 2472 1689 Ἀννα
2532 1634 2746 1705 ἡμοίρει
2800 1634 2980 1706 γονῆς.
3015 1633 3369 1703 ’Δφικομένου
3420 1632 3474 1685 δὲ
3525 1632 3618 1683 τοῦ
3669 1630 3857 1698 ἀνδρὸς

2310 1730 2445 1796 μετᾶ
2466 1726 2570 1780 τῶν
2589 1725 2861 1794 γυναικῶν
2887 1727 3086 1794 ἀμφοῖν
3113 1726 3190 1787 είς
3216 1723 3418 1794 Σηλών,
3451 1726 3543 1777 καὶ
3573 1722 3854 1783 θύσαντες,

2309 1819 2427 1871 ἐπεὶ
2466 1817 2652 1888 καιρὸς
2680 1812 2747 1887 ἦν
2777 1815 3024 1886 εὐωχίας,
3061 1817 3154 1869 καὶ
3190 1819 3254 1886 τῇ
3306 1817 3546 1886 Φενάννᾳ
3578 1815 3626 1867 οί
3671 1813 3855 1873 παῖδες

2307 1909 2474 1977 αὐτῆς
2507 1907 2868 1978 συνεκάθηντο
2889 1923 2902 1935 ·
2936 1907 3018 1959 δτι
3070 1907 3290 1976 ήἈννα
3328 1906 3626 1975 μεμόνωτο,
3661 1905 3857 1971 ἑαυτὴν

2306 1997 2652 2060 ἀπεκλαῖετο,
2680 1997 2772 2048 καὶ
2797 1998 2876 2060 είς
2896 1996 2993 2067 τὴν
3032 1998 3233 2067 σκηνὴν
3257 1995 3349 2048 τοῦ
3377 1995 3510 2048 Θεοῦ
3549 1994 3854 2065 δραμοῦσα,

2307 2087 2482 2139 ἐδέετο
2514 2071 2833 2155 τοῦῚίυρίου
2859 2087 3187 2156 γονὴνάὺτῇ
3220 2088 3541 2156 παρασχεῖν,
3592 2084 3861 2152 εὐξαμένη

2308 2177 2663 2247 καθιερώσειν
2692 2177 2810 2246 Θεῷ
2838 2179 2898 2230 τὸ
2939 2178 3299 2245 πρωτότοκον.
3326 2175 3694 2245 Χρονιζούσης
3728 2175 3782 2227 δὲ
3809 2178 3864 2224 ἐν

2306 2269 2422 2328 ταῖς
2451 2267 2656 2334 εὐχαῖς,
2683 2265 2787 2335 πρὸ
2819 2267 2916 2334 τῆς
2946 2265 3149 2334 σκηνῆς
3198 2266 3342 2318 Ἠλεὶ
3377 2266 3756 2334 καθεζόμενος,
3786 2266 3860 2325 ὡς

2310 2355 2612 2426 μεθύουσαν
2650 2355 2818 2423 αὐτὴν
2853 2355 3130 2422 ὲλογίσατό
3159 2372 3216 2406 τε
3253 2355 3342 2407 καὶ
3375 2355 3754 2423 ἀπεπέμπετο.
3798 2354 3860 2405 Ἠ

2302 2448 2379 2513 δὲ,
2407 2450 2527 2503 Οὐκ
2557 2444 2743 2508 οἶνον,
2775 2447 2913 2515 ἔφη,
2969 2446 3231 2506 πέπωκα,
3267 2444 3406 2498 οὐδὲ
3427 2436 3727 2512 μέθύσμα,
3759 2445 3865 2495 κύ-

2297 2555 2392 2607 ριε
2415 2556 2432 2573 ο
2468 2537 2628 2592 ἀλλὰ
2674 2536 3009 2608 κατώδυνος
3047 2532 3202 2591 οὖσα
3235 2537 3309 2589 δι’
3369 2535 3670 2600 ἀπαιδίαν,
3710 2535 3865 2588 ἐκτέ-

2303 2647 2472 2698 τηκα.
2529 2631 2637 2683 Καὶ
2682 2631 2724 2682 ’ό
2779 2629 2978 2699 ἱερεὺς,
3012 2629 3298 2697 Πορεύου,
3357 2622 3507 2680 εἶπεν
3547 2627 3706 2696 αὐτῇ,
3771 2627 3868 2678 καὶ

2308 2720 2426 2789 δῴη
2457 2738 2557 2776 σοι
2594 2721 2660 2775 τὸ
2697 2721 2920 2789 ultima
2953 2723 2985 2774 ό
3015 2721 3177 2785 Θεός.
3239 2717 3654 2788 ’Υποστρέψασα
3685 2717 3740 2769 δὲ
3772 2719 3868 2768 σὺν

2308 2814 2384 2883 τῷ
2409 2813 2562 2883 ἀνδρὶ
2607 2811 2812 2876 οἴκαδε,
2868 2810 3251 2880 συλλαμϐάνει,
3304 2808 3396 2863 καὶ
3433 2810 3610 2862 τίκτει
3640 2809 3731 2861 τὸν
3768 2810 3870 2860 Ea-

2309 2904 2498 2973 μουὴλ,
2547 2902 2826 2971 θεαίτητον
2853 2901 2918 2954 ἄν
2946 2918 3026 2963 τις
3054 2901 3218 2954 εἴποι.
3271 2900 3653 2970 ’Δδρυνθέντος
3683 2900 3738 2951 δὲ
3768 2900 3861 2950 τοῦ

2304 2994 2492 3057 παιδὸς
2521 2994 2782 3064 προσάγει
2812 2993 2970 3044 αὐτὸν
3000 2991 3074 3060 τῷ
3108 2992 3254 3045 Ἠλεὶ
3286 2995 3425 3043 κατὰ
3453 2991 3552 3060 τὴν
3576 2991 3741 3059 εὐχὴν
3772 2991 3869 3041 αὑ-

2300 3086 2399 3155 τῆς
2418 3083 2500 3154 ,τῷ
2539 3082 2656 3152 Θεῷ
2688 3082 3114 3152 τραφησόμενον,
3149 3081 3324 3152 κόμην
3348 3098 3407 3135 τε
3448 3081 3729 3151 τρέφοντα,

662 3179 720 3226 ἐν
747 3173 823 3242 τῷ
875 3175 1001 3244 ἱερῷ
1029 3174 1398 3244 διαιτώμενον,
1439 3174 1531 3227 καὶ
1559 3175 1712 3234 ὕδατι
1765 3176 2102 3243 κεχρημένον
2129 3175 2208 3235 είς
2247 3174 2422 3230 πόσιν.
2488 3175 2625 3244 Ἤδη
2652 3175 2708 3227 δὲ
2739 3173 3072 3241 δωδεκαέτης
3099 3175 3403 3242 γενόμενος,
3453 3173 3852 3242 προεφήτευσε.

660 3262 772 3342 iiut
805 3281 934 3317 ποτε
973 3263 1312 3334 κοιμώμενον
1348 3265 1529 3330 αὐτὸν,
1559 3263 1618 3329 ἐξ
1664 3263 1925 3334 ὀνόματος
1953 3262 2208 3316 ἐκάλεσεν
2245 3264 2272 3316 ό
2336 3265 2481 3328 Θεός.
2545 3266 2605 3318 '0
2639 3265 2698 3318 δὲ
2762 3265 2838 3334 τῷ
2875 3266 3119 3335 ἀρχιερεῖ
3169 3265 3589 3336 προσελήλυθεν,
3641 3265 3714 3328 ώς
3765 3263 3860 3316 ὑπ’

663 3335 870 3408 ὲ’κείνου
891 3357 1030 3424 τάχα
1067 3357 1416 3425 καλούμενος.
1450 3360 1560 3413 Καὶ
1588 3357 1746 3411 τοῦτο
1774 3357 2061 3426 τρισσάκις
2089 3357 2322 3424 ἐγένετο.
2383 3357 2536 3410 Ἠλεὶ
2594 3357 2653 3409 δὲ
2691 3359 2868 3421 συνεὶς
2917 3356 3102 3412 θεόθεν
3151 3352 3287 3410 εἶναι
3350 3358 3448 3426 τὴν
3490 3356 3697 3426 κλῆσιν,
3753 3356 3857 3423 ἔφη

661 3449 739 3518 τῷ
769 3447 1020 3518 Σαμουὴλ
1040 3463 1053 3477 ·
1086 3448 1145 3499 El
1167 3446 1260 3498 ’ἔτι
1289 3449 1514 3518 κληθῇς,
1539 3450 1658 3502 sint
1692 3450 1871 3515 Ἰδοὺ,
1907 3449 2040 3518 ἐγὼ,
2072 3449 2265 3516 Κύριε.
2305 3448 2457 3503 Οῦτω
2495 3450 2549 3501 δὲ
2573 3450 2894 3519 ποιήσαντος
2925 3447 3017 3501 τοῦ
3053 3449 3260 3514 παιδὸς,
3291 3447 3392 3519 ἔφη
3435 3449 3580 3517 αὐτῷ
3609 3450 3637 3500 ὁ
3660 3447 3862 3505 καλῶν,

664 3539 948 3611 συμφορὰν
1000 3539 1216 3594 ἔσεσθαι
1264 3543 1374 3602 τοῖς
1407 3543 1767 3613 Ἰσραηλίταις
1819 3541 2064 3612 βαρείαν,
2118 3541 2210 3594 καὶ
2249 3541 2372 3606 τοὺς
2431 3541 2580 3596 Ἠλεὶ
2627 3541 2818 3603 παῖδας
2853 3540 2970 3610 ἅμα
3036 3539 3409 3612 τεθνήξεσθαι,
3442 3542 3536 3596 καὶ
3568 3541 3667 3613 τὴν
3699 3543 3863 3612 ἱερωο

664 3631 831 3703 σὺνην
858 3635 937 3695 είς
965 3634 1058 3687 τὸν
1110 3629 1256 3689 οἶκον
1285 3635 1379 3688 τοῦ
1409 3634 1668 3706 Ἐλεάζαρ
1708 3635 2059 3704 μεταπεσεῖν.
2098 3633 2210 3687 Οὐκ
2249 3633 2405 3702 ἤθελε
2467 3634 2524 3688 δὲ
2559 3635 2687 3697 τοὺς
2724 3633 2915 3703 λόγους
2975 3633 3003 3686 ὁ
3027 3632 3281 3705 Σαμουὴλ
3334 3635 3565 3706 ἐκφῆναι
3602 3636 3680 3706 τῷ
3704 3637 3860 3706 ἱερεῖ.

665 3721 889 3796 ὀρκοις
923 3724 969 3777 δ’
1012 3708 1342 3789 ἐκϐιασθεὶς,
1396 3726 1698 3796 ἀπήγγειλε
1731 3728 1906 3780 πάντα
1961 3725 2212 3797 καθάπερ
2250 3728 2508 3798 ἀκήκοεν.
3185 3799 3189 3810 Ι

735 3820 924 3875 XXVI.
973 3820 1177 3872 Dehinc
1219 3819 1487 3876 Palaestini
1525 3820 1727 3873 bellum
1765 3820 2025 3874 lsraelitis
2069 3820 2207 3874 infe-

2379 3817 2528 3888 και
2570 3818 2848 3873 Ἐντεῦθεν
2915 3819 3261 3876 Παλαιστινοὶ
3290 3822 3434 3876 κατά
3459 3822 3568 3876 τῶν
3603 3823 3875 3893 Ἰσραηλι-

661 3924 868 3975 rentes,
902 3927 1080 3982 pugna
1109 3911 1421 3980 superiores
1464 3909 1722 3963 evadunt.
1759 3911 1998 3978 Populus
2021 3923 2202 3963 arcam

663 4004 910 4059 subsidio
951 4003 1079 4058 ferri
1121 4003 1381 4071 postulat.
1418 4002 1575 4056 Missa
1625 4001 1712 4055 illa
1743 4017 1864 4056 cum
1906 4001 2012 4055 Elii
2064 3999 2210 4062 ﬁliis.

666 4095 1070 4163 redintegratur
1098 4096 1372 4163 praelium,
1408 4093 1710 4148 funduntur
1741 4093 1974 4157 Hebraei,
2008 4093 2075 4146 ad
2110 4092 2212 4146 tri—

664 4185 808 4253 ginta
837 4183 1002 4236 millia
1036 4185 1256 4246 cadunt,
1298 4184 1438 4236 inter
1471 4198 1609 4251 quos
1656 4193 1709 4236 et
1748 4184 1839 4236 lilii
1883 4182 2162 4252 pontiﬁcis
2187 4221 2202 4247 ,

664 4288 788 4332 arca
829 4274 956 4328 item
984 4274 1038 4326 in
1071 4273 1308 4326 hostium
1339 4280 1658 4341 potestatem
1685 4275 1852 4327 venit.
1883 4274 2037 4329 Elius
2076 4289 2215 4343 pon-

666 4365 817 4426 tifex,
849 4365 945 4436 qui
973 4365 1024 4417 in
1051 4365 1268 4418 sublimi
1292 4363 1423 4418 sella
1449 4365 1684 4428 sederet,
1714 4374 1890 4433 strage
1917 4364 2212 4430 exercitus,

664 4466 719 4510 ιιι
750 4458 894 4512 cede
920 4457 1176 4519 ﬁliorum,
1200 4474 1444 4527 araeque
1475 4459 1786 4529 captivitate
1816 4459 2029 4528 cognita
2049 4498 2062 4522 ,
2093 4473 2210 4529 prie

666 4566 900 4606 mmrore
945 4550 1012 4603 de
1040 4549 1187 4605 .sella
1237 4550 1492 4616 delapsus
1530 4551 1782 4614 moritur,
1824 4567 1994 4606 annos
2040 4565 2212 4605 nona-

667 4642 812 4712 ginta
857 4653 1039 4703 natus,
1084 4656 1204 4695 cum
1243 4640 1598 4710 quadraginta
1648 4642 1846 4709 populo
1888 4642 2210 4710 praefuisset.

668 4733 1000 4801 Alienigena:
1024 4717 1203 4786 arcam
1240 4733 1294 4785 in
1325 4731 1515 4785 urbem
1542 4731 1768 4785 Azotum
1801 4731 2082 4800 perlatam,
2109 4733 2213 4786 Da-

667 4821 797 4890 goni
858 4823 958 4888 (sic
1013 4822 1172 4876 deum
1228 4838 1386 4876 suum
1436 4823 1809 4892 appellabant)
1865 4831 2210 4877 consecrant.

672 4910 826 4963 Mane
860 4908 913 4961 in
957 4909 1186 4979 Dagonis
1208 4912 1377 4965 aedem
1409 4913 1634 4981 ingressi
1659 4953 1674 4977 ,
1707 4912 2056 4968 simulacrum
2089 4919 2212 4964 ante

671 5014 851 5054 arcam
883 4999 1030 5051 humi
1056 5000 1352 5068 projectum
1376 5014 1717 5072 repererunt,
1745 5003 1908 5073 idque
1937 5003 2210 5057 sublatum

676 5091 730 5146 in
772 5104 924 5144 suam
958 5088 1126 5142 basim
1177 5089 1490 5146 restituunt.
1532 5093 1604 5149 Ut
1646 5103 1827 5148 autem
1870 5095 1973 5148 hoc
2016 5095 2212 5164 sapius

2317 3910 2425 3991 τῶν
2451 3911 2886 3983 δκστρατεύουσι,
2915 3913 3007 3964 καὶ
3039 3907 3179 3982 ἦσαν
3207 3915 3269 3982 τῇ
3295 3912 3442 3983 μάχῃ
3470 3913 3865 3983 ἐπικρατέστε-

2314 4020 2426 4074 ροι.
2464 4001 2523 4055 '0
2543 4001 2600 4056 δὲ
2633 4001 2754 4065 λαὸς
2783 4001 3106 4073 κομισθῆναι
3132 4001 3229 4073 τὴν
3257 4002 3497 4056 Κιϐωτὸν
3528 4001 3769 4058 αἰτοῦσιν
3789 4008 3876 4069 είς

2316 4097 2557 4166 ἀρωγήν.
2579 4093 2931 4164 Πεμφθείσης
2956 4093 3000 4145 δ’
3027 4095 3204 4148 ἐκεῖσε
3227 4094 3327 4163 τῆς
3360 4093 3588 4148 κιϐωτοῦ
3624 4112 3721 4147 συν
3752 4097 3874 4159 τοῖς

2317 4189 2449 4249 υἱοῖς
2493 4185 2585 4238 τοῦ
2641 4186 2810 4249 Ἠλεὶ,
2851 4187 3253 4256 συγκεκρότητο
3301 4187 3598 4255 μάχῃ,καῖ
3637 4186 3874 4257 ἥττηντο

2319 4279 2366 4330 οί
2402 4276 2661 4347 Ἑϐραῖοι.
2696 4278 2936 4330 Ἐπεσον
2960 4277 3016 4328 δὲ
3066 4277 3198 4328 ώσεὶ
3223 4277 3554 4348 τρισμύριοι,
3575 4278 3745 4331 arato!
3768 4278 3871 4332 τοῦ

2316 4367 2610 4437 ἀρχιερέως
2631 4366 2754 4430 υἱοὶ,
2779 4367 2870 4418 καὶ
2891 4366 2922 4433 η
2946 4364 3168 4426 κίϐωτος
3191 4365 3400 4434 ἐλήφθη
3424 4367 3536 4430 τοῖς
3562 4366 3871 4435 πολεμίοις..

2329 4460 2474 4513 Ἠλεὶ
2519 4459 2574 4512 δὲ
2617 4458 2645 4511 6
2682 4457 2968 4528 ἀρχιερεὺς
3011 4456 3096 4524 ἐφ’
3129 4456 3330 4526 ὑψηλοῦ
3368 4455 3606 4526 καθῆστο
3645 4457 3868 4527 δίφρου,

2318 4552 2407 4606 καὶ
2423 4550 2609 4623 μαθὼν
2624 4552 2690 4603 τά
2705 4549 2806 4618 τῆς
2818 4546 3018 4619 μάχης,
3037 4550 3129 4602 καὶ
3149 4549 3245 4617 τὴν
3261 4549 3470 4619 σφαγὴν
3483 4549 3587 4602 τῶν
3601 4549 3750 4617 υίῶν,
3771 4555 3872 4606 καὶ

2315 4643 2412 4715 τὴν
2457 4641 2832 4712 αἰχμαλωσίαν
2866 4643 2962 4710 τῆς
3012 4639 3264 4704 κιϐωτοῦ,
3306 4640 3705 4710 περιαλγήσας,
3745 4642 3872 4706 ἑξέ-

2318 4752 2448 4787 πεσε
2493 4735 2583 4786 τοῦ
2601 4733 2808 4802 θρόνου.
2839 4732 2931 4784 καὶ
2952 4731 3680 4801 τέθνηκεν,ὲνενηκοντούτης
3709 4738 3870 4802 γενό-

2314 4829 2514 4896 μενος’,
2577 4823 2986 4891 τεσσαράκοντα
3048 4822 3103 4874 δὲ
3160 4821 3364 4876 τούτων
3421 4810 3698 4886 ἐνιαυτοὺς
3771 4827 3870 4880 τοῦ

2329 4917 2542 4987 Ἰσραὴλ
2584 4915 2946 4987 ἡγησάμενος.
2978 4913 3043 4969 Οί
3085 4913 3141 4968 δὲ
3186 4914 3468 4983 ἀλλόφυλοι
3503 4916 3582 4976 είς
3629 4913 3872 4978 Ἀζώτον

2319 5007 2474 5061 πόλιν
2518 5006 2893 5072 ἀπαγαγόντες
2935 5003 3033 5072 τὴν
3080 5002 3328 5066 κιϐωτὸν,
3365 5003 3440 5074 τῷ
3477 5003 3667 5071 Δαγὼν
3703 5004 3874 5070 (οὕτω

2319 5097 2427 5166 γάρ
2456 5096 2547 5147 τὸν
2579 5094 2786 5148 ἑαυτῶν
2818 5091 3044 5146 ἐκάλουν
3071 5090 3225 5160 Θεδν)
3256 5091 3523 5144 ἀνέθεντο.
3563 5091 3770 5144 Ἕωθεν
3811 5093 3871 5145 δὲ

675 5177 874 5231 factum
918 5176 1364 5245 deprehendunt,
1398 5188 1454 5232 et
1495 5189 1723 5235 statuam
1763 5183 1979 5253 quoties
2011 5186 2207 5239 erexis-

2321 5189 2400 5248 είς
2435 5187 2524 5240 τόν
2552 5183 2698 5239 οἷκον
2728 5183 2915 5248 Δαγὼν
2951 5183 3302 5248 είσελθόντες,
3336 5177 3492 5254 εὗρον
3524 5186 3778 5252 κείμενον
3810 5188 3872 5241 τὸ

674 5273 814 5327 sent,
844 5268 1002 5320 toties
1023 5279 1147 5322 ante
1177 5283 1359 5322 arcam
1389 5267 1663 5326 adorantis
1695 5274 1878 5342 specie
1917 5275 2212 5345 projectam

675 5356 1022 5424 reperissent,
1051 5359 1476 5429 obstupescunt,
1503 5359 1813 5416 dubitantes
1842 5363 1973 5431 quid
2013 5366 2089 5419 rei
2124 5381 2214 5419 es-

674 5457 774 5500 set.
808 5445 882 5500 Ex
911 5446 1012 5500 hoc
1041 5449 1348 5504 Azotiorum
1382 5451 1571 5505 urbem
1595 5461 1651 5505 et
1679 5467 1866 5520 agrum
1907 5454 2024 5508 lues
2065 5456 2212 5510 inva-

676 5538 752 5588 dit
779 5553 795 5590 :
821 5551 940 5589 nam
967 5547 1021 5591 ct
1053 5537 1298 5592 homines
1317 5542 1458 5595 circa
1487 5543 1667 5598 sedem
1697 5542 1945 5596 laborare
1997 5545 2214 5614 (dysen-

680 5627 866 5680 teriam
904 5630 1068 5685 fuisse
1098 5630 1173 5684 ait
1205 5628 1492 5700 Iosephus)
1524 5643 1579 5687 et
1614 5635 1749 5689 mori
1797 5637 2101 5705 complures
2141 5637 2218 5690 ci-

680 5730 774 5769 VCS
817 5726 871 5769 οι
932 5735 1113 5776 mures
1167 5737 1198 5777 c
1242 5733 1387 5777 terra
1417 5725 1588 5777 exorti
1640 5741 1826 5794 agrum
1859 5744 2074 5782 omnem
2123 5745 2214 5782 V3-

685 5807 1008 5894 stare._Scro
1046 5811 1261 5870 demum
1293 5829 1474 5869 arcam
1509 5813 1611 5867 sibi
1644 5813 1904 5870 malorum
1940 5833 2055 5873 esse
2091 5835 2190 5873 cau

2323 5280 2507 5346 ξόανον
2550 5277 2776 5331 ἐνώπιον
2815 5277 2912 5344 τῆς
2960 5275 3195 5328 κιϐωτοῦ
3223 5275 3314 5327 ἐπὶ
3336 5277 3456 5346 γῆς.
3489 5275 3597 5328 Καὶ
3624 5276 3867 5350 ἀναστή-

2325 5388 2514 5432 σαντες
2539 5370 2688 5432 αὐτὸ,
2715 5370 2806 5421 ἐπὶ
2833 5368 2929 5433 τῆς
2957 5367 3225 5436 προτέρας
3248 5367 3480 5434 ἔστησαν
3508 5365 3731 5434 βάσεως.
3776 5370 3868 5434 Ὦς

2326 5461 2381 5512 δὲ
2420 5460 2673 5527 συχνάκις
2705 5453 2859 5525 εὗρον
2880 5457 3036 5508 τοῦτο
3057 5458 3354 5522 γινόμενον,
3385 5454 3477 5506 καὶ
3515 5455 3769 5518 πολλάκις
3809 5459 3868 5509 τὸ

2321 5535 2538 5598 εἴδωλον
2586 5546 3007 5614 ἀνορθώσαντες,
3034 5544 3358 5604 τοσαυτάκις
3401 5546 3644 5614 κείμενον
3696 5562 3866 5598 κατε·

2322 5637 2597 5705 λάμϐανον
2641 5638 2696 5688 ἐν
2746 5639 2981 5706 σχήματι
3021 5632 3451 5702 προσκυνοῦντος
3478 5636 3573 5704 τὴν
3609 5636 3864 5691 κιϐωτὸν.

2322 5726 2652 5792 δθαμϐοῦντο
2686 5727 2775 5778 καὶ
2805 5725 3111 5791 διηπόρουν,
3145 5724 3370 5775 Ἔπειτα
3405 5725 3448 5776 δ’
3493 5725 3754 5791 ἐνέσκηψε
3797 5729 3863 5792 τῇ

2323 5820 2427 5874 τῶν
2465 5818 2733 5879 Ἀζωτίων
2766 5815 2911 5866 πόλει
2943 5817 3033 5866 καὶ
3063 5816 3126 5886 τῇ
3157 5815 3307 5886 χώρᾳ
3340 5814 3530 5886 φθορά.
3557 5813 3724 5874 Νόσος
3760 5814 3864 5883 μὲν
