4030 6332
186 446 285 524 125
1426 468 1701 529 ANNALl

1798 473 1819 531 Ι
1865 474 2010 537 LIB.
2046 476 2096 537 Ι.

3237 472 3338 536 1⁸26

182 577 269 636 τοῖς
316 571 621 642 ἀνθρώποις
681 572 811 643 περὶ
867 575 964 636 τὰς
1018 573 1178 645 ἕδρας
1225 572 1314 646 ἦν,
1354 577 1695 649 δυσεντερίαν

1798 604 1908 642 sam
1944 588 2120 642 Azutii
2153 588 2539 657 lntelligentes,
2581 587 2903 643 Ascalonem
2953 588 3183 642 mittunt
3227 605 3242 642 :
3276 590 3344 644 iis

187 665 320 733 φησὶν
346 666 374 718 ό
415 663 696 734 Ἰώσηπος,
732 666 828 719 καὶ
854 665 1114 737 ἔθνησκον
1159 668 1342 736 συχνοὶ
1389 670 1446 735 ἐξ
1500 669 1691 741 αὐτῆς.

184 757 304 816 Μύες
349 757 518 826 δέτῆς
557 758 663 826 γῆς
708 758 1072 824 ἀναδοθέντες,
1112 760 1210 828 τὴν
1253 760 1434 830 χώραν
1480 762 1695 816 ἃπασαν

182 848 447 917 ὲκεράῖζον.
493 848 625 917 Ὀψέ
659 849 717 903 δέ
747 849 987 919 συνῆκαν
1013 850 1108 919 τὴν
1145 852 1371 906 κιϐωτὸν
1398 852 1574 906 αἰτίαν
1603 854 1700 905 αὑ.

182 942 268 999 τοῖς
308 935 437 991 εἴναι
473 938 816 999 τῶν,παθῶν
855 940 904 993 oi
952 939 1217 1005 ’Δζώτιοι,
1252 942 1345 995 καὶ
1392 944 1696 1011 πέμπουσιν

183 1032 317 1099 αὐτὴν
338 1033 416 1093 είς
435 1029 779 1095 ’Δσκάλωνα,
800 1033 888 1083 καὶ
911 1030 1142 1102 ἔπασχον
1164 1035 1399 1086 κάκεῖνοι
1421 1035 1484 1087 τὰ
1514 1036 1691 1103 ὅμοια.

187 1122 270 1173 Καὶ
296 1121 429 1173 οὕτω
462 1122 623 1173 πέντε
645 1123 752 1175 τῶν
777 1120 1172 1185 Παλαιστινῶνζ
1196 1124 1411 1190 ἀμείϐει
1446 1125 1626 1183 πόλεις
1658 1128 1690 1194 η

185 1212 397 1275 κιϐωτὸς,
435 1212 527 1265 καὶ
554 1212 755 1273 πάσαις
782 1214 862 1274 εἰς
894 1213 1129 1266 κάκωσιν
1154 1215 1394 1280 γέγονεν.
1424 1214 1687 1282 Συνῆλθον

186 1300 255 1354 οὖν
290 1303 332 1354 ol
375 1302 481 1354 τῶν
524 1303 873 1371 κακουμένων
927 1305 1086 1357 πέντε
1148 1305 1349 1357 πόλεων
1402 1305 1691 1373 ἄρχοντες,

190 1396 341 1462 Γήτης,
380 1394 471 1445 καὶ
525 1392 827 1463 Ἀκκαρῶν,
881 1394 1212 1456 Ἀσκάλωνός
1269 1412 1326 1446 τε
1370 1398 1465 1446 καὶ
1493 1395 1531 1446 Γ
1536 1394 1690 1463 ἁζης.

195 1484 260 1536 καὶ
298 1484 546 1548 Ἀζώτου.
604 1484 709 1536 Καὶ
758 1485 805 1535 ot
828 1483 955 1552 ’μὲν
1002 1484 1130 1538 ἄλλα
1186 1486 1313 1553 περὶ
1371 1485 1468 1552 τῆς
1534 1487 1695 1542 κιϐως

191 1574 273 1637 τοῦ,
306 1576 351 1625 οἱ
393 1573 437 1625 δ’
471 1574 633 1638 ἕτερα
663 1574 1067 1629 συνεϐούλευον.
1098 1577 1203 1627 Καὶ
1236 1576 1382 1637 τέλος
1411 1574 1553 1638 ἔδοξε
1585 1577 1688 1627 πᾶ-

191 1682 267 1726 σιν,
295 1665 443 1735 ἔδρας
489 1664 651 1715 πέντε
682 1666 906 1733 χρυσᾶς,
940 1666 1032 1718 καλ⁵
1079 1665 1218 1734 μύας
1246 1667 1528 1728 τοσούτους
1563 1684 1687 1734 χρυ-

190 1756 285 1819 σοῦς
307 1757 542 1822 ποιῆσαι,
569 1757 660 1808 καὶ
686 1756 869 1809 θέσθαι
894 1756 985 1808 ἐπὶ
1007 1757 1101 1823 τῆς
1124 1756 1377 1818 κιϐωτοῦ,
1401 1757 1615 1826 ἄμαξαν
1632 1774 1689 1809 τε

189 1854 556 1919 καινουργῆσαι.
592 1851 687 1902 καὶ
737 1849 863 1919 βόας
908 1850 1352 1927 πρωτοτοκούσας
1398 1852 1463 1919 τῇ
1506 1849 1686 1918 ἁμάξῃ

189 1944 470 2008 ὑπαγαγεῖν,
502 1942 628 2000 τοὺς
673 1941 728 1993 δὲ
762 1941 991 2010 μόσχους
1032 1941 1206 1992 αὐτῶν
1241 1942 1561 2007 κατασχεῖν.
1592 1941 1698 1991 Καὶ
1728 1925 1768 1978 Β

186 2032 409 2086 ἐπιθεῖναι
450 2036 513 2101 τῇ
542 2032 724 2101 ἁμάξῃ
751 2033 850 2101 τὴν
874 2030 1125 2093 κιϐωτὸν,
1153 2032 1250 2092 τὰς
1273 2030 1397 2098 βόας
1418 2030 1460 2082 δ’
1483 2030 1698 2097 ἀπαγα-

185 2122 343 2187 γόντας
384 2123 473 2173 ἐπὶ
516 2120 725 2188 τριόδου
771 2121 1104 2184 καταλιπεῖν,
1146 2118 1211 2171 ἵν’
1251 2118 1337 2169 ἐπ’
1376 2118 1568 2179 αὐταῖς
1610 2116 1694 2187 εἴη

186 2213 369 2265 ἀπιέναι
405 2211 526 2265 καθ’
580 2214 647 2280 ἢν
697 2211 1017 2279 ὁρμήσουσι.
1058 2209 1163 2262 Καὶ
1202 2209 1248 2262 εί
1279 2207 1380 2276 μὲν
1424 2207 1550 2259 εὐθὺ
1589 2206 1698 2258 τῶν

185 2302 495 2371 Ἰσραηλιτῶν
525 2300 933 2357 ἀπελεύσονται.
965 2298 1051 2350 διὰ
1086 2302 1183 2366 την
1237 2297 1464 2349 κιϐωτὸν
1495 2295 1697 2347 οἴεσθαι

189 2394 341 2461 σ’,ςίσιν
369 2391 663 2459 ἐπάγεσθαι
701 2391 770 2443 τὰ
798 2391 964 2454 κακὰ,
1000 2390 1091 2443 καὶ
1127 2388 1199 2457 μὴ
1234 2386 1461 2439 κωλύειν
1491 2387 1589 2455 τὴν
1619 2387 1698 2447 είς

184 2486 395 2546 ἐκείνους
426 2482 672 2553 πορείαν.
706 2482 767 2534 Ei
797 2481 841 2532 δ’
867 2479 1055 2533 ἄλλοσέ
1079 2496 1154 2548 πη
1185 2479 1412 2543 ἀπίοιεν,
1443 2477 1697 2546 ἐπιστρέο

184 2578 262 2642 dat
302 2570 444 2634 αὖθις
472 2573 571 2633 τὰς
618 2571 745 2638 βόας
774 2588 832 2622 τε
862 2569 953 2622 καὶ
982 2570 1081 2638 τὴν
1110 2570 1345 2637 ἅμαξαν,
1378 2569 1471 2619 καὶ
1501 2567 1570 2619 τὰ
1612 2567 1696 2619 ἐπ’

183 2666 341 2734 αὐτῆς.
400 2663 833 2723 Ἐπιτελέσαντες
862 2662 1039 2713 τοίνυν
1085 2659 1152 2711 τὰ
1193 2659 1436 2721 δόξαντα,
1482 2658 1696 2726 ἀφῆκαν

180 2760 259 2819 τὰς
288 2759 421 2826 βόας,
456 2757 690 2827 μήκοθεν
751 2755 1000 2822 ἑπόμενοι
1033 2753 1125 2803 καὶ
1151 2751 1299 2802 αὐτοὶ
1333 2749 1399 2801 ἵν’
1435 2749 1604 2818 ὁρῷεν
1635 2748 1695 2801 τὸ

180 2850 528 2918 ἐκϐησόμενον.
550 2849 615 2900 Ai
635 2848 691 2900 δὲ
717 2846 833 2899 κατ’
859 2845 985 2899 εὐθὺ
1008 2843 1115 2896 τῶν
1150 2842 1413 2913 Ἐϐραίων
1434 2841 1709 2910 ἀπῄεσαν,

168 2940 263 3013 ,καὶ
301 2941 354 2992 ού
392 2940 652 3009 πρότερον
688 2938 921 3007 ἔστησαν
964 2937 1090 3005 πρὶν
1132 2938 1211 2996 εἰς
1255 2937 1398 3003 μέγα
1424 2932 1603 2987 πεδίον
1641 2934 1697 2984 ἐν

182 3031 476 3100 ιπθεσαμοῖς
525 3028 947 3098 κατηντήκασιν.
989 3025 1077 3087 Ὧς
1118 3025 1165 3077 δ’
1208 3020 1346 3075 εἶδον
1374 3026 1424 3075 οί
1450 3024 1548 3090 τῆς
1590 3023 1697 3075 κώ-

182 3140 275 3190 μης
289 3122 487 3190 ἐκείνης
508 3121 698 3190 ἄνδρες
723 3120 819 3188 τὴν
846 3117 1091 3178 κιϐωτὸν,
1118 3116 1462 3186 ὡρμήκασιν,
1489 3114 1575 3164 ἐπ’
1598 3113 1697 3165 αύ-

179 3217 294 3282 τήν·
356 3215 444 3265 καὶ
520 3209 837 3270 καθελόντες
900 3210 965 3261 ἐκ
1037 3207 1154 3307 τῆςν
1215 3203 1428 3307 ἁμάξης
1504 3201 1693 3307 filiiﬁlii
1724 3252 1769 3307 ϐ

186 3306 353 3356 ἔθυσαν
369 3304 461 3363 τὰς
480 3302 736 3371 βόας,καὶ
754 3302 864 3362 τοῖς
897 3297 1072 3362 ξύλοις
1097 3291 1176 3358 οἷς
1201 3298 1233 3367 ὴ
1258 3294 1443 3365 ἅμαξα
1474 3293 1695 3362 εἴργασ-

180 3417 249 3456 το.
274 3398 419 3457 αὑτὰς
457 3393 872 3447 ὡλοκαύτωσαν.
893 3392 1069 3461 Ὅπερ
1102 3390 1299 3451 ἰδόντες
1329 3390 1376 3440 οἱ
1412 3388 1698 3439 Παλαιστι-

179 3491 266 3550 νοὶ,
283 3488 656 3553 ὑπενόστησαν.
676 3481 811 3543 Τοὺς
828 3481 873 3534 δ’
894 3480 1199 3551 ἁψαμένους
1216 3479 1314 3547 τῆς
1345 3476 1596 3541 κιϐωτοῦ,
1622 3477 1694 3544 μὴ

177 3578 314 3638 ὂντας
342 3579 518 3645 ἱερεῖς,
554 3573 829 3643 ὀργισθείς
857 3572 884 3623 6
912 3571 1043 3632 Θεὸς
1070 3570 1423 3623 ἐθανάτωσεν.
1450 3568 1511 3619 Οἱ
1552 3570 1605 3618 δέ
1634 3582 1694 3632 γε

179 3668 335 3720 λοιποὶ
364 3667 436 3735 τῷ
464 3664 629 3733 κοινῷ
670 3662 778 3715 τῶν
817 3661 1081 3731 Ἐϐραίων
1121 3660 1422 3730 ἐγνώρισαν
1465 3660 1532 3711 τὰ
1570 3662 1696 3727 περὶ

177 3761 259 3826 τῆς
278 3759 495 3812 κιϐωτοῦ
509 3775 524 3790 ·
564 3756 805 3809 κάκεῖνοι
822 3754 1075 3815 λαϐόντες
1090 3754 1279 3821 αὐτὴν,
1300 3755 1599 3825 ἀπάγουσιν
1618 3755 1696 3816 είς

178 3848 552 3916 Καριαθιαρεὶμ
572 3886 588 3908 ,
616 3844 708 3899 καὶ
722 3845 801 3907 είς
813 3844 986 3897 οίκίαν
1002 3842 1297 3911 Ἀμιναδὰϐ
1318 3843 1404 3914 (ἐκ
1423 3844 1521 3913 τῆς
1546 3846 1699 3895 Λευῖ-

175 3941 311 4008 τικῆς
327 3934 474 4001 οὗτος
494 3936 688 4007 φυλῆς)
711 3934 1101 3988 κατατίθενται.
1128 3920 1235 3986 Καὶ
1250 3934 1458 4003 ἔμεινεν
1476 3935 1587 3986 ἐκεῖ
1605 3934 1696 4002 ἔτη

176 4031 344 4091 εἴκοσι,
360 4028 573 4097 παρὰδὲ
591 4029 702 4089 τοῖς
727 4024 1040 4091 ἀλλοφύλοις
1064 4026 1237 4093 μῆνας
1276 4024 1561 4089 τέσσαρας.
1598 4023 1698 4072 Σα-

180 4118 327 4187 μουὴλ
344 4118 395 4169 δὲ
418 4118 445 4167 ὀ
470 4117 751 4186 προφήτης
778 4114 918 4183 μέγα
938 4115 1035 4182 ἤδη
1056 4114 1196 4180 σχὼν
1218 4112 1303 4163 ovo
1311 4130 1403 4180 μα,
1429 4115 1520 4163 καί
1543 4113 1697 4179 δόξης

178 4211 308 4278 ἥκων
326 4209 411 4261 ἐπὶ
442 4209 597 4269 πολὺ,
633 4204 949 4271 συναγαγὼν
984 4205 1070 4254 τὸν
1100 4202 1224 4255 λαὸν
1248 4205 1373 4271 περὶ
1394 4204 1698 4271 ἐλευθερίας

1801 680 1963 733 etiam
2000 679 2185 734 eadem
2220 680 2491 734 accidunt.
2528 678 2618 732 Sic
2662 679 2903 747 quinque
2941 677 3347 733 Palastinorum

1802 772 1966 829 urbes
1988 789 2113 828 arca
2144 783 2453 845 pervagata,
2483 774 2735 828 omnibus
2766 775 3076 829 calamitosa
3114 773 3344 828 exstitit.

1802 863 1989 931 Itaque
2021 864 2363 933 magistratus
2392 865 2633 933 quinque
2658 863 2872 917 urbium
2905 863 2972 916 iis
3022 863 3177 916 malis
3221 878 3348 916 con-

1801 952 2116 1006 flictantium
2163 955 2459 1023 congressi,
2501 953 2754 1007 videlicet
2796 953 2975 1013 Getae,
3022 951 3345 1009 Accaronis.

1800 1044 2095 1106 Ascalonis,
2130 1042 2282 1097 Gaza:
2311 1053 2366 1097 et
2409 1043 2586 1105 Azoti,
2621 1043 2744 1096 aliis
2772 1042 2916 1095 aliud
2947 1041 3013 1095 de
3055 1056 3177 1094 arca
3214 1055 3346 1093 cen-

1800 1131 2066 1189 sentibus.
2102 1130 2316 1183 tandem
2348 1130 2635 1184 decrevere
2673 1144 2884 1195 omnes,
2918 1130 3074 1183 sedes
3102 1130 3344 1197 quinque

1799 1234 2010 1285 aureas,
2063 1221 2395 1290 totidemque
2439 1236 2622 1289 mures
2660 1221 2785 1275 item
2835 1235 3029 1274 aureos
3061 1235 3198 1274 arca:
3248 1220 3350 1272 im-

1801 1328 2024 1382 ponere,
2051 1324 2108 1366 et
2134 1328 2333 1366 novum
2363 1312 2628 1368 fabricare
2658 1330 2901 1385 currum,
2922 1322 2976 1367 et
3008 1328 3197 1366 vaccas
3228 1328 3347 1382 quas
3384 1364 3387 1366 .

1799 1405 2032 1474 primum
2082 1402 2423 1472 peperissent
2475 1405 2659 1457 currui
2702 1405 2962 1473 jungore,
3017 1404 3112 1457 sed
3158 1419 3343 1456 carum

1798 1492 1999 1548 vitulos
2029 1495 2282 1557 retinere,
2320 1509 2382 1547 ac
2413 1493 2598 1547 Currui
2624 1510 2749 1548 arca
2779 1495 3051 1563 imposita,
3084 1494 3249 1547 boves
3286 1494 3338 1547 in

1798 1584 2020 1637 trivium
2065 1584 2330 1637 abductas
2370 1584 2698 1652 relinquere,
2729 1591 3069 1651 utquorsum
3112 1584 3349 1651 impetus

1797 1673 1984 1728 tulerit
2028 1682 2173 1727 eant.
2209 1674 2335 1739 Quae
2377 1674 2422 1727 si
2466 1690 2655 1728 versus
2688 1673 2959 1727 lsraelitas
3003 1675 3220 1735 abeant,
3266 1674 3338 1727 ob

1796 1777 1975 1815 arcam
2003 1764 2139 1816 mala
2176 1763 2264 1817 illa
2295 1778 2351 1817 se
2381 1764 2587 1832 perpeti
2618 1763 2986 1825 statuendum,
3019 1778 3194 1830 neque
3220 1777 3345 1830 pro-

1798 1854 2091 1908 hibendum
2120 1870 2405 1923 quominus
2433 1855 2523 1908 illo
2566 1864 2688 1907 eant
2728 1872 2741 1907 :
2781 1854 2865 1907 sin
2897 1854 3003 1906 alio
3031 1869 3088 1906 se
3121 1867 3345 1905 conver-
3402 1866 3406 1873 ·

1799 1947 1983 2009 terint,
2034 1946 2372 1999 reducendas
2417 1946 2581 1998 boves
2633 1953 2689 1998 et
2724 1960 2980 2005 currum,
3033 1953 3086 1997 et
3131 1959 3250 2011 quae
3290 1943 3343 1995 in

1799 2036 1998 2107 58cc
2022 2038 2149 2090 sint.
2183 2035 2302 2098 llis,
2337 2045 2395 2088 ut
2430 2035 2705 2089 decretum
2732 2034 2925 2098 fuerat,
2965 2032 3217 2103 peractis,
3251 2032 3338 2083 di-

1798 2129 1995 2183 misere
2038 2128 2221 2186 boves,
2265 2128 2477 2181 eminus
2517 2126 2617 2194 ipsi
2650 2136 2959 2195 sequentes,
2994 2135 3053 2179 ut
3087 2131 3341 2178 eventum

1796 2218 2068 2273 viderent.
2100 2221 2165 2271 At
2210 2219 2313 2271 illa:
2340 2225 2485 2271 recta
2518 2232 2708 2270 versus
2750 2217 3005 2271 Hebraeos
3040 2216 3139 2274 ire.
3170 2231 3343 2283 neque

1800 2312 2098 2366 subsistere
2134 2311 2305 2380 prius,
2341 2323 2500 2377 quam
2525 2309 2577 2361 in
2610 2323 2860 2376 magnum
2892 2322 3139 2375 campum
3172 2308 3337 2360 Beth-

1796 2415 1976 2457 satncs
1997 2400 2387 2470 pervcnisscnt.
2414 2395 2482 2451 Ut
2506 2406 2687 2452 autem
2710 2396 2830 2467 pagi
2862 2398 3008 2450 illius
3032 2398 3132 2450 viri
3164 2411 3341 2450 arcam

1796 2491 2086 2555 viderunt,
2119 2496 2436 2554 accurrunt,
2476 2488 2542 2541 de
2581 2503 2742 2542 curru
2782 2486 2999 2550 tollunt,
3046 2487 3211 2540 boves
3242 2487 3343 2539 im-

1797 2582 2001 2636 molant
2031 2600 2043 2634 :
2077 2593 2130 2634 et
2161 2578 2321 2649 lignis
2375 2593 2408 2632 e
2441 2577 2638 2645 quibus
2667 2593 2862 2631 currus
2898 2577 3177 2647 confectus
3200 2585 3339 2636 erat,

1799 2680 2059 2727 cremant.
2088 2672 2205 2736 Quo
2238 2667 2508 2724 Palaestini
2540 2668 2654 2722 viso
2673 2707 2688 2732 ,
2721 2676 2867 2722 retro
2897 2667 3169 2720 abierunt.
3198 2667 3340 2720 Deus

1798 2770 1977 2815 autem
2040 2760 2107 2813 iis
2142 2760 2237 2827 qui
2283 2774 2463 2815 arcam
2508 2753 2814 2827 attigerant,
2861 2772 2981 2809 cum
3013 2756 3223 2825 profani
3255 2771 3340 2809 es-

1802 2861 1948 2914 sent,
1979 2838 2172 2912 iratus,
2224 2865 2412 2904 necem
2444 2850 2654 2904 attulit.‘
2680 2848 2894 2916 Reliqui
2922 2863 3207 2902 commune
3243 2846 3339 2899 He-

1800 2944 2071 2998 braeorum
2127 2942 2193 2996 de
2237 2957 2360 2995 arca
2403 2950 2617 3009 recepta
2661 2942 2924 2995 certiores
2964 2941 3219 2995 reddunt.
3264 2939 3341 2993 llli

1799 3046 1917 3084 eam
1965 3030 2345 3083 Cariathiarim
2377 3029 2677 3095 abducunt,
2714 3042 2770 3084 ct
2805 3030 2858 3083 in
2898 3029 3214 3084 Aminadabi
3247 3030 3339 3084 Leo

1798 3121 1976 3174 vilica:
2018 3120 2192 3173 tribus
2220 3120 2456 3174 hominis
2497 3121 2707 3175 mdibus
2748 3121 3035 3181 collocant,
3062 3122 3153 3174 ub‘i
3191 3120 3344 3175 anni:

1799 3212 1989 3281 viginti
2051 3212 2279 3274 mansit,
2334 3227 2455 3265 cum
2512 3212 2653 3280 apud
2710 3212 3042 3276 alienigenas
3114 3218 3341 3277 quatuor

1799 3319 2014 3358 menses
2044 3304 2253 3357 fuisset.
2287 3305 2355 3357 At
2386 3303 2602 3357 Samuel
2643 3304 2899 3371 propheta
2942 3294 3050 3372 jam
3081 3302 3331 3364 celebris,

1796 3404 1850 3449 et
1894 3407 2084 3461 magna
2123 3394 2379 3463 praeditus
2404 3395 2748 3458 auctoritate,
2782 3397 2982 3465 populo
3027 3404 3342 3462 convocato,

1798 3486 1867 3539 de
1898 3485 2220 3539 vindicanda
2257 3486 2506 3539 libertate
2537 3486 2757 3540 disserit
2795 3504 2855 3541 ac
2888 3488 3197 3557 persuadet.
3227 3488 3343 3551 Quo

1798 3576 2066 3630 Palaestini
2099 3576 2337 3646 cognito,
2374 3577 2650 3646 inopinata
2690 3577 3037 3645 aggressione
3077 3575 3344 3630 lsraelitas

1796 3667 2278 3733 perterrefaciunt;
2306 3667 2399 3734 qui
2428 3666 2492 3718 ad
2521 3665 2821 3719 Samuelem
2850 3664 3241 3739 confugientes,
3276 3665 3343 3719 de

1797 3757 1974 3810 salute
2022 3771 2119 3807 sua
2170 3770 2290 3809 esse
2329 3764 2507 3809 actum
2556 3754 2731 3817 aiunt,
2782 3754 2888 3808 nisi
2941 3756 3054 3824 ipse
3104 3754 3344 3808 numinis

1798 3862 1955 3916 Opem
1986 3849 2241 3901 exorarit.
2278 3847 2370 3900 Ille
2396 3846 2553 3900 bonis
2585 3847 2781 3901 animis
2810 3862 2929 3901 esse
2953 3847 3127 3915 jubet,
3158 3858 3211 3899 et
3243 3845 3341 3899 Dei

1799 3939 2059 3991 auxilium
2091 3938 2397 4007 pollicetur.
2420 3952 2669 4007 aguoque
2696 3938 2990 3999 immolato,
3016 3940 3182 3990 Deum
3200 3946 3341 3989 orat.

1796 4027 2046 4081 Nondum
2078 4028 2290 4081 ﬂamma
2315 4028 2589 4080 vietimam
2632 4035 3058 4093 consumpserat,
3098 4041 3217 4078 cum
3247 4025 3342 4079 lto-

1797 4117 2185 4185 stesimpetum
2220 4117 2271 4169 in
2303 4115 2558 4170 Hebraeos
2589 4116 2812 4177 faciunt,
2837 4116 3046 4169 facilius
3074 4131 3169 4169 eos
3192 4117 3340 4170 iner-

1799 4226 1913 4267 mes
1946 4211 2189 4280 superari
2238 4226 2397 4280 posse
2446 4210 2572 4283 rati.
2626 4211 2730 4266 Sed
2783 4222 2839 4265 et
2895 4222 3038 4263 terra
3081 4209 3344 4262 divinitus

178 4297 305 4368 αύτῴ
334 4298 618 4365 διειλέχθη,
648 4297 743 4349 καὶ
774 4294 955 4348 ἔπεισε
990 4294 1188 4363 ταύτης
1232 4295 1697 4363 ἀντιποιήσασθαι.

184 4390 237 4439 '0
282 4390 534 4457 μαθόντες
590 4388 638 4439 oi
689 4386 1069 4449 Παλαιστινοὶ,
1121 4386 1538 4453 ἀπροσδοκήτως
1587 4390 1698 4447 τοῖς

1798 4317 2080 4365 concussa,
2104 4316 2157 4355 et
2185 4302 2477 4356 tonitribus
2496 4301 2935 4369 erumpentibus,
2957 4308 3014 4351 et
3039 4299 3348 4365 fulguribus

1797 4392 2156 4447 emicantibus
2179 4392 2473 4461 perterriti,
2498 4392 2550 4444 in
2580 4391 2757 4459 fugam
2781 4398 3086 4443 vertuntur.
3113 4388 3339 4456 Fugien-

188 4480 432 4548 Ἑϐραίοις
472 4482 677 4532 ἐπίασι.
702 4477 1216 4547 Καὶ-κατεπτόησαν
1258 4476 1475 4538 αὐτοὺς,
1505 4475 1579 4537 ὡς
1621 4474 1698 4543 τῷ

1801 4481 1947 4534 tibus
1978 4481 2194 4534 Samuel
2220 4495 2342 4532 cum
2385 4479 2586 4547 p0pulo
2628 4479 2812 4543 instat,
2842 4493 2905 4531 ac
2937 4478 3136 4530 multos
3166 4473 3341 4528 caedit.

180 4570 400 4638 Σαμουὴλ
448 4569 815 4638 προσδραμεῖν
868 4568 1145 4633 λέγοντας,
1197 4565 1539 4631 ἀπεγνῶσθαι
1596 4564 1693 4632 τὴν

1800 4569 1927 4622 Post
1949 4584 2067 4621 eam
2093 4568 2299 4622 cladem
2328 4584 2436 4623 non
2481 4569 2710 4637 amplius
2740 4568 3010 4622 lsraelitas
3046 4568 3291 4617 invasere
3324 4579 3339 4615 :

181 4662 432 4731 σωτηρίαν
455 4662 661 4722 αὐτοῖς,
684 4660 732 4713 εί
760 4660 835 4729 μὴ
860 4660 1025 4722 αὐτὸς
1055 4657 1204 4727 σφίσι
1227 4659 1324 4726 τὴν
1349 4659 1413 4710 ἐκ
1430 4656 1523 4709 τοῦ
1556 4657 1697 4709 θείου

1802 4658 1895 4713 sed
1937 4669 1991 4712 et
2040 4668 2237 4711 terram
2269 4674 2428 4728 quam
2468 4659 2704 4712 Hebraeis
2745 4658 3086 4715 ademerant,
3128 4651 3340 4705 Samaei

179 4751 464 4822 ἐπικουρίαν
516 4754 819 4820 αἰτήσεται.
866 4752 972 4803 Καὶ
1019 4750 1078 4812 ὃς
1126 4750 1346 4819 θαρρεῖν
1390 4752 1698 4820 παρεγγυᾷ,

1809 4754 2038 4822 recepit.
2065 4752 2141 4805 Ita
2169 4752 2214 4805 is
2237 4752 2436 4821 populo
2458 4753 2549 4822 jus
2581 4751 2814 4807 dicebat.
2845 4759 2900 4801 et
2932 4744 3251 4814 imperabat.

176 4845 259 4896 καὶ
300 4845 385 4897 τὸν
422 4847 555 4900 Θεὸν
592 4844 863 4914 ἐπαρῆξαι
898 4840 1301 4895 διαϐεϐαιοῦται
1348 4841 1529 4904 αὐτοῖς
1554 4859 1568 4873 ο
1636 4845 1731 4895 καὶ
1768 4843 1933 4904 θύσας
1960 4844 2120 4913 ἄρνα,
2155 4844 2326 4895 ἐδέετο
2388 4842 2478 4894 τοῦ
2527 4840 2683 4891 Θεοῦ.
2717 4840 2896 4906 Μὴπω
2922 4837 2975 4887 δὲ
3019 4836 3115 4905 τὴν
3154 4831 3341 4889 θυσίαν

176 4941 260 5005 τῆς
298 4942 436 5009 ἱερᾶς
492 4940 874 5011 δαπανησάσης
928 4937 1140 5005 φλογὸς,
1175 4936 1531 5005 προϐάλλουσι
1587 4940 1697 4999 τοίς
1749 4937 2017 5006 Ἑϐραίοις
2074 4938 2124 4988 oi
2188 4935 2703 5001 ἁντιπόλεμοι,ρᾷον
2727 4932 2903 4983 αὐτῶν
2939 4932 3227 4999 κρατήσειν
3268 4924 3340 4991 rb;

176 5033 371 5089 ἀόπλων
390 5034 874 5106 οίόμενοι.Σεισμῷ
898 5034 952 5087 δὲ
976 5038 1075 5103 τῆς
1095 5034 1195 5102 γῆς
1217 5033 1569 5102 κλονηθείσης
1630 5034 1732 5085 ὑπὸ
1769 5032 1926 5097 Θεοῦ,
1958 5032 2411 5101 καταρραγεισῶν
2459 5048 2518 5083 τε
2562 5030 2820 5099 βροντῶν,
2881 5030 2972 5081 καὶ
3011 5022 3343 5092 ἐξαφθεισῶν

178 5130 466 5199 ἀστραπῶν,
482 5132 560 5192 εις
579 5130 783 5184 δειλίαν
797 5131 1109 5183 ἐνέπεσονοὶ
1130 5129 1393 5197 πολέμιοι,
1446 5128 1542 5180 καὶ⁵
1595 5128 1913 5197 ἐτράπησαν
1965 5130 2042 5188 εἰς
2056 5128 2257 5196 φυγήν»
2277 5125 2578 5189 Κατεδίωξε
2615 5125 2669 5177 δὲ
2691 5124 2938 5193 Σαμουὴλ
2956 5119 3126 5172 καὶτὸ
3144 5114 3339 5184 πλῆθος

174 5220 330 5275 ὀπίσω
357 5225 546 5288 αὐτῶν,
577 5222 672 5274 καὶ
706 5220 931 5284 πολλοὺς
970 5222 1345 5291 διεφθάρκασι,
1379 5222 1477 5274 καὶ
1508 5223 1691 5274 οὐκέτι
1734 5221 1871 5291 μετὰ
1921 5221 2022 5290 τὴν
2080 5222 2290 5289 πληγὴν
2310 5218 2508 5287 ταύτην
2533 5217 2625 5267 ἐπὶ
2651 5218 2773 5275 τοὺς
2796 5202 3128 5279 Ἰσραηλίτας
3152 5208 3338 5273 ἐστρα-

175 5318 524 5382 τευσαν,ἀλλὰ
548 5316 644 5370 καὶ
668 5315 765 5385 τὴν
789 5314 966 5382 χώραν
983 5316 1157 5384 ήνπτρ
1175 5316 1476 5382 ἀφείλοντο,
1551 5315 1931 5369 ἐπανεσώσατο
1997 5313 2150 5377 αὖθις
2185 5317 2298 5376 τοῖς
2338 5313 2607 5382 Ἑϐραίοις
2638 5313 2664 5363 ὁ
2695 5307 2969 5377 Σαμουὴλ.
3038 5305 3254 5375 Ἕκρινι
3286 5300 3337 5359 δὶ
3416 5329 3419 5334 ·

175 5402 251 5452 τὸν
277 5405 418 5471 λαὸν,
441 5409 537 5462 καὶ
558 5404 725 5478 ἦρχεν
750 5405 936 5475 αὐτῆς.

237 5496 354 5556 KZ'.
377 5502 506 5570 Ἤδη
533 5502 591 5554 δέ
614 5499 955 5569 γεγηρακὼς,
983 5502 1092 5561 τοῖς
1127 5497 1261 5559 υἱοῖς
1289 5497 1450 5550 αὐτοῦ
1477 5498 1578 5567 τὴν
1602 5499 1695 5550 τοῦ

175 5583 288 5638 λαοῦ
328 5591 659 5657 προστασίαν
685 5590 780 5644 καὶ
821 5590 881 5643 τὸ
920 5588 1154 5652 δικάζειν
1193 5587 1488 5656 διένειμεν·
1526 5586 1693 5654 ὄνομα

178 5676 244 5727 τῶ
280 5680 623 5750 πρεσϐυτέρῳ
662 5680 847 5751 Ἰωήλ·
887 5680 965 5750 τῷ
1014 5682 1254 5748 νεωτέρῳ
1293 5678 1366 5743 δὲ,
1405 5677 1582 5732 Ἀϐιά.
1632 5679 1694 5731 Οἶ

182 5782 265 5818 tux
295 5770 661 5839 ἐπορεύθησαν
695 5771 752 5822 ἐν
792 5774 911 5833 ταῖς
954 5773 1091 5834 ὁδοῖς
1120 5771 1211 5823 τοῦ
1256 5770 1459 5839 πατρὸς
1494 5769 1690 5831 αὐτῶν,

180 5856 278 5906 αλλ’
328 5860 691 5923 ἐκκλίναντες,
751 5860 919 5923 δῶρον
984 5863 1043 5916 τὸ
1084 5862 1286 5917 δίκαιον
1317 5860 1691 5924 προεδίδοσαν,

1864 5494 2074 5550 XXVII.
2137 5497 2337 5551 Verum
2388 5498 2499 5565 jam
2550 5507 2713 5548 senex
2761 5492 2943 5563 populi
2998 5486 3334 5561 gubernandi

1793 5603 1991 5641 munus
2018 5603 2083 5641 ac
2106 5588 2245 5656 juris
2270 5586 2490 5640 dicundi
2520 5585 2853 5654 provinciam
2882 5582 3007 5635 ﬁliis
3029 5576 3335 5640 distribuit,

1794 5661 2024 5747 quorum
2068 5678 2256 5747 majori
2292 5677 2475 5741 Joelis,
2511 5676 2705 5745 minori
2748 5676 2895 5730 Abiu:
2938 5686 3137 5726 nomen
3170 5680 3289 5724 erat
3318 5688 3331 5723 ι

1792 5769 1882 5838 qui
1918 5785 2121 5824 morem
2178 5771 2347 5838 patris
2379 5786 2485 5823 non
2517 5768 2708 5829 secuti,
2732 5768 2799 5819 ad
2828 5761 3172 5834 largitionum
3209 5779 3331 5817 cor—

1794 5860 2029 5925 ruptelas
2060 5860 2427 5923 deﬂexeruut,
2473 5870 2527 5914 et
2566 5862 2647 5912 ius
2676 5868 2835 5917 atuuc
2871 5872 3083 5918 aequum
3134 5856 3322 5913 venale
