4038 6320
628 425 727 487 127

1896 429 2220 493 JOANNIS
2259 429 2575 491 ZONARJE

3720 429 3821 491 128

626 538 952 595 habuerunt.
980 543 1103 597 llaec
1125 546 1352 615 populus
1372 562 1511 617 aegre
1538 500 1743 613 ferens,
1767 546 1834 601 ad
1865 545 2173 601 Samnelem

2283 543 2373 597 καὶ
2414 538 2658 614 λήμμασι
2702 542 2798 605 τὰς
2831 544 3039 614 κρίσεις
3077 541 3342 606 ἐδίκαζον.
3381 541 3439 595 Ὀ
3463 542 3519 596 δὲ
3565 541 3693 607 λαὸς
3734 544 3824 595 διὰ

625 630 871 696 conﬂuit,
897 640 954 684 et
993 650 1007 687 :
1035 633 1298 698 Quoniam
1327 648 1403 700 tu,
1431 638 1634 706 inquit,
1668 655 1762 708 per
1786 647 1993 691 tetatem
2027 626 2171 691 nobis

625 736 844 788 praeses
873 740 974 774 non
1005 736 1167 792 potes,
1207 743 1377 796 regem
1404 738 1611 793 creato,
1642 728 1730 796 qui
1759 738 1805 779 et
1844 738 2044 797 gentem
2071 744 2171 797 gu-

626 811 821 867 bernet.
855 821 903 865 et
932 817 1254 869 adversarios
1285 810 1484 887 nostros
1514 825 1791 887 oppugnet.
1828 818 1903 872 Ea
1943 834 2001 872 re
2045 833 2170 886 cum

626 900 843 957 Samuel
874 905 1196 969 tristaretur,
1228 907 1360 961 dicit
1389 908 1470 962 eis
1501 907 1643 962 Deus
1674 926 1688 961 ι
1726 907 1847 962 Non
1881 919 1930 962 te
1957 925 2051 977 pro
2074 909 2172 961 ni-

624 994 727 1070 hilo
759 987 935 1051 habuit
973 998 1213 1067 populus,
1263 1000 1355 1053 sed
1401 1016 1513 1065 me;
1548 1018 1697 1071 quem
1740 1016 1860 1055 vero
1905 1003 1995 1056 tibi
2025 1018 2171 1054 mon—

622 1096 818 1150 straro,
853 1096 970 1141 eum
1000 1106 1169 1159 regem
1220 1094 1417 1162 ungito.
1453 1093 1559 1163 59
1588 1094 1828 1149 Hebrmis
1857 1095 2020 1164 igitur
2040 1110 2167 1149 con-

623 1179 860 1243 vocatis,
905 1179 1122 1235 Samuel
1166 1172 1452 1251 proponit,
1501 1200 1558 1239 se
1597 1185 1895 1240 electurum
1932 1185 2013 1240 eis
2048 1193 2171 1240 cSSe

627 1282 831 1333 regem,
890 1272 1190 1339 praedicens
1230 1273 1343 1327 fore
1376 1286 1436 1329 ut
1472 1266 1759 1344 paeniteret
1787 1293 1902 1340 eos,
1936 1292 2001 1331 ac
2031 1277 2173 1331 libe-

627 1358 893 1413 rationem
942 1375 973 1414 a
1018 1362 1238 1430 regibus
1284 1364 1453 1427 Deum
1493 1375 1764 1421 oraturos.
1813 1367 1895 1421 llli
1943 1368 2168 1429 instant,

627 1463 805 1515 regem
849 1448 1171 1520 ﬂagitantes,
1201 1453 1268 1508 de
1309 1456 1471 1509 rebus
1518 1456 1716 1512 futuris
1748 1473 2001 1514 securum
2042 1474 2172 1514 esse

622 1539 976 1607 jubent.Tum
1005 1542 1220 1619 Samuel
1250 1561 1263 1595 :
1292 1544 1436 1597 Abite
1466 1561 1621 1610 nunc,
1654 1546 1854 1615 inquit,
1881 1547 1964 1601 ubi
1988 1564 2175 1618 cogno-

625 1643 767 1690 vero,
798 1645 950 1698 quem
984 1632 1122 1707 nobis
1155 1631 1551 1697 Deusdederit,
1584 1651 1846 1689 accersam
1871 1652 1976 1690 vos.
2017 1636 2172 1691 Acci-

566 1742 569 1743 ν
627 1720 708 1773 dit
730 1728 935 1785 autem,
964 1731 1022 1775 ut
1049 1723 1346 1793 Benjamita
1376 1726 1619 1792 quidam,
1647 1728 1866 1781 nomine
1899 1726 2010 1789 Cis.
2037 1727 2173 1782 Sau-

627 1809 734 1864 lem
767 1808 963 1876 illium,
996 1814 1269 1867 hominem
1310 1824 1516 1869 statura
1545 1825 1602 1872 et
1642 1817 1813 1897 (arma
1851 1819 2170 1885 excellenti,

628 1914 750 1954 cum
786 1916 944 1956 servo
970 1905 1035 1956 ad
1062 1907 1340 1960 asinarum
1371 1924 1507 1977 quas
1551 1890 1806 1976 amiserat
1858 1912 2173 1981 inquisitio—
2207 1890 2249 1947 Β

628 2004 755 2043 nem
789 1990 1046 2045 mitteret.
1085 1994 1229 2059 Quas
1267 1996 1357 2048 ille
1402 2012 1527 2051 cum
1578 2001 1772 2067 passim
1816 2002 2174 2070 quesivisset,
2221 1998 2225 2000 ν

597 2091 733 2130 -nec
775 2078 1107 2147 invenisset,
1137 2082 1440 2140 Samuelem
1482 2088 1547 2141 de
1587 2089 1845 2144 asinabus
1877 2089 2179 2161 interroga-

630 2178 805 2232 turus,
831 2171 1164 2226 Armathaim
1202 2177 1369 2230 venit.
1401 2177 1473 2231 lbi
1512 2178 1652 2233 Deus
1673 2180 1916 2235 Samueii
1949 2181 2175 2247 revelat,

624 2272 753 2311 eum
783 2274 901 2313 esse
932 2277 1097 2330 quem
1122 2267 1334 2333 populo
1358 2265 1705 2322 Hebraeorum
1740 2271 2004 2340 imperare
2027 2273 2175 2325 velit.

630 2348 705 2401 De
735 2349 992 2405 asinabus
1014 2352 1185 2423 igitur.
1208 2370 1446 2427 rogatus,
1477 2361 1776 2416 incolumes
1803 2378 1923 2417 esse
1947 2380 2177 2434 respon-

629 2437 757 2494 det;
782 2451 837 2495 et
871 2444 1086 2499 Saulem
1117 2447 1352 2515 hospitio
1382 2461 1667 2519 exceptum
1704 2469 1859 2507 mane
1887 2456 2177 2525 prosequi-

610 2541 737 2583 .tur.
770 2532 967 2614 Urbem
1004 2552 1287 2606 egressus,
1334 2555 1456 2596 cum
1500 2543 1899 2599 adolescentem
1936 2546 2183 2601 seduxis-

628 2630 735 2686 set,
764 2623 886 2677 oleo
930 2637 1095 2695 caput
1137 2630 1256 2698 ejus
1310 2632 1625 2699 perfundit,
1667 2651 1731 2689 ac
1768 2636 2118 2692 deosculatus
2160 2654 2173 2689 :

634 2711 789 2766 Unxit
823 2724 871 2766 te
902 2710 1056 2782 Deus,
1085 2720 1280 2789 inquit,
1316 2738 1484 2790 regem
1522 2726 1700 2795 populi
1732 2731 1834 2791 sui,
1883 2731 2029 2794 cuius
2080 2747 2181 2784 un-

631 2804 815 2857 ctionis
858 2801 996 2859 illud
1038 2810 1132 2863 tibi
1172 2813 1377 2881 signum
1421 2816 1540 2881 erit,
1584 2822 1718 2885 quod
1759 2822 1898 2874 circa
1944 2820 2179 2877 Rachelis

630 2891 1065 2959 sepulcrumduo
1095 2898 1185 2951 tibi
1217 2902 1315 2955 viri
1368 2891 1677 2971 occurrent,
1717 2910 1895 2961 asinus
1944 2920 2177 2977 repertas

632 2982 969 3049 gratulaturi.
1013 2986 1211 3056 Adjicit
1249 3001 1301 3044 et
1331 2992 1435 3045 alia
1472 2994 1622 3064 signa
1661 2998 2046 3053 conﬁrmanda:
2083 3015 2181 3053 ve-

605 3071 815 3132 ,ritatis
859 3088 1008 3143 ergo,
1049 3086 1210 3146 atque
1244 3079 1385 3134 inter
1423 3094 1634 3149 caetera,
1666 3087 1758 3140 ubi
1798 3087 2057 3142 Gabatam
2087 3105 2182 3161 ve-

2276 636 2446 688 ταῦτα
2502 637 2636 706 πρὸς
2691 636 2941 706 Σαμουὴλ
2989 636 3315 705 ἀθροισθεὶς,
3356 635 3514 689 Ἐπεὶ
3558 635 3644 704 μὴ
3700 630 3829 699 οἶός

2278 741 2342 778 τε
2362 726 2464 793 σὺ,
2485 726 2710 795 ἔφησαν,
2736 726 3096 793 προεστάναι
3115 724 3283 793 ἡμῶν
3308 724 3402 778 διὰ
3427 723 3634 793 γῆρας,
3653 724 3830 789 noli}-

2278 832 2392 870 σον
2422 817 2563 884 ἡμῖν
2580 816 2860 881 βασιλέα.
2894 817 2963 883 ὃς
2999 816 3098 870 καὶ
3128 814 3231 869 τοῦ
3269 814 3483 879 ἔθνους
3510 816 3828 883 ἡγήσεται,

2275 906 2373 960 καὶ
2399 908 2518 973 τοῖς
2548 908 2840 973 ἐναντίοις
2866 909 3442 975 ἁντιστρατεύσεται.
3472 908 3829 977 Λυπουμένου

2275 999 2320 1051 δ’
2375 1000 2475 1050 ἐπ“ι’
2508 1000 2719 1063 τούτοις
2763 999 2857 1053 τοῦ
2916 999 3207 1070 Σαμουὴλ,
3257 994 3378 1051 εἷπε
3454 998 3592 1067 πρὸς
3659 997 3829 1051 αὐτὸν

2274 1090 2303 1141 ὁ
2373 1091 2507 1151 Θεός
2542 1106 2578 1149 ο,
2647 1091 2728 1143 Οϋ
2805 1105 2880 1143 σε
2953 1089 3427 1156 ἐξουθενήκασιν
3502 1092 3535 1143 ό
3626 1089 3827 1155 λαὸς,
3900 1112 3903 1113 ν

2276 1182 2410 1235 ἀλλ’
2482 1179 2603 1249 ἐμέ’
2644 1181 2915 1235 ἄκουσον
2990 1182 3198 1235 τοίνυν
3268 1180 3466 1233 αὐτῶν
3490 1221 3505 1243 ,
3567 1181 3664 1233 καί
3760 1179 3835 1233 ὃν

2276 1272 2565 1336 ἀναδείεω
2600 1274 2722 1337 σοὶ,
2744 1275 2841 1339 είς
2870 1273 3131 1337 βασιλέα
3160 1273 3373 1340 χρῖσον
3402 1272 3621 1338 αὐτοῖς.
3656 1273 3833 1325 Συνα-

2278 1362 2496 1432 θροίσας
2520 1361 2575 1414 δὲ
2590 1362 2711 1423 τοὺς
2737 1360 3024 1431 Ἐϐραίους
3045 1363 3072 1412 6
3090 1359 3355 1429 Σαμουὴλ,
3381 1358 3634 1411 κατέθετο
3650 1375 3735 1427 χει
3744 1374 3831 1427 ρο-

2277 1456 2519 1524 τονήσειν
2561 1454 2742 1515 αὐτοῖς
2766 1432 2779 1450 l
2792 1452 3033 1521 βασιλέα.
3067 1453 3479 1522 Μιταμελήσειν
3506 1450 3563 1504 δὲ
3611 1449 3830 1518 προέφη

2277 1547 2478 1605 αὐτοῖς,
2510 1544 2603 1596 καὶ
2631 1544 2903 1598 αἰτεῖσθαι
2935 1546 3154 1613 μέλλειν
3182 1546 3335 1611 παρὰ
3371 1543 3504 1596 Θεοῦ
3534 1543 3639 1594 τῶν
3672 1541 3833 1607 βασι-

2277 1636 2411 1688 λέων
2434 1634 2772 1703 ἀπαλλαγήν.
2793 1635 2939 1687 Οἱδὲ
2969 1636 3243 1688 ἐνέκειντο
3269 1636 3489 1704 βασιλέα
3514 1632 3830 1701 ζητοῦντες,

2278 1726 2370 1779 καὶ
2402 1725 2583 1795 ἠξίουν
2613 1726 2797 1789 αὑτὸν,
2836 1728 2909 1795 μὴ
2940 1729 3246 1795 φροντίζειν
3282 1726 3389 1779 τῶν
3424 1727 3711 1794 ἐσομένων.
3770 1724 3831 1775 Ὁ

2278 1818 2334 1871 δὲ
2379 1818 2694 1887 Προφήτης,
2732 1820 2937 1871 Ἀπιτε
2971 1819 3107 1883 νῦν,
3153 1813 3325 1882 εἶπεν,
3369 1817 3514 1870 ὅταν
3556 1816 3623 1869 δὲ
3658 1813 3839 1884 μάθω

2277 1911 2411 1963 τίνα
2473 1910 2719 1965 δίδωσιν
2786 1910 2930 1978 ἡμῖν
2984 1914 3016 1965 ό
3073 1910 3217 1975 Θεὸς
3272 1908 3570 1975 βασιλέα,
3638 1925 3830 1977 μετα-

2276 2001 2579 2070 πέμψομαι
2635 2001 2811 2068 ὑμᾶς.
2858 2001 3021 2072 Ἀνὴρ
3069 2000 3124 2054 δέ
3161 2018 3245 2063 τις
3292 1999 3615 2071 Βενιαμίτης
3668 2000 3833 2068 (Κείς

2275 2094 2445 2163 ὄνομα
2478 2093 2556 2162 τῷ
2605 2093 2779 2163 ἀνδρὶ)
2819 2094 2981 2154 ὅνους,
3018 2092 3317 2157 ἀπολέσας,
3349 2091 3442 2144 τὸν
3486 2092 3631 2152 υἱὸν,
3663 2089 3722 2149 ὃς
3760 2085 3832 2158 ἦν

2276 2183 2426 2250 αὺτῷ
2459 2184 2628 2251 μέγας
2677 2200 2734 2234 τε
2767 2184 2859 2235 καὶ
2884 2184 3105 2253 ὡραῖος,
3139 2181 3474 2249 κεκλημένος
3512 2179 3707 2243 Σαοὺλ,
3743 2181 3829 2242 είς

2277 2276 2610 2344 ἀναζήτησιν
2626 2274 2732 2327 τῶν
2757 2274 2892 2327 ὄνων
2918 2274 3012 2326 σὺν
3035 2274 3113 2327 ἑνὶ
3132 2271 3238 2325 τῶν
3265 2268 3464 2325 δούλων
3486 2270 3833 2324 ἀπέστειλεν.

2288 2365 2347 2416 ’0
2376 2364 2432 2416 δὲ
2479 2362 2803 2432 περιελθὼν,
2838 2362 2932 2416 καὶ
2966 2361 3225 2431 ζητήσας,
3256 2362 3350 2415 καὶ
3408 2362 3479 2430 μὴ
3514 2358 3709 2430 εὑρὼν,
3750 2362 3834 2422 είς

2290 2452 2605 2523 Ἀρμαθαῒμ
2638 2454 2779 2522 πρὸς·
2820 2451 2912 2505 τὸν
2964 2451 3217 2521 Σαμουὴλ
3256 2450 3648 2518 παραγέγονεν,
3688 2451 3835 2518 ἐρω-

2279 2545 2455 2611 τήσων
2484 2544 2611 2613 περὶ
2636 2542 2743 2595 τῶν
2773 2542 2927 2595 ὄνων.
2958 2542 3119 2610 Δηλοῐ
3163 2539 3343 2593 τοίνυν
3392 2538 3472 2609 τῷ
3500 2538 3760 2609 Σαμουὴλ
3805 2540 3835 2591 6

2278 2630 2427 2693 Θεὸς,
2459 2629 2648 2683 τοῦτον
2687 2626 2828 2687 εἶναι
2857 2629 2915 2682 ὃν
2945 2629 3193 2698 βούλεται
3229 2627 3542 2696 βασιλεῦσαι
3574 2627 3667 2681 τοῦ
3694 2625 3832 2680 λαοῦ

2277 2725 2385 2779 τῶν
2424 2726 2714 2794 Ἐϐραίων.
2777 2724 3106 2794 Ἐρωτηθεὶς
3154 2720 3247 2777 οὖν
3295 2721 3562 2792 περὶτῶν
3610 2721 3754 2774 δνων
3801 2722 3834 2775 6

2280 2815 2549 2885 Σαμουὴλ,
2588 2815 2853 2868 σεσῶσθαι
2904 2810 3057 2867 εἶπεν
3101 2814 3288 2877 αὑτάς.
3328 2811 3433 2865 Καὶ
3472 2811 3687 2877 ξενίσας
3739 2809 3836 2864 τὸν

2279 2907 2470 2968 Σαοὺλ,
2502 2892 2856 2977 προέπεμψεν
2883 2906 3069 2959 ἔωθεν.
3110 2907 3217 2958 Καὶ
3259 2904 3363 2970 ἔξω
3390 2903 3484 2956 τοῦ
3511 2902 3701 2965 ἄστεος
3732 2904 3839 2956 σὺν

2280 2996 2426 3066 αὑτῷ
2459 2996 2765 3067 πορευθεὶς,
2801 2998 2958 3063 μόνον
2987 3013 3046 3047 τε
3083 2996 3188 3063 ἰδίᾳ
3220 2995 3311 3046 τὸν
3356 2993 3572 3046 νεανίαν
3618 2992 3834 3046 ἀπολαο

2281 3088 2425 3151 οων,
2480 3089 2657 3141 ἔλαιον
2718 3089 2972 3157 καταχέει
3025 3088 3125 3157 τῆς
3179 3088 3344 3141 αὐτοῦ
3407 3087 3669 3156 κεφαλῆς.
3717 3088 3834 3148 Καὶ

634 3163 803 3228 nerit,
861 3167 1183 3245 cu‘m'illius
1241 3170 1343 3226 loci
1398 3175 1677 3242 prephetis
1733 3178 2174 3237 vaticinaturum.

634 3253 843 3279 νυνι..
882 3260 1034 3279 ,ιξΑκη
1106 3278 1111 3279 ,
1198 3278 1201 3279 ,
1850 3271 1880 3279 ..-
1922 3273 1933 3279 -
2011 3275 2019 3279 -

2283 3178 2513 3252 φιλήσας
2542 3176 2724 3242 αὑτὸν,
2758 3177 3003 3244 Κέχρικέ
3029 3194 3100 3230 σε
3126 3179 3335 3243 Κύριος
3363 3176 3645 3244 ἄρχοντα,
3692 3175 3831 3246 ἔφη,

633 3253 848 3309 Mandat
878 3260 1063 3325 etiam,
1090 3278 1214 3316 cum
1243 3280 1274 3318 a
1313 3281 1370 3320 se
1397 3281 1727 3334 accersatur,
1757 3282 1814 3326 ut
1841 3271 2056 3341 Galgala
2086 3290 2178 3329 ve-

634 3347 766 3446 niat.
818 3348 947 3403 Post
992 3348 1195 3409 coacto.
1230 3359 1431 3426 populo
1483 3375 1685 3415 sortem
1735 3365 1949 3418 mittere
2009 3366 2183 3420 tribus

630 3436 891 3504 jussit,ut
912 3452 1211 3510 constaret,
1232 3448 1390 3516 cujus
1421 3448 1637 3504 futurus
1664 3462 1807 3506 esset
1837 3469 1953 3507 rex.
1972 3453 2183 3510 Cecidit

637 3536 818 3581 autem
866 3544 985 3586 sors
1037 3534 1091 3588 in
1141 3535 1587 3607 Benjamiticam,
1628 3541 1825 3596 deinde
1866 3543 1919 3596 in
1965 3554 2181 3613 gentem

637 3617 895 3674 Battarim
929 3639 1094 3693 aqua?
1123 3642 1247 3681 cum
1291 3631 1494 3684 viritim
1526 3632 1816 3687 sortiretur
1836 3674 1851 3699 ,
1885 3633 2033 3690 Sauli
2065 3652 2185 3692 sors

638 3706 879 3761 obvenit.
907 3712 1179 3775 Quaeritur
1210 3716 1320 3781 ille,
1362 3734 1463 3773 nec
1497 3720 1800 3776 invenitur.
1852 3722 2069 3779 Samuel
2103 3726 2187 3779 di-

640 3798 849 3855 vinitus
874 3798 1194 3860 monstratis
1226 3808 1343 3876 ejus
1373 3809 1625 3874 latebris,
1660 3813 1952 3867 adductum
1986 3813 2041 3868 in
2073 3830 2186 3869 me-

637 3890 730 3945 dio
780 3895 990 3949 statuit.
1039 3897 1169 3951 Erat
1208 3907 1387 3952 autem
1429 3914 1669 3969 procerae
1712 3912 1951 3966 statum,
2000 3914 2055 3957 et
2085 3903 2185 3958 bu-

638 3987 805 4041 meris
852 3988 1128 4043 eminebat
1177 4005 1339 4060 supra
1384 4008 1596 4049 omnes.
1638 3994 1775 4049 Tum
1820 3996 1885 4049 ad
1925 3997 2183 4065 papulum

637 4074 952 4145 Propheta:
997 4078 1170 4142 Hunc,
1210 4083 1407 4149 inquit,
1442 4100 1611 4155 regem
1651 4086 1791 4139 vobis
1832 4089 1981 4140 unxit
2010 4087 2188 4142 Domi—

639 4187 754 4233 nus,
790 4170 938 4241 cuius
972 4172 1109 4225 inter
1149 4189 1236 4227 vos
1278 4190 1455 4227 omnes
1481 4192 1584 4228 non
1614 4184 1689 4228 est
1714 4178 1915 4230 similis.
1946 4180 2189 4248 Populus

641 4264 1077 4333 gratulabundus
1125 4267 1435 4321 acclamat:
1481 4266 1628 4321 Vivat
1676 4285 1787 4326 rex.
1842 4270 2057 4324 Saulem
2112 4270 2189 4325 ita

640 4372 805 4426 regno
832 4360 1091 4427 potitum,
1121 4360 1272 4413 multi
1305 4360 1670 4414 observabant
1708 4368 1767 4415 ut
1802 4376 2003 4429 regem,
2030 4371 2084 4415 et
2132 4344 2192 4416 nt

640 4465 738 4518 par
781 4460 897 4505 erat
946 4453 1303 4509 honorabant.
1336 4454 1486 4508 Multi
1526 4455 1693 4529 etiam
1745 4453 2075 4521 spernebant
2129 4463 2187 4506 et

2281 3273 2378 3324 ἐπὶ
2416 3273 2521 3323 τὸν
2546 3271 2694 3333 λαὸν
2713 3270 2897 3324 αὐτοῦ
2939 3268 3204 3336 Ἰσραήλ.
3245 3269 3352 3322 Καὶ
3388 3271 3543 3322 ἔστω
3576 3268 3837 3335 σημεῖον

2278 3361 2385 3414 τοῦ
2404 3363 2748 3428 χρίσματος,
2763 3360 2825 3412 τὸ
2850 3358 3222 3427 συναντῆσαι
3242 3375 3341 3412 σοι
3362 3358 3494 3427 περὶ
3510 3357 3616 3411 τὸν
3638 3356 3837 3425 τὰςρον

2292 3451 2537 3518 Ῥαχὴλ,
2595 3450 2818 3517 ἄνδρας
2871 3449 2979 3503 δύο
3033 3450 3146 3518 τὴν
3204 3450 3447 3516 εὕρεσιν
3499 3447 3619 3502 τῶν
3675 3449 3837 3501 ὄνων

2279 3540 2833 3611 εὐαγγελιζομένους
2889 3558 3009 3596 σοι.
3056 3543 3163 3594 Καὶ
3211 3540 3350 3595 ἄλλα
3384 3541 3439 3593 δὲ
3486 3541 3686 3611 σημεῖα
3735 3539 3834 3611 τοῦ

2280 3635 2566 3703 ἀληθεύειν
2623 3630 2774 3686 εἶπεν
2841 3632 3009 3698 αὐτῷ,
3066 3632 3160 3685 καὶ
3209 3633 3291 3686 ὅτι
3346 3630 3711 3703 προφητεύσει
3775 3633 3836 3683 ιν

2282 3725 2501 3777 Γαϐαθᾶ
2548 3725 2786 3791 γεγονὼς
2827 3726 2964 3794 μετὰ
3020 3723 3129 3775 τῶν
3174 3722 3291 3774 ἐκεῖ
3343 3721 3665 3790 προφητῶν.
3715 3722 3834 3775 Καὶ

2283 3818 2433 3890 ἥξειν
2469 3822 2547 3883 εἰς
2590 3820 2841 3887 Γάλγαλα
2889 3819 3035 3888 αὐτῷ
3082 3816 3403 3877 ἐνετείλατο,
3430 3798 3611 3885 ⁸ήνίκα
3664 3830 3838 3883 μετα-

2286 3911 2508 3980 πεμφθῇ
2544 3910 2673 3979 παρ’
2706 3910 2888 3963 αὐτοῦ.
2920 3909 3246 3978 Συνήθροισε
3273 3907 3317 3959 δ’
3344 3906 3535 3959 ἔπειτα.
3562 3905 3653 3959 τὸν
3679 3903 3837 3970 λαὸν,

2285 4004 2379 4055 καὶ
2408 4002 2642 4071 κλήρους
2686 4000 2865 4071 βαλεῖν
2913 4000 3165 4071 ἐκέλευσε
3217 3998 3315 4060 τὰς
3364 3998 3556 4067 φυλὰς,
3597 3996 3663 4051 ἵν’
3695 3995 3837 4050 ἁνα-

2284 4093 2519 4163 δειχθείη
2550 4096 2613 4145 ὲκ
2641 4095 2796 4155 ποίας
2824 4095 2849 4146 6
2878 4092 3215 4164 βασιλεύσων
3233 4092 3434 4144 ἔσεται.
3472 4092 3706 4142 Ἔπεσεν
3741 4087 3838 4141 οὖν

2285 4183 2313 4233 6
2340 4181 2537 4251 κλῆρος
2569 4184 2646 4243 είς
2672 4184 2769 4251 τὴν
2799 4183 3167 4249 Βενιαμίτιδα,
3201 4179 3319 4233 εἶτα
3350 4181 3427 4241 είς
3460 4179 3560 4249 τὴν
3590 4177 3835 4247 πατριὰν

2288 4270 2543 4339 Βατταρί.
2590 4269 2726 4321 Κατ’
2759 4268 2923 4338 ἄνδρα
2952 4270 3008 4321 δὲ
3036 4270 3133 4338 τῆς
3164 4271 3399 4333 πατριᾶς
3438 4266 3836 4337 κληρωθείσης,

2289 4361 2367 4423 εἰς
2390 4358 2478 4411 τὸν
2499 4359 2670 4412 Σαοὺλ
2693 4359 2721 4409 6
2748 4360 2946 4427 κλῆρος
2985 4357 3261 4422 ἐξέπεσεν.
3300 4358 3389 4421 Ὠς
3420 4358 3475 4410 δὲ
3503 4357 3840 4425 ζητούμενος

2290 4449 2390 4501 οὐκ
2421 4443 2509 4519 ἦν,
2547 4450 2758 4518 μυεῖται
2790 4448 2818 4499 6
2867 4446 3115 4517 Σαμουὴλ
3167 4445 3317 4517 παρὰ
3366 4446 3461 4498 τοῦ
3513 4444 3647 4497 Θεοῦ
3697 4444 3838 4497 ὅπου

642 4541 964 4596 irridebant.
993 4544 1120 4599 Post
1158 4558 1397 4598 mensem
1435 4545 1576 4599 Naas
1619 4545 2051 4599 Ammaniturum
2088 4558 2183 4596 rex

2286 4537 2626 4609 ἐκέκρυπτο*
2683 4540 2774 4591 καὶ
2830 4539 3086 4608 ἀχθέντα,
3135 4535 3330 4607 ἔστησε
3394 4537 3576 4606 μέσον.
3612 4535 3721 4589 Καὶ
3766 4530 3840 4605 ἦν

641 4630 808 4686 Jaben
842 4621 1187 4688 Galaaditiete
1219 4633 1465 4695 obsidet,
1503 4650 1608 4687 non
1655 4635 1758 4688 alia
1787 4633 2099 4688 conditione
2124 4634 2189 4687 se

642 4730 775 4783 viris
806 4718 1025 4800 parcere
1072 4733 1211 4787 velle
1250 4730 1459 4791 dicens,
1508 4729 1613 4782 nisi
1662 4722 1910 4783 dextrum
1967 4730 2187 4784 oculum

643 4820 748 4873 sibi
784 4820 1014 4889 quisque
1051 4820 1359 4878 eruendum
1391 4818 1650 4873 traderet.
1696 4818 1777 4871 llli
1827 4828 2033 4885 septem
2069 4818 2190 4872 die-

645 4927 767 4964 rum
814 4912 1059 4966 inducias
1107 4923 1343 4981 petunt:
1382 4913 1449 4966 iis
1500 4909 1821 4978 impetratis,
1874 4908 2094 4962 nuntios
2136 4909 2189 4961 in

643 5003 1030 5058 Galaaditicam
1056 5004 1164 5073 60
1190 5005 1432 5057 mittunt.
1460 5004 1673 5058 Auditis
1713 5004 2033 5057 Ammanitae
2071 5016 2194 5054 ver-

649 5096 749 5157 bis,
783 5098 1013 5165 populus
1037 5096 1220 5164 luget:
1251 5092 1378 5147 Saul
1414 5109 1544 5146 vero
1576 5093 1779 5161 ingenti
1812 5093 1891 5146 ira
1929 5094 2189 5161 percitus,

647 5187 785 5239 duos
823 5188 987 5240 boves
1027 5186 1373 5241 membratim
1418 5185 1664 5238 concisos
1718 5184 1770 5237 in
1820 5200 2007 5238 omnes
2062 5185 2193 5238 lines

649 5277 1010 5332 lsraelitarum
1050 5280 1236 5342 mittit,
1283 5277 1666 5338 comminatus,
1698 5276 1889 5330 eodem
1942 5276 2102 5330 modo
2135 5291 2193 5330 se

650 5377 1002 5426 tractaturum
1033 5385 1145 5431 eos,
1175 5369 1265 5436 qui
1314 5368 1378 5422 ad
1414 5367 1809 5436 propulsandus
1856 5366 2195 5419 Ammanitas

652 5470 757 5514 nun
798 5460 1071 5514 adessent.
1117 5459 1394 5514 Concursu
1438 5458 1620 5529 populi
1657 5457 1815 5517 iacto.
1858 5472 2194 5524 numeroque

652 5551 809 5613 inito,
842 5552 1056 5605 inventa
1088 5558 1215 5603 sunt
1243 5549 1480 5603 virorum
1515 5550 1855 5618 septingenta
1891 5548 2058 5601 millia
2098 5564 2110 5598 :
2140 5555 2197 5598 et

654 5642 779 5694 Saul
827 5646 1050 5698 numine
1094 5645 1301 5697 alllalus
1351 5629 1613 5710 przedicit,
1660 5642 1881 5696 Jabinos
1936 5640 2194 5705 postridie

655 5737 767 5788 fore
810 5738 1002 5789 salvos.
1035 5736 1333 5803 Totamque
1368 5744 1580 5786 noctem
1621 5748 1742 5783 cum
1775 5731 2017 5783 exercitu
2071 5744 2193 5797 pro-

651 5828 847 5883 i'cctus,
877 5824 1019 5878 circa
1064 5827 1285 5882 primam
1317 5825 1551 5895 vigiliam
1601 5821 1665 5874 ad
1697 5819 2032 5873 Ammanitas
2065 5836 2192 5879 pcr-

2291 4630 2627 4700 ὑπερωμίας,
2662 4628 2771 4684 καῖ’
2794 4632 3006 4684 πάντων
3044 4630 3327 4698 ὑπερέχων
3383 4629 3521 4680 κατὰ
3567 4626 3667 4696 τὴν
3724 4626 3843 4696 ήλιο

2290 4723 2414 4774 κίαν
2445 4720 2540 4773 τοῦ
2568 4721 2842 4789 σώματος.
2892 4721 3002 4772 Καὶ
3051 4720 3188 4788 πρὸς
3218 4720 3277 4770 τδ
3317 4717 3517 4785 πλῆθος
3566 4716 3768 4787 ἔφησεν
3815 4720 3844 4771 6

2291 4810 2593 4879 προφήτης,
2638 4811 2856 4863 Τοῦτον
2901 4810 3142 4876 ἔχρισεν
3173 4807 3315 4875 ὑμῖν
3366 4810 3453 4873 είς
3492 4808 3760 4871 βασιλέα
3808 4810 3842 4862 ό

2292 4900 2521 4965 Κύριος,
2549 4893 2595 4965 ᾧ
2628 4902 2736 4953 οὐκ
2765 4900 2935 4953 ἔστιν
2971 4900 3170 4967 ὅμοιος
3196 4898 3264 4950 ἐν
3287 4896 3469 4975 πᾶσιν
3500 4895 3642 4963 ὑμῖν
3663 4911 3677 4926 ⁶
3721 4898 3751 4947 6
3780 4896 3839 4948 δὲ

2292 4989 2419 5053 λαὸς
2446 4992 2822 5059 ἐπευφήμησε,
2876 4991 2971 5043 καὶ
3025 4989 3195 5041 εἶπενο
3241 4986 3407 5052 Ζήτω
3434 4983 3491 5038 ’ό
3512 4986 3837 5049 βασιλεύς.

2296 5082 2449 5136 Οὕτω
2467 5084 2522 5135 δὲ
2552 5083 2628 5150 τῷ
2657 5079 2828 5136 Σαοὺλ
2852 5081 3249 5151 βασιλεύσαντι,
3280 5078 3461 5131 πολλοὶ
3493 5078 3591 5145 μὲν
3619 5080 3842 5145 προσεῖ-

2293 5172 2384 5245 χον
2412 5174 2485 5236 ὼς
2524 5174 2751 5242 βασιλεῖ,
2776 5177 2869 5226 καὶ
2896 5174 3033 5226 κατὰ
3058 5173 3116 5223 τὸ
3137 5171 3410 5241 προσῆκον
3433 5168 3627 5236 ἐτίμων
3650 5170 3835 5233 αὑτὸν,

2295 5266 2478 5318 ’πολλοὶ¹
2509 5267 2563 5317 δὲ
2607 5265 2967 5332 κατεφρόνουν
2999 5279 3055 5314 τε
3103 5268 3197 5313 καὶ
3233 5259 3543 5329 ἐχλεύαζον.
3592 5250 3839 5309 Μετὰ’δὲ

2298 5359 2460 5427 μῆνα,
2494 5356 2643 5417 Νὰας
2674 5358 2699 5406 6
2729 5354 2836 5405 τῶν
2875 5355 3225 5422 ’Λμμανιτῶν
3259 5353 3527 5419 βασιλεὺς,
3555 5349 3841 5414 στρατεύει

2296 5450 2385 5498 ἐπὶ
2416 5447 2606 5507 Ἰαεεὶς
2632 5446 2858 5508 Γαλαὰδ,
2896 5446 2967 5515 μὴ
2997 5446 3169 5507 ἄλλως
3203 5446 3377 5508 λέγων
3414 5440 3697 5507 φείσασθαι
3729 5441 3841 5492 τῶν

2296 5534 2521 5608 ἀνδρῶν,
2571 5540 2619 5589 εἰ
2668 5539 2948 5607 μηδῶσιν
3006 5540 3152 5604 αὐτῴ
3211 5536 3303 5587 τὸν
3352 5533 3582 5585 ἑκάστου
3637 5533 3840 5596 ἐξελεῖν

2297 5630 2463 5695 δεξιὸν
2521 5630 2813 5698 ὀφθαλμόν.
2875 5632 2935 5681 Οἱ
2988 5628 3043 5680 δὲ
3106 5629 3301 5694 ἀνοχὴν
3362 5625 3630 5694 ἐζήτησαν
3700 5623 3841 5674 ἑπτὰ

2298 5723 2553 5793 ἡμερῶν
2604 5723 2697 5773 καὶ
2756 5719 3044 5780 λαϐόντες,
3080 5716 3382 5785 πέμπουσιν
3440 5715 3702 5783 ἀγγέλους
3759 5713 3841 5775 είς

2301 5815 2530 5869 Γαλαάό.
2565 5814 2669 5863 Καὶ
2718 5809 3043 5872 ἀκούσαντες
3089 5810 3135 5862 οἱ
3171 5811 3283 5861 ἐκεῖ
3331 5810 3455 5869 τοὺς
3506 5807 3695 5873 λόγους
3742 5803 3838 5857 τοῦ
