4038 6320
215 427 290 489 Ιὲ9
1023 429 1034 440 ’
1403 427 1683 486 ΑΝΝΑῌ

1783 424 1807 482 1
1852 423 1997 481 LIB.
2047 423 2093 480 I.
2608 479 2612 489 ,
3242 423 3341 486 130

215 541 527 608 ’Λμμανίτου,
580 541 901 610 ἐθρήνησαν.
971 543 1028 594 Ὀ
1092 543 1146 595 δὲ
1205 544 1373 596 Σαοὺλ
1432 541 1683 610 ἐΟυμώΟη

1791 533 1938 587 venit
1969 550 1981 584 :
2018 547 2080 586 ac
2117 532 2380 584 trifariam
2428 531 2618 586 divisis
2657 532 2853 600 cupiis,
2892 532 3077 586 hostes
3104 534 3339 586 circum-

204 631 398 698 σφὸδραο
430 632 515 683 καὶ
544 629 720 681 λαϐὼν
748 631 838 682 δύο
870 633 1014 700 βόας,
1049 633 1295 700 ἐμέλισεν
1343 634 1558 695 αὐτοὺς,
1605 633 1683 684 καΊ

1795 625 1906 688 dat,
1962 624 2162 676 multos
2204 623 2382 686 cedit,
2425 623 2714 690 ipsumque
2752 638 2928 691 regem
2966 624 3151 677 Naam.
3195 626 3341 679 Reli-

1793 729 1932 782 quos
1980 713 2178 775 fundit,
2231 723 2284 766 et
2320 713 2671 781 impressione
2723 715 2774 765 in
2826 731 3012 768 eorum
3068 717 3340 784 regionem

1794 795 1954 865 facta,
1989 802 2278 870 opimaque
2307 802 2481 868 pra'da
2516 810 2664 868 parta
2687 840 2700 863 ,
2736 802 2961 855 illustris
3009 805 3224 856 domum
3257 821 3343 858 re-

1792 894 2046 954 vertitur,
2095 908 2268 961 neque
2303 894 2410 961 jam
2457 892 2788 958 contemptui
2823 892 3094 952 habetur,
3133 895 3224 947 sed
3272 895 3342 948 ob

1791 982 2168 1037 fortitudinem
2198 984 2521 1044 celebratur,
2550 992 2598 1035 et
2627 982 2922 1034 honoratur
2947 984 3014 1033 ab
3040 983 3106 1034 iis
3158 985 3341 1044 etiam.

1792 1087 1821 1124 a
1869 1074 2070 1141 quibus
2116 1074 2318 1126 dudum
2363 1073 2727 1126 subsannatus
2774 1073 2964 1124 fuerat.
3017 1075 3198 1141 Itaque
3244 1075 3342 1127 Sa-

1798 1168 1939 1218 muel
2001 1182 2194 1220 rursus
2239 1177 2566 1236 congregato
2621 1167 2858 1235 populo,
2894 1166 3106 1219 Saulem
3162 1167 3343 1220 denuo

1793 1272 1976 1325 regem
2008 1259 2327 1327 proclamat,
2378 1260 2575 1311 iterum
2620 1259 2902 1312 inunctum
2944 1259 3081 1310 oleo.
3115 1258 3203 1311 Sic
3243 1259 3345 1311 Ile-

1789 1348 2057 1401 brmorum
2097 1351 2402 1418 respublica
2432 1366 2498 1403 ex
2527 1333 2847 1419 optimatum
2897 1350 3125 1418 imperio
3156 1351 3208 1403 in
3257 1367 3346 1420 re-

1790 1454 1952 1508 gnum
1988 1451 2071 1494 est
2101 1451 2304 1494 mutata
2338 1459 2350 1493 :
2378 1458 2500 1495 nam
2533 1442 2633 1495 sub
2663 1442 2809 1496 Mose
2843 1453 2895 1495 et
2929 1442 3052 1495 Jcsu
3083 1443 3344 1507 parebant

1788 1531 2167 1598 Optimatibus,
2204 1544 2342 1600 post,
2377 1549 2471 1601 per
2499 1548 2670 1584 annos
2698 1534 3003 1586 octodecim
3030 1535 3341 1602 magistratu

1787 1631 2128 1686 caruerunt;
2172 1624 2368 1677 deinde
2413 1624 2514 1677 sub
2548 1624 2613 1677 iis
2645 1624 2814 1686 fuere,
2859 1625 2948 1690 qui
2980 1625 3202 1678 Judices
3248 1641 3340 1677 vo-

1787 1692 2088 1778 cabantur,
2133 1715 2465 1784 judiciorum
2515 1726 2570 1768 et
2618 1730 2798 1769 rerum
2845 1715 3089 1768 omnium
3129 1731 3340 1768 summa

1791 1805 1880 1856 uni
1918 1820 1987 1879 ex
2018 1805 2241 1874 Optimis
2268 1806 2556 1872 permissa.
3365 1865 3376 1879 ι

170 1891 400 1959 λαμπρῶς
455 1896 834 1961 ἐπανέζευξεν.
880 1897 1078 1950 Οὐκέτι
1130 1897 1260 1964 γοῦν
1306 1897 1480 1964 ἠδόξει
1527 1899 1676 1967 παρά
1714 1913 1875 1962 τισιν,
1944 1897 2056 1950 ἀλλ’
2106 1897 2192 1949 ἐπ’
2247 1897 2463 1966 ἀνδρείᾳ
2545 1896 2884 1966 διαϐεϐόητο,
2941 1899 3032 1950 καὶ
3084 1897 3342 1966 τετίμητο

168 1984 246 2033 καὶ
277 1987 374 2045 τοῖς
423 1986 610 2054 πρώην
668 1988 829 2038 αὐτὸν
882 1987 1219 2056 χλευάζουσι.
1279 1985 1606 2054 Συναγαγὼν
1639 1988 1694 2038 δὲ
1733 1972 1888 2050 αὖθιξ
1913 1988 1940 2038 ὁ
1963 1986 2212 2057 Σαμουὴλ
2240 1987 2330 2039 τὸν
2357 1987 2501 2050 λαὸν,
2525 1985 2605 2049 δὶς
2635 1986 2954 2054 ἀναγορεύει
3017 1987 3108 2038 τὸν
3172 1985 3341 2038 Σαοὺλ

166 2076 362 2143 βασιλέα
411 2081 599 2149 χρίσας
634 2081 710 2148 τῷ
749 2079 911 2150 ἐλαίῳ
951 2084 1041 2134 καὶ
1083 2083 1241 2135 πάλιν
1280 2083 1478 2136 αὐτόν.¹
1526 2083 1836 2135 Μετέπεσεν
1898 2081 1997 2135 οὖν
2054 2086 2086 2153 ἡ
2150 2084 2257 2136 τῶν
2295 2083 2556 2152 Ἐϐραίων
2590 2082 2830 2134 πολιτεία
2870 2084 2947 2146 εἷς
2982 2081 3255 2152 βασιλείαν
3284 2085 3341 2148 ἐξ

166 2173 578 2255 αριστοκρατείις
615 2190 628 2204 ’
686 2175 778 2227 ἐπ)⁸
838 2176 944 2246 γὰρ
998 2177 1274 2237 Μωῦσέως
1333 2179 1425 2228 καὶ
1499 2176 1670 2244 Ίησοῦ
1710 2178 2259 2248 ἀριστοκρατούμενοι
2313 2174 2490 2248 ἦσαν’
2575 2172 2693 2252 εἶτα
2749 2176 2835 2230 ἐπ’
2869 2177 2960 2246 ἐτη
3045 2178 3174 2228 δέκα
3243 2180 3340 2229 καὶ

163 2263 304 2328 ὀκτὼ,
335 2268 551 2335 ἄναρχοι
589 2266 892 2318 διετέλεσαν
916 2282 929 2296 ο
983 2269 1258 2320 εἰσέπειτα
1292 2269 1337 2320 δ’
1382 2268 1803 2340 ἧρχθησανηὺπὸ
1839 2268 1946 2321 τῶν
1991 2270 2338 2338 καλουμένων
2386 2267 2610 2339 κριτῶν,
2635 2329 2647 2337 _
2676 2268 2754 2338 τῷ
2821 2269 3027 2340 ἀρίστῳ
3100 2269 3342 2331 δικάζειν

195 721 462 772 ἀπέστειλεν
511 723 586 783 είς
639 722 746 772 πᾶν
784 722 929 789 ὃριον
989 721 1220 791 Ἰσραὴλ,
1265 722 1501 775 ἀπειλῶν
1555 720 1693 771 οὓτω

189 809 342 878 θήσειν
363 811 475 870 τοὺς
501 811 571 876 μὴ
601 811 741 862 κατὰ
768 810 874 862 τῶν
904 811 1248 878 Ἀμμανιτῶν
1275 807 1691 878 συνεκστρατεύ-

185 917 354 960 σαντας
381 899 542 968 αὐτῷ.
566 901 967 970 Συνδραμόντος
995 902 1051 952 δέ
1084 903 1174 953 τοῦ
1201 901 1350 963 λαοῦ,
1389 903 1693 969 ἠρίθμησεν

179 992 365 1050 αὐτοὺς,
394 993 484 1043 καὶ
518 985 640 1059 εὗρε
676 993 940 1059 μυριάδας
983 992 1373 1060 ἐϐδομήκοντα.
1426 994 1532 1044 Καὶ
1561 993 1693 1061 ἐφήο

178 1083 286 1133 λατο
321 1082 526 1150 πνεῦμα
561 1085 761 1152 Κυρίου
797 1087 888 1135 ἐπὶ
920 1085 1110 1146 Σαοὺλ,
1143 1085 1234 1136 καὶ
1263 1085 1690 1153 προεφήτευσεν,

177 1171 320 1224 εἰπὼν
351 1171 421 1232 ὡς
448 1172 632 1241 αὔριον
662 1176 812 1225 ἔσται
844 1177 954 1236 τοῖς
997 1176 1249 1244 ἀνδράσιν
1295 1174 1481 1236 Ίαόεὶς
1518 1192 1691 1243 σωτη-

179 1265 269 1331 ρία.
317 1266 417 1316 Καὶ
465 1265 700 1327 ἀναστὰς
748 1265 1012 1332 ἐπορεύθη
1060 1267 1216 1326 αὑτός
1266 1281 1323 1317 τε
1383 1269 1472 1317 καὶ
1511 1264 1691 1327 ὸλαὸς

173 1351 231 1402 δι’
265 1353 378 1419 ὅλης
411 1352 508 1419 τῆς
535 1354 746 1414 νυκτός.
781 1355 885 1405 Καὶ
918 1356 1041 1422 περὶ
1075 1353 1167 1422 τὴν
1191 1351 1412 1422 πρώτην
1441 1352 1686 1420 φυλακὴν

181 1441 343 1508 ἐπῆλθε
388 1445 518 1514 *τοῖς
589 1444 984 1510 Ἀμμανίταις,
1047 1446 1203 1514 τριχῇ
1265 1445 1324 1494 τὸ
1377 1445 1689 1511 στράτευμα

177 1532 350 1586 διελών.
404 1536 508 1585 Καὶ
565 1536 982 1602 κυκλωσάμενος
1041 1534 1257 1597 αὐτοὺς,
1318 1533 1542 1595 πολλοὺς
1592 1532 1688 1601 μὲν

175 1623 450 1684 ἀπέκτεινε,
479 1627 586 1675 -καὶ
620 1625 780 1676 αὑτὸν
823 1625 911 1676 τὸν
964 1622 1185 1691 βασιλέα
1223 1624 1372 1685 Nisa;
1401 1641 1414 1656 ν
1463 1625 1586 1684 τοὺς
1633 1623 1688 1674 δὲ

175 1713 573 1783 περισωθένταὴ
609 1715 872 1784 ἐτρέψατο
903 1717 976 1776 εί,
996 1714 1188 1783 φυγὴν,
1224 1715 1316 1768 καὶ
1345 1716 1422 1776 εἰς
1450 1715 1547 1783 τὴν
1581 1713 1684 1782 χώ-

173 1817 256 1868 ραν
301 1803 468 1853 αὐτῶν
517 1803 790 1871 ἐμϐαλὼν,
846 1805 938 1856 καὶ
995 1803 1252 1874 τλείστην
1283 1803 1428 1855 λείαν
1484 1804 1684 1868 λαὸὼν,

167 2361 276 2427 περὶ
303 2360 401 2410 τῶν
425 2361 558 2412 ὅλων
590 2363 683 2412 καὶ
711 2363 1013 2428 οίκονομείν
1041 2364 1449 2434 ἐπιτρέποντες.

224 2453 340 2503 KH’.
397 2453 497 2504 Τοῦ
559 2454 614 2504 δὲ
666 2455 919 2525 Σαμουὴλ
976 2456 1355 2526 ἐξορκίσαντος
1408 2458 1496 2511 τὸν
1551 2457 1683 2511 λαὸν

1861 2451 2095 2508 XXVIII.
2147 2453 2394 2507 Samuele
2457 2469 2621 2522 porro
2677 2463 3019 2508 sacramento
3074 2455 3335 2524 populmu

163 2543 335 2608 είπείν,
366 2543 417 2593 εἴ
442 2560 492 2595 τι
543 2543 726 2596 ἄδικον
784 2547 1077 2615 εἰργάσατο
1122 2552 1198 2610 είς
1234 2551 1451 2614 αὐτοὺς,
1483 2552 1682 2614 πάντες

162 2629 358 2694 δικαίως
413 2632 570 2684 αὑτὸν
622 2636 714 2686 καὶ
766 2635 940 2698 καλὼς
994 2637 1289 2708 προστῆναι
1346 2638 1440 2691 τοῦ
1495 2639 1682 2702 ἔθνους

165 2722 390 2792 ἐδάησαν.
429 2724 486 2778 Ὀ
529 2725 584 2778 δὲ
624 2729 803 2788 αὐτοῖς
855 2726 1407 2798 ἀπεκρίνατοίἽστε
1449 2732 1527 2797 ὡς
1575 2748 1677 2800 με-

165 2816 296 2882 γάλα
318 2818 700 2887 ἡμαρτήκατε,
728 2821 992 2883 ,ϐασιλέα
1015 2823 1248 2889 ἑαυτοῖς
1271 2824 1676 2894 αἰτησάμενοι,

164 2905 263 2956 κάκ
315 2909 518 2962 τούτου
569 2913 981 2979 παρωργίσατε
1015 2915 1117 2965 τὸν
1149 2915 1314 2968 Θεόν.
1358 2917 1569 2969 Ἔσται
1612 2916 1681 2968 δὲ

170 2994 316 3047 τοῦτο
347 2999 594 3065 σημεῖον
617 3001 777 3067 ὑμῖν,
807 3003 871 3055 τὸ
899 3002 1106 3069 θέρους
1139 3005 1208 3056 ἐν
1238 3004 1396 3072 ἀκμῇ
1425 3005 1680 3074 χειμῶνα

165 3086 515 3151 γενήσεσθαι.
545 3093 652 3142 Καὶ
679 3094 818 3146 κατὰ
848 3093 937 3145 τὸν
971 3096 1246 3166 προφήτου
1277 3096 1432 3163 λόγον
1461 3096 1680 3167 βρονταὶ

164 3176 249 3227 καὶ
272 3179 529 3247 ἀστραπαὶ
564 3181 842 3248 γεγόνασι,
875 3185 1177 3255 κατηνέχθη
1206 3202 1265 3237 τε
1317 3186 1550 3255 χάλαζα,
1602 3187 1678 3250 ὡς

164 3265 265 3328 δέος
305 3270 561 3336 ἐμπεσεῖν
603 3272 678 3342 τῷ
715 3272 846 3342 λαῷ,
883 3275 976 3327 καὶ
1005 3276 1266 3328 ἱκετεύειν
1309 3278 1397 3330 τὸν
1428 3278 1677 3348 Σαμουὴλ

169 3354 458 3411 ἱλεώσασθαι
511 3361 602 3412 τὸν
629 3363 781 3415 ¹Θεὸν
830 3366 1011 3427 αὐτοῖς
1061 3367 1425 3436 ἀμαρτήσασι.
1471 3369 1589 3420 Τῶν
1621 3369 1676 3421 δέ

165 3444 501 3500 Παλαιστινῶν
531 3451 655 3511 τοὺς
695 3453 976 3521 Ἐϐραίους
1026 3459 1525 3525 καταστρεφόντων,
1582 3457 1676 3509 καὶ

161 3535 220 3586 τὰ
245 3535 368 3589 ὅπλα
405 3540 552 3607 σφῶν
587 3543 1019 3613 ἀφαιρουμένων,
1056 3547 1254 3615 σιδήρῳ
1285 3564 1342 3599 τε
1375 3547 1673 3617 κεχρῆσθαι

161 3624 602 3696 ἀπαγορευόντων,
635 3635 661 3682 ὀ
697 3632 867 3684 Σαοὺλ
898 3635 976 3695 είς
1009 3635 1257 3701 Γάλγαλα
1291 3638 1555 3700 καταϐὰς,
1589 3637 1673 3687 ἐπ’

159 3715 416 3790 ἐλευθερίᾳ
439 3721 527 3772 τὸν
557 3723 680 3775 λαὸν
729 3725 868 3776 κατᾶ
904 3726 1009 3778 τών
1069 3725 1434 3780 Παλαιστινῶν
1462 3728 1684 3782 ιιίδιανα-,

165 3807 334 3874 στῆναι
380 3789 644 3879 ἠρέθιζεν,
687 3815 738 3866 oi
772 3814 818 3866 δ’
851 3817 1180 3885 ηὐλαόοῦντο
1223 3819 1311 3872 διὰ
1359 3818 1422 3872 τὸ
1475 3789 1745 3890 πλῆθοςϐ

161 3897 256 3946 τῶν
294 3900 536 3953 ἐναντίων
593 3902 653 3954 ’0
681 3903 739 3956 δὲ
788 3904 1037 3972 βασιλεὺς
1084 3912 1172 3959 τὸν
1205 3908 1457 3977 Σαμουὴλ
1489 3910 1675 3962 ἐκάλει

163 3987 282 4054 πρὸς
312 3990 512 4054 ἐαυτδν,
545 3995 638 4043 καὶ
667 3995 725 4056 ὃς
772 3995 893 4062 μεθ’
926 3998 1138 4065 ἡμέρας
1169 3997 1228 4059 ἐξ
1277 3997 1676 4064 παραγενέσθαι

147 4075 432 4145 ὑπέσχετο,
493 4083 674 4134 θύσειν
729 4102 786 4135 τε
841 4088 905 4155 τῇ
957 4069 1177 4158 ἐϐδόμῃ,
1245 4087 1310 4138 ἵν’
1369 4086 1508 4139 οὕτω
1565 4091 1678 4151 τοῖς

159 4168 452 4235 ἀλλοφύλοις
519 4174 878 4242 συμμίξωσιν.
943 4177 999 4226 '0
1056 4178 1114 4228 δέ
1175 4194 1237 4244 γε
1303 4179 1474 4230 Σαοὺλ
1538 4179 1677 4249 ὁρῶν

159 4260 238 4309 τὸν
267 4262 381 4324 λαὸν
436 4266 770 4337 ὑπορρέοντα
816 4269 909 4320 καὶ
970 4269 1444 4338 καταλιμπάνοντα
1497 4271 1678 4335 αὑτὸν,

159 4351 350 4408 ἔθυσεν.
407 4357 668 4432 Ἀκούσας
689 4359 743 4411 δέ
768 4360 889 4432 ἄρτι
937 4363 1226 4431 προσίοντα
1258 4365 1347 4416 τὸν
1404 4363 1676 4432 Σαμουὴλ,

161 4436 330 4513 ἐξῆλθε
353 4429 693 4517 συναντήσοιν
720 4429 886 4518 αὐτῷ.
915 4429 1066 4517 Ὀ-δέ,
1099 4453 1158 4505 Τί
1177 4453 1349 4507 τοῦτο
1369 4429 1679 4520 ἐποίησας,

159 4533 270 4603 ἔψη.
307 4537 566 4602 παραϐάς
602 4532 721 4604 μου
770 4541 884 4605 τὴν
932 4540 1229 4606 ἐντολήν;
1270 4545 1423 4596 "Iade
1455 4544 1679 4602 τοίνυν,

159 4624 228 4693 ὡς
257 4628 323 4677 οὐ
359 4627 950 4696 συσταθήσεταίδσου
985 4632 1022 4696 ἡ
1053 4632 1363 4694 βασιλεία,
1399 4632 1553 4701 άλλᾴ
1591 4630 1682 4697 (Ir

159 4713 314 4777 τήσει
337 4719 540 4784 Κύριος
569 4717 880 4784 ἄνθρωπον
905 4721 1052 4772 κατὰ
1080 4719 1190 4787 τὴν
1209 4721 1456 4788 καρδίαν
1475 4722 1680 4774 αὑτοῦ.

159 4805 255 4854 Καὶ
288 4805 620 4877 ἀνεχώρησεν
655 4809 921 4877 Σαμουήλ.
949 4807 1118 4862 Σαοὺλ
1147 4811 1203 4864 δὲ
1235 4811 1329 4862 καὶ
1372 4810 1622 4864 Ἰωνάθαν
1655 4815 1682 4862 ὁ

159 4898 259 4956 υἱὸς
297 4899 452 4950 αὑτοῦ
481 4895 614 4970 ἧκεν
645 4901 720 4960 εἰς
751 4899 939 4952 Γαϐαὼ
962 4940 974 4962 ,
1017 4900 1111 4952 σὺν
1154 4901 1506 4968 στρατιώταις
1559 4903 1686 4968 ἐξα-

159 4988 360 5046 κοσίοις,
389 4989 480 5052 Ei;
507 4989 632 5060 τρία
663 4991 719 5042 δὲ
750 4990 1104 5060 διαιρεθέντες
1132 4993 1178 5044 oi
1225 4993 1532 5059 ἀλλόφυλοι,
1587 4994 1684 5062 τὴν

1784 2545 2056 2615 adigente,
2097 2554 2155 2597 ut
2183 2544 2451 2609 dicerent,
2478 2560 2606 2597 ntun
2639 2559 2743 2614 qua
2791 2545 2988 2616 injuria
3034 2546 3158 2600 illos
3202 2545 3339 2600 aﬂ‘e-

1782 2640 1946 2694 cisset
1992 2652 2007 2691 :
2058 2639 2434 2692 exclamarunt
2489 2654 2699 2702 omnes,
2758 2654 2880 2691 eum
2925 2640 3071 2708 juste
3102 2651 3158 2693 et
3199 2640 3338 2695 bene

1785 2734 1930 2801 genti
1963 2731 2263 2800 praefuisse.
2299 2716 2438 2784 Tum
2469 2731 2558 2784 ille
2585 2746 2599 2781 :
2632 2730 2840 2793 Scitote,
2870 2729 3074 2798 inquit,
3107 2748 3191 2784 vos
3223 2747 3338 2802 rege

1782 2827 2074 2895 ﬂagitando
2145 2827 2374 2895 graviter
2427 2824 2724 2893 deliquisse,
2785 2839 2947 2890 eaque
2995 2840 3048 2876 re
3103 2825 3337 2878 irritasse

1780 2917 1950 2969 Deum
1977 2931 1996 2968 :
2031 2917 2176 2983 cujus
2216 2915 2348 2967 illud
2386 2914 2521 2966 vobis
2558 2917 2764 2982 signum
2810 2915 2928 2976 erit,
2975 2914 3113 2982 quod
3147 2915 3333 2968 adulta

1783 3018 1963 3063 testate
2010 3017 2285 3074 tempestas
2332 3007 2549 3058 orietur.
2598 3005 2707 3058 Nec
2751 3019 2902 3057 mora
2930 3045 2944 3070 ,
3003 3005 3240 3061 tonitrua
3280 3016 3335 3060 et

1778 3103 2010 3174 fulgura,
2044 3111 2104 3155 ut
2133 3101 2406 3169 Pr0pbeta
2443 3099 2672 3161 dixerat,
2698 3106 3018 3166 eruperunt,
3053 3104 3106 3150 et
3132 3099 3335 3166 grando
3411 3171 3415 3182 1

1779 3194 1957 3248 delata
1980 3202 2084 3256 est,
2115 3203 2172 3245 ut
2208 3193 2438 3260 populus
2464 3187 2882 3258 perterrefactus
2906 3187 3214 3241 Samuelem
3244 3203 3332 3240 ro-

1779 3293 1930 3354 garet
1963 3293 2021 3337 ut
2051 3284 2157 3336 sibi
2187 3282 2507 3335 delictorum
2539 3294 2569 3331 a
2595 3280 2706 3332 Deo
2738 3279 2946 3330 veniam
2990 3279 3324 3346 impetraret.

1777 3376 1912 3429 Cum
1959 3384 2140 3428 autem
2185 3372 2452 3426 Palmstini
2487 3369 2739 3423 Hebraeos
2782 3368 3126 3436 subigerent,
3168 3368 3332 3420 armis

1777 3464 2046 3532 ademptis
2097 3473 2152 3516 et
2217 3479 2316 3515 usu
2368 3461 2498 3514 ferri
2560 3462 2869 3520 interdicto,
2928 3458 3054 3513 Saul
3115 3457 3333 3528 Galgala

1776 3553 2076 3614 descendit.
2112 3557 2368 3622 populum
2401 3563 2457 3605 ut
2487 3552 2551 3604 ad
2590 3550 2966 3603 vindicandam
3014 3556 3203 3603 contra
3234 3549 3334 3602 Pa-

1777 3646 2014 3700 laestinos
2044 3646 2345 3699 libertatem
2369 3649 2680 3710 exsurgeret
2704 3641 3042 3696 cohortatus.
3072 3640 3181 3694 Illis
3207 3656 3336 3694 vero

1777 3737 2178 3791 multitudinem
2201 3734 2438 3788 hostium
2465 3732 2966 3796 reformidantibus,
2987 3747 3080 3784 rex
3107 3731 3334 3783 Samue-

1778 3810 1882 3884 lem
1912 3829 1978 3883 ad
2009 3845 2067 3883 se
2093 3837 2270 3882 vocat.
2310 3827 2358 3880 Is
2388 3820 2629 3893 post—sex
2666 3825 2782 3878 dies
2809 3832 3094 3877 venturum
3118 3820 3326 3874 consti-

1782 3922 1904 3983 tuit,
1964 3931 2020 3974 ut
2066 3922 2154 3974 die
2203 3919 2435 3987 septimo
2483 3932 2540 3969 re
2580 3916 2762 3968 divina
2818 3915 2954 3966 facta
3001 3927 3122 3964 cum
3154 3911 3325 3963 busti-

1779 4013 1880 4065 bus
1909 4012 2218 4078 conﬂigant.
2253 4008 2319 4061 At
2341 4008 2468 4061 Saul
2504 4020 2626 4058 cum
2658 4006 2872 4058 vide:et
2903 4003 3157 4071 populum
3188 4003 3324 4055 clam

1781 4104 1951 4168 abire,
1986 4116 2149 4169 seque
2185 4097 2401 4160 deseri,
2435 4096 2717 4158 immolat:
2745 4105 2801 4147 et
2837 4093 3022 4146 audito
3059 4092 3329 4145 Samuelis

1748 4195 1883 4263 '61
1919 4207 2164 4254 accessu,
2209 4190 2425 4243 obviam
2465 4186 2928 4256 progreditur.lbi
2956 4196 3103 4239 vates
3134 4202 3146 4238 :
3178 4186 3334 4251 Quid,

1783 4283 1999 4350 inquit,
2031 4281 2168 4334 istud
2200 4281 2368 4348 egisti,
2411 4265 2619 4331 uio-latis
2657 4277 2921 4344 prwceptis
2982 4278 3104 4327 meis
3130 4277 3154 4326 ?
3194 4277 3332 4330 Scito

1781 4376 1943 4443 igitur
1979 4391 2079 4425 non
2128 4365 2313 4424 stabile
2355 4370 2464 4437 fore
2514 4381 2729 4434 regnum
2778 4375 2923 4417 tuum
2970 4381 2987 4419 .'
3036 4366 3125 4418 sed
3157 4373 3335 4436 quaesi-

1782 4467 1966 4510 turum.
1985 4445 2272 4509 esseDeum
2295 4455 2548 4507 hominem
2561 4469 2624 4505 ea:
2648 4455 2810 4506 animi
2837 4458 2916 4505 sui
2945 4458 3225 4508 sententia.
3260 4457 3335 4510 Ita

1781 4548 2032 4599 discessit
2061 4545 2302 4599 Samuel.
2335 4545 2462 4600 Saul
2497 4559 2624 4598 vero
2662 4554 2716 4597 et
2745 4544 3006 4598 .‘onathas
3034 4547 3172 4598 filius
3218 4548 3336 4613 ejus

1781 4653 1905 4690 cum
1987 4638 2255 4692 sexcentis
2333 4638 2600 4692 militibus
2677 4637 2987 4691 Gabaonem
3103 4637 3330 4704 profecti

1782 4735 1931 4781 sunt.
1963 4728 2296 4797 Alienigena:
2347 4737 2527 4780 autem
2577 4727 2750 4793 copiis
2785 4718 3073 4777 'trifariam
3126 4727 3332 4789 divisis,

1783 4835 1941 4889 agros
1989 4820 2352 4872 Israelitarum
2401 4817 2824 4885 populabantur.
2877 4818 2932 4870 ῘιΙ
2985 4819 3133 4878 Saul,
3168 4819 3335 4871 Jona-

1791 4912 1911 4963 thas
1945 4922 2000 4962 et
2057 4908 2222 4962 Achia
2269 4909 2522 4963 sacerdos
2559 4923 2624 4963 ex
2669 4911 2780 4962 alto
2825 4909 3244 4976 conspicientes,
3281 4919 3336 4962 et

1786 5000 1855 5052 ob
1884 4999 2211 5066 paucitatem
2239 4999 2303 5053 ad
2335 5015 2492 5068 opem
2522 4999 2802 5054 ferendam
2849 5001 3102 5066 impares,
3139 4999 3334 5053 animis

160 5079 326 5148 χώραν
375 5081 482 5132 τών
553 5081 895 5148 Ἰσραηλιτῶν
946 5079 1236 5149 ἐληΐζοντο.
1275 5083 1445 5134 Σαοὺλ
1493 5083 1550 5135 δὲ
1587 5083 1679 5134 καὶ

1788 5089 2147 5158 angebantur.
2193 5091 2261 5142 At
2310 5090 2590 5153 Jonatbas,
2623 5099 2774 5159 patre
2829 5083 3160 5150 inconsulto,
3209 5104 3330 5141 cum

171 5168 404 5222 Ἰωνάθαν
437 5174 528 5223 καὶ
572 5171 724 5238 Ἃχια
752 5175 778 5223 ὁ
816 5173 1098 5241 ἀρχιερεὺς
1127 5173 1217 5239 ἀφ’
1256 5173 1418 5240 ὕψους
1451 5172 1680 5241 ὁρῶντες

157 5262 216 5312 τὰ
234 5260 493 5330 δρώμενα,
524 5265 616 5315 καί
644 5262 846 5329 ἀμῦναι
874 5263 938 5315 δι’
971 5265 1305 5332 ὀλιγανδρίαν
1349 5266 1422 5333 μὴ
1469 5263 1682 5314 σθένον-

159 5369 258 5414 τες,
281 5352 516 5421 ήχθοντο.
551 5354 611 5405 ⁸0
636 5353 692 5404 δὲ
737 5354 987 5406 Ἰωνάθαν
1017 5355 1176 5424 μηδὲν
1203 5353 1369 5405 εἰπὼν
1391 5355 1467 5423 τῷ
1494 5355 1680 5424 πατρὶ,

161 5445 386 5506 καταῦἁς
417 5449 524 5501 ἀπὸ
555 5446 650 5498 τοῦ
700 5445 885 5516 βουνοῦ
937 5447 1032 5497 σὺν
1077 5448 1220 5515 μόνῳ
1275 5445 1350 5513 τῷ
1403 5446 1682 5515 ὁπλοφόρῳ

161 5533 329 5596 αὑτοῦ,
385 5536 875 5605 Προσδάλλωμεν,
925 5535 1047 5605 ἔφη,
1079 5537 1151 5602 τῇ
1179 5536 1294 5588 τῶν
1321 5537 1682 5603 ἀλλοφύλων

163 5625 483 5691 παρεμῦολῇ
507 5641 520 5655 ο
553 5626 649 5679 καὶ
679 5628 729 5678 εί
744 5626 859 5696 μὲν
877 5626 1123 5679 εἴπωσιν
1144 5627 1303 5692 ἡμῖν,
1342 5627 1680 5691 Ἀπόστητε,

162 5717 256 5768 οὐκ
271 5716 676 5785 ἀναϐησόμεθα
691 5718 836 5784 πρὸς
855 5718 1070 5784 αὐτούς
1089 5719 1156 5770 ἐἰ
1175 5715 1224 5767 δ’
1251 5717 1521 5783 Ἀνάϐητε
1534 5719 1680 5784 πρὸς

164 5807 325 5875 ἡμᾶς,
354 5806 640 5878 φήσουσι,
681 5811 953 5880 σύνθημα
980 5813 1149 5878 νίκης
1177 5811 1280 5866 τὸν
1303 5811 1485 5879 λόγον
1522 5827 1681 5879 νομι-

1787 5180 1904 5232 solo
1953 5178 2225 5246 armigero
2261 5179 2327 5231 de
2354 5179 2490 5232 colle
2521 5175 2859 5231 descendens
2893 5189 2905 5223 :
2951 5173 3333 5242 Aggrediamur

1775 5272 1974 5339 inquit.
2006 5280 2180 5322 castra
2213 5271 2438 5322 hostium
2468 5286 2484 5320 :
2509 5270 2594 5338 qui
2621 5270 2665 5320 si
2691 5267 2832 5318 nobis
2855 5266 3074 5316 dixerint
3105 5280 3121 5316 :
3153 5264 3355 5316 Discat

1778 5362 1903 5425 dite,
1939 5377 2039 5413 non
2085 5363 2420 5413 ascendemus
2454 5361 2520 5412 ad
2569 5374 2676 5411 eos.
2729 5355 2821 5409 Sin
2856 5356 3130 5408 ascendere
3161 5355 3332 5420 jusse-

1777 5453 1902 5514 rint,
1938 5466 1996 5503 ea
2030 5452 2181 5504 verba
2209 5451 2435 5502 victoriae
2460 5459 2648 5501 tessera
2676 5448 2909 5500 habenda
2945 5453 3113 5498 erunt.
3145 5443 3332 5511 Itaque

1777 5549 1844 5597 ad
1897 5553 2073 5597 castra
2107 5543 2340 5594 hostium
2385 5540 2577 5594 fertur.
2617 5540 2695 5593 Illi
2732 5557 2744 5591 :
2798 5537 3061 5591 Ascendite
3102 5533 3171 5585 ad
3217 5550 3328 5594 nos.

1786 5631 2059 5700 inquiunt,
2092 5640 2165 5683 est
2195 5630 2330 5682 enim
2371 5631 2507 5698 quod
2547 5632 2801 5684 vobiscum
2834 5627 3210 5694 colloquamur.
3257 5624 3331 5677 Ea

1787 5736 1889 5772 vox
1927 5720 2166 5777 animum
2207 5720 2356 5772 auxit
2382 5720 2648 5781 Jonathre,
2681 5728 2844 5786 atque
2888 5717 3008 5769 inde
3057 5715 3332 5784 digressus

1789 5812 2007 5868 aliunde
2032 5827 2155 5868 cum
2186 5827 2287 5868 suo
2312 5814 2508 5868 comite
2539 5811 2763 5871 arrepit.
2789 5811 2972 5866 hostes
3004 5807 3333 5863 dormientes
