4038 6320
636 375 728 439 131

1921 363 2238 424 JOANNIS
2276 364 2588 424 ZONAR/E

3744 361 3845 426 132

634 483 842 538 invadit
872 498 888 548 ;
919 496 981 536 ac
1018 480 1173 536 caasis
1197 459 1510 546 aii-viginti,
1551 474 1766 530 caeteris
1803 461 2069 528 terrorem
2101 475 2184 528 in-

2285 477 2464 530 στέον
2497 475 2659 544 ἡμῖν.
2719 476 2827 528 Καὶ
2873 474 3137 545 ὥρμησαν
3190 473 3280 526 ἐπὶ
3323 474 3381 528 τὺ
3431 473 3540 529 τῶν
3562 474 3844 545 πολεμίων

634 565 895 638 ειιιίιιιιιμ
924 583 982 628 ιιι
1037 570 1338 642 perturbati
1383 578 1438 623 et
1487 567 1760 638 fugientes
1809 566 1901 620 alii
1946 566 2014 619 ab
2061 565 2184 621 aliis

633 666 943 719 interirent.
974 662 1101 715 Sani
1131 669 1304 714 castra
1348 657 1588 712 hostium
1621 655 1935 725 perturbata
1967 654 2180 718 videns,

631 766 686 809 et
717 755 812 808 ﬁlii
843 764 1004 821 atque
1048 750 1301 818 armigeri
1340 749 1487 802 illius
1512 747 1762 802 absentia
1792 745 2031 814 cognita,
2078 744 2183 798 im-

633 855 816 914 petum
839 855 894 898 et
921 845 1033 912 ipsc
1063 844 1118 895 in
1148 841 1334 894 hostes
1384 837 1726 908 perturbatos
1753 836 1900 892 facit.
1927 836 2062 889 Tum
2089 836 2182 904 qui

633 933 837 986 dudum
882 947 993 1000 pra:
1040 941 1186 983 metu
1222 944 1278 983 se
1307 927 1664 990 occultarent,
1709 925 1944 994 receptis
1988 924 2182 979 animis

635 1037 758 1076 cum
814 1037 939 1090 rege
1009 1035 1065 1073 se
1122 1019 1482 1088 conjungunt,
1530 1017 1716 1070 hostes
1755 1024 2180 1085 persequuntur,

638 1113 871 1167 caedunt.
901 1111 1029 1164 Saul
1076 1110 1222 1163 diras
1263 1110 1597 1177 imprecatur
1624 1108 1756 1169 suis,
1791 1107 1836 1160 si
1876 1106 2001 1174 quis
2053 1113 2180 1160 ante

637 1211 870 1264 noctem,
907 1203 1050 1256 caede
1077 1202 1317 1256 hostium
1349 1199 1682 1262 intermissa,
1715 1199 1893 1252 cibum
1917 1207 2180 1267 gustaret.

637 1296 781 1349 Inter
817 1292 1277 1364 persequendum.
1334 1291 1594 1344 Jonatbas
1645 1289 2042 1342 exsecrationis
2085 1304 2181 1357 pa-

639 1395 801 1440 ternae
826 1385 1066 1454 ignarus,
1105 1397 1230 1437 cum
1255 1381 1511 1434 insdvam
1539 1376 1683 1435 esset
1712 1390 1956 1441 ventum,
1986 1379 2039 1432 in
2075 1394 2180 1447 qua

637 1476 900 1544 apiarium
930 1481 1069 1527 erat.
1098 1473 1274 1527 favum
1304 1471 1557 1525 comedit.
1590 1470 1714 1524 Saul
1739 1482 1918 1523 castra
1943 1470 2176 1524 hostium

635 1571 1066 1635 oppugnaturus,
1099 1578 1193 1632 per
1232 1561 1569 1615 sacerdotem
1598 1560 1876 1613 oraculum
1923 1560 2179 1626 consulit,

637 1651 1096 1723 numvictoriam
1152 1650 1409 1718 largiatur
1473 1648 1650 1722 Deus?
1710 1648 1813 1702 Sed
1875 1648 1984 1701 Deo
2042 1647 2178 1701 nihil

639 1743 1018 1813 respondente,
1076 1749 1352 1794 auctorem
1397 1737 1586 1793 offensi
1623 1737 1868 1800 Numinis
1919 1737 2113 1806 quaerit
2160 1753 2174 1801 ;

2290 568 2662 636 στρατόπεδον.
2698 568 2808 620 Καὶ
2847 566 3027 628 αὐτοῖς
3077 566 3128 618 οι
3181 565 3490 634 ἀλλόφυλοι,
3535 567 3844 632 Ἀνάὄητε,

2287 656 2490 724 ελεγον,
2541 659 2690 724 πρὸς
2732 654 2888 725 ἡμᾶς
2922 657 3019 710 καί
3054 656 3416 726 γνωριοῦμεν
3466 658 3609 725 ὑμῖν
3649 655 3843 727 ῥῆμα.

2287 748 2454 800 Τοῦτο
2507 747 2702 816 θάρσος
2752 747 2911 818 ἐνῆκε
2962 747 3038 816 τῷ
3103 747 3352 800 Ἰωνάθαν
3378 761 3394 777 ⁸
3448 751 3541 800 καὶ
3592 748 3846 815 ἀποστὰς

2286 837 2513 900 ἐκεῖθεν,
2571 837 2836 908 ἑτέρωθεν
2877 837 3186 906 ἀνερπύσας
3237 838 3371 907 μετά
3414 836 3506 891 τοῦ
3565 839 3841 907 ἑπομένου

2286 931 2452 999 αὐτῷ,
2501 929 2681 982 ἔπεισι
2708 932 2818 992 τοῖς
2853 928 3128 999 πολεμίοις
3167 929 3521 996 ὑπνώττουσι,
3566 930 3661 982 καὶ
3691 929 3846 983 κτεί-

2287 1037 2434 1073 νουσι
2467 1020 2563 1088 μὲν
2588 1019 2661 1081 ὠς
2688 1019 2858 1071 εἴκοσι
2884 1036 2899 1050 ’
2935 1020 3047 1082 τοῖς
3073 1018 3130 1070 δὲ
3157 1018 3360 1082 λοιποῖς
3380 1019 3579 1072 δειλίαν
3612 1018 3844 1072 ἐνέϐαλ-

2286 1109 2398 1171 λον,
2426 1109 2475 1161 οἳ
2509 1109 2890 1179 θορυϐούμενοί
2911 1126 2969 1161 τε
3007 1109 3100 1161 καὶ
3131 1108 3443 1177 φεύγοντες,
3474 1111 3564 1163 ὑπ’
3593 1110 3846 1180 ἀλλήλων

2285 1199 2590 1252 διώλλυντο.
2646 1199 2788 1251 Ἰδὼν
2821 1198 2876 1250 δὲ
2912 1197 3309 1268 ταραττόμενον
3352 1201 3381 1252 6
3427 1199 3596 1252 Σαοὺλ
3633 1199 3700 1252 τὸ
3732 1198 3845 1249 τῶν

2286 1292 2557 1359 πολεμίων
2595 1289 2976 1357 στρατῦπεδον,
3027 1290 3121 1342 καὶ
3169 1289 3375 1342 ἀπόντα
3423 1290 3515 1343 τὸν
3561 1292 3677 1344 υίὺν
3721 1293 3848 1361 ἅμα

2283 1382 2360 1452 τῷ
2410 1381 2695 1452 ὁπλοφόρῳ
2744 1383 3129 1450 κατανοήσας,
3163 1380 3490 1451 προσϐάλλει
3525 1384 3618 1435 καὶ
3672 1385 3845 1446 αὐτὸς

2283 1471 2710 1540 τεταραγμένοις
2740 1473 2850 1547 τοῖς
2883 1470 3144 1532 ἐναντίοις
3169 1485 3184 1500 ο
3235 1468 3332 1521 καὶ
3371 1469 3421 1519 οἱ
3467 1469 3597 1540 πρὶν
3642 1469 3699 1522 δὲ
3751 1470 3843 1523 διὰ

2286 1561 2448 1632 φόϐον
2469 1561 2760 1631 κρυϐἐντες
2784 1560 3276 1631 ἀναθαρσήσαντες,
3299 1558 3377 1628 τῷ
3399 1557 3607 1628 βασιλεί
3637 1577 3845 1630 προσε-

2275 1656 2496 1708 τίθεντο
2527 1670 2540 1685 ⁶
2600 1657 2693 1708 καὶ
2752 1654 2958 1708 διώκων
3012 1655 3137 1715 τοὺς
3194 1654 3476 1724 πολεμίους
3537 1654 3839 1710 ἐκτίννυεν.

2297 1743 2599 1817 Ἐπσρᾶται
2630 1748 2806 1802 τοίνυν
2844 1749 2956 1810 τοῖς
2999 1738 3184 1808 αὐτοῦ,
3232 1745 3284 1797 εί
3333 1762 3418 1808 τις
3461 1746 3842 1815 ἀποσχόμενος

636 1850 698 1888 ac
723 1834 925 1903 :Ipsum
949 1834 1108 1886 Deum
1134 1839 1309 1892 testor,
1346 1831 1543 1899 inquit,
1568 1847 1646 1883 me
1665 1838 1862 1883 sontem
1881 1831 2184 1881 occisurum.

2287 1840 2377 1890 τοῦ
2412 1843 2655 1908 φονεύειν
2688 1838 2814 1901 τοὺς
2846 1839 3088 1908 ἐχθροὺς,
3120 1837 3303 1906 φάγοι,
3328 1840 3376 1892 εί
3404 1837 3478 1908 μὴ
3507 1837 3603 1902 νὺξ
3636 1838 3842 1901 αὐτοὺς

553 1965 556 1967 μ
635 1925 836 1978 etiamsi
874 1923 1012 1991 ﬁlius
1063 1938 1207 1978 meus
1262 1922 1516 1975 Jonalhas
1566 1921 1734 1988 fuerit.
1788 1921 1943 1973 Sorte
1989 1920 2174 1983 ducta,

636 2013 893 2068 Jonatlias
924 2013 1258 2082 designatur,
1289 2011 1381 2081 qui
1419 2020 1637 2080 rogatus
1675 2010 1805 2080 quid
1837 2009 2178 2078 deliquisset,

636 2120 693 2160 se
714 2105 916 2158 nullius
947 2104 1153 2173 peccati
1186 2103 1288 2157 sibi
1323 2117 1439 2164 esse
1469 2101 1750 2156 conscium
1784 2101 1881 2164 ait,
1902 2100 2003 2154 nisi
2029 2100 2176 2171 quod

636 2195 837 2266 pridie,
867 2205 1104 2262 paterna:
1134 2193 1521 2248 exsecrationis
1571 2193 1793 2261 ignarus
1821 2190 1887 2244 de
1931 2191 2052 2245 favo
2081 2208 2181 2262 gu-

638 2294 856 2361 stasset.
892 2286 969 2339 Eo
1011 2296 1167 2356 pater
1195 2285 1416 2347 audit'o,
1455 2300 1512 2338 se
1553 2284 1704 2336 illum
1737 2285 2047 2336 occisurum
2086 2284 2177 2352 ju-

638 2390 741 2434 rat.
777 2380 1015 2449 Populus
1039 2387 1224 2433 contra
1261 2386 1316 2432 et
1345 2377 1460 2446 ipse
1485 2377 1630 2446 jurat
1657 2390 1715 2428 se
1751 2390 1860 2427 non
1891 2389 2173 2444 passurum

642 2479 702 2524 ut
736 2470 972 2524 victoria:
995 2479 1188 2523 auctor
1224 2468 1502 2521 occidatur
1536 2482 1548 2519 :
1581 2481 1752 2534 eoque
1793 2475 2002 2533 erepto,
2035 2465 2178 2519 votis

643 2561 807 2615 Deum
837 2559 1181 2630 placat..Saul
1208 2557 1614 2612 Palaestinorum
1645 2555 1864 2610 circiter
1897 2554 2175 2625 sexaginta

2283 1929 2498 1982 παύσοι.
2539 1930 2625 1980 Ἐν
2657 1930 2711 1982 δὲ
2746 1929 2822 1998 τῷ
2857 1929 3070 1982 διώκειν
3105 1930 3244 1982 κατά
3289 1947 3410 1984 τινα
3442 1929 3643 1999 δρυμὸν
3688 1932 3751 1981 ἐν

2284 2017 2548 2087 μελισσῶν
2565 2016 2654 2089 ἦν,
2692 2003 2987 2074 καὶέλαϐὧν
3015 2021 3042 2073 6
3093 2019 3346 2074 Ἰωνάθαν
3373 2021 3560 2089 κηρίον
3597 2019 3837 2089 μέλιτος,

2278 2110 2476 2178 ἔφαγεν
2501 2124 2514 2138 ·
2547 2111 2606 2161 ού
2646 2091 2857 2178 γὰρ’ἦν
2892 2108 3141 2178 ἀκηκοὼς
3179 2110 3285 2177 τῆς,
3305 2101 3444 2178 ἀρᾶς
3479 2107 3571 2160 τοῦ
3604 2107 3836 2178 πατρός.

2290 2199 2566 2256 Ἐπεὶθεῖν
2613 2199 2668 2251 δὲ
2713 2196 2991 2269 βουληθεὶς
3029 2199 3057 2250 6
3092 2198 3262 2252 Σαοὺλ
3312 2201 3378 2269 τῇ
3425 2199 3531 2252 τῶν
3580 2200 3840 2251 ἐναντίων

2279 2290 2597 2360 παρεμϐολῇ
2651 2289 2835 2360 ⁴ίιριίιτα
2867 2291 2953 2343 διὰ
2984 2290 3076 2344 τοῦ
3121 2291 3417 2362 ἀρχιερέως
3459 2289 3551 2342 τὸν
3581 2288 3750 2367 Θεὸν,
3788 2291 3840 2341 εί

2281 2380 2462 2434 δίδωσι
2491 2381 2685 2450 νίκην;
2723 2379 2828 2436 ’[οῦ
2853 2379 2907 2431 δὲ
2936 2379 3070 2433 Θεοῦ
3104 2379 3180 2450 μὴ
3221 2379 3525 2450 δηλοῦντος,
3560 2377 3746 2450 ἐζήτει
3775 2380 3838 2431 τὺ

2282 2470 2470 2525 αἴτιον.
2498 2470 2628 2534 Καὶ,
2662 2471 2936 2538 Ὄμνυμι.
2969 2468 3095 2539 ἔφη,
3136 2471 3323 2524 αὐτὸν
3349 2470 3455 2522 τὸν
3481 2469 3650 2532 Θεὸν,
3681 2469 3838 2524 ἀπο-

2281 2560 2541 2614 κτείνειν
2559 2562 2665 2613 τὸν
2692 2562 3045 2629 ἁμαρτόντα,
3073 2561 3188 2615 κᾶν
3229 2560 3510 2616 Ἰωνάθην
3527 2559 3617 2627 εἵη
3641 2563 3673 2612 d
3692 2559 3840 2625 παῖς

555 2941 560 2946 ·
637 2922 818 2994 eripit.

639 2651 879 2706 millibus
913 2647 1109 2705 occisis
1134 2689 1148 2712 ,
1195 2647 1503 2718 regreditur
1534 2664 1546 2699 :
1583 2661 1660 2720 ac
1687 2644 2032 2709 Ammonitis,
2071 2645 2177 2716 62

2285 2653 2316 2705 δ
2338 2653 2494 2720 ἐμός.
2531 2653 2640 2704 Καὶ
2673 2653 3134 2722 κληρωσαμένων,
3166 2654 3254 2706 ἰπὶ
3297 2652 3553 2706 ’Ῑωνάθαν
3581 2656 3610 2705 6
3633 2650 3839 2722 κλῆρος

639 2742 907 2808 Moabitis,
926 2741 1243 2803 Palestinis,
1267 2737 1538 2798 Idumaeis,
1565 2736 1934 2801 Amalecbitis,
1961 2750 2174 2790 necnon

2285 2740 2499 2796 ἔπεσεν.
2542 2741 2603 2794 '0
2632 2740 2689 2794 δὲ
2720 2743 2846 2810 περὶ
2895 2744 3165 2814 ἁμαρτίας
3193 2744 3643 2814 ἀνακρινόμενος,
3677 2744 3838 2798 οὐδὲν

637 2833 793 2886 Subae
819 2846 942 2902 rege
977 2831 1236 2893 subactis.
1265 2829 1537 2885 lsraelitas
1567 2844 1597 2884 e
1653 2843 1812 2883 manu
1865 2837 2180 2886 exterarum

2285 2823 2437 2882 εἶπεν
2482 2830 2656 2902 ἑαυτῴ
2687 2831 3001 2896 συνειδέναι,
3031 2833 3064 2902 ἢ
3096 2835 3178 2886 ὅτι
3224 2835 3348 2904 χθὲς
3373 2836 3470 2905 την
3496 2835 3633 2904 ἀράν
3665 2836 3836 2902 ἀγνο-

1188 2995 1194 2998 _
1543 2929 1552 2934 ’
2111 2948 2118 2956 ·
2286 2920 2446 2990 ήσσς.
2477 2923 2532 2974 ἐν
2561 2923 2637 2992 τῷ
2657 2923 2868 2976 διώκειν
2895 2911 3208 2997 ἐγευσάμην
3243 2927 3459 2997 κηρίον.
3481 2927 3747 2990 Ἀκούσας
3780 2926 3839 2979 δὲ

637 3017 667 3068 6
697 3017 899 3086 πατὴρ,
950 3015 1264 3068 ἀποκτενεῖν
1293 3013 1454 3064 αὑτὸν
1483 3011 1680 3082 ὤμοσε.
1712 3012 1819 3064 Καὶ
1847 3012 1874 3063 6
1905 3010 2031 3072 λαὸς
2052 3010 2358 3082 ἀντώμοσε,
2427 3015 2501 3086 μὴ
2563 3017 2916 3086 περιόψεσθαι
2938 3019 3029 3072 τὸν
3059 3020 3231 3074 αῐτιον
3274 3021 3374 3091 τῆς
3419 3022 3571 3090 νίκης
3631 3022 3840 3080 ἀποθα-

641 3108 913 3178 νούμενον.
945 3107 1050 3163 Καὶ
1081 3104 1482 3175 ἐξαρπάσαντες
1510 3103 1688 3166 αὑτὸν,
1717 3104 1902 3172 εὐχαῖς
1927 3103 2018 3155 τὸν
2051 3103 2183 3156 Θεὸν
2219 3105 2582 3170 ἐξιλάσκοντο.
2641 3110 2965 3179 Διαφθείρας
2991 3110 3046 3164 δὲ
3084 3114 3112 3165 6
3133 3113 3303 3166 Σαοὺλ
3327 3113 3457 3180 ὡσεὶ
3481 3113 3748 3184 μυριάδας
3773 3113 3834 3180 ἒξ

639 3196 746 3250 τῶν
778 3196 1164 3256 Παλαιστινιῖη,
1199 3191 1625 3264 ἀνθυπέστρεψε.
1653 3192 1940 3260 Χειροῦται
1963 3191 2019 3244 δὲ
2058 3193 2393 3264 Ἀμμανίτας
2456 3200 2551 3252 καὶ
2613 3200 2929 3265 Μωαϐίτας,
2958 3250 2960 3252 τ
2995 3202 3386 3265 Παλαιστινούς
3418 3221 3477 3256 τε
3524 3206 3620 3259 καὶ
3671 3207 3834 3260 Ἰδου-

644 3288 835 3359 μαίους
861 3289 954 3339 καὶ
976 3284 1366 3355 Ἀμαληκίτας.
1392 3285 1485 3338 καὶ
1505 3283 1596 3338 τὸν
1621 3282 1846 3353 βασιλέα
1866 3283 1963 3353 τῆς
1986 3283 2180 3340 Σουϐᾶ.
2221 3287 2328 3341 Καὶ
2356 3287 2588 3352 ἐξείλετο
2612 3288 2704 3344 τὸν
2740 3289 2954 3362 Ἰσραὴλ
2984 3293 3049 3345 ὲκ
3078 3293 3257 3362 χειρὸς
3283 3292 3392 3346 τῶν
3426 3282 3762 3362 ἀλλοφύλων.

708 3380 898 3437 XXIX.
928 3380 1078 3432 Sauli
1122 3378 1218 3432 filii
1251 3378 1402 3432 tuere
1443 3386 1574 3441 tres,
1606 3377 1888 3441 Jonathas,
1933 3376 2094 3433 Iesus
2128 3387 2184 3435 et

2355 3383 2483 3439 K82
2508 3380 2688 3438 Ἦσαν
2713 3385 2769 3439 δὲ
2790 3384 2868 3456 τῷ
2897 3385 3070 3439 Σαοὺλ
3097 3387 3203 3440 υίοὶ
3235 3388 3404 3462 τρεῖς,
3455 3388 3710 3444 Ἰωνάθαν
3739 3396 3838 3446 καὶ

641 3472 927 3527 Melchisus
956 3485 972 3522 :
1006 3482 1071 3522 ac
1110 3467 1232 3521 ﬁlia:
1263 3467 1401 3529 duae,
1443 3466 1662 3520 Meroba
1689 3476 1744 3520 et
1791 3465 2039 3521 Melchol.
2091 3467 2190 3524 ιωο

643 3571 941 3631 peratorem
985 3565 1195 3611 crearat
1241 3556 1572 3622 Abeuerem,
1632 3557 1787 3612 Neris
1840 3558 2056 3627 cegnati
2102 3560 2187 3615 sui

642 3651 830 3705 tilium.
865 3642 1081 3702 Dixerat
1111 3655 1292 3720 autem
1325 3645 1474 3710 Sauli
1506 3644 1744 3710 Samuel,
1777 3646 1972 3716 jubere
2016 3647 2183 3702 Deum

645 3753 702 3796 ut
742 3741 971 3794 caederet
1013 3737 1386 3796 Amalecbum,
1435 3736 1772 3804 victoriaque
1815 3735 2044 3804 potitus,
2095 3751 2190 3790 ne.-

643 3831 775 3884 mini
807 3835 1069 3898 parceret,
1127 3842 1238 3879 non
1298 3826 1641 3888 mulieribus,
1703 3842 1812 3880 non
1865 3826 2184 3891 infantibus,

647 3937 753 3975 non
791 3920 1054 3991 iumentis
1081 3936 1096 3984 ;
1123 3933 1231 3972 non
1280 3918 1597 3987 pecudibus.
1635 3917 1728 3972 sed
1774 3933 1960 3974 eorum
1992 3935 2186 3973 nomen
2226 3944 2238 3954 -

641 4011 886 4067 funditus
948 4011 1172 4064 deleret.
1232 4009 1416 4076 Itaque
1474 4008 1600 4062 Saul
1661 4023 1784 4062 cum
1840 4008 2187 4076 Amalechitis

644 4115 985 4172 congressus,
1020 4100 1206 4152 hostes
1244 4100 1430 4161 vincit,
1459 4099 1616 4154 caedit
1649 4114 1857 4153 omnes.
1911 4099 2014 4152 Sed
2051 4100 2189 4169 Aga-

643 4207 769 4262 gum
821 4191 964 4244 illius
1000 4201 1154 4242 terra:
1202 4201 1382 4256 regem
1413 4187 1468 4239 in
1513 4196 1836 4256 potestatem
1886 4186 2184 4253 redactum,

647 4281 1000 4335 admiratione
1029 4279 1215 4334 formae
1250 4286 1306 4332 et
1339 4277 1762 4345 magnitudinis,
1789 4293 1897 4350 non
1930 4279 2129 4335 occidit
2169 4294 2185 4332 :

646 4379 889 4426 armenta
931 4369 1114 4432 etiam,
1151 4383 1360 4439 greges,
1405 4378 1708 4436 caeteraque
1747 4369 1968 4434 eximia,
2016 4370 2185 4437 divini

649 4461 886 4530 mandati
915 4461 1216 4524 immemor,
1264 4468 1569 4515 conservat.
1617 4459 1850 4513 Proinde
1893 4459 2106 4514 Samuel
2156 4476 2187 4514 a

649 4556 758 4610 Deo
818 4553 1063 4616 edoctus,
1097 4551 1354 4621 poenitere
1408 4567 1531 4605 eum
1576 4550 1754 4605 Saulis
1797 4552 1964 4606 creati
2013 4554 2185 4621 regis,

649 4646 887 4700 occurrit
912 4645 1041 4714 regi.
1089 4645 1138 4698 ls
1165 4645 1242 4697 ait
1270 4658 1326 4698 se
1365 4643 1590 4713 gratiam
1628 4644 1830 4700 habere
1856 4646 1989 4707 Deo.
2031 4647 2188 4717 cuius

2301 3473 2499 3543 Ἰησουῖ
2532 3476 2625 3531 καὶ
2661 3475 2953 3545 Μελχισοιιϊ
2983 3483 3005 3508 °'
3055 3477 3149 3530 καὶ
3191 3476 3482 3547 θυγατέρες
3504 3480 3617 3544 δύο,
3649 3481 3837 3553 Μερὸϐ
3889 3539 3892 3541 _

2288 3565 2384 3620 καὶ
2410 3565 3141 3638 ΜελγὸλνἌρχιστρατηγδν
3178 3569 3236 3622 δι
3269 3563 3381 3639 εἶχε
3410 3571 3501 3623 τὸν
3552 3571 3835 3642 ⁹Δϐεννὴρ,

2288 3656 2401 3712 υἱὸν
2450 3655 2568 3724 Ni")
2618 3655 2909 3722 συγγενοῦς
2938 3655 3125 3710 αὑτοῦ.
3159 3657 3302 3727 Ἔφη
3351 3658 3408 3712 δε
3451 3659 3699 3732 Σαμουὴλ
3753 3661 3836 3730 τῷ

2288 3739 2480 3810 Σαοὺλ,
2503 3743 2739 3800 κελεύειν
2759 3744 2904 3813 αὑτῷ
2928 3745 3017 3799 τὸν
3040 3745 3172 3801 Θεὸν
3197 3747 3428 3811 πατάξαι
3443 3750 3531 3802 τὸν
3563 3749 3832 3820 ’Δμαλὴκ,

2288 3837 2380 3890 καὶ
2408 3825 2772 3905 κρατήσαντα,
2809 3835 3032 3905 μηδενὸς
3065 3837 3372 3904 φείσασθαι,
3415 3839 3492 3907 μὴ
3527 3841 3825 3906 γυναικῶν,

2290 3926 2364 3997 μὴ
2393 3927 2620 3996 νηπίων.
2653 3926 2729 3997 μὴ
2755 3926 3084 3995 ὒποξυγιων.
3117 3928 3190 3996 μὴ
3221 3927 3595 3999 βοσκημάτων,
3622 3931 3856 4004 ιξαλειε

2285 4016 2468 4085 ψαιδὲ
2496 4018 2555 4070 τὸ
2604 4017 2772 4085 ὄνομα
2823 4015 2989 4071 αὐτοῦ
3035 4018 3100 4071 ὲκ
3155 4017 3252 4087 τῆς
3300 4009 3419 4088 γῆς.
3471 4021 3630 4074 Καὶό
3658 4022 3834 4076 Σαοὺλ

2286 4105 2363 4173 τῷ
2401 4105 2641 4176 ’Δμαλὴκ
2668 4105 2972 4174 συμϐαλὼν,
3004 4109 3143 4160 κατὰ
3169 4107 3365 4175 κράτος
3393 4109 3536 4179 νικᾷ,
3568 4112 3660 4179 καὶ
3681 4115 3830 4164 xul—

2286 4211 2364 4248 νει
2397 4195 2624 4256 πάντας.
2653 4196 2944 4265 Χειροῦται
2964 4197 3021 4250 δὲ
3055 4198 3148 4251 καὶ
3180 4197 3272 4251 τὸν
3306 4197 3534 4268 βασιλέα
3576 4200 3676 4271 τῆς
3717 4203 3829 4272 χώο

2290 4302 2409 4356 ρας,
2436 4287 2619 4353 ’Δγαγ
2650 4284 3054 4354 ὠνομασμένον,
3087 4288 3180 4340 καὶ
3211 4287 3306 4344 οὐκ
3331 4290 3663 4354 ἀπέκτεινεν,
3687 4295 3826 4358 ἀγα-

2289 4376 2436 4438 σθεὶς
2467 4377 2628 4430 αὑτὸν
2655 4375 2744 4430 διὰ
2783 4376 2995 4444 κάλλος,
3049 4377 3147 4432 καὶ
3187 4377 3435 4448 μίγεθος,
3485 4379 3578 4433 καὶ
3625 4381 3693 4432 τὰ
3720 4382 3827 4434 τῶν

2287 4467 2577 4538 βουκολίων
2610 4469 2701 4523 καὶ
2739 4459 3023 4538 ποιμνίων,
3074 4471 3168 4524 καὶ
3205 4471 3313 4525 τῶν
3361 4471 3530 4526 ἀλλων
3571 4471 3825 4545 ἐξαίρετα

2285 4561 2730 4631 περιεποιήσατο,
2757 4564 3149 4632 ἀμνημονήσας
3173 4562 3270 4632 τῆς
3292 4565 3436 4626 θείας
3460 4565 3820 4635 προστάξεως.

2285 4653 2772 4722 Χρηματισθεὶςδὶ
2803 4653 3049 4722 Σαμουὴλ
3081 4654 3228 4721 παρά
3256 4653 3349 4710 τοῦ
3380 4655 3534 4721 Θεοῦ,
3579 4659 3823 4720 εἰπόντος

652 4751 875 4790 munere
904 4736 1123 4789 vicisset
1168 4734 1374 4798 hostes,
1404 4743 1458 4786 et
1487 4743 1547 4786 ut
1575 4732 1760 4800 jussus
1789 4733 1970 4800 fuerit,
2018 4735 2184 4790 admi-

2289 4720 2660 4812 μεταμελῆσαι
2688 4743 2834 4811 (49)..
2863 4743 2945 4798 ὅτι
2987 4720 3302 4798 δϐασίλευσε
3333 4745 3422 4798 τὸν
3455 4720 3625 4800 Σαοὺλ
3647 4789 3662 4811 ,
3696 4751 3821 4801 auii-

649 4830 908 4884 nistrasse
946 4826 1144 4882 omnia.
1176 4825 1314 4879 Tum
1345 4823 1559 4880 Samuel
1585 4841 1600 4879 :
1632 4823 1832 4888 Vocem,
1859 4824 2056 4892 inquit,
2083 4842 2184 4879 au-
2222 4883 2224 4885 ς

649 4922 734 4987 dio
777 4921 1134 4990 jumentorum
1190 4926 1237 4968 et
1266 4917 1495 4971 aliarum
1543 4917 1814 4985 pecudum,
1873 4916 2007 4968 unde
2048 4917 2191 4972 ista?

650 5009 779 5064 Saul
833 5007 1121 5076 respondet
1170 5006 1427 5074 populum
1483 5020 1546 5060 ea
1594 5007 1650 5059 in
1698 5004 1970 5082 victimam
2012 5018 2187 5057 asser-

651 5114 802 5155 vasse
833 5100 940 5153 Deo
970 5119 981 5153 :
1017 5107 1270 5172 caeterum
1298 5095 1658 5150 Amalecbitas
1691 5111 1899 5156 omnes,
1934 5111 2055 5165 rege
2085 5111 2181 5149 eo-

652 5204 772 5244 rum
796 5199 1038 5257 exeepto,
1077 5189 1282 5266 deletos
1324 5202 1464 5242 csse.
1499 5186 1579 5242 Ad
1619 5203 1680 5241 ea
1717 5186 1933 5242 Samuel
1982 5208 1996 5242 ;
2045 5185 2184 5253 Quae

654 5284 816 5345 niam,
850 5280 1044 5349 inquit,
1079 5281 1172 5333 Dei
1203 5281 1365 5349 jussis
1409 5295 1511 5331 non
1557 5279 1935 5345 obtemperasti.
1971 5281 2098 5334 scito
2133 5289 2183 5332 te

655 5389 870 5442 regnum
920 5371 1252 5422 amissurum.
1295 5372 1362 5422 At
1418 5369 1528 5432 ille,
1578 5383 1636 5424 se
1685 5383 1933 5437 peccasse
1987 5370 2180 5438 fassus,

657 5463 974 5532 Propbclam
1004 5468 1145 5532 orat,
1170 5467 1227 5510 ut
1257 5474 1349 5527 per
1375 5459 1634 5515 sacriﬁcia
1663 5459 1826 5511 Deum
1868 5456 1967 5512 sibi
1995 5473 2188 5512 recon-

2287 4832 2488 4902 ήντησε
2534 4832 2608 4902 τῷ
2639 4832 2866 4904 βασιλεῖ.
2927 4834 2984 4887 '0
3012 4835 3069 4887 δὲ
3115 4835 3500 4906 εὐχαριστῆσαι
3551 4839 3702 4908 ἔλεγε
3745 4839 3820 4908 τῷ

2287 4923 2407 4990 Θεῷ
2444 4923 2587 4980 δόντι
2641 4924 2840 4993 κράτος
2888 4924 3037 4994 αύτῷ
3068 4925 3204 4979 κατά
3234 4927 3343 4978 τῶν
3396 4927 3686 4997 πολεμίων.
3728 4930 3818 4983 καὶ

2285 5015 2463 5070 πάντα
2482 5015 2538 5069 δὲ
2560 5015 2629 5068 τὰ
2650 5015 3043 5086 κεκελευσμίνα
3070 5017 3308 5084 ποιῆσαι.
3334 5019 3439 5068 Καὶ
3463 5018 3491 5066 6
3521 5021 3814 5089 προφήτης,

2286 5104 2465 5171 Βοῆς,
2515 5101 2687 5168 εἶπεν,
2723 5105 2917 5159 ἀκούω
2941 5105 3270 5174 ὑποζυγίων
3297 5107 3396 5159 καί
3421 5109 3817 5186 βοσκημάτων
3917 5180 3920 5183 ι

2285 5194 2509 5250 ἄλλων.
2550 5196 2744 5250 Πόθεν
2766 5195 2950 5250 ταῦτα
2970 5211 2990 5259 ;
3021 5195 3190 5249 Σαοὺλ
3215 5197 3292 5262 δὲ,
3334 5198 3426 5252 τὸν
3466 5199 3612 5266 λαὸν,
3644 5198 3810 5268 εἶπεν,

2285 5287 2365 5348 είς
2410 5283 2598 5340 θυσίαν
2644 5285 2996 5354 τετηρηκέναι
3035 5285 3171 5343 αὐτὰ
3229 5286 3306 5359 τῷ
3362 5289 3481 5358 Θεῷ
3511 5305 3524 5320 ·
3578 5292 3707 5355 ’τοὺς
3757 5293 3812 5344 δὲ

2299 5375 2661 5445 Ἀμαληκίτας
2692 5377 2893 5439 πάντας
2929 5378 3343 5449 ἔξαφανισθῆναι
3366 5381 3495 5451 ἄτερ
3527 5366 3618 5434 τοῦ
3659 5383 3809 5453 βασις

2279 5464 2416 5530 λέως
2459 5466 2654 5520 αὐτῶν.
2693 5468 2833 5537 Πρὸς
2857 5465 3026 5520 ταῦτα
3059 5470 3087 5520 6
3114 5471 3379 5540 Σαμουὴλ,
3435 5474 3589 5528 Ἐπεί
3619 5475 3689 5529 τὰ
3716 5491 3809 5528 κε-

1811 5611 2013 5671 Variaa
2050 5611 2350 5676 lectiones
2395 5626 2454 5677 ct
2494 5627 2679 5680 nota).

728 5743 835 5811 (Π)
867 5747 1302 5815 Μεταμελῆσαι.
1338 5736 1648 5814 Legendum
1684 5743 2180 5813 μεταμεμελῆσθαι.

2301 5747 2512 5815 praefert
2551 5751 2646 5802 cod
2709 5750 2817 5815 Reg
2867 5758 2924 5802 et
2949 5746 3184 5805 Colbert.
3272 5799 3278 5807 .
