  <div class='ocr_page' id='page_1' title='image "/cluster/home/n/w/nwhite01/storage/ocr_20150623/134/pst.000005714506/075.png"; bbox 0 0 4038 6320; ppageno 0'>
   <div class='ocr_carea' id='block_1_1' title="bbox 657 383 761 451">
    <p class='ocr_par' dir='ltr' id='par_1_1' title="bbox 657 383 761 451">
     <span class='ocr_line' id='line_1_1' title="bbox 657 383 761 451; baseline 0.048 -5"><span class='ocrx_word' id='word_1_1' title='bbox 657 383 761 451; x_wconf 84' lang='grc'><strong>135</strong></span> 
     </span>
    </p>
   </div>
   <div class='ocr_carea' id='block_1_2' title="bbox 1924 384 2696 447">
    <p class='ocr_par' dir='ltr' id='par_1_2' title="bbox 1924 384 2696 447">
     <span class='ocr_line' id='line_1_2' title="bbox 1924 384 2696 447; baseline -0.01 0"><span class='ocrx_word' id='word_1_2' title='bbox 1924 384 2244 447; x_wconf 76' lang='lat' dir='ltr'><strong>J-DANNIS</strong></span> <span class='ocrx_word' id='word_1_3' title='bbox 2277 384 2595 445; x_wconf 76' lang='lat' dir='ltr'><strong>ZONAR/E</strong></span> <span class='ocrx_word' id='word_1_4' title='bbox 2683 427 2696 439; x_wconf 94' lang='lat'><strong>.</strong></span> 
     </span>
    </p>
   </div>
   <div class='ocr_carea' id='block_1_3' title="bbox 3733 385 3830 449">
    <p class='ocr_par' dir='ltr' id='par_1_3' title="bbox 3733 385 3830 449">
     <span class='ocr_line' id='line_1_3' title="bbox 3733 385 3830 449; baseline 0.021 -2"><span class='ocrx_word' id='word_1_5' title='bbox 3733 385 3830 449; x_wconf 78' lang='lat'><strong>136</strong></span> 
     </span>
    </p>
   </div>
   <div class='ocr_carea' id='block_1_4' title="bbox 647 491 2194 567">
    <p class='ocr_par' dir='ltr' id='par_1_4' title="bbox 647 494 2192 567">
     <span class='ocr_line' id='line_1_4' title="bbox 647 494 2192 567; baseline -0.003 -18"><span class='ocrx_word' id='word_1_6' title='bbox 647 498 836 567; x_wconf 78' lang='lat' dir='ltr'><strong>poteris</strong></span> <span class='ocrx_word' id='word_1_7' title='bbox 890 513 1116 566; x_wconf 81' lang='lat' dir='ltr'><strong>pugnam</strong></span> <span class='ocrx_word' id='word_1_8' title='bbox 1169 497 1493 548; x_wconf 75' lang='lat' dir='ltr'><strong>committere</strong></span> <span class='ocrx_word' id='word_1_9' title='bbox 1519 512 1636 548; x_wconf 84' lang='lat' dir='ltr'><strong>cum</strong></span> <span class='ocrx_word' id='word_1_10' title='bbox 1669 495 1766 548; x_wconf 79' lang='lat' dir='ltr'><strong>isto</strong></span> <span class='ocrx_word' id='word_1_11' title='bbox 1809 494 2192 555; x_wconf 72' lang='lat' dir='ltr'><strong>incircumcito,</strong></span> 
     </span>
    </p>
   </div>
   <div class='ocr_carea' id='block_1_5' title="bbox 2293 491 3835 567">
    <p class='ocr_par' dir='ltr' id='par_1_5' title="bbox 2295 491 3835 566">
     <span class='ocr_line' id='line_1_5' title="bbox 2295 491 3835 566; baseline 0.003 -21"><span class='ocrx_word' id='word_1_12' title='bbox 2295 511 2458 548; x_wconf 83' lang='grc' dir='ltr'>κοντα</span> <span class='ocrx_word' id='word_1_13' title='bbox 2487 495 2656 547; x_wconf 78' lang='grc' dir='ltr'><strong>ἐποίει</strong></span> <span class='ocrx_word' id='word_1_14' title='bbox 2691 492 2921 563; x_wconf 78' lang='grc' dir='ltr'><strong>ἡμέρας.</strong></span> <span class='ocrx_word' id='word_1_15' title='bbox 2957 492 3062 546; x_wconf 80' lang='grc' dir='ltr'><strong>Τοῦ</strong></span> <span class='ocrx_word' id='word_1_16' title='bbox 3106 492 3162 546; x_wconf 80' lang='grc' dir='ltr'>δὲ</span> <span class='ocrx_word' id='word_1_17' title='bbox 3190 491 3360 546; x_wconf 73' lang='grc' dir='ltr'>Σαοὺλ</span> <span class='ocrx_word' id='word_1_18' title='bbox 3386 492 3475 546; x_wconf 74' lang='grc' dir='ltr'><strong>τὸν</strong></span> <span class='ocrx_word' id='word_1_19' title='bbox 3508 495 3672 549; x_wconf 78' lang='grc' dir='ltr'><strong>Δαόὶδ</strong></span> <span class='ocrx_word' id='word_1_20' title='bbox 3701 498 3835 566; x_wconf 81' lang='grc' dir='ltr'><strong>πρὸς</strong></span> 
     </span>
    </p>
   </div>
   <div class='ocr_carea' id='block_1_6' title="bbox 644 568 2188 656">
    <p class='ocr_par' dir='ltr' id='par_1_6' title="bbox 644 568 2188 656">
     <span class='ocr_line' id='line_1_6' title="bbox 644 568 2188 656; baseline -0.005 -15"><span class='ocrx_word' id='word_1_21' title='bbox 644 605 760 641; x_wconf 80' lang='lat' dir='ltr'><strong>cum</strong></span> <span class='ocrx_word' id='word_1_22' title='bbox 810 603 937 656; x_wconf 85' lang='lat' dir='ltr'><strong>puer</strong></span> <span class='ocrx_word' id='word_1_23' title='bbox 986 588 1153 640; x_wconf 82' lang='lat' dir='ltr'><strong>adhuc</strong></span> <span class='ocrx_word' id='word_1_24' title='bbox 1186 588 1272 638; x_wconf 81' lang='lat' dir='ltr'><strong>sis.</strong></span> <span class='ocrx_word' id='word_1_25' title='bbox 1313 568 1450 638; x_wconf 86' lang='lat' dir='ltr'><strong>Tum</strong></span> <span class='ocrx_word' id='word_1_26' title='bbox 1499 586 1689 650; x_wconf 85' lang='lat' dir='ltr'><strong>David,</strong></span> <span class='ocrx_word' id='word_1_27' title='bbox 1741 600 1800 637; x_wconf 87' lang='lat' dir='ltr'><strong>se</strong></span> <span class='ocrx_word' id='word_1_28' title='bbox 1839 585 1950 637; x_wconf 91' lang='lat' dir='ltr'><strong>Deo</strong></span> <span class='ocrx_word' id='word_1_29' title='bbox 1988 585 2188 637; x_wconf 82' lang='lat' dir='ltr'><strong>fretum</strong></span> 
     </span>
    </p>
   </div>
   <div class='ocr_carea' id='block_1_7' title="bbox 643 659 2188 746">
    <p class='ocr_par' dir='ltr' id='par_1_7' title="bbox 643 659 2188 746">
     <span class='ocr_line' id='line_1_7' title="bbox 643 659 2188 746; baseline -0.003 -15"><span class='ocrx_word' id='word_1_30' title='bbox 643 694 761 732; x_wconf 89' lang='lat' dir='ltr'><strong>esse</strong></span> <span class='ocrx_word' id='word_1_31' title='bbox 785 678 1093 746; x_wconf 75' lang='lat' dir='ltr'><strong>respondet,</strong></span> <span class='ocrx_word' id='word_1_32' title='bbox 1126 680 1214 746; x_wconf 91' lang='lat' dir='ltr'><strong>qui</strong></span> <span class='ocrx_word' id='word_1_33' title='bbox 1245 678 1345 732; x_wconf 86' lang='lat' dir='ltr'><strong>sibi</strong></span> <span class='ocrx_word' id='word_1_34' title='bbox 1373 689 1576 732; x_wconf 73' lang='lat' dir='ltr'><strong>contra.</strong></span> <span class='ocrx_word' id='word_1_35' title='bbox 1603 691 1786 731; x_wconf 83' lang='lat' dir='ltr'><strong>ursam</strong></span> <span class='ocrx_word' id='word_1_36' title='bbox 1822 676 1968 729; x_wconf 84' lang='lat' dir='ltr'><strong>vires</strong></span> <span class='ocrx_word' id='word_1_37' title='bbox 2003 659 2188 729; x_wconf 82' lang='lat' dir='ltr'><strong>dedis-</strong></span> 
     </span>
    </p>
   </div>
   <div class='ocr_carea' id='block_1_8' title="bbox 647 767 2193 838">
    <p class='ocr_par' dir='ltr' id='par_1_8' title="bbox 647 767 2193 838">
     <span class='ocr_line' id='line_1_8' title="bbox 647 767 2193 838; baseline -0.003 -16"><span class='ocrx_word' id='word_1_38' title='bbox 647 779 749 827; x_wconf 83' lang='lat' dir='ltr'><strong>set.</strong></span> <span class='ocrx_word' id='word_1_39' title='bbox 785 779 841 821; x_wconf 81' lang='lat' dir='ltr'><strong>et</strong></span> <span class='ocrx_word' id='word_1_40' title='bbox 862 778 1052 823; x_wconf 90' lang='lat' dir='ltr'><strong>contra</strong></span> <span class='ocrx_word' id='word_1_41' title='bbox 1083 771 1317 834; x_wconf 83' lang='lat' dir='ltr'><strong>leonem,</strong></span> <span class='ocrx_word' id='word_1_42' title='bbox 1353 770 1448 837; x_wconf 91' lang='lat' dir='ltr'><strong>qui</strong></span> <span class='ocrx_word' id='word_1_43' title='bbox 1493 784 1707 838; x_wconf 88' lang='lat' dir='ltr'><strong>gregem</strong></span> <span class='ocrx_word' id='word_1_44' title='bbox 1759 767 2108 828; x_wconf 79' lang='lat' dir='ltr'><strong>invasissent,</strong></span> <span class='ocrx_word' id='word_1_45' title='bbox 2135 775 2193 819; x_wconf 90' lang='lat' dir='ltr'><strong>et</strong></span> 
     </span>
    </p>
   </div>
   <div class='ocr_carea' id='block_1_9' title="bbox 645 861 2194 928">
    <p class='ocr_par' dir='ltr' id='par_1_9' title="bbox 645 861 2194 928">
     <span class='ocr_line' id='line_1_9' title="bbox 645 861 2194 928; baseline -0.001 -16"><span class='ocrx_word' id='word_1_46' title='bbox 645 861 880 927; x_wconf 87' lang='lat' dir='ltr'><strong>pecudes</strong></span> <span class='ocrx_word' id='word_1_47' title='bbox 909 861 1237 928; x_wconf 76' lang='lat' dir='ltr'><strong>rapuissent,</strong></span> <span class='ocrx_word' id='word_1_48' title='bbox 1261 876 1357 914; x_wconf 86' lang='lat' dir='ltr'><strong>eos</strong></span> <span class='ocrx_word' id='word_1_49' title='bbox 1379 875 1435 914; x_wconf 82' lang='lat' dir='ltr'><strong>se</strong></span> <span class='ocrx_word' id='word_1_50' title='bbox 1458 868 1826 928; x_wconf 85' lang='lat' dir='ltr'><strong>persecutum,</strong></span> <span class='ocrx_word' id='word_1_51' title='bbox 1845 867 1900 912; x_wconf 92' lang='lat' dir='ltr'><strong>et</strong></span> <span class='ocrx_word' id='word_1_52' title='bbox 1931 867 2078 926; x_wconf 89' lang='lat' dir='ltr'><strong>rapta</strong></span> <span class='ocrx_word' id='word_1_53' title='bbox 2106 873 2194 910; x_wconf 89' lang='lat' dir='ltr'><strong>re-</strong></span> 
     </span>
    </p>
   </div>
   <div class='ocr_carea' id='block_1_10' title="bbox 647 949 2190 1018">
    <p class='ocr_par' dir='ltr' id='par_1_10' title="bbox 647 949 2190 1018">
     <span class='ocr_line' id='line_1_10' title="bbox 647 949 2190 1018; baseline -0.001 -17"><span class='ocrx_word' id='word_1_54' title='bbox 647 964 934 1016; x_wconf 85' lang='lat' dir='ltr'><strong>cuperasse</strong></span> <span class='ocrx_word' id='word_1_55' title='bbox 983 960 1038 1003; x_wconf 90' lang='lat' dir='ltr'><strong>et</strong></span> <span class='ocrx_word' id='word_1_56' title='bbox 1084 951 1416 1018; x_wconf 71' lang='lat' dir='ltr'><strong>percussisse</strong></span> <span class='ocrx_word' id='word_1_57' title='bbox 1451 950 1654 1002; x_wconf 76' lang='lat' dir='ltr'><strong>bestias</strong></span> <span class='ocrx_word' id='word_1_58' title='bbox 1704 962 1865 1016; x_wconf 87' lang='lat' dir='ltr'><strong>atque</strong></span> <span class='ocrx_word' id='word_1_59' title='bbox 1907 949 2190 1002; x_wconf 86' lang='lat' dir='ltr'><strong>occidisse.</strong></span> 
     </span>
    </p>
   </div>
   <div class='ocr_carea' id='block_1_11' title="bbox 647 1035 2189 1107">
    <p class='ocr_par' dir='ltr' id='par_1_11' title="bbox 647 1035 2189 1107">
     <span class='ocr_line' id='line_1_11' title="bbox 647 1035 2189 1107; baseline -0.001 -17"><span class='ocrx_word' id='word_1_60' title='bbox 647 1038 722 1090; x_wconf 88' lang='lat' dir='ltr'><strong>Eo</strong></span> <span class='ocrx_word' id='word_1_61' title='bbox 759 1038 919 1105; x_wconf 82' lang='lat' dir='ltr'><strong>igitur</strong></span> <span class='ocrx_word' id='word_1_62' title='bbox 953 1054 1010 1091; x_wconf 90' lang='lat' dir='ltr'><strong>se</strong></span> <span class='ocrx_word' id='word_1_63' title='bbox 1042 1035 1150 1107; x_wconf 66' lang='grc'><strong>64</strong></span> <span class='ocrx_word' id='word_1_64' title='bbox 1187 1053 1305 1090; x_wconf 90' lang='lat' dir='ltr'><strong>esse</strong></span> <span class='ocrx_word' id='word_1_65' title='bbox 1345 1037 1568 1100; x_wconf 86' lang='lat' dir='ltr'><strong>fretum,</strong></span> <span class='ocrx_word' id='word_1_66' title='bbox 1606 1037 1698 1105; x_wconf 93' lang='lat' dir='ltr'><strong>qui</strong></span> <span class='ocrx_word' id='word_1_67' title='bbox 1741 1047 1796 1088; x_wconf 88' lang='lat' dir='ltr'><strong>et</strong></span> <span class='ocrx_word' id='word_1_68' title='bbox 1835 1037 2189 1105; x_wconf 86' lang='lat' dir='ltr'><strong>alienigenam</strong></span> 
     </span>
    </p>
   </div>
   <div class='ocr_carea' id='block_1_12' title="bbox 645 1113 2192 1194">
    <p class='ocr_par' dir='ltr' id='par_1_12' title="bbox 645 1113 2192 1194">
     <span class='ocr_line' id='line_1_12' title="bbox 645 1113 2192 1194; baseline -0.001 -17"><span class='ocrx_word' id='word_1_69' title='bbox 645 1126 795 1178; x_wconf 88' lang='lat' dir='ltr'><strong>illum</strong></span> <span class='ocrx_word' id='word_1_70' title='bbox 835 1113 937 1179; x_wconf 80' lang='lat' dir='ltr'><strong>sibi</strong></span> <span class='ocrx_word' id='word_1_71' title='bbox 993 1127 1368 1194; x_wconf 85' lang='lat' dir='ltr'><strong>perimendum</strong></span> <span class='ocrx_word' id='word_1_72' title='bbox 1408 1130 1478 1178; x_wconf 88' lang='lat' dir='ltr'><strong>sit</strong></span> <span class='ocrx_word' id='word_1_73' title='bbox 1517 1126 1833 1185; x_wconf 88' lang='lat' dir='ltr'><strong>traditurus.</strong></span> <span class='ocrx_word' id='word_1_74' title='bbox 1868 1135 1922 1178; x_wconf 90' lang='lat' dir='ltr'><strong>et</strong></span> <span class='ocrx_word' id='word_1_75' title='bbox 1960 1125 2192 1193; x_wconf 89' lang='lat' dir='ltr'><strong>ignomi-</strong></span> 
     </span>
    </p>
   </div>
   <div class='ocr_carea' id='block_1_13' title="bbox 645 1212 2192 1282">
    <p class='ocr_par' dir='ltr' id='par_1_13' title="bbox 645 1212 2192 1282">
     <span class='ocr_line' id='line_1_13' title="bbox 645 1212 2192 1282; baseline 0.001 -18"><span class='ocrx_word' id='word_1_76' title='bbox 645 1215 801 1272; x_wconf 87' lang='lat' dir='ltr'><strong>niam</strong></span> <span class='ocrx_word' id='word_1_77' title='bbox 825 1212 1132 1266; x_wconf 71' lang='lat' dir='ltr'><strong>lsraeliticze</strong></span> <span class='ocrx_word' id='word_1_78' title='bbox 1173 1216 1350 1281; x_wconf 89' lang='lat' dir='ltr'><strong>gentis</strong></span> <span class='ocrx_word' id='word_1_79' title='bbox 1380 1215 1726 1280; x_wconf 87' lang='lat' dir='ltr'><strong>depulsurus.</strong></span> <span class='ocrx_word' id='word_1_80' title='bbox 1751 1214 1828 1268; x_wconf 86' lang='lat' dir='ltr'><strong>Ac</strong></span> <span class='ocrx_word' id='word_1_81' title='bbox 1854 1215 1943 1267; x_wconf 91' lang='lat' dir='ltr'><strong>ille</strong></span> <span class='ocrx_word' id='word_1_82' title='bbox 1972 1215 2192 1282; x_wconf 88' lang='lat' dir='ltr'><strong>quidem</strong></span> 
     </span>
    </p>
   </div>
   <div class='ocr_carea' id='block_1_14' title="bbox 646 1300 2192 1370">
    <p class='ocr_par' dir='ltr' id='par_1_14' title="bbox 646 1300 2192 1370">
     <span class='ocr_line' id='line_1_14' title="bbox 646 1300 2192 1370; baseline 0.004 -20"><span class='ocrx_word' id='word_1_83' title='bbox 646 1300 761 1352; x_wconf 68' lang='lat' dir='ltr'><strong>hzcc</strong></span> <span class='ocrx_word' id='word_1_84' title='bbox 806 1302 1039 1354; x_wconf 84' lang='lat' dir='ltr'><strong>dicebat.</strong></span> <span class='ocrx_word' id='word_1_85' title='bbox 1083 1300 1196 1353; x_wconf 77' lang='lat' dir='ltr'><strong>Rex</strong></span> <span class='ocrx_word' id='word_1_86' title='bbox 1239 1313 1416 1355; x_wconf 78' lang='lat' dir='ltr'><strong>autem</strong></span> <span class='ocrx_word' id='word_1_87' title='bbox 1467 1303 1545 1357; x_wconf 90' lang='lat' dir='ltr'><strong>ire</strong></span> <span class='ocrx_word' id='word_1_88' title='bbox 1580 1305 1920 1370; x_wconf 84' lang='lat' dir='ltr'><strong>permittens,</strong></span> <span class='ocrx_word' id='word_1_89' title='bbox 1971 1319 2068 1357; x_wconf 89' lang='lat' dir='ltr'><strong>sua</strong></span> <span class='ocrx_word' id='word_1_90' title='bbox 2117 1303 2192 1356; x_wconf 87' lang='lat' dir='ltr'><strong>illi</strong></span> 
     </span>
    </p>
   </div>
   <div class='ocr_carea' id='block_1_15' title="bbox 643 1393 2237 1462">
    <p class='ocr_par' dir='ltr' id='par_1_15' title="bbox 643 1393 2237 1462">
     <span class='ocr_line' id='line_1_15' title="bbox 643 1393 2237 1462; baseline 0.003 -19"><span class='ocrx_word' id='word_1_91' title='bbox 643 1407 790 1443; x_wconf 88' lang='lat' dir='ltr'><strong>arma</strong></span> <span class='ocrx_word' id='word_1_92' title='bbox 842 1393 1254 1454; x_wconf 85' lang='lat' dir='ltr'><strong>accommodat,</strong></span> <span class='ocrx_word' id='word_1_93' title='bbox 1313 1393 1515 1460; x_wconf 83' lang='lat' dir='ltr'><strong>quibus</strong></span> <span class='ocrx_word' id='word_1_94' title='bbox 1568 1394 1735 1446; x_wconf 85' lang='lat' dir='ltr'><strong>David</strong></span> <span class='ocrx_word' id='word_1_95' title='bbox 1793 1405 2060 1462; x_wconf 85' lang='lat' dir='ltr'><strong>gravatus,</strong></span> <span class='ocrx_word' id='word_1_96' title='bbox 2114 1395 2237 1455; x_wconf 48' lang='lat' dir='ltr'><strong>uti.</strong></span> 
     </span>
    </p>
   </div>
   <div class='ocr_carea' id='block_1_16' title="bbox 644 1483 2192 1554">
    <p class='ocr_par' dir='ltr' id='par_1_16' title="bbox 644 1483 2192 1554">
     <span class='ocr_line' id='line_1_16' title="bbox 644 1483 2192 1554; baseline 0.005 -22"><span class='ocrx_word' id='word_1_97' title='bbox 644 1491 859 1534; x_wconf 85' lang='lat' dir='ltr'><strong>recusat</strong></span> <span class='ocrx_word' id='word_1_98' title='bbox 889 1499 901 1533; x_wconf 89' lang='lat'><strong>:</strong></span> <span class='ocrx_word' id='word_1_99' title='bbox 935 1486 1030 1534; x_wconf 88' lang='lat' dir='ltr'><strong>sed</strong></span> <span class='ocrx_word' id='word_1_100' title='bbox 1065 1483 1258 1536; x_wconf 88' lang='lat' dir='ltr'><strong>baculo</strong></span> <span class='ocrx_word' id='word_1_101' title='bbox 1289 1483 1534 1545; x_wconf 87' lang='lat' dir='ltr'><strong>sublato,</strong></span> <span class='ocrx_word' id='word_1_102' title='bbox 1567 1494 1621 1536; x_wconf 90' lang='lat' dir='ltr'><strong>et</strong></span> <span class='ocrx_word' id='word_1_103' title='bbox 1651 1486 1888 1552; x_wconf 89' lang='lat' dir='ltr'><strong>quinque</strong></span> <span class='ocrx_word' id='word_1_104' title='bbox 1921 1485 2192 1554; x_wconf 77' lang='lat' dir='ltr'><strong>lapidibus</strong></span> 
     </span>
    </p>
   </div>
   <div class='ocr_carea' id='block_1_17' title="bbox 643 1572 2192 1646">
    <p class='ocr_par' dir='ltr' id='par_1_17' title="bbox 643 1572 2192 1646">
     <span class='ocr_line' id='line_1_17' title="bbox 643 1572 2192 1646; baseline 0.004 -22"><span class='ocrx_word' id='word_1_105' title='bbox 643 1573 695 1624; x_wconf 90' lang='lat' dir='ltr'><strong>in</strong></span> <span class='ocrx_word' id='word_1_106' title='bbox 742 1587 868 1639; x_wconf 88' lang='lat' dir='ltr'><strong>pera</strong></span> <span class='ocrx_word' id='word_1_107' title='bbox 915 1573 1171 1636; x_wconf 89' lang='lat' dir='ltr'><strong>conditis,</strong></span> <span class='ocrx_word' id='word_1_108' title='bbox 1207 1589 1329 1626; x_wconf 90' lang='lat' dir='ltr'><strong>cum</strong></span> <span class='ocrx_word' id='word_1_109' title='bbox 1368 1572 1532 1626; x_wconf 84' lang='lat' dir='ltr'><strong>funda</strong></span> <span class='ocrx_word' id='word_1_110' title='bbox 1579 1590 1674 1626; x_wconf 86' lang='lat' dir='ltr'><strong>sua</strong></span> <span class='ocrx_word' id='word_1_111' title='bbox 1711 1575 1776 1627; x_wconf 92' lang='lat' dir='ltr'><strong>ad</strong></span> <span class='ocrx_word' id='word_1_112' title='bbox 1829 1576 2192 1646; x_wconf 76' lang='lat' dir='ltr'><strong>alienigenam</strong></span> 
     </span>
    </p>
   </div>
   <div class='ocr_carea' id='block_1_18' title="bbox 643 1662 2190 1734">
    <p class='ocr_par' dir='ltr' id='par_1_18' title="bbox 643 1662 2190 1734">
     <span class='ocr_line' id='line_1_18' title="bbox 643 1662 2190 1734; baseline 0.006 -23"><span class='ocrx_word' id='word_1_113' title='bbox 643 1670 917 1728; x_wconf 82' lang='lat' dir='ltr'><strong>preperat.</strong></span> <span class='ocrx_word' id='word_1_114' title='bbox 948 1662 1125 1716; x_wconf 84' lang='lat' dir='ltr'><strong>Atille</strong></span> <span class='ocrx_word' id='word_1_115' title='bbox 1174 1679 1270 1730; x_wconf 87' lang='lat' dir='ltr'><strong>per</strong></span> <span class='ocrx_word' id='word_1_116' title='bbox 1327 1663 1564 1717; x_wconf 89' lang='lat' dir='ltr'><strong>derisum</strong></span> <span class='ocrx_word' id='word_1_117' title='bbox 1603 1665 1915 1734; x_wconf 83' lang='lat' dir='ltr'><strong>interrogat,</strong></span> <span class='ocrx_word' id='word_1_118' title='bbox 1969 1682 2094 1719; x_wconf 91' lang='lat' dir='ltr'><strong>num</strong></span> <span class='ocrx_word' id='word_1_119' title='bbox 2125 1667 2190 1720; x_wconf 90' lang='lat' dir='ltr'><strong>ad</strong></span> 
     </span>
    </p>
   </div>
   <div class='ocr_carea' id='block_1_19' title="bbox 642 1753 2192 1824">
    <p class='ocr_par' dir='ltr' id='par_1_19' title="bbox 642 1753 2192 1824">
     <span class='ocr_line' id='line_1_19' title="bbox 642 1753 2192 1824; baseline 0.006 -23"><span class='ocrx_word' id='word_1_120' title='bbox 642 1767 830 1824; x_wconf 45' lang='lat' dir='ltr'><strong>cadem</strong></span> <span class='ocrx_word' id='word_1_121' title='bbox 877 1768 1000 1804; x_wconf 90' lang='lat' dir='ltr'><strong>cum</strong></span> <span class='ocrx_word' id='word_1_122' title='bbox 1044 1755 1233 1806; x_wconf 88' lang='lat' dir='ltr'><strong>baculo</strong></span> <span class='ocrx_word' id='word_1_123' title='bbox 1278 1762 1333 1806; x_wconf 89' lang='lat' dir='ltr'><strong>et</strong></span> <span class='ocrx_word' id='word_1_124' title='bbox 1381 1753 1656 1821; x_wconf 82' lang='lat' dir='ltr'><strong>lapidibus</strong></span> <span class='ocrx_word' id='word_1_125' title='bbox 1694 1755 1818 1807; x_wconf 88' lang='lat' dir='ltr'><strong>iret.</strong></span> <span class='ocrx_word' id='word_1_126' title='bbox 1872 1755 2035 1809; x_wconf 89' lang='lat' dir='ltr'><strong>David</strong></span> <span class='ocrx_word' id='word_1_127' title='bbox 2103 1766 2192 1810; x_wconf 88' lang='lat' dir='ltr'><strong>re-</strong></span> 
     </span>
    </p>
   </div>
   <div class='ocr_carea' id='block_1_20' title="bbox 642 1822 2265 1911">
    <p class='ocr_par' dir='ltr' id='par_1_20' title="bbox 642 1822 2265 1911">
     <span class='ocr_line' id='line_1_20' title="bbox 642 1822 2265 1911; baseline 0.005 -17"><span class='ocrx_word' id='word_1_128' title='bbox 642 1844 891 1911; x_wconf 86' lang='lat' dir='ltr'><strong>spondet,</strong></span> <span class='ocrx_word' id='word_1_129' title='bbox 940 1861 1064 1898; x_wconf 89' lang='lat' dir='ltr'><strong>eum</strong></span> <span class='ocrx_word' id='word_1_130' title='bbox 1124 1846 1232 1898; x_wconf 81' lang='lat' dir='ltr'><strong>sibi</strong></span> <span class='ocrx_word' id='word_1_131' title='bbox 1272 1860 1403 1899; x_wconf 90' lang='lat' dir='ltr'><strong>cane</strong></span> <span class='ocrx_word' id='word_1_132' title='bbox 1449 1847 1774 1901; x_wconf 89' lang='lat' dir='ltr'><strong>deteriorem</strong></span> <span class='ocrx_word' id='word_1_133' title='bbox 1820 1848 2014 1901; x_wconf 89' lang='lat' dir='ltr'><strong>videri.</strong></span> <span class='ocrx_word' id='word_1_134' title='bbox 2056 1849 2193 1902; x_wconf 84' lang='lat' dir='ltr'><strong>Tum</strong></span> <span class='ocrx_word' id='word_1_135' title='bbox 2225 1822 2265 1875; x_wconf 68' lang='grc' dir='ltr'>Β</span> 
     </span>
    </p>
   </div>
   <div class='ocr_carea' id='block_1_21' title="bbox 643 1934 2218 2006">
    <p class='ocr_par' dir='ltr' id='par_1_21' title="bbox 643 1934 2218 2006">
     <span class='ocr_line' id='line_1_21' title="bbox 643 1934 2218 2006; baseline 0.006 -23"><span class='ocrx_word' id='word_1_136' title='bbox 643 1934 733 2001; x_wconf 83' lang='lat' dir='ltr'><strong>ille</strong></span> <span class='ocrx_word' id='word_1_137' title='bbox 755 1934 952 1996; x_wconf 85' lang='lat' dir='ltr'><strong>iratus,</strong></span> <span class='ocrx_word' id='word_1_138' title='bbox 995 1936 1174 1987; x_wconf 84' lang='lat' dir='ltr'><strong>verbis</strong></span> <span class='ocrx_word' id='word_1_139' title='bbox 1212 1937 1594 2003; x_wconf 80' lang='lat' dir='ltr'><strong>arrogantibus</strong></span> <span class='ocrx_word' id='word_1_140' title='bbox 1629 1951 1684 1987; x_wconf 90' lang='lat' dir='ltr'><strong>se</strong></span> <span class='ocrx_word' id='word_1_141' title='bbox 1719 1951 1938 1989; x_wconf 89' lang='lat' dir='ltr'><strong>carnem</strong></span> <span class='ocrx_word' id='word_1_142' title='bbox 1966 1939 2084 2006; x_wconf 87' lang='lat' dir='ltr'><strong>ejus</strong></span> <span class='ocrx_word' id='word_1_143' title='bbox 2112 1938 2218 2001; x_wconf 80' lang='lat' dir='ltr'><strong>fe-_</strong></span> 
     </span>
    </p>
   </div>
   <div class='ocr_carea' id='block_1_22' title="bbox 643 2023 2194 2089">
    <p class='ocr_par' dir='ltr' id='par_1_22' title="bbox 643 2023 2194 2089">
     <span class='ocr_line' id='line_1_22' title="bbox 643 2023 2194 2089; baseline 0.005 -15"><span class='ocrx_word' id='word_1_144' title='bbox 643 2023 716 2074; x_wconf 92' lang='lat' dir='ltr'><strong>ris</strong></span> <span class='ocrx_word' id='word_1_145' title='bbox 743 2032 800 2075; x_wconf 88' lang='lat' dir='ltr'><strong>et</strong></span> <span class='ocrx_word' id='word_1_146' title='bbox 849 2025 1072 2078; x_wconf 77' lang='lat' dir='ltr'><strong>alitibus</strong></span> <span class='ocrx_word' id='word_1_147' title='bbox 1103 2026 1356 2078; x_wconf 89' lang='lat' dir='ltr'><strong>daturum</strong></span> <span class='ocrx_word' id='word_1_148' title='bbox 1404 2027 1681 2089; x_wconf 83' lang='lat' dir='ltr'><strong>minitans,</strong></span> <span class='ocrx_word' id='word_1_149' title='bbox 1719 2036 1906 2079; x_wconf 85' lang='lat' dir='ltr'><strong>contra</strong></span> <span class='ocrx_word' id='word_1_150' title='bbox 1943 2028 2194 2083; x_wconf 86' lang='lat' dir='ltr'><strong>Davidem</strong></span> 
     </span>
    </p>
   </div>
   <div class='ocr_carea' id='block_1_23' title="bbox 643 2105 2232 2186">
    <p class='ocr_par' dir='ltr' id='par_1_23' title="bbox 643 2105 2232 2186">
     <span class='ocr_line' id='line_1_23' title="bbox 643 2105 2232 2186; baseline 0.006 -25"><span class='ocrx_word' id='word_1_151' title='bbox 643 2111 754 2162; x_wconf 88' lang='lat' dir='ltr'><strong>ruit</strong></span> <span class='ocrx_word' id='word_1_152' title='bbox 786 2129 798 2162; x_wconf 89' lang='lat'>:</span> <span class='ocrx_word' id='word_1_153' title='bbox 837 2114 929 2180; x_wconf 86' lang='lat' dir='ltr'><strong>qui</strong></span> <span class='ocrx_word' id='word_1_154' title='bbox 966 2123 1022 2166; x_wconf 88' lang='lat' dir='ltr'><strong>et</strong></span> <span class='ocrx_word' id='word_1_155' title='bbox 1053 2114 1166 2181; x_wconf 86' lang='lat' dir='ltr'><strong>ipse</strong></span> <span class='ocrx_word' id='word_1_156' title='bbox 1196 2114 1445 2167; x_wconf 86' lang='lat' dir='ltr'><strong>celeriter</strong></span> <span class='ocrx_word' id='word_1_157' title='bbox 1482 2114 1661 2182; x_wconf 85' lang='lat' dir='ltr'><strong>lapide</strong></span> <span class='ocrx_word' id='word_1_158' title='bbox 1705 2115 1890 2169; x_wconf 69' lang='lat' dir='ltr'><strong>fundae</strong></span> <span class='ocrx_word' id='word_1_159' title='bbox 1916 2116 2193 2186; x_wconf 86' lang='lat' dir='ltr'><strong>imposito,</strong></span> <span class='ocrx_word' id='word_1_160' title='bbox 2222 2105 2232 2113; x_wconf 64' lang='grc'><strong>’</strong></span> 
     </span>
    </p>
   </div>
   <div class='ocr_carea' id='block_1_24' title="bbox 644 2202 2194 2280">
    <p class='ocr_par' dir='ltr' id='par_1_24' title="bbox 644 2202 2194 2280">
     <span class='ocr_line' id='line_1_24' title="bbox 644 2202 2194 2280; baseline 0.005 -27"><span class='ocrx_word' id='word_1_161' title='bbox 644 2202 901 2280; x_wconf 27' lang='lat' dir='ltr'><strong>frontem.</strong></span> <span class='ocrx_word' id='word_1_162' title='bbox 932 2203 1104 2256; x_wconf 87' lang='lat' dir='ltr'><strong>hostis</strong></span> <span class='ocrx_word' id='word_1_163' title='bbox 1150 2204 1259 2257; x_wconf 91' lang='lat' dir='ltr'><strong>ictu</strong></span> <span class='ocrx_word' id='word_1_164' title='bbox 1302 2205 1439 2258; x_wconf 85' lang='lat' dir='ltr'><strong>adeo</strong></span> <span class='ocrx_word' id='word_1_165' title='bbox 1494 2205 1803 2258; x_wconf 84' lang='lat' dir='ltr'><strong>vehementi</strong></span> <span class='ocrx_word' id='word_1_166' title='bbox 1845 2205 1990 2269; x_wconf 82' lang='lat' dir='ltr'><strong>ferit,</strong></span> <span class='ocrx_word' id='word_1_167' title='bbox 2043 2217 2103 2259; x_wconf 91' lang='lat' dir='ltr'><strong>ut</strong></span> <span class='ocrx_word' id='word_1_168' title='bbox 2147 2208 2194 2261; x_wconf 89' lang='lat' dir='ltr'><strong>is</strong></span> 
     </span>
    </p>
   </div>
   <div class='ocr_carea' id='block_1_25' title="bbox 644 2293 2192 2360">
    <p class='ocr_par' dir='ltr' id='par_1_25' title="bbox 644 2293 2192 2360">
     <span class='ocr_line' id='line_1_25' title="bbox 644 2293 2192 2360; baseline 0.005 -18"><span class='ocrx_word' id='word_1_169' title='bbox 644 2307 848 2359; x_wconf 89' lang='lat' dir='ltr'><strong>pronus</strong></span> <span class='ocrx_word' id='word_1_170' title='bbox 893 2293 946 2344; x_wconf 89' lang='lat' dir='ltr'><strong>in</strong></span> <span class='ocrx_word' id='word_1_171' title='bbox 981 2296 1171 2347; x_wconf 83' lang='lat' dir='ltr'><strong>faciem</strong></span> <span class='ocrx_word' id='word_1_172' title='bbox 1207 2305 1508 2349; x_wconf 91' lang='lat' dir='ltr'><strong>corrueret.</strong></span> <span class='ocrx_word' id='word_1_173' title='bbox 1543 2296 1710 2349; x_wconf 80' lang='lat' dir='ltr'><strong>David</strong></span> <span class='ocrx_word' id='word_1_174' title='bbox 1743 2297 2004 2360; x_wconf 81' lang='lat' dir='ltr'><strong>accurrit,</strong></span> <span class='ocrx_word' id='word_1_175' title='bbox 2054 2298 2192 2352; x_wconf 93' lang='lat' dir='ltr'><strong>edu-</strong></span> 
     </span>
    </p>
   </div>
   <div class='ocr_carea' id='block_1_26' title="bbox 643 2383 2190 2456">
    <p class='ocr_par' dir='ltr' id='par_1_26' title="bbox 643 2383 2190 2456">
     <span class='ocr_line' id='line_1_26' title="bbox 643 2383 2190 2456; baseline 0.003 -20"><span class='ocrx_word' id='word_1_176' title='bbox 643 2393 835 2451; x_wconf 84' lang='lat' dir='ltr'><strong>ctoque</strong></span> <span class='ocrx_word' id='word_1_177' title='bbox 870 2383 1035 2438; x_wconf 70' lang='lat' dir='ltr'><strong>Golia:</strong></span> <span class='ocrx_word' id='word_1_178' title='bbox 1075 2386 1270 2456; x_wconf 90' lang='lat' dir='ltr'><strong>gladio,</strong></span> <span class='ocrx_word' id='word_1_179' title='bbox 1311 2397 1474 2456; x_wconf 88' lang='lat' dir='ltr'><strong>caput</strong></span> <span class='ocrx_word' id='word_1_180' title='bbox 1511 2387 1585 2441; x_wconf 90' lang='lat' dir='ltr'><strong>illi</strong></span> <span class='ocrx_word' id='word_1_181' title='bbox 1625 2387 1888 2456; x_wconf 69' lang='lat' dir='ltr'><strong>prtecidit,</strong></span> <span class='ocrx_word' id='word_1_182' title='bbox 1924 2397 1979 2441; x_wconf 89' lang='lat' dir='ltr'><strong>et</strong></span> <span class='ocrx_word' id='word_1_183' title='bbox 2021 2387 2190 2456; x_wconf 85' lang='lat' dir='ltr'><strong>spolia</strong></span> 
     </span>
    </p>
   </div>
   <div class='ocr_carea' id='block_1_27' title="bbox 643 2473 2189 2542">
    <p class='ocr_par' dir='ltr' id='par_1_27' title="bbox 643 2473 2189 2542">
     <span class='ocr_line' id='line_1_27' title="bbox 643 2473 2189 2542; baseline 0.001 -19"><span class='ocrx_word' id='word_1_184' title='bbox 643 2473 760 2541; x_wconf 82' lang='lat' dir='ltr'><strong>ejus</strong></span> <span class='ocrx_word' id='word_1_185' title='bbox 794 2473 944 2542; x_wconf 85' lang='lat' dir='ltr'><strong>legit.</strong></span> <span class='ocrx_word' id='word_1_186' title='bbox 968 2473 1054 2526; x_wconf 80' lang='lat' dir='ltr'><strong>Ea</strong></span> <span class='ocrx_word' id='word_1_187' title='bbox 1088 2490 1144 2528; x_wconf 91' lang='lat' dir='ltr'><strong>re</strong></span> <span class='ocrx_word' id='word_1_188' title='bbox 1174 2474 1494 2542; x_wconf 63' lang='lat' dir='ltr'><strong>alienigene</strong></span> <span class='ocrx_word' id='word_1_189' title='bbox 1529 2475 1728 2539; x_wconf 85' lang='lat' dir='ltr'><strong>territi,</strong></span> <span class='ocrx_word' id='word_1_190' title='bbox 1761 2474 1818 2527; x_wconf 86' lang='lat' dir='ltr'><strong>in</strong></span> <span class='ocrx_word' id='word_1_191' title='bbox 1856 2473 2036 2541; x_wconf 81' lang='lat' dir='ltr'><strong>fugam</strong></span> <span class='ocrx_word' id='word_1_192' title='bbox 2066 2487 2189 2526; x_wconf 89' lang='lat' dir='ltr'><strong>ver-</strong></span> 
     </span>
    </p>
   </div>
   <div class='ocr_carea' id='block_1_28' title="bbox 645 2562 2187 2634">
    <p class='ocr_par' dir='ltr' id='par_1_28' title="bbox 645 2562 2187 2634">
     <span class='ocr_line' id='line_1_28' title="bbox 645 2562 2187 2634; baseline 0.002 -21"><span class='ocrx_word' id='word_1_193' title='bbox 645 2573 851 2615; x_wconf 86' lang='lat' dir='ltr'><strong>tuntur.</strong></span> <span class='ocrx_word' id='word_1_194' title='bbox 920 2562 1046 2616; x_wconf 90' lang='lat' dir='ltr'><strong>Saul</strong></span> <span class='ocrx_word' id='word_1_195' title='bbox 1110 2565 1352 2619; x_wconf 89' lang='lat' dir='ltr'><strong>immisso</strong></span> <span class='ocrx_word' id='word_1_196' title='bbox 1405 2564 1739 2634; x_wconf 81' lang='lat' dir='ltr'><strong>fugientibus</strong></span> <span class='ocrx_word' id='word_1_197' title='bbox 1786 2562 2028 2616; x_wconf 76' lang='lat' dir='ltr'><strong>exercitu</strong></span> <span class='ocrx_word' id='word_1_198' title='bbox 2068 2575 2187 2626; x_wconf 89' lang='lat' dir='ltr'><strong>suo,</strong></span> 
     </span>
    </p>
   </div>
   <div class='ocr_carea' id='block_1_29' title="bbox 646 2653 2189 2722">
    <p class='ocr_par' dir='ltr' id='par_1_29' title="bbox 646 2653 2189 2722">
     <span class='ocr_line' id='line_1_29' title="bbox 646 2653 2189 2722; baseline 0.002 -20"><span class='ocrx_word' id='word_1_199' title='bbox 646 2666 889 2719; x_wconf 82' lang='lat' dir='ltr'><strong>magnam</strong></span> <span class='ocrx_word' id='word_1_200' title='bbox 932 2655 1144 2705; x_wconf 90' lang='lat' dir='ltr'><strong>turbam</strong></span> <span class='ocrx_word' id='word_1_201' title='bbox 1194 2654 1415 2716; x_wconf 89' lang='lat' dir='ltr'><strong>occidit,</strong></span> <span class='ocrx_word' id='word_1_202' title='bbox 1466 2654 1649 2722; x_wconf 87' lang='lat' dir='ltr'><strong>plures</strong></span> <span class='ocrx_word' id='word_1_203' title='bbox 1702 2653 1970 2716; x_wconf 80' lang='lat' dir='ltr'><strong>vulnerat,</strong></span> <span class='ocrx_word' id='word_1_204' title='bbox 2014 2661 2189 2722; x_wconf 85' lang='lat' dir='ltr'><strong>castra</strong></span> 
     </span>
    </p>
   </div>
   <div class='ocr_carea' id='block_1_30' title="bbox 643 2737 2189 2814">
    <p class='ocr_par' dir='ltr' id='par_1_30' title="bbox 643 2737 2189 2814">
     <span class='ocr_line' id='line_1_30' title="bbox 643 2737 2189 2814; baseline 0.005 -22"><span class='ocrx_word' id='word_1_205' title='bbox 643 2743 850 2808; x_wconf 86' lang='lat' dir='ltr'><strong>diripit.</strong></span> <span class='ocrx_word' id='word_1_206' title='bbox 908 2743 1070 2797; x_wconf 83' lang='lat' dir='ltr'><strong>David</strong></span> <span class='ocrx_word' id='word_1_207' title='bbox 1107 2745 1273 2800; x_wconf 76' lang='lat' dir='ltr'><strong>Golia:</strong></span> <span class='ocrx_word' id='word_1_208' title='bbox 1323 2754 1485 2814; x_wconf 91' lang='lat' dir='ltr'><strong>caput</strong></span> <span class='ocrx_word' id='word_1_209' title='bbox 1538 2745 1685 2798; x_wconf 89' lang='lat' dir='ltr'><strong>Sauli</strong></span> <span class='ocrx_word' id='word_1_210' title='bbox 1733 2737 1913 2809; x_wconf 78' lang='lat' dir='ltr'><strong>oil‘ert,</strong></span> <span class='ocrx_word' id='word_1_211' title='bbox 1955 2743 2189 2814; x_wconf 84' lang='lat' dir='ltr'><strong>gladium</strong></span> 
     </span>
    </p>
   </div>
   <div class='ocr_carea' id='block_1_31' title="bbox 645 2834 1078 2890">
    <p class='ocr_par' dir='ltr' id='par_1_31' title="bbox 645 2834 1078 2890">
     <span class='ocr_line' id='line_1_31' title="bbox 645 2834 1078 2890; baseline 0.007 -5"><span class='ocrx_word' id='word_1_212' title='bbox 645 2834 752 2885; x_wconf 89' lang='lat' dir='ltr'><strong>Deo</strong></span> <span class='ocrx_word' id='word_1_213' title='bbox 779 2847 1078 2890; x_wconf 80' lang='lat' dir='ltr'><strong>consecrat.</strong></span> 
     </span>
    </p>
   </div>
   <div class='ocr_carea' id='block_1_32' title="bbox 643 2917 3956 3000">
    <p class='ocr_par' dir='ltr' id='par_1_32' title="bbox 643 2917 3956 3000">
     <span class='ocr_line' id='line_1_32' title="bbox 643 2917 3956 3000; baseline 0 -26"><span class='ocrx_word' id='word_1_214' title='bbox 643 2923 689 2970; x_wconf 82' lang='grc' dir='ltr'><strong>εί</strong></span> <span class='ocrx_word' id='word_1_215' title='bbox 718 2927 846 2991; x_wconf 74' lang='grc' dir='ltr'>πρὸς</span> <span class='ocrx_word' id='word_1_216' title='bbox 873 2927 1005 2978; x_wconf 80' lang='grc' dir='ltr'><strong>κύνα</strong></span> <span class='ocrx_word' id='word_1_217' title='bbox 1028 2931 1091 2993; x_wconf 76' lang='grc' dir='ltr'><strong>τῇ</strong></span> <span class='ocrx_word' id='word_1_218' title='bbox 1117 2925 1382 2996; x_wconf 70' lang='grc' dir='ltr'><strong>βακτηρίᾳ</strong></span> <span class='ocrx_word' id='word_1_219' title='bbox 1409 2927 1501 2978; x_wconf 75' lang='grc' dir='ltr'><strong>καὶ</strong></span> <span class='ocrx_word' id='word_1_220' title='bbox 1527 2928 1635 2989; x_wconf 88' lang='grc' dir='ltr'>τοῖς</span> <span class='ocrx_word' id='word_1_221' title='bbox 1669 2927 1834 2990; x_wconf 83' lang='grc' dir='ltr'>λίθοις</span> <span class='ocrx_word' id='word_1_222' title='bbox 1863 2929 2185 2999; x_wconf 76' lang='grc' dir='ltr'><strong>πορεύεταις</strong></span> <span class='ocrx_word' id='word_1_223' title='bbox 2227 2927 2337 2981; x_wconf 74' lang='grc' dir='ltr'><strong>Καὶ</strong></span> <span class='ocrx_word' id='word_1_224' title='bbox 2368 2929 2395 2980; x_wconf 98' lang='lat'><strong>6</strong></span> <span class='ocrx_word' id='word_1_225' title='bbox 2426 2925 2587 2978; x_wconf 79' lang='lat' dir='ltr'><em>Aa6i6</em></span> <span class='ocrx_word' id='word_1_226' title='bbox 2618 2926 2712 2979; x_wconf 85' lang='grc' dir='ltr'><strong>καὶ</strong></span> <span class='ocrx_word' id='word_1_227' title='bbox 2775 2927 2943 2997; x_wconf 83' lang='grc' dir='ltr'>χείρω</span> <span class='ocrx_word' id='word_1_228' title='bbox 2988 2917 3146 2986; x_wconf 75' lang='grc' dir='ltr'>κυνός</span> <span class='ocrx_word' id='word_1_229' title='bbox 3187 2926 3435 2995; x_wconf 70' lang='grc' dir='ltr'><strong>ἡγεῖσθαι</strong></span> <span class='ocrx_word' id='word_1_230' title='bbox 3476 2923 3637 2978; x_wconf 77' lang='grc' dir='ltr'>αὑτὸν</span> <span class='ocrx_word' id='word_1_231' title='bbox 3701 2923 3850 2975; x_wconf 84' lang='grc' dir='ltr'><strong>ἀπε·</strong></span> <span class='ocrx_word' id='word_1_232' title='bbox 3948 2993 3956 3000; x_wconf 25' lang='grc' dir='ltr'><strong>ρ</strong></span> 
     </span>
    </p>
   </div>
   <div class='ocr_carea' id='block_1_33' title="bbox 2308 583 3835 653">
    <p class='ocr_par' dir='ltr' id='par_1_33' title="bbox 2308 583 3835 653">
     <span class='ocr_line' id='line_1_33' title="bbox 2308 583 3835 653; baseline 0.002 -16"><span class='ocrx_word' id='word_1_233' title='bbox 2308 585 2502 637; x_wconf 74' lang='grc' dir='ltr'><strong>Ἰεσσαὶ</strong></span> <span class='ocrx_word' id='word_1_234' title='bbox 2550 583 2982 651; x_wconf 80' lang='grc' dir='ltr'><strong>ἁναπέμψαντος,</strong></span> <span class='ocrx_word' id='word_1_235' title='bbox 3032 585 3058 636; x_wconf 87' lang='lat'><strong>6</strong></span> <span class='ocrx_word' id='word_1_236' title='bbox 3106 585 3285 652; x_wconf 77' lang='grc' dir='ltr'>πατὴρ</span> <span class='ocrx_word' id='word_1_237' title='bbox 3331 584 3493 637; x_wconf 83' lang='grc' dir='ltr'><strong>αὐτὸν</strong></span> <span class='ocrx_word' id='word_1_238' title='bbox 3553 585 3835 653; x_wconf 76' lang='grc' dir='ltr'><strong>ἔσταλκεν,</strong></span> 
     </span>
    </p>
   </div>
   <div class='ocr_carea' id='block_1_34' title="bbox 2293 671 3840 742">
    <p class='ocr_par' dir='ltr' id='par_1_34' title="bbox 2293 671 3840 742">
     <span class='ocr_line' id='line_1_34' title="bbox 2293 671 3840 742; baseline -0.002 -17"><span class='ocrx_word' id='word_1_239' title='bbox 2293 675 2371 734; x_wconf 71' lang='grc' dir='ltr'>τίς</span> <span class='ocrx_word' id='word_1_240' title='bbox 2407 674 2468 725; x_wconf 79' lang='grc' dir='ltr'><strong>τὸ</strong></span> <span class='ocrx_word' id='word_1_241' title='bbox 2508 671 2882 742; x_wconf 79' lang='grc' dir='ltr'><strong>στρατόπεδον,</strong></span> <span class='ocrx_word' id='word_1_242' title='bbox 2917 673 3025 732; x_wconf 80' lang='grc' dir='ltr'><strong>τοῖς</strong></span> <span class='ocrx_word' id='word_1_243' title='bbox 3065 671 3512 738; x_wconf 84' lang='grc' dir='ltr'><strong>στρατευομένοις</strong></span> <span class='ocrx_word' id='word_1_244' title='bbox 3540 671 3646 723; x_wconf 85' lang='grc' dir='ltr'><strong>τῶν</strong></span> <span class='ocrx_word' id='word_1_245' title='bbox 3689 673 3840 725; x_wconf 84' lang='grc' dir='ltr'><strong>ἀδελ-</strong></span> 
     </span>
    </p>
   </div>
   <div class='ocr_carea' id='block_1_35' title="bbox 2295 757 3838 833">
    <p class='ocr_par' dir='ltr' id='par_1_35' title="bbox 2295 757 3838 833">
     <span class='ocr_line' id='line_1_35' title="bbox 2295 757 3838 833; baseline 0 -17"><span class='ocrx_word' id='word_1_246' title='bbox 2295 765 2408 833; x_wconf 83' lang='grc' dir='ltr'>φῶν</span> <span class='ocrx_word' id='word_1_247' title='bbox 2457 762 2748 832; x_wconf 81' lang='grc' dir='ltr'>κομιοῦντα</span> <span class='ocrx_word' id='word_1_248' title='bbox 2793 763 2863 813; x_wconf 87' lang='grc' dir='ltr'><strong>τά</strong></span> <span class='ocrx_word' id='word_1_249' title='bbox 2916 760 3213 829; x_wconf 77' lang='grc' dir='ltr'><strong>ἐπιτήδεια.</strong></span> <span class='ocrx_word' id='word_1_250' title='bbox 3266 761 3426 830; x_wconf 83' lang='grc' dir='ltr'>Τρεῖς</span> <span class='ocrx_word' id='word_1_251' title='bbox 3460 761 3568 829; x_wconf 84' lang='grc' dir='ltr'><strong>γὰρ</strong></span> <span class='ocrx_word' id='word_1_252' title='bbox 3597 757 3736 832; x_wconf 79' lang='grc' dir='ltr'><strong>ἦσαν</strong></span> <span class='ocrx_word' id='word_1_253' title='bbox 3785 766 3838 816; x_wconf 85' lang='grc' dir='ltr'><strong>οί</strong></span> 
     </span>
    </p>
   </div>
   <div class='ocr_carea' id='block_1_36' title="bbox 2295 849 3839 920">
    <p class='ocr_par' dir='ltr' id='par_1_36' title="bbox 2295 849 3839 920">
     <span class='ocr_line' id='line_1_36' title="bbox 2295 849 3839 920; baseline 0.002 -17"><span class='ocrx_word' id='word_1_254' title='bbox 2295 852 2649 920; x_wconf 82' lang='grc' dir='ltr'><strong>πρεσϐύτεροι</strong></span> <span class='ocrx_word' id='word_1_255' title='bbox 2672 849 2749 919; x_wconf 85' lang='grc' dir='ltr'><strong>τῷ</strong></span> <span class='ocrx_word' id='word_1_256' title='bbox 2765 849 2943 902; x_wconf 79' lang='grc' dir='ltr'>’Σαοὺλ</span> <span class='ocrx_word' id='word_1_257' title='bbox 2971 851 3340 918; x_wconf 83' lang='grc' dir='ltr'><strong>συνεπόμενοι.</strong></span> <span class='ocrx_word' id='word_1_258' title='bbox 3371 852 3646 914; x_wconf 85' lang='grc' dir='ltr'>Ἐλθόντος</span> <span class='ocrx_word' id='word_1_259' title='bbox 3667 853 3722 906; x_wconf 82' lang='grc' dir='ltr'>δὲ</span> <span class='ocrx_word' id='word_1_260' title='bbox 3743 854 3839 906; x_wconf 82' lang='grc' dir='ltr'><strong>τοῦ</strong></span> 
     </span>
    </p>
   </div>
   <div class='ocr_carea' id='block_1_37' title="bbox 2295 941 3840 1013">
    <p class='ocr_par' dir='ltr' id='par_1_37' title="bbox 2295 941 3840 1013">
     <span class='ocr_line' id='line_1_37' title="bbox 2295 941 3840 1013; baseline 0.003 -18"><span class='ocrx_word' id='word_1_261' title='bbox 2295 942 2455 995; x_wconf 76' lang='grc' dir='ltr'><strong>Δαὸὶδ</strong></span> <span class='ocrx_word' id='word_1_262' title='bbox 2507 944 2639 1012; x_wconf 80' lang='grc' dir='ltr'>πρὸς</span> <span class='ocrx_word' id='word_1_263' title='bbox 2688 941 2812 1002; x_wconf 74' lang='grc' dir='ltr'><strong>τοὺς</strong></span> <span class='ocrx_word' id='word_1_264' title='bbox 2867 942 3147 1008; x_wconf 76' lang='grc' dir='ltr'>ἀδελφοὺς,</span> <span class='ocrx_word' id='word_1_265' title='bbox 3203 943 3230 994; x_wconf 86' lang='lat'><strong>6</strong></span> <span class='ocrx_word' id='word_1_266' title='bbox 3278 942 3568 1013; x_wconf 78' lang='grc' dir='ltr'><strong>ἀλλόφυλος</strong></span> <span class='ocrx_word' id='word_1_267' title='bbox 3623 943 3840 1011; x_wconf 86' lang='grc' dir='ltr'><strong>Γολιάθ,</strong></span> 
     </span>
    </p>
   </div>
   <div class='ocr_carea' id='block_1_38' title="bbox 2295 1032 3841 1105">
    <p class='ocr_par' dir='ltr' id='par_1_38' title="bbox 2295 1032 3841 1105">
     <span class='ocr_line' id='line_1_38' title="bbox 2295 1032 3841 1105; baseline 0.001 -18"><span class='ocrx_word' id='word_1_268' title='bbox 2295 1035 2475 1094; x_wconf 84' lang='grc' dir='ltr'><strong>πάλιν,</strong></span> <span class='ocrx_word' id='word_1_269' title='bbox 2502 1035 2576 1096; x_wconf 83' lang='grc' dir='ltr'><strong>ὡς</strong></span> <span class='ocrx_word' id='word_1_270' title='bbox 2606 1033 2723 1095; x_wconf 81' lang='grc' dir='ltr'><strong>έθος</strong></span> <span class='ocrx_word' id='word_1_271' title='bbox 2767 1032 2934 1100; x_wconf 73' lang='grc' dir='ltr'><strong>αὐτῷ,</strong></span> <span class='ocrx_word' id='word_1_272' title='bbox 2975 1036 3054 1096; x_wconf 89' lang='grc' dir='ltr'><strong>είς</strong></span> <span class='ocrx_word' id='word_1_273' title='bbox 3092 1035 3422 1104; x_wconf 79' lang='grc' dir='ltr'><strong>μονομαχίαν</strong></span> <span class='ocrx_word' id='word_1_274' title='bbox 3459 1035 3841 1105; x_wconf 80' lang='grc' dir='ltr'><strong>προύκαλεῖτο,</strong></span> 
     </span>
    </p>
   </div>
   <div class='ocr_carea' id='block_1_39' title="bbox 2295 1121 3846 1195">
    <p class='ocr_par' dir='ltr' id='par_1_39' title="bbox 2295 1121 3846 1195">
     <span class='ocr_line' id='line_1_39' title="bbox 2295 1121 3846 1195; baseline 0.001 -21"><span class='ocrx_word' id='word_1_275' title='bbox 2295 1124 2388 1176; x_wconf 74' lang='grc' dir='ltr'><strong>καὶ</strong></span> <span class='ocrx_word' id='word_1_276' title='bbox 2420 1124 2543 1181; x_wconf 83' lang='grc' dir='ltr'><strong>τοὺς</strong></span> <span class='ocrx_word' id='word_1_277' title='bbox 2583 1122 2858 1192; x_wconf 72' lang='grc' dir='ltr'>Ἐϐραίους</span> <span class='ocrx_word' id='word_1_278' title='bbox 2882 1121 3172 1186; x_wconf 78' lang='grc' dir='ltr'><strong>ὠνείδιζεν,</strong></span> <span class='ocrx_word' id='word_1_279' title='bbox 3196 1124 3276 1175; x_wconf 84' lang='grc' dir='ltr'><strong>ὅτι</strong></span> <span class='ocrx_word' id='word_1_280' title='bbox 3311 1124 3498 1192; x_wconf 70' lang='grc' dir='ltr'>μηδεὶς</span> <span class='ocrx_word' id='word_1_281' title='bbox 3526 1124 3676 1195; x_wconf 87' lang='grc' dir='ltr'><strong>αὐτῷ</strong></span> <span class='ocrx_word' id='word_1_282' title='bbox 3701 1142 3846 1193; x_wconf 79' lang='grc' dir='ltr'><strong>συμ-</strong></span> 
     </span>
    </p>
   </div>
   <div class='ocr_carea' id='block_1_40' title="bbox 2297 1197 3842 1282">
    <p class='ocr_par' dir='ltr' id='par_1_40' title="bbox 2297 1197 3842 1282">
     <span class='ocr_line' id='line_1_40' title="bbox 2297 1197 3842 1282; baseline 0.001 -18"><span class='ocrx_word' id='word_1_283' title='bbox 2297 1213 2445 1282; x_wconf 82' lang='grc' dir='ltr'>μίξαι</span> <span class='ocrx_word' id='word_1_284' title='bbox 2470 1213 2678 1282; x_wconf 74' lang='grc' dir='ltr'><strong>θαρρεῖ.</strong></span> <span class='ocrx_word' id='word_1_285' title='bbox 2728 1212 2986 1274; x_wconf 83' lang='grc' dir='ltr'><strong>Ἀκούσας</strong></span> <span class='ocrx_word' id='word_1_286' title='bbox 3024 1213 3080 1264; x_wconf 84' lang='grc' dir='ltr'>δὲ</span> <span class='ocrx_word' id='word_1_287' title='bbox 3103 1213 3210 1263; x_wconf 87' lang='grc' dir='ltr'>τῶν</span> <span class='ocrx_word' id='word_1_288' title='bbox 3241 1212 3412 1279; x_wconf 83' lang='grc' dir='ltr'>λόγων</span> <span class='ocrx_word' id='word_1_289' title='bbox 3434 1197 3635 1266; x_wconf 84' lang='grc' dir='ltr'><strong>τούτων</strong></span> <span class='ocrx_word' id='word_1_290' title='bbox 3654 1214 3842 1277; x_wconf 76' lang='grc' dir='ltr'><strong>Δαόὶδ,</strong></span> 
     </span>
    </p>
   </div>
   <div class='ocr_carea' id='block_1_41' title="bbox 2295 1297 3847 1372">
    <p class='ocr_par' dir='ltr' id='par_1_41' title="bbox 2295 1297 3847 1372">
     <span class='ocr_line' id='line_1_41' title="bbox 2295 1297 3847 1372; baseline -0.001 -17"><span class='ocrx_word' id='word_1_291' title='bbox 2295 1304 2659 1371; x_wconf 73' lang='grc' dir='ltr'><strong>ἠγανάκτησε,</strong></span> <span class='ocrx_word' id='word_1_292' title='bbox 2692 1297 2784 1354; x_wconf 73' lang='grc' dir='ltr'><strong>καὶ</strong></span> <span class='ocrx_word' id='word_1_293' title='bbox 2834 1298 2952 1354; x_wconf 77' lang='grc' dir='ltr'><strong>εἶπε</strong></span> <span class='ocrx_word' id='word_1_294' title='bbox 3001 1303 3136 1372; x_wconf 79' lang='grc' dir='ltr'><strong>πρὸς</strong></span> <span class='ocrx_word' id='word_1_295' title='bbox 3178 1301 3302 1364; x_wconf 82' lang='grc' dir='ltr'>τοὺς</span> <span class='ocrx_word' id='word_1_296' title='bbox 3337 1305 3604 1370; x_wconf 82' lang='grc' dir='ltr'><strong>παρόντας</strong></span> <span class='ocrx_word' id='word_1_297' title='bbox 3631 1321 3646 1335; x_wconf 82' lang='grc'><em>’</em></span> <span class='ocrx_word' id='word_1_298' title='bbox 3696 1302 3847 1371; x_wconf 84' lang='grc' dir='ltr'>Ἐγὼ</span> 
     </span>
    </p>
   </div>
   <div class='ocr_carea' id='block_1_42' title="bbox 2297 1391 3841 1474">
    <p class='ocr_par' dir='ltr' id='par_1_42' title="bbox 2297 1391 3841 1474">
     <span class='ocr_line' id='line_1_42' title="bbox 2297 1391 3841 1474; baseline 0.001 -29"><span class='ocrx_word' id='word_1_299' title='bbox 2297 1394 2658 1465; x_wconf 82' lang='grc' dir='ltr'><strong>μονομαχήσω</strong></span> <span class='ocrx_word' id='word_1_300' title='bbox 2723 1391 2902 1474; x_wconf 66' lang='grc' dir='ltr'><strong>αὐτῷ.</strong></span> <span class='ocrx_word' id='word_1_301' title='bbox 2942 1453 2945 1457; x_wconf 28' lang='grc' dir='ltr'>η</span> <span class='ocrx_word' id='word_1_302' title='bbox 2986 1393 3284 1461; x_wconf 77' lang='grc' dir='ltr'><strong>Ἀνηγγέλη</strong></span> <span class='ocrx_word' id='word_1_303' title='bbox 3316 1393 3472 1446; x_wconf 84' lang='grc' dir='ltr'><strong>τοῦτο</strong></span> <span class='ocrx_word' id='word_1_304' title='bbox 3495 1393 3574 1463; x_wconf 86' lang='grc' dir='ltr'><strong>τῷ</strong></span> <span class='ocrx_word' id='word_1_305' title='bbox 3605 1392 3841 1461; x_wconf 76' lang='grc' dir='ltr'><strong>βασιλεῖ.</strong></span> 
     </span>
    </p>
   </div>
   <div class='ocr_carea' id='block_1_43' title="bbox 2305 1481 3845 1551">
    <p class='ocr_par' dir='ltr' id='par_1_43' title="bbox 2305 1481 3845 1551">
     <span class='ocr_line' id='line_1_43' title="bbox 2305 1481 3845 1551; baseline 0.001 -17"><span class='ocrx_word' id='word_1_306' title='bbox 2305 1482 2363 1534; x_wconf 84' lang='lat'><strong>&#39;0</strong></span> <span class='ocrx_word' id='word_1_307' title='bbox 2434 1481 2490 1533; x_wconf 81' lang='grc' dir='ltr'>δὲ</span> <span class='ocrx_word' id='word_1_308' title='bbox 2551 1482 2886 1551; x_wconf 83' lang='grc' dir='ltr'><strong>παραστάντι</strong></span> <span class='ocrx_word' id='word_1_309' title='bbox 2949 1481 3095 1548; x_wconf 79' lang='grc' dir='ltr'><strong>αὐτῷ</strong></span> <span class='ocrx_word' id='word_1_310' title='bbox 3159 1481 3268 1550; x_wconf 77' lang='grc'><strong>(49)</strong></span> <span class='ocrx_word' id='word_1_311' title='bbox 3335 1481 3411 1550; x_wconf 83' lang='grc' dir='ltr'><strong>τῷ</strong></span> <span class='ocrx_word' id='word_1_312' title='bbox 3485 1481 3677 1543; x_wconf 80' lang='grc' dir='ltr'>Δαὸὶδ,</span> <span class='ocrx_word' id='word_1_313' title='bbox 3753 1484 3845 1535; x_wconf 78' lang='grc' dir='ltr'><em>οὐ</em></span> 
     </span>
    </p>
   </div>
   <div class='ocr_carea' id='block_1_44' title="bbox 2293 1570 3849 1642">
    <p class='ocr_par' dir='ltr' id='par_1_44' title="bbox 2293 1570 3849 1642">
     <span class='ocr_line' id='line_1_44' title="bbox 2293 1570 3849 1642; baseline -0.001 -16"><span class='ocrx_word' id='word_1_314' title='bbox 2293 1572 2564 1638; x_wconf 80' lang='grc' dir='ltr'><strong>δυνήσει,</strong></span> <span class='ocrx_word' id='word_1_315' title='bbox 2613 1572 2736 1642; x_wconf 75' lang='grc' dir='ltr'><strong>ἔφη,</strong></span> <span class='ocrx_word' id='word_1_316' title='bbox 2771 1573 2867 1627; x_wconf 80' lang='grc' dir='ltr'>διὰ</span> <span class='ocrx_word' id='word_1_317' title='bbox 2903 1573 3101 1639; x_wconf 85' lang='grc' dir='ltr'>μάχης</span> <span class='ocrx_word' id='word_1_318' title='bbox 3131 1570 3398 1640; x_wconf 82' lang='grc' dir='ltr'>χωρῆσαι</span> <span class='ocrx_word' id='word_1_319' title='bbox 3443 1570 3590 1638; x_wconf 81' lang='grc' dir='ltr'>πρὸς</span> <span class='ocrx_word' id='word_1_320' title='bbox 3630 1571 3849 1626; x_wconf 75' lang='grc' dir='ltr'>τοῦτον</span> 
     </span>
    </p>
   </div>
   <div class='ocr_carea' id='block_1_45' title="bbox 2294 1661 3850 1732">
    <p class='ocr_par' dir='ltr' id='par_1_45' title="bbox 2294 1661 3850 1732">
     <span class='ocr_line' id='line_1_45' title="bbox 2294 1661 3850 1732; baseline -0.001 -16"><span class='ocrx_word' id='word_1_321' title='bbox 2294 1663 2398 1716; x_wconf 84' lang='grc' dir='ltr'><strong>τὸν</strong></span> <span class='ocrx_word' id='word_1_322' title='bbox 2453 1664 2850 1732; x_wconf 82' lang='grc' dir='ltr'>ἀπερίτμητον</span> <span class='ocrx_word' id='word_1_323' title='bbox 2877 1680 2892 1696; x_wconf 81' lang='grc'><strong><em>⁸</em></strong></span> <span class='ocrx_word' id='word_1_324' title='bbox 2938 1663 3076 1728; x_wconf 82' lang='grc' dir='ltr'>παῖς</span> <span class='ocrx_word' id='word_1_325' title='bbox 3100 1663 3210 1731; x_wconf 80' lang='grc' dir='ltr'><strong>τὰρ</strong></span> <span class='ocrx_word' id='word_1_326' title='bbox 3238 1663 3317 1715; x_wconf 87' lang='grc' dir='ltr'><strong>σὺ</strong></span> <span class='ocrx_word' id='word_1_327' title='bbox 3344 1662 3450 1714; x_wconf 74' lang='grc' dir='ltr'><strong>ἔτι.</strong></span> <span class='ocrx_word' id='word_1_328' title='bbox 3486 1663 3592 1714; x_wconf 84' lang='grc' dir='ltr'><strong>Καὶ</strong></span> <span class='ocrx_word' id='word_1_329' title='bbox 3622 1666 3649 1714; x_wconf 80' lang='lat'><strong>6</strong></span> <span class='ocrx_word' id='word_1_330' title='bbox 3680 1661 3850 1714; x_wconf 80' lang='lat' dir='ltr'><em>Aa6l6</em></span> 
     </span>
    </p>
   </div>
   <div class='ocr_carea' id='block_1_46' title="bbox 2296 1751 3848 1823">
    <p class='ocr_par' dir='ltr' id='par_1_46' title="bbox 2296 1751 3848 1823">
     <span class='ocr_line' id='line_1_46' title="bbox 2296 1751 3848 1823; baseline 0 -19"><span class='ocrx_word' id='word_1_331' title='bbox 2296 1753 2512 1823; x_wconf 66' lang='grc' dir='ltr'><strong>θαρρεῖν</strong></span> <span class='ocrx_word' id='word_1_332' title='bbox 2538 1754 2720 1818; x_wconf 74' lang='grc' dir='ltr'><strong>ἔλεγεν</strong></span> <span class='ocrx_word' id='word_1_333' title='bbox 2752 1755 2845 1805; x_wconf 74' lang='grc' dir='ltr'><strong>ἐπὶ</strong></span> <span class='ocrx_word' id='word_1_334' title='bbox 2869 1752 2943 1819; x_wconf 75' lang='grc' dir='ltr'><strong>τῷ</strong></span> <span class='ocrx_word' id='word_1_335' title='bbox 2983 1751 3112 1820; x_wconf 88' lang='grc' dir='ltr'><strong>Θεῷ-</strong></span> <span class='ocrx_word' id='word_1_336' title='bbox 3139 1753 3195 1814; x_wconf 82' lang='grc' dir='ltr'><strong>ὂς</strong></span> <span class='ocrx_word' id='word_1_337' title='bbox 3238 1753 3394 1805; x_wconf 82' lang='grc' dir='ltr'><strong>αὐτὸν</strong></span> <span class='ocrx_word' id='word_1_338' title='bbox 3422 1753 3562 1804; x_wconf 69' lang='grc' dir='ltr'><strong>κατὰ</strong></span> <span class='ocrx_word' id='word_1_339' title='bbox 3596 1752 3692 1820; x_wconf 81' lang='grc' dir='ltr'><strong>τῆς</strong></span> <span class='ocrx_word' id='word_1_340' title='bbox 3741 1753 3848 1819; x_wconf 82' lang='grc' dir='ltr'><strong>ἄρ-</strong></span> 
     </span>
    </p>
   </div>
   <div class='ocr_carea' id='block_1_47' title="bbox 2293 1841 3845 1913">
    <p class='ocr_par' dir='ltr' id='par_1_47' title="bbox 2293 1841 3845 1913">
     <span class='ocr_line' id='line_1_47' title="bbox 2293 1841 3845 1913; baseline -0.005 -15"><span class='ocrx_word' id='word_1_341' title='bbox 2293 1863 2420 1898; x_wconf 86' lang='grc' dir='ltr'>κτου</span> <span class='ocrx_word' id='word_1_342' title='bbox 2466 1844 2732 1913; x_wconf 81' lang='grc' dir='ltr'>ὲνίσχυσε,</span> <span class='ocrx_word' id='word_1_343' title='bbox 2777 1847 2870 1896; x_wconf 77' lang='grc' dir='ltr'><strong>καὶ</strong></span> <span class='ocrx_word' id='word_1_344' title='bbox 2898 1843 3034 1895; x_wconf 80' lang='grc' dir='ltr'><strong>κατά</strong></span> <span class='ocrx_word' id='word_1_345' title='bbox 3066 1841 3157 1893; x_wconf 80' lang='grc' dir='ltr'><strong>τοῦ</strong></span> <span class='ocrx_word' id='word_1_346' title='bbox 3190 1843 3419 1904; x_wconf 86' lang='grc' dir='ltr'><strong>λέοντος,</strong></span> <span class='ocrx_word' id='word_1_347' title='bbox 3457 1841 3845 1909; x_wconf 73' lang='grc' dir='ltr'><strong>ἐπερχομένων</strong></span> 
     </span>
    </p>
   </div>
   <div class='ocr_carea' id='block_1_48' title="bbox 2291 1930 3844 2010">
    <p class='ocr_par' dir='ltr' id='par_1_48' title="bbox 2291 1930 3844 2010">
     <span class='ocr_line' id='line_1_48' title="bbox 2291 1930 3844 2010; baseline -0.002 -23"><span class='ocrx_word' id='word_1_348' title='bbox 2291 1939 2356 2003; x_wconf 81' lang='grc' dir='ltr'><strong>τῇ</strong></span> <span class='ocrx_word' id='word_1_349' title='bbox 2416 1935 2634 2004; x_wconf 79' lang='grc' dir='ltr'>ποίμνῃ,</span> <span class='ocrx_word' id='word_1_350' title='bbox 2671 1935 2762 1986; x_wconf 74' lang='grc' dir='ltr'><strong>καὶ</strong></span> <span class='ocrx_word' id='word_1_351' title='bbox 2801 1933 3087 2003; x_wconf 84' lang='grc' dir='ltr'>θρέμματα</span> <span class='ocrx_word' id='word_1_352' title='bbox 3122 1933 3492 2001; x_wconf 78' lang='grc' dir='ltr'>ἁρπαζόντων,</span> <span class='ocrx_word' id='word_1_353' title='bbox 3523 1930 3629 2010; x_wconf 73' lang='grc' dir='ltr'><strong>οὓς</strong></span> <span class='ocrx_word' id='word_1_354' title='bbox 3651 1931 3844 1996; x_wconf 79' lang='grc' dir='ltr'><strong>διῶξαι</strong></span> 
     </span>
    </p>
   </div>
   <div class='ocr_carea' id='block_1_49' title="bbox 2291 2022 3844 2094">
    <p class='ocr_par' dir='ltr' id='par_1_49' title="bbox 2291 2022 3844 2094">
     <span class='ocr_line' id='line_1_49' title="bbox 2291 2022 3844 2094; baseline -0.001 -18"><span class='ocrx_word' id='word_1_355' title='bbox 2291 2023 2432 2086; x_wconf 83' lang='grc' dir='ltr'><strong>εῐπε,</strong></span> <span class='ocrx_word' id='word_1_356' title='bbox 2464 2026 2555 2076; x_wconf 76' lang='grc' dir='ltr'><strong>καὶ</strong></span> <span class='ocrx_word' id='word_1_357' title='bbox 2580 2026 2648 2076; x_wconf 81' lang='grc' dir='ltr'><strong>τὰ</strong></span> <span class='ocrx_word' id='word_1_358' title='bbox 2684 2025 2779 2094; x_wconf 79' lang='grc' dir='ltr'><strong>μὲν</strong></span> <span class='ocrx_word' id='word_1_359' title='bbox 2806 2025 3138 2094; x_wconf 75' lang='grc' dir='ltr'><strong>ήρπαγμένα</strong></span> <span class='ocrx_word' id='word_1_360' title='bbox 3163 2022 3639 2087; x_wconf 85' lang='grc' dir='ltr'><strong>ὲπανασώσασθαι,</strong></span> <span class='ocrx_word' id='word_1_361' title='bbox 3668 2025 3844 2074; x_wconf 76' lang='grc' dir='ltr'><strong>πατὰ·</strong></span> 
     </span>
    </p>
   </div>
   <div class='ocr_carea' id='block_1_50' title="bbox 2294 2094 3843 2182">
    <p class='ocr_par' dir='ltr' id='par_1_50' title="bbox 2294 2094 3843 2182">
     <span class='ocr_line' id='line_1_50' title="bbox 2294 2094 3843 2182; baseline -0.001 -18"><span class='ocrx_word' id='word_1_362' title='bbox 2294 2106 2401 2176; x_wconf 80' lang='grc' dir='ltr'><strong>ξαι’</strong></span> <span class='ocrx_word' id='word_1_363' title='bbox 2425 2113 2482 2164; x_wconf 80' lang='grc' dir='ltr'>δὲ</span> <span class='ocrx_word' id='word_1_364' title='bbox 2520 2112 2892 2182; x_wconf 43' lang='grc' dir='ltr'><strong>τοὺςᾪῆρας,</strong></span> <span class='ocrx_word' id='word_1_365' title='bbox 2945 2113 3039 2164; x_wconf 69' lang='grc' dir='ltr'><strong>καὶ</strong></span> <span class='ocrx_word' id='word_1_366' title='bbox 3087 2094 3323 2164; x_wconf 19' lang='grc' dir='ltr'><strong>ἀνελεῖν..</strong></span> <span class='ocrx_word' id='word_1_367' title='bbox 3363 2111 3486 2163; x_wconf 80' lang='grc' dir='ltr'><strong>Ἐπὶ</strong></span> <span class='ocrx_word' id='word_1_368' title='bbox 3526 2111 3702 2180; x_wconf 65' lang='grc' dir='ltr'><strong>’τούτῳ</strong></span> <span class='ocrx_word' id='word_1_369' title='bbox 3730 2110 3843 2180; x_wconf 67' lang='grc' dir='ltr'><strong>ἔφη</strong></span> 
     </span>
    </p>
   </div>
   <div class='ocr_carea' id='block_1_51' title="bbox 2296 2200 3844 2272">
    <p class='ocr_par' dir='ltr' id='par_1_51' title="bbox 2296 2200 3844 2272">
     <span class='ocr_line' id='line_1_51' title="bbox 2296 2200 3844 2272; baseline -0.003 -16"><span class='ocrx_word' id='word_1_370' title='bbox 2296 2205 2536 2272; x_wconf 77' lang='grc' dir='ltr'><strong>θαρρεῖν,</strong></span> <span class='ocrx_word' id='word_1_371' title='bbox 2566 2202 2639 2264; x_wconf 86' lang='grc' dir='ltr'><strong>ὠς</strong></span> <span class='ocrx_word' id='word_1_372' title='bbox 2671 2203 2762 2255; x_wconf 77' lang='grc' dir='ltr'><strong>καὶ</strong></span> <span class='ocrx_word' id='word_1_373' title='bbox 2793 2202 2882 2254; x_wconf 82' lang='grc' dir='ltr'><strong>τὸν</strong></span> <span class='ocrx_word' id='word_1_374' title='bbox 2914 2201 3208 2269; x_wconf 80' lang='grc' dir='ltr'>ἀλλόφυλον</span> <span class='ocrx_word' id='word_1_375' title='bbox 3234 2201 3471 2265; x_wconf 80' lang='grc' dir='ltr'><strong>πατάξαι</strong></span> <span class='ocrx_word' id='word_1_376' title='bbox 3492 2200 3649 2254; x_wconf 86' lang='grc' dir='ltr'>δώσει</span> <span class='ocrx_word' id='word_1_377' title='bbox 3670 2202 3844 2270; x_wconf 79' lang='grc' dir='ltr'>αὐτῷ,</span> 
     </span>
    </p>
   </div>
   <div class='ocr_carea' id='block_1_52' title="bbox 2300 2287 3848 2363">
    <p class='ocr_par' dir='ltr' id='par_1_52' title="bbox 2300 2287 3848 2363">
     <span class='ocr_line' id='line_1_52' title="bbox 2300 2287 3848 2363; baseline -0.001 -19"><span class='ocrx_word' id='word_1_378' title='bbox 2300 2295 2392 2344; x_wconf 67' lang='grc' dir='ltr'><strong>καὶ</strong></span> <span class='ocrx_word' id='word_1_379' title='bbox 2440 2292 2639 2358; x_wconf 75' lang='grc' dir='ltr'>ἐξελεῖν</span> <span class='ocrx_word' id='word_1_380' title='bbox 2678 2292 2881 2354; x_wconf 73' lang='grc' dir='ltr'>ὄνειδος</span> <span class='ocrx_word' id='word_1_381' title='bbox 2939 2291 2998 2356; x_wconf 75' lang='grc' dir='ltr'><strong>ἐξ</strong></span> <span class='ocrx_word' id='word_1_382' title='bbox 3046 2293 3177 2346; x_wconf 82' lang='grc' dir='ltr'>υίῶν</span> <span class='ocrx_word' id='word_1_383' title='bbox 3230 2292 3464 2363; x_wconf 81' lang='grc' dir='ltr'><strong>Ἰσραήλ.</strong></span> <span class='ocrx_word' id='word_1_384' title='bbox 3519 2292 3580 2344; x_wconf 88' lang='lat'><strong>&#39;0</strong></span> <span class='ocrx_word' id='word_1_385' title='bbox 3613 2291 3708 2361; x_wconf 79' lang='grc' dir='ltr'><strong>μὲν</strong></span> <span class='ocrx_word' id='word_1_386' title='bbox 3745 2287 3848 2344; x_wconf 79' lang='grc' dir='ltr'><strong>οὖν</strong></span> 
     </span>
    </p>
   </div>
   <div class='ocr_carea' id='block_1_53' title="bbox 2294 2383 3846 2454">
    <p class='ocr_par' dir='ltr' id='par_1_53' title="bbox 2294 2383 3846 2454">
     <span class='ocr_line' id='line_1_53' title="bbox 2294 2383 3846 2454; baseline 0 -18"><span class='ocrx_word' id='word_1_387' title='bbox 2294 2386 2411 2439; x_wconf 75' lang='lat' dir='ltr'><strong>abre</strong></span> <span class='ocrx_word' id='word_1_388' title='bbox 2437 2385 2626 2437; x_wconf 82' lang='grc' dir='ltr'><strong>ταῦτα.</strong></span> <span class='ocrx_word' id='word_1_389' title='bbox 2663 2383 2719 2436; x_wconf 87' lang='lat'><strong>&#39;0</strong></span> <span class='ocrx_word' id='word_1_390' title='bbox 2743 2385 2801 2437; x_wconf 84' lang='grc' dir='ltr'>δὲ</span> <span class='ocrx_word' id='word_1_391' title='bbox 2832 2384 3078 2454; x_wconf 83' lang='grc' dir='ltr'><strong>βασιλεὺς</strong></span> <span class='ocrx_word' id='word_1_392' title='bbox 3099 2383 3394 2452; x_wconf 73' lang='grc' dir='ltr'><strong>ὲπέτρεψέν</strong></span> <span class='ocrx_word' id='word_1_393' title='bbox 3417 2383 3468 2435; x_wconf 86' lang='grc' dir='ltr'><strong>οί</strong></span> <span class='ocrx_word' id='word_1_394' title='bbox 3490 2383 3846 2452; x_wconf 83' lang='grc' dir='ltr'><strong>πορεύεσθαι,</strong></span> 
     </span>
    </p>
   </div>
   <div class='ocr_carea' id='block_1_54' title="bbox 2295 2469 3848 2548">
    <p class='ocr_par' dir='ltr' id='par_1_54' title="bbox 2295 2469 3848 2548">
     <span class='ocr_line' id='line_1_54' title="bbox 2295 2469 3848 2548; baseline -0.003 -20"><span class='ocrx_word' id='word_1_395' title='bbox 2295 2478 2386 2529; x_wconf 76' lang='grc' dir='ltr'><strong>καὶ</strong></span> <span class='ocrx_word' id='word_1_396' title='bbox 2418 2476 2701 2548; x_wconf 82' lang='grc' dir='ltr'><strong>περιέθετο</strong></span> <span class='ocrx_word' id='word_1_397' title='bbox 2724 2476 2792 2528; x_wconf 82' lang='grc' dir='ltr'><strong>τὰ</strong></span> <span class='ocrx_word' id='word_1_398' title='bbox 2817 2477 2991 2528; x_wconf 77' lang='grc' dir='ltr'>οἰκεῖα</span> <span class='ocrx_word' id='word_1_399' title='bbox 3017 2473 3153 2526; x_wconf 82' lang='grc' dir='ltr'>ὅπλα</span> <span class='ocrx_word' id='word_1_400' title='bbox 3186 2472 3353 2543; x_wconf 83' lang='grc' dir='ltr'><strong>αὐτῷ.</strong></span> <span class='ocrx_word' id='word_1_401' title='bbox 3377 2473 3484 2528; x_wconf 80' lang='grc' dir='ltr'><strong>Καὶ</strong></span> <span class='ocrx_word' id='word_1_402' title='bbox 3514 2469 3653 2542; x_wconf 81' lang='grc' dir='ltr'><strong>ἦσαν</strong></span> <span class='ocrx_word' id='word_1_403' title='bbox 3679 2472 3848 2542; x_wconf 76' lang='grc' dir='ltr'>ἄχθος</span> 
     </span>
    </p>
   </div>
   <div class='ocr_carea' id='block_1_55' title="bbox 2293 2563 3853 2639">
    <p class='ocr_par' dir='ltr' id='par_1_55' title="bbox 2293 2563 3853 2639">
     <span class='ocr_line' id='line_1_55' title="bbox 2293 2563 3853 2639; baseline -0.005 -18"><span class='ocrx_word' id='word_1_404' title='bbox 2293 2567 2458 2639; x_wconf 82' lang='grc' dir='ltr'><strong>αὐτῷ,</strong></span> <span class='ocrx_word' id='word_1_405' title='bbox 2502 2569 2595 2621; x_wconf 79' lang='grc' dir='ltr'><strong>καὶ</strong></span> <span class='ocrx_word' id='word_1_406' title='bbox 2634 2567 2936 2620; x_wconf 82' lang='grc' dir='ltr'><strong>ἀπεδύσατο</strong></span> <span class='ocrx_word' id='word_1_407' title='bbox 2968 2566 3160 2620; x_wconf 83' lang='grc' dir='ltr'><strong>ταῦτα.</strong></span> <span class='ocrx_word' id='word_1_408' title='bbox 3197 2567 3366 2634; x_wconf 83' lang='grc' dir='ltr'><strong>Ἀρας</strong></span> <span class='ocrx_word' id='word_1_409' title='bbox 3395 2565 3452 2618; x_wconf 74' lang='grc' dir='ltr'>δὲ</span> <span class='ocrx_word' id='word_1_410' title='bbox 3493 2565 3590 2635; x_wconf 81' lang='grc' dir='ltr'><strong>τὴν</strong></span> <span class='ocrx_word' id='word_1_411' title='bbox 3640 2563 3853 2632; x_wconf 76' lang='grc' dir='ltr'><strong>βακτη-</strong></span> 
     </span>
    </p>
   </div>
   <div class='ocr_carea' id='block_1_56' title="bbox 2297 2652 3850 2728">
    <p class='ocr_par' dir='ltr' id='par_1_56' title="bbox 2297 2652 3850 2728">
     <span class='ocr_line' id='line_1_56' title="bbox 2297 2652 3850 2728; baseline -0.003 -20"><span class='ocrx_word' id='word_1_412' title='bbox 2297 2658 2438 2728; x_wconf 85' lang='grc' dir='ltr'>ρίαν,</span> <span class='ocrx_word' id='word_1_413' title='bbox 2477 2659 2576 2710; x_wconf 75' lang='grc' dir='ltr'><strong>καὶ</strong></span> <span class='ocrx_word' id='word_1_414' title='bbox 2605 2659 2764 2711; x_wconf 76' lang='grc' dir='ltr'><strong>πέντε</strong></span> <span class='ocrx_word' id='word_1_415' title='bbox 2791 2657 2969 2719; x_wconf 80' lang='grc' dir='ltr'>λίθους</span> <span class='ocrx_word' id='word_1_416' title='bbox 3000 2660 3057 2708; x_wconf 80' lang='grc' dir='ltr'><strong>ὲν</strong></span> <span class='ocrx_word' id='word_1_417' title='bbox 3084 2656 3160 2726; x_wconf 87' lang='grc' dir='ltr'><strong>τῷ</strong></span> <span class='ocrx_word' id='word_1_418' title='bbox 3191 2656 3386 2722; x_wconf 79' lang='grc' dir='ltr'>καδδίῳ</span> <span class='ocrx_word' id='word_1_419' title='bbox 3408 2653 3711 2722; x_wconf 74' lang='grc' dir='ltr'><strong>ἐνθέμενος,</strong></span> <span class='ocrx_word' id='word_1_420' title='bbox 3750 2652 3850 2704; x_wconf 74' lang='grc' dir='ltr'><strong>καὶ</strong></span> 
     </span>
    </p>
   </div>
   <div class='ocr_carea' id='block_1_57' title="bbox 2293 2742 3850 2817">
    <p class='ocr_par' dir='ltr' id='par_1_57' title="bbox 2293 2742 3850 2817">
     <span class='ocr_line' id='line_1_57' title="bbox 2293 2742 3850 2817; baseline -0.006 -16"><span class='ocrx_word' id='word_1_421' title='bbox 2293 2751 2393 2816; x_wconf 76' lang='grc' dir='ltr'><strong>τὴν</strong></span> <span class='ocrx_word' id='word_1_422' title='bbox 2427 2748 2715 2815; x_wconf 80' lang='grc' dir='ltr'><strong>σφενδόνην</strong></span> <span class='ocrx_word' id='word_1_423' title='bbox 2741 2749 2918 2817; x_wconf 81' lang='grc' dir='ltr'>φέρων</span> <span class='ocrx_word' id='word_1_424' title='bbox 2949 2750 3005 2800; x_wconf 73' lang='grc' dir='ltr'><strong>ὲν</strong></span> <span class='ocrx_word' id='word_1_425' title='bbox 3033 2750 3096 2816; x_wconf 76' lang='grc' dir='ltr'><strong>τῇ</strong></span> <span class='ocrx_word' id='word_1_426' title='bbox 3129 2745 3292 2815; x_wconf 81' lang='grc' dir='ltr'>χειρὶ,</span> <span class='ocrx_word' id='word_1_427' title='bbox 3334 2744 3469 2810; x_wconf 82' lang='grc' dir='ltr'>πρὸς</span> <span class='ocrx_word' id='word_1_428' title='bbox 3491 2744 3583 2795; x_wconf 80' lang='grc' dir='ltr'><strong>τὸν</strong></span> <span class='ocrx_word' id='word_1_429' title='bbox 3611 2742 3850 2808; x_wconf 74' lang='grc' dir='ltr'>ἀλλόφυ-</span> 
     </span>
    </p>
   </div>
   <div class='ocr_carea' id='block_1_58' title="bbox 2292 2832 3851 2910">
    <p class='ocr_par' dir='ltr' id='par_1_58' title="bbox 2292 2832 3851 2910">
     <span class='ocr_line' id='line_1_58' title="bbox 2292 2832 3851 2910; baseline -0.003 -22"><span class='ocrx_word' id='word_1_430' title='bbox 2292 2836 2383 2888; x_wconf 87' lang='grc' dir='ltr'><strong>λον</strong></span> <span class='ocrx_word' id='word_1_431' title='bbox 2402 2837 2676 2907; x_wconf 84' lang='grc' dir='ltr'><strong>ὦρμησεν.</strong></span> <span class='ocrx_word' id='word_1_432' title='bbox 2713 2837 2771 2890; x_wconf 86' lang='grc'><strong>’0</strong></span> <span class='ocrx_word' id='word_1_433' title='bbox 2799 2837 2854 2888; x_wconf 73' lang='grc' dir='ltr'>δὲ</span> <span class='ocrx_word' id='word_1_434' title='bbox 2883 2838 3143 2910; x_wconf 79' lang='grc' dir='ltr'><strong>κατεγέλα</strong></span> <span class='ocrx_word' id='word_1_435' title='bbox 3166 2833 3348 2899; x_wconf 82' lang='grc' dir='ltr'><strong>αὑτοῦ,</strong></span> <span class='ocrx_word' id='word_1_436' title='bbox 3376 2835 3468 2887; x_wconf 79' lang='grc' dir='ltr'>καὶ</span> <span class='ocrx_word' id='word_1_437' title='bbox 3494 2832 3851 2897; x_wconf 74' lang='grc' dir='ltr'><strong>ἐπυνθάνετο,</strong></span> 
     </span>
    </p>
   </div>
   <div class='ocr_carea' id='block_1_59' title="bbox 645 3011 3846 3089">
    <p class='ocr_par' dir='ltr' id='par_1_59' title="bbox 645 3011 3846 3089">
     <span class='ocr_line' id='line_1_59' title="bbox 645 3011 3846 3089; baseline 0.002 -31"><span class='ocrx_word' id='word_1_438' title='bbox 645 3011 885 3076; x_wconf 81' lang='grc' dir='ltr'>κρίνοιτο.</span> <span class='ocrx_word' id='word_1_439' title='bbox 936 3014 1170 3074; x_wconf 74' lang='grc' dir='ltr'><strong>Ἐκεῖνος</strong></span> <span class='ocrx_word' id='word_1_440' title='bbox 1213 3014 1268 3064; x_wconf 81' lang='grc' dir='ltr'>δὲ</span> <span class='ocrx_word' id='word_1_441' title='bbox 1295 3015 1564 3089; x_wconf 74' lang='grc' dir='ltr'><strong>ὀργισθεὶς</strong></span> <span class='ocrx_word' id='word_1_442' title='bbox 1598 3017 1688 3069; x_wconf 78' lang='grc' dir='ltr'><strong>καὶ</strong></span> <span class='ocrx_word' id='word_1_443' title='bbox 1719 3020 2163 3088; x_wconf 74' lang='grc' dir='ltr'>μεγαλαυχήσας,</span> <span class='ocrx_word' id='word_1_444' title='bbox 2205 3016 2392 3069; x_wconf 84' lang='grc' dir='ltr'><strong>δώσειν</strong></span> <span class='ocrx_word' id='word_1_445' title='bbox 2417 3017 2516 3080; x_wconf 83' lang='grc' dir='ltr'><strong>τὰς</strong></span> <span class='ocrx_word' id='word_1_446' title='bbox 2563 3017 2770 3086; x_wconf 84' lang='grc' dir='ltr'>σάρκας</span> <span class='ocrx_word' id='word_1_447' title='bbox 2804 3016 2967 3069; x_wconf 80' lang='grc' dir='ltr'>αὑτοῦ</span> <span class='ocrx_word' id='word_1_448' title='bbox 3001 3019 3111 3079; x_wconf 77' lang='grc' dir='ltr'>τοῖς</span> <span class='ocrx_word' id='word_1_449' title='bbox 3179 3019 3438 3079; x_wconf 78' lang='grc' dir='ltr'><strong>πετεινοῖς</strong></span> <span class='ocrx_word' id='word_1_450' title='bbox 3478 3033 3536 3069; x_wconf 84' lang='grc' dir='ltr'><strong>τε</strong></span> <span class='ocrx_word' id='word_1_451' title='bbox 3574 3014 3666 3067; x_wconf 80' lang='grc' dir='ltr'><strong>καὶ</strong></span> <span class='ocrx_word' id='word_1_452' title='bbox 3726 3014 3846 3074; x_wconf 74' lang='grc' dir='ltr'><strong>τοῖς</strong></span> 
     </span>
    </p>
   </div>
   <div class='ocr_carea' id='block_1_60' title="bbox 645 3089 3849 3177">
    <p class='ocr_par' dir='ltr' id='par_1_60' title="bbox 645 3089 3849 3177">
     <span class='ocr_line' id='line_1_60' title="bbox 645 3089 3849 3177; baseline -0.001 -22"><span class='ocrx_word' id='word_1_453' title='bbox 645 3101 859 3171; x_wconf 75' lang='grc' dir='ltr'><strong>θηρσὶν,</strong></span> <span class='ocrx_word' id='word_1_454' title='bbox 911 3089 1168 3170; x_wconf 76' lang='grc' dir='ltr'><strong>ὥρμησεν</strong></span> <span class='ocrx_word' id='word_1_455' title='bbox 1220 3103 1304 3156; x_wconf 75' lang='grc' dir='ltr'><strong>ἐπ’</strong></span> <span class='ocrx_word' id='word_1_456' title='bbox 1329 3106 1508 3157; x_wconf 81' lang='grc' dir='ltr'><strong>αὐτόν.</strong></span> <span class='ocrx_word' id='word_1_457' title='bbox 1541 3105 1783 3174; x_wconf 82' lang='grc' dir='ltr'>Ταχύνας</span> <span class='ocrx_word' id='word_1_458' title='bbox 1831 3106 1887 3158; x_wconf 80' lang='grc' dir='ltr'>δὲ</span> <span class='ocrx_word' id='word_1_459' title='bbox 1932 3109 1961 3159; x_wconf 87' lang='lat'><strong>6</strong></span> <span class='ocrx_word' id='word_1_460' title='bbox 2003 3108 2186 3173; x_wconf 78' lang='lat' dir='ltr'><strong>Aa6l5,</strong></span> <span class='ocrx_word' id='word_1_461' title='bbox 2226 3111 2319 3161; x_wconf 80' lang='grc' dir='ltr'>καὶ</span> <span class='ocrx_word' id='word_1_462' title='bbox 2338 3107 2482 3159; x_wconf 84' lang='grc' dir='ltr'>λίθον</span> <span class='ocrx_word' id='word_1_463' title='bbox 2511 3110 2576 3176; x_wconf 80' lang='grc' dir='ltr'>τῇ</span> <span class='ocrx_word' id='word_1_464' title='bbox 2612 3108 2870 3177; x_wconf 76' lang='grc' dir='ltr'>σφενδόνῃ</span> <span class='ocrx_word' id='word_1_465' title='bbox 2934 3107 3237 3176; x_wconf 67' lang='grc' dir='ltr'><strong>ἐνθέμενος,</strong></span> <span class='ocrx_word' id='word_1_466' title='bbox 3270 3107 3362 3159; x_wconf 68' lang='grc' dir='ltr'><strong>ἐπὶ</strong></span> <span class='ocrx_word' id='word_1_467' title='bbox 3393 3108 3670 3175; x_wconf 77' lang='grc' dir='ltr'><strong>⁹μέτωπον</strong></span> <span class='ocrx_word' id='word_1_468' title='bbox 3704 3104 3849 3154; x_wconf 64' lang='lat' dir='ltr'><strong>tua.</strong></span> 
     </span>
    </p>
   </div>
   <div class='ocr_carea' id='block_1_61' title="bbox 642 3193 3850 3270">
    <p class='ocr_par' dir='ltr' id='par_1_61' title="bbox 642 3193 3850 3270">
     <span class='ocr_line' id='line_1_61' title="bbox 642 3193 3850 3270; baseline -0 -18"><span class='ocrx_word' id='word_1_469' title='bbox 642 3200 769 3264; x_wconf 81' lang='grc' dir='ltr'><strong>ταξε</strong></span> <span class='ocrx_word' id='word_1_470' title='bbox 803 3197 894 3249; x_wconf 84' lang='grc' dir='ltr'><strong>τὸν</strong></span> <span class='ocrx_word' id='word_1_471' title='bbox 942 3196 1217 3265; x_wconf 86' lang='grc' dir='ltr'><strong>πολέμιον.</strong></span> <span class='ocrx_word' id='word_1_472' title='bbox 1267 3199 1376 3249; x_wconf 79' lang='grc' dir='ltr'><strong>Καὶ</strong></span> <span class='ocrx_word' id='word_1_473' title='bbox 1415 3193 1481 3267; x_wconf 79' lang='grc' dir='ltr'><strong>ἦν</strong></span> <span class='ocrx_word' id='word_1_474' title='bbox 1524 3199 1555 3266; x_wconf 82' lang='grc' dir='ltr'><strong>ή</strong></span> <span class='ocrx_word' id='word_1_475' title='bbox 1599 3197 1777 3266; x_wconf 76' lang='grc' dir='ltr'>πληγὴ</span> <span class='ocrx_word' id='word_1_476' title='bbox 1809 3201 2064 3266; x_wconf 77' lang='grc' dir='ltr'><strong>κραταιά,</strong></span> <span class='ocrx_word' id='word_1_477' title='bbox 2097 3202 2188 3250; x_wconf 75' lang='grc' dir='ltr'><strong>καὶ</strong></span> <span class='ocrx_word' id='word_1_478' title='bbox 2226 3200 2418 3260; x_wconf 72' lang='grc' dir='ltr'><strong>ἔπεσεν</strong></span> <span class='ocrx_word' id='word_1_479' title='bbox 2439 3201 2532 3252; x_wconf 74' lang='grc' dir='ltr'><strong>ἐπὶ</strong></span> <span class='ocrx_word' id='word_1_480' title='bbox 2557 3200 2843 3270; x_wconf 84' lang='grc' dir='ltr'><strong>πρόσωπον</strong></span> <span class='ocrx_word' id='word_1_481' title='bbox 2875 3200 2901 3251; x_wconf 78' lang='grc' dir='ltr'><strong>ὁ</strong></span> <span class='ocrx_word' id='word_1_482' title='bbox 2944 3199 3256 3264; x_wconf 82' lang='grc' dir='ltr'>ἀλλόφυλος.</span> <span class='ocrx_word' id='word_1_483' title='bbox 3297 3198 3528 3267; x_wconf 83' lang='grc' dir='ltr'>Δραμὼν</span> <span class='ocrx_word' id='word_1_484' title='bbox 3566 3198 3620 3248; x_wconf 71' lang='grc' dir='ltr'>ἑὲ</span> <span class='ocrx_word' id='word_1_485' title='bbox 3679 3200 3850 3255; x_wconf 74' lang='grc' dir='ltr'>Δαίιὶδ</span> 
     </span>
    </p>
   </div>
   <div class='ocr_carea' id='block_1_62' title="bbox 642 3271 3842 3364">
    <p class='ocr_par' dir='ltr' id='par_1_62' title="bbox 642 3271 3842 3364">
     <span class='ocr_line' id='line_1_62' title="bbox 642 3271 3842 3364; baseline 0 -20"><span class='ocrx_word' id='word_1_486' title='bbox 642 3295 735 3344; x_wconf 76' lang='grc' dir='ltr'><strong>καὶ</strong></span> <span class='ocrx_word' id='word_1_487' title='bbox 761 3301 856 3360; x_wconf 84' lang='grc' dir='ltr'><strong>την</strong></span> <span class='ocrx_word' id='word_1_488' title='bbox 897 3294 1104 3343; x_wconf 77' lang='grc' dir='ltr'>ἐκείνου</span> <span class='ocrx_word' id='word_1_489' title='bbox 1163 3291 1432 3361; x_wconf 78' lang='grc' dir='ltr'>ῥομφαίαν</span> <span class='ocrx_word' id='word_1_490' title='bbox 1491 3291 1854 3359; x_wconf 76' lang='grc' dir='ltr'><strong>σπασάμενος,</strong></span> <span class='ocrx_word' id='word_1_491' title='bbox 1885 3292 2181 3360; x_wconf 87' lang='grc' dir='ltr'><strong>ἀποτέμνει</strong></span> <span class='ocrx_word' id='word_1_492' title='bbox 2216 3271 2319 3364; x_wconf 37' lang='grc' dir='ltr'><strong>’τὴν</strong></span> <span class='ocrx_word' id='word_1_493' title='bbox 2365 3293 2604 3362; x_wconf 78' lang='grc' dir='ltr'>κεφαλὴν</span> <span class='ocrx_word' id='word_1_494' title='bbox 2633 3291 2847 3353; x_wconf 87' lang='grc' dir='ltr'><strong>Γολιάθ,</strong></span> <span class='ocrx_word' id='word_1_495' title='bbox 2892 3291 2985 3344; x_wconf 76' lang='grc' dir='ltr'><strong>καὶ</strong></span> <span class='ocrx_word' id='word_1_496' title='bbox 3027 3291 3272 3343; x_wconf 84' lang='grc' dir='ltr'><strong>σκυλεύει</strong></span> <span class='ocrx_word' id='word_1_497' title='bbox 3339 3295 3405 3342; x_wconf 86' lang='grc' dir='ltr'><strong>τὰ</strong></span> <span class='ocrx_word' id='word_1_498' title='bbox 3445 3293 3584 3344; x_wconf 84' lang='grc' dir='ltr'>ὅπλα</span> <span class='ocrx_word' id='word_1_499' title='bbox 3648 3293 3842 3346; x_wconf 84' lang='grc' dir='ltr'><strong>αὑτοῦ.</strong></span> 
     </span>
    </p>
   </div>
   <div class='ocr_carea' id='block_1_63' title="bbox 643 3382 3844 3455">
    <p class='ocr_par' dir='ltr' id='par_1_63' title="bbox 643 3382 3844 3455">
     <span class='ocr_line' id='line_1_63' title="bbox 643 3382 3844 3455; baseline 0.002 -20"><span class='ocrx_word' id='word_1_500' title='bbox 643 3383 808 3435; x_wconf 82' lang='grc' dir='ltr'><strong>Τοῦτο</strong></span> <span class='ocrx_word' id='word_1_501' title='bbox 835 3384 941 3443; x_wconf 77' lang='grc' dir='ltr'><strong>τοῖ,</strong></span> <span class='ocrx_word' id='word_1_502' title='bbox 973 3382 1288 3450; x_wconf 83' lang='grc' dir='ltr'>ἀλλοφύλοις</span> <span class='ocrx_word' id='word_1_503' title='bbox 1322 3382 1521 3436; x_wconf 83' lang='grc' dir='ltr'>δειλίαν</span> <span class='ocrx_word' id='word_1_504' title='bbox 1561 3383 1801 3448; x_wconf 74' lang='grc' dir='ltr'><strong>ἐνέϐαλε,</strong></span> <span class='ocrx_word' id='word_1_505' title='bbox 1834 3383 1929 3435; x_wconf 76' lang='grc' dir='ltr'><strong>καὶ</strong></span> <span class='ocrx_word' id='word_1_506' title='bbox 1969 3385 2187 3436; x_wconf 80' lang='grc' dir='ltr'>έκλιναν</span> <span class='ocrx_word' id='word_1_507' title='bbox 2225 3387 2302 3446; x_wconf 90' lang='grc' dir='ltr'>είς</span> <span class='ocrx_word' id='word_1_508' title='bbox 2349 3388 2545 3455; x_wconf 74' lang='grc' dir='ltr'>φυγήν.</span> <span class='ocrx_word' id='word_1_509' title='bbox 2577 3385 2745 3437; x_wconf 77' lang='grc' dir='ltr'>Σαοὺλ</span> <span class='ocrx_word' id='word_1_510' title='bbox 2778 3385 2832 3438; x_wconf 80' lang='grc' dir='ltr'>δὲ</span> <span class='ocrx_word' id='word_1_511' title='bbox 2864 3384 2922 3435; x_wconf 81' lang='grc' dir='ltr'><strong>τὸ</strong></span> <span class='ocrx_word' id='word_1_512' title='bbox 2948 3386 3142 3436; x_wconf 79' lang='grc' dir='ltr'><strong>οἰκεῖον</strong></span> <span class='ocrx_word' id='word_1_513' title='bbox 3170 3384 3349 3446; x_wconf 82' lang='grc' dir='ltr'><strong>αὐτοῖς</strong></span> <span class='ocrx_word' id='word_1_514' title='bbox 3412 3385 3604 3452; x_wconf 76' lang='grc' dir='ltr'><strong>ἐπάγει</strong></span> <span class='ocrx_word' id='word_1_515' title='bbox 3669 3388 3844 3455; x_wconf 78' lang='grc' dir='ltr'><strong>στρά-</strong></span> 
     </span>
    </p>
   </div>
   <div class='ocr_carea' id='block_1_64' title="bbox 641 3471 3844 3543">
    <p class='ocr_par' dir='ltr' id='par_1_64' title="bbox 641 3471 3844 3543">
     <span class='ocr_line' id='line_1_64' title="bbox 641 3471 3844 3543; baseline 0.002 -21"><span class='ocrx_word' id='word_1_516' title='bbox 641 3488 817 3540; x_wconf 88' lang='grc' dir='ltr'>τευμα</span> <span class='ocrx_word' id='word_1_517' title='bbox 876 3471 1155 3538; x_wconf 77' lang='grc' dir='ltr'>φεύγουσι,</span> <span class='ocrx_word' id='word_1_518' title='bbox 1207 3472 1298 3522; x_wconf 72' lang='grc' dir='ltr'><strong>καὶ</strong></span> <span class='ocrx_word' id='word_1_519' title='bbox 1343 3472 1611 3522; x_wconf 82' lang='grc' dir='ltr'><strong>κτείνεται</strong></span> <span class='ocrx_word' id='word_1_520' title='bbox 1690 3472 1797 3522; x_wconf 83' lang='grc' dir='ltr'><strong>τῶν</strong></span> <span class='ocrx_word' id='word_1_521' title='bbox 1851 3472 2218 3524; x_wconf 86' lang='grc' dir='ltr'><strong>Παλαιστινῶν</strong></span> <span class='ocrx_word' id='word_1_522' title='bbox 2258 3473 2463 3542; x_wconf 32' lang='grc' dir='ltr'><strong>πλῆθος.</strong></span> <span class='ocrx_word' id='word_1_523' title='bbox 2518 3475 2672 3537; x_wconf 84' lang='grc' dir='ltr'><strong>πολὺ,</strong></span> <span class='ocrx_word' id='word_1_524' title='bbox 2729 3475 2822 3526; x_wconf 71' lang='grc' dir='ltr'><strong>καὶ</strong></span> <span class='ocrx_word' id='word_1_525' title='bbox 2917 3473 3156 3534; x_wconf 81' lang='grc' dir='ltr'>πλείονες</span> <span class='ocrx_word' id='word_1_526' title='bbox 3206 3475 3686 3543; x_wconf 82' lang='grc' dir='ltr'>τραυματίζονται,</span> <span class='ocrx_word' id='word_1_527' title='bbox 3744 3480 3844 3530; x_wconf 74' lang='grc' dir='ltr'><strong>καὶ</strong></span> 
     </span>
    </p>
   </div>
   <div class='ocr_carea' id='block_1_65' title="bbox 642 3553 3843 3642">
    <p class='ocr_par' dir='ltr' id='par_1_65' title="bbox 642 3553 3843 3642">
     <span class='ocr_line' id='line_1_65' title="bbox 642 3553 3843 3642; baseline 0.001 -27"><span class='ocrx_word' id='word_1_528' title='bbox 642 3565 703 3615; x_wconf 82' lang='grc' dir='ltr'><strong>τὸ</strong></span> <span class='ocrx_word' id='word_1_529' title='bbox 760 3563 1110 3630; x_wconf 82' lang='grc' dir='ltr'><strong>στρατόπεδον</strong></span> <span class='ocrx_word' id='word_1_530' title='bbox 1162 3562 1337 3614; x_wconf 74' lang='grc' dir='ltr'><strong>αὐτῶν</strong></span> <span class='ocrx_word' id='word_1_531' title='bbox 1379 3562 1768 3632; x_wconf 75' lang='grc' dir='ltr'><strong>διαρπάζεται.-</strong></span> <span class='ocrx_word' id='word_1_532' title='bbox 1805 3563 1913 3634; x_wconf 81' lang='grc' dir='ltr'><strong>Τὴν</strong></span> <span class='ocrx_word' id='word_1_533' title='bbox 1984 3563 2223 3633; x_wconf 78' lang='grc' dir='ltr'><strong>κεφαλὴν</strong></span> <span class='ocrx_word' id='word_1_534' title='bbox 2260 3565 2316 3642; x_wconf 75' lang='grc' dir='ltr'>δὲ</span> <span class='ocrx_word' id='word_1_535' title='bbox 2383 3566 2420 3616; x_wconf 88' lang='grc' dir='ltr'><strong>Γ</strong></span> <span class='ocrx_word' id='word_1_536' title='bbox 2423 3565 2571 3618; x_wconf 87' lang='grc' dir='ltr'>ολιὰθ</span> <span class='ocrx_word' id='word_1_537' title='bbox 2616 3567 2882 3635; x_wconf 82' lang='grc' dir='ltr'><strong>προσάγει</strong></span> <span class='ocrx_word' id='word_1_538' title='bbox 2927 3565 3088 3617; x_wconf 74' lang='grc' dir='ltr'><strong>Δαὸὶδ</strong></span> <span class='ocrx_word' id='word_1_539' title='bbox 3130 3553 3223 3634; x_wconf 77' lang='grc' dir='ltr'><strong>τῷ’</strong></span> <span class='ocrx_word' id='word_1_540' title='bbox 3257 3565 3448 3631; x_wconf 77' lang='grc' dir='ltr'>Σαοὺλ,</span> <span class='ocrx_word' id='word_1_541' title='bbox 3487 3565 3583 3635; x_wconf 78' lang='grc' dir='ltr'><strong>τὴν</strong></span> <span class='ocrx_word' id='word_1_542' title='bbox 3615 3565 3672 3619; x_wconf 80' lang='grc' dir='ltr'>δὲ</span> <span class='ocrx_word' id='word_1_543' title='bbox 3703 3567 3843 3638; x_wconf 77' lang='grc' dir='ltr'><strong>ῥομ-</strong></span> 
     </span>
    </p>
   </div>
   <div class='ocr_carea' id='block_1_66' title="bbox 642 3653 1420 3724">
    <p class='ocr_par' dir='ltr' id='par_1_66' title="bbox 642 3653 1420 3724">
     <span class='ocr_line' id='line_1_66' title="bbox 642 3653 1420 3724; baseline -0.004 -17"><span class='ocrx_word' id='word_1_544' title='bbox 642 3654 807 3724; x_wconf 81' lang='grc' dir='ltr'>φαίαν</span> <span class='ocrx_word' id='word_1_545' title='bbox 833 3653 909 3715; x_wconf 70' lang='grc' dir='ltr'><strong>τῷ</strong></span> <span class='ocrx_word' id='word_1_546' title='bbox 939 3653 1056 3721; x_wconf 88' lang='grc' dir='ltr'><strong>Θεῷ</strong></span> <span class='ocrx_word' id='word_1_547' title='bbox 1085 3655 1420 3722; x_wconf 81' lang='grc' dir='ltr'><strong>ἀνατίθησιν.</strong></span> 
     </span>
    </p>
   </div>
   <div class='ocr_carea' id='block_1_67' title="bbox 711 3741 2194 3811">
    <p class='ocr_par' dir='ltr' id='par_1_67' title="bbox 711 3742 2192 3799">
     <span class='ocr_line' id='line_1_67' title="bbox 711 3742 2192 3799; baseline -0.003 0"><span class='ocrx_word' id='word_1_548' title='bbox 711 3743 877 3799; x_wconf 77' lang='lat' dir='ltr'><strong>XXX.</strong></span> <span class='ocrx_word' id='word_1_549' title='bbox 913 3743 1172 3797; x_wconf 77' lang='lat' dir='ltr'><strong>Redeunti</strong></span> <span class='ocrx_word' id='word_1_550' title='bbox 1204 3742 1424 3794; x_wconf 89' lang='lat' dir='ltr'><strong>domum</strong></span> <span class='ocrx_word' id='word_1_551' title='bbox 1459 3743 1721 3794; x_wconf 79' lang='lat' dir='ltr'><strong>exercitui</strong></span> <span class='ocrx_word' id='word_1_552' title='bbox 1743 3751 2040 3795; x_wconf 86' lang='lat' dir='ltr'><strong>occurrunt</strong></span> <span class='ocrx_word' id='word_1_553' title='bbox 2071 3757 2192 3796; x_wconf 92' lang='lat' dir='ltr'><strong>mu-</strong></span> 
     </span>
    </p>
   </div>
   <div class='ocr_carea' id='block_1_68' title="bbox 2293 3741 3846 3811">
    <p class='ocr_par' dir='ltr' id='par_1_68' title="bbox 2362 3741 3846 3811">
     <span class='ocr_line' id='line_1_68' title="bbox 2362 3741 3846 3811; baseline 0.003 -16"><span class='ocrx_word' id='word_1_554' title='bbox 2362 3744 2442 3795; x_wconf 84' lang='lat' dir='ltr'><strong>A&#39;.</strong></span> <span class='ocrx_word' id='word_1_555' title='bbox 2490 3741 2846 3810; x_wconf 76' lang='grc' dir='ltr'><strong>Ἐπανιούσης</strong></span> <span class='ocrx_word' id='word_1_556' title='bbox 2896 3742 2952 3793; x_wconf 87' lang='grc' dir='ltr'>δὲ</span> <span class='ocrx_word' id='word_1_557' title='bbox 2999 3742 3096 3810; x_wconf 75' lang='grc' dir='ltr'><strong>τῆς</strong></span> <span class='ocrx_word' id='word_1_558' title='bbox 3149 3743 3422 3811; x_wconf 82' lang='grc' dir='ltr'><strong>στρατιᾶς,</strong></span> <span class='ocrx_word' id='word_1_559' title='bbox 3469 3743 3524 3796; x_wconf 82' lang='grc' dir='ltr'><strong>αἱ</strong></span> <span class='ocrx_word' id='word_1_560' title='bbox 3585 3747 3846 3811; x_wconf 78' lang='grc' dir='ltr'>γυναῖκες</span> 
     </span>
    </p>
   </div>
   <div class='ocr_carea' id='block_1_69' title="bbox 639 3823 2194 3904">
    <p class='ocr_par' dir='ltr' id='par_1_69' title="bbox 639 3831 2190 3897">
     <span class='ocr_line' id='line_1_69' title="bbox 639 3831 2190 3897; baseline -0.005 -6"><span class='ocrx_word' id='word_1_561' title='bbox 639 3838 801 3893; x_wconf 87' lang='lat' dir='ltr'><strong>lieres</strong></span> <span class='ocrx_word' id='word_1_562' title='bbox 866 3843 922 3889; x_wconf 90' lang='lat' dir='ltr'><strong>et</strong></span> <span class='ocrx_word' id='word_1_563' title='bbox 986 3835 1265 3897; x_wconf 87' lang='lat' dir='ltr'><strong>saltantes,</strong></span> <span class='ocrx_word' id='word_1_564' title='bbox 1314 3832 1530 3884; x_wconf 88' lang='lat' dir='ltr'><strong>Saulem</strong></span> <span class='ocrx_word' id='word_1_565' title='bbox 1572 3831 1718 3884; x_wconf 90' lang='lat' dir='ltr'><strong>mille</strong></span> <span class='ocrx_word' id='word_1_566' title='bbox 1771 3832 2055 3896; x_wconf 91' lang='lat' dir='ltr'><strong>occidisse,</strong></span> <span class='ocrx_word' id='word_1_567' title='bbox 2102 3847 2190 3886; x_wconf 86' lang='lat' dir='ltr'><strong>ca—</strong></span> 
     </span>
    </p>
   </div>
   <div class='ocr_carea' id='block_1_70' title="bbox 2293 3823 3841 3904">
    <p class='ocr_par' dir='ltr' id='par_1_70' title="bbox 2294 3823 3841 3904">
     <span class='ocr_line' id='line_1_70' title="bbox 2294 3823 3841 3904; baseline 0.001 -16"><span class='ocrx_word' id='word_1_568' title='bbox 2294 3837 2564 3904; x_wconf 85' lang='grc' dir='ltr'>συνήντων</span> <span class='ocrx_word' id='word_1_569' title='bbox 2614 3833 2781 3902; x_wconf 75' lang='grc' dir='ltr'><strong>αὐτῷ,</strong></span> <span class='ocrx_word' id='word_1_570' title='bbox 2834 3835 2926 3886; x_wconf 75' lang='grc' dir='ltr'><strong>καὶ</strong></span> <span class='ocrx_word' id='word_1_571' title='bbox 2976 3835 3316 3904; x_wconf 79' lang='grc' dir='ltr'>χορεύουσαι,</span> <span class='ocrx_word' id='word_1_572' title='bbox 3364 3834 3604 3902; x_wconf 81' lang='grc' dir='ltr'>χιλιάδας</span> <span class='ocrx_word' id='word_1_573' title='bbox 3652 3823 3841 3890; x_wconf 73' lang='grc' dir='ltr'><strong>ὀλέσαι</strong></span> 
     </span>
    </p>
   </div>
   <div class='ocr_carea' id='block_1_71' title="bbox 642 3915 2194 3996">
    <p class='ocr_par' dir='ltr' id='par_1_71' title="bbox 642 3921 2194 3989">
     <span class='ocr_line' id='line_1_71' title="bbox 642 3921 2194 3989; baseline -0.002 -9"><span class='ocrx_word' id='word_1_574' title='bbox 642 3938 804 3989; x_wconf 82' lang='lat' dir='ltr'><strong>nunt;</strong></span> <span class='ocrx_word' id='word_1_575' title='bbox 832 3926 1087 3980; x_wconf 89' lang='lat' dir='ltr'><strong>Davidem</strong></span> <span class='ocrx_word' id='word_1_576' title='bbox 1130 3939 1261 3978; x_wconf 83' lang='lat' dir='ltr'><strong>vero</strong></span> <span class='ocrx_word' id='word_1_577' title='bbox 1324 3923 1510 3977; x_wconf 89' lang='lat' dir='ltr'><strong>decem</strong></span> <span class='ocrx_word' id='word_1_578' title='bbox 1569 3921 1735 3974; x_wconf 88' lang='lat' dir='ltr'><strong>millia</strong></span> <span class='ocrx_word' id='word_1_579' title='bbox 1779 3921 2062 3987; x_wconf 84' lang='lat' dir='ltr'><strong>delevisse,</strong></span> <span class='ocrx_word' id='word_1_580' title='bbox 2111 3939 2194 3977; x_wconf 81' lang='lat' dir='ltr'><strong>re-</strong></span> 
     </span>
    </p>
   </div>
   <div class='ocr_carea' id='block_1_72' title="bbox 2293 3915 3843 3996">
    <p class='ocr_par' dir='ltr' id='par_1_72' title="bbox 2293 3915 3843 3996">
     <span class='ocr_line' id='line_1_72' title="bbox 2293 3915 3843 3996; baseline -0.001 -19"><span class='ocrx_word' id='word_1_581' title='bbox 2293 3915 2620 3987; x_wconf 68' lang='grc' dir='ltr'><strong>τὸν’Σαοὺλ,</strong></span> <span class='ocrx_word' id='word_1_582' title='bbox 2665 3919 2795 3996; x_wconf 80' lang='grc' dir='ltr'>ᾖδον</span> <span class='ocrx_word' id='word_1_583' title='bbox 2828 3939 2841 3952; x_wconf 92' lang='grc'><strong>·</strong></span> <span class='ocrx_word' id='word_1_584' title='bbox 2884 3923 2940 3974; x_wconf 89' lang='grc' dir='ltr'><strong>αἱ</strong></span> <span class='ocrx_word' id='word_1_585' title='bbox 2988 3922 3043 3975; x_wconf 71' lang='grc' dir='ltr'>δὲ</span> <span class='ocrx_word' id='word_1_586' title='bbox 3089 3923 3366 3991; x_wconf 73' lang='grc' dir='ltr'><strong>παρθένοι,</strong></span> <span class='ocrx_word' id='word_1_587' title='bbox 3426 3924 3686 3993; x_wconf 75' lang='grc' dir='ltr'>μυριάδας</span> <span class='ocrx_word' id='word_1_588' title='bbox 3748 3926 3843 3976; x_wconf 75' lang='grc' dir='ltr'>τὸν</span> 
     </span>
    </p>
   </div>
   <div class='ocr_carea' id='block_1_73' title="bbox 645 4012 2194 4087">
    <p class='ocr_par' dir='ltr' id='par_1_73' title="bbox 645 4016 2187 4087">
     <span class='ocr_line' id='line_1_73' title="bbox 645 4016 2187 4087; baseline -0.002 -15"><span class='ocrx_word' id='word_1_589' title='bbox 645 4020 920 4086; x_wconf 81' lang='lat' dir='ltr'><strong>spondent</strong></span> <span class='ocrx_word' id='word_1_590' title='bbox 953 4021 1213 4087; x_wconf 81' lang='lat' dir='ltr'><strong>virgines.</strong></span> <span class='ocrx_word' id='word_1_591' title='bbox 1239 4020 1314 4071; x_wconf 80' lang='lat' dir='ltr'><strong>Ea</strong></span> <span class='ocrx_word' id='word_1_592' title='bbox 1348 4018 1517 4072; x_wconf 81' lang='lat' dir='ltr'><strong>verba</strong></span> <span class='ocrx_word' id='word_1_593' title='bbox 1538 4017 1768 4081; x_wconf 62' lang='lat' dir='ltr'><strong>Mem</strong></span> <span class='ocrx_word' id='word_1_594' title='bbox 1827 4017 1892 4070; x_wconf 86' lang='lat' dir='ltr'><strong>ad</strong></span> <span class='ocrx_word' id='word_1_595' title='bbox 1931 4016 2187 4070; x_wconf 86' lang='lat' dir='ltr'><strong>invidiam</strong></span> 
     </span>
    </p>
   </div>
   <div class='ocr_carea' id='block_1_74' title="bbox 2293 4012 3841 4087">
    <p class='ocr_par' dir='ltr' id='par_1_74' title="bbox 2293 4012 3841 4085">
     <span class='ocr_line' id='line_1_74' title="bbox 2293 4012 3841 4085; baseline -0.001 -18"><span class='ocrx_word' id='word_1_596' title='bbox 2293 4016 2453 4070; x_wconf 80' lang='lat' dir='ltr'><em>Aa6l6</em></span> <span class='ocrx_word' id='word_1_597' title='bbox 2481 4016 2760 4083; x_wconf 84' lang='grc' dir='ltr'><strong>ἀφανίσαι.</strong></span> <span class='ocrx_word' id='word_1_598' title='bbox 2810 4012 3056 4083; x_wconf 78' lang='grc' dir='ltr'><strong>ἀντῇδον.</strong></span> <span class='ocrx_word' id='word_1_599' title='bbox 3096 4013 3264 4066; x_wconf 84' lang='grc' dir='ltr'><strong>Τοῦτο</strong></span> <span class='ocrx_word' id='word_1_600' title='bbox 3313 4015 3447 4084; x_wconf 81' lang='grc' dir='ltr'><strong>πρὸς</strong></span> <span class='ocrx_word' id='word_1_601' title='bbox 3487 4014 3677 4078; x_wconf 82' lang='grc' dir='ltr'>φθόνον</span> <span class='ocrx_word' id='word_1_602' title='bbox 3703 4016 3841 4085; x_wconf 73' lang='grc' dir='ltr'><strong>ἠρέο</strong></span> 
     </span>
    </p>
   </div>
   <div class='ocr_carea' id='block_1_75' title="bbox 645 4102 2194 4178">
    <p class='ocr_par' dir='ltr' id='par_1_75' title="bbox 645 4107 2188 4178">
     <span class='ocr_line' id='line_1_75' title="bbox 645 4107 2188 4178; baseline -0.003 -16"><span class='ocrx_word' id='word_1_603' title='bbox 645 4109 976 4171; x_wconf 87' lang='lat' dir='ltr'><strong>incitarUut,</strong></span> <span class='ocrx_word' id='word_1_604' title='bbox 1025 4117 1082 4159; x_wconf 90' lang='lat' dir='ltr'><strong>ut</strong></span> <span class='ocrx_word' id='word_1_605' title='bbox 1128 4108 1335 4160; x_wconf 86' lang='lat' dir='ltr'><strong>diceret</strong></span> <span class='ocrx_word' id='word_1_606' title='bbox 1385 4125 1399 4160; x_wconf 85' lang='lat'><strong>:</strong></span> <span class='ocrx_word' id='word_1_607' title='bbox 1453 4107 1588 4170; x_wconf 82' lang='lat' dir='ltr'><strong>Quid</strong></span> <span class='ocrx_word' id='word_1_608' title='bbox 1641 4109 1687 4160; x_wconf 74' lang='lat' dir='ltr'><strong>ei</strong></span> <span class='ocrx_word' id='word_1_609' title='bbox 1734 4117 1923 4170; x_wconf 70' lang='lat' dir='ltr'><strong>praeter</strong></span> <span class='ocrx_word' id='word_1_610' title='bbox 1972 4122 2188 4178; x_wconf 79' lang='lat' dir='ltr'><strong>regnum</strong></span> 
     </span>
    </p>
   </div>
   <div class='ocr_carea' id='block_1_76' title="bbox 2293 4102 3850 4178">
    <p class='ocr_par' dir='ltr' id='par_1_76' title="bbox 2293 4102 3850 4176">
     <span class='ocr_line' id='line_1_76' title="bbox 2293 4102 3850 4176; baseline -0.003 -16"><span class='ocrx_word' id='word_1_611' title='bbox 2293 4103 2409 4161; x_wconf 61' lang='grc' dir='ltr'><strong>ασε</strong></span> <span class='ocrx_word' id='word_1_612' title='bbox 2466 4107 2554 4158; x_wconf 84' lang='grc' dir='ltr'><strong>τὸν</strong></span> <span class='ocrx_word' id='word_1_613' title='bbox 2609 4106 2798 4165; x_wconf 78' lang='grc' dir='ltr'><strong>Σαοὺλ,</strong></span> <span class='ocrx_word' id='word_1_614' title='bbox 2853 4105 3117 4174; x_wconf 78' lang='grc' dir='ltr'><strong>φήσαντα,</strong></span> <span class='ocrx_word' id='word_1_615' title='bbox 3164 4102 3275 4156; x_wconf 78' lang='grc' dir='ltr'><strong>Καὶ</strong></span> <span class='ocrx_word' id='word_1_616' title='bbox 3319 4106 3375 4156; x_wconf 83' lang='grc' dir='ltr'><strong><em>τί</em></strong></span> <span class='ocrx_word' id='word_1_617' title='bbox 3410 4103 3566 4176; x_wconf 52' lang='lat' dir='ltr'><strong>aeni)</strong></span> <span class='ocrx_word' id='word_1_618' title='bbox 3604 4106 3850 4172; x_wconf 63' lang='grc' dir='ltr'><strong>ὑστερεῖ</strong></span> 
     </span>
    </p>
   </div>
   <div class='ocr_carea' id='block_1_77' title="bbox 643 4193 2194 4276">
    <p class='ocr_par' dir='ltr' id='par_1_77' title="bbox 643 4199 2185 4266">
     <span class='ocr_line' id='line_1_77' title="bbox 643 4199 2185 4266; baseline -0.001 -15"><span class='ocrx_word' id='word_1_619' title='bbox 643 4201 780 4253; x_wconf 78' lang='lat' dir='ltr'><strong>deest</strong></span> <span class='ocrx_word' id='word_1_620' title='bbox 802 4201 826 4252; x_wconf 70' lang='grc'><em>7</em></span> <span class='ocrx_word' id='word_1_621' title='bbox 852 4209 906 4253; x_wconf 87' lang='lat' dir='ltr'><strong>et</strong></span> <span class='ocrx_word' id='word_1_622' title='bbox 942 4199 1198 4252; x_wconf 89' lang='lat' dir='ltr'><strong>Davidem</strong></span> <span class='ocrx_word' id='word_1_623' title='bbox 1239 4207 1547 4266; x_wconf 84' lang='lat' dir='ltr'><strong>suspectum</strong></span> <span class='ocrx_word' id='word_1_624' title='bbox 1579 4200 1820 4252; x_wconf 86' lang='lat' dir='ltr'><strong>haberet.</strong></span> <span class='ocrx_word' id='word_1_625' title='bbox 1857 4199 2040 4266; x_wconf 83' lang='lat' dir='ltr'><strong>itaque</strong></span> <span class='ocrx_word' id='word_1_626' title='bbox 2062 4213 2185 4251; x_wconf 90' lang='lat' dir='ltr'><strong>cum</strong></span> 
     </span>
    </p>
   </div>
   <div class='ocr_carea' id='block_1_78' title="bbox 2293 4193 3839 4276">
    <p class='ocr_par' dir='ltr' id='par_1_78' title="bbox 2293 4193 3839 4276">
     <span class='ocr_line' id='line_1_78' title="bbox 2293 4193 3839 4276; baseline 0.001 -28"><span class='ocrx_word' id='word_1_627' title='bbox 2293 4196 2459 4262; x_wconf 80' lang='grc' dir='ltr'>πλὴν</span> <span class='ocrx_word' id='word_1_628' title='bbox 2504 4195 2541 4260; x_wconf 72' lang='grc' dir='ltr'><strong><em>ἡ</em></strong></span> <span class='ocrx_word' id='word_1_629' title='bbox 2586 4193 2910 4276; x_wconf 74' lang='grc' dir='ltr'><strong>,ϐασιλεια;</strong></span> <span class='ocrx_word' id='word_1_630' title='bbox 2966 4195 3074 4246; x_wconf 76' lang='grc' dir='ltr'><strong>Καὶ</strong></span> <span class='ocrx_word' id='word_1_631' title='bbox 3121 4194 3451 4247; x_wconf 78' lang='grc' dir='ltr'><strong>ὐπεϐλέπετο</strong></span> <span class='ocrx_word' id='word_1_632' title='bbox 3501 4194 3593 4247; x_wconf 84' lang='grc' dir='ltr'><strong>τὸν</strong></span> <span class='ocrx_word' id='word_1_633' title='bbox 3651 4196 3839 4251; x_wconf 81' lang='grc' dir='ltr'>Δαΰίδ.</span> 
     </span>
    </p>
   </div>
   <div class='ocr_carea' id='block_1_79' title="bbox 643 4288 2182 4358">
    <p class='ocr_par' dir='ltr' id='par_1_79' title="bbox 643 4288 2182 4358">
     <span class='ocr_line' id='line_1_79' title="bbox 643 4288 2182 4358; baseline -0.001 -15"><span class='ocrx_word' id='word_1_634' title='bbox 643 4293 782 4344; x_wconf 85' lang='lat' dir='ltr'><strong>malo</strong></span> <span class='ocrx_word' id='word_1_635' title='bbox 813 4290 1005 4358; x_wconf 84' lang='lat' dir='ltr'><strong>spiritu</strong></span> <span class='ocrx_word' id='word_1_636' title='bbox 1042 4291 1430 4357; x_wconf 86' lang='lat' dir='ltr'><strong>corriperetur,</strong></span> <span class='ocrx_word' id='word_1_637' title='bbox 1477 4302 1712 4355; x_wconf 89' lang='lat' dir='ltr'><strong>eumque</strong></span> <span class='ocrx_word' id='word_1_638' title='bbox 1742 4288 1909 4341; x_wconf 87' lang='lat' dir='ltr'><strong>David</strong></span> <span class='ocrx_word' id='word_1_639' title='bbox 1935 4289 2001 4340; x_wconf 90' lang='lat' dir='ltr'><strong>de</strong></span> <span class='ocrx_word' id='word_1_640' title='bbox 2033 4303 2182 4342; x_wconf 88' lang='lat' dir='ltr'><strong>more</strong></span> 
     </span>
    </p>
   </div>
   <div class='ocr_carea' id='block_1_80' title="bbox 641 4375 2190 4443">
    <p class='ocr_par' dir='ltr' id='par_1_80' title="bbox 641 4375 2190 4443">
     <span class='ocr_line' id='line_1_80' title="bbox 641 4375 2190 4443; baseline -0.001 -12"><span class='ocrx_word' id='word_1_641' title='bbox 641 4387 973 4441; x_wconf 67' lang='lat' dir='ltr'><strong>excantaret,</strong></span> <span class='ocrx_word' id='word_1_642' title='bbox 999 4379 1239 4431; x_wconf 74' lang='lat' dir='ltr'><strong>lanceam</strong></span> <span class='ocrx_word' id='word_1_643' title='bbox 1265 4387 1456 4432; x_wconf 86' lang='lat' dir='ltr'><strong>contra</strong></span> <span class='ocrx_word' id='word_1_644' title='bbox 1495 4377 1644 4431; x_wconf 90' lang='lat' dir='ltr'><strong>illum</strong></span> <span class='ocrx_word' id='word_1_645' title='bbox 1679 4375 1864 4438; x_wconf 90' lang='lat' dir='ltr'><strong>mittit,</strong></span> <span class='ocrx_word' id='word_1_646' title='bbox 1900 4376 2060 4443; x_wconf 88' lang='lat' dir='ltr'><strong>idque</strong></span> <span class='ocrx_word' id='word_1_647' title='bbox 2088 4376 2190 4430; x_wconf 83' lang='lat' dir='ltr'><strong>ite-</strong></span> 
     </span>
    </p>
   </div>
   <div class='ocr_carea' id='block_1_81' title="bbox 647 4464 2188 4533">
    <p class='ocr_par' dir='ltr' id='par_1_81' title="bbox 647 4464 2188 4533">
     <span class='ocr_line' id='line_1_81' title="bbox 647 4464 2188 4533; baseline -0.001 -15"><span class='ocrx_word' id='word_1_648' title='bbox 647 4477 766 4521; x_wconf 87' lang='lat' dir='ltr'><strong>rato</strong></span> <span class='ocrx_word' id='word_1_649' title='bbox 821 4468 1059 4530; x_wconf 88' lang='lat' dir='ltr'><strong>factum;</strong></span> <span class='ocrx_word' id='word_1_650' title='bbox 1093 4464 1188 4518; x_wconf 84' lang='lat' dir='ltr'><strong>sed</strong></span> <span class='ocrx_word' id='word_1_651' title='bbox 1219 4466 1386 4518; x_wconf 87' lang='lat' dir='ltr'><strong>David</strong></span> <span class='ocrx_word' id='word_1_652' title='bbox 1433 4466 1684 4533; x_wconf 63' lang='lat' dir='ltr'><strong>presidio</strong></span> <span class='ocrx_word' id='word_1_653' title='bbox 1738 4464 1922 4518; x_wconf 80' lang='lat' dir='ltr'><strong>divino</strong></span> <span class='ocrx_word' id='word_1_654' title='bbox 1980 4473 2188 4532; x_wconf 88' lang='lat' dir='ltr'><strong>septus,</strong></span> 
     </span>
    </p>
   </div>
   <div class='ocr_carea' id='block_1_82' title="bbox 644 4555 2195 4619">
    <p class='ocr_par' dir='ltr' id='par_1_82' title="bbox 644 4555 2195 4619">
     <span class='ocr_line' id='line_1_82' title="bbox 644 4555 2195 4619; baseline 0.001 -10"><span class='ocrx_word' id='word_1_655' title='bbox 644 4558 811 4610; x_wconf 87' lang='lat' dir='ltr'><strong>ictum</strong></span> <span class='ocrx_word' id='word_1_656' title='bbox 855 4555 1112 4609; x_wconf 81' lang='lat' dir='ltr'><strong>declinat.</strong></span> <span class='ocrx_word' id='word_1_657' title='bbox 1147 4555 1353 4608; x_wconf 89' lang='lat' dir='ltr'><strong>Deinde</strong></span> <span class='ocrx_word' id='word_1_658' title='bbox 1393 4569 1486 4606; x_wconf 76' lang='lat' dir='ltr'><strong>rex</strong></span> <span class='ocrx_word' id='word_1_659' title='bbox 1511 4555 1766 4608; x_wconf 86' lang='lat' dir='ltr'><strong>Davidem</strong></span> <span class='ocrx_word' id='word_1_660' title='bbox 1801 4567 2070 4619; x_wconf 87' lang='lat' dir='ltr'><strong>metuens,</strong></span> <span class='ocrx_word' id='word_1_661' title='bbox 2099 4558 2195 4610; x_wconf 89' lang='lat' dir='ltr'><strong>tri-</strong></span> 
     </span>
    </p>
   </div>
   <div class='ocr_carea' id='block_1_83' title="bbox 646 4644 2188 4715">
    <p class='ocr_par' dir='ltr' id='par_1_83' title="bbox 646 4644 2188 4715">
     <span class='ocr_line' id='line_1_83' title="bbox 646 4644 2188 4715; baseline 0.001 -17"><span class='ocrx_word' id='word_1_662' title='bbox 646 4647 852 4699; x_wconf 87' lang='lat' dir='ltr'><strong>bunum</strong></span> <span class='ocrx_word' id='word_1_663' title='bbox 881 4647 1111 4699; x_wconf 88' lang='lat' dir='ltr'><strong>militum</strong></span> <span class='ocrx_word' id='word_1_664' title='bbox 1147 4660 1316 4709; x_wconf 80' lang='lat' dir='ltr'><strong>creat,</strong></span> <span class='ocrx_word' id='word_1_665' title='bbox 1348 4653 1407 4700; x_wconf 93' lang='lat' dir='ltr'><strong>ut</strong></span> <span class='ocrx_word' id='word_1_666' title='bbox 1440 4645 1590 4715; x_wconf 40' lang='lat' dir='ltr'><strong>inter.</strong></span> <span class='ocrx_word' id='word_1_667' title='bbox 1613 4644 1799 4699; x_wconf 87' lang='lat' dir='ltr'><strong>hostes</strong></span> <span class='ocrx_word' id='word_1_668' title='bbox 1824 4647 2188 4714; x_wconf 85' lang='lat' dir='ltr'><strong>periclitetur.</strong></span> 
     </span>
    </p>
   </div>
   <div class='ocr_carea' id='block_1_84' title="bbox 645 4736 2192 4807">
    <p class='ocr_par' dir='ltr' id='par_1_84' title="bbox 645 4736 2192 4807">
     <span class='ocr_line' id='line_1_84' title="bbox 645 4736 2192 4807; baseline -0.001 -17"><span class='ocrx_word' id='word_1_669' title='bbox 645 4740 713 4790; x_wconf 87' lang='lat' dir='ltr'><strong>At</strong></span> <span class='ocrx_word' id='word_1_670' title='bbox 755 4738 844 4790; x_wconf 90' lang='lat' dir='ltr'><strong>ille</strong></span> <span class='ocrx_word' id='word_1_671' title='bbox 876 4738 987 4790; x_wconf 91' lang='lat' dir='ltr'><strong>Deo</strong></span> <span class='ocrx_word' id='word_1_672' title='bbox 1032 4739 1276 4807; x_wconf 64' lang='lat' dir='ltr'><strong>adiutore</strong></span> <span class='ocrx_word' id='word_1_673' title='bbox 1307 4752 1417 4789; x_wconf 88' lang='lat' dir='ltr'><strong>rem</strong></span> <span class='ocrx_word' id='word_1_674' title='bbox 1447 4736 1585 4790; x_wconf 84' lang='lat' dir='ltr'><strong>bene</strong></span> <span class='ocrx_word' id='word_1_675' title='bbox 1616 4737 1773 4806; x_wconf 86' lang='lat' dir='ltr'><strong>gerit,</strong></span> <span class='ocrx_word' id='word_1_676' title='bbox 1819 4737 2016 4806; x_wconf 91' lang='lat' dir='ltr'><strong>populo</strong></span> <span class='ocrx_word' id='word_1_677' title='bbox 2062 4737 2192 4788; x_wconf 81' lang='lat' dir='ltr'><strong>cha-</strong></span> 
     </span>
    </p>
   </div>
   <div class='ocr_carea' id='block_1_85' title="bbox 648 4827 2192 4897">
    <p class='ocr_par' dir='ltr' id='par_1_85' title="bbox 648 4827 2192 4897">
     <span class='ocr_line' id='line_1_85' title="bbox 648 4827 2192 4897; baseline -0.001 -17"><span class='ocrx_word' id='word_1_678' title='bbox 648 4844 765 4893; x_wconf 88' lang='lat' dir='ltr'><strong>rus,</strong></span> <span class='ocrx_word' id='word_1_679' title='bbox 793 4842 1008 4882; x_wconf 89' lang='lat' dir='ltr'><strong>necnon</strong></span> <span class='ocrx_word' id='word_1_680' title='bbox 1045 4829 1274 4882; x_wconf 75' lang='lat' dir='ltr'><strong>Melchol</strong></span> <span class='ocrx_word' id='word_1_681' title='bbox 1308 4828 1417 4882; x_wconf 85' lang='lat' dir='ltr'><strong>filia</strong></span> <span class='ocrx_word' id='word_1_682' title='bbox 1463 4827 1610 4897; x_wconf 85' lang='lat' dir='ltr'><strong>regis</strong></span> <span class='ocrx_word' id='word_1_683' title='bbox 1642 4828 1790 4884; x_wconf 86' lang='lat' dir='ltr'><strong>illius</strong></span> <span class='ocrx_word' id='word_1_684' title='bbox 1826 4842 2010 4882; x_wconf 83' lang='lat' dir='ltr'><strong>amore</strong></span> <span class='ocrx_word' id='word_1_685' title='bbox 2041 4828 2192 4894; x_wconf 85' lang='lat' dir='ltr'><strong>capi-</strong></span> 
     </span>
    </p>
   </div>
   <div class='ocr_carea' id='block_1_86' title="bbox 2303 4281 3845 4354">
    <p class='ocr_par' dir='ltr' id='par_1_86' title="bbox 2303 4281 3845 4354">
     <span class='ocr_line' id='line_1_86' title="bbox 2303 4281 3845 4354; baseline -0.001 -16"><span class='ocrx_word' id='word_1_686' title='bbox 2303 4287 2685 4347; x_wconf 85' lang='grc' dir='ltr'><strong>⁹Επιπεσόντος</strong></span> <span class='ocrx_word' id='word_1_687' title='bbox 2712 4284 2769 4336; x_wconf 71' lang='grc' dir='ltr'><strong>δί</strong></span> <span class='ocrx_word' id='word_1_688' title='bbox 2795 4281 2872 4352; x_wconf 82' lang='grc' dir='ltr'><strong>τῷ</strong></span> <span class='ocrx_word' id='word_1_689' title='bbox 2902 4284 3072 4336; x_wconf 77' lang='grc' dir='ltr'>Σαοὺλ</span> <span class='ocrx_word' id='word_1_690' title='bbox 3115 4285 3419 4352; x_wconf 83' lang='grc' dir='ltr'><strong>πνεύματος</strong></span> <span class='ocrx_word' id='word_1_691' title='bbox 3451 4285 3710 4354; x_wconf 82' lang='grc' dir='ltr'><strong>πονηροῦ,</strong></span> <span class='ocrx_word' id='word_1_692' title='bbox 3744 4287 3845 4339; x_wconf 78' lang='grc' dir='ltr'><strong>καὶ</strong></span> 
     </span>
    </p>
   </div>
   <div class='ocr_carea' id='block_1_87' title="bbox 2283 4373 3838 4446">
    <p class='ocr_par' dir='ltr' id='par_1_87' title="bbox 2283 4373 3838 4446">
     <span class='ocr_line' id='line_1_87' title="bbox 2283 4373 3838 4446; baseline -0.001 -18"><span class='ocrx_word' id='word_1_693' title='bbox 2283 4375 2378 4428; x_wconf 81' lang='grc' dir='ltr'><strong>τοῦ</strong></span> <span class='ocrx_word' id='word_1_694' title='bbox 2429 4375 2592 4427; x_wconf 78' lang='grc' dir='ltr'>Δαὸὶδ</span> <span class='ocrx_word' id='word_1_695' title='bbox 2646 4376 3058 4446; x_wconf 82' lang='grc' dir='ltr'><strong>κατεπᾴδοντος,</strong></span> <span class='ocrx_word' id='word_1_696' title='bbox 3092 4375 3167 4433; x_wconf 87' lang='grc' dir='ltr'><strong>ὡς</strong></span> <span class='ocrx_word' id='word_1_697' title='bbox 3207 4374 3324 4434; x_wconf 64' lang='grc' dir='ltr'><strong>ἔθος</strong></span> <span class='ocrx_word' id='word_1_698' title='bbox 3382 4373 3549 4442; x_wconf 82' lang='grc' dir='ltr'><strong>αὐτῷ,</strong></span> <span class='ocrx_word' id='word_1_699' title='bbox 3594 4375 3655 4426; x_wconf 80' lang='grc' dir='ltr'><strong>τὸ</strong></span> <span class='ocrx_word' id='word_1_700' title='bbox 3705 4375 3838 4442; x_wconf 87' lang='grc' dir='ltr'>δόρυ</span> 
     </span>
    </p>
   </div>
   <div class='ocr_carea' id='block_1_88' title="bbox 2287 4465 3836 4532">
    <p class='ocr_par' dir='ltr' id='par_1_88' title="bbox 2287 4465 3836 4532">
     <span class='ocr_line' id='line_1_88' title="bbox 2287 4465 3836 4532; baseline 0.001 -16"><span class='ocrx_word' id='word_1_701' title='bbox 2287 4466 2474 4518; x_wconf 77' lang='grc' dir='ltr'>ἔϐαλεν</span> <span class='ocrx_word' id='word_1_702' title='bbox 2515 4468 2543 4517; x_wconf 90' lang='lat'><strong>6</strong></span> <span class='ocrx_word' id='word_1_703' title='bbox 2584 4465 2755 4518; x_wconf 76' lang='grc' dir='ltr'>Σαοὺλ</span> <span class='ocrx_word' id='word_1_704' title='bbox 2783 4468 2900 4518; x_wconf 84' lang='grc' dir='ltr'><strong>κατ’</strong></span> <span class='ocrx_word' id='word_1_705' title='bbox 2928 4466 3091 4518; x_wconf 80' lang='grc' dir='ltr'>αὐτοῦ</span> <span class='ocrx_word' id='word_1_706' title='bbox 3119 4481 3132 4495; x_wconf 91' lang='grc'><strong>·</strong></span> <span class='ocrx_word' id='word_1_707' title='bbox 3165 4467 3258 4518; x_wconf 74' lang='grc' dir='ltr'><strong>καὶ</strong></span> <span class='ocrx_word' id='word_1_708' title='bbox 3283 4465 3365 4527; x_wconf 77' lang='grc' dir='ltr'><strong>δὶς</strong></span> <span class='ocrx_word' id='word_1_709' title='bbox 3399 4466 3558 4518; x_wconf 82' lang='grc' dir='ltr'>τοῦτο</span> <span class='ocrx_word' id='word_1_710' title='bbox 3586 4466 3836 4532; x_wconf 73' lang='grc' dir='ltr'><strong>ἐποίησε.</strong></span> 
     </span>
    </p>
   </div>
   <div class='ocr_carea' id='block_1_89' title="bbox 2288 4553 3836 4626">
    <p class='ocr_par' dir='ltr' id='par_1_89' title="bbox 2288 4553 3836 4626">
     <span class='ocr_line' id='line_1_89' title="bbox 2288 4553 3836 4626; baseline 0 -17"><span class='ocrx_word' id='word_1_711' title='bbox 2288 4559 2397 4609; x_wconf 80' lang='lat' dir='ltr'><strong>Kal</strong></span> <span class='ocrx_word' id='word_1_712' title='bbox 2420 4560 2446 4610; x_wconf 90' lang='lat'><strong>6</strong></span> <span class='ocrx_word' id='word_1_713' title='bbox 2495 4557 2657 4609; x_wconf 82' lang='lat' dir='ltr'><em>Aa6l6</em></span> <span class='ocrx_word' id='word_1_714' title='bbox 2687 4557 2929 4622; x_wconf 77' lang='grc' dir='ltr'><strong>ἐξέκλινε</strong></span> <span class='ocrx_word' id='word_1_715' title='bbox 2950 4574 2964 4588; x_wconf 87' lang='grc'><strong>·</strong></span> <span class='ocrx_word' id='word_1_716' title='bbox 2993 4557 3190 4626; x_wconf 83' lang='grc' dir='ltr'><strong>Κύριος</strong></span> <span class='ocrx_word' id='word_1_717' title='bbox 3224 4557 3340 4625; x_wconf 82' lang='grc' dir='ltr'>γὰρ</span> <span class='ocrx_word' id='word_1_718' title='bbox 3369 4553 3437 4625; x_wconf 77' lang='grc' dir='ltr'><strong>ἦν</strong></span> <span class='ocrx_word' id='word_1_719' title='bbox 3477 4556 3593 4625; x_wconf 78' lang='grc' dir='ltr'><strong>μετ’</strong></span> <span class='ocrx_word' id='word_1_720' title='bbox 3645 4554 3836 4609; x_wconf 83' lang='grc' dir='ltr'><strong>αὑτοῦ.</strong></span> 
     </span>
    </p>
   </div>
   <div class='ocr_carea' id='block_1_90' title="bbox 2287 4640 3843 4715">
    <p class='ocr_par' dir='ltr' id='par_1_90' title="bbox 2287 4640 3843 4715">
     <span class='ocr_line' id='line_1_90' title="bbox 2287 4640 3843 4715; baseline -0.003 -18"><span class='ocrx_word' id='word_1_721' title='bbox 2287 4645 2476 4707; x_wconf 85' lang='grc' dir='ltr'>Δεδιὼς</span> <span class='ocrx_word' id='word_1_722' title='bbox 2511 4646 2754 4698; x_wconf 68' lang='grc' dir='ltr'>δὲαὺτδν</span> <span class='ocrx_word' id='word_1_723' title='bbox 2776 4647 2803 4696; x_wconf 87' lang='grc' dir='ltr'>ὁ</span> <span class='ocrx_word' id='word_1_724' title='bbox 2833 4645 3102 4713; x_wconf 70' lang='grc' dir='ltr'>βασιλεὺς,</span> <span class='ocrx_word' id='word_1_725' title='bbox 3134 4643 3409 4715; x_wconf 82' lang='grc' dir='ltr'>χιλίαρχον</span> <span class='ocrx_word' id='word_1_726' title='bbox 3450 4643 3739 4705; x_wconf 73' lang='grc' dir='ltr'>ἐποιήσατο</span> <span class='ocrx_word' id='word_1_727' title='bbox 3767 4640 3843 4693; x_wconf 75' lang='grc' dir='ltr'><strong>ἶν’</strong></span> 
     </span>
    </p>
   </div>
   <div class='ocr_carea' id='block_1_91' title="bbox 2288 4728 3842 4801">
    <p class='ocr_par' dir='ltr' id='par_1_91' title="bbox 2288 4728 3842 4801">
     <span class='ocr_line' id='line_1_91' title="bbox 2288 4728 3842 4801; baseline -0.003 -14"><span class='ocrx_word' id='word_1_728' title='bbox 2288 4736 2367 4796; x_wconf 80' lang='grc' dir='ltr'><strong>εἰς</strong></span> <span class='ocrx_word' id='word_1_729' title='bbox 2392 4728 2515 4796; x_wconf 79' lang='grc' dir='ltr'><strong>τοῦς</strong></span> <span class='ocrx_word' id='word_1_730' title='bbox 2548 4735 2834 4801; x_wconf 84' lang='grc' dir='ltr'>πολεμίους</span> <span class='ocrx_word' id='word_1_731' title='bbox 2861 4732 3060 4798; x_wconf 84' lang='grc' dir='ltr'><strong>ἀπιὼν,</strong></span> <span class='ocrx_word' id='word_1_732' title='bbox 3095 4734 3434 4800; x_wconf 83' lang='grc' dir='ltr'><strong>κινδυνεύσῃ.</strong></span> <span class='ocrx_word' id='word_1_733' title='bbox 3466 4733 3521 4785; x_wconf 86' lang='lat'><strong>&#39;0</strong></span> <span class='ocrx_word' id='word_1_734' title='bbox 3541 4733 3596 4784; x_wconf 83' lang='grc' dir='ltr'>δὲ</span> <span class='ocrx_word' id='word_1_735' title='bbox 3616 4732 3694 4800; x_wconf 83' lang='grc' dir='ltr'>τῷ</span> <span class='ocrx_word' id='word_1_736' title='bbox 3717 4729 3842 4800; x_wconf 83' lang='grc' dir='ltr'><strong>Θεῷ</strong></span> 
     </span>
    </p>
   </div>
   <div class='ocr_carea' id='block_1_92' title="bbox 2291 4822 3838 4894">
    <p class='ocr_par' dir='ltr' id='par_1_92' title="bbox 2291 4822 3838 4894">
     <span class='ocr_line' id='line_1_92' title="bbox 2291 4822 3838 4894; baseline -0.003 -17"><span class='ocrx_word' id='word_1_737' title='bbox 2291 4822 2582 4894; x_wconf 83' lang='grc' dir='ltr'>συμμαχού</span> <span class='ocrx_word' id='word_1_738' title='bbox 2593 4840 2772 4893; x_wconf 87' lang='grc' dir='ltr'><strong>μενος,</strong></span> <span class='ocrx_word' id='word_1_739' title='bbox 2800 4823 3067 4876; x_wconf 83' lang='grc' dir='ltr'><strong>εὐοδοῦτο.</strong></span> <span class='ocrx_word' id='word_1_740' title='bbox 3099 4825 3206 4877; x_wconf 80' lang='lat' dir='ltr'><strong>Kal</strong></span> <span class='ocrx_word' id='word_1_741' title='bbox 3235 4826 3262 4876; x_wconf 92' lang='lat'><strong>6</strong></span> <span class='ocrx_word' id='word_1_742' title='bbox 3297 4823 3423 4886; x_wconf 78' lang='grc' dir='ltr'>λαὸς</span> <span class='ocrx_word' id='word_1_743' title='bbox 3457 4823 3644 4891; x_wconf 74' lang='grc' dir='ltr'>ἠγάπα</span> <span class='ocrx_word' id='word_1_744' title='bbox 3668 4824 3838 4874; x_wconf 76' lang='grc' dir='ltr'><strong>αὐτὸν</strong></span> 
     </span>
    </p>
   </div>
   <div class='ocr_carea' id='block_1_93' title="bbox 1817 4982 2686 5042">
    <p class='ocr_par' dir='ltr' id='par_1_93' title="bbox 1817 4982 2686 5042">
     <span class='ocr_line' id='line_1_93' title="bbox 1817 4982 2686 5042; baseline -0.005 -2"><span class='ocrx_word' id='word_1_745' title='bbox 1817 4982 2020 5042; x_wconf 63' lang='lat' dir='ltr'><strong>Varia;</strong></span> <span class='ocrx_word' id='word_1_746' title='bbox 2062 4985 2361 5042; x_wconf 88' lang='lat' dir='ltr'><strong>lectiones</strong></span> <span class='ocrx_word' id='word_1_747' title='bbox 2406 4986 2465 5040; x_wconf 87' lang='lat' dir='ltr'><strong>et</strong></span> <span class='ocrx_word' id='word_1_748' title='bbox 2501 4989 2686 5038; x_wconf 69' lang='lat' dir='ltr'><strong>noue.</strong></span> 
     </span>
    </p>
   </div>
   <div class='ocr_carea' id='block_1_94' title="bbox 658 5115 2183 5190">
    <p class='ocr_par' dir='ltr' id='par_1_94' title="bbox 658 5115 2183 5190">
     <span class='ocr_line' id='line_1_94' title="bbox 658 5115 2183 5190; baseline -0.001 -17"><span class='ocrx_word' id='word_1_749' title='bbox 658 5142 662 5145; x_wconf 53' lang='grc' dir='ltr'><strong>ι</strong></span> <span class='ocrx_word' id='word_1_750' title='bbox 720 5115 838 5190; x_wconf 70' lang='grc'><strong>(49)’</strong></span> <span class='ocrx_word' id='word_1_751' title='bbox 859 5120 1253 5189; x_wconf 77' lang='grc' dir='ltr'><strong>Παρεστηκὼς</strong></span> <span class='ocrx_word' id='word_1_752' title='bbox 1290 5119 1422 5171; x_wconf 84' lang='grc' dir='ltr'><strong>τότε</strong></span> <span class='ocrx_word' id='word_1_753' title='bbox 1446 5119 1622 5190; x_wconf 74' lang='grc' dir='ltr'>αὐτῷ.</span> <span class='ocrx_word' id='word_1_754' title='bbox 1651 5121 1974 5190; x_wconf 81' lang='lat' dir='ltr'><strong>Ambiguum</strong></span> <span class='ocrx_word' id='word_1_755' title='bbox 2006 5129 2183 5172; x_wconf 90' lang='lat' dir='ltr'><strong>utrum</strong></span> 
     </span>
    </p>
   </div>
   <div class='ocr_carea' id='block_1_95' title="bbox 645 5187 2186 5252">
    <p class='ocr_par' dir='ltr' id='par_1_95' title="bbox 645 5187 2186 5252">
     <span class='ocr_line' id='line_1_95' title="bbox 645 5187 2186 5252; baseline -0.006 -3"><span class='ocrx_word' id='word_1_756' title='bbox 645 5187 954 5252; x_wconf 52' lang='lat' dir='ltr'><strong>sacerdoti,</strong></span> <span class='ocrx_word' id='word_1_757' title='bbox 991 5207 1058 5244; x_wconf 89' lang='lat' dir='ltr'><strong>an</strong></span> <span class='ocrx_word' id='word_1_758' title='bbox 1096 5190 1301 5252; x_wconf 84' lang='lat' dir='ltr'><strong>Davidi,</strong></span> <span class='ocrx_word' id='word_1_759' title='bbox 1338 5203 1404 5242; x_wconf 84' lang='lat' dir='ltr'><strong>an</strong></span> <span class='ocrx_word' id='word_1_760' title='bbox 1439 5187 1607 5243; x_wconf 80' lang='lat' dir='ltr'><strong>Sauli.</strong></span> <span class='ocrx_word' id='word_1_761' title='bbox 1653 5191 1756 5244; x_wconf 87' lang='lat' dir='ltr'><strong>Sed</strong></span> <span class='ocrx_word' id='word_1_762' title='bbox 1790 5187 1856 5244; x_wconf 74' lang='lat' dir='ltr'><strong>ad</strong></span> <span class='ocrx_word' id='word_1_763' title='bbox 1892 5190 2105 5243; x_wconf 84' lang='lat' dir='ltr'><strong>Saulem</strong></span> <span class='ocrx_word' id='word_1_764' title='bbox 2141 5190 2186 5240; x_wconf 92' lang='lat' dir='ltr'><strong>si</strong></span> 
     </span>
    </p>
   </div>
   <div class='ocr_carea' id='block_1_96' title="bbox 648 5257 2184 5327">
    <p class='ocr_par' dir='ltr' id='par_1_96' title="bbox 648 5257 2184 5327">
     <span class='ocr_line' id='line_1_96' title="bbox 648 5257 2184 5327; baseline -0.004 -13"><span class='ocrx_word' id='word_1_765' title='bbox 648 5262 901 5322; x_wconf 80' lang='lat' dir='ltr'><strong>refertur,</strong></span> <span class='ocrx_word' id='word_1_766' title='bbox 926 5268 986 5310; x_wconf 90' lang='lat' dir='ltr'><strong>ut</strong></span> <span class='ocrx_word' id='word_1_767' title='bbox 1005 5268 1246 5327; x_wconf 87' lang='lat' dir='ltr'><strong>apparet,</strong></span> <span class='ocrx_word' id='word_1_768' title='bbox 1272 5266 1355 5312; x_wconf 90' lang='lat' dir='ltr'><strong>est</strong></span> <span class='ocrx_word' id='word_1_769' title='bbox 1386 5259 1773 5325; x_wconf 78' lang='grc' dir='ltr'>περισσολογία</span> <span class='ocrx_word' id='word_1_770' title='bbox 1804 5260 2013 5320; x_wconf 65' lang='lat' dir='ltr'><strong>Graeca,</strong></span> <span class='ocrx_word' id='word_1_771' title='bbox 2040 5257 2184 5324; x_wconf 92' lang='lat' dir='ltr'><strong>quod</strong></span> 
     </span>
    </p>
   </div>
   <div class='ocr_carea' id='block_1_97' title="bbox 645 5327 2188 5401">
    <p class='ocr_par' dir='ltr' id='par_1_97' title="bbox 645 5327 2188 5401">
     <span class='ocr_line' id='line_1_97' title="bbox 645 5327 2188 5401; baseline -0.003 -19"><span class='ocrx_word' id='word_1_772' title='bbox 645 5343 815 5401; x_wconf 84' lang='lat' dir='ltr'><strong>genus</strong></span> <span class='ocrx_word' id='word_1_773' title='bbox 863 5329 915 5378; x_wconf 90' lang='lat' dir='ltr'><strong>in</strong></span> <span class='ocrx_word' id='word_1_774' title='bbox 947 5329 1206 5379; x_wconf 89' lang='lat' dir='ltr'><strong>vertendo</strong></span> <span class='ocrx_word' id='word_1_775' title='bbox 1241 5337 1461 5401; x_wconf 82' lang='lat' dir='ltr'><strong>propter</strong></span> <span class='ocrx_word' id='word_1_776' title='bbox 1499 5329 1663 5401; x_wconf 78' lang='lat' dir='ltr'><strong>aliam</strong></span> <span class='ocrx_word' id='word_1_777' title='bbox 1700 5329 1873 5380; x_wconf 86' lang='lat' dir='ltr'><strong>Latini</strong></span> <span class='ocrx_word' id='word_1_778' title='bbox 1916 5327 2188 5380; x_wconf 88' lang='lat' dir='ltr'><strong>sermonis</strong></span> 
     </span>
    </p>
   </div>
   <div class='ocr_carea' id='block_1_98' title="bbox 648 5396 2187 5464">
    <p class='ocr_par' dir='ltr' id='par_1_98' title="bbox 648 5396 2187 5464">
     <span class='ocr_line' id='line_1_98' title="bbox 648 5396 2187 5464; baseline -0.003 -13"><span class='ocrx_word' id='word_1_779' title='bbox 648 5396 933 5458; x_wconf 70' lang='lat' dir='ltr'><strong>rationem,</strong></span> <span class='ocrx_word' id='word_1_780' title='bbox 970 5411 1076 5462; x_wconf 88' lang='lat' dir='ltr'><strong>quo</strong></span> <span class='ocrx_word' id='word_1_781' title='bbox 1118 5397 1509 5450; x_wconf 83' lang='lat' dir='ltr'><strong>antecedentia</strong></span> <span class='ocrx_word' id='word_1_782' title='bbox 1536 5412 1599 5448; x_wconf 80' lang='lat' dir='ltr'><strong>ex</strong></span> <span class='ocrx_word' id='word_1_783' title='bbox 1631 5396 1695 5448; x_wconf 89' lang='lat' dir='ltr'><strong>iis</strong></span> <span class='ocrx_word' id='word_1_784' title='bbox 1733 5412 1851 5464; x_wconf 77' lang='lat' dir='ltr'><strong>quze</strong></span> <span class='ocrx_word' id='word_1_785' title='bbox 1883 5405 2187 5464; x_wconf 82' lang='lat' dir='ltr'><strong>sequuntur</strong></span> 
     </span>
    </p>
   </div>
   <div class='ocr_carea' id='block_1_99' title="bbox 569 5463 2188 5533">
    <p class='ocr_par' dir='ltr' id='par_1_99' title="bbox 569 5463 2188 5533">
     <span class='ocr_line' id='line_1_99' title="bbox 569 5463 2188 5533; baseline -0.003 -13"><span class='ocrx_word' id='word_1_786' title='bbox 569 5466 571 5468; x_wconf 75' lang='grc'><em>’</em></span> <span class='ocrx_word' id='word_1_787' title='bbox 649 5467 875 5533; x_wconf 75' lang='lat' dir='ltr'><strong>intelligi</strong></span> <span class='ocrx_word' id='word_1_788' title='bbox 904 5465 1095 5522; x_wconf 88' lang='lat' dir='ltr'><strong>solent,</strong></span> <span class='ocrx_word' id='word_1_789' title='bbox 1119 5475 1262 5517; x_wconf 91' lang='lat' dir='ltr'><strong>recte</strong></span> <span class='ocrx_word' id='word_1_790' title='bbox 1285 5467 1572 5519; x_wconf 91' lang='lat' dir='ltr'><strong>omittitur.</strong></span> <span class='ocrx_word' id='word_1_791' title='bbox 1600 5465 1731 5517; x_wconf 83' lang='lat' dir='ltr'><strong>Nam</strong></span> <span class='ocrx_word' id='word_1_792' title='bbox 1752 5463 1800 5517; x_wconf 33' lang='lat' dir='ltr'><strong>&#39;si</strong></span> <span class='ocrx_word' id='word_1_793' title='bbox 1828 5466 1940 5531; x_wconf 89' lang='lat' dir='ltr'><strong>ipse</strong></span> <span class='ocrx_word' id='word_1_794' title='bbox 1969 5463 2188 5532; x_wconf 85' lang='lat' dir='ltr'><strong>Degregi</strong></span> 
     </span>
    </p>
   </div>
   <div class='ocr_carea' id='block_1_100' title="bbox 649 5533 2193 5595">
    <p class='ocr_par' dir='ltr' id='par_1_100' title="bbox 649 5533 2193 5595">
     <span class='ocr_line' id='line_1_100' title="bbox 649 5533 2193 5595; baseline -0.003 -7"><span class='ocrx_word' id='word_1_795' title='bbox 649 5537 699 5588; x_wconf 87' lang='lat' dir='ltr'><strong>id</strong></span> <span class='ocrx_word' id='word_1_796' title='bbox 729 5540 926 5588; x_wconf 83' lang='lat' dir='ltr'><strong>factum</strong></span> <span class='ocrx_word' id='word_1_797' title='bbox 976 5533 1265 5595; x_wconf 85' lang='lat' dir='ltr'><strong>nuntiavit,</strong></span> <span class='ocrx_word' id='word_1_798' title='bbox 1298 5535 1530 5587; x_wconf 88' lang='lat' dir='ltr'><strong>astitisse</strong></span> <span class='ocrx_word' id='word_1_799' title='bbox 1574 5545 1666 5586; x_wconf 82' lang='lat' dir='ltr'><strong>aut</strong></span> <span class='ocrx_word' id='word_1_800' title='bbox 1703 5534 1993 5586; x_wconf 82' lang='lat' dir='ltr'><strong>accessisse</strong></span> <span class='ocrx_word' id='word_1_801' title='bbox 2043 5534 2193 5585; x_wconf 82' lang='lat' dir='ltr'><strong>illum</strong></span> 
     </span>
    </p>
   </div>
   <div class='ocr_carea' id='block_1_101' title="bbox 649 5601 2192 5669">
    <p class='ocr_par' dir='ltr' id='par_1_101' title="bbox 649 5601 2192 5669">
     <span class='ocr_line' id='line_1_101' title="bbox 649 5601 2192 5669; baseline -0.004 -13"><span class='ocrx_word' id='word_1_802' title='bbox 649 5618 809 5656; x_wconf 84' lang='lat' dir='ltr'><strong>nemo</strong></span> <span class='ocrx_word' id='word_1_803' title='bbox 841 5603 1074 5655; x_wconf 81' lang='lat' dir='ltr'><strong>dubitat.</strong></span> <span class='ocrx_word' id='word_1_804' title='bbox 1101 5602 1190 5654; x_wconf 85' lang='lat' dir='ltr'><strong>Sic</strong></span> <span class='ocrx_word' id='word_1_805' title='bbox 1215 5603 1374 5669; x_wconf 84' lang='lat' dir='ltr'><strong>paulo</strong></span> <span class='ocrx_word' id='word_1_806' title='bbox 1408 5616 1547 5669; x_wconf 82' lang='lat' dir='ltr'><strong>post,</strong></span> <span class='ocrx_word' id='word_1_807' title='bbox 1582 5607 1692 5662; x_wconf 81' lang='grc' dir='ltr'>τοῖς</span> <span class='ocrx_word' id='word_1_808' title='bbox 1729 5601 2056 5669; x_wconf 81' lang='grc' dir='ltr'><strong>περιστὼσιν</strong></span> <span class='ocrx_word' id='word_1_809' title='bbox 2098 5601 2192 5669; x_wconf 60' lang='grc' dir='ltr'><strong>αὐτ</strong></span> 
     </span>
    </p>
   </div>
   <div class='ocr_carea' id='block_1_102' title="bbox 649 5667 2196 5739">
    <p class='ocr_par' dir='ltr' id='par_1_102' title="bbox 649 5667 2196 5739">
     <span class='ocr_line' id='line_1_102' title="bbox 649 5667 2196 5739; baseline -0.001 -17"><span class='ocrx_word' id='word_1_810' title='bbox 649 5672 726 5739; x_wconf 79' lang='grc' dir='ltr'>τῷ</span> <span class='ocrx_word' id='word_1_811' title='bbox 764 5672 1024 5732; x_wconf 81' lang='grc' dir='ltr'>ὁπλίταις,</span> <span class='ocrx_word' id='word_1_812' title='bbox 1061 5667 1227 5735; x_wconf 75' lang='lat' dir='ltr'><strong>verti,</strong></span> <span class='ocrx_word' id='word_1_813' title='bbox 1261 5690 1290 5722; x_wconf 81' lang='grc' dir='ltr'><strong>ιι</strong></span> <span class='ocrx_word' id='word_1_814' title='bbox 1321 5667 1626 5723; x_wconf 69' lang='lat' dir='ltr'><strong>satellitibus</strong></span> <span class='ocrx_word' id='word_1_815' title='bbox 1652 5667 1814 5723; x_wconf 71' lang='lat' dir='ltr'><strong>occidi</strong></span> <span class='ocrx_word' id='word_1_816' title='bbox 1841 5671 2007 5737; x_wconf 76' lang='lat' dir='ltr'><strong>jubet.</strong></span> <span class='ocrx_word' id='word_1_817' title='bbox 2044 5667 2196 5731; x_wconf 82' lang='lat' dir='ltr'><strong>Quod</strong></span> 
     </span>
    </p>
   </div>
   <div class='ocr_carea' id='block_1_103' title="bbox 651 5740 2204 5808">
    <p class='ocr_par' dir='ltr' id='par_1_103' title="bbox 651 5740 2204 5808">
     <span class='ocr_line' id='line_1_103' title="bbox 651 5740 2204 5808; baseline -0.004 -14"><span class='ocrx_word' id='word_1_818' title='bbox 651 5742 697 5794; x_wconf 88' lang='lat' dir='ltr'><strong>si</strong></span> <span class='ocrx_word' id='word_1_819' title='bbox 728 5740 847 5808; x_wconf 89' lang='lat' dir='ltr'><strong>quis</strong></span> <span class='ocrx_word' id='word_1_820' title='bbox 878 5740 1004 5792; x_wconf 84' lang='lat' dir='ltr'><strong>mihi</strong></span> <span class='ocrx_word' id='word_1_821' title='bbox 1034 5741 1454 5796; x_wconf 79' lang='lat' dir='ltr'><strong>controversiam</strong></span> <span class='ocrx_word' id='word_1_822' title='bbox 1474 5740 1622 5803; x_wconf 79' lang='lat' dir='ltr'><strong>iacit.</strong></span> <span class='ocrx_word' id='word_1_823' title='bbox 1650 5740 1994 5808; x_wconf 61' lang='lat' dir='ltr'><strong>participium</strong></span> <span class='ocrx_word' id='word_1_824' title='bbox 2019 5747 2204 5790; x_wconf 77' lang='lat' dir='ltr'><strong>astan-</strong></span> 
     </span>
    </p>
   </div>
   <div class='ocr_carea' id='block_1_104' title="bbox 2293 5114 3841 5188">
    <p class='ocr_par' dir='ltr' id='par_1_104' title="bbox 2293 5114 3841 5188">
     <span class='ocr_line' id='line_1_104' title="bbox 2293 5114 3841 5188; baseline 0.001 -19"><span class='ocrx_word' id='word_1_825' title='bbox 2293 5119 2424 5170; x_wconf 76' lang='lat' dir='ltr'><strong>tibus</strong></span> <span class='ocrx_word' id='word_1_826' title='bbox 2477 5135 2580 5170; x_wconf 86' lang='lat' dir='ltr'><strong>non</strong></span> <span class='ocrx_word' id='word_1_827' title='bbox 2622 5133 2740 5171; x_wconf 85' lang='lat' dir='ltr'><strong>esse</strong></span> <span class='ocrx_word' id='word_1_828' title='bbox 2784 5130 3270 5188; x_wconf 80' lang='lat' dir='ltr'><strong>supervacaneum,</strong></span> <span class='ocrx_word' id='word_1_829' title='bbox 3305 5116 3397 5169; x_wconf 89' lang='lat' dir='ltr'><strong>sed</strong></span> <span class='ocrx_word' id='word_1_830' title='bbox 3439 5114 3638 5188; x_wconf 88' lang='lat' dir='ltr'><strong>habere</strong></span> <span class='ocrx_word' id='word_1_831' title='bbox 3685 5118 3841 5188; x_wconf 77' lang='grc' dir='ltr'><strong>ἐνέρ-</strong></span> 
     </span>
    </p>
   </div>
   <div class='ocr_carea' id='block_1_105' title="bbox 2265 5187 3949 5252">
    <p class='ocr_par' dir='ltr' id='par_1_105' title="bbox 2265 5187 3949 5252">
     <span class='ocr_line' id='line_1_105' title="bbox 2265 5187 3949 5252; baseline 0.003 -15"><span class='ocrx_word' id='word_1_832' title='bbox 2265 5190 2466 5252; x_wconf 77' lang='grc' dir='ltr'><strong>’γειαν,</strong></span> <span class='ocrx_word' id='word_1_833' title='bbox 2498 5189 2736 5239; x_wconf 89' lang='lat' dir='ltr'><strong>concedo</strong></span> <span class='ocrx_word' id='word_1_834' title='bbox 2765 5202 2894 5238; x_wconf 89' lang='lat' dir='ltr'><strong>sane</strong></span> <span class='ocrx_word' id='word_1_835' title='bbox 2926 5201 2939 5236; x_wconf 89' lang='lat'><strong>:</strong></span> <span class='ocrx_word' id='word_1_836' title='bbox 2972 5189 3065 5239; x_wconf 89' lang='lat' dir='ltr'><strong>sed</strong></span> <span class='ocrx_word' id='word_1_837' title='bbox 3100 5187 3229 5238; x_wconf 91' lang='lat' dir='ltr'><strong>illud</strong></span> <span class='ocrx_word' id='word_1_838' title='bbox 3262 5194 3449 5242; x_wconf 88' lang='lat' dir='ltr'><strong>contra</strong></span> <span class='ocrx_word' id='word_1_839' title='bbox 3470 5187 3592 5238; x_wconf 88' lang='lat' dir='ltr'><strong>dico</strong></span> <span class='ocrx_word' id='word_1_840' title='bbox 3629 5201 3658 5238; x_wconf 87' lang='lat' dir='ltr'><strong>a</strong></span> <span class='ocrx_word' id='word_1_841' title='bbox 3687 5187 3840 5241; x_wconf 86' lang='lat' dir='ltr'><strong>Lati-</strong></span> <span class='ocrx_word' id='word_1_842' title='bbox 3947 5220 3949 5223; x_wconf 93' lang='lat'><em>-</em></span> 
     </span>
    </p>
   </div>
   <div class='ocr_carea' id='block_1_106' title="bbox 2291 5254 3842 5323">
    <p class='ocr_par' dir='ltr' id='par_1_106' title="bbox 2291 5254 3842 5323">
     <span class='ocr_line' id='line_1_106' title="bbox 2291 5254 3842 5323; baseline 0.001 -15"><span class='ocrx_word' id='word_1_843' title='bbox 2291 5257 2379 5308; x_wconf 89' lang='lat' dir='ltr'><strong>nis</strong></span> <span class='ocrx_word' id='word_1_844' title='bbox 2413 5256 2464 5308; x_wconf 90' lang='lat' dir='ltr'><strong>id</strong></span> <span class='ocrx_word' id='word_1_845' title='bbox 2511 5256 2784 5323; x_wconf 76' lang='grc' dir='ltr'>ἐνεργείας</span> <span class='ocrx_word' id='word_1_846' title='bbox 2829 5268 2995 5322; x_wconf 86' lang='lat' dir='ltr'><strong>genus</strong></span> <span class='ocrx_word' id='word_1_847' title='bbox 3034 5254 3102 5306; x_wconf 93' lang='lat' dir='ltr'><strong>ob</strong></span> <span class='ocrx_word' id='word_1_848' title='bbox 3132 5255 3536 5323; x_wconf 87' lang='lat' dir='ltr'><strong>participiorum</strong></span> <span class='ocrx_word' id='word_1_849' title='bbox 3574 5254 3740 5310; x_wconf 84' lang='lat' dir='ltr'><strong>alium</strong></span> <span class='ocrx_word' id='word_1_850' title='bbox 3779 5267 3842 5311; x_wconf 89' lang='lat' dir='ltr'><strong>et</strong></span> 
     </span>
    </p>
   </div>
   <div class='ocr_carea' id='block_1_107' title="bbox 2295 5323 3836 5392">
    <p class='ocr_par' dir='ltr' id='par_1_107' title="bbox 2295 5323 3836 5392">
     <span class='ocr_line' id='line_1_107' title="bbox 2295 5323 3836 5392; baseline 0.001 -16"><span class='ocrx_word' id='word_1_851' title='bbox 2295 5326 2473 5376; x_wconf 89' lang='lat' dir='ltr'><strong>minus</strong></span> <span class='ocrx_word' id='word_1_852' title='bbox 2501 5323 2834 5391; x_wconf 82' lang='lat' dir='ltr'><strong>frequentem</strong></span> <span class='ocrx_word' id='word_1_853' title='bbox 2871 5338 3024 5376; x_wconf 90' lang='lat' dir='ltr'><strong>usum</strong></span> <span class='ocrx_word' id='word_1_854' title='bbox 3072 5325 3183 5376; x_wconf 85' lang='lat' dir='ltr'><strong>fere</strong></span> <span class='ocrx_word' id='word_1_855' title='bbox 3233 5325 3425 5392; x_wconf 79' lang='lat' dir='ltr'><strong>negligi</strong></span> <span class='ocrx_word' id='word_1_856' title='bbox 3463 5341 3474 5374; x_wconf 90' lang='lat'><strong>:</strong></span> <span class='ocrx_word' id='word_1_857' title='bbox 3505 5323 3555 5375; x_wconf 91' lang='lat' dir='ltr'><strong>id</strong></span> <span class='ocrx_word' id='word_1_858' title='bbox 3594 5327 3736 5390; x_wconf 91' lang='lat' dir='ltr'><strong>quod</strong></span> <span class='ocrx_word' id='word_1_859' title='bbox 3779 5328 3836 5380; x_wconf 91' lang='lat' dir='ltr'><strong>ei</strong></span> 
     </span>
    </p>
   </div>
   <div class='ocr_carea' id='block_1_108' title="bbox 2291 5392 3840 5460">
    <p class='ocr_par' dir='ltr' id='par_1_108' title="bbox 2291 5392 3840 5460">
     <span class='ocr_line' id='line_1_108' title="bbox 2291 5392 3840 5460; baseline 0.002 -15"><span class='ocrx_word' id='word_1_860' title='bbox 2291 5394 2495 5459; x_wconf 82' lang='lat' dir='ltr'><strong>liquido</strong></span> <span class='ocrx_word' id='word_1_861' title='bbox 2524 5392 2820 5460; x_wconf 86' lang='lat' dir='ltr'><strong>apparebit,</strong></span> <span class='ocrx_word' id='word_1_862' title='bbox 2849 5396 2938 5459; x_wconf 88' lang='lat' dir='ltr'><strong>qui</strong></span> <span class='ocrx_word' id='word_1_863' title='bbox 2969 5395 3212 5446; x_wconf 90' lang='lat' dir='ltr'><strong>eamdem</strong></span> <span class='ocrx_word' id='word_1_864' title='bbox 3241 5392 3559 5446; x_wconf 72' lang='lat' dir='ltr'><strong>scitu-utinm</strong></span> <span class='ocrx_word' id='word_1_865' title='bbox 3588 5409 3616 5445; x_wconf 90' lang='lat' dir='ltr'><strong>a</strong></span> <span class='ocrx_word' id='word_1_866' title='bbox 3642 5392 3840 5448; x_wconf 85' lang='lat' dir='ltr'><strong>Latino</strong></span> 
     </span>
    </p>
   </div>
   <div class='ocr_carea' id='block_1_109' title="bbox 2292 5460 3846 5530">
    <p class='ocr_par' dir='ltr' id='par_1_109' title="bbox 2292 5460 3846 5530">
     <span class='ocr_line' id='line_1_109' title="bbox 2292 5460 3846 5530; baseline 0.002 -16"><span class='ocrx_word' id='word_1_867' title='bbox 2292 5471 2345 5514; x_wconf 90' lang='lat' dir='ltr'><strong>et</strong></span> <span class='ocrx_word' id='word_1_868' title='bbox 2375 5461 2559 5514; x_wconf 70' lang='lat' dir='ltr'><strong>Graeco</strong></span> <span class='ocrx_word' id='word_1_869' title='bbox 2586 5463 2852 5529; x_wconf 85' lang='lat' dir='ltr'><strong>scriptore</strong></span> <span class='ocrx_word' id='word_1_870' title='bbox 2888 5470 3132 5527; x_wconf 89' lang='lat' dir='ltr'><strong>tractam,</strong></span> <span class='ocrx_word' id='word_1_871' title='bbox 3169 5479 3288 5530; x_wconf 74' lang='lat' dir='ltr'><strong>qua:</strong></span> <span class='ocrx_word' id='word_1_872' title='bbox 3313 5460 3491 5513; x_wconf 79' lang='lat' dir='ltr'><strong>multa:</strong></span> <span class='ocrx_word' id='word_1_873' title='bbox 3517 5463 3714 5530; x_wconf 87' lang='lat' dir='ltr'><strong>passim</strong></span> <span class='ocrx_word' id='word_1_874' title='bbox 3741 5479 3846 5516; x_wconf 78' lang='lat' dir='ltr'><strong>ex-</strong></span> 
     </span>
    </p>
   </div>
   <div class='ocr_carea' id='block_1_110' title="bbox 2291 5530 3840 5598">
    <p class='ocr_par' dir='ltr' id='par_1_110' title="bbox 2291 5530 3840 5598">
     <span class='ocr_line' id='line_1_110' title="bbox 2291 5530 3840 5598; baseline 0.001 -15"><span class='ocrx_word' id='word_1_875' title='bbox 2291 5538 2454 5592; x_wconf 87' lang='lat' dir='ltr'><strong>stant,</strong></span> <span class='ocrx_word' id='word_1_876' title='bbox 2485 5532 2811 5584; x_wconf 89' lang='lat' dir='ltr'><strong>contulerit:</strong></span> <span class='ocrx_word' id='word_1_877' title='bbox 2845 5545 2929 5583; x_wconf 91' lang='lat' dir='ltr'><strong>me</strong></span> <span class='ocrx_word' id='word_1_878' title='bbox 2956 5532 3198 5598; x_wconf 80' lang='lat' dir='ltr'><strong>exempla</strong></span> <span class='ocrx_word' id='word_1_879' title='bbox 3234 5530 3479 5597; x_wconf 89' lang='lat' dir='ltr'><strong>persequi</strong></span> <span class='ocrx_word' id='word_1_880' title='bbox 3513 5533 3840 5597; x_wconf 79' lang='lat' dir='ltr'><strong>occupatio-</strong></span> 
     </span>
    </p>
   </div>
   <div class='ocr_carea' id='block_1_111' title="bbox 2294 5598 3842 5668">
    <p class='ocr_par' dir='ltr' id='par_1_111' title="bbox 2294 5598 3842 5668">
     <span class='ocr_line' id='line_1_111' title="bbox 2294 5598 3842 5668; baseline 0.002 -18"><span class='ocrx_word' id='word_1_881' title='bbox 2294 5613 2392 5650; x_wconf 87' lang='lat' dir='ltr'><strong>nes</strong></span> <span class='ocrx_word' id='word_1_882' title='bbox 2418 5609 2473 5653; x_wconf 90' lang='lat' dir='ltr'><strong>et</strong></span> <span class='ocrx_word' id='word_1_883' title='bbox 2516 5600 2761 5654; x_wconf 85' lang='lat' dir='ltr'><strong>instituta</strong></span> <span class='ocrx_word' id='word_1_884' title='bbox 2803 5598 3036 5653; x_wconf 87' lang='lat' dir='ltr'><strong>brevitas</strong></span> <span class='ocrx_word' id='word_1_885' title='bbox 3068 5600 3171 5653; x_wconf 84' lang='lat' dir='ltr'><strong>hoc</strong></span> <span class='ocrx_word' id='word_1_886' title='bbox 3199 5612 3440 5666; x_wconf 86' lang='lat' dir='ltr'><strong>tempore</strong></span> <span class='ocrx_word' id='word_1_887' title='bbox 3472 5612 3580 5653; x_wconf 89' lang='lat' dir='ltr'><strong>non</strong></span> <span class='ocrx_word' id='word_1_888' title='bbox 3609 5600 3842 5668; x_wconf 84' lang='lat' dir='ltr'><strong>patiun-</strong></span> 
     </span>
    </p>
   </div>
   <div class='ocr_carea' id='block_1_112' title="bbox 2296 5667 2514 5722">
    <p class='ocr_par' dir='ltr' id='par_1_112' title="bbox 2296 5667 2514 5722">
     <span class='ocr_line' id='line_1_112' title="bbox 2296 5667 2514 5722; baseline 0.014 -3"><span class='ocrx_word' id='word_1_889' title='bbox 2296 5676 2399 5720; x_wconf 88' lang='lat' dir='ltr'><strong>tur.</strong></span> <span class='ocrx_word' id='word_1_890' title='bbox 2430 5667 2514 5722; x_wconf 84' lang='lat' dir='ltr'><strong>W.</strong></span> 
     </span>
    </p>
   </div>
  </div>
