4030 6332
163 429 237 491 137

1407 407 1812 471 ANNALIUM
1858 409 2007 466 LIB.
2051 409 2096 467 Ι.

3259 415 3357 472 [338

161 533 390 607 καὶὴτοῦ
444 533 711 602 βασιλέως
760 529 1015 612 θυγάτηρ
1074 524 1288 593 Μελχδλ
1338 526 1446 594 ἦρα
1507 521 1687 574 Δαϐίδ.

1799 527 1904 571 tur.
1937 517 2091 584 Quod
2124 517 2251 572 Saul
2285 521 2556 581 nuntiato,
2586 523 2998 577 statuendarmn
3037 524 3359 582 insidiarum

161 605 510 699 Προσηγγέλθη
571 617 664 675 οὖν
720 605 942 690 δ’ἔρως
979 618 1059 687 τῷ
1097 617 1332 687 βασιλεῖ,
1368 614 1461 667 καὶ
1503 612 1560 674 ὃς
1612 612 1687 672 εἰς

159 720 293 785 λαϐήν
325 714 611 782 ἐπιϐουλῆς
637 713 839 783 ἐχρῆτο
863 711 938 781 τῷ
961 713 1145 782 ἔρωτι.
1179 710 1319 777 Ἔφη
1343 708 1450 776 γὰρ
1501 705 1692 758 δώσειν

161 807 279 876 αὐτῷ
305 807 358 859 τὸ
389 805 705 874 θυγάτριον,
751 803 799 853 εί
841 802 1033 853 ἑκατὸν
1070 797 1437 868 ἀκροϐυστίας
1478 793 1692 860 ἐνέγκοι

160 898 280 968 αὐτῷ
309 914 322 928 ·
355 895 561 966 οίηθεὶς
593 893 878 946 πεσεῖσθαι
909 891 1069 944 αὑτὸν
1097 893 1209 949 τοῖς
1241 885 1557 954 ἀλλοφύλοις
1586 903 1691 952 μα·

157 988 366 1058 χύμενον.
402 984 575 1037 T0610
604 983 790 1054 μαθὼν
822 982 850 1034 6
883 980 1070 1043 Δαϐὶδ,
1108 976 1378 1048 ἐπορεύθη
1417 973 1554 1044 μετά
1584 974 1693 1025 τῶν

157 1082 227 1136 ὑπ’
250 1079 418 1144 αὑτὸν,
449 1076 544 1130 καὶ
574 1074 848 1139 ἐπάταξεν
883 1075 939 1126 ἐν
980 1074 1092 1133 τοῖς
1117 1067 1459 1136 ἀλλοφύλοις,
1499 1066 1592 1118 καὶ
1633 1065 1694 1134 ἧ-

157 1189 312 1241 νεγκεν
332 1167 695 1238 ἀκροϐυστίας
719 1165 797 1236 τῷ
820 1163 993 1217 Σαοὺλ
1016 1161 1235 1214 ἑκατόν.
1273 1159 1333 1211 Ὀ
1355 1158 1410 1211 δὲ
1433 1157 1695 1224 Ἰώσηπος

155 1267 234 1334 οὐχ
252 1264 430 1317 ἑκατὸν
476 1259 844 1331 ἀκροϐυστίας
863 1256 1085 1327 κομίσαι
1104 1255 1194 1307 τὸν
1215 1253 1401 1315 Δαϐὶδ,
1418 1250 1552 1305 ἀλλα
1574 1249 1698 1314 ἐξα-

154 1356 309 1414 κοσίας
348 1355 588 1422 κεφαλὰς
623 1351 952 1420 ἀλλοφύλων.
972 1347 1083 1401 Καὶ
1116 1345 1404 1410 ζεύγνυσιν
1424 1341 1575 1412 αύτῷ
1597 1341 1696 1411 τὴν

153 1446 315 1498 ἑαυτοῦ
336 1445 610 1515 θυγατέρα
632 1443 868 1511 Μελχόλ.
913 1438 1084 1510 Ὀρῶν
1110 1437 1166 1490 δέ
1189 1437 1281 1489 τὸν
1307 1435 1471 1488 Δαϐὶδ
1498 1435 1590 1485 καὶ
1619 1431 1696 1497 τῷ

150 1537 246 1606 Θεῷ
298 1535 779 1606 συμμαχούμενον,
834 1535 930 1586 καὶ
973 1530 1048 1600 τῷ
1103 1527 1298 1598 πλήθει
1351 1525 1695 1606 φιλούμενον,

150 1605 229 1682 ἑτι
265 1605 454 1700 μᾶλλον
510 1629 722 1692 ἐδεδίει,
783 1626 884 1679 καὶ
926 1623 1319 1678 ἐπεϐούλευσεν
1373 1605 1546 1692 αὐτῷ,
1605 1624 1700 1675 καὶ

150 1724 332 1774 κτανεῖν
359 1719 654 1790 ἐπεχείρει.
688 1717 779 1786 Τῷ
819 1718 912 1769 06v
970 1715 1072 1785 υίῷ
1134 1714 1391 1768 Ἰωνάοαν
1442 1715 1538 1767 καὶ
1587 1717 1698 1776 τοῖς

150 1813 457 1875 πιστοτάτοις
508 1811 620 1863 τῶν
671 1809 897 1863 οἰκετῶν
928 1812 1026 1879 τὴν
1073 1806 1350 1875 ἀναίρεσιν
1381 1805 1544 1858 αὑτοῦ
1578 1808 1698 1857 ἐπι-
1727 1847 1772 1905 Β

147 1903 327 1954 τάσσει.
373 1902 632 1956 Ὶωνάθαν
667 1902 724 1954 δὲ
773 1899 944 1970 φιλῶν
990 1900 1080 1951 τὸν
1113 1897 1298 1960 Δαϐὶδ,
1349 1895 1499 1966 δηλοῖ
1548 1895 1696 1965 αὐτῷ

148 1995 194 2044 τὸ
220 1994 506 2064 ἐπίταγμα,
543 1995 639 2047 καὶ
675 1991 1042 2061 φυλάττεσθαι
1080 1991 1356 2058 παραινεῖ,
1389 1988 1485 2041 καὶ
1525 1988 1695 2054 ἐπαγ-

148 2085 362 2148 γέλλεται
390 2083 843 2155 διαλεχθήσεσθαι
870 2100 936 2136 πε
948 2083 1016 2152 ρὶι
1043 2081 1209 2134 αὑτοῦ
1240 2081 1316 2151 τῷ
1361 2082 1552 2150 πατρὶ,
1603 2083 1696 2133 καὶ

147 2177 194 2229 τὸ
217 2180 313 2231 πᾶν
338 2178 573 2248 ἐκφῆναι
604 2177 777 2246 αὐτῷ.
829 2175 939 2229 Καὶ
992 2174 1173 2243 μέντοι
1197 2175 1290 2228 καὶ
1317 2172 1584 2243 διελέχθη,
1605 2172 1699 2225 καὶ

149 2272 422 2339 μετήνεγκε
454 2271 592 2339 πρὶς
622 2267 943 2338 πραότητα’
987 2263 1310 2336 μεταϐαλὼν
1355 2265 1487 2333 γὰρ,
1530 2264 1697 2335 μηδὲν

145 2361 393 2429 diiudicant
423 2359 608 2428 ὤμοσε
665 2358 756 2410 τὸν
810 2356 974 2411 Δαϐὶδ
1007 2357 1033 2408 6
1075 2357 1267 2409 Σαούλ.
1329 2356 1584 2410 Ἰωνάθαν
1641 2355 1698 2408 δὲ

146 2450 292 2502 ταῦτα
307 2449 624 2520 δεδηλωκὼς
655 2449 736 2521 τῷ
767 2447 948 2512 Δαϐὶδ,
981 2449 1194 2517 εἰσάγει
1222 2449 1360 2518 πρὸς
1402 2447 1491 2500 τὸν
1539 2448 1697 2517 βασι-ο

143 2542 225 2593 λέα
250 2543 427 2608 αὑτὸν,
468 2543 566 2595 καὶ
603 2538 671 2612 ἦν
699 2543 776 2605 ὡς
806 2541 998 2612 πρώην
1021 2542 1170 2611 αύτῷ
1192 2541 1544 2611 παραμένων.
1576 2540 1697 2594 Τῶν

145 2628 192 2680 δὲ
245 2631 612 2686 Παλαιστινῶν
676 2632 1007 2702 κινηθέντων
1056 2633 1152 2685 καὶ
1192 2632 1376 2696 πάλιν,
1433 2633 1526 2685 καὶ
1584 2635 1696 2695 τοῖς

153 2723 402 2792 Ἑϐραίοις
464 2724 754 2787 ἐπιόντων,
825 2722 1244 2794 ἀντιταξόμενος
1305 2726 1486 2788 αὐτοῖς
1545 2725 1696 2798 παρὰ

154 2813 311 2866 Σαοὺλ
337 2816 364 2866 6
389 2813 555 2867 Δαϐλδ
580 2812 989 2877 ἀποστέλλεται,
1022 2816 1114 2867 καὶ
1149 2815 1286 2884 μετὰ
1323 2817 1479 2884 νίκης
1526 2819 1696 2870 ἐπάν·
1717 2871 1754 2882 ,ν

156 2919 268 2956 εισι.
328 2906 452 2966 Τοῖς
492 2904 537 2956 δ’
577 2906 924 2973 εὐτυχήμασι
975 2905 1068 2957 τοῦ
1111 2905 1302 2975 ἀνδρὸς
1360 2907 1453 2959 καὶ
1503 2910 1530 2960 ὁ
1578 2909 1696 2960 κατ’

157 2994 305 3046 αὑτοῦ
341 2995 534 3063 φθόνος
565 2996 864 3065 συνηύξετο
897 2996 973 3066 τῷ
1004 2996 1197 3061 Σαοὺλ,
1233 2999 1327 3050 καὶ
1385 2997 1478 3050 τοῦ
1531 3016 1696 3067 πονη-

115 3082 121 3092 ’
150 3084 232 3154 ροῦ
262 3074 568 3156 πνεύματος
596 3083 753 3147 αὖθις
783 3086 1102 3149 ἐπελθόντος
1131 3086 1278 3157 αύτῷ
1320 3088 1417 3140 καὶ
1457 3089 1696 3158 συμπνί-

1793 611 2139 666 occasionem
2177 613 2393 682 arripit,
2424 613 2587 667 filiam
2626 617 2675 668 ei
2710 631 2767 668 se
2794 617 3048 669 daturum
3077 618 3358 685 pollicens,
3451 610 3454 612 ⁷

1794 703 1837 755 si
1867 712 2088 757 centum
2119 705 2380 773 p.ieputia
2417 706 2848 776 alienigenarum
2889 708 2992 760 sibi
3042 709 3312 764 attulisset
3344 731 3356 765 :

1795 794 1909 846 fore
1939 808 2167 862 sperans
2229 805 2287 849 ut
2320 796 2371 847 in
2401 797 2586 864 przelio
2611 799 2852 852 caderet.
2887 799 2960 851 E0
2990 799 3157 853 David
3200 803 3359 856 intel-

1795 886 1959 948 lecto,
1983 901 2106 938 cum
2140 888 2253 940 suis
2280 887 2548 942 militibus
2582 890 2708 957 prof
2742 899 2881 952 ctus.
2909 901 2964 944 et
3007 894 3161 946 cresis
3188 894 3362 947 hosti-

1796 978 1919 1040 bus,
1972 990 2191 1032 centum
2220 979 2370 1034 Sauli
2407 984 2671 1050 prchutia
2716 984 2874 1037 τιθῇ-ι
2919 984 3210 1053 (Joseplius
3252 1003 3360 1040 non

1798 1080 2018 1122 centum
2083 1072 2382 1140 praeputia,
2432 1073 2527 1126 scd
2581 1086 2837 1138 sexcenta
2895 1078 3072 1145 capita
3117 1078 3363 1132 attulisse

1798 1162 2028 1232 narrat),
2050 1161 2232 1231 itaque
2258 1148 2810 1238 Mclcliolisconjugio
2839 1169 3064 1236 potitur.
3094 1169 3361 1224 Caeterum

1801 1251 1951 1314 Saul,
1975 1254 2066 1321 qui
2086 1269 2209 1307 eum
2233 1255 2572 1312 etdivinitus
2594 1258 2784 1321 foveri,
2808 1271 2861 1313 et
2886 1261 3101 1328 publice
3135 1262 3361 1315 charum

1798 1345 1989 1399 haberi
2029 1358 2296 1410 cerneret,
2334 1348 2503 1417 magis
2539 1349 2702 1403 etiam
2745 1348 3058 1418 formidare,
3096 1355 3363 1418 insidiari,

1800 1437 1982 1490 moliri
2017 1437 2125 1508 65
2156 1433 2368 1493 ne'cem.
2408 1439 2572 1508 Igitur
2599 1440 2847 1495 Jonalha:
2881 1445 3011 1506 tilio,
3043 1455 3098 1498 et
3134 1447 3367 1500 famulo-

1802 1544 1920 1580 rum
1967 1528 2321 1593 fidelissimis,
2377 1531 2578 1584 caedem
2613 1533 2732 1600 ejus
2764 1534 3003 1587 mandat.
3049 1535 3247 1588 Verum
3273 1535 3366 1590 Jo-

1802 1619 2013 1680 n'atbas,
2051 1619 2145 1686 qui
2184 1619 2441 1672 Davidem
2475 1632 2705 1684 amaret,
2745 1625 3060 1677 mandatum
3113 1627 3282 1694 patris
3314 1629 3366 1681 ei

1802 1713 1992 1776 refert,
2023 1711 2413 1780 caverejubet,
2448 1727 2570 1765 cum
2599 1723 2753 1780 patre
2782 1725 3033 1767 acturum
3070 1718 3365 1783 promittit,

1800 1806 1965 1873 eique
1993 1805 2366 1857 iudicaturmn
2393 1805 2596 1857 omnia.
2635 1805 2786 1858 Facit
2819 1807 2916 1868 ita,
2959 1819 3011 1860 et
3039 1811 3212 1876 patris
3247 1813 3368 1864 aui-

1803 1910 1951 1948 mum
1981 1895 2046 1947 ad
2099 1895 2446 1948 clementiam
2481 1896 2742 1957 traducit,
2805 1907 2862 1951 ut
2893 1909 3099 1952 mutata
3144 1911 3370 1954 senten-

1803 1988 1874 2040 tia
1899 1988 2133 2056 juraret,
2167 2001 2225 2039 se
2269 1986 2456 2040 Davidi
2505 1988 2709 2040 nullam
2752 1989 3026 2043 facturqu
3062 1993 3315 2061 injuriam
3347 2011 3362 2046 :

1801 2088 1856 2132 et
1885 2078 2142 2133 Davidcm
2179 2121 2190 2142 ,
2228 2079 2314 2132 liis
2369 2080 2723 2143 renuntiatis,
2759 2082 2826 2133 ad
2879 2097 3061 2148 regem
3117 2084 3364 2150 adducit,
3445 2078 3449 2082 ’

1803 2180 1860 2222 ut
1890 2171 2034 2225 sicut
2060 2171 2232 2240 prius,
2269 2172 2318 2223 ei
2355 2181 2555 2240 prazsto
2587 2181 2750 2226 esset.
2794 2172 2927 2227 Cum
2961 2184 3157 2230 autem
3197 2177 3367 2233 l’alae-

1799 2262 1930 2318 stini
1961 2262 2144 2316 denuo
2181 2277 2238 2317 se
2271 2275 2575 2329 meverent,
2620 2274 2675 2320 et
2722 2267 2975 2321 Ilebrzeos
3009 2269 3366 2337 invaderent,

1803 2355 1971 2409 David
2003 2366 2194 2409 contra
2225 2371 2323 2408 eos
2356 2372 2385 2409 a
2444 2355 2609 2411 Saule
2656 2359 2876 2420 missus.
2925 2376 2983 2414 re
3046 2362 3186 2416 bene
3215 2375 3366 2434 gesta

1801 2444 2116 2499 revertitur.
2152 2445 2259 2500 Sed
2293 2461 2403 2513 quo
2449 2446 2540 2499 hic
2579 2449 2832 2516 pluribus
2872 2455 3223 2509 successibus
3258 2457 3366 2509 uti-

1801 2547 1910 2600 tur.
1935 2553 2003 2592 co
2035 2539 2339 2608 graviorem
2374 2540 2515 2609 regis
2545 2523 2803 2594 invidiam
2827 2543 2996 2598 subit.
3031 2545 3214 2614 Itaque
3242 2561 3366 2600 cum

1801 2629 1974 2692 Sauli,
2006 2645 2169 2698 quem
2207 2629 2385 2683 malus
2428 2632 2623 2700 genius
2656 2631 2838 2688 denuo
2876 2635 3148 2690 invaserat
3204 2645 3368 2707 atque

1801 2720 2056 2790 angebat,
2103 2736 2225 2775 cum
2255 2723 2482 2792 cinnyra
2516 2734 2712 2792 przesto
2745 2735 2892 2780 esset
2943 2739 2996 2782 et
3030 2737 3365 2794 excantaret,

1804 2812 1934 2866 Saul
1974 2813 2185 2866 hastam
2233 2824 2542 2882 correptam
2597 2826 2792 2870 contra
2822 2833 2948 2871 eum
2999 2822 3226 2890 conjicit
3261 2839 3274 2874 :
3311 2835 3368 2878 at

1800 2906 1891 2960 ille
1953 2907 2182 2976 pnevisu
2238 2907 2627 2979 declinatoque
2681 2909 2827 2974 ictu,
2892 2911 3168 2979 discedit;
3235 2915 3363 2970 Saul

1789 3012 1931 3056 vero
1985 2998 2318 3052 satellitibus
2372 3008 2536 3053 noctu
2602 2999 2656 3054 in
2711 3001 2929 3056 Davidis
2980 3003 3125 3058 aedes
3159 3004 3364 3068 missis,

1803 3107 1962 3146 mane
1987 3107 2113 3145 eum
2148 3092 2342 3146 tollere
2377 3091 2718 3148 decreverat.
2760 3094 2879 3160 Quo
2910 3096 3140 3152 Mclcliol
3183 3103 3369 3166 cogni-

147 3191 334 3242 γοντος,
399 3181 581 3249 παρῆν
619 3179 646 3231 6
688 3177 852 3231 Aa6‘t6
874 3177 974 3248 τὴν
1039 3178 1266 3250 κινύραν
1324 3179 1557 3251 κρούων,
1605 3183 1698 3234 καὶ

1810 3196 1883 3249 ιο,
1911 3186 2166 3239 Davidem
2192 3200 2288 3254 per
2329 3185 2624 3239 fenestram
2667 3187 2962 3256 demissum
2992 3192 3174 3260 eripit.
3211 3195 3365 3252 Matre

145 3270 444 3338 κατεπᾴδων
487 3271 642 3324 αὐτό.
681 3271 738 3322 Ὀ
783 3270 956 3324 Σαοὺλ
1011 3271 1090 3338 δὲ,
1125 3272 1185 3325 τὸ
1249 3271 1373 3342 δόρυ
1422 3274 1692 3342 κατέχων,

145 3358 407 3423 ὴκὸντισεν
434 3361 564 3412 αὐτὸ
590 3361 728 3413 κατὰ
773 3359 866 3413 106
891 3360 1075 3415 Δαϐίδ.
1116 3362 1172 3414 '0
1215 3362 1269 3416 δὲ
1305 3365 1574 3434 προγνοὺς
1610 3366 1694 3428 ἐξ·

146 3447 310 3502 έκλινέ
339 3467 398 3502 τε
457 3452 552 3504 καὶ
583 3452 954 3520 ἀνεχώρησεξβι
978 3452 1289 3506 ’Δπέστειλε
1323 3455 1379 3506 δὲ
1414 3456 1585 3507 Σαοὺλ
1607 3474 1696 3508 vui-

143 3539 252 3600 κτὸς
283 3541 527 3608 φύλακας
553 3543 630 3603 είς
799 3511 950 3595 όῑκῶ
977 3543 1174 3608 ’Δαϐὶδ,
1209 3544 1292 3596 ἵνα
1332 3545 1450 3613 μεθ’
1484 3548 1696 3616 ἡμέραν

147 3633 316 3704 κτείνῃ
339 3633 520 3687 αὐτόν.
555 3633 762 3686 Γνοῦσα
781 3634 836 3689 δὲ
893 3633 1054 3687 106:0
1102 3635 1315 3704 Μελχὸλ
1344 3640 1375 3706 ή
1407 3639 1545 3708 γυνὴ
1594 3640 1693 3692 αὐ·-

145 3723 247 3782 τοῦ.
271 3724 357 3778 διὰ
383 3725 596 3797 θυρίδος
628 3727 719 3780 τὸν
748 3726 918 3798 ἄνδρα
966 3730 1270 3799 κατήγαγε,
1319 3730 1412 3783 καὶ
1465 3734 1691 3802 ἀπέδρα.

145 3813 338 3870 Ἐωθεν
367 3817 422 3869 δὲ
455 3817 549 3870 τοῦ
585 3817 758 3871 Σαοὺλ
817 3819 1132 3888 πέμψαντος
1176 3821 1267 3876 ἐπὶ
1312 3821 1403 3875 τὸν
1453 3823 1695 3894 Δαϐ¹ιδ,ὴ

147 3911 341 3982 Μελχὸλ
369 3914 468 3984 τὴν
501 3913 693 3982 κλίνην
725 3915 1087 3983 ἐτοιμάσασα,
1119 3914 1193 3978 ὥς
1252 3932 1395 3977 τινος
1448 3918 1504 3968 ὲν
1557 3919 1693 3987 αὐτῇ

144 4007 402 4073 κειμένου,
455 4007 552 4060 καὶ
615 4007 728 4069 τοῖς
792 4003 1163 4074 ἐπιϐλήμασιν
1229 4007 1490 4059 ὑποθεῖσα
1543 4004 1695 4076 ἧπαρ

143 4095 280 4161 αἰγὸς
309 4089 663 4166 νεοσφαγοῦς,
691 4100 766 4158 ὡς
796 4097 862 4149 ἂν
891 4100 956 4165 τῇ
989 4098 1180 4149 τούτου
1215 4100 1426 4165 κινήσει
1468 4099 1528 4150 τὸ
1573 4099 1694 4150 ἐπί-

145 4190 312 4258 ϐλημα
342 4190 702 4260 σαλευόμενον
730 4188 950 4260 δόκησιν
977 4192 1231 4260 παράσχῃ
1279 4191 1490 4265 κεῖσθαι
1528 4184 1699 4262 ,παρὲ

145 4283 200 4348 τῇ
228 4279 380 4350 κλίνη
411 4268 555 4344 τινά,
600 4265 811 4347 εἰσάγει
849 4281 973 4342 τοὺς
1007 4281 1320 4343 σταλέντας,
1376 4282 1471 4335 καὶ
1518 4286 1693 4336 νοσεῖν

141 4374 221 4425 τὸν
252 4375 413 4445 ἀνδρα
451 4374 636 4443 φησίν.
673 4374 734 4427 Oi
770 4374 825 4427 δὲ
851 4375 1190 4442 ἀπήγγειλαν
1213 4375 1290 4445 τῷ
1333 4375 1525 4427 Σαούλ.
1585 4377 1694 4429 Καὶ

1800 3293 1924 3332 cum
1953 3278 2123 3332 David
2165 3277 2524 3331 abducendus
2571 3288 2739 3342 esset,
2776 3279 3005 3335 blelcliol
3045 3283 3123 3338 ita
3173 3301 3364 3355 parato

1799 3371 2025 3433 lectulo,
2078 3371 2232 3439 quasi
2279 3370 2480 3437 aliquis
2515 3370 2566 3422 iu
2611 3387 2677 3424 eo
2720 3372 2949 3442 jacerct,
2999 3385 3054 3429 et
3102 3382 3360 3449 stragulis

1801 3462 1966 3515 corde
2027 3477 2219 3516 recens
2277 3471 2524 3516 mactatae
2591 3478 2766 3530 caprae
2815 3461 3148 3534 supposito,
3197 3473 3358 3542 cujus

1802 3562 1950 3626 motu
1998 3554 2238 3620 stragula
2287 3553 2486 3622 agitata
2535 3555 2851 3622 opinionem
2888 3556 3173 3622 afferrent,
3207 3564 3363 3630 quaei

1799 3643 1998 3712 aliquis
2025 3643 2080 3697 iu
2127 3643 2331 3696 lectulo
2367 3645 2742 3708 recumberet,
2779 3649 2975 3701 missos
3036 3651 3357 3720 introducit,

1804 3734 2059 3790 maritum
2110 3743 2374 3802 aegrotare
2427 3735 2663 3789 dicens:
2714 3754 2824 3803 quo
2878 3739 3005 3793 Saul
3059 3747 3358 3814 nuntiato,

1801 3842 1926 3881 eum
1964 3827 2017 3880 in
2075 3827 2218 3881 lecto
2280 3827 2465 3880 aﬂ‘erri
2502 3828 2678 3897 jubet.
2737 3829 2816 3882 llli
2875 3834 3093 3911 sublato
3133 3837 3360 3902 lectulo,

1803 3920 2126 3988 rejectisque
2157 3920 2532 3988 operimentis,
2570 3915 2936 3975 commentum
2962 3919 3361 3993 deprehensum

1803 4008 1915 4075 regi
1951 4010 2226 4060 nuntiant.
2265 4008 2355 4062 Sic
2387 4009 2551 4062 David
2582 4012 2749 4065 vitata
2791 4024 2984 4075 morte,
3023 4015 3360 4074 Armatliaim

1799 4101 1863 4152 ad
1892 4099 2198 4153 Samuelem
2216 4114 2334 4153 sese
2365 4099 2597 4164 confert,
2631 4092 2753 4155 cum
2789 4121 2853 4156 eo
2876 4105 3154 4162 Nabiotlne
3182 4111 3364 4169 Ratira:

1804 4193 2026 4260 degens.
2067 4192 2194 4246 Saul
2232 4207 2298 4245 eo
2323 4208 2541 4261 quoque
2565 4195 2734 4248 mittit
2764 4198 3048 4261 satellites,
3084 4205 3176 4270 qui
3205 4204 3357 4260 Davi-

1800 4283 1925 4336 dem
1965 4281 2308 4337 abducerent
2352 4285 2491 4352 :qui
2551 4300 2674 4338 cum
2697 4301 2763 4339 eo
2811 4289 3214 4355 pervenissent,
3273 4295 3359 4348 in-

1800 4385 1964 4429 vento
2015 4375 2410 4444 prophetarum
2449 4384 2720 4429 conventu
2749 4415 2762 4439 ,
2825 4379 3115 4433 vaticinari
3159 4391 3216 4436 et
3251 4385 3358 4455 ipsi

141 4465 187 4519 ὃς
210 4467 298 4519 ἐπὶ
324 4469 418 4533 τῆς
440 4466 628 4536 κλίνης
648 4467 809 4518 αὑτὸν
834 4466 1064 4536 ἀχθῆναι
1092 4466 1484 4522 διακελεύεται.
1505 4468 1694 4521 Ἀπελ-

1802 4477 2112 4537 creperum.
2162 4467 2239 4519 Eo
2279 4467 2499 4535 cognito
2542 4482 2633 4520 rex
2668 4467 2802 4521 alios
2837 4469 3024 4531 mittit,
3057 4473 3256 4540 quibus
3303 4487 3358 4530 et

143 4558 306 4619 θόντες
329 4559 384 4611 δὲ
415 4560 466 4611 οί
494 4558 861 4626 πεμφθέντες,
889 4559 978 4633 καὶ
1001 4557 1098 4626 τῆς
1132 4558 1318 4624 κλίνης
1344 4560 1608 4629 ἀράμενοι
1633 4562 1693 4614 τὸ

141 4648 421 4718 ἐπίϐλημα,
452 4649 514 4700 τὸ
547 4649 832 4717 τέχνασμα
871 4648 1230 4716 κατενόησαν,
1265 4648 1358 4700 καὶ
1386 4651 1462 4719 τῷ
1489 4651 1697 4718 βασιλεῖ

139 4740 592 4811 κατηγγέλκασιν.
621 4735 783 4792 Οὕτω
809 4738 864 4790 δέ
900 4739 990 4791 τὸν
1021 4738 1252 4792 θάνατον
1292 4741 1320 4790 6
1348 4741 1510 4792 Δαϐὶδ
1530 4744 1697 4809 ἐκφυ-

141 4833 262 4896 γὼν,
296 4834 370 4900 τῷ
399 4831 661 4903 ’Σαμουὴλ
703 4833 783 4893 είς
825 4830 1146 4901 Ἀρμαθαῒμ
1173 4831 1568 4901 προσελήλυθε,
1602 4835 1695 4886 καὶ

147 4921 225 4973 36v
254 4923 442 4993 ἐκείνῳ
463 4924 653 4994 διῆγεν
679 4925 738 4975 ἐν
760 4921 976 4975 Ναϐιὼθ
1009 4924 1088 4984 είς
1125 4924 1319 4991 Ῥαμὰ.
1347 4926 1559 4993 Πέμπει
1584 4928 1691 4979 τοί·
1724 4928 1729 4934 ’

142 5033 222 5065 νυν
243 5015 441 5067 κάκεῖὸ
487 5016 662 5068 Σαοὺλ
707 5017 832 5078 τοὺς
891 5012 1121 5077 ἄξοντας
1159 5015 1250 5066 τὸν
1294 5017 1477 5070 Δαϐίδ.
1543 5021 1606 5071 Οἱ
1645 5019 1688 5071 δ’

143 5105 472 5170 ἀπελθόντες,
506 5107 602 5158 καὶ
625 5105 920 5175 προφητῶν
950 5105 1247 5175 ἐκκλησίαν
1275 5107 1548 5175 εὑρόντες,
1595 5113 1691 5164 κάι

145 5196 283 5248 αὐτοὶ
303 5199 697 5269 προεφήτευον.
721 5195 893 5248 Τοῦτο
916 5196 1103 5264 μαθὼν
1121 5201 1146 5248 6
1169 5197 1446 5265 βασιλεὺς,
1469 5200 1689 5270 ἐτέρους

1806 4560 1942 4626 ipsis
1997 4556 2193 4610 eodem
2241 4555 2404 4608 modo
2450 4555 2685 4617 allectis.
2719 4558 2917 4612 iterum
2968 4561 3135 4614 mittit
3178 4565 3359 4620 alios:

1795 4651 1888 4719 qui
1927 4665 2049 4703 cum
2095 4659 2151 4702 et
2201 4648 2302 4718 ipsi
2351 4649 2577 4701 numine
2635 4647 2796 4701 adlati
2834 4660 3020 4704 essent
3050 4690 3064 4715 ,
3121 4653 3234 4722 ipse
3277 4657 3358 4710 ira

1797 4741 2059 4809 percitus,
2090 4754 2321 4808 propere
2352 4729 2668 4803 descendit;
2704 4727 2939 4807 cumque
2975 4758 3142 4812 prope
3168 4761 3352 4800 acees-

1795 4835 1976 4892 sisset,
2015 4831 2202 4884 itidem
2258 4830 2548 4882 vaticinari
2595 4831 2782 4899 cmpit.
2812 4831 2931 4894 Quo
2969 4843 3211 4904 tempore
3257 4843 3350 4906 qui

1799 4926 1874 4978 ibi
1901 4932 2078 4987 erant,
2109 4921 2448 4977 celebratum
2483 4923 2619 4976 illud
2655 4925 3004 4992 protulerunt
3039 4946 3050 4979 :
3101 4927 3357 4999 Nunquid

1800 5029 1847 5069 et
1887 5014 2019 5069 Saul
2058 5017 2194 5067 inter
2228 5015 2506 5083 prophetas
2535 5015 2559 5066 .7
2591 5015 2726 5068 Cum
2765 5031 2892 5069 vero
2937 5017 3000 5069 ad
3049 5018 3352 5073 Samuelem

1799 5112 2138 5172 accessisset,
2197 5108 2432 5162 alienata
2487 5118 2702 5172 mente,
2747 5112 3031 5178 cxutisque
3090 5114 3354 5176 vestibus,

1748 5247 1756 5256 .
1798 5213 1970 5259 totum
2005 5201 2148 5254 diem
2182 5208 2460 5268 totamque
2487 5198 2698 5253 noctem
2727 5201 2904 5253 nudus
2926 5200 3118 5268 jacuit.

146 5288 334 5352 πέμπει
355 5307 366 5320 ο
387 5291 657 5343 κάκείνων
679 5289 914 5358 σχόντων
932 5286 1153 5357 ὁμοίως,
1203 5289 1391 5352 ἄλλους
1446 5294 1750 5351 ἀπέστειλε.
1799 5299 1903 5350 Καὶ
1938 5296 2044 5348 τῶν
2080 5294 2277 5363 τρίτων
2300 5293 2355 5345 δὲ
2391 5293 2941 5361 κατόχοινγεγονότων
2972 5293 3047 5361 τῷ
3067 5294 3349 5365 πνεύματι,

146 5385 293 5446 αὐτὸς
354 5387 671 5458 ἐξώρμησεν
741 5386 832 5440 ὑπ’
869 5385 1059 5457 ὀργῆς,
1107 5385 1201 5438 καὶ
1251 5383 1577 5453 πλησιάσας,
1641 5390 2008 5460 προφητεύειν
2072 5387 2276 5458 ἦρξατο
2318 5389 2409 5439 καὶ
2455 5386 2633 5446 αὑτός.
2673 5384 2795 5434 Ὅτε
2846 5385 2937 5436 καὶ
2980 5388 3038 5436 τὸ
3095 5389 3354 5457 ᾀδόμενον

146 5479 186 5527 οἱ
212 5479 320 5530 ἐκεῖ
347 5481 608 5549 παρόντες
642 5478 1100 5552 ἑφθέγξαντο,τὺ,
1136 5480 1205 5532 El
1237 5476 1334 5529 καί
1383 5480 1581 5532 Σαοὺλ
1625 5483 1694 5535 ἐν·
1733 5480 2100 5549 προφήτατω
2155 5478 2351 5532 Ἐλθὼν
2395 5478 2451 5530 δέ
2524 5479 2655 5529 ὅπου
2701 5473 2766 5546 ἦν
2816 5477 3085 5546 Σαμουὴλ,
3139 5481 3355 5547 ἔκφρων

147 5570 317 5639 ὥσπερ
349 5575 655 5640 γενόμενος,
689 5575 784 5625 καὶ
826 5573 925 5642 τὴν
988 5571 1191 5639 ἐσθῆτα
1241 5573 1690 5641 περιδυσάμενος,
1735 5575 1938 5644 γυμνὸς
1961 5573 2135 5625 ἔκειτο
2157 5573 2223 5625 δι’
2253 5573 2378 5640 ὅλης
2415 5572 2515 5638 τῆς
2547 5570 2752 5640 ἡμέρας
2782 5572 2870 5622 καὶ
2897 5571 2989 5638 τῆς
3017 5572 3226 5630 νυκτός,

211 5658 328 5713 AA'.
367 5663 422 5714 '0
450 5662 506 5715 δέ
536 5664 702 5715 Δαϐὶδ
737 5663 944 5716 ἐκεῖθεν
975 5663 1207 5730 ἀπέδρα,
1257 5662 1348 5713 καὶ
1390 5663 1467 5731 τῷ
1514 5664 1693 5718 Ἰωνά-

1874 5666 2063 5722 XXXI.
2127 5663 2293 5717 David
2345 5662 2471 5715 inde
2529 5661 2811 5730 aufugiens
2887 5658 3136 5711 Jonatba:
3186 5663 3353 5728 patris

150 5749 237 5804 θεν
259 5757 348 5823 τὴν
375 5757 489 5809 κατ’
510 5754 678 5807 αὑτοῦ
701 5757 794 5808 τοῦ
826 5757 1030 5825 πατρὸς
1063 5756 1691 5826 μεμήνυκενὲπιχείρη-

1801 5769 1990 5813 contra
2044 5769 2102 5810 se
2161 5763 2418 5808 conatum
2467 5753 2754 5822 signiﬁcat.
2793 5748 2949 5812 Quod
2983 5764 3106 5801 cum
3136 5749 3223 5802 ille
3249 5767 3352 5804 non

153 5857 256 5893 σιν·
284 5847 309 5896 6
333 5846 386 5899 δὲ
419 5847 659 5914 ήπίστει.
704 5847 883 5911 Ίίξίου
916 5849 969 5899 δὲ
993 5849 1156 5900 αὑτὸν
1184 5849 1212 5898 6
1240 5848 1404 5900 Δαϐ“ιδ
1461 5849 1692 5901 ἀπόπειο

1800 5846 2064 5910 crederet,
2089 5844 2199 5915 66
2226 5846 2354 5915 petit
2401 5853 2458 5896 ut
2491 5841 2698 5911 paterni
2732 5839 2896 5892 animi
2940 5840 3241 5907 periculum
3279 5839 3344 5892 fa-

429 5944 681 6003 ΡΑτιιοι.
749 5946 864 6005 Gtt.
915 5944 1256 6006 CXXXIV.

3008 5935 3044 5988 ὃ
