4006 6328
181 472 259 534 in
306 454 309 457 ’

1414 468 1814 527 ANNALIUM
1865 470 2006 528 LIB.
2051 470 2128 527 Ιῐ.

3233 465 3332 528 15θ

334 579 429 631 τῶν
444 577 658 630 οίκείων
684 579 984 644 ἀπαγαγὼν
998 578 1157 632 αὐτὸν
1191 579 1409 643 κτείνει,
1446 579 1592 647 ξίφει
1619 577 1860 642 πατάξας
1879 579 1980 631 ὑπὸ
2007 580 2229 646 λαγόνα.
2257 579 2415 632 Δαϐὶό
2440 579 2515 640 δὲ,
2542 579 2698 632 τοῦτο
2727 579 2930 648 μαθὼν,
2961 581 3162 649 ἤλγησε
3205 581 3333 650 σφό-

166 669 261 745 ῖρα,
280 674 362 726 καὶ
383 671 452 740 τῷ
474 673 564 724 τὸν
589 673 750 740 ἄνδρα
767 673 1036 724 κτείναντι
1069 672 1440 742 κατηράτατο,
1466 670 1561 726 καὶ
1589 670 1860 739 ὲθρὴνησε
1895 670 1980 722 τὸν
2000 669 2250 732 θανόντα,
2273 672 2364 722 καὶ
2387 671 2681 739 φιλοτίμως
2701 673 3070 739 ἐνεταφίασεν.
3105 671 3333 724 Ὶεϐοσθὲ

163 768 222 828 δὲ,
240 767 354 836 μετὰ
367 765 555 835 μικρὸν
576 764 999 827 ἐπιϐουλευθεὶς,
1024 767 1235 835 ἐσφάγη
1259 763 1623 835 κοιμώμενος.
1653 764 1762 816 Kal
1781 763 1830 815 οί
1848 763 2032 816 τοῦτον
2057 763 2302 815 ἀνελόντε
2314 782 2356 826 ς,
2382 764 2474 816 δύο
2497 764 2668 826 ὄντες,
2691 763 2789 833 τὴν
2813 763 3052 831 κεφαλὴν
3085 763 3334 825 λαϐόντες

162 859 308 924 αὐτοῦ,
335 859 404 927 τῷ
433 859 595 911 Δαϐὶδ
629 859 992 925 ἀπεκόμισαν.
1039 859 1096 911 '0
1120 859 1174 912 δὲ
1197 859 1255 911 οὐ
1281 859 1440 929 μόνον
1480 856 1554 926 μὴ
1584 857 1956 925 κεχαρισμένα
1978 857 2180 926 πρᾶξαι
2219 856 2366 920 αὑτῷ
2399 858 2523 920 τοὺς
2558 857 2752 921 ἄνδρας
2788 858 3049 924 ἡγήσατο,
3086 856 3222 909 ἀλλὰ
3243 866 3337 922 καὶ

160 952 459 1021 ἀναιρεθῆναι
473 951 794 1022 προσέταξε,
818 943 972 1013 δίκας
994 951 1086 1003 τοῦ
1107 951 1268 1019 φόνου
1299 951 1693 1021 πραττόμενος.
1727 943 1856 999 Εἶτα
1875 950 1980 1010 πᾶς
2008 948 2220 1018 Ἰσραὴλ
2260 949 2548 1018 πορεύεται
2585 949 2722 1016 πρὸς
2760 950 2942 1010 Δαϐἳδ,
2975 949 3068 1001 καὶ
3093 950 3335 1019 χρίουσιν

154 1046 285 1099 αὑτὸν
301 1047 371 1108 είς
385 1045 604 1114 βασιλέα
620 1046 813 1097 πασῶν
838 1041 940 1095 τῶν
955 1039 1267 1111 φυλῶν.ἾΙν
1293 1043 1348 1096 δὲ
1371 1039 1794 1110 τριακονταέτης
1816 1039 2000 1095 Δαϐὶδ.
2022 1042 2107 1092 ὅτε
2130 1041 2221 1092 ἐπὶ
2240 1043 2326 1093 τὸν
2344 1041 2541 1094 Ἰούδαν
2561 1041 2927 1096 ἐϐασίλευσεν,
2959 1041 3064 1096 Καὶ
3084 1037 3247 1114 ἦρξεν
3277 1042 3334 1092 ὲν

153 1136 340 1206 Χεϐρὼν
358 1137 454 1203 τῆς
473 1137 566 1189 τοῦ
594 1137 762 1189 Ἰούδα
787 1137 954 1204 μόνης
976 1136 1148 1206 φυλῆς
1182 1137 1458 1198 ἐνιαυτοὺς
1502 1132 1669 1197 ἑπτὰ,
1692 1130 1986 1200 τριάκοντα
2017 1133 2072 1184 δὲ
2107 1135 2200 1186 καὶ
2233 1136 2380 1202 τρεῖς
2406 1133 2499 1186 τοῦ
2542 1135 2737 1196 παντὸς
2786 1134 3022 1204 Ἰσραὴλ.
3276 1214 3278 1216 γ

209 1232 272 1283 Β’.
314 1229 518 1298 ’Δπῆρε
548 1228 594 1279 δ’
632 1230 695 1281 ὲκ
724 1229 950 1300 Χεϐρὼν
999 1231 1161 1293 αὐτὸς
1203 1232 1296 1303 κα).
1335 1231 1382 1282 oi
1428 1227 1541 1299 μετ’
1569 1229 1665 1282 αὑ·-

1841 1223 1902 1278 11.
1948 1224 2128 1296 Regno
2158 1226 2502 1289 confirmato,
2535 1226 2820 1280 Chebrone
2851 1242 2970 1280 cum
3008 1227 3120 1280 suis
3149 1227 3336 1282 Hiero-

150 1318 242 1381 τοῦ,
279 1318 364 1369 καὶ
404 1318 778 1386 παραγέγονεν
828 1319 906 1380 είς
970 1316 1335 1387 Ἰεροσόλυμα.
1374 1315 1671 1386 Κατῲκουν

146 1408 192 1460 δὲ
217 1407 321 1458 τότε
359 1408 453 1472 τὴν
484 1406 642 1458 πόλιν
679 1408 774 1458 καὶ
805 1406 902 1476 τὴν
1080 1407 1296 1475 ἐκείνην
1336 1408 1667 1473 ’ῐεϐουσαῖοι,

147 1500 246 1551 ὅθεν
281 1498 471 1561 Ἰεϐοὖς
506 1500 754 1552 ἐκαλεῖτο
785 1501 816 1567 ἡ
871 1499 1044 1561 πόλις.
1096 1500 1421 1562 Χαναναίοις
1455 1500 1498 1552 δ’
1533 1496 1671 1569 ἦσαν

147 1590 260 1642 κατὰ
295 1591 443 1657 γένος
476 1592 868 1660 προσήκοντες,
906 1590 977 1655 οἳ,
1017 1591 1140 1654 τοὺς
1182 1590 1414 1660 τυφλοὺς
1450 1591 1539 1654 καὶ
1570 1610 1671 1660 χω-

146 1680 379 1741 λοὺςηιαὶ
408 1680 586 1742 ἄλλως
624 1680 1062 1750 πεπηρωμένους
1111 1681 1407 1751 στήσαντες
1439 1683 1532 1733 ἐπὶ
1563 1682 1672 1734 τῶν

143 1769 387 1833 ἐπάλξεων
424 1770 516 1821 ἐπὶ
553 1769 742 1840 χλεύῃ,
774 1770 847 1838 μὴ
882 1770 1236 1840 παραχωρεῖν
1259 1772 1461 1842 αὐτοὺς⁴
1488 1772 1674 1838 ἔλεγον

144 1853 203 1921 τῷ
232 1853 384 1907 Δαϐὶδ
425 1855 524 1922 τῆς
577 1858 655 1921 είς
682 1858 782 1926 τὴν
827 1859 982 1910 πόλιν
1011 1860 1240 1912 είσόδου.
1288 1843 1592 1930 Ὀργιὲθεὶς
1617 1862 1671 1914 δὲ

142 1940 208 1991 διὰ
232 1941 396 1994 ταῦτα
420 1943 604 2007 ΔαὸἿδ,
631 1943 916 2016 πολιορκίᾳ
941 1945 1038 2012 τὴν
1067 1946 1221 1998 πόλιν
1253 1941 1386 2011 εἷλε,
1417 1949 1510 1999 καὶ
1547 1951 1671 2010 τοὺς

151 2029 478 2095 Ἰεϐουσαίους
519 2034 729 2085 ἐκεῖθεν
774 2033 1074 2103 ὠσάμενος,
1105 2035 1198 2086 καί
1246 2017 1671 2107 ἀνοικοδομήσας

140 2121 300 2188 αὐτὴν,
331 2124 408 2184 είς
441 2122 616 2190 ὄνομα
659 2124 860 2176 οίκείον
899 2124 1054 2178 πόλιν
1083 2126 1248 2179 Δαϐὶδ
1295 2129 1668 2198 ἐπωνόμασεν,

142 2213 216 2263 ἐπὶ
253 2213 496 2281 Ἀϐραὰμ
527 2214 748 2282 Σόλυμα
775 2216 1146 2286 καλουμένην·
1179 2219 1272 2269 καὶ
1315 2219 1583 2290 διέτριϐεν
1615 2221 1671 2273 ἐν

141 2302 276 2372 αὑτῇ,
305 2303 552 2372 βασίλεια
593 2304 989 2377 δομησάμενος.
1030 2307 1309 2375 Ἐγένοντο
1339 2311 1395 2362 δὲ
1441 2312 1519 2364 ἔτι
1551 2316 1670 2366 παῖ-

141 2395 214 2454 δες
253 2395 393 2464 αὑτῷ
463 2396 529 2449 ἐκ
573 2397 852 2473 γυναικῷν
895 2398 1157 2452 πλειόνων
1208 2401 1303 2454 καὶ
1355 2401 1668 2458 παλλακῶν.

142 2485 228 2535 Kal
257 2485 301 2536 οἱ
342 2486 626 2553 ἀλλόφυλοι
667 2489 1040 2557 ἐστράτευσαν
1065 2490 1207 2543 κατὰ
1236 2490 1330 2542 τοῦ
1379 2492 1560 2546 Δαϐἱδ.
1615 2493 1672 2546 '0

137 2575 304 2636 δὲ,τοῦ
346 2576 480 2630 Θεοῦ
524 2577 937 2643 ἐπινεύσαντος,
986 2580 1154 2646 ἔξεισι
1185 2582 1306 2635 κατ’
1324 2584 1504 2634 αὐτῶν
1540 2587 1676 2652 μετα

136 2669 220 2736 τῆς
241 2669 424 2720 ἑαυτοῦ
459 2671 740 2739 στρατιᾶς,
773 2672 865 2726 καὶ
894 2675 1040 2744 νικᾷ.
1074 2677 1135 2727 Οί
1170 2675 1250 2738 δὲ,
1280 2674 1414 2728 πολὺ
1459 2674 1675 2738 πλεὶους

140 2759 616 2828 συναθροισθέντες,
680 2762 842 2814 πάλιν
873 2762 1132 2833 ἐπῄεσαν.
1186 2765 1473 2834 Ἐρομένου
1501 2766 1557 2818 δὲ
1587 2767 1679 2818 καὶ

142 2842 278 2909 αὖθις
307 2847 392 2902 τὸν
419 2847 555 2900 Θεὸν
580 2848 673 2901 τοῦ
700 2850 888 2914 Δαϐὶδ,
914 2853 970 2903 ὲν
997 2855 1107 2912 τοῖς
1146 2855 1331 2907 ἄλσεσι
1371 2855 1463 2907 τοῦ
1497 2855 1680 2908 Κλαυ-

133 2926 322 3002 θμῶνος
355 2937 688 3006 προσέταξεν
712 2939 741 2991 6
775 2938 906 3002 Θεὸς
937 2939 1250 3004 αὐλίζεσθαι
1285 2943 1383 2994 σὺν
1405 2945 1469 3012 τῇ
1516 2960 1679 3013 στρα-

135 3029 243 3097 τιᾷο
272 3029 358 3082 καὶ
385 3031 460 3098 μη
493 3029 668 3092 ἄλλως
707 3031 1068 3099 προσϐάλλειν
1091 3036 1203 3095 τοίς
1235 3033 1519 3098 ἐναντίοις,
1546 3037 1677 3104 πρὶν

138 3119 194 3170 ἂν
228 3122 287 3172 τὰ
319 3121 454 3190 ἄλση
497 3119 824 3174 σαλεύεσθαι
866 3119 1159 3192 ἄρξωντὰι.
1200 3127 1307 3178 Kal
1340 3126 1484 3179 οὕτω
1519 3130 1675 3196 ποιήο

135 3229 237 3276 σας,
270 3215 454 3284 τρέπει
499 3217 625 3278 τοὺς
673 3217 982 3288 πολεμίους.
1028 3219 1134 3270 Kal
1181 3219 1308 3288 ἄχρι
1355 3221 1467 3272 τῶν
1509 3221 1674 3290 όρίων

136 3304 296 3357 αὐτῶν
319 3305 530 3360 διώκων
551 3308 767 3373 αὐτοὺς,
796 3309 1025 3363 ἔκτεινε.
1060 3311 1214 3364 Μετὰ
1236 3314 1411 3366 ταῦτα
1447 3316 1676 3367 συνεκά-

133 3396 238 3448 λεσε
276 3399 433 3451 Δαϐὶδ
467 3402 588 3462 τοὺς
640 3402 805 3470 ἱερεῖς
859 3403 956 3454 καὶ
1012 3404 1266 3468 Δευϊτας,
1313 3407 1407 3457 καὶ
1457 3406 1673 3459 ᾶπαντα

133 3488 211 3538 τὸν
249 3487 371 3541 λαὸν
417 3491 497 3552 εἰς
535 3492 964 3561 Καριαθιαρεΐμ.
1012 3495 1119 3546 Kal
1161 3495 1494 3548 ἐπεϐίϐασαν
1522 3498 1570 3548 οί
1603 3501 1674 3550 ts-

133 3579 232 3642 ρεῖς
267 3579 359 3649 τὴν
400 3581 633 3635 κιϐωτὸν
672 3582 877 3651 Κυρίου
920 3583 1004 3652 ἐφ’
1041 3583 1256 3653 ἄμαξαν
1296 3585 1506 3655 καινὴν,
1538 3604 1671 3640 κατ-

133 3670 338 3733 ἄγοντες
365 3672 537 3741 αὐτὴν
563 3675 644 3736 είς
684 3673 1054 3744 Ἱεροσόλυμα.
1094 3676 1203 3728 Καὶ
1254 3678 1283 3728 6
1329 3677 1456 3741 λαὸς
1506 3680 1601 3731 καὶ
1645 3681 1672 3730 6

134 3762 367 3828 βασιλεὺς
398 3761 521 3837 ᾖδον
553 3765 862 3834 ἔμπροσθεν
886 3768 1054 3837 αὐτῆς
1080 3771 1456 3841 πορευόμενοι.
1510 3773 1669 3825 Ἀναο

1775 1315 2036 1385 snlymam
2064 1315 2450 1383 proficiscitur.
2481 1315 2716 1370 Jebusaei
2754 1325 2864 1368 tum
2896 1316 3082 1370 urbem
3114 1317 3254 1370 illam
3282 1327 3336 1371 et

1776 1413 1972 1458 terram
2009 1407 2288 1470 tenebant,
2321 1405 2534 1475 cognati
2564 1405 2906 1468 Chananwis,
2934 1423 2960 1459 a
2990 1407 3190 1475 quibus
3222 1410 3336 1477 ipsa

1773 1499 1934 1549 etiam
1973 1498 2101 1550 urbs
2131 1498 2298 1552 Jebus
2331 1497 2725 1569 appellabatur.
2764 1496 2802 1548 li
2839 1497 2996 1550 cmcis
3026 1505 3080 1552 et
3106 1500 3336 1560 claudis.

1773 1588 2001 1657 aliisque
2059 1591 2324 1651 mutilatis
2372 1590 2438 1643 ad
2491 1590 2897 1658 propugnacula
2929 1598 3046 1659 ‘Iper
3093 1590 3333 1646 derisum

1774 1680 2080 1741 collocatis.
2109 1697 2204 1735 eos
2233 1682 2387 1735 aiunt
2412 1680 2564 1734 urbis
2596 1681 2840 1750 ingressu
2874 1680 3126 1735 Davidem
3155 1684 3338 1751 proh‘.‘

1776 1771 2005 1824 bitur-os.
2057 1771 2174 1836 Quo
2227 1773 2470 1825 ludibrio
2523 1783 2828 1826 commotus
2888 1772 3095 1832 David.
3149 1775 3334 1828 urbem

1775 1861 2060 1915 obsidione
2096 1864 2261 1932 capit,
2295 1873 2348 1916 et
2377 1861 2638 1916 Jebuszeis
2667 1862 2790 1916 inde
2822 1863 3012 1932 pulsis,
3045 1864 3334 1926 instaurat,

1776 1968 1837 2004 ae
1865 1952 1931 2004 de
1961 1968 2062 2006 suo
2091 1953 2311 2006 nomine
2349 1952 2563 2006 Davidis
2596 1952 2783 2005 urbem
2816 1962 2992 2016 vocat,
3021 1969 3142 2010 cum
3167 1955 3337 2009 Abra-

1777 2040 1917 2093 hami
1955 2043 2293 2110 temporibus
2324 2043 2538 2112 Solyma
2569 2042 2843 2096 diceretur
2877 2063 2886 2096 :
2919 2052 3338 2114 constructaque

1779 2130 1922 2198 regia
1961 2130 2032 2184 ibi
2081 2132 2308 2194 habitat,
2351 2142 2403 2184 et
2437 2134 2573 2186 alios
2617 2131 2819 2185 liberos
2852 2149 2881 2186 e
2921 2134 3170 2200 pluribus
3211 2152 3340 2189 uxo-

1777 2225 1928 2278 ribus
1975 2237 2030 2280 et
2079 2227 2402 2281 concubinis
2446 2228 2692 2295 suscipit.
2745 2227 3096 2297 Alienigenas
3136 2228 3334 2284 bellum

1776 2312 2111 2375 inferentes,
2158 2315 2257 2370 Dei
2299 2330 2434 2369 nqu
2484 2332 2606 2370 cum
2657 2317 2771 2370 suis
2820 2317 2994 2386 copiis
3062 2335 3332 2389 egressus,

1777 2403 1964 2458 vincit.
2013 2405 2112 2469 Qui
2154 2420 2276 2458 cum
2329 2407 2568 2462 exercitu
2610 2407 2767 2474 longe
2823 2408 3019 2496 majori‘
3063 2407 3339 2490 reparato,

1778 2494 1961 2546 denuo
2001 2495 2282 2559 adessent,
2331 2495 2494 2549 David
2536 2498 2758 2549 oraculo
2800 2494 3066 2560 consulto,
3104 2499 3158 2552 in
3198 2500 3337 2555 lucis
3424 2501 3430 2506 ’

1781 2587 1984 2641 Luctus
2022 2589 2307 2644 considere
2354 2590 2577 2658 jubetur
2627 2603 2748 2643 cum
2825 2590 3102 2652 exercitu,
3159 2608 3336 2662 neque

1783 2678 1935 2745 prius
1968 2677 2154 2736 hostes
2188 2680 2427 2751 aggredi,
2458 2695 2619 2751 quam
2660 2678 2768 2735 luci
2803 2680 2993 2750 agitari
3026 2681 3336 2754 cut-pissent.

1780 2770 1942 2823 Paret
1981 2773 2167 2834 David,
2201 2775 2385 2826 hostes
2422 2773 2618 2832 fundit,
2650 2783 2704 2827 et
2739 2789 2909 2836 usque
2935 2776 2997 2829 ad
3031 2775 3162 2829 fines
3195 2777 3342 2845 ipso-

1779 2875 1899 2912 rum
1943 2862 2180 2916 czedibus
2215 2863 2581 2930 persequitur.
2620 2865 2746 2917 Post
2777 2865 2894 2919 haac
2933 2864 3242 2922 sacerdotes
3282 2875 3339 2920 et

1779 2948 1970 3007 levitas
2014 2969 2344 3022 omnemque
2368 2957 2625 3023 populum
2648 2954 3028 3011 Cariathiarim
3053 2968 3334 3019 convocat,

1776 3055 2070 3110 areamque
2109 3043 2162 3095 in
2205 3059 2427 3097 currum
2485 3060 2682 3098 novum
2726 3045 2992 3100 sublatam
3027 3047 3335 3102 sacerdotes

1781 3129 2151 3202 Hierosolyma
2194 3134 2491 3197 advehunt,
2535 3137 2731 3204 populo
2763 3144 2818 3189 et
2848 3153 2972 3204 rege
3017 3152 3137 3192 cum
3175 3147 3333 3190 cantu

1777 3222 2231 3276 antecedentibus
2286 3243 2296 3276 :
2347 3239 2466 3292 quae
2516 3239 2639 3277 cum
2689 3224 2740 3277 in
2791 3225 3034 3293 periculo
3081 3235 3222 3280 esset
3271 3241 3342 3279 ne

1776 3321 2137 3379 everteretur,
2185 3312 2292 3368 Oza
2347 3314 2491 3368 filius
2536 3315 2857 3370 Aminadabi
2907 3325 3121 3371 extenta
3159 3312 3332 3368 manu

1778 3417 1898 3456 eam
1931 3413 2139 3466 tenens,
2183 3420 2212 3458 a
2251 3406 2404 3474 lapsu
2441 3405 2706 3469 defendit,
2746 3407 2991 3474 iratoque
3025 3405 3151 3468 Deo,
3189 3406 3334 3474 quod

1779 3497 1944 3548 homo
1979 3495 2241 3563 profanus
2265 3511 2381 3550 eam
2417 3503 2830 3559 contrectasset,
2866 3496 3046 3548 statim
3083 3495 3330 3548 moritur.

1776 3584 1932 3639 Unde
1970 3586 2119 3638 locus
2164 3585 2254 3637 ille
2291 3583 2553 3652 Diacopes
2588 3599 2786 3638 nomen
2823 3584 3077 3640 obtinuit.
3120 3585 3334 3639 Veritus

1775 3677 1956 3742 itaque
1979 3674 2141 3727 David
2165 3673 2215 3727 in
2237 3674 2424 3728 urbem
2444 3675 2784 3732 introducere
2801 3677 3153 3740 arcam,domi
3171 3676 3334 3730 Abed-

1774 3765 1922 3818 darae
1948 3765 2126 3818 levita:
2151 3764 2398 3832 deposuit
2426 3786 2437 3818 :
2464 3765 2604 3834 apud
2627 3781 2784 3835 quem
2815 3776 2922 3821 tres
2939 3781 3149 3820 menses
3188 3781 3336 3818 man-

131 3855 382 3923 τραπῆναι
420 3855 475 3908 δὲ
506 3856 927 3926 κινδυνευούσης
964 3861 1062 3929 τῆς
1110 3861 1382 3925 Κιϐωτοῦ,
1429 3862 1591 3926 Ὀξὰν
1642 3865 1669 3916 6

1773 3858 1947 3919 sit,ac
1985 3859 2086 3911 viri
2115 3858 2258 3911 illius
2292 3858 2486 3912 domus
2540 3858 2724 3912 multis
2773 3858 2929 3911 bonis
2985 3857 3173 3911 atl‘ecta
3234 3867 3334 3910 est.

130 3945 230 4006 ui";
264 3947 350 3998 τοῦ
393 3947 713 4014 ’Ᾱμιναδὲϐ,
754 3950 1004 4013 ἐκτείνας
1051 3952 1150 4012 τὴν
1194 3954 1371 4021 χεῖρα,
1406 3954 1665 4022 κατέσχεν

130 4036 304 4103 αὐτὴν,
333 4037 426 4088 καὶ
454 4039 780 4108 επεστήριζε
818 4043 892 4108 μὴ
929 4044 1132 4093 πεσεῖν.
1166 4042 1400 4110 Θνήσκει
1427 4043 1521 4096 οὖν
1571 4046 1670 4098 αὒ-

129 4126 265 4189 τίκα,
292 4127 637 4197 ὀργισθέντος
669 4128 762 4181 τοῦ
803 4129 937 4180 Θεοῦ
960 4131 1039 4182 ὅτι
1065 4131 1242 4198 ἥψατο
1271 4134 1365 4200 τῆς
1411 4119 1667 4202 κιϐωτοῧ,

129 4219 239 4269 ἐπεὶ
273 4218 348 4286 μὴ
380 4218 597 4290 ίέρωτο.
620 4221 729 4274 Kal
761 4220 962 4290 ἐκλήθη
993 4224 1019 4275 6
1045 4224 1207 4286 τόπος
1263 4226 1467 4291 ἐκεῖνος
1497 4229 1672 4281 ἐντεῦ-

132 4309 214 4358 θεν
255 4311 513 4380 Διακοπή.
564 4311 675 4363 Kal
714 4312 996 4387 ηύλαϐήθη
1043 4316 1203 4368 Δαϐὶδ
1243 4317 1557 4384 εἰσαγαγεῖν
1589 4321 1670 4380 είς

129 4399 219 4465 τὴν
245 4400 392 4452 πόλιν
431 4400 533 4469 τὴν
586 4401 838 4456 κιϐωτόν.
871 4403 1147 4457 Κατέθετο
1176 4404 1230 4456 δὲ
1259 4406 1428 4475 αὐτὴν
1460 4407 1538 4468 είς
1577 4409 1670 4460 τὸν

128 4485 263 4540 οἷκον
298 4491 592 4560 Ἀϐεδδαρὲ
629 4493 861 4544 Λευΐτου
888 4494 1101 4562 ἀνδρὸς,
1134 4497 1229 4546 καὶ
1273 4492 1340 4564 ἦν
1375 4500 1491 4549 ἐκεῖ
1522 4500 1669 4567 τρεῖς

133 4577 310 4645 μῆνας.
357 4580 466 4633 Kal
502 4581 818 4651 ἁπήλαυσεν
842 4583 871 4634 ὁ
904 4578 1050 4647 οἶκοι,
1088 4586 1184 4638 τοῦ
1235 4587 1425 4655 ἀνδρὸς
1461 4589 1668 4642 ἐκείνου

131 4667 322 4720 πολλῶν
353 4670 602 4736 ἀγαθῶν.
655 4672 762 4724 Kal
793 4671 1030 4734 ἀκούσας
1081 4673 1265 4738 Δαϐἰδ,
1312 4675 1670 4744 μετεκόμισεν

130 4757 320 4809 ἐκεῖθεν
350 4761 450 4829 τὴν
498 4761 730 4814 κιϐωτὸν
759 4765 839 4826 είς
864 4763 961 4830 τὴν
988 4764 1142 4816 ⁴πτόλιν
1170 4764 1268 4835 τὴν
1291 4765 1512 4830 ἑαυτοῦ,
1533 4766 1672 4821 ἐπτά

131 4849 290 4917 χορῶν
319 4851 698 4920 προαγόντων.
719 4853 826 4905 Kal
857 4855 1017 4918 αὐτὸς
1046 4858 1142 4922 τὴν
1171 4857 1426 4926 κιννύραν
1455 4859 1672 4928 ἔκρουε,

131 4942 216 4990 ul
259 4941 475 5011 ἐχόρευε
525 4941 757 5003 παίζων.
801 4944 1004 4996 ’ἰδοῦσα
1036 4945 1089 4996 δὲ
1129 4946 1291 4998 αὑτὸν
1343 4948 1672 5017 ὀρχούμενον

136 5032 217 5081 καὶ
267 5031 570 5101 σκιρτῶντα
625 5031 656 5098 ἡ
705 5033 839 5102 γυνὴ
896 5035 1061 5088 αὑτοῦ
1106 5036 1339 5105 Μελχὸλ,
1386 5037 1672 5108 ἐμέμψατο

135 5120 270 5189 αὖτῷ
308 5123 382 5184 ὡς
431 5120 863 5190 ἀσχημονοῦντι·
902 5124 930 5173 6
963 5124 1019 5175 δὲ
1050 5127 1149 5178 οὐκ
1190 5127 1452 5181 αἰδεῖσθαι
1483 5125 1682 5182 εἷπεν”

136 5210 244 5259 ἐπεὶ
271 5210 342 5280 μὴ
370 5209 725 5280 ἀσχημοσύνη
754 5209 947 5274 ταῦτα,
978 5214 1238 5279 γινόμενα
1267 5217 1346 5278 είς
1367 5217 1519 5271 Θεόν.
1551 5219 1676 5271 Εἰσ-

136 5297 355 5363 ἡνεγκαν
398 5300 455 5352 δὸ
504 5300 602 5370 τὴν
645 5300 914 5365 κιϐωτὸν,
955 5302 1046 5354 καὶ
1114 5304 1404 5358 κατέθεντο
1451 5309 1533 5370 είς
1579 5309 1676 5377 τὴν

130 5388 342 5457 σκηνὴν,
384 5390 454 5460 ἢν
494 5389 696 5460 ιπηξεν
729 5392 866 5462 αὐτῇ
910 5393 938 5443 6
967 5389 1158 5444 Δαϐίδ.
1194 5390 1328 5445 Εἶτα
1374 5391 1522 5448 οἷκον
1591 5397 1676 5450 δο-

137 5475 391 5543 μήσασθαι
418 5481 484 5545 τῇ
509 5478 726 5548 κιϐωτῷ
753 5479 1050 5550 ⁴ιδιϐουλήθη.
1086 5481 1193 5532 Kal
1219 5483 1247 5532 6
1282 5481 1410 5544 Θεὸς
1440 5484 1513 5550 τῷ
1543 5501 1674 5552 προ-

135 5568 266 5636 φήτῃ
311 5567 499 5621 Νάθαν
543 5568 851 5624 ιντέλλεται
923 5575 1098 5626 εἰπεῖν
1137 5574 1212 5642 τῷ
1253 5575 1436 5638 Δαϐἰδ,
1471 5575 1551 5626 ὅτι
1590 5578 1672 5628 Οὐ

132 5658 203 5708 σὺ
235 5656 638 5725 οικοδομήσεις
669 5677 769 5729 μοι
805 5659 994 5730 οἶκον,
1027 5665 1164 5720 ἀλλ’
1185 5669 1216 5720 ό
1240 5665 1365 5729 υἱός
1406 5677 1543 5729 σου,
1573 5665 1665 5731 ὃς,

133 5746 238 5800 σοῦ
281 5749 585 5815 θανόντος,
609 5748 721 5815 τὴν
760 5733 1104 5814 βασιλείαῖε
1145 5773 1261 5812 σου
1312 5755 1664 5819 διαδέξεται.

135 5835 305 5894 ταῦτα
329 5841 420 5894 τοῦ
457 5841 734 5912 προρήτου
757 5842 832 5914 τῷ
853 5847 1017 5902 Δαϐὶδ
1049 5848 1497 5918 ἀπαγγείλαντος,
1527 5851 1665 5903 ὲκεί-

1771 3947 1891 4012 Quo
1931 3947 2096 4000 David
2139 3947 2344 4009 audito,
2374 3963 2492 4000 eam
2552 3949 2603 4001 in
2637 3947 2823 4000 urbem
2857 3961 3007 3999 suam
3063 3946 3336 4018 transfert,

1769 4044 1976 4103 septem
2008 4034 2242 4090 coetibus
2272 4034 2725 4101 praecedentibus,
2752 4035 3027 4104 cinnyram
3073 4036 3174 4105 73
3228 4037 3338 4106 ipse

1767 4129 2011 4198 pulsans,
2033 4136 2087 4181 et
2116 4127 2449 4181 ludibundus
2477 4127 2700 4183 saltans.
2729 4126 2898 4193 Quem
2936 4129 3173 4182 Melchol
3208 4145 3338 4183 con-

1771 4221 1998 4289 spicata,
2023 4231 2080 4273 ut
2114 4219 2372 4273 indecore
2412 4234 2468 4273 se
2524 4228 2798 4284 gerentem
2837 4219 3100 4287 increpat.
3119 4221 3185 4271 At
3223 4223 3336 4288 ipse

1768 4313 1888 4379 ejus
1911 4311 2034 4365 facti
2059 4327 2162 4363 non
2189 4311 2393 4379 pudere
2421 4324 2476 4362 se
2491 4310 2584 4371 ait,
2611 4307 3055 4376 nequeindecora
3087 4324 3204 4383 esse
3226 4311 3337 4367 illa.

1771 4410 1831 4454 ut
1857 4417 1975 4469 qua:
2004 4402 2070 4454 ad
2106 4399 2197 4452 Dei
2227 4400 2485 4453 honorem
2520 4397 2872 4452 referrentur.
2916 4398 3005 4453 Sic
3040 4413 3218 4452 arcam
3246 4401 3331 4452 in-

1780 4492 2043 4555 tulerunt,
2062 4500 2117 4544 et
2145 4490 2196 4542 in
2218 4488 2588 4552 tabernaculo,
2607 4489 2750 4559 quod
2776 4488 2941 4543 David
2963 4489 3014 4541 in
3031 4504 3152 4542 eum
3182 4504 3334 4541 usum

1774 4591 2046 4649 erexerat,
2096 4583 2455 4638 collocarunt.
2489 4581 2754 4635 Czeterum
2787 4581 2955 4635 azdem
2991 4580 3067 4634 illi
3120 4591 3337 4634 exstru-

1778 4682 2027 4738 eturum,
2054 4673 2266 4727 Nathan
2293 4670 2558 4741 proliheta
2581 4671 2732 4740 jussu
2762 4670 2854 4724 Dei
2877 4669 3190 4726 deterrens:
3214 4670 3334 4725 Non

1775 4775 1853 4829 tu,
1886 4766 2084 4835 inquit,
2126 4766 2286 4818 a'dem
2326 4762 2453 4814 mihi
2480 4769 2766 4824 construes,
2794 4761 2884 4814 sed
2905 4760 3047 4828 ﬁlius
3082 4771 3218 4825 tuus,
3244 4764 3331 4830 qui

1778 4871 1994 4923 regnum
2025 4864 2073 4906 te
2103 4861 2308 4904 mortuo
2336 4863 2668 4920 suscepturus
2698 4860 2792 4904 est.
2826 4853 2919 4907 His
2955 4851 3118 4904 David
3151 4867 3180 4905 a
3205 4868 3330 4920 pro-

1777 4946 1938 5014 pheta
1962 4943 2249 5010 nuntiatis,
2279 4943 2344 4997 ad
2371 4943 2666 5013 gratiarum
2698 4944 2966 4998 actionem
3007 4955 3326 5005 conversus,

1775 5050 1884 5087 non
1919 5034 2088 5088 multo
2117 5043 2237 5102 post
2259 5034 2594 5103 alienigenas
2626 5048 2926 5101 eorumque
2976 5033 3152 5086 socios
3175 5033 3330 5086 cmdit

1777 5126 2063 5194 fugatque,
2093 5135 2150 5179 et
2179 5124 2242 5194 Sy
2257 5127 2387 5177 riam
2413 5123 2516 5177 sibi
2561 5109 2878 5192 vectigalem
2908 5124 3102 5187 reddit,
3137 5127 3328 5192 praesi-

1700 5185 1870 5269 I)dio
1923 5216 2166 5269 Damasci
2225 5215 2506 5268 collocato.
2562 5214 2621 5268 In
2670 5215 2846 5268 riditu
2886 5215 3013 5268 item
3068 5214 3327 5268 ldumuros

1775 5306 1993 5366 sternit,
2031 5305 2287 5359 omnibus
2338 5307 2390 5359 in
2443 5306 2761 5359 servitutem
2816 5304 3071 5359 redactis.
3122 5302 3324 5359 Deinde

1773 5396 2092 5450 recordatus
2141 5395 2234 5450 icti
2280 5411 2403 5449 cum
2435 5395 2665 5450 Jonatha
2713 5394 2893 5448 Saulis
2943 5395 3052 5448 filio
3080 5395 3323 5457 foederis,

1771 5488 1965 5555 quaerit
2018 5503 2146 5540 num
2192 5488 2314 5556 quis
2355 5500 2421 5538 ex
2472 5486 2592 5553 ejus
2636 5487 2840 5539 familia
2890 5497 3168 5555 superstes
3209 5486 3322 5548 sit.

1771 5577 2116 5646 cognitoque,
2168 5577 2413 5632 Jonatlue
2444 5572 2637 5639 filium,
2691 5576 3172 5645 Memphibosthem
3227 5593 3324 5630 no-

1774 5668 1942 5733 mine,
1982 5678 2197 5736 captum
2230 5668 2477 5736 pedibus,
2513 5683 2815 5737 superesse,
2883 5667 3114 5722 accersit
3147 5667 3324 5722 homi-

1773 5774 1920 5822 nem,
1964 5749 2156 5814 omnes
2209 5762 2382 5815 avitas
2431 5775 2564 5830 opes
2611 5759 2662 5813 ei
2690 5754 2895 5824 'donat,
2942 5760 3089 5813 victu
3139 5776 3320 5814 secum

1773 5852 2044 5906 communi
2077 5863 2344 5922 perpetuo
2377 5852 2450 5906 uti
2493 5852 2665 5921 jubet,
2699 5853 2940 5922 paternis
2967 5854 3127 5908 etiam
3154 5851 3324 5910 servis
