4038 6320
613 409 709 475 ιιι
1914 404 2237 466 JOANNIS
2276 401 2598 464 ZONARIE
3770 408 3862 470 153

608 522 660 576 ei
690 519 901 575 traditis
930 537 941 572 :
975 528 1211 589 quorum
1246 532 1412 569 unum
1445 515 1631 571 Sibam
1664 518 2086 584 procuratorem
2113 510 2173 566 fat

2295 528 2383 574 νος
2431 512 2513 574 είς
2562 511 2916 582 εὐχαριστίαν
2975 516 3264 586 ἐτράπετο.
3328 517 3436 570 Ka‘t
3496 516 3636 585 μετᾶ
3692 517 3862 573 ταῦτα

607 613 705 681 cit,
743 622 803 668 ut
836 620 1137 690 proventus
1179 609 1497 671 fundorum,
1540 623 1679 677 quos
1705 606 1874 660 herus
1902 604 2048 660 dono
2087 619 2173 659 ac-

2285 602 2523 667 ἐπάταξε
2565 606 2693 666 τοὺς
2738 605 3093 675 ἀλλοφύλους.
3126 610 3223 664 καὶ
3260 606 3731 676 κατετροπώσατο
3770 613 3859 664 αὐ·

607 713 850 774 ccperat,
887 703 1187 773 colligeret.
1233 701 1325 757 Sic
1355 700 1826 771 Mcmpbibosthes
1870 697 2173 769 Hierosoly-

2283 696 2410 757 τοὺς
2467 696 2562 748 καὶ
2602 696 2731 760 τοὺς
2783 698 3108 769 συμμάχους
3153 699 3353 766 αὐτῶν,
3398 701 3495 752 καὶ
3524 701 3625 769 τὴν
3658 700 3865 771 Συρίαν

606 798 711 851 mis
737 795 966 855 habitat,
999 809 1303 862 mensaque,
1325 791 1471 861 regia
1497 790 1723 845 fruitur.
1774 828 1781 833 τ

2287 786 2564 856 ὐπόφορον
2606 788 2924 859 ἐποιήσατο,
2974 792 3223 860 φρουράν
3270 792 3329 844 ἐν
3374 788 3658 859 Δαμασκῷ
3696 808 3864 861 κατα-

607 888 831 955 στήσας.
880 886 989 939 Kal
1028 887 1085 939 ἐν
1128 886 1206 955 τῷ
1255 883 1755 951 ἐπαναζευγνύειν,
1802 881 2044 948 ἐπάταξε
2081 881 2181 952 τὴν
2226 880 2577 948 Ἰδουμαίαν,
2619 882 2727 934 καὶ
2792 882 3041 950 ἐγένοντο
3090 886 3292 948 πάντες
3344 886 3639 955 Ἰδουμαῖοι
3680 882 3865 937 δοῖιλοι

601 981 679 1049 τῷ
710 981 891 1036 Δαϐίδ.
933 982 1208 1049 Μνησθεὶς
1237 981 1343 1035 δὲό
1369 981 1541 1051 Δαϐὶδ
1567 980 1676 1034 τῶν
1717 978 1856 1048 πρὸς
1911 976 2318 1033 Ίωνάθανντῶι
2386 978 2481 1033 τοῦ
2548 979 2722 1032 Σαοὺλ
2774 980 3083 1048 συνθηκῶν,
3133 978 3400 1053 ἐζήτησεν
3442 983 3496 1037 el
3521 999 3608 1045 τις
3654 982 3722 1034 ἐκ
3761 976 3857 1032 τοῦ

602 1074 794 1142 γένους
827 1073 922 1127 τοῦ
1002 1074 1183 1133 Σαοὺλ,
1228 1072 1639 1134 ὑπολέλειπται,
1712 1070 1809 1123 καὶ
1882 1069 2074 1140 μαθὼν
2120 1071 2393 1139 περιεῖναι
2463 1071 2552 1125 τοῦ
2595 1069 2852 1124 Ἱωνάθαν
2899 1072 3014 1125 υἱὸν
3064 1074 3445 1144 βεϐλαμμένον
3490 1074 3620 1137 τούς
3666 1074 3859 1139 πόδας,

602 1164 961 1235 Μεμφιόοσθὲ
989 1159 1348 1234 κεκλημένον,
1392 1160 1797 1231 μετεκαλέσατο
1838 1160 2021 1227 αὐτὸν,
2064 1160 2160 1213 καὶ
2196 1160 2487 1229 ἐχαρίσατο
2522 1162 2620 1233 τὴν
2645 1162 2737 1216 τοῦ
2769 1164 2993 1218 πάππου
3055 1167 3233 1221 πᾶσαν
3264 1165 3499 1238 ὕπαρξιν
3537 1166 3615 1235 τῷ
3665 1167 3843 1242 ἀνδρὶ,

549 1269 555 1281 '
602 1258 696 1317 καὶ
740 1264 1050 1332 ὁμοδίαιτον
1098 1259 1277 1328 ἐαυτῷ
1329 1258 1503 1312 διόλου
1591 1252 1733 1311 εἶναι
1800 1257 2079 1310 ἐκέλευσε.
2134 1255 2243 1308 Καὶ
2280 1257 2408 1319 τοὺς
2461 1257 2751 1328 πατρῴους
2796 1261 3015 1324 οἰκέτας
3058 1262 3208 1331 αὐτῷ
3254 1265 3739 1334 προσαπένειμεν·
3789 1257 3868 1318 ὧν

603 1356 683 1409 ὲιί
731 1355 864 1409 Σιϐἁ
893 1346 1213 1425 καλουμένῳ
1265 1350 1648 1421 ἐπιτροπεύειν
1697 1348 1806 1409 τῶν
1859 1347 2255 1416 δεδωρημένων
2293 1347 2371 1416 τῷ
2434 1349 2599 1423 αὐτοῦ
2665 1352 2839 1421 κυρίῳ
2901 1351 3197 1423 ἐπέτρεψε,
3253 1354 3346 1408 καλ⁵
3393 1355 3696 1423 προσάγειν
3722 1355 3869 1409 ἐκεί-

602 1465 676 1513 νῳ
729 1447 827 1517 τὴν
882 1445 1092 1499 ἐκεῖθεν
1136 1443 1425 1512 ὠφέλειαν.
1483 1441 1539 1494 '0
1589 1442 1645 1494 δὲ
1697 1437 2059 1508 Μεμφιϐοσθὲ
2119 1440 2177 1491 ἐν
2225 1436 2622 1507 Ἱεροσολύμοις
2651 1439 2808 1511 ᾤκει,
2841 1444 2934 1494 καὶ
2965 1444 3311 1497 συνειστιᾶτο
3336 1443 3414 1511 τῷ
3448 1443 3682 1515 βασιλεῖ.

674 1544 767 1598 lll.
802 1540 917 1598 Sub
963 1541 1018 1597 id
1052 1551 1267 1609 tempus
1309 1537 1747 1594 Ammanitarum
1798 1551 1915 1599 rex,
1954 1533 2173 1589 Davidis

600 1634 829 1698 amicus,
856 1632 1111 1697 moritur,
1166 1632 1397 1684 Annone
1436 1630 1547 1683 tilio
1585 1628 1800 1692 relicto,
1833 1625 1992 1696 patrii
2021 1625 2171 1695 regni

600 1720 949 1779 successore.
980 1722 1060 1778 Ad
1116 1737 1241 1775 eum
1278 1720 1444 1774 David
1480 1722 1681 1788 legatos
1716 1719 1910 1797 mittit,
1949 1716 2041 1787 qui
2084 1716 2169 1770 lu-

600 1831 747 1870 ctum
802 1818 925 1887 ejus
965 1814 1407 1877 consolarentur,
1472 1811 1751 1880 simulque
1798 1810 2166 1870 nunciareut,

2349 1535 2423 1587 F’.
2452 1535 2605 1589 Κατὰ
2637 1536 2694 1590 δὲ
2735 1539 2828 1591 τὸν
2857 1540 2975 1593 τότε
3011 1539 3205 1609 χρόνον
3236 1540 3499 1610 τέθνηκεν
3536 1544 3565 1596 6
3595 1543 3707 1596 τῶν
3726 1542 3869 1611 Ἀμ-

2280 1624 2520 1694 μανιτῶν
2555 1626 2831 1695 βασιλεὺς,
2863 1628 3015 1697 φίλος
3038 1628 3114 1681 ὣν
3140 1630 3231 1683 τοῦ
3265 1629 3449 1695 Δασιδ,
3484 1631 3577 1682 ἐπὶ
3605 1628 3709 1697 υἱῷ
3737 1629 3867 1684 ’Ᾱνὲ

2280 1715 2407 1782 νὼν,
2453 1717 2512 1797 ὃς
2539 1717 2637 1788 τὴν
2672 1720 2948 1789 πατρικὴν
2987 1721 3164 1792 ἀρχὴν
3221 1720 3511 1787 διεδέξατο.
3566 1720 3869 1790 Ἔπεμψεν
3912 1702 3921 1711 ”

2278 1804 2371 1863 οὖν
2404 1809 2538 1881 πρὸς
2574 1809 2776 1863 Ἀννὼν
2808 1814 2835 1865 6
2860 1813 3023 1867 Δαϐὶδ
3056 1815 3179 1876 τοὺς
3225 1814 3719 1885 παρηγορήσοντας
3761 1813 3870 1885 τὴν

600 1907 859 1963 Davidem
892 1906 1190 1960 amicitiam
1222 1918 1350 1973 erga
1383 1902 1535 1955 illum
1562 1914 1782 1969 quoque
1810 1904 2167 1952 conservatu-

2279 1903 2368 1954 ἐπὶ
2395 1903 2472 1972 τῷ
2504 1903 2673 1972 πατρὶ
2728 1902 2905 1973 λύπην
2933 1904 3122 1967 αὐτοῦ,
3160 1907 3255 1958 καὶ
3308 1908 3499 1975 τηρεῖν
3531 1904 3633 1976 τὴν
3676 1904 3871 1975 φιλίαν

601 2014 744 2052 runt.
777 1998 845 2051 At
907 1998 995 2051 ille
1020 1995 1396 2064 exploratores
1424 2007 1543 2045 esse
1576 1990 1789 2061 legatos
1839 1989 2170 2059 suspicatus,

600 2091 739 2145 rasis
779 2106 843 2144 ex
875 2097 1026 2159 parte
1059 2086 1246 2142 barbis
1294 2101 1505 2148 eorum,
1538 2093 1593 2138 et
1624 2082 1851 2137 semisse
1881 2068 2171 2149 palliorum

598 2187 886 2247 praesecto,
916 2176 1145 2230 dimittit
1186 2174 1455 2227 homines.
1489 2173 1638 2237 Quos
1665 2185 1790 2224 cum
1822 2170 1901 2225 sic
1943 2168 2173 2221 allectos

601 2268 771 2323 David
819 2267 1055 2331 videret,
1087 2266 1341 2327 Joabum,
1390 2262 1589 2317 tradita
1640 2260 1975 2315 validissima
2018 2269 2172 2329 parte

598 2358 904 2430 copiarum,
939 2340 1128 2414 contra
1152 2356 1491 2410 Ammonitas
1518 2355 1685 2410 mittit
1713 2371 1726 2408 :
1761 2353 1855 2424 qui
1881 2353 2172 2406 commisso

598 2452 807 2522 prmlio,
839 2463 897 2506 et
919 2452 1066 2521 ipsos
1101 2460 1158 2505 et
1195 2449 1491 2504 fazderatos
1525 2464 1716 2504 eorum
1762 2446 1928 2518 Syros
1980 2448 2169 2502 vincit.

600 2542 679 2598 llli
716 2552 837 2610 post
869 2541 1051 2611 fugam
1086 2542 1266 2596 ’denuo
1293 2540 1481 2593 ascitis
1520 2539 1707 2601 sociis,
1743 2538 1945 2601 bellum
1968 2538 2170 2591 redin-

598 2641 839 2702 tegrant.
864 2632 1000 2685 Tum
1033 2631 1198 2685 David
1234 2646 1357 2685 cum
1387 2641 1497 2685 toto
1522 2631 1767 2684 exercitu
1799 2642 1896 2683 eos
1922 2627 2169 2694 adortus,

600 2725 803 2779 multos
834 2724 1012 2791 caedit,
1043 2724 1314 2779 Sobacum
1346 2724 1630 2778 hostilium
1662 2722 1940 2792 legionum
1972 2721 2169 2777 ducem

598 2816 841 2883 graviter
884 2816 1183 2870 vulnerat:
1224 2831 1334 2885 quo
1385 2831 1450 2870 cx
1502 2816 1597 2871 illo
1650 2815 1877 2871 vulnere
1928 2825 2169 2885 mortuo,

600 2906 720 2978 Syri
766 2922 831 2961 ex
882 2908 1267 2976 Mesopotamia
1338 2907 1482 2961 socii
1529 2907 1968 2962 Ammanitarum
2018 2906 2173 2961 dedi-

601 3000 805 3053 tionem
837 2998 1067 3053 l'aciunt.
1115 2998 1281 3052 David
1324 2999 1557 3053 Joabum
1588 3015 1783 3054 rursus
1812 3007 2002 3053 contra
2040 2998 2173 3052 Am—

600 3090 832 3144 tnauitas
868 3089 1053 3156 mittit,
1091 3090 1185 3160 qui
1220 3106 1343 3145 cum
1377 3105 1472 3145 eos
1496 3091 1550 3144 in
1584 3091 1732 3143 illius
1781 3098 1940 3143 teme
1970 3097 2173 3143 metro-

600 3181 767 3251 polim
804 3180 915 3252 74
943 3181 1256 3250 compulsos
1276 3180 1577 3246 obsideret,
1631 3181 1746 3249 ipse
1787 3180 2006 3235 interim
2035 3178 2167 3234 llic-

601 3273 891 3344 rosolymis
926 3274 1144 3344 degens,
1173 3290 1293 3328 cum
1320 3290 1350 3328 e
1386 3274 1530 3342 regia
1571 3273 1879 3336 mulierem,
1944 3273 2168 3326 nomine

601 3364 902 3431 Bersaben,
946 3366 1094 3419 domi
1133 3366 1406 3419 lavantem
1459 3366 1861 3435 conspexisset,
1899 3378 2025 3417 cum
2078 3362 2169 3416 illa

602 3456 866 3512 accersita
902 3472 1016 3512 rem
1059 3457 1245 3521 habet.
1277 3456 1407 3522 Quae
1450 3472 1573 3511 cum
1622 3470 1682 3509 se
1723 3470 1845 3510 esse
1892 3454 2168 3525 gravidam

603 3549 716 3619 regi
755 3549 1074 3614 indicasset,
1120 3548 1305 3603 Uriam
1348 3549 1450 3612 (sic
1476 3547 1622 3601 enim
1654 3548 1886 3601 maritus
1921 3547 2041 3615 ejus
2074 3562 2169 3600 vo-

603 3631 853 3710 cabatur)
886 3640 954 3694 ab
993 3639 1281 3694 obsidione
1320 3648 1535 3702 avocat,
1569 3649 1627 3694 et
1659 3637 1728 3693 de
1771 3637 2015 3693 exercitu
2048 3653 2171 3706 per-

604 3742 881 3797 contatus,
912 3731 1093 3785 missis
1137 3730 1204 3783 de
1236 3744 1389 3783 coma
1426 3729 1669 3793 ferculis,
1716 3730 1938 3784 domum
1968 3730 2048 3783 ire
2080 3729 2170 3795 ju-

606 3824 718 3878 bet.
748 3824 948 3878 Verum
980 3822 1068 3875 ille
1095 3835 1202 3875 non
1232 3818 1346 3872 abit
1375 3834 1388 3871 :
1422 3834 1597 3887 neque
1621 3820 1768 3872 enim
1793 3819 2010 3883 decere,
2044 3832 2167 3872 cum

605 3918 713 3973 dux
747 3925 801 3971 et
830 3917 1227 3971 commilitones
1259 3914 1313 3967 in
1357 3914 1552 3968 castris
1583 3927 1859 3967 a2rumnas
1881 3911 2077 3971 ferant.
2110 3926 2169 3965 se

608 4023 733 4059 cum
774 4020 940 4060 uxore
971 4007 1355 4059 concumbere.
1395 4004 1540 4073 [tege
1575 4003 1773 4056 iterum
1822 4002 2075 4057 hortante
2110 4008 2169 4053 ut

606 4101 831 4153 domum
868 4099 990 4162 iret,
1041 4106 1096 4151 et
1126 4099 1337 4165 poculis
1383 4098 1496 4152 fere
1539 4112 1709 4166 usque
1748 4096 1816 4150 ad
1846 4096 2168 4151 ebrietatem

607 4200 854 4262 urgente,
890 4190 979 4243 ille
1013 4203 1113 4259 pro
1149 4188 1313 4258 regia:
1339 4187 1551 4241 foribus
1589 4202 1836 4241 samnnm
1861 4188 2025 4256 capit.
2064 4187 2172 4242 lla-

539 4290 552 4300 ⁵
604 4300 710 4353 que
749 4282 930 4338 Uriam
974 4284 1028 4355 in
1060 4290 1235 4348 castra
1287 4278 1516 4335 remittit
1561 4295 1676 4344 rex,
1708 4279 1924 4334 traditis
1950 4280 2017 4334 ad
2046 4280 2172 4336 Joa-

605 4380 734 4431 bum
766 4375 986 4437 litteris,
1023 4374 1220 4443 quibus
1251 4374 1654 4442 illejubebatur
1678 4382 1920 4428 statuere
1958 4373 2166 4441 Uriafl,

604 4484 710 4537 qua
743 4482 921 4537 pugna
954 4474 1099 4545 esset
1142 4467 1464 4534 asperrima,
1516 4465 1808 4534 deserique
1849 4466 1924 4519 ibi
1968 4468 2167 4533 solum,

606 4560 847 4614 reductis
871 4558 1103 4626 ceteris,
1131 4566 1188 4611 ut
1210 4559 1280 4610 ita
1308 4559 1694 4626 perimeretur.
1726 4555 1890 4611 Fiunt
1912 4558 2063 4627 jussa
2088 4574 2167 4613 ie-
2205 4582 2248 4633 ι)

606 4655 711 4720 gis,
752 4650 913 4706 Urias
960 4649 1252 4710 o'eciditur,
1287 4649 1357 4703 ab
1400 4664 1575 4712 uxore
1621 4649 1864 4718 lugetur,
1906 4650 2169 4720 ﬁnitoque

611 4728 763 4801 luctu
790 4743 983 4796 mtilier
1018 4740 1203 4794 Davidi
1236 4741 1414 4803 nubit,
1452 4757 1515 4795 ac
1550 4740 1720 4795 ﬁlium
1755 4743 1920 4811 parit.
1961 4742 2042 4799 0b
2068 4743 2174 4797 hoc

609 4836 823 4889 facinus
850 4834 1020 4887 iratus
1047 4833 1211 4893 Deus,
1247 4830 1546 4885 Natbanem
1573 4834 1639 4887 ad
1687 4832 1947 4888 Davidem
1982 4834 2171 4897 mittit,

608 4931 847 5001 quicum
881 4943 1007 4997 rege
1032 4941 1382 4997 congressus,
1416 4926 1565 4980 hunc
1612 4928 1665 4979 in
1703 4927 1925 4981 modum
1955 4928 2174 4982 lowtus

608 5033 728 5078 est:
763 5023 879 5077 Duo
914 5022 1010 5075 viri
1047 5021 1274 5089 fuerunt,
1328 5035 1548 5090 quorum
1597 5018 1733 5072 alter
1780 5034 1959 5089 greges
2007 5026 2055 5071 et
2086 5037 2175 5072 ar-

612 5124 787 5169 menta
840 5114 1040 5178 habuit,
1088 5112 1225 5166 alter
1264 5108 1425 5165 unam
1471 5114 1737 5166 duntaxat
1780 5126 1997 5178 agnam.
2044 5108 2175 5162 Cum

613 5215 790 5261 autem
835 5209 1012 5275 hospes
1044 5207 1259 5276 quidam
1286 5205 1354 5257 ad
1388 5205 1597 5257 divitem
1630 5204 1941 5264 divertisset,
1972 5218 2077 5256 non
2114 5204 2178 5253 de

611 5299 717 5350 suis
742 5294 1049 5357 immolavit,
1079 5294 1169 5349 sed
1198 5294 1444 5364 pauperis
1469 5310 1664 5362 agnam
1688 5302 1975 5346 mactatam
2007 5293 2177 5345 amico

615 5386 935 5459 epulandum
966 5388 1225 5461 apposuit.
1264 5386 1341 5439 lbi
1372 5380 1555 5439 David
1597 5398 1722 5436 eum
1754 5384 1845 5449 qui
1872 5371 1924 5435 id
1963 5382 2173 5445 fecerit,

618 5480 904 5550 quadrupli
946 5489 1001 5533 et
1062 5478 1257 5547 capitis
1299 5478 1645 5532 condemnat.
1702 5472 1839 5525 Tum
1892 5472 2107 5527 Nathan
2159 5489 2175 5527 :

617 5571 814 5628 Contra
853 5575 1096 5644 teipsum,
1143 5570 1341 5639 inquit,
1388 5586 1416 5621 ο
1475 5586 1590 5633 rex,
1623 5567 1938 5621 sententiam
1990 5563 2174 5617 tulisti.

618 5664 691 5718 Tu
744 5667 878 5717 enim
927 5666 981 5717 id
1036 5666 1239 5733 facinus
1293 5662 1469 5722 edisti,
1521 5662 1682 5729 eique
1740 5658 2073 5713 adulterium
2124 5665 2179 5710 et

617 5755 815 5810 aedem
864 5764 1269 5811 commemorat.
1313 5765 1366 5807 et
1400 5753 1536 5805 iram
1584 5751 1673 5803 Dei
1711 5760 1935 5817 propter
1979 5749 2088 5811 illa,
2125 5756 2180 5801 et

618 5846 801 5900 clades
836 5845 1181 5899 imminentes
1217 5844 1545 5915 denuntiat:
1581 5854 1743 5909 atque
1781 5841 1924 5893 inter
1957 5848 2174 5903 erctera,

620 5947 846 5992 mortem
876 5934 972 5990 ﬁlii
1011 5951 1075 5992 ex
1107 5933 1376 5991 adulterio
1404 5934 1592 6006 geniti.
1634 5930 1799 5987 David
1829 5944 1887 5984 se
1924 5944 2176 6014 peccasse

2277 1992 2726 2059 ἀπαγγελοῦντας
2778 1997 2875 2049 καὶ
2916 1995 3001 2048 ἐπ’
3035 1997 3297 2066 αὐτῷ’τδν
3330 1997 3512 2053 Δαὸίδ.
3557 1999 3617 2050 ὐ
3650 1997 3729 2060 δὲ.
3760 2014 3868 2050 κα-

2275 2080 2581 2142 τασκόπους
2632 2076 2770 2135 εἶναι
2819 2083 2946 2143 τοὺς
2986 2084 3338 2154 πεμφθέντας
3392 2082 3734 2151 ὑπειληφὼς,
3771 2082 3871 2147 ξυ-

2276 2174 2448 2241 ρήσας
2479 2173 2660 2226 αὐτῶν
2707 2174 2858 2244 παρὰ
2893 2174 3056 2244 μέρος
3090 2174 3219 2237 τοὺς
3256 2172 3547 2241 πώγωνας,
3576 2174 3670 2225 καὶ
3698 2190 3870 2242 περι-

2274 2260 2454 2331 τεμὼν
2482 2262 2548 2315 τά
2579 2262 2755 2334 ἡμίση
2789 2262 2897 2316 τῶν
2947 2264 3239 2332 ἐπωμίδων
3266 2263 3469 2326 αὐτῶν,
3503 2262 3869 2326 ἐξαπέστειλε

2274 2352 2400 2415 τοὺς
2445 2353 2667 2422 ἄνδρας.
2705 2353 2814 2415 Οὓς
2843 2352 2986 2407 οὕτω
3013 2353 3395 2423 διακειμένους
3432 2353 3556 2405 ἰδὼν
3584 2355 3614 2405 6
3669 2355 3867 2421 Δασὶδ,

2274 2442 2333 2494 τὸ
2356 2442 2455 2508 τῆς
2484 2434 2747 2510 στρατιᾶς
2773 2442 3146 2509 ἀκμαιότατον
3172 2442 3248 2511 τῷ
3274 2442 3707 2513 άρχιστρατήγῳ
3735 2442 3871 2504 δοῦς

2287 2531 2479 2595 Ἰωὰϐ,
2538 2532 2681 2585 κατὰ
2737 2533 2847 2587 τῶν
2900 2533 3258 2602 Ἀμμανιτῶν
3313 2520 3693 2600 ἐξαπέστειλε.
3748 2536 3868 2587 Καὶ

2277 2624 2567 2694 συμϐαλὼν
2589 2626 2820 2688 ἐκείνοις
2852 2625 2880 2677 6
2903 2626 3087 2689 ’lwi6,
3125 2625 3321 2689 αὐτούς
3347 2642 3406 2677 τε
3434 2625 3528 2679 καὶ
3559 2627 3685 2687 τοὺς
3721 2643 3868 2695 συμ-

2277 2716 2481 2784 μάχους
2506 2716 2715 2786 Σύρους
2742 2716 2879 2785 ήττᾷ
2903 2732 2918 2746 ο
2973 2718 3068 2768 καὶ
3099 2717 3392 2786 τρέπονται
3428 2718 3507 2779 είς
3535 2718 3737 2787 φυγήν.
3794 2718 3866 2771 Οἱ

2273 2805 2352 2867 δὲ,
2387 2804 2481 2857 καὶ
2514 2805 2679 2859 πάλιν
2701 2805 3027 2875 συμμάχους
3060 2807 3507 2877 προσειληφότες,
3531 2808 3667 2876 πρὸς
3698 2808 3871 2861 πολε-

2278 2913 2377 2965 μον
2399 2896 2591 2968 ᾔεσαν.
2615 2897 2725 2951 Καὶ
2756 2899 2783 2950 6
2800 2898 2985 2964 Δαὸὶδ,
3011 2899 3108 2952 σὺν
3137 2901 3285 2971 πάσῃ
3308 2903 3372 2971 τῇ
3392 2900 3623 2970 στρατιᾷ
3651 2900 3872 2970 συμϐα-

2274 2987 2381 3041 λὼν
2409 2990 2616 3054 αὐτοῖς,
2669 2990 2896 3055 πολλοὺς
2929 2993 3028 3061 μὲν
3053 2992 3265 3046 ἀνεῖλεν
3292 3009 3306 3024 ·
3336 2996 3364 3046 6
3393 2994 3439 3045 δ’
3470 2996 3715 3063 ἐξάρχων
3757 2994 3870 3055 τῆς

2272 3081 2383 3133 τῶν
2413 3081 2674 3134 ἐναντίων
2702 3080 2985 3152 δυνάμεως
3021 3082 3237 3149 mea,
3264 3083 3497 3153 τρωθεὶς
3534 3083 3769 3153 καιρίως
3802 3084 3868 3136 ἐν

2273 3172 2353 3240 τῷ
2383 3172 2626 3243 πολέμῳ,
2662 3173 2922 3245 τέθνηκεν
2946 3177 3009 3227 ἐκ
3047 3175 3141 3227 τοῦ
3169 3161 3507 3245 τραύματος.
3538 3177 3601 3229 Ol
3630 3176 3866 3247 σύμμα-

2275 3281 2360 3334 χοι
2392 3264 2449 3317 δὲ
2476 3265 2586 3317 τῶν
2624 3265 3001 3335 ’Δμμανιτῶν,
3034 3266 3196 3337 Σύροι
3248 3267 3400 3330 ὄντες
3432 3268 3499 3322 ἐκ
3530 3268 3868 3322 Μεσοποτα-

2279 3356 2430 3425 μίας,
2482 3344 2708 3420 ἑαυτοὺς
2745 3356 3071 3429 παρέδωκαν
3120 3358 3199 3430 τῷ
3256 3355 3652 3423 ΔαϐίῶΔῦθις
3681 3362 3739 3414 δὲ
3768 3363 3870 3416 τὸν

2291 3449 2449 3503 Ἰωὰσ
2474 3450 2796 3521 ἐκπέπομφε
2826 3453 2966 3504 κατὰ
2988 3451 3095 3505 τῶν
3114 3453 3489 3524 Ἀμμανιτῶν,
3515 3454 3574 3519 ὃς
3604 3455 3871 3523 συγκλεί-
3924 3436 3932 3440 ³

2278 3559 2376 3605 σας
2408 3543 2603 3606 αὐτοὺς
2648 3544 2729 3606 είς
2762 3543 2862 3611 τὴν
2892 3543 2993 3611 τῆς
3044 3542 3230 3614 χώρας
3261 3545 3442 3598 αὐτῶν
3492 3548 3867 3616 μητρόπολιν,

2277 3633 2607 3703 ἐπολιόρκει.
2660 3633 2825 3687 Δασιε
2877 3633 2933 3686 δὲ
2968 3636 3026 3687 ἐν
3073 3635 3471 3707 Ἱεροσολύμοις
3507 3638 3734 3707 διάγων,
3763 3641 3872 3695 καὶ

2276 3724 2342 3775 ἐκ
2371 3723 2479 3776 τῶν
2526 3722 2814 3793 βασιλείων
2846 3724 2970 3779 ίδὼν
3001 3728 3235 3793 γυναῖκα
3281 3729 3403 3781 κατ’
3448 3727 3596 3783 οἷκον
3624 3729 3872 3801 λουομέ-

2277 3831 2394 3883 νην,
2431 3815 2712 3884 Βηρσαϐεὲ
2744 3817 3108 3887 καλουμένην,
3145 3819 3360 3887 ἠράσθη
3394 3821 3586 3888 αὐτῆς.
3620 3823 3731 3885 Καὶ
3756 3841 3870 3891 με-

2274 3908 2698 3979 ταστειλάμενος
2726 3908 2824 3979 τὴν
2850 3913 3100 3977 γυναῖκα,
3134 3910 3298 3980 ἐμίγη
3325 3911 3487 3983 αὐτῇ.
3514 3912 3870 3970 Συλλαὸοὗσα

2275 3999 2353 4061 δὲ,
2384 3999 2463 4070 τῷ
2494 3999 2708 4070 βασιλεῖ
2751 4000 2812 4053 τὸ
2846 4002 3077 4072 πρᾶγμα
3110 4001 3403 4072 ἐδήλωσεν.
3465 4003 3524 4057 Ὀ
3555 4003 3612 4056 δὲ
3647 4004 3739 4058 τὸν
3764 4006 3874 4060 ἆν-

2276 4092 2375 4161 δρα
2409 4092 2579 4161 αὐτῆς
2611 4096 2674 4146 ἐκ
2697 4094 2793 4162 τῆς
2828 4092 3142 4163 πολιορκίας
3167 4094 3449 4159 ἐκάλεσεν,
3482 4096 3687 4166 Οὐρίαν
3720 4097 3873 4153 ὠνο-

2281 4183 2580 4253 μασμένον.
2609 4185 2716 4239 Καὶ
2745 4185 3027 4257 ἐρωτήσας
3062 4187 3191 4258 περὶ
3239 4186 3340 4257 τῆς
3371 4191 3651 4259 στρατιᾶς,
3675 4190 3775 4243 καὶ
3802 4194 3874 4246 ἐκ

2278 4274 2371 4327 τοῦ
2398 4274 2618 4329 δείπνου
2670 4275 2819 4346 αὐτῷ
2868 4277 3189 4347 παρασχὼν.
3240 4280 3321 4341 είς
3364 4279 3458 4332 τὸν
3490 4276 3641 4337 οἷκον
3690 4281 3872 4336 αὐτοῦ

2278 4367 2566 4421 ἐκέλευσεν
2601 4367 2877 4423 ἀπελθεῖν.
2931 4368 2990 4421 '0
3036 4369 3091 4420 δέ
3121 4370 3221 4421 οὐκ
3250 4369 3498 4438 ἀπῆλθε·
3533 4369 3607 4444 μὴ
3647 4371 3874 4428 δίκαιον

2278 4452 2419 4509 εἶναι
2454 4458 2655 4525 φήσας,
2684 4457 2777 4510 τὸν
2804 4458 3112 4529 στρατηγὸν
3149 4458 3245 4512 καὶ
3288 4460 3414 4522 τοὺς
3444 4462 3875 4532 συστρατιώτας

2278 4545 2743 4619 ταλαιπωρεῖσθαι
2774 4549 2831 4600 ἐν
2857 4550 2924 4618 τῇ
2954 4548 3296 4620 παρεμϐολῇ,
3325 4550 3487 4604 αὐτὸν
3513 4552 3568 4604 δὲ
3600 4553 3741 4621 μετὰ
3762 4554 3874 4625 τῆς

2276 4640 2533 4707 γυναικὸς
2587 4641 3030 4704 συνευνάζεσθαι.
3090 4642 3260 4695 Πάλιν
3311 4643 3368 4695 δὲ
3423 4643 3518 4697 τοῦ
3588 4643 3873 4713 βασιλέως

2276 4734 2722 4803 προτρεπομένου
2790 4733 2951 4785 αὐτὸν
2986 4733 3169 4786 οἴκαδε
3221 4733 3496 4801 ἀπελθεῖν,
3538 4735 3632 4789 καὶ
3673 4736 3871 4803 δεξιω-

2279 4823 2516 4893 σαμένου
2544 4822 2708 4876 αὐτὸν
2737 4823 3090 4892 προπόσεσιν,
3129 4824 3203 4888 ὠς
3240 4828 3333 4878 καὶ
3359 4829 3439 4890 είς
3470 4828 3641 4898 μέθην
3667 4830 3871 4896 σχεδὸν

2279 4912 2646 4983 προαχθῆναι,
2684 4913 2893 4975 ἐκεῖνος
2928 4913 3034 4982 πρὸ
3060 4915 3167 4967 τῶν
3205 4915 3385 4987 θυρῶν
3413 4918 3524 4971 τῶν
3564 4917 3870 4987 βασιλείων

2278 5001 2633 5072 κατέδαρθεν.
2665 5002 3013 5055 Ἀπέστειλεν
3070 5002 3163 5058 οὖν
3190 5007 3354 5059 πάλιν
3406 5011 3485 5069 εἰς
3528 5008 3591 5059 τὺ
3622 5011 3869 5077 οτρατό-
3907 5044 3910 5047 λ

2278 5094 2438 5147 πεδον
2488 5096 2579 5147 τὸν
2627 5091 2829 5163 Οὐρίαν
2882 5097 2909 5146 6
2966 5095 3241 5165 βασιλεὺς,
3300 5098 3394 5150 καὶ
3454 5097 3670 5169 γραφὴν
3703 5101 3869 5173 αὐτῷ

2278 5185 2571 5255 ἐγχειρίζει
2597 5188 2732 5257 πρὸς
2756 5187 2937 5253 mea,
2978 5188 3579 5258 ἐντελλομένηνστῆσαι
3616 5189 3707 5263 τὸν
3748 5194 3868 5245 Οὐ-

2282 5279 2425 5349 ρίαν,
2455 5278 2583 5334 ἔνθα
2615 5282 2721 5333 τῶν
2752 5281 3026 5350 πολεμίων
3052 5279 3113 5331 τὸ
3136 5279 3581 5349 δυσμαχώτατον,
3610 5282 3704 5332 καὶ
3726 5282 3871 5336 ano-

2283 5372 2589 5442 στραφῆναι
2615 5374 2740 5434 τοὺς
2771 5374 2868 5424 σὺν
2899 5371 3067 5440 αὐτῷ,
3112 5372 3272 5442 μόνον
3316 5373 3575 5432 λιπόντας
3616 5372 3754 5436 ἐκεῖ,
3789 5374 3864 5427 ἶν’

2280 5464 2762 5533 οὖτωςΐιναιρεθῇι
2814 5465 2919 5517 Καὶ
2956 5462 3147 5533 γέγονε
3179 5468 3321 5519 κατὰ
3369 5465 3428 5518 τὸ
3454 5462 3549 5517 τοῦ
3586 5463 3867 5535 βασιλέως

2284 5557 2563 5623 ἐπίταγμα
2590 5573 2605 5588 ο
2636 5557 2729 5610 καὶ
2756 5560 2783 5610 6
2820 5557 3024 5628 Οὐρίας
3055 5558 3345 5611 ἀπέθανεν.
3392 5557 3456 5609 Ἠ
3479 5557 3534 5610 δὲ
3575 5556 3714 5625 γυνὴ
3753 5560 3865 5611 αὐ-

2281 5645 2374 5699 τοῦ
2430 5647 2731 5718 ἐπένθησεν
2784 5651 2875 5702 ἐπὶ
2904 5650 2981 5718 τῷ
3036 5651 3211 5719 ἀνδρί.
3263 5649 3628 5717 Παυσαμένην
3670 5647 3878 5715 δὲτοί

2281 5738 2532 5803 πένθους,
2582 5741 2610 5791 6
2652 5740 2816 5792 Δαόὶδ
2874 5740 3066 5792 ἐλαϐεν
3100 5741 3269 5809 αὐτὴν
3314 5742 3393 5803 εἰς
3446 5740 3719 5808 γυναῖκα·
3749 5755 3861 5793 κα.

2283 5832 2467 5883 ἔτεκεν
2502 5830 2647 5900 αὐτῷ
2689 5832 2821 5885 υἱόν.
2874 5832 2931 5885 Ὀ
2952 5832 3006 5883 δὲ
3031 5830 3159 5894 Θεὸς
3185 5832 3452 5901 ὠργίσθη,
3480 5829 3574 5881 καὶ
3605 5829 3697 5880 τὸν
3736 5829 3857 5883 Na-

2288 5922 2387 5975 01v
2442 5921 2645 5975 ἔστειλε
2679 5922 2813 5992 πρὸς
2854 5906 3051 5983 νΔαϐίδ.
3093 5924 3150 5981 Ὀ
3188 5923 3264 5986 δὲ,
3313 5921 3446 5989 πρὸς
3483 5919 3573 5976 τὸν
3628 5917 3861 5975 ϐασιλέα
