4006 6328
195 416 270 476 15Ἰ

181 621 253 673 καί
271 620 572 687 βουκόλια,
609 623 644 675 ό
681 619 751 673 δὲ
771 623 920 691 μίαν
945 623 1183 692 ἀμνάδα
1206 625 1515 692 ἐκέκτητο.
1545 629 1709 681 Ξενι-

178 714 382 777 σθέντος
409 710 474 764 δέ
498 729 662 778 τινος
692 713 774 778 τῷ
801 716 1094 779 πλουσίῳ,
1113 719 1223 772 οὐκ
1246 717 1314 770 ἐκ
1341 717 1459 772 τῶν
1483 719 1711 772 οίκείων

177 805 374 864 ἔθυσεν,
407 803 566 855 ἀλλὰ
600 804 718 870 τὴν
731 806 872 872 μίαν
904 806 1105 859 λαϐὼν
1124 807 1361 875 ἀμνάδα
1388 808 1496 861 τοῦ
1526 823 1711 877 πενη-

178 909 274 956 τος,
297 892 534 960 ἔσφαξε.
581 893 676 946 καὶ
707 894 812 948 τὸν
838 897 1024 964 φίλον
1053 900 1385 952 εἱστίασεν.
1422 902 1530 953 Καὶ
1551 903 1579 954 6
1607 906 1712 953 Δα-

178 982 246 1033 ϐὶδ
266 983 342 1034 τὸν
367 983 520 1036 τοῦτο
552 988 857 1055 ποιήσαντα
885 987 985 1058 τὴν
1014 988 1116 1056 μὲν
1162 989 1375 1059 ἀμνάδα
1403 992 1482 1052 εἰς
1515 1007 1711 1060 τετραο

178 1075 310 1128 πλοῦν
338 1076 648 1142 ἀποδοῦναι,
679 1081 885 1131 ἐκεῖνον
912 1079 968 1132 δὲ
1002 1079 1182 1133 θανεῖν
1215 1083 1562 1138 κατεδίκασε.
1597 1083 1711 1137 Νά-

177 1167 255 1218 θαν
272 1168 336 1230 δὲ,
357 1168 489 1221 Καθ’
513 1169 733 1222 ἑαυτοῦ
761 1177 875 1237 τήν
894 1171 1126 1242 ψῆφον,
1143 1169 1322 1239 εἶπεν,
1352 1177 1707 1246 ἐξήνεγκας,

169 1253 476 1317 ὦβασιλεῦ.
542 1262 626 1316 Σὺ
667 1263 775 1332 γὰρ
807 1259 863 1314 εί
897 1266 930 1316 ό
992 1265 1384 1334 εἰργασμένος
1422 1267 1588 1320 τουτί
1643 1269 1707 1321 τὸ

168 1354 427 1422 ἀνόμημα.
462 1357 573 1409 Καὶ
603 1357 703 1426 τὴν
745 1356 993 1426 μοιχείαν
1049 1359 1218 1428 αὐτῷ,
1261 1361 1357 1414 καὶ
1408 1363 1497 1414 τὸν
1551 1361 1708 1430 φόνον

167 1448 410 1515 κατέλεγε,
463 1449 562 1502 καὶ
592 1451 692 1520 τὴν
733 1449 822 1503 διὰ
858 1450 1032 1504 ταῦτα
1084 1452 1256 1523 ὀργὴν
1284 1454 1378 1506 τοῦ
1422 1440 1580 1517 Θεοῦ,
1615 1454 1710 1507 καὶ

165 1540 246 1590 ὅσα
277 1541 510 1593 πείσεται
564 1543 1022 1612 προκατήγγειλε,
1073 1543 1356 1600 θανεῖσθαι
1388 1545 1445 1598 δὲ
1497 1547 1590 1599 καὶ
1619 1546 1710 1598 τὸν

166 1632 260 1683 υίὺν
280 1633 364 1685 τὸν
385 1633 449 1685 ἐκ
474 1634 573 1702 τῆς
611 1635 860 1704 μοιχείας
889 1635 1036 1705 αύτῷ
1063 1637 1410 1708 γεννηθέντα.
1445 1638 1504 1691 '0
1523 1638 1578 1690 δὲ
1608 1640 1713 1691 Δα-

162 1721 248 1786 διδ,
287 1724 609 1795 Ἠμάρτηκα
656 1723 734 1796 τῷ
788 1727 996 1798 Κυρίῳ,
1051 1730 1373 1798 περιπαθῶς
1423 1730 1707 1800 ἀνεϐόησε.

1433 427 1837 492 ΑΝΝᾹΙᾸΙΙΜ
1884 435 2032 497 LIB.
2077 437 2164 496 ll.

185 526 335 592 ἐλθὼν,
358 521 454 597 ἔφη
476 541 490 556 ·
519 526 636 581 Δύο
652 521 816 598 ἦσαν
837 527 1072 599 ἄνδρες,
1098 531 1131 586 ό
1152 532 1269 602 μὲν
1290 532 1449 603 ἔχων
1469 537 1702 605 ποίμνια

1820 543 1929 596 Deo
1958 560 2086 598 cum
2112 544 2304 600 dolore
2335 547 2628 601 exclamat.
2657 546 2868 604 Nathan
2894 563 3045 615 vero,
3069 551 3242 606 Deum
3271 542 3400 624 ejus.

3292 439 3395 505 ιδι

1813 644 2100 704 peccatum
2141 638 2209 690 ali
2262 637 2354 691 illo
2389 639 2684 693 removisse
2727 641 3042 709 respondet.
3098 642 3225 697 Post
3277 645 3394 700 hac

1811 735 1973 781 natus
1993 743 2056 782 ex
2078 728 2316 784 Bersabe
2342 731 2486 785 filius
2507 743 2764 799 aegrotat:
2791 733 2960 786 David
2987 750 3182 805 magno
3203 735 3392 790 dolore

1813 819 2063 880 affectus,
2089 821 2155 873 ad
2186 822 2481 890 septimum
2512 825 2656 878 diem
2685 826 2810 879 cibo
2839 826 3102 891 abstinet,
3133 829 3391 899 pullaque

1812 922 1965 965 veste
2009 912 2255 978 indutus,
2286 925 2341 968 et
2386 915 2440 968 in
2488 929 2652 971 sacco
2697 918 2908 987 jacens,
2948 920 3113 972 Deum
3147 935 3247 989 pro
3278 921 3388 975 vita

1812 1005 1966 1070 pueri
1999 1004 2346 1072 deprecatur.
2374 999 2630 1075 Septimo
2671 1009 2760 1061 die
2794 1024 2929 1077 puer
2959 1010 3197 1063 moritur
3228 1029 3241 1064 :
3279 1026 3390 1078 quo

1814 1095 1903 1149 ille
1942 1097 2165 1165 cognito
2199 1097 2391 1167 surgit,
2418 1098 2582 1162 lavat,
2611 1110 2762 1154 veste
2801 1109 3009 1156 mutata
3035 1102 3238 1170 gratias
3277 1104 3386 1168 Ι)θο

1812 1187 1942 1257 agit,
1975 1198 2032 1242 et
2065 1203 2308 1242 mensam
2346 1192 2526 1258 parari
2571 1191 2674 1245 sibi
2699 1187 2879 1258 jubet.
2912 1193 3043 1258 Quze
3079 1194 3244 1260 regiis
3287 1195 3390 1247 mi-

1813 1280 2003 1333 nistris
2028 1281 2444 1344 admirantibus,
2475 1282 2644 1336 David
2675 1303 2686 1338 :
2739 1282 2968 1348 Vivente,
2995 1285 3194 1352 inquit,
3225 1301 3387 1354 puero

1809 1387 1954 1439 spem
2002 1373 2254 1425 habebam
2304 1374 2558 1426 exorandi
2617 1374 2731 1439 Dei,
2789 1391 2972 1444 meque
3023 1373 3275 1428 humilem
3326 1392 3389 1428 ac

1808 1462 2095 1532 supplicem
2140 1467 2459 1531 praebebam.
2504 1463 2660 1518 Nunc
2693 1465 2785 1518 illo
2819 1475 3044 1531 mortuo,
3075 1475 3120 1518 et
3165 1481 3380 1528 maror,

1813 1563 1864 1606 et
1893 1571 2071 1625 preces
2105 1571 2200 1622 pro
2247 1555 2338 1609 illo
2373 1556 2566 1624 fuerint
2609 1557 2786 1614 irrita.
2819 1557 2925 1610 Sed
2955 1556 3185 1612 Bersabe
3219 1556 3387 1610 alium

1811 1645 2008 1698 Davidi
2046 1645 2151 1716 75
2200 1646 2372 1701 ﬁlium
2423 1649 2590 1716 parit,
2621 1663 2782 1716 quem
2822 1648 3168 1702 Salomonem
3202 1647 3384 1701 nomi-

1813 1737 1982 1789 navit.
2013 1736 2228 1790 Interea
2251 1738 2456 1792 Joabus
2483 1740 2824 1792 Ammanitas
2858 1737 2911 1791 in
2935 1749 3208 1793 extremas
3240 1737 3388 1792 obsi-

161 1813 252 1866 Kal
275 1816 301 1867 6
326 1815 531 1879 Νάθαν,
569 1819 1049 1888 παραϐιϐασθῆναι
1092 1821 1243 1890 αὐτῷ
1273 1821 1423 1892 παρὰ
1453 1805 1556 1874 τδύ
1575 1823 1702 1876 Θεοῦ

1814 1824 1992 1879 dionis
2015 1825 2291 1894 angustias
2313 1841 2434 1880 esse
2461 1827 2731 1890 redactos,
2800 1830 2914 1895 regi
2955 1827 3249 1895 signiﬁcat.
3282 1827 3388 1893 Qui

154 1906 207 1957 τὸ
234 1906 553 1976 ἁμάρτημα,
595 1909 953 1979 ἀπεκρίνατο.
989 1911 1197 1966 Ἐνόσει
1252 1914 1548 1983 μετέπειτα
1585 1916 1612 1966 6
1648 1917 1702 1968 ἐκ

1811 1933 1879 1970 eo
1915 1919 2216 1987 profectus,
2257 1920 2446 1972 urbem
2483 1920 2651 1988 capit,
2703 1927 2757 1972 et
2811 1919 3080 1972 militibus
3114 1920 3387 1989 diripien-

153 1996 236 2063 τῆς
280 1996 558 2067 Βηρσαὸεὲ
591 2000 898 2068 γεννηθεὶς,
933 2003 1028 2053 καὶ
1086 2003 1240 2072 ἤλγει
1274 2004 1478 2075 σφόδρα
1510 2004 1707 2059 Δαὸίδ·

151 2087 442 2157 ἐφ’ήμέραν
465 2106 525 2142 τε
556 2090 794 2162 ὲῦδόμην
828 2092 1094 2154 ,ἀπόσιτος
1134 2090 1221 2162 ἦν,
1254 2095 1345 2146 καὶ
1379 2095 1707 2164 μελανειμο-

149 2184 315 2248 νήσας,
337 2183 430 2234 καὶ
462 2184 556 2234 ἰπὶ
589 2185 812 2236 σάκκου·
835 2183 1040 2248 πεσὼν,
1073 2188 1254 2239 ἐδέετο
1290 2187 1384 2239 τοῦ
1405 2187 1542 2258 Θεού
1568 2189 1707 2257 ὑπὲρ

147 2271 230 2338 τῆς
268 2271 410 2342 ζωῆς
449 2273 545 2326 τοῦ
573 2276 781 2338 παιδός.
817 2276 894 2345 Τῇ
924 2277 980 2328 δὲ
1023 2279 1229 2349 ἑϐδόμῃ
1255 2279 1518 2349 τέθνηκεν
1543 2283 1571 2333 6
1605 2282 1705 2350 μὲν

147 2365 286 2425 παῐς’
316 2365 476 2428 αὐτὸς
511 2366 592 2432 δὲ,
629 2367 788 2420 τοῦτο
815 2368 1024 2437 μαθὼν,
1065 2371 1438 2438 ἐξανίσταται,
1470 2375 1565 2427 καὶ
1585 2373 1706 2426 λου-

147 2457 378 2524 σάμενος,
408 2459 503 2512 καὶ
532 2460 1077 2531 μεταμφιασάμενος,
1118 2463 1194 2532 τῷ
1213 2463 1332 2532 Θεῷ
1361 2467 1756 2538 ηὖχαρίστησε,

143 2551 182 2603 δ’
205 2552 500 2623 ἐθαύμαζον
551 2555 646 2607 ἐπὶ
686 2559 798 2616 τοῖς
835 2559 1154 2626 γενομένοις
1196 2559 1247 2612 oi
1292 2559 1387 2612 τοῦ
1429 2560 1698 2628 βασιλέως
1739 2561 2090 2632 θεράποντεζ,
2162 2565 2368 2626 ἐκεῖνος
2406 2563 2524 2632 μὲν,
2559 2563 2691 2616 Ἐτι
2719 2563 2935 2627 ζῶντος
3000 2563 3109 2618 τοῦ
3151 2563 3416 2627 aaddc-.1.

1810 2009 1936 2063 dam
1983 2009 2196 2064 donat:
2251 2009 2346 2064 sed
2398 2026 2659 2064 coronam
2706 2010 2850 2079 regis
2901 2026 3149 2074 auream,
3196 2013 3388 2066 talenti

1809 2099 2078 2169 pondere,
2117 2117 2331 2171 gemma
2369 2103 2612 2172 pretiosa
2657 2103 2963 2171 przedilam,
2999 2102 3117 2172 ipse
3162 2111 3384 2172 gestan-

1806 2193 1933 2246 dam
1969 2193 2072 2248 sibi
2110 2194 2297 2259 sumit,
2349 2194 2614 2247 urbanam
2666 2196 3073 2249 multitudinem
3125 2193 3383 2258 trucidat,

1809 2283 2046 2353 aliisque
2080 2283 2300 2352 oppidis
2340 2283 2546 2361 eodem
2599 2287 2762 2338 modo
2812 2285 3080 2350 tractatis,
3129 2285 3392 2340 Hieroso-

1813 2378 1957 2447 lyma
1991 2375 2324 2444 regreditur.

1817 2470 1913 2522 καὶ
1970 2468 2249 2537 τράπεζαν
2284 2469 2434 2538 αύτῷ
2492 2471 2881 2541 ἑτοιμασθῆναι
2910 2473 3214 2525 ἐκέλευσεν.

3300 2470 3394 2543 Ὦς

145 2644 298 2713 εἶπεν,
321 2649 576 2714 ἐλπίζων
623 2653 1204 2722 παρακληθήσεσθαι
1231 2655 1340 2709 τόν
1396 2658 1568 2720 Θεὸν,
1595 2657 1952 2712 ἐταπείνουν
2024 2660 2245 2714 ἑαυτὸν
2304 2659 2400 2713 καὶ
2435 2658 2724 2712 ἱκέτευον.
2795 2660 2946 2725 Ἤδη
2979 2658 3045 2710 δὲ
3073 2661 3382 2724 θανόντος,

141 2748 219 2809 εις
233 2745 421 2812 μάτην
465 2745 583 2811 τὴν
627 2746 836 2812 λύπην
880 2747 976 2799 καί
1004 2749 1121 2815 τὴν
1144 2747 1278 2816 περὶ
1336 2749 1574 2807 ἐκείνου
1636 2753 1906 2821 γίνεσθαι
1980 2745 2216 2819 δέησιν.
2263 2752 2384 2803 Ἔτι
2436 2751 2493 2803 δὲ
2551 2751 2703 2802 ἔτεκε
2759 2749 3041 2817 Βηρσαϐεὲ
3080 2750 3156 2819 τῷ
3221 2751 3385 2802 Δαόὶδ

143 2841 263 2902 νίὸν,
288 2841 377 2894 καὶ
409 2839 672 2894 ικάλεσεν
699 2842 862 2894 αὐτὸν
908 2841 1253 2911 Σολομῶντα.
1319 2846 1476 2898 Ἰωάσ
1510 2848 1589 2912 δὲ,
1634 2849 1938 2921 πολιορκῶν
1969 2849 2097 2911 τοὺς
2156 2846 2520 2916 Ἀμμανίτας,
2567 2845 2627 2895 ὲν
2663 2841 2834 2912 στενῷ
2862 2843 3058 2911 κομιδῇ
3086 2843 3184 2911 τὴν
3236 2843 3381 2895 ἄλω-

143 2955 260 2991 ωσιν
283 2932 392 3011 εἶχε
417 2939 518 3008 τῆς
553 2937 783 3002 πόλεως,
811 2939 907 2992 καὶ
945 2938 1096 3027 δηλοῖ
1158 2939 1318 2995 τοῦτο
1343 2942 1422 3012 τῷ
1471 2943 1700 3012 βασιλεῖ.
1753 2946 1813 2997 'O
1868 2945 1924 2998 δὲ
1984 2944 2225 3014 ἀπῆλθεν
2290 2942 2428 3004 ἐκεῖ,
2483 2940 2577 2992 καὶ
2615 2939 2714 3008 τὴν
2772 2936 2929 2989 πόλιν
2957 2937 3256 3006 παρέλαϐε,
3290 2941 3385 2992 καὶ

143 3035 212 3095 είς
231 3034 532 3106 διαρπαγὴν
562 3037 628 3106 τῇ
663 3038 893 3106 στρατιᾷ
923 3037 1134 3105 ἀφῆκεν
1156 3037 1346 3105 αὑτήν.
1388 3036 1490 3089 Τὸν
1516 3037 1570 3088 δὲ
1599 3036 1692 3090 τοῦ
1734 3038 1998 3108 βασιλέως
2063 3036 2233 3104 αὐτῆς
2279 3038 2538 3105 στέφανον
2601 3034 2760 3097 αὐτὸς
2820 3035 3001 3089 λαϐὼν
3050 3034 3254 3102 ἐφόρει,
3297 3033 3385 3084 ἒ),-

144 3144 288 3180 κοντα
317 3129 543 3199 χρυσίου
574 3129 866 3193 τάλαντον,
904 3129 999 3182 καὶ
1020 3127 1170 3180 λίθον
1226 3114 1421 3196 ἔχοντα
1452 3130 1560 3181 τῶν
1593 3130 1931 3198 πολυτίμων.
2001 3129 2074 3181 Τὸ
2139 3128 2197 3182 δὲ
2261 3128 2361 3198 τῆς
2396 3127 2602 3189 πόλεως
2648 3127 2850 3196 πλῆθος
2879 3125 3214 3197 διέφθειραν.
3270 3125 3384 3178 Οὖ-

141 3242 234 3288 τως
268 3225 321 3278 δὲ
347 3225 443 3278 καὶ
461 3227 584 3288 ταίς
607 3225 1015 3288 ἄλλαιςηπόλεσι
1052 3223 1323 3293 πεποίηκε
1355 3226 1463 3278 τῶν
1485 3225 1842 3294 Ἀμμανιτῶν
1865 3240 1880 3256 ο
1920 3227 2014 3278 καὶ
2039 3227 2119 3287 είς
2154 3223 2516 3294 Ἰερουσαλὴμ
2533 3223 2913 3289 ὲπανέζευξεν.

203 3318 270 3371 Δ’.
299 3313 406 3369 Ἦν
429 3315 488 3368 δὲ
515 3316 593 3384 τῷ
624 3314 791 3368 Δασὶδ
817 3316 1068 3386 θυγάτηρ
1086 3315 1283 3386 Θαμαρ
1305 3315 1697 3386 ὠνομασμένη,

1877 3316 1967 3371 IV.
2022 3314 2273 3369 Habebat
2328 3324 2510 3372 autem
2570 3316 2742 3371 David
2812 3316 2978 3372 filiam
3030 3315 3381 3373 Thamarem.

141 3408 454 3477 ὁμομήτριος
507 3407 716 3478 ἀδελφὴ
772 3406 851 3477 τῷ
913 3407 1253 3475 Ἀσεσαλώμ.
1313 3408 1532 3476 Ταύτης
1593 3409 1700 3478 ἦρα

153 3497 346 3568 ’Δμνὼν
375 3502 404 3554 6
436 3499 788 3570 πρωτότοκος
820 3499 936 3562 υίὸς
961 3498 1052 3552 τοῦ
1075 3499 1258 3553 Δαϐίδ.
1294 3500 1402 3552 Kal
1425 3496 1492 3567 ἦν
1516 3502 1542 3552 ὀ
1561 3500 1702 3570 ἔρως

143 3592 309 3656 πολὺς,
368 3592 445 3654 ὡς
484 3593 581 3645 καὶ
604 3592 831 3662 νοσῆσαι
857 3591 949 3644 τὸν
979 3591 1213 3662 ἐρῶντα.
1255 3577 1700 3660 Ἀφικομένουὸὲ

141 3682 220 3733 τοῦ
245 3684 448 3752 πατρὸς
489 3682 627 3753 πρὸς
677 3682 968 3751 ἐπίσκεψιν
999 3683 1166 3736 αὑτοῦ
1191 3723 1206 3747 ,
1270 3684 1498 3752 ἠξίωσεν
1538 3683 1699 3735 αὑτὸν

144 3774 532 3844 παραγενέσθαι
590 3772 692 3843 τὴν
747 3773 945 3843 Θάμαρ
991 3775 1070 3836 είς
1121 3774 1426 3845 ὑπηρεσίαν
1459 3774 1644 3838 αὑτοῦ,
1673 3777 1700 3827 6

142 3865 549 3919 δὶκατένευσεν.
590 3859 768 3918 Ἧκεν
812 3861 908 3920 οὖν
936 3866 970 3935 ὴ
1017 3864 1235 3936 Θάμαρ,
1269 3867 1363 3919 καὶ
1403 3867 1699 3936 ἡτοίμασεν

142 3955 275 4025 αὐτῷ
296 3956 636 4025 κολλυρίδας.
685 3957 746 4008 Ὀ
767 3956 824 4009 δὲ
873 3956 1084 4018 πάντας
1111 3956 1408 4024 ἐξέπεμψε,
1447 3957 1615 4024 μόνην
1641 3957 1698 4009 δὲ

141 4047 231 4115 τὴν
264 4047 500 4116 ἀδελφὴν
559 4047 1014 4118 ὕπηρετήσασθαι
1074 4047 1229 4116 ἠξίου
1270 4045 1439 4115 αὐτῷ.
1481 4046 1592 4116 Τῆς
1642 4045 1698 4099 δὲ

143 4137 297 4206 κόρης
333 4139 503 4208 μόνης
535 4136 1004 4207 περιλειφθείσης,
1064 4136 1309 4206 βιάζεται
1348 4135 1536 4204 αύτήν.
1588 4135 1700 4190 Kal

143 4229 457 4300 διακορήσας
516 4229 710 4299 αὐτὴν,
773 4231 930 4297 μῖσος
965 4229 1165 4283 αὐτίκα
1216 4229 1374 4300 ἔσχεν
1419 4230 1698 4283 ἀντίθετον

146 4319 232 4373 τοῦ
255 4322 380 4391 πρὶν
410 4320 638 4391 ἔρωτος.
670 4320 779 4373 Kal
831 4320 1052 4374 ἀπιέναι
1080 4323 1424 4392 παραχρῆμα
1454 4322 1697 4385 ἐκέλευε,

144 4412 231 4464 καὶ
274 4412 481 4488 κελεύει
511 4411 588 4481 τῷ
633 4411 817 4482 οἰκέτῃ
842 4411 1014 4481 αὐτὴν
1061 4411 1337 4465 ἐκϐαλεῖν.
1380 4413 1590 4482 Ἐκείνη
1617 4413 1694 4478 δὲ,

141 4503 224 4555 διὰ
249 4520 305 4556 τε
336 4503 435 4574 τὴν
475 4502 597 4573 βίαν
626 4505 719 4555 καὶ
742 4503 842 4571 τὴν
871 4501 1029 4573 ὕϐριν
1066 4501 1509 4573 περιαλγήσασα,
1540 4504 1695 4575 διοιρο

144 4596 352 4666 ῥήγνυσι
399 4594 496 4648 τὸν
526 4593 751 4663 χιτῶνα,
784 4594 875 4647 καὶ
907 4595 1057 4647 κόνιν
1091 4595 1561 4665 κατασπασαμένη
1597 4595 1694 4660 τῆς

1804 3411 2077 3465 uterinam
2126 3408 2417 3463 Absalonis
2465 3424 2736 3464 sororem.
2792 3410 2925 3463 Eam
2982 3410 3384 3481 primogenitus

1803 3501 2028 3554 Davidis
2060 3499 2206 3554 filius
2236 3499 2450 3554 Amnon
2485 3500 2845 3556 vehementer
2878 3501 3188 3570 deperibat,
3241 3501 3380 3554 adeo

1805 3600 1864 3644 ut
1893 3605 1958 3642 ex
1987 3604 2174 3642 amore
2209 3589 2262 3643 in
2300 3591 2551 3644 morbum
2604 3590 2892 3644 incideret.
2945 3590 3376 3644 Decumbentem

1801 3689 1959 3750 pater
2003 3679 2194 3733 invisit
2229 3694 2242 3732 :
2277 3689 2399 3734 orat
2442 3680 2532 3734 ille
2566 3688 2625 3733 ut
2656 3680 2982 3734 Tliamarem
3027 3681 3230 3744 mittat,
3272 3697 3380 3750 quo

1776 3770 1915 3843 ,‘sibi
1955 3769 2251 3824 ministret.
2301 3769 2508 3823 Annuit
2553 3780 2710 3839 pater
2757 3787 2770 3823 :
2809 3769 2959 3823 venit
3007 3770 3209 3839 puella,
3261 3770 3376 3839 pla-

1802 3871 1989 3916 centas
2014 3860 2062 3914 ei
2101 3869 2279 3929 parat.
2301 3860 2516 3913 Amnon
2545 3876 2736 3914 omnes
2761 3860 3047 3914 discedere
3080 3861 3258 3929 juliet,
3285 3873 3373 3911 so-

1799 3953 2016 4020 lamque
2055 3966 2298 4004 sororem
2335 3952 2439 4004 sibi
2481 3953 2815 4004 ministrare.
2852 3950 2988 4001 Tum
3023 3950 3256 4018 puellam
3285 3964 3378 4002 so-

1800 4043 1907 4096 lam
1940 4051 2155 4104 nactus,
2200 4041 2252 4094 vi
2299 4050 2535 4110 stuprat,
2582 4050 2639 4095 et
2684 4039 2973 4096 confestim
3025 4039 3225 4094 ardens
3279 4041 3371 4095 ille

1801 4151 1958 4190 amor
1992 4135 2044 4187 in
2082 4149 2184 4204 par
2216 4134 2404 4187 odium
2442 4134 2786 4188 convertitur
2830 4152 2842 4186 :
2894 4149 2958 4187 ac
3005 4135 3188 4188 statim
3227 4134 3373 4188 illam

1800 4226 2105 4287 discedere,
2135 4234 2189 4278 et
2217 4240 2247 4278 a
2276 4224 2480 4278 famulo
2509 4225 2634 4294 ejici
2660 4225 2837 4292 jubet.
2871 4226 2965 4277 Illa
2999 4233 3053 4278 et
3099 4237 3291 4293 raptus
3318 4234 3372 4279 et

1801 4316 2148 4372 contumeliae
2207 4316 2418 4373 dolore.
2470 4315 2708 4368 tunicam
2762 4316 2988 4383 rumpit,
3043 4325 3102 4370 et
3148 4317 3374 4385 pulvere

1800 4425 2095 4481 conspersa
2145 4409 2345 4478 capite,
2379 4408 2600 4477 plorans
2643 4409 2777 4463 abit.
2831 4411 3073 4464 Absalon
3121 4426 3370 4464 sororem

1799 4503 2041 4572 quietam
2071 4515 2192 4555 esse
2214 4501 2390 4570 jubet.
2423 4500 2692 4570 pertinaci
2721 4509 2913 4553 contra
2951 4503 3254 4554 Amnonem
3288 4502 3369 4555 ira

1799 4602 2057 4646 mstuans.
2087 4590 2221 4643 Nam
2255 4607 2350 4644 rex
2379 4591 2483 4645 etsi
2524 4590 2738 4646 facinus
2774 4590 2909 4644 illud
2940 4591 3131 4660 iniquo
3161 4592 3371 4647 ferebat

141 4660 383 4756 κεφαλῆς,
413 4660 712 4756 ἐπορεύετο
743 4685 1037 4756 θρηνοῦσα.
1081 4685 1140 4738 '0
1178 4685 1234 4737 δὲ
1261 4660 1504 4756 ἁδελφός,
1524 4660 1692 4754 αὐτῆς

1802 4685 2006 4744 animo,
2064 4681 2234 4753 filium
2287 4691 2467 4736 tamen
2521 4681 2669 4750 quod
2729 4683 3137 4751 primogenitus
3190 4695 3366 4749 esset,

154 4777 479 4846 ’Δὸεσαλὼμ,
512 4779 783 4847 ἡσυχάσαι
817 4777 954 4848 αὐτῇ
991 4777 1430 4841 συνεϐούλευσεν,
1465 4777 1696 4847 ὲμηνίθη

143 4868 195 4922 δὲ
243 4867 448 4940 Ἀμνὼν
477 4869 565 4942 διὰ
609 4870 705 4939 τὴν
736 4869 989 4941 ἀδελφήν.
1027 4869 1088 4921 '(l
1115 4869 1170 4922 δὲ
1206 4870 1479 4938 βασιλεὺς,
1512 4867 1699 4938 μαθὼν

143 4959 200 5010 τὸ
227 4960 449 5030 mem,
476 4957 675 5029 ἤχθετο
708 4959 828 5026 μὲν,
858 4960 1097 5028 λυπῆσαι
1133 4957 1190 5011 δὲ
1222 4958 1314 5011 τὸν
1357 4959 1571 5028 ’Λμνὼν
1600 4960 1698 5013 οὐκ

144 5048 333 5118 ἢθελεν,
368 5053 451 5105 ὅτι
480 5048 820 5121 πρωτότοκος
843 5045 911 5120 ἦν
933 5050 1098 5119 αὐτῷ.
1129 5051 1438 5121 Διετηρίδος
1462 5052 1516 5103 δὲ
1551 5069 1696 5121 παρ-

144 5139 403 5210 ελθούσης,
436 5141 643 5211 κείρειν
691 5139 915 5211 ἔμελλεν
969 5139 1092 5210 ἄρτι
1122 5142 1190 5193 τὰ
1237 5142 1343 5194 [δια
1393 5141 1694 5212 πρόϐαταό

154 5231 482 5302 Ἀσισαλὼμ,
518 5234 612 5284 καὶ
644 5235 721 5296 είς
754 5233 914 5285 πότον
958 5231 1088 5294 τοὺς
1114 5231 1377 5300 ἀδελφοὺς
1401 5235 1690 5286 συνεκάλε-

145 5340 247 5377 σεν.
277 5324 608 5378 Ἐνετείλατο
638 5323 694 5376 δὲ
728 5327 839 5386 τοῖς
867 5322 1328 5392 ὑπηρετουμένοις
1354 5325 1522 5394 αὐτῷ,
1554 5344 1690 5394 προ-

1797 4775 2128 4829 contristare
2159 4774 2397 4828 nolebat.
2429 4774 2630 4843 Elapso
2662 4775 2908 4839 biennio,
2943 4791 3070 4828 suas
3091 4790 3222 4829 oves
3244 4784 3369 4829 ton-

1795 4885 1958 4925 surus
1983 4869 2242 4930 Absalon,
2283 4865 2480 4920 fratres
2518 4866 2586 4919 ad
2650 4868 3106 4922 comessationem
3161 4883 3365 4923 convo-

1795 4971 1882 5015 cat
1930 4978 1945 5016 :
1986 4960 2242 5014 mandato
2293 4959 2449 5028 prius
2494 4958 2762 5012 ministris
2811 4959 2961 5024 dato,
3011 4967 3072 5012 ut
3100 4959 3364 5028 gliscente

1794 5054 2224 5123 computatione,
2259 5051 2563 5106 Amnonem
2615 5051 2975 5105 trucidarent.
3011 5051 3209 5104 Parent
3246 5051 3360 5117 illi;

1793 5159 1904 5213 quo
1928 5145 2047 5198 viso
2079 5141 2274 5212 reliqui
2301 5143 2435 5212 regii
2465 5142 2558 5195 filii
2590 5142 2825 5210 fugiunt,
2851 5150 3083 5210 ortoque
3115 5144 3360 5205 rumore,

1802 5249 1994 5288 omnes
2023 5248 2119 5287 eos
2150 5233 2218 5288 ab
2262 5233 2535 5287 Absalone
2575 5246 2781 5294 caesos,
2815 5231 2984 5286 David
3015 5241 3196 5288 vestes
3233 5250 3360 5287 suas

1800 5327 2026 5387 lacerat.
2058 5333 2114 5379 et
2142 5325 2291 5379 humi
2319 5333 2521 5379 stratus
2540 5326 2898 5379 lamentatur.
2929 5324 3144 5378 interea
3173 5326 3359 5379 caueri

143 5415 424 5485 χωροῦντος
481 5415 573 5469 τοῦ
632 5416 820 5480 πότου,
880 5415 1117 5480 πατάξαι
1171 5416 1262 5468 τὸν
1318 5417 1552 5485 Ἀμνὼν,
1597 5419 1692 5470 καὶ

1802 5416 2042 5480 veniunt,
2084 5416 2349 5469 Amnonis
2384 5416 2585 5470 caulem
2621 5415 2800 5468 mmsti
2827 5417 3164 5469 nuntiantes.
3184 5417 3360 5480 Absa-

144 5508 464 5561 ἀποκτείναι.
517 5508 628 5562 Kal
651 5508 913 5576 ἐποίησαν
966 5507 1138 5570 οὕτως
1171 5509 1216 5559 οἱ
1249 5499 1434 5582 παῖδες
1469 5509 1688 5563 ’Λᾶεσα-

144 5597 273 5664 λὼμ.
298 5601 516 5662 Ἰδόντες
537 5601 594 5652 δὲ
618 5604 666 5654 oi
688 5601 864 5654 λοιποὶ
895 5599 987 5652 τοῦ
1013 5600 1275 5669 βασιλέως
1317 5602 1420 5655 υίοὶ
1451 5600 1509 5653 τό
1537 5604 1685 5669 γενό-

148 5708 311 5760 μενον,
341 5693 557 5762 ἔφυγον.
608 5694 801 5764 Φήμης
851 5694 906 5746 δὲ
940 5693 1326 5764 προελθούσης,
1365 5694 1438 5757 ὡς
1479 5694 1685 5746 ἔκτεινε

146 5784 335 5848 πάντας
354 5785 476 5848 τοὺς
513 5783 606 5840 τοῦ
667 5783 929 5855 βασιλέως
969 5787 1116 5847 υἱοὺς
1158 5786 1500 5856 ’Λϐεσαλὼμ,
1541 5788 1684 5859 διέῤ-

1779 5507 1871 5561 lon
1905 5507 1972 5561 ad
2012 5517 2318 5566 maternum
2352 5521 2510 5560 avum
2545 5504 2732 5560 Gellia:
2763 5522 2940 5576 regem
2979 5507 3244 5575 confugit,
3301 5519 3361 5563 et

1788 5603 2090 5658 triennium
2123 5604 2200 5658 ibi
2245 5611 2636 5656 commoratur.
2683 5602 2843 5671 Regis
2896 5604 2974 5656 ira
3007 5603 3182 5671 spatio
3216 5611 3356 5657 tem-

1786 5699 1936 5764 poris
1983 5695 2146 5764 paulo
2187 5694 2501 5749 remissiore
2530 5693 2688 5758 facta,
2734 5696 2940 5749 Joabus
2972 5695 3229 5750 Absaloni
3259 5712 3353 5748 re-

1785 5803 1904 5856 gem
1964 5786 2278 5857 hujusmodi
2344 5797 2653 5841 commento
2723 5787 3079 5845 reconciliare
3131 5791 3343 5846 nititur.

148 5872 266 5944 ρηξε
297 5875 388 5947 τὴν
416 5877 618 5949 ἐσθῆτα
645 5877 810 5933 αὑτοῦ
832 5879 860 5932 6
892 5879 1075 5947 Aa6l6,
1110 5879 1199 5933 xal
1228 5878 1422 5932 ἔπεσεν
1456 5883 1546 5934 ἐπὶ
1576 5883 1678 5950 γῆν

1802 5879 2062 5934 Subornat
2109 5880 2502 5944 mulierculam,
2560 5894 2679 5950 quae
2707 5879 2924 5952 lugubri
2953 5883 3133 5952 specie
3164 5899 3343 5952 regem

3447 4065 3476 4081 Α
