4006 6328
591 470 691 524 lbn

1763 460 1766 462 ⁷
1875 453 2195 513 JO.\NNIS
2235 452 2552 510 ZONAILE

3717 436 3820 500 156

587 572 764 637 adeat,
797 582 1156 645 Conquerens,
1195 574 1332 629 duos
1362 574 1464 628 sibi
1511 573 1678 626 fuisse
1719 572 1877 634 filios,
1907 583 2140 638 quorum

2264 572 2478 637 Ιρηνῶν.
2514 567 2602 618 Ἐν
2631 563 2866 633 τοσούτῳ
2899 563 2941 616 δ’
2968 562 3166 631 ἤκασιν
3191 552 3355 613 οίτοῦ
3388 556 3658 628 βασιλέως
3697 556 3832 618 υἱοὶ,

591 683 731 722 unus
759 667 986 720 alterum
1019 665 1301 719 occiderit.
1331 663 1486 717 Nunc
1507 669 1765 731 cognatos
1797 660 2145 728 superstitem

588 756 890 819 adqcaedem
920 769 1185 828 quazrere,
1227 755 1298 808 ob
1345 752 1742 822 parricidium;
1775 765 1935 805 orare
1983 749 2145 818 igitur

583 863 795 915 regem,
820 855 880 899 ut
902 848 1130 900 salutem
1162 845 1257 898 filii
1285 844 1388 898 sibi
1421 844 1706 897 condonet.
1739 842 1831 895 Illa
1863 842 1977 893 lucc
2004 839 2146 907 apud

591 951 771 1004 regem
801 951 1060 1004 perquam
1089 935 1336 988 dolenter
1363 936 1603 1001 exponit.
1643 933 1753 984 llex
1783 930 1874 982 filii
1917 932 2145 983 salutem

588 1025 664 1077 illi
695 1041 754 1078 se
785 1025 1113 1077 donaturum
1148 1026 1458 1092 pollicetur.
1497 1022 1604 1090 76
1635 1020 1771 1073 Tum
1804 1020 2000 1072 mulier
2029 1035 2148 1089 gray

590 1118 691 1169 tias
739 1116 847 1184 agit
883 1133 896 1170 :
931 1114 1033 1168 Sed
1075 1124 1130 1168 ut
1161 1117 1367 1183 pignus,
1412 1113 1612 1181 inquit,
1643 1112 1866 1164 habeam
1910 1111 2151 1180 promissi

589 1205 664 1256 tui
693 1220 709 1255 .·
741 1212 794 1255 tu
831 1205 960 1272 ipse,
1010 1219 1037 1254 ο
1064 1218 1175 1266 rex,
1217 1204 1270 1253 in
1299 1203 1480 1271 primis
1529 1209 1617 1252 tuo
1649 1199 1761 1266 ﬁlio
1793 1197 2147 1262 reconciliare,

504 1309 506 1312 '
593 1311 758 1362 neque
779 1311 896 1347 cum
919 1296 1057 1347 crede
1080 1293 1181 1361 ﬁlii
1207 1301 1253 1345 te
1276 1293 1433 1346 invito
1469 1293 1630 1362 facta,
1660 1291 2017 1344 voluntariam
2037 1306 2152 1342 con-

590 1385 850 1451 iunxeris.
883 1375 1281 1442 Animadvertit
1313 1399 1429 1446 rex,
1472 1390 1838 1435 commentum
1873 1397 1992 1436 esse
2025 1397 2150 1450 pre-

592 1491 684 1527 ces
735 1475 998 1536 mulieris,
1039 1472 1210 1528 Joabo
1260 1485 1483 1528 auctore
1533 1473 1896 1543 excogitatum
1944 1474 2152 1542 :eique

592 1563 880 1616 Absalonis
911 1563 1204 1615 reducendi
1241 1563 1334 1616 dat
1379 1571 1722 1631 potestatem.
1757 1563 1960 1617 Joabus
1988 1563 2154 1631 igitur

593 1669 716 1707 eum
748 1652 1116 1721 Hierosolyma
1151 1653 1382 1716 reducit,
1419 1668 1482 1706 ea
1520 1663 1701 1706 tamen
1739 1654 2072 1717 conditione,
2097 1662 2155 1707 ut

597 1757 663 1793 ne
701 1743 753 1793 in
791 1752 1141 1809 conspectum
1191 1742 1369 1810 patris
1400 1742 1630 1807 veniret,
1667 1741 1843 1795 donec
1875 1743 1990 1811 ipse
2037 1751 2157 1796 tan-

597 1829 718 1882 dem
744 1845 868 1884 eum
913 1832 1293 1885 reconciliatus
1341 1839 1519 1898 vocat,
1553 1833 1682 1886 data
1734 1835 1937 1901 petenti
1972 1835 2151 1900 venia,

597 1928 652 1974 et
681 1920 956 1974 oblivione
1008 1921 1222 1992 injuriae
1249 1923 1535 1990 promissa.
1565 1923 1876 1977 Restitutus
1907 1923 1961 1976 in
2010 1924 2151 1978 inte-

597 2027 751 2080 grum
780 2013 1036 2078 Absalon,
1065 2013 1244 2082 equis,
1274 2012 1551 2076 curribus,
1579 2021 1633 2066 et
1678 2014 1869 2068 multis
1898 2015 2154 2068 satelliti-

601 2104 703 2156 bus
729 2104 1076 2172 comparatis,
1103 2104 1304 2171 regiam
1330 2104 1577 2171 quotidie
1605 2103 1912 2172 frequentat
1935 2120 1948 2154 :
1981 2121 2156 2173 popu-

599 2193 822 2262 lumque
859 2193 1073 2259 blandis
1102 2193 1354 2261 alloquiis
1382 2193 1673 2256 deliniens,
1704 2193 2000 2249 multorum
2033 2209 2159 2264 gra-

603 2285 732 2340 tiam
767 2283 993 2355 colligit.
1028 2283 1144 2338 Jam
1178 2293 1414 2352 quatuor
1440 2284 1599 2336 annis
1634 2299 1664 2337 a
1708 2283 1890 2336 reditu
1935 2285 2157 2352 elapsis,

605 2375 756 2442 lingit
783 2390 841 2428 se
884 2375 1164 2444 religionis
1208 2390 1339 2444 ergo
1389 2375 1734 2429 Cbebronem
1786 2375 2156 2445 profecturum

604 2466 669 2518 ad
696 2465 1024 2519 exsolvenda
1054 2475 1179 2519 vota
1210 2481 1332 2536 qua:
1377 2467 1430 2519 in
1463 2467 1656 2521 exsilio
1689 2467 1925 2522 fecisset.
1953 2469 2162 2522 Annuit

548 2552 552 2554 ⁷
605 2563 776 2619 pater.
809 2554 902 2606 ille
940 2554 1239 2620 digressus,
1269 2555 1470 2622 passim
1500 2555 1729 2608 dimittit
1753 2558 1972 2609 nuntios
2003 2559 2163 2624 :jplu-

609 2641 728 2693 rimi
758 2641 823 2694 ad
857 2643 1007 2694 illum
1044 2645 1349 2704 confluunt,
1385 2658 1447 2696 ac
1490 2651 1687 2712 praeter
1734 2654 1959 2699 caeteros
2003 2648 2164 2701 Achi-

611 2729 818 2797 tophel,
872 2731 1011 2798 patri
1064 2732 1183 2800 ejus
1221 2746 1250 2784 a
1283 2732 1545 2786 consiliis.
1579 2733 1656 2786 lta
1686 2749 1780 2787 rex
1813 2735 1880 2788 ab
1909 2737 2163 2792 omnibus

607 2818 891 2871 salutatur.
926 2817 1039 2873 Hoc
1069 2820 1233 2873 David
1267 2822 1506 2891 cognito,
1534 2837 1657 2876 cum
1683 2824 1750 2876 iis
1787 2840 1926 2892 quos
1954 2827 2161 2881 circum

606 2924 665 2964 se
692 2909 959 2980 habebat,
995 2910 1365 2980 Hierosolyma
1395 2898 1672 2981 egreditur
1714 2899 1732 2966 ξ
1777 2915 2164 2973 comitantibus

2247 661 2340 714 καὶ
2377 661 2469 711 τὸν
2496 659 2655 729 φόνον
2703 657 2794 709 τοῦ
2830 655 3040 723 ’Λμνὼν
3073 651 3395 715 πενθοῦντες
3445 650 3834 718 ἀπήγγειλαν.

2262 749 2575 818 Ἀόεσαλὼμ
2595 749 2648 800 δὲ
2680 748 2887 815 ἀπέδρα
2919 746 3054 814 πρὸς
3076 744 3162 797 τὸν
3181 743 3405 796 πάππον
3432 742 3521 794 τὸν
3543 741 3697 810 πρὸς
3725 756 3836 807 μη-

2248 845 2390 913 τρὸς,
2451 843 2541 894 τὸν
2597 839 2820 907 βασιλέα
2855 839 2953 907 τῆς
2989 837 3111 900 Γὲθ,
3170 840 3262 888 καὶ
3319 836 3413 887 ἐπὶ
3458 833 3722 904 τριετίαν
3759 826 3830 901 ἦν

2248 937 2446 1002 διάγων
2479 937 2611 986 ἐκεῖ.
2649 935 2758 1001 Τῆς
2788 931 2956 1000 ὀργῆς
2990 929 3046 981 δὲ
3099 928 3177 996 τῷ
3231 927 3407 996 χρόνῳ
3455 923 3837 992 λωφησάσηξ,

2250 1028 2655 1096 καταλλαγῆναι
2708 1024 2799 1077 τὸν
2843 1020 3066 1089 βασιλέα
3098 1020 3174 1085 τῷ
3221 1016 3540 1085 Ἀϐεσαλὼμ
3575 1019 3604 1069 ὁ
3654 1010 3837 1067 Ἰωὰὸ

2251 1115 2816 1186 ἑσοφίσατο.,Γύναιον
2849 1115 2956 1182 γάρ
2987 1129 3040 1164 τι
3089 1109 3526 1180 παρεσκεύασεν,
3573 1109 3650 1173 ὡς
3698 1122 3840 1157 πεν-

2253 1207 2378 1261 θοῦν
2400 1207 2475 1275 τῷ
2514 1206 2724 1275 βασιλεῖ
2769 1203 3105 1277 προσελθεῖν,
3140 1203 3234 1254 καὶ
3282 1197 3683 1270 ἀποδύρεσθαι,
3721 1197 3840 1258 ὅτι,

2251 1297 2344 1351 δύο
2374 1297 2574 1349 παίδων
2600 1297 2768 1350 ὄντων
2798 1298 2957 1363 αὐτῇ,
2983 1296 3074 1346 καὶ
3095 1294 3322 1363 θατέρου
3352 1293 3441 1343 τὸν
3464 1291 3651 1359 ἓτερον
3678 1287 3842 1340 κτεί-

2252 1406 2462 1453 ναντος,
2497 1391 2545 1440 οί
2581 1391 2858 1454 συγγενεῖς
2898 1387 3103 1439 ἀνελεῖν
3156 1383 3375 1453 ζητοῦσι
3432 1381 3523 1434 τὸν
3559 1381 3843 1449 περιόντα

2251 1483 2340 1534 διὰ
2382 1481 2472 1534 τὸν
2503 1481 2661 1549 φόνον
2690 1477 2784 1531 τοῦ
2835 1475 3085 1544 ἀδελφοῦ.
3141 1475 3252 1528 Καὶ
3284 1473 3498 1527 δέεσθαι
3530 1471 3627 1524 τοῦ
3665 1471 3842 1540 βασι-

2253 1571 2386 1631 λέως
2411 1569 2739 1638 χαρίσασθαι
2778 1570 2912 1636 αὐτῇ
2949 1568 3046 1636 τὴν
3073 1565 3164 1618 τοῦ
3199 1565 3386 1626 παιδὸς
3411 1562 3718 1632 σωτηρίαν.
3775 1559 3844 1610 'H

2259 1662 2356 1729 μὲν
2399 1657 2512 1723 οὖν,
2545 1659 2912 1729 προσελθοῦσα
2959 1657 3034 1726 τῷ
3063 1656 3292 1727 βασιλεῖ,
3345 1653 3664 1724 περιπαθῶς
3710 1645 3845 1702 εἷπε

2254 1753 2450 1820 ταῦτα,
2496 1752 2556 1805 Ὁ
2610 1752 2666 1804 δὲ
2718 1750 2972 1820 βασιλεὺς
3014 1747 3112 1810 τὴν
3159 1748 3299 1816 ζωὴν
3327 1746 3462 1812 αὐτῇ
3491 1741 3848 1813 χαρίσασθαι

2257 1843 2346 1897 τοῦ
2378 1815 2560 1903 πὲιδδς
2593 1815 2972 1911 ἐπηγγείλατο.
2999 1840 3106 1891 Kal
3142 1840 3173 1906 ή
3199 1815 3335 1906 γυνὴ
3357 1837 3582 1905 χάριτας
3611 1833 3847 1904 ὡμολό-

2257 1950 2343 2001 γει
2372 1931 2521 2000 αὐτῷ
2540 1949 2554 1963 ο
2593 1931 2722 1982 Ἵνα
2755 1929 2805 1981 δ’
2834 1928 3124 1996 ἐχέγγυον
3154 1927 3247 1988 εἴη
3277 1943 3379 1994 μοι
3406 1924 3524 1982 τῶν,
3550 1927 3849 1990 ὑπεσχη-

2253 2021 2473 2090 μένων,
2514 2015 2661 2081 εἶπε,
2693 2018 2922 2086 πρῶτος
2960 2018 3141 2082 αὐτὸς
3190 2015 3268 2080 τῷ
3297 2017 3490 2081 οἰκείῳ
3513 2013 3621 2079 υίῷ
3655 2013 3848 2067 διαλ-

2256 2112 2491 2179 λάγηθι,
2526 2111 2620 2164 καὶ
2644 2110 2728 2177 μὴ
2763 2109 2840 2173 τῷ
2879 2111 3042 2176 φόνῳ
3073 2107 3178 2160 τοῦ
3231 2105 3390 2172 παρὰ
3417 2105 3656 2174 γνώμην
3720 2118 3848 2156 σου

2259 2202 2546 2264 θανόντος
2623 2199 2757 2252 υιοῦ
2819 2196 3190 2264 προσθήσεις
3250 2194 3531 2264 ἑκούσιον
3598 2194 3850 2262 ἕτερον.

2259 2290 2498 2356 Συνῆκεν
2531 2290 2558 2340 ὁ
2608 2286 2867 2355 βασιλεὺς
2918 2285 3116 2354 σκῆψιν
3156 2282 3296 2336 εἶναι
3358 2285 3483 2346 τοὺς
3516 2284 3716 2350 λόγους
3749 2285 3852 2351 τῆς

2261 2378 2538 2446 γυναικὸς,
2595 2379 2687 2429 καὶ
2746 2377 2963 2438 τούτους
2996 2375 3316 2443 σοφισθῆναι
3357 2373 3488 2443 παρ’
3517 2375 3704 2435 ’1ω5ι6,
3747 2375 3852 2427 καὶ

2262 2470 2522 2535 κατάγειν
2551 2467 2698 2538 αύτῷ
2719 2467 2990 2535 ἐπέτρεψε
3015 2467 3103 2517 τὸν
3131 2465 3470 2534 Ἀσεσαλὼμ.
3496 2466 3603 2518 Καὶ
3627 2481 3853 2535 πορευ-

2264 2559 2375 2621 θεὶς
2413 2558 2592 2621 Ἰωάϐ,
2633 2557 2838 2626 ἤγαγεν
2869 2556 3030 2609 αὐτὸν
3058 2558 3138 2617 είς
3181 2555 3570 2626 Ἰερουσαλήμ·
3599 2554 3854 2622 είςξὸψιν

2207 2686 2212 2688 -
2263 2651 2305 2703 δ’
2338 2650 2508 2702 ἐλθεῖν
2553 2650 2612 2700 οὔ
2646 2647 3032 2717 συγκεχώρητο
3060 2646 3137 2714 τῷ
3167 2645 3354 2713 πατρί.
3388 2646 3540 2700 Μετὰ
3571 2647 3628 2696 δὲ
3654 2644 3852 2697 ταῦτα

2264 2738 2577 2808 κατηλλάγη
2609 2740 2636 2799 ό
2669 2737 2917 2805 βασιλεὺς
2972 2735 3049 2802 τῷ
3080 2735 3400 2805 Ἀὀεσαλὼμ
3425 2753 3437 2763 ·
3472 2736 3565 2787 καὶ
3595 2736 3852 2798 καλέσας

2265 2831 2448 2891 αὑτὸν,
2477 2828 2805 2898 συγγνώμην
2831 2829 3116 2898 αἰτήσαντι
3146 2828 3365 2892 δέδωκε,
3396 2828 3489 2880 καὶ
3522 2826 3853 2896 ἀμνηστίαν

2265 2921 2358 2973 τοῦ
2380 2921 2773 2989 ἁμαρτήματος
2814 2919 3201 2987 ἐπηγγείλατο.
3249 2920 3477 2980 Ἵππους
3505 2917 3560 2970 δὲ
3589 2917 3684 2968 καὶ
3742 2917 3854 2984 ἆρ-

607 2998 773 3050 etiam
802 3000 1071 3053 sexcentis
1103 3001 1231 3064 illis,
1261 3014 1496 3068 quorum
1524 3002 1624 3055 sub
1653 3002 1813 3058 Saule
1842 3020 2007 3072 opera
2034 3010 2161 3063 uSus

2271 3029 2414 3080 ματα
2463 3011 2946 3082 προσκτησάμενος
2996 3011 3022 3061 ὁ
3052 3008 3413 3076 Ἀὀεσαλὼμ,
3470 3008 3564 3059 καὶ
3606 3006 3858 3070 πολλοὺς

547 3138 549 3145 ,
611 3092 802 3144 fuerat.
864 3090 1053 3158 Neque
1101 3092 1207 3144 ulla
1256 3107 1342 3145 res
1375 3106 1660 3144 mmrorem
1696 3102 1751 3147 et
1792 3106 2001 3149 metum
2048 3099 2161 3168 ejus

2267 3103 2521 3166 ὀπαδοὺς,
2562 3101 2682 3153 καθ’
2711 3102 2946 3169 ἑκάστην
2978 3102 3144 3169 ἀπῄει
3181 3100 3313 3167 πρδς
3339 3099 3404 3150 τά
3440 3096 3708 3166 βασίλεια.
3742 3099 3860 3151 Καὶ

610 3182 781 3251 magis
810 3185 978 3247 auxit,
1017 3197 1177 3250 quam
1215 3183 1592 3253 Achitoplielis
1644 3185 2004 3255 transfugium
2041 3189 2161 3242 :ni-

2271 3195 2404 3264 πρὸς
2438 3193 2600 3262 χάριν
2655 3193 2764 3250 τοῖς
2832 3190 3089 3257 πλήθεσιν
3143 3188 3364 3256 ὁμιλῶν,
3423 3187 3626 3239 εὐνοεῖν
3687 3189 3858 3258 αὐτῷ

612 3273 910 3325 hilominus
963 3281 1141 3326 tamen
1189 3273 1357 3325 Deum
1414 3274 1650 3341 invocat,
1705 3284 1759 3329 et
1807 3290 2024 3330 omnem
2087 3278 2161 3332 illi

2271 3283 2502 3344 πολλοὺς
2527 3279 2960 3350 παρεσκεύασεν.
2995 3279 3134 3350 Ἤδη
3181 3277 3236 3331 δὲ
3267 3278 3581 3347 τετραετίας
3613 3281 3855 3348 παραρ-

611 3370 864 3416 eventum
911 3361 1201 3430 permittit.
1236 3360 1454 3417 Chusus
1493 3365 1658 3417 etiam
1687 3363 1906 3420 Davidis
1935 3367 2164 3431 amicus,

614 3451 680 3505 de
714 3452 859 3506 illius
887 3453 1180 3517 sententia,
1221 3453 1531 3507 defectione
1569 3455 1841 3519 simulata,
1873 3471 1930 3511 se
1957 3457 2021 3510 ad
2059 3458 2170 3510 Ab-

615 3540 878 3604 salonem
919 3541 1151 3595 confert.
1215 3543 1362 3620 lnter
1419 3543 1873 3612 proﬁciscendum
1929 3555 2170 3600 occurrit

618 3630 801 3685 Davidi
819 3627 1269 3701 Memphibostbis
1295 3649 1482 3687 servus
1503 3633 1652 3698 Siba,
1669 3637 1859 3704 jugum
1885 3636 2168 3690 asinorum

615 3737 804 3794 agens,
830 3733 1192 3777 commeatum
1215 3723 1511 3777 ferentium
1540 3743 1555 3779 :
1581 3736 1636 3779 et
1661 3725 1852 3779 herum
1882 3741 2167 3794 accusans,

614 3815 758 3884 quod
784 3811 1173 3886 Hierosolymis
1207 3823 1474 3880 maneret,
1501 3829 1573 3889 __ac
1602 3806 1826 3885 regnum
1850 3817 2036 3886 populi
2059 3816 2170 3872 suf-

618 3906 804 3975 fragiis
835 3905 902 3960 ad
931 3921 989 3961 se
1019 3906 1326 3961 rediturum
1378 3921 1501 3962 esse
1543 3915 1899 3975 exspectaret.
1929 3908 2011 3963 οι)
2052 3924 2172 3978 qua:

619 3998 934 4066 indignatus
962 3999 1151 4063 David,
1188 3998 1368 4052 omnia
1410 4014 1534 4066 quae
1563 3997 1985 4073 Memphibosthi
2022 4000 2173 4068 prius

617 4087 868 4149 donarat,
897 4088 1038 4141 Sibae
1066 4089 1312 4157 largitur.
1344 4088 1472 4142 Post
1503 4089 1556 4142 in
1590 4091 1785 4143 itinere
1820 4087 2028 4144 Semeis
2049 4105 2171 4144 eum

619 4175 951 4246 aggreditur,
1010 4179 1093 4230 vir
1150 4177 1326 4229 Saulis
1374 4191 1656 4247 cognatus,
1702 4180 1913 4250 lapides
1964 4182 2174 4250 jactans

620 4279 808 4322 contra
831 4283 1031 4338 regem,
1063 4276 1117 4321 et
1143 4281 1436 4338 exsecraris
1470 4269 1718 4332 illum,et
1744 4263 2174 4339 virum-sangui-

622 4359 834 4411 narium
866 4367 1051 4425 atque
1089 4358 1338 4426 iniquum
1389 4359 1660 4412 vocitans.
1698 4357 1777 4411 Ad
1821 4373 1980 4427 quem
2031 4359 2178 4427 peri-

2271 3373 2493 3441 ῥυείσης
2530 3371 2669 3440 μετά
2714 3370 2810 3440 τὴν
2841 3368 3089 3433 κάθοδον,
3123 3370 3423 3435 σκήπτεται
3454 3365 3641 3429 θυσίας
3675 3367 3858 3436 χάριν

2269 3467 2345 3525 είς
2375 3461 2599 3533 Χεϐρὼν
2646 3461 2919 3523 ἀπελθεῖν,
2971 3458 3044 3522 ὡς
3076 3458 3241 3527 εὐχὴν
3289 3456 3448 3509 τοῦτο
3494 3457 3852 3525 πεποιηκὼς,

2269 3553 2548 3622 τυγχάνων
2575 3553 2628 3603 ὲν
2651 3553 2716 3620 τῇ
2757 3553 2919 3619 φυγῇ.
2959 3550 3067 3601 Καὶ
3089 3547 3293 3616 ἀφείθη
3327 3547 3466 3616 πρὸς.
3488 3547 3580 3599 τοῦ
3609 3549 3856 3617 πατρός.

2283 3642 2555 3698 Ἀπελθὼν
2575 3644 2652 3708 δὲ,
2677 3642 2812 3709 πρὸς
2843 3637 3447 3712 πολλοὺςδιεπέμψατο,
3467 3640 3561 3690 καὶ
3594 3637 3856 3692 πλεῖστοι

2272 3735 2407 3804 πρὸς
2437 3733 2598 3785 αὑτὸν
2628 3732 3023 3801 συνερρύησαν.
3068 3717 3210 3799 Πρὸς
3261 3731 3317 3781 δὲ
3367 3733 3478 3790 τοῖς
3526 3729 3705 3793 ἀλλοις
3747 3734 3856 3783 καὶ

2285 3821 2587 3890 Ἀχιτόφελ,
2617 3819 2645 3871 ὁ
2677 3820 2771 3872 τοῦ
2803 3819 3006 3890 πατρὸς
3041 3816 3204 3872 αὖτοῦ
3257 3814 3582 3885 σύμϐουλος,
3619 3816 3712 3869 καὶ
3740 3817 3860 3869 ὑπὸ

2273 3915 2486 3967 πάντων
2540 3910 2792 3980 βασιλεὺς
2823 3908 3125 3979 ἀνερρήθη.
3169 3906 3338 3960 Τοῦτο
3379 3908 3538 3974 γνοὺς
3572 3909 3600 3960 ό
3655 3910 3858 3972 Δα6¹ιδ,

2272 4007 2452 4072 ἀπῆρε
2487 4003 2624 4071 μετὰ
2656 4001 2764 4053 τῶν
2813 4001 2941 4066 περὶ
2993 3997 3155 4052 αὐτὸν
3192 3996 3263 4072 ‘EE
3311 3999 3691 4069 Ἰερουσαλήμ.
3735 3999 3861 4054 Καὶ

2272 4097 2321 4147 οί
2355 4068 2626 4162 ἑξακόσιοι
2693 4091 2882 4159 ἄνδρες
2932 4090 2981 4141 οῑ
3031 4090 3121 4142 ἐπὶ
3149 4068 3321 4142 Σαοῦλ
3371 4068 3622 4151 συνόντες
3669 4091 3856 4159 αὐτῷ,

2273 4182 2425 4243 αὖθις
2459 4179 2606 4249 αὐτῷ
2648 4177 3102 4246 συνεξώρμησαν.
3149 4175 3385 4246 Ἦγγέλη
3421 4177 3477 4229 δέ
3506 4178 3598 4231 κα).
3626 4177 3857 4245 Ἀχιτό-

2276 4273 2374 4341 φελ
2397 4271 2694 4340 προσρυεὶς
2726 4268 2800 4336 τῷ
2835 4266 3157 4334 Ἀὅεσαλώμ
3183 4283 3196 4296 ·
3233 4267 3260 4318 δ
3289 4269 3382 4318 καὶ
3411 4269 3500 4323 τὴν
3532 4267 3697 4333 φόϐον
3744 4270 3856 4320 αὐ·
3906 4272 3918 4280 ⁵

2273 4361 2350 4431 τῷ
2377 4357 2618 4430 μείζονα,
2645 4359 2738 4410 καὶ
2775 4357 2993 4409 πλείονα
3034 4357 3131 4423 τὴν
3163 4355 3336 4425 λύπην
3357 4356 3636 4423 ἐποίησεν.
3705 4357 3836 4408 Ἐπο

623 4447 877 4505 mendum
901 4446 1070 4501 David
1112 4462 1241 4501 suos
1278 4449 1580 4503 concitatos
1623 4444 1882 4513 inhibuit,
1913 4448 2161 4506 divinitus

2276 4451 2524 4505 εκαλεῖτο
2543 4449 2600 4501 δὲ
2629 4449 2718 4502 τὸν
2733 4448 2884 4512 Θεὸν,
2903 4450 2996 4502 καὶ
3019 4448 3116 4519 τὴν
3143 4447 3322 4517 κρίσιν
3346 4446 3437 4498 ἐπὶ
3461 4447 3624 4500 πᾶσιν
3655 4447 3861 4517 ἐκείνῳ

623 4537 702 4590 illi
738 4553 799 4592 ea
831 4519 1085 4591 mandata
1127 4551 1248 4590 esse
1293 4551 1562 4601 asserens,
1616 4539 1796 4607 itaque
1831 4539 2060 4593 missum
2094 4538 2161 4592 fa«

2280 4539 2568 4613 ἐπέτρεπε.
2594 4541 2761 4594 Χουσὶ
2789 4539 2832 4593 δ’
2857 4517 3081 4608 ἑταῖρος
3097 4537 3171 4591 ῶν
3203 4537 3295 4592 τοῦ
3327 4537 3512 4602 Δαϐὶδ,
3538 4538 3678 4590 κατὰ
3700 4542 3861 4602 γνώ-

624 4629 900 4684 ciendum.
931 4625 1332 4688 Ad-Jordanem
1363 4627 1661 4695 profectus,
1695 4629 1766 4682 ibi
1808 4644 1938 4684 suos
1983 4627 2180 4684 defati-

620 4719 777 4790 gato;
804 4719 1012 4773 refecit.

2286 4651 2393 4704 μην
2426 4631 2591 4686 αὑτοῦ
2639 4630 3065 4700 ψευδαυτομολεῖ
3092 4629 3227 4695 πρὸς
3275 4627 3622 4696 ’Δσεσαλὼμ.
3675 4628 3860 4696 Πρόσ.

2283 4739 2390 4774 εισι
2432 4721 2488 4773 δὲ
2545 4719 2624 4788 τῷ
2677 4719 2840 4771 Δασὶδ
2870 4717 3082 4770 ἀπιόντι
3103 4720 3130 4769 ὁ
3159 4717 3342 4779 δοῦλος
3373 4713 3464 4769 τοῦ
3495 4717 3860 4785 Μεμφιϐοσθὲ

625 4810 778 4874 mea,
835 4809 1024 4877 ζεῦγος
1061 4810 1207 4879 ἄγων
1259 4812 1396 4864 δνων
1433 4810 1707 4880 φερόντων
1745 4809 1810 4862 τὰ
1869 4810 2172 4880 ἐπιτήδεια,
2215 4813 2307 4865 xal
2341 4811 2434 4864 τοῦ
2501 4810 2758 4864 δεσπότου
2809 4807 3150 4879 κατηγορῶν,
3219 4806 3295 4870 ὡς
3348 4808 3624 4877 μείναντος
3649 4810 3704 4861 ἐν
3748 4811 3860 4864 Ἱε-

629 4902 962 4976 ροσολύμοις,
1005 4905 1099 4957 καὶ
1128 4905 1528 4973 προσδοκῶντος
1576 4907 1723 4976 αὐτῷ
1753 4905 1848 4976 τὴν
1899 4904 2174 4974 βασιλείαν
2216 4906 2681 4977 περιελεύσεσοαι,
2713 4901 2800 4958 οἷα
2827 4905 2920 4958 τοῦ
2979 4903 3215 4975 πλήθους
3240 4905 3601 4974 αῖρησομένου
3662 4903 3856 4959 αὐτόν.

639 4997 1168 5067 ἰέῐγανάκτησενὲπλ⁵
1189 4996 1394 5058 τούτοις
1431 4997 1613 5059 Δασιδ,
1643 4999 1736 5051 καὶ
1765 4998 1943 5051 πάντα
1976 4999 2074 5050 ὅσα
2138 4999 2212 5067 τῷ
2251 4997 2605 5068 Μεμφιϐοσθὲ
2672 4999 2800 5065 πρὶν
2850 4996 3191 5066 ἐδωρήσατο,
3245 4994 3322 5065 τῷ
3369 4993 3502 5047 Συ.σά
3531 4991 3858 5061 ἐχαρίσατοο

628 5091 758 5145 Elea
792 5093 1000 5146 ἔπεισιν
1051 5090 1199 5162 αὐτῷ
1240 5093 1382 5145 κατά
1419 5093 1518 5164 τὴν
1547 5093 1664 5146 ὁδὸν
1704 5095 1917 5164 Σεμεεὶ,
1949 5095 2085 5166 ἀνὴρ
2115 5098 2179 5148 ἐκ
2237 5099 2338 5162 τῆς
2406 5094 2724 5163 συγγενείας
2747 5092 2938 5156 Σαοὺλ,
2959 5092 3053 5145 καὶ
3082 5080 3261 5153 λίθους
3295 5088 3435 5143 κατά
3453 5079 3858 5158 τοῦβασιλέως

631 5183 891 5251 ἢκόντιζε,
941 5185 1033 5237 καὶ
1086 5184 1364 5253 κατηρᾶτο
1396 5182 1559 5250 αὐτῷ,
1611 5184 1703 5235 καὶ
1768 5185 1937 5256 ἄνδρα
1997 5187 2244 5253 αἱμάτων
2279 5183 2550 5254 ὠνόμαζε,
2581 5184 2675 5234 καὶ
2703 5182 3041 5251 παράνομον.
3067 5180 3186 5233 Τῶν
3218 5179 3272 5230 δὲ
3296 5178 3433 5246 μετὰ
3459 5178 3619 5231 Δαῶδ
3637 5181 3857 5249 ὁρμῶν-

629 5293 736 5327 των
769 5272 973 5328 ἀνελεῖν
999 5275 1089 5328 τὸν
1121 5277 1334 5344 Σεμεεὶ,
1371 5277 1398 5327 ὁ
1439 5273 1685 5343 βασιλεὺς
1712 5275 1811 5326 οὐκ
1841 5277 2070 5344 ἀφῆκεν,
2104 5277 2301 5328 εἰπών·
2367 5275 2570 5344 Κύριος
2623 5270 2774 5326 εἶπεν
2813 5271 2962 5342 αύτῷ
2983 5271 3153 5325 ταῦτα
3197 5271 3390 5332 ποιεῖν,
3427 5269 3590 5337 ἄφετε
3658 5273 3852 5327 αὐτόν·

632 5366 737 5420 Καὶ
783 5362 950 5417 ἐλθὼν
983 5366 1062 5426 εἰς
1094 5368 1184 5418 τὸν
1209 5367 1504 5436 Ἰορδάνην,
1557 5366 1672 5416 ἐκεῖ
1699 5365 1824 5428 τοὺς
1862 5367 1982 5435 μετ’
2022 5367 2185 5420 αὑτοῦ
2213 5365 2607 5427 κεκοπιακότας
2635 5363 2916 5432 ἀνέψυξεν.

701 5458 766 5514 V.
798 5455 1036 5512 Absalon
1096 5464 1278 5509 autem
1341 5458 1430 5510 ubi
1483 5457 1855 5527 Hierosolyma
1906 5457 2179 5527 pervenit,

633 5547 816 5600 Chuso
843 5561 899 5601 se
929 5544 1204 5599 accedenti
1237 5560 1248 5596 :
1284 5544 1414 5605 Cur,
1443 5547 1643 5615 inquit,
1679 5555 1848 5616 patre,
1877 5549 1958 5600 cui
1985 5549 2181 5602 amicus

636 5653 710 5694 es.
740 5637 842 5705 π
889 5637 1115 5696 deserto,
1144 5651 1227 5690 me
1258 5639 1498 5689 convenis
1524 5639 1548 5689 .’
1573 5637 1708 5691 Tum
1737 5639 1825 5692 ille
1852 5657 1865 5691 :
1899 5639 2179 5704 Divinitus,

639 5725 835 5792 inquit,
875 5725 1030 5780 electo
1058 5726 1238 5790 adero,
1293 5733 1342 5779 et
1392 5725 1507 5776 eur‘n
1534 5741 1742 5794 sequar,
1792 5729 1881 5796 qui
1908 5732 2062 5782 totius
2094 5745 2184 5797 po-

641 5815 750 5886 puli
769 5831 1014 5870 consensu
1050 5833 1139 5870 rex
1170 5827 1244 5871 est
1271 5817 1587 5871 declaratus.
1628 5807 1991 5893 Deiiulequid
2020 5836 2178 5887 agen-

2361 5441 2435 5510 E':
2470 5455 2788 5524 Ἀσεσαλὼμ
2822 5454 2900 5517 δὲ,
2965 5449 3404 5519 παραγενόμενος
3464 5452 3544 5515 είς
3615 5452 3854 5524 Ἱεροσό-

2287 5547 2455 5617 λυμα,
2506 5547 2712 5599 ἐλθόντι
2768 5543 2902 5613 πρὸς
2963 5541 3124 5592 αὑτὸν
3174 5539 3250 5609 τῷ
3284 5541 3473 5605 Χουσὶ,
3523 5542 3666 5613 ἔφη’
3704 5545 3846 5598 Ἵνα

2290 5639 2346 5690 τί
2408 5636 2635 5702 ἑταῖρος
2704 5633 2787 5685 ὢν
2851 5631 2958 5685 τοῦ
3019 5625 3239 5698 πατρός
3301 5650 3457 5700 μου.
3529 5634 3675 5702 πρὸς
3730 5634 3846 5703 ἐμὲ

2294 5726 2453 5792 ἥκεις
2519 5723 2748 5777 ἐκεῖνον
2802 5723 3024 5787 ,ιιπώη
3091 5722 3151 5775 '0
3180 5722 3255 5782 δὲ.
3317 5721 3398 5788 Τῷ
3440 5721 3850 5792 ἐκλάθῃ-μένῳ

2302 5813 2460 5880 ποινὰ
2502 5814 2646 5867 Θεοῦ
2685 5816 3035 5884 συνέσομαι,
3069 5809 3207 5879 εἷπε,
3252 5814 3346 5867 καί
3391 5797 3720 5885 συνέσομαι
3759 5816 3846 5881 τῷ
