4006 6328
674 431 769 491 lfi'l

1958 429 2281 490 IOANNIS
2322 429 2640 489 ZONARI‘E

3793 419 3894 481 168

661 557 803 601 orat.
837 545 967 612 Quae
994 559 1125 600 vero
1149 559 1209 600 se
1240 552 1469 599 matrem
1504 546 1622 616 ejus
1672 543 1809 598 falso
1841 545 2224 614 profitebatur,

2329 545 2457 610 ταῖς
2477 543 2769 612 ἀγκάλαις
2788 558 2928 610 μου.
2963 541 3032 594 Τὸ
3061 540 3127 593 δὲ
3163 539 3272 600 ζῶν
3299 538 3367 603 ἐξ
3385 536 3532 606 ἐμοῦ
3561 507 3895 607 ἀφελοῡςὲα,

661 638 972 692 collaudato
1009 637 1238 707 judicio,
1268 637 1653 691 dissectionem
1698 635 1960 689 maturari
1996 636 2220 704 ﬂagitat.

661 728 740 781 lbi
768 745 858 783 rex
892 743 1123 796 puerum
1161 729 1432 784 viventem
1465 729 1513 782 ei
1557 729 1696 781 tradi
1731 729 1905 796 jubet,
1935 743 2055 797 qua:
2109 727 2224 780 dis-

661 820 963 873 sectionem
995 820 1396 888 deprecabatur
1431 835 1443 870 :
1476 835 1594 872 eam
1629 820 1775 872 enim
1820 834 1940 873 esse
1973 829 2224 881 matrem,

661 925 783 977 qua:
812 910 965 977 pueri
994 911 1195 964 caedem
1226 919 1507 978 tantopere
1561 908 1958 963 reformidaret.
2018 907 2073 962 ld
2130 923 2228 977 po-

661 1001 789 1068 pulo
811 1001 1035 1069 evidens
1062 997 1445 1071 argumentum
1477 1000 1580 1052 fuit
1609 1002 1890 1077 sapientiae
1935 1002 2096 1070 regis,
2131 1000 2224 1068 qui

661 1090 880 1157 quidem
910 1105 1102 1143 omnes
1138 1101 1352 1143 veteres
1404 1090 1623 1158 ingenio
1682 1090 2081 1158 prudentiaque
2131 1104 2227 1142 su-

660 1181 908 1249 perabat.
945 1180 1357 1234 Similitudines-
1378 1189 1460 1233 ter
1492 1181 1636 1234 mille
1662 1180 1994 1249 composuit,
2048 1181 2226 1233 canti-

659 1271 814 1325 lenas
838 1270 1133 1340 quinquies
1165 1270 1313 1323 mille
1350 1287 1362 1322 :
1400 1278 1456 1324 et
1496 1284 1527 1322 a
1559 1270 1724 1322 cedro
1757 1268 2076 1336 auspicatus
2133 1281 2228 1320 us-

659 1376 767 1429 que
794 1361 862 1415 ad
895 1362 1214 1430 hyssopum,
1251 1359 1634 1414 describendis
1673 1359 1942 1428 stirpibus
1975 1373 2227 1428 progres-

660 1464 754 1503 sus
775 1459 877 1515 est,
910 1459 1242 1518 naturasque
1270 1449 1586 1503 animalium
1653 1447 2016 1510 terrestrium,
2049 1447 2228 1522 aerio-

662 1559 806 1606 rum,
828 1545 1172 1613 aquatilium,
1201 1560 1263 1598 ac
1289 1546 1652 1614 proprietates
1680 1542 2006 1613 perquisivit
2054 1553 2111 1597 et
2144 1542 2229 1596 in-

660 1636 898 1704 dagavit.
927 1635 1139 1689 Invenit
1170 1639 1334 1689 etiam
1371 1637 1438 1690 ad
1473 1638 1764 1690 utilitatem
1787 1636 2095 1698 hominum,
2132 1651 2226 1689 cx-

659 1727 1002 1779 cantationes
1027 1726 1357 1789 dmmonum,
1417 1739 1472 1781 et
1533 1729 1936 1798 adjurationum
1985 1729 2265 1782 rationeS'

659 1816 904 1884 reliquit,
956 1817 1158 1885 quibus
1215 1818 1481 1873 daemonia
1541 1819 1819 1889 fugentur.
1857 1819 2029 1884 Quam
2066 1833 2226 1872 cura-

2326 639 2404 702 ώς
2435 636 2656 703 ἑαυτῆς
2681 634 3053 705 ᾠκειώσατο.
3085 633 3189 689 Kal
3221 631 3445 699 γνοῦσα
3481 630 3547 682 τὸ
3565 629 3775 699 δρᾶμα,
3803 628 3897 695 ζη-

2326 728 2404 779 τῶ
2433 730 2536 780 τὸν
2571 726 2773 779 παῖδα.
2821 727 2887 778 Ἠ
2907 723 2972 777 δέ
3000 742 3101 793 μοι
3139 726 3210 778 οὐ
3243 723 3506 775 δίδωσιν.
3553 723 3618 776 'Il
3644 721 3694 773 δ’
3725 719 3896 788 ἑτέρα

2327 819 2390 869 τὸ
2420 817 2527 877 ζῶν
2545 813 2695 870 εἶναι
2717 816 2780 869 τὸ
2809 815 3028 883 ἑαυτῆς
3056 814 3295 867 παιδίον
3315 812 3751 880 ἀπισχυρίζετο,
3783 810 3896 876 τῆς

2326 909 2378 961 δ’
2409 909 2713 962 ἀντιδίκου
2742 908 2807 960 τὸ
2844 909 3144 974 τεθνηκὸς.
3173 906 3279 960 Καὶ
3315 907 3411 959 ἐπὶ
3441 905 3734 959 τοσοῦτον
3753 919 3897 954 κακ-

2325 1001 2564 1066 ουργίας
2614 996 2699 1064 μὴ
2750 995 3377 1065 προϐῆναιδιώμνυτο.
3434 994 3804 1064 Ἀπορούντων
3837 993 3892 1046 δὲ

2325 1091 2431 1140 τῶν
2468 1090 2925 1159 περιεστηκότων,
2958 1087 3094 1149 πῶδ
3119 1088 3184 1141 ἂν
3228 1088 3534 1157 διακριθείη
3578 1087 3639 1138 τὸ
3670 1087 3890 1156 ἀληθὲς,

2298 1180 2354 1229 .ό
2387 1179 2644 1249 βασιλεὺς
2673 1180 2792 1250 διχῆ
2833 1181 3106 1251 τμηθῆναι
3160 1180 3222 1233 τὸ
3266 1181 3374 1246 ζῶν
3403 1179 3611 1232 παιδίον
3647 1179 3893 1248 μαχαίρᾳ.

2328 1275 2600 1339 ἐκέλευσε,
2626 1275 2718 1326 καὶ
2742 1275 2844 1328 ἀνὰ
2871 1276 3034 1344 μέρος
3058 1274 3274 1342 δοθῆναι
3306 1274 3543 1344 ἑκατέρᾳ
3574 1273 3682 1324 τῶν
3705 1287 3894 1339 γυναι·

2325 1365 2459 1417 κῶν.
2492 1363 2661 1419 Τοῦτο
2697 1369 2730 1436 ή
2764 1367 2863 1436 μὲν
2911 1367 3117 1437 ἀληθὴς
3160 1365 3253 1418 τοῦ
3289 1366 3527 1437 βρέφους
3575 1367 3760 1435 μήτηρ
3794 1364 3892 1434 βα-

2327 1457 2464 1526 ρέω;
2497 1459 2717 1527 ήνεγκε,
2745 1458 2839 1509 καὶ
2874 1459 3170 1528 παρῃτεῖτο
3196 1456 3295 1525 τὴν
3322 1458 3521 1525 ψῆφον,
3551 1457 3646 1511 καὶ
3671 1455 3891 1523 δοθῆναι

2327 1547 2436 1611 ζῶν
2467 1548 2526 1599 τὸ
2565 1548 2778 1600 παιδίον
2807 1549 2871 1616 τῇ
2903 1533 3160 1615 ἀντιδῖκὶρ
3197 1547 3456 1599 ἱκέτευεν.
3499 1548 3566 1598 Ἢ
3597 1545 3652 1599 δὲ
3680 1544 3890 1613 ψευδῶς

2326 1639 2522 1705 ἑαυτὴν
2559 1637 2768 1706 μητέρα
2805 1637 2899 1689 τοῦ
2942 1638 3130 1697 παιδὸς
3173 1638 3532 1705 ὀνομάζουσα.
3565 1637 3659 1687 καὶ
3699 1634 3890 1704 ἐπῄνει

2324 1728 2422 1798 τὴν
2462 1727 2663 1797 κρίσιν,
2693 1729 2788 1780 καὶ
2817 1727 3114 1780 ὲπέσπευδε
3159 1727 3258 1797 τὴν
3288 1727 3571 1796 διαίρεσιν.
3600 1724 3709 1777 Καὶ
3733 1727 3761 1778 ό
3793 1724 3889 1793 βα-

2327 1821 2509 1883 σιλεὺς
2543 1818 2766 1888 δοθῆναι
2792 1820 2900 1881 ζῶν
2929 1819 2990 1871 τὸ
3021 1819 3230 1872 παιδίον
3260 1819 3562 1887 προσέταξε
3596 1820 3661 1888 τῇ
3691 1834 3891 1885 παραι⁴

660 1906 862 1960 tionem
891 1907 959 1961 ad
1018 1924 1170 1962 suam
1207 1925 1378 1978 usque
1427 1919 1638 1966 aetatem
1683 1910 1908 1964 durasse
1953 1909 2224 1976 Jasephus

2329 1916 2564 1984 τουμένῃ
2591 1913 2689 1984 τὴν
2716 1914 2924 1966 ἐκείνου
2955 1912 3220 1982 διαίρεσιν
3242 1929 3258 1944 ο
3277 1911 3447 1981 Αὑτη,
3473 1913 3672 1980 φήσας,
3698 1912 3732 1980 ή
3768 1909 3890 1962 τού-

659 1998 879 2059 asscrit,
908 2007 962 2063 et
991 1997 1042 2051 in
1071 1999 1188 2066 ejus
1211 2000 1289 2051 rei
1327 2000 1485 2054 fidem
1521 1993 1830 2071 liujusmodi
1873 1989 2223 2070 experimen-

661 2097 776 2141 tum
855 2098 1042 2144 narrat
1096 2107 1110 2143 :
1172 2091 1487 2144 Eleazarum
1546 2091 1836 2161 quemdam
1897 2092 2220 2162 popularem

659 2194 817 2233 suum
846 2180 1098 2236 habuisse
1133 2183 1419 2246 annulum,
1453 2185 1556 2238 sub
1589 2184 1747 2254 cujus
1772 2184 1892 2253 pala
1943 2184 2095 2238 radix
2134 2199 2222 2240 es-

660 2279 764 2333 set,
804 2273 961 2326 exiis
987 2288 1122 2342 quas
1146 2273 1481 2328 indicaverat
1524 2260 1805 2340 Salomon,
1863 2276 1955 2345 qui
1995 2276 2041 2331 si
2086 2289 2220 2332 naso

659 2359 984 2414 daemoniaci
1018 2362 1422 2427 admoveretur,
1486 2364 1603 2417 solo
1657 2362 1857 2417 olfactu
1909 2380 2007 2433 per
2060 2382 2219 2422 nares

658 2449 975 2504 extraheret
1031 2445 1381 2506 daemonium.
1466 2452 1675 2507 Deinde
1733 2451 2040 2510 Salomonis
2078 2457 2220 2511 facta

659 2540 961 2605 mentione,
990 2541 1252 2596 recitasse
1294 2542 1441 2597 illius
1471 2545 1905 2608 excantationes,
1951 2551 2009 2598 et
2067 2544 2221 2614 adju—

659 2671 814 2710 rasse
842 2657 1196 2722 daemonium,
1215 2673 1283 2710 ne
1305 2657 1359 2710 in
1383 2657 1661 2712 hominem
1685 2667 2079 2714 reverteretur.
2106 2659 2219 2714 lloc

661 2748 718 2801 in
747 2748 1065 2817 Vespasiani
1105 2756 1162 2802 et
1200 2747 1437 2801 filiorum
1497 2749 1616 2820 ejus
1671 2760 1967 2818 conspectu
2023 2752 2218 2807 fecisse

661 2838 1024 2893 Eleazarum:
1062 2847 1119 2893 et
1163 2848 1222 2893 ut
1270 2840 1377 2892 vim
1429 2849 1619 2893 contra
1675 2839 1951 2896 daemones
1999 2843 2217 2897 insitam

661 2930 940 2998 probaret,
970 2931 1217 2999 posuisse
1263 2931 1518 2999 poculum
1565 2947 1704 3000 aqua
1743 2932 1985 3000 plenum,
2023 2942 2078 2987 et
2106 2935 2222 3003 jus-

645 3022 798 3080 .sisse
832 3023 1120 3086 daemonio,
1163 3031 1224 3076 ut
1255 3038 1530 3090 egressum
1566 3039 1635 3077 ex
1672 3023 1893 3079 homine
1924 3023 1977 3078 id
2008 3035 2222 3078 everte-

2327 2023 2419 2058 του
2450 2007 2632 2075 μήτηρ
2669 2008 2838 2072 ἐστιν,
2871 2005 2904 2076 ἡ
2949 2003 3042 2058 τοῦ
3087 2004 3273 2067 παιδὸς
3300 2003 3573 2073 σφαγῆναι
3604 2001 3888 2071 μέλλοντος

2328 2099 2696 2168 ὑπερήλγησε.
2737 2099 2907 2151 Τοῦτο
2949 2099 3057 2160 πᾶς
3095 2100 3123 2150 ὁ
3151 2097 3278 2161 λαὸς
3320 2096 3547 2167 ἀκριϐὲς
3587 2094 3886 2164 τεκμήριον

2326 2189 2524 2261 ἔσχηκε
2578 2194 2676 2262 τῆς
2726 2190 2820 2244 τοῦ
2867 2190 3131 2260 βασιλέως
3180 2189 3524 2259 φρονήσεως.
3568 2187 3784 2246 Πάντας
3828 2181 3886 2236 δὲ

2325 2284 2452 2344 τοὺς
2503 2282 2635 2350 πρὶν
2691 2282 2771 2344 εἰς
2828 2285 3022 2350 σοφίαν
3071 2280 3166 2333 καὶ
3211 2281 3472 2350 φρόνησιν
3519 2275 3882 2348 ὑπερϐέϐηκε.

2327 2371 2594 2437 Συνέταξε
2623 2373 2680 2426 δὲ
2707 2372 3012 2443 τρισχιλίας
3055 2370 3384 2440 παραδολὰς,
3411 2371 3504 2422 καὶ
3529 2382 3887 2436 πεντακισχι-

2326 2468 2443 2531 λίας
2475 2467 2638 2538 ᾠδὰς,
2668 2467 2762 2518 καὶ
2793 2464 2900 2518 ἀπὸ
2929 2464 3029 2532 τῆς
3059 2464 3252 2533 κέδρου
3279 2462 3382 2525 ἕως
3459 2458 3714 2513 ὑσσώπου
3763 2474 3886 2509 συνο

2240 2568 2306 2623 εδ
2325 2560 2630 2629 εγράψατο,
2657 2558 2751 2611 καὶ
2785 2559 2911 2626 περὶ
2939 2556 3150 2624 φύσεως
3183 2555 3338 2618 ζώων
3366 2554 3474 2606 τῶν
3494 2569 3554 2604 τε
3585 2550 3768 2615 πεζῶν
3799 2549 3886 2602 καὶ

2327 2652 2548 2722 ἀερίων,
2605 2652 2698 2704 καὶ
2746 2650 2979 2715 νηκτῶν,
3030 2647 3124 2700 καὶ
3170 2647 3279 2698 τῶν
3339 2645 3643 2715 ἰδιωμάτων
3707 2643 3882 2696 αὐτῶν

2325 2749 2554 2818 ἐξήτασε
2585 2748 2678 2800 καὶ
2720 2735 3099 2814 ἐφιλοσόφησε.
3135 2745 3242 2796 Καὶ
3291 2745 3433 2797 κατά
3473 2743 3582 2795 τῶν
3605 2729 3885 2810 ’δαιμόνων

2328 2840 2625 2908 ἐξεύρηκεν
2677 2837 2913 2908 ὲπῳδὰς,
2951 2838 3030 2898 είς
3081 2835 3386 2906 ἀνθρώπων
3436 2819 3744 2902 ὠφέλειαν·
3793 2829 3884 2882 καὶ

2325 2930 2559 2998 τρόπους
2597 2928 2882 2982 κατέλιπεν
2927 2927 3316 2998 ἐξορκώσεων,
3366 2924 3454 2990 αἷς
3504 2926 3573 2980 τὰ
3633 2922 3884 2991 δαιμόνια

2327 3021 2628 3074 ἐδιώκοντο.
2657 3022 2767 3074 Καὶ
2787 3019 2987 3090 ταύτην
3008 3022 3108 3091 τὴν
3131 3020 3499 3092 θεραπείαν(α)
3513 3015 3700 3088 φησὶνό
3719 3013 3876 3081 Ἰώση-

662 3124 748 3167 ret
779 3129 792 3164 :
829 3113 1011 3181 itaque
1037 3113 1242 3169 factum
1287 3128 1431 3179 esse,
1485 3114 1705 3169 nemine
1767 3123 2024 3170 cernente
2049 3132 2079 3171 a
2110 3131 2218 3186 quo

2327 3131 2426 3176 πος
2478 3113 2573 3166 καὶ
2604 3113 2796 3184 μέχρις
2843 3114 3053 3166 ἐκείνου
3088 3112 3314 3181 ἰσχύειν·
3355 3112 3449 3164 καί
3496 3127 3546 3162 τι
3594 3107 3881 3176 διηγεῖται,

661 3212 1020 3258 everteretur.

2326 3207 2568 3259 τοιοῦτον
2587 3205 2747 3271 λόγον
2770 3204 3147 3272 πιστούμενος.
3187 3201 3452 3270 Ἐλεάζαρ
3474 3199 3581 3252 τῶν
3598 3194 3881 3267 ὁμοφύλων

660 3292 809 3360 λέγει
829 3294 1127 3363 κεκτῆσθαί
1145 3312 1265 3348 τινα
1289 3295 1589 3363 δακτύλιον,
1641 3296 1831 3367 ἔχοντα
1855 3297 1959 3351 ὑπὸ
1988 3296 2088 3366 τὴν
2125 3300 2397 3368 σφραγῖδα
2423 3298 2596 3370 ῥίζαν,
2625 3297 2683 3361 ἐξ
2743 3289 2816 3349 ὧν
2843 3295 3083 3359 ὑπέδειξε
3115 3295 3384 3364 Σολομῶν
3409 3293 3502 3347 καὶ
3523 3293 3716 3346 τοῦτον
3767 3296 3882 3348 ταῖς

663 3389 776 3458 ῥισὶ
807 3385 898 3439 τοῦ
945 3387 1308 3458 δαιμονῶντος
1341 3389 1694 3458 προσφέρειν,
1767 3393 1862 3443 καὶ
1899 3392 1964 3461 τῇ
2025 3389 2288 3461 ὀσφρήσει
2326 3390 2413 3443 διὰ
2462 3388 2571 3441 τῶν
2623 3389 2916 3458 μυκτήρων
2969 3375 3063 3438 τοῦ
3110 3385 3406 3454 πάσχοντος
3461 3377 3775 3450 ὲξέλκεσοαι
3824 3380 3882 3432 τὸ

655 3483 954 3553 δαιμόνιον.
989 3479 1121 3538 Εἶτα
1157 3487 1249 3539 τοῦ
1283 3486 1626 3556 Σολομῶντος
1668 3486 2035 3554 μεμνημένον,
2099 3487 2314 3554 ιπῳδάς
2368 3502 2426 3537 τε
2470 3485 2649 3550 λέγειν
2702 3481 2764 3546 ἐξ
2822 3476 2897 3538 ὧν
2926 3483 3132 3543 ἐκεῖνος
3165 3479 3437 3542 συνέθετο,
3485 3480 3580 3532 καὶ
3622 3477 3881 3549 ἐξορκοῦν

659 3580 721 3630 τὺ
794 3581 1069 3650 δαιμόνιον
1119 3581 1316 3650 μηκέτι
1348 3581 1662 3636 ἐπανελθεῖν
1695 3583 1776 3644 είς
1805 3581 1897 3634 τὸν
1935 3580 2238 3650 ἄνθρωπον.
2276 3581 2445 3635 Τοῦτο
2501 3582 2593 3633 καὶ
2655 3577 3063 3633 Οὐεσπασιανοῦ
3093 3577 3188 3630 καὶ
3224 3577 3330 3630 τῶν
3356 3577 3485 3630 υἱῶν
3517 3576 3728 3632 ἐκείνου
3798 3579 3882 3629 ἐν·

662 3669 832 3722 ώπιον
859 3674 1006 3736 λέγει
1028 3672 1254 3742 ποιῆσαι
1285 3676 1377 3725 τὸν
1423 3673 1720 3743 Ἐλεάζαρ’
1758 3675 1850 3726 καὶ
1878 3672 2087 3726 διδόντα
2120 3674 2220 3744 τῆς
2259 3673 2400 3729 κατὰ
2469 3673 2577 3726 τῶν
2606 3671 2875 3741 δαιμόνων
2912 3670 3092 3738 ἰσχύος
3139 3667 3432 3732 ἀπόδειξιν,
3481 3669 3691 3722 τιθέναι
3719 3673 3880 3740 ποτή-

665 3780 780 3834 ριον
836 3765 1038 3835 πλῆρες
1089 3765 1314 3830 ὓδατος,
1366 3769 1458 3818 καὶ
1503 3767 1818 3820 ιπιτάσσειν
1889 3767 1965 3834 τῷ
2015 3766 2229 3836 δαίμονι
2307 3765 2652 3835 ὲξερχομένῳ
2705 3762 2802 3816 τοῦ
2845 3763 3165 3832 πάσχοντος,
3216 3755 3514 3832 ἀνατρέψαι
3565 3761 3717 3826 αὐτὸ,
3787 3763 3879 3816 καὶ

661 3854 1061 3919 ἀνατρέπεσθαι
1119 3843 1180 3905 τό
1228 3855 1518 3922 ποτήριον,
1570 3855 1796 3922 μηδενὸς
1844 3855 2083 3924 ὁρῶντος
2135 3856 2226 3908 τὸν
2261 3856 2657 3926 ἀνατρέποντα.

741 3945 1290 4002 lX.A§diﬁcationem
1337 3946 1524 4014 templi
1568 3948 1878 4016 auspicatus
1919 3955 2001 4000 est
2024 3957 2220 4016 quarto

2390 3946 2465 4002 8'.
2495 3947 2735 4014 Ἤρξατο
2765 3946 2823 3998 δὲ
2873 3947 2970 4015 τῆς
3022 3945 3308 4014 οἰκοδομῆς
3362 3944 3455 3999 τοῦ
3482 3945 3612 3998 ναοῦ
3653 3945 3790 3999 κατὰ
3819 3946 3880 3998 τὸ

663 4055 806 4094 anno
833 4041 985 4110 regni
1015 4041 1122 4102 sui,
1156 4053 1298 4093 anno
1320 4048 1442 4108 post
1469 4041 1675 4094 exitum
1695 4041 1878 4110 populi
1902 4055 1968 4094 ex
1990 4039 2221 4110 Egypto

2324 4039 2578 4106 τέταρτον
2616 4037 2731 4098 ἔτος
2759 4037 2858 4105 τῆς
2886 4036 3157 4106 βασιλείας
3187 4035 3374 4103 αὑτοῦ,
3413 4037 3552 4106 μετὰ
3577 4039 3669 4109 ἔτη
3698 4039 3790 4107 τῆς
3820 4037 3879 4101 ἐξ

664 4132 1201 4199 quadringentesimo
1225 4131 1662 4200 quadragesimo.
1698 4132 1900 4185 Verum
1929 4130 1997 4183 de
2023 4131 2220 4199 spatio,

665 4218 955 4274 altitudine
987 4228 1043 4272 et
1073 4219 1434 4285 longitudine,
1467 4220 1752 4288 formaque
1783 4221 1922 4289 ejus,
1956 4234 2063 4273 non
2095 4234 2226 4272 con-

640 4309 911 4362 sentiunt
949 4307 1157 4376 [legum
1199 4307 1336 4361 liber
1397 4309 1611 4372 tertius,
1665 4317 1722 4362 et
1774 4309 2044 4377 Iosephus
2083 4308 2224 4362 libro

667 4399 1054 4466 Antiquitatum
1082 4405 1296 4462 octavo,
1328 4396 1419 4450 ubi
1450 4396 1516 4451 de
1546 4398 1747 4466 templo
1770 4400 1963 4452 scribit
1995 4417 2010 4463 ;
2046 4400 2140 4454 sed
2169 4401 2223 4454 in

667 4488 778 4559 δή
801 4490 1074 4557 plerisque
1107 4489 1436 4557 discrepant.
1471 4488 1642 4554 Quam
1689 4503 1878 4542 eorum
1923 4488 2225 4543 dissensio-

671 4597 815 4643 nem,
850 4589 907 4634 et
935 4580 1060 4642 alia,
1093 4590 1152 4632 ut
1175 4578 1242 4633 de
1272 4579 1486 4634 duobus
1518 4579 1791 4634 Clterubis
1837 4579 2023 4632 aureis
2079 4579 2224 4633 circa

669 4671 824 4738 adyta
857 4669 1155 4731 collocatis,
1177 4669 1243 4722 de
1273 4683 1423 4730 arca,
1450 4668 1516 4721 de
1546 4669 1680 4721 mari
1711 4683 1886 4732 amco,
1941 4667 2009 4723 de
2054 4669 2228 4738 pelvi-

671 4761 792 4826 bus,
824 4762 888 4814 de
925 4762 1294 4829 magnitudine
1319 4761 1506 4813 altaris
1534 4759 1693 4824 mnei,
1728 4759 1794 4812 de
1828 4759 2000 4813 forma
2046 4776 2226 4814 aurea:

567 4873 585 4905 ς
673 4867 894 4914 mensa,
923 4861 978 4904 et
997 4869 1116 4920 qua:
1148 4868 1272 4905 vasa
1302 4867 1467 4905 aurea
1497 4861 1552 4905 et
1583 4860 1838 4921 argentea
1889 4852 2089 4918 templo
2129 4851 2226 4904 Sa-

670 4944 852 4997 lomon
871 4942 1156 5006 dedicarit,
1191 4945 1284 5012 qui
1324 4944 1592 4998 curiosius
1618 4957 1949 5012 cognoscere
1969 4942 2223 5006 voluerit,

580 5091 584 5093 .
673 5038 717 5090 is
734 5053 797 5090 ea
834 5037 887 5088 in
910 5035 1069 5088 tertio
1094 5035 1231 5086 libro
1265 5039 1491 5104 Regum,
1524 5047 1576 5090 et
1601 5037 1652 5090 in
1683 5036 1903 5102 Iosephi
1927 5037 2230 5104 Antiquita-

611 5132 616 5139 '
677 5129 809 5180 tibus
833 5135 1082 5181 accurate
1105 5125 1373 5194 descripta
1404 5128 1662 5182 inveniet.
1686 5128 1910 5196 Tetnplo
1930 5144 2053 5182 cum
2079 5127 2224 5182 omni

673 5229 868 5271 ornatu
904 5221 1060 5272 annis
1086 5229 1290 5286 septem
1349 5218 1608 5284 perfecto,
1663 5221 1971 5288 populoque
2011 5236 2040 5273 a
2097 5235 2222 5288 rege
2259 5198 2300 5252 ί)

675 5310 1041 5377 Hierosolyma
1076 5318 1394 5370 Convocato,
1431 5309 1740 5363 sacerdotes
1765 5325 1940 5363 arcam
1965 5319 2015 5364 et
2043 5311 2223 5363 taber—

673 5399 928 5452 naculum
960 5413 987 5448 a
1020 5398 1164 5451 Mose
1202 5399 1360 5461 facta,
1389 5410 1444 5452 et
1476 5413 1627 5450 sacra
1667 5413 1789 5449 vasa
1845 5399 1896 5450 in
1957 5399 2218 5467 templum

675 5491 1089 5554 transtulerunt,
1135 5507 1257 5560 rege
1301 5504 1356 5546 et
1411 5492 1557 5546 omni
1604 5491 1805 5560 populo
1855 5491 2219 5558 prmcedentc,

674 5584 852 5636 levitis
884 5582 1178 5636 libantibus
1219 5593 1273 5635 et
1309 5586 1665 5638 sullientibus.
1687 5585 1842 5638 Area.
1868 5584 1920 5634 in
1969 5599 2074 5650 qua
2103 5587 2222 5638 duzc

673 5672 897 5739 lapidea:
933 5674 1125 5725 tabula:
1175 5675 1406 5734 inerant,
1473 5676 1524 5726 in
1587 5675 1804 5744 adytum
1857 5673 2090 5740 reposita
2137 5684 2221 5727 est

676 5766 814 5817 inter
841 5765 974 5818 duos
1000 5766 1302 5819 Cberubos.
1341 5765 1724 5827 Sacerdotibus
1767 5768 1986 5835 adytum
2035 5780 2220 5833 egres-

675 5855 769 5917 sis,
803 5853 994 5907 domns
1027 5857 1194 5924 gloria
1225 5859 1435 5910 Domini
1473 5858 1673 5925 repleta
1699 5868 1800 5921 est,
1827 5869 1882 5911 et
1912 5859 2084 5911 nubes
2123 5857 2220 5910 toti

2325 4131 2605 4196 Αἰγύπτου
2657 4130 3056 4199 ὑποχωρήσεως
3095 4129 3188 4182 τοῦ
3233 4128 3364 4184 λαοῦ
3407 4130 3729 4201 τετρακόσια
3759 4146 3880 4182 τεσ-

2327 4221 2655 4287 σαράκοντα.
2695 4222 2830 4289 Περὶ
2880 4220 2937 4273 δὲ
2985 4219 3078 4272 τοῦ
3134 4222 3335 4288 μέτρου
3366 4219 3461 4272 τοῦ
3494 4219 3660 4288 ὕψους
3690 4219 3875 4283 αὑτοῦ,

2327 4311 2418 4363 καὶ
2457 4309 2553 4362 τοῦ
2603 4310 2830 4378 μήκους,
2887 4310 2979 4361 καὶ
3035 4309 3130 4375 τῆς
3165 4309 3355 4362 τούτου
3393 4311 3759 4380 κατασκευῆς,
3783 4313 3878 4381 οὑχ

2325 4401 2698 4468 ὁμοφωνοῦσιν
2741 4401 2794 4470 ἦ⁸
2819 4417 2876 4450 τε
2898 4400 3054 4469 τρίτη
3092 4399 3200 4450 τῶν
3232 4399 3527 4452 Βασιλειῶν
3574 4405 3669 4454 καὶ
3696 4403 3878 4470 Ἰώσηυ

2327 4510 2424 4554 πος
2449 4494 2505 4544 ἐν
2529 4491 2604 4561 τῷ
2633 4491 2802 4560 ὀγδόῳ
2826 4491 2968 4560 λόγῳ
3000 4491 3093 4558 τῆς
3121 4491 3211 4557 ‘Ap
3218 4493 3583 4561 χαιολογίας,
3627 4495 3754 4564 περὶ
3785 4493 3874 4546 τοῦ

2326 4582 2456 4636 ναοῦ
2483 4584 2951 4653 συγγραφόμενος,
2989 4582 3102 4634 ἀλλ’
3135 4585 3192 4634 ἔν
3221 4586 3334 4646 τοῖς
3359 4583 3569 4636 πλείοσι
3603 4585 3876 4654 διαφέρον-

2323 4692 2434 4728 ται.
2481 4675 2538 4726 '0
2569 4676 2626 4727 δὲ
2654 4677 2718 4727 τὰ
2759 4673 2887 4741 περὶ
2923 4671 3020 4739 τῆς
3048 4672 3308 4740 διαφορᾶς
3341 4675 3476 4742 πρὸς
3507 4674 3704 4743 βουλῆς
3727 4680 3873 4746 ἀκρι-

2329 4764 2626 4832 ϐώσασθαι,
2686 4769 2776 4818 καὶ
2837 4772 3100 4837 περὶτῶν
3134 4772 3226 4824 δύο
3283 4773 3564 4843 Χερουϐὶμ
3615 4775 3871 4846 ἁχρυσοῦ

2330 4859 2560 4927 ποιήσας
2591 4861 2732 4910 κατὰ
2759 4859 2816 4910 τὺ
2842 4861 3033 4913 ἄδυτον
3067 4864 3283 4932 ἔστησε,
3324 4867 3419 4919 καὶ
3449 4869 3693 4936 περὶτῆς
3720 4869 3871 4919 κιϐω-

2326 4949 2442 5012 τοῦ,
2473 4951 2565 5029 καὶ
2599 4951 2692 5017 τῆς
2727 4953 2933 5023 χαλκῆς
2987 4955 3280 5024 θαλάσσης,
3338 4957 3433 5010 καὶ
3459 4959 3569 5009 τῶν
3618 4958 3868 5027 λούτρων,

2329 5043 2418 5092 καὶ¹
2476 5040 2701 5109 πηλίκον
2752 5039 2819 5113 ἦν
2856 5045 2912 5096 τὸ
2946 5047 3173 5114 χάλκεον
3227 5049 3626 5118 θυσιαστήριον.
3663 5052 3749 5103 οἶα
3775 5048 3869 5116 δ”ή

2327 5133 2576 5201 τράπεζα
2633 5135 2665 5203 ἡ
2719 5137 2918 5206 χρυσῆ,
2970 5141 3061 5188 καὶ
3099 5139 3196 5189 ὅσα
3225 5141 3391 5205 σκεύη
3424 5139 3671 5210 ἀργύρεά
3699 5157 3755 5192 τε
3783 5140 3868 5191 καὶ

2329 5222 2533 5290 χρύσεα
2562 5223 2810 5293 Σολομῶν
2840 5227 3060 5280 ἀνέθετο
3082 5227 3156 5295 τῷ
3188 5227 3320 5296 ναῷ,
3369 5229 3463 5281 καὶ
3491 5233 3620 5300 περὶ
3646 5231 3749 5283 τῶν
3778 5229 3838 5281 ἀλ

2329 5312 2432 5363 λων
2453 5354 2467 5377 ,
2498 5316 2528 5381 ή
2556 5316 2710 5384 τρίτη
2739 5317 2848 5367 τῶν
2877 5317 3170 5370 Βασιλειών
3208 5318 3407 5386 βίὸλος,
3446 5323 3538 5373 καὶ
3591 5321 3866 5390 ἀρχαιολο-

2329 5404 2441 5470 γῶν
2471 5407 2498 5457 ό
2547 5407 2804 5475 Ἰώσηπος
2837 5410 3125 5477 ἀρκέσουσι
3174 5412 3628 5480 παραστήσασθαι
3665 5414 3760 5482 τὴν
3790 5417 3850 5482 ἐφ

2331 5497 2542 5566 ἑκάστῳ
2578 5500 2884 5566 ἀκρίϐειαν.
2936 5499 3020 5548 Ἐν
3047 5503 3189 5551 ὲεεσι
3240 5502 3293 5552 δὲ
3333 5501 3472 5553 ἑπτὰ
3507 5503 3814 5563 συντελέσας
3839 5501 3864 5552 ὁ

2329 5587 2575 5656 βασιλεὺς
2611 5591 2698 5641 τόν
2733 5607 2792 5641 τε
2828 5591 2950 5640 ναὸν
2979 5593 3066 5644 καὶ
3097 5593 3191 5643 ὅσα
3231 5594 3355 5658 περὶ
3388 5593 3591 5646 ἐκεῖνον
3606 5634 3629 5656 ,.
3652 5594 3863 5648 συνεκά-

2328 5679 2446 5730 λεσε
2471 5683 2561 5732 τὸν
2593 5682 2720 5732 λαὸν
2752 5683 2826 5742 εἰς
2872 5679 3236 5752 Ἰεροσόλυμα.
3266 5685 3374 5734 Καὶ
3405 5683 3640 5753 ἄραντες
3661 5686 3756 5755 τὴν
3789 5702 3863 5735 κι-

2327 5765 2497 5816 ϐωτὲν
2525 5770 2572 5817 οἱ
2607 5769 2790 5835 ἱερεῖς,
2822 5769 2915 5818 καὶ
2943 5770 3036 5838 τὴν
3071 5771 3273 5839 σκηνὴν
3299 5772 3363 5840 ἣν
3392 5763 3628 5841 ἐπήξατο
3652 5772 3858 5840 Μωσῆς,

2328 5858 2421 5907 κα¹ι
2447 5859 2514 5909 τὰ
2544 5859 2599 5910 ἐν
2635 5861 2752 5919 ταῖς
2783 5859 2991 5924 θυσίαις
3026 5865 3438 5930 ὑπηρετούμενα
3498 5864 3687 5934 σκεύη,
3737 5863 3858 5931 πρὸς

763 5952 832 6016 (ιι)
864 5952 935 6003 De
969 5953 1041 6001 bis
1073 5967 1182 6014 qua:
1210 5954 1288 6003 hic
1309 5955 1520 6004 Zonaras
1546 5968 1603 6005 ex
1637 5954 1853 6018 JOSepho
1877 5963 2039 6004 narrat
2067 5958 2174 6004 vide
2202 5955 2574 6007 Testamentum
2604 5957 2875 6008 Salomonis
2903 5959 3196 6020 l’alrologiw
3220 5963 3335 6009 tom.
3360 5957 3542 6008 CXX".
