4006 6328
695 455 804 534 139
901 457 904 460 ’
2004 461 2229 538 ιοΑΝδ

2324 462 2683 524 ,ΖοΝΑΜι
2739 460 2742 461 ί
2911 542 2913 544 η
3467 520 3469 522 .
3517 523 3522 527 ,
3806 468 3901 534 130

692 580 910 633 auctus.
939 570 1242 626 Rcduccnti
1266 573 1569 627 exercitum
1599 572 1710 644 regi
1736 573 2002 644 pr0pheta
2028 576 2229 629 Azaria:

2350 575 2443 644 ἀφ’
2467 569 2529 628 οὗ
2560 576 2718 629 τοῦτο
2746 555 3000 648 ἐπρίατοῖ
3043 579 3258 650 Χείρων
3290 581 3397 635 τῶν
3431 580 3538 653 πρὸ
3568 580 3732 635 αὐτοῦ
3761 598 3902 651 γεγο-

692 662 936 714 occurrit
957 702 970 722 .
1003 663 1248 718 victoriae
1285 664 1454 720 Deum
1488 673 1545 718 et
1573 665 1677 735 ipsi
1706 675 1761 720 et
1794 665 1996 735 populo
2026 654 2229 736 proptet

2353 664 2479 729 νὼς,
2507 667 2602 719 καὶ
2638 669 2971 738 κατέστρεψε
3002 671 3098 742 τήν
3127 672 3270 743 ζωὴν
3295 674 3353 726 ἐν
3391 674 3675 745 Σαμαρείᾳ
3706 673 3898 728 δώδεκα

687 745 914 814 iustitiae
945 747 1152 801 cultum
1183 760 1467 805 auctorem
1496 752 1770 828 exstitisse
1804 753 2069 809 aliirmat:
2103 772 2229 825 qum

2355 756 2677 825 βασιλεύσας
2702 760 3001 825 ἐνιαυτούς.
3038 764 3102 815 Ἠ
3138 764 3194 815 δὲ
3226 765 3472 833 βασιλεία
3500 765 3794 834 περιῆλθεν
3834 768 3899 827 είς

691 834 739 889 si
763 838 1020 890 virtutem
1063 838 1336 903 colerent,
1370 840 1422 892 in
1463 850 1738 907 posterum
1773 842 1938 895 etiam
1967 843 2092 898 .I‘ore
2123 845 2229 898 feli-

2363 848 2567 917 Ἀχαὰϐ
2599 848 2687 901 τὸν
2723 851 2837 903 υίδν
2867 851 3053 906 αὑτοῦ.
3082 855 3145 907 Ol
3174 857 3272 924 μὲν
3303 851 3396 909 οὖν
3423 856 3527 908 τῶν
3557 855 3897 926 Ἰσραηλιτῶν

692 930 814 978 ces‘:
846 927 928 992 sin
953 927 1044 981 Dei
1077 929 1334 993 mandata,
1360 930 1740 1000 neglexissent,
1772 933 1958 1004 multis
1987 936 2229 988 aerumni:

2352 939 2588 1008 βασιλεῖς
2620 943 2779 1006 ἄλλος
2833 944 2920 996 ἐπ’
2951 945 3094 1016 ἄλλῳ
3122 945 3210 1008 διὰ
3235 949 3335 1016 τὴν
3364 949 3711 1018 παρανομίαν
3737 947 3901 1002 αὐτῶν

691 1016 1119 1075 εοηίΠι-ιοιυτος.
1152 1022 1255 1075 Asa
1292 1021 1455 1096 igitur
1494 1023 1600 1076 vita
1645 1022 1732 1091 pie
1760 1032 1912 1084 acta,
1951 1032 2006 1079 et
2031 1024 2229 1095 longatr

2350 1035 2406 1084 ἐν
2434 1033 2597 1104 ὀλίγῳ
2621 1037 2794 1106 χρόνῳ
2826 1037 3212 1108 διεφθάρησαν.
3235 1039 3366 1092 ’Λσά
3388 1016 3493 1092 δὲνό
3518 1039 3615 1109 τῆς
3651 1040 3903 1109 Ἰερουσα-

688 1121 1023 1183 senectutem
1058 1113 1307 1179 adeptus,
1332 1113 1465 1167 obiit
1485 1129 1628 1166 anno
1652 1115 1802 1184 regni
1833 1116 2086 1184 primoet
2109 1133 2229 1187 qua-

2347 1123 2458 1194 λὴμ
2492 1125 2744 1194 βασιλεὺς
2806 1129 3057 1199 θεοφιλὴς
3089 1127 3182 1198 ἦν’
3212 1127 3271 1184 οὗ
3301 1132 3377 1201 τῷ
3397 1133 3607 1201 δεκάτῳ
3639 1133 3735 1200 τῆς
3765 1131 3906 1202 βασι·

687 1197 1016 1268 dragesimo,
1045 1203 1154 1257 lilio
1183 1204 1477 1274 Josaphato
1510 1205 1699 1258 relicto
1729 1221 2065 1264 successore.

2354 1214 2504 1278 λείας
2531 1217 2639 1270 ἔτει
2679 1222 2706 1270 ὁ
2771 1220 3023 1290 βασιλεὺς
3056 1220 3328 1274 Αἰθιόπων
3358 1222 3799 1290 στρατεύει-κατ’
3821 1222 3905 1274 αύ-

686 1291 781 1385 ίτοῖδ
816 1297 955 1365 μετά
998 1298 1221 1368 βαρείας
1253 1300 1555 1368 δυνάμεως.
1589 1303 1647 1356 ’θ
1674 1301 1727 1353 δὲ
1757 1301 1848 1354 τὸν
1911 1303 2045 1357 Θεὸν
2085 1305 2373 1378 σύμμαχον
2402 1312 2752 1380 ἐπεκέκλητο,
2822 1316 2915 1367 καὶ
2972 1315 3315 1385 συμπλακεὶς
3346 1317 3457 1378 τοῖς
3486 1315 3720 1384 Αἰθίοψι,
3791 1313 3906 1365 πολ-

687 1379 808 1446 λοὺς
838 1385 946 1452 -μέν
973 1384 1181 1438 ἀνεῖλε·
1214 1389 1338 1451 τοὺς
1363 1389 1418 1441 δὲ
1469 1389 1686 1452 λοιποὺς
1751 1392 2023 1458 φυγόντας
2076 1393 2285 1462 ἐδίωξε,
2328 1398 2423 1450 καὶ
2451 1402 2548 1469 τὴν
2579 1379 2957 1472 παρεμϐολὴν
2984 1379 3213 1457 ἐκείνων
3268 1405 3556 1475 διήρπασε,
3583 1379 3686 1457 ara-to
3745 1401 3906 1455 πολλά
3955 1425 3958 1428 ·

685 1474 850 1537 αὐτὸς
872 1479 964 1530 καὶ
1001 1481 1027 1532 6
1062 1480 1184 1543 λαὸς
1222 1482 1552 1551 ἐκομίσαντο
1579 1483 1814 1553 λάφυρα.
1877 1485 2292 1556 ’Λναζευγνύντι
2331 1492 2385 1544 δὲ
2443 1493 2519 1562 τῷ
2544 1493 2756 1562 βασιλεῖ
2787 1496 2879 1548 καὶ
2907 1499 2972 1566 τῇ
3012 1499 3249 1567 στρατιᾷ.
3282 1498 3309 1548 6
3349 1498 3634 1566 προφήτης
3657 1495 3904 1563 Ἀζαρίας

685 1569 1024 1640 ὑπαντήσας,
1074 1570 1172 1638 τῆς
1208 1571 1360 1639 νίκης
1394 1575 1488 1624 τὸν
1526 1568 1658 1624 Θεὸν
1687 1571 1825 1627 εἶναι
1855 1576 2003 1651 αύτῷ
2071 1578 2272 1650 δοτῆρα
2312 1578 2455 1647 εἷπε,
2491 1584 2680 1652 καὶτῷ
2715 1584 2847 1654 λαῷ,
2882 1586 3227 1660 δικαιοσύνης
3265 1587 3739 1656 ἐπιμελουμένοις.
3803 1587 3901 1637 Kal.

687 1660 932 1730 μετιοῦσι
990 1661 1089 1727 μὲν
1144 1662 1342 1731 ἀρετὴν
1395 1657 1744 1732 εὐδαιμονίας
1788 1667 1882 1717 καὶ
1932 1668 2209 1724 εἰσέπειτα
2277 1666 2677 1744 ἐπηγγείλατο’
2748 1677 2851 1730 τῶν
2877 1678 2933 1730 δὲ
2959 1679 3052 1731 τοῦ
3081 1657 3215 1732 Θεού
3244 1680 3471 1738 ἐντολῶν
3535 1680 3902 1750 κατολιγωρή-

685 1770 831 1816 σασι,
865 1753 1034 1806 πολλὰ
1070 1754 1447 1822 συμϐήσεσθαι
1495 1755 1730 1838 λυπηρά.
1767 1758 1898 1811 Ἀσά
1945 1762 2144 1828 τοίνυν,
2185 1766 2239 1817 ἐν
2287 1766 2538 1834 εὐσεϐείᾳ
2569 1767 2666 1836 τὴν
2709 1768 2852 1837 ζωὴν
2899 1769 3124 1834 ἀνύσας,
3171 1771 3266 1824 καὶ
3305 1773 3383 1834 είς
3426 1773 3600 1841 γῆρας
3637 1774 3899 1842 καταντή-

643 1860 784 1908 νσας
830 1845 986 1914 βαθὺ,
1046 1845 1293 1916 τέθνηκε,
1359 1847 1681 1913 βασιλεύσας
1743 1850 2047 1914 ἐνιαυτοὺς·
2084 1854 2169 1922 ἐφ’
2228 1855 2307 1907 ἐνὶ
2357 1856 2783 1926 τεσσαράκοντα,
2838 1860 3102 1928 Ἰωσαφὰτ
3136 1860 3319 1930 οἰκείῳ
3372 1861 3472 1932 υἱῷ
3501 1860 3594 1932 τὴν
3623 1862 3907 1932 ἡγεμονίαν

685 1936 1026 1991 καταλιπών.
1679 1935 1695 1946 ’
2869 2001 2872 2005 λ
3040 1939 3046 1944 ’
3855 1988 3880 1996 -

754 2026 890 2081 XIII.
929 2024 1184 2081 Achabus
1211 2037 1394 2084 autem
1421 2027 1680 2083 Samaria:
1718 2033 1918 2101 regiam
1955 2033 2229 2096 incolens,

2422 2035 2518 2088 II".
2551 2035 2752 2104 Ἀχαάϐ
2779 2035 2832 2104 δὲ
2866 2038 2922 2089 ἐν
2951 2037 3229 2109 Σαμαρείᾳ
3251 2039 3515 2110 ἐκέκτητο
3545 2040 3610 2092 τὰ
3638 2039 3905 2110 βασίλεια,

681 2119 1124 2173 antecessoribus
1170 2119 1287 2173 suis
1323 2119 1602 2198 impietate
1644 2123 1895 2192 superior
1921 2164 1935 2190 ,
1973 2124 2040 2179 ab
2075 2141 2229 2180 uxore

2348 2128 2473 2191 τοὺς
2508 2128 2803 2198 προεαύτοῦ
2835 2128 3215 2199 παραδραμὼν
3244 2133 3323 2194 είς
3353 2129 3629 2198 ἀσέϐειαν,
3662 2136 3759 2187 καὶ
3809 2135 3909 2186 ὑπὸ

678 2211 924 2265 chabele
948 2211 1118 2281 magis
1136 2211 1298 2274 etiam
1323 2212 1392 2264 ad
1414 2211 1819 2280 improbitatem
1850 2216 2229 2270 exstimulaba

2346 2219 2448 2287 τῆς
2477 2219 2732 2286 γυναικὸς
2778 2219 3016 2281 Ἰεζάϐελ
3051 2222 3250 2291 μᾶλλον
3290 2225 3368 2285 είς
3401 2201 3598 2278 κακίαν
3649 2222 3909 2294 προϐιϐα-

683 2313 793 2356 tur.
826 2302 953 2356 Erat
993 2303 1080 2355 illa
1111 2302 1252 2371 regis
1272 2301 1400 2372 Tyri
1427 2312 1483 2356 et
1506 2302 1727 2358 Sidonis
1753 2305 1884 2366 tilia,
1915 2307 2229 2360 muliercula

2349 2304 2518 2369 σθεὶς,
2565 2307 2599 2377 ἢ
2653 2306 2743 2358 τοῦ
2782 2305 3045 2376 βασιλέως
3082 2311 3182 2377 μὲν
3215 2310 3395 2382 Τύρου
3434 2319 3526 2366 καὶ
3552 2313 3785 2376 Σιδῶνος
3818 2315 3908 2366 θυ-

679 2393 832 2448 I'erox
863 2404 919 2448 et
944 2395 1116 2448 audax
1142 2432 1155 2457 ,
1193 2409 1316 2462 qua:
1342 2393 1470 2447 Belo
1500 2394 1602 2448 deo
1642 2410 1742 2449 suo
1773 2396 1943 2450 tedem
1992 2397 2229 2467 condidit

2345 2395 2520 2466 γάτηρ
2556 2393 2641 2465 ἦν,
2697 2398 2886 2465 ίταμδν
2923 2397 2980 2451 δὲ
3017 2401 3110 2453 καὶ
3141 2401 3422 2471 τολμηρὸν
3463 2404 3702 2469 γύναιον.
3756 2405 3902 2474 Αὕτη

590 2529 596 2537 .
679 2498 734 2540 ct
778 2487 957 2541 lucum
986 2485 1350 2550 consecravit,
1385 2486 1765 2541 sacerdotibus
1797 2489 1963 2541 etiam
1996 2499 2050 2542 ct
2079 2505 2229 2558 pseu-

2342 2487 2466 2539 ναὸν
2491 2487 2569 2555 τῷ
2608 2487 2793 2556 οἰκείῳ
2823 2486 2930 2556 θεῷ
2959 2488 3035 2556 τῷ
3082 2489 3190 2560 Βὴλ
3218 2490 3551 2561 ἐδωρήσατο,
3601 2494 3695 2545 καὶ
3731 2494 3907 2560 ,ἄλσος

679 2577 1036 2646 dopmpbetis
1066 2567 1351 2632 institutis.
1379 2575 1523 2634 Elias
1547 2587 1727 2631 autem
1749 2578 1884 2633 urbe
1914 2578 2126 2633 Thesba
2145 2594 2238 2631 or-

681 2679 803 2732 tus,
852 2685 1165 2736 perversam
1211 2671 1353 2739 regis
1392 2682 1447 2726 et
1483 2671 1667 2739 populi
1703 2671 2021 2740 religionem
2057 2669 2237 2724 animo
2278 2735 2280 2737 b

679 2762 1027 2830 iniquissimo
1051 2762 1233 2818 ferens
1255 2807 1268 2828 ,
1304 2765 1526 2818 Achabo
1552 2753 1670 2817 ait":
1700 2763 1784 2816 Ita
1810 2765 1930 2826 cipit
1962 2762 2236 2829 Dominus,

679 2863 736 2905 ut
770 2853 947 2922 pluvia
991 2871 1093 2907 non
1133 2853 1424 2918 descendet,
1466 2857 1567 2909 nisi
1599 2855 1670 2908 ad
1703 2869 1877 2925 preces
1918 2869 2078 2906 meas.
2115 2853 2239 2907 Ha‘c

621 2931 625 2935 ⁷
680 2943 966 3020 elocutus,
1015 2960 1080 3000 ex
1128 2946 1385 3001 mandato
1425 2947 1520 3001 Dei
1550 2946 1615 3000 ad
1669 2953 1969 3000 torrentem
1995 2943 2234 3016 Chorath

681 3035 847 3102 abiit,
878 3037 968 3090 ubi
1004 3053 1033 3090 a
1061 3039 1245 3093 corvis
1274 3027 1551 3101 alebatur,
1581 3039 1672 3107 qui
1733 3051 1893 3090 mane
1927 3051 2115 3104 panes,
2142 3051 2236 3089 ve-

679 3128 826 3195 speri
849 3107 1129 3181 carnesilli
1151 3128 1470 3194 aﬂ'erebant;
1487 3138 1672 3198 potum
1694 3126 1967 3197 prrebebat
1991 3136 2234 3181 torrens:

572 3255 575 3257 »
678 3235 790 3288 quo
813 3220 1120 3284 exsiccato,
1158 3219 1520 3290 Sarephtham
1551 3221 1662 3274 Deo
1694 3229 1949 3275 monente
1977 3214 2111 3282 abit,
2145 3235 2235 3272 ur-

677 3311 804 3367 bem
836 3312 979 3366 intra
1011 3312 1212 3383 Tyrum
1243 3322 1298 3367 et
1339 3313 1596 3369 Sidonem
1638 3315 1798 3373 sitam
1825 3332 1838 3368 :
1871 3324 1997 3369 ante
2027 3329 2187 3384 quam
2215 3352 2231 3377 ,

677 3416 800 3458 cum
821 3404 871 3457 in
892 3404 1175 3460 mulierem
1193 3405 1479 3474 quamdam
1500 3406 1796 3470 incidisset,
1819 3413 1939 3460 orat
1961 3414 2019 3459 ut
2037 3395 2243 3473 aquam

677 3497 779 3552 sibi
809 3497 1000 3552 aﬂ‘erat
1028 3514 1040 3550 :
1073 3513 1194 3566 qua:
1220 3498 1348 3552 dum
1380 3498 1514 3562 abit,
1545 3506 1601 3552 ut
1629 3512 1824 3566 panem
1852 3497 2015 3568 etiam
2043 3483 2236 3551 ati‘erat

678 3588 834 3657 petit.
893 3589 1044 3642 Illam
1072 3589 1344 3658 iurantem
1381 3589 1484 3643 sibi
1519 3590 1781 3658 pugillum
1811 3588 2076 3643 duntaxat
2103 3587 2233 3640 fari-

2341 2579 2625 2647 ἐφύτευσε,
2661 2582 2752 2631 καὶ
2781 2579 2943 2648 ἱερεῖς
2979 2581 3147 2651 αὐτῷ,
3192 2584 3283 2635 καὶ
3321 2582 3777 2655 ψευδοπροφήτας
3807 2605 3901 2638 κα-

2337 2669 2617 2740 τέστησεν.
2642 2656 2822 2724 Ἠλιοῦ
2853 2673 2909 2725 δὲ
2948 2675 2974 2724 6
3012 2674 3298 2743 προφήτης
3321 2671 3382 2726 ἐκ
3417 2674 3622 2748 πόλεως
3666 2676 3900 2744 Θέσϐης,

2338 2759 2588 2830 ζηλώσας
2619 2763 2710 2812 ἐπὶ
2743 2765 2861 2824 ταῖς
2917 2763 3192 2827 ἀσεϐείαις
3231 2764 3326 2817 τοῦ
3363 2765 3624 2835 βασιλέως
3662 2757 3763 2820 καὶ
3808 2769 3900 2821 τοῦ

2339 2849 2488 2914 λαοῦ,
2507 2845 2627 2901 εἷπε
2655 2852 2789 2920 πρὸς
2806 2853 3010 2922 Ἀχαᾶιϐ
3035 2872 3047 2885 ·
3076 2857 3122 2906 Ζ
3129 2853 3161 2920 ᾖ
3192 2857 3420 2922 Κύριος,
3445 2860 3495 2912 ει
3523 2857 3692 2912 ἔσται
3716 2860 3910 2925 ὑετὸς,

2336 2941 2387 2992 ει
2418 2938 2504 3008 μὴ
2531 2939 2628 2994 διὰ
2652 2944 2837 3012 λόγου
2887 2961 3027 3012 μου.
3087 2945 3198 2997 Καὶ
3223 2945 3398 2999 ταῦτα
3424 2946 3612 3010 εἰπὼν,
3663 2949 3910 3018 ἀπῆλθεν

2298 3087 2304 3090 ,
2337 3034 2395 3086 ἐν
2429 3033 2504 3103 τῷ
2529 3036 2812 3106 χειμάρρῳ
2835 3036 3015 3106 Χοράθ
3075 3036 3197 3089 κατ’
3224 3037 3444 3107 ἐντολὴν
3469 3039 3561 3091 τοῦ
3582 3038 3716 3091 Θεοῦ
3736 3055 3750 3071 ⁸
3784 3040 3911 3092 ἔνθα

2338 3124 2772 3197 παρὰ-κοράκων
2825 3128 3102 3196 ἐτρέφετο,
3137 3127 3340 3197 ἄρτους
3389 3129 3537 3198 αὐτῷ
3570 3128 3911 3198 κομιζόντων

2314 3215 2497 3285 πρωῒ,
2537 3217 2630 3270 καὶ
2670 3217 2834 3282 κρέας
2865 3217 2926 3268 τὸ
2976 3217 3196 3270 δειλινόν
3231 3231 3250 3246 ⁹
3290 3217 3387 3285 τὴν
3425 3218 3482 3270 δὲ
3535 3219 3692 3271 πύσιν
3756 3220 3909 3289 αὐτῷ

2334 3309 2587 3377 ἐχορήγει
2611 3311 2647 3371 ὁ,
2670 3309 2967 3379 χείμαρρος
2989 3325 3004 3342 ο
3035 3303 3096 3362 οὗ
3129 3309 3509 3378 ξηρανθέντος,
3541 3313 3622 3373 εἰς
3651 3312 3912 3383 Σαρεφθὰ

2335 3400 2488 3452 πόλιν
2510 3396 2675 3460 οὖσαν
2701 3393 2902 3468 μεταξῦ
2937 3400 3163 3465 Σιδῶνος
3193 3404 3287 3453 καὶ
3320 3402 3498 3471 Τύρου
3529 3402 3606 3473 τῷ
3638 3404 3761 3474 Θεῷ
3792 3422 3914 3457 πει-

2287 3485 2290 3488 ’
2337 3490 2559 3560 θέμενος
2608 3491 2815 3553 ἄπεισι,
2853 3493 2948 3544 καὶ
3000 3492 3235 3562 πρὸτῆς
3265 3493 3472 3558 πόλεως
3523 3497 3745 3562 γυναικί
3799 3514 3909 3549 τινι

2333 3579 2590 3651 ἐντυχὼν,
2623 3581 2766 3652 ὕδωρ
2798 3583 2946 3654 αὐτῷ
2983 3575 3208 3660 κομίσαι
3266 3585 3532 3641 ἱκέτευεν.
3578 3587 3664 3650 Ὠς
3696 3575 3747 3640 δ’
3782 3591 3913 3642 ἐπο-

581 4141 589 4146 ’
675 4147 826 4195 esse,
849 4132 1024 4187 donec
1051 4135 1235 4202 pluvia
1268 4136 1659 4192 descendisset.
1689 4137 1780 4191 llla
1822 4137 1984 4207 igitur
2014 4147 2070 4191 et
2100 4151 2228 4205 pro-

592 5422 596 5426 '
672 5410 819 5462 tibus
843 5406 1044 5461 alicubi
1083 5425 1301 5476 gramen
1337 5409 1669 5470 invenirent.
1697 5407 1886 5462 Abdiz
1915 5407 2128 5461 obviam
2163 5408 2219 5461 Iit

580 3702 581 3705 η
678 3695 762 3733 na:
785 3693 952 3733 unum
983 3694 1128 3742 esse,
1158 3689 1213 3733 et
1239 3681 1536 3749 pauxillum
1565 3681 1694 3745 olci,
1730 3679 1956 3748 proinde
1984 3695 2042 3733 se
2075 3678 2229 3731 abire

2334 3671 2574 3740 ρεύετοή
2622 3672 2785 3742 γυνή,
2819 3676 2910 3725 καί
2933 3659 3098 3744 ἄρτον
3137 3673 3288 3745 αὐτῷ
3343 3676 3591 3744 ἐνεγκεῖν
3624 3678 3807 3745 ἠξίου.
3849 3681 3915 3731 Ἦ

677 3769 745 3825 ad
785 3769 1086 3840 colligenda
1131 3781 1441 3832 sarmenta,
1491 3779 1551 3824 ut
1598 3771 1855 3840 exiguum
1900 3769 2083 3824 cibum
2125 3768 2228 3820 sibi

2329 3763 2384 3813 δὲ
2421 3765 2549 3831 μιᾶς
2586 3763 2784 3834 δρακδς
2830 3764 3061 3834 ἀλεύρου
3112 3765 3394 3834 ἐξώμνυτο
3450 3768 3748 3837 εὐπορεῖν,
3816 3774 3914 3823 καὶ

587 3874 591 3878 ‘
675 3870 733 3915 et
755 3844 942 3916 liberis
965 3869 1158 3930 paret,
1201 3877 1310 3930 quo
1337 3862 1628 3931 absumpto
1649 3899 1664 3924 ,
1694 3864 1834 3916 fame
1863 3859 2094 3931 perituri
2119 3859 2229 3914 sint

2332 3851 2671 3920 βραχυτάτου
2703 3852 2906 3917 ἐλαίου,
2938 3854 3030 3906 καὶ
3080 3853 3382 3918 συλλέξασα
3419 3854 3645 3928 ξυλάρια
3679 3859 3914 3935 ἀπιέναι

674 3951 778 4021 91
808 3963 866 4008 et.
902 3954 1028 4022 ipsi,
1074 3954 1338 4024 propheta
1369 3954 1513 4008 bono
1544 3954 1725 4008 animo
1755 3968 1877 4008 esse
1899 3954 2054 4024 jubet
2088 3970 2100 4006 :
2131 3968 2228 4007 ne-

2333 3943 2632 4012 ποιήσουσα
2665 3943 2868 4013 μικρὰν
2899 3943 3104 4015 τροφήν
3136 3946 3303 4015 ἐαυτῇ
3335 3949 3430 3998 καὶ
3463 3948 3575 4010 τοῖς
3602 3949 3820 4024 παισὶν,
3845 3947 3912 4023 ἦς

677 4057 784 4110 que
807 4043 993 4098 farina;
1011 4046 1200 4099 cistam
1221 4085 1235 4109 ,
1260 4061 1436 4115 neque
1459 4046 1563 4100 olei
1585 4046 1876 4115 ampullam
1894 4045 2227 4111 defecturam

2332 4034 2659 4104 ἐκλιπούσης
2689 4036 2784 4087 καὶ
2804 4035 2999 4098 αὐτοὺς
3029 4035 3170 4106 λιμῷ
3204 4037 3471 4094 ἐκλιπεῖν.
3515 4040 3573 4092 '0
3598 4040 3653 4094 δὲ
3683 4033 3914 4114 προφή-

2282 4173 2290 4183 ,
2330 4143 2431 4196 τηνς
2458 4126 2680 4196 θαρρεῖν
2713 4127 2848 4196 αὐτῇ
2877 4126 3222 4195 ἐγκελεύεται
3248 4144 3262 4158 ο
3305 4132 3440 4200 μηδὲ
3469 4132 3577 4201 γὰρ
3624 4126 3911 4204 ἐκλείψειν

2332 4217 2559 4287 ἄλευρον
2590 4219 2653 4269 ἐκ
2691 4211 2792 4270 τοῦ
2826 4219 3054 4287 ἀγγείου
3111 4220 3205 4272 τοῦ
3257 4221 3420 4276 τοῦτο
3449 4223 3729 4294 φέροντος,
3783 4227 3912 4297 μηδ’

2331 4307 2509 4360 ἔλαιον
2537 4310 2599 4360 ἐκ
2627 4307 2728 4376 τῆς
2755 4309 3011 4378 ληκύθου,
3045 4311 3148 4374 ἓως
3197 4312 3422 4381 γένηται
3481 4314 3654 4376 ὐετός.
3683 4317 3785 4368 ’ἹῘ
3823 4319 3910 4382 δὲ,

2333 4398 2680 4468 πορευθεῖσα,
2719 4399 2808 4452 τόν
2836 4417 2893 4452 τε
2915 4402 3203 4470 προφήτην
3231 4404 3362 4473 παρ’
3393 4404 3908 4477 αὖτῇλξενισθέντα,

2294 4507 2296 4510 ·
2331 4489 2424 4544 καὶ
2452 4490 2670 4561 ἑαυτὴν,
2705 4492 2796 4544 καὶ
2827 4492 2891 4545 τὰ
2919 4492 3078 4552 τέκνα
3110 4495 3174 4546 ἐκ
3201 4493 3292 4548 τοῦ
3340 4493 3637 4564 βραχίστου
3673 4498 3905 4552 ἐκείνου

2330 4581 2561 4652 ἀλεύρου
2588 4583 2832 4652 ἔτρεφεν,
2864 4584 3007 4647 ἓωςό
3039 4585 3193 4653 λιμὸς
3226 4586 3588 4656 παρελήλυθε.
3607 4589 3909 4660 Νοσήσαν-

2327 4689 2419 4733 τος
2451 4673 2507 4725 δὲ
2536 4673 2634 4724 τοῦ
2664 4673 2781 4725 υίοῦ
2811 4677 2910 4743 τῆς
2942 4677 3198 4742 γυναικὸς
3230 4677 3458 4748 ταύτης,
3485 4683 3579 4733 καὶ
3609 4681 3903 4752 θανόντος,

2329 4763 2670 4833 ἐϐλασφήμει
2701 4765 2838 4815 κατὰ
2864 4764 2957 4816 τοῦ
2989 4767 3269 4834 προφήτου
3306 4770 3511 4840 ἐκείνη.
3554 4771 3613 4824 Ὀ
3651 4773 3708 4825 δὲ
3734 4774 3906 4846 605i)-

2329 4872 2415 4907 ναι
2448 4855 2593 4922 αὐτῷ
2616 4854 2675 4905 τὸ
2704 4854 2960 4924 τεθνηκὸς
2986 4856 3195 4910 παιδίον
3219 4858 3405 4931 ᾔτησε.
3437 4863 3547 4915 Καὶ
3572 4864 3784 4935 λαϐὼν,
3823 4872 3907 4932 είς

2328 4947 2388 4998 τὸ
2417 4946 2664 5016 ὑπερῷον
2715 4947 2840 5000 ἔνθα
2870 4947 3000 5016 ᾤκει
3030 4950 3316 5020 ἀνήνεγκε,
3354 4955 3448 5007 καὶ
3478 4956 3632 5009 ἔθετο
3657 4959 3759 5010 ἐπὶ
3793 4961 3903 5030 τῆς

2329 5042 2516 5112 κλίνης
2571 5042 2736 5098 αὑτοῦ
2761 5059 2775 5071 ·
2830 5046 2921 5095 καὶ
2946 5044 3039 5096 τὸν
3071 5045 3203 5098 Θεὸν
3258 5048 3563 5112 ἱκετεύσας,
3596 5051 3904 5118 τρισσὰκις

675 4224 897 4293 phetam
934 4223 1227 4294 hospitem,
1251 4236 1306 4280 et
1350 4242 1406 4280 se
1447 4238 1501 4282 et
1534 4229 1738 4283 liberos
1758 4244 1888 4283 suos
1909 4227 2102 4298 exigua
2137 4229 2227 4282 illa

671 4311 998 4379 fariuavalit,
1023 4313 1197 4369 donec
1234 4314 1402 4371 [anites
1442 4307 1789 4386 prater-isset.
1815 4316 2077 4371 Caeterum
2119 4316 2229 4370 lilio

673 4415 775 4457 suo
800 4418 867 4458 ex
893 4402 1084 4456 morbo
1113 4403 1392 4468 defuncto,
1414 4405 1466 4458 in
1503 4405 1818 4474 prophetam
1856 4404 2225 4472 blasphemat;

674 4493 769 4546 sed
799 4495 889 4550 ille
919 4503 1196 4550 mortuum
1225 4496 1329 4550 sibi
1360 4511 1591 4568 puerum
1612 4498 1726 4550 dari
1752 4496 1907 4566 jubet
1935 4515 1948 4550 :
1977 4511 2136 4565 quem
2172 4497 2226 4549 in

672 4589 1013 4641 caenaculum
1038 4629 1051 4652 ,
1089 4589 1143 4643 i‘u
1173 4604 1282 4658 quo
1311 4589 1426 4660 ipse
1456 4589 1831 4647 diversabatur
1851 4631 1865 4654 ,
1899 4589 2143 4653 allatum,
2171 4589 2224 4643 in

673 4690 774 4730 suo
796 4679 996 4734 lectulo
1022 4665 1277 4748 collocat,
1327 4683 1688 4750 invecatoque
1717 4681 1849 4744 Deo,
1880 4691 1936 4735 et
1963 4681 2224 4734 cadavere

674 4778 756 4821 ter
782 4769 980 4844 ,aIIIato,
1019 4789 1248 4840 puerum
1283 4773 1442 4827 matri
1489 4774 1690 4842 gratias
1717 4755 1908 4840 agenti
1950 4773 2221 4847 viventem

673 4847 932 4915 restituit.
971 4861 1097 4916 Post
1129 4864 1241 4918 haec
1284 4864 1414 4917 Elice
1447 4861 1670 4917 mandat
1699 4862 1872 4924 Deus,
1901 4869 1959 4913 ut
2002 4860 2224 4914 Achaho

670 4952 933 5021 praedicat
983 4951 1098 5005 fore
1147 4953 1734 5021 pluviam.lnvaluerat
1757 4961 1939 5005 autem
1965 4950 2223 5005 Samaria:

670 5055 726 5096 et
764 5046 818 5097 in
865 5052 976 5097 tota
1019 5043 1297 5112 provincia
1340 5044 1526 5098 fames.
1574 5042 1832 5098 Achabus
1876 5043 2056 5111 itaque
2097 5055 2220 5095 cum

670 5134 843 5188 Abdia
876 5149 1162 5190 (nconomo
1204 5148 1326 5200 suo,
1355 5135 1471 5188 viro
1501 5134 1670 5198 bono,
1702 5135 1887 5188 exibat
1930 5133 2220 5202 quaesitum

670 5225 830 5292 equis
860 5225 972 5279 suis
999 5227 1280 5294 pabulum,
1311 5226 1470 5280 aliam
1497 5226 1611 5294 ipse
1637 5227 1799 5285 viam,
1826 5227 1984 5279 aliam
2016 5225 2221 5278 Abdias

671 5313 1004 5384 ingrediens,
1036 5319 1422 5388 investigantes
1445 5332 1512 5370 an
1541 5317 1593 5369 in
1619 5317 1861 5369 fontibus
1885 5325 1978 5368 aut
2004 5325 2220 5369 torren-

2328 5135 2626 5204 ἐνεφύσησε
2653 5137 2726 5205 τῷ
2771 5135 2964 5205 νεκρῷ,
3022 5137 3113 5188 καὶ
3149 5136 3402 5205 ἀνέζησε,
3433 5139 3528 5190 καὶ
3573 5137 3747 5193 ἔδωκε
3802 5145 3903 5198 τὸν

2327 5225 2492 5277 παῖδα
2521 5225 2698 5286 ζῶντα
2748 5228 2813 5292 τῇ
2864 5227 3159 5297 γειναμένῃ
3185 5242 3208 5285 ⁸,
3252 5228 3284 5295 ή
3317 5226 3362 5277 δ’
3388 5228 3738 5297 ηὑχαρίστει.
3780 5237 3902 5290 Καὶ

2323 5315 2462 5384 μετά
2498 5314 2668 5379 ταῦτα
2700 5314 3000 5366 ἐνετείλατο
3035 5317 3108 5386 τῷ
3149 5316 3330 5370 Ἠλιοῦ
3375 5319 3403 5368 6
3451 5318 3582 5393 Θεὸς
3613 5326 3901 5397 πορευθῇ-

2321 5423 2431 5469 ναι,
2472 5405 2568 5457 καὶ
2599 5409 2882 5474 προειπεῖν
2919 5406 3146 5474 Ἀχαὰϐ,
3187 5406 3262 5467 ὡς
3307 5407 3460 5461 ἔσται
3513 5411 3687 5475 ὑετός.
3740 5417 3806 5469 '0
3837 5419 3899 5471 δὲ

2320 5495 2485 5563 λιμὸς,
2504 5495 2936 5566 ἐπὶ-Σαμάρειαν
2960 5495 3054 5546 καὶ
3080 5496 3177 5564 τὴν
3206 5495 3391 5565 χώραν
3426 5499 3642 5553 ἃπασαν
3673 5519 3899 5575 κεκρα-

2321 5584 2538 5638 ταίωτο.
2575 5584 2780 5654 Ἀχαὰϐ
2812 5586 2871 5636 δὲ
2913 5585 3002 5637 τὸν
3034 5587 3316 5656 οἰκονόμον
3345 5591 3509 5643 αὐτοῦ
3542 5592 3713 5660 ἄνδρα.
3747 5615 3902 5666 χρηι-

2255 5183 2299 5237 D

671 5502 846 5565 Elius,
882 5513 1047 5569 seque
1070 5501 1180 5568 regi
1207 5501 1426 5554 indicari
1450 5501 1623 5568 jubet.
1659 5501 1726 5553 At
1759 5499 1845 5554 ille
1898 5513 2020 5552 eum
2061 5514 2224 5553 accu-

673 5602 788 5645 rate
812 5592 878 5645 ab
899 5591 1121 5644 Achabo
1142 5590 1206 5642 ad
1221 5591 1420 5643 czedem
1453 5591 1618 5658 quaeri
1653 5589 1976 5660 respondet,
1996 5605 2224 5643 mouens

673 5693 733 5733 ut
757 5698 814 5735 se
847 5683 1120 5758 occultet:
1153 5696 1217 5736 ac
1251 5689 1470 5733 centum
1506 5682 1800 5748 prophetas
1832 5696 1860 5734 a
1890 5698 1948 5735 se
1978 5683 2114 5735 clam
2146 5681 2219 5734 ali

2331 5679 2451 5730 στὸν
2486 5678 2835 5748 παραλαϐὼν,
2870 5677 3030 5747 ἀπῄει
3059 5679 3105 5729 εἰ
3155 5677 3304 5748 εὖροι
3352 5684 3463 5743 τοῖς
3490 5682 3678 5745 ἵπποις
3709 5686 3897 5753 χιλόν.

667 5786 724 5827 ct
755 5777 1086 5838 conservari,
1123 5775 1338 5828 caeteris
1373 5773 1628 5827 omnibus
1651 5788 1678 5825 a
1700 5768 1950 5827 Jciabele
1995 5775 2222 5827 interfe-

2328 5770 2436 5822 Καὶ
2461 5772 2488 5823 6
2518 5771 2617 5839 μὲν
2641 5770 2805 5838 ἄλλην
2834 5769 2997 5838 ἀπῄει
3014 5770 3149 5835 ὁδὸν,
3169 5770 3358 5842 ἑτέραν
3383 5774 3440 5825 δὲ
3463 5773 3694 5835 Ἀϐδιοὺ,
3729 5777 3903 5847 ὲρευ-

671 5864 794 5922 etis.
835 5862 946 5924 Elia
1002 5877 1128 5918 vero
1158 5865 1392 5930 iurante,
1429 5877 1486 5916 se
1519 5862 1610 5917 illo
1637 5860 1724 5916 die
1760 5861 1816 5917 in
1861 5861 2063 5916 Achabi
2090 5877 2221 5916 cou-

2329 5861 2524 5925 νῶντες
2560 5860 2658 5914 ποῦ
2685 5862 2750 5915 ἂν
2786 5860 2991 5931 εὕροιεν
3015 5864 3204 5932 χόρτον
3237 5866 3294 5916 ἐν
3330 5867 3528 5934 πηγαῖς
3560 5864 3590 5933 ἢ
3641 5872 3898 5944 χειμάρ.
