4006 6328
147 507 234 570 εοδ
1380 502 1654 560 ΑΝΝΑιι

1757 504 1774 559 1
1820 501 1960 563 LIB.
2007 502 2086 560 II.
3181 509 3281 571 206

151 611 573 684 μεγαλοπρεποῦς.
617 612 822 681 Λῃσταὶ
858 611 915 663 δέ
946 626 1062 660 τινα
1098 607 1392 669 ἀνελόντες,
1437 610 1514 669 εἰς
1557 607 1646 658 τὸν

1753 607 1967 660 litorum
2002 623 2345 676 congressus,
2386 618 2437 663 et
2489 613 2817 669 tcnvictoria
2869 617 3094 684 potitus,
3125 633 3279 671 recu-
3313 649 3318 656 -

141 706 279 772 τάφον
303 704 386 755 τοῦ
416 705 696 772 προφήτου
726 703 886 757 αὑτὸν
918 702 1168 771 ἔρριψανο
1202 701 1293 752 καὶ
1328 698 1589 766 ἀνέζησεν
1618 700 1646 750 6

1753 699 1959 766 peravit
1992 697 2356 751 lsraelitarum
2393 703 2697 767 provincias
2723 713 2778 759 et
2812 706 2974 759 urbes
2995 747 3008 768 ,
3037 723 3172 775 quas
3203 709 3284 762 eis

143 798 309 864 ριᾳεὶς,
338 796 422 846 καὶ
449 795 668 862 ἀνέστη.
713 794 977 846 Ἀπέθανε
1007 793 1064 845 δὲ
1098 793 1189 845 καὶ
1222 791 1418 860 Ἀζαὴλ
1447 793 1476 842 6
1499 790 1646 859 βασι-

1753 786 1944 838 Azahcl
1977 785 2171 839 Aderis
2206 797 2362 853 pater
2387 787 2681 846 ademerat.
2712 793 2838 848 Joas
2866 804 3045 848 autem
3073 795 3285 850 Judmo-

141 884 239 944 ἲεὺς
263 882 461 950 Συρίας,
488 883 581 933 ἐπὶ
602 881 830 951 διαδόχῳ
851 881 926 947 τῷ
959 881 1057 949 υίῷ
1086 881 1264 950 ’Ἄδερ
1289 872 1332 946 ᾧ
1360 879 1648 947 συμϐαλὼν

1753 893 1869 929 rum
1921 877 2077 945 106
2110 893 2204 930 rex
2247 877 2548 934 declaratus
2575 885 2870 951 septennis,
2903 901 3045 946 anno
3077 887 3289 955 imperii

148 973 343 1038 1o;ng
384 972 488 1024 τῶν
539 971 888 1040 Ἰσραηλιτῶν
922 969 1190 1040 βασιλεὺς,
1232 969 1324 1022 καὶ
1366 969 1648 1038 τρισσακις

1753 966 2166 1035 quadragesimo
2214 967 2466 1031 decessit,
2523 986 2554 1024 a
2607 971 2821 1027 famulis
2867 977 2980 1029 suis
3027 978 3286 1030 occisus:

133 1068 355 1134 ἡττήσας,
401 1063 786 1116 ἐπανεσώσατο
824 1062 900 1131 τῷ
952 1061 1164 1130 Ἰσραήλ
1209 1058 1307 1128 τὴν
1347 1059 1526 1128 χώραν
1555 1059 1648 1110 καὶ

1753 1058 1903 1126 cujus
1937 1059 2080 1110 lilius
2126 1056 2367 1111 Amcsias
2406 1058 2891 1133 llicrosolymitano
2936 1067 3162 1134 imperio
3198 1083 3293 1134 po-

128 1156 208 1213 ti;
236 1154 402 1216 πόλεις
430 1152 494 1215 ἃς
539 1152 737 1222 ’Δζαὴλ
773 1150 1027 1218 ἀφείλετο
1055 1153 1082 1202 6
1115 1148 1210 1201 τοῦ
1243 1149 1404 1217 Ἀδιρ
1441 1150 1644 1215 πατήρ.

1753 1149 1879 1201 titus
1913 1155 2015 1210 est,
2058 1149 2142 1199 vir
2180 1149 2321 1216 pius,
2365 1165 2506 1205 anno
2553 1157 2730 1208 aetatis
2761 1158 3020 1211 vicesimo
3071 1158 3287 1228 quinto,

114 1220 266 1305 ἐιωάς
295 1245 346 1297 δὲ
393 1246 421 1296 6
464 1220 718 1312 βασιλεὺς
769 1243 934 1294 Ἰούδα
974 1241 1107 1293 ἐτῶν
1138 1241 1235 1308 μὲν
1273 1239 1346 1291 ὣν
1377 1239 1534 1302 emat,
1561 1239 1650 1290 ὅτε

1753 1252 1922 1306 eoque
1956 1237 2175 1291 functus
2205 1253 2396 1292 novem
2425 1243 2712 1310 etviginti.
2750 1247 2923 1300 Patris
2955 1250 3036 1301 sui
3071 1264 3293 1315 percus-

1751 1343 1903 1382 sores
1950 1328 2218 1397 supplicio
2271 1331 2474 1393 atl'ccit.
2533 1348 2721 1388 eorum
2769 1337 2970 1393 liberos
3011 1339 3297 1394 indemnes

1753 1418 1981 1484 dimisit,
2033 1420 2333 1473 secundum
2359 1422 2552 1489 legem,
2595 1425 2748 1493 cujus
2782 1425 2893 1480 hac
2925 1429 3090 1482 verba
3111 1438 3238 1483 sunt
3279 1447 3292 1482 :

1755 1509 1877 1563 Non
1914 1511 2201 1564 morientur
2251 1519 2425 1580 patres
2472 1530 2564 1581 pro
2603 1514 2749 1579 ﬁliis,
2798 1531 2962 1584 neque
3003 1520 3161 1590 etiam
3197 1519 3298 1585 ﬁltl

1754 1615 1848 1666 pro
1875 1600 2126 1668 patribus.
2165 1599 2332 1664 ldem,
2367 1601 2716 1668 expeditione
2749 1611 2937 1658 contra
2961 1604 3220 1660 Idumaeos
3245 1617 3301 1659 et

125 1699 198 1750 ὅτε
221 1699 309 1764 τῆς
329 1699 500 1766 ἀρχῆς
534 1697 731 1766 ἐπέϐη,
764 1696 926 1748 πέντε
953 1696 1053 1747 καὶ
1083 1697 1274 1748 είκοσι.
1323 1696 1567 1758 Ἦνυκὼς
1596 1696 1653 1748 δὲ

1755 1685 2118 1738 Amalechitas
2143 1696 2414 1754 suscepta,
2444 1687 2623 1741 socios
2648 1704 2713 1741 ex
2745 1690 3057 1747 lsraeliticis
3087 1694 3297 1762 stipeno

125 1787 204 1853 τὴν
250 1783 521 1852 βασιλείαν
565 1785 654 1836 ἐπ’
689 1784 971 1845 ἐνιαυτοὺς
1002 1784 1155 1836 ἐννέα
1192 1785 1284 1835 καὶ
1328 1782 1653 1848 εῐκοσιμκαὶ

1755 1775 1847 1827 dio
1874 1776 2152 1829 conduxit.
2175 1777 2280 1832 Sed
2306 1792 2428 1830 cum
2457 1779 2733 1847 prophetae
2755 1782 3037 1849 cujusdam
3070 1783 3300 1849 monitu,
3341 1836 3350 1842 ,

125 1877 230 1935 τοὺς
275 1875 571 1937 ἀνελόντας
614 1874 706 1924 τὸν
753 1873 966 1941 πατέρα
1010 1873 1172 1924 αὐτοῦ
1229 1872 1483 1936 κολάσας,
1529 1875 1654 1935 τοὺς

1757 1865 2035 1930 lsraelitis,
2069 1869 2374 1921 condonato
2401 1870 2694 1936 stipendio,
2731 1869 2992 1935 dimissis,
3021 1887 3145 1925 cum
3187 1873 3304 1927 suis

125 1964 320 2015 ἱκείνων
358 1936 556 2026 παῖδας
585 1963 796 2024 ἀθώους
823 1936 1026 2032 ἀφήκε,
1065 1963 1208 2015 κατά
1245 1963 1334 2014 τὸν
1363 1962 1526 2030 νόμον
1563 1963 1650 2015 λέ-

1757 1955 2020 2009 duntaxat
2051 1957 2403 2025 popularibus
2431 1960 2808 2013 administrate
2838 1962 3000 2026 bello,
3043 1962 3306 2026 barbaros

124 2069 288 2118 γοντα,
322 2055 442 2106 Οὐκ
496 2052 948 2107 ἀποθανοῦνται
1001 2053 1252 2120 πατέρες
1299 2055 1450 2119 ὑπὲρ
1487 2054 1651 2118 υιῶν,

1755 2054 2087 2114 superasset,
2147 2048 2280 2101 socii
2331 2047 2402 2101 ob
2462 2049 2776 2103 missionem
2841 2051 2990 2115 irati,
3047 2063 3102 2106 et
3147 2068 3305 2121 agros

121 2140 245 2193 οὐδέ
284 2144 488 2212 μέντοι
526 2143 636 2201 ,διὰ
703 2142 961 2210 πατέρας
1018 2145 1154 2197 υἱοί.
1227 2144 1324 2205 Ὃς
1377 2145 1470 2197 καὶ
1518 2143 1654 2197 κατὰ

1753 2136 2064 2190 Iudaeorum
2136 2138 2532 2202 incursarunt,
2601 2149 2657 2194 et
2703 2141 2904 2196 multos
2963 2141 3302 2196 occiderunt.

127 2240 217 2281 των
247 2230 558 2311 Ἰδουμαίων
574 2231 667 2284 καὶ
713 2231 1097 2300 Ἀμαληκιτῶν
1131 2232 1488 2303 στρατεύσας,
1518 2251 1654 2303 συμ·

1755 2223 2002 2279 Amesias
2051 2239 2215 2295 porro
2256 2242 2510 2282 successu
2548 2229 2746 2294 elatus,
2791 2224 3305 2306 religioneque_vio-

125 2321 305 2388 μάχους
334 2325 397 2374 ἐκ
433 2309 543 2374 τῶν
583 2319 929 2391 Ἰσραηλιτῶν
959 2322 1323 2391 ἐμισθώσατο.
1368 2325 1654 2394 Προφήτης

1755 2312 1885 2374 lata,
1917 2313 1983 2366 ad
2043 2313 2198 2368 Joam
2243 2315 2606 2381 lsraelitarum
2639 2311 2816 2388 regem
2856 2320 3164 2383 missitavit,
3209 2335 3305 2388 po-

127 1337 394 1407 ἀνερρήθη,
422 1337 748 1405 βασιλεύσας
784 1335 1061 1396 ἐνιαυτοὺς
1091 1333 1516 1403 τεσσαράκοντα,
1539 1334 1652 1384 ἐτε-

127 1427 381 1496 λεύτησεν,
416 1427 721 1496 ἀναιρεθεὶς
761 1428 910 1494 παρὰ
948 1425 1054 1476 τῶν
1085 1424 1431 1494 θεραπόντων
1467 1423 1647 1476 αὑτοῦ.

128 1520 221 1570 Καὶ
263 1519 355 1588 τήν
404 1518 681 1588 βασιλείαν
734 1518 830 1586 τῆς
873 1515 1225 1585 Ἰερουσαλὴμ
1273 1517 1301 1566 6
1331 1514 1442 1575 υίὸς
1486 1513 1650 1566 αὐτοῦ

135 1609 371 1674 Ἀμεσέας
394 1608 791 1678 περιεζώσατο,
824 1605 1053 1673 εὐσεϐὴς
1092 1605 1351 1672 γεγονὼς,
1387 1605 1519 1656 ἐτῶν
1554 1603 1649 1667 ὢν,

121 2407 168 2458 δέ
183 2427 255 2470 τις
271 2411 589 2464 καταλιπεῖν
603 2413 731 2474 τοὺς
759 2413 1092 2482 συμμάχους
1113 2414 1262 2482 αὐτῷ
1289 2413 1656 2475 συνεϐούλευε,

123 2497 201 2548 καὶ
222 2499 351 2564 μετά
385 2501 566 2568 μόνων
603 2501 708 2553 τῶν
733 2502 952 2554 οἰκείων
981 2501 1260 2554 διαθέσθαι
1284 2502 1374 2574 τὸν
1399 2501 1656 2572 πόλεμον.

123 2581 181 2655 ’ῼ
203 2588 460 2654 πεισθεὶς,
491 2590 730 2642 ἀπέλυσε
771 2593 895 2653 τοὺς
939 2592 1300 2660 Ἰσραηλίτας,
1331 2592 1425 2644 καὶ
1456 2592 1547 2645 τὸν
1576 2580 1662 2661 po-

125 2674 231 2726 σθὸν
265 2678 446 2740 αὐτοῖς
477 2679 845 2750 χαρισάμενος
865 2697 878 2711 ·
905 2681 1200 2750 συμϐαλὼν
1229 2681 1322 2734 οὖν
1344 2685 1457 2746 τοῖς
1507 2683 1660 2737 ἀὶλο-

125 2768 288 2833 φύλοις
307 2770 543 2839 ἐνίκησε.
562 2772 624 2823 Ol
642 2772 685 2825 δ’
703 2773 1065 2837 ἀπολυθέντες
1087 2772 1365 2844 σύμμαχοι
1384 2774 1658 2845 ὀργισθέν-

124 2873 218 2921 τες,
241 2863 333 2930 τήν
372 2879 433 2914 τε
477 2862 661 2932 χώραν
703 2861 814 2918 τῶν
865 2866 1132 2933 Ἰουδαίων
1170 2867 1530 2938 κατέδραμον,
1565 2870 1658 2923 καὶ

127 2948 331 3011 πολλοὺς
359 2951 588 3004 ἀνεῖλον.
632 2953 892 3022 Ἀμεσίας
925 2955 978 3006 δὲ
1006 2955 1094 3007 διά
1125 2955 1186 3008 τὸ
1218 2957 1500 3026 εὐτύχημα
1528 2975 1660 3027 φρο-

125 3039 469 3104 νςματισθεὶς,
521 3042 615 3093 καὶ
670 3043 948 3112 ἀσεϐήσας
998 3045 1092 3104 είς·
1128 3045 1281 3109 Θεὸν,
1326 3045 1659 3115 διεπέμψατο

126 3130 242 3197 πρὸς
283 3133 429 3196 Ἰωᾶς
457 3134 551 3186 τὸν
586 3135 834 3205 βασιλέα,
860 3136 1106 3188 ἀπαιτῶν
1135 3138 1270 3206 πρὸς
1293 3139 1655 3208 αὑτὸνῆξειν,

1756 2402 1967 2456 stulans
2011 2410 2072 2455 ut
2117 2403 2185 2455 ad
2241 2419 2299 2457 se
2349 2407 2582 2469 veniret,
2637 2406 2726 2459 cui
2769 2407 2996 2462 deberet
3040 2408 3307 2463 obedien-

1759 2493 1912 2557 tiam,
1976 2493 2178 2561 quippe
2234 2509 2266 2548 ε
2318 2494 2519 2548 Davide
2570 2505 2625 2549 et
2674 2496 2962 2551 Salomone
3015 2508 3304 2569 prognato.

1757 2583 1853 2638 llle
1883 2583 2178 2650 respondet
2223 2585 2290 2637 ad
2339 2583 2487 2638 hunc
2511 2585 2736 2640 modum
2786 2604 2801 2642 :
2842 2587 3018 2643 Bubus
3068 2607 3100 2642 α
3153 2591 3306 2644 cedro

1758 2675 1980 2742 petebat,
2037 2681 2095 2726 ut
2135 2676 2373 2742 ipsorum.
2407 2674 2553 2728 liberi
2603 2676 2854 2745 aﬁlnimte
2881 2679 3234 2749 jungerentur
3286 2695 3306 2733 :

1756 2764 1846 2815 sed
1871 2765 2071 2817 interea
2103 2764 2259 2817 rubus
2286 2781 2318 2817 ο
2357 2763 2480 2833 feris
2512 2767 2843 2820 conculcatus
2870 2773 3044 2838 periit.
3080 2773 3193 2825 Hoc
3215 2771 3310 2823 tibs’

1759 2869 1854 2924 pro
1889 2855 2123 2925 exemplo
2160 2858 2227 2908 sit
2274 2858 2426 2918 satis,
2483 2873 2647 2925 neque
2697 2859 2928 2927 eﬂ‘erars's
2981 2862 3041 2913 ob
3087 2861 3310 2929 feliciter

1758 2955 1918 3023 ctc'sos
1950 2945 2224 3008 barbaros,
2259 2960 2424 3023 neque
2461 2945 2723 3014 'populum
2752 2956 2895 3000 tuum
2927 2966 2987 3001 ac
3013 2953 3229 3019 teipsum
3253 2954 3310 3006 iis

1757 3016 2004 3104 periculus
2039 3036 2338 3103 conjeceris.
2382 3016 2464 3090 Ob
2509 3039 2623 3090 haec
2673 3039 2845 3094 iratus
2887 3016 3152 3107 Amesias,
3196 3045 3311 3101 Joaz

1758 3124 1959 3178 bellum
2009 3124 2196 3179 infert.
2255 3125 2360 3180 Sed
2413 3128 2686 3182 exercitus
2724 3131 2842 3200 ejus
2869 3140 3014 3185 metu
3057 3144 3308 3189 conster-

121 3218 183 3280 ὡς
205 3223 514 3278 ὑποκεῖσθαι
549 3228 596 3278 οί
630 3228 930 3294 ὀφείλοντα,
961 3229 1210 3298 ἀπογόνῳ
1239 3227 1400 3282 Δαϐὶδ
1432 3233 1525 3284 καὶ

1759 3223 1940 3279 natus,
1976 3215 2030 3269 in
2064 3215 2246 3285 fugam
2298 3219 2535 3272 vertitur
2569 3235 2583 3282 ;
2620 3220 2733 3288 ipse
2766 3235 2794 3273 ο
2833 3221 2947 3275 suis
2993 3223 3307 3287 destitutus,
3347 3229 3358 3236 ’

122 3307 368 3378 λομῶντος
404 3319 746 3385 τυγχάνοντι.
812 3319 870 3371 '0
905 3319 959 3371 δὲ
993 3297 1402 3385 ἀνταπέστειλε,
1442 3297 1654 3393 μηνύων

1758 3307 1971 3375 capitur
2004 3307 2072 3359 ab
2117 3307 2392 3374 hostibus,
2447 3309 2514 3361 ad
2564 3310 2714 3363 Joam
2765 3311 3082 3378 adducitur,
3146 3332 3306 3383 quem

121 3400 267 3470 αὐτῷ,
297 3403 370 3464 ὡς
423 3405 466 3458 Τ
470 3409 548 3472 ὴν
594 3408 805 3474 κέδρον
840 3409 878 3474 ἢ
919 3410 1102 3475 ἄκνος
1135 3411 1311 3477 ἠξίου
1344 3412 1527 3478 κῆδος
1562 3415 1654 3466 ἐπὶ

1755 3399 1848 3453 ille
1890 3399 2134 3452 vinctum
2179 3399 2408 3462 ducens,
2461 3400 2836 3471 Hierosolyma
2877 3405 3048 3468 venit,
3101 3417 3307 3474 partem

122 3489 229 3555 τοῖς
250 3495 416 3566 arma!
447 3492 574 3561 τοῖς
605 3500 843 3563 οἰκείοις
869 3501 1264 3565 ποιήσασθαι·
1292 3503 1363 3554 ἐν
1389 3506 1654 3566 τοσούτῳ

1755 3490 1896 3542 muri
1928 3490 2119 3553 diruit,
2143 3504 2208 3543 ea
2240 3505 2403 3543 curru
2433 3490 2730 3556 invehitur,
2787 3509 2975 3549 sacros
3002 3497 3310 3563 thesauros,

119 3578 178 3631 δὲ
199 3589 260 3653 τὰ
283 3589 452 3654 θηρία
479 3589 584 3641 τοῦ
617 3575 800 3656 ἀλφοῦ
842 3590 1276 3657 παρερχόμενα,
1311 3591 1654 3658 συνεπάτη-

1753 3590 1808 3634 οι
1839 3581 2102 3649 quidquid
2134 3581 2190 3634 in
2216 3582 2362 3648 regia
2390 3585 2688 3648 repositum
2717 3594 2858 3648 erat,
2896 3587 3096 3654 aufert,
3158 3593 3310 3644 solu-

118 3686 224 3724 σαν
239 3675 346 3741 τὴν
372 3677 583 3742 dxi-or,
613 3681 710 3732 καί
742 3678 1032 3734 ἀπώλετο.
1063 3680 1248 3734 Τοῦτό
1278 3697 1377 3742 σοι
1408 3683 1654 3748 ἀρκετὸν

1757 3680 1923 3752 toque
1971 3671 2212 3734 Amesia,
2238 3671 2535 3726 Samariam
2583 3689 2852 3741 reversus,
2907 3677 3119 3733 decimo
3158 3692 3311 3735 sexto

119 3763 192 3826 εις
217 3768 577 3838 παράδειγμα
595 3785 608 3798 ·
643 3771 742 3823 καί
762 3771 848 3840 μὴ
882 3771 971 3824 ὅτι
1000 3773 1362 3840 εὐτύχησας,
1390 3775 1654 3840 πατάξας

1757 3759 1912 3828 regni
1947 3774 2094 3813 anno
2130 3761 2383 3826 moritur,
2429 3762 2622 3816 relicto
2669 3779 2988 3820 successore
3015 3769 3128 3821 lilio
3155 3769 3309 3823 Jero-

118 3854 242 3920 τοὺς
257 3857 664 3928 ἀλλοφύλους,
684 3862 914 3930 μεγάλα
933 3864 1160 3930 φρόνει,
1183 3863 1342 3931 μηδέ
1382 3866 1654 3919 τὸν-λαόν

1757 3851 1974 3906 boamo.
2024 3853 2270 3908 Amesias
2322 3862 2505 3908 autem
2567 3865 2690 3922 post
2749 3856 2863 3909 hrec
2923 3873 3021 3925 per
3083 3858 3310 3914 insidias

116 3957 218 3995 σου
259 3947 355 3999 καὶ
404 3948 624 4001 ἑαυτὸν
683 3952 770 4014 εις
821 3953 1148 4016 κινδύνους
1172 3951 1458 4005 συνώθει.
1517 3955 1654 4022 Πρὸς

1756 3942 2069 4006 occiditur,
2124 3958 2270 4004 anno
2332 3943 2507 3996 aetatis
2561 3946 3010 4013 quinquagesimo
3065 3961 3307 4018 quarto,

119 4032 267 4085 ταῦτα
321 4037 596 4106 ὀργισθεὶς
663 4040 956 4106 Ἀμεσίας,
1022 4040 1308 4109 στρατεύει
1360 4041 1500 4092 κατά
1559 4042 1654 4093 τοῦ

1754 4033 1905 4102 regni
1937 4033 2215 4087 tricesimo
2242 4048 2408 4086 nono.
2450 4033 2610 4088 Ozias
2641 4034 2784 4090 lilius
2811 4038 2930 4107 ejus
2959 4055 3052 4093 rex
3088 4042 3308 4112 inungi-

142 4121 295 4185 Ιωάς·
338 4125 590 4191 φόϐος-δ’
623 4130 888 4196 ἐμπίπτει
941 4132 1006 4199 τῇ
1053 4131 1218 4182 αὐτοῦ
1262 4131 1513 4199 στρατιᾷ,
1557 4131 1652 4182 καὶ

1753 4135 1841 4179 tur
1870 4139 2043 4178 annos
2069 4122 2341 4178 sexdecim
2367 4132 2546 4178 natus.

114 4214 350 4278 τρέπεται
373 4215 450 4273 είς
477 4217 674 4282 φυγήν.
707 4217 982 4279 Μονωθεὶς
1005 4217 1061 4270 δὲ
1097 4217 1367 4286 Ἀμεσίας,
1428 4216 1860 4282 συλλαμϐάνεται
1926 4211 2080 4284 παρὰ
2144 4210 2252 4264 τῶν
2284 4211 2580 4282 πολεμίων,
2607 4217 2699 4267 καὶ
2745 4217 3014 4282 ἀπάγεται
3052 4222 3184 4289 πρὸς
3215 4224 3308 4274 τὸν

125 4303 277 4368 Ίωάς.
312 4308 368 4361 'O
400 4308 456 4361 δὲ
486 4311 706 4379 δέσμιον
740 4313 889 4380 ἄγων
919 4309 1285 4383 αὑτὸν,ήλθεν
1323 4314 1402 4374 είς
1482 4312 1863 4382 Ἰερουσαλὴμ,
1905 4311 1999 4362 καὶ
2046 4306 2293 4360 καθελὼν
2365 4308 2458 4360 τοῦ
2533 4311 2745 4377 τείχους
2799 4311 2982 4380 μέρος,
3053 4315 3307 4384 εξσήλασε

112 4393 189 4444 διὰ
206 4393 293 4446 τοῦ
322 4397 738 4467 καθαιρεθέντος
763 4402 842 4463 είς
866 4401 964 4470 τὴν
984 4402 1141 4456 πόλιν
1188 4403 1275 4470 ἐφ’
1306 4403 1571 4470 ἅρματος,
1598 4403 1692 4453 καὶ
1731 4390 1985 4469 ἀφείλετο
2008 4400 2133 4461 τοὺς
2167 4414 2226 4448 τε
2266 4397 2443 4463 ἱεροὺς
2508 4397 2827 4466 θησαυροὺς,
2857 4403 2948 4454 καὶ
2981 4405 3078 4456 ὃσα
3111 4407 3168 4458 ὲν
3198 4410 3307 4466 τοῖς

116 4482 383 4548 βασιλείοις
410 4489 686 4542 ἀπέκειτο.
718 4493 826 4544 Καὶ
864 4492 1031 4552 λύσας
1054 4491 1144 4542 τὸν
1185 4492 1466 4558 ’Δμεσίαν,
1524 4491 1825 4558 ἐπανῆλθεν
1884 4492 1965 4550 είς
2025 4489 2128 4556 τὴν
2189 4488 2518 4559 Σαμάρειαν.
2549 4491 2652 4541 Καὶ
2686 4490 3003 4559 βασιλεύσας
3036 4496 3101 4548 τὰ
3131 4498 3306 4552 πάντα

116 4578 166 4640 ἒξ
197 4582 282 4631 καὶ
303 4582 431 4632 δέκα
462 4582 555 4651 ἐτη
580 4583 828 4652 τελευτᾷ,
857 4585 951 4635 καὶ
978 4585 1329 4636 ἐϐασίλευσεν
1371 4586 1654 4654 Ίεροϐοὰμ
1691 4588 1717 4638 6
1746 4587 1854 4647 υἱὸς
1881 4586 2064 4638 αὐτοῦ.
2111 4584 2365 4653 Ἀμεσίας
2404 4584 2458 4636 δὲ
2503 4586 2640 4653 μετὰ
2665 4587 2835 4641 ταῦτα
2902 4591 3304 4660 ἐπιϐουλευθεὶς

113 4672 352 4741 ἀνῃρέθη,
377 4674 550 4740 ζήσας
593 4676 864 4746 τέσσαρας
906 4678 1184 4741 ἐνιαυτοὺς
1225 4683 1318 4732 καὶ
1394 4684 1752 4749 πεντήκοντα,
1816 4681 2140 4750 βασιλεύσας
2184 4680 2242 4733 δέ
2303 4678 2475 4732 εἴκοσι
2542 4683 2633 4732 καὶ
2696 4683 2866 4735 ἐννέα.
2940 4685 3191 4758 Ἐχρίσθη
3249 4691 3304 4743 δὲ

114 4761 345 4826 βασιλεὺς
373 4766 401 4815 6
442 4765 554 4825 υίὸς
583 4764 748 4816 αὑτοῦ
778 4765 981 4833 Ὀζίας,
1011 4768 1148 4820 ἐτῶν
1178 4769 1435 4839 ὑπάρχων
1467 4770 1774 4835 ἑξκαίδεκα.
2639 4829 2642 4833 .

81 4916 86 4920 ι
174 4853 300 4906 KA'.
341 4854 621 4926 Ἱεροϐοὰμ
659 4857 714 4909 δὲ
747 4860 929 4919 ὸ,υἰὸς
973 4861 1138 4920 Ὶωάς
1181 4863 1382 4931 ἀσεϐὴς
1431 4862 1652 4928 ἐγένετο

1825 4850 1963 4917 XXI.
2015 4863 2370 4919 Jeroboamus
2418 4869 2598 4916 autem
2648 4863 2758 4917 Joa:
2812 4864 2952 4919 [ilius
2982 4907 2995 4928 ,
3055 4873 3304 4936 quamvis

111 4943 191 4992 καὶ
224 4945 556 5012 παράνομος.
596 4947 705 4998 Καὶ
748 4947 989 5010 τοιοῦτος
1034 4949 1090 5000 δὲ
1121 4948 1216 5010 ὢν,
1246 4951 1338 5003 τοῦ
1384 4950 1519 5002 Θεοῦ
1556 4952 1646 5002 τὸν

1760 4961 1910 5006 esset
1970 4952 2170 5020 impius
2229 4962 2284 5006 et
2330 4952 2466 5020 legis
2512 4963 2870 5023 cootemptor,
2950 4965 3150 5021 tamen,
3196 4960 3304 5013 υρθ

113 5029 434 5099 Ἰσραηλίτην
481 5034 606 5085 λαὸν
664 5025 985 5103 ἐλεήσαντος
1041 5039 1484 5106 ταπεινωθέντα,
1537 5045 1649 5104 τοῖς

1753 5040 2030 5094 lsraelitici
2078 5043 2265 5112 populi
2322 5043 2593 5097 submisse
2647 5047 2998 5113 se‘gerentis
3055 5050 3299 5114 miserta,

113 5121 289 5189 Σὸροις
323 5123 634 5192 πολεμήσας
663 5125 906 5195 ἐνίκησε,
937 5127 1030 5179 τοῦ
1061 5132 1342 5199 προφήτου
1370 5131 1525 5185 Ἰωνᾶ
1555 5132 1651 5202 τὴν

1753 5129 2024 5184 victoriam
2077 5141 2268 5186 contra
2323 5133 2491 5202 Syros
2532 5142 2615 5187 est
2661 5135 2908 5201 adeptus,
2941 5151 2968 5189 a
3002 5137 3135 5192 lona
3176 5158 3301 5209 pro-

113 5212 248 5280 νίκην
280 5214 424 5283 αὐτῷ
453 5215 975 5285 προιγορεύσαντος.
1012 5217 1212 5271 Τοῦτον
1241 5222 1330 5272 τὸν
1363 5225 1647 5292 προφήτην

1753 5221 1903 5289 pheta
1933 5223 2252 5290 praedictam
2286 5242 2299 5275 :
2340 5239 2501 5291 quem
2524 5224 2670 5276 Deus
2695 5223 2925 5278 Niniven
2955 5228 3123 5292 misit,
3152 5231 3299 5284 urbis

115 5301 413 5354 ἀπέστειλεν
444 5307 471 5356 6
495 5305 628 5368 Θεὸς
659 5308 736 5368 είς
767 5307 955 5376 Νινευῒ
1004 5309 1101 5376 τὴν
1140 5311 1316 5373 πόλιν,
1349 5313 1652 5382 κηρύξοντα

1753 5313 2012 5365 excidium
2051 5319 2106 5365 et
2135 5313 2318 5381 populi
2356 5314 2640 5366 interitum
2674 5317 3146 5372 annuntiaturum.
3206 5321 3298 5373 Ille

115 5393 474 5463 καταστροφὴν
495 5396 683 5465 αὐτῆς,
697 5397 788 5448 καὶ
811 5397 918 5449 τῶν
940 5398 1234 5452 Νινευῖτῶν
1255 5401 1438 5466 έξολόθ
1448 5421 1650 5471 ρευσιν.

124 5476 172 5530 '0
223 5482 279 5533 δὲ
324 5483 422 5534 οὒκ
481 5486 668 5555 ἀπῄει,
726 5487 838 5541 ἀλλ’
889 5489 1282 5560 ἀπεδίδρασκεν
1331 5495 1412 5555 είς
1471 5495 1651 5548 πλοῖον

116 5569 296 5637 ἐμϐάς.
341 5572 620 5637 κλύδωνος
666 5578 721 5630 δέ
749 5579 1054 5646 γεγονότος,
1082 5582 1115 5649 ή
1157 5582 1285 5642 ναῦς
1328 5585 1650 5638 ἐκινδύνευε.

118 5658 211 5712 Καὶ
235 5661 303 5713 κλ
319 5662 422 5730 ’,ρῳ
447 5663 556 5715 τῶν
585 5667 929 5733 ἐμπλεόντων
952 5671 1310 5739 πειρωμένων
1340 5688 1393 5738 γι.
1409 5673 1538 5724 ὦναι
1564 5675 1652 5726 τὸν

121 5750 298 5813 αἰτιον,
326 5752 618 5822 κληροῦται
641 5758 668 5807 6
698 5757 904 5824 Ἰωνᾶς,
952 5763 1044 5813 καὶ
1075 5763 1220 5832 ὅστις
1254 5765 1335 5829 εῐη
1371 5766 1653 5835 ἀνακρινόο

119 5853 284 5907 μενος,
315 5842 519 5905 ἐκεῖνος
563 5846 630 5898 τὰ
677 5847 802 5900 καθ’
836 5851 1028 5903 ἑαυτὸν
1070 5853 1383 5921 διήγήσατο,
1416 5858 1504 5908 καὶ
1554 5859 1650 5924 έμ-

1745 5416 1875 5454 vero
1894 5416 2003 5454 non
2025 5401 2158 5466 abit,
2184 5404 2278 5456 sed
2303 5418 2597 5456 conscensa
2623 5406 2744 5458 navi
2770 5406 2925 5476 fugit.
2953 5407 3081 5462 Orta
3113 5420 3295 5463 autem

1749 5491 1902 5560 107
1938 5502 2272 5561 tempestate,
2305 5496 2614 5550 vectoribus
2641 5508 2840 5552 sortem
2868 5500 3198 5568 jacientibus
3227 5506 3294 5554 ad

1745 5585 2182 5649 cognoscendam
2229 5600 2449 5639 causam
2481 5586 2646 5651 illius,
2678 5603 2797 5642 sors
2837 5589 2892 5642 in
2923 5589 3111 5644 Ionam
3151 5596 3297 5647 ceci-

1745 5674 1824 5726 dit
1851 5691 1863 5723 :
1895 5675 1988 5743 qui
2040 5687 2257 5746 rogatus
2303 5661 2426 5747 quis
2459 5689 2646 5743 esset,
2685 5681 2958 5749 negotium
3007 5699 3163 5738 suum
3205 5703 3298 5746 cx-

1748 5767 1922 5833 ponit,
1950 5783 2116 5836 seque
2139 5770 2190 5822 in
2222 5786 2370 5824 mare
2393 5772 2553 5839 abjici
2570 5772 2753 5845 jubet,
2773 5788 2952 5842 neque
2973 5779 3115 5831 enim
3141 5780 3298 5835 aliter

1749 5859 2045 5922 periculum
2073 5877 2349 5915 evasuros.
2396 5863 2471 5916 Eo
2509 5863 2743 5925 abiecto,
2791 5876 3078 5928 tempestas
3114 5856 3294 5925 sedata
