4004 6328
627 421 727 504 2n
1903 434 2216 495 JOANNIS
2248 404 2562 490 ZONARxE
3118 404 3124 410 ’
3362 451 3364 453 ›
3725 414 3822 477 212

633 572 812 624 regem
827 572 984 610 suum
998 572 1155 610 oraru
1165 566 1241 618 nt,
1264 567 1317 609 ut
1333 556 1610 610 Israelitiei
1623 555 1835 625 generis
1856 554 2167 607 sacerdotes

2284 565 2474 618 Κούθου
2495 563 2848 630 καλουμένου,
2878 558 3178 629 μετῴκισεν
3203 558 3280 618 εἰς
3305 554 3618 623 Σαμάρειαν
3641 551 3734 603 καὶ
3753 551 3825 612 είς

633 648 738 700 sibi
783 649 1040 711 mitteret,
1098 665 1128 701 a
1189 649 1385 716 quibus
1447 648 1798 702 llebrznorum
1855 648 2172 716 religionem

2284 658 2381 725 τὴν
2410 656 2594 725 χώραν
2628 653 2813 721 αὐτῆς.
2863 649 3232 720 Μετήχθησαν
3261 647 3354 700 οῦν
3403 647 3460 697 at
3493 645 3626 697 δέκα
3669 642 3825 710 φυλαὶ

629 736 1009 792 edocerentur.
1048 738 1162 803 Quo
1186 742 1345 801 facto,
1379 739 1496 791 lues
1519 737 1606 790 illa
1633 739 1861 807 grassari
1885 738 2064 792 desiit.
2094 739 2174 792 Ab

2284 746 2386 798 τῶν
2436 745 2796 815 Ἰσραηλιτῶν
2860 742 3000 811 μετά
3077 738 3368 791 ἐννακόσια
3425 734 3827 802 τεσσαράκοντα

633 824 870 882 llebrznis
899 830 1104 883 Cliutzei
1143 830 1502 898 appellantur,
1532 843 1561 880 a
1589 828 1790 882 Graecis
1822 827 2167 885 Samaritani.

2284 837 2419 891 ἐπτὰ
2445 837 2564 905 ἔτη,
2595 837 2778 900 ὲξότου
2798 834 2896 903 τὴν
2920 834 3194 900 Αίγυπτον
3218 829 3470 890 λιπόντες
3497 824 3791 894 ἐξήλθοσαν
3810 837 3824 854 ο

632 919 771 982 μετὰ
809 935 867 970 τε
898 919 1145 972 διακόσια
1185 921 1616 989 τεσσαράκοντα,
1648 920 1742 972 καὶ
1791 920 1967 988 μῆνας
2017 922 2178 986 ἑπτὰ,
2214 926 2398 988 ἐξότου
2447 928 2839 986 καταλιπόντες
2881 925 2973 975 τὸν
3049 920 3304 990 Ῥοϐοάμ,
3349 919 3554 971 εἵλοντο
3623 914 3824 973 ἑαυτοῖς

626 1011 707 1069 εὶς
737 1008 956 1076 βασιλέα
989 1012 1078 1063 τὸν
1109 1012 1409 1080 ’ἰεροὸοάμο
1439 1014 1498 1064 Οἱ
1527 1012 1583 1062 δὲ
1617 1011 2054 1079 μετοικισθέντες
2120 1017 2200 1078 εἰς
2237 1019 2335 1087 τὴν
2367 1020 2702 1088 Σαμάρειαν,
2773 1014 3033 1068 Χουθαῖοι
3065 1012 3415 1079 καλούμενοι,
3447 1013 3510 1060 ἐκ
3541 1007 3637 1059 τοῦ
3660 1006 3826 1056 ’τόπου

626 1100 682 1148 ἐν
703 1096 745 1166 ᾦ
767 1100 1044 1169 κατῴκουν
1075 1103 1134 1154 τὸ
1160 1103 1286 1168 πρὶν
1311 1104 1367 1153 ἐν
1393 1103 1632 1171 Περσίδι,
1658 1102 1819 1159 πέντε
1849 1102 2000 1165 ὄντες
2058 1105 2206 1175 ἔθνη,
2247 1110 2370 1171 τοὺς
2413 1109 2572 1170 ἰδίους
2611 1108 2766 1168 θεοὺς
2826 1105 2920 1157 καὶ
2974 1100 3129 1164 αὖθις
3186 1101 3536 1169 ἐθρήσκευον.
3605 1096 3696 1156 Ὠς
3726 1092 3829 1170 Χμὲν

624 1191 715 1242 οὖν
751 1194 782 1260 ή
832 1193 1064 1263 τετάρτη
1110 1195 1216 1245 τῶν
1257 1194 1551 1262 Βασιλειῶν
1584 1195 1750 1262 λέγει,
1793 1197 2013 1259 λέοντας
2059 1199 2339 1270 ἐξήγειρεν
2375 1204 2402 1253 ὁ
2468 1202 2620 1263 Θεὸς,
2690 1191 2786 1254 καὶ
2846 1197 3118 1265 διέφθειρε
3149 1195 3380 1256 πολλοὺς
3407 1193 3462 1257 ἐξ
3501 1189 3717 1243 αὐτῶν·
3762 1186 3828 1247 ὡς

624 1283 680 1334 δὲ
710 1285 970 1353 Ἰώσηπος
1005 1286 1226 1354 ἱστορεῖ,
1256 1286 1442 1352 λοιμὸς
1477 1286 1656 1346 αὐτοῖς
1694 1287 1982 1355 ἐνέσκηψε.
2042 1290 2263 1353 Γνόντες
2328 1293 2382 1344 δὲ
2424 1293 2543 1344 κατ’
2606 1291 2775 1360 ὀργὴν
2832 1289 2921 1340 τοῦ
2947 1286 3082 1340 Θεοῦ
3116 1286 3328 1337 ἐπιέναι
3357 1283 3543 1342 αὐτοῖς
3569 1282 3641 1331 τά
3666 1277 3829 1336 κακὰ,

624 1379 716 1429 τοῦ
746 1370 1007 1446 σφετέρου
1039 1378 1300 1447 βασιλέως
1334 1380 1538 1431 ἐδέοντο
1569 1379 1730 1448 ἱερεῖς
1757 1380 1960 1432 στεῖλαι
1987 1383 2171 1445 αὐτοῖς
2208 1385 2272 1435 ἐκ
2337 1385 2444 1436 τῶν
2496 1382 2862 1453 Ἰσραηλιτῶν,
2913 1382 2979 1434 ἵν’
3013 1380 3209 1440 αὐτοὺς
3245 1377 3345 1444 τὴν
3409 1373 3517 1426 τῶν
3569 1371 3835 1438 Ἐϐραίων

623 1471 917 1539 θρησκεΐαν
975 1473 1296 1540 μυήσωσιν·
1362 1465 1421 1524 οῦ
1453 1510 1456 1521 .
1487 1473 1802 1539 γενομένου,
1854 1474 2131 1526 ἐπαύσατο
2180 1477 2211 1545 ἠ
2289 1477 2485 1546 φθορά.
2538 1456 2844 1528 Καλοῦνται
2919 1473 2977 1526 δὲ
3048 1470 3196 1540 παρὰ
3243 1470 3342 1538 μὲν
3382 1466 3492 1518 τῶν
3554 1460 3832 1532 Ἐϐραίων

627 1566 908 1625 Χουθαῖοι,
956 1566 1092 1632 πρὸς
1144 1565 1199 1616 δὲ
1228 1565 1336 1615 τῶν
1385 1565 1653 1633 Ἑλλήνων
1678 1567 2035 1635 Σαμαρεῖται.

691 1654 881 1707 XXIII.
928 1654 1085 1706 Anno
1121 1653 1326 1706 Ezeciaa
1375 1654 2024 1725 regisllierosolymitani
2075 1657 2170 1711 de-

2343 1653 2467 1708 Kl".
2517 1655 2606 1706 'Ev
2637 1654 2693 1706 δὲ
2737 1653 2813 1720 τῷ
2846 1643 3434 1720 τεσσαρεσκαιδεκάτη)
3469 1647 3579 1698 ἔτει
3605 1646 3706 1712 τῆς
3743 1642 3838 1712 βα-

622 1745 764 1800 cimo
793 1751 1008 1811 quarto,
1040 1741 1387 1796 Senaclierim
1417 1759 1508 1796 rex
1541 1743 1881 1813 Assyriorum
1932 1746 2172 1815 Judteam

2284 1747 2482 1808 σιλείας
2524 1745 2768 1808 Ἐζεκίου
2801 1742 2895 1794 τοῦ
2927 1743 3027 1809 τῆς
3074 1738 3442 1808 Ἰερουσαλὴμ
3490 1736 3783 1804 βασιλέως,
3811 1737 3838 1785 ὁ

622 1834 820 1886 invasit
852 1850 865 1885 :
901 1833 994 1901 qui
1025 1847 1147 1886 cum
1194 1834 1373 1890 omnia
1412 1833 1610 1902 oppida
1646 1835 1876 1889 duarum
1931 1836 2172 1890 tribuum

2284 1839 2381 1890 τῶν
2441 1836 2747 1904 Ἀσσυρίων
2801 1831 3102 1900 βασιλεύων
3152 1829 3500 1897 Σεναχηρεὶμ
3539 1825 3743 1894 ἐπῆλθε
3775 1827 3838 1894 τῇ

622 1925 876 1992 cepisset,
906 1923 1124 1978 Ezecias
1162 1921 1549 1992 Hierosolymis
1575 1933 1844 1989 metuens,
1874 1927 2079 1996 legatos
2106 1927 2173 1980 ad

2285 1927 2538 1995 Ἰουδαίᾳ,
2567 1924 2661 1978 καὶ
2686 1924 2866 1985 πάσας
2892 1917 3001 1974 εἷλε
3027 1921 3125 1980 τὰς
3156 1920 3338 1982 πόλεις
3361 1918 3468 1970 τῶν
3497 1916 3607 1970 δύω
3633 1914 3837 1983 φυλῶν.

621 2005 745 2063 θιιίη
776 2012 966 2074 mittit,
992 2027 1048 2065 se
1084 2012 1346 2067 tributum
1376 2013 1426 2066 ei
1462 2015 1856 2080 pensitaturum
1887 2017 2171 2085 pollicens,

2284 2018 2467 2079 Δείσας
2514 2017 2571 2068 δὲ
2610 2014 2860 2077 Ἐζεκίας
2898 2014 3029 2081 περὶ
3081 2015 3144 2082 τῇ
3189 2007 3571 2078 Ἰερουσαλὴμ,
3599 2006 3858 2080 suumn.

623 2104 770 2171 quod
805 2103 1081 2171 iussisset.
1133 2101 1554 2157 Senacherimns
1607 2116 1789 2159 autem
1836 2108 2044 2175 argenti
2090 2118 2174 2161 ta-

2284 2126 2435 2160 ττεται
2473 2109 2608 2177 πρὸς
2634 2108 2821 2170 αὑτὸν,
2859 2104 3290 2173 ὑπισχνούμενος
3316 2101 3520 2154 διδόναι
3553 2099 3748 2166 φόρον,
3776 2096 3837 2147 ὃν

621 2195 766 2248 lenta
805 2195 961 2263 ιῙο
992 2202 1252 2257 trecenta,
1301 2195 1421 2248 auri
1474 2196 1664 2264 viginti
1724 2197 2017 2264 postulavit
2062 2215 2075 2250 :
2120 2206 2176 2252 et

2284 2199 2339 2251 iv
2370 2199 2519 2269 αὐτῷ
2563 2199 2884 2264 ἐπενέγκοι*
2931 2195 3276 2263 Σεναχηρεὶμ
3321 2193 3378 2244 δὲ
3417 2188 3712 2260 τριακόσια
3743 2185 3842 2255 μὲν

621 2293 965 2338 sacramento
999 2284 1343 2353 interposito,
1387 2284 1454 2339 iis
1500 2287 1758 2354 acceptis,
1807 2303 1864 2342 se
1904 2290 2176 2344 discessu-

2284 2288 2783 2359 ἀργύρουζτάλαντα
2803 2325 2818 2349 ,
2853 2285 3061 2355 χρυσοῦ
3093 2286 3147 2338 δὲ
3179 2283 3473 2353 τριάκοντα
3507 2279 3701 2348 ᾔτησε,
3753 2277 3845 2326 καὶ

632 2389 755 2425 rum
814 2372 1122 2441 pollicetur.
1176 2372 1383 2438 Quibus
1427 2375 1718 2444 appensis,
1783 2376 1897 2446 ipse
1953 2379 2174 2446 quidem

2284 2382 2486 2443 πίστεις
2543 2380 2832 2446 ἑνομότους
2891 2375 3256 2447 παρέσχεν,ἣ
3304 2374 3409 2443 μὴν
3460 2370 3845 2438 ἀναχωρήσειν

2276 2473 2324 2525 εἰ
2355 2473 2527 2524 ταῦτα
2553 2471 2730 2524 λάὸοι.
2761 2469 2955 2524 Λαὸὼν
2976 2468 3053 2532 δὲ,
3083 2467 3243 2528 αὐτὸς
3272 2449 3374 2534 μὲν
3402 2464 3490 2515 ἐπ’
3507 2459 3847 2528 -Αίγυπτίους

2277 2565 2502 2634 ὥρμησε
2550 2564 2652 2616 καὶ
2697 2550 2987 2623 Αἰθίοπας.
3028 2560 3133 2611 Τὸν
3163 2558 3221 2610 δὲ
3261 2554 3706 2625 ἀρχιστράτηγον
3747 2550 3847 2602 αύ-

624 2654 680 2696 et
716 2658 908 2710 magno
941 2642 1185 2695 exercitu
1223 2643 1285 2695 ad
1320 2641 1577 2697 vastanda
1612 2644 1978 2715 Hierosolyma
2008 2650 2174 2701 relino

2284 2655 2370 2708 τοῦ
2410 2654 2692 2722 Ῥαψάκην
2733 2657 2829 2706 σὺν
2859 2652 2980 2705 δυσὶ
3013 2652 3341 2719 στρατηγοῖς
3373 2649 3579 2714 ἑτέροις
3611 2644 3710 2696 καὶ
3751 2642 3848 2693 δυ-

624 2736 764 2804 quit.
794 2734 920 2800 Qui,
954 2734 1242 2804 aggeribus
1277 2743 1400 2788 ante
1433 2736 1630 2789 mmnia
1663 2738 1934 2801 excitatis,
1966 2738 2031 2791 ad
2067 2739 2178 2794 col-

2284 2744 2436 2812 νάμει
2481 2743 2677 2812 βαρείᾳ
2721 2741 3002 2802 κατέλιπε,
3035 2739 3132 2807 τὴν
3169 2734 3534 2804 Ἰερουσαλὴμ
3564 2729 3849 2797 ἐκπορόήο

623 2827 866 2895 loquium
894 2835 1123 2881 evocant
1153 2826 1418 2880 Ezeciam.
1453 2827 1652 2882 Verum
1682 2829 1729 2904 is
1754 2844 1812 2883 se
1829 2831 2171 2885 committere

2284 2850 2494 2895 σοντας.
2536 2835 2599 2885 Ol
2631 2832 2687 2884 δὲ
2728 2833 2835 2900 πρὸ
2875 2831 2982 2883 τῶν
3031 2828 3232 2898 τειχῶν
3283 2826 3570 2895 βαλόμενοι
3599 2823 3850 2891 χάρακα,

625 2920 734 2972 illis
771 2935 878 2972 non
905 2934 1087 2981 ausus,
1122 2928 1231 2972 tres
1258 2935 1322 2972 cx
1350 2919 1631 2975 honoratis
1664 2921 1930 2976 ministris
1956 2922 2070 2976 suis
2111 2924 2177 2977 ad

2284 2925 2524 2992 ἐντυχεῖν
2547 2924 2774 2992 ἐζήτουν
2795 2921 2872 2990 τῷ
2894 2920 3134 2990 Ἐζεκίᾳ.
3164 2918 3305 2973 Ἀλλ’
3337 2917 3541 2975 ἐκεῖνος
3578 2913 3678 2982 μὲν
3706 2914 3850 2964 άπε-

627 3012 752 3064 illos
790 3011 956 3063 misit.
993 3011 1129 3063 Tum
1159 3011 1236 3064 illi
1272 3029 1286 3065 :
1316 3010 1371 3064 Si
1394 3010 1681 3081 zEgyptiis,
1719 3012 1995 3080 inquiunt,
2040 3012 2175 3068 Eze-

2284 2983 2542 3085 Βειλίασεν
2586 2983 2856 3076 ἐξελθεῖν,
2878 2983 3026 3076 τρεῖς
3060 2983 3116 3059 δὲ
3163 3007 3287 3068 τοὺς
3320 3003 3468 3072 αὐτῷ
3500 3001 3853 3070 τιμωμένους

626 3103 734 3153 cias
769 3100 931 3168 fretus
976 3107 1050 3151 est
1074 3140 1088 3160 ,
1121 3099 1311 3151 delirat
1363 3116 1465 3151 non
1515 3102 1684 3153 minus
1723 3118 1882 3167 quam
1922 3103 2019 3172 qui
2053 3119 2173 3156 con—

2284 3103 2380 3156 τῶν
2408 3103 2505 3156 ὑπ’
2536 3102 2696 3154 αὑτὸν
2732 3100 2967 3169 ἔπεμψε.
3003 3099 3294 3150 Κάκεῖνοι·
3327 3098 3393 3147 El
3432 3095 3529 3146 ἐπὶ
3560 3093 3708 3156 τοὺς
3745 3093 3846 3143 Αι-

629 3192 793 3259 {racto
833 3190 1124 3245 arundinea
1154 3187 1337 3241 baculo
1367 3190 1634 3250 innititur,
1666 3207 1698 3241 a
1724 3206 1825 3258 quo
1849 3207 1940 3243 nec
1959 3208 1999 3243 a
2026 3193 2175 3260 lapsu

2284 3195 2560 3260 rum-low;
2594 3192 2882 3244 πέποιθεν
2930 3188 3222 3252 Ἐζεκίας,
3276 3187 3506 3254 ἔφησαν,
3563 3184 3856 3251 μωραίνει

628 3281 938 3345 defenditur,
988 3288 1036 3333 et
1089 3296 1250 3332 manu
1301 3278 1627 3332 vulneratur.
1665 3279 1808 3334 Talis
1837 3289 1910 3333 est
1960 3279 2176 3334 Pharao

2284 3277 2502 3349 ἐπίσης
2543 3281 2834 3349 ,ἀνθρώπῳ
2886 3279 3186 3346 καλαμίνῃ
3221 3275 3423 3343 ῥάϐδῳ
3471 3274 3854 3342 ἐρειδομένα),

630 3367 932 3437 Aigyptiua.
964 3370 1087 3424 Ilaec
1116 3370 1387 3437 Rapsaces
1419 3369 1684 3424 Hebraico
1705 3383 1826 3424 cum
1852 3369 2043 3439 legatis
2067 3371 2179 3424 col-

2284 3373 2375 3426 καί
2410 3371 2565 3440 αὐτῇ
2604 3368 3007 3438 τεθλασμένῃ,
3043 3367 3080 3434 ἢ
3116 3366 3296 3420 οὐδὲν
3333 3365 3520 3434 ἤμυνε
3561 3362 3640 3428 τῷ
3680 3363 3860 3417 κατέ-

629 3458 952 3526 loquebatur
977 3476 989 3510 :
1016 3460 1107 3527 qui
1136 3475 1258 3513 cum
1287 3468 1557 3529 rogarent,
1585 3468 1647 3514 ut
1672 3460 1894 3530 Assyrio
1928 3474 2178 3514 sermone

2284 3482 2466 3533 κοντι,
2508 3464 2644 3518 ἀλλ’
2675 3464 2855 3526 αὐτός
2889 3477 2952 3514 τε
3003 3459 3426 3526 συμπέπτωκε,
3460 3455 3559 3509 καὶ
3593 3458 3626 3510 ό
3660 3456 3861 3509 mila—

625 2475 811 2517 contra
843 2463 1128 2534 Egyptum
1161 2474 1218 2518 et
1244 2463 1529 2534 Ethiopes
1555 2466 1941 2534 proﬁciscitur,
1977 2470 2178 2539 Rapsa-

625 2569 741 2606 cem
777 2563 958 2606 autem
993 2556 1373 2621 imperatorem
1397 2570 1519 2608 cum
1551 2555 1672 2609 aliis
1696 2555 1911 2610 duobus
1944 2557 2178 2612 ducibus

4002 3041 4004 3138 i

4001 3139 4004 3216 l

630 3559 902 3612 uteretur,
925 3565 990 3603 ne
1017 3550 1250 3618 populus
1267 3565 1329 3603 ea
1353 3565 1473 3618 qua
1491 3550 1804 3603 dicerentur
1827 3550 2174 3620 intelligeret:

630 3642 721 3694 ille
751 3641 923 3710 magis
954 3639 1118 3693 etiam
1144 3640 1352 3692 sublata
1375 3654 1529 3699 voce,
1561 3650 1622 3691 ut
1648 3639 1716 3692 ab
1743 3640 1996 3693 omnibus
2022 3655 2181 3693 exau-

633 3734 740 3787 diri
771 3741 970 3801 posset,
1006 3746 1197 3785 rursus
1230 3729 1491 3784 Hebraicc
1523 3729 1695 3783 dixit:
1725 3729 1801 3783 Ne
1839 3731 2051 3782 seducat
2095 3746 2180 3782 vos

635 3824 849 3878 Ezecias
874 3825 1066 3887 dicens,
1101 3822 1352 3875 Dominus
1379 3837 1470 3874 nos
1491 3819 1731 3888 liberabit
1769 3836 1786 3872 :
1826 3808 2056 3888 nunquid
2083 3818 2182 3873 Sa-

635 3916 860 3966 mariam
895 3913 1175 3966 liberavit?
1216 3911 1312 3965 llis
1354 3911 1576 3965 Ezecias
1613 3910 1960 3965 renuntiatus
1987 3910 2184 3964 Ivestes

635 4016 763 4056 suas
785 3997 1151 4062 laceravit,‘et
1193 4016 1348 4054 sacco
1382 4000 1624 4064 indutus,
1669 4009 1725 4055 et
1757 3999 1909 4052 humi
1942 4008 2179 4062 stratus,

636 4093 695 4146 in
725 4092 888 4147 rebus
931 4090 1234 4159 desperatis
1262 4106 1420 4158 opem
1456 4091 1696 4145 divinam
1733 4091 2004 4160 implorat,
2035 4100 2090 4145 et
2115 4091 2182 4144 ad

637 4182 959 4253 prophetam
1003 4181 1196 4234 Isaiam
1233 4180 1421 4243 mittit,
1457 4181 1735 4236 obtestans
1770 4192 1828 4236 ut
1868 4183 1962 4249 Dei
1997 4198 2186 4252 pacem

639 4283 828 4329 exoret
859 4272 1078 4340 pOpulo.
1112 4271 1361 4326 Praedicit
1405 4271 1513 4333 ille,
1549 4271 1732 4326 hostes
1773 4272 1909 4326 citra
1953 4274 2180 4328 dimica-

639 4365 843 4417 tionem
885 4368 1196 4429 superatum
1257 4361 1344 4425 iri,
1406 4369 1462 4414 et
1511 4361 1954 4415 Senacherimum
2002 4378 2062 4415 re
2102 4364 2184 4416 in-

639 4455 778 4507 fecta
822 4469 888 4508 ex
919 4450 1146 4524 [Egypto
1179 4465 1488 4516 reversum,
1526 4453 1924 4507 occubiturum.
1963 4452 2191 4523 Scripsit

641 4554 696 4597 et
722 4543 1140 4598 Senacherimus
1169 4541 1233 4594 ad
1263 4540 1506 4594 Ezeciam
1528 4580 1542 4603 ,
1573 4541 1628 4594 in
1655 4541 1794 4595 hanc
1815 4543 2137 4596 sententiam
2174 4561 2186 4594 :

640 4633 720 4687 Ne
747 4633 964 4686 extolfat
997 4643 1045 4686 te
1076 4633 1239 4695 Deus,
1277 4647 1377 4701 quo
1416 4631 1578 4700 fretus
1612 4645 1686 4696 es,
1725 4647 1826 4700 quo
1855 4633 2025 4684 minus
2064 4631 2209 4705 Hie-p

642 4708 906 4792 rosolyma
943 4731 1218 4791 capturum
1247 4739 1353 4776 esse
1389 4738 1466 4776 me
1493 4724 1748 4776 existimes
1771 4739 1789 4775 :
1812 4725 1904 4777 sed
1934 4720 2068 4776 illud
2097 4737 2192 4790 po-

644 4817 746 4868 tius
775 4830 891 4866 cum
923 4814 1098 4865 animo
1124 4825 1212 4864 tuo
1245 4824 1451 4881 reputa,
1482 4812 1714 4868 ubisint
1753 4829 1894 4883 reges
1935 4815 2188 4883 gentium,

644 4921 769 4972 quos
796 4901 1032 4971 ‘majores
1065 4901 1164 4952 mei
1191 4901 1533 4967 confecerunt.
1561 4901 1692 4954 Eam
1737 4901 2020 4969 epistolam
2054 4902 2190 4956 Eze-

646 4995 759 5047 cias
800 4993 998 5046 lectam
1023 4990 1077 5046 in
1101 4989 1300 5059 templo
1328 4993 1586 5058 reposuit,
1619 5001 1673 5046 et
1701 4991 2023 5060 supplicavit
2042 4993 2188 5045 Deo:

658 5083 801 5141 Vide,
834 5082 1028 5150 inquit,
1079 5081 1316 5145 Domine,
1352 5089 1400 5132 et
1448 5083 1571 5134 audi
1620 5083 1774 5136 verba
1817 5079 2188 5144 Senaclierimi,

647 5191 762 5245 quae
801 5175 868 5226 ml
903 5191 981 5225 me
1030 5175 1230 5242 scripsit
1260 5176 1313 5226 in
1359 5185 1502 5226 luam
1539 5175 1903 5230 contumeliam
1927 5215 1941 5238 ,
1979 5176 2191 5228 viventis

646 5265 763 5327 Dei,
793 5273 838 5314 et
885 5262 1023 5328 eripe
1049 5279 1138 5313 nos
1163 5278 1190 5315 e
1223 5281 1380 5320 manu
1418 5265 1549 5331 ejus.
1587 5265 1748 5319 Isaias
1792 5264 2076 5339 conﬁrmat
2109 5282 2193 5319 rc-

649 5373 790 5426 gem,
831 5369 1080 5410 asserens
1118 5355 1286 5408 Deum
1314 5359 1600 5413 exaudisse
1632 5373 1823 5428 preces
1849 5359 2192 5428 ejuszeaque

651 5463 809 5506 nocte
841 5467 992 5506 caesa
1026 5458 1154 5505 sunt
1195 5451 1264 5503 ab
1299 5455 1486 5521 angelo
1517 5456 1572 5508 in
1621 5457 1814 5510 castris
1847 5457 2193 5526 Assyriorum

650 5553 864 5593 centum
882 5550 937 5594 et
955 5541 1225 5610 octoginta
1249 5540 1485 5609 quinque
1509 5545 1694 5606 millia,
1716 5561 1947 5614 quorum
1967 5545 2193 5600 cadave-

653 5646 709 5683 ra
732 5630 987 5699 postridie
1019 5633 1235 5685 inventa
1259 5642 1404 5687 sunt.
1428 5633 1709 5689 Exercitus
1741 5638 1981 5706 reliquiae
2002 5637 2191 5691 Hiero-

652 5720 874 5790 solymis
903 5719 1287 5775 discesserunt.
1320 5722 1552 5778 Coactus
1579 5733 1662 5778 est
1694 5737 1749 5777 et
1772 5725 2190 5781 Senachcrimus

653 5811 987 5878 obsidionem
1023 5811 1219 5868 Pelusii
1248 5815 1488 5886 solvere,
1529 5833 1648 5882 cum
1679 5831 1859 5872 mures
1892 5831 1995 5871 una
2032 5825 2191 5874 nocte

2273 3571 2388 3622 μσς
2435 3552 2547 3618 τὴν
2601 3551 2789 3616 αὐτοῦ
2842 3550 3009 3617 χεῖρα
3051 3549 3327 3615 διέτρησε
3394 3545 3668 3611 Τοιοῦτός
3717 3548 3859 3600 ἐστι

2281 3646 2488 3712 Φαραὼ
2517 3647 2551 3697 δ
2577 3644 2915 3711 Αἰγύπτιος.
2952 3641 3138 3694 Ταῦτα
3180 3627 3461 3706 Ἐϐραϊστὶ
3495 3640 3521 3690 ό
3559 3637 3860 3708 Ῥαψάκης

2281 3740 2392 3798 τοῖς
2421 3736 2752 3804 πεμφθεῖσιν
2785 3733 3000 3802 ὡμίλει.
3050 3733 3113 3784 Οἱ
3150 3729 3211 3784 δέ
3241 3734 3309 3800 τῇ
3351 3729 3457 3781 τῶν
3491 3728 3680 3798 Σύρων
3739 3731 3862 3783 δια-

2281 3825 2458 3896 λέκτῳ
2484 3826 2693 3896 ὁμιλεῖν
2723 3825 2908 3885 αὐτοῖς
2945 3823 3132 3891 ἠξίουν
3167 3821 3354 3880 αὐτὸν,
3392 3819 3478 3871 ἵνα
3513 3821 3585 3888 μὴ
3619 3819 3684 3871 τὸ
3719 3821 3862 3888 πλῆ-

2283 3918 2373 3981 θος
2396 3917 2501 3970 τῶν
2538 3900 2852 3985 λεγομένων
2890 3914 3159 3983 συνίησιν.
3201 3911 3259 3964 ὐ
3290 3911 3345 3963 δὲ
3375 3909 3576 3975 μᾶλλον
3604 3908 3710 3979 τὴν
3742 3927 3862 3978 φω-

2283 4011 2379 4077 νὴν
2414 4008 2647 4076 ἐπάρας,
2707 4005 2990 4074 Ἐὁραῖστϊ
3039 4004 3204 4057 πάλιν
3237 4001 3425 4068 ἔλεγεν
3475 4002 3554 4062 είς
3609 4000 3864 4069 ἐπήκοον

2285 4098 2501 4150 πάντων
2529 4111 2542 4124 ·
2583 4095 2680 4160 Μὴ
2722 4093 2998 4147 ἀπατάτω
3023 4090 3177 4161 ὑμᾶς
3196 4089 3460 4154 Ἐζεκίας
3483 4089 3703 4157 λέγων,
3740 4091 3863 4142 Κύ-

2276 4205 2406 4256 ριος
2430 4188 2681 4254 ῥύσεται
2703 4182 2878 4253 ἡμᾶς·
2904 4182 2989 4251 μὴ
3012 4181 3304 4249 ὲρῤύσατο
3325 4178 3660 4247 Σαμάρειαν
3684 4194 3707 4251 ;
3748 4179 3864 4231 Καὶ

2213 4306 2260 4364 υ
2277 4249 2626 4348 τάπήγνγειλαν
2654 4249 2832 4327 ταῦτα
2854 4249 2931 4343 τῷ
2954 4271 3195 4341 Ἐζεκίᾳ.
3243 4271 3301 4323 ’0
3323 4271 3379 4322 δὲ
3398 4269 3662 4332 ἀκούσας,
3703 4249 3864 4339 διέρ-

2287 4360 2416 4436 ρηξε
2452 4365 2521 4418 τὰ
2553 4367 2747 4432 ἱμάτια
2778 4362 2965 4427 αὑτοῦ,
2991 4363 3087 4413 καὶ
3113 4360 3472 4428 περιεϐάλετο
3499 4360 3738 4421 σάκκον,
3767 4360 3866 4412 καὶ

2285 4457 2488 4521 πεσὼν,
2532 4455 2711 4506 ἐδέετο
2741 4452 2837 4506 τοῦ
2886 4451 3022 4504 Θεοῦ
3076 4450 3329 4520 βοήθειαν
3363 4449 3451 4501 ἐπ’
3499 4449 3864 4509 ἀνελπίστοις

2284 4547 2501 4602 αὐτῶν·
2530 4545 2625 4598 καὶ
2671 4543 2807 4615 πρὸς
2847 4542 3075 4597 Ἡσαΐαν
3121 4542 3213 4595 τὸν
3261 4541 3550 4612 προφήτην
3599 4540 3864 4610 πέμψας,

2288 4638 2589 4709 παρεκάλει
2623 4635 2787 4689 αὑτὸν
2810 4635 3031 4688 δέεσθαι
3062 4632 3156 4686 τοῦ
3189 4633 3346 4695 Θεοῦ,
3381 4634 3445 4685 ἶν’
3480 4632 3642 4694 ἵλεως
3679 4633 3870 4685 ἔσοιτο

2287 4730 2363 4799 τῷ
2396 4729 2555 4798 λαῷκ
2591 4729 2649 4780 '0
2681 4727 2739 4778 δὲ
2787 4726 3033 4796 ἀμαχητὶ
3064 4725 3191 4786 τοὺς
3219 4723 3514 4792 πολεμίους
3547 4724 3868 4792 προέλεγεν

2288 4819 2736 4891 ήττηῡήσεσθαι,
2793 4818 2889 4869 καὶ
2945 4817 3037 4867 τὸν
3104 4814 3455 4884 Σεναχηρεὶμ
3517 4816 3860 4884 κτανθῆναι,

2287 4916 2569 4982 ἄπρακτον
2610 4910 2702 4962 ἀπ’
2762 4908 3043 4976 Αἰγύπτου
3090 4906 3484 4961 ἐπανελθόντα.
3533 4905 3864 4958 Ἐπέστειλε

2287 5005 2342 5057 δὲ
2370 5005 2466 5056 καὶ⁵
2486 5000 2830 5071 Σεναχηρεὶμ
2851 4999 2929 5069 τῷ
2951 4997 3205 5068 Ἐζεκίᾳο
3234 4998 3329 5065 Μὴ
3362 4996 3647 5064 ἐπαιρέτω
3703 5011 3785 5050 σε
3831 4999 3869 5051 ὁ

2290 5096 2432 5158 Θεός
2478 5108 2615 5156 σου,
2659 5092 2750 5160 ἐφ’
2773 5086 2820 5159 ᾧ
2846 5093 3134 5155 πέποιθας
3163 5089 3248 5159 μὴ
3275 5085 3692 5156 παραδοθῆναι
3743 5089 3866 5156 τὴν

2303 5185 2685 5252 Ἰερουσαλὴμ
2720 5186 2807 5249 είς
2836 5181 3036 5252 χεῖράς
3058 5198 3199 5250 μου·
3228 5179 3584 5246 ἀναλότισαι
3615 5179 3747 5233 ποῦ
3780 5185 3865 5235 εί-

2290 5293 2393 5331 σιν
2434 5279 2489 5329 ol
2523 5274 2808 5340 ,βασιλεῖς
2849 5272 2976 5326 τῶν,
3011 5271 3202 5326 ἐθνῶν
3225 5311 3240 5334 ,
3284 5267 3392 5334 οὓς
3429 5267 3784 5336 διέφθειραν
3812 5275 3866 5325 ol

2289 5367 2536 5434 πατέρες
2556 5382 2696 5433 μου.
2729 5363 2946 5430 Ταύτην
2965 5362 3063 5428 τὴν
3089 5357 3377 5426 ἐπιστολὴν
3407 5359 3673 5423 ἀναγνοὺς
3710 5361 3870 5424 Ἐςε.

2290 5458 2435 5522 κίας,
2463 5443 2720 5509 κατέθετο
2751 5457 2830 5517 είς
2857 5453 2917 5505 τό
2965 5453 3131 5520 ἱερὸν,
3164 5450 3258 5503 καὶ
3289 5449 3532 5502 ἱκέτευσε
3563 5451 3656 5502 τὸν
3692 5450 3867 5514 Θεὸν,

2304 5549 2449 5610 Ἴδε,
2491 5549 2686 5614 λέγων,
2727 5547 2920 5610 Κύριε·
2973 5542 3072 5595 καὶ
3127 5542 3395 5595 ἄκουσον
3441 5541 3582 5608 τοὺς
3625 5544 3870 5607 λόγους

2298 5638 2683 5705 Σεναχηρείμ,
2744 5635 2850 5698 οὓς
2897 5633 3253 5686 ἀπέστειλεν
3285 5631 3581 5692 ὀνειδίζων
3630 5647 3714 5685 σε
3755 5633 3870 5686 τὸν

2295 5725 2478 5786 ζῶντα
2509 5727 2656 5780 Θεὸν
2685 5765 2699 5788 ,
2744 5724 2841 5777 καὶ
2891 5721 3101 5776 σῶσον
3129 5721 3282 5791 ’ἡμᾶς
3312 5724 3378 5775 ἐκ
3412 5722 3610 5791 χειρὸς
3636 5722 3866 5774 αὑτοῦ.

2310 5816 2533 5883 ἨσαῙας
2582 5817 2638 5872 δὲ
2687 5815 3067 5885 παρεθάρρυνε
3102 5814 3490 5892 τὸνβασιλέα,
3543 5811 3868 5868 ἐπακοῦσαι

4002 3041 4004 3138 i

4001 3139 4004 3216 l
