4004 6328
631 479 740 545 215
1023 521 1026 523 .
1899 474 2224 535 JOANNIS
2257 461 2579 536 zemas
2895 501 2898 508 ι
3751 481 3843 543 216

633 597 733 665 σῆν
797 595 1144 666 ἐχειρώσατο.
1195 596 1254 649 '0
1292 595 1349 648 δὲ
1388 593 1570 656 συνεὶς
1627 592 1822 646 ἑαυτὸν
1853 591 1953 659 τῆς
2017 593 2305 659 συμφορᾶς
2370 594 2567 655 αἴτιον,
2625 593 2912 648 ἀπέκλινεν
2951 595 3032 659 είς
3063 595 3374 664 μετάνοιαν,
3417 595 3512 648 καὶ
3544 595 3749 649 ίκέτευε
3765 597 3844 650 τὸν

631 690 762 742 Θεὸν
792 689 952 746 λύσαι
1009 692 1058 744 οἱ
1104 691 1173 744 τά
1206 690 1464 762 δυσχερῆ.
1518 691 1629 743 Καὶ
1693 691 1720 743 ὁ
1749 687 1880 751 Θεὸς
1918 687 2231 756 ἐπακούσας
2269 687 2457 752 αὐτοῦ,
2485 688 2603 741 λύει
2627 706 2685 741 τε
2733 691 2830 758 τῆς
2863 688 3238 760 αἰχμαλωσίας
3273 688 3454 752 αὐτὸν,
3489 689 3587 743 καὶ
3647 689 3725 751 είς
3758 689 3844 759 τήν

632 781 911 853 βασιλείαν
965 782 1424 853 ἀποκαθίστησιν.
1465 779 1813 836 Ἐπανελθὼν
1849 779 1909 832 δὲ
1956 780 2185 840 ἐκεῖνος,
2226 776 2511 831 εὐσέϐειαν
2531 780 2691 844 αὐτός
2737 798 2797 835 τε
2847 779 3059 851 μετῄει,
3125 780 3224 835 καὶ
3273 780 3368 834 τὸν
3410 777 3543 832 λαδν
3594 780 3844 848 ’μετιέναι

625 871 940 927 ἀνέπειθεν.
980 873 1134 927 Οὕτω
1157 874 1215 928 δὲ
1247 874 1440 943 ζήσας,
1467 872 1708 956 ζηλωτὸς
1731 872 1950 941 ἐγένετο
2005 869 2094 922 διὰ
2158 868 2257 936 τὴν
2298 870 2601 946 εὐσέϐειαν,
2668 874 2764 926 καὶ
2813 872 3151 939 ἐτελεύτησε,
3190 871 3516 942 βασιλεύσας
3577 873 3843 933 ἐνιαυτοὺς

629 968 788 1017 πέντε
827 964 962 1032 πρὸς
1009 966 1376 1033 πεντήκοντα,
1438 965 1642 1033 βιώσας
1690 963 1748 1017 δὲ
1800 965 1926 1027 τοὺς
1979 962 2188 1020 πάντας
2226 957 2492 1028 ἐξήκοντα
2523 965 2618 1018 καὶ
2648 965 2812 1020 έπτά.
3197 1021 3199 1023 ,

699 1055 884 1110 XXlV.
922 1056 1167 1123 Regnum
1195 1055 1262 1109 ad
1309 1054 1479 1109 tilium
1511 1055 1627 1127 ejus
1659 1053 1920 1109 Amosum
1952 1051 2190 1106 devolvi-

2365 1053 2489 1109 ΚΝ.
2519 1057 2611 1128 ,Ἦ
2663 1057 2910 1127 βασιλεία
2942 1059 2999 1112 δὲ
3043 1060 3182 1130 πρὸς
3236 1057 3415 1128 Ἀμὼς
3458 1055 3710 1127 μετῆλθε,
3758 1055 3841 1108 τὸν

625 1156 736 1209 tur,
771 1147 864 1215 qui
898 1145 1281 1200 adolescentiae
1316 1154 1556 1215 paterna:
1597 1145 1856 1209 imitator,
1891 1158 2042 1200 anno
2060 1150 2194 1196 aeta-

625 1240 694 1292 tis
740 1238 1001 1292 vicesimo
1039 1245 1270 1306 quarto,
1318 1237 1472 1307 regni
1535 1237 1778 1292 secundo
1825 1251 1922 1307 per
1968 1234 2197 1289 insidias

625 1326 930 1380 occiditur:
955 1326 1021 1380 de
1040 1327 1194 1396 cujus
1214 1327 1632 1397 percussoribus
1663 1325 1936 1396 supplicio
1952 1335 2192 1396 sumpto,

624 1417 860 1486 pupulus
886 1418 1055 1472 [ilium
1085 1419 1206 1487 ejus
1230 1418 1433 1474 Josiam
1451 1433 1627 1473 annos
1645 1415 1770 1474 ﬁcto
1787 1427 1988 1473 'natum
2013 1432 2194 1488 regem

623 1510 883 1579 appellat.
920 1509 972 1563 ls
1009 1509 1132 1580 pius
1171 1511 1296 1573 fuit,
1340 1521 1396 1564 et
1426 1503 1686 1578 populum
1736 1492 1826 1563 adt
1855 1509 1948 1563 Dei
1983 1510 2193 1564 cultum

623 1601 961 1682 cohortatus,
990 1609 1350 1678 susceptaque
1381 1600 1569 1671 templi
1615 1600 1935 1664 rcfectione,
1985 1601 2197 1655 monuit

624 1708 720 1747 eos
745 1693 836 1761 qui
876 1691 1123 1755 aderant,
1161 1701 1221 1746 ut
1265 1706 1368 1745 suo
1395 1693 1628 1762 quisque
1659 1691 1930 1767 arbitratu
1963 1691 2029 1746 ad
2054 1707 2196 1762 opus

625 1782 832 1852 aliquid
893 1782 1185 1837 conferret.
1238 1783 1317 1837 Eo
1375 1791 1558 1852 pacto,
1597 1783 1829 1852 pecunia
1876 1790 2082 1846 coacta,
2138 1790 2196 1838 et

628 1874 894 1942 templum
948 1873 1310 1927 instauratum
1362 1882 1468 1938 est,
1500 1885 1556 1928 et
1589 1888 1710 1942 quae
1743 1872 2108 1942 superfuerat,
2139 1872 2194 1925 in

629 1976 889 2030 crateres,
926 1965 1156 2030 calices,
1183 1974 1238 2019 et
1287 1964 1494 2034 phialas
1528 1964 1722 2020 collata
1751 2003 1765 2028 ,
1804 1965 2023 2020 Chelcia
2059 1978 2195 2032 pon-

631 2058 773 2112 titice
807 2057 1250 2112 administratore
1283 2073 1298 2121 ;
1324 2057 1418 2125 qui
1441 2057 1568 2110 dum
1599 2056 1882 2125 pecuniam
1905 2071 1972 2110 ex
2003 2055 2198 2110 aerario

629 2149 920 2217 depromit,
939 2145 1126 2202 sacros
1159 2148 1330 2202 libros
1343 2146 1508 2202 Mosis
1543 2158 1746 2206 temere
1764 2145 1894 2200 illuc
1917 2145 2198 2216 conjectos

631 2242 839 2295 invenit
869 2255 932 2294 ac
962 2257 1058 2310 per
1081 2241 1315 2294 scribam
1351 2239 1462 2309 regi
1498 2238 1686 2294 mittit.
1715 2238 1845 2305 Qui,
1882 2237 2037 2292 lectis
2066 2221 2194 2302 illis,

631 2342 809 2398 vestes
853 2346 979 2385 suas
1011 2331 1233 2393 lacerat,
1268 2337 1325 2384 et
1363 2328 1642 2384 Chelciam
1690 2327 2027 2382 sacerdotem
2072 2341 2196 2382 cum

2298 1147 2463 1201 παῖδα
2487 1149 2677 1212 αὐτοῦ,
2710 1150 3093 1220 μιμησάμενον
3120 1151 3189 1204 τὰ
3236 1151 3336 1219 τῆς
3387 1148 3637 1215 νεότητος
3665 1143 3754 1198 τοῦ
3777 1145 3845 1197 ol-

2295 1240 2445 1293 κείου
2506 1240 2746 1312 πατρόςο
2811 1241 3050 1296 ἀπέθανε
3098 1242 3156 1295 δὲ
3203 1239 3634 1301 ἐπιϐουλευθεὶς.
3685 1235 3844 1304 ζήσας

2295 1324 2581 1396 ἐνιαυτοὺς
2605 1333 2697 1386 ἐπὶ
2724 1333 3018 1403 τέσσαρσιν
3062 1333 3268 1399 εἴκοσι,
3292 1331 3385 1385 δύο
3419 1332 3476 1384 δὲ
3514 1328 3846 1401 βασιλεύσας.

2295 1421 2432 1482 Τοὺς
2459 1421 2517 1475 δὲ
2545 1422 2710 1475 αὑτὸν
2731 1423 3022 1485 ἀνελόντας
3045 1421 3426 1492 ἐτιμωρήσατο
3447 1420 3481 1490 ή
3516 1416 3747 1487 πληθὺς,
3763 1415 3848 1467 καὶ

2295 1512 2527 1582 βασιλέα
2553 1511 2647 1565 τὸν
2695 1514 2811 1565 υἱὸν
2857 1512 3072 1566 ἐκείνου
3106 1509 3381 1574 ἀνέδειξεν
3414 1507 3649 1570 Ἰωσίαν,
3678 1505 3850 1570 ὄγδοον

2293 1606 2393 1672 τῆς
2420 1604 2635 1672 ἡλικίας
2660 1603 2891 1658 ἀνύοντα
2916 1605 3128 1674 χρόνον,
3161 1603 3219 1666 ὃς
3249 1600 3476 1663 εὐσεϐὴς
3505 1599 3740 1663 ἐγένετο,
3764 1597 3850 1648 καὶ

2293 1699 2386 1751 τὸν
2415 1698 2543 1752 λαὸν
2599 1698 2886 1752 ἀνέπειθεν
2935 1692 3712 1752 εὖσεϐεῖν.’⁹Επισκευάσαιδὶ
3742 1690 3853 1760 βου·

2295 1789 2480 1858 ληθεὶς
2509 1789 2602 1841 τὸν
2645 1790 2790 1853 ναὸν,
2811 1788 3044 1857 παρῄνει
3067 1789 3179 1850 τοῖς
3214 1787 3318 1839 ὑπὸ
3361 1787 3520 1856 χεῖρα
3548 1781 3746 1834 διδόναι
3766 1780 3853 1840 ἐἰς

2295 1881 2392 1951 τὴν
2421 1880 2741 1952 ἐπισκευήν,
2778 1882 2902 1933 ὅσον
2949 1880 3181 1940 ἕκαστος
3239 1877 3509 1946 βούλεται.
3564 1873 3674 1928 Kal.
3721 1868 3854 1924 οὕτω

2299 1972 2676 2043 συναχθέντων
2699 1972 3020 2041 χρημάτων,
3049 1972 3077 2024 ὅ
3109 1986 3171 2022 τε
3204 1969 3331 2030 ναὸς
3367 1962 3854 2031 ἀνεκαινίσθη,’καὶ

2297 2069 2412 2129 τοῖς
2435 2063 2857 2134 περιττεύσασιν
2886 2063 2965 2124 είς
2995 2056 3298 2132 κρατῆρας,
3335 2059 3429 2112 καὶ
3459 2055 3734 2116 σπονδεῖα,
3764 2052 3856 2106 καὶ

2298 2156 2499 2225 φιάλας
2545 2157 2836 2224 ἐχρήσατο,
2893 2153 2986 2205 τοῦ
3036 2151 3336 2223 ἀρχιερέως
3383 2146 3616 2202 Χελκίου
3653 2143 3854 2204 τούτοις

2298 2245 2735 2307 ἐπιστατοῦντος·
2759 2243 2815 2306 ὃς
2835 2241 3155 2310 ἐντυγχάνει
3175 2242 3292 2301 ταῖς
3314 2239 3486 2307 ίεραῖς
3508 2234 3602 2288 τοῦ
3619 2233 3854 2294 Μωσέως

2232 2385 2272 2438 Β
2302 2340 2503 2410 βίϐλοις
2529 2339 2586 2391 ὲν
2608 2335 2684 2406 τῷ
2701 2336 2918 2403 έξάγειν
2949 2333 3041 2387 τοῦ
3071 2331 3218 2403 ίεροῦ
3240 2330 3463 2399 ταμείου
3494 2326 3555 2380 τὺ
3577 2324 3852 2438 ἀργύριον,

628 2425 751 2477 aliis
775 2424 841 2476 ad
875 2422 1065 2478 Oldam
1092 2413 1365 2476 fatidicam
1416 2420 1700 2475 mulierem
1733 2418 1938 2474 Selumi
1975 2434 2197 2474 uxorem

2301 2430 2693 2500 ἀποκειμέναις
2747 2429 2883 2490 ἐκεῖ,
2952 2425 3049 2479 καὶ
3105 2423 3314 2477 στέλλει
3370 2419 3578 2482 ταύτας
3631 2415 3720 2469 διὰ
3767 2412 3854 2466 τοῦ

632 2517 840 2576 mittit.
902 2524 1093 2584 petens
1141 2523 1203 2567 ut
1258 2515 1427 2568 Deum
1475 2512 1672 2580 placet.
1735 2511 1830 2567 llla
1886 2511 2196 2581 respondet,

629 2610 840 2672 Numen
869 2609 978 2679 jam
1012 2605 1334 2675 suffragium
1360 2605 1552 2659 tulisse
1580 2611 1772 2658 contra
1811 2603 2114 2671 regionem,
2145 2610 2201 2657 et

631 2699 891 2768 populum
929 2697 1144 2752 violatae
1190 2695 1475 2765 religionis
1523 2708 1702 2758 reum,
1735 2700 1916 2746 tamen
1953 2690 2025 2745 ob
2059 2689 2201 2760 regis

626 2790 889 2861 justitiam
935 2789 1118 2845 clades
1165 2801 1275 2841 non
1303 2800 1424 2841 esse
1461 2798 1610 2840 nunc
1654 2783 2066 2838 immissurum:
2104 2782 2200 2837 sed

631 2890 815 2935 amoto
837 2879 950 2940 illo,
977 2889 1091 2934 tum
1117 2879 1335 2934 demum
1366 2874 1692 2933 sententiam
1723 2875 1885 2931 latam
1905 2881 2200 2928 exsecutu-

632 2989 776 3030 rum.
848 2973 982 3036 Rex,
1035 2972 1122 3026 his
1197 2970 1421 3033 auditis,
1489 2967 1749 3038 populum
1825 2964 2200 3035 Hierosolyma

632 3073 919 3130 convocat,
978 3073 1034 3117 et
1081 3077 1266 3117 sacros
1313 3062 1484 3116 libros
1538 3059 1890 3114 audientibus
1944 3056 2200 3111 omnibus

636 3157 946 3210 recitandos
999 3162 1171 3210 curat.
1239 3153 1444 3209 Deinde
1494 3151 1854 3223 jurejurando
1908 3149 2201 3220 obstringit

632 3263 843 3311 omnes,
879 3256 939 3305 ut
986 3248 1131 3317 leges
1168 3253 1408 3311 servent,
1440 3253 1496 3300 et
1529 3244 1742 3299 Numen
1773 3241 1976 3296 colant.
2021 3241 2199 3307 Quare

631 3340 866 3408 populus
907 3337 1185 3392 sacriﬁciis
1227 3337 1400 3406 placat
1460 3336 1656 3391 Deum.
1693 3335 1822 3389 Post
1875 3333 1990 3389 haec
2025 3332 2200 3396 simu-

631 3434 906 3487 lacrorum
974 3427 1204 3485 donaria
1284 3426 1551 3492 incendit,
1622 3439 1814 3480 eorum
1871 3422 2200 3492 jsacerdotes

632 3525 856 3588 occidit,
917 3532 974 3578 et
1024 3519 1632 3592 pseudoprophetarum
1668 3515 1671 3517 ’
1701 3531 1820 3572 ossa
1880 3514 1936 3570 in
1991 3529 2054 3569 ea
2105 3527 2199 3568 ara

633 3625 873 3677 cremat,
933 3629 1094 3685 quam
1139 3613 1496 3669 Jeroboamus
1554 3615 1895 3665 exstruxerat
1939 3624 1952 3660 :
2004 3620 2199 3676 quem-

2298 2519 2672 2592 γραμματέως
2699 2518 2776 2590 τῷ
2801 2515 3030 2588 βασιλεῖ.
3064 2515 3156 2578 Ὠς
3179 2513 3225 2566 δ’
3249 2509 3670 2580 ἀνεγνώσθησαν
3692 2503 3851 2572 αύτῷ,

2297 2616 2395 2687 τήν
2423 2615 2624 2684 ἐσθῆτα
2649 2609 2924 2683 διέρρηξε,
2951 2609 3044 2662 καὶ
3068 2606 3206 2678 πρὸς
3226 2605 3326 2674 τὴν
3344 2602 3633 2675 προφήτην
3673 2596 3856 2652 Ὀλδάν

2297 2709 2531 2777 γυναῖκα
2565 2704 2795 2774 Σελοὺμ,
2825 2701 3040 2771 ἔπεμψε
3070 2699 3160 2752 τὸν
3209 2697 3475 2768 ἀρχιερέα
3499 2691 3737 2747 Χελκίαν
3767 2688 3856 2777 καλ

2299 2775 2514 2860 ἀλλους,
2553 2793 2886 2848 ίλεώσασθαι
2915 2791 3008 2843 τὸν
3037 2789 3170 2842 Θεδν
3199 2778 3368 2850 ἀξιῶν
3393 2785 3585 2853 αὑτήν.
3621 2781 3686 2833 Ἥ
3717 2777 3773 2832 δὲ
3801 2775 3856 2829 τὸ

2302 2892 2400 2962 μὲν
2426 2889 2580 2941 Θεῐον
2601 2887 2704 2957 ήδη
2731 2885 2912 2954 ψῆφον
2936 2877 3091 2934 εἷπεν
3123 2879 3428 2945 ἐξενεγκεῖν
3459 2873 3602 2928 κατὰ
3640 2873 3741 2942 τῆς
3758 2866 3858 2962 χῷ-

2299 2960 2420 3053 ρας,
2451 2982 2542 3034 καὶ
2571 2977 2665 3031 τοῦ
2717 2973 2850 3030 λαοῦ
2887 2971 3276 3043 ἀσεϐήσαντας,
3301 2967 3389 3021 διὰ
3413 2966 3471 3020 δὲ
3498 2965 3588 3020 τὸν
3635 2960 3856 3034 βασιλέα

2295 3074 2504 3128 δίκαιον
2531 3071 2683 3136 ὄντα,
2715 3067 2816 3120 οὑκ
2851 3064 3073 3128 ἐπάξειν
3105 3061 3200 3115 νῦν
3233 3061 3301 3115 τὰ
3329 3058 3498 3113 κακὰ.
3525 3054 3691 3108 αὐτοῦ
3719 3069 3856 3121 παρ-

2297 3165 2568 3228 ελθόντος,
2600 3161 2899 3230 γενήσεται
2942 3156 3010 3209 τά
3055 3151 3421 3223 ἐψηφισμένα.
3466 3147 3525 3200 '0
3562 3146 3619 3198 δὲ
3655 3143 3854 3197 τούτων

2297 3255 2560 3317 ἀκούσας,
2605 3245 2882 3319 συνήγαγε
2921 3248 3014 3300 τὸν
3067 3244 3198 3298 λαὸν
3246 3243 3325 3304 είς
3364 3237 3738 3310 Ἰεροσόλυμα,
3767 3233 3858 3286 καὶ

2298 3347 2379 3410 είς
2417 3346 2669 3414 ὲπήκοον
2690 3341 2908 3394 πάντων
2938 3337 3034 3398 τὰς
3067 3335 3222 3406 ἱερὰς
3255 3331 3469 3404 βίϐλους
3511 3323 3860 3394 ἀναγνωσθῆ-

2298 3457 2386 3502 ναι
2435 3419 2757 3506 πεποίηκεν.
2808 3426 2943 3485 Εῐτα
2969 3429 3167 3499 ὅρκους
3220 3426 3285 3477 ὲκ
3328 3423 3545 3476 πάντων
3588 3419 3856 3488 ἀπῄτησε.

2300 3531 2592 3604 φυλάττειν
2627 3527 2754 3589 τοὺς
2791 3525 3015 3594 νόμους,
3050 3521 3146 3574 καὶ
3176 3515 3431 3571 σέϐεσθαι
3456 3513 3544 3567 τὸν
3567 3512 3732 3590 ἱΘεόν.
3756 3507 3860 3562 Καὶ

2300 3600 2443 3679 θύων
2470 3626 2498 3678 ό
2546 3621 2674 3684 λαὸς
2706 3617 2978 3686 ὲξιλεοῦτο
3007 3614 3100 3667 τὸν
3129 3612 3282 3666 Θεόν.
3323 3608 3626 3678 Ἑνέπρησε
3674 3605 3734 3657 δὲ
3765 3600 3857 3656 καὶ

633 3707 925 3762 admodum
965 3704 1232 3774 propheta
1277 3703 1372 3756 ille
1399 3703 1449 3756 ei
1503 3700 1802 3754 immolanti
1851 3697 2194 3768 praedixerat,

2297 3719 2366 3770 τὰ
2390 3715 2716 3783 ἀναθήματα
2748 3710 2856 3762 τῶν
2903 3705 3155 3772 εἰδώλων,
3213 3704 3306 3758 καὶ
3347 3703 3473 3764 τοὺς
3536 3699 3701 3769 ἱερεῖς
3760 3695 3856 3748 αύ-

630 3800 750 3853 t'ore
795 3796 993 3851 Jusiam
1022 3793 1310 3864 quemdam
1361 3806 1392 3844 e
1437 3793 1755 3860 posteritate
1798 3788 2072 3849 Davidica,
2104 3787 2195 3855 qui

634 3892 726 3944 illa
783 3888 1029 3942 facturus
1093 3895 1238 3940 esset
1285 3881 1510 3952 :idque
1574 3882 1775 3936 factum
1843 3889 1966 3951 post
2026 3894 2200 3934 annos

635 3992 908 4047 trecentos
957 3979 1232 4049 sexaginta
1267 3990 1456 4030 unum.
1502 3973 1647 4030 Idem
1689 3973 1852 4028 etiam
1903 3972 2195 4040 lsraelitas,

636 4076 730 4143 qui
781 4075 1151 4143 captivitatem
1194 4067 1519 4139 effugerant.
1577 4067 1810 4130 monuit,
1861 4075 1920 4121 ut
1963 4065 2197 4137 patrium

637 4167 807 4219 Deum
836 4162 1098 4222 colerent,
1124 4168 1180 4214 et
1202 4158 1349 4226 leges
1375 4157 1729 4211 observarent
1755 4173 1771 4211 :
1795 4165 1850 4211 ct
1880 4157 2113 4211 sublatis
2132 4171 2199 4209 ex

636 4257 784 4311 omni
822 4251 1102 4326 provincia
1126 4248 1457 4307 simulacris.
1487 4247 1795 4316 populoque
1823 4245 2194 4317 Hierosolyma

642 4349 798 4419 113
832 4351 1179 4414 congregato,
1211 4341 1536 4412 Azymorum
1575 4337 1793 4403 festum,
1823 4336 1967 4406 quod
1995 4336 2200 4391 Pascha

639 4450 856 4501 vocant,
889 4437 1206 4499 celebravit,
1257 4449 1322 4489 ac
1341 4435 1450 4488 vita
1482 4430 1770 4500 tranquilla
1803 4439 1942 4493 acta,
1981 4431 2197 4484 tandem

638 4533 992 4606 sagittaictus
1029 4527 1183 4582 obiit.
1211 4521 1344 4579 Nam
1377 4539 1471 4576 rex
1495 4521 1873 4592 Egyptiorum
1927 4521 2199 4583 Necbaus,

639 4625 840 4681 bellum
885 4621 1052 4677 Medis
1086 4619 1358 4681 illaturus,
1398 4629 1521 4670 cum
1567 4611 1798 4667 transitu
1837 4626 1934 4682 per
1956 4611 2198 4667 Judaaam

639 4737 698 4780 ιι,
733 4714 881 4771 Josia
957 4708 1362 4782 prohiberetur,
1409 4703 1672 4776 iquamvis
1746 4703 1865 4758 sine
1933 4702 2200 4758 maleﬁcio

641 4809 994 4862 transiturum
1071 4801 1432 4870 promitteret,
1505 4812 1740 4868 pugnam
1801 4796 2065 4860 instruit,
2143 4804 2202 4851 et

639 4898 806 4973 Josia,
845 4895 974 4948 dum
1025 4894 1198 4946 aciem
1236 4888 1538 4951 ordinaret,
1566 4890 1761 4957 sagitta
1814 4889 1945 4953 icto,
1993 4887 2199 4942 bellum

641 4989 825 5048 solvit.
878 4988 992 5040 Ite:
1042 4983 1422 5055 Hierosolyma,
1464 4994 1718 5035 reversus
1765 4979 2003 5045 decedit,
2055 4996 2198 5049 anno

645 5082 796 5150 regni
814 5076 1090 5133 tricesimo
1112 5074 1308 5143 primo,
1329 5071 1471 5141 quod
1486 5085 1659 5124 annos
1682 5078 1806 5124 octo
1823 5081 1987 5123 natus
2009 5085 2195 5126 susce-

2297 3807 2406 3861 τῶν
2435 3806 2767 3862 ἐθανάτωσε,
2805 3800 2898 3852 καὶ
2945 3797 3016 3851 τὰ
3044 3796 3152 3850 τῶν
3210 3791 3671 3866 ψευδοπροφητῶν
3728 3784 3859 3839 ὀστᾶ

2297 3899 2432 3973 πυρὶ
2499 3897 2839 3952 κατέκαυσεν
2914 3891 3008 3945 hri
3063 3887 3159 3943 τοῦ
3219 3885 3401 3958 βωμοῦ
3436 3927 3460 3973 ,ν
3509 3883 3568 3936 δν
3628 3881 3858 3973 ἀνέστη·

2297 3967 2390 4045 σεν
2447 3984 2752 4059 Ἰεροϐοάμ,
2810 3981 2952 4036 κατᾶ
2999 3979 3100 4051 τὴν
3163 3976 3258 4031 τοῦ
3289 3972 3569 4045 προφήτου
3614 3967 3858 4040 πρόρρη-

2297 4101 2414 4145 σιν,-
2454 4081 2513 4142 ὃς
2561 4077 2878 4141 θυσιάζοντι
2927 4070 3234 4144 προσῆλθεν
3256 4065 3471 4136 ἐκείνῳ.
3501 4063 3598 4117 καὶ
3625 4062 3860 4130 προεῖπε

2297 4175 2472 4228 ταῦτα
2529 4171 2779 4240 ποιήσειν
2836 4166 3104 4240 ἀπόγονον
3153 4162 3248 4216 τοῦ
3279 4158 3442 4218 eam
3478 4154 3693 4209 Ἰωσίαν
3727 4149 3861 4223 μετά

2299 4263 2586 4338 τριακόσια
2634 4260 2729 4330 ἐτη
2755 4256 2853 4312 καὶ
2880 4255 3141 4325 ἐξήκοντα
3163 4251 3300 4325 πρὸς
3322 4248 3422 4304 ἑνί.
3442 4247 3552 4303 Καὶ
3580 4244 3720 4317 πρὸς
3739 4244 3862 4306 τοὺς

2311 4355 2650 4426 Ἰσραηλίτας
2680 4352 2737 4405 δὲ
2775 4347 3062 4418 πορευθεὶς
3092 4346 3330 4407 Ἰωσίας,
3378 4344 3495 4395 ὅσοι
3526 4339 3625 4409 τὴν
3660 4339 3861 4426 αἰχμα-

2298 4424 2499 4500 λωσίαν
2527 4443 2808 4509 διέφυγον,
2852 4435 2945 4490 τδν
2986 4435 3217 4503 πάτριον
3271 4429 3503 4501 παρῄνει
3533 4424 3861 4496 θρησκεύειν

2299 4535 2452 4595 Θεὸν,
2483 4531 2577 4584 καὶ
2623 4529 2768 4584 κατά
2815 4527 3016 4595 νόμους
3068 4521 3236 4594 βιοῦν.
3292 4522 3400 4574 Kal.
3437 4520 3495 4585 ἐξ
3517 4519 3740 4587 ἀπάσης
3767 4511 3859 4579 τῆς

2301 4623 2483 4696 χώρας
2521 4621 2790 4691 ἀφανίσας
2842 4622 2912 4672 τὰ
2968 4617 3186 4687 εἴδωλα,
3244 4614 3326 4676 είς
3391 4607 3755 4682 Ἰερουσαλὴμ
3803 4601 3862 4654 τὺ

2300 4717 2506 4787 πλῆθος
2541 4715 2838 4783 συνήγαγε,
2867 4715 2962 4765 καλ⁵
2990 4711 3090 4781 τὴν
3116 4709 3224 4761 τῶν
3260 4706 3517 4774 Ἀζύμων
3553 4702 3773 4769 ἑορτὴν,
3799 4698 3860 4767 ἣν

2299 4809 2492 4876 Πάσχα
2517 4803 2792 4865 καλοῦσιν,
2819 4801 3084 4871 έώρτασε.
3117 4799 3242 4852 Βίον
3270 4797 3328 4849 δὲ
3357 4792 3634 4865 εἰρηνικὸν
3672 4790 3864 4855 διαγα-

2300 4896 2434 4966 γὼν,
2459 4893 2733 4959 τοξευθεὶς
2761 4891 2854 4943 ἐπὶ
2883 4890 3046 4952 τέλει,
3092 4889 3183 4941 τὸν
3211 4885 3326 4958 βίον
3370 4881 3765 4952 κατέστρεψεν.
3805 4877 3858 4928 '0

2301 4991 2409 5058 γὰρ
2437 4987 2547 5040 τῶν
2573 4984 2887 5052 Αἰγυπτίων
2915 4981 3174 5054 βασιλεὺς,
3205 4980 3402 5051 Νεχαὼ
3441 4979 3663 5046 Μήδους
3712 4981 3862 5026 πολε-

2306 5083 2495 5150 μήσων
2517 5077 2703 5150 ἀπῄει,
2729 5075 2879 5146 εἶργε
2917 5075 2975 5128 δὲ
3004 5075 3165 5128 αὐτὸν
3198 5073 3407 5131 Ἰωσίας
3433 5070 3520 5122 διὰ
3549 5069 3649 5138 τῆς
3680 5064 3859 5137 χώρας

649 5179 821 5240 perat.
846 5168 958 5223 Sub
981 5168 1085 5221 hoc
1118 5164 1221 5218 fuit
1250 5162 1510 5232 propheta
1539 5160 1822 5221 Jeremias.
1868 5160 2195 5239 quicladem

2297 5169 2463 5224 αὑτοῦ
2497 5169 2805 5237 παρελθεῖν.
2874 5166 2934 5218 '0
2987 5165 3045 5218 δὲ
3099 5164 3176 5234 μή
3207 5162 3294 5214 ἐπ’
3347 5161 3509 5214 αὐτὸν
3544 5159 3857 5229 στρατεύειν

643 5259 1030 5327 Hierosolymis
1060 5257 1432 5311 imminentem
1468 5252 1812 5318 vaticinatus,
1853 5251 1969 5307 fore
2001 5254 2197 5321 [medi-

2299 5263 2486 5332 ἒδήλου
2515 5263 2682 5333 αὐτῷ.
2712 5260 2925 5323 Ἰωσίας
2955 5259 3013 5310 δὲ
3045 5256 3106 5308 ού
3143 5255 3379 5324 μεθίετο.
3427 5253 3566 5321 Ἤδη
3607 5251 3702 5306 οὖν
3731 5265 3860 5318 παρ-

646 5354 742 5420 xu»
806 5361 864 5404 ιη
918 5350 985 5402 ab
1016 5347 1612 5424 Αεειντίίεοαμθτειιιιιτ-
1655 5346 1841 5414 Νθψιθ
1891 5345 2200 5416 δίθεοιυῐην
2251 5362 2253 5365 ’
2298 5356 2585 5407 ετάσσοντο
2651 5351 3041 5423 μαχεσόμενοι,
3102 5347 3195 5401 καὶ¹
3251 5346 3464 5399 Ἰωσίαν
3496 5346 3858 5398 διατάσσοντα

645 5445 742 5501 sed
784 5456 840 5498 et
885 5441 1136 5495 Ezechiel
1173 5441 1376 5506 primus
1411 5440 1497 5493 his
1545 5437 1612 5492 de
1654 5437 1817 5490 rebus
1846 5436 1984 5494 duos
2033 5438 2197 5492 libros

2299 5447 2391 5498 τὸν
2414 5450 2612 5499 οἰκεῖον
2662 5443 2789 5498 λαὸν
2819 5440 3080 5506 τοξεύσας
3123 5439 3444 5507 Αἰγύπτιος,
3490 5436 3582 5490 τὸν
3629 5437 3858 5505 πόλεμον

648 5535 886 5604 reliquit,
960 5541 1188 5600 uterque
1265 5545 1330 5584 ex
1400 5530 1541 5584 tribu
1627 5527 1973 5584 sacerdotali.
2056 5530 2197 5586 Josia

2299 5527 2508 5594 Eluasv.
2551 5539 2610 5590 'o
2638 5536 2695 5588 δὲ
2723 5533 2975 5602 βασιλεὺς
3007 5531 3306 5597 ἀναζεύξας
3343 5530 3423 5592 είς
3485 5530 3855 5599 Ἰεροσόλυμα,

648 5628 926 5687 defuncto,
981 5625 1278 5682 Joachasus
1325 5621 1465 5677 illius
1497 5625 1615 5692 ejus
1662 5636 1834 5676 annos
1861 5622 2048 5692 viginti
2093 5632 2197 5676 tres

2297 5628 2544 5699 τελευτᾷ,
2582 5626 2906 5698 βασιλεύσας
2941 5626 3035 5694 ἐτη
3063 5623 3358 5694 τριάκοντα
3386 5621 3522 5693 πρὸς
3555 5622 3658 5682 ἑνὶ,
3688 5620 3854 5690 ζήσας

645 5725 826 5780 natus,
869 5733 1095 5785 regnare
1131 5714 1340 5783 incipit,
1382 5713 1546 5766 homo
1593 5713 1814 5782 impius,
1840 5730 2001 5784 quem
2032 5713 2197 5783 Egy-

2296 5720 2352 5774 δὲ
2382 5721 2486 5789 πρὸ
2520 5719 2620 5785 τῆς
2669 5717 2943 5783 βασιλείας
2990 5715 3152 5768 ὀκτώ.
3205 5713 3327 5767 Ἐπὶ
3353 5714 3546 5766 τούτου
3585 5712 3856 5780 Ἱερεμίας

647 5810 725 5877 pti
775 5825 866 5865 rex
903 5825 932 5863 a
991 5810 1133 5866 bello
1174 5822 1442 5872 reversus,
1503 5805 1557 5858 in
1579 5805 1796 5860 vincula
1829 5807 2082 5876 conjecit,
2135 5818 2197 5860 ac

2296 5804 2360 5880 ἦν
2385 5811 2412 5862 ὁ
2448 5808 2751 5877 προφήτης,
2788 5806 2848 5870 ὃς
2876 5807 2969 5861 καὶ
2991 5807 3058 5859 τὰ
3087 5799 3763 5876 συμϐήσεσθαι”μὲλλοντα
3790 5803 3853 5870 τῇ

649 5918 872 5971 regnum
905 5903 1099 5957 seniori
1138 5902 1286 5958 fratri
1319 5901 1581 5958 Eliatimo
1625 5897 1796 5964 dedit,
1829 5908 2035 5954 mutato
2079 5900 2197 5969 ejus

2306 5898 2664 5971 Ἰερουσαλήμ
2692 5899 2838 5953 δεινὰ
2865 5897 3258 5971 προηγόρευσε,
3284 5897 3378 5953 καὶ
3403 5895 3501 5969 τὴν
3527 5895 3633 5948 ὑπὸ
3661 5894 3854 5949 ’Δσσυ-
