4006 6328
192 443 273 507 ΞΠ
1424 447 1823 508 ANNALIUM
1859 449 2006 510 LIB.
2051 451 2132 510 ΙΙ.

3273 446 3383 512 218

192 559 298 627 piata
327 553 485 623 ἅὺτῆς
526 552 728 607 ἅλωσιν
766 552 903 623 (69).
935 553 1010 606 Οὐ
1055 553 1214 621 μόνος
1262 553 1318 605 δὲ
1371 549 1527 617 οὗτος
1584 560 1710 625 περὶ

1816 574 2034 614 nomine
2060 577 2111 614 in
2131 561 2468 616 Joachimum
2491 584 2503 614 :
2534 561 2908 630 imperataque
2932 563 3136 632 regioni
3161 575 3380 619 centum

188 650 357 699 τούτων
379 645 743 715 προέγραψεν,
776 646 910 699 ἀλλὰ
933 645 1028 698 καὶ
1062 646 1325 715 Ὶεζεκιὴλ
1343 648 1555 716 πρῶτος
1581 648 1712 716 περὶ

191 739 360 790 τούτων
398 737 489 790 δύο
542 737 722 806 βιϐλία
758 738 1050 790 κατέλιπεν
1075 751 1088 765 ·
1144 735 1285 808 ἦσαν
1323 739 1379 803 δὲ
1421 740 1588 807 ἄμφω
1614 740 1720 811 τῆς

194 833 438 901 ἱερατικῆς
485 832 682 898 φυλῆς.
739 831 1172 900 Τελευτήσαντος
1199 831 1256 883 δὲ
1295 832 1520 895 Ἰωσίου,
1559 832 1712 884 Ἰωά-

189 924 275 989 χσζ
299 923 322 972 ὀ
345 925 464 982 παῖς
491 921 659 974 αὑτοῦ
685 918 870 992 ἦρξεν,
901 925 1102 976 εἴκοσιν
1131 924 1222 975 ἐπὶ
1246 925 1420 992 τρισὶν
1453 924 1714 976 ἐνιαυτῶν

187 1015 264 1070 ὢν.
301 1014 497 1080 ἀσεϐὴς
548 1013 820 1079 γεγονώςο
859 1013 916 1065 ὃν
949 1016 1057 1065 ἀπὸ
1078 1013 1172 1066 τοῦ
1210 1015 1444 1081 πολέμου
1487 1012 1714 1077 ἀναζευ-

184 1107 290 1170 γνὺς
317 1108 340 1155 ό
363 1104 466 1154 τῶν
495 1106 808 1169 Αἰγυπτίων
839 1104 1114 1172 βασιλεὺς,
1140 1107 1318 1173 ἔδησε,
1357 1107 1449 1158 καὶ
1472 1106 1570 1175 τὴν
1612 1106 1713 1172 μὲν

183 1195 428 1263 βασιλείαν
448 1195 526 1264 τῷ
544 1196 902 1266 πρεσϐυτέρῳ
920 1196 1134 1267 ἀδελφῷ
1160 1197 1440 1265 Ἐλιακεὶμ
1459 1197 1709 1261 δέδωκεν,

184 1286 404 1352 Ἰωακεὶμ
447 1287 824 1354 μετονομάσας
849 1287 1034 1349 αὐτὸν,
1061 1289 1153 1338 καὶ
1184 1289 1445 1356 εἰσφορὰν
1468 1291 1531 1358 τῇ
1558 1289 1712 1357 χώρα

180 1377 406 1439 ἐπιτάξας
461 1377 656 1428 ἑκατὸν
709 1364 1268 1453 ἀργυρίουτάλαντα,
1301 1379 1359 1431 ἓν
1401 1381 1458 1432 δὲ
1483 1380 1708 1453 χρυσοῦ.

178 1467 263 1517 Τὸν
283 1466 334 1518 δὲ
381 1466 612 1535 Ίωὰχαζ
654 1469 946 1537 ἀπήγαγεν
986 1472 1065 1533 είς
1122 1472 1218 1540 τὴν
1249 1473 1542 1536 Αἴγυπτον,
1577 1474 1710 1525 ὅπου

178 1559 256 1609 καὶ
276 1558 643 1625 ἐτελεύτησεν.
688 1559 745 1612 '0
773 1561 829 1612 δὲ
865 1563 1057 1630 χρόνος
1088 1563 1187 1632 τῆς
1228 1564 1504 1632 βασιλείας
1545 1564 1710 1617 αὑτοῦ

176 1651 298 1716 τρεῖ;
353 1641 492 1719 ἦσαν
550 1650 719 1718 μῆνες
781 1652 872 1702 ἐπὶ
912 1652 1046 1704 δέκα
1078 1654 1337 1723 ἡμέραις.
1367 1655 1624 1723 Ἰωακεὶμ.
1656 1655 1713 1706 δὲ

175 1739 337 1790 άςεϐεῖ
385 1757 442 1790 τε
473 1741 607 1802 ϐντι,
638 1741 733 1792 καὶ
791 1742 1106 1810 κακούργῳ,
1157 1745 1278 1804 ἔτος
1310 1745 1410 1812 ήδη
1434 1748 1529 1813 τῆς
1559 1744 1713 1812 βασι-

175 1829 300 1891 λείας
327 1832 517 1897 ἠνύετο
539 1831 818 1902 τέταρτον,
856 1832 950 1885 καὶ
999 1834 1096 1903 τὴν
1134 1835 1491 1887 Βαϐυλωνίων
1535 1836 1709 1904 ἀρχὴν

176 1921 1046 1992 Ναϐουχοδονόσοράπεριεζώσατο.
1101 1919 1271 1989 Οὗτος
1293 1927 1385 1978 τὸν
1414 1927 1706 1994 Αίγύπτιον

177 2009 343 2079 Νεχαὼ
378 2013 606 2076 νικήσας
658 2014 792 2066 πολὺ
831 2015 997 2083 μέρος
1044 2016 1141 2082 τῆς
1165 2016 1344 2084 χώρας
1373 2018 1538 2069 αὑτοῦ
1571 2036 1710 2089 παρ-

175 2100 440 2153 εσπάσατο.
481 2100 569 2151 Ἐν
595 2101 765 2169 ὀγδόῳ
794 2102 838 2152 δ’
866 2102 1091 2170 ἔτειτῆς
1120 2102 1394 2166 Βασιλείας
1425 2106 1707 2172 Ἰωακεὶμ,

179 2192 527 2259 ἐπιστρατεύει
581 2193 659 2260 τῷ
687 2193 921 2263 Ἰουδαία
963 2193 1100 2262 μετά
1155 2196 1380 2264 βαρείας
1409 2197 1707 2268 δυνάμεως.

187 2281 411 2352 Ίωακεὶμ
431 2283 488 2336 δὲ
513 2284 719 2347 δείσας,
752 2285 1026 2354 ὐπόφορον
1082 2287 1232 2338 ἔϐετο
1279 2287 1354 2355 τῷ
1384 2289 1710 2356 Βαϐυλωνίῳ

177 2377 258 2442 τὴν
281 2376 453 2446 χώραν
479 2378 579 2446 τὴν
609 2375 826 2438 ἑαυτοῦ,
855 2378 948 2428 καὶ
971 2380 1120 2445 τρισὶ
1156 2379 1254 2447 μὲν
1286 2379 1432 2431 ἔτεσι
1465 2383 1708 2449 προσῆγε

167 2460 282 2528 ’τοὺς
303 2469 513 2533 φόρους.
543 2465 674 2519 Εἶτα
694 2468 819 2529 τοὺς
841 2468 1168 2532 Αἰγυπτίους
1189 2470 1425 2532 ἀκούσας
1455 2473 1595 2523 κατὰ
1618 2472 1709 2524 τοῦ

180 2554 493 2607 Βαϐυλωνίου
526 2560 749 2628 χωρεῖν,
776 2561 975 2629 ἐπέσχε
1007 2561 1105 2630 τὴν
1124 2562 1232 2612 τῶν
1267 2561 1448 2628 φόρων
1475 2564 1712 2617 καταϐο-

178 2646 275 2713 λὴν,
317 2648 487 2699 καίτοι
547 2648 642 2700 τοῦ
694 2650 972 2719 προφήτου
1038 2652 1304 2722 Ἰερεμίου
1355 2655 1710 2722 προλέγοντος

175 2739 259 2806 τὴν
285 2739 381 2790 ὑπὸ
407 2739 499 2791 τοῦ
535 2739 875 2804 Βαϐυλωνίου
900 2743 998 2808 τῆς
1024 2743 1228 2806 πόλεως
1251 2746 1472 2812 ἅλωσιν,
1499 2753 1593 2800 καὶ
1613 2750 1711 2818 τὴν

177 2827 256 2877 τοῦ
287 2827 544 2896 βασιλέως
577 2829 835 2896 Ἰωακεὶμ
865 2832 1168 2902 ἀναίρεσιν,
1217 2836 1311 2886 καὶ
1339 2837 1399 2888 οὐ
1450 2838 1609 2903 μόνον
1638 2841 1714 2892 εί-

179 2919 364 2981 πόντος,
394 2921 532 2973 ἀλλὰ
563 2921 656 2974 καὶ
698 2923 1030 2991 γράψαντος,
1063 2925 1156 2977 καὶ
1211 2927 1290 2988 είς
1340 2929 1573 2996 ἐπήκοον
1615 2931 1709 2983 τοῦ

178 3011 384 3078 πλήθους
428 3015 756 3082 ἀναγνόντος
808 3014 908 3086 τὴν
962 3021 1323 3086 συγγραφήν·
1368 3021 1434 3088 ἢν
1455 3021 1712 3084 λαϐόντες

176 3106 214 3154 oi
241 3106 512 3174 ἡγεμόνες,
536 3107 614 3175 τῷ
642 3107 850 3176 βασιλεί
876 3094 1279 3180 προσήνεγκαν.
1325 3113 1385 3166 '0
1405 3114 1461 3166 δὲ
1488 3115 1577 3166 ἐπὶ
1601 3118 1711 3175 τοῖς

1815 655 2043 721 argenti,
2076 664 2131 707 ct
2164 643 2327 708 unius
2352 655 2468 707 auri
2499 655 2758 707 talentum
2786 656 3023 718 tributo,
3051 655 3378 708 Joachasuzn

1815 745 1868 796 in
1916 743 2204 812 Afgyptum
2236 743 2480 804 abduxit,
2516 743 2605 797 ubi
2626 753 2680 797 et
2725 752 2974 797 mortuus
2996 753 3098 797 est.
3143 743 3383 810 Tempus

1815 837 1966 904 regni
1994 838 2113 903 ejus
2143 835 2165 888 1⁵
2167 849 2293 887 uere
2330 843 2439 887 tres
2462 850 2674 888 menses
2699 846 2755 888 et
2784 834 2969 888 decem
2995 836 3132 888 dies.
3161 835 3385 889 ,Μαι-Ιιί-

1815 942 1936 980 mus
1970 935 2151 978 autem
2177 927 2258 978 vir
2282 926 2480 994 impius
2499 935 2554 980 et
2582 927 2942 988 facium-osus,
2969 923 3090 980 cum
3117 936 3375 1001 quartum

1807 1018 1919 1087 jam
1952 1033 2150 1069 annum
2171 1018 2478 1084 imperaret,
2502 1016 3002 1070 Nabuchodonosor
3024 1015 3378 1086 Babylonium

1815 1108 2102 1176 imperium
2155 1103 2398 1176 suscipit.
2483 1107 2756 1161 Nechaum
2818 1105 3130 1175 Egyptium
3177 1109 3379 1156 victum

1814 1215 2004 1268 magna
2042 1180 2193 1268 parte
2233 1199 2525 1268 provincia:
2574 1198 2764 1250 multat
2797 1217 2808 1248 :
2846 1213 2988 1251 anno
3024 1195 3288 1251 Joaehimi
3317 1210 3380 1247 o-

1812 1303 1971 1345 ctavo
2021 1305 2144 1345 eum
2200 1290 2407 1358 magnis
2453 1289 2623 1356 copiis
2668 1271 2929 1344 Jitdaeam‘
2958 1289 3250 1356 ingressus,
3307 1286 3380 1360 ita

1813 1380 2092 1433 hominem
2114 1379 2507 1446 perterrefacit,
2529 1387 2587 1431 ut
2608 1393 2760 1430 suam
2785 1377 3059 1445 regionem
3087 1375 3380 1444 Babylonio

1815 1470 2159 1522 tributariam
2232 1467 2507 1529 redderet,
2561 1482 2625 1520 ac
2689 1466 2890 1520 tributa
2924 1480 3019 1532 per
3073 1465 3372 1515 triennium

1810 1562 1992 1614 solvit.
2023 1563 2179 1622 Post,
2240 1575 2365 1612 cum
2424 1557 2995 1625 audiissetIEgyptios
3051 1554 3378 1608 rebellantes

1813 1653 2170 1723 Babylonium
2243 1652 2548 1710 invasuros,
2630 1665 2694 1703 ea
2787 1646 3058 1732 inhibuit:
3129 1644 3377 1714 quamvis

1809 1743 2074 1797 Jeremias
2119 1741 2387 1811 prephela
2420 1739 2779 1807 pnedixissct,
2809 1735 2932 1791 fere
2965 1745 3022 1789 ut
3046 1734 3376 1805 Babylonius

1812 1843 1866 1886 et
1917 1832 2110 1885 urbem
2151 1839 2390 1900 caperet,
2419 1838 2474 1882 et
2515 1829 2856 1882 Joacliimum
2895 1828 3154 1879 tolleret:
3201 1841 3376 1892 neque

1813 1924 2152 1995 prxdixisset
2193 1924 2391 1983 solum,
2439 1920 2535 1974 sed
2563 1920 2726 1973 etiam
2754 1919 3083 1986 scripsisset,
3135 1916 3375 1983 scriptu-

1813 2030 2036 2082 ramque
2080 2014 2281 2082 populo
2335 2012 2592 2065 audiente
2645 2011 2946 2070 recitasset,
2991 2024 3150 2077 quam
3210 2009 3378 2060 duces

1812 2107 1924 2173 regi
1953 2106 2292 2158 obtulerunt.
2341 2103 2435 2156 Ille
2462 2117 2591 2154 vero
2613 2103 2783 2154 iratus
2802 2103 3029 2163 exussit,
3058 2100 3375 2168 prophetam

1811 2207 1866 2253 et
1889 2198 2194 2252 Baruchum
2224 2196 2456 2251 scribam
2483 2197 2602 2263 ejus
2631 2195 2696 2247 ad
2730 2193 3055 2261 supplicium
3083 2207 3331 2260 quaerens
3360 2207 3376 2243 :

1810 2290 1905 2346 sed
1963 2291 2035 2343 illi
2088 2289 2210 2358 fuga
2252 2289 2386 2341 iram
2427 2288 2545 2356 ejus
2587 2287 2948 2340 declinarunt.
2989 2284 3173 2352 Neque
3209 2284 3378 2334 multo

1815 2390 1934 2451 post
1970 2382 2168 2435 bellum
2196 2381 2357 2433 inl'ert
2387 2379 2735 2449 Babylonius,
2765 2389 2820 2432 et
2847 2393 2874 2430 a
2899 2377 3179 2432 Joachimo
3203 2377 3377 2427 otiose

1813 2475 1865 2528 in
1889 2475 2080 2528 urbem
2109 2472 2399 2532 admissus,
2453 2480 2507 2524 et
2530 2471 2728 2523 civium
2753 2474 3036 2536 septimum
3080 2479 3373 2535 quemque.

1811 2577 1867 2623 ct
1915 2562 2088 2636 ipsum
2123 2580 2304 2634 regem
2351 2563 2574 2625 occidit,
2605 2571 2660 2615 et
2695 2559 2795 2614 tria
2830 2560 2994 2612 millia
3043 2555 3376 2612 formosissi-

1812 2673 2024 2711 morum
2078 2659 2288 2726 captiva
2349 2656 2589 2719 abducit,
2653 2653 2795 2706 inter
2845 2666 2981 2720 quos
3036 2658 3089 2703 et
3116 2647 3376 2717 propheta

1812 2749 2062 2816 Ezechiel
2119 2748 2240 2810 fuit,
2297 2747 2455 2817 115
2509 2762 2647 2814 puer
2703 2744 2902 2796 adhuc.
2956 2741 3376 2815 Filium‘autem

1811 2841 1956 2910 regis
1990 2839 2283 2898 interfecti.
2316 2839 2406 2907 qui
2442 2847 2497 2892 et
2537 2829 2650 2904 ipse
2698 2834 3012 2889 Joaehimus
3058 2830 3375 2887 vocabatur,

1810 2932 2119 2987 Iudaeorum
2149 2944 2325 2997 regem
2360 2929 2611 2996 appellat.
2643 2926 2737 2980 Hic
2775 2924 2897 2978 ﬁnis
2926 2919 3189 2978 Joachimi
3231 2919 3330 2971 fuit
3358 2957 3374 2979 ,

1816 3037 1938 3076 cum
1957 3019 2181 3073 vixisset
2203 3033 2373 3072 annos
2391 3017 2608 3086 triginta
2628 3031 2742 3075 sex.
2764 3015 3081 3083 imperasset
3100 3009 3372 3063 undecim.
3403 3054 3407 3057 .

1814 3111 1878 3165 At
1907 3109 2259 3181 Babylonius,
2295 3107 2502 3161 veritus
2541 3121 2606 3159 ne
2638 3106 2779 3159 lilius
2810 3115 3046 3173 paterna:
3069 3101 3232 3155 caulis
3263 3112 3379 3151 nic-

178 3204 556 3269 γεγραμμένοις
610 3192 888 3270 χολωθεὶς,
928 3205 1062 3270 πυρὶ
1109 3205 1167 3254 τὸ
1200 3204 1536 3275 σύγγραμμα
1571 3226 1709 3260 κατο

1813 3218 1933 3254 mor
1984 3202 2333 3262 descisceret,
2398 3200 2578 3252 missis
2630 3198 2804 3264 copiis
2846 3211 2970 3249 eum
3014 3192 3243 3246 obsedit.
3274 3189 3376 3254 Qui

175 3287 418 3357 ῃθάλωσε,
452 3292 543 3343 τὸν
571 3292 627 3344 δὲ
656 3293 942 3360 προφήτην
983 3294 1074 3346 καὶ
1099 3295 1312 3364 Βαροὺχ
1339 3296 1429 3348 τὸν
1452 3315 1714 3366 γραμμα-

174 3378 255 3428 τέα
300 3378 461 3431 αὐτοῦ
499 3380 730 3435 κολάσαι
768 3382 991 3451 ἐζήτειο
1025 3385 1140 3436 ἀλλ’
1189 3387 1237 3437 οί
1295 3387 1394 3454 μὲν
1451 3389 1713 3455 φυγόντες

177 3469 427 3533 ἐξέκλιναν
467 3471 564 3540 τὴν
605 3472 776 3542 ὀργὴν
815 3475 1002 3527 αὑτοῦ.
1050 3476 1186 3528 Μετ’
1232 3478 1292 3528 οὐ
1330 3477 1463 3530 πολὺ
1496 3479 1551 3529 δὲ
1595 3480 1712 3531 κατ’

176 3561 315 3612 αὑτοῦ
348 3562 635 3631 στρατεύει
663 3565 691 3614 ὁ
725 3563 1086 3624 Βαϐυλώνιος.
1131 3565 1389 3631 ’[ωακεὶμ
1428 3567 1484 3619 δὲ
1537 3569 1713 3637 ἀπρα-

176 3655 363 3722 γμόνως
393 3657 556 3708 αὐτὸν
609 3659 688 3719 είς
719 3657 816 3726 τὴν
846 3657 1001 3709 πόλιν
1030 3659 1349 3728 εἰσδέχεται.
1423 3639 1482 3712 Ὅ
1508 3661 1564 3713 δὲ
1583 3664 1708 3725 τούς

175 3761 220 3795 τε
253 3749 517 3814 κρείττους
557 3749 665 3799 τῶν
708 3749 966 3810 πολιτῶν,
1013 3752 1107 3801 καὶ
1158 3752 1322 3802 αὑτὸν
1355 3752 1449 3804 τὸν
1481 3752 1705 3820 βασιλέα

173 3835 428 3899 ἐφόνευσε.
459 3835 810 3905 Τρισχιλίους
831 3836 887 3888 δὲ
926 3837 1051 3897 τοὺς
1074 3837 1393 3899 καλλίστους
1424 3837 1702 3905 αίχμαλώ-

1814 3308 1937 3346 cum
1970 3291 2160 3345 urbem
2210 3305 2306 3343 sua
2355 3304 2516 3342 causa
2564 3286 2858 3356 periclitari
2917 3284 3106 3344 nollet,
3139 3296 3196 3334 se
3254 3293 3376 3332 eum

1814 3382 2135 3436 necessariis
2165 3396 2231 3434 eo
2261 3389 2419 3448 pacto
2477 3380 2552 3433 illi
2598 3378 2769 3440 dedit,
2817 3386 2873 3428 ut
2905 3389 3004 3426 nec
3036 3371 3225 3425 urbem
3277 3382 3377 3420 nec

1815 3475 1962 3542 ipsos
1992 3474 2219 3527 violaret
2248 3491 2260 3524 :
2301 3487 2542 3542 quonon
2577 3471 2723 3523 stetit
2765 3466 2936 3519 hostis
2979 3481 2992 3516 :
3027 3463 3118 3516 sed
3161 3473 3374 3512 onmem

1815 3566 2011 3632 pubem
2043 3565 2300 3625 civitatis,
2341 3571 2395 3615 et
2441 3561 2676 3614 artiﬁces
2726 3558 2791 3609 ad
2825 3573 2880 3609 se
2921 3551 3148 3622 perduci
3193 3550 3375 3619 jussit,

1814 3669 2047 3724 quorum
2106 3668 2368 3708 numerus
2414 3653 2667 3706 inventus
2714 3657 2797 3702 est
2851 3647 2917 3699 ad
2971 3645 3156 3698 decem
3227 3640 3377 3691 mille

1815 3748 2123 3816 octingenta
2169 3754 2224 3800 et
2255 3745 2472 3814 triginta
2507 3745 2638 3796 duo;
2688 3739 3024 3795 Joachimum
3054 3748 3176 3789 cum
3207 3738 3377 3799 matre

1813 3847 1868 3891 et
1899 3837 2091 3891 amicis
2119 3838 2173 3890 in
2197 3836 2441 3890 custodia
2471 3833 2684 3887 habuit.

170 3940 276 3987 τους
301 3931 605 3997 ἀπήγαγεν,
640 3933 696 3982 ὲν
724 3923 804 3990 οἷς
832 3926 897 3999 ἦν
926 3931 1018 3981 καὶ
1039 3933 1066 3982 ὁ
1099 3932 1385 4000 προφήτης
1426 3929 1706 3998 Ἰεζεκιὴλ,
1750 3933 1878 3991 παῖς
1938 3929 2036 3993 ὢν,
2099 3929 2192 3981 τδν
2235 3930 2292 3981 δὲ
2322 3929 2432 3980 υἱὸν
2457 3927 2551 3978 τοῦ
2581 3925 2902 3978 κτανθέντος
2931 3919 3189 3988 βασιλέως
3228 3916 3378 3967 Ἰωα-

173 4015 280 4082 κέιμ
301 4017 694 4086 ὀνομαζόμενον
725 4021 816 4071 καὶ
841 4021 1022 4081 αὐτὸν,
1055 4020 1335 4084 ἀναδείξας
1369 4019 1594 4085 βασιλέα
1649 4021 1745 4086 τῆς
1789 4020 2068 4080 Ἰουδαίας.
2102 4017 2259 4072 Οὕτω
2318 4019 2415 4086 μὲν
2468 4017 2620 4076 τέλος
2663 4015 2820 4082 ἔσχεν
2867 4014 3140 4080 Ἰωακεὶμ,
3192 4010 3376 4060 ἐνιαυς

171 4108 276 4170 τοὺς
300 4110 491 4177 βιώσας
521 4110 581 4174 ἒξ
600 4111 694 4162 καὶ
713 4110 1025 4181 τριάκοντα,
1058 4109 1457 4177 βασιλεύσαςδὲ
1519 4111 1734 4163 ἕνδεκα.
1785 4113 1843 4164 Ὀ
1907 4112 1964 4164 δὲ
2017 4110 2358 4172 Βαϐυλώνιος
2413 4109 2764 4170 ὑποπτεύσας
2828 4104 3235 4175 μνησικακῆσαι
3286 4103 3377 4154 τὸν

172 4197 266 4248 υἱὸν
292 4202 515 4278 ἐκείνου,
542 4202 630 4253 διὰ
659 4203 752 4254 τὸν
783 4203 942 4270 φόνον
963 4202 1055 4255 τὸν
1087 4203 1179 4255 τοῦ
1215 4203 1438 4270 πατρὸς,
1499 4205 1591 4256 καὶ
1648 4205 2052 4273 άποστατῆσαι,
2110 4201 2334 4270 πέμψας
2362 4201 2670 4272 ἐπολιόρκει
2690 4201 2872 4253 αὐτόν.
2918 4200 2976 4249 '0
3007 4197 3060 4247 δὲ
3101 4196 3173 4264 μὴ
3207 4193 3375 4245 οέλων
3418 4219 3421 4221 -

169 4290 251 4357 τὴν
280 4294 422 4345 πόλιν
444 4294 512 4347 δι’
534 4293 697 4347 αὑτὸν
733 4295 1097 4354 κινδυνεῦσαι,
1126 4295 1491 4362 παραδίδωσιν
1513 4297 1704 4348 ἑαυτὸν
1743 4298 1836 4348 καὶ
1892 4297 2017 4356 τοὺς
2079 4298 2460 4365 προσήκοντας
2489 4293 2636 4359 αὑτῷ
2662 4295 2770 4350 τοῖς
2801 4288 3101 4357 πολεμίοις,
3132 4288 3224 4338 ἐπὶ
3248 4300 3374 4335 συν·

171 4387 339 4454 θήκαις
367 4395 438 4463 μή
463 4411 515 4444 τι
538 4392 902 4459 κακῶσαιτὴν
927 4391 1130 4462 πόλινῆ
1162 4392 1358 4454 αὐτούς
1377 4410 1388 4422 ·
1409 4391 1473 4454 ἃς
1500 4393 1712 4462 παρέϐη
1754 4394 1782 4444 ὁ
1841 4391 2205 4455 Βαϐυλώνιος,
2265 4389 2527 4450 κελεύσας
2561 4388 2657 4456 τὴν
2687 4388 2743 4439 ἐν
2776 4389 2844 4457 τῇ
2881 4384 3030 4437 πόλει
3057 4384 3237 4434 πᾶσαν
3265 4382 3374 4433 νεό.

169 4497 278 4548 τητα
327 4485 417 4534 καὶ
458 4486 580 4544 τοὺς
609 4482 857 4551 τεχνίτας
909 4485 1220 4550 ἀπαγαγεῖν
1253 4483 1386 4552 πρὸς
1427 4483 1610 4548 αὑτὸν,
1657 4482 1705 4534 οἳ
1746 4485 1882 4553 πρὸς
1942 4482 2284 4542 ὀκτακοσίοις
2338 4481 2629 4548 τριάκοντα
2693 4480 2785 4531 δύο
2833 4482 2910 4541 εἰς
2960 4478 3090 4530 δέκα
3131 4477 3372 4544 χιλιάδας

171 4571 459 4642 ἠρίθμτιντο.
487 4572 591 4624 Τὸν
638 4573 892 4641 ’ῐωακεὶμ
931 4573 986 4624 δὲ
1018 4575 1113 4626 καὶ
1145 4574 1242 4643 τὴν
1311 4571 1524 4642 μητέρα
1574 4573 1738 4628 αὐτοῦ
1781 4575 1874 4626 καὶ
1938 4575 2064 4636 τοὺς
2120 4573 2305 4640 φίλους
2356 4572 2646 4639 καθείρξας
2698 4572 2982 4639 ἐφύλαττε,
3027 4568 3200 4638 μῆνας
3225 4570 3372 4638 τρεῖς

174 4665 468 4731 βασιλεύσας
499 4664 594 4717 καὶ
619 4651 832 4732 ἡμέρας
868 4663 1021 4716 δέκα.
2282 4730 2287 4738 Ι
3247 4724 3251 4728 ,

228 4755 340 4807 KE‘.
373 4758 479 4824 Τὴν
509 4755 566 4806 δὲ
611 4755 713 4822 τῆς
752 4755 1110 4825 Ἰερουσαλὴμ
1167 4755 1444 4825 βασιλείαν
1476 4756 1554 4826 τῷ
1601 4756 1694 4809 τοῦ

1870 4754 2036 4808 XXV.
2143 4751 2388 4820 Regnum
2485 4750 3033 4823 Hierosolymitanum
3130 4751 3372 4810 Sedeciac

181 4846 408 4914 'lwaxaiy.
437 4845 802 4916 πατραδέλφῳ
841 4847 918 4916 τῷ
953 4849 1178 4917 Σεδεκίᾳ
1205 4849 1546 4918 παρέδωκεν,
1570 4849 1701 4917 ὀμό-

1812 4843 2066 4917 loachimi
2098 4851 2294 4911 patruo
2327 4843 2571 4906 tradidit,
2603 4845 3142 4914 quem-jurejurando
3167 4848 3368 4917 adegit,

174 4951 302 4986 σαν-,τι
329 4938 398 5006 μὴ
428 4934 714 5006 εὐνοήσειν
734 4937 841 4998 τοῖς
857 4938 1198 5002 Αἰγυπτίοις,
1226 4938 1342 4990 ἀλλ’
1364 4939 1510 5009 αὐτῷ
1534 4939 1703 5008 φυλά-

1812 4953 1869 4990 ne
1904 4923 2147 4992 studeret
2177 4939 2464 5008 Egyptiis,
2504 4939 2596 4993 scd
2630 4940 2964 5009 provinciam
3017 4942 3115 5009 ipsi
3143 4957 3370 4996 censor-

175 5024 195 5085 ξ
225 5047 263 5076 ιν
291 5033 380 5097 τὴν
407 5029 608 5098 χώραν.
646 5029 704 5080 ’0
731 5027 789 5079 δὲ
818 5027 933 5087 νέος
967 5027 1042 5080 ὣν
1070 5033 1091 5104 ἱ(
1111 5031 1281 5081 εἴκοσι
1316 5031 1424 5097 γὰρ
1453 5031 1547 5083 καὶ
1585 5030 1702 5091 ἐνὸς

1812 5030 2049 5084 varet.ls
2111 5023 2241 5083 vero
2312 5030 2675 5099 principatum
2728 5031 2976 5100 adeptus,
3053 5032 3370 5087 adolescens

171 5109 224 5182 ἦν
251 5117 372 5167 ἑτῶν
409 5120 493 5170 ὅτε
546 5115 822 5186 παρέλαϐε
867 5117 966 5188 τὴν
1010 5120 1222 5188 ἀρχὴν)
1258 5120 1347 5170 καὶ
1386 5120 1702 5188 ὑπερόπτης

1812 5133 1962 5178 natus
1985 5138 2152 5175 annos
2181 5138 2349 5175 unum
2375 5132 2430 5177 et
2453 5123 2666 5189 viginti,
2702 5122 2839 5176 fastu
2870 5125 3066 5184 elatus,
3096 5126 3368 5193 :equitatis

173 5205 250 5256 τοῦ
281 5207 481 5261 δικαίου
505 5225 560 5262 τε
595 5210 688 5261 καὶ
720 5207 813 5260 τοῦ
845 5207 1073 5271 δέοντος,
1112 5209 1461 5280 παραινοῦντι
1488 5209 1566 5279 τῷ
1601 5211 1698 5262 Ἰε-

1812 5225 1852 5269 3t
1872 5215 2032 5268 ollicii
2063 5215 2207 5268 nulla
2229 5215 2648 5271 rationcehabita
2671 5256 2683 5276 ,
2710 5215 2953 5270 Jeremiae
2989 5215 3057 5268 ab
3092 5217 3367 5285 impietate

180 5299 319 5367 ρεμία
345 5299 436 5361 τὰς
466 5300 721 5362 ἀσεϐείας
748 5301 843 5352 καὶ
871 5299 969 5360 τὰς
992 5302 1338 5371 παρανομίας
1361 5302 1558 5364 λιπεῖν,
1600 5303 1697 5353 οὐκ

1812 5316 1854 5359 2t
1891 5306 2102 5373 injuriis
2134 5305 2442 5360 dehortanti
2485 5323 2660 5376 neque
2694 5308 2893 5376 paruit,
2920 5323 3097 5376 neque
3129 5311 3364 5362 credidit

177 5386 413 5454 ἐπάθετε»,
443 5392 548 5442 οὐδ’
581 5392 834 5444 ἐπίστευε
866 5391 1076 5458 λέγοντι
1109 5393 1208 5455 τάς
1255 5391 1548 5461 μελλούσας
1576 5392 1695 5443 ἔσε-

1812 5413 1888 5450 3as
1919 5397 2023 5450 sibi
2048 5407 2103 5452 et
2133 5401 2332 5468 populo
2352 5401 2533 5460 clades
2553 5404 2850 5462 imminere,
2877 5416 3010 5469 quas
3036 5411 3088 5453 et
3115 5401 3360 5456 Ezechiel

181 5481 282 5532 σθαι
329 5483 602 5553 συμφορὰς
637 5483 785 5554 αὐτῷ
826 5501 884 5536 τε
915 5485 1013 5537 καὶ·
1035 5483 1111 5554 τῷ
1139 5485 1277 5554 λαῷ,
1314 5485 1378 5546 ἃς
1419 5485 1509 5535 κ..“ι
1534 5483 1688 5545 Ἰεζεο

1812 5490 2075 5560 Babylone
2098 5492 2421 5560 praedicens.
2455 5494 2653 5547 litteris
2684 5494 2962 5546 mandatas
2995 5493 3361 5563 Hierosolyma

1319 5641 1516 5700 Varias
1552 5639 1853 5702 lectiones
1898 5650 1959 5702 et
2008 5652 2198 5704 nolle.

212 5760 330 5838 ⁸ίϐίι)
365 5764 616 5838 liciti":
675 5765 791 5838 ὑπὸ
851 5766 1160 5838 ξξωμιιῖων
1203 5765 1392 5833 αὐτῆς
1448 5766 1694 5820 ἅλωσιν.

1812 5768 2046 5838 gendum
2096 5769 2236 5823 haud
2293 5771 2455 5825 dubie
2521 5772 2621 5824 ὑπ),
2664 5770 2958 5834 Χαὶδαίων,
3003 5778 3094 5824 aut
3162 5771 3354 5822 Ἀσσυ-

181 5833 306 5896 ρίων,
336 5843 420 5887 aut
454 5833 822 5890 Βαϐυλωνίων.
851 5835 938 5892 W.
