4004 6328
600 410 710 474 219

1894 402 2215 464 JOANNIS
2245 403 2589 464 ΖΟΝΛΒΕ.

3717 406 3830 468 $20

601 529 843 581 miserat.
876 521 1066 577 Neutri
1093 529 1275 573 autent
1314 519 1474 573 (idem
1503 518 1775 581 adhibuit,
1823 519 2071 574 fortassis
2094 518 2163 572 ob

2279 518 2390 586 ιιὴλ
2419 520 2476 570 ἐν
2499 518 2783 572 Βαϐυλῶνι
2815 519 3105 590 προέλεγε,’
3118 524 3212 573 καὶ
3234 519 3454 590 γράψας
3482 519 3833 574 ἀπέσταλκεν

603 615 1024 671 dissensionem.
1046 613 1179 666 Nam
1212 612 1265 665 in
1293 610 1504 664 caeteris
1525 610 1741 679 quidem
1771 610 2161 679 congruebant,

2266 609 2345 668 είς
2378 605 2746 675 Ἰεροσόλυμα.
2815 608 3112 676 Ἦπίστησε
3144 609 3201 661 δὲ
3235 610 3439 676 ἀμφοῖν
3471 612 3581 661 τοῖς
3610 610 3833 678 προφή-

604 709 671 762 de
722 705 945 760 Sedecia
1003 713 1180 757 autem
1232 701 1559 755 videbantur
1635 700 1983 769 discrepare,
2040 714 2165 753 eum

2279 713 2385 757 ταις
2408 698 2435 749 ό
2461 697 2729 760 Σεδεκίας,
2764 698 2839 760 ὼς
2870 698 3011 767 τάχα
3032 698 3385 767 διαφωνοῦσι.
3422 699 3555 768 Περὶ
3587 700 3685 765 μὲν
3718 698 3833 766 γὰρ

606 797 859 852 Ezechiel
885 810 1009 849 eum
1039 794 1363 864 Babylonem
1399 807 1506 845 non
1541 791 1784 844 visurum
1811 792 2165 860 pmdixisset,

606 886 871 942 Jeremias
945 886 1221 953 captivum
1313 882 1609 937 abductum
1693 882 1760 936 iri
1843 881 2167 951 Babylonem

2266 788 2374 841 τῶν
2425 788 2602 843 ἀλλων
2659 789 3020 857 συνεφώνουν,
3079 792 3208 859 περὶ
3267 790 3324 843 δέ
3381 789 3546 843 αὐτοῦ
3577 791 3834 843 Σεδεκίου

2269 880 2484 933 ἐδόκουν
2516 881 2910 937 ἐναντιοῦσθαι.
2954 882 3212 952 Ἰεζεκιὴλ
3240 883 3338 952 μὲν
3362 883 3472 953 γὰρ
3502 882 3578 953 μὴ
3602 882 3832 950 ὄψεσθαι

607 979 1014 1033 vaticinaretur.
1052 974 1156 1029 Sed
1177 975 1336 1037 etilla
1352 975 1562 1027 interse
1581 972 2024 1027 consentiebant:
2042 985 2169 1025 nam

2279 972 2367 1042 τὴν
2392 972 2681 1025 Βαϐυλῶνα
2702 972 2864 1026 αὐτὸν
2899 975 3294 1043 προεφήτευεν,
3337 974 3607 1043 Ἱερεμίας
3650 974 3705 1026 δὲ
3738 975 3835 1025 δέ·

611 1078 842 1123 αεουιυε
871 1069 923 1119 in
960 1065 1162 1125 Judaea,
1187 1064 1507 1133 etcaplivus
1536 1063 1803 1118 abductus
1838 1062 2167 1131 Babylonem

612 1176 719 1214 non
752 1158 908 1211 \idit.
958 1157 1058 1211 llic
1088 1155 1344 1209 Sedecias
1379 1154 1689 1223 Babyloniis
1717 1168 1813 1220 per
1852 1163 1974 1206 octo
2000 1168 2172 1206 annos

613 1259 824 1303 servata
847 1247 949 1300 fide
964 1250 1030 1300 ad
1045 1246 1326 1316 Aigyptios
1354 1243 1654 1298 inclinavit.
1673 1242 1786 1306 Qua
1807 1238 1873 1296 de
1889 1257 2050 1295 causa
2065 1241 2171 1295 Na-

520 1322 521 1325 η
613 1335 1664 1406 lmehodonosorllierosolymaobsedit,
1696 1334 1997 1405 proﬂigatis
2023 1333 2173 1401 prius

613 1428 899 1497 .Egyptiis,
920 1429 1011 1494 qui
1036 1425 1524 1497 Judmissuppetias
1545 1410 1834 1477 veniebant
1855 1440 1868 1476 :
1892 1436 2028 1490 quos
2043 1420 2169 1474 dum

617 1529 1058 1589 persequeretur,
1114 1517 1383 1585 negabant
1441 1498 1928 1583 psehdopropbetaa
1989 1512 2174 1567 hostes

619 1611 808 1664 urbem
844 1623 1004 1677 porro
1026 1606 1361 1661 obsessums.
1390 1604 1652 1659 Jeremias
1670 1614 1880 1665 contra,
1898 1611 1953 1656 et
1976 1596 2176 1656 reditu-

619 1717 729 1759 res.
763 1709 1093 1769 eteapturos
1127 1700 1337 1759 urbem,
1388 1706 1438 1751 et
1459 1690 1748 1757 eversuros
1774 1694 2093 1759 afﬁrmabat,
2119 1703 2174 1748 et

618 1790 879 1859 templum
908 1791 1248 1853 incensuros,
1278 1797 1333 1842 et
1357 1787 1539 1856 populi
1570 1785 1829 1854 reliquias
1852 1785 1907 1839 in
1937 1785 2171 1854 captivi-

2272 1078 2431 1130 σμιον
2459 1063 2619 1115 αὑτὸν
2645 1064 2959 1134 ἀπαχθῆναι
3007 1064 3143 1134 πρὸς
3183 1065 3479 1117 Βαϐυλῶνα
3538 1066 3835 1133 προέλεγε.

2271 1150 2486 1220 Συνῳδά
2511 1150 2565 1203 δέ
2590 1154 2701 1215 τοῖς
2730 1154 3040 1223 προφήταις
3064 1154 3159 1207 καὶ
3181 1155 3247 1206 τά
3274 1156 3405 1224 περὶ
3426 1154 3619 1207 τούτου
3642 1157 3837 1224 προεί-

2274 1256 2470 1309 ρηντο⁶
2524 1242 2825 1308 τυφλωθεὶς
2866 1246 2968 1314 γάρ
3031 1245 3089 1295 ὲν
3145 1245 3396 1315 Ἰουδαίᾳ,
3452 1247 3545 1298 καὶ
3604 1246 3838 1314 δέσμιος

2270 1333 2556 1402 ἀπαχθεὶς,
2584 1334 2681 1402 τὴν
2709 1328 3002 1387 Βαϐυλῶνα
3030 1335 3132 1386 οὐκ
3159 1335 3440 1389 ἐθεάσατο.
3478 1330 3645 1396 Οὗτος
3674 1340 3702 1389 ό
3730 1338 3839 1388 Σε-

2270 1423 2452 1485 δεκίας
2507 1424 2601 1476 ἐπὶ
2636 1424 2730 1495 ἔτη
2760 1424 2905 1479 ὀκτὼ
2950 1416 3196 1496 τηρήσας
3228 1427 3325 1493 τὴν
3353 1426 3535 1479 πίστιν
3559 1426 3659 1495 τὴν
3692 1426 3839 1496 πρὸς

2271 1514 2361 1566 τὸν
2416 1514 2774 1580 Βαϐυλώνιον,
2838 1517 2974 1584 πρὸς
3018 1518 3145 1580 τοὺς
3175 1517 3506 1583 Αἰγυπτίους
3544 1518 3837 1571 ἀπέκλινε.

2272 1604 2363 1657 Διὸ
2397 1606 2781 1675 στρατεύσαςὸ
2830 1608 3319 1679 Ναϐουχοδονόσορ,
3372 1608 3683 1677 ἐπολιόρκει
3727 1608 3839 1674 τὴν

2287 1695 2655 1766 Ἰερουσαλήμ.
2713 1698 2834 1750 Τῶν
2878 1700 2922 1753 δ’
2988 1700 3302 1766 Αἰγυπτίων
3359 1700 3439 1761 είς
3508 1699 3842 1768 συμμαχίαν

2275 1790 2516 1859 ἡκόντων
2550 1792 2662 1854 τοῖς
2685 1790 2982 1856 Ἰουδαίοις,
3016 1794 3442 1862 προῦπαντήσας
3468 1795 3649 1861 σφίσιν
3673 1798 3700 1846 ό
3720 1793 3843 1846 Βα-

620 1890 783 1935 tatem
827 1881 1183 1939 abducturos.
1223 1879 1314 1932 ubi
1352 1880 1653 1931 serviturus
1693 1885 1837 1931 esset
1869 1889 2041 1930 annos
2083 1890 2173 1929 se-

2279 1854 2557 1944 ϐυλώνιος,
2616 1881 2712 1934 καὶ
2747 1854 3087 1952 τρεψάμενος
3147 1854 3353 1948 αὐτοὺς
3398 1854 3606 1937 διώκει.
3665 1877 3729 1937 σί
3775 1884 3842 1936 δὲ

620 1973 921 2042 ptuaginta,
949 1972 1121 2025 donec
1143 1971 1317 2025 Persa
1338 1969 1531 2024 etMedi
1553 1968 1969 2038 Babyloniorum
2003 1966 2175 2035 impe-

614 2048 764 2121 rium
798 2067 1196 2121 destruxissent
1216 2086 1227 2120 :
1249 2082 1312 2120 ac
1331 2076 1442 2119 tum
1471 2064 1691 2118 demum
1723 2061 2172 2133 captivosdimis-

540 2198 541 2201 η
623 2174 741 2213 sum
796 2159 968 2221 iri,et
1009 2157 1267 2226 templum
1322 2167 1483 2225 atque
1533 2155 1723 2209 urbem
1755 2154 2173 2207 instauraturos.

622 2247 910 2301 Jeremiam
944 2248 1058 2302 haec
1091 2256 1494 2324 asseverantem
1543 2260 1636 2299 rex
1676 2253 1732 2298 et
1776 2244 1939 2298 aulici
1988 2259 2178 2312 proceo

626 2354 713 2391 res
769 2338 923 2407 115
969 2337 1396 2393 subsannabant.
1448 2335 1551 2403 Qui
1612 2333 1736 2391 eum
1784 2335 2076 2405 aliquando
2122 2335 2178 2388 in

626 2430 853 2497 patriam
915 2428 1245 2484 Anathotam
1287 2426 1430 2495 iret,
1478 2427 1534 2481 in
1575 2418 1714 2481 viaa
1758 2427 2006 2497 principe
2043 2442 2179 2495 quo-

626 2520 749 2573 dam
780 2534 879 2588 pro
914 2519 1191 2589 transfuga
1230 2518 1688 2587 comprehensus,
1731 2517 1799 2572 ad
1834 2517 2180 2587 magistratus

627 2607 959 2662 addutitur:
1000 2622 1031 2661 a
1071 2608 1272 2676 quibus
1309 2607 1685 2671 excruciatus,
1729 2605 1797 2661 ad
1850 2605 2178 2676 supplicium

629 2699 1028 2753 asservabatur.
1075 2700 1229 2752 Anno
1287 2698 1436 2768 regni
1489 2696 1731 2752 Sedecize
1782 2713 1949 2762 nono,
1991 2713 2181 2753 secun-

628 2788 758 2841 dum
788 2789 1096 2859 aggreditur
1136 2789 1511 2859 Hierosolyma
1536 2788 1861 2856 Babylonius
1901 2805 1915 2841 :
1948 2802 2179 2858 cumque

631 2876 821 2929 urbem
884 2890 1098 2929 menses
1148 2875 1449 2931 octodecim
1501 2875 1785 2931 obsidione
1846 2876 2178 2945 pressisset,

631 2967 698 3021 ad
733 2966 984 3021 hostilem
1025 2975 1226 3020 metum
1266 2946 1435 3021 fames
1466 2977 1521 3022 et
1549 2968 1717 3037 pestis
1759 2968 2005 3023 accessit.
2042 2969 2179 3023 Tum

626 3058 889 3113 Jercmias
936 3058 988 3111 in
1040 3073 1258 3113 carcere
1301 3059 1703 3114 multitudinem
1752 3061 2090 3129 adhortatur,
2120 3070 2182 3118 ut

2274 1972 2734 2043 ψευδοπροφῆται,
2755 1976 2952 2044 μηκέτι
2980 1977 3104 2037 τοὺς
3127 1976 3419 2044 πολεμίους
3447 1977 3844 2046 πολιορκήσειν

2276 2063 2472 2127 αὐτοὺς
2528 2063 2719 2132 ἔλεγον
2738 2081 2759 2139 ’ν
2813 2065 3085 2136 Ἱερεμίας
3122 2066 3200 2131 δέ,
3236 2067 3331 2120 καὶ
3366 2068 3702 2139 ὑποστρέψαι
3729 2069 3845 2121 αύο

2275 2155 2422 2218 τοὺς,
2478 2156 2572 2210 καὶ
2595 2155 2695 2227 τὴν
2723 2157 2880 2209 πόλιν
2912 2158 3157 2226 αἱρήσειν
3198 2158 3290 2210 καὶ
3310 2159 3704 2227 κατασκάψειν.
3734 2158 3845 2211 καὶ

2276 2245 2366 2298 τὸν
2416 2246 2542 2298 ναὸν
2572 2246 2877 2316 ἐμπρήσειν
2899 2286 2914 2309 ,
2955 2248 3051 2299 καὶ
3101 2248 3192 2299 τὸν
3242 2247 3370 2300 λαὸν
3400 2247 3650 2309 τὸντέως
3676 2263 3845 2317 περι·

2276 2334 2701 2404 λειφθησόμενον
2753 2334 2987 2399 ἀπάξειν
3055 2336 3394 2405 προηγόρευε
3457 2336 3841 2406 δορυάλωτον,

2277 2426 2363 2479 ἐπ’
2413 2426 2504 2496 ἐτη
2535 2426 2887 2480 δουλεύσοντα
2919 2427 3323 2495 ἐϐδομήκοντα,
3368 2428 3560 2496 μέχρις
3606 2421 3838 2498 0511:9-

2279 2535 2366 2571 σαι
2424 2519 2518 2575 καὶ
2590 2518 2762 2587 Μῆδοι
2822 2518 2920 2588 τὴν
2996 2515 3353 2571 Βαϐυλωνίων
3417 2518 3595 2587 ἀρχὴν
3659 2534 3830 2571 κατα-

2276 2608 2515 2674 λύσουσι.
2580 2609 2712 2661 Τότε
2756 2608 2814 2661 δὲ
2870 2606 3100 2675 λυθῆναι
3149 2610 3247 2678 τῆς
3303 2608 3682 2676 αἰχμαλωσίας
3735 2609 3844 2662 αὖ.

2276 2701 2440 2765 τοὺς,
2502 2698 2726 2753 καὶτὸν
2757 2698 2884 2751 ναὸν
2945 2693 3101 2759 αὖθις
3171 2698 3263 2751 καὶ
3323 2697 3425 2767 τὴν
3484 2696 3639 2749 πόλιν
3683 2698 3844 2750 ἀνοι-

2278 2790 2597 2858 κοδομῆσαι.
2666 2788 2833 2842 Ταῦτ’
2902 2788 3089 2858 ἔλεγεν
3165 2788 3454 2858 Ἱερεμίας.
3531 2790 3591 2842 '0
3636 2789 3692 2841 δὲ
3735 2790 3843 2853 βα-

2280 2881 2459 2943 σιλεὺς
2534 2881 2627 2934 καὶ
2694 2882 2743 2933 οί
2804 2882 2931 2951 περὶ
2997 2879 3160 2933 αὐτὸν
3220 2881 3342 2942 τοὺς
3401 2880 3591 2945 λόγους
3662 2879 3841 2933 αὑτοῦ

2277 2970 2661 3043 ἐμυκτήριζον.
2678 2972 2917 3026 ’Δπιόντι
2943 2970 2999 3024 δὲ
3026 2970 3104 3041 τῷ
3124 2971 3381 3042 προφήτῃ
3409 2970 3544 3041 πρὸς
3592 2969 3840 3023 Ἀναθὼθ

2277 3055 2377 3135 τὴν
2428 3062 2679 3134 πατρίδα,
2721 3064 3055 3133 συναντήσας
3112 3079 3196 3125 τις
3236 3062 3346 3115 τῶν
3392 3062 3689 3133 ἀρχόντων,
3739 3059 3843 3113 καὶ

628 3145 980 3215 Babylonium
1013 3147 1315 3215 recipiant,
1346 3145 1425 3201 sic
1463 3147 1578 3201 fore
1612 3146 1946 3213 incolumes,
1977 3150 2178 3221 alioqui

2289 3155 2592 3224 κατασχὼν,
2641 3154 2716 3215 ώς
2752 3152 3044 3223 αὐτόμολον
3080 3153 3253 3225 ήγαγε
3296 3151 3432 3223 πρὸς
3467 3153 3591 3214 τοὺς
3638 3151 3843 3219 ἄρχον-

626 3236 711 3289 vel
773 3226 922 3293 fame
978 3237 1062 3291 vel
1121 3236 1300 3307 gladio
1351 3237 1621 3305 perituros
1662 3256 1677 3293 :
1716 3240 1811 3308 qui
1867 3249 2048 3296 autem
2102 3243 2180 3305 ad

630 3324 813 3377 hostes
869 3326 1193 3391 transisset,
1253 3336 1481 3382 mortem
1538 3328 1855 3385 vitaturum.
1911 3330 2180 3393 Caeterum

628 3414 904 3482 propheta:
973 3417 1134 3470 fidem
1216 3416 1452 3471 habebat
1520 3434 1723 3485 nemo;
1799 3420 1966 3477 duces
2016 3424 2178 3481 etiam

629 3521 810 3575 regem
849 3516 1037 3561 contra
1082 3524 1207 3563 eum
1258 3509 1587 3576 instigabant
1617 3528 1631 3564 :
1660 3513 1755 3581 qui
1800 3517 2029 3584 tempori
2063 3531 2181 3572 ser-

629 3600 816 3661 viens,
850 3613 976 3652 eum
1024 3598 1134 3653 illis
1159 3600 1352 3661 tradit.
1384 3609 1447 3653 ut
1473 3617 1571 3658 suo
1597 3602 1864 3657 arbitratu
1900 3613 2131 3661 tractent
2162 3624 2177 3660 :

558 3747 562 3750 γ
626 3705 788 3758 quem
840 3689 915 3744 illi
965 3689 1019 3743 in
1064 3690 1240 3744 lacum
1283 3705 1563 3746 caenosum
1616 3693 1982 3763 coniecerunt.
2028 3696 2182 3752 Unde

628 3780 883 3834 Sedecias
927 3789 1231 3835 extractum
1269 3789 1326 3835 et
1364 3781 1502 3835 clam
1559 3784 1881 3838 accersitum
1950 3785 2184 3841 interro-

628 3879 737 3940 gat,
769 3870 899 3937 quid
943 3871 1010 3925 de
1046 3871 1369 3942 urgentibus
1404 3862 1571 3928 malis“
1605 3874 1877 3931 sentiret?
1914 3876 2181 3947 Propheta

524 4034 531 4039 ι
629 3961 816 4015 urbem
883 3960 1177 4031 Babylonio
1241 3963 1540 4018 dedendam
1608 3974 1839 4031 censet,
1887 3983 2181 4038 regemque

629 4060 834 4106 metum
877 4051 1027 4106 exitii
1082 4049 1761 4117 eausantem.conlirmat,
1802 4055 1848 4108 si
1890 4056 2175 4125 obtempe-

630 4150 841 4204 rasset,
875 4142 1008 4199 nihil
1056 4142 1107 4196 ei
1147 4157 1310 4212 grave
1342 4151 1667 4197 eventurum
1710 4162 1724 4199 :
1761 4144 1945 4216 itaque
1996 4146 2183 4202 dimit-

632 4230 783 4284 titur.
837 4230 905 4285 At
957 4231 1285 4301 Babylonius
1326 4247 1521 4303 magna
1567 4233 1619 4288 vi
1673 4235 1865 4291 urbem
1916 4236 2181 4301 adortus.

630 4320 920 4377 undecimo
977 4322 1125 4391 regni
1164 4321 1403 4377 Sedecize
1447 4338 1594 4379 anno
1631 4324 1795 4393 capit.
1838 4325 2092 4382 Sedecias
2115 4343 2183 4381 ex

630 4413 765 4467 urbe
794 4412 1005 4483 fugiens
1029 4449 1045 4476 ,
1070 4411 1141 4465 ab
1166 4411 1416 4466 hostibus
1456 4429 1580 4468 eum
1607 4414 1796 4469 liberis
1826 4425 1882 4471 et
1919 4406 2182 4484 uxoribus

2280 3263 2397 3310 ταςο
2430 3246 2486 3307 οἳ,
2508 3245 2849 3314 αἰκισάμενοι
2873 3243 3034 3297 αὑτὸν
3056 3245 3281 3313 ἐτήρουν
3306 3244 3385 3305 είς
3405 3243 3646 3295 κόλασιν.
3680 3241 3844 3295 Κατά

2279 3336 2337 3389 δὲ
2376 3341 2436 3389 τδ
2474 3336 2691 3390 ἔννατον
2741 3336 2858 3398 ἔτος
2892 3336 2990 3405 τῆς
3024 3333 3296 3404 βασιλείας
3332 3334 3609 3397 Σεδεκίου,
3658 3334 3843 3388 ἔπεισι

2278 3429 2338 3483 τὸ
2369 3428 2617 3499 δεύτερον
2646 3428 2786 3482 κατά
2821 3427 2928 3482 τῶν
2983 3427 3367 3498 Ἱεροσολύμων
3404 3429 3432 3480 ό
3468 3426 3838 3491 Βαϐυλώνιοςο

2280 3522 2373 3575 καὶ
2416 3520 2498 3589 ἐφ’
2515 3520 2610 3573 ενα
2641 3519 2779 3590 πρὸς
2810 3518 2888 3588 τῷ
2918 3518 3104 3589 ήμίσει
3130 3517 3394 3580 ἐνιαυτὸν,
3434 3516 3707 3587 κραταιῶς
3738 3518 3843 3587 τὴν

2280 3611 2434 3663 πόλιν
2473 3611 2769 3679 πολιορκεῖ.
2813 3610 2892 3681 Τῇ
2933 3609 2990 3662 δὲ
3036 3608 3322 3680 πολιορκίᾳ
3346 3594 3467 3660 Γκαὶ
3509 3607 3666 3678 λιμὸς
3708 3624 3841 3661 συν-

2279 3695 2501 3768 ηνέχθη,
2549 3695 2641 3749 καὶ
2680 3695 2774 3747 ἐπὶ
2819 3695 3041 3757 τούτους
3084 3695 3291 3762 λοιμός.
3339 3695 3607 3764 Ἱερεμίας
3641 3694 3699 3747 δὲ
3742 3695 3842 3749 καὶ

2281 3785 2669 3856 καθειργμένος
2712 3785 2963 3851 δέξασθαι
3013 3785 3105 3838 τὸν
3149 3784 3490 3838 Βαϐυλώνιον
3536 3784 3841 3854 παρεκάλει

2280 3874 2340 3928 τὸ
2365 3874 2585 3944 πλῆθος·
2621 3873 2961 3951 σωθήσεσθαι
2989 3874 3098 3941 γάρ
3128 3872 3289 3925 οὔτω⁸
3322 3874 3373 3925 εἰ
3408 3869 3549 3935 δὀὒ,
3568 3874 3848 3942 μένοντας

2281 3964 2593 4017 ἀπολεῖσθαι
2644 3965 2676 4035 ἧ
2720 3962 2864 4033 λιμῷ
2908 3964 2940 4034 ἢ
2989 3964 3233 4035 μαχαίρᾳ
3258 3979 3272 3993 ’
3306 3964 3355 4016 εί
3382 3962 3438 4015 δέ
3464 3980 3551 4026 τις
3589 3979 3843 4033 προσχω-

2284 4056 2439 4124 ρήσει
2457 4058 2567 4116 τοῖς
2584 4054 2711 4107 πολε
2718 4054 2878 4125 μίοις,
2896 4054 2986 4108 τὸν
3000 4054 3250 4115 θάνατον,
3274 4054 3449 4119 ἔλεγε,
3468 4054 3836 4120 διαφεύξεται.

2282 4144 2468 4198 Οὖδενὶ
2493 4151 2678 4212 μέντοι
2721 4144 2907 4206 πιστὸς
2935 4145 2965 4196 ὁ
2990 4147 3274 4214 προφήτης
3300 4144 3597 4219 λελόγιστο.
3628 4146 3693 4217 ω
3715 4145 3758 4196 δ’
3778 4145 3847 4214 ήο,

2281 4235 2507 4305 γεμόνες
2532 4236 2627 4287 καὶ
2661 4221 3055 4303 προσηρέθιζον
3080 4234 3200 4285 κατ’
3237 4236 3445 4287 ἐκείνου
3474 4238 3564 4287 τὸν
3595 4234 3835 4303 βασιλέα.

2296 4327 2354 4380 Ὀ
2386 4325 2441 4379 δὲ
2480 4325 2569 4378 διὰ
2611 4324 2712 4377 τὸν
2738 4323 2931 4393 καιρὸν
2973 4323 3168 4383 αὐτοὺς
3214 4321 3551 4390 θεραπεύων,
3576 4322 3840 4374 ἐνέδωκεν

2282 4416 2477 4479 αὐτοὺς
2523 4398 2829 4485 χρήσασθαι
2872 4410 2949 4481 τῷ
2980 4413 3244 4483 ’προφήτῃ
3273 4411 3348 4474 ὼς
3381 4410 3681 4481 βούλονται.
3724 4412 3832 4464 Κάν

629 4504 862 4571 capitur,
906 4518 936 4555 a
988 4496 1101 4554 Suis
1150 4499 1384 4553 ducibus
1428 4509 1483 4554 et
1516 4502 1747 4566 amicis,
1775 4504 1899 4559 aliis
1938 4505 2047 4559 alio
2099 4506 2178 4560 di-

2284 4508 2450 4561 κεῖνοι
2488 4506 2651 4563 αὐτὸν
2691 4506 2770 4569 εἰς
2803 4504 3004 4558 λάκκον
3038 4501 3346 4575 βορϐορώδη
3378 4501 3650 4559 ἐνέϐαλον.
3689 4502 3820 4554 Σεδε-

629 4596 835 4663 lapsis,
894 4592 1212 4662 destitutus.
1265 4590 1593 4662 Babylonius
1663 4592 1730 4645 ad
1790 4607 1849 4647 se
1912 4595 2175 4662 perducto

631 4686 900 4759 ingratum
946 4683 1186 4739 animum
1216 4690 1271 4737 et
1308 4681 1588 4751 perﬁdiam
1621 4682 1949 4752 exprobrat,
1977 4683 2179 4739 liberos

627 4783 794 4844 atque
840 4773 1045 4826 amicos
1094 4774 1151 4826 in
1199 4772 1317 4841 eius
1364 4780 1658 4842 conspectu
1707 4771 1943 4844 iugulari
1983 4772 2177 4842 jubet,

631 4868 809 4938 ipsum
840 4862 1056 4918 eﬂ'ossis
1103 4863 1277 4918 oculis
1305 4864 1546 4917 vinctum
1577 4864 1900 4934 Babylonem
1933 4863 2179 4919 adducit,

631 4959 768 5013 Tum
820 4955 1037 5010 demum
1090 4953 1288 5017 sensit,
1334 4964 1622 5023 utrumque
1661 4956 1980 5025 prophetam
2014 4956 2180 5011 fuisse
2222 5006 2223 5009 η

630 5062 901 5103 veracem.
967 5044 1067 5101 Hic
1112 5052 1419 5114 postremus
1476 5046 1579 5099 fuit
1642 5045 1860 5101 familiae
1911 5048 2178 5102 Davidieae

634 5143 844 5208 regum,
870 5138 964 5206 qui
997 5149 1227 5190 numero
1258 5134 1451 5205 viginti
1481 5150 1623 5189 unus
1653 5136 1869 5191 fuerant
1900 5138 2137 5193 universi
2163 5157 2176 5193 :

633 5230 869 5298 elapsis,
905 5243 971 5283 ex
992 5244 1100 5298 quo
1138 5226 1265 5283 Saul
1309 5241 1531 5297 regnum
1554 5226 1758 5295 inierat
1782 5265 1798 5292 ,
1837 5229 1996 5282 annis
2022 5230 2182 5296 quin-

632 5321 811 5392 gentis
863 5327 919 5373 et
973 5318 1415 5387 quatuordecim,
1460 5316 1740 5377 mensibus
1809 5314 1940 5383 sex,
1989 5317 2182 5371 diebus

635 5413 928 5489 sexdecim.
957 5410 1308 5467 Nabuzardan
1335 5408 1879 5466 Nabuchodonosoris
1928 5408 2183 5479 magister

637 5520 974 5577 coquorum,
1018 5502 1171 5573 jussu
1254 5502 1396 5569 regis
1451 5510 1507 5556 et
1554 5499 1813 5571 templum
1873 5506 1930 5555 et
1977 5501 2180 5570 regiam

638 5597 918 5660 incendit,
962 5605 1018 5650 et
1064 5591 1253 5646 urbem
1306 5591 1537 5650 evertit,
1568 5592 1716 5645 omni
1759 5601 1953 5646 ornatu
1998 5590 2181 5660 templi

639 5685 888 5755 spoliato.
934 5683 1243 5746 Crematum
1292 5685 1378 5734 est
1428 5678 1686 5747 templum
1729 5695 1873 5734 anno
1919 5681 2183 5750 quadrin-

638 5778 939 5849 gentesimo
976 5771 1392 5845 septuagesimo,
1429 5785 1612 5827 mense
1649 5780 1819 5837 sexto,
1849 5773 1937 5828 die
1971 5773 2184 5829 decimo

2285 4600 2407 4660 κίας
2447 4598 2503 4651 δὲ
2544 4597 2700 4650 τοῦτο
2748 4595 2958 4665 μαθὼν,
2987 4593 3382 4661 ἀνελκυσθῆναι
3412 4592 3575 4646 αὑτὸν
3627 4592 3837 4649 ἐκεῖθεν

2287 4688 2535 4740 ἐκέλευσε
2556 4703 2569 4718 °
2617 4688 2709 4739 καὶ
2742 4687 2915 4756 λάθρα
2945 4688 3195 4748 καλέσας.
3244 4686 3406 4756 ῆρετο
3438 4686 3490 4738 τί
3530 4702 3663 4754 φησι
3698 4686 3837 4749 πρὸς

2286 4779 2354 4832 τὰ
2396 4778 2639 4846 παρόντα
2692 4777 2874 4840 δεινά;
2908 4770 3001 4829 "0'
3041 4777 3098 4828 δὲ
3150 4776 3485 4846 παραδοῦναι
3532 4775 3631 4844 τήν
3682 4775 3836 4827 πόλιν

2288 4866 2631 4920 συνεϐούλευε
2674 4863 2752 4937 τῷ
2797 4863 3149 4933 Βαϐυλωνίῳ..
3195 4861 3445 4922 Σεδεκίας
3495 4861 3550 4912 δὲ
3607 4862 3835 4914 δεδιέναι

2286 4955 2541 5027 ἐλεγεεμὴ
2579 4956 2856 5026 ἀναιρεθῇ.
2895 4954 2953 5008 ’0
2992 4955 3047 5007 δὲ
3092 4954 3373 5022 προφήτης
3408 4952 3619 5013 οὐδενός
3672 4952 3835 5005 αὐτὸν

2285 5049 2425 5103 οὕτω
2492 5047 2744 5100 ποιοῦντα
2794 5033 3221 5115 πειραθήσεσθαι
3288 5041 3579 5113 δυσχεροῦς
3631 5042 3836 5110 ἰσχυρί-

2287 5140 2427 5203 ζετο.
2456 5140 2573 5203 ,Τὸν
2623 5138 2723 5209 μὲν
2769 5136 2861 5189 οὖν
2901 5138 2928 5188 ό
2966 5135 3217 5204 βασιλεὺς
3257 5134 3546 5190 ἀπέλυσεν.
3592 5133 3650 5187 Ὀ
3681 5134 3733 5187 δέ
3769 5150 3834 5198 γε

2288 5227 2621 5291 Βαϐυλώνιος
2682 5225 2987 5295 ἐπολιόρκει
3042 5224 3141 5292 τὴν
3198 5223 3349 5275 πόλιν
3405 5223 3539 5292 μετὰ
3596 5222 3833 5290 σφοδρᾶς

2288 5320 2600 5384 ἐπιθέσεως,
2644 5320 2741 5373 καὶ
2784 5314 2893 5370 εἷλε
2936 5317 3136 5386 ταύτην
3168 5315 3246 5381 τῷ
3290 5302 3560 5385 ἑνδεκάτῳ
3603 5313 3834 5384 ἐνιαυτῷ

2288 5409 2385 5479 τῆς
2427 5410 2596 5480 ἀρχῆς
2623 5406 2905 5485 ρζεδεκίου.
2944 5405 3197 5467 Σεδεκίας
3241 5404 3300 5457 δὲ
3347 5404 3484 5473 μετά
3512 5402 3619 5457 τῶν
3646 5417 3835 5471 γυναι-

2258 5548 2259 5551 η
2290 5500 2419 5564 κῶν,
2473 5501 2568 5552 καὶ⁸
2608 5487 2716 5551 τῶν
2746 5497 2974 5560 τέκνων,
3024 5497 3115 5550 καὶ
3147 5494 3253 5548 τῶν
3300 5495 3699 5565 προσηκόντων,
3732 5493 3833 5543 καὶ

2290 5589 2396 5641 τῶν
2430 5588 2596 5657 φίλων
2637 5588 2863 5654 ἔφευγεν
2892 5588 2957 5639 ἐκ
2983 5585 3082 5655 τῆς
3113 5584 3339 5647 πόλεως.
3371 5585 3434 5637 Oi
3483 5584 3537 5637 δέ
3584 5582 3833 5647 πολέμιοι

2289 5678 2616 5741 κατεδίωξαν
2659 5676 2839 5740 αύτδν,
2886 5677 2990 5741 ,καὶ
3032 5674 3333 5729 κατέλαϐον
3387 5672 3703 5743 μονωθέντα.
3762 5668 3832 5753 Οί

2290 5767 2398 5842 γὰρ
2447 5765 2731 5840 ήγεμόνες,
2779 5766 2871 5821 καὶ
2928 5767 2976 5821 oi
3027 5764 3169 5837 φίλοι
3223 5764 3388 5820 αὐτοῦ
3440 5760 3829 5829 διεσπάρησαν.
