4006 6328
635 445 738 507 227

1917 449 2234 509 JOANNIS
2271 449 2587 510 ZONAR/E

3729 442 3834 506 $23

639 564 765 614 rius.
815 561 1010 613 Aurum
1069 578 1238 624 emm,
1292 578 1479 628 purum
1526 570 1705 630 pulum
1759 563 2084 629 privsertim,
2115 569 2188 612 est

2292 560 2498 624 αὑτὸν,
2535 565 2632 615 καί
2653 563 2941 617 λεπτύναι
2981 563 3085 616 τὸν
3109 563 3360 632 χρυσὸν,
3393 577 3489 615 και
3528 560 3637 613 τὸν
3658 558 3835 626 ἀργυ-

637 664 854 722 argeulo
899 654 1104 707 mollius
1150 671 1168 708 :

637 761 741 797 a're
789 743 959 796 laxius
991 761 1008 795 :
1037 744 1232 812 ferrum
1285 760 1440 813 porro
1487 761 1588 796 mre
1623 747 1780 796 etiam
1822 743 2036 796 solidius
2080 751 2176 797 est.

636 829 808 897 Capiti
843 831 1005 898 igitur
1046 847 1267 898 regnum
1295 831 1634 900 Assyriorum
1666 840 1746 884 est
1772 841 2140 900 comparatum
2161 872 2176 895 ,

638 930 697 973 ut
722 920 996 988 antiquius
1035 930 1089 972 et
1122 922 1382 974 vetustius
1406 922 1634 975 caneris.
1664 923 1864 982 Altero,
1904 922 2176 976 Medorum

635 1017 691 1060 ct
736 1008 1018 1060 Persarum
1066 1025 1285 1076 regnum
1337 1010 1676 1077 intelligitur,
1709 1011 1798 1077 qui
1836 1011 2177 1079 Assyriorum

639 1108 970 1152 everterunt.
1031 1100 1161 1152 Nam
1194 1099 1394 1169 Cyrus,
1433 1111 1490 1152 ut
1514 1112 1633 1168 post
1658 1101 1987 1164 narrabitur,
2020 1103 2180 1154 Persa

636 1202 817 1255 patre,
847 1202 1017 1243 matre
1049 1191 1249 1244 Medica
1282 1200 1468 1268 natus,
1497 1191 1778 1258 utriusque
1804 1191 1980 1260 gentis
2012 1193 2180 1246 armis

637 1283 886 1352 Assyrios
918 1282 1154 1338 devicit.
1187 1296 1483 1349 eorumque
1523 1297 1742 1349 regnum
1780 1281 1995 1335 evertit.
2043 1282 2186 1334 Dua-

639 1373 737 1423 bus
767 1381 945 1423 autem
977 1369 1225 1422 manibus
1252 1367 1370 1422 dua:
1398 1381 1584 1437 gentes
1625 1370 2014 1437 signiﬁcantur.
2053 1369 2183 1424 Ter-

638 1459 770 1510 tium
816 1472 1037 1527 regnum
1085 1467 1167 1510 est
1209 1456 1599 1520 Macedonum,
1630 1458 1722 1510 teri
1769 1467 2180 1526 comparatum,

637 1558 824 1616 utpote
874 1545 1368 1616 potentius,'quo«l
1422 1546 1698 1599 Persicum
1746 1546 2033 1615 imperium
2087 1548 2184 1600 de-

634 1634 957 1698 struxit,'ac
987 1645 1176 1691 venter
1203 1637 1420 1706 quidem
1452 1637 1810 1690 Alexandrum
1840 1637 2006 1691 refert
2025 1675 2040 1697 ,
2075 1637 2185 1691 duo

633 1727 842 1782 femora
877 1729 1193 1782 divisionem
1244 1728 1392 1796 regni
1434 1737 1553 1796 post
1583 1729 1700 1796 ejus
1735 1728 1966 1781 obitum.
2008 1727 2184 1793 Quar-

633 1831 749 1876 tum
778 1813 1000 1893 regnum
1025 1831 1107 1877 est
1133 1823 1498 1876 Romanorum
1521 1861 1534 1880 ,
1579 1821 1665 1873 cui
1698 1819 1902 1874 ferrum
1934 1821 2186 1874 attribuit

1221 665 1495 724 argentum
1515 695 1529 717 ,
1557 663 1612 707 ιιι
1659 672 1788 706 auro
1822 655 2028 707 densius
2050 697 2064 720 ,
2101 657 2175 707 ita

2285 668 2418 715 ρον,
2459 653 2555 705 καὶ
2600 655 2704 707 τὸν
2731 655 2979 720 χαλκὸν,
3018 655 3114 708 καὶ
3147 654 3250 707 τ’ὐν
3282 653 3552 719 σίδηρον,
3590 650 3688 702 καί
3731 649 3834 700 τὸν

2285 739 2576 806 ὄστρακον
2598 743 2662 807 ἐς
2692 745 2996 806 τοσοῦτον,
3017 745 3095 810 ὡς
3116 743 3216 798 ὑπ’
3237 742 3456 810 ἀνέμου
3473 734 3833 805 ἐκλικμηθῆ·

2283 852 2378 887 ναι
2406 834 2607 904 (Ἱ5έ74)
2625 835 2793 888 αὐτά.
2833 836 2895 887 '0
2923 835 2989 888 δὲ
3007 838 3173 899 λίθος
3203 832 3393 885 ἐδόκει
3419 829 3703 897 αὐξῆσαι,
3737 825 3832 879 καὶ

2284 928 2368 990 είς
2395 926 2684 978 τοσοῦτον
2709 926 2953 994 μέγεθος
3001 925 3335 993 προελθεῖν,
3373 924 3446 987 ὡς
3497 921 3702 975 πᾶσαν
3733 914 3831 970 ὑπ’

2285 1015 2468 1067 αὐτοῦ
2493 1015 2911 1083 πεπληρῶσθαι
2939 1017 3052 1083 τὴν
3075 1015 3210 1084 γῆν.
3242 1011 3430 1078 Οὗτος
3460 1014 3575 1080 μὲν
3599 1007 3710 1064 οὖν
3735 1023 3830 1060 σοι

2288 1107 2319 1157 ό
2351 1105 2597 1172 ὄνειρος.
2641 1109 2707 1160 Ἀ
2738 1107 2805 1158 δὲ
2832 1108 3123 1173 δηλοῦταί
3178 1123 3275 1160 σοι
3305 1105 3379 1158 δι’
3419 1103 3622 1166 αὐτοῦ,
3655 1116 3834 1170 φρον-

2287 1195 2498 1255 τίζοντι
2530 1199 2660 1265 περὶ
2697 1198 2804 1266 τῆς
2825 1200 3165 1265 βασιλείας,
3195 1198 3295 1251 καὶ
3343 1198 3435 1261 τίς
3470 1194 3644 1262 -ἇρξει
3688 1189 3834 1258 μετὰ

2288 1285 2382 1349 σὲ,
2413 1287 2595 1340 ταῦτά
2639 1292 2813 1342 εἰσιν.
2875 1291 2946 1342 Ἡ
2968 1291 3082 1356 μὲν
3129 1288 3328 1356 χρυσῆ
3373 1286 3628 1355 κεφαλὴ,
3661 1286 3742 1338 σύ
3775 1300 3836 1336 τε

2288 1367 2366 1435 εἴ,
2395 1376 2491 1426 καὶ
2526 1377 2579 1428 οί
2619 1376 2824 1430 λοιποὶ
2857 1377 3136 1442 βασιλεῖς
3183 1377 3296 1428 τῶν
3323 1376 3736 1430 Βαϐυλωνίων.
3768 1371 3837 1424 Τὸ

2290 1464 2632 1517 πολύολϐον
2677 1466 2730 1518 δ’
2764 1469 2796 1519 ὁ
2833 1466 3063 1532 χρυσός
3087 1465 3195 1538 τῆς
3218 1467 3402 1534 ἀρχῆς
3431 1483 3548 1520 σου
3579 1463 3838 1531 παραδη-

2289 1552 2404 1605 λοῖ.
2437 1555 2506 1605 AI
2532 1554 2597 1605 δὲ
2631 1554 2740 1607 δύο
2773 1556 2964 1624 χεῖρες
2992 1539 3085 1609 καί
3121 1560 3184 1610 οί“
3208 1552 3358 1630 ὦμοι
3380 1557 3581 1620 διττάς
3626 1555 3841 1607 εἰκονί-

2293 1639 2457 1700 (omn
2477 1641 2820 1707 βασιλείας,
2847 1645 2944 1711 ὑφ’
2976 1638 3062 1696 ὧν
3093 1647 3130 1712 ἠ
3159 1644 3326 1714 ὑμῶν
3358 1643 3639 1712 ἡγεμονία
3665 1658 3842 1694 κατα-
3901 1637 3904 1640 ’

2288 1731 2617 1796 λυθήσεται
2642 1748 2655 1761 ⁸
2687 1735 2722 1800 ὴ
2762 1719 2960 1800 χαλκὴ
2991 1735 3059 1787 δὲ
3095 1736 3348 1803 γαστὴρ,
3379 1735 3475 1786 καὶ
3506 1735 3560 1786 οί
3593 1731 3844 1785 τοιοῦτοι

2287 1821 2493 1887 μηροὶ,
2535 1822 2798 1885 βασιλέα
2833 1822 3090 1887 δηλοῦσι
3146 1824 3377 1892 χαλκὸν
3425 1819 3844 1888 ἐνδεδυμένον,

630 1915 705 1968 ob
737 1915 1062 1969 soliditatem
1089 1956 1102 1973 .
1131 1924 1185 1967 et
1223 1913 1382 1967 tibias
1410 1951 1425 1974 .
1456 1912 1665 1964 ratione
1699 1911 1958 1980 temporis
1979 1951 1994 1974 ,
2040 1911 2186 1978 quod

2293 1909 2360 1974 ὃς
2409 1909 2550 1973 τοὺς
2578 1909 2732 1977 ὑμᾶς
2765 1912 3218 1976 καταλύσαντας
3251 1910 3618 1979 καθαιρήσει.
3653 1909 3770 1974 Τὴν
3797 1906 3845 1958 δ’

630 2006 845 2058 caeteris
869 2005 1074 2074 magnis
1115 2002 1358 2071 imperiis
1394 2001 1464 2055 sit
1504 2001 1800 2070 posterius,
1833 1989 2188 2070 quemadmo-

2295 1995 2530 2048 ἐκείνου
2559 1996 2883 2058 βασιλείαν
2909 1987 3079 2062 αὖθις
3120 1997 3288 2064 ἑτέρα
3327 1993 3696 2049 καταπαύσει
3742 1995 3845 2047 δυ·

633 2096 765 2148 dum
795 2109 955 2149 crura
991 2105 1048 2149 et
1071 2095 1235 2164 pedes
1265 2103 1519 2149 extremae
1551 2100 1678 2145 sunt
1715 2101 1894 2160 partes
1921 2090 2190 2161 corporis.

2291 2078 2596 2149 νατωτέρα.
2645 2082 2759 2137 Τοῦ
2800 2101 2863 2139 τε
2891 2085 3001 2154 τὰρ
3021 2085 3252 2155 χρυσοῦ
3298 2085 3396 2139 καὶ
3423 2084 3529 2137 τοῦ
3563 2085 3845 2152 ἀργύρου

634 2185 750 2240 Jam
796 2194 929 2239 testa
991 2184 1137 2238 ferro
1178 2183 1405 2238 admista
1454 2181 1723 2252 signiﬁcat
1769 2196 1995 2250 regnum
2034 2179 2191 2242 illud,

637 2277 738 2330 etsi
785 2276 1067 2328 robustum
1114 2274 1217 2338 sit,
1251 2281 1429 2328 tamen
1472 2272 1658 2340 fragile
1687 2269 1890 2340 aliquid
1917 2277 1970 2323 et
2018 2270 2191 2324 imbe-

2285 2177 2384 2228 καὶ
2427 2175 2531 2228 τοῦ
2567 2176 2802 2245 χαλκοῦ
2851 2177 2884 2230 ό
2910 2172 3155 2256 σίδηρος
3181 2175 3604 2245 δυνατώτερος.
3649 2175 3713 2227 '0
3737 2173 3852 2243 μὲν

2285 2267 2393 2336 γὰρ
2426 2268 2678 2336 χρυσὸς,
2709 2266 3124 2334 καὶμᾶλλον-ό
3157 2267 3590 2333 καθαρώτατος,
3619 2266 3726 2320 τοῦ
3749 2268 3850 2331 dp-

639 2361 832 2420 cillum‘
852 2365 1054 2420 habere
1079 2363 1392 2434 adiunctum
1412 2404 1426 2428 ,
1453 2361 1756 2431 cuiusmodi
1786 2371 1871 2415 est
1902 2369 2038 2416 testa
2065 2361 2190 2414 limo

2291 2357 2470 2425 τύρου
2491 2356 2621 2409 ἐστὶ
2643 2354 3085 2424 μαλακώτερος.
3128 2355 3192 2408 '0
3233 2355 3285 2409 δ’
3317 2356 3572 2425 ἄργυρος
3605 2356 3711 2408 τοῦ
3741 2355 3852 2423 μὲν

639 2464 917 2513 constans.
2290 2447 2521 2517 χρυσοῦ
2542 2446 2998 2525 στεγανώτερος,
3030 2446 3138 2502 τοῦ
3176 2448 3246 2501 δὲ
3294 2448 3527 2516 χαλκοῦ
3572 2446 3852 2516 τυγχάνει

634 2547 1010 2615 χαυνότερος.
1054 2545 1114 2597 '0
1142 2543 1210 2597 δὲ
1235 2544 1484 2611 σίδηρος
1508 2538 1680 2608 αὖθις
1705 2541 1802 2596 και
1862 2537 1968 2594 τοῦ
2033 2539 2261 2608 χαλκοῦ
2301 2533 2709 2605 στερεώτερος.
2741 2537 2963 2607 Κεφαλῇ
3023 2538 3120 2606 μὲν
3177 2537 3268 2591 οὖν
3304 2539 3338 2608 ή
3385 2538 3494 2590 τῶν
3544 2536 3847 2605 Ἀσσυρίων

637 2636 880 2706 βασιλεία
909 2635 1256 2698 ἀπείκασται,
1287 2627 1360 2694 ὦς
1390 2631 1789 2703 προγενεστέρα
1836 2631 1943 2682 τῶν
1990 2628 2183 2695 ἄλλων,
2225 2633 2318 2683 καὶ
2374 2629 2452 2698 τῷ
2474 2629 2650 2698 χρόνῳ
2713 2631 3052 2695 προάγουσα.
3085 2628 3352 2698 Δευτέραν
3390 2626 3447 2679 δὲ
3473 2626 3569 2696 τήν
3597 2625 3709 2676 τῶν
3736 2623 3822 2688 Μή

634 2727 741 2779 δων
779 2726 1005 2780 καὶτῶν
1042 2724 1263 2795 Περσῶν
1303 2725 1579 2792 ικάλεσεν,
1615 2724 1671 2778 αἳ
1742 2724 1840 2794 τὴν
1900 2725 2008 2778 τῶν
2083 2721 2385 2790 Ἀσσυρίων
2443 2723 2615 2791 ἀρχὴν
2673 2722 3070 2791 καθῃρήκασιν.
3113 2723 3174 2774 '0
3229 2723 3338 2789 γὰρ
3382 2722 3584 2785 Κύρος,
3653 2719 3842 2782 ὥσπερ

639 2820 1078 2889 ίστορτγθήσεται,
1122 2820 1334 2886 Πέρσης
1390 2821 1486 2888 μὲν
1537 2814 1604 2888 ἦν
1655 2818 1944 2887 πατρόθεν,
1983 2821 2094 2879 τοῖς
2162 2815 2218 2868 δὲ
2257 2811 2464 2884 Μήδοις
2500 2815 2773 2883 προσῆκεν
2806 2817 2868 2867 ὲκ
2894 2816 2990 2882 τῆς
3057 2813 3260 2884 μητρός
3287 2829 3301 2842 ·
3334 2812 3391 2875 ὃς
3420 2812 3585 2881 ἄμφω
3614 2811 3683 2864 τὰ
3711 2810 3838 2880 ἔθνη

638 2909 1102 2980 συμπαραλαϐὼν,
1141 2911 1232 2961 καὶ
1262 2910 1571 2978 πολεμήσας
1599 2913 1707 2971 τοῖς
1759 2909 2087 2978 Ἀσσυρίοις,
2116 2906 2212 2977 τὴν
2250 2907 2429 2961 αὐτῶν
2453 2906 2732 2976 βασιλείαν
2759 2907 3041 2960 κατέλυσε.
3108 2893 3368 2976 Τῇδυάδι
3395 2906 3452 2958 δὲ
3491 2905 3599 2957 τῶν
3630 2905 3847 2974 χειρῶν,

638 3004 671 3072 ή
699 3002 806 3055 τῶν
837 3002 1004 3054 ἑθνῶν
1033 3002 1236 3055 τούτων
1261 3003 1461 3071 ἀμφοῖν
1509 3001 1640 3064 δυάς
1678 3001 2022 3065 είκονίζεται.
2089 3001 2294 3070 Τρίτην
2370 2999 2450 3051 δὲκ
2484 2998 2764 3068 βασιλείαν
2828 3001 2927 3067 τῆν
2955 2999 3077 3051 ’τῶν
3125 2997 3450 3052 Μακεδόνων
3519 2997 3695 3050 καλεῖ.
3747 2994 3836 3062 Τῷ

639 3093 822 3163 χαλκῷ
856 3092 914 3146 δὶ
964 3095 1165 3159 ταύτην
1218 3095 1512 3150 ἀπείκασεν
1558 3093 1630 3157 ὼς
1683 3093 2078 3163 δυνατωτέραν,
2133 3088 2223 3146 οἷα
2261 3091 2356 3145 καὶ
2383 3091 2481 3161 τὴν
2537 3092 2806 3162 Περσικήν
2841 3093 3012 3163 ἀρχὴν
3046 3092 3448 3144 καταλύσασαν.
3486 3091 3590 3142 Καὶ
3617 3089 3705 3142 διὰ
3739 3089 3839 3157 μὲν

637 3186 738 3253 τῆς
769 3187 992 3248 κοιλίας,
1038 3191 1070 3255 η
1095 3187 1444 3257 Ἀλεξάνδρου
1484 3187 1748 3257 μοναρχία
1778 3185 2146 3240 ὑποτυποῦται
2170 3201 2183 3215 ·
2221 3185 2310 3238 διὰ
2368 3183 2425 3238 δὲ
2455 3185 2562 3237 τῶν
2611 3186 2817 3253 μηρῶν,
2851 3187 2884 3254 ή
2919 3187 3055 3253 μετὰ
3093 3185 3319 3238 θάνατον
3349 3186 3555 3237 ἐκείνου
3589 3183 3688 3251 τῆς
3725 3185 3728 3188 ’
3759 3182 3852 3251 βαι

641 3278 846 3340 σιλείας
873 3277 1153 3348 διαίρεσις,
1188 3280 1281 3330 καὶ
1309 3280 1337 3330 ὁ
1385 3278 1546 3340 αὐτὸς
1580 3277 1866 3347 μερισμός.
1902 3276 2184 3346 Τετάρτην
2221 3275 2278 3328 δὲ
2308 3273 2586 3342 βασιλείαν
2649 3273 2748 3342 τὴν
2773 3273 2881 3324 τῶν
2925 3273 3208 3342 Ῥωμαίων
3241 3276 3515 3340 ἐκάλεσεν,
3613 3280 3703 3333 τόν
3766 3279 3849 3330 ai-

640 3369 802 3439 δηρον
831 3373 1113 3441 ἀπένειμε,
1145 3369 1235 3422 διὰ
1276 3370 1336 3423 τὺ
1366 3368 1712 3438 στερέμνιον.
1741 3368 1869 3430 Ταῖς
1898 3365 1955 3421 δὲ
1993 3368 2232 3435 κνήμαις
2270 3365 2440 3437 αὐτὴν
2497 3362 2761 3416 εἰκόνιοεν
2794 3363 2881 3416 διὰ
2913 3359 2972 3417 ea
3000 3367 3345 3437 μετάχρονον.
3394 3368 3513 3421 Τῶν
3543 3369 3650 3439 γάρ
3676 3370 3854 3423 ἄλλων

645 3464 897 3531 μεγάλων
917 3462 1203 3532 βασιλειῶν
1237 3459 1670 3532 μεταγενεστέρα
1714 3461 1747 3526 ή
1782 3456 1888 3510 τῶν
1927 3455 2234 3523 Ῥωμαίων.
2277 3455 2385 3506 Καὶ
2435 3455 2490 3505 αι
2527 3453 2733 3522 κνῆμαι
2760 3452 2816 3505 δὲ
2859 3454 2952 3506 καὶ
2982 3454 3032 3504 ot
3061 3455 3240 3522 πόδες,
3271 3455 3553 3510 τελευταῖα⁵
3586 3459 3727 3528 μέρη
3757 3457 3852 3512 τοῦ

641 3553 913 3622 σώματος.
943 3554 1015 3606 Τὸ
1042 3553 1100 3606 δὲ
1125 3552 1200 3620 τῷ
1237 3552 1440 3621 σιδήρῳ
1473 3549 1845 3621 ἀναμεμίχθαι
1893 3549 1955 3602 τὺ
2018 3547 2308 3617 δστρακον,
2355 3545 2653 3600 αἰνίττεται
2722 3545 2782 3597 τὸ
2847 3546 3069 3616 ἰσχυρὰν
3113 3548 3209 3614 μὲν
3239 3549 3336 3615 τὴν
3361 3545 3634 3619 βασιλείαν
3688 3548 3849 3605 εἶναι.

641 3644 788 3714 ἔχειν
817 3644 876 3696 δὲ
908 3645 1038 3712 παρ’
1072 3645 1241 3713 ἑαυτῇ
1272 3643 1364 3694 καὶ
1396 3641 1725 3711 εὖθραυστόν
1750 3657 1801 3693 τι
1830 3639 1926 3693 καὶ
1961 3637 2184 3693 ἄναλκιο
2224 3636 2464 3690 τοιοῦτον
2521 3637 2631 3706 γὰρ
2654 3637 2755 3706 τὴν
2786 3634 2944 3705 φύσιν
2972 3636 3040 3720 τὸ,
3056 3623 3343 3706 ὄστρακον,
3369 3641 3726 3708 συγκείμενον
3787 3645 3854 3696 ὲκ

645 3733 840 3806 πηλοῦ.

713 3805 1000 3888 111.’ριιοι1
1025 3822 1070 3875 si
1099 3821 1223 3890 quis
1255 3805 1396 3875 hanc
1427 3821 1690 3876 visionem
1729 3820 1797 3874 ad
1823 3821 2062 3890 priorem
2094 3819 2190 3876 rei-

2372 3819 2447 3872 l‘.
2484 3820 2546 3871 El
2569 3819 2670 3886 μὲν
2693 3813 2784 3871 οὖν
2810 3818 2944 3886 πρὸς
2974 3817 3071 3886 τήν
3098 3821 3367 3888 προτέραν
3399 3821 3732 3896 κατάστασιν
3759 3825 3853 3893 τῆς

641 3913 874 3983 publica:
917 3918 1295 3992 statummquo
1353 3924 1520 3978 penes
1563 3919 1830 3973 senatum,
1873 3909 2190 3974 dictatores,

2306 3910 2596 3979 Ῥωμαίων
2618 3909 2913 3980 ἡγεμονίας
2935 3911 3230 3977 ἀναγαγεῖν
3243 3928 3323 3972 τις
3347 3910 3632 3981 βουληθείη
3650 3916 3709 3965 τὸ
3729 3917 3854 3984 ὅραο

643 3999 1206 4064 consules,'tribunos
1238 4007 1291 4051 et
1329 3998 1563 4066 plebem,
1609 4013 1819 4052 summa
1859 4013 2040 4077 regum
2070 3998 2190 4062 fuit,

2298 4017 2394 4069 μα,
2423 4002 2511 4054 ὅτε
2540 4003 2574 4073 ή
2607 3999 2863 4067 γερουσία
2894 3999 2986 4051 καὶ
3019 3998 3067 4050 oi
3102 3998 3413 4070 δικτάτορες
3443 4003 3537 4054 καὶ
3565 4006 3610 4055 oi
3636 4003 3850 4072 ὕπατοι,

647 4090 870 4152 referat,
930 4088 1136 4142 videbit
1180 4089 1392 4157 plebem
1429 4103 1571 4158 saepe
1619 4091 1781 4143 motis
1829 4075 2194 4143 seditionibus

645 4197 674 4235 a
696 4181 941 4250 patribus
967 4179 1308 4242 dissensisse,
1328 4179 1430 4234 alia
1459 4188 1670 4241 senatu,
1704 4181 1809 4232 alia
1828 4178 1983 4247 plebe
2005 4180 2195 4232 decer-

645 4284 828 4326 nente.
857 4269 1009 4324 Unde
1039 4285 1162 4323 cum
1200 4269 1343 4322 inter
1379 4283 1497 4322 sese
1529 4277 1851 4337 pugnarent,
1885 4284 1971 4322 res
2005 4284 2194 4322 eorum

645 4379 710 4415 ex
745 4361 1013 4414 discordia
1049 4373 1440 4427 nonnunquam
1467 4357 1767 4412 deteriores
1793 4368 1850 4412 et
1874 4357 2196 4412 imbecillio-

648 4465 736 4504 res
782 4449 1148 4502 exstiterunt:
1212 4463 1276 4502 ac
1325 4457 1546 4502 senatus
1599 4463 1725 4502 cum
1755 4448 1904 4502 ferro
1960 4448 2195 4502 conferri

647 4550 834 4611 queat,
885 4539 955 4593 ob
985 4537 1151 4591 animi
1195 4541 1513 4608 gravitatem
1540 4558 1553 4571 ·
1595 4541 1748 4608 plebs
1787 4540 2197 4609 magistratibus
2246 4553 2252 4558 '

647 4639 703 4681 et
728 4627 940 4681 senatui
968 4625 1218 4688 admista,
1252 4635 1420 4690 testas,
1454 4641 1575 4680 cum
1603 4629 1672 4680 ob
1709 4629 1969 4682 vilitatem
2002 4639 2057 4682 et
2092 4629 2197 4681 bu-

650 4721 954 4783 militatem,
1002 4717 1307 4787 cuiusmodi
1360 4717 1522 4770 limus
1551 4725 1654 4780 est,
1692 4718 1833 4771 unde
1862 4728 1996 4771 testa
2030 4717 2199 4770 confl-

649 4811 812 4880 citur,
858 4817 970 4862 tum
1016 4807 1086 4861 ob
1124 4807 1393 4860 levitatem
1439 4816 1495 4860 et
1564 4806 1932 4860 inﬁrmitatem
1961 4799 2194 4859 consilii.

650 4897 744 4951 Est
776 4897 921 4949 enim
954 4895 1244 4950 multitudo
1279 4897 1435 4966 ιω
1464 4897 1568 4950 levi
1620 4897 1913 4960 sententia,
1961 4904 2016 4949 et
2041 4895 2201 4949 facile

647 4987 754 5039 huc
775 4997 937 5054 atque
964 4985 1091 5039 illuc
1113 4985 1433 5052 impellitur:
1457 5001 1596 5054 quae,
1623 4986 1666 5039 si
1685 4987 1806 5054 quis
1829 4987 2195 5039 Romanorum

2295 4091 2392 4144 καὶ
2423 4093 2473 4143 οἱ
2511 4091 2780 4160 δήμαρχοι
2831 4089 2924 4141 καὶ
2976 4091 3005 4141 ὁ
3047 4089 3216 4157 δῆμος
3262 4091 3362 4159 τῆς
3398 4091 3507 4144 τῶν
3562 4095 3853 4148 πολιτικῶν

2295 4180 2633 4251 πραγμάτων
2656 4179 2961 4248 ἀντείχοντο
2976 4180 3310 4250 διοικήσεως,
3339 4181 3560 4251 εὑρήσει
3586 4185 3852 4254 πολλαχοῦ

2296 4272 2387 4324 τὸν
2415 4271 2583 4340 δῆμον
2621 4274 2688 4342 τῇ
2727 4269 2987 4340 γερουσίᾳ
3017 4271 3430 4339 διαφερόμενον,
3489 4274 3583 4325 καὶ
3636 4277 3853 4338 στάσεις

2297 4360 2672 4428 ἐγειρομένας,
2709 4358 2842 4411 ἄλλα
2873 4360 2972 4426 μὲν
2996 4359 3101 4410 τῶν
3125 4361 3234 4433 τῆς
3262 4361 3484 4430 ’βουλῆς
3507 4363 3852 4433 διαταττομέ-

2298 4465 2421 4512 νων,
2467 4447 2599 4499 ἄλλα
2651 4447 2706 4498 δὲ
2742 4447 2848 4498 τῶν
2878 4447 2972 4499 τοῦ
3013 4447 3245 4517 πλήθους
3296 4449 3747 4518 ἀντεισαγόντων,
3780 4456 3852 4518 ὡς

2296 4541 2360 4591 ὲκ
2391 4538 2577 4590 τούτου
2626 4536 2894 4606 μάχεσθαί
2919 4555 2978 4590 τε
3009 4538 3277 4609 ἀλλήλοις,
3311 4541 3404 4593 καὶ
3435 4542 3584 4610 σφίσι
3611 4545 3680 4596 τὰ
3715 4546 3852 4612 πρά-

2297 4647 2503 4698 γματα,
2534 4631 2620 4683 διά
2651 4629 2748 4699 τήν
2779 4630 3066 4699 διχόνοιαν,
3119 4619 3285 4683 ἔστιν
3319 4625 3380 4683 οὗ
3430 4635 3617 4701 ῥέπειν
3666 4639 3756 4687 επὶ
3798 4639 3852 4688 τὸ

2297 4723 2476 4788 χεῖρον
2507 4724 2598 4772 καὶ
2629 4721 3034 4790 ἀσθενέστερον,
3069 4721 3269 4790 σιδήρῳ
3297 4721 3394 4789 μιν
3439 4723 3531 4776 οὖν
3571 4725 3638 4777 ἄν
3668 4743 3750 4786 τις
3775 4727 3851 4776 εί-

2300 4809 2488 4877 κονίση
2544 4810 2642 4877 τὴν
2677 4809 2999 4878 σύγκλητον,
3062 4810 3148 4862 διὰ
3198 4811 3259 4861 τὸ
3311 4812 3408 4879 τῆς
3463 4814 3690 4883 γνώμης
3733 4831 3850 4867 an-

2301 4899 2541 4967 ρέμνιον.
2579 4900 2862 4968 Ὀστράκῳ
2891 4897 2938 4952 δ’
2970 4900 3036 4951 ἂν
3065 4900 3344 4970 εἰκασθείη
3401 4904 3459 4954 τὸ
3499 4904 3698 4970 πλῆθος
3727 4906 3852 4956 ἁνα-

2303 4986 2638 5054 μεμιγμένον
2668 4986 2727 5038 ὃν
2761 4990 2872 5049 τοίς
2908 4989 2965 5039 ἑν
3014 4989 3157 5040 τέλει
3186 4991 3278 5042 καὶ
3323 4993 3390 5058 τῇ
3449 4990 3634 5059 βουλῇ,
3675 4994 3764 5045 διὰ
3793 5010 3851 5046 τε

649 5086 855 5131 veteres
872 5077 1094 5130 annales
1117 5075 1349 5138 evolvat,
1373 5075 1589 5143 eigenti
1620 5075 1915 5144 saepissime
1933 5075 2190 5132 accidisse

2298 5077 2359 5128 τὸ
2394 5075 2736 5144 συρφετῶὃες
2767 5079 2856 5128 καὶ
2907 5077 2965 5128 τὸ
2998 5077 3331 5146 χαμαίζηλον
3365 5080 3630 5150 (τοιοῦτον
3675 5083 3784 5151 γὰρ
3821 5085 3852 5136 ὁ

649 5167 904 5233 reperiet.
934 5166 1054 5219 Haec
1083 5166 1244 5234 igitur
1272 5164 1496 5217 diversa:
1522 5165 1758 5217 materize
1791 5164 2096 5216 mistionem
2132 5163 2190 5216 ad

2305 5137 2492 5233 πηλὸς,
2509 5137 2646 5216 ⁷ὅθεν
2678 5137 2736 5218 τδ
2762 5137 3029 5236 δστρακοῖ
3053 5137 3311 5235 γίνεται),
3358 5137 3454 5222 καὶ
3480 5170 3566 5222 διὰ
3598 5173 3658 5224 τὺ

653 5256 882 5322 primum
923 5257 1236 5328 reipublicae
1284 5265 1483 5310 statum
1536 5255 1810 5320 referenti,
1860 5256 1913 5308 in
1965 5265 2190 5308 mentem

2297 5259 2549 5323 τάσολον,
2586 5261 2679 5313 καὶ
2709 5261 2796 5313 διὰ
2821 5261 2919 5329 τὴν
2952 5261 3233 5314 ἀσθένειαν
3257 5263 3348 5314 τοῦ
3368 5265 3730 5335 φρονήματος.
3767 5267 3850 5318 Ef-

653 5345 839 5397 venire
886 5357 1103 5413 queant.
1158 5347 1252 5400 Sin
1291 5345 1646 5415 posteriorem
1686 5344 1897 5412 imperii
1933 5343 2190 5398 rationem

2296 5348 2433 5400 ωθεν
2465 5350 2572 5418 γὰρ
2603 5353 2662 5402 τὸ
2690 5351 2889 5419 πλῆθος
2921 5351 3191 5413 άστατεῑν,
3215 5352 3412 5422 ῥᾳδίως
3440 5370 3498 5405 τε
3527 5355 3852 5422 μετάγεσθαι

652 5444 885 5503 Spectes,
937 5438 1210 5505 republica
1257 5453 1321 5490 ex
1358 5434 1698 5489 aristocratia
1740 5434 1796 5487 in
1826 5435 2190 5488 monarchiam

2297 5440 2390 5488 ml
2431 5440 2940 5506 μεταϐουλεύεσθαι.
2983 5441 3164 5495 Ταῦτα
3202 5441 3258 5493 δέ
3303 5457 3386 5503 τις
3423 5442 3644 5513 εὑρήσει
3700 5446 3851 5498 πλει-

653 5537 1002 5592 commutata,
1043 5537 1098 5581 et
1141 5530 1208 5580 ab
1251 5528 1668 5596 imperatoribus
1718 5536 2002 5594 occupata,
2031 5527 2194 5580 etiam

2299 5528 2486 5591 στάκις
2515 5532 2580 5598 τῇ
2623 5531 2909 5600 Ῥωμαίων
2937 5533 3178 5602 πολιτείᾳ
3231 5533 3638 5606 ωμὸεστοιότα,
3679 5536 3850 5590 ἐπιὼν

1814 5677 2010 5735 Vanze
2045 5677 2343 5738 lectiones
2386 5689 2448 5740 et
2479 5688 2666 5741 notie.

735 5797 955 5860 (73-74)
990 5797 1474 5865 Ἐκλικμηθῆναι.
1511 5797 1674 5851 Addit
1699 5797 1937 5852 Colbcrt.
1980 5799 2070 5849 καὶ
2099 5799 2472 5870 σκεδασθῆναι.
