4006 6328
646 433 753 498 235
1442 451 1446 453 ’
1944 434 2266 495 JOANNIS
2303 433 2618 494 ΖΟΝᾹΗιἘ
2706 426 2710 432 ’
3719 516 3722 520 ,
3757 440 3857 500 236

644 546 805 611 Mani,
843 543 1048 600 Graecis
1091 554 1176 600 est
1216 559 1512 610 numerus;
1550 543 1722 609 Tekel,
1749 544 1983 615 spatium
2009 561 2019 594 :
2044 543 2190 613 quod

2309 543 2518 595 madeat
2549 542 2641 595 τοῦ
2676 541 2810 595 Θεοῦ
2845 542 2981 612 μετὰ
3009 541 3115 596 τῶν
3149 545 3438 600 παλλακῶν
3464 547 3542 609 εἰς
3581 547 3861 600 διακονίαν

645 638 785 693 Deus
819 636 1046 691 limitem
1074 636 1223 704 regni
1245 638 1362 706 ejus
1385 636 1780 701 constituisset,
1803 635 1948 705 quod
1980 635 2201 706 quidem

2309 635 2590 703 ἐχρήσατο.
2615 628 2694 686 Τὰ
2717 635 2813 704 μὲν
2836 633 2928 687 οὖν
2950 637 3247 706 γράμματα
3273 637 3630 705 ἀνεγίνωσκεν
3653 639 3827 700 οὕτως
3845 655 3857 668 ·

643 728 900 784 deorsum
922 725 1251 796 vergeret'et
1273 726 1642 796 frangeretur.
1669 727 1801 781 Nam
1842 726 1992 780 Tekel
2036 726 2201 781 etiam

2309 727 2500 794 Μανὴ,
2550 728 2754 794 Θεκὲλ,
2802 729 3009 796 Φαρές.
3065 730 3178 801 Τὴν
3229 731 3284 783 δὲ
3341 731 3544 784 τούτων
3583 731 3859 801 σημασίαν

644 821 881 890 fragmen
904 819 1174 890 signiﬁcat
1194 817 1378 888 lingua
1407 818 1614 873 Graeca.
1648 817 1849 873 Phares
1874 817 2200 872 divisionem

2309 815 2624 885 ἑρμηνεύων
2643 817 2826 886 ἔλεγεν
2846 834 2862 850 ·
2903 818 3261 888 Ἥριθμησεν
3285 823 3318 874 d
3345 821 3486 888 Θεὸς
3507 821 3614 875 τὸν
3639 825 3860 890 χρόνον

645 914 1128 981 interpretabatur,
1165 910 1310 979 quod
1343 925 1569 978 regnum
1613 911 1733 980 ejus
1769 909 1911 964 inter
1941 909 2126 964 Medos
2147 923 2205 967 et

649 1000 839 1055 Persas
900 1015 928 1053 a
980 999 1090 1053 Deo
1141 997 1582 1053 distribuendum
1638 1006 1802 1052 esset.
1861 997 2204 1068 Seripturam

648 1093 814 1162 igitur
856 1091 1080 1161 parietis
1132 1091 1205 1143 ita
1245 1089 1394 1160 legit,
1445 1089 1628 1159 itaque
1674 1089 1911 1159 syllabas
1939 1103 2033 1143 eas
2061 1090 2204 1143 inter

647 1197 766 1237 sese
811 1181 1167 1250 comparavit,
1213 1180 1317 1234 hoc
1363 1189 1467 1243 est,
1521 1180 1912 1248 interpretatus
1937 1189 2039 1242 est.
2077 1193 2202 1250 rege

652 1289 884 1328 maerore
934 1273 1148 1336 affecto,
1195 1288 1297 1326 nec
1347 1273 1441 1325 diu
1491 1281 1613 1340 post
1672 1271 1951 1340 propheta
2002 1270 2203 1341 praedi-

650 1367 828 1421 ctione
860 1365 1018 1436 124
1056 1377 1252 1418 eventu
1288 1364 1661 1433 comprobata,
1709 1378 1831 1416 eum
1864 1362 2037 1433 Cyrus
2068 1349 2202 1417 Per-

650 1475 828 1513 sarum
868 1474 958 1512 rex
1004 1457 1146 1511 bello
1193 1457 1363 1519 illato,
1403 1455 1730 1527 Babylonem
1775 1455 1941 1526 capit,
1988 1454 2202 1509 Baltha-

650 1564 771 1603 sare
831 1548 886 1601 in
957 1547 1271 1617 captivitate
1328 1547 1482 1602 urbis
1532 1545 1840 1599 interfecto.
1908 1545 2046 1599 Sunt
2109 1545 2201 1614 qui

651 1645 915 1701 asserant,
945 1638 1134 1692 eadem
1178 1646 1360 1700 nocte,
1389 1653 1494 1706 qua
1528 1637 1628 1691 visi
1659 1644 1841 1691 essent
1873 1634 2025 1704 digiti
2065 1635 2202 1688 scri-

653 1733 860 1795 bentes,
901 1740 956 1782 et
1002 1729 1328 1799 Babylonem
1372 1737 1610 1796 captam,
1658 1735 1714 1780 et
1769 1741 1952 1795 regem
2002 1741 2202 1780 caesum

2303 905 2413 973 τῆς
2449 903 2590 973 ζωῆς
2625 923 2763 972 σου,
2801 910 2895 971 καί
2925 910 3034 978 τῆς
3063 911 3254 980 ἀρχῆς
3282 926 3420 978 σου,
3457 915 3558 967 καὶ
3587 918 3670 980 είς
3708 916 3860 984 ἄγαν

2297 995 2498 1064 ,ϐραχὺ
2527 996 2945 1065 περιέστησεν.
2989 999 3468 1073 Ἐξελληνιζομένη
3516 1005 3609 1058 καὶ
3640 1006 3673 1074 ή
3718 1005 3857 1069 λέξις

2304 1083 2502 1152 λέγοιτ’
2535 1085 2601 1140 ἀν
2653 1087 2884 1158 ἀριθμός
2911 1104 2926 1120 ·
2983 1089 3124 1144 οὕτω
3174 1091 3273 1162 μὲν
3325 1093 3418 1146 οὖν
3451 1095 3761 1165 ἡρμήνευσε
3801 1097 3856 1147 τὸ

2302 1175 2497 1241 Μανῆ.
2541 1178 2614 1230 Τὸ
2657 1179 2716 1231 δέ
2756 1195 2820 1246 γε
2854 1181 3061 1248 Θεκὲλ,
3099 1183 3383 1252 σημαίνειν
3438 1167 3546 1255 ἔφη
3599 1186 3855 1255 σταθμόν.

2302 1266 2516 1336 Στήσας
2549 1268 2639 1321 οὖν
2668 1270 2760 1322 τὸν
2786 1271 2911 1341 ὅρον
2939 1273 3039 1341 τῆς
3074 1272 3352 1343 βασιλείας
3387 1292 3479 1330 σου
3512 1278 3540 1329 ὀ
3571 1275 3724 1342 Θεὸς,
3761 1293 3857 1327 κα-

2302 1349 2637 1431 ταφέρεσθαι
2710 1361 2912 1431 ταύτην
2991 1363 3142 1439 δηλοί
3200 1367 3297 1418 καὶ⁵
3359 1366 3654 1419 κεκλᾶσθαι
3684 1382 3698 1398 ·
3766 1366 3859 1418 καὶ

2303 1454 2526 1523 κλάσμα
2581 1451 2690 1522 γάρ
2751 1454 2812 1506 τδ
2870 1454 3056 1506 Θεκὲλ
3121 1455 3378 1526 σημαίνει
3448 1456 3571 1509 καθ’
3639 1456 3860 1509 Ἑλλάδα

2301 1546 2594 1599 διάλεκτον.
2624 1545 2691 1600 Τὸ
2704 1545 2914 1614 Φαρὲς,
2931 1545 3192 1617 διαίρεσιν
3209 1546 3524 1616 ἑρμηνεύων
3541 1549 3568 1600 ὁ
3581 1550 3860 1618 προφήτης

2305 1636 2480 1707 (τοῦτο
2515 1637 2621 1706 γὰρ
2653 1639 2732 1700 είς
2761 1637 2992 1706 Ἕλληνα
3032 1638 3212 1709 φωνὴν
3240 1641 3272 1708 ή
3327 1638 3471 1702 λέξις
3518 1638 3856 1706 μιταγομένη

2302 1727 2473 1795 δηλοῖ)
2504 1727 2844 1797 διαιρεθῆναι
2885 1727 2986 1799 τὴν
3027 1727 3306 1797 βασιλείαν
3357 1727 3524 1783 αὐτοῦ
3565 1713 3750 1796 ἔλεγεν
3783 1729 3858 1788 είς

650 1839 790 1879 esse.
818 1823 1083 1877 Creturum
1129 1831 1253 1890 post
1305 1819 1458 1874 urbis
1499 1818 1894 1897 captivitatem,
1943 1817 2130 1871 Daniel
2171 1832 2201 1870 a

2309 1819 2520 1889 Πέρσας
2549 1817 2646 1871 καὶ
2687 1819 2908 1890 Μήδους
2951 1818 3104 1890 παρὰ
3144 1818 3312 1871 Θεοῦῖ
3343 1819 3424 1871 Τά
3462 1819 3560 1888 μὲν
3583 1815 3675 1873 οὖν
3700 1820 3757 1872 ὲν
3784 1818 3856 1885 τῷ

657 1915 815 1968 Dario
859 1912 1033 1978 Medo,
1073 1913 1167 1979 qui
1216 1920 1270 1966 et
1313 1909 1584 1977 Cyaxares
1631 1903 2040 1973 nominabatur,
2076 1906 2203 1976 Cyri

654 2005 978 2067 avunculus,
1023 2003 1168 2056 ﬁlius
1219 2001 1464 2071 Astyagis
1504 2000 1784 2054 Medorum
1813 1999 1975 2069 regis.
2006 2000 2059 2054 in
2091 1999 2202 2052 Me-

658 2095 798 2148 diam
831 2093 1142 2158 translatus,
1175 2092 1321 2145 omni
1360 2091 1566 2146 honore
1602 2089 1958 2144 adiciebatur.
1991 2088 2108 2154 Qua
2136 2089 2203 2144 de

657 2201 818 2240 causa
867 2185 1141 2238 Medorum
1180 2179 1459 2252 principes
1499 2183 1549 2236 ei
1596 2182 1925 2246 invidentes,
1978 2181 2205 2235 insidias

655 2288 844 2348 parant
877 2277 998 2330 vitm
1013 2278 1149 2346 ejus.
1187 2274 1315 2328 Nam
1349 2275 1472 2327 eum
1499 2288 1622 2326 eum
1653 2271 1898 2341 quotidie
1933 2281 2014 2325 ter
2033 2271 2202 2324 Deum

655 2358 970 2424 adorantem
1011 2366 1287 2431 viderent,
1332 2365 1560 2435 Cyaxari
1600 2363 1715 2419 sive
1753 2363 1915 2417 Dario
1953 2370 2205 2416 auctores

657 2472 784 2516 sunt
830 2460 1063 2514 ferendae
1106 2459 1261 2527 lcgis,
1316 2467 1374 2510 ut
1417 2457 1564 2509 intra
1601 2455 1718 2508 dies
1759 2454 1978 2536 triginta
2027 2469 2204 2522 neque

657 2548 788 2609 deos
833 2551 1023 2606 adoret
1069 2549 1586 2618 quisquam,.neque
1621 2547 1797 2615 ipsum
1829 2560 2017 2614 regem
2041 2553 2204 2598 oret:

658 2661 817 2716 quam
849 2644 1020 2712 legem
1056 2641 1149 2710 qui
1188 2640 1466 2702 violasset,
1500 2639 1553 2690 iii
1589 2652 1806 2691 caveam
1835 2637 2053 2691 leonum
2079 2651 2202 2691 con.

653 2733 972 2805 jiciendum.
1024 2733 1135 2785 Rex
1177 2731 1270 2799 qui
1320 2730 1595 2799 ignoraret
1636 2729 1770 2782 illud
1817 2727 1872 2782 in
1911 2728 2206 2797 perniciem

659 2826 894 2880 Danielis
939 2823 1098 2888 strui,
1145 2823 1384 2877 edictum
1435 2820 1746 2891 hujusmodi
1794 2819 2072 2889 proponit.
2129 2819 2207 2873 Ac

658 2917 868 2972 caeteris
913 2915 1209 2970 secundum
1258 2914 1495 2967 edictum
1542 2911 1974 2980 quiescentibus,
2004 2911 2206 2966 ‘Daniel

658 3011 750 3076 qui
785 3008 851 3061 de
885 3022 1034 3060 more
1076 3006 1186 3059 Deo
1232 3002 1592 3073 supplicabat,
1618 3002 1848 3057 delatus
1877 3018 1904 3054 a
1950 3001 2207 3073 satrapis,

658 3091 850 3153 beStiis
882 3096 1160 3167 objicitur.
1193 3096 1307 3156 Rex
1338 3094 1537 3164 lapide,
1569 3109 1677 3164 quo
1711 3109 1874 3148 cavea
1912 3093 2206 3148 claudeba-

2233 1879 2280 1938 B

2307 1909 2470 1979 τοίχῳ
2497 1910 2855 1980 γεγραμμένα
2887 1909 3058 1973 οὕτως
3080 1911 3299 1978 ,ἀνέγνω
3327 1912 3356 1963 ό
3383 1910 3600 1981 Δανιὴλ,
3633 1914 3726 1964 καλ⁵
3744 1924 3855 1961 ’τοι-

2311 1999 2480 2067 αύτην
2529 1997 2627 2068 τὴν
2678 2000 2783 2051 τῶν
2836 1999 3113 2053 συλλαϐῶν
3146 2001 3371 2054 ἐκείνων
3412 2001 3702 2071 ἐποιήσατο
3738 1998 3858 2066 σύγ·

2311 2106 2514 2159 κρισιν,
2542 2091 2641 2159 τήν
2669 2091 2968 2168 ἑρμηνείαν
2991 2091 3214 2162 δηλαδή.
3243 2086 3345 2144 τὸν
3372 2093 3427 2145 δὲ
3464 2093 3686 2160 βασιλέα
3712 2091 3855 2159 λύπη

2311 2182 2560 2250 κατέσχε.
2597 2181 2707 2234 Καὶ
2743 2181 2859 2251 μετ’
2889 2181 3071 2249 ὀλίγον
3103 2183 3136 2253 ή
3164 2181 3257 2235 τοῦ
3289 2184 3568 2252 προφήτου
3596 2181 3856 2249 ἔκϐἑϐηκε

2312 2275 2640 2344 πρόρρησις,
2675 2273 2859 2343 Κύρου
2887 2272 2978 2328 τοῦ
3011 2273 3234 2342 Περσῶν
3264 2272 3526 2342 βασιλέως
3557 2273 3662 2325 ’ἐπ’
3705 2270 3860 2324 αὐτὸν

2311 2366 2620 2432 ἐλάσαντος,
2676 2365 2764 2434 ὑφ’
2817 2360 2879 2419 οὖ
2921 2365 2955 2434 ἠ
3000 2383 3058 2418 τε
3109 2365 3364 2418 Βαϐυλὼν
3412 2364 3642 2436 ἐλήφθη,
3691 2366 3786 2418 καὶ
3835 2367 3860 2416 ό

2311 2458 2600 2528 Βαλτάσαρ
2645 2459 2703 2510 ἐν
2741 2460 2808 2528 τῇ
2841 2450 3038 2510 ἁλώσει
3068 2456 3325 2528 ἀνῄρητο.
3377 2456 3495 2510 Εἰσὶ
3538 2457 3583 2510 δ’
3628 2453 3678 2510 οι
3727 2458 3861 2510 κατὰ

2311 2551 2408 2622 τήν
2463 2550 2631 2603 νύκτα
2686 2534 2920 2620 ἐκείνην,
2970 2548 3092 2602 καθ’
3145 2549 3211 2620 ήν
3245 2548 3336 2602 τὸν
3367 2548 3730 2619 ’ἀστράγαλον
3775 2548 3860 2598 τίν

2311 2642 2589 2710 γράφοντα
2619 2640 2901 2705 ἐθεάσατο,
2943 2642 3079 2708 φασὶ
3103 2641 3197 2693 καὶ
3225 2640 3322 2710 τὴν
3363 2639 3514 2693 πόλιν
3559 2639 3858 2709 αἱρεθῆναι.

2311 2734 2561 2784 κάκεῖνον
2589 2730 2966 2800 ἀναιρεθῆναι.
2994 2731 3148 2783 Μοτά
3185 2730 3241 2781 δὲ
3280 2731 3378 2800 τὴν
3412 2731 3511 2798 τῆς
3552 2728 3857 2788 Βαϐυλῶνος

2311 2822 2513 2875 ἅλωσιν
2556 2824 2584 2874 ό
2625 2824 2911 2892 προφήτης
2949 2819 3140 2891 Δανιὴλ
3184 2822 3332 2889 παρὰ
3369 2821 3594 2889 Δαρείου
3623 2821 3719 2873 τοῦ
3750 2820 3863 2889 Μή-

2312 2912 2426 2976 δου,
2463 2911 2519 2974 δς
2557 2911 2652 2966 καὶ
2680 2909 2974 2980 Κυαξάρης
3005 2909 3310 2978 ὼνόμαστο,
3353 2908 3446 2960 καὶ
3495 2909 3861 2978 μητράδελφος

2311 3001 2377 3076 ἦν
2405 3004 2498 3058 τοῦ
2533 3004 2739 3074 Κύρου,
2775 3004 2887 3065 υίὸς
2917 2992 2992 3056 ὢν
3021 3003 3348 3069 Ἀστυάγους
3382 3002 3473 3056 τοῦ
3512 3004 3861 3073 βασιλεύων-

2312 3114 2401 3159 τος
2431 3095 2628 3167 Μήδων
2674 3094 2810 3164 (76),
2847 3095 2926 3157 είς
2968 3094 3177 3163 Μηδίαν
3209 3097 3528 3164 μετήνεκτο,
3567 3097 3661 3147 καὶ
3686 3095 3860 3168 πάσης

662 3197 766 3253 tur,
801 3189 1033 3257 signato,
1077 3186 1347 3240 discedit:
1387 3200 1617 3253 eamque
1648 3194 1865 3238 noctem
1901 3184 2205 3237 insomnem

2314 3186 2528 3256 ἠξιοῦτο
2549 3186 2732 3254 τιμῆς.
2765 3183 2919 3237 Οὖτω
2943 3185 2985 3236 δ’
3016 3183 3175 3252 ἔχων,
3206 3184 3476 3255 ἐφθονήθη
3502 3187 3650 3255 παρὰ
3670 3187 3776 3238 τῶν
3805 3187 3860 3236 ὲν

660 3280 788 3348 agit,
840 3278 1101 3331 sollicitus
1150 3285 1204 3329 et
1249 3276 1461 3330 dolens.
1504 3275 1636 3333 Nam
1687 3276 1789 3329 etsi
1849 3273 2128 3328 Danielem
2177 3290 2206 3327 a

2315 3278 2520 3348 Μήδοις
2541 3278 2572 3330 ύ
2585 3275 2937 3346 περεχόντων,
2961 3277 3052 3328 καὶ
3079 3275 3422 3345 μηχανῶνται
3443 3279 3641 3346 τρόπον
3658 3278 3782 3331 καθ’
3801 3278 3859 3330 ὃν

663 3370 851 3422 bestiis
879 3384 984 3420 non
1019 3367 1202 3420 lassum
1243 3366 1308 3418 iri
1345 3365 1618 3434 sperabat,
1659 3365 1860 3434 quippe
1895 3381 2056 3432 quem
2087 3380 2208 3419 san-

661 3470 750 3513 eto
784 3458 874 3512 Dei
902 3456 1107 3525 Spiritu
1144 3456 1428 3525 praeditum
1463 3456 1650 3519 sciret,
1703 3471 1812 3508 non
1847 3465 2026 3509 tamen
2060 3463 2208 3509 tran-

664 3551 831 3618 quillo
857 3564 973 3603 esse
995 3551 1173 3602 animo
1202 3557 1430 3617 poterat,
1459 3557 1707 3600 metuens
1738 3561 1806 3600 ne
1830 3546 2033 3614 quid'ei
2063 3546 2209 3600 acci-

664 3643 839 3703 deret,
915 3657 1014 3695 nec
1063 3640 1156 3694 Dei
1210 3640 1531 3709 potentiam,
1593 3648 1652 3692 ut
1708 3638 1870 3691 homo
1925 3638 2206 3717 barbarus,

665 3735 796 3788 satis
850 3733 1178 3800 intelligens.
1233 3732 1426 3785 Statim
1483 3738 1729 3782 vero-ut
1779 3728 2088 3792 diluxerat,
2142 3729 2210 3782 ad

666 3837 880 3875 cateam
908 3822 1127 3873 leonum
1167 3817 1398 3880 accedit,
1438 3805 1717 3869 Danielem
1747 3825 1906 3868 vocat
1937 3834 1949 3870 :
1989 3822 2213 3886 respon-

665 3914 883 3966 dentem
934 3910 1144 3964 extrahi
1191 3909 1368 3977 jubet,
1407 3907 1672 3959 intactum
1701 3915 1755 3960 et
1788 3906 2214 3962 salvum'videns

665 4002 1022 4072 obstupescit.
1074 3998 1179 4053 Sed
1215 4013 1338 4052 cum
1377 3982 1650 4052 delatores
1691 3997 1980 4060 dixissent,
2025 3998 2215 4053 leones

668 4094 740 4146 ob
787 4093 1126 4145 saturitatem
1168 4087 1321 4141 illum
1366 4103 1471 4141 non
1512 4088 1801 4157 attigisse:
1853 4073 2216 4156 improbitatis

672 4183 884 4237 illorum
915 4180 1062 4242 odio,
1107 4180 1382 4231 intellecta
1408 4178 1601 4230 l'raude
1625 4181 1788 4246 atque
1821 4175 2056 4243 insidiis,
2084 4192 2218 4246 quas

674 4273 948 4339 propheta:
993 4278 1325 4334 struxerant,
1377 4267 1580 4321 affatim
1632 4267 2016 4336 bestias'pasci
2039 4269 2216 4338 jubet,

2311 3372 2544 3440 ἤλπισαν
2577 3369 2842 3422 ἀπολέσαι
2867 3367 3051 3421 αὐτόν.
3105 3366 3372 3439 Ὀρῶντες
3411 3370 3520 3438 γὰρ
3558 3370 3717 3421 αὑτὸν
3741 3369 3853 3439 τρὶς

2310 3463 2406 3531 τῆς
2452 3461 2663 3532 ἡμέρας
2709 3460 3142 3531 προσευχόμενον
3191 3460 3268 3528 τῷ
3305 3460 3443 3530 Θεῷ,
3485 3461 3739 3532 προσίασι
3781 3461 3858 3530 τῷ

2312 3550 2578 3624 Κυαξάρῃ
2634 3551 2745 3624 (77)
2801 3550 2879 3619 τῷ
2936 3551 3030 3604 καὶ
3089 3552 3320 3624 Δαρείῳ,
3371 3551 3645 3616 ἀξιοῦντες
3699 3550 3854 3604 αὐτὸν

2315 3643 2482 3695 θεῖναι
2522 3645 2705 3712 νόμον,
2741 3639 2953 3694 ῐναίὲπὶ
2990 3642 3281 3711 τριάκοντα
3323 3643 3540 3713 ἡμέρας
3585 3644 3657 3712 μή
3695 3659 3774 3704 τις
3823 3643 3855 3712 ﬂ

2313 3735 2421 3794 τοῖς
2456 3733 2596 3796 θεοῖς
2635 3733 3070 3802 προσευχόμενος
3096 3732 3204 3803 εἴη,
3235 3732 3361 3804 μήτ’
3390 3733 3557 3786 αὑτοῦ
3581 3733 3673 3786 τοῦ
3704 3725 3855 3802 βασι-

2313 3824 2446 3885 λέως
2472 3824 2741 3891 δεόμενος,
2773 3823 2867 3876 καὶ
2895 3825 2988 3878 τὸν
3019 3824 3091 3894 μή
3111 3825 3201 3877 τὸν
3237 3825 3399 3893 νόμον
3434 3812 3737 3893 φυλάξαντα
3783 3827 3858 3885 είς

2315 3917 2403 3967 τὸν
2423 3914 2528 3967 τῶν
2555 3915 2780 3966 λεόντων
2801 3915 3004 3967 λάκκον
3035 3914 3417 3982 ἐμϐάλλεσθαι.
3467 3908 3608 3968 Ὅδὲ
3639 3917 3698 3968 τὺ
3725 3917 3858 3968 κατὰ

2314 4005 2408 4057 τοῦ
2462 4004 2659 4073 Δανιὴλ
2718 4004 2850 4075 παρ’
2912 4003 3092 4058 αὐτῶν
3155 4005 3520 4080 τυρευὰμενον
3574 4007 3857 4074 ἀγνοήσας,

2317 4094 2668 4162 προύτέθεικε
2683 4095 3042 4166 πρόγραμμα,
3065 4097 3132 4148 τὰ
3149 4097 3269 4166 είρη
3278 4097 3413 4164 μένα
3429 4094 3857 4165 διαταττόμενον.

2317 4188 2380 4242 Οἱ
2406 4185 2620 4257 μὲνοῦν
2647 4187 2798 4241 ἄλλοι
2819 4187 3061 4256 ἠρέμουν
3090 4186 3230 4237 κατὰ
3259 4188 3317 4239 τδ
3341 4187 3858 4255 θέσπισμα··Δανιὴλ

2318 4277 2374 4329 δὲ
2429 4276 2567 4329 κατά
2627 4277 2687 4329 τὸ
2745 4274 3060 4338 ἔθοςξαὺτοῦ
3090 4274 3289 4344 ηὖχετο
3340 4275 3419 4346 τῷ
3467 4277 3606 4347 Θεῷ.
3657 4280 3759 4332 Καὶ
3813 4279 3860 4331 οἱ

673 4363 848 4427 iisque
876 4362 983 4427 jam
1025 4357 1235 4411 satiatis
1266 4361 1612 4411 accusatores
1657 4359 1891 4412 Danielis
1932 4360 2116 4430 objict,
2161 4372 2206 4415 ul

2320 4371 2601 4440 Σατράπαι
2655 4370 2917 4420 κατεῖπον
2947 4369 3111 4420 αὑτοῦ
3165 4369 3300 4437 πρὸς
3342 4370 3433 4421 τὸν
3482 4370 3721 4437 βασιλέα,
3769 4373 3860 4422 καὶ
3921 4422 3927 4429 ,

574 4468 577 4469 ⁷
671 4460 1110 4518 cognosceretur,
1159 4465 1226 4502 an
1271 4451 1454 4504 leones
1488 4451 1556 4503 ob
1595 4450 1931 4504 saturitatem
1967 4453 2206 4506 homines

2324 4459 2463 4512 κατά
2489 4459 2578 4510 τὸν
2627 4458 2788 4526 νόμον
2822 4455 3062 4527 ἀπῄτουν
3092 4460 3168 4522 είς
3215 4460 3309 4512 τὸν
3344 4459 3546 4514 λάκκον
3580 4461 3736 4513 αὑτὸν
3761 4461 3860 4513 τῶν

656 4558 781 4596 .non
825 4552 1125 4611 tangerent.
1162 4541 1296 4592 Tum
1330 4537 1598 4609 improbis
1642 4539 1747 4594 illis
1788 4543 1969 4595 statim
2012 4544 2206 4599 dilace-

2320 4544 2547 4603 λεόντων
2575 4550 2960 4618 ἐμϐάλλεσθαι.
2999 4547 3299 4621 Βληθέντοςί
3321 4553 3366 4605 δ’
3398 4555 3515 4606 εκεῖ
3537 4553 3630 4607 τοῦ
3663 4556 3859 4623 προφή-

676 4635 826 4693 ratis,
859 4633 1204 4700 perspicuum
1247 4632 1347 4683 luit
1377 4630 1649 4692 omnibus,
1690 4633 1736 4683 vi
1769 4632 2000 4702 quadam
2034 4636 2206 4689 divina

2321 4659 2434 4706 του,
2457 4643 2548 4693 τὸν
2572 4642 2662 4691 ἐπὶ
2682 4641 2774 4691 τοῦ
2812 4640 3032 4709 στομίου
3053 4641 3198 4694 λίθον
3223 4645 3528 4712 σφραγίσας
3551 4647 3578 4700 ό
3602 4645 3859 4715 βασιλεὺς,

675 4722 950 4774 Danieiem
993 4731 1368 4777 causervatum
1409 4738 1551 4784 esse.
1603 4722 1872 4778 obluratis
1919 4716 2206 4780 bestiarum

2320 4721 2687 4799 ἀνεχώρησεν.
2720 4730 2994 4792 Ἀγωνιῶν
3046 4729 3102 4781 δὲ
3161 4730 3254 4783 καὶ
3304 4732 3502 4799 ἀλγῶν,
3551 4735 3745 4794 ἄϋπνος
3771 4737 3860 4789 τὴν

679 4813 946 4882 faucibus.
998 4812 1186 4879 Itaque
1240 4829 1331 4866 rex
1395 4815 1675 4883 propheta:
1743 4815 1907 4868 Deum
1961 4818 2199 4869 celebrat

2328 4821 2497 4872 νύκτα
2531 4820 2814 4888 διήγαγεν.
2852 4818 3084 4870 Ἤλπισε
3121 4821 3219 4888 μὲν
3243 4820 3371 4891 γάρ,
3408 4823 3481 4892 μὴ
3513 4823 3575 4893 βλ
3615 4822 3859 4892 ϐήσεσθαι

678 4906 836 4972 eique
862 4906 1092 4974 majores
1121 4904 1282 4956 etiam
1310 4905 1542 4958 honores
1572 4906 1735 4960 habet
1765 4923 1775 4958 :
1801 4915 1854 4960 et
1881 4907 2201 4976 hocquidcu

2330 4913 2418 4964 τὸν
2448 4911 2642 4976 Δανιὴλ
2678 4910 2782 4962 ὑπὸ
2811 4909 3162 4978 τῶνιθηρίων,
3194 4911 3346 4973 nam;
3370 4913 3694 4982 ὅτι-πνεῦμα
3721 4914 3861 4978 άγισν

682 4995 945 5062 posterius
983 4995 1196 5049 accidit.

2331 5002 2463 5054 Θεοῦ
2493 5003 2636 5052 ἐστιν
2672 5002 2727 5050 ὲν
2764 4999 2929 5068 αὐτῷ.
2964 4999 3104 5051 Ἀλλ’
3123 5001 3270 5068 ὅμως
3291 4987 3512 5054 ’δειλιῶν
3540 5003 3761 5071 ἠγωνίαι
3788 5001 3857 5067 μή

681 5110 731 5144 τι
761 5090 926 5162 ἀὐτῷ
975 5097 1213 5169 συμϐαίη
1258 5103 1453 5164 κακὸν,
1490 5102 1561 5170 μὴ
1599 5106 1738 5154 πάνυ
1784 5102 2088 5168 γινώσκων,
2139 5102 2224 5157 οἷα
2267 5105 2564 5173 βάρϐαρος,
2623 5102 2722 5172 τὴν
2760 5103 2990 5172 δύναμιν
3037 5101 3138 5171 τοῦ,
3177 5099 3332 5152 Θεοῦ.
3378 5100 3535 5166 ’Δρτι
3563 5095 3608 5146 δ’
3667 5094 3861 5165 ἡμέρας

674 5187 1091 5259 ἀναημψάσης,
1138 5193 1213 5261 τῷ
1257 5193 1440 5264 λάκκῳ
1496 5195 1717 5266 ἐπέστη,
1760 5198 1855 5248 καὶ
1903 5199 2084 5249 ἐκάλει
2136 5200 2223 5249 τὸν
2293 5201 2490 5269 Δανιήλ
2517 5215 2530 5227 ·
2568 5202 2593 5250 ὁ
2661 5199 2716 5249 δὲ
2760 5174 3126 5266 ἀπεκρίνατο·
3172 5195 3267 5248 ’καὶ
3306 5194 3334 5244 ό
3371 5189 3621 5262 βασιλεὺς
3655 5191 3858 5246 ἀνελκυ-

681 5281 872 5349 σθῆναι
921 5284 1010 5334 τδν
1056 5288 1341 5367 προφήτην
1384 5289 1582 5341 αὐτίκα
1617 5290 1889 5354 ἐκέλευσε.
1931 5295 2022 5343 καὶ
2059 5294 2219 5365 άθιγῆ
2261 5294 2446 5346 τοῦτον
2504 5295 2596 5345 καὶ
2653 5290 2790 5342 σῶον
2815 5288 3341 5358 βλέπων,ηέξίστατο.
3373 5277 3492 5338 ⁴τῶν
3511 5285 3568 5339 δὲ
3591 5281 3858 5338 κατειπόν-

683 5391 788 5426 των
828 5373 1010 5434 αὐτοῦ.
1046 5383 1247 5449 τροφῆς
1287 5382 1715 5448 κεκορεσμένους
1784 5378 1922 5434 εἶναι
1969 5384 2230 5451 λεγόντων
2271 5387 2392 5446 τοὺς
2455 5384 2692 5446 λέοντας,
2740 5383 2834 5434 καὶ
2881 5382 2970 5434 διά
2992 5381 3148 5434 τοῦτο
3196 5379 3270 5450 μὴ
3313 5379 3455 5445 θίξαι
3499 5379 3592 5432 τοῦ
3654 5371 3855 5441 Δανιὴλ.

686 5474 920 5541 μισήσας
965 5474 1164 5536 αὐτοὺς
1206 5475 1303 5542 τῆς
1341 5477 1603 5544 πονηρίας
1642 5476 1669 5525 ὁ
1715 5473 1988 5542 βασιλεὺς,
2035 5477 2127 5527 καὶ
2175 5476 2234 5528 τὸ
2277 5473 2414 5527 κατὰ
2438 5473 2528 5525 τοῦ
2571 5474 2844 5543 προφήτου
2878 5473 3179 5543 μηχάνημα
3241 5470 3449 5524 καὶτὸν
3478 5472 3626 5525 δόλόν
3657 5471 3858 5525 ἐκείνων

1847 5629 2048 5689 Varie
2087 5628 2386 5693 lectiones
2433 5638 2491 5691 et
2524 5637 2706 5690 notae.

759 5746 809 5819 (Ἴ
817 5746 867 5815 6)
895 5749 1154 5834 magas.
1176 5748 1535 5834 Ἀστυάγομς
1550 5743 1680 5834 [fine
1706 5750 1923 5830 Μήδων
1939 5752 2232 5820 ,ϐασιλεύ-
2392 5750 2508 5823 ,(77)
2536 5749 2834 5827 Κυαξάρη..
2861 5748 2997 5804 Cod.
3029 5748 3184 5834 Colb.
3219 5749 3515 5820 Ἀστυάγη.

607 5839 614 5849 '
681 5816 924 5885 σκῦτος.
959 5816 1082 5872 Haec
1109 5818 1304 5872 absunt
1327 5835 1357 5872 a
1383 5816 1510 5874 cod.
1547 5816 1704 5871 Colb.
1736 5827 1739 5830 '
