4004 6328
156 452 238 515 9H
1362 458 1681 519 ANNALII

1814 460 1961 518 LIB.
2004 460 2115 517 l'll.

170 566 479 634 Ἀλέξανδρος
515 570 601 621 διά
631 571 690 621 τὺ
723 570 1023 643 ὀξύρροπον
1057 572 1147 624 καὶ
1192 572 1494 641 εὐκίνητον,
1531 572 1559 623 ὃ
1620 571 1713 622 καὶ
1788 570 1853 623 τά
1902 570 2075 641 πτερά
2127 572 2364 641 ἐδήλουν.
2416 574 2477 626 ’11
2536 574 2589 626 δὲ
2649 575 2853 627 τούτων
2907 575 3223 643 τετρακτὺς,
3273 579 3341 627 τά

158 658 362 729 τέσσαρα
414 665 511 732 τῆς
544 666 868 735 οἰκουμένης
898 668 1037 736 μέρη
1075 666 1340 735 ᾐνίττετο,
1387 666 1423 721 ἃ
1478 665 1678 736 πτηνοῦ
1706 662 1886 732 διῆλθε
1925 664 2145 731 τρόπον.
2214 667 2305 720 καὶ
2372 667 2557 734 σχεδὸν
2612 667 2868 721 ἁπάντων
2911 668 3231 735 ἐκράτησεν.
3273 670 3338 719 Αἱ

158 749 205 799 δέ
231 767 283 814 γε
309 752 563 824 τέσσαρες
627 756 859 825 κεφαλαὶ
896 757 995 827 τὴν
1039 758 1175 826 μετὰ
1214 756 1440 810 θάνατον
1482 757 1689 809 ἐκείνου
1724 756 1989 825 διαίρεσιν
2047 758 2341 825 ἐσήμαινον
2389 759 2484 827 τῆς
2533 758 2724 827 ἀρχῆς.
2778 756 3008 826 Είςηγὰρ
3068 758 3339 829 τέσσαρας

162 841 452 919 βασιλείαςη
482 850 692 903 ἐκείνου
720 853 1041 921 ἐπικράτεια
1066 833 1288 924 διῄρητο
1315 869 1330 885 ο
1377 852 1590 921 καὶτῆς
1650 851 1749 921 μὲν
1788 850 2063 917 Αἰγύπτου
2098 851 2424 920 Πτολεμαῖος
2452 854 2478 905 ὁ
2508 853 2688 918 Λάγου
2718 854 3046 923 κεκράτηκε,
3079 853 3173 904 καὶ
3204 854 3252 904 οί
3284 852 3345 916 ἐξ

158 938 333 992 ἐκείνου
378 944 535 1012 μέχρι
560 944 661 1014 τῆς
691 946 1044 1015 Κλεοπάτρας
1077 948 1215 1013 -τῆς
1256 946 1311 997 δέ
1363 962 1426 1013 γε
1477 944 1675 1015 Συρίας
1713 945 1807 1001 καὶ
1886 944 1995 998 τῶν
2064 945 2203 1015 αὐτῇ
2256 945 2538 1014 προσεχῶν
2590 947 2616 998 ὁ
2644 945 2928 1005 ,Σέλευκος
2978 944 3293 1013 ἐκυρίευσεν
3324 960 3335 972 ·

168 1033 435 1098 Ἀντίγονος
464 1035 520 1088 δὲ
546 1036 645 1105 τὴν
669 1039 855 1090 Ἀσίαν
882 1038 970 1105 ὑφ’
999 1038 1187 1090 ἑαυτὸν
1215 1036 1509 1106 ἐποιήσατο
1540 1052 1555 1067 ο
1587 1036 1682 1104 τῆς
1722 1035 1778 1088 δὲ
1807 1035 2141 1098 Μακεδονίας
2161 1032 2322 1105 ἦρξεν
2352 1036 2726 1103 ’Λντίπστρος,
2787 1036 2861 1099 ὠς
2889 1035 2945 1088 δέ
2983 1052 3120 1098 τινες
3193 1036 3340 1088 ίστο-

144 1127 337 1193 ’ροῦσιη
367 1132 393 1182 ὁ
420 1132 690 1200 Ἀριδαῖος
725 1132 951 1200 ἀδελφὸς
976 1134 1302 1204 ἑτεροθαλὴς
1356 1134 1419 1185 ὲκ
1468 1132 1677 1201 πατρὸς
1714 1132 1790 1185 ὣν
1826 1130 2199 1202 Ἀλεξάνδρου.
2246 1133 2383 1204 Φησὶ
2426 1134 2532 1202 γὰρ
2602 1134 2629 1185 ὁ
2674 1134 2988 1201 Χαιρωνεύς
3058 1133 3147 1185 τὸν
3196 1132 3336 1201 Περ-

155 1227 338 1289 δίκκαν,
369 1230 506 1295 μετὰ
532 1228 763 1282 θάνατον
806 1229 1157 1299 Ἀλεξάνδρου
1200 1232 1258 1282 ἐν
1320 1229 1551 1298 μεγίστῃ
1617 1227 1844 1296 δυνάμει
1884 1226 2034 1289 ὄντα,
2102 1226 2259 1289 εὐθὺς
2304 1228 2395 1280 τὸν
2444 1228 2707 1298 Ἀριδαῖον
2757 1226 2943 1297 ὥσπερ
2984 1224 3339 1296 δορυφόρημα

154 1320 396 1385 βασιλείας
448 1323 803 1388 ἐφέλκεσθαι,
842 1325 1102 1391 γεγονότα
1152 1324 1251 1392 μὲν
1306 1325 1371 1377 ἐκ
1421 1322 1677 1392 γυναικὸς
1718 1321 1906 1385 ἀδόξου
1968 1322 2058 1375 καὶ
2092 1323 2297 1393 κοινῆς,
2336 1323 2500 1393 ἀτελῆ
2553 1325 2608 1376 δὲ
2645 1324 2744 1394 τὴν
2776 1324 3036 1393 φρόνησιν
3061 1322 3210 1384 ὄντα,
3279 1321 3339 1373 ού

154 1411 286 1476 φύσει
316 1411 551 1464 τοιοῦτον
600 1414 961 1484 προαχθέντα,
1012 1415 1147 1468 ἀλλὰ
1180 1414 1301 1484 ’τῆς
1336 1412 1695 1483 Ὀλυμπιάδος
1736 1412 2045 1482 φαρμάκοις
2075 1413 2466 1483 διαφθειράσης
2501 1413 2648 1481 αύτῷ
2668 1414 2765 1484 τὴν
2797 1415 3057 1468 διάνοιαν.

210 1505 274 1561 Ζ’.
312 1507 414 1560 Τοῦ
443 1508 499 1560 δὲ
528 1510 793 1578 τετάρτου
839 1509 1029 1579 θηρίου
1057 1508 1193 1572 εἶδος
1224 1511 1322 1580 μὲν
1348 1511 1449 1563 οὐκ
1481 1510 1681 1578 ἐσήμα-

1857 1506 1968 1563 Vll.
1996 1506 2185 1574 Quarti
2210 1507 2463 1563 animalis
2490 1508 2720 1562 formam
2763 1523 2870 1561 non
2908 1508 3177 1576 expressit
3204 1508 3341 1561 Pro-

3225 462 3356 522 ~242-

152 1617 223 1651 νεν
249 1600 273 1651 ὁ
303 1603 601 1670 προφήτης,
640 1603 873 1673 φοϐερὸν
902 1602 949 1655 δ’
980 1599 1098 1657 εἷπε
1131 1604 1308 1669 τοῦτο,
1342 1593 1433 1657 καὶ
1468 1603 1675 1673 ἔκθαμ-

150 1692 225 1742 δον
248 1691 531 1761 περισσῶς,
561 1694 778 1758 ὀδόντας
816 1693 937 1763 ἕχον
977 1696 1244 1765 μεγάλους
1274 1697 1369 1750 καὶ
1404 1695 1675 1767 σιδηροῦς,

148 1780 300 1833 ἐσθίον
322 1799 377 1834 τε
410 1783 503 1835 καὶ
529 1782 920 1846 λεπτῦνον.καὶ
946 1788 1013 1840 τά
1043 1787 1297 1841 ἐπίλοιπα
1334 1788 1675 1857 συμπατοῦν,

148 1874 225 1925 nl.
248 1874 303 1926 τὸ
329 1874 581 1945 διάφορον
601 1877 769 1932 αὑτοῦ
792 1880 928 1947 πρὸς
958 1880 1023 1933 τά
1046 1882 1477 1951 προηγησάμενα
1508 1883 1675 1955 θηρία

148 1966 234 2035 ἔφη
259 1966 537 2036 τυγχάνειν
560 1968 715 2021 πολύ.
750 1969 813 2021 Ἦ
832 1969 939 2022 τῶν
976 1970 1262 2039 Ῥωμαίων
1288 1972 1345 2025 δὲ
1369 1972 1457 2027 διά
1483 1974 1674 2027 τούτου

149 2056 365 2123 βασιλεία
412 2058 760 2137 σημαίνεται.
811 2061 903 2113 Διὸ
952 2063 1074 2115 οὐδὲ
1121 2059 1259 2127 εἶδος
1302 2065 1330 2117 δ
1389 2068 1677 2137 προφήτης

143 2143 323 2197 τούτων
349 2146 454 2199 οὐδ’
472 2136 643 2216 ὄνομα
672 2148 841 2202 ἔθετο.
880 2152 1170 2221 Πολυειδὴς
1200 2156 1307 2224 γὰρ
1338 2158 1369 2225 ή
1406 2159 1513 2209 τῶν
1547 2136 1678 2211 Ῥω.

148 2233 303 2300 μαίων
352 2235 515 2306 ἁρχὴ,
562 2238 828 2307 πρότερον
881 2239 980 2308 μὲν
1028 2239 1340 2310 βασιλεῦσιν
1388 2243 1675 2315 ίθυνομένη

144 2322 236 2375 ἀπὸ
279 2324 550 2394 Ῥωμύλου
576 2328 739 2397 μέχρι
778 2328 886 2381 τῶν
907 2329 1227 2401 Ταρκυνίων
1250 2349 1263 2362 ·
1296 2332 1398 2402 τῆς
1436 2334 1493 2386 δὲ
1537 2336 1679 2389 ὲκεί-

145 2431 234 2466 νων
286 2418 593 2487 τυραννίδος
637 2406 1057 2490 κατάλυθείσης,
1112 2424 1674 2496 άριστοκρατουμένη,

144 2504 226 2568 τῆς
273 2506 570 2574 συγκλήτου
624 2506 717 2559 καὶ
766 2508 873 2561 τῶν
931 2510 1153 2563 ὑπάτων
1206 2511 1551 2567 διοικούντων
1606 2516 1676 2569 τά

146 2593 437 2661 πράγματα.
480 2595 636 2649 Ἔστι
688 2597 735 2650 δ’
769 2596 856 2650 ὅτε
902 2599 996 2651 καὶ
1032 2598 1548 2673 δημοκρατουμένη,
1581 2605 1675 2657 τοῦ

144 2684 296 2752 δήμου
329 2687 584 2752 πολλάκις
616 2688 751 2759 πρὸς
775 2690 875 2760 τὴν
910 2690 1216 2762 σύγκλητον
1248 2696 1638 2759 στασιάσαντος
1660 2714 1672 2729 ·

148 2777 413 2841 μετέπειτα
442 2779 483 2830 δ’
510 2779 667 2841 αὖθις
695 2781 775 2843 είς
809 2782 1109 2853 μοναρχίαν
1143 2785 1545 2853 μεταπεσοῦσα,
1568 2788 1677 2841 κάκ

146 2868 324 2943 ταύτης
356 2871 433 2933 είς
463 2870 739 2938 βασιλείας
768 2873 963 2939 κλῆσιν
997 2876 1464 2947 ὲπανακάμψασα.
1510 2881 1678 2934 Φοδε-
1711 2860 1753 2912 Β

148 2959 227 3027 ρὸν
266 2961 320 3013 δὲ
362 2962 422 3014 τὸ
454 2962 645 3032 θηρίον
678 2965 773 3017 καὶ
813 2965 1089 3034 ἐκθαμϐον
1127 2964 1299 3029 εἶπεν,
1333 2970 1415 3021 ὅτι
1445 2970 1681 3025 δυνατω-

147 3048 261 3119 τέρα
307 3052 410 3105 τῶν
462 3052 639 3107 ἄλλων
673 3054 961 3123 βασιλειῶν
1005 3056 1143 3127 αῦτη
1197 3062 1525 3128 γεγένηται·
1587 3067 1681 3118 καὶ

146 3141 233 3194 ὅσα
258 3144 287 3212 ή
322 3144 667 3217 Μακεδονικὴ
698 3151 771 3218 μη
800 3150 1033 3217 ὑπέταξε
1061 3153 1328 3222 βασιλεία,
1364 3157 1454 3225 ὑφ’
1481 3159 1680 3231 ἑαυτὴν

150 3233 268 3304 αῦτη
304 3238 665 3310 ποιησαμένη,
696 3242 794 3311 τὴν
855 3243 1082 3298 Ἐλλάδα
1131 3246 1331 3319 δηλαδὴ
1356 3252 1558 3316 πᾶσαν,
1582 3253 1681 3322 τὴν

150 3325 447 3397 Καρχηδόνα
482 3331 579 3383 σὺν
606 3334 670 3402 τῇ
704 3334 901 3404 Λιϐύῃ,
934 3336 1030 3405 τὴν
1065 3338 1333 3405 Σικελίαν,
1364 3342 1460 3412 τὴν
1495 3344 1681 3413 Σαρδώ

149 3432 196 3467 τε
241 3420 326 3471 καὶ
372 3423 569 3489 νήσους
621 3423 805 3488 ἄλλας,
855 3427 945 3478 καὶ
992 3427 1118 3497 ἔθνη
1170 3431 1402 3499 ἑσπέρια
1448 3434 1680 3505 διάφορα

148 3508 305 3579 ἔτερα,
345 3508 417 3565 ὧν
460 3513 559 3566 οὐκ
601 3509 763 3583 ἦρξεν
811 3516 1177 3586 ’Δλέξανδρος.
1226 3521 1403 3592 Ἀπερ
1434 3525 1461 3576 ό
1493 3525 1680 3593 βουλό-

150 3617 285 3668 μενος
306 3605 640 3671 γνῶναι,τὰς
666 3606 879 3676 plexos;
905 3607 999 3661 τοῦ
1026 3611 1299 3679 Ῥωμαίου
1323 3604 1679 3687 Δίωνοςλ(8ί⁶)

148 3694 437 3761 ἀναγνώτω,
470 3698 565 3749 καὶ
598 3699 665 3751 τά
694 3698 787 3751 τοῦ
828 3700 1088 3754 Πολυδίου
1124 3705 1552 3775 συγγράμματα.
1584 3709 1681 3761 Ψο-

146 3782 284 3853 ῦερὸν
326 3787 381 3839 δὲ
434 3788 495 3840 τὸ
541 3787 745 3859 θηρίον,
790 3792 885 3842 καὶ
930 3792 1226 3861 ἐκθαμδον,
1281 3799 1372 3849 καὶ
1429 3799 1678 3868 σιδηροῦς

148 3874 337 3947 ὀδόντας
373 3878 515 3949 ῐχον,
550 3881 626 3944 ὡς
654 3880 752 3949 τῆς
783 3882 893 3934 τῶν
937 3881 1225 3954 Ῥωμαίων
1254 3889 1550 3957 ἡγεμονίας
1573 3892 1680 3944 τῶν
1710 3886 1722 3897 ”

140 3966 298 4021 ἄλλων
333 3971 619 4039 βασιλειῶν
649 3975 876 4029 ἀπασῶν
904 3981 1347 4050 φρικωδεστέρας
1378 3986 1681 4055 γεγενημέ-

146 4076 242 4128 νης.
285 4064 389 4117 Καὶ
414 4066 473 4117 ὲν
503 4067 569 4134 τῇ
591 4068 760 4119 εικόνι
800 4068 906 4138 γὰρ
938 4072 1003 4139 τῇ
1044 4071 1165 4123 κατ’
1183 4073 1318 4142 δναρ
1357 4075 1578 4147 ὀφθείσῃ
1605 4079 1681 4147 τῷ

1785 1599 1971 1667 pheta,
2006 1598 2100 1654 sed
2132 1599 2477 1653 formidabile
2516 1608 2572 1653 et
2603 1598 2847 1653 terribile
2901 1598 3173 1661 nominat;
3233 1612 3343 1651 ma-

1784 1690 1906 1759 gnis
1935 1690 2129 1745 ferreis
2159 1691 2416 1746 dentibus
2442 1706 2643 1746 vorans
2672 1702 2725 1745 et
2755 1691 3152 1755 comminuens,
3172 1698 3225 1743 et
3254 1704 3340 1742 rc-

1783 1784 1929 1852 liqua
1963 1784 2194 1853 pedibus
2235 1785 2584 1849 conculcans,
2628 1799 2822 1853 magno
2855 1782 3169 1836 discrimine
3199 1783 3341 1835 inter

1783 1876 1916 1930 illud
1949 1887 2003 1931 et
2031 1888 2224 1932 caztera
2248 1878 2570 1931 conStituto.
2619 1876 2823 1929 Verum
2875 1873 2927 1926 id
2968 1872 3339 1925 Romanorum

1782 1960 2074 2030 imperium
2100 1963 2477 2033 innuitzquod
2501 1979 2624 2018 cum
2661 1962 2734 2016 sit
2783 1961 2993 2015 varium
3054 1968 3110 2011 et
3154 1957 3344 2013 multi-

1781 2051 1976 2117 forme,
2017 2052 2288 2124 PrOpheta
2317 2070 2493 2125 neque
2511 2070 2709 2109 nomen
2745 2054 2884 2125 ejus,
2916 2067 3091 2120 neque
3115 2051 3341 2104 formam

1784 2145 1984 2213 posuit.
2028 2146 2162 2199 Nam
2196 2161 2225 2200 a
2268 2147 2502 2200 Romulo
2522 2162 2691 2215 usque
2724 2146 2791 2199 ad
2816 2143 3144 2212 Tarquinios
3172 2142 3343 2195 Roma

1785 2238 2008 2308 regibus
2038 2224 2264 2309 paruit:
2302 2255 2532 2309 quorum
2587 2237 2873 2310 tyrannide
2933 2248 3148 2296 eversa,
3196 2232 3341 2303 optiv

1784 2338 1979 2394 mates,
2014 2338 2236 2384 senatus
2262 2338 2316 2383 et
2349 2330 2603 2384 consules
2661 2327 3048 2397 rempublicam
3106 2323 3345 2378 admini—

1783 2428 2043 2473 strarunt.
2091 2420 2401 2489 Aliquando
2456 2421 2621 2474 etiam
2684 2420 2750 2483 ad
2806 2416 3087 2487 popularis
3126 2413 3338 2483 imperii

1780 2512 2012 2566 formam
2038 2513 2255 2566 redacta
2284 2522 2388 2575 est,
2428 2512 2695 2565 seditione
2746 2510 2919 2578 plebis
2960 2508 3218 2561 adversus
3247 2521 3342 2574 pa-

1785 2615 1914 2667 tres,
1947 2613 2071 2673 post
2099 2607 2293 2657 iterum
2327 2604 2489 2657 unius
2532 2610 2801 2673 potestate
2853 2614 3131 2669 oppressa,
3172 2607 3227 2652 et
3269 2597 3345 2650 ail‘

1784 2696 1919 2764 regii
1944 2696 2179 2748 norninis
2204 2695 2625 2762 appellationem
2650 2708 2884 2746 reversa.
2916 2691 3147 2744 Bestiam
3177 2702 3340 2767 porro

1784 2784 1930 2838 illam
1966 2784 2263 2838 terribilem
2296 2794 2350 2837 et
2382 2783 2782 2835 formidabilem
2826 2788 3005 2841 vocat,
3042 2777 3187 2847 quod
3235 2777 3339 2829 Ro-

1782 2892 2001 2930 manum
2023 2876 2311 2945 imperium
2338 2875 2551 2927 caeteris
2572 2873 2848 2943 potentius
2876 2871 3105 2930 exstitit,
3131 2876 3185 2921 et
3219 2883 3337 2937 qua:
3407 2873 3411 2876 ’

1784 2968 2104 3022 Macedones
2130 2984 2236 3021 non
2268 2970 2582 3037 attigerant,
2614 2982 2674 3021 ea
2692 2981 2909 3041 quoque
2935 2964 3168 3033 subegit,
3191 2962 3341 3016 Grae-

1781 3061 1921 3114 ciam
1959 3060 2212 3115 videlicet
2264 3062 2597 3125 universam,
2638 3060 3021 3129 Carthaginem
3074 3072 3197 3112 cum
3251 3056 3339 3108 Li-

1782 3149 1893 3214 bia,
1940 3149 2199 3215 Siciliam,
2257 3152 2586 3216 Sardiniam,
2638 3160 2969 3220 exterasque
3021 3149 3249 3212 insulas,
3283 3157 3341 3201 et

1782 3244 2092 3312 complures
2124 3254 2311 3313 gentes
2326 3244 2713 3304 occidentales.
2732 3243 2934 3312 quibus
2965 3257 3072 3296 non
3100 3243 3334 3309 impera-

1783 3337 1861 3388 vit
1894 3336 2199 3391 Alexander
2237 3353 2249 3385 :
2286 3352 2404 3402 qua:
2435 3336 2523 3388 cui
2546 3336 2685 3389 scire
2714 3335 2894 3388 studio
2923 3344 3028 3397 est,
3077 3335 3121 3388 is
3154 3333 3341 3387 Dionis
3438 3364 3441 3367 λ

1785 3428 2014 3482 Romani
2046 3441 2100 3482 et
2122 3428 2326 3498 Polybii
2378 3429 2519 3497 legat
2548 3429 2819 3481 historias.
2856 3429 3037 3481 Ferrei
3069 3429 3259 3480 dentes
3287 3428 3338 3480 ei

1785 3519 1973 3573 bestiae
1999 3528 2129 3574 sunt
2159 3515 2430 3584 attribtui,
2462 3520 2607 3589 quod
2654 3520 3021 3574 Romanorum
3066 3517 3337 3587 principa-

1782 3621 1870 3663 tus
1910 3611 2165 3665 omnibus
2187 3612 2310 3666 aliis
2338 3612 2585 3680 imperiis
2617 3611 2935 3664 horribilior
2965 3610 3069 3663 fuit
3108 3626 3121 3661 :
3177 3618 3338 3676 atque

1781 3706 1948 3760 etiam
1976 3704 2030 3758 in
2067 3704 2300 3774 imagine
2331 3720 2426 3771 per
2455 3704 2725 3757 sonmium
2762 3703 2941 3755 oblata
2976 3700 3337 3779 Nabuchodoo

1783 3796 1989 3861 nosori,
2020 3804 2274 3866 quartum
2300 3812 2525 3867 regnum
2551 3796 2701 3850 ferro
2724 3804 3091 3864 comparatur.
3127 3791 3341 3847 Ferreis

1782 3906 1947 3960 porro
1966 3890 2225 3944 dentibus
2254 3890 2417 3944 cdere
2442 3900 2497 3944 et
2530 3889 2903 3943 comminuere
2934 3888 3161 3941 bestiam
3180 3888 3336 3944 dixit.

1780 3988 1836 4033 et
1865 3979 2071 4047 reliqua
2110 3979 2430 4032 conculcare
2472 3978 2703 4047 pedibus
2732 3996 2745 4031 :
2777 3994 3008 4046 quorum
3059 3978 3240 4046 priora
3274 3979 3338 4031 ad

1785 4070 2118 4124 tributorum
2152 4070 2492 4123 exactionem
2533 4069 2865 4130 referuntur,
2902 4069 3206 4137 graviorem
3235 4084 3337 4123 οπο

147 4150 724 4245 ψαόουχοδονόσορηὺν
773 4156 992 4227 σίδηρον
1027 4160 1241 4214 τέθεικε
1278 4166 1377 4231 τῆς
1412 4167 1680 4239 τετάρτης

1785 4162 1935 4225 teris,
1962 4161 2163 4232 quibus
2189 4177 2343 4231 reges
2371 4161 2613 4223 aluntur,
2635 4175 2690 4216 et
2715 4161 3111 4229 saginantur,et
3138 4161 3343 4215 subditi

150 4240 401 4308 βασιλείας
454 4248 767 4317 εἰκόνισμα.
830 4250 955 4314 Τοῖς
1014 4251 1107 4305 οῦν
1167 4254 1407 4325 σιδηροῖς
1468 4258 1680 4312 ὀδοῦσιν

146 4332 324 4386 ἐσθίειν
348 4336 406 4389 τὸ
434 4337 624 4409 θηρίον
653 4334 799 4402 εἷπε,
829 4344 923 4395 καὶ
970 4342 1274 4408 λεπτύνειν,
1303 4350 1394 4400 καὶ
1420 4354 1489 4402 τὰ
1518 4352 1681 4405 λοιπὰ

150 4430 429 4495 ωμπατεῖν
456 4432 570 4491 τοῖς
599 4432 745 4483 ποσί.
773 4432 847 4483 Τὸ
872 4432 971 4502 μὲν
1002 4433 1093 4486 οὖν
1124 4436 1331 4490 ἐσθίειν
1360 4441 1451 4493 καὶ
1487 4441 1681 4495 λεπτύ·⁵

146 4527 241 4565 νειν
268 4516 343 4578 είς
388 4515 489 4584 τὴν
534 4517 645 4570 τῶν
677 4518 901 4587 δασμῶν
934 4519 1247 4590 ὲξείληπται
1291 4528 1573 4596 εἰσφοράν,
1604 4531 1679 4595 ὡς

148 4602 439 4676 βαρυτέρων
483 4610 596 4683 τοῖς
648 4609 912 4677 ὑπηκόοις
962 4612 1146 4683 φ’όρων
1192 4615 1578 4683 ὲπιτεθέντων,
1630 4625 1678 4676 οἳ

146 4697 251 4758 τοὺς
280 4682 659 4765 βασιλεύοντας
693 4700 953 4769 τρέφουσι
993 4704 1085 4755 καὶ
1133 4706 1431 4770 πιαίνουσι,
1466 4714 1592 4775 τοὺς
1623 4715 1679 4766 δὲ

147 4788 619 4857 εἰσπραττομένους
663 4791 861 4851 αὐτοὺς
917 4792 1303 4850 ἐκλεπτύνουσι
1360 4803 1681 4869 πενητεύον-

145 4892 244 4939 τας.
275 4879 334 4931 02
363 4878 417 4931 δὲ
447 4879 811 4950 δασμοφορείν
841 4884 942 4936 οὐκ
983 4884 1282 4954 ἠνείχοντο,
1328 4891 1429 4957 τῆς
1467 4892 1679 4944 ἐλευθε-

150 4969 251 5034 ρίας
277 4972 730 5041 ἀντιποιούμενοι,
755 4973 979 5038 τούτους
1000 4980 1110 5039 τοῖς
1138 4981 1264 5030 ποσὶ
1300 4982 1590 5035 συνεπάτει
1619 4989 1679 5037 τὸ

149 5058 330 5130 θηρίον,
352 5066 446 5117 καὶ
480 5063 831 5134 ὲξωλόθριυε.
858 5066 957 5118 Διά
990 5068 1100 5118 τῶν
1129 5069 1304 5122 ποδῶν
1337 5071 1397 5123 δὲ
1426 5074 1484 5126 τὸ
1517 5092 1680 5145 στρι-

147 5150 371 5203 τιωτικδν
419 5152 820 5215 ὑπαινίττεται,
854 5153 927 5217 ὡς
972 5156 1031 5207 ὲν
1065 5157 1238 5226 τούτῳ
1267 5159 1369 5226 τῆς
1402 5162 1682 5229 βασιλείας

149 5238 471 5311 ἐρειδομένης
505 5244 598 5296 καλ⁵
633 5245 953 5313 βεϐηκυίας,
982 5247 1073 5299 καὶ
1105 5247 1163 5311 ἐξ
1195 5251 1394 5318 ἐτέρων
1421 5256 1682 5320 μεταϐαι-

152 5327 322 5401 νούσης
368 5332 445 5395 είς
484 5332 668 5403 ἔτερα.
714 5335 824 5388 Καὶ
854 5336 1059 5406 κέρατα
1110 5337 1155 5390 δ’
1191 5334 1331 5391 εἶναι
1375 5341 1453 5407 τῷ
1505 5342 1681 5413 Θηρίῳ

151 5416 263 5469 δέκα
293 5421 471 5489 φησὶν,
504 5422 881 5492 ύπεμφαίνων,
914 5425 989 5487 ὡς
1036 5428 1115 5487 εἰς
1152 5426 1350 5488 πολλάς
1384 5429 1681 5498 ἡγεμονίας

1782 4261 2136 4307 attenuantur
2148 4266 2200 4308 et
2219 4255 2284 4307 ad
2304 4262 2596 4323 egestatem
2613 4253 2947 4321 rediguntur.
2971 4250 3071 4315 Qui
3090 4268 3219 4305 vero
3246 4255 3343 4304 tri-

1784 4345 1913 4398 buta
1942 4346 2353 4408 detrectabant,
2394 4354 2449 4397 et
2478 4344 2782 4396 libertatem
2823 4341 3221 4405 defendebant,
3250 4360 3344 4396 eos

1782 4432 2136 4486 conculcabat
2153 4433 2347 4493 bestia,
2368 4442 2423 4485 et
2439 4431 2851 4485 exterminabat.
2868 4431 2970 4484 Per
2984 4430 3147 4501 pedes
3164 4443 3339 4487 autem

1784 4522 2162 4592 intelliguntur
2178 4523 2470 4580 exercitus.
2496 4523 2770 4591 utquilms
2792 4538 3016 4591 regnum
3048 4523 3261 4577 insistat
3290 4537 3345 4579 et

1784 4613 2068 4675 innitatur,
2089 4623 2142 4666 et
2164 4612 2232 4666 ab
2254 4613 2378 4667 aliis
2392 4613 2460 4667 ad
2490 4614 2592 4667 alia
2620 4613 2778 4680 128
2796 4622 3052 4665 transeat.
3075 4613 3339 4668 Prmterca

1784 4705 1972 4757 decem
1988 4718 2191 4757 cornua
2215 4702 2423 4765 bestiae,
2459 4702 2787 4771 significant,
2820 4700 2872 4753 id
2911 4702 3201 4767 imperium
3240 4720 3341 4771 po-

1782 4797 2007 4850 stremis
2020 4795 2358 4863 temporibus
2386 4794 2437 4846 in
2470 4794 2637 4849 multa
2658 4810 2778 4848 esse
2791 4792 3338 4862 regnadividendum.

1781 4887 1841 4940 In
1886 4886 2067 4940 medio
2106 4901 2271 4955 porro
2314 4887 2500 4940 decem
2546 4902 2835 4950 cornuum,
2867 4902 3093 4955 parvum
3120 4889 3340 4958 prodire

1781 4993 1978 5042 cornu,
2007 4993 2118 5047 quo
2147 4978 2246 5030 tria
2270 4976 2372 5031 alia
2410 4993 2613 5033 cornua
2641 4979 3011 5049 exstirpentur
3035 4996 3046 5033 :
3071 4989 3126 5035 et
3153 4982 3343 5036 oculos

1784 5069 1986 5123 habene
2007 5083 2177 5123 cornu
2207 5068 2365 5131 illud,
2394 5078 2449 5123 et
2474 5085 2536 5122 os
2562 5072 2972 5140 magniloquum
2995 5081 3050 5126 et
3074 5072 3329 5125 infestum

1784 5160 2003 5216 sanctis.
2050 5159 2163 5213 Hoc
2184 5176 2355 5214 cornu
2388 5160 2607 5227 quidam
2638 5161 3035 5216 Antichristttm
3069 5164 3341 5231 interpre-

1786 5262 2001 5315 tantur;
2026 5267 2251 5321 parvum
2283 5260 2461 5303 autem
2481 5260 2729 5314 vocatur,
2754 5253 2897 5320 quod
2914 5269 2993 5318 ,ex
3016 5270 3178 5321 parva
3198 5256 3341 5308 tribu

1788 5344 2140 5397 Hebraeorum
2173 5342 2246 5394 sit
2272 5341 2567 5404 oriturum,
2607 5351 2662 5396 et
2687 5352 2795 5395 tres
2820 5343 2888 5395 de
2911 5344 3097 5397 decem
3124 5346 3340 5414 regibus

1785 5447 2127 5485 eversurum.
2152 5431 2254 5484 Per
2279 5431 2491 5493 oculos,
2519 5431 2922 5498 improbitatem
2954 5435 3092 5501 ejus,
3148 5446 3201 5485 et
3232 5434 3342 5487 cal-

140 5502 225 5559 ’ἐπ’
250 5510 484 5581 ἐσχάτων
526 5513 558 5561 +
610 5512 853 5582 βασιλεία
905 5516 1330 5586 διαιρεθήσεται.
1391 5519 1496 5569 Ἐνε
1532 5522 1681 5591 μέσῳ

1785 5522 2053 5576 liditatem
2085 5522 2285 5585 innuit,
2317 5521 2518 5590 quibus
2577 5523 2779 5578 multos
2836 5527 2907 5579 sit
2959 5526 3335 5581 scducturum.

1302 5639 1508 5698 Varia;
1538 5639 1845 5703 lectiones
1887 5647 1949 5703 et
1990 5650 2177 5703 notua.

214 5729 334 5804 (81')
366 5735 474 5798 Τὰς
514 5735 779 5803 ,βίϐλους
814 5739 920 5791 τοῦ
964 5739 1249 5804 Ῥωμαίου
1288 5742 1527 5803 Δίωνος.
1554 5741 1683 5792 Dio-

156 5813 262 5878 nem
296 5802 533 5878 Cassium
576 5802 815 5878 Nicmum
858 5802 1128 5878 intelligit,
1171 5812 1263 5878 qui
1308 5802 1680 5871 Romanorum

158 5867 421 5929 Historiam
450 5876 798 5946 conscripsit,
831 5886 883 5934 et
923 5867 1083 5949 quem
1121 5867 1361 5935 Zdnaras
1385 5867 1682 5954 integrum,

1789 5758 1897 5796 non
1954 5751 2013 5795 ut
2064 5746 2226 5799 hodie
2274 5754 2468 5806 exstat,
2501 5745 2728 5800 maxima
2772 5746 2853 5799 sui
2894 5753 3045 5813 parte
3086 5745 3336 5799 mutilum

1789 5815 1944 5879 vidit,
1970 5824 2022 5867 et
2053 5832 2193 5885 sepe
2226 5817 2501 5869 exscribit.
