  <div class='ocr_page' id='page_1' title='image "/cluster/home/n/w/nwhite01/storage/ocr_20150623/134/pst.000005714506/132.png"; bbox 0 0 4004 6328; ppageno 0'>
   <div class='ocr_carea' id='block_1_1' title="bbox 151 461 239 521">
    <p class='ocr_par' dir='ltr' id='par_1_1' title="bbox 151 461 239 521">
     <span class='ocr_line' id='line_1_1' title="bbox 151 461 239 521; baseline 0.023 -2"><span class='ocrx_word' id='word_1_1' title='bbox 151 461 239 521; x_wconf 70' lang='grc' dir='ltr'>Ξίθ</span> 
     </span>
    </p>
   </div>
   <div class='ocr_carea' id='block_1_2' title="bbox 1372 457 2124 518">
    <p class='ocr_par' dir='ltr' id='par_1_2' title="bbox 1372 457 2124 518">
     <span class='ocr_line' id='line_1_2' title="bbox 1372 457 2124 518; baseline 0.004 -3"><span class='ocrx_word' id='word_1_2' title='bbox 1372 457 1774 518; x_wconf 72' lang='lat' dir='ltr'>ANNALIUM</span> <span class='ocrx_word' id='word_1_3' title='bbox 1819 459 1966 518; x_wconf 86' lang='lat' dir='ltr'>LIB.</span> <span class='ocrx_word' id='word_1_4' title='bbox 2007 458 2124 518; x_wconf 87' lang='grc' dir='ltr'>ΙΙΙ.</span> 
     </span>
    </p>
   </div>
   <div class='ocr_carea' id='block_1_3' title="bbox 3230 457 3342 529">
    <p class='ocr_par' dir='ltr' id='par_1_3' title="bbox 3230 457 3342 529">
     <span class='ocr_line' id='line_1_3' title="bbox 3230 457 3342 529; baseline 0.009 -11"><span class='ocrx_word' id='word_1_5' title='bbox 3230 457 3342 529; x_wconf 71' lang='lat'>950</span> 
     </span>
    </p>
   </div>
   <div class='ocr_carea' id='block_1_4' title="bbox 147 567 1677 639">
    <p class='ocr_par' dir='ltr' id='par_1_4' title="bbox 147 567 1676 639">
     <span class='ocr_line' id='line_1_4' title="bbox 147 567 1676 639; baseline -0.001 -18"><span class='ocrx_word' id='word_1_6' title='bbox 147 571 250 633; x_wconf 76' lang='grc' dir='ltr'>νοῦς</span> <span class='ocrx_word' id='word_1_7' title='bbox 296 568 567 639; x_wconf 77' lang='grc' dir='ltr'>Ἀντιόχου</span> <span class='ocrx_word' id='word_1_8' title='bbox 621 567 709 621; x_wconf 86' lang='grc' dir='ltr'>διὰ</span> <span class='ocrx_word' id='word_1_9' title='bbox 737 567 942 621; x_wconf 86' lang='grc' dir='ltr'>τούτων</span> <span class='ocrx_word' id='word_1_10' title='bbox 972 567 1210 637; x_wconf 76' lang='grc' dir='ltr'>ὀΔανιὴλ</span> <span class='ocrx_word' id='word_1_11' title='bbox 1242 568 1676 636; x_wconf 76' lang='grc' dir='ltr'>προδιδάσκεται,</span> 
     </span>
    </p>
   </div>
   <div class='ocr_carea' id='block_1_5' title="bbox 1778 567 3349 639">
    <p class='ocr_par' dir='ltr' id='par_1_5' title="bbox 1782 568 3349 637">
     <span class='ocr_line' id='line_1_5' title="bbox 1782 568 3349 637; baseline -0.002 -14"><span class='ocrx_word' id='word_1_12' title='bbox 1782 581 1890 623; x_wconf 82' lang='lat' dir='ltr'>tum</span> <span class='ocrx_word' id='word_1_13' title='bbox 1923 576 1997 622; x_wconf 78' lang='lat' dir='ltr'>est</span> <span class='ocrx_word' id='word_1_14' title='bbox 2040 568 2396 626; x_wconf 69' lang='lat' dir='ltr'>cadaveribus.</span> <span class='ocrx_word' id='word_1_15' title='bbox 2428 576 2476 620; x_wconf 90' lang='lat' dir='ltr'>et</span> <span class='ocrx_word' id='word_1_16' title='bbox 2506 569 2704 637; x_wconf 79' lang='lat' dir='ltr'><strong>factum</strong></span> <span class='ocrx_word' id='word_1_17' title='bbox 2725 578 2821 635; x_wconf 80' lang='lat' dir='ltr'><strong>est,</strong></span> <span class='ocrx_word' id='word_1_18' title='bbox 2850 585 2914 626; x_wconf 87' lang='lat' dir='ltr'>ac</span> <span class='ocrx_word' id='word_1_19' title='bbox 2940 569 3178 624; x_wconf 71' lang='lat' dir='ltr'><strong>secundi:</strong></span> <span class='ocrx_word' id='word_1_20' title='bbox 3203 571 3349 622; x_wconf 69' lang='lat' dir='ltr'>rebu8</span> 
     </span>
    </p>
   </div>
   <div class='ocr_carea' id='block_1_6' title="bbox 146 654 1686 729">
    <p class='ocr_par' dir='ltr' id='par_1_6' title="bbox 146 654 1686 729">
     <span class='ocr_line' id='line_1_6' title="bbox 146 654 1686 729; baseline -0.003 -15"><span class='ocrx_word' id='word_1_21' title='bbox 146 661 194 722; x_wconf 71' lang='grc' dir='ltr'>ὃς</span> <span class='ocrx_word' id='word_1_22' title='bbox 225 660 482 729; x_wconf 71' lang='grc' dir='ltr'>’Δντιὸχου</span> <span class='ocrx_word' id='word_1_23' title='bbox 514 659 613 728; x_wconf 83' lang='grc' dir='ltr'>μέν</span> <span class='ocrx_word' id='word_1_24' title='bbox 665 658 757 711; x_wconf 83' lang='grc' dir='ltr'>τοῦ</span> <span class='ocrx_word' id='word_1_25' title='bbox 804 659 1041 728; x_wconf 77' lang='grc' dir='ltr'>μεγάλου</span> <span class='ocrx_word' id='word_1_26' title='bbox 1085 660 1195 722; x_wconf 70' lang='grc' dir='ltr'>υίὸς</span> <span class='ocrx_word' id='word_1_27' title='bbox 1245 654 1336 729; x_wconf 79' lang='grc' dir='ltr'>ἦν,</span> <span class='ocrx_word' id='word_1_28' title='bbox 1381 659 1582 727; x_wconf 75' lang='grc' dir='ltr'>μᾶλλον</span> <span class='ocrx_word' id='word_1_29' title='bbox 1631 659 1686 710; x_wconf 82' lang='grc' dir='ltr'>δὲ</span> 
     </span>
    </p>
   </div>
   <div class='ocr_carea' id='block_1_7' title="bbox 151 749 1688 819">
    <p class='ocr_par' dir='ltr' id='par_1_7' title="bbox 151 749 1688 819">
     <span class='ocr_line' id='line_1_7' title="bbox 151 749 1688 819; baseline 0 -17"><span class='ocrx_word' id='word_1_30' title='bbox 151 751 244 802; x_wconf 83' lang='grc' dir='ltr'>τῶν</span> <span class='ocrx_word' id='word_1_31' title='bbox 284 751 382 819; x_wconf 80' lang='grc' dir='ltr'>πρὸ</span> <span class='ocrx_word' id='word_1_32' title='bbox 412 749 580 802; x_wconf 85' lang='grc' dir='ltr'>αὐτοῦ</span> <span class='ocrx_word' id='word_1_33' title='bbox 603 750 924 818; x_wconf 79' lang='grc' dir='ltr'>κρατυνθεὶς</span> <span class='ocrx_word' id='word_1_34' title='bbox 977 750 1262 818; x_wconf 84' lang='grc' dir='ltr'>βασιλέων,</span> <span class='ocrx_word' id='word_1_35' title='bbox 1313 751 1422 802; x_wconf 81' lang='grc' dir='ltr'>τῶν</span> <span class='ocrx_word' id='word_1_36' title='bbox 1457 753 1563 803; x_wconf 83' lang='grc' dir='ltr'>ἀπο</span> <span class='ocrx_word' id='word_1_37' title='bbox 1593 751 1688 802; x_wconf 86' lang='grc' dir='ltr'>Σε-</span> 
     </span>
    </p>
   </div>
   <div class='ocr_carea' id='block_1_8' title="bbox 149 838 1686 909">
    <p class='ocr_par' dir='ltr' id='par_1_8' title="bbox 149 838 1686 909">
     <span class='ocr_line' id='line_1_8' title="bbox 149 838 1686 909; baseline 0.001 -21"><span class='ocrx_word' id='word_1_38' title='bbox 149 840 320 891; x_wconf 80' lang='grc' dir='ltr'>λεύκου</span> <span class='ocrx_word' id='word_1_39' title='bbox 366 838 584 908; x_wconf 85' lang='grc' dir='ltr'>δηλαδὴ,</span> <span class='ocrx_word' id='word_1_40' title='bbox 657 840 879 907; x_wconf 73' lang='grc' dir='ltr'>καὶτῆς</span> <span class='ocrx_word' id='word_1_41' title='bbox 927 839 1206 905; x_wconf 72' lang='grc' dir='ltr'>Αἰγύπτου</span> <span class='ocrx_word' id='word_1_42' title='bbox 1251 840 1549 909; x_wconf 85' lang='grc' dir='ltr'>κρατήσας,</span> <span class='ocrx_word' id='word_1_43' title='bbox 1596 841 1686 890; x_wconf 79' lang='grc' dir='ltr'>καὶ</span> 
     </span>
    </p>
   </div>
   <div class='ocr_carea' id='block_1_9' title="bbox 147 929 1686 1000">
    <p class='ocr_par' dir='ltr' id='par_1_9' title="bbox 147 929 1686 1000">
     <span class='ocr_line' id='line_1_9' title="bbox 147 929 1686 1000; baseline 0 -18"><span class='ocrx_word' id='word_1_44' title='bbox 147 931 327 998; x_wconf 69' lang='grc' dir='ltr'>ἑτέρων</span> <span class='ocrx_word' id='word_1_45' title='bbox 361 929 574 999; x_wconf 82' lang='grc' dir='ltr'>χωρῶν,</span> <span class='ocrx_word' id='word_1_46' title='bbox 633 931 727 982; x_wconf 68' lang='grc' dir='ltr'>καὶ</span> <span class='ocrx_word' id='word_1_47' title='bbox 763 931 855 982; x_wconf 77' lang='grc' dir='ltr'>ἐπὶ</span> <span class='ocrx_word' id='word_1_48' title='bbox 895 929 1189 991; x_wconf 82' lang='grc' dir='ltr'>Ἰουδαίους</span> <span class='ocrx_word' id='word_1_49' title='bbox 1221 931 1568 1000; x_wconf 74' lang='grc' dir='ltr'>ἐστράτευσε,</span> <span class='ocrx_word' id='word_1_50' title='bbox 1593 930 1686 983; x_wconf 73' lang='grc' dir='ltr'>καὶ</span> 
     </span>
    </p>
   </div>
   <div class='ocr_carea' id='block_1_10' title="bbox 145 1014 1687 1087">
    <p class='ocr_par' dir='ltr' id='par_1_10' title="bbox 145 1014 1687 1087">
     <span class='ocr_line' id='line_1_10' title="bbox 145 1014 1687 1087; baseline -0.003 -16"><span class='ocrx_word' id='word_1_51' title='bbox 145 1021 228 1086; x_wconf 78' lang='grc' dir='ltr'>τῆς</span> <span class='ocrx_word' id='word_1_52' title='bbox 266 1019 367 1070; x_wconf 83' lang='grc' dir='ltr'>τῶν</span> <span class='ocrx_word' id='word_1_53' title='bbox 407 1017 802 1087; x_wconf 88' lang='grc' dir='ltr'>Ἰεροσολύμων</span> <span class='ocrx_word' id='word_1_54' title='bbox 844 1014 1134 1087; x_wconf 72' lang='grc' dir='ltr'>ἐκυρίευσε</span> <span class='ocrx_word' id='word_1_55' title='bbox 1173 1019 1400 1081; x_wconf 73' lang='grc' dir='ltr'>πόλεως,</span> <span class='ocrx_word' id='word_1_56' title='bbox 1432 1018 1568 1070; x_wconf 82' lang='grc' dir='ltr'>ἀλλὰ</span> <span class='ocrx_word' id='word_1_57' title='bbox 1595 1018 1687 1069; x_wconf 81' lang='grc' dir='ltr'>καὶ</span> 
     </span>
    </p>
   </div>
   <div class='ocr_carea' id='block_1_11' title="bbox 143 1106 1687 1173">
    <p class='ocr_par' dir='ltr' id='par_1_11' title="bbox 143 1106 1687 1173">
     <span class='ocr_line' id='line_1_11' title="bbox 143 1106 1687 1173; baseline -0.001 -13"><span class='ocrx_word' id='word_1_58' title='bbox 143 1109 221 1160; x_wconf 89' lang='grc' dir='ltr'>τοῦ</span> <span class='ocrx_word' id='word_1_59' title='bbox 255 1109 431 1170; x_wconf 82' lang='grc' dir='ltr'>ἐθνους</span> <span class='ocrx_word' id='word_1_60' title='bbox 469 1108 692 1170; x_wconf 81' lang='grc' dir='ltr'>παντός.</span> <span class='ocrx_word' id='word_1_61' title='bbox 739 1106 848 1160; x_wconf 75' lang='grc' dir='ltr'>Καὶ</span> <span class='ocrx_word' id='word_1_62' title='bbox 886 1108 972 1160; x_wconf 76' lang='grc' dir='ltr'>τόν</span> <span class='ocrx_word' id='word_1_63' title='bbox 1019 1125 1076 1160; x_wconf 82' lang='grc' dir='ltr'>τε</span> <span class='ocrx_word' id='word_1_64' title='bbox 1134 1109 1267 1160; x_wconf 69' lang='grc' dir='ltr'>ναὸν</span> <span class='ocrx_word' id='word_1_65' title='bbox 1329 1107 1559 1173; x_wconf 82' lang='grc' dir='ltr'>ἐσύλησε</span> <span class='ocrx_word' id='word_1_66' title='bbox 1595 1110 1687 1159; x_wconf 70' lang='grc' dir='ltr'>καὶ</span> 
     </span>
    </p>
   </div>
   <div class='ocr_carea' id='block_1_12' title="bbox 142 1199 1685 1271">
    <p class='ocr_par' dir='ltr' id='par_1_12' title="bbox 142 1199 1685 1271">
     <span class='ocr_line' id='line_1_12' title="bbox 142 1199 1685 1271; baseline 0.001 -21"><span class='ocrx_word' id='word_1_67' title='bbox 142 1201 332 1268; x_wconf 83' lang='grc' dir='ltr'>ἐμίανε,</span> <span class='ocrx_word' id='word_1_68' title='bbox 384 1199 518 1264; x_wconf 88' lang='grc' dir='ltr'>σύας</span> <span class='ocrx_word' id='word_1_69' title='bbox 557 1201 615 1252; x_wconf 83' lang='grc' dir='ltr'>ἐν</span> <span class='ocrx_word' id='word_1_70' title='bbox 666 1201 814 1270; x_wconf 84' lang='grc' dir='ltr'>αὐτῷ</span> <span class='ocrx_word' id='word_1_71' title='bbox 855 1201 1044 1265; x_wconf 73' lang='grc' dir='ltr'>θύσας,</span> <span class='ocrx_word' id='word_1_72' title='bbox 1100 1204 1194 1255; x_wconf 80' lang='grc' dir='ltr'>καὶ</span> <span class='ocrx_word' id='word_1_73' title='bbox 1245 1202 1327 1271; x_wconf 85' lang='grc' dir='ltr'>τῷ</span> <span class='ocrx_word' id='word_1_74' title='bbox 1379 1203 1461 1253; x_wconf 76' lang='grc' dir='ltr'>Διὶ</span> <span class='ocrx_word' id='word_1_75' title='bbox 1506 1201 1685 1271; x_wconf 62' lang='grc' dir='ltr'>βωμὸν</span> 
     </span>
    </p>
   </div>
   <div class='ocr_carea' id='block_1_13' title="bbox 145 1290 1681 1361">
    <p class='ocr_par' dir='ltr' id='par_1_13' title="bbox 145 1290 1681 1361">
     <span class='ocr_line' id='line_1_13' title="bbox 145 1290 1681 1361; baseline 0.002 -21"><span class='ocrx_word' id='word_1_76' title='bbox 145 1290 494 1359; x_wconf 76' lang='grc' dir='ltr'>ἱδρυσάμενος,</span> <span class='ocrx_word' id='word_1_77' title='bbox 553 1292 615 1344; x_wconf 81' lang='grc' dir='ltr'>τὺ</span> <span class='ocrx_word' id='word_1_78' title='bbox 658 1291 808 1354; x_wconf 73' lang='grc' dir='ltr'>ἔθνος</span> <span class='ocrx_word' id='word_1_79' title='bbox 857 1293 980 1344; x_wconf 83' lang='grc' dir='ltr'>ὅλον</span> <span class='ocrx_word' id='word_1_80' title='bbox 1031 1292 1324 1360; x_wconf 77' lang='grc' dir='ltr'>ἑλληνίζειν</span> <span class='ocrx_word' id='word_1_81' title='bbox 1385 1294 1681 1361; x_wconf 78' lang='grc' dir='ltr'>ἠνάγκαζε,</span> 
     </span>
    </p>
   </div>
   <div class='ocr_carea' id='block_1_14' title="bbox 142 1381 1683 1456">
    <p class='ocr_par' dir='ltr' id='par_1_14' title="bbox 142 1381 1683 1456">
     <span class='ocr_line' id='line_1_14' title="bbox 142 1381 1683 1456; baseline 0.003 -24"><span class='ocrx_word' id='word_1_82' title='bbox 142 1382 342 1433; x_wconf 82' lang='grc' dir='ltr'>κωλύων</span> <span class='ocrx_word' id='word_1_83' title='bbox 392 1381 589 1444; x_wconf 80' lang='grc' dir='ltr'>αὐτοὺς</span> <span class='ocrx_word' id='word_1_84' title='bbox 630 1383 977 1452; x_wconf 83' lang='grc' dir='ltr'>περιτέμνειν</span> <span class='ocrx_word' id='word_1_85' title='bbox 1019 1385 1086 1436; x_wconf 78' lang='grc' dir='ltr'>τὰ</span> <span class='ocrx_word' id='word_1_86' title='bbox 1151 1384 1378 1456; x_wconf 76' lang='grc' dir='ltr'>ἄρρενα.</span> <span class='ocrx_word' id='word_1_87' title='bbox 1425 1383 1535 1453; x_wconf 81' lang='grc' dir='ltr'>τὴν</span> <span class='ocrx_word' id='word_1_88' title='bbox 1578 1386 1683 1453; x_wconf 85' lang='grc' dir='ltr'>γὰρ</span> 
     </span>
    </p>
   </div>
   <div class='ocr_carea' id='block_1_15' title="bbox 142 1471 1682 1545">
    <p class='ocr_par' dir='ltr' id='par_1_15' title="bbox 142 1471 1682 1545">
     <span class='ocr_line' id='line_1_15' title="bbox 142 1471 1682 1545; baseline 0.004 -21"><span class='ocrx_word' id='word_1_89' title='bbox 142 1473 264 1525; x_wconf 77' lang='grc' dir='ltr'>κατὰ</span> <span class='ocrx_word' id='word_1_90' title='bbox 312 1472 403 1524; x_wconf 89' lang='grc' dir='ltr'>τοῦ</span> <span class='ocrx_word' id='word_1_91' title='bbox 460 1471 595 1524; x_wconf 82' lang='grc' dir='ltr'>Θεοῦ</span> <span class='ocrx_word' id='word_1_92' title='bbox 653 1473 854 1542; x_wconf 89' lang='grc' dir='ltr'>μανίαν</span> <span class='ocrx_word' id='word_1_93' title='bbox 914 1474 1101 1538; x_wconf 83' lang='grc' dir='ltr'>αὑτοῦ,</span> <span class='ocrx_word' id='word_1_94' title='bbox 1161 1476 1221 1528; x_wconf 75' lang='grc' dir='ltr'>τὸ</span> <span class='ocrx_word' id='word_1_95' title='bbox 1271 1475 1682 1545; x_wconf 73' lang='grc' dir='ltr'>Ἐμεγαλύνθη</span> 
     </span>
    </p>
   </div>
   <div class='ocr_carea' id='block_1_16' title="bbox 140 1562 1680 1632">
    <p class='ocr_par' dir='ltr' id='par_1_16' title="bbox 140 1562 1680 1632">
     <span class='ocr_line' id='line_1_16' title="bbox 140 1562 1680 1632; baseline 0.002 -16"><span class='ocrx_word' id='word_1_96' title='bbox 140 1563 234 1627; x_wconf 78' lang='grc' dir='ltr'>ἔως</span> <span class='ocrx_word' id='word_1_97' title='bbox 263 1562 365 1629; x_wconf 82' lang='grc' dir='ltr'>τῆς</span> <span class='ocrx_word' id='word_1_98' title='bbox 415 1562 723 1631; x_wconf 81' lang='grc' dir='ltr'>δυνάμεως</span> <span class='ocrx_word' id='word_1_99' title='bbox 773 1563 878 1617; x_wconf 83' lang='grc' dir='ltr'>τοῦ</span> <span class='ocrx_word' id='word_1_100' title='bbox 937 1565 1218 1632; x_wconf 76' lang='grc' dir='ltr'>οιίρανοῦ,</span> <span class='ocrx_word' id='word_1_101' title='bbox 1289 1568 1680 1619; x_wconf 82' lang='grc' dir='ltr'>ὑπαινίττεται.</span> 
     </span>
    </p>
   </div>
   <div class='ocr_carea' id='block_1_17' title="bbox 141 1655 1683 1725">
    <p class='ocr_par' dir='ltr' id='par_1_17' title="bbox 141 1655 1683 1725">
     <span class='ocr_line' id='line_1_17' title="bbox 141 1655 1683 1725; baseline 0.003 -20"><span class='ocrx_word' id='word_1_102' title='bbox 141 1655 202 1706; x_wconf 79' lang='grc' dir='ltr'>Τὸ</span> <span class='ocrx_word' id='word_1_103' title='bbox 226 1655 298 1719; x_wconf 76' lang='grc' dir='ltr'>δέ,</span> <span class='ocrx_word' id='word_1_104' title='bbox 331 1657 598 1708; x_wconf 80' lang='grc' dir='ltr'>Ἔπεσον</span> <span class='ocrx_word' id='word_1_105' title='bbox 625 1655 744 1708; x_wconf 81' lang='grc' dir='ltr'>ἀπὸ</span> <span class='ocrx_word' id='word_1_106' title='bbox 795 1655 904 1721; x_wconf 82' lang='grc' dir='ltr'>τῆς</span> <span class='ocrx_word' id='word_1_107' title='bbox 949 1655 1254 1725; x_wconf 81' lang='grc' dir='ltr'>δυνάμεως</span> <span class='ocrx_word' id='word_1_108' title='bbox 1283 1659 1377 1709; x_wconf 72' lang='grc' dir='ltr'>καί</span> <span class='ocrx_word' id='word_1_109' title='bbox 1420 1658 1536 1712; x_wconf 80' lang='grc' dir='ltr'>ἀπὸ</span> <span class='ocrx_word' id='word_1_110' title='bbox 1569 1658 1683 1710; x_wconf 85' lang='grc' dir='ltr'>τῶν</span> 
     </span>
    </p>
   </div>
   <div class='ocr_carea' id='block_1_18' title="bbox 141 1745 1678 1815">
    <p class='ocr_par' dir='ltr' id='par_1_18' title="bbox 141 1745 1678 1815">
     <span class='ocr_line' id='line_1_18' title="bbox 141 1745 1678 1815; baseline 0.002 -16"><span class='ocrx_word' id='word_1_111' title='bbox 141 1745 386 1813; x_wconf 81' lang='grc' dir='ltr'>ἀστέρων</span> <span class='ocrx_word' id='word_1_112' title='bbox 413 1747 509 1799; x_wconf 79' lang='grc' dir='ltr'>ἐπὶ</span> <span class='ocrx_word' id='word_1_113' title='bbox 538 1747 656 1813; x_wconf 82' lang='grc' dir='ltr'>τὴν</span> <span class='ocrx_word' id='word_1_114' title='bbox 685 1745 824 1815; x_wconf 82' lang='grc' dir='ltr'>γῆν,</span> <span class='ocrx_word' id='word_1_115' title='bbox 851 1749 948 1800; x_wconf 79' lang='grc' dir='ltr'>κα)</span> <span class='ocrx_word' id='word_1_116' title='bbox 985 1749 1414 1814; x_wconf 76' lang='grc' dir='ltr'>συνεπάτησεν</span> <span class='ocrx_word' id='word_1_117' title='bbox 1438 1751 1678 1814; x_wconf 80' lang='grc' dir='ltr'>αὐτούς·</span> 
     </span>
    </p>
   </div>
   <div class='ocr_carea' id='block_1_19' title="bbox 140 1835 1681 1910">
    <p class='ocr_par' dir='ltr' id='par_1_19' title="bbox 140 1835 1681 1910">
     <span class='ocr_line' id='line_1_19' title="bbox 140 1835 1681 1910; baseline 0.001 -22"><span class='ocrx_word' id='word_1_118' title='bbox 140 1838 246 1896; x_wconf 81' lang='grc' dir='ltr'>τοὺς</span> <span class='ocrx_word' id='word_1_119' title='bbox 273 1839 334 1888; x_wconf 83' lang='grc' dir='ltr'>ἐκ</span> <span class='ocrx_word' id='word_1_120' title='bbox 368 1835 461 1889; x_wconf 87' lang='grc' dir='ltr'>τοῦ</span> <span class='ocrx_word' id='word_1_121' title='bbox 521 1835 816 1891; x_wconf 74' lang='grc' dir='ltr'>Ἰουδαϊκοῦ</span> <span class='ocrx_word' id='word_1_122' title='bbox 874 1837 1007 1890; x_wconf 86' lang='grc' dir='ltr'>λαοῦ</span> <span class='ocrx_word' id='word_1_123' title='bbox 1043 1839 1418 1906; x_wconf 69' lang='grc' dir='ltr'>ἀσεϐήσαντας</span> <span class='ocrx_word' id='word_1_124' title='bbox 1471 1839 1557 1890; x_wconf 71' lang='grc' dir='ltr'>διὰ</span> <span class='ocrx_word' id='word_1_125' title='bbox 1585 1840 1681 1910; x_wconf 76' lang='grc' dir='ltr'>τὴν</span> 
     </span>
    </p>
   </div>
   <div class='ocr_carea' id='block_1_20' title="bbox 140 1927 1680 1999">
    <p class='ocr_par' dir='ltr' id='par_1_20' title="bbox 140 1927 1680 1999">
     <span class='ocr_line' id='line_1_20' title="bbox 140 1927 1680 1999; baseline 0 -19"><span class='ocrx_word' id='word_1_126' title='bbox 140 1927 188 1991; x_wconf 75' lang='grc' dir='ltr'>ἐξ</span> <span class='ocrx_word' id='word_1_127' title='bbox 233 1929 436 1981; x_wconf 81' lang='grc' dir='ltr'>ἐκείνου</span> <span class='ocrx_word' id='word_1_128' title='bbox 488 1929 835 1998; x_wconf 75' lang='grc' dir='ltr'>ἐπαγομένην</span> <span class='ocrx_word' id='word_1_129' title='bbox 880 1932 1061 1992; x_wconf 74' lang='grc' dir='ltr'>αὐτοῖς</span> <span class='ocrx_word' id='word_1_130' title='bbox 1113 1931 1361 1999; x_wconf 78' lang='grc' dir='ltr'>ἀνάγκην</span> <span class='ocrx_word' id='word_1_131' title='bbox 1403 1930 1571 1999; x_wconf 80' lang='grc' dir='ltr'>δηλοῖ,</span> <span class='ocrx_word' id='word_1_132' title='bbox 1633 1929 1680 1981; x_wconf 81' lang='grc' dir='ltr'>οἳ</span> 
     </span>
    </p>
   </div>
   <div class='ocr_carea' id='block_1_21' title="bbox 139 2021 1682 2092">
    <p class='ocr_par' dir='ltr' id='par_1_21' title="bbox 139 2021 1682 2092">
     <span class='ocr_line' id='line_1_21' title="bbox 139 2021 1682 2092; baseline -0.001 -16"><span class='ocrx_word' id='word_1_133' title='bbox 139 2021 220 2090; x_wconf 78' lang='grc' dir='ltr'>τῆς</span> <span class='ocrx_word' id='word_1_134' title='bbox 253 2022 477 2092; x_wconf 77' lang='grc' dir='ltr'>νομίμου</span> <span class='ocrx_word' id='word_1_135' title='bbox 521 2023 612 2076; x_wconf 75' lang='grc' dir='ltr'>καὶ</span> <span class='ocrx_word' id='word_1_136' title='bbox 636 2023 787 2084; x_wconf 88' lang='grc' dir='ltr'>θείας</span> <span class='ocrx_word' id='word_1_137' title='bbox 814 2024 1093 2092; x_wconf 79' lang='grc' dir='ltr'>διαγωγῆς</span> <span class='ocrx_word' id='word_1_138' title='bbox 1151 2024 1564 2084; x_wconf 84' lang='grc' dir='ltr'>ἐκπεπτώκασι,</span> <span class='ocrx_word' id='word_1_139' title='bbox 1605 2023 1682 2092; x_wconf 80' lang='grc' dir='ltr'>τῷ</span> 
     </span>
    </p>
   </div>
   <div class='ocr_carea' id='block_1_22' title="bbox 138 2114 1683 2182">
    <p class='ocr_par' dir='ltr' id='par_1_22' title="bbox 138 2114 1683 2182">
     <span class='ocr_line' id='line_1_22' title="bbox 138 2114 1683 2182; baseline -0.001 -17"><span class='ocrx_word' id='word_1_140' title='bbox 138 2114 362 2182; x_wconf 79' lang='grc' dir='ltr'>τυράννῳ</span> <span class='ocrx_word' id='word_1_141' title='bbox 392 2115 733 2178; x_wconf 73' lang='grc' dir='ltr'>ὑπείξαντες,</span> <span class='ocrx_word' id='word_1_142' title='bbox 763 2117 857 2167; x_wconf 79' lang='grc' dir='ltr'>καὶ</span> <span class='ocrx_word' id='word_1_143' title='bbox 909 2115 1000 2166; x_wconf 79' lang='grc' dir='ltr'>ὑπ’</span> <span class='ocrx_word' id='word_1_144' title='bbox 1031 2115 1238 2167; x_wconf 79' lang='grc' dir='ltr'>ἐκείνου</span> <span class='ocrx_word' id='word_1_145' title='bbox 1301 2114 1683 2182; x_wconf 85' lang='grc' dir='ltr'>συμπατηθέν-</span> 
     </span>
    </p>
   </div>
   <div class='ocr_carea' id='block_1_23' title="bbox 139 2203 1682 2274">
    <p class='ocr_par' dir='ltr' id='par_1_23' title="bbox 139 2203 1682 2274">
     <span class='ocr_line' id='line_1_23' title="bbox 139 2203 1682 2274; baseline -0.003 -18"><span class='ocrx_word' id='word_1_146' title='bbox 139 2222 236 2266; x_wconf 79' lang='grc' dir='ltr'>τες.</span> <span class='ocrx_word' id='word_1_147' title='bbox 283 2203 536 2272; x_wconf 77' lang='grc' dir='ltr'>Ἀστὲρες</span> <span class='ocrx_word' id='word_1_148' title='bbox 571 2204 619 2256; x_wconf 86' lang='grc' dir='ltr'>δ’</span> <span class='ocrx_word' id='word_1_149' title='bbox 648 2204 977 2274; x_wconf 77' lang='grc' dir='ltr'>ἐκλήθησαν,</span> <span class='ocrx_word' id='word_1_150' title='bbox 1013 2205 1100 2257; x_wconf 73' lang='grc' dir='ltr'>διὰ</span> <span class='ocrx_word' id='word_1_151' title='bbox 1139 2205 1198 2256; x_wconf 80' lang='grc' dir='ltr'>τὸ</span> <span class='ocrx_word' id='word_1_152' title='bbox 1253 2205 1353 2272; x_wconf 83' lang='grc' dir='ltr'>τῆς</span> <span class='ocrx_word' id='word_1_153' title='bbox 1404 2203 1682 2266; x_wconf 73' lang='grc' dir='ltr'>εὐσεϐείας</span> 
     </span>
    </p>
   </div>
   <div class='ocr_carea' id='block_1_24' title="bbox 139 2293 1682 2366">
    <p class='ocr_par' dir='ltr' id='par_1_24' title="bbox 139 2293 1682 2366">
     <span class='ocr_line' id='line_1_24' title="bbox 139 2293 1682 2366; baseline 0.001 -21"><span class='ocrx_word' id='word_1_154' title='bbox 139 2293 358 2364; x_wconf 79' lang='grc' dir='ltr'>καθαρὸν</span> <span class='ocrx_word' id='word_1_155' title='bbox 391 2295 484 2347; x_wconf 72' lang='grc' dir='ltr'>καὶ</span> <span class='ocrx_word' id='word_1_156' title='bbox 521 2295 937 2366; x_wconf 77' lang='grc' dir='ltr'>ὑπέρλαμπρον·</span> <span class='ocrx_word' id='word_1_157' title='bbox 975 2295 1008 2364; x_wconf 73' lang='grc' dir='ltr'><strong>ἢ</strong></span> <span class='ocrx_word' id='word_1_158' title='bbox 1037 2296 1217 2364; x_wconf 85' lang='grc' dir='ltr'>ὅτιτῴ</span> <span class='ocrx_word' id='word_1_159' title='bbox 1245 2294 1682 2365; x_wconf 65' lang='grc' dir='ltr'>ἈδραὰμὸΘεὲις</span> 
     </span>
    </p>
   </div>
   <div class='ocr_carea' id='block_1_25' title="bbox 137 2386 1682 2457">
    <p class='ocr_par' dir='ltr' id='par_1_25' title="bbox 137 2386 1682 2457">
     <span class='ocr_line' id='line_1_25' title="bbox 137 2386 1682 2457; baseline 0.001 -21"><span class='ocrx_word' id='word_1_160' title='bbox 137 2386 484 2455; x_wconf 71' lang='grc' dir='ltr'>ἐπηγγείλατο</span> <span class='ocrx_word' id='word_1_161' title='bbox 515 2386 783 2457; x_wconf 83' lang='grc' dir='ltr'>πληθῦναι</span> <span class='ocrx_word' id='word_1_162' title='bbox 813 2386 873 2440; x_wconf 76' lang='grc' dir='ltr'>τὺ</span> <span class='ocrx_word' id='word_1_163' title='bbox 899 2389 1121 2457; x_wconf 89' lang='grc' dir='ltr'>σπέρμα</span> <span class='ocrx_word' id='word_1_164' title='bbox 1139 2387 1303 2440; x_wconf 83' lang='grc' dir='ltr'>αὑτοῦ</span> <span class='ocrx_word' id='word_1_165' title='bbox 1333 2387 1406 2450; x_wconf 83' lang='grc' dir='ltr'>ὡς</span> <span class='ocrx_word' id='word_1_166' title='bbox 1425 2387 1492 2439; x_wconf 77' lang='grc' dir='ltr'>τὰ</span> <span class='ocrx_word' id='word_1_167' title='bbox 1509 2389 1606 2440; x_wconf 74' lang='grc' dir='ltr'>αστ</span> <span class='ocrx_word' id='word_1_168' title='bbox 1618 2403 1682 2456; x_wconf 87' lang='grc' dir='ltr'>ρα</span> 
     </span>
    </p>
   </div>
   <div class='ocr_carea' id='block_1_26' title="bbox 119 2476 1681 2547">
    <p class='ocr_par' dir='ltr' id='par_1_26' title="bbox 119 2476 1681 2547">
     <span class='ocr_line' id='line_1_26' title="bbox 119 2476 1681 2547; baseline 0 -19"><span class='ocrx_word' id='word_1_169' title='bbox 119 2477 216 2539; x_wconf 59' lang='grc' dir='ltr'>,τοῦ</span> <span class='ocrx_word' id='word_1_170' title='bbox 238 2476 483 2547; x_wconf 85' lang='grc' dir='ltr'>οὐρανοῦ.</span> <span class='ocrx_word' id='word_1_171' title='bbox 508 2478 616 2532; x_wconf 76' lang='grc' dir='ltr'>Καὶ</span> <span class='ocrx_word' id='word_1_172' title='bbox 644 2478 755 2544; x_wconf 73' lang='grc' dir='ltr'>ἕως</span> <span class='ocrx_word' id='word_1_173' title='bbox 784 2477 890 2532; x_wconf 84' lang='grc' dir='ltr'>τοῦ</span> <span class='ocrx_word' id='word_1_174' title='bbox 908 2478 1212 2546; x_wconf 76' lang='grc' dir='ltr'>ἄρχοντος</span> <span class='ocrx_word' id='word_1_175' title='bbox 1245 2477 1357 2545; x_wconf 81' lang='grc' dir='ltr'>τῆς</span> <span class='ocrx_word' id='word_1_176' title='bbox 1381 2478 1681 2546; x_wconf 78' lang='grc' dir='ltr'>δυνάμεως</span> 
     </span>
    </p>
   </div>
   <div class='ocr_carea' id='block_1_27' title="bbox 137 2568 1678 2640">
    <p class='ocr_par' dir='ltr' id='par_1_27' title="bbox 137 2568 1678 2640">
     <span class='ocr_line' id='line_1_27' title="bbox 137 2568 1678 2640; baseline -0.001 -18"><span class='ocrx_word' id='word_1_177' title='bbox 137 2568 346 2636; x_wconf 76' lang='grc' dir='ltr'>ἱδρύθη.</span> <span class='ocrx_word' id='word_1_178' title='bbox 382 2571 488 2621; x_wconf 74' lang='grc' dir='ltr'>Καὶ</span> <span class='ocrx_word' id='word_1_179' title='bbox 518 2571 643 2622; x_wconf 76' lang='grc' dir='ltr'>κατ’</span> <span class='ocrx_word' id='word_1_180' title='bbox 665 2569 831 2624; x_wconf 82' lang='grc' dir='ltr'>αὐτοῦ</span> <span class='ocrx_word' id='word_1_181' title='bbox 862 2571 969 2640; x_wconf 79' lang='grc' dir='ltr'>γὰρ</span> <span class='ocrx_word' id='word_1_182' title='bbox 1000 2570 1090 2622; x_wconf 88' lang='grc' dir='ltr'>τοῦ</span> <span class='ocrx_word' id='word_1_183' title='bbox 1132 2569 1268 2624; x_wconf 82' lang='grc' dir='ltr'>Θεοῦ</span> <span class='ocrx_word' id='word_1_184' title='bbox 1295 2569 1555 2638; x_wconf 80' lang='grc' dir='ltr'>ἐλύττησε</span> <span class='ocrx_word' id='word_1_185' title='bbox 1585 2568 1678 2621; x_wconf 90' lang='grc' dir='ltr'>τοῦ</span> 
     </span>
    </p>
   </div>
   <div class='ocr_carea' id='block_1_28' title="bbox 137 2658 1680 2731">
    <p class='ocr_par' dir='ltr' id='par_1_28' title="bbox 137 2658 1680 2731">
     <span class='ocr_line' id='line_1_28' title="bbox 137 2658 1680 2731; baseline 0.001 -20"><span class='ocrx_word' id='word_1_186' title='bbox 137 2660 376 2730; x_wconf 72' lang='grc' dir='ltr'>ἄρχοντος</span> <span class='ocrx_word' id='word_1_187' title='bbox 429 2660 540 2714; x_wconf 84' lang='grc' dir='ltr'>τῶν</span> <span class='ocrx_word' id='word_1_188' title='bbox 571 2661 679 2715; x_wconf 75' lang='grc' dir='ltr'>ἄνω</span> <span class='ocrx_word' id='word_1_189' title='bbox 703 2661 1006 2731; x_wconf 82' lang='grc' dir='ltr'>δυνάμεων.</span> <span class='ocrx_word' id='word_1_190' title='bbox 1079 2661 1184 2714; x_wconf 75' lang='grc' dir='ltr'>Καὶ</span> <span class='ocrx_word' id='word_1_191' title='bbox 1245 2662 1424 2714; x_wconf 89' lang='grc' dir='ltr'>θυσιά</span> <span class='ocrx_word' id='word_1_192' title='bbox 1473 2658 1680 2727; x_wconf 76' lang='grc' dir='ltr'>ἐτειρὰ-</span> 
     </span>
    </p>
   </div>
   <div class='ocr_carea' id='block_1_29' title="bbox 135 2750 1682 2820">
    <p class='ocr_par' dir='ltr' id='par_1_29' title="bbox 135 2750 1682 2820">
     <span class='ocr_line' id='line_1_29' title="bbox 135 2750 1682 2820; baseline -0.001 -17"><span class='ocrx_word' id='word_1_193' title='bbox 135 2755 233 2818; x_wconf 81' lang='grc' dir='ltr'>χθη</span> <span class='ocrx_word' id='word_1_194' title='bbox 272 2753 551 2820; x_wconf 76' lang='grc' dir='ltr'>πτώματι,</span> <span class='ocrx_word' id='word_1_195' title='bbox 605 2753 698 2804; x_wconf 70' lang='grc' dir='ltr'>καί</span> <span class='ocrx_word' id='word_1_196' title='bbox 758 2751 1034 2820; x_wconf 82' lang='grc' dir='ltr'>ἐγενήθη.</span> <span class='ocrx_word' id='word_1_197' title='bbox 1089 2751 1185 2804; x_wconf 78' lang='grc' dir='ltr'>καί</span> <span class='ocrx_word' id='word_1_198' title='bbox 1233 2750 1524 2816; x_wconf 82' lang='grc' dir='ltr'>εὐωδώθη,</span> <span class='ocrx_word' id='word_1_199' title='bbox 1585 2750 1682 2802; x_wconf 76' lang='grc' dir='ltr'>καί</span> 
     </span>
    </p>
   </div>
   <div class='ocr_carea' id='block_1_30' title="bbox 132 2841 1681 2912">
    <p class='ocr_par' dir='ltr' id='par_1_30' title="bbox 132 2841 1681 2912">
     <span class='ocr_line' id='line_1_30' title="bbox 132 2841 1681 2912; baseline 0.002 -20"><span class='ocrx_word' id='word_1_200' title='bbox 132 2841 288 2909; x_wconf 81' lang='grc' dir='ltr'>ἐδόθη</span> <span class='ocrx_word' id='word_1_201' title='bbox 353 2843 451 2896; x_wconf 80' lang='grc' dir='ltr'>ἐπὶ</span> <span class='ocrx_word' id='word_1_202' title='bbox 503 2842 618 2912; x_wconf 80' lang='grc' dir='ltr'>τὴν</span> <span class='ocrx_word' id='word_1_203' title='bbox 705 2844 927 2897; x_wconf 79' lang='grc' dir='ltr'>θυσίαν</span> <span class='ocrx_word' id='word_1_204' title='bbox 978 2844 1254 2910; x_wconf 75' lang='grc' dir='ltr'>ἁμαρτία,</span> <span class='ocrx_word' id='word_1_205' title='bbox 1316 2843 1412 2896; x_wconf 79' lang='grc' dir='ltr'>καί</span> <span class='ocrx_word' id='word_1_206' title='bbox 1473 2843 1681 2910; x_wconf 55' lang='lat' dir='ltr'><strong>epam</strong></span> 
     </span>
    </p>
   </div>
   <div class='ocr_carea' id='block_1_31' title="bbox 133 2933 1678 3001">
    <p class='ocr_par' dir='ltr' id='par_1_31' title="bbox 133 2933 1678 3001">
     <span class='ocr_line' id='line_1_31' title="bbox 133 2933 1678 3001; baseline 0.012 -22"><span class='ocrx_word' id='word_1_207' title='bbox 133 2933 294 3000; x_wconf 77' lang='grc' dir='ltr'>χαμαὶ</span> <span class='ocrx_word' id='word_1_208' title='bbox 368 2934 748 3000; x_wconf 76' lang='grc' dir='ltr'>δικαιοσύνη.</span> <span class='ocrx_word' id='word_1_209' title='bbox 815 2934 1266 3001; x_wconf 80' lang='grc' dir='ltr'>Ἀπηγορευμένα</span> <span class='ocrx_word' id='word_1_210' title='bbox 1317 2934 1425 3001; x_wconf 82' lang='grc' dir='ltr'>γὰρ</span> <span class='ocrx_word' id='word_1_211' title='bbox 1490 2934 1678 2997; x_wconf 77' lang='grc' dir='ltr'>θύσας.</span> 
     </span>
    </p>
   </div>
   <div class='ocr_carea' id='block_1_32' title="bbox 133 3022 1677 3093">
    <p class='ocr_par' dir='ltr' id='par_1_32' title="bbox 133 3022 1677 3093">
     <span class='ocr_line' id='line_1_32' title="bbox 133 3022 1677 3093; baseline 0.003 -22"><span class='ocrx_word' id='word_1_212' title='bbox 133 3022 343 3093; x_wconf 74' lang='grc' dir='ltr'>ἐτάραξε</span> <span class='ocrx_word' id='word_1_213' title='bbox 395 3024 493 3093; x_wconf 76' lang='grc' dir='ltr'>τὴν</span> <span class='ocrx_word' id='word_1_214' title='bbox 547 3023 758 3090; x_wconf 83' lang='grc' dir='ltr'>Θυσίαν,</span> <span class='ocrx_word' id='word_1_215' title='bbox 821 3025 935 3076; x_wconf 70' lang='grc' dir='ltr'>ἀντὶ</span> <span class='ocrx_word' id='word_1_216' title='bbox 989 3023 1107 3088; x_wconf 86' lang='grc' dir='ltr'>τοῦ,</span> <span class='ocrx_word' id='word_1_217' title='bbox 1147 3024 1418 3093; x_wconf 83' lang='grc' dir='ltr'>συνέχεεν,</span> <span class='ocrx_word' id='word_1_218' title='bbox 1467 3025 1677 3092; x_wconf 86' lang='grc' dir='ltr'>ἐμίανε.</span> 
     </span>
    </p>
   </div>
   <div class='ocr_carea' id='block_1_33' title="bbox 139 3115 1680 3184">
    <p class='ocr_par' dir='ltr' id='par_1_33' title="bbox 139 3115 1680 3184">
     <span class='ocr_line' id='line_1_33' title="bbox 139 3115 1680 3184; baseline -0.001 -18"><span class='ocrx_word' id='word_1_219' title='bbox 139 3115 392 3183; x_wconf 85' lang='grc' dir='ltr'>Πτῶματα</span> <span class='ocrx_word' id='word_1_220' title='bbox 435 3116 490 3167; x_wconf 74' lang='grc' dir='ltr'>δὲ</span> <span class='ocrx_word' id='word_1_221' title='bbox 540 3116 666 3177; x_wconf 80' lang='grc' dir='ltr'>τοὺς</span> <span class='ocrx_word' id='word_1_222' title='bbox 730 3115 863 3177; x_wconf 89' lang='grc' dir='ltr'>σύας</span> <span class='ocrx_word' id='word_1_223' title='bbox 910 3115 1078 3182; x_wconf 87' lang='grc' dir='ltr'>λέγει,</span> <span class='ocrx_word' id='word_1_224' title='bbox 1139 3118 1229 3167; x_wconf 77' lang='grc' dir='ltr'>καὶ</span> <span class='ocrx_word' id='word_1_225' title='bbox 1274 3115 1550 3184; x_wconf 74' lang='grc' dir='ltr'>ἁμαρτίαν</span> <span class='ocrx_word' id='word_1_226' title='bbox 1589 3115 1680 3165; x_wconf 72' lang='grc' dir='ltr'>ἐπὶ</span> 
     </span>
    </p>
   </div>
   <div class='ocr_carea' id='block_1_34' title="bbox 1791 660 3352 730">
    <p class='ocr_par' dir='ltr' id='par_1_34' title="bbox 1791 660 3352 730">
     <span class='ocr_line' id='line_1_34' title="bbox 1791 660 3352 730; baseline -0.001 -16"><span class='ocrx_word' id='word_1_227' title='bbox 1791 678 1912 714; x_wconf 76' lang='lat' dir='ltr'><strong>usus</strong></span> <span class='ocrx_word' id='word_1_228' title='bbox 1936 669 2028 723; x_wconf 81' lang='lat' dir='ltr'><strong>est,</strong></span> <span class='ocrx_word' id='word_1_229' title='bbox 2067 668 2112 710; x_wconf 86' lang='lat' dir='ltr'><strong>cl</strong></span> <span class='ocrx_word' id='word_1_230' title='bbox 2131 660 2312 711; x_wconf 83' lang='lat' dir='ltr'><strong>datum</strong></span> <span class='ocrx_word' id='word_1_231' title='bbox 2345 667 2418 712; x_wconf 81' lang='lat' dir='ltr'>est</span> <span class='ocrx_word' id='word_1_232' title='bbox 2437 660 2505 711; x_wconf 86' lang='lat' dir='ltr'>ad</span> <span class='ocrx_word' id='word_1_233' title='bbox 2526 661 2789 713; x_wconf 82' lang='lat' dir='ltr'><strong>victimam</strong></span> <span class='ocrx_word' id='word_1_234' title='bbox 2813 672 3104 730; x_wconf 84' lang='lat' dir='ltr'><strong>peccatum,</strong></span> <span class='ocrx_word' id='word_1_235' title='bbox 3134 670 3181 714; x_wconf 88' lang='lat' dir='ltr'>et</span> <span class='ocrx_word' id='word_1_236' title='bbox 3209 661 3352 714; x_wconf 86' lang='lat' dir='ltr'><strong>humi</strong></span> 
     </span>
    </p>
   </div>
   <div class='ocr_carea' id='block_1_35' title="bbox 1790 751 3353 820">
    <p class='ocr_par' dir='ltr' id='par_1_35' title="bbox 1790 751 3353 820">
     <span class='ocr_line' id='line_1_35' title="bbox 1790 751 3353 820; baseline -0.001 -15"><span class='ocrx_word' id='word_1_237' title='bbox 1790 754 1992 820; x_wconf 83' lang='lat' dir='ltr'><strong>abjccta</strong></span> <span class='ocrx_word' id='word_1_238' title='bbox 2033 761 2107 805; x_wconf 73' lang='lat' dir='ltr'>est</span> <span class='ocrx_word' id='word_1_239' title='bbox 2131 751 2363 819; x_wconf 83' lang='lat' dir='ltr'><strong>justitiu.</strong></span> <span class='ocrx_word' id='word_1_240' title='bbox 2398 751 2531 804; x_wconf 83' lang='lat' dir='ltr'>Nam</span> <span class='ocrx_word' id='word_1_241' title='bbox 2567 766 2688 805; x_wconf 91' lang='lat' dir='ltr'>cum</span> <span class='ocrx_word' id='word_1_242' title='bbox 2727 754 3014 808; x_wconf 80' lang='lat' dir='ltr'><strong>interdicta</strong></span> <span class='ocrx_word' id='word_1_243' title='bbox 3050 753 3353 809; x_wconf 82' lang='lat' dir='ltr'><strong>sacriﬁcas-</strong></span> 
     </span>
    </p>
   </div>
   <div class='ocr_carea' id='block_1_36' title="bbox 1789 843 3347 911">
    <p class='ocr_par' dir='ltr' id='par_1_36' title="bbox 1789 843 3347 911">
     <span class='ocr_line' id='line_1_36' title="bbox 1789 843 3347 911; baseline -0.003 -12"><span class='ocrx_word' id='word_1_244' title='bbox 1789 855 1891 903; x_wconf 87' lang='lat' dir='ltr'><strong>set.</strong></span> <span class='ocrx_word' id='word_1_245' title='bbox 1927 845 2163 900; x_wconf 83' lang='lat' dir='ltr'><strong>turbavit</strong></span> <span class='ocrx_word' id='word_1_246' title='bbox 2205 843 2554 909; x_wconf 81' lang='lat' dir='ltr'><strong>sacriﬁcium,</strong></span> <span class='ocrx_word' id='word_1_247' title='bbox 2613 845 2714 898; x_wconf 88' lang='lat' dir='ltr'>hoc</span> <span class='ocrx_word' id='word_1_248' title='bbox 2741 854 2843 905; x_wconf 82' lang='lat' dir='ltr'><strong>est,</strong></span> <span class='ocrx_word' id='word_1_249' title='bbox 2885 844 3152 904; x_wconf 77' lang='lat' dir='ltr'><strong>confudit,</strong></span> <span class='ocrx_word' id='word_1_250' title='bbox 3193 844 3347 911; x_wconf 79' lang='lat'>132</span> 
     </span>
    </p>
   </div>
   <div class='ocr_carea' id='block_1_37' title="bbox 1790 934 3346 1004">
    <p class='ocr_par' dir='ltr' id='par_1_37' title="bbox 1790 934 3346 1004">
     <span class='ocr_line' id='line_1_37' title="bbox 1790 934 3346 1004; baseline -0.002 -17"><span class='ocrx_word' id='word_1_251' title='bbox 1790 937 2002 1004; x_wconf 91' lang='lat' dir='ltr'><strong>polluit.</strong></span> <span class='ocrx_word' id='word_1_252' title='bbox 2047 935 2321 988; x_wconf 75' lang='lat' dir='ltr'><strong>Cadavera</strong></span> <span class='ocrx_word' id='word_1_253' title='bbox 2364 949 2556 1002; x_wconf 83' lang='lat' dir='ltr'><strong>porcos</strong></span> <span class='ocrx_word' id='word_1_254' title='bbox 2606 934 2850 987; x_wconf 78' lang='lat' dir='ltr'><strong>nominat</strong></span> <span class='ocrx_word' id='word_1_255' title='bbox 2892 955 2904 988; x_wconf 91' lang='lat'>:</span> <span class='ocrx_word' id='word_1_256' title='bbox 2961 943 3015 986; x_wconf 86' lang='lat' dir='ltr'>et</span> <span class='ocrx_word' id='word_1_257' title='bbox 3064 944 3346 1002; x_wconf 78' lang='lat' dir='ltr'><strong>peccatum</strong></span> 
     </span>
    </p>
   </div>
   <div class='ocr_carea' id='block_1_38' title="bbox 1789 1022 3348 1094">
    <p class='ocr_par' dir='ltr' id='par_1_38' title="bbox 1789 1022 3348 1094">
     <span class='ocr_line' id='line_1_38' title="bbox 1789 1022 3348 1094; baseline -0.003 -15"><span class='ocrx_word' id='word_1_258' title='bbox 1789 1026 1842 1079; x_wconf 90' lang='lat' dir='ltr'>in</span> <span class='ocrx_word' id='word_1_259' title='bbox 1877 1025 2162 1082; x_wconf 77' lang='lat' dir='ltr'><strong>sacrificio.</strong></span> <span class='ocrx_word' id='word_1_260' title='bbox 2194 1024 2417 1076; x_wconf 76' lang='lat' dir='ltr'><strong>violatas</strong></span> <span class='ocrx_word' id='word_1_261' title='bbox 2449 1024 2515 1077; x_wconf 87' lang='lat' dir='ltr'>ab</span> <span class='ocrx_word' id='word_1_262' title='bbox 2544 1040 2610 1078; x_wconf 86' lang='lat' dir='ltr'>eo</span> <span class='ocrx_word' id='word_1_263' title='bbox 2643 1025 2806 1094; x_wconf 78' lang='lat' dir='ltr'><strong>leges.</strong></span> <span class='ocrx_word' id='word_1_264' title='bbox 2838 1026 3141 1094; x_wconf 86' lang='lat' dir='ltr'><strong>Projectam</strong></span> <span class='ocrx_word' id='word_1_265' title='bbox 3199 1022 3348 1076; x_wconf 83' lang='lat' dir='ltr'><strong>humi</strong></span> 
     </span>
    </p>
   </div>
   <div class='ocr_carea' id='block_1_39' title="bbox 1783 1111 3353 1185">
    <p class='ocr_par' dir='ltr' id='par_1_39' title="bbox 1783 1111 3353 1185">
     <span class='ocr_line' id='line_1_39' title="bbox 1783 1111 3353 1185; baseline -0.001 -18"><span class='ocrx_word' id='word_1_266' title='bbox 1783 1116 2047 1185; x_wconf 73' lang='lat' dir='ltr'>justitiam</span> <span class='ocrx_word' id='word_1_267' title='bbox 2076 1114 2227 1178; x_wconf 82' lang='lat' dir='ltr'><strong>dicit,</strong></span> <span class='ocrx_word' id='word_1_268' title='bbox 2260 1114 2328 1166; x_wconf 89' lang='lat' dir='ltr'>ob</span> <span class='ocrx_word' id='word_1_269' title='bbox 2366 1122 2673 1182; x_wconf 86' lang='lat' dir='ltr'><strong>contempta</strong></span> <span class='ocrx_word' id='word_1_270' title='bbox 2725 1115 2972 1168; x_wconf 67' lang='lat' dir='ltr'><strong>inetitttta</strong></span> <span class='ocrx_word' id='word_1_271' title='bbox 3026 1114 3216 1182; x_wconf 86' lang='lat' dir='ltr'><strong>patria.</strong></span> <span class='ocrx_word' id='word_1_272' title='bbox 3267 1111 3353 1166; x_wconf 87' lang='lat' dir='ltr'>Si-</span> 
     </span>
    </p>
   </div>
   <div class='ocr_carea' id='block_1_40' title="bbox 1787 1205 3352 1277">
    <p class='ocr_par' dir='ltr' id='par_1_40' title="bbox 1787 1205 3352 1277">
     <span class='ocr_line' id='line_1_40' title="bbox 1787 1205 3352 1277; baseline -0.001 -17"><span class='ocrx_word' id='word_1_273' title='bbox 1787 1208 2112 1277; x_wconf 81' lang='lat' dir='ltr'><strong>gniﬁcautur</strong></span> <span class='ocrx_word' id='word_1_274' title='bbox 2143 1209 2305 1259; x_wconf 87' lang='lat' dir='ltr'><strong>etiam</strong></span> <span class='ocrx_word' id='word_1_275' title='bbox 2337 1205 2550 1274; x_wconf 70' lang='lat' dir='ltr'><strong>injustre</strong></span> <span class='ocrx_word' id='word_1_276' title='bbox 2582 1206 2754 1258; x_wconf 65' lang='lat' dir='ltr'><strong>caedes</strong></span> <span class='ocrx_word' id='word_1_277' title='bbox 2785 1205 3106 1274; x_wconf 85' lang='lat' dir='ltr'><strong>eorum,qui</strong></span> <span class='ocrx_word' id='word_1_278' title='bbox 3147 1205 3213 1259; x_wconf 87' lang='lat' dir='ltr'>ab</span> <span class='ocrx_word' id='word_1_279' title='bbox 3246 1205 3352 1258; x_wconf 85' lang='lat' dir='ltr'><strong>im-</strong></span> 
     </span>
    </p>
   </div>
   <div class='ocr_carea' id='block_1_41' title="bbox 1786 1294 3350 1364">
    <p class='ocr_par' dir='ltr' id='par_1_41' title="bbox 1786 1294 3350 1364">
     <span class='ocr_line' id='line_1_41' title="bbox 1786 1294 3350 1364; baseline 0.003 -18"><span class='ocrx_word' id='word_1_280' title='bbox 1786 1297 1987 1363; x_wconf 88' lang='lat' dir='ltr'><strong>pietate</strong></span> <span class='ocrx_word' id='word_1_281' title='bbox 2021 1295 2446 1357; x_wconf 80' lang='lat' dir='ltr'><strong>abhorruerunt.</strong></span> <span class='ocrx_word' id='word_1_282' title='bbox 2499 1294 2604 1348; x_wconf 89' lang='lat' dir='ltr'><strong>Sed</strong></span> <span class='ocrx_word' id='word_1_283' title='bbox 2650 1297 2919 1363; x_wconf 80' lang='lat' dir='ltr'><strong>quamvis.</strong></span> <span class='ocrx_word' id='word_1_284' title='bbox 2985 1295 3183 1364; x_wconf 88' lang='lat' dir='ltr'><strong>inquit,</strong></span> <span class='ocrx_word' id='word_1_285' title='bbox 3235 1296 3350 1350; x_wconf 68' lang='lat' dir='ltr'><strong>haec</strong></span> 
     </span>
    </p>
   </div>
   <div class='ocr_carea' id='block_1_42' title="bbox 1785 1383 3346 1454">
    <p class='ocr_par' dir='ltr' id='par_1_42' title="bbox 1785 1383 3346 1454">
     <span class='ocr_line' id='line_1_42' title="bbox 1785 1383 3346 1454; baseline -0.001 -17"><span class='ocrx_word' id='word_1_286' title='bbox 1785 1393 1988 1454; x_wconf 83' lang='lat' dir='ltr'><strong>ageret.</strong></span> <span class='ocrx_word' id='word_1_287' title='bbox 2034 1393 2246 1452; x_wconf 82' lang='lat' dir='ltr'><strong>iamque</strong></span> <span class='ocrx_word' id='word_1_288' title='bbox 2274 1383 2438 1452; x_wconf 82' lang='lat' dir='ltr'><strong>impie</strong></span> <span class='ocrx_word' id='word_1_289' title='bbox 2466 1399 2522 1437; x_wconf 85' lang='lat' dir='ltr'>se</span> <span class='ocrx_word' id='word_1_290' title='bbox 2543 1393 2761 1454; x_wconf 78' lang='lat' dir='ltr'><strong>gereret</strong></span> <span class='ocrx_word' id='word_1_291' title='bbox 2787 1383 3110 1446; x_wconf 77' lang='lat' dir='ltr'><strong>Antiochus,</strong></span> <span class='ocrx_word' id='word_1_292' title='bbox 3166 1393 3346 1437; x_wconf 89' lang='lat' dir='ltr'><strong>tamen</strong></span> 
     </span>
    </p>
   </div>
   <div class='ocr_carea' id='block_1_43' title="bbox 1785 1472 3344 1543">
    <p class='ocr_par' dir='ltr' id='par_1_43' title="bbox 1785 1472 3344 1543">
     <span class='ocr_line' id='line_1_43' title="bbox 1785 1472 3344 1543; baseline -0.003 -13"><span class='ocrx_word' id='word_1_293' title='bbox 1785 1477 1951 1531; x_wconf 86' lang='lat' dir='ltr'><strong>rebus</strong></span> <span class='ocrx_word' id='word_1_294' title='bbox 1977 1474 2234 1530; x_wconf 87' lang='lat' dir='ltr'><strong>secundis</strong></span> <span class='ocrx_word' id='word_1_295' title='bbox 2264 1489 2395 1528; x_wconf 85' lang='lat' dir='ltr'><strong>usus</strong></span> <span class='ocrx_word' id='word_1_296' title='bbox 2421 1483 2523 1527; x_wconf 86' lang='lat' dir='ltr'><strong>est.</strong></span> <span class='ocrx_word' id='word_1_297' title='bbox 2559 1472 2654 1527; x_wconf 89' lang='lat' dir='ltr'><strong>llis</strong></span> <span class='ocrx_word' id='word_1_298' title='bbox 2703 1474 2925 1543; x_wconf 74' lang='lat' dir='ltr'><strong>subiicit</strong></span> <span class='ocrx_word' id='word_1_299' title='bbox 2978 1473 3166 1527; x_wconf 89' lang='lat' dir='ltr'><strong>Daniel</strong></span> <span class='ocrx_word' id='word_1_300' title='bbox 3213 1489 3226 1525; x_wconf 93' lang='lat'>:</span> <span class='ocrx_word' id='word_1_301' title='bbox 3279 1472 3344 1526; x_wconf 86' lang='lat' dir='ltr'><strong>Et</strong></span> 
     </span>
    </p>
   </div>
   <div class='ocr_carea' id='block_1_44' title="bbox 1785 1563 3346 1628">
    <p class='ocr_par' dir='ltr' id='par_1_44' title="bbox 1785 1563 3346 1628">
     <span class='ocr_line' id='line_1_44' title="bbox 1785 1563 3346 1628; baseline -0.003 -8"><span class='ocrx_word' id='word_1_302' title='bbox 1785 1569 1914 1620; x_wconf 68' lang='lat' dir='ltr'><strong>dixit</strong></span> <span class='ocrx_word' id='word_1_303' title='bbox 1948 1584 2078 1620; x_wconf 77' lang='lat' dir='ltr'><strong>unus</strong></span> <span class='ocrx_word' id='word_1_304' title='bbox 2107 1578 2317 1619; x_wconf 79' lang='lat' dir='ltr'><strong>sanctus</strong></span> <span class='ocrx_word' id='word_1_305' title='bbox 2356 1563 2652 1626; x_wconf 79' lang='lat' dir='ltr'><strong>Phelmunl,</strong></span> <span class='ocrx_word' id='word_1_306' title='bbox 2690 1563 2914 1628; x_wconf 82' lang='lat' dir='ltr'>Quando</span> <span class='ocrx_word' id='word_1_307' title='bbox 2975 1565 3185 1617; x_wconf 77' lang='lat' dir='ltr'><strong>tandem</strong></span> <span class='ocrx_word' id='word_1_308' title='bbox 3218 1564 3346 1617; x_wconf 77' lang='lat' dir='ltr'><strong>visio</strong></span> 
     </span>
    </p>
   </div>
   <div class='ocr_carea' id='block_1_45' title="bbox 1785 1656 3350 1727">
    <p class='ocr_par' dir='ltr' id='par_1_45' title="bbox 1785 1656 3350 1727">
     <span class='ocr_line' id='line_1_45' title="bbox 1785 1656 3350 1727; baseline -0.001 -17"><span class='ocrx_word' id='word_1_309' title='bbox 1785 1658 2191 1711; x_wconf 80' lang='lat' dir='ltr'><strong>terminabitnr?</strong></span> <span class='ocrx_word' id='word_1_310' title='bbox 2221 1666 2268 1708; x_wconf 82' lang='lat' dir='ltr'>et</span> <span class='ocrx_word' id='word_1_311' title='bbox 2296 1656 2562 1708; x_wconf 73' lang='lat' dir='ltr'><strong>sublatum</strong></span> <span class='ocrx_word' id='word_1_312' title='bbox 2612 1656 2958 1724; x_wconf 80' lang='lat' dir='ltr'><strong>sacriﬁcium,</strong></span> <span class='ocrx_word' id='word_1_313' title='bbox 2990 1666 3038 1708; x_wconf 86' lang='lat' dir='ltr'>et</span> <span class='ocrx_word' id='word_1_314' title='bbox 3080 1667 3350 1727; x_wconf 79' lang='lat' dir='ltr'><strong>peccatum</strong></span> 
     </span>
    </p>
   </div>
   <div class='ocr_carea' id='block_1_46' title="bbox 1783 1745 3350 1816">
    <p class='ocr_par' dir='ltr' id='par_1_46' title="bbox 1783 1745 3350 1816">
     <span class='ocr_line' id='line_1_46' title="bbox 1783 1745 3350 1816; baseline -0.001 -15"><span class='ocrx_word' id='word_1_315' title='bbox 1783 1750 2088 1801; x_wconf 74' lang='lat' dir='ltr'><strong>vastationis</strong></span> <span class='ocrx_word' id='word_1_316' title='bbox 2123 1747 2478 1798; x_wconf 77' lang='lat' dir='ltr'><strong>concessum?</strong></span> <span class='ocrx_word' id='word_1_317' title='bbox 2521 1745 2572 1798; x_wconf 80' lang='lat' dir='ltr'><strong>Is</strong></span> <span class='ocrx_word' id='word_1_318' title='bbox 2609 1747 2740 1799; x_wconf 76' lang='lat' dir='ltr'><strong>dixit</strong></span> <span class='ocrx_word' id='word_1_319' title='bbox 2769 1748 2817 1799; x_wconf 88' lang='lat' dir='ltr'>ei</span> <span class='ocrx_word' id='word_1_320' title='bbox 2855 1763 2874 1800; x_wconf 90' lang='lat'><strong><em>:</em></strong></span> <span class='ocrx_word' id='word_1_321' title='bbox 2929 1745 3098 1816; x_wconf 76' lang='lat' dir='ltr'><strong>Usque</strong></span> <span class='ocrx_word' id='word_1_322' title='bbox 3139 1749 3209 1800; x_wconf 83' lang='lat' dir='ltr'>ad</span> <span class='ocrx_word' id='word_1_323' title='bbox 3238 1764 3350 1800; x_wconf 79' lang='lat' dir='ltr'><strong>ves-</strong></span> 
     </span>
    </p>
   </div>
   <div class='ocr_carea' id='block_1_47' title="bbox 1783 1836 3351 1906">
    <p class='ocr_par' dir='ltr' id='par_1_47' title="bbox 1783 1836 3351 1906">
     <span class='ocr_line' id='line_1_47' title="bbox 1783 1836 3351 1906; baseline -0.001 -17"><span class='ocrx_word' id='word_1_324' title='bbox 1783 1854 1962 1906; x_wconf 83' lang='lat' dir='ltr'><strong>peram</strong></span> <span class='ocrx_word' id='word_1_325' title='bbox 1992 1846 2039 1888; x_wconf 87' lang='lat' dir='ltr'>et</span> <span class='ocrx_word' id='word_1_326' title='bbox 2075 1853 2247 1898; x_wconf 86' lang='lat' dir='ltr'><strong>mane,</strong></span> <span class='ocrx_word' id='word_1_327' title='bbox 2278 1838 2383 1888; x_wconf 74' lang='lat' dir='ltr'><strong>dies</strong></span> <span class='ocrx_word' id='word_1_328' title='bbox 2426 1836 2498 1889; x_wconf 76' lang='lat' dir='ltr'>bis</span> <span class='ocrx_word' id='word_1_329' title='bbox 2529 1837 2672 1889; x_wconf 84' lang='lat' dir='ltr'><strong>mille</strong></span> <span class='ocrx_word' id='word_1_330' title='bbox 2705 1846 2751 1889; x_wconf 88' lang='lat' dir='ltr'>et</span> <span class='ocrx_word' id='word_1_331' title='bbox 2786 1837 3025 1902; x_wconf 83' lang='lat' dir='ltr'><strong>trecenti,</strong></span> <span class='ocrx_word' id='word_1_332' title='bbox 3086 1846 3208 1890; x_wconf 87' lang='lat' dir='ltr'><strong>tunc</strong></span> <span class='ocrx_word' id='word_1_333' title='bbox 3268 1853 3351 1889; x_wconf 81' lang='lat' dir='ltr'><strong>re-</strong></span> 
     </span>
    </p>
   </div>
   <div class='ocr_carea' id='block_1_48' title="bbox 1785 1927 3350 1998">
    <p class='ocr_par' dir='ltr' id='par_1_48' title="bbox 1785 1927 3350 1998">
     <span class='ocr_line' id='line_1_48' title="bbox 1785 1927 3350 1998; baseline -0.001 -18"><span class='ocrx_word' id='word_1_334' title='bbox 1785 1928 2096 1998; x_wconf 84' lang='lat' dir='ltr'><strong>purgabitur</strong></span> <span class='ocrx_word' id='word_1_335' title='bbox 2125 1937 2385 1981; x_wconf 76' lang='lat' dir='ltr'><strong>sanctum.</strong></span> <span class='ocrx_word' id='word_1_336' title='bbox 2417 1927 2498 1980; x_wconf 79' lang='lat' dir='ltr'>Ad</span> <span class='ocrx_word' id='word_1_337' title='bbox 2531 1927 2864 1996; x_wconf 84' lang='lat' dir='ltr'><strong>Prophetam</strong></span> <span class='ocrx_word' id='word_1_338' title='bbox 2890 1942 2956 1981; x_wconf 80' lang='lat' dir='ltr'><strong>ex</strong></span> <span class='ocrx_word' id='word_1_339' title='bbox 3000 1927 3209 1982; x_wconf 88' lang='lat' dir='ltr'><strong>visione</strong></span> <span class='ocrx_word' id='word_1_340' title='bbox 3244 1927 3350 1980; x_wconf 83' lang='lat' dir='ltr'><strong>sol-</strong></span> 
     </span>
    </p>
   </div>
   <div class='ocr_carea' id='block_1_49' title="bbox 1785 2018 3350 2090">
    <p class='ocr_par' dir='ltr' id='par_1_49' title="bbox 1785 2018 3350 2090">
     <span class='ocr_line' id='line_1_49' title="bbox 1785 2018 3350 2090; baseline -0.001 -17"><span class='ocrx_word' id='word_1_341' title='bbox 1785 2020 1994 2073; x_wconf 84' lang='lat' dir='ltr'><strong>licitum</strong></span> <span class='ocrx_word' id='word_1_342' title='bbox 2034 2020 2326 2072; x_wconf 87' lang='lat' dir='ltr'><strong>mittuntur</strong></span> <span class='ocrx_word' id='word_1_343' title='bbox 2359 2019 2559 2088; x_wconf 77' lang='lat' dir='ltr'><strong>angeli,</strong></span> <span class='ocrx_word' id='word_1_344' title='bbox 2593 2019 2685 2089; x_wconf 89' lang='lat' dir='ltr'>qui</span> <span class='ocrx_word' id='word_1_345' title='bbox 2711 2021 2761 2073; x_wconf 83' lang='lat' dir='ltr'>ei</span> <span class='ocrx_word' id='word_1_346' title='bbox 2796 2018 3126 2090; x_wconf 78' lang='lat' dir='ltr'><strong>signiﬁcent,</strong></span> <span class='ocrx_word' id='word_1_347' title='bbox 3187 2018 3350 2072; x_wconf 79' lang='lat' dir='ltr'><strong>ﬁnem</strong></span> 
     </span>
    </p>
   </div>
   <div class='ocr_carea' id='block_1_50' title="bbox 1782 2109 3352 2180">
    <p class='ocr_par' dir='ltr' id='par_1_50' title="bbox 1782 2109 3352 2180">
     <span class='ocr_line' id='line_1_50' title="bbox 1782 2109 3352 2180; baseline 0 -16"><span class='ocrx_word' id='word_1_348' title='bbox 1782 2127 2150 2175; x_wconf 67' lang='lat' dir='ltr'><strong>mrumnurutn</strong></span> <span class='ocrx_word' id='word_1_349' title='bbox 2205 2111 2346 2175; x_wconf 78' lang='lat' dir='ltr'><strong>fore,</strong></span> <span class='ocrx_word' id='word_1_350' title='bbox 2417 2119 2474 2164; x_wconf 91' lang='lat' dir='ltr'>et</span> <span class='ocrx_word' id='word_1_351' title='bbox 2523 2120 2738 2180; x_wconf 83' lang='lat' dir='ltr'><strong>tempus</strong></span> <span class='ocrx_word' id='word_1_352' title='bbox 2771 2127 2895 2164; x_wconf 90' lang='lat' dir='ltr'>eum</span> <span class='ocrx_word' id='word_1_353' title='bbox 2943 2109 3196 2175; x_wconf 87' lang='lat' dir='ltr'><strong>doceant,</strong></span> <span class='ocrx_word' id='word_1_354' title='bbox 3243 2126 3352 2179; x_wconf 90' lang='lat' dir='ltr'><strong>quo</strong></span> 
     </span>
    </p>
   </div>
   <div class='ocr_carea' id='block_1_51' title="bbox 1784 2200 3347 2270">
    <p class='ocr_par' dir='ltr' id='par_1_51' title="bbox 1784 2200 3347 2270">
     <span class='ocr_line' id='line_1_51' title="bbox 1784 2200 3347 2270; baseline -0.002 -16"><span class='ocrx_word' id='word_1_355' title='bbox 1784 2202 2040 2256; x_wconf 74' lang='lat' dir='ltr'><strong>desitura:</strong></span> <span class='ocrx_word' id='word_1_356' title='bbox 2065 2201 2194 2254; x_wconf 88' lang='lat' dir='ltr'><strong>sint.</strong></span> <span class='ocrx_word' id='word_1_357' title='bbox 2239 2200 2307 2253; x_wconf 87' lang='lat' dir='ltr'><strong>Et</strong></span> <span class='ocrx_word' id='word_1_358' title='bbox 2363 2200 2501 2254; x_wconf 86' lang='lat' dir='ltr'><strong>alius</strong></span> <span class='ocrx_word' id='word_1_359' title='bbox 2554 2201 2720 2254; x_wconf 89' lang='lat' dir='ltr'><strong>alium</strong></span> <span class='ocrx_word' id='word_1_360' title='bbox 2771 2200 3187 2270; x_wconf 75' lang='lat' dir='ltr'><strong>interrogabat:</strong></span> <span class='ocrx_word' id='word_1_361' title='bbox 3223 2215 3347 2253; x_wconf 82' lang='lat' dir='ltr'>nam</span> 
     </span>
    </p>
   </div>
   <div class='ocr_carea' id='block_1_52' title="bbox 1784 2291 3348 2362">
    <p class='ocr_par' dir='ltr' id='par_1_52' title="bbox 1784 2291 3348 2362">
     <span class='ocr_line' id='line_1_52' title="bbox 1784 2291 3348 2362; baseline -0.003 -15"><span class='ocrx_word' id='word_1_362' title='bbox 1784 2293 2094 2358; x_wconf 84' lang='lat' dir='ltr'><strong>Pbelmuni,</strong></span> <span class='ocrx_word' id='word_1_363' title='bbox 2127 2292 2366 2361; x_wconf 87' lang='lat' dir='ltr'><strong>aliquem</strong></span> <span class='ocrx_word' id='word_1_364' title='bbox 2409 2291 2699 2362; x_wconf 81' lang='lat' dir='ltr'><strong>signiﬁcat.</strong></span> <span class='ocrx_word' id='word_1_365' title='bbox 2743 2292 2986 2362; x_wconf 81' lang='lat' dir='ltr'><strong>Rogabat</strong></span> <span class='ocrx_word' id='word_1_366' title='bbox 3015 2303 3196 2346; x_wconf 89' lang='lat' dir='ltr'><strong>autem</strong></span> <span class='ocrx_word' id='word_1_367' title='bbox 3239 2306 3348 2344; x_wconf 88' lang='lat' dir='ltr'>non</span> 
     </span>
    </p>
   </div>
   <div class='ocr_carea' id='block_1_53' title="bbox 1783 2383 3353 2454">
    <p class='ocr_par' dir='ltr' id='par_1_53' title="bbox 1783 2383 3353 2454">
     <span class='ocr_line' id='line_1_53' title="bbox 1783 2383 3353 2454; baseline -0.005 -14"><span class='ocrx_word' id='word_1_368' title='bbox 1783 2395 1843 2440; x_wconf 91' lang='lat' dir='ltr'>ut</span> <span class='ocrx_word' id='word_1_369' title='bbox 1874 2387 2116 2454; x_wconf 82' lang='lat' dir='ltr'><strong>ignarus,</strong></span> <span class='ocrx_word' id='word_1_370' title='bbox 2149 2383 2244 2439; x_wconf 89' lang='lat' dir='ltr'>sed</span> <span class='ocrx_word' id='word_1_371' title='bbox 2287 2393 2346 2439; x_wconf 91' lang='lat' dir='ltr'>ut</span> <span class='ocrx_word' id='word_1_372' title='bbox 2393 2384 2580 2437; x_wconf 89' lang='lat' dir='ltr'><strong>Daniel</strong></span> <span class='ocrx_word' id='word_1_373' title='bbox 2614 2393 2989 2452; x_wconf 76' lang='lat' dir='ltr'><strong>cognosceret.</strong></span> <span class='ocrx_word' id='word_1_374' title='bbox 3045 2383 3146 2448; x_wconf 84' lang='lat' dir='ltr'><strong>Qui</strong></span> <span class='ocrx_word' id='word_1_375' title='bbox 3199 2396 3353 2451; x_wconf 75' lang='lat' dir='ltr'><strong>roga-</strong></span> 
     </span>
    </p>
   </div>
   <div class='ocr_carea' id='block_1_54' title="bbox 1781 2466 3346 2541">
    <p class='ocr_par' dir='ltr' id='par_1_54' title="bbox 1781 2466 3346 2541">
     <span class='ocr_line' id='line_1_54' title="bbox 1781 2466 3346 2541; baseline -0.006 -13"><span class='ocrx_word' id='word_1_376' title='bbox 1781 2475 1962 2538; x_wconf 83' lang='lat' dir='ltr'><strong>batur,</strong></span> <span class='ocrx_word' id='word_1_377' title='bbox 2003 2470 2301 2541; x_wconf 83' lang='lat' dir='ltr'><strong>respondet</strong></span> <span class='ocrx_word' id='word_1_378' title='bbox 2329 2486 2344 2525; x_wconf 90' lang='lat'><strong>:</strong></span> <span class='ocrx_word' id='word_1_379' title='bbox 2381 2471 2509 2525; x_wconf 84' lang='lat' dir='ltr'><strong>Dies</strong></span> <span class='ocrx_word' id='word_1_380' title='bbox 2548 2471 2633 2524; x_wconf 89' lang='lat' dir='ltr'>bis</span> <span class='ocrx_word' id='word_1_381' title='bbox 2655 2472 2802 2523; x_wconf 77' lang='lat' dir='ltr'><strong>inille</strong></span> <span class='ocrx_word' id='word_1_382' title='bbox 2831 2470 3056 2523; x_wconf 89' lang='lat' dir='ltr'><strong>trecenti</strong></span> <span class='ocrx_word' id='word_1_383' title='bbox 3087 2483 3256 2536; x_wconf 85' lang='lat' dir='ltr'><strong>usque</strong></span> <span class='ocrx_word' id='word_1_384' title='bbox 3279 2466 3346 2518; x_wconf 88' lang='lat' dir='ltr'>ad</span> 
     </span>
    </p>
   </div>
   <div class='ocr_carea' id='block_1_55' title="bbox 1781 2557 3342 2632">
    <p class='ocr_par' dir='ltr' id='par_1_55' title="bbox 1781 2557 3342 2632">
     <span class='ocr_line' id='line_1_55' title="bbox 1781 2557 3342 2632; baseline -0.003 -20"><span class='ocrx_word' id='word_1_385' title='bbox 1781 2576 2067 2632; x_wconf 83' lang='lat' dir='ltr'><strong>vesperam</strong></span> <span class='ocrx_word' id='word_1_386' title='bbox 2109 2569 2162 2613; x_wconf 86' lang='lat' dir='ltr'>et</span> <span class='ocrx_word' id='word_1_387' title='bbox 2213 2573 2395 2622; x_wconf 87' lang='lat' dir='ltr'><strong>mane,</strong></span> <span class='ocrx_word' id='word_1_388' title='bbox 2461 2569 2575 2612; x_wconf 89' lang='lat' dir='ltr'>tum</span> <span class='ocrx_word' id='word_1_389' title='bbox 2630 2557 3016 2626; x_wconf 80' lang='lat' dir='ltr'><strong>repurgabitur</strong></span> <span class='ocrx_word' id='word_1_390' title='bbox 3071 2564 3342 2609; x_wconf 87' lang='lat' dir='ltr'><strong>sanctum.</strong></span> 
     </span>
    </p>
   </div>
   <div class='ocr_carea' id='block_1_56' title="bbox 1783 2647 3346 2724">
    <p class='ocr_par' dir='ltr' id='par_1_56' title="bbox 1783 2647 3346 2724">
     <span class='ocr_line' id='line_1_56' title="bbox 1783 2647 3346 2724; baseline -0.006 -16"><span class='ocrx_word' id='word_1_391' title='bbox 1783 2654 2078 2723; x_wconf 82' lang='lat' dir='ltr'><strong>Vesperam</strong></span> <span class='ocrx_word' id='word_1_392' title='bbox 2108 2654 2276 2724; x_wconf 81' lang='lat' dir='ltr'><strong>igitur</strong></span> <span class='ocrx_word' id='word_1_393' title='bbox 2326 2655 2544 2709; x_wconf 78' lang='lat' dir='ltr'><strong>vocavit</strong></span> <span class='ocrx_word' id='word_1_394' title='bbox 2578 2651 2906 2722; x_wconf 87' lang='lat' dir='ltr'><strong>principium</strong></span> <span class='ocrx_word' id='word_1_395' title='bbox 2948 2647 3346 2710; x_wconf 82' lang='lat' dir='ltr'><strong>molestiarum,</strong></span> 
     </span>
    </p>
   </div>
   <div class='ocr_carea' id='block_1_57' title="bbox 1781 2738 3349 2817">
    <p class='ocr_par' dir='ltr' id='par_1_57' title="bbox 1781 2738 3349 2817">
     <span class='ocr_line' id='line_1_57' title="bbox 1781 2738 3349 2817; baseline -0.005 -20"><span class='ocrx_word' id='word_1_396' title='bbox 1781 2753 1875 2797; x_wconf 87' lang='lat' dir='ltr'>aut</span> <span class='ocrx_word' id='word_1_397' title='bbox 1910 2753 2096 2798; x_wconf 90' lang='lat' dir='ltr'><strong>totum</strong></span> <span class='ocrx_word' id='word_1_398' title='bbox 2152 2756 2368 2816; x_wconf 87' lang='lat' dir='ltr'><strong>tempus</strong></span> <span class='ocrx_word' id='word_1_399' title='bbox 2389 2758 2576 2799; x_wconf 90' lang='lat' dir='ltr'><strong>earum</strong></span> <span class='ocrx_word' id='word_1_400' title='bbox 2641 2745 2785 2810; x_wconf 80' lang='lat' dir='ltr'><strong>(nam</strong></span> <span class='ocrx_word' id='word_1_401' title='bbox 2829 2739 3092 2794; x_wconf 69' lang='lat' dir='ltr'><strong>molestiae</strong></span> <span class='ocrx_word' id='word_1_402' title='bbox 3120 2738 3263 2817; x_wconf 85' lang='lat' dir='ltr'><strong>nocti</strong></span> <span class='ocrx_word' id='word_1_403' title='bbox 3292 2746 3349 2790; x_wconf 89' lang='lat' dir='ltr'>et</span> 
     </span>
    </p>
   </div>
   <div class='ocr_carea' id='block_1_58' title="bbox 1783 2836 3347 2907">
    <p class='ocr_par' dir='ltr' id='par_1_58' title="bbox 1783 2836 3347 2907">
     <span class='ocr_line' id='line_1_58' title="bbox 1783 2836 3347 2907; baseline -0.004 -20"><span class='ocrx_word' id='word_1_404' title='bbox 1783 2836 2026 2890; x_wconf 87' lang='lat' dir='ltr'><strong>tenebris</strong></span> <span class='ocrx_word' id='word_1_405' title='bbox 2061 2848 2469 2907; x_wconf 83' lang='lat' dir='ltr'><strong>comparantur,</strong></span> <span class='ocrx_word' id='word_1_406' title='bbox 2495 2848 2674 2898; x_wconf 88' lang='lat' dir='ltr'><strong>mane,</strong></span> <span class='ocrx_word' id='word_1_407' title='bbox 2709 2839 2962 2899; x_wconf 86' lang='lat' dir='ltr'><strong>pacatum</strong></span> <span class='ocrx_word' id='word_1_408' title='bbox 2991 2837 3204 2882; x_wconf 85' lang='lat' dir='ltr'><strong>statum</strong></span> <span class='ocrx_word' id='word_1_409' title='bbox 3224 2837 3347 2896; x_wconf 90' lang='lat' dir='ltr'><strong>post</strong></span> 
     </span>
    </p>
   </div>
   <div class='ocr_carea' id='block_1_59' title="bbox 1782 2916 3424 2994">
    <p class='ocr_par' dir='ltr' id='par_1_59' title="bbox 1782 2916 3424 2994">
     <span class='ocr_line' id='line_1_59' title="bbox 1782 2916 3424 2994; baseline -0.01 -13"><span class='ocrx_word' id='word_1_410' title='bbox 1782 2927 2137 2981; x_wconf 85' lang='lat' dir='ltr'><strong>calamitates.</strong></span> <span class='ocrx_word' id='word_1_411' title='bbox 2171 2928 2342 2982; x_wconf 88' lang='lat' dir='ltr'><strong>Verba</strong></span> <span class='ocrx_word' id='word_1_412' title='bbox 2383 2926 2550 2994; x_wconf 81' lang='lat' dir='ltr'><strong>igitur</strong></span> <span class='ocrx_word' id='word_1_413' title='bbox 2573 2923 2663 2976; x_wconf 91' lang='lat' dir='ltr'><strong>illa</strong></span> <span class='ocrx_word' id='word_1_414' title='bbox 2693 2921 2796 2974; x_wconf 89' lang='lat' dir='ltr'>hoc</span> <span class='ocrx_word' id='word_1_415' title='bbox 2820 2921 3030 2973; x_wconf 83' lang='lat' dir='ltr'><strong>volunt.</strong></span> <span class='ocrx_word' id='word_1_416' title='bbox 3059 2920 3093 2969; x_wconf 76' lang='grc' dir='ltr'><strong>Α</strong></span> <span class='ocrx_word' id='word_1_417' title='bbox 3133 2916 3339 2986; x_wconf 80' lang='lat' dir='ltr'><strong>princi-</strong></span> <span class='ocrx_word' id='word_1_418' title='bbox 3422 2961 3424 2964; x_wconf 89' lang='lat'>.</span> 
     </span>
    </p>
   </div>
   <div class='ocr_carea' id='block_1_60' title="bbox 1782 3014 3346 3086">
    <p class='ocr_par' dir='ltr' id='par_1_60' title="bbox 1782 3014 3346 3086">
     <span class='ocr_line' id='line_1_60' title="bbox 1782 3014 3346 3086; baseline -0.006 -16"><span class='ocrx_word' id='word_1_419' title='bbox 1782 3019 1872 3085; x_wconf 90' lang='lat' dir='ltr'>pio</span> <span class='ocrx_word' id='word_1_420' title='bbox 1895 3019 2162 3071; x_wconf 88' lang='lat' dir='ltr'><strong>malorum</strong></span> <span class='ocrx_word' id='word_1_421' title='bbox 2190 3033 2363 3086; x_wconf 88' lang='lat' dir='ltr'><strong>usque</strong></span> <span class='ocrx_word' id='word_1_422' title='bbox 2382 3018 2446 3070; x_wconf 85' lang='lat' dir='ltr'>ad</span> <span class='ocrx_word' id='word_1_423' title='bbox 2468 3031 2660 3070; x_wconf 89' lang='lat' dir='ltr'><strong>eorum</strong></span> <span class='ocrx_word' id='word_1_424' title='bbox 2687 3014 2868 3078; x_wconf 82' lang='lat' dir='ltr'><strong>linem,</strong></span> <span class='ocrx_word' id='word_1_425' title='bbox 2896 3019 3103 3066; x_wconf 85' lang='lat' dir='ltr'><strong>tantum</strong></span> <span class='ocrx_word' id='word_1_426' title='bbox 3137 3017 3346 3076; x_wconf 87' lang='lat' dir='ltr'><strong>tempo-</strong></span> 
     </span>
    </p>
   </div>
   <div class='ocr_carea' id='block_1_61' title="bbox 1783 3101 3343 3168">
    <p class='ocr_par' dir='ltr' id='par_1_61' title="bbox 1783 3101 3343 3168">
     <span class='ocr_line' id='line_1_61' title="bbox 1783 3101 3343 3168; baseline -0.006 -7"><span class='ocrx_word' id='word_1_427' title='bbox 1783 3109 1860 3164; x_wconf 89' lang='lat' dir='ltr'>ris</span> <span class='ocrx_word' id='word_1_428' title='bbox 1893 3111 2157 3165; x_wconf 87' lang='lat' dir='ltr'><strong>elabetur.</strong></span> <span class='ocrx_word' id='word_1_429' title='bbox 2197 3101 2322 3165; x_wconf 87' lang='lat' dir='ltr'><strong>Dies</strong></span> <span class='ocrx_word' id='word_1_430' title='bbox 2353 3119 2533 3164; x_wconf 88' lang='lat' dir='ltr'><strong>autem</strong></span> <span class='ocrx_word' id='word_1_431' title='bbox 2569 3111 2624 3162; x_wconf 92' lang='lat' dir='ltr'>in</span> <span class='ocrx_word' id='word_1_432' title='bbox 2663 3123 2835 3161; x_wconf 89' lang='lat' dir='ltr'><strong>annos</strong></span> <span class='ocrx_word' id='word_1_433' title='bbox 2891 3105 3119 3168; x_wconf 88' lang='lat' dir='ltr'><strong>redacti,</strong></span> <span class='ocrx_word' id='word_1_434' title='bbox 3168 3103 3343 3157; x_wconf 82' lang='lat' dir='ltr'><strong>conli-</strong></span> 
     </span>
    </p>
   </div>
   <div class='ocr_carea' id='block_1_62' title="bbox 131 3193 1677 3278">
    <p class='ocr_par' dir='ltr' id='par_1_62' title="bbox 131 3201 1677 3275">
     <span class='ocr_line' id='line_1_62' title="bbox 131 3201 1677 3275; baseline 0 -22"><span class='ocrx_word' id='word_1_435' title='bbox 131 3204 214 3272; x_wconf 76' lang='grc' dir='ltr'>τὴν</span> <span class='ocrx_word' id='word_1_436' title='bbox 250 3203 432 3257; x_wconf 88' lang='grc' dir='ltr'>θυσίαν</span> <span class='ocrx_word' id='word_1_437' title='bbox 496 3204 722 3274; x_wconf 28' lang='grc' dir='ltr'>τὴννέπ⁹</span> <span class='ocrx_word' id='word_1_438' title='bbox 761 3206 898 3275; x_wconf 76' lang='grc' dir='ltr'>αὐτῇ</span> <span class='ocrx_word' id='word_1_439' title='bbox 957 3203 1322 3274; x_wconf 83' lang='grc' dir='ltr'>παρανομίαν.</span> <span class='ocrx_word' id='word_1_440' title='bbox 1371 3202 1466 3255; x_wconf 80' lang='grc' dir='ltr'>Διά</span> <span class='ocrx_word' id='word_1_441' title='bbox 1483 3203 1538 3254; x_wconf 89' lang='grc' dir='ltr'>δέ</span> <span class='ocrx_word' id='word_1_442' title='bbox 1563 3201 1677 3264; x_wconf 87' lang='grc' dir='ltr'>τοῦ,</span> 
     </span>
    </p>
   </div>
   <div class='ocr_carea' id='block_1_63' title="bbox 1778 3193 3338 3278">
    <p class='ocr_par' dir='ltr' id='par_1_63' title="bbox 1785 3193 3338 3267">
     <span class='ocr_line' id='line_1_63' title="bbox 1785 3193 3338 3267; baseline -0.007 -12"><span class='ocrx_word' id='word_1_443' title='bbox 1785 3202 1936 3255; x_wconf 90' lang='lat' dir='ltr'><strong>ciunt</strong></span> <span class='ocrx_word' id='word_1_444' title='bbox 1968 3217 2061 3256; x_wconf 84' lang='lat' dir='ltr'>sex</span> <span class='ocrx_word' id='word_1_445' title='bbox 2104 3215 2339 3267; x_wconf 83' lang='lat' dir='ltr'><strong>menses,</strong></span> <span class='ocrx_word' id='word_1_446' title='bbox 2391 3212 2446 3256; x_wconf 90' lang='lat' dir='ltr'>et</span> <span class='ocrx_word' id='word_1_447' title='bbox 2498 3215 2672 3255; x_wconf 89' lang='lat' dir='ltr'><strong>annos</strong></span> <span class='ocrx_word' id='word_1_448' title='bbox 2730 3196 2982 3258; x_wconf 90' lang='lat' dir='ltr'><strong>totidem,</strong></span> <span class='ocrx_word' id='word_1_449' title='bbox 3034 3193 3338 3248; x_wconf 89' lang='lat' dir='ltr'><strong>secundum</strong></span> 
     </span>
    </p>
   </div>
   <div class='ocr_carea' id='block_1_64' title="bbox 132 3283 1670 3365">
    <p class='ocr_par' dir='ltr' id='par_1_64' title="bbox 132 3283 1670 3365">
     <span class='ocr_line' id='line_1_64' title="bbox 132 3283 1670 3365; baseline -0.001 -21"><span class='ocrx_word' id='word_1_450' title='bbox 132 3283 344 3364; x_wconf 71' lang='grc' dir='ltr'>Ἐρρίφη</span> <span class='ocrx_word' id='word_1_451' title='bbox 363 3296 540 3364; x_wconf 81' lang='grc' dir='ltr'>χαμαὶ</span> <span class='ocrx_word' id='word_1_452' title='bbox 565 3295 899 3365; x_wconf 80' lang='grc' dir='ltr'>δικαιοσύνη,</span> <span class='ocrx_word' id='word_1_453' title='bbox 935 3296 969 3364; x_wconf 88' lang='grc' dir='ltr'>ή</span> <span class='ocrx_word' id='word_1_454' title='bbox 990 3294 1097 3346; x_wconf 82' lang='grc' dir='ltr'>τῶν</span> <span class='ocrx_word' id='word_1_455' title='bbox 1130 3293 1373 3363; x_wconf 84' lang='grc' dir='ltr'>νομίμων</span> <span class='ocrx_word' id='word_1_456' title='bbox 1399 3293 1670 3362; x_wconf 78' lang='grc' dir='ltr'>ἀθέτησις,</span> 
     </span>
    </p>
   </div>
   <div class='ocr_carea' id='block_1_65' title="bbox 134 3383 1673 3454">
    <p class='ocr_par' dir='ltr' id='par_1_65' title="bbox 134 3383 1673 3454">
     <span class='ocr_line' id='line_1_65' title="bbox 134 3383 1673 3454; baseline 0.001 -21"><span class='ocrx_word' id='word_1_457' title='bbox 134 3384 283 3435; x_wconf 75' lang='grc' dir='ltr'>χιιὶοὶ</span> <span class='ocrx_word' id='word_1_458' title='bbox 341 3384 514 3436; x_wconf 77' lang='grc' dir='ltr'>ἄδικοι</span> <span class='ocrx_word' id='word_1_459' title='bbox 578 3384 731 3453; x_wconf 80' lang='grc' dir='ltr'>φόνοι</span> <span class='ocrx_word' id='word_1_460' title='bbox 785 3383 1072 3454; x_wconf 84' lang='grc' dir='ltr'>δηλοῦνται</span> <span class='ocrx_word' id='word_1_461' title='bbox 1115 3383 1223 3434; x_wconf 82' lang='grc' dir='ltr'>τῶν</span> <span class='ocrx_word' id='word_1_462' title='bbox 1285 3383 1550 3450; x_wconf 79' lang='grc' dir='ltr'>ὰσεὸἤσαι</span> <span class='ocrx_word' id='word_1_463' title='bbox 1599 3383 1673 3450; x_wconf 80' lang='grc' dir='ltr'>μὴ</span> 
     </span>
    </p>
   </div>
   <div class='ocr_carea' id='block_1_66' title="bbox 133 3473 1676 3545">
    <p class='ocr_par' dir='ltr' id='par_1_66' title="bbox 133 3473 1676 3545">
     <span class='ocr_line' id='line_1_66' title="bbox 133 3473 1676 3545; baseline 0.001 -21"><span class='ocrx_word' id='word_1_464' title='bbox 133 3474 587 3545; x_wconf 76' lang='grc' dir='ltr'>καταδεξαμένων.</span> <span class='ocrx_word' id='word_1_465' title='bbox 663 3475 825 3529; x_wconf 79' lang='grc' dir='ltr'>Ἀλλὰ</span> <span class='ocrx_word' id='word_1_466' title='bbox 885 3478 981 3528; x_wconf 60' lang='grc' dir='ltr'>καί⁸</span> <span class='ocrx_word' id='word_1_467' title='bbox 1031 3475 1202 3528; x_wconf 88' lang='grc' dir='ltr'>ταῦτα</span> <span class='ocrx_word' id='word_1_468' title='bbox 1257 3474 1529 3544; x_wconf 79' lang='grc' dir='ltr'>πράττων,</span> <span class='ocrx_word' id='word_1_469' title='bbox 1582 3473 1676 3526; x_wconf 78' lang='grc' dir='ltr'>καὶ</span> 
     </span>
    </p>
   </div>
   <div class='ocr_carea' id='block_1_67' title="bbox 128 3562 1674 3633">
    <p class='ocr_par' dir='ltr' id='par_1_67' title="bbox 128 3562 1674 3633">
     <span class='ocr_line' id='line_1_67' title="bbox 128 3562 1674 3633; baseline 0.001 -21"><span class='ocrx_word' id='word_1_470' title='bbox 128 3562 280 3627; x_wconf 67' lang='grc' dir='ltr'>οὕτως</span> <span class='ocrx_word' id='word_1_471' title='bbox 334 3565 545 3618; x_wconf 76' lang='grc' dir='ltr'>ἀσεϐῶν</span> <span class='ocrx_word' id='word_1_472' title='bbox 581 3566 609 3618; x_wconf 82' lang='grc' dir='ltr'><strong>ὁ</strong></span> <span class='ocrx_word' id='word_1_473' title='bbox 660 3566 958 3633; x_wconf 82' lang='grc' dir='ltr'>Ἀντίοχος,</span> <span class='ocrx_word' id='word_1_474' title='bbox 1009 3563 1291 3626; x_wconf 84' lang='grc' dir='ltr'>εύωδοῦτο,</span> <span class='ocrx_word' id='word_1_475' title='bbox 1319 3564 1504 3630; x_wconf 84' lang='grc' dir='ltr'>φησίν.</span> <span class='ocrx_word' id='word_1_476' title='bbox 1549 3564 1674 3614; x_wconf 78' lang='grc' dir='ltr'>Ἐπὶ</span> 
     </span>
    </p>
   </div>
   <div class='ocr_carea' id='block_1_68' title="bbox 1779 3286 3360 3359">
    <p class='ocr_par' dir='ltr' id='par_1_68' title="bbox 1779 3286 3360 3359">
     <span class='ocr_line' id='line_1_68' title="bbox 1779 3286 3360 3359; baseline -0.005 -12"><span class='ocrx_word' id='word_1_477' title='bbox 1779 3293 2049 3347; x_wconf 88' lang='lat' dir='ltr'><strong>calculum</strong></span> <span class='ocrx_word' id='word_1_478' title='bbox 2074 3293 2442 3348; x_wconf 70' lang='lat' dir='ltr'><strong>Hebraeorum.</strong></span> <span class='ocrx_word' id='word_1_479' title='bbox 2477 3294 2608 3347; x_wconf 85' lang='lat' dir='ltr'>Nam</span> <span class='ocrx_word' id='word_1_480' title='bbox 2652 3290 2839 3346; x_wconf 88' lang='lat' dir='ltr'><strong>tandiu</strong></span> <span class='ocrx_word' id='word_1_481' title='bbox 2868 3286 3360 3359; x_wconf 15' lang='lat' dir='ltr'><strong>viguitealamitas,</strong></span> 
     </span>
    </p>
   </div>
   <div class='ocr_carea' id='block_1_69' title="bbox 1781 3376 3449 3457">
    <p class='ocr_par' dir='ltr' id='par_1_69' title="bbox 1781 3376 3449 3457">
     <span class='ocr_line' id='line_1_69' title="bbox 1781 3376 3449 3457; baseline -0.006 -19"><span class='ocrx_word' id='word_1_482' title='bbox 1781 3384 1986 3438; x_wconf 74' lang='lat' dir='ltr'><strong>Judtcis</strong></span> <span class='ocrx_word' id='word_1_483' title='bbox 2041 3384 2106 3437; x_wconf 89' lang='lat' dir='ltr'>ad</span> <span class='ocrx_word' id='word_1_484' title='bbox 2155 3385 2424 3439; x_wconf 82' lang='lat' dir='ltr'><strong>Antiocho</strong></span> <span class='ocrx_word' id='word_1_485' title='bbox 2486 3385 2653 3441; x_wconf 87' lang='lat' dir='ltr'><strong>illata.</strong></span> <span class='ocrx_word' id='word_1_486' title='bbox 2707 3383 2830 3436; x_wconf 76' lang='lat' dir='ltr'><strong>Haec</strong></span> <span class='ocrx_word' id='word_1_487' title='bbox 2877 3379 3084 3435; x_wconf 84' lang='lat' dir='ltr'><strong>Danieli</strong></span> <span class='ocrx_word' id='word_1_488' title='bbox 3135 3376 3340 3433; x_wconf 79' lang='lat' dir='ltr'><strong>lntelli-</strong></span> <span class='ocrx_word' id='word_1_489' title='bbox 3447 3455 3449 3457; x_wconf 15' lang='grc' dir='ltr'>ι</span> 
     </span>
    </p>
   </div>
   <div class='ocr_carea' id='block_1_70' title="bbox 1779 3473 3343 3543">
    <p class='ocr_par' dir='ltr' id='par_1_70' title="bbox 1779 3473 3343 3543">
     <span class='ocr_line' id='line_1_70' title="bbox 1779 3473 3343 3543; baseline -0.003 -17"><span class='ocrx_word' id='word_1_490' title='bbox 1779 3488 1905 3542; x_wconf 83' lang='lat' dir='ltr'><strong>gere</strong></span> <span class='ocrx_word' id='word_1_491' title='bbox 1927 3475 2195 3543; x_wconf 87' lang='lat' dir='ltr'><strong>cupienti,</strong></span> <span class='ocrx_word' id='word_1_492' title='bbox 2254 3490 2286 3528; x_wconf 90' lang='lat' dir='ltr'>a</span> <span class='ocrx_word' id='word_1_493' title='bbox 2334 3473 2587 3529; x_wconf 89' lang='lat' dir='ltr'><strong>Gabriele</strong></span> <span class='ocrx_word' id='word_1_494' title='bbox 2641 3473 2969 3540; x_wconf 81' lang='lat' dir='ltr'><strong>arehangelo</strong></span> <span class='ocrx_word' id='word_1_495' title='bbox 3002 3480 3132 3525; x_wconf 85' lang='lat' dir='ltr'><strong>sunt</strong></span> <span class='ocrx_word' id='word_1_496' title='bbox 3187 3483 3343 3524; x_wconf 81' lang='lat' dir='ltr'><strong>reve-</strong></span> 
     </span>
    </p>
   </div>
   <div class='ocr_carea' id='block_1_71' title="bbox 1779 3564 1907 3618">
    <p class='ocr_par' dir='ltr' id='par_1_71' title="bbox 1779 3564 1907 3618">
     <span class='ocr_line' id='line_1_71' title="bbox 1779 3564 1907 3618; baseline 0 0"><span class='ocrx_word' id='word_1_497' title='bbox 1779 3564 1907 3618; x_wconf 88' lang='lat' dir='ltr'><strong>lata.</strong></span> 
     </span>
    </p>
   </div>
   <div class='ocr_carea' id='block_1_72' title="bbox 127 3643 3411 3729">
    <p class='ocr_par' dir='ltr' id='par_1_72' title="bbox 127 3643 3411 3729">
     <span class='ocr_line' id='line_1_72' title="bbox 127 3643 3411 3729; baseline -0.001 -22"><span class='ocrx_word' id='word_1_498' title='bbox 127 3656 314 3721; x_wconf 81' lang='grc' dir='ltr'>τούτοις</span> <span class='ocrx_word' id='word_1_499' title='bbox 340 3660 532 3727; x_wconf 79' lang='grc' dir='ltr'>ἐπάγει</span> <span class='ocrx_word' id='word_1_500' title='bbox 558 3661 586 3711; x_wconf 84' lang='grc' dir='ltr'>ὁ</span> <span class='ocrx_word' id='word_1_501' title='bbox 620 3658 837 3729; x_wconf 74' lang='grc' dir='ltr'>Δανιήλ“</span> <span class='ocrx_word' id='word_1_502' title='bbox 879 3658 986 3711; x_wconf 81' lang='grc' dir='ltr'>Καί</span> <span class='ocrx_word' id='word_1_503' title='bbox 1024 3651 1194 3710; x_wconf 78' lang='grc' dir='ltr'>εἶπεν</span> <span class='ocrx_word' id='word_1_504' title='bbox 1251 3650 1337 3721; x_wconf 74' lang='grc' dir='ltr'>εἷς</span> <span class='ocrx_word' id='word_1_505' title='bbox 1364 3656 1532 3723; x_wconf 75' lang='grc' dir='ltr'>ἅγιος</span> <span class='ocrx_word' id='word_1_506' title='bbox 1566 3654 1646 3720; x_wconf 83' lang='grc' dir='ltr'>τῷ</span> <span class='ocrx_word' id='word_1_507' title='bbox 1681 3656 1982 3724; x_wconf 69' lang='grc' dir='ltr'>Φελμουνί</span> <span class='ocrx_word' id='word_1_508' title='bbox 2017 3672 2031 3686; x_wconf 72' lang='grc' dir='ltr'>ο</span> <span class='ocrx_word' id='word_1_509' title='bbox 2068 3657 2219 3719; x_wconf 73' lang='lat' dir='ltr'>&quot;Em;</span> <span class='ocrx_word' id='word_1_510' title='bbox 2294 3657 2436 3710; x_wconf 85' lang='grc' dir='ltr'>πότε</span> <span class='ocrx_word' id='word_1_511' title='bbox 2469 3659 2506 3725; x_wconf 77' lang='grc' dir='ltr'>ἡ</span> <span class='ocrx_word' id='word_1_512' title='bbox 2547 3657 2754 3724; x_wconf 83' lang='grc' dir='ltr'>ὅρασις</span> <span class='ocrx_word' id='word_1_513' title='bbox 2793 3653 3105 3721; x_wconf 80' lang='grc' dir='ltr'>στήσεται,</span> <span class='ocrx_word' id='word_1_514' title='bbox 3157 3649 3255 3704; x_wconf 76' lang='grc' dir='ltr'>καί</span> <span class='ocrx_word' id='word_1_515' title='bbox 3304 3653 3342 3718; x_wconf 77' lang='grc' dir='ltr'><strong><em>ἠ</em></strong></span> <span class='ocrx_word' id='word_1_516' title='bbox 3407 3643 3411 3645; x_wconf 64' lang='grc'><em>’</em></span> 
     </span>
    </p>
   </div>
   <div class='ocr_carea' id='block_1_73' title="bbox 125 3741 3340 3818">
    <p class='ocr_par' dir='ltr' id='par_1_73' title="bbox 125 3741 3340 3818">
     <span class='ocr_line' id='line_1_73' title="bbox 125 3741 3340 3818; baseline -0.002 -18"><span class='ocrx_word' id='word_1_517' title='bbox 125 3751 287 3801; x_wconf 81' lang='grc' dir='ltr'>θυσία</span> <span class='ocrx_word' id='word_1_518' title='bbox 318 3751 350 3815; x_wconf 76' lang='grc' dir='ltr'><strong><em>ἦ</em></strong></span> <span class='ocrx_word' id='word_1_519' title='bbox 377 3751 647 3817; x_wconf 76' lang='grc' dir='ltr'>ἀρθεῖσα,</span> <span class='ocrx_word' id='word_1_520' title='bbox 697 3749 796 3804; x_wconf 75' lang='grc' dir='ltr'>καί</span> <span class='ocrx_word' id='word_1_521' title='bbox 829 3750 866 3817; x_wconf 78' lang='grc' dir='ltr'>ἡ</span> <span class='ocrx_word' id='word_1_522' title='bbox 905 3749 1157 3818; x_wconf 76' lang='grc' dir='ltr'>ἁμαρτία</span> <span class='ocrx_word' id='word_1_523' title='bbox 1179 3747 1286 3814; x_wconf 83' lang='grc' dir='ltr'>τῆς</span> <span class='ocrx_word' id='word_1_524' title='bbox 1317 3746 1664 3816; x_wconf 78' lang='grc' dir='ltr'>ἐρημώσεως</span> <span class='ocrx_word' id='word_1_525' title='bbox 1704 3748 1742 3816; x_wconf 78' lang='grc' dir='ltr'><em>ἠ</em></span> <span class='ocrx_word' id='word_1_526' title='bbox 1808 3747 2093 3813; x_wconf 79' lang='grc' dir='ltr'>δοθεῖσα;</span> <span class='ocrx_word' id='word_1_527' title='bbox 2151 3749 2256 3803; x_wconf 74' lang='grc' dir='ltr'>Καὶ</span> <span class='ocrx_word' id='word_1_528' title='bbox 2283 3746 2452 3802; x_wconf 77' lang='grc' dir='ltr'>εἶπεν</span> <span class='ocrx_word' id='word_1_529' title='bbox 2481 3747 2662 3812; x_wconf 84' lang='grc' dir='ltr'>αὐτῷ·</span> <span class='ocrx_word' id='word_1_530' title='bbox 2692 3744 2864 3810; x_wconf 53' lang='lat' dir='ltr'>&quot;Eur;</span> <span class='ocrx_word' id='word_1_531' title='bbox 2925 3742 3184 3811; x_wconf 80' lang='grc' dir='ltr'>ἑσπέρας</span> <span class='ocrx_word' id='word_1_532' title='bbox 3237 3741 3340 3795; x_wconf 80' lang='grc' dir='ltr'>και</span> 
     </span>
    </p>
   </div>
   <div class='ocr_carea' id='block_1_74' title="bbox 128 3837 3338 3911">
    <p class='ocr_par' dir='ltr' id='par_1_74' title="bbox 128 3837 3338 3911">
     <span class='ocr_line' id='line_1_74' title="bbox 128 3837 3338 3911; baseline -0.002 -19"><span class='ocrx_word' id='word_1_533' title='bbox 128 3840 282 3904; x_wconf 70' lang='grc' dir='ltr'>πρωί,</span> <span class='ocrx_word' id='word_1_534' title='bbox 307 3842 516 3910; x_wconf 74' lang='grc' dir='ltr'>ἡμέραι</span> <span class='ocrx_word' id='word_1_535' title='bbox 549 3841 842 3911; x_wconf 71' lang='grc' dir='ltr'>δισχίλιαι</span> <span class='ocrx_word' id='word_1_536' title='bbox 894 3841 989 3894; x_wconf 77' lang='grc' dir='ltr'>καί</span> <span class='ocrx_word' id='word_1_537' title='bbox 1028 3841 1377 3907; x_wconf 75' lang='grc' dir='ltr'>τριακόσιαι,</span> <span class='ocrx_word' id='word_1_538' title='bbox 1451 3840 1549 3892; x_wconf 78' lang='grc' dir='ltr'>καί</span> <span class='ocrx_word' id='word_1_539' title='bbox 1614 3841 2114 3910; x_wconf 79' lang='grc' dir='ltr'>καθαρισθήσεται</span> <span class='ocrx_word' id='word_1_540' title='bbox 2186 3843 2250 3894; x_wconf 86' lang='grc' dir='ltr'>τὸ</span> <span class='ocrx_word' id='word_1_541' title='bbox 2319 3844 2511 3910; x_wconf 73' lang='grc' dir='ltr'>ἅγιον.</span> <span class='ocrx_word' id='word_1_542' title='bbox 2564 3840 2894 3907; x_wconf 75' lang='grc' dir='ltr'>Ἀγωνιῶντι</span> <span class='ocrx_word' id='word_1_543' title='bbox 2945 3837 3020 3906; x_wconf 85' lang='grc' dir='ltr'>τῷ</span> <span class='ocrx_word' id='word_1_544' title='bbox 3079 3839 3338 3907; x_wconf 72' lang='grc' dir='ltr'>προφήτῃ</span> 
     </span>
    </p>
   </div>
   <div class='ocr_carea' id='block_1_75' title="bbox 128 3925 3335 4003">
    <p class='ocr_par' dir='ltr' id='par_1_75' title="bbox 128 3925 3335 4003">
     <span class='ocr_line' id='line_1_75' title="bbox 128 3925 3335 4003; baseline -0 -25"><span class='ocrx_word' id='word_1_545' title='bbox 128 3927 204 3979; x_wconf 76' lang='grc' dir='ltr'>διὰ</span> <span class='ocrx_word' id='word_1_546' title='bbox 242 3933 309 3983; x_wconf 71' lang='grc' dir='ltr'>τὰ</span> <span class='ocrx_word' id='word_1_547' title='bbox 340 3931 610 4003; x_wconf 83' lang='grc' dir='ltr'>δρώμενα,</span> <span class='ocrx_word' id='word_1_548' title='bbox 677 3931 1079 4003; x_wconf 85' lang='grc' dir='ltr'>ἐπιπέμπονται</span> <span class='ocrx_word' id='word_1_549' title='bbox 1113 3931 1335 3998; x_wconf 79' lang='grc' dir='ltr'>ἄγγελοι</span> <span class='ocrx_word' id='word_1_550' title='bbox 1381 3931 1668 4001; x_wconf 79' lang='grc' dir='ltr'>δηλοῦντες</span> <span class='ocrx_word' id='word_1_551' title='bbox 1706 3930 1873 4000; x_wconf 81' lang='grc' dir='ltr'>αύτῷ,</span> <span class='ocrx_word' id='word_1_552' title='bbox 1939 3932 2021 3983; x_wconf 87' lang='grc' dir='ltr'>ὅτι</span> <span class='ocrx_word' id='word_1_553' title='bbox 2081 3931 2229 3992; x_wconf 72' lang='grc' dir='ltr'>τέλος</span> <span class='ocrx_word' id='word_1_554' title='bbox 2255 3930 2436 3994; x_wconf 75' lang='grc' dir='ltr'>ἕξουσι</span> <span class='ocrx_word' id='word_1_555' title='bbox 2489 3932 2554 3982; x_wconf 85' lang='grc' dir='ltr'>τὰ</span> <span class='ocrx_word' id='word_1_556' title='bbox 2581 3931 2836 3998; x_wconf 81' lang='grc' dir='ltr'>δυσχερῆ,</span> <span class='ocrx_word' id='word_1_557' title='bbox 2872 3929 2964 3981; x_wconf 78' lang='grc' dir='ltr'>καὶ</span> <span class='ocrx_word' id='word_1_558' title='bbox 2995 3929 3086 3978; x_wconf 87' lang='grc' dir='ltr'>τὸν</span> <span class='ocrx_word' id='word_1_559' title='bbox 3141 3925 3335 3993; x_wconf 81' lang='grc' dir='ltr'>καιρὸν</span> 
     </span>
    </p>
   </div>
   <div class='ocr_carea' id='block_1_76' title="bbox 126 4015 3332 4094">
    <p class='ocr_par' dir='ltr' id='par_1_76' title="bbox 126 4015 3332 4094">
     <span class='ocr_line' id='line_1_76' title="bbox 126 4015 3332 4094; baseline -0.003 -19"><span class='ocrx_word' id='word_1_560' title='bbox 126 4023 450 4089; x_wconf 76' lang='grc' dir='ltr'>διδάσκοντες</span> <span class='ocrx_word' id='word_1_561' title='bbox 501 4027 599 4094; x_wconf 80' lang='grc' dir='ltr'>τῆς</span> <span class='ocrx_word' id='word_1_562' title='bbox 661 4025 840 4078; x_wconf 76' lang='grc' dir='ltr'>αὐτῶν</span> <span class='ocrx_word' id='word_1_563' title='bbox 892 4025 1292 4094; x_wconf 84' lang='grc' dir='ltr'>παρελεύσεως.</span> <span class='ocrx_word' id='word_1_564' title='bbox 1348 4025 1458 4078; x_wconf 78' lang='grc' dir='ltr'>Καὶ</span> <span class='ocrx_word' id='word_1_565' title='bbox 1525 4024 1714 4092; x_wconf 68' lang='grc' dir='ltr'>ἠρώτα</span> <span class='ocrx_word' id='word_1_566' title='bbox 1753 4024 1936 4092; x_wconf 72' lang='grc' dir='ltr'>ἕτερος</span> <span class='ocrx_word' id='word_1_567' title='bbox 1996 4023 2086 4076; x_wconf 73' lang='grc' dir='ltr'>τὸν</span> <span class='ocrx_word' id='word_1_568' title='bbox 2116 4023 2321 4092; x_wconf 69' lang='grc' dir='ltr'>ἕτερον.</span> <span class='ocrx_word' id='word_1_569' title='bbox 2356 4022 2430 4074; x_wconf 80' lang='grc' dir='ltr'>Τὸ</span> <span class='ocrx_word' id='word_1_570' title='bbox 2474 4021 2582 4089; x_wconf 86' lang='grc' dir='ltr'>γὰρ</span> <span class='ocrx_word' id='word_1_571' title='bbox 2622 4019 2888 4089; x_wconf 73' lang='grc' dir='ltr'>Φελμουνὶ</span> <span class='ocrx_word' id='word_1_572' title='bbox 2919 4015 3332 4085; x_wconf 76' lang='grc' dir='ltr'>ἐξελληνιζόμε-</span> 
     </span>
    </p>
   </div>
   <div class='ocr_carea' id='block_1_77' title="bbox 123 4109 3327 4187">
    <p class='ocr_par' dir='ltr' id='par_1_77' title="bbox 123 4109 3327 4187">
     <span class='ocr_line' id='line_1_77' title="bbox 123 4109 3327 4187; baseline -0.003 -19"><span class='ocrx_word' id='word_1_573' title='bbox 123 4133 220 4182; x_wconf 86' lang='grc' dir='ltr'>νον,</span> <span class='ocrx_word' id='word_1_574' title='bbox 250 4116 371 4170; x_wconf 76' lang='grc' dir='ltr'>τινὰ</span> <span class='ocrx_word' id='word_1_575' title='bbox 405 4115 682 4187; x_wconf 80' lang='grc' dir='ltr'>σημαίνει.</span> <span class='ocrx_word' id='word_1_576' title='bbox 721 4114 934 4186; x_wconf 83' lang='grc' dir='ltr'>Ἥρὼτα</span> <span class='ocrx_word' id='word_1_577' title='bbox 964 4115 1021 4168; x_wconf 84' lang='grc' dir='ltr'>δέ</span> <span class='ocrx_word' id='word_1_578' title='bbox 1052 4117 1147 4185; x_wconf 85' lang='grc' dir='ltr'>οὐχ</span> <span class='ocrx_word' id='word_1_579' title='bbox 1172 4117 1245 4178; x_wconf 78' lang='grc' dir='ltr'>ὡς</span> <span class='ocrx_word' id='word_1_580' title='bbox 1275 4113 1506 4181; x_wconf 76' lang='grc' dir='ltr'>ἀγνοῶν,</span> <span class='ocrx_word' id='word_1_581' title='bbox 1542 4115 1658 4168; x_wconf 80' lang='grc' dir='ltr'>ἀλλ’</span> <span class='ocrx_word' id='word_1_582' title='bbox 1701 4114 1787 4167; x_wconf 75' lang='grc' dir='ltr'>ἵνα</span> <span class='ocrx_word' id='word_1_583' title='bbox 1853 4115 1999 4186; x_wconf 80' lang='grc' dir='ltr'>μάθῃ</span> <span class='ocrx_word' id='word_1_584' title='bbox 2059 4115 2086 4165; x_wconf 86' lang='grc' dir='ltr'>ὁ</span> <span class='ocrx_word' id='word_1_585' title='bbox 2113 4113 2336 4183; x_wconf 84' lang='grc' dir='ltr'>Δανιήλ.</span> <span class='ocrx_word' id='word_1_586' title='bbox 2398 4113 2456 4164; x_wconf 89' lang='lat'>&#39;0</span> <span class='ocrx_word' id='word_1_587' title='bbox 2484 4111 2528 4162; x_wconf 88' lang='grc' dir='ltr'>δ’</span> <span class='ocrx_word' id='word_1_588' title='bbox 2569 4111 2920 4181; x_wconf 85' lang='grc' dir='ltr'>ἐρωτώμενος</span> <span class='ocrx_word' id='word_1_589' title='bbox 2971 4109 3327 4177; x_wconf 82' lang='grc' dir='ltr'>ἁπεκρίνατο·</span> 
     </span>
    </p>
   </div>
   <div class='ocr_carea' id='block_1_78' title="bbox 130 4200 3328 4278">
    <p class='ocr_par' dir='ltr' id='par_1_78' title="bbox 130 4200 3328 4278">
     <span class='ocr_line' id='line_1_78' title="bbox 130 4200 3328 4278; baseline -0.002 -18"><span class='ocrx_word' id='word_1_590' title='bbox 130 4208 346 4278; x_wconf 80' lang='grc' dir='ltr'>Ἡμέραι</span> <span class='ocrx_word' id='word_1_591' title='bbox 386 4209 646 4278; x_wconf 86' lang='grc' dir='ltr'>δισχίλιαι</span> <span class='ocrx_word' id='word_1_592' title='bbox 700 4208 792 4260; x_wconf 66' lang='grc' dir='ltr'>καὶ</span> <span class='ocrx_word' id='word_1_593' title='bbox 821 4208 1133 4277; x_wconf 80' lang='grc' dir='ltr'>τριακόσιαι</span> <span class='ocrx_word' id='word_1_594' title='bbox 1162 4209 1265 4272; x_wconf 73' lang='grc' dir='ltr'>ἕως</span> <span class='ocrx_word' id='word_1_595' title='bbox 1303 4210 1539 4277; x_wconf 77' lang='grc' dir='ltr'>ἑσπέρας</span> <span class='ocrx_word' id='word_1_596' title='bbox 1609 4209 1701 4262; x_wconf 71' lang='grc' dir='ltr'>καὶ</span> <span class='ocrx_word' id='word_1_597' title='bbox 1739 4209 1904 4277; x_wconf 80' lang='grc' dir='ltr'>πρωὶ,</span> <span class='ocrx_word' id='word_1_598' title='bbox 1945 4207 2038 4258; x_wconf 76' lang='grc' dir='ltr'>καὶ</span> <span class='ocrx_word' id='word_1_599' title='bbox 2107 4205 2574 4276; x_wconf 83' lang='grc' dir='ltr'>καθαρισθήσεται</span> <span class='ocrx_word' id='word_1_600' title='bbox 2623 4205 2684 4255; x_wconf 81' lang='grc' dir='ltr'>τὸ</span> <span class='ocrx_word' id='word_1_601' title='bbox 2730 4204 2902 4270; x_wconf 75' lang='grc' dir='ltr'>ἅγιον.</span> <span class='ocrx_word' id='word_1_602' title='bbox 2936 4201 3207 4268; x_wconf 85' lang='grc' dir='ltr'>Ἑσπέραν</span> <span class='ocrx_word' id='word_1_603' title='bbox 3229 4200 3328 4269; x_wconf 87' lang='grc' dir='ltr'>μέν</span> 
     </span>
    </p>
   </div>
   <div class='ocr_carea' id='block_1_79' title="bbox 119 4293 3336 4375">
    <p class='ocr_par' dir='ltr' id='par_1_79' title="bbox 119 4293 3336 4375">
     <span class='ocr_line' id='line_1_79' title="bbox 119 4293 3336 4375; baseline -0 -27"><span class='ocrx_word' id='word_1_604' title='bbox 119 4297 200 4350; x_wconf 77' lang='grc' dir='ltr'>οὖν</span> <span class='ocrx_word' id='word_1_605' title='bbox 227 4301 448 4354; x_wconf 83' lang='grc' dir='ltr'>ἐκάλεσε</span> <span class='ocrx_word' id='word_1_606' title='bbox 491 4301 590 4368; x_wconf 79' lang='grc' dir='ltr'>τὴν</span> <span class='ocrx_word' id='word_1_607' title='bbox 619 4301 792 4371; x_wconf 78' lang='grc' dir='ltr'>ἀρχὴν</span> <span class='ocrx_word' id='word_1_608' title='bbox 817 4299 926 4354; x_wconf 83' lang='grc' dir='ltr'>τῶν</span> <span class='ocrx_word' id='word_1_609' title='bbox 950 4301 1208 4371; x_wconf 80' lang='grc' dir='ltr'>ἀνιαρῶν,</span> <span class='ocrx_word' id='word_1_610' title='bbox 1245 4301 1396 4370; x_wconf 75' lang='grc' dir='ltr'>ἦκαὶ</span> <span class='ocrx_word' id='word_1_611' title='bbox 1452 4301 1571 4352; x_wconf 86' lang='grc' dir='ltr'>ὅλον</span> <span class='ocrx_word' id='word_1_612' title='bbox 1632 4300 1721 4354; x_wconf 73' lang='grc' dir='ltr'>τὸν</span> <span class='ocrx_word' id='word_1_613' title='bbox 1760 4302 1949 4370; x_wconf 83' lang='grc' dir='ltr'>χρόνον</span> <span class='ocrx_word' id='word_1_614' title='bbox 1981 4300 2162 4353; x_wconf 82' lang='grc' dir='ltr'>αὐτῶν</span> <span class='ocrx_word' id='word_1_615' title='bbox 2196 4315 2208 4327; x_wconf 87' lang='grc'><strong>·</strong></span> <span class='ocrx_word' id='word_1_616' title='bbox 2256 4299 2414 4351; x_wconf 73' lang='grc' dir='ltr'>νυκτὶ</span> <span class='ocrx_word' id='word_1_617' title='bbox 2479 4301 2586 4368; x_wconf 75' lang='grc' dir='ltr'>γὰρ</span> <span class='ocrx_word' id='word_1_618' title='bbox 2635 4298 2728 4348; x_wconf 75' lang='grc' dir='ltr'>καὶ</span> <span class='ocrx_word' id='word_1_619' title='bbox 2786 4298 2958 4364; x_wconf 86' lang='grc' dir='ltr'>σκότῳ</span> <span class='ocrx_word' id='word_1_620' title='bbox 2997 4294 3067 4346; x_wconf 84' lang='grc' dir='ltr'>τὰ</span> <span class='ocrx_word' id='word_1_621' title='bbox 3117 4293 3336 4375; x_wconf 78' lang='grc' dir='ltr'>λυπηρὰ</span> 
     </span>
    </p>
   </div>
   <div class='ocr_carea' id='block_1_80' title="bbox 118 4382 3327 4466">
    <p class='ocr_par' dir='ltr' id='par_1_80' title="bbox 118 4382 3327 4466">
     <span class='ocr_line' id='line_1_80' title="bbox 118 4382 3327 4466; baseline -0.001 -23"><span class='ocrx_word' id='word_1_622' title='bbox 118 4393 246 4446; x_wconf 82' lang='grc' dir='ltr'>ἒοικε</span> <span class='ocrx_word' id='word_1_623' title='bbox 277 4412 289 4424; x_wconf 90' lang='grc'>·</span> <span class='ocrx_word' id='word_1_624' title='bbox 317 4394 546 4466; x_wconf 84' lang='grc' dir='ltr'>πρωῒδέ</span> <span class='ocrx_word' id='word_1_625' title='bbox 583 4394 681 4465; x_wconf 81' lang='grc' dir='ltr'>τὴν</span> <span class='ocrx_word' id='word_1_626' title='bbox 719 4395 858 4464; x_wconf 80' lang='grc' dir='ltr'>μετὰ</span> <span class='ocrx_word' id='word_1_627' title='bbox 908 4397 1006 4457; x_wconf 79' lang='grc' dir='ltr'>τὰς</span> <span class='ocrx_word' id='word_1_628' title='bbox 1040 4397 1324 4465; x_wconf 74' lang='grc' dir='ltr'>συμφορὰς</span> <span class='ocrx_word' id='word_1_629' title='bbox 1377 4396 1658 4464; x_wconf 86' lang='grc' dir='ltr'>εἰρηναίαν</span> <span class='ocrx_word' id='word_1_630' title='bbox 1699 4396 2052 4448; x_wconf 82' lang='grc' dir='ltr'>κατάστασιν.</span> <span class='ocrx_word' id='word_1_631' title='bbox 2103 4393 2274 4444; x_wconf 89' lang='grc' dir='ltr'>Τοῦτο</span> <span class='ocrx_word' id='word_1_632' title='bbox 2312 4393 2494 4444; x_wconf 86' lang='grc' dir='ltr'>τοίνυν</span> <span class='ocrx_word' id='word_1_633' title='bbox 2549 4391 2829 4460; x_wconf 83' lang='grc' dir='ltr'>σημαίνει,</span> <span class='ocrx_word' id='word_1_634' title='bbox 2868 4391 2918 4442; x_wconf 89' lang='grc' dir='ltr'>δί</span> <span class='ocrx_word' id='word_1_635' title='bbox 2985 4382 3059 4443; x_wconf 81' lang='grc' dir='ltr'>ὧν</span> <span class='ocrx_word' id='word_1_636' title='bbox 3139 4407 3327 4458; x_wconf 84' lang='grc' dir='ltr'>φησιν,</span> 
     </span>
    </p>
   </div>
   <div class='ocr_carea' id='block_1_81' title="bbox 117 4483 3331 4558">
    <p class='ocr_par' dir='ltr' id='par_1_81' title="bbox 117 4483 3331 4558">
     <span class='ocr_line' id='line_1_81' title="bbox 117 4483 3331 4558; baseline -0.001 -23"><span class='ocrx_word' id='word_1_637' title='bbox 117 4485 188 4536; x_wconf 86' lang='grc' dir='ltr'>ὅτι</span> <span class='ocrx_word' id='word_1_638' title='bbox 210 4486 311 4538; x_wconf 76' lang='grc' dir='ltr'>ἀπὸ</span> <span class='ocrx_word' id='word_1_639' title='bbox 335 4487 435 4554; x_wconf 80' lang='grc' dir='ltr'>τῆς</span> <span class='ocrx_word' id='word_1_640' title='bbox 479 4487 586 4538; x_wconf 85' lang='grc' dir='ltr'>τῶν</span> <span class='ocrx_word' id='word_1_641' title='bbox 613 4487 798 4540; x_wconf 85' lang='grc' dir='ltr'>κακῶν</span> <span class='ocrx_word' id='word_1_642' title='bbox 827 4488 999 4557; x_wconf 79' lang='grc' dir='ltr'>ἀρχῆς</span> <span class='ocrx_word' id='word_1_643' title='bbox 1061 4488 1222 4558; x_wconf 88' lang='grc' dir='ltr'>μέχρι</span> <span class='ocrx_word' id='word_1_644' title='bbox 1270 4489 1452 4550; x_wconf 82' lang='grc' dir='ltr'>τέλους</span> <span class='ocrx_word' id='word_1_645' title='bbox 1487 4487 1662 4539; x_wconf 60' lang='lat' dir='ltr'>tsi-15w</span> <span class='ocrx_word' id='word_1_646' title='bbox 1700 4488 1855 4548; x_wconf 69' lang='grc' dir='ltr'>τόσος</span> <span class='ocrx_word' id='word_1_647' title='bbox 1921 4487 2109 4556; x_wconf 78' lang='grc' dir='ltr'>καιρὸς</span> <span class='ocrx_word' id='word_1_648' title='bbox 2172 4484 2587 4554; x_wconf 83' lang='grc' dir='ltr'>παρελεύσεται.</span> <span class='ocrx_word' id='word_1_649' title='bbox 2618 4483 3122 4553; x_wconf 76' lang='grc' dir='ltr'>Αίδὲήμέραιπρδς</span> <span class='ocrx_word' id='word_1_650' title='bbox 3149 4485 3331 4536; x_wconf 82' lang='grc' dir='ltr'>ἐνιαυ-</span> 
     </span>
    </p>
   </div>
   <div class='ocr_carea' id='block_1_82' title="bbox 117 4573 3328 4646">
    <p class='ocr_par' dir='ltr' id='par_1_82' title="bbox 117 4573 3328 4646">
     <span class='ocr_line' id='line_1_82' title="bbox 117 4573 3328 4646; baseline 0.001 -20"><span class='ocrx_word' id='word_1_651' title='bbox 117 4575 228 4636; x_wconf 79' lang='grc' dir='ltr'>τοὺς</span> <span class='ocrx_word' id='word_1_652' title='bbox 273 4575 671 4646; x_wconf 76' lang='grc' dir='ltr'>ἀριθμούμεναι</span> <span class='ocrx_word' id='word_1_653' title='bbox 723 4578 783 4642; x_wconf 80' lang='grc' dir='ltr'>ἓξ</span> <span class='ocrx_word' id='word_1_654' title='bbox 821 4577 1142 4631; x_wconf 80' lang='grc' dir='ltr'>ἀποτελοῦσι</span> <span class='ocrx_word' id='word_1_655' title='bbox 1179 4578 1378 4646; x_wconf 79' lang='grc' dir='ltr'>μῆνας,</span> <span class='ocrx_word' id='word_1_656' title='bbox 1421 4579 1512 4629; x_wconf 80' lang='grc' dir='ltr'>καὶ</span> <span class='ocrx_word' id='word_1_657' title='bbox 1547 4576 1865 4646; x_wconf 77' lang='grc' dir='ltr'>ἰσαρίθμους</span> <span class='ocrx_word' id='word_1_658' title='bbox 1934 4577 2234 4640; x_wconf 78' lang='grc' dir='ltr'>ἐνιαυτοὺς,</span> <span class='ocrx_word' id='word_1_659' title='bbox 2263 4577 2402 4629; x_wconf 74' lang='grc' dir='ltr'>κατὰ</span> <span class='ocrx_word' id='word_1_660' title='bbox 2447 4573 2545 4645; x_wconf 82' lang='grc' dir='ltr'>τὴν</span> <span class='ocrx_word' id='word_1_661' title='bbox 2620 4575 2726 4627; x_wconf 78' lang='grc' dir='ltr'>τῶν</span> <span class='ocrx_word' id='word_1_662' title='bbox 2811 4574 3080 4642; x_wconf 75' lang='grc' dir='ltr'>Ἐϐραίων</span> <span class='ocrx_word' id='word_1_663' title='bbox 3127 4573 3328 4643; x_wconf 82' lang='grc' dir='ltr'>ψῆφον.</span> 
     </span>
    </p>
   </div>
   <div class='ocr_carea' id='block_1_83' title="bbox 129 4666 3330 4741">
    <p class='ocr_par' dir='ltr' id='par_1_83' title="bbox 129 4666 3330 4741">
     <span class='ocr_line' id='line_1_83' title="bbox 129 4666 3330 4741; baseline 0 -20"><span class='ocrx_word' id='word_1_664' title='bbox 129 4668 238 4723; x_wconf 76' lang='grc' dir='ltr'>Ἐπὶ</span> <span class='ocrx_word' id='word_1_665' title='bbox 269 4671 533 4724; x_wconf 84' lang='grc' dir='ltr'>τοσοῦτον·</span> <span class='ocrx_word' id='word_1_666' title='bbox 572 4671 683 4741; x_wconf 74' lang='grc' dir='ltr'>γὰρ</span> <span class='ocrx_word' id='word_1_667' title='bbox 721 4670 752 4738; x_wconf 87' lang='grc' dir='ltr'>ἠ</span> <span class='ocrx_word' id='word_1_668' title='bbox 803 4672 890 4721; x_wconf 86' lang='grc' dir='ltr'>ἐπ’</span> <span class='ocrx_word' id='word_1_669' title='bbox 918 4671 1195 4738; x_wconf 81' lang='grc' dir='ltr'>Ἀντιόχου</span> <span class='ocrx_word' id='word_1_670' title='bbox 1247 4674 1357 4732; x_wconf 78' lang='grc' dir='ltr'>τοῖς</span> <span class='ocrx_word' id='word_1_671' title='bbox 1394 4669 1669 4730; x_wconf 85' lang='grc' dir='ltr'>Ἰουδαίοις</span> <span class='ocrx_word' id='word_1_672' title='bbox 1712 4671 2067 4740; x_wconf 81' lang='grc' dir='ltr'>ἐπενεχθεῖσα</span> <span class='ocrx_word' id='word_1_673' title='bbox 2131 4669 2388 4741; x_wconf 76' lang='grc' dir='ltr'>συμφορὰ</span> <span class='ocrx_word' id='word_1_674' title='bbox 2412 4668 2773 4739; x_wconf 70' lang='grc' dir='ltr'>ἐπεκράτησε.</span> <span class='ocrx_word' id='word_1_675' title='bbox 2808 4666 2992 4720; x_wconf 85' lang='grc' dir='ltr'>Ταῦτα</span> <span class='ocrx_word' id='word_1_676' title='bbox 3055 4667 3209 4736; x_wconf 82' lang='grc' dir='ltr'>παρὰ</span> <span class='ocrx_word' id='word_1_677' title='bbox 3238 4668 3330 4722; x_wconf 88' lang='grc' dir='ltr'>τοῦ</span> 
     </span>
    </p>
   </div>
   <div class='ocr_carea' id='block_1_84' title="bbox 117 4761 2218 4834">
    <p class='ocr_par' dir='ltr' id='par_1_84' title="bbox 117 4761 2218 4834">
     <span class='ocr_line' id='line_1_84' title="bbox 117 4761 2218 4834; baseline 0.002 -22"><span class='ocrx_word' id='word_1_678' title='bbox 117 4764 439 4832; x_wconf 80' lang='grc' dir='ltr'>ἀρχαγγέλου</span> <span class='ocrx_word' id='word_1_679' title='bbox 481 4763 721 4833; x_wconf 80' lang='grc' dir='ltr'>Γαὸριὴλ</span> <span class='ocrx_word' id='word_1_680' title='bbox 741 4761 819 4826; x_wconf 87' lang='grc' dir='ltr'>τῷ</span> <span class='ocrx_word' id='word_1_681' title='bbox 855 4762 1107 4834; x_wconf 83' lang='grc' dir='ltr'>προφήτῃ</span> <span class='ocrx_word' id='word_1_682' title='bbox 1136 4761 1617 4833; x_wconf 79' lang='grc' dir='ltr'>ζητοῦντισύνεσιν</span> <span class='ocrx_word' id='word_1_683' title='bbox 1658 4763 1894 4831; x_wconf 77' lang='grc' dir='ltr'>ἐμυήθη.</span> <span class='ocrx_word' id='word_1_684' title='bbox 2196 4761 2218 4777; x_wconf 56' lang='grc'>⁸</span> 
     </span>
    </p>
   </div>
   <div class='ocr_carea' id='block_1_85' title="bbox 177 4850 1677 4924">
    <p class='ocr_par' dir='ltr' id='par_1_85' title="bbox 177 4852 1660 4924">
     <span class='ocr_line' id='line_1_85' title="bbox 177 4852 1660 4924; baseline 0 -18"><span class='ocrx_word' id='word_1_685' title='bbox 177 4853 250 4908; x_wconf 68' lang='lat'>9&#39;.</span> <span class='ocrx_word' id='word_1_686' title='bbox 286 4852 416 4908; x_wconf 71' lang='grc' dir='ltr'>Εἶτα</span> <span class='ocrx_word' id='word_1_687' title='bbox 456 4855 544 4906; x_wconf 81' lang='grc' dir='ltr'>διὰ</span> <span class='ocrx_word' id='word_1_688' title='bbox 603 4854 701 4924; x_wconf 82' lang='grc' dir='ltr'>τὴν</span> <span class='ocrx_word' id='word_1_689' title='bbox 763 4855 870 4907; x_wconf 83' lang='grc' dir='ltr'>τῶν</span> <span class='ocrx_word' id='word_1_690' title='bbox 933 4855 1223 4923; x_wconf 80' lang='grc' dir='ltr'>ὁμοφύλων</span> <span class='ocrx_word' id='word_1_691' title='bbox 1266 4855 1660 4923; x_wconf 76' lang='grc' dir='ltr'>αἰχμαλωσίαν,</span> 
     </span>
    </p>
   </div>
   <div class='ocr_carea' id='block_1_86' title="bbox 1778 4850 3323 4924">
    <p class='ocr_par' dir='ltr' id='par_1_86' title="bbox 1839 4850 3323 4920">
     <span class='ocr_line' id='line_1_86' title="bbox 1839 4850 3323 4920; baseline -0.002 -12"><span class='ocrx_word' id='word_1_692' title='bbox 1839 4854 1930 4908; x_wconf 81' lang='lat' dir='ltr'>IX.</span> <span class='ocrx_word' id='word_1_693' title='bbox 1961 4853 2162 4908; x_wconf 89' lang='lat' dir='ltr'><strong>Deinde</strong></span> <span class='ocrx_word' id='word_1_694' title='bbox 2186 4851 2382 4904; x_wconf 88' lang='lat' dir='ltr'><strong>iterum</strong></span> <span class='ocrx_word' id='word_1_695' title='bbox 2410 4851 2512 4904; x_wconf 88' lang='lat' dir='ltr'>sub</span> <span class='ocrx_word' id='word_1_696' title='bbox 2544 4851 2702 4904; x_wconf 88' lang='lat' dir='ltr'><strong>Dario</strong></span> <span class='ocrx_word' id='word_1_697' title='bbox 2736 4851 3013 4904; x_wconf 81' lang='lat' dir='ltr'><strong>Medorum</strong></span> <span class='ocrx_word' id='word_1_698' title='bbox 3052 4850 3323 4920; x_wconf 82' lang='lat' dir='ltr'><strong>principe.</strong></span> 
     </span>
    </p>
   </div>
   <div class='ocr_carea' id='block_1_87' title="bbox 118 4942 1677 5019">
    <p class='ocr_par' dir='ltr' id='par_1_87' title="bbox 118 4944 1668 5016">
     <span class='ocr_line' id='line_1_87' title="bbox 118 4944 1668 5016; baseline 0.003 -21"><span class='ocrx_word' id='word_1_699' title='bbox 118 4946 199 4998; x_wconf 71' lang='grc' dir='ltr'>ἐπὶ</span> <span class='ocrx_word' id='word_1_700' title='bbox 239 4946 463 5016; x_wconf 81' lang='grc' dir='ltr'>Δαρείου</span> <span class='ocrx_word' id='word_1_701' title='bbox 502 4946 665 5000; x_wconf 84' lang='grc' dir='ltr'>πάλιν</span> <span class='ocrx_word' id='word_1_702' title='bbox 725 4944 820 4998; x_wconf 89' lang='grc' dir='ltr'>τοῦ</span> <span class='ocrx_word' id='word_1_703' title='bbox 876 4946 1077 5014; x_wconf 85' lang='grc' dir='ltr'>Μήδων</span> <span class='ocrx_word' id='word_1_704' title='bbox 1142 4946 1419 5016; x_wconf 76' lang='grc' dir='ltr'>ἄρχοντος,</span> <span class='ocrx_word' id='word_1_705' title='bbox 1458 4949 1516 5009; x_wconf 86' lang='grc' dir='ltr'>ὃς</span> <span class='ocrx_word' id='word_1_706' title='bbox 1574 4949 1668 5001; x_wconf 74' lang='grc' dir='ltr'>καὶ</span> 
     </span>
    </p>
   </div>
   <div class='ocr_carea' id='block_1_88' title="bbox 1778 4942 3324 5019">
    <p class='ocr_par' dir='ltr' id='par_1_88' title="bbox 1778 4942 3324 5019">
     <span class='ocr_line' id='line_1_88' title="bbox 1778 4942 3324 5019; baseline -0.002 -19"><span class='ocrx_word' id='word_1_707' title='bbox 1778 4946 1881 5019; x_wconf 70' lang='lat' dir='ltr'><strong>[qui</strong></span> <span class='ocrx_word' id='word_1_708' title='bbox 1908 4956 1962 4999; x_wconf 86' lang='lat' dir='ltr'>et</span> <span class='ocrx_word' id='word_1_709' title='bbox 1996 4945 2266 5016; x_wconf 82' lang='lat' dir='ltr'><strong>Cyaxares</strong></span> <span class='ocrx_word' id='word_1_710' title='bbox 2293 4953 2349 4998; x_wconf 92' lang='lat' dir='ltr'>et</span> <span class='ocrx_word' id='word_1_711' title='bbox 2387 4943 2707 5010; x_wconf 85' lang='lat' dir='ltr'><strong>Assuerus,)</strong></span> <span class='ocrx_word' id='word_1_712' title='bbox 2736 4942 2984 5010; x_wconf 74' lang='lat' dir='ltr'><strong>Astyagis</strong></span> <span class='ocrx_word' id='word_1_713' title='bbox 3023 4942 3155 5003; x_wconf 86' lang='lat' dir='ltr'><strong>lilio,</strong></span> <span class='ocrx_word' id='word_1_714' title='bbox 3189 4944 3324 4997; x_wconf 86' lang='lat' dir='ltr'><strong>Pro-</strong></span> 
     </span>
    </p>
   </div>
   <div class='ocr_carea' id='block_1_89' title="bbox 123 5034 1677 5106">
    <p class='ocr_par' dir='ltr' id='par_1_89' title="bbox 123 5034 1668 5105">
     <span class='ocr_line' id='line_1_89' title="bbox 123 5034 1668 5105; baseline 0.002 -20"><span class='ocrx_word' id='word_1_715' title='bbox 123 5034 398 5103; x_wconf 80' lang='grc' dir='ltr'>Κυαξάρης</span> <span class='ocrx_word' id='word_1_716' title='bbox 451 5035 756 5104; x_wconf 84' lang='grc' dir='ltr'>ὡνόμαστο,</span> <span class='ocrx_word' id='word_1_717' title='bbox 802 5036 898 5089; x_wconf 75' lang='grc' dir='ltr'>καὶ</span> <span class='ocrx_word' id='word_1_718' title='bbox 960 5035 1277 5105; x_wconf 84' lang='grc' dir='ltr'>Ἀσούηρος,</span> <span class='ocrx_word' id='word_1_719' title='bbox 1341 5037 1668 5105; x_wconf 83' lang='grc' dir='ltr'>Ἀστυάγους</span> 
     </span>
    </p>
   </div>
   <div class='ocr_carea' id='block_1_90' title="bbox 1778 5034 3322 5106">
    <p class='ocr_par' dir='ltr' id='par_1_90' title="bbox 1778 5036 3322 5105">
     <span class='ocr_line' id='line_1_90' title="bbox 1778 5036 3322 5105; baseline -0.001 -15"><span class='ocrx_word' id='word_1_720' title='bbox 1778 5036 2360 5105; x_wconf 73' lang='lat' dir='ltr'><strong>phetam-pOpularium</strong></span> <span class='ocrx_word' id='word_1_721' title='bbox 2407 5050 2630 5088; x_wconf 84' lang='lat' dir='ltr'><strong>suorum</strong></span> <span class='ocrx_word' id='word_1_722' title='bbox 2692 5036 3059 5103; x_wconf 82' lang='lat' dir='ltr'><strong>captivitatem</strong></span> <span class='ocrx_word' id='word_1_723' title='bbox 3112 5036 3322 5088; x_wconf 80' lang='lat' dir='ltr'><strong>lamen-</strong></span> 
     </span>
    </p>
   </div>
   <div class='ocr_carea' id='block_1_91' title="bbox 119 5121 1677 5195">
    <p class='ocr_par' dir='ltr' id='par_1_91' title="bbox 119 5121 1664 5194">
     <span class='ocr_line' id='line_1_91' title="bbox 119 5121 1664 5194; baseline 0.003 -21"><span class='ocrx_word' id='word_1_724' title='bbox 119 5121 182 5174; x_wconf 79' lang='grc' dir='ltr'>ὢν</span> <span class='ocrx_word' id='word_1_725' title='bbox 217 5125 349 5186; x_wconf 79' lang='grc' dir='ltr'>υἱὸς,</span> <span class='ocrx_word' id='word_1_726' title='bbox 373 5122 467 5177; x_wconf 88' lang='grc' dir='ltr'>τοῦ</span> <span class='ocrx_word' id='word_1_727' title='bbox 518 5123 801 5193; x_wconf 81' lang='grc' dir='ltr'>προφήτου</span> <span class='ocrx_word' id='word_1_728' title='bbox 865 5123 1213 5194; x_wconf 85' lang='grc' dir='ltr'>θρηνοῦντος,</span> <span class='ocrx_word' id='word_1_729' title='bbox 1274 5126 1367 5176; x_wconf 77' lang='grc' dir='ltr'>καὶ</span> <span class='ocrx_word' id='word_1_730' title='bbox 1401 5125 1495 5177; x_wconf 87' lang='grc' dir='ltr'>τοῦ</span> <span class='ocrx_word' id='word_1_731' title='bbox 1530 5126 1664 5179; x_wconf 87' lang='grc' dir='ltr'>Θεοῦ</span> 
     </span>
    </p>
   </div>
   <div class='ocr_carea' id='block_1_92' title="bbox 1778 5121 3319 5195">
    <p class='ocr_par' dir='ltr' id='par_1_92' title="bbox 1778 5125 3319 5195">
     <span class='ocr_line' id='line_1_92' title="bbox 1778 5125 3319 5195; baseline -0.002 -14"><span class='ocrx_word' id='word_1_732' title='bbox 1778 5137 1990 5193; x_wconf 86' lang='lat' dir='ltr'><strong>.antem,</strong></span> <span class='ocrx_word' id='word_1_733' title='bbox 2045 5138 2100 5181; x_wconf 89' lang='lat' dir='ltr'>et</span> <span class='ocrx_word' id='word_1_734' title='bbox 2129 5128 2304 5181; x_wconf 88' lang='lat' dir='ltr'><strong>Deum</strong></span> <span class='ocrx_word' id='word_1_735' title='bbox 2353 5126 2756 5195; x_wconf 87' lang='lat' dir='ltr'><strong>deprecantem,</strong></span> <span class='ocrx_word' id='word_1_736' title='bbox 2789 5125 2966 5192; x_wconf 80' lang='lat' dir='ltr'><strong>attigit</strong></span> <span class='ocrx_word' id='word_1_737' title='bbox 2994 5125 3072 5176; x_wconf 66' lang='lat' dir='ltr'>vir</span> <span class='ocrx_word' id='word_1_738' title='bbox 3099 5125 3319 5191; x_wconf 87' lang='lat' dir='ltr'><strong>quidam</strong></span> 
     </span>
    </p>
   </div>
   <div class='ocr_carea' id='block_1_93' title="bbox 116 5208 1666 5285">
    <p class='ocr_par' dir='ltr' id='par_1_93' title="bbox 116 5208 1666 5285">
     <span class='ocr_line' id='line_1_93' title="bbox 116 5208 1666 5285; baseline 0.004 -22"><span class='ocrx_word' id='word_1_739' title='bbox 116 5213 382 5282; x_wconf 73' lang='grc' dir='ltr'>δεομένου,</span> <span class='ocrx_word' id='word_1_740' title='bbox 410 5215 588 5284; x_wconf 76' lang='grc' dir='ltr'>ἣψατό</span> <span class='ocrx_word' id='word_1_741' title='bbox 608 5231 692 5276; x_wconf 89' lang='grc' dir='ltr'>τις</span> <span class='ocrx_word' id='word_1_742' title='bbox 716 5215 876 5284; x_wconf 78' lang='grc' dir='ltr'>ἀνὴρ,</span> <span class='ocrx_word' id='word_1_743' title='bbox 896 5208 938 5282; x_wconf 81' lang='grc' dir='ltr'><strong>ᾧ</strong></span> <span class='ocrx_word' id='word_1_744' title='bbox 955 5215 1123 5285; x_wconf 76' lang='grc' dir='ltr'>ὄνομα</span> <span class='ocrx_word' id='word_1_745' title='bbox 1161 5217 1419 5285; x_wconf 79' lang='grc' dir='ltr'>Γαϐριήλ.</span> <span class='ocrx_word' id='word_1_746' title='bbox 1454 5218 1666 5285; x_wconf 76' lang='grc' dir='ltr'>Ἥψατο</span> 
     </span>
    </p>
   </div>
   <div class='ocr_carea' id='block_1_94' title="bbox 118 5303 1662 5376">
    <p class='ocr_par' dir='ltr' id='par_1_94' title="bbox 118 5303 1662 5376">
     <span class='ocr_line' id='line_1_94' title="bbox 118 5303 1662 5376; baseline 0.002 -21"><span class='ocrx_word' id='word_1_747' title='bbox 118 5303 167 5355; x_wconf 79' lang='grc' dir='ltr'>δέ</span> <span class='ocrx_word' id='word_1_748' title='bbox 193 5305 356 5358; x_wconf 84' lang='grc' dir='ltr'>αὑτοῦ</span> <span class='ocrx_word' id='word_1_749' title='bbox 385 5306 521 5359; x_wconf 79' lang='grc' dir='ltr'>ὡσεὶ</span> <span class='ocrx_word' id='word_1_750' title='bbox 561 5307 711 5375; x_wconf 83' lang='grc' dir='ltr'>ὥραν</span> <span class='ocrx_word' id='word_1_751' title='bbox 741 5303 930 5366; x_wconf 88' lang='grc' dir='ltr'>θυσίας</span> <span class='ocrx_word' id='word_1_752' title='bbox 953 5307 1263 5376; x_wconf 78' lang='grc' dir='ltr'>ἑσπερινῆς,</span> <span class='ocrx_word' id='word_1_753' title='bbox 1297 5307 1328 5376; x_wconf 83' lang='grc' dir='ltr'><strong>ἦ</strong></span> <span class='ocrx_word' id='word_1_754' title='bbox 1380 5307 1520 5359; x_wconf 69' lang='grc' dir='ltr'>κατὰ</span> <span class='ocrx_word' id='word_1_755' title='bbox 1568 5307 1662 5359; x_wconf 71' lang='grc' dir='ltr'>τὸν</span> 
     </span>
    </p>
   </div>
   <div class='ocr_carea' id='block_1_95' title="bbox 118 5396 1661 5469">
    <p class='ocr_par' dir='ltr' id='par_1_95' title="bbox 118 5396 1661 5469">
     <span class='ocr_line' id='line_1_95' title="bbox 118 5396 1661 5469; baseline 0.005 -25"><span class='ocrx_word' id='word_1_756' title='bbox 118 5398 295 5466; x_wconf 73' lang='grc' dir='ltr'>καιρὸν</span> <span class='ocrx_word' id='word_1_757' title='bbox 332 5399 425 5465; x_wconf 74' lang='grc' dir='ltr'>τῆς</span> <span class='ocrx_word' id='word_1_758' title='bbox 470 5401 529 5450; x_wconf 88' lang='grc' dir='ltr'>ἐν</span> <span class='ocrx_word' id='word_1_759' title='bbox 582 5398 791 5467; x_wconf 76' lang='grc' dir='ltr'>ἑσπέρᾳ</span> <span class='ocrx_word' id='word_1_760' title='bbox 843 5396 1119 5466; x_wconf 82' lang='grc' dir='ltr'>λατρείας,</span> <span class='ocrx_word' id='word_1_761' title='bbox 1164 5399 1195 5462; x_wconf 80' lang='grc' dir='ltr'><strong>ἢ</strong></span> <span class='ocrx_word' id='word_1_762' title='bbox 1256 5399 1348 5450; x_wconf 71' lang='grc' dir='ltr'>ἐπὶ</span> <span class='ocrx_word' id='word_1_763' title='bbox 1390 5399 1661 5469; x_wconf 88' lang='grc' dir='ltr'>τοσαύτην</span> 
     </span>
    </p>
   </div>
   <div class='ocr_carea' id='block_1_96' title="bbox 116 5483 1661 5558">
    <p class='ocr_par' dir='ltr' id='par_1_96' title="bbox 116 5483 1661 5558">
     <span class='ocr_line' id='line_1_96' title="bbox 116 5483 1661 5558; baseline 0.005 -21"><span class='ocrx_word' id='word_1_764' title='bbox 116 5483 250 5556; x_wconf 81' lang='grc' dir='ltr'>ὤραν</span> <span class='ocrx_word' id='word_1_765' title='bbox 281 5487 362 5555; x_wconf 81' lang='grc' dir='ltr'>ἐφ’</span> <span class='ocrx_word' id='word_1_766' title='bbox 406 5490 537 5555; x_wconf 85' lang='grc' dir='ltr'>ὅσην</span> <span class='ocrx_word' id='word_1_767' title='bbox 590 5491 622 5556; x_wconf 92' lang='grc' dir='ltr'>ή</span> <span class='ocrx_word' id='word_1_768' title='bbox 666 5488 929 5557; x_wconf 81' lang='grc' dir='ltr'>ἐσπερινὴ</span> <span class='ocrx_word' id='word_1_769' title='bbox 976 5487 1211 5539; x_wconf 87' lang='grc' dir='ltr'>ἐτελεῖτο</span> <span class='ocrx_word' id='word_1_770' title='bbox 1257 5489 1520 5558; x_wconf 68' lang='grc' dir='ltr'>λατρεία.ξ</span> <span class='ocrx_word' id='word_1_771' title='bbox 1551 5492 1661 5544; x_wconf 76' lang='grc' dir='ltr'>Καὶ</span> 
     </span>
    </p>
   </div>
   <div class='ocr_carea' id='block_1_97' title="bbox 117 5569 1664 5646">
    <p class='ocr_par' dir='ltr' id='par_1_97' title="bbox 117 5569 1664 5646">
     <span class='ocr_line' id='line_1_97' title="bbox 117 5569 1664 5646; baseline 0.005 -20"><span class='ocrx_word' id='word_1_772' title='bbox 117 5569 224 5627; x_wconf 82' lang='grc' dir='ltr'>εἷπε</span> <span class='ocrx_word' id='word_1_773' title='bbox 249 5576 322 5646; x_wconf 82' lang='grc' dir='ltr'>τῷ</span> <span class='ocrx_word' id='word_1_774' title='bbox 340 5578 554 5643; x_wconf 72' lang='grc' dir='ltr'>Δανιὴλ·</span> <span class='ocrx_word' id='word_1_775' title='bbox 583 5578 713 5631; x_wconf 86' lang='grc' dir='ltr'>Νῦν</span> <span class='ocrx_word' id='word_1_776' title='bbox 734 5578 993 5644; x_wconf 80' lang='grc' dir='ltr'>ἐξῆ.ῑοον</span> <span class='ocrx_word' id='word_1_777' title='bbox 1011 5578 1373 5645; x_wconf 78' lang='grc' dir='ltr'>συμϐιϐάσαι</span> <span class='ocrx_word' id='word_1_778' title='bbox 1392 5596 1487 5632; x_wconf 87' lang='grc' dir='ltr'>σοι</span> <span class='ocrx_word' id='word_1_779' title='bbox 1517 5582 1664 5632; x_wconf 81' lang='grc' dir='ltr'>σύν-</span> 
     </span>
    </p>
   </div>
   <div class='ocr_carea' id='block_1_98' title="bbox 115 5669 1670 5738">
    <p class='ocr_par' dir='ltr' id='par_1_98' title="bbox 115 5669 1670 5738">
     <span class='ocr_line' id='line_1_98' title="bbox 115 5669 1670 5738; baseline 0.006 -21"><span class='ocrx_word' id='word_1_780' title='bbox 115 5683 255 5733; x_wconf 78' lang='grc' dir='ltr'>εσιν,</span> <span class='ocrx_word' id='word_1_781' title='bbox 283 5671 379 5721; x_wconf 80' lang='grc' dir='ltr'>καί</span> <span class='ocrx_word' id='word_1_782' title='bbox 401 5670 748 5738; x_wconf 76' lang='grc' dir='ltr'>ἀναγγεῖλαί</span> <span class='ocrx_word' id='word_1_783' title='bbox 780 5687 898 5734; x_wconf 87' lang='grc' dir='ltr'>σοι,</span> <span class='ocrx_word' id='word_1_784' title='bbox 927 5671 1016 5723; x_wconf 81' lang='grc' dir='ltr'>ὅτι</span> <span class='ocrx_word' id='word_1_785' title='bbox 1059 5671 1213 5738; x_wconf 81' lang='grc' dir='ltr'>ἀνὴρ</span> <span class='ocrx_word' id='word_1_786' title='bbox 1256 5671 1578 5738; x_wconf 79' lang='grc' dir='ltr'>ἐπιθυμιῶν</span> <span class='ocrx_word' id='word_1_787' title='bbox 1611 5669 1670 5726; x_wconf 77' lang='grc' dir='ltr'>εἴ</span> 
     </span>
    </p>
   </div>
   <div class='ocr_carea' id='block_1_99' title="bbox 119 5757 1661 5829">
    <p class='ocr_par' dir='ltr' id='par_1_99' title="bbox 119 5757 1661 5829">
     <span class='ocr_line' id='line_1_99' title="bbox 119 5757 1661 5829; baseline 0.005 -23"><span class='ocrx_word' id='word_1_788' title='bbox 119 5757 207 5809; x_wconf 81' lang='grc' dir='ltr'>σύ.</span> <span class='ocrx_word' id='word_1_789' title='bbox 231 5760 337 5812; x_wconf 78' lang='grc' dir='ltr'>Καὶ</span> <span class='ocrx_word' id='word_1_790' title='bbox 364 5759 680 5823; x_wconf 73' lang='grc' dir='ltr'>ἐννοήθητι</span> <span class='ocrx_word' id='word_1_791' title='bbox 697 5761 764 5812; x_wconf 85' lang='grc' dir='ltr'>ἐν</span> <span class='ocrx_word' id='word_1_792' title='bbox 781 5758 858 5824; x_wconf 85' lang='grc' dir='ltr'>τῷ</span> <span class='ocrx_word' id='word_1_793' title='bbox 873 5761 1110 5829; x_wconf 75' lang='grc' dir='ltr'>ῥήματι,</span> <span class='ocrx_word' id='word_1_794' title='bbox 1135 5762 1228 5814; x_wconf 81' lang='grc' dir='ltr'>καὶ</span> <span class='ocrx_word' id='word_1_795' title='bbox 1249 5764 1434 5824; x_wconf 64' lang='lat' dir='ltr'>(Ii-ru;</span> <span class='ocrx_word' id='word_1_796' title='bbox 1477 5762 1545 5813; x_wconf 81' lang='grc' dir='ltr'>ἐν</span> <span class='ocrx_word' id='word_1_797' title='bbox 1590 5763 1661 5829; x_wconf 70' lang='grc' dir='ltr'>τῇ</span> 
     </span>
    </p>
   </div>
   <div class='ocr_carea' id='block_1_100' title="bbox 119 5846 1378 5922">
    <p class='ocr_par' dir='ltr' id='par_1_100' title="bbox 119 5846 1378 5922">
     <span class='ocr_line' id='line_1_100' title="bbox 119 5846 1378 5922; baseline 0.006 -26"><span class='ocrx_word' id='word_1_798' title='bbox 119 5846 506 5916; x_wconf 61' lang='grc' dir='ltr'>ἁττιισίςισάντὶ</span> <span class='ocrx_word' id='word_1_799' title='bbox 535 5849 645 5915; x_wconf 82' lang='grc' dir='ltr'>τοῦ,</span> <span class='ocrx_word' id='word_1_800' title='bbox 687 5849 954 5920; x_wconf 72' lang='grc' dir='ltr'>’Ᾱκριθιῖς</span> <span class='ocrx_word' id='word_1_801' title='bbox 983 5852 1213 5922; x_wconf 71' lang='grc' dir='ltr'>πρόσχες</span> <span class='ocrx_word' id='word_1_802' title='bbox 1268 5856 1378 5914; x_wconf 70' lang='grc' dir='ltr'>τοῖς</span> 
     </span>
    </p>
   </div>
   <div class='ocr_carea' id='block_1_101' title="bbox 1437 5853 1664 5921">
    <p class='ocr_par' dir='ltr' id='par_1_101' title="bbox 1437 5853 1664 5921">
     <span class='ocr_line' id='line_1_101' title="bbox 1437 5853 1664 5921; baseline 0.022 -21"><span class='ocrx_word' id='word_1_803' title='bbox 1437 5853 1664 5921; x_wconf 60' lang='grc' dir='ltr'>λεγομέκ</span> 
     </span>
    </p>
   </div>
   <div class='ocr_carea' id='block_1_102' title="bbox 1760 5214 3319 5285">
    <p class='ocr_par' dir='ltr' id='par_1_102' title="bbox 1760 5214 3319 5285">
     <span class='ocr_line' id='line_1_102' title="bbox 1760 5214 3319 5285; baseline -0.003 -13"><span class='ocrx_word' id='word_1_804' title='bbox 1760 5221 1978 5272; x_wconf 88' lang='lat' dir='ltr'><strong>nomine</strong></span> <span class='ocrx_word' id='word_1_805' title='bbox 2013 5218 2253 5272; x_wconf 88' lang='lat' dir='ltr'><strong>Gabriel.</strong></span> <span class='ocrx_word' id='word_1_806' title='bbox 2294 5219 2491 5285; x_wconf 60' lang='lat' dir='ltr'><strong>Attigit</strong></span> <span class='ocrx_word' id='word_1_807' title='bbox 2529 5225 2709 5268; x_wconf 86' lang='lat' dir='ltr'><strong>autem</strong></span> <span class='ocrx_word' id='word_1_808' title='bbox 2739 5214 2840 5267; x_wconf 89' lang='lat' dir='ltr'>sub</span> <span class='ocrx_word' id='word_1_809' title='bbox 2872 5224 3086 5281; x_wconf 87' lang='lat' dir='ltr'><strong>tempus</strong></span> <span class='ocrx_word' id='word_1_810' title='bbox 3111 5215 3319 5268; x_wconf 77' lang='lat' dir='ltr'><strong>sacriﬁ-</strong></span> 
     </span>
    </p>
   </div>
   <div class='ocr_carea' id='block_1_103' title="bbox 1759 5304 3317 5377">
    <p class='ocr_par' dir='ltr' id='par_1_103' title="bbox 1759 5304 3317 5377">
     <span class='ocr_line' id='line_1_103' title="bbox 1759 5304 3317 5377; baseline -0.003 -13"><span class='ocrx_word' id='word_1_811' title='bbox 1759 5311 1828 5364; x_wconf 90' lang='lat' dir='ltr'>cii</span> <span class='ocrx_word' id='word_1_812' title='bbox 1875 5311 2189 5377; x_wconf 72' lang='lat' dir='ltr'><strong>rcspertini,</strong></span> <span class='ocrx_word' id='word_1_813' title='bbox 2216 5309 2331 5362; x_wconf 86' lang='lat' dir='ltr'><strong>sive</strong></span> <span class='ocrx_word' id='word_1_814' title='bbox 2369 5317 2585 5376; x_wconf 87' lang='lat' dir='ltr'><strong>tempus</strong></span> <span class='ocrx_word' id='word_1_815' title='bbox 2625 5304 2922 5374; x_wconf 82' lang='lat' dir='ltr'><strong>vespertini</strong></span> <span class='ocrx_word' id='word_1_816' title='bbox 2952 5305 3132 5358; x_wconf 90' lang='lat' dir='ltr'><strong>cultus</strong></span> <span class='ocrx_word' id='word_1_817' title='bbox 3155 5306 3317 5359; x_wconf 73' lang='lat' dir='ltr'><strong>intel-</strong></span> 
     </span>
    </p>
   </div>
   <div class='ocr_carea' id='block_1_104' title="bbox 1759 5397 3312 5470">
    <p class='ocr_par' dir='ltr' id='par_1_104' title="bbox 1759 5397 3312 5470">
     <span class='ocr_line' id='line_1_104' title="bbox 1759 5397 3312 5470; baseline -0.005 -14"><span class='ocrx_word' id='word_1_818' title='bbox 1759 5403 1976 5470; x_wconf 82' lang='lat' dir='ltr'><strong>ligatur.</strong></span> <span class='ocrx_word' id='word_1_819' title='bbox 2019 5403 2134 5456; x_wconf 82' lang='lat' dir='ltr'><strong>sive</strong></span> <span class='ocrx_word' id='word_1_820' title='bbox 2184 5411 2392 5455; x_wconf 87' lang='lat' dir='ltr'><strong>tantum</strong></span> <span class='ocrx_word' id='word_1_821' title='bbox 2432 5402 2688 5467; x_wconf 82' lang='lat' dir='ltr'><strong>spatium.</strong></span> <span class='ocrx_word' id='word_1_822' title='bbox 2747 5407 2949 5462; x_wconf 60' lang='lat' dir='ltr'><strong>quanto</strong></span> <span class='ocrx_word' id='word_1_823' title='bbox 2982 5397 3312 5450; x_wconf 74' lang='lat' dir='ltr'><strong>sacriﬁcium</strong></span> 
     </span>
    </p>
   </div>
   <div class='ocr_carea' id='block_1_105' title="bbox 1759 5487 3316 5562">
    <p class='ocr_par' dir='ltr' id='par_1_105' title="bbox 1759 5487 3316 5562">
     <span class='ocr_line' id='line_1_105' title="bbox 1759 5487 3316 5562; baseline -0.004 -15"><span class='ocrx_word' id='word_1_824' title='bbox 1759 5495 2131 5562; x_wconf 79' lang='lat' dir='ltr'><strong>vespertinum</strong></span> <span class='ocrx_word' id='word_1_825' title='bbox 2203 5493 2483 5562; x_wconf 79' lang='lat' dir='ltr'><strong>peragitur</strong></span> <span class='ocrx_word' id='word_1_826' title='bbox 2539 5512 2550 5542; x_wconf 76' lang='lat'><strong>.-</strong></span> <span class='ocrx_word' id='word_1_827' title='bbox 2601 5502 2651 5541; x_wconf 78' lang='lat' dir='ltr'>et</span> <span class='ocrx_word' id='word_1_828' title='bbox 2717 5501 2791 5541; x_wconf 74' lang='lat' dir='ltr'>ait</span> <span class='ocrx_word' id='word_1_829' title='bbox 2848 5490 3052 5543; x_wconf 84' lang='lat' dir='ltr'><strong>Danieli</strong></span> <span class='ocrx_word' id='word_1_830' title='bbox 3101 5506 3115 5540; x_wconf 88' lang='lat'><strong>:</strong></span> <span class='ocrx_word' id='word_1_831' title='bbox 3165 5487 3316 5541; x_wconf 85' lang='lat' dir='ltr'><strong>Nunc</strong></span> 
     </span>
    </p>
   </div>
   <div class='ocr_carea' id='block_1_106' title="bbox 1757 5579 3312 5651">
    <p class='ocr_par' dir='ltr' id='par_1_106' title="bbox 1757 5579 3312 5651">
     <span class='ocr_line' id='line_1_106' title="bbox 1757 5579 3312 5651; baseline -0.003 -16"><span class='ocrx_word' id='word_1_832' title='bbox 1757 5600 1983 5651; x_wconf 82' lang='lat' dir='ltr'><strong>egressus</strong></span> <span class='ocrx_word' id='word_1_833' title='bbox 2016 5603 2132 5636; x_wconf 76' lang='lat' dir='ltr'>sum</span> <span class='ocrx_word' id='word_1_834' title='bbox 2175 5585 2242 5635; x_wconf 84' lang='lat' dir='ltr'>ad</span> <span class='ocrx_word' id='word_1_835' title='bbox 2301 5582 2628 5633; x_wconf 72' lang='grc' dir='ltr'>ινίίιιιιῖιιιίαηι</span> <span class='ocrx_word' id='word_1_836' title='bbox 2659 5581 2750 5632; x_wconf 82' lang='lat' dir='ltr'><strong>tibi</strong></span> <span class='ocrx_word' id='word_1_837' title='bbox 2780 5579 3205 5647; x_wconf 78' lang='lat' dir='ltr'><strong>intelligentiam,</strong></span> <span class='ocrx_word' id='word_1_838' title='bbox 3263 5588 3312 5630; x_wconf 86' lang='lat' dir='ltr'>ct</span> 
     </span>
    </p>
   </div>
   <div class='ocr_carea' id='block_1_107' title="bbox 1759 5667 3313 5739">
    <p class='ocr_par' dir='ltr' id='par_1_107' title="bbox 1759 5667 3313 5739">
     <span class='ocr_line' id='line_1_107' title="bbox 1759 5667 3313 5739; baseline -0.001 -17"><span class='ocrx_word' id='word_1_839' title='bbox 1759 5673 1827 5722; x_wconf 88' lang='lat' dir='ltr'>ad</span> <span class='ocrx_word' id='word_1_840' title='bbox 1857 5671 2300 5732; x_wconf 80' lang='lat' dir='ltr'><strong>annuntiandum,</strong></span> <span class='ocrx_word' id='word_1_841' title='bbox 2334 5675 2456 5739; x_wconf 81' lang='lat' dir='ltr'><strong>quia</strong></span> <span class='ocrx_word' id='word_1_842' title='bbox 2505 5675 2581 5724; x_wconf 73' lang='lat' dir='ltr'><strong>vir</strong></span> <span class='ocrx_word' id='word_1_843' title='bbox 2627 5671 2994 5722; x_wconf 66' lang='lat' dir='ltr'><strong>deslderiorum</strong></span> <span class='ocrx_word' id='word_1_844' title='bbox 3037 5685 3106 5722; x_wconf 82' lang='lat' dir='ltr'>es.</span> <span class='ocrx_word' id='word_1_845' title='bbox 3139 5667 3313 5733; x_wconf 80' lang='lat' dir='ltr'><strong>Quare</strong></span> 
     </span>
    </p>
   </div>
   <div class='ocr_carea' id='block_1_108' title="bbox 1761 5759 3309 5832">
    <p class='ocr_par' dir='ltr' id='par_1_108' title="bbox 1761 5759 3309 5832">
     <span class='ocr_line' id='line_1_108' title="bbox 1761 5759 3309 5832; baseline 0.001 -18"><span class='ocrx_word' id='word_1_846' title='bbox 1761 5764 2030 5816; x_wconf 77' lang='lat' dir='ltr'><strong>considera</strong></span> <span class='ocrx_word' id='word_1_847' title='bbox 2082 5780 2197 5832; x_wconf 80' lang='lat' dir='ltr'><strong>qua:</strong></span> <span class='ocrx_word' id='word_1_848' title='bbox 2232 5766 2497 5825; x_wconf 72' lang='lat' dir='ltr'><strong>dicuntur,</strong></span> <span class='ocrx_word' id='word_1_849' title='bbox 2535 5774 2582 5814; x_wconf 81' lang='lat' dir='ltr'>et</span> <span class='ocrx_word' id='word_1_850' title='bbox 2630 5765 2869 5815; x_wconf 63' lang='lat' dir='ltr'><strong>visionem</strong></span> <span class='ocrx_word' id='word_1_851' title='bbox 2909 5759 3135 5829; x_wconf 69' lang='lat' dir='ltr'><strong>intelligi:</strong></span> <span class='ocrx_word' id='word_1_852' title='bbox 3163 5777 3179 5813; x_wconf 84' lang='lat'><strong>.&#39;</strong></span> <span class='ocrx_word' id='word_1_853' title='bbox 3207 5763 3309 5816; x_wconf 87' lang='lat' dir='ltr'>hoc</span> 
     </span>
    </p>
   </div>
   <div class='ocr_carea' id='block_1_109' title="bbox 1758 5851 3304 5921">
    <p class='ocr_par' dir='ltr' id='par_1_109' title="bbox 1758 5851 3304 5921">
     <span class='ocr_line' id='line_1_109' title="bbox 1758 5851 3304 5921; baseline -0.005 -10"><span class='ocrx_word' id='word_1_854' title='bbox 1758 5865 1860 5921; x_wconf 81' lang='lat' dir='ltr'><strong>est,</strong></span> <span class='ocrx_word' id='word_1_855' title='bbox 1893 5866 2097 5912; x_wconf 73' lang='lat' dir='ltr'><strong>attente</strong></span> <span class='ocrx_word' id='word_1_856' title='bbox 2154 5857 2418 5911; x_wconf 83' lang='lat' dir='ltr'><strong>ausculta.</strong></span> <span class='ocrx_word' id='word_1_857' title='bbox 2484 5855 2615 5909; x_wconf 66' lang='lat' dir='ltr'>Nam</span> <span class='ocrx_word' id='word_1_858' title='bbox 2658 5853 2816 5906; x_wconf 68' lang='lat' dir='ltr'><strong>verba</strong></span> <span class='ocrx_word' id='word_1_859' title='bbox 2870 5851 3105 5910; x_wconf 81' lang='lat' dir='ltr'><strong>obscura</strong></span> <span class='ocrx_word' id='word_1_860' title='bbox 3152 5862 3304 5915; x_wconf 84' lang='lat' dir='ltr'><strong>sunt,</strong></span> 
     </span>
    </p>
   </div>
  </div>
