4006 6328
157 396 240 458 253
1356 418 1758 481 ANNALIUM
1798 423 1946 485 LIB.
1992 425 2106 484 Ill.

3203 429 3310 493 ΞΜ

166 515 206 565 ’Δ
219 512 468 576 πόστολος,
494 514 702 584 Ἐδόθη
728 521 913 586 σοφία
951 523 1110 590 ἡμῖν,
1139 526 1324 594 φησὶν,
1360 531 1478 584 ἀπὸ
1530 535 1671 588 Θεοῦ

1779 535 1915 605 Ungi
1941 549 2188 593 sanctum
2227 541 2571 607 Sanctorum,
2599 543 2776 612 ipsum
2802 546 3016 604 scilicet
3042 544 3318 600 Christum

156 603 470 670 δικαιοσύνη
510 622 574 659 τε
618 607 714 660 καὶ
757 612 1048 679 ἀ;ιασμὸς
1097 616 1195 668 καί
1232 617 1668 689 ἀπολύτρωσιςο

157 695 230 745 καὶ
265 693 486 762 ἀλλαχοῦ
522 698 768 766 περὶτοῦ
803 702 1135 770 Εὐαγγελίου
1173 709 1420 779 γράφων,
1454 716 1676 769 Δικαιο-

152 781 282 852 σύνη
323 785 388 836 ἐν
426 787 586 850 αὐτῷ
623 791 1132 859 ἀποκαλύπτεται,
1161 799 1308 865 λέγει
1356 816 1372 831 ο
1409 805 1438 854 6
1480 801 1536 855 δὲ
1566 805 1676 857 Κύ-

151 887 262 938 ριος,
295 874 520 938 Αἰτεῖτε,
551 877 808 938 διδάσκει.
850 880 946 950 τὴν
969 882 1242 949 βασιλείαν
1269 887 1362 938 τοῦ
1390 890 1544 949 Θεοῦ.
1579 893 1673 945 καὶ

147 965 226 1028 τὴν
247 964 582 1035 δικαιοσύνην
612 969 798 1031 αὐτοῦ,
833 972 896 1038 ἣν
938 973 1096 1035 αὐτὸς
1139 975 1313 1044 ἤγαγε
1344 981 1668 1048 φανερώσας

146 1053 254 1117 ἡμῖν
281 1051 364 1104 διὰ
388 1055 486 1121 τῆς
521 1056 685 1106 αὑτοῦ
718 1057 955 1128 διδαχῆς.
1007 1063 1114 1114 Καὶ
1160 1066 1222 1119 τὸ
1268 1070 1454 1135 χρῖσαι
1482 1071 1672 1137 ’Ἂγιον

145 1143 307 1207 ἁγίων,
361 1146 525 1198 αὐτὸν
566 1147 717 1215 δηλοῖ
772 1151 862 1202 τὶν
917 1154 1194 1221 Δεσπότην
1256 1162 1657 1226 παραγενέσθαι

145 1234 368 1301 Χριστόν.
402 1237 496 1297 Τίς
530 1239 637 1306 γὰρ
666 1240 851 1310 ἕτερος
878 1242 1066 1309 ’Λγιος
1107 1245 1277 1312 ἁγίων
1308 1247 1534 1319 κληθείη
1583 1253 1669 1315 ἂν,

143 1324 179 1373 εἰ
212 1323 278 1393 μὴ
310 1327 336 1376 6
369 1326 570 1394 Κύριος
599 1330 773 1398 ἡμῶν,
798 1334 890 1384 καὶ
931 1334 1154 1402 Σωτήρ;
1195 1338 1308 1401 Ὃς,
1343 1339 1654 1410 ἁγιωσύνης

143 1413 378 1482 ὑπάρχων
427 1417 601 1486 πηγὴ,
650 1419 860 1488 χρίεται
906 1423 1004 1490 μὲν
1051 1424 1126 1493 τῷ
1185 1427 1324 1497 ἁγίῳ
1394 1430 1669 1500 Πνεύματι

1775 627 2061 683 Dominum
2090 631 2374 685 advenisse
2419 633 2710 702 signiﬁcat.
2743 633 2876 698 Quis
2902 634 3049 688 enim
3093 633 3326 688 Sanctus

1773 729 2085 774 sanctorum
2117 723 2499 790 appellabitur,
2536 732 2734 792 praeter
2783 724 3072 777 Dominum
3103 731 3158 784 et
3198 723 3325 777 Ser-

1773 817 2014 862 vatorem
2066 813 2355 865 nostrum?
2402 812 2659 877 Quicum
2717 813 2837 867 fons
2887 814 2957 867 sit
3003 813 3326 877 sanctitatis,

1775 898 1997 963 ungitur
2031 898 2119 950 ille
2148 899 2361 965 quidem
2413 909 2604 953 sancto
2644 900 2853 968 Spiritu
2885 901 3180 953 secundum
3219 901 3322 952 hu-

1773 985 2123 1048 manitatem,
2182 995 2238 1040 ut
2295 987 2462 1040 lsaias
2517 989 2904 1056 praenuntiavit
2953 990 3036 1042 bis
3104 978 3322 1043 verbis:

1774 1072 1999 1142 Spiritus
2032 1076 2240 1129 Domini
2285 1093 2440 1142 super
2485 1094 2589 1138 me,
2621 1078 2956 1145 quamobrem
3004 1079 3152 1130 unxit
3187 1094 3265 1130 me
3281 1079 3321 1129 ⁹.

1772 1163 1839 1216 Ει
1887 1172 1946 1216 ut
1980 1165 2148 1217 David
2198 1166 2409 1232 cecinit:
2440 1166 2540 1219 hoc
2599 1166 2808 1218 modo:
2850 1164 3009 1218 Unxit
3057 1176 3105 1218 te
3161 1166 3322 1224 Deus,

1774 1255 2065 1316 Deustuus,
2099 1256 2210 1308 oleo
2241 1257 2624 1318 cxsultationis,
2648 1273 2758 1325 prie
2795 1257 3114 1308 consortibus
3142 1259 3239 1308 tuis
3263 1257 3322 1308 ‘°.

1771 1345 1838 1398 Et
1869 1354 1927 1396 ut
1955 1360 2202 1399 summus
2235 1348 2603 1413 apostolorum
2628 1363 2762 1414 apex
2789 1347 2979 1400 Petrus
3001 1347 3177 1408 docet,
3201 1361 3325 1400 Cum

1772 1434 1851 1487 sic
1881 1433 1947 1487 de
1975 1433 2188 1488 Christo
2219 1436 2410 1488 scribit
2446 1453 2458 1487 :
2493 1435 2629 1487 Nam
2655 1437 2940 1488 unxiteum
2973 1436 3104 1489 Deus
3125 1437 3324 1505 Spiritu

143 1503 256 1553 κατὰ
306 1502 365 1554 τὸ
409 1505 772 1575 ἀνθρώπινον,
816 1509 892 1565 ὡς
949 1511 1177 1575 Ἡσαΐας
1226 1518 1670 1588 προανεφὼνησε,

1775 1536 1949 1577 sancto
1981 1534 2028 1578 et
2058 1525 2357 1594 potentia".
2397 1526 2658 1596 Obsignat
2690 1536 2745 1582 et
2785 1525 3070 1580 conﬁrmat
3117 1502 3326 1580 veteres

142 1596 314 1659 λέγων’
347 1596 587 1694 [li-£13110
613 1601 833 1667 Κυρίου
861 1602 954 1653 ἐπ’
979 1604 1099 1672 ἐμὲ,
1121 1601 1192 1660 οὗ
1215 1608 1448 1661 εἵνεκεν
1469 1610 1671 1677 ἔχρισέ

1775 1615 2106 1685 Scripturas,
2164 1620 2291 1671 dum
2333 1619 2462 1672 facit
2507 1621 2708 1683 omnia,
2757 1629 2810 1672 et
2839 1620 3061 1684 patitur,
3108 1634 3224 1684 qure
3272 1618 3324 1670 in

136 1696 194 1744 με
214 1697 227 1712 ⁸
252 1684 341 1732 καὶ
369 1682 444 1744 ὡς
477 1685 641 1737 Δαῦἱδ
678 1690 1042 1757 ἐμελῴδησεν,
1076 1694 1244 1746 εἰπών
1266 1710 1280 1723 ⁸
1317 1696 1561 1762 Ἔχρισέ
1599 1714 1671 1750 σε

1775 1706 1877 1759 illis
1898 1682 2160 1774 praedicta
2187 1708 2430 1760 fuerunt.
2468 1709 2658 1775 Expiat
2690 1682 3027 1775 injustitiam,
3068 1682 3195 1758 dum
3231 1720 3326 1758 eos

139 1773 162 1820 ὀ
198 1773 353 1875 ρεός,
384 1774 416 1825 ό
453 1776 594 1838 Θεός
632 1792 770 1840 σου,
802 1779 1007 1833 ἔλαιον
1049 1784 1460 1849 ἀγαλλιάσεως
1512 1791 1670 1853 παρὰ

1775 1796 1864 1864 qui
1904 1773 2274 1865 deliquerunt
2328 1797 2439 1850 Deo
2464 1773 2606 1849 Patri
2672 1773 3033 1856 reconciliat,
3093 1809 3325 1861 eumque

139 1859 251 1923 τοὺς
275 1864 571 1928 μετόχους
597 1880 712 1917 σου
738 1882 751 1895 ’
787 1869 880 1918 καὶ
923 1869 997 1929 ὼς
1025 1871 1057 1937 ἡ
1090 1872 1362 1940 κορυφαῖα
1402 1873 1507 1925 τῶν
1536 1874 1667 1927 ἀπο-

1775 1858 1949 1955 placat
2000 1858 2402 1955 peccatoribus.
2453 1886 2658 1940 Deinde
2706 1887 2928 1956 subiicit
2978 1885 3196 1940 divinus
3234 1858 3324 1938 ar-

144 1949 312 2002 ιτόλων
334 1952 574 2023 ἀκρότης
602 1955 630 2006 ὁ
658 1955 858 2022 Πέτρος
883 1958 1110 2024 ἐδίδαξε,
1145 1963 1277 2029 περὶ
1301 1961 1394 2014 τοῦ
1422 1964 1669 2032 Σωτῆρος

138 2038 344 2106 γράψας,
395 2041 472 2103 ὡς
512 2043 798 2110 Ἐχρισεν
847 2050 1034 2099 αὑτὸν
1091 2053 1124 2102 d
1173 2053 1316 2117 Θεὸς
1374 2055 1669 2120 Πνεύματι

137 2131 256 2196 ἁγίῳ
304 2131 404 2183 καὶ
459 2131 727 2202 δυνάμει.
782 2137 1078 2206 Σφραγίζει
1112 2139 1168 2193 δὲ
1213 2142 1305 2192 καὶ
1336 2141 1545 2210 βεϐαιοῖ
1573 2146 1670 2206 τὰς

138 2223 346 2284 παλαιὰς
377 2225 417 2276 Γ
424 2226 629 2296 ραφὰς,
674 2228 844 2280 ποιῶν
891 2229 1105 2283 ἅπαντα
1149 2234 1241 2285 καὶ
1294 2237 1537 2304 πάσχων,
1573 2237 1670 2289 ὅσα

136 2314 189 2364 δι’
224 2316 448 2368 ἐκείνων
500 2318 814 2388 προείρητο.
869 2322 976 2374 Καὶ
1036 2324 1382 2386 ἐξιλάσκεται
1434 2327 1667 2392 ἀδικίαν]

137 2406 501 2459 καταλλάσσων
541 2412 667 2471 τοὺς
703 2412 1128 2479 ἁμαρτήσαντας
1162 2415 1240 2483 τῷ
1275 2416 1392 2485 Θεῴ
1433 2419 1527 2470 καὶ
1565 2420 1676 2471 Πα-

135 2496 226 2562 τρὶ,
251 2497 340 2548 καὶ
368 2499 535 2549 αὑτὸν
565 2502 677 2562 τοῖς
704 2503 994 2554 πταίσασιν
1037 2503 1374 2574 ίλεούμενος.
1416 2504 1546 2561 Εἶτα
1579 2514 1673 2562 ἐπ-

135 2586 238 2652 άγει
267 2589 293 2638 6
318 2588 460 2652 θεῖος
492 2590 828 2658 ἀρχάγγελος
853 2609 866 2624 ·
899 2593 1006 2646 Kal
1030 2595 1232 2662 γνώσῃ
1263 2598 1358 2650 καί
1381 2599 1671 2664 (furtim-uc

133 2680 235 2730 ἀπὸ
281 2680 494 2742 ἐξόδου
539 2683 735 2752 λόγων
788 2685 892 2737 τοῦ
943 2686 1357 2755 ἀποκριθῆναι,
1410 2692 1506 2744 καὶ
1567 2693 1671 2746 τοῦ

135 2771 508 2840 οίιιοόομῆσαι
558 2772 668 2843 (δι)
740 2775 1146 2846 Ἰερουσαλήμ.
1207 2780 1358 2847 Ἕως
1415 2784 1673 2849 Χριστοῦ

138 2860 447 2929 ἡγουμένου
492 2863 812 2933 ἐϐδομάδες
849 2866 1016 2928 ἑπτὰ,
1081 2868 1179 2921 καί
1214 2870 1534 2939 ἐϐδομάδες
1573 2876 1671 2940 ἐξ·

139 2952 471 3012 ηκονταδύο.
499 2954 741 3022 Ἠρξατο
765 2955 863 3022 μὲν
889 2950 981 3006 οὖν
1007 2957 1033 3006 6
1063 2957 1186 3020 ναὸς
1206 2961 1297 3012 ἐπὶ
1322 2962 1503 3029 Κύρου
1531 2968 1673 3017 alno-

138 3040 416 3110 δομεῖσθαι.
468 3043 650 3113 Κῦρος
690 3045 800 3114 γὰρ
831 3045 1046 3116 πρῶτος
1085 3051 1182 3118 τῆς
1229 3053 1490 3105 ἐπανόδου
1531 3072 1672 3124 παρ-

1771 1978 2064 2047 changelus
2094 1996 2106 2031 ι
2133 1979 2196 2031 Ει
2246 1993 2519 2043 cognosces
2564 1989 2611 2032 et
2657 1978 2913 2047 intelliges
2948 1981 3009 2030 ab
3036 1981 3174 2030 exitu
3209 1991 3324 2029 ser-

1772 2083 2001 2131 monum,
2030 2077 2085 2120 ut
2109 2068 2501 2134 separatioﬁat,
2535 2077 2582 2120 et
2599 2067 2922 2133 (adiﬁcantur
2938 2065 3321 2136 Hierosolyma,

1773 2174 1930 2224 usque
1963 2159 2031 2209 ad
2061 2157 2325 2210 Christum
2378 2157 2559 2208 ducem
2601 2154 2953 2207 hebdomadas
2996 2163 3217 2223 septem,
3275 2163 3324 2208 et

1771 2247 2116 2300 hebdomades
2145 2247 2424 2314 sexaginta
2465 2245 2620 2298 duas.
2657 2244 2837 2312 Coepit
2883 2242 3045 2311 igitur
3071 2242 3324 2298 aediﬁcari

1773 2336 2034 2404 templum
2062 2336 2163 2389 sub
2197 2335 2356 2404 Cyro.
2384 2334 2474 2401 qui
2510 2320 2705 2401 populo
2729 2330 2955 2386 Iudaico
2993 2332 3200 2399 primus
3240 2346 3325 2385 re-

1771 2429 1944 2482 ditum
1989 2427 2260 2481 concessit
2290 2445 2302 2478 :
2339 2423 2633 2477 inhibitum
2670 2431 2849 2476 tamen
2902 2421 3004 2475 sub
3033 2421 3321 2486 Cambyse,

1774 2519 1973 2572 invidia
2015 2515 2369 2569 ﬁnitimorum
2396 2513 2744 2582 populorum.
2779 2511 2985 2579 Templi
3020 2525 3182 2578 porro
3235 2510 3317 2562 in-

1771 2606 2032 2659 stauratio
2061 2605 2240 2657 denuo
2275 2601 2479 2656 Judxis
2514 2615 2773 2655 concessa
2796 2607 2900 2664 est,
2951 2613 3072 2652 cum
3121 2598 3320 2652 Darius

1771 2695 2050 2764 llystaSpis
2078 2694 2222 2747 ﬁlius
2246 2693 2425 2747 Persis
2455 2689 2774 2759 imperaret.
2799 2692 2842 2742 A
2870 2704 3198 2756 quocunque
3225 2705 3325 2742 au-

1774 2797 1879 2841 tem
1895 2787 2088 2839 horum
2107 2799 2371 2838 numerus
2406 2781 2716 2841 inchoatur,
2745 2794 2853 2833 non
2875 2779 2980 2832 erit
3005 2781 3212 2846 integer
3237 2794 3324 2831 se-

1773 2879 2013 2933 cundum
2071 2875 2383 2945 archangeli
2426 2878 2641 2936 voCem,
2675 2871 2768 2924 sed
2805 2870 3139 2924 redundans.
3171 2870 3262 2922 Sin
3295 2885 3323 2922 a
3373 2863 3377 2866 ’

1773 2951 2105 3035 temporibus
2144 2963 2294 3032 regni
2338 2963 2654 3017 Artaxerxis
2684 2961 3004 3031 Longimani
3065 2972 3326 3030 suppute-

1774 3068 1882 3118 tur,
1931 3071 2108 3124 nequc
2164 3055 2308 3124 plus,
2367 3068 2544 3122 neque
2602 3053 2786 3108 minus
2839 3053 3152 3114 invenietur
3185 3092 3198 3115 ,
3255 3051 3324 3104 ab

142 3133 363 3203 εχὼρησε
429 3136 506 3202 τῷ
551 3135 693 3188 ἔθνει
722 3137 830 3190 τῶν
882 3139 1172 3205 Ἰουδαίων,
1228 3143 1340 3195 ἀλλ’
1397 3147 1664 3216 ἐπεσχέθη

1775 3161 1944 3214 eoque
1974 3144 2301 3213 repetendus
2327 3153 2410 3198 est
2444 3162 2455 3196 :
2489 3143 2616 3212 quia
2649 3153 2762 3196 tum
2792 3151 2847 3196 et
2874 3143 3004 3196 urbs
3030 3143 3207 3210 cincta
3239 3151 3324 3194 est

136 3227 268 3291 παρὰ
304 3227 602 3296 Καμϐύσου
636 3228 730 3281 τοῦ
767 3230 950 3298 Κύρου
991 3232 1201 3297 παιδος,
1228 3234 1408 3304 φθόνῳ
1433 3237 1541 3288 τῶν
1572 3239 1667 3289 αὺ-

133 3317 232 3376 τοῖς
285 3319 624 3386 ὁμορούντων
681 3319 872 3374 ὲθνῶν.
906 3323 1222 3394 Ἐπετρὰπη
1271 3326 1315 3378 δ’
1347 3327 1500 3389 αὖθις
1555 3333 1667 3388 τοῖς

135 3406 383 3471 Ἰουδαίοις
421 3411 454 3479 ή
488 3410 681 3463 τούτου
716 3413 1019 3479 ἀνέγερσις,
1053 3417 1140 3466 ὅτε
1167 3419 1389 3484 Δαρεῖος
1417 3420 1444 3468 6
1477 3418 1666 3470 ’Υστά-

136 3514 257 3550 σπου
287 3501 557 3568 ἐκράτησε
596 3503 694 3569 τῆς
736 3501 1012 3570 βασιλείας
1050 3504 1293 3574 Περσῶν.
1331 3506 1420 3570 Ἐξ
1458 3507 1668 3570 οὐδενὸς

133 3589 179 3641 δὲ
205 3590 398 3643 τούτων
426 3590 828 3661 ἀριθμούμενος
854 3594 882 3645 6
904 3594 1112 3664 καιρὸς,
1142 3595 1453 3664 εὑρίσκεται
1486 3599 1669 3662 σώζων

134 3683 259 3732 κατὰ
286 3685 380 3752 τὴν
410 3684 505 3736 τοῦ
541 3684 882 3753 ἀρχαγγέλου
914 3686 1116 3755 φωνὴν,
1149 3687 1261 3739 ἀλλ’
1289 3688 1668 3758 ὑπερϐάλλων.

136 3771 186 3822 El
207 3771 250 3824 δ’
272 3774 330 3826 ἐκ
361 3774 473 3826 τῶν
495 3775 703 3844 χρόνων
731 3775 829 3844 τῆς
875 3775 1233 3846 ’Δρταξέρξου
1267 3777 1540 3846 βασιλείας
1578 3780 1669 3831 τοῦ

133 3863 493 3936 Μακρόχειρος
523 3868 551 3917 6
593 3867 782 3936 καιρὸς
814 3867 1119 3936 ἀριθμοίτο,
1156 3868 1403 3937 εὑρεθείη
1441 3869 1506 3920 ἂν
1546 3869 1668 3920 οὔτε

134 3956 451 4023 περιττεύων
466 3955 578 4008 οὔτ’
597 3952 1136 4024 ἐλαττούμενος.’κάκ
1166 3957 1355 4008 τούτου
1381 3958 1499 4009 δέον
1517 3958 1672 4026 ἀριθ-

137 4044 332 4108 μεῖσθαι
351 4044 533 4109 αὐτὺν,
554 4046 636 4097 ὅτι
650 4046 771 4097 »τότε
795 4047 887 4097 καὶ
905 4048 970 4114 τῇ
992 4046 1142 4097 πόλει
1165 4046 1498 4115 περιεὸλήθη
1516 4048 1672 4117 περί-

135 4131 290 4196 ϐολος,
320 4136 413 4188 καὶ
439 4135 521 4204 τῷ
545 4133 658 4204 ναῷ
688 4136 985 4201 προσετέθη
1012 4135 1078 4188 τὰ
1105 4136 1376 4201 λείποντα,
1402 4139 1496 4203 καὶ
1525 4139 1674 4208 οίκη-

131 4224 334 4293 τάρωνὴ
357 4226 505 4285 πόλις
537 4223 885 4293 πεπλήρωτο.
913 4223 1044 4276 Ὅτε
1067 4224 1332 4293 Νεεμίας,
1388 4226 1672 4294 οίνοχεύων

134 4312 197 4378 τῷ
224 4314 572 4384 Ἀρταξέρξῃ,
598 4314 791 4383 ἐδεήθη
819 4313 984 4366 αὐτοῦ
1012 4316 1380 4383 ἐπιτραπῆναι
1403 4314 1547 4385 αὐτῷ
1575 4316 1672 4384 τὴν

132 4385 198 4465 εἰς
228 4406 325 4470 τὴν
359 4405 595 4473 πατρίδα
652 4405 932 4459 ἐπάνοδον.
990 4407 1098 4457 Καὶ
1145 4406 1415 4468 ἀπελθὼν,
1465 4407 1562 4474 τήν
1614 4424 1672 4458 τε

1775 3238 2066 3296 moenibus,
2100 3245 2155 3288 et
2182 3236 2391 3304 adjecta
2428 3235 2630 3302 templo
2651 3249 2770 3302 quae
2801 3233 3062 3295 deerant,
3095 3241 3150 3285 ct
3193 3233 3323 3285 urbs

1775 3326 2173 3378 habitatoribus
2219 3326 2458 3388 referta,
2508 3338 2631 3376 cum
2696 3323 2946 3376 Neemias
3011 3321 3325 3376 Artaxerxis

1775 3416 2074 3482 pincerna,
2125 3415 2415 3481 impetrato
2468 3428 2495 3465 a
2547 3426 2671 3480 rege
2725 3411 2780 3464 in
2827 3415 3056 3480 patriam
3117 3413 3322 3475 reditu,

1779 3503 1932 3571 135
1968 3503 2158 3556 urbem
2187 3502 2404 3565 muniit,
2438 3510 2494 3555 et
2520 3501 2729 3554 civibus
2765 3501 3106 3568 frequentem
3143 3502 3327 3554 reddi-

1775 3593 1876 3656 dit,
1919 3601 1975 3644 et
2013 3592 2273 3659 templum
2320 3591 2700 3660 imperfectum
2754 3591 2930 3644 adhuc
2973 3591 3228 3644 absolvit.
3255 3592 3311 3644 Si

1775 3686 1899 3755 quis
1926 3686 2092 3754 igitur
2129 3701 2157 3738 a
2199 3684 2506 3738 Servatoris
2543 3684 2802 3745 adventu,
2841 3698 2936 3751 per
2962 3698 3121 3751 quem
3153 3683 3326 3735 solum

1777 3776 2025 3829 remissio
2065 3764 2413 3842 peccatorum
2445 3774 2569 3826 data
2618 3784 2721 3837 est,
2748 3784 2803 3825 et
2841 3773 3051 3840 justitia
3080 3773 3329 3824 introdu-

1776 3874 1884 3926 cta,
1918 3873 1973 3917 et
2007 3853 2394 3931 prophetarum
2429 3863 2651 3915 oracula
2699 3862 2965 3928 completa
2996 3870 3144 3924 sunt,
3179 3873 3330 3915 retro

1775 3963 1992 4024 tempus
2049 3963 2350 4015 numeret,
2388 3952 2442 4005 id
2498 3951 2702 4019 expleri
2752 3951 3126 4019 deprehendet
3175 3967 3320 4006 anno

1778 4043 2090 4098 Artaxerxis
2119 4041 2403 4103 vicesimo,
2435 4056 2545 4110 quo
2577 4039 2813 4094 Neemite
2859 4055 3177 4099 concessum
3228 4042 3335 4095 fuit.

1778 4136 1960 4190 redire
1989 4133 2379 4201 Hierosolyma,
2408 4148 2527 4200 quae
2575 4132 2630 4185 in
2666 4131 2904 4184 historiae
2936 4145 3222 4197 prOgressu
3256 4145 3320 4184 ac

1757 4227 1918 4281 .serie
1953 4225 2127 4279 fusius
2158 4224 2598 4278 declarabuntur.
2635 4221 2804 4285 Quem
2856 4229 3036 4272 autem
3069 4219 3326 4271 Sanctum
3400 4239 3403 4241 ·

1779 4317 2068 4386 appellavit
2120 4315 2325 4367 sanctis
2369 4312 2729 4379 superiorem,
2769 4325 2892 4363 eum
2940 4308 3334 4364 rursustri-

1781 4418 1924 4461 stum
1980 4406 2171 4458 ducem
2221 4404 2477 4471 appellat,
2518 4403 2738 4456 nomine
2772 4402 3012 4456 humano
3053 4412 3329 4470 usurpato.

135 4493 273 4545 πόλιν
330 4493 689 4561 περιετείχισε
742 4496 836 4545 καὶ
894 4495 1184 4562 συνῴκισε,
1243 4498 1335 4548 καὶ
1389 4495 1482 4548 τὸν
1547 4498 1670 4548 ναὸν

1780 4495 2011 4549 Utenim
2043 4491 2440 4562 primogenitus
2463 4506 2615 4545 novae
2651 4503 2935 4552 creaturis,
2969 4498 3024 4543 et
3053 4490 3329 4562 primoge-

131 4583 282 4654 ἀτελῆ
312 4586 438 4637 ὄντα
466 4585 784 4653 ἀπήρτισεν,
813 4584 876 4636 Et
898 4585 1023 4649 γοῦν
1059 4586 1164 4636 ἀπὸ
1185 4587 1283 4654 τῆς
1304 4588 1397 4639 τοῦ
1424 4589 1674 4656 Σωτῆρος

133 4675 462 4743 ἐπιφανείας,
498 4678 564 4728 δι’
597 4670 655 4729 οὗ
690 4685 854 4745 μόνου
884 4677 1074 4742 ἄφεσις
1109 4678 1521 4746 ἁμαρτημάτων
1559 4680 1674 4731 ἐδό-

1773 4586 1925 4637 nitus
1950 4598 2018 4636 ex
2045 4560 2305 4635 unortuis
2357 4580 2578 4643 dicitur,
2619 4578 2698 4631 sic
2748 4581 2909 4630 etiam
2939 4576 3048 4629 dux
3095 4560 3333 4644 appella-

1777 4684 1886 4727 tur.
1945 4673 2114 4726 Divus
2163 4672 2326 4724 etiam
2380 4670 2574 4721 Petrus
2617 4668 2892 4733 apostolus
2938 4666 3080 4732 apud
3117 4665 3332 4718 Ju-daios

134 4767 213 4832 θη,
240 4767 332 4816 καὶ
363 4765 676 4834 δικαιοσύνη
715 4769 1044 4832 εὶσήνεκται,
1089 4765 1184 4817 καὶ
1225 4766 1334 4817 τῶν
1381 4769 1671 4835 προφητῶν

1775 4764 2068 4823 disserens,
2102 4761 2450 4814 Servatorem
2476 4758 2596 4809 vitae
2621 4754 2919 4823 principem
2947 4762 3099 4807 vocat
3138 4769 3332 4821 quern-

135 4861 183 4908 αἱ
211 4863 538 4931 προρρήσεις
587 4864 993 4930 πεπλήρωνται,
1029 4860 1362 4925 ἀναποδίζων
1387 4878 1470 4922 τις
1523 4859 1678 4930 ἀριθ-

139 4952 287 5016 μήσει
337 4951 426 5002 τὸν
453 4950 662 5019 χρόνον,
705 4953 928 5019 εὑρήσει
975 4953 1162 5005 τοῦτον
1190 4951 1676 5022 συμπληρούμενον

134 5039 227 5102 ἓως
263 5041 358 5094 τοῦ
401 5039 647 5094 εἰκοστοῦ
691 5039 844 5102 ἔτους
883 5041 983 5107 τῆς
1029 5043 1306 5111 βασιλείας
1350 5043 1444 5095 τοῦ
1486 5043 1678 5110 Ἀρταο

138 5125 338 5194 Εέρξου,
389 5129 476 5181 ὅτε
518 5127 717 5199 δηλαδὴ
764 5129 794 5180 6
836 5128 1080 5197 Νεεμίας
1125 5129 1546 5199 παραχωρηθεὶς
1602 5129 1680 5189 εἰς

1680 5239 1722 5270 ¹¹
1754 5240 1875 5292 Act.
1913 5253 1996 5300 III,
2038 5237 2123 5290 15.

199 5243 220 5273 ⁸
249 5244 354 5296 lsa.
388 5260 496 5309 ut,
532 5245 584 5298 l.
662 5243 705 5274 ¹⁶
727 5241 868 5297 Psal.
904 5256 1048 5305 xttv,
1074 5241 1127 5294 8.
1206 5242 1244 5271 “
1274 5242 1390 5293 Act.
1425 5258 1478 5302 x,
1509 5240 1600 5294 58.

1777 4852 2128 4907 madmodum
2176 4850 2230 4903 in
2278 4847 2428 4902 Actis
2460 4862 2490 4899 a
2526 4847 2654 4900 divo
2691 4845 2834 4900 Luca
2887 4844 3235 4899 scribitur”.
3263 4842 3333 4898 Ut

1782 4946 1947 5013 igitur
1980 4940 2372 5012 primogenitus
2421 4948 2667 4992 nostrum
2701 4946 2757 4992 et
2814 4940 3066 5007 princeps
3116 4951 3148 4988 a
3203 4935 3333 4988 divo

1785 5035 1952 5090 Paulo
1985 5033 2208 5095 dicitur,
2238 5030 2540 5085 secundum
2587 5028 3003 5087 humanitatem,
3059 5026 3132 5078 ita
3167 5024 3336 5079 etiam

1791 5126 1903 5180 dux
1929 5139 1959 5178 a
1992 5122 2243 5178 Gabriele
2280 5110 2604 5189 archangelo
2631 5118 2963 5172 nominatur.

1301 5360 1500 5419 Variae
1539 5359 1843 5418 lectiones
1888 5349 1948 5416 et
1983 5365 2169 5417 notat.

345 5488 453 5540 Τοῦ
491 5487 884 5565 ἁεζοκριᾷἦιςαι
914 5488 1010 5565 καὶ
1051 5481 1452 5565 οἰκοδομῆσαιἒ
1492 5481 1676 5565 ξίιχὶιι

142 5551 268 5613 ΙΧΧ
294 5551 688 5628 interpretibus
720 5551 936 5628 legitur.
966 5557 1070 5611 Sed
1099 5551 1255 5609 vetus
1285 5553 1565 5628 translatio
1590 5551 1678 5602 ha-

143 5632 222 5682 bet
253 5621 459 5680 tantum
490 5643 504 5680 :
537 5627 611 5678 Ab
635 5621 1070 5687 exitu'sermonis.
1098 5635 1152 5678 ut
1183 5628 1372 5678 iterum
1399 5621 1680 5688 wdiﬁcetur

141 5696 482 5751 Hierusalem.
509 5694 745 5749 Castalio
777 5698 1065 5761 convertit,
1098 5696 1160 5746 ab
1183 5695 1316 5748 edito
1347 5692 1596 5761 mandato
1620 5691 1680 5740 de

145 5765 324 5834 reditu,
353 5777 402 5820 et
440 5766 504 5820 de
534 5766 881 5820 instauranda
919 5760 1296 5835 Hierbsolyma.
1325 5762 1431 5818 Sed
1472 5760 1515 5815 si
1546 5762 1682 5814 ἁπο-

1783 5478 2035 5546 κριθῆναι
2067 5487 2212 5531 recte
2244 5476 2460 5546 legitur,
2480 5475 2606 5546 poni
2640 5475 2857 5528 videtur
2877 5488 2973 5546 pro
3004 5472 3334 5546 χωρισθῆναι

1781 5543 1908 5607 τοὺς
1936 5546 2217 5605 Ἰουδαίους
2255 5543 2318 5607 ἐξ
2343 5543 2673 5612 ἀλλοφῦλων,
2717 5546 2836 5596 dum
2866 5543 3035 5594 ,Ιαάωὶ
3076 5559 3107 5592 a
3149 5543 3342 5596 barba-

1788 5617 1855 5668 ris
1904 5625 2230 5682 separentur.
2291 5615 2605 5679 Quanquam
2650 5613 2781 5665 nihil
2827 5620 2993 5682 vetat.
3047 5612 3350 5682 quominus

1788 5679 2086 5750 accipiatur
2135 5685 2201 5739 de
2256 5698 2515 5753 responso
2582 5682 2800 5752 regibus
2856 5679 3142 5735 Persarum
3199 5681 3337 5735 dan-

1790 5755 1882 5810 do.
1918 5754 2003 5809 W.
