4006 6328
550 1390 555 1396 ’
659 1389 804 1449 ptem
839 1382 1119 1452 sexaginta
1165 1381 1322 1448 duas,
1355 1394 1410 1437 et
1431 1399 1592 1438 unam
1627 1383 1942 1438 distinctae?
1972 1383 2091 1438 Non
2117 1382 2222 1436 hoc

1920 429 2215 490 JOANNIE

2321 429 2596 489 ΟΝΑΒΕ
3771 427 3878 490 256

676 544 1029 615 Ἰερουσαλὴμ
1065 542 1396 614 ἐπανῆλθενο
1432 543 1468 598 ἃ.
1504 543 1768 614 προϊοῦσα
1801 543 1923 596 καθ’
1954 543 2143 614 εἱρμὸν
2183 546 2214 613 ἠ
2251 544 2463 612 ἱστορία
2505 540 2838 609 πλατύτερον
2875 539 3217 608 διηγήσεταί.
3281 542 3376 594 Ὃν
3411 541 3466 594 δὲ
3509 541 3668 609 ἀγιον
3727 537 3883 594 εἶπεν

663 632 933 702 ἀνώτερον
980 634 1170 702 ἁγίων,
1221 635 1410 687 τοῦτον
1450 634 1606 697 αὖθις
1642 633 1875 704 Χριστὸν
1921 635 2225 704 ἡγούμενον
2263 633 2506 702 εῖρτκεν,
2577 630 2858 701 ὀνομάζων
2917 631 3078 684 αὑτὸν
3117 630 3258 684 κατὰ
3298 631 3358 683 τὸ
3388 629 3748 701 ἀνθρώπινον.
3797 633 3883 693 Ὠς

663 727 770 796 γὰρ
808 727 1147 794 πρωτότοκος
1174 729 1272 798 τῆς
1311 734 1544 793 κτίσεως
1579 730 1676 798 τῆς
1705 731 1916 802 καινῆς,
1955 731 2045 783 καὶ
2074 730 2423 801 πρωτότοκος
2463 730 2526 780 ἐκ
2559 728 2767 796 νεκρῶν
2795 727 3034 796 λέγεται,
3063 727 3204 780 οὕτω
3239 728 3334 780 καὶ
3375 726 3677 797 ἡγούμενος
3718 745 3886 797 προσ-

664 821 977 888 ηγόρευται.
1007 825 1113 876 Καὶ
1143 826 1169 875 6
1191 823 1330 884 θεῖος
1352 825 1407 876 δὲ
1432 826 1725 890 ἀπόστολος
1755 825 1960 897 Πέτρος
1982 827 2222 899 ἀρχηγὸν
2261 825 2361 895 τῆς
2425 824 2568 893 ζωῆς
2603 823 2854 892 ὠνόμασε
2885 823 2976 876 τὸν
3012 825 3258 894 Σωτῆρα,
3301 827 3410 888 τοῖς
3442 824 3714 889 Ἰουδαίοις
3771 828 3882 880 δια-

664 431 776 490 935

663 913 970 983 λεγόμενος,
1002 917 1074 978 ὠς
1101 918 1156 967 ἑν
1186 919 1304 979 ταῖς
1335 919 1603 988 Πράξεσιν
1635 923 1663 974 6
1693 920 1835 982 θεῖος
1863 922 2078 984 Λουκᾶς
2135 919 2536 989 συνεγράψατο.
2613 918 2822 986 Ὠσπερ
2877 918 2931 971 δὲ
2972 920 3322 989 πρωτότοκος
3353 919 3512 990 ήμῶν
3571 921 3664 972 καὶ
3732 938 3882 992 πρω-

659 1010 834 1062 τεύων
899 1011 1040 1063 κατά
1081 1011 1170 1064 τὸν
1230 1014 1403 1087 μέγαν
1451 1015 1662 1070 Παῦλον
1711 1016 1926 1087 εἴρηται
1972 1015 2114 1069 κατά
2160 1015 2222 1068 τὸ
2261 1012 2621 1085 ἀνθρώπινον,
2680 1011 2823 1066 οὕτω
2857 1011 2920 1082 δὴ
2987 1013 3076 1065 καὶ
3105 1012 3401 1083 ἡγούμενος
3440 1012 3518 1083 τῷ
3555 1015 3882 1086 ἁρχαγγέὶῳ

661 1103 904 1173 Γαϐριὴλ
944 1083 1401 1176 προσηγόρευται,

729 1198 794 1253 Χ.
834 1199 938 1254 Sed
966 1201 1202 1255 dubitari
1236 1213 1422 1271 queat,
1456 1219 1561 1272 qua
1596 1204 1771 1274 gratia
1814 1206 2134 1275 separatim,
2166 1213 2215 1260 et

2393 1201 2451 1253 l'.
2489 1197 2812 1270 Ἀπορήσειε
2842 1198 2889 1252 δ’
2921 1198 2987 1252 ἄν
3029 1215 3135 1264 τις,
3166 1199 3287 1251 ὅτου
3319 1198 3479 1270 χάριν
3507 1199 3882 1272 διῃρημένους,

658 1304 766 1343 non
831 1284 1166 1361 conjunCtim
1202 1305 1560 1349 numerentur
1597 1295 1985 1361 hebdomades,
2045 1296 2099 1349 in
2131 1310 2215 1350 se-

2321 1292 2436 1345 ἀλλ*
2475 1291 2570 1361 οὐχ
2598 1291 2734 1360 όμοῦ
2765 1293 2820 1345 αἱ
2874 1291 3164 1362 ἑϐδομάδες
3214 1290 3566 1362 ἠρίθμηνται.
3598 1293 3689 1354 Et;
3737 1292 3883 1344 ἑπτὰ

2321 1383 2377 1437 δὲ
2411 1387 2502 1437 καὶ
2533 1383 2900 1453 ἑξηκονταδύο
2927 1383 3230 1455 διῄρηνται,
3263 1384 3356 1435 καὶ
3381 1387 3462 1448 είς
3491 1385 3621 1454 μίαν
3650 1383 3881 1452 ἑτέρανς

660 1468 867 1527 temere
902 1473 961 1527 ﬁt
997 1474 1063 1527 ab
1095 1474 1466 1544 arclnangelo:
1505 1476 1601 1530 sed
1626 1490 1723 1545 per
1761 1475 1876 1529 haec
1907 1489 2046 1529 nova
2073 1489 2220 1544 qua:-

657 1564 780 1617 dam
808 1563 988 1630 docet,
1054 1566 1106 1618 in
1162 1573 1470 1634 temporum
1525 1565 1894 1620 divisionibus
1927 1575 2214 1621 eventura.

660 1651 795 1705 Nam
862 1653 905 1705 si
963 1652 1031 1706 ab
1089 1653 1488 1708 instauratione
1545 1653 2068 1727 Hierosolymorum,
2119 1655 2221 1710 sub

658 1742 876 1797 Neemia
918 1742 1078 1809 facta,
1129 1755 1187 1798 ut
1228 1745 1438 1800 dictum
1479 1756 1583 1811 est,
1640 1755 1890 1817 tempora
1925 1763 2099 1817 usque
2147 1747 2218 1802 ad

661 1834 951 1888 llircauum
985 1836 1301 1906 pontiﬁcem
1354 1849 1739 1901 numerentur,
1779 1841 1881 1894 sub
1932 1855 2043 1909 quo
2087 1840 2220 1894 Asa-

659 1941 989 1979 monteorum
1044 1943 1216 1997 genus
1248 1929 1400 1999 fungi
1433 1929 1603 1984 sacris
1646 1929 1858 1983 destitit
1887 1947 1900 1982 :
1938 1929 2217 1999 sexaginta

657 2014 889 2068 duarum
927 2016 1338 2073 hebdomadam
1387 2037 1651 2076 numerus
1683 2023 1957 2092 expletur.
2019 2022 2152 2078 Nam
2188 2039 2218 2077 a

661 2107 922 2161 vicesimo
951 2125 1098 2163 anno
1150 2112 1302 2180 regni
1351 2111 1692 2176 Artaxerxis,
1721 2114 1814 2183 qui
1857 2114 2095 2170 Neemiaa
2127 2129 2216 2169 re-

656 2197 863 2253 deundi
914 2201 1286 2273 Hierosolyma
1319 2213 1644 2273 potestatem
1675 2204 1846 2270 dedit,
1890 2221 1920 2260 a
1954 2221 2064 2275 quo
2086 2206 2219 2260 urbs

656 2291 932 2344 moenibus
965 2291 1229 2346 adornata
1260 2303 1364 2358 est,
1406 2310 1578 2363 usque
1609 2295 1674 2349 ad
1712 2296 1933 2349 Darium
1975 2297 2220 2351 Arsamis

657 2381 851 2448 ﬁlium,
883 2399 1046 2452 quem
1073 2385 1274 2440 delevit
1305 2386 1634 2452 Alexander,
1670 2389 1796 2443 anni
1831 2398 1960 2444 sunt
1995 2397 2214 2444 centum

656 2484 712 2529 et
737 2476 1182 2544 quatuordecim.
1215 2479 1298 2533 Ab
1333 2480 1618 2536 eversione
1641 2496 1807 2551 porro
1840 2482 2054 2551 imperii
2087 2481 2215 2538 Per.

657 2564 779 2629 sici,
801 2584 920 2636 qua:
958 2585 1102 2623 anno
1132 2580 1286 2625 sexto
1311 2572 1562 2625 Asiaticae
1585 2573 1951 2640 expeditionis
1981 2573 2214 2628 Alexan-

658 2657 740 2712 dri
768 2662 1014 2730 contigit,
1044 2677 1218 2730 usque
1246 2663 1310 2716 ad
1342 2662 1535 2716 Caium
1563 2663 1768 2718 Julium
1791 2662 2083 2726 Caesarem.
2123 2667 2216 2735 qui

657 2748 868 2818 primus
903 2751 1271 2806 Romanorum
1301 2753 1675 2808 monarcbiam
1704 2757 1991 2825 occupavit
2038 2775 2052 2811 :
2088 2758 2218 2811 anni

653 2843 1040 2912 praeterierunt
1076 2845 1304 2900 ducenti
1358 2847 1636 2917 octoginta
1678 2848 1808 2901 duo.
1842 2849 1926 2902 Ab
1966 2850 2214 2918 ejusdem

651 2931 881 2988 Caesaris
941 2936 1255 3005 principatu
1304 2950 1476 3005 usque
1545 2937 1612 2991 ad
1668 2953 1870 2993 annum
1939 2938 2214 2993 decimum

650 3025 904 3092 quintum
937 3025 1142 3080 Tiberii
1192 3026 1444 3093 Caesaris,
1474 3043 1584 3097 quo
1633 3027 1888 3085 Christus
1922 3044 1952 3084 a
2004 3030 2216 3086 Joanne

652 3113 896 3178 Baptista
939 3117 1270 3186 baptizatus,
1327 3119 1591 3176 miracula
1621 3121 1788 3189 coepit
1835 3121 2038 3183 edere.
2085 3122 2214 3176 anni

652 3205 882 3261 fuerunt
913 3211 1257 3280 septuaginta
1292 3219 1404 3266 tres
1438 3228 1452 3264 :
1485 3220 1545 3265 ut
1573 3212 1689 3265 haec
1717 3227 1930 3266 summa
1959 3213 2215 3268 conﬁciat

654 3311 828 3350 annos
889 3299 1320 3368 quadringentos
1383 3308 1441 3354 et
1492 3302 1771 3372 sexaginta
1823 3317 2070 3357 novem:
2121 3303 2215 3372 qui

654 3387 880 3456 quidem
932 3388 1196 3444 llebraica
1261 3383 1651 3462 supputatione
1725 3395 1884 3466 136
1941 3410 2211 3450 annorum

654 3478 953 3534 conﬁciunt
975 3497 1148 3536 annos
1179 3485 1612 3556 quadringentos
1639 3490 1916 3559 octoginta
1951 3497 2080 3543 tres.
2111 3489 2217 3546 Ne-

648 3586 756 3641 que
780 3572 925 3627 enim
955 3576 1416 3643 quemadmodum
1440 3594 1560 3641 nos,
1611 3579 1685 3633 ita
1708 3589 1764 3634 et
1794 3578 2008 3634 Hebraei
2037 3596 2212 3636 annos

649 3670 970 3732 supputant,
1004 3663 1099 3719 sed
1131 3665 1199 3718 ad
1245 3681 1464 3720 cursum
1497 3667 1743 3721 lunarem
1777 3668 1973 3723 diebus
2002 3680 2216 3723 trecen-

650 3754 721 3807 tis
754 3763 809 3808 et
838 3754 1233 3825 quinquaginta
1281 3755 1590 3818 absolvunt,
1630 3765 1688 3810 ut
1720 3757 1786 3811 de
1813 3757 2063 3829 quolibet
2115 3774 2215 3813 uo-

2322 1475 2433 1543 Οὐχ
2471 1474 2545 1537 ῶς
2582 1474 2738 1544 ἔτυχε
2792 1473 2849 1526 δὲ
2897 1473 3055 1528 τοῦτο
3116 1472 3414 1541 πεποίηκεν
3445 1476 3473 1527 6
3522 1473 3883 1545 ἀρχάγγελος,

2322 1563 2460 1618 ἀλλά
2502 1581 2623 1617 τινα
2673 1563 2834 1617 καινά
2871 1563 2959 1618 διὰ
2990 1564 3196 1627 τούτων
3235 1564 3501 1617 διδάσκων
3536 1566 3592 1616 ἑν
3622 1567 3740 1623 ταῖς
3774 1563 3886 1614 τῶν

2322 1657 2530 1725 χρόνων
2563 1654 2861 1724 διαιρέσεσι
2911 1655 3322 1725 συμϐησόμενα.
3366 1657 3427 1708 Et
3463 1655 3572 1725 γὰρ
3626 1655 3733 1707 ἀπὸ
3786 1655 3884 1723 τῆς

2320 1746 2428 1799 τῶν
2477 1746 2863 1816 Ἰεροσολύμων
2916 1747 3206 1816 οἰκοδομῆς
3252 1748 3350 1818 τῆς
3396 1747 3489 1801 ἐπὶ
3521 1747 3779 1816 Νεεμίου,
3812 1747 3888 1809 ὡς

2320 1837 2557 1906 εζρηται,
2617 1839 2917 1906 γενομένης
2974 1837 3291 1906 ἀριθμοῖντο
3343 1838 3392 1890 οί
3448 1839 3627 1907 χρόνοι
3685 1837 3888 1907 μέχρις

2333 1927 2602 1997 Ὑρκανοῦ
2657 1927 2750 1979 τοῦ
2794 1928 3116 1997 ἀρχιερέως,
3164 1928 3247 1994 ἐφ’
3274 1921 3335 1980 οῦ
3390 1927 3449 1980 τὸ
3479 1928 3587 1979 τῶν
3633 1930 3892 1996 Ἀσαμω-

2322 2022 2486 2074 ναῖων
2526 2019 2680 2087 γένος
2711 2019 2924 2086 ἐπαύθη
2953 2018 3047 2073 τοῦ
3081 2019 3353 2090 ἱερᾶσθαι,
3386 2022 3413 2073 6
3441 2021 3548 2072 τῶν
3591 2020 3889 2090 ἑξηκοντα-

2322 2111 2416 2164 δύο
2462 2110 2773 2179 ἑϐδομάδων
2819 2108 3050 2181 ἀριθμὸς
3107 2110 3558 2180 συμπεραίνεται.
3611 2111 3746 2163 Ἀπὸ
3787 2112 3889 2180 μὲν

2321 2203 2430 2274 γὰρ
2455 2202 2548 2255 τοῦ
2582 2201 2828 2254 εἰκοστοῦ
2858 2202 3012 2264 ετους
3047 2201 3147 2271 τῆς
3184 2202 3461 2272 βασιλείας
3491 2203 3887 2273 Ἀρταξέρξου,

2316 2294 2374 2355 δς
2407 2293 2484 2362 τῷ
2515 2292 2723 2364 Νεεμίᾳ
2763 2293 2864 2362 τὴν
2901 2294 2981 2356 είς
3025 2293 3387 2364 Ἰερουσαλὴμ
3423 2293 3683 2347 ἐπάνοδον
3713 2295 3887 2346 ἔδωκε

2320 2383 2400 2454 τῷ
2430 2382 2634 2453 ταύτην
2654 2409 2656 2412 -
2680 2383 3004 2452 τειχίσαντι,
3035 2384 3138 2447 ἓως
3173 2385 3400 2455 Δαρείου
3448 2384 3545 2437 τοῦ
3577 2385 3884 2456 ’Λρσάμου,

2317 2474 2376 2528 δν
2413 2474 2659 2528 καθεῖλεν
2684 2474 3053 2544 Ἀλέξανδρος,
3081 2475 3273 2529 ἑκατὸν
3315 2476 3410 2546 ἔτη
3437 2477 3544 2530 tisi
3573 2478 3667 2530 καὶ
3687 2494 3744 2530 τε
3757 2495 3890 2530 τεα-

2323 2565 2666 2634 ρεσκαίδεκα.
2701 2564 2798 2617 Ἐκ
2827 2565 2881 2617 δὲ
2913 2565 3015 2634 τῆς
3073 2566 3444 2636 καθαιρέσεως
3474 2569 3571 2636 τῆς
3599 2567 3707 2621 τῶν
3739 2569 3889 2639 Περ⁶

2321 2656 2429 2709 σῶν
2463 2657 2736 2724 βασιλείας
2770 2658 2826 2709 ἑν
2853 2657 2996 2726 ἕκτῳ
3024 2659 3323 2727 γενομένης
3362 2658 3472 2711 ἔτει
3501 2660 3598 2729 τῆς
3628 2659 3889 2724 Ἀλεξάν-

2317 2751 2446 2820 δρου
2509 2751 2643 2821 πρὸς
2683 2747 3016 2816 τὴν”Δσίαν
3066 2751 3356 2819 στρατείας
3407 2753 3601 2823 μέχρις
3651 2755 3887 2808 Ἰουλίου

2317 2840 2596 2910 Καίσαρος
2629 2840 2813 2902 Γαΐου,
2847 2841 2904 2904 ὃς
2940 2841 3154 2911 πρῶτος
3189 2845 3253 2912 τῆ
3288 2845 3558 2916 μοναρχίᾳ
3588 2844 3697 2898 τῶν
3739 2847 3888 2898 Ῥω-

2321 2931 2494 2998 μαίων
2553 2929 2995 2999 ἐπικεχείρηκεν,
3054 2931 3148 3002 ἔτη
3210 2933 3565 3002 παρήλθοσαν
3624 2936 3888 2988 διακόσια

2314 3023 2645 3092 ὀγδοήκοντα
2703 3022 2798 3075 καὶ
2855 3021 2968 3076 δύο.
3017 3024 3113 3076 Ἐκ
3163 3025 3221 3077 δὲ
3274 3027 3372 3095 τῆς
3426 3027 3724 3096 αὑταρχίας
3785 3028 3886 3080 τοῦ

2316 3115 2590 3184 Καίσαρος
2619 3114 2722 3176 ἓως
2754 3113 2905 3177 ἔτους
2936 3116 3420 3170 πεντεκαιδεκάτου
3459 3117 3705 3186 Τιϐερίου
3736 3119 3885 3170 Καί-

2318 3219 2505 3274 σαρος,
2551 3205 2711 3272 ἡνίκα
2744 3206 2770 3256 6
2809 3203 3038 3272 Χριστὸς
3097 3203 3200 3258 ὑπὸ
3237 3205 3485 3258 Ἰωάννου
3542 3207 3880 3278 ἐϐαπτίσθη,

2315 3292 2411 3345 καὶ
2461 3291 2566 3344 τῶν
2605 3293 2848 3362 σημείων
2887 3293 3190 3363 ἀπήρξατο,
3243 3295 3335 3366 ἐτη
3369 3295 3736 3366 ἑϐδομήκοντα
3791 3302 3888 3351 καὶ

2313 3383 2479 3454 τρία·
2525 3384 2600 3446 ὼς
2653 3384 3066 3454 συμποσοῦσθαι
3117 3386 3286 3440 ταῦτα
3321 3388 3398 3450 εἰς
3447 3389 3728 3452 ἐνιαυτοὺς
3789 3393 3890 3442 ἐπὶ

2311 3476 2687 3545 τετρακοσίοις
2730 3476 2993 3545 ἑξήκοντα
3039 3478 3132 3530 καὶ
3185 3480 3362 3531 ἐννέα.
3411 3481 3472 3531 Οἱ
3517 3479 3573 3532 δὲ
3627 3477 3887 3532 τοσοῦτοι

2313 3568 2554 3620 ἑνιαυτοὶ
2610 3567 2966 3620 ἀποτελοίσιν
3023 3567 3116 3636 ἑτη
3165 3569 3494 3639 τετρακόσια
3542 3571 3886 3640 ὀγδοήκοντα

2311 3655 2459 3723 τρία,
2491 3655 2633 3708 κατά
2661 3655 2757 3722 τὴν
2804 3656 3099 3727 Ἐϐραῖκὴν
3125 3660 3423 3729 ἀρίθμησιν
3471 3660 3579 3714 τῶν
3611 3661 3773 3717 ἐτῶν.
3808 3666 3887 3718 Οὐ

2314 3748 2422 3816 γὰρ
2451 3745 2525 3809 ὡς
2563 3749 2722 3817 ἡμεῖς
2751 3749 2802 3801 οῑ
2845 3748 3084 3819 Ἑϐραῖοι
3126 3751 3428 3820 ψηφίζουσι
3472 3752 3563 3807 τὸν
3605 3755 3885 3821 ἐνιαυτὸν,

651 3853 767 3896 stro
792 3859 937 3898 anno
984 3845 1103 3898 dies
1156 3844 1412 3900 undecim
1447 3846 1794 3902 redundent:
1823 3849 1915 3917 qui
1958 3847 2077 3904 dies
2123 3864 2211 3905 re-

2317 3837 2448 3890 ἀλλά
2483 3839 2622 3891 κατά
2674 3840 2992 3910 σεληνιακὸν
3048 3843 3250 3911 δρόμον
3297 3843 3662 3911 ἀριθμοῦντες
3712 3847 3890 3899 αὐτὸν

648 3935 962 3991 dundantes
1009 3937 1062 3990 in
1119 3953 1296 3993 anuos
1349 3937 1580 4005 redacti,
1638 3941 1862 4010 explent
1917 3957 2208 3997 numerum

650 4028 1178 4098 quadringentorum
1239 4031 1516 4101 octoginta
1568 4036 1732 4086 trium
1793 4049 2063 4088 annorum
2116 4036 2213 4089 He-

652 4118 985 4171 braiCorum.
1019 4119 1154 4182 Quia
1190 4135 1319 4173 vero
1361 4137 1485 4174 cum
1518 4122 1739 4177 Daniele
1777 4123 2005 4177 Hebraeo
2044 4124 2214 4177 collo-

650 4208 920 4278 quebatur
952 4210 1201 4279 angelus,
1231 4225 1406 4264 annos
1438 4212 1627 4280 utique
1659 4212 1736 4265 illi
1770 4219 1929 4266 n‘otos
1971 4214 2214 4268 nomina-

652 4299 749 4352 vit.
783 4298 1019 4353 Proinde
1051 4314 1226 4368 usque
1255 4299 1323 4353 ad
1363 4300 1643 4356 interitum
1670 4300 1890 4356 Hircani
1916 4301 2208 4372 pontiﬁcis,

649 4405 815 4459 quem
850 4405 947 4443 rex
983 4388 1230 4445 Herodes
1276 4391 1500 4446 sustulit
1555 4391 1685 4460 (qua
1718 4390 1786 4448 de
1835 4406 1893 4446 re
1937 4391 2214 4461 copiosius

651 4480 924 4551 agendum
962 4481 1113 4548 erit),
1163 4483 1442 4554 sexaginta
1491 4482 1614 4537 duae
1667 4482 2042 4536 bebdomades
2084 4489 2214 4536 sunt

651 4573 900 4642 expletat.
933 4573 1014 4644 Ab
1050 4589 1117 4628 eo
1157 4581 1405 4641 tempore
1439 4587 1562 4626 cum
1601 4573 1956 4627 Pontiﬁcatus
1979 4587 2087 4638 non
2117 4589 2214 4641 per

651 4678 869 4717 omnem
928 4649 1143 4718 aetatem
1186 4665 1236 4718 ei
1291 4672 1556 4728 maneret,
1603 4663 1691 4718 cui
1744 4665 2072 4734 contigerat,
2117 4663 2213 4718 sed

654 4771 837 4810 annuo
885 4763 982 4809 aut
1028 4757 1194 4810 etiam
1235 4755 1487 4810 breviore
1529 4755 1706 4825 spatio
1738 4765 1927 4810 contra
1963 4756 2214 4809 instituta

652 4849 918 4918 majorum
975 4846 1659 4911 circumscrib<-retur,-et
1707 4847 1937 4916 pecunia
1985 4845 2215 4900 cuilibet

650 4940 860 4993 venalis
886 4949 1053 5000 esset.
1091 4939 1144 4993 id
1170 4940 1315 5008 quod
1348 4956 1376 4993 a
1407 4940 1647 5008 Josepho
1693 4939 1953 5001 refertur.
1991 4949 2208 5007 septem

652 5029 1034 5099 praeterieram
1070 5029 1462 5084 hebdomades.
1495 5030 1651 5095 Quod
1711 5031 2076 5101 archangelus
2129 5030 2216 5083 bis
2255 5070 2257 5073 .

651 5121 834 5176 verbis
865 5112 1088 5176 innuit:
1122 5119 1188 5173 Et
1227 5127 1342 5190 post
1375 5120 1714 5173 hebdomade:
1759 5124 2040 5192 sexaginta
2077 5123 2214 5175 duas

2313 3929 2638 3999 τριακοσίων
2676 3931 3017 4000 πεντήκοντα
3055 3933 3146 3984 καὶ
3192 3934 3476 4002 τεσσάρων
3510 3936 3758 4005 ἡμερῶν,
3803 3939 3884 4001 ὠς

2315 4022 2656 4090 περιττεύειν
2679 4022 2769 4089 ἀφ’
2789 4022 3016 4075 ἑκάστου
3036 4022 3278 4076 ἐνιαυτοῦ
3302 4025 3514 4096 ἡμέρας
3531 4027 3722 4080 ἕνδεκα
3737 4029 3885 4100 (85).

2314 4114 2423 4165 Καὶ
2467 4114 2669 4167 τούτων
2700 4115 2829 4182 γοῦν
2878 4116 2986 4169 τῶν
3039 4117 3313 4187 περιττῶν
3371 4119 3596 4189 ἡμερῶν
3647 4124 3726 4185 είς
3784 4124 3887 4193 ἔτη

2315 4205 2777 4273 συμποσουμένων
2849 4207 2917 4260 τὰ
2990 4209 3315 4276 τετρακόσια
3385 4211 3714 4281 ὀγδοήκοντα
3790 4220 3888 4269 καὶ

2312 4296 2435 4368 τρία
2500 4297 2763 4366 Ἐϐραῑκά
2823 4298 3165 4351 συνίστανται
3217 4299 3334 4366 ἔτη.
3403 4301 3637 4372 Ἑϐραίῳ
3688 4305 3743 4358 δὲ
3807 4307 3889 4378 τῷ

2313 4388 2509 4458 Δανιὴλ
2540 4391 2568 4440 6
2598 4388 2827 4455 ἄγγελος
2857 4387 3081 4456 ὁμιλῶν,
3113 4390 3328 4454 πάντως
3357 4390 3424 4443 τὰ
3451 4392 3598 4462 αὐτῷ
3624 4394 3887 4467 γνώριμα

2312 4483 2496 4549 ἔλεγεν
2567 4481 2683 4551 ἐτη.
2737 4483 2902 4550 ’Δχρι
2957 4482 3054 4551 μὲν
3107 4478 3198 4534 οῦν
3250 4484 3347 4552 τῆς
3407 4485 3503 4538 τοῦ
3564 4488 3888 4557 ἀρχιερέως

2322 4575 2596 4644 Ὑρκανοῦ
2631 4573 2986 4644 ἀναιρέσεως,
3019 4575 3076 4626 ὃν
3105 4578 3131 4627 6
3163 4575 3415 4643 βασιλεὺς
3451 4578 3659 4630 ἀνεῖλεν
3696 4580 3887 4650 Ἡρώ-

2312 4666 2410 4734 δης
2437 4665 2744 4734 (εἰρήσεται
2777 4665 2832 4716 δὲ
2863 4663 2931 4716 τὰ
2978 4668 3106 4734 περὶ
3161 4667 3353 4718 τούτου
3410 4669 3766 4736 πλατύτερον)
3830 4675 3885 4724 αξ

2315 4755 2675 4825 ἑξηκονταδύο
2705 4753 2997 4822 ἑϐδομάδες
3029 4753 3497 4827 ὲξεμετρήθησαν.
3543 4760 3774 4814 Ἐκτοτε
3827 4763 3884 4815 δὲ

2311 4848 2412 4914 τῆς
2440 4849 2852 4919 ἀρχιερωσύνης
2880 4850 2940 4902 οὐ
2974 4850 3059 4902 διὰ
3106 4850 3219 4920 βίου
3250 4853 3704 4920 προσπεπηγυίας
3734 4857 3886 4907 κατὰ

2313 4938 2405 4992 τὸν
2439 4940 2604 5009 νόμον
2637 4943 2749 5004 τοῖς
2787 4939 2987 5008 ταύτης
3018 4943 3376 5012 ἀξιουμένοις,
3397 4944 3512 4996 ἀλλ’
3538 4946 3884 5008 ἐνιαυσιαίοις

2317 5031 2644 5101 παρανόμως
2670 5031 3030 5102 διδομένης,λῆ
3065 5034 3381 5103 βραχυτέρῳ
3406 5034 3582 5102 χρόνῳ
3615 5049 3878 5103 περιοριο

2319 5118 2574 5189 ζομένης,
2604 5123 2695 5174 καὶ
2738 5126 3034 5192 χρημάτων
3064 5125 3234 5195 αὐτὴν
3260 5123 3584 5192 ὠνουμένων
3612 5124 3720 5176 τῶν
3749 5126 3885 5193 βου-

651 5215 1024 5280 exstirpabitur
1051 5215 1245 5277 unctio,
1277 5228 1369 5265 nec
1397 5212 1633 5275 futurum
1661 5221 1735 5266 est
1766 5215 1819 5266 in
1845 5231 1905 5268 ea
1926 5216 2206 5284 judicium,

2317 5211 2574 5280 λομὲνων.
2605 5212 2634 5265 δ
2662 5216 2757 5266 καὶ
2779 5216 2807 5267 6
2838 5215 3096 5283 Ἰώσηπος
3133 5215 3358 5281 ἱστορεῖ,
3391 5213 3450 5266 αἱ
3494 5213 3632 5265 ἑπτά
3667 5216 3887 5284 παρηλ-

656 5307 762 5360 hoc
783 5313 883 5366 est,
921 5307 1110 5359 unctio
1137 5305 1491 5375 pontiﬁcatus
1530 5306 1752 5376 peribit,
1798 5322 1921 5360 cutn
1953 5306 1990 5361 ii
2020 5315 2210 5361 contra

2317 5301 2480 5354 θοσαν
2509 5301 2820 5371 ἑϐδομάδες,
2855 5303 3024 5355 Τοῦτο
3065 5303 3119 5354 δὲ
3147 5301 3323 5371 δηλῶν
3375 5303 3402 5354 6
3423 5300 3564 5365 θεῖος
3596 5304 3882 5371 ἀρχάγγεο

1845 5537 2042 5598 Variae
2065 5537 2369 5600 lectiones
2413 5543 2472 5596 et
2505 5543 2688 5596 notae.

733 5772 842 5839 (85)
894 5774 990 5837 Ὠς
1042 5772 1402 5841 περιττεύειν
1459 5771 1558 5848 ἀφ’
1613 5771 1869 5848 ἑκάστου
1931 5769 2210 5848 ἐνιαυτοῦ

660 5843 882 5914 ἡμέρας
925 5843 1154 5896 iii-Gem.
1188 5845 1357 5909 Quam
1406 5843 1669 5897 rationem
1711 5844 1837 5897 anni
1880 5851 2099 5898 secutus
2138 5843 2210 5895 sit

2317 5767 2808 5843 Z__onaras,_ignoro.
2830 5769 3062 5843 [latione
3086 5786 3228 5826 nunc
3253 5772 3473 5843 usitata,
3498 5773 3875 5829 redundarent

2316 5839 2432 5895 dics
2459 5841 2690 5909 amplius
2720 5856 2804 5895 xv.
2830 5840 2991 5896 Wolf.
