4006 6328
121 411 198 476 Ξὸῗ

1301 407 1708 470 ANNALIUM
1750 408 1896 466 LIB.
1942 408 2058 467 III.

3166 411 3278 475 258

117 526 183 586 to;
204 521 360 589 ἔλεγε,
386 519 492 576 Καὶ
514 517 667 590 μετὰ
695 519 802 587 τὰς
827 518 1162 590 ἑϐδομάδας
1191 519 1298 585 τὰς
1326 520 1640 588 ἑξηκοντα-

1741 521 1919 588 legem
1963 522 2261 585 ungentur,
2310 516 2401 585 qui
2457 515 2615 586 potiti
2671 517 2764 571 illo
2815 517 3037 572 fuerint.
3098 519 3286 589 Neque

115 615 199 669 δύο
241 611 801 680 ἑξολοθρευθήσεται
839 615 1089 682 χρίσμα,
1143 613 1240 666 καὶ
1291 611 1469 680 κρῖμα
1519 613 1630 664 οὐκ

114 709 250 761 ἔστιν
278 706 343 759 ἐν
366 704 546 770 αὐτῷ.
573 705 717 759 Ἀντὶ
742 705 857 766 106,
876 705 1315 775 Διαφθαρήσεται
1344 703 1403 755 τὸ
1423 703 1630 773 χρίσμα

113 800 188 866 τῆς
214 792 636 864 ἀρχιερωσύνης.
672 795 1011 865 Παρανόμως
1050 796 1159 862 γὰρ
1186 794 1491 862 χριομένων
1521 792 1631 845 τῶν

113 891 172 950 εἰς
201 888 356 957 αὐτὴν
407 885 920 957 προδιδαζομένων,
977 886 1100 939 οὐδὲ
1149 886 1209 938 τὸ
1261 886 1469 956 χρίσμα
1529 884 1668 953 τῆν,

111 979 279 1032 οἰκείαν
298 973 438 1047 εἶχεν
470 976 645 1046 ἰσχὺν,
671 976 807 1031 ἀλλὰ
835 976 1290 1046 παρεφθαρμὲνον
1317 975 1375 1026 δν
1411 975 1629 1045 ὴμοίρει

111 1069 185 1138 τῆ;
215 1067 353 1131 θείας
397 1069 641 1137 χάριτος.
689 1068 782 1119 Διὸ
833 1070 926 1119 καὶ
973 1068 1220 1135 ἐπήγαγε
1258 1079 1272 1094 ⁶
1300 1065 1410 1119 Καὶ
1459 1066 1631 1134 κρῖμα

111 1162 190 1212 οὐκ
212 1159 348 1211 ἐστιν
381 1159 440 1211 ἑν
473 1156 646 1224 αὐτῷ,
701 1156 999 1222 τουτέστιν,
1032 1156 1093 1208 οὑ
1124 1155 1263 1208 κατὰ
1312 1154 1493 1225 κρίσιν
1539 1154 1631 1206 καὶ

110 1250 392 1319 δοκιμασίαν
433 1249 708 1319 γινόμενοι
756 1247 994 1314 ἔσονται,
1028 1247 1146 1300 ἀλλ’
1186 1245 1442 1316 ἀκρίτως,
1484 1243 1630 1314 ἢδιά

113 1344 261 1410 χάριν,
286 1340 317 1407 ἢ
342 1340 426 1392 διὰ
456 1342 739 1409 χρήματα.
775 1337 995 1389 Τούτων
1039 1337 1086 1389 δ’
1137 1335 1278 1388 οὕτω
1307 1335 1627 1404 γινομένων,

112 1434 184 1484 καὶ
205 1433 251 1483 σί
276 1431 407 1482 ἑπτὰ
453 1429 849 1498 παρερῤύησαν
891 1427 1205 1496 ἑῦξομάδες,
1236 1428 1395 1495 μέχρι
1421 1426 1518 1494 τῆς
1537 1424 1628 1476 106

112 1525 280 1590 Κυρίου
308 1522 626 1590 ἐπιφανείας
660 1520 858 1592 δηλαδὴ
882 1519 1261 1588 διαρκέσασαι.
1302 1517 1363 1568 'll
1396 1518 1496 1584 μὲν
1535 1513 1629 1569 οὖν

107 1616 324 1685 διαίρεσις
352 1614 460 1668 τῶν
486 1613 846 1684 ἑξηκονταδύο)
894 1612 1199 1679 ἑϐδομάδων
1247 1612 1339 1662 καὶ
1363 1610 1471 1661 τῶν
1494 1610 1632 1661 ἑπτὰ.

104 1707 175 1759 διὰ
211 1706 369 1759 ταῦτα
431 1706 677 1773 γέγονεν.
709 1705 863 1756 Ἐπεὶ
921 1703 976 1754 δὲ
1028 1701 1162 1772 πρὸς
1208 1701 1306 1764 τὰς
1352 1701 1410 1764 ἑξ
1458 1702 1631 1770 ἀρχῆς

104 1803 363 1871 εἰρημένας
420 1799 788 1868 ἑϐδομήκοντα
842 1796 1139 1865 ἑϐδομάδας
1198 1794 1278 1846 ἔτι
1325 1794 1421 1862 μία
1469 1793 1628 1860 λοιπὴ

105 1891 496 1961 περιλελειπται,
510 1887 754 1957 καὶπερὶ
774 1887 990 1954 ὲκείνης
1010 1885 1229 1953 εἴρηκεν
1248 1884 1275 1934 δ
1296 1882 1629 1951 ἀρχάγγελος

101 1982 276 2034 ταῦτα·
314 1981 421 2033 Καὶ
484 1977 822 2047 δυναμώσει
877 1976 990 2044 τὴν
1045 1975 1337 2040 διαθήκην
1383 1973 1631 2036 πολλοῖς

102 2074 320 2142 ἑϐδομὰς
365 2073 494 2142 μία,
543 2071 641 2124 καὶ
684 2071 753 2123 ἐν
794 2068 873 2133 τῷ
911 2070 1114 2137 ἡμίσει
1156 2065 1266 2132 τῆς
1307 2063 1632 2132 ἑϐδομάδος

103 2168 386 2235 ἀρθήσεται
418 2166 622 2227 θυσία,
664 2165 762 2216 καὶ
810 2161 1074 2228 σπονδὴ,
1122 2161 1218 2212 καί
1261 2160 1357 2211 ἐπί
1401 2159 1632 2221 τούτοις

99 2258 178 2325 ,ἐπὶ
219 2259 280 2309 τὸ
320 2256 478 2324 ἱερὸν
501 2255 816 2323 βδέλυγμα
851 2251 954 2318 τῆς
986 2249 1354 2318 ἐρημώσεως,
1388 2247 1485 2300 καὶ
1523 2247 1632 2310 ἕως

102 2350 420 2414 συντελείας
447 2345 650 2415 καιροῦ
680 2342 1000 2398 συντέλεια
1051 2341 1369 2407 δοθήσεται
1397 2340 1494 2392 ἐπὶ
1520 2335 1634 2406 τὴν

102 2443 387 2511 ἐρήμωσιν.
437 2439 500 2494 Ἦ
552 2438 735 2508 λοιπὴ,
766 2439 952 2506 φησὶν,
982 2434 1235 2503 ἑϐδομὰς,
1276 2434 1308 2500 ἡ
1356 2432 1492 2501 μετὰ
1535 2431 1633 2492 τὰς

104 2536 336 2601 ἑξήκοντα
379 2532 478 2584 καὶ
531 2530 707 2593 ἑννέα,
755 2529 852 2595 τὴν
895 2525 1087 2594 καινὴν
1132 2524 1395 2592 ὣαοήκην
1429 2522 1635 2587 εἰσάξει

107 2625 301 2694 ἰσχυρὰν
329 2623 522 2686 οὕτως,
550 2621 625 2683 ὡς
655 2619 722 2673 δι’
753 2619 923 2688 αὐτῆς
957 2616 1206 2685 ἀρθῆναι,
1236 2614 1538 2673 τουτέστιν,
1571 2613 1634 2663 ἑκ

107 2717 248 2783 μέσου
274 2713 520 2782 γενέσθαι
549 2713 647 2774 τὰς
689 2709 902 2772 Θυσίας,
944 2708 1038 2759 καὶ
1066 2707 1162 2768 τὰς
1199 2704 1429 2766 σπονδὰς
1469 2706 1526 2755 ἑν
1557 2702 1636 2771 τῷ

103 2805 269 2874 ἡμίσει
297 2804 387 2874 τῆς
414 2801 728 2871 ἑϐδομάδος.
753 2799 910 2854 Μετὰ
933 2797 1040 2866 γὰρ
1063 2795 1122 2848 τὺ
1152 2794 1431 2864 βάπτισμα
1455 2793 1482 2843 δ
1503 2793 1637 2862 Χρι-

106 2894 228 2958 στὸς,
256 2895 340 2946 ἐπὶ
363 2892 606 2962 τριετίαν
640 2890 734 2943 καὶ
770 2889 1022 2940 ἐπέκεινα
1052 2884 1291 2949 διδάξας,
1311 2881 1405 2936 καὶ
1433 2884 1634 2950 σημεῖα

105 2983 502 3052 ἐπιδειξάμενος,
533 2981 706 3042 οὕτως
737 2980 830 3031 ἐπὶ
850 2978 922 3053 ’τὸ
955 2975 1122 3037 πᾶθος
1149 2971 1301 3043 ἦλθε,
1337 2975 1431 3025 καὶ
1464 2973 1630 3026 αὑτοῦ

105 3074 327 3138 τυθέντος
349 3073 489 3143 ὑπὲρ
523 3069 619 3123 106
655 3071 859 3139 κόσμου
905 3067 1128 3130 παντὸς,
1155 3066 1250 3118 τοῦ
1293 3065 1490 3132 Ἀμνοῦ
1535 3063 1632 3114 106

1662 1856 1702 1912 Β

1729 611 1874 663 enim
1905 606 2087 659 unctio
2127 606 2235 657 vim
2275 621 2428 658 suam
2468 606 2759 669 retinebat,
2793 608 2888 662 sed
2923 619 2981 661 ut
3005 619 3283 678 corrupta,

1729 698 1914 768 gratia:
1945 695 2141 748 divinze
2172 703 2288 747 erat
2317 695 2745 763 expers._Quare
2780 698 2988 767 adjicit,
3016 698 3280 766 judicium

1729 804 1837 842 non
1888 802 2008 840 esse
2059 786 2112 837 in
2135 800 2240 838 ea:
2281 788 2381 838 hoc
2422 795 2508 838 est
2535 786 2685 838 nullo
2728 787 2972 855 judicio,
3019 789 3286 856 nullaque

1729 879 2103 948 exploratione
2156 876 2402 929 adhibita
2449 877 2740 945 pontiﬁces
2789 889 3032 931 creatum
3069 880 3158 944 iri,
3189 881 3284 933 sed

1729 968 1863 1021 citra
1897 968 2166 1020 d(‘lt'Cl.UlIl
2199 967 2278 1019 vel
2338 968 2573 1029 ambitu,
2622 968 2706 1020 vel
2745 969 2934 1036 gratia.
2986 972 3122 1024 Dum
3173 970 3287 1025 hac

1732 1059 1946 1122 ﬁerent,
1993 1059 2157 1111 etiam
2214 1067 2423 1125 septem
2473 1058 2844 1114 lu-bdomades
2892 1072 3021 1116 sunt
3055 1064 3286 1131 elapsae,

1730 1165 1853 1203 cum
1900 1163 2070 1216 usque
2119 1147 2186 1200 ad
2241 1147 2446 1200 Christi
2493 1149 3152 1204 adventum"durassent.
3211 1154 3287 1205 Ac

1729 1240 2007 1306 sexaginta
2034 1236 2267 1288 duarum
2304 1245 2358 1288 et
2394 1247 2603 1304 septem
2645 1237 3049 1291 liebdomadum
3088 1239 3289 1292 divisio

1730 1329 1832 1382 hac
1874 1331 1939 1382 de
1991 1343 2152 1381 causa
2206 1328 2454 1381 instituta
2489 1337 2592 1381 est.
2642 1328 2777 1383 Cum
2849 1339 3031 1383 autem
3087 1341 3289 1398 praeter

1728 1435 1823 1472 eas
1859 1434 1980 1487 qua:
2023 1417 2179 1469 initio
2233 1425 2360 1468 sunt
2404 1419 2686 1484 expositas,
2724 1418 2905 1472 adhuc
2956 1434 3062 1472 una
3123 1428 3291 1472 restet

1732 1511 2052 1570 hebdomns,
2095 1509 2162 1560 de
2208 1522 2268 1559 ea
2295 1522 2513 1575 quoque
2559 1508 2925 1576 archangelus
2965 1509 3044 1561 sic
3071 1509 3187 1560 ait:
3223 1509 3291 1561 Et

1729 1601 2054 1668 conﬁrmabit
2101 1606 2462 1650 testamentum
2513 1596 2998 1671 multishebdomas
3057 1615 3184 1661 una,
3241 1608 3289 1652 et

1730 1693 1783 1743 in
1834 1692 2046 1742 semisse
2087 1687 2422 1740 hebdomadis
2457 1686 2668 1739 tolletur
2693 1689 3010 1754 sacri/icium
3052 1699 3099 1742 et
3152 1689 3288 1742 liba-

1731 1784 1821 1845 tio,
1863 1791 1910 1833 et
1955 1790 2144 1849 praeter
2192 1781 2303 1830 lucc
2346 1779 2659 1829 abominalio
2683 1780 2952 1832 vastitatis
2979 1797 3135 1848 super
3162 1790 3292 1831 tem-

1730 1870 1874 1935 plum
1906 1887 1924 1922 :
1961 1876 2008 1919 et
2047 1882 2205 1932 usque
2251 1865 2320 1915 ad
2373 1865 2801 1930 complementum
2836 1868 3108 1934 temporis,
3156 1883 3295 1919 com-

1730 1959 2047 2028 plementum
2073 1958 2282 2010 dabitur
2314 1971 2469 2024 super
2496 1957 2866 2008 vastationem.
2902 1955 3130 2024 Reliqua
3161 1995 3174 2019 ,
3213 1958 3295 2010 in-

1732 2049 1873 2118 quit,
1909 2047 2233 2108 bebdomas,
2261 2046 2542 2113 sexaginta
2575 2059 2767 2098 novem
2792 2057 3069 2112 secutura,
3093 2064 3294 2101 novum

1736 2147 2130 2193 testamentum
2166 2137 2482 2190 introducet
2529 2137 2666 2190 adeo
2709 2139 2973 2201 validum,
3002 2150 3059 2191 ut
3102 2156 3198 2208 per
3241 2141 3294 2194 id

1733 2231 1963 2283 tollatur
1989 2245 2019 2283 e
2051 2229 2232 2282 medio
2263 2229 2591 2282 sacriﬁcium
2638 2237 2692 2282 et
2740 2230 2935 2284 libatio
2981 2231 3033 2284 in
3069 2232 3297 2285 semisse

1734 2320 2114 2375 hebdomadis.
2147 2320 2280 2373 Nam
2323 2337 2447 2374 cum
2499 2334 2620 2391 post
2667 2321 2997 2390 baptismum
3044 2321 3298 2375 Christus

1729 2413 2030 2466 triennium
2084 2421 2140 2465 et
2207 2413 2348 2464 ultra
2386 2413 2683 2475 docuisset,
2742 2423 2797 2465 et
2846 2413 3110 2464 miracula
3140 2413 3294 2480 137

1736 2503 2038 2564 edidisset.
2098 2504 2164 2556 ad
2211 2504 2540 2572 supplicium
2578 2505 2760 2566 venit,
2801 2518 2976 2570 eoque
3035 2519 3133 2572 pro
3183 2513 3296 2557 toto

1738 2595 1942 2648 mundo
1986 2595 2287 2657 immolato,
2318 2595 2410 2662 qui
2441 2605 2525 2648 est
2559 2595 2745 2663 Agnus
2772 2594 2889 2659 Dei,
2941 2596 3140 2648 tollens
3171 2611 3297 2664 pec-

1735 2698 1852 2740 cata
1885 2686 2098 2748 mundi,
2140 2686 2469 2739 sacriﬁcium
2497 2695 2552 2738 et
2580 2685 2791 2750 libatio,
2833 2684 3127 2738 constituta
3159 2685 3298 2754 lege,

1736 2774 1920 2827 desiit.
1982 2776 2060 2828 Ac
2103 2776 2479 2828 sacriﬁcarunt
2506 2785 2618 2828 tum
2674 2775 2880 2838 Judzei,
2915 2783 2975 2826 ut
3019 2783 3075 2828 et
3122 2790 3298 2837 nunc,

1735 2877 1924 2918 contra
1952 2865 2149 2932 legem,
2177 2880 2355 2932 neque
2389 2879 2579 2917 eorum
2614 2865 2880 2917 sacriﬁcia
2917 2872 2972 2917 et
3000 2865 3295 2917 libationes

1737 2967 1971 3023 accepta:
1992 2957 2211 3010 fuerunt
2238 2957 2369 3010 Deo.
2397 2958 2529 3010 lllud
2557 2973 2741 3027 porro,
2761 2957 3117 3011 Conﬁrmabit
3145 2966 3300 3044 testa;

1738 3057 1980 3102 mentum
2029 3048 2238 3111 multis,
2279 3048 2443 3101 etiam
2485 3049 2644 3101 aliter
2685 3048 2883 3117 exponi
2931 3059 3124 3116 potest,
3153 3046 3299 3116 quod

109 3165 222 3219 Θεοῦ
248 3165 333 3218 τοῦ
363 3138 612 3234 αἴροντος
641 3163 739 3232 τὴν
761 3138 1050 3230 Ῠὰμαρτίαν
1072 3156 1165 3210 106
1191 3157 1465 3226 κόσμου,ή
1495 3156 1633 3206 κατά

1740 3150 1953 3192 sanctos
1984 3139 2263 3208 apostolos
2289 3139 2376 3191 illa
2411 3138 2712 3192 hebdomas
2747 3149 2999 3206 potentes
3030 3138 3299 3190 eﬂ‘ectura

109 3258 248 3326 νόμον
279 3256 430 3311 θυσία
470 3254 706 3324 ἐπαύθη,
737 3254 833 3306 καὶ
873 3253 906 3322 ἡ
960 3249 1180 3318 σπονδή.
1219 3248 1329 3301 Καὶ
1354 3246 1508 3299 ἔθυον
1550 3247 1639 3297 ἐκ·

106 3365 206 3400 τοτε
236 3350 282 3400 οί
326 3348 592 3411 Ἰουδαῖοι,
626 3347 748 3397 ἐπεὶ
785 3345 878 3397 καὶ
922 3343 1003 3395 ἔτι
1045 3342 1233 3394 θύουσι
1282 3340 1632 3407 παρανόμως,

106 3438 202 3490 ἀλλ’
224 3439 580 3510 ἀπρόσδεκτος
615 3432 684 3507 ἦν
716 3437 750 3506 ἡ
776 3434 1000 3488 ἐκείνων
1029 3432 1189 3484 θυσία
1225 3432 1320 3484 καὶ
1347 3431 1380 3499 ἠ
1417 3429 1634 3495 σπονδή.

108 3531 198 3581 Καὶ
247 3529 410 3592 ἄλλως
462 3529 519 3581 δὲ
567 3530 648 3593 τὸ,
705 3523 1030 3596 Δυναμώσει
1079 3520 1345 3590 διαθήκην
1401 3517 1638 3580 πολλοῖς,

107 3620 480 3692 ἑκληφθησεται
516 3619 648 3673 ἀντὶ.
680 3616 800 3681 τοῦ,
829 3612 1100 3674 Δυνατοῦς
1136 3611 1262 3672 τοὺς
1291 3608 1470 3678 ίεροὺς
1498 3607 1641 3657 ἁπο-

109 3715 302 3775 στόλους
336 3713 416 3774 είς
464 3712 525 3764 τδ
554 3711 821 3779 κήρυγμα
858 3707 892 3775 ἡ
934 3701 1168 3772 ἑϐδομὰς
1196 3701 1380 3768 ἑκείνη
1405 3699 1641 3768 ἐργάσαο

109 3821 199 3859 ται.
232 3806 319 3868 Et;
351 3803 444 3857 δύο
472 3801 580 3872 γὰρ
618 3799 716 3870 τὴν
749 3795 1018 3867 ἑϐδομάδα
1062 3793 1314 3864 φαίνεται
1344 3790 1568 3861 διαιρῶν
1613 3791 1642 3842 ὁ

112 3896 451 3966 ἀρχάγγελος,
488 3894 566 3957 εἰς
617 3893 710 3946 τὸν
768 3889 918 3961 παρὰ
975 3886 1065 3941 τοῦ
1118 3885 1349 3950 Πάθους,
1402 3884 1494 3936 καὶ
1552 3883 1644 3935 τὸν

110 3992 233 4057 μετά
259 3989 316 4041 τὸ
350 3987 525 4046 Πάθος
565 3985 780 4054 καιρόν.
828 3982 964 4051 Περὶ
991 3980 1100 4049 γὰρ
1127 3979 1194 4031 τὰ
1222 3975 1348 4048 τρία
1379 3974 1474 4043 ῑτη
1507 3973 1644 4042 πρὸς

110 4079 172 4148 τῷ
196 4079 374 4148 ἡμίσει
407 4074 651 4145 κηρύξας
676 4074 704 4124 δ
746 4072 948 4141 Κύριος
980 4070 1122 4122 κατὰ
1155 4068 1214 4118 τὸ
1262 4064 1359 4118 106
1400 4063 1517 4116 υἱοῦ
1544 4063 1645 4131 τῆς

111 4169 317 4239 βροντῆς
373 4164 725 4233 Εὖαγγέλιον,
764 4163 858 4214 καὶ
897 4159 1158 4230 στηρίξας
1197 4159 1277 4220 είς
1333 4158 1430 4226 τὴν
1477 4154 1644 4210 αὑτοῦ

109 4261 270 4312 πίστιν
307 4258 430 4319 τοὺς
465 4255 640 4316 θείους
671 4249 836 4304 αὐτοῦ
878 4248 1211 4311 ἀποστόλους
1241 4247 1306 4316 τῇ
1333 4245 1443 4298 τῶν
1472 4243 1646 4311 λόγων

108 4350 311 4421 ἀληθείᾳ
360 4348 456 4404 καὶ
499 4348 568 4414 τῇ
611 4343 720 4396 τῶν
767 4341 1086 4410 θαυμασίων
1131 4338 1307 4408 ἔργων
1354 4334 1642 4398 ἐπιδείξειο

108 4445 232 4496 οὕτω
263 4444 391 4513 πρὸς
421 4443 482 4496 τδ
515 4438 691 4502 Πάθος
724 4436 994 4508 ἐχώρησε,
1029 4434 1122 4487 καὶ
1157 4433 1241 4485 τὸν
1273 4429 1506 4499 σταυρὸν
1544 4444 1644 4478 καί

1740 3231 1810 3284 sit
1828 3231 1894 3284 ad
1925 3231 2368 3300 praedicationem
2419 3222 2719 3300 Evangelii.
2748 3231 2886 3284 Nam
2932 3244 3050 3282 eam
3095 3229 3302 3282 hebdo-

1739 3321 1955 3375 madem
1979 3320 2228 3389 bipertiri
2260 3321 2482 3375 videtur
2512 3321 2896 3390 archangelus,
2920 3321 2972 3372 in
3004 3319 3057 3373 id
3089 3328 3304 3386 tempus

1739 3412 1887 3480 quod
1940 3412 2260 3466 Passionem
2316 3421 2372 3466 et
2419 3412 2782 3466 anteceditet
2833 3412 3101 3477 sequitur.
3161 3409 3298 3462 Nam

1740 3516 1866 3555 cum
1923 3501 2192 3554 Dominus
2241 3503 2472 3554 circiter
2506 3509 2619 3555 tres
2652 3513 2827 3554 annos
2873 3505 2929 3550 et
2973 3497 3262 3552 dimidium
3288 3539 3304 3562 ,
3342 3502 3346 3505 “

1740 3590 2046 3645 secundum
2079 3591 2444 3659 Evangelium
2496 3589 2594 3643 ﬁlii
2626 3589 2855 3643 tonitrui
2879 3628 2894 3651 .
2924 3589 3303 3658 pra-dicasset,

1739 3690 1904 3751 atque
1944 3680 2089 3750 apud
2146 3689 2366 3735 sanctos
2387 3696 2516 3735 suos
2566 3681 2843 3749 apostolos
2886 3690 2943 3733 et
2993 3696 3306 3735 sermonum

1741 3773 1995 3838 veritate,
2055 3782 2112 3827 et
2162 3773 2498 3826 mirabilium
2573 3786 2799 3841 operum
2846 3771 3142 3825 eﬂ'ectione
3201 3771 3304 3822 sibi

1743 3866 1906 3920 ﬁdem
1931 3865 2312 3930 conciliasset;
2359 3866 2441 3920 sic
2468 3863 2535 3917 ad
2561 3863 2873 3918 Passionem
2899 3862 3177 3932 profectus
3199 3870 3306 3921 est.

1741 3965 1793 4011 et
1820 3971 2039 4009 crucem
2068 3956 2330 4022 suscepit,
2365 3963 2707 4022 mortemque
2731 3965 3025 4020 perpessus
3058 3960 3162 4005 est.
3203 3951 3306 4004 Re-

1741 4051 1898 4120 liquo
1932 4047 2292 4104 hebdomadis
2325 4056 2570 4113 tempore
2617 4053 2742 4113 post
2788 4043 3249 4097 resurrectionem
3278 4059 3305 4096 a

1743 4140 1999 4203 mortuis,
2031 4148 2088 4193 et
2117 4152 2405 4192 ascensum
2439 4136 2493 4189 in
2539 4135 2725 4189 sinum
2766 4131 3081 4194 Paternum,
3133 4149 3163 4186 a
3200 4147 3306 4202 quo

1755 4246 2034 4301 nunquam
2059 4237 2345 4298 separatus
2371 4227 2496 4280 fuit.
2527 4233 2582 4280 et
2609 4224 2872 4300 Paraclcti
2914 4222 3325 4288 visitationem,

1745 4325 1988 4378 divinum
2027 4323 2266 4374 amatum
2291 4359 2305 4382 ,
2335 4317 2515 4372 sancti
2547 4319 2667 4386 ejus
2692 4314 2976 4382 discipuli,
3016 4328 3140 4367 cum
3165 4314 3307 4368 divi-

1747 4431 1879 4468 num
1923 4414 2278 4483 Evangelium
2329 4408 2720 4476 Hierosolymis
2768 4392 3220 4470 annuntiassent,
3254 4419 3310 4462 et

113 4499 500 4599 τεδέξατο,-καὶ
554 4499 816 4598 ὑπέμεινε
841 4499 1102 4578 ’θανατοιη
1155 4517 1290 4575 Εἶτα
1330 4520 1421 4571 τὸν
1461 4517 1640 4569 λοιπὸν

1748 4507 2193 4578 praedicationem
2233 4500 2514 4556 miraculis
2540 4499 2982 4562 conﬁrmassent,
3033 4510 3088 4552 et
3122 4500 3311 4552 turbas

109 4628 194 4696 τῆς
219 4624 508 4692 ἑϐδομάδος
548 4621 740 4690 χρόνον
793 4617 929 4688 μετὰ
950 4615 1064 4684 δτὴν
1088 4617 1152 4665 ὲκ
1181 4610 1389 4680 νεκρῶν
1412 4607 1647 4662 ἀνάστα-

114 4731 184 4770 σιν
224 4715 314 4768 καὶ
359 4715 459 4784 τὴν
507 4711 644 4781 πρὸς
695 4709 822 4771 τοὺς
869 4705 1106 4767 κόλπους
1166 4701 1292 4763 τοὺς
1333 4698 1649 4768 Πατρικοὺς

113 4809 299 4872 ἄνοδον,
331 4800 404 4860 ὧν
438 4804 498 4857 οὐ
540 4799 842 4871 κεχώριστο
872 4795 1112 4858 πώποτε,
1147 4792 1241 4846 καὶ
1271 4793 1369 4861 τὴν
1405 4791 1497 4843 106
1538 4790 1650 4840 Πα-

117 4895 365 4964 ρακλήτου
398 4889 765 4959 ἑπιφοίτησιν,
797 4888 890 4940 καὶ
920 4886 1072 4938 θείαν
1095 4883 1401 4942 ἐπίπνοιαν,
1434 4879 1484 4930 οί
1518 4875 1652 4946 ἱεροὶ

116 4984 263 5036 σὺτοῦ
308 4982 541 5054 μαθηταὶ
569 4981 626 5031 ἑν
669 4976 1024 5046 Ἰερουσαλὴμ
1056 4974 1119 5025 τὸ
1150 4972 1291 5024 θεῖον
1312 4967 1653 5034 διαγγέλλον-

116 5090 193 5136 τις
235 5072 578 5140 labentum,
607 5066 704 5120 καὶ
736 5065 796 5117 τὸ
829 5065 1089 5133 κήρυγμα
1123 5058 1477 5125 πιστούμενοι
1520 5056 1653 5109 θαύο

121 5181 260 5233 μασι,
290 5164 382 5216 καὶ
417 5161 599 5231 πλήθη
627 5155 927 5226 ἀνθρώπων
968 5153 1340 5231 ἐπισπώμενοι
1377 5149 1514 5218 πρὸς
1557 5147 1653 5214 τὴν

119 5257 392 5322 ἐπίγνωσιν
429 5252 524 5305 τοῦ
573 5251 740 5312 δντως
791 5245 926 5300 Θεοῦ
958 5284 973 5309 ,
1024 5245 1401 5313 διεσπάρησαν
1452 5241 1532 5298 εἰς
1587 5237 1654 5290 τὰ

120 5350 255 5419 ἔθνη,
284 5351 375 5401 καὶ
415 5347 587 5401 ταῦτα
620 5343 913 5413 ἐφώτισαν.
958 5337 1129 5391 T0610
1171 5336 1353 5404 τοίνυν
1382 5335 1410 5384 ὁ
1442 5329 1654 5399 ἀρχάγ-

121 5443 260 5509 γελος
297 5439 573 5509 προδηλῶν
609 5437 686 5508 τῷ
712 5435 966 5506 προφήτῃ
1004 5429 1223 5499 Δανιὴλ,
1252 5427 1402 5492 ἔλεγε
1425 5439 1439 5453 ·
1467 5423 1654 5509 Δυνα-

118 5504 289 5601 μὼσει
324 5504 612 5596 διαθῆκην
634 5504 885 5588 έολάοῑς
920 5518 1170 5587 ἑϐδομὰς
1197 5516 1306 5584 μία
1329 5529 1341 5541 ·
1383 5510 1511 5601 ἀντὶΔ
1538 5504 1653 5601 τρῖ),

123 5595 344 5694 δύναμιν
371 5617 667 5688 περιζώσει
698 5617 947 5680 πολλοὺς,
986 5613 1110 5671 τοὺς
1155 5605 1396 5676 μαθητὰς
1434 5595 1656 5694 δηλαδῂο

121 5715 203 5770 τόν
227 5686 284 5767 τὶ
321 5710 424 5782 πρὸ
445 5686 549 5763 τοῦ
582 5707 792 5768 Βάθους
830 5704 924 5756 τοῦ
959 5700 1160 5773 Κυρίου
1190 5695 1403 5765 χρόνον,
1443 5689 1539 5740 καὶ
1568 5686 1659 5738 τὸν

129 5807 254 5877 μετὰ
280 5805 343 5859 τὸ
385 5802 580 5865 Πάθος,
612 5797 732 5854 καθ’
760 5797 822 5853 δν
843 5797 1109 5868 πρότερον
1151 5789 1246 5860 μὲν
1276 5787 1332 5839 ὲν
1381 5783 1657 5851 Ἰερουσαο

1751 4597 2032 4651 hominum
2063 4592 2128 4645 ad
2166 4591 2281 4645 veri
2330 4591 2424 4644 Dei
2473 4587 2809 4659 agnitionem
2850 4588 3226 4644 attraxissent.
3257 4590 3311 4640 in

1747 4697 1938 4757 gentes
1985 4684 2215 4752 dispersi
2269 4691 2433 4743 sunt,
2484 4694 2688 4747 easque
2737 4678 3140 4743 illuminarunt.
3197 4677 3312 4731 Hoc

1748 4780 1915 4850 igitur
1932 4775 2292 4844 archangelus
2317 4768 2754 4840 praesigniﬁcans
2784 4768 2997 4820 Danieli
3028 4769 3311 4835 propheta:

1749 4871 1825 4923 ait
1851 4886 1864 4920 :
1895 4865 2234 4932 Conﬁrmabit
2268 4868 2636 4927 testamentum
2660 4859 2838 4912 multis
2877 4859 3151 4911 hebdomas
3184 4875 3313 4924 una,

1751 4962 1854 5014 hoc
1876 4969 1977 5022 est,
2004 4958 2146 5009 vires
2171 4963 2422 5022 suggeret
2455 4953 2670 5018 multis,
2706 4951 2996 5019 discipulis
3028 4951 3310 5010 nimirum,

1756 5063 1974 5116 tempus
2004 5055 2058 5100 et
2084 5056 2458 5111 antegressum
2505 5054 2561 5099 et
2603 5053 2960 5097 consecutum
3005 5040 3311 5108 passionem

1751 5137 1964 5192 Domini
1993 5137 2328 5204 complexus,
2369 5151 2481 5204 quo
2511 5134 2660 5204 prius
2699 5130 3086 5197 llieroSolymis
3117 5130 3314 5195 praedi-

1754 5229 2220 5297 cabantapostoli,
2246 5238 2369 5296 post
2403 5228 2567 5279 etiam
2589 5225 2739 5277 orbis
2763 5231 3033 5274 terrarum
3057 5221 3317 5271 extremi-

1757 5330 1893 5375 tates
1930 5321 2195 5374 obeuntes
2251 5317 2538 5370 docebant.
2582 5314 2702 5365 Mox
2735 5309 2982 5364 eamdem
3016 5308 3312 5362 hebdoma-

1755 5410 1877 5462 dem
1925 5408 2120 5462 dividit
2177 5406 2261 5459 his
2313 5404 2497 5458 verbis
2549 5419 2562 5453 :
2612 5400 2677 5453 In
2731 5402 2942 5451 semisse
2983 5393 3313 5448 hebdomadis

1756 5499 1972 5552 tolletur
1999 5499 2323 5564 sacri/icium
2362 5505 2408 5545 et
2461 5491 2665 5544 libatio.
2702 5493 2821 5556 Quo
2865 5489 3108 5542 declarat
3153 5486 3311 5534 linem

1759 5591 1967 5644 umbrae
2016 5591 2173 5658 legis.
2224 5587 2431 5656 Deinde
2468 5586 2728 5656 subjicit:
2764 5583 2828 5636 Et
2877 5594 3032 5646 super
3065 5575 3315 5642 templum

1761 5685 2083 5738 abominatio
2131 5681 2390 5735 vastitatis
2429 5697 2444 5734 :
2478 5694 2603 5733 nam
2646 5692 2770 5730 cum
2827 5674 2940 5726 haec
2991 5668 3140 5726 ﬁent,
3184 5677 3318 5718 tem-

1761 5776 1920 5844 plum
1954 5773 2166 5841 pridem
2211 5782 2465 5827 sanctum
2497 5778 2552 5827 et
2591 5763 2923 5826 venerabile,
2985 5756 3317 5816 abominatio
