4004 6328
606 408 714 472 263

1856 393 2179 458 JOANNIS
2220 391 2359 452 ZON
2374 391 2543 449 AR/E

3712 385 3818 445 ρει

613 519 768 574 urbis
792 516 1090 589 pmstolari
1123 515 1278 585 jubet
1317 528 1332 568 :
1367 528 1422 568 se
1454 525 1579 567 cum
1614 508 1812 564 ancilla
1865 522 1962 560 sua
1993 504 2178 564 exitu-

2286 501 2565 553 συνέθεντο
2619 499 2816 565 λέγειν,
2860 495 3144 549 ἀντέθεντο
3187 498 3240 547 δὲ
3281 499 3377 565 τὴν
3410 494 3569 563 δίψαν
3608 501 3700 563 την
3730 494 3818 547 τοῦ

612 625 751 672 ram,
780 624 956 678 neque
987 610 1253 664 dicturam
1285 604 1438 673 prius
1466 601 1596 671 quid
1644 599 1905 667 cmpisset
1936 592 2171 654 consilii,

613 717 774 771 quam
806 716 920 755 rem
949 700 1118 767 ipsam
1149 703 1537 766 perpetrasset.
1572 691 1731 746 Exitu
1765 690 2071 757 impetrato,
2095 683 2178 738 di-

611 792 815 862 gressis
848 789 974 851 illis,
999 787 1063 840 ad
1098 800 1289 856 preces
1319 783 1659 838 convertitur
1687 796 1699 831 :
1729 787 1785 832 et
1813 774 2060 846 deposita
2091 772 2175 862 lu-

612 861 769 952 gubri
804 896 870 933 ex
905 878 1165 932 viduitate
1195 876 1419 938 vestitu,
1453 874 1560 927 lota
1584 912 1596 936 ,
1630 880 1684 924 et
1720 867 2011 938 unguentis
2042 861 2178 916 deli—

615 975 747 1027 buta
769 1013 783 1035 ,
823 971 1083 1024 amictum
1113 969 1339 1020 hilarent
1377 962 1572 1027 induit,
1604 965 1930 1016 ornamenta
1970 954 2176 1014 sumit,

615 1074 669 1119 et
700 1069 962 1116 exornata
1001 1059 1065 1113 ad
1112 1059 1314 1112 amoris
1352 1055 1640 1110 illecebras
1687 1049 1895 1104 ancillae
1936 1046 1989 1098 in
2034 1044 2178 1097 vasis

615 1153 900 1208 ferendum
934 1151 1027 1204 dat
1059 1151 1246 1202 viuum
1293 1159 1347 1202 ct
1388 1149 1600 1210 oleum,
1635 1151 1689 1197 et
1733 1155 1918 1210 peram
1962 1137 2135 1189 farina
2162 1174 2174 1192 .

618 1246 830 1300 ﬁculius
868 1253 921 1297 et
970 1242 1199 1312 panibus
1247 1241 1455 1308 plenam
1497 1256 1510 1288 :
1545 1245 1600 1289 et
1645 1249 1706 1287 ca
1743 1232 1943 1286 comite
1988 1228 2176 1280 urbem

615 1350 856 1403 egressa,
899 1332 951 1384 in
1001 1339 1175 1383 castra
1222 1326 1562 1396 Assyriorum
1603 1322 1777 1375 tendit
1808 1339 1818 1370 :
1855 1318 1923 1371 ab
1955 1314 2180 1370 excubi-

621 1425 833 1479 toribus
861 1423 1276 1490 comprelicnsa,
1330 1417 1395 1471 ad
1422 1415 1822 1484 lloloplierncm
1870 1409 2177 1474 adducitur,

622 1518 714 1584 qui
759 1516 876 1583 ejus
907 1515 1130 1567 formam
1167 1509 1488 1567 admiratus.
1536 1520 1785 1560 securam
1833 1516 1952 1556 esse
1980 1499 2177 1569 jussit,

623 1608 757 1659 nihil
788 1607 930 1658 enim
961 1617 1244 1670 passuram
1275 1600 1422 1652 mali.
1451 1597 1586 1649 Tum
1620 1597 1707 1647 illa
1739 1610 1755 1647 :
1789 1593 1944 1655 Audi,
1981 1590 2178 1659 inquit,

621 1697 827 1748 domine
854 1734 866 1754 ,
897 1694 1048 1745 veiba
1083 1708 1194 1743 mea
1213 1730 1228 1750 ,
1269 1699 1316 1740 et
1345 1705 1459 1758 qua-
1486 1689 1670 1740 Acliior
1696 1689 1848 1746 dixit,
1891 1686 2066 1735 animo
2094 1692 2180 1733 tuo

625 1800 728 1834 non
763 1784 1027 1834 excidant.
1067 1779 1250 1832 Verum
1284 1796 1419 1831 enim
1449 1787 1521 1829 est
1549 1818 1562 1838 ,
1601 1776 1891 1839 Ιενιιιιίὶιιιε,
1924 1777 1979 1826 ni
2003 1790 2182 1840 pecca-

619 1873 804 1932 verint,
837 1871 1013 1938 gladio
1040 1885 1142 1922 non
1173 1876 1481 1935 superatum
1505 1869 1590 1919 iri.
1625 1867 1770 1919 Nunc
1808 1875 2012 1930 autem,
2049 1864 2171 1930 quia
2212 1846 2251 1899 Β

621 1961 746 2011 cibis
773 1969 819 2010 ct
859 1973 1000 2027 aqua
1043 1955 1418 2018 destituuntur,
1451 1959 1555 2024 lege
1589 1955 1874 2008 interdictis
1931 1953 2088 2012 vesci,
2129 1958 2178 2000 et

622 2049 886 2114 primitias
918 2047 1199 2113 frumenti,
1229 2047 1434 2113 vinique
1465 2046 1692 2096 decimas
1713 2083 1726 2104 ,
1759 2058 1871 2110 qua:
1899 2040 2180 2093 sacerdoti-

625 2139 716 2188 bus
756 2137 1007 2188 attributa
1031 2177 1044 2199 ,
1080 2151 1142 2187 ne
1184 2137 1369 2203 attingi
1421 2137 1632 2202 quidem
1670 2135 1731 2186 ab
1772 2133 1889 2184 aliis
1943 2131 2022 2198 fus
2049 2138 2136 2203 est
2163 2168 2176 2192 ,

623 2229 888 2280 absumere
924 2229 1275 2284 decreverunt.
1315 2225 1441 2289 Qum
1478 2229 1601 2278 dum
1635 2235 1682 2278 et
1721 2222 2179 2292 Ilierosolgmitaid

621 2321 926 2388 statuerint,
964 2318 1168 2386 legatos
1211 2334 1269 2370 eo
1305 2319 1508 2379 misere,
1547 2319 1745 2370 veniam
1789 2316 1901 2383 ejus
1934 2313 2056 2382 facti
2093 2327 2180 2378 pe-

626 2420 805 2462 tentes.
849 2408 936 2462 Sic
960 2411 1119 2478 igitur
1151 2409 1257 2484 lege
1282 2407 1500 2470 violata,
1534 2425 1633 2482 non
1665 2407 1861 2473 defensi
1899 2423 1930 2457 a
1975 2403 2102 2462 Deo,
2125 2403 2179 2453 in

625 2501 842 2551 exitium
884 2507 1055 2553 ruent.
1085 2498 1283 2563 Quibus
1315 2515 1406 2567 ego
1434 2499 1670 2568 cognitis,
1700 2513 1761 2550 ea:
1788 2497 1914 2550 urbe
1947 2491 2176 2564 profugi.

628 2598 680 2639 ut
712 2592 972 2642 interitum
999 2593 1171 2651 uitem,
1199 2600 1245 2642 et
1276 2606 1412 2642 nunc
1437 2591 1579 2657 apud
1605 2597 1651 2639 te
1679 2589 1912 2649 manebo,
1933 2590 2176 2643 domine:

626 2690 672 2731 et
707 2696 910 2748 egressa
937 2691 1088 2732 noctu
1119 2681 1172 2733 in
1209 2680 1398 2733 vallem
1427 2720 1440 2739 .
1469 2678 1699 2732 adorabo
1737 2678 1902 2732 Deum
1927 2719 1940 2742 ,
1970 2691 2022 2733 ut
2061 2697 2178 2733 cum

625 2771 670 2823 is
704 2772 826 2822 mihi
851 2771 1064 2832 dixerit,
1084 2771 1294 2839 quando
1311 2769 1598 2836 peccarint,
1631 2784 1722 2838 ego
1747 2770 1838 2820 tibi
1862 2772 2175 2834 renuntiem,

625 2872 671 2913 et
705 2873 753 2914 te
803 2879 894 2931 per
949 2861 1193 2914 Judwam
1248 2860 1610 2930 Hierosolyma
1662 2876 1822 2926 usque
1865 2861 2177 2928 perducam,

626 2952 1075 3021 soliumquetuum
1093 2953 1146 3004 in
1161 2952 1303 3004 urbis
1323 2952 1490 3004 medio
1513 2949 1778 3003 collocem.
1807 2947 2179 3016 "OlopllCI'llCS

630 3042 732 3094 hac
770 3044 1018 3096 oratione
1063 3041 1389 3106 delectatus,
1428 3041 1706 3095 introduci
1757 3055 1877 3094 eam
1932 3041 2088 3110 jubet
2123 3041 2178 3092 in

630 3133 818 3186 cellam
852 3132 1125 3186 conclavis
1149 3133 1252 3194 sui,
1287 3143 1343 3188 et
1374 3134 1490 3187 dari
1523 3134 1665 3201 quod
1705 3133 1850 3186 edat.
1881 3131 1948 3184 At
1977 3132 2088 3193 illa,
2122 3146 2178 3184 se

632 3235 790 3291 negat
821 3224 1034 3276 illorum
1063 3224 1206 3276 cibis
1238 3239 1480 3287 usuram,
1512 3239 1579 3277 ne
1606 3224 1707 3276 sibi
1741 3222 1916 3275 fraudi
1943 3231 2126 3276 essent
2167 3239 2178 3274 :

632 3315 728 3370 sed
770 3317 835 3370 iis
867 3332 1006 3384 quos
1055 3331 1238 3371 secum
1285 3315 1580 3379 attulisset,
1623 3315 2009 3369 victitaturam.
2046 3313 2182 3369 Cum

634 3405 1005 3473 Holophernes
1024 3415 1258 3476 rogaret,
1280 3406 1368 3459 ubi
1392 3406 1426 3458 ii
1460 3391 1806 3470 defecissent,
1847 3421 1956 3476 quo
1975 3407 2184 3460 victura

635 3503 801 3558 esset,
850 3495 1141 3563 respondet
1184 3495 1260 3548 illi
1297 3512 1309 3547 :
1340 3495 1422 3549 Ita
1447 3505 1501 3548 tu
1526 3498 1686 3558 uiuas,
1716 3497 1956 3558 Domine,
1990 3507 2043 3547 ut
2082 3513 2182 3549 non

634 3587 779 3654 prius
804 3585 900 3637 cibi
926 3588 976 3639 hi
1008 3603 1088 3640 me
1116 3588 1369 3656 deﬁcient,
1402 3607 1559 3658 quam
1601 3589 1736 3643 Deus
1773 3607 1886 3643 utea
1923 3607 2083 3643 manu
2130 3592 2183 3644 id

634 3675 904 3741 peregerit,
940 3677 1077 3744 quod
1107 3677 1346 3730 decrevit.
1375 3677 1545 3732 Media
1573 3687 1731 3731 nocte
1763 3680 1940 3746 petiit,
1986 3688 2043 3732 ut
2077 3679 2181 3733 sibi

636 3765 687 3816 in
719 3763 909 3817 vallem
943 3766 1124 3834 egredi
1177 3766 1368 3818 liceret
1397 3765 1463 3818 ad
1506 3767 1837 3834 precandum
1877 3784 1892 3819 :
1929 3769 2184 3822 concedit

632 3849 1018 3923 Holopliernes.
1054 3850 1188 3908 Cum
1211 3854 1361 3923 141
1383 3865 1561 3908 autem
1597 3856 1683 3910 illa
1723 3857 1961 3910 triduum
1995 3857 2067 3912 ita
2101 3859 2193 3912 fe-'

631 3945 813 4010 cisset,
861 3955 1057 4015 quarto
1099 3946 1187 4000 die
1235 3947 1544 4001 convivium
1591 3957 1854 4017 apparat,
1903 3958 1958 4003 et
1993 3950 2180 4020 Bagoae.

629 4040 901 4104 eunucho,
924 4041 1015 4108 qui
1032 4041 1282 4094 omnibus
1307 4042 1426 4111 ejus
1451 4041 1648 4110 opibus
1667 4053 1915 4110 praeerat,
1938 4043 2178 4108 mandat,

632 4138 690 4181 ut
721 4128 956 4182 Hebraeae
987 4131 1199 4182 mulieri
1231 4115 1612 4198 persuaderet,
1648 4140 1706 4184 ut
1744 4132 1811 4184 ad
1855 4147 1911 4185 se
1944 4133 2176 4188 veniret.

631 4217 741 4271 Sibi
779 4221 924 4273 cnim
961 4231 1114 4288 turpe
1146 4221 1280 4285 fore,
1314 4220 1357 4273 si
1385 4220 1546 4273 talem
1571 4219 1827 4273 feminam
1857 4220 2178 4285 dimisisset,

629 4310 773 4362 nulla
809 4296 1203 4364 consuetudine
1237 4325 1358 4364 cum
1387 4327 1448 4365 ea
1479 4311 1684 4365 habita.
1710 4311 1912 4381 Bagoas
1940 4311 2179 4367 Juditha:

627 4402 750 4451 ait:
796 4398 923 4452 Veni
959 4401 1026 4452 ad
1066 4400 1345 4453 Dominum
1381 4417 1569 4464 meum,
1619 4411 1674 4453 ut
1729 4402 1956 4471 gloriosa
2003 4405 2072 4456 sis
2123 4406 2177 4457 in

2278 590 2430 654 λαοῦ,
2480 593 2572 643 καὶ
2605 591 2705 660 τὴν
2747 589 2868 659 βίαν
2900 589 2996 656 τὴν
3029 587 3086 652 ἐξ
3133 587 3318 640 αὑτοῦ.
3364 587 3604 655 Κάκείνη
3642 585 3820 652 στῆναι

2276 681 2474 739 αὐτοὺς
2502 680 2598 749 τὴν
2629 680 2800 732 νύκτα
2838 679 2927 731 ἐπὶ
2961 676 3057 746 τὴν
3085 676 3259 746 πύλην
3279 676 3373 744 τῆς
3399 675 3599 728 πόλεω.
3628 674 3820 727 ἐνετέλ-

2275 773 2417 823 λετο.
2455 770 2603 839 Ᾱύτὴ
2644 771 2699 822 δὲ
2731 771 2913 838 ἔλεγεν
2946 768 3323 835 ἐξελεύσεσθαι
3360 766 3502 836 μετὰ
3539 764 3632 833 τῆς
3659 765 3822 833 ἅϐρας

2279 867 2468 934 αὐτῆς,
2507 865 2580 934 μὴ
2613 865 2795 934 μέντοι
2824 864 3005 926 αὐτοῖς
3030 864 3176 933 ἐρεῖν
3210 862 3268 913 τὸ
3297 859 3428 929 παρ’
3467 857 3638 924 αὐτῆς
3671 857 3821 925 μελε-

2276 954 2536 1023 τώμενον,
2603 955 2705 1015 ἓως
2742 949 2802 1006 οὗ
2839 953 2972 1022 πρὸς
3003 953 3198 1021 πρᾶξιν
3225 948 3583 1018 κατευθυνθῇ.
3617 948 3720 1000 Καὶ
3755 943 3824 998 εἷο

2281 1064 2381 1098 πον
2405 1047 2566 1114 αὐτῇ,
2592 1046 2828 1114 Πορεύου
2855 1062 2868 1076 ·
2903 1045 2995 1098 καὶ
3023 1046 3070 1097 οί
3105 1045 3203 1114 μὲν
3222 1042 3487 1112 ἀπῆλθον.
3536 1040 3598 1092 Ἦ
3624 1040 3678 1091 δὲ
3701 1040 3826 1107 πρὸς

2279 1139 2632 1208 παράκλησιν
2673 1136 2883 1206 ἐτράπη
2922 1135 3019 1204 τὴν
3051 1134 3186 1204 πρὸς
3215 1133 3366 1186 Θεόν.
3403 1127 3534 1184 Εἶτα
3567 1127 3827 1196 ἀποθεμέ-

2279 1248 2343 1299 νη
2373 1231 2472 1299 τὴν
2499 1229 2743 1297 πενθήρη
2775 1227 2968 1295 στολὴν
2998 1226 3095 1293 τῆς
3121 1225 3455 1293 χηρεύσεως,
3489 1221 3582 1272 καὶ
3605 1219 3663 1271 τὸ
3681 1220 3829 1286 σῶμα

2281 1320 2660 1390 περικλύσασα
2706 1319 2878 1380 ὕδατι,
2937 1317 3032 1370 καὶ
3077 1316 3231 1385 μύρῳ
3275 1313 3602 1382 χρισαμένη,
3652 1309 3830 1374 στολὴν

2285 1413 2539 1481 μετενέδυ
2575 1411 2932 1476 εύφρόσυνον,
2980 1409 3074 1460 καὶ
3103 1407 3306 1471 κόσμον
3338 1405 3504 1472 ἑαυτῇ
3532 1399 3827 1469 περιέθετο.

2283 1509 2393 1559 Καὶ
2436 1500 3059 1580 καλλωπισθεῖσφπρὺς
3106 1499 3165 1551 τὸ
3194 1496 3632 1563 ἐπαγωγότερον,
3673 1493 3832 1546 ἔδωκε

2281 1604 2349 1668 τῇ
2375 1595 2675 1665 θεραπαίνῃ
2725 1595 2911 1663 φέρειν
2958 1595 3015 1645 ἐν
3056 1590 3302 1657 ἀγγείοις
3343 1583 3485 1640 οἶνον
3517 1586 3611 1636 καὶ
3644 1583 3831 1643 ἔλαιον,

2283 1705 2376 1739 και
2406 1690 2587 1756 πήραν
2619 1685 2862 1750 alt-eith
2912 1683 3116 1751 πλήρη,
3165 1681 3258 1732 καὶ
3290 1677 3562 1745 παλάθης,
3603 1675 3692 1726 καὶ
3743 1674 3834 1741 dp-

2283 1793 2410 1838 των,
2453 1775 2545 1826 καὶ
2585 1773 2775 1839 ἐξῆλθε
2811 1772 2909 1840 τῆς
2945 1770 3148 1832 πόλεως
3179 1768 3316 1836 αὑτὴ
3376 1768 3469 1819 καὶ
3517 1768 3549 1835 ἡ
3590 1763 3834 1828 παιδίσκη

2287 1866 2471 1932 αὐτῆς.
2517 1863 2778 1916 Ἀπιοῦσα
2811 1862 2943 1932 πρὸς
2971 1861 3066 1930 τὴν
3096 1860 3202 1912 τῶν
3235 1857 3534 1927 ’Λσσυρίων
3568 1854 3838 1923 παρεμϐο-

2287 1957 2406 2024 λὴν,
2443 1956 2537 2007 καὶ
2585 1955 2882 2023 ἐντυχοῦσα
2914 1957 2979 2024 τῇ
3023 1953 3131 2005 τῶν
3184 1952 3442 2004 ἐναντίων
3473 1947 3837 2018 προφυλακῇ,

2287 2045 2609 2114 κατεσχέθη,
2643 2047 2736 2096 καὶ
2762 2044 2903 2114 ἢχθη
2936 2042 3072 2112 πρὸς
3111 2040 3458 2110 Ὀλοφέρνην.
3502 2038 3560 2091 Ὀ
3588 2037 3644 2088 δὲ
3674 2033 3837 2102 αὐτῆς

2285 2138 2345 2188 τὸ
2381 2137 2572 2198 καλλος
2607 2135 2905 2205 ἐθαύμασε.
2945 2135 3038 2186 καὶ
3081 2129 3233 2185 εἶπεν
3268 2133 3440 2201 αύτῇο
3477 2129 3571 2196 Μὴ
3624 2128 3835 2196 φοϐοῦ,

2287 2230 2454 2295 ἥκεις
2491 2229 2601 2297 τὰρ
2630 2230 2716 2293 είς
2747 2229 3064 2294 σωτηρίαν.
3098 2227 3247 2293 Ἔφη
3281 2224 3348 2276 δὲ
3376 2221 3536 2286 αὐτῷ
3584 2221 3618 2288 ἡ
3655 2219 3836 2288 γυνή’

2285 2323 2458 2384 Δέξαι
2489 2321 2629 2385 τοὺς
2658 2321 2881 2388 λόγους
2901 2337 3039 2388 μου,
3072 2319 3267 2384 Κύριε,
3337 2313 3434 2368 καί
3477 2317 3509 2366 d
3551 2315 3733 2380 λόγος
3772 2309 3840 2362 ὃν

2285 2415 2590 2480 ἐλάλησεν
2677 2412 2904 2480 Ἀχιὼρ,
2965 2410 3086 2478 ﬁta)
3159 2410 3229 2462 ὲν
3279 2408 3351 2474 τῇ
3401 2405 3614 2474 καρδίᾳ
3691 2412 3837 2456 σου·

2285 2507 2414 2558 ἐστι
2467 2503 2575 2573 γὰρ
2632 2502 2890 2568 ἀληθὲς,
2953 2501 3040 2554 ὅτι
3087 2501 3198 2553 ἐὰν
3265 2498 3349 2568 μὴ
3395 2495 3733 2566 ἁμάρτωσιν
3787 2495 3839 2547 οί

2287 2598 2401 2649 υἱοί
2485 2593 2752 2662 Ἰσραὴλ,
2851 2595 2921 2646 οὐ
2989 2593 3340 2659 κατισχύσει
3422 2591 3684 2659 ῥομφαία
3735 2587 3834 2638 αὺ-

2284 2683 2420 2735 τῶν.
2448 2683 2577 2736 Νῦν
2621 2681 2688 2732 δὲ
2708 2681 2837 2733 ἐπεὶ
2890 2681 3166 2743 ἐξέλιπεν
3198 2679 3418 2743 αὐτοὺς
3444 2680 3515 2730 τὰ
3537 2678 3835 2746 βρώματα,

2287 2773 2383 2826 καί
2411 2773 2474 2825 τὸ
2497 2772 2668 2838 ὕδωρ,
2695 2773 3154 2833 ἐϐουλεύσαντο,
3185 2771 3280 2823 καὶ
3304 2770 3422 2824 τῶν
3443 2769 3520 2833 τῷ
3546 2770 3704 2837 νόμῳ
3725 2767 3836 2819 ἀπ-

2286 2863 2697 2931 ηγορευμένων
2719 2862 3004 2929 ἅψασθαι,
3037 2863 3130 2912 κα)
3159 2861 3263 2926 τὰς
3296 2859 3568 2928 ἀπαρχὰς
3591 2857 3696 2911 τοῦ
3743 2858 3836 2911 σί-

2285 2959 2415 3020 του,
2445 2953 2544 3006 καί
2572 2954 2677 3017 τὰς
2698 2952 2951 3017 δεκάτας
2980 2953 3082 3005 τοῦ
3115 2952 3280 3005 οἴνου
3309 2953 3413 3016 τὰς
3453 2951 3576 3015 τοῖς
3621 2948 3837 3016 ἱερεῦσι

2287 3044 2708 3112 τετηρημένας,
2760 3037 2846 3095 ὦν
2900 3043 3038 3096 οὐδὲ
3076 3043 3308 3109 ψαῦσαι
3355 3045 3592 3111 θεμιτὸν
3641 3041 3836 3106 ἑτέρῳ,

2286 3133 2630 3201 δαπανῆσαι
2679 3134 3009 3198 κεκρίκασι.
3068 3133 3254 3186 Ταῦτα
3299 3132 3385 3196 δὲ,
3434 3133 3530 3184 καὶ
3569 3130 3689 3182 τῶν
3727 3128 3838 3193 τὴν

2299 3224 2681 3292 Ἰερουσαλὴμ
2710 3225 3034 3276 οἰκούντων
3063 3222 3576 3290 βεϐουλευμένων.
3618 3218 3836 3272 ἐστάλ-

2287 3332 2441 3368 κασι.
2462 3315 2610 3384 πρὸς
2638 3311 2751 3381 τὴν
2774 3313 2904 3370 ἐκεῖ
2932 3316 3270 3384 γερουσίαν,
3312 3314 3532 3382 ἄφεσιν
3563 3312 3660 3364 ἐπὶ
3705 3310 3832 3363 τού-

2285 3423 2425 3471 τους
2449 3408 2802 3473 αίτούμενοι.
2830 3406 2954 3460 Κᾶν
2985 3407 3134 3458 οὕτω
3161 3404 3692 3473 παρανομήσωσιν,
3728 3403 3838 3455 οὐκ

2284 3497 2453 3551 ἔσται
2487 3499 2703 3565 σφίσιν
2729 3497 2922 3563 ἄμυνα
2946 3497 3012 3548 ἐκ
3035 3497 3201 3557 Θεοῦ,
3238 3496 3332 3548 καί
3358 3497 3444 3558 είς
3477 3495 3724 3559 ὄλεθρον
3747 3493 3838 3546 ἐκ·

2284 3585 2666 3654 δοθήσονται.
2704 3585 2888 3652 Ἀπερ
2925 3586 3075 3652 αὑτὴ
3127 3583 3479 3653 ἐπιγνοῦσα,
3523 3581 3837 3648 ἀποδιδρά-

2284 3693 2410 3730 σκω
2451 3677 2560 3743 τῆς
2603 3678 2852 3742 πόλεως,
2897 3677 2973 3730 ἵν’
3003 3678 3240 3745 ἐκφύγω
3280 3676 3386 3728 τὸν
3425 3675 3694 3742 ὄλεθρον.
3731 3673 3835 3726 Kal

2283 3767 2400 3820 νῦν
2423 3766 2584 3833 μενὼ
2615 3767 2771 3833 παρά
2803 3785 2919 3829 σοι,
2964 3769 3246 3831 δέσποτα,
3297 3767 3393 3820 καί
3439 3766 3836 3832 ἐξελεύσομαι

2285 3860 2434 3909 κατὰ
2461 3857 2572 3923 τὴν
2592 3859 2780 3910 νύκτα
2809 3859 2894 3922 είς
2925 3858 3037 3922 τὴν
3063 3856 3352 3924 φάραγγα,
3381 3857 3476 3909 καὶ
3506 3856 3837 3922 προσεύξο·

2280 3967 2384 4017 μαι
2416 3951 2562 4015 πρὸς
2591 3949 2696 4002 τὸν
2723 3949 2888 4012 θεὸν,
2921 3949 3016 4001 καὶ
3041 3948 3164 4014 ἐρεῖ
3177 3965 3276 4016 μοι
3299 3949 3440 4000 πότε
3464 3946 3831 4015 ἠμάρτοσαν,

2281 4039 2439 4107 κάγώ
2457 4056 2554 4092 σοι
2579 4040 2901 4109 diram-8.16),
2925 4041 3022 4093 καὶ
3048 4041 3167 4103 ἄξω
3193 4057 3265 4092 σε
3285 4038 3380 4092 διὰ
3396 4037 3504 4105 τῆς
3542 4037 3836 4099 ἰουδαίας

2280 4129 2389 4192 ἓως
2431 4129 2836 4196 Ἰερουσαλὴμ,
2872 4129 2967 4181 καὶ
3003 4129 3167 4194 θήσω
3212 4130 3318 4181 τὸν
3357 4129 3572 4194 θρόνον
3610 4143 3728 4179 σου
3768 4125 3836 4177 ἐν

2276 4218 2443 4285 μέσῳ
2469 4217 2673 4286 αὐτῆς.
2709 4221 2816 4270 Καὶ
2840 4221 3042 4288 ἤρεσαν
3073 4220 3362 4291 Ὀλοφέρνῃ
3391 4221 3440 4271 oi.
3465 4219 3610 4286 λόγοι
3639 4217 3829 4285 αὐτῆς.

2282 4312 2375 4361 καὶ
2405 4309 2687 4361 ἐκέλευσεν
2716 4311 3031 4378 εἰσαχθῆναι
3064 4312 3234 4378 αὐτὴν
3274 4314 3352 4373 εἰς
3383 4310 3480 4378 τὴν
3505 4311 3710 4377 σκηνὴν
3737 4307 3831 4360 τοῦ

2282 4402 2510 4467 ταμείου
2551 4400 2737 4463 αὑτοῦ,
2764 4400 2860 4454 καὶ
2889 4401 3105 4468 δοθῆναι
3137 4403 3270 4471 αὐτῇ
3306 4405 3518 4470 φαγεῖν.
3557 4399 3620 4451 Ἥ
3650 4399 3730 4463 δέ,
3754 4401 3833 4450 Ού

628 4501 895 4556 conspectu
935 4491 1068 4558 ejus,
1118 4499 1164 4542 et
1199 4492 1455 4544 nobiscum
1497 4501 1810 4559 compotato,
1843 4508 1901 4544 eo
1948 4492 2058 4545 loco
2101 4493 2178 4562 {u-

2281 4491 2556 4558 ςεάγομαι,
2609 4492 2733 4559 ἔφη,
2771 4491 2839 4543 ἐκ
2887 4493 3001 4543 τῶν
3031 4492 3368 4559 ἐδεσμάτων
3410 4489 3594 4560 ὑμῶν,
3623 4493 3707 4558 μή
3735 4506 3834 4558 μοι

638 4587 781 4635 tura,
813 4593 910 4643 quo
953 4595 1024 4630 εαι
1053 4588 1203 4642 sunt,
1236 4596 1350 4646 quw
1379 4585 1568 4648 degunt
1599 4580 1651 4631 in
1677 4579 1872 4632 wdibus
1901 4581 2175 4635 Nabucho-

629 4668 914 4718 donosoris.
957 4668 1176 4722 Juditlia
1211 4671 1372 4738 igitur
1402 4680 1658 4726 exornata
1686 4669 1752 4724 ad
1779 4669 2174 4739 Holophcrncm

630 4757 949 4825 ingreditur,
993 4760 1281 4820 accutnbit,
1314 4777 1375 4814 ea
1406 4761 1519 4814 edit
1551 4771 1607 4816 et
1636 4761 1796 4826 bibit,
1839 4777 1958 4830 qua:
1979 4762 2045 4815 ab
2076 4780 2175 4815 an-

631 4849 751 4900 cilla
783 4864 879 4901 sua
911 4849 1012 4901 sibi
1043 4861 1223 4916 parata
1242 4861 1418 4906 erant.
1453 4852 1824 4921 llolopliernes
1862 4853 2175 4920 obstupefa-

630 4950 767 4996 ctus.
795 4955 978 4992 amore
1007 4940 1150 4994 illius
1183 4942 1544 4996 inﬂammatur
1583 4960 1595 4994 :
1633 4945 2008 5012 productoque
2050 4958 2178 4996 con-

633 5028 796 5090 vivio,
823 5040 876 5082 et
901 5032 1132 5098 plurimo
1156 5035 1281 5086 vino
1311 5035 1506 5088 hausto
1539 5037 1863 5098 inebriatus,
1889 5037 1943 5088 in
1979 5034 2178 5089 lectulo

637 5133 692 5169 se
734 5121 977 5182 reclinat,
1020 5139 1169 5176 mero
1213 5134 1431 5191 gravato
1461 5127 1633 5192 capite
1661 5145 1675 5191 ;
1708 5114 1964 5195 digressis
1997 5123 2176 5178 omni-

632 5211 749 5265 bus.
784 5210 988 5280 Bagoas
1025 5216 1316 5268 tentorium
1347 5217 1572 5275 claudit.
1621 5219 1732 5270 sola
1762 5218 1980 5272 Juditlia
2019 5221 2072 5272 in
2108 5231 2174 5271 eo

636 5303 842 5355 relicta.
904 5303 1175 5362 Mandarat
1221 5319 1398 5360 autem
1461 5310 1548 5362 illa
1600 5311 1828 5374 ancillae,
1871 5323 1930 5366 ut
1969 5316 2172 5369 exitum

634 5408 788 5444 suum
834 5395 1162 5463 observaret,
1194 5417 1530 5468 cgrcssuram
1572 5404 1716 5454 enim
1747 5417 1865 5456 esse
1900 5406 1964 5458 ad
2008 5423 2174 5461 oran-

632 5481 778 5536 dum.
831 5485 932 5539 Sed
981 5502 1100 5540 cum
1162 5491 1551 5559 lloloplicrnem
1578 5495 1702 5548 vino
1737 5493 2065 5561 demersum,
2119 5507 2174 5551 et

636 5573 1051 5638 profundissimo
1087 5595 1273 5636 somno
1303 5600 1621 5652 oppressum
1659 5585 1890 5646 videret,
1923 5587 2171 5643 invocato

633 5662 763 5720 Deo.
791 5668 975 5722 stricto
1007 5672 1247 5732 acinace.
1281 5674 1424 5729 illius
1459 5686 1621 5744 caput
1661 5687 1898 5742 resecat;
1934 5694 2170 5746 egressa,

629 5754 835 5810 ancilla:
866 5761 1028 5814 tradit
1066 5781 1078 5817 :
1108 5764 1220 5818 abit
1250 5773 1306 5818 ut
1332 5765 1396 5818 de
1421 5782 1567 5820 more
1592 5778 1895 5836 precatura.
1924 5767 2169 5840 Cumque

2281 4580 2346 4648 γέ
2363 4598 2519 4645 θηται
2552 4581 2923 4643 σκάνδαλον,
2949 4582 3083 4635 ἀλλ’
3109 4583 3176 4645 ἐξ
3206 4577 3291 4636 ὧν
3314 4582 3660 4649 ἐπιφέρομιιι
3705 4596 3834 4646 qm-

2280 4671 2572 4740 φήσομαι.
2599 4674 2705 4724 Kal.
2732 4669 2885 4724 εἶπεν
2914 4675 3045 4741 αὐτῇ
3091 4675 3411 4742 Ὀλοφέρνης
3431 4689 3445 4703 '
3482 4676 3549 4725 Εί
3578 4672 3646 4724 δὲ
3672 4674 3831 4725 ἐκλί-

2280 4781 2379 4817 ποι
2411 4765 2612 4826 ταῦτα,
2643 4764 2822 4817 πόθεν
2841 4780 2938 4818 σοι
2965 4763 3202 4817 τοιαῦτα
3220 4764 3730 4831 χορηγηθήσεταυ
3768 4761 3830 4812 Ἦ

2279 4857 2356 4919 δὲ,
2382 4855 2463 4922 Ζῇ
2506 4859 2542 4923 ὴ
2579 4854 2746 4923 ψυχή
2795 4872 2932 4919 σου,
2980 4857 3151 4924 Κύριέ
3191 4875 3327 4924 μου,
3371 4855 3831 4922 ἁνταιτεκρίνατο,

2279 4949 2367 5002 ὅτι
2390 4951 2459 5001 οὺ
2486 4951 2772 5016 πρότερον
2790 4951 3057 5017 ἐκλείψει
3078 4967 3178 5016 μοι
3207 4949 3276 5000 τὰ
3296 4947 3566 5013 ἐδώδιμα,
3592 4945 3736 5011 πρὶν
3757 4945 3830 4996 ἃν

2278 5043 2310 5092 ό
2343 5039 2485 5103 Θεὸς
2521 5039 2591 5091 ἐν
2621 5041 2770 5105 χειρί
2799 5058 2917 5107 μου
2956 5045 3179 5105 ποιήσῃ
3212 5040 3247 5090 ἁ
3271 5037 3688 5089 ἐϐουλεύσατο.
3723 5035 3832 5087 Mm

2280 5130 2476 5198 σούσης
2506 5129 2561 5180 δὲ
2596 5134 2805 5192 νυκτὸς,
2854 5131 3090 5199 ᾐτήσατο
3139 5132 3229 5182 ἐπὶ
3272 5130 3367 5197 τὴν
3403 5130 3661 5197 φάραγγα
3697 5127 3828 5195 πρὸς

2279 5223 2584 5291 προσευχὴν
2630 5221 2882 5285 ἐξελθεῖν,
2926 5221 3019 5273 καὶ
3057 5221 3378 5290 Ὄλοφέρνης
3412 5220 3698 5290 ἐπέτρεψε,
3738 5218 3828 5271 καὶ

2276 5313 2367 5363 ἐπὶ
2408 5317 2555 5381 τρεῖς
2592 5313 2799 5381 ἡμέρας
2847 5313 3018 5374 οὕτως
3070 5311 3260 5365 ἐποίει.
3317 5312 3423 5365 Καὶ
3472 5315 3536 5381 τῇ
3589 5312 3824 5381 τετάρτῃ

2276 5406 2455 5476 ἡμέρᾳ
2505 5406 2664 5456 πότον
2715 5405 3005 5473 ἡτοίμασεν
3054 5404 3396 5474 Ὀλοφέρνης.
3446 5405 3558 5456 Kal.
3603 5399 3723 5456 εἷπε
3749 5405 3824 5469 τῷ

2276 5499 2513 5570 εὐνούχῳ
2549 5498 2762 5565 Βαγώᾳ,
2794 5498 2850 5559 ὃς
2883 5493 2949 5567 ἦν
2991 5497 3304 5565 ἐφεστηκὼς
3352 5497 3441 5546 ἐπὶ
3471 5499 3689 5549 πάντων
3721 5496 3823 5545 τῶν

2273 5585 2454 5640 αὐτοῦ·
2491 5586 2708 5640 Πεῖσον
2737 5585 2810 5651 δὴ
2843 5587 2956 5650 τὴν
2988 5584 3236 5652 γυναῖκα
3261 5585 3374 5650 τὴν
3410 5585 3682 5650 Ἑϐραταν
3721 5583 3822 5636 τοῦ

2273 5676 2470 5730 ἐλθεῖν
2507 5677 2654 5743 πρὸς
2677 5677 2829 5744 ἡμᾶς
2853 5694 2866 5707 ο
2892 5676 3141 5740 αἰσχρὸν
3173 5676 3279 5744 γὰρ
3307 5675 3466 5743 ἡμῖν,
3490 5678 3542 5726 εί
3571 5675 3823 5741 γυναῖκα

2274 5767 2557 5830 τοιαύτην
2614 5767 2985 5837 παρήσομεν,
3039 5767 3123 5835 μὴ
3179 5765 3331 5831 αὐτῇ
3393 5765 3818 5835 ὁμιλήσαντες.
