4006 6328
168 418 248 479 281
1364 414 1775 478 ANNALIUM
1815 415 1968 476 LIB.
2004 415 2125 477 Ill.

3228 426 3346 490 232

169 546 377 589 πτοντας
402 530 839 601 ἐπεισπηδῶντες
861 530 1111 598 ἐφόνευον
1134 549 1146 561 ·
1173 532 1265 584 καὶ
1295 532 1343 584 οί
1368 533 1477 586 τῶν
1504 532 1701 601 Μήδων

1805 540 2052 587 ratorum
2085 548 2286 589 uxores
2298 534 2566 600 viderent.
2584 537 2910 605 exclamant,
2925 546 2983 595 et
2998 549 3361 597 consternata:

166 621 212 671 δὲ
242 622 411 680 ίππεῖς
445 623 525 683 είς
564 623 688 684 τοὺς
733 622 841 674 τῶν
893 624 1167 693 πολεμίων
1209 626 1413 690 ἱππέας
1450 626 1702 695 ἤλαυνον.

164 711 277 775 Οζδ’
306 712 598 776 ἐνέκλινον,
634 712 765 765 ἔνθα
791 714 972 785 δήκαὶ
997 716 1182 769 ἵππων
1219 718 1460 787 διωγμὸς
1489 713 1558 788 ἦν
1608 720 1705 771 καὶ

167 801 378 870 ἀνδρῶν,
406 804 504 857 καὶ
534 806 693 872 φόνος
719 807 776 871 ἐξ
803 806 1153 877 ἀμφοτέρων.
1198 807 1428 862 ’ἰδοῦσαι
1456 809 1512 862 δέ
1528 810 1582 861 ai
1609 824 1707 875 γυο

167 894 334 955 ναῖκες
357 893 466 945 τῶν
510 894 810 965 Ἀσσυρίων
852 899 946 950 καὶ
999 899 1109 951 τῶν
1154 900 1458 971 συμμάχων
1510 900 1704 963 ταῦτα,

166 982 468 1053 ἀνέκραγον,
498 986 596 1038 καὶ
619 987 768 1041 ἔθεον
808 988 1281 1059 ἐκπεπληγμέναι,
1307 992 1403 1045 καὶ
1447 995 1575 1055 τοὺς
1604 995 1705 1047 πέ-

168 1075 313 1137 πλους
362 1080 831 1148 περιρηγνύμεναι
876 1082 969 1136 καὶ
1015 1084 1402 1153 δρυπτόμεναι,
1467 1086 1704 1140 ἱκέτευον

167 1168 353 1231 πάντας
376 1170 579 1234 ἀμῦναι
600 1170 694 1223 καί
730 1173 942 1237 αὐταῖς,
979 1176 1074 1227 καὶ
1112 1176 1344 1239 τέκνοις,
1374 1176 1469 1229 καὶ
1522 1177 1703 1245 σφίσιν

168 1257 350 1318 αὐτοῖς.
384 1257 551 1311 Ἔνθα
593 1260 657 1329 δή
692 1260 783 1313 καὶ
808 1264 854 1314 oi
884 1261 1122 1331 βασιλεῖς
1144 1265 1297 1317 αὐτοὶ
1336 1266 1433 1318 σὺν
1475 1268 1587 1328 τοῖς
1609 1282 1705 1318 πι-

169 1346 424 1410 στοτάτοις
453 1350 676 1413 στάντες
710 1350 803 1403 ἐπὶ
851 1352 948 1413 τὰς
982 1352 1216 1415 εἰσόδους
1266 1352 1556 1423 ἐμάχοντο,
1610 1355 1704 1406 καὶ

166 1438 263 1496 τοῖς
297 1436 473 1498 ἄλλοις
510 1440 952 1509 παρεκελεύοντο.
984 1443 1177 1505 Δείσας
1209 1442 1255 1495 δ’
1286 1445 1314 1496 6
1361 1442 1564 1514 Κῦρος,
1630 1444 1704 1514 μή

165 1528 317 1595 ὀλίγοι
345 1530 496 1593 ὄντες
524 1533 572 1583 εξ
601 1532 881 1600 βιάσαιντο
899 1534 978 1596 είς
997 1534 1056 1587 τὸ
1086 1533 1394 1604 χαράκωμα
1419 1535 1700 1600 εἰσελθεῖν,

168 1620 259 1672 ὑπὸ
290 1620 493 1675 πολλῶν
521 1623 798 1692 σφαλεῖεν,
838 1625 1232 1694 παρηγγύησεν
1268 1628 1372 1680 ὑπὸ
1434 1627 1576 1681 πόδα
1614 1628 1705 1679 ἀν-

168 1710 304 1774 άγειν
328 1709 431 1774 ἔξω
459 1710 651 1791 βελῷν.
686 1713 795 1767 Καὶ
820 1715 955 1783 ταχὺ
980 1715 1038 1766 τὸ
1064 1714 1486 1785 κεκελευσμένον
1516 1717 1704 1784 ἐποίη-

169 1816 275 1853 σαν.
306 1797 411 1853 Εἶτ’
443 1803 699 1872 ἀπήγαγε
727 1802 854 1866 τοὺς
882 1804 1138 1868 οίκείους,
1187 1804 1313 1857 ὅσον
1368 1804 1545 1857 ἐδόκει
1604 1822 1702 1857 κα-

1812 623 1965 694 151
1993 634 2244 690 currunt,
2270 636 2326 681 et
2353 632 2532 682 vestes
2554 628 2864 685 lacerantes
2893 633 3353 706 plangentesque.

1807 718 1957 773 viros
1994 720 2377 783 obtestantur,
2422 730 2482 774 ut
2530 723 2877 791 semetipsos.
2926 721 2987 778 ut
3032 740 3251 789 uxores,
3303 736 3361 779 ut

1804 808 2012 865 liberos
2043 810 2360 866 defendant.
2409 811 2487 867 lbi
2534 825 2687 882 reges
2719 828 2843 869 cum
2891 814 3174 870 ﬁdissimis
3204 818 3358 888 aditu

1806 910 2108 957 castrorum
2165 911 2454 971 occupato,
2515 919 2749 973 pugnam
2804 911 2859 958 et
2916 905 3020 972 ipsi
3072 906 3243 971 cient,
3303 914 3360 959 et

1804 1001 2032 1047 ceteros
2059 993 2431 1047 cohortantur.
2471 993 2687 1049 Veritus
2714 996 2879 1064 igitur
2904 994 3098 1064 Cyrus.
3134 1012 3201 1051 ne
3232 998 3274 1050 si
3308 997 3359 1049 vi

1805 1090 2157 1152 penetrarent
2188 1082 2241 1137 in
2288 1083 2486 1138 hostile
2518 1084 2744 1147 vallum,
2773 1084 2931 1152 pauci
2963 1099 2993 1137 a
3028 1084 3216 1138 multis
3243 1086 3355 1138 cir—

1803 1176 2276 1243 cumvenirentur,
2321 1176 2535 1245 signum
2596 1178 2840 1245 receptui
2879 1178 2994 1239 dat,
3046 1187 3108 1231 ut
3155 1177 3355 1231 milites

1805 1266 2064 1343 paulatim
2091 1274 2245 1320 extra
2277 1266 2372 1320 teli
2404 1268 2609 1335 jactum
2654 1267 2971 1323 recederent
3008 1284 3024 1321 :
3056 1267 3200 1337 quod
3230 1284 3355 1333 cum

1805 1344 2059 1412 celeriter
2085 1357 2363 1420 fecissent,
2405 1371 2534 1411 suos
2567 1366 2779 1411 tantum
2809 1358 3053 1422 abducit.
3090 1368 3357 1428 quantum
3390 1396 3395 1399 ς

1804 1456 2015 1501 rectum
2073 1448 2555 1512 esse_vidcbatur,
2606 1457 2663 1503 et
2711 1457 2887 1503 castra
2935 1450 3099 1504 locat.
3144 1452 3353 1520 Assyrii

1803 1553 1957 1601 vero,
2011 1553 2135 1593 cum
2194 1547 2252 1593 et
2289 1539 2587 1608 imperator
2639 1549 2695 1593 et
2740 1540 3077 1594 fortissimus
3116 1542 3357 1610 quisque

1804 1630 2111 1693 cecidisset,
2166 1630 2537 1699 animisangi,
2580 1630 2805 1686 Crassus
2852 1640 2908 1685 et
2958 1630 3051 1685 alii
3107 1630 3356 1685 fmderati

1804 1720 2013 1785 dolere,
2039 1722 2344 1789 castrisque
2376 1731 2539 1776 noctu
2575 1721 2829 1777 desertis.
2852 1722 3155 1778 dist-edere.
3203 1723 3358 1776 Mane

1806 1826 1931 1866 cum
1956 1811 2208 1865 viderent
2237 1812 2437 1865 vallum
2472 1812 2712 1866 hostium
2744 1828 2865 1866 esse
2894 1828 3150 1877 vacuum,
3182 1813 3358 1883 Cyrus

167 1890 258 1950 ὶῶς
286 1891 441 1959 ἔχειν,
476 1894 573 1945 καὶ
607 1894 1154 1964 ἐστρατοπεδεύσατο.
1213 1896 1275 1949 Ol
1318 1895 1363 1948 δ’
1427 1894 1701 1965 Ἀσσύριοι

1809 1899 2001 1953 Persas
2033 1900 2235 1969 primos
2266 1899 2521 1963 traducit,
2559 1900 2817 1969 Cyaxaris
2866 1902 3039 1970 copiis
3077 1904 3359 1971 sequenti-

165 1984 244 2035 καὶ
270 1984 578 2052 τεθνηκότος
610 1984 702 2037 τοῦ
730 1986 1009 2055 ἄρχοντος,
1048 1987 1143 2041 καὶ
1187 1987 1374 2057 σχεδὸν
1408 1988 1507 2042 σὺν
1556 1988 1702 2058 αύτῴ

165 2075 258 2129 τῶν
279 2076 587 2145 βελτίστων,
612 2077 874 2147 ήθύμουν.
935 2080 1202 2148 Ὀρῶντες
1260 2081 1317 2134 δέ
1360 2080 1530 2135 ταῦτα
1582 2082 1610 2136 ὃ
1642 2098 1701 2134 τε

164 2167 370 2235 Κροῖσος
401 2171 493 2222 καὶ
525 2170 738 2224 οίάλλοι
770 2170 1045 2241 σέμμαχοι
1068 2171 1238 2241 σφῶν,
1258 2173 1459 2235 πάντες
1478 2174 1698 2242 ήλγουν.

176 2258 433 2313 Ἐντεῦθεν
461 2261 775 2315 ἐκλείπουσι
807 2264 867 2315 τὸ
900 2263 1281 2333 στρατόπεδον,
1312 2264 1407 2317 καὶ
1436 2265 1704 2334 ἀπέρχον-

164 2354 359 2424 τιιτῆς
392 2356 608 2419 νυκτός.
650 2357 740 2420 Ὠς
764 2357 819 2409 δὲ
852 2358 973 2427 μεθ’
1014 2358 1227 2428 ἡμέραν
1277 2358 1484 2429 ἔρημον
1530 2360 1699 2429 ἐφάνη

162 2449 215 2500 τὸ
242 2449 341 2501 τῶν
367 2450 638 2518 πολεμίων
664 2450 993 2521 χαράκωμα,
1012 2452 1316 2515 διαϐιϐάζει
1340 2455 1462 2514 τοὺς
1486 2455 1701 2523 Πέρσας

161 2541 373 2609 “iugo;
402 2541 673 2613 πρώτους,
702 2538 816 2595 εἶτα
848 2545 941 2595 καὶ
996 2545 1044 2595 οί
1088 2545 1230 2613 ἀμφὶ
1283 2545 1574 2615 Κυαξάρην
1620 2548 1701 2599 δι-

162 2633 375 2687 ίδαινον.
420 2633 510 2702 Τῷ
557 2634 655 2704 μὲν
702 2630 794 2688 οὖν
826 2634 993 2705 Κύρῳ
1023 2635 1233 2687 διώκειν
1264 2637 1387 2698 τοὺς
1415 2637 1703 2706 πολεμίους

162 2723 339 2792 ἐδόκει,
374 2725 451 2797 τῷ
478 2725 535 2781 δέ
575 2742 638 2795 γε
668 2726 937 2803 Κυαξάρῃ
965 2728 1275 2783 τούναντίον
1328 2728 1473 2784 ἆπαν
1514 2724 1597 2800 ἦν
1627 2731 1703 2782 αἱ·

166 2816 321 2882 ρετόν.
350 2817 460 2870 Καὶ
496 2820 523 2871 ό
555 2819 763 2889 Κῦρος,
796 2820 892 2882 Δὸς
923 2820 984 2889 δή
1018 2839 1108 2892 μοι
1157 2823 1262 2875 τῶν
1306 2822 1524 2893 Μήδων,
1573 2822 1697 2894 ἔφη,

159 2908 293 2971 τινὰς
320 2910 833 2981 συμπορευομένους
868 2930 982 2982 μοι,
1020 2914 1257 2976 ἐκείνους
1312 2914 1395 2985 δὴ,
1458 2915 1572 2967 ὅσοι
1614 2932 1703 2985 μοι

164 2998 411 3053 ἐθελονταὶ
435 3001 763 3069 συνέψεσθαι
787 3004 1251 3074 προθυμήσονται.
1290 3009 1399 3061 Καὶ
1418 3008 1445 3060 6
1481 3008 1701 3072 Κυαξά-

170 3106 251 3158 ρης
278 3092 467 3162 ἐφῆκε,
498 3095 590 3144 καὶ
621 3092 712 3146 τὸν
742 3095 1075 3161 ἀγγελοῦντα
1120 3098 1292 3149 ταῦτα
1336 3102 1447 3160 τοῖς
1473 3100 1696 3168 Μήδοις,

1805 1989 1907 2044 bus
1941 2006 1955 2043 :
1988 2004 2222 2059 cumque
2251 1989 2505 2058 persequi
2545 1990 2730 2045 hostes
2770 1992 3082 2045 consultum
3115 2002 3354 2061 putaret,

1802 2080 2075 2151 Cyaxares
2105 2091 2285 2135 autem
2320 2082 2537 2150 quidvis
2573 2083 2757 2137 mallet
2799 2100 2814 2137 :
2872 2083 3009 2153 petit
3052 2094 3110 2140 ut
3151 2085 3357 2147 Medos,

1804 2174 1898 2242 qul
1960 2180 2153 2241 sponte
2204 2173 2358 2240 sequi
2405 2173 2629 2237 vellent,
2662 2172 2787 2227 sibi
2842 2173 3099 2229 traderet.
3152 2176 3362 2230 Annuit

1804 2262 2099 2331 Cyaxares,
2154 2271 2209 2317 et
2260 2277 2569 2332 pra‘conem
2617 2278 2758 2320 .ctrtn
2810 2263 2952 2336 Cyro
3018 2266 3205 2336 mittit.
3268 2268 3362 2337 qui

1803 2354 1975 2409 Medis
2010 2369 2074 2408 ea
2121 2356 2359 2411 nuntiet.
2398 2356 2609 2411 Interea
2641 2357 2927 2429 nuntiiab
2966 2358 3233 2429 Hyrcanis
3265 2375 3360 2414 ve-

1801 2446 1961 2499 niunt
1991 2463 2006 2500 :
2038 2447 2380 2518 Assyriorum
2414 2449 2468 2502 hi
2508 2450 2673 2502 vicini
2703 2458 2855 2515 sunt,
2890 2466 3023 2520 gens
3050 2452 3121 2505 ob
3164 2452 3359 2520 pauci-

1807 2546 1969 2594 tatem
2001 2538 2245 2609 subjecta
2286 2539 2549 2611 Assyriis,
2588 2541 2683 2610 qui
2717 2543 2790 2595 ita
2829 2539 2912 2594 eis
2944 2542 3263 2605 utebantur,
3298 2552 3360 2597 ut

1802 2648 1904 2687 nec
1948 2633 2003 2686 in
2054 2632 2357 2699 laboribus,
2398 2650 2497 2687 nec
2529 2634 2581 2686 in
2619 2634 2878 2702 periculis
2922 2635 3004 2689 eis
3047 2646 3356 2702 parcerent.

1802 2726 1939 2780 Tum
1999 2736 2179 2780 autem
2228 2741 2420 2796 agmen
2468 2726 2721 2781 claudere
2766 2726 2901 2797 jussi
2935 2735 3111 2791 erant,
3145 2718 3383 2796 equites

1802 2817 2024 2871 circiter
2055 2819 2223 2883 mille,
2261 2827 2320 2871 ut
2348 2820 2391 2871 si
2425 2817 2557 2887 quid
2586 2833 2614 2869 a
2651 2826 2803 2883 tergo
2840 2818 3065 2885 periculi
3100 2826 3266 2880 esset,
3299 2817 3353 2870 id
3386 2835 3389 2839 ‘

1804 2910 1858 2965 in
1886 2924 1983 2964 eos
2004 2909 2209 2979 primos
2238 2917 2566 2963 verteretur.
2629 2906 2695 2960 Hi
2746 2908 2914 2976 igitur
2955 2908 3213 2960 aerumnis
3239 2900 3358 2960 suis

1803 3002 2181 3065 consideratis,
2204 3003 2413 3072 legatos
2455 3000 2521 3055 ad
2548 3000 2747 3071 Cyrum
2795 3001 3040 3060 mittunt,
3072 2999 3165 3068 qui
3199 2998 3354 3053 dice-

1804 3101 1926 3147 rent
1952 3093 2200 3163 Assyrios
2245 3092 2348 3146 sibi
2383 3092 2505 3162 jure
2546 3091 2754 3145 invisos
2792 3105 2913 3145 esse
2949 3109 2961 3143 :
3001 3090 3044 3143 si
3082 3089 3263 3149 vellet.
3296 3104 3357 3143 se

164 3181 225 3249 τῷ
248 3181 406 3251 Κύρῳ
426 3183 782 3253 συνέπεμψεν.
804 3184 892 3237 Ἑν
912 3186 1148 3255 τοσούτῳ
1177 3187 1231 3238 δὲ
1262 3188 1481 3255 ἄγγελοι
1513 3189 1574 3240 ἐκ
1598 3188 1701 3241 τῶν

1808 3186 1976 3242 duces
2032 3187 2149 3242 lore
2212 3194 2267 3240 et
2317 3186 2599 3259 adjutores
2662 3184 2729 3239 ad
2778 3200 2874 3240 eos
2926 3182 3357 3254 persequendus.

177 3273 459 3344 Ὑρκανίων
513 3278 790 3345 ἀφίκοντο.
828 3280 891 3331 Οί
946 3278 992 3331 δ’
1051 3280 1331 3351 Ὑρκάνιοι
1382 3282 1569 3350 ὅμοροι
1595 3280 1702 3333 τῶν

178 3365 451 3438 Ἀσσυρίων
492 3372 649 3434 εἰσὶν,
683 3371 835 3434 ἔθνος
877 3372 937 3424 ού
975 3374 1131 3439 πολὺ,
1182 3373 1261 3426 διὸ
1295 3373 1386 3426 καὶ
1425 3370 1564 3444 ἦσαν
1598 3374 1707 3427 τῶν

177 3456 456 3527 Ἀσσυρίων
488 3460 754 3529 ὑπήκοοιο
784 3462 1023 3533 ἐχρῶντο
1040 3463 1085 3517 δ’
1109 3464 1291 3526 αὐτοῖς
1338 3466 1450 3515 οὐτ’
1496 3466 1554 3517 ἐν
1608 3467 1705 3517 πός

162 3564 277 3615 τοις,
314 3549 426 3603 οὔτ’
461 3552 519 3604 ἐν
548 3551 810 3615 κινδύνοις
834 3553 1013 3606 αὐτῶν
1047 3554 1377 3624 φειδόμενοι.
1419 3555 1527 3608 Καὶ
1581 3560 1701 3609 τότε

162 3642 208 3693 δὲ
231 3644 482 3713 οὐραγεῖν
512 3646 823 3717 ἐτετάχατο,
861 3648 1045 3711 ἱππεῖς
1068 3646 1220 3709 ὄντες
1249 3644 1325 3710 ὡς
1345 3645 1526 3716 χίλιοι,
1556 3647 1701 3708 ὅπως

164 3734 272 3787 είτι
301 3734 526 3789 ὄπισθεν
556 3739 637 3807 εῐη
676 3738 866 3803 δεινὸν,
916 3739 1145 3801 ἐκείνοις
1202 3737 1349 3791 τοῦτ’
1414 3738 1702 3809 ἐνσκήψειε

161 3825 252 3894 πρὸ
275 3827 470 3883 αὐτῶν.
500 3828 563 3881 Οξ
583 3827 641 3882 δέ
667 3824 756 3884 οἵα
792 3831 1093 3900 πάσχουσιν
1143 3829 1504 3901 ἐννοούμενοι,
1532 3830 1700 3901 επεμ-

159 3917 252 3984 ψαν
272 3919 535 3987 ἀγγέλους
560 3920 697 3991 πρὸς
735 3920 937 3993 Κῦρον,
998 3921 1280 3992 ἐροῦντας,
1336 3922 1411 3984 ὼς
1463 3925 1701 3989 μισοῖντο

160 4008 365 4073 δικαίως
400 4012 532 4082 παρ’
563 4013 743 4066 αὐτῶν
774 4014 823 4065 οἱ
867 4013 1174 4082 Ἀσσύριοι·
1225 4015 1319 4066 καὶ
1352 4014 1401 4065 εί
1459 4011 1702 4082 βούλοιτο

164 4098 289 4152 ίίναι
340 4100 429 4153 ἐπ’
461 4102 680 4167 αὐτοὺς,
712 4104 808 4157 καὶ
840 4106 995 4173 σφεῖς
1035 4104 1240 4156 ἔσοιντο
1279 4104 1575 4174 σύμμαχοι,
1607 4105 1701 4157 καὶ

160 4189 529 4257 ἠγήσοιντο.’0
555 4194 612 4246 δὲ
645 4194 829 4264 ἡρετο,
868 4196 916 4247 εί
954 4195 1322 4265 καταλήψοιτο
1347 4196 1544 4259 αύτούς
1564 4212 1577 4227 ο
1608 4198 1711 4275 καὶ.

159 4282 202 4331 οἱ
239 4283 511 4353 Ὑρκάνιοι
536 4282 710 4352 εἷπον,
733 4287 814 4339 δτι
845 4285 945 4339 κᾶν
976 4286 1161 4356 αὔριον
1186 4287 1355 4340 ἕωθεν
1386 4290 1700 4357 πορεύοιντο
1716 4336 1723 4341 ,

160 4370 392 4438 εὔζωνοι,
430 4377 823 4446 καταλήψοιντο
858 4381 1016 4447 σφᾶς.
1055 4381 1164 4433 Καὶ
1196 4383 1222 4432 ὁ
1253 4380 1432 4447 Κῦρος
1489 4380 1699 4441 πίστεις

162 4464 287 4533 ᾔτει,
321 4465 392 4530 ὼς
425 4468 758 4537 ἀληθεύοιεν.
787 4469 849 4521 Ol.
869 4468 924 4522 δὲ
951 4471 1187 4541 ὁμήρους
1209 4470 1496 4524 κατέθεντο
1521 4488 1698 4541 παρα-

1804 3277 1975 3349 Cyrus
2026 3288 2181 3348 rogat
2226 3295 2293 3352 an
2343 3295 2439 3333 eos
2482 3278 2707 3348 adipisci
2757 3278 2966 3348 possit?
3008 3276 3360 3347 Respondent
3452 3324 3453 3329 η

1807 3370 2058 3441 llyreani,
2120 3371 2165 3425 si
2219 3372 2304 3425 vel
2365 3372 2630 3440 postridie
2689 3387 2847 3424 mane
2908 3386 3030 3423 cum
3090 3370 3361 3438 expeditis

1804 3464 1977 3533 cepiis
2011 3462 2406 3534 proficiscatur,
2433 3472 2810 3517 assecuturum
2836 3463 2976 3516 illos.
3014 3461 3151 3514 Tum
3180 3461 3357 3530 Cyrus

1802 3556 1939 3624 petit
1974 3558 2173 3608 Ιίνιιιπὶ
2214 3556 2317 3610 sibi
2356 3555 2515 3610 [idem
2546 3556 2614 3609 ab
2652 3555 2733 3609 eis
2765 3572 2780 3609 :
2822 3554 3149 3624 pollicentur
3184 3553 3260 3605 illi
3294 3567 3353 3606 se

1803 3645 2019 3699 obsides
2070 3646 2409 3708 daturosgwsi
2458 3646 2698 3699 vicissim
2758 3646 3010 3699 dexteras
3065 3644 3242 3707 daret,
3303 3652 3359 3696 et

1803 3746 2139 3792 sacramento
2189 3737 2425 3790 ﬁrmaret
2467 3736 2647 3789 ﬁdem.
2701 3738 2904 3789 Annuit
2952 3735 3168 3805 Cyrus:
3201 3736 3349 3803 quod

1803 3830 1844 3883 si
1880 3843 1937 3883 re
1985 3834 2325 3897 praestarent,
2370 3840 2495 3896 quas
2523 3824 2708 3880 verbis
2740 3824 3159 3894 proﬁterentur,
3186 3837 3243 3875 se
3273 3823 3358 3876 eis

1802 3937 1900 3989 pro
1952 3921 2074 3973 [ldis
2124 3919 2317 3972 amicis
2358 3933 2589 3971 usurum
2639 3936 2651 3972 :
2698 3932 2877 3985 neque
2918 3916 3197 3970 deteriore
3235 3916 3357 3969 loco

1802 4012 2032 4074 futuros,
2079 4025 2241 4080 quam
2278 4011 2470 4063 Persas
2510 4018 2605 4061 aut
2634 4008 2836 4061 Medos.
2889 4007 2981 4060 llis
3030 4008 3185 4067 actis.
3233 4023 3356 4061 cum

1800 4103 1980 4157 adhuc
2005 4104 2232 4165 luceret,
2257 4101 2440 4156 educit
2472 4099 2793 4159 exercitum,
2826 4097 3059 4167 Tigrane
3097 4112 3219 4149 cum
3253 4097 3356 4151 Ar-

1800 4196 1997 4249 meniis
2045 4195 2340 4248 comitante
2388 4214 2401 4248 :
2451 4202 2506 4248 et
2544 4193 2820 4262 Hyrcanos
2849 4191 3012 4243 etiam
3040 4199 3356 4260 exspectare

1796 4288 1971 4357 jubet,
2006 4297 2065 4340 ut
2092 4302 2195 4341 una
2242 4287 2407 4341 irent.
2447 4285 2591 4339 Medi
2624 4297 2754 4337 vero
2784 4282 2898 4336 fere
2933 4295 3121 4334 omnes
3155 4279 3355 4346 Cyrum

1801 4380 2193 4446 sequebantur.
2265 4378 2429 4432 Jubct
2474 4378 2639 4446 igitur
2692 4376 2973 4445 Hyrcanos
3024 4371 3351 4441 praecedere.

1805 4473 2085 4540 multoque
2110 4472 2306 4524 itinere
2344 4467 2614 4528 conlecto,
2648 4483 2839 4521 eorum
2871 4463 3135 4521 exercitui
3160 4477 3353 4530 appro-

165 4558 317 4625 σχεῖν,
340 4561 388 4611 εἰ
419 4561 511 4612 καὶ
542 4561 701 4625 αὐτὸς
734 4563 917 4626 αὐτοῖς
979 4539 1161 4627 δεξιὰν
1222 4565 1359 4632 δοίη,
1401 4566 1494 4616 καὶ
1532 4539 1697 4617 πιστὰ

1804 4539 2028 4633 piuquat
2063 4580 2075 4615 :
2111 4562 2177 4615 de
2208 4577 2319 4629 quo
2351 4561 2504 4629 152
2536 4576 2563 4611 a
2596 4560 2785 4628 legatis
2815 4559 3142 4615 admonitus,
3175 4554 3351 4623 jubet.

165 4645 287 4699 θεῶν
323 4650 626 4719 ποιήσαιτο.
663 4652 771 4704 Καὶ
802 4654 830 4705 6
884 4652 981 4722 μὲν
1022 4653 1201 4723 Κύρος
1257 4655 1468 4706 δίδωσιν
1517 4656 1696 4718 αὐτοῖς

166 4740 336 4803 πιστὰ,
371 4736 404 4811 ἦ
434 4741 538 4811 μὴν
565 4741 657 4793 ἐὰν
686 4739 721 4794 a
756 4741 999 4807 λέγουσιν
1038 4740 1444 4810 ἐμπεδώσωσιν,
1488 4743 1562 4804 ὡς
1612 4745 1698 4809 φί-

166 4825 265 4890 λοις
292 4830 384 4882 καὶ
420 4834 633 4893 πιστοῖς
668 4831 897 4901 χρῆσθαι
923 4832 1128 4897 αὐτοῖς,
1152 4832 1255 4885 ,καὶ
1304 4834 1437 4901 μήτε
1474 4833 1698 4900 Περσῶν

170 4922 292 4990 μήτε
317 4923 514 4991 Μήδων
542 4927 690 4990 μεῖον
722 4924 867 4991 ἔχειν
898 4940 949 4975 τι
975 4924 1106 4990 παρ’
1132 4924 1303 4993 αύτῷ.
1345 4926 1465 4978 Ἐπὶ
1490 4926 1697 4987 τούτοις

162 5012 185 5059 6
215 5009 385 5081 Κῦρος
413 5011 492 5064 ἔτι
522 5012 693 5077 φάους
721 5014 871 5075 ὄντος
908 5013 1068 5081 ἐξῆγε
1109 5012 1169 5064 τὸ
1221 5012 1555 5083 στράτευμα,
1604 5013 1697 5066 καὶ

163 5100 471 5171 ὀΤιγράνης
502 5103 639 5173 μετὰ
676 5105 784 5155 τῶν
848 5105 1147 5174 ’Ᾱρμενίων
1200 5105 1383 5171 συνῆν,
1429 5107 1521 5156 καὶ
1572 5108 1697 5169 τοὺς

175 5193 483 5264 Ὑρκανίους
513 5198 568 5249 δέ
600 5195 917 5267 περιμένειν
949 5196 1251 5260 ἐκέλευσεν,
1290 5197 1351 5248 ἵν’
1383 5196 1495 5265 ἅμα
1546 5199 1693 5252 ῐοιεν.

165 5278 271 5333 Τῶν
290 5280 345 5333 δέ
370 5283 568 5350 Μήδων
588 5284 771 5353 σχεδὸν
802 5282 1039 5345 ἅπαντες
1063 5283 1387 5354 συνεξήεσαν
1412 5284 1486 5352 τῷ
1510 5286 1691 5355 Κύρῳ.

1804 4657 1850 4711 si
1886 4655 2043 4708 amici
2079 4655 2209 4714 sint.
2245 4654 2381 4708 citra
2412 4667 2616 4705 moram
2645 4664 2936 4704 occurrere
2968 4647 3195 4702 sublatis
3226 4645 3351 4699 dex-

1807 4746 1957 4800 teris.
2016 4744 2244 4798 Faeiunt
2300 4744 2397 4803 illi.
2452 4752 2511 4796 ut
2553 4742 2690 4810 jussi
2732 4750 2891 4806 erant
2936 4757 2951 4793 :
3000 4754 3139 4807 quos
3182 4738 3359 4807 Cyrus

1806 4835 2037 4903 benigne
2067 4842 2340 4901 acceptos,
2372 4833 2554 4886 dicere
2584 4832 2691 4886 sibi
2734 4834 2909 4901 jubet,
2959 4843 3223 4901 quantum
3256 4831 3348 4883 ab-

1802 4925 1911 4977 sint
1962 4922 2201 4977 hostium
2237 4922 2404 4976 duces
2431 4932 2487 4975 et
2527 4924 2798 4977 universae
2840 4923 3032 4990 copiae.
3064 4923 3201 4976 Cum
3236 4937 3354 4974 res-

1804 5015 2127 5085 ponderent,
2173 5013 2333 5081 paulo
2378 5013 2499 5083 plus
2555 5029 2874 5083 parasanga,
2918 5015 3074 5083 jubet
3128 5013 3350 5070 ducere.

1805 5107 1919 5177 ipse
1943 5122 2063 5161 cum
2094 5106 2273 5159 Persis
2290 5107 2343 5159 in
2367 5107 2545 5160 medio
2564 5105 2952 5175 proficiscitur.
2980 5104 3079 5157 alis
3106 5103 3350 5170 equitum

1802 5200 2056 5266 utrinque
2074 5196 2365 5266 adjunctis.
2381 5197 2515 5252 Cum
2532 5196 3021 5261 diluxisset,liostes
3034 5210 3088 5249 re
3113 5193 3347 5260 cognita,

1804 5288 1999 5355 partim
2026 5286 2231 5356 fugere,
2266 5287 2459 5356 partim
2488 5287 2604 5341 sine
2634 5300 2810 5355 pugna
2838 5284 2995 5339 caedi.

174 5372 438 5442 Ἡγεῖσθαι
464 5372 557 5429 οὖν
596 5379 721 5440 τοὺς
763 5376 1087 5448 Ὑρκανίους
1116 5378 1366 5430 ἐκέλευε·
1409 5379 1502 5429 καὶ
1566 5379 1765 5449 ποὶλὴν
1790 5381 1907 5431 ὁδὸν
1932 5380 2209 5443 διανύσας,
2266 5380 2491 5449 πλησίον
2528 5378 2731 5444 γίνεται
2800 5376 2893 5429 τοῦ
2962 5377 3068 5429 τῶν
3142 5374 3346 5438 ’Υρκα-

150 5466 278 5548 ενίων
309 5468 736 5539 στρατεύματος.
770 5471 877 5523 Καὶ
908 5472 955 5523 οί
979 5469 1198 5537 ἄγγελοι
1230 5470 1387 5523 τοῦτο
1428 5469 1518 5520 τὸν
1575 5471 1756 5541 Κῦρον
1818 5471 2115 5533 ἐδίδασκον,
2185 5473 2277 5524 καὶ
2315 5472 2372 5533 δς
2422 5468 2727 5532 ἐκέλευσεν,
2779 5469 2828 5520 εί
2878 5468 3021 5534 φίλοι
3087 5467 3221 5517 εἰσὶν
3266 5464 3345 5523 ὡς

163 5558 376 5629 τάχιστα
431 5562 673 5633 ύπαντᾷν
722 5563 818 5626 τὰς
847 5564 1024 5627 δεξιὰς
1085 5566 1501 5626 ἀνατείναντας..
1528 5565 1635 5615 Καὶ
1689 5566 1736 5617 οἱ
1781 5564 2061 5632 Ὑρκάνιοι
2094 5564 2265 5617 ταῦτα
2292 5563 2696 5631 ἐνωτισάμενοι,
2733 5560 2983 5630 παρῆσαν
3013 5557 3193 5618 εὐθὺς,
3246 5558 3346 5617 τὰς

164 5652 347 5719 δεξιὰς,
382 5652 571 5723 ὥσπερ
622 5655 827 5725 εῐρητο,
865 5656 1252 5717 ἀνατείνοντες.
1308 5654 1693 5722 Δεξιοσάμενος
1732 5656 1786 5707 δὲ
1848 5656 2066 5718 αὐτοὺς,
2108 5648 2309 5707 Εἴποιτέ
2342 5670 2447 5723 μοι.
2483 5652 2634 5721 φησὶ,
2668 5654 2829 5704 πόσον
2856 5652 3045 5720 ἀπέχει
3112 5651 3340 5705 ἐνθένδεν

170 5746 279 5800 {vita
306 5749 359 5799 αί
420 5747 589 5815 ἁρχαὶ
628 5748 734 5799 τῶν
774 5748 1046 5818 πολεμίων
1114 5750 1238 5811 elei,
1295 5750 1388 5799 καὶ
1435 5748 1493 5798 τὸ
1539 5746 1733 5815 ἁθρόον
1774 5747 1971 5801 αύτῶν;
2000 5747 2049 5797 οἳ
2108 5736 2157 5799 δ’
2210 5746 2435 5812 ἔφασαν,
2460 5743 2625 5811 ὀλίγῳ
2654 5743 2814 5795 πλέον
2866 5742 2897 5810 ἢ
2953 5745 3339 5815 παρασάγγην.

182 5838 442 5907 Ἡγεῖσθαι
481 5834 574 5889 οἷν
611 5840 734 5901 τοὺς
791 5840 1107 5908 Ὑρκανίους
1163 5843 1447 5894 inium-3'
1501 5839 1587 5890 καὶ
1649 5841 1695 5893 οἱ
1738 5839 1833 5907 μὲν
1896 5838 2123 5908 ἡγοῦντο
2166 5855 2175 5863 '
2214 5838 2373 5898 αὐτὸς
2403 5836 2455 5887 δὲ
2494 5834 2588 5887 σὺν
2618 5835 2727 5897 τοῖς
2775 5834 3013 5904 Πέρσαις
3060 5837 3120 5887 τ),
3175 5838 3348 5904 μέσον
