4006 6328
627 391 736 456 295

1888 396 2216 457 JOANNIS
2251 398 2579 462 ZONARIE

3747 403 3850 465 226

630 507 747 562 Indi
773 505 845 562 ab
879 505 1130 560 hostibus
1178 507 1382 560 reversi
1429 506 1716 583 _nuntiant,
1745 504 1995 561 Cursum
2029 505 2177 574 impe-

2300 509 2670 562 σκευασθέντα
2694 508 2772 570 εἰς
2799 506 2889 562 τὸν
2919 507 3080 562 αὑτὸν
3122 510 3320 580 τρόπον
3365 511 3427 564 ἐκ
3475 515 3572 584 τῆς
3608 515 3851 585 Τρωῐκῆς

630 609 868 654 ratorem
898 601 1175 653 exercitus
1206 613 1326 651 esse
1354 597 1650 655 deiectum.
1692 595 2002 664 multosque
2038 608 2193 663 reges

626 701 684 746 et
715 691 968 761 pontilos,
1024 700 1186 759 atque
1242 689 1406 742 etiam
1455 688 1670 744 Graecos
1703 678 1830 757 para
1858 703 1920 741 os
1962 703 2083 742 esse
2125 687 2190 740 ad

629 799 787 854 opem
817 783 892 838 illi
924 783 1219 838 ferendam.
1254 780 1349 835 llis
1395 779 1449 834 in
1485 779 1726 833 exercitu
1761 779 2012 848 vulgatis,
2046 777 2194 831 mili-

630 887 713 930 tes
739 875 964 929 solliciti
1013 889 1134 928 esse
1186 881 1503 940 coeperunt:
1551 870 1643 925 sed
1683 871 1856 942 Cyrus
1891 882 1950 924 ut
1983 879 2189 924 metum

629 983 726 1036 per
753 977 930 1021 castra
963 967 1144 1036 vagari
1180 967 1378 1046 sensit,
1409 963 1594 1018 habita
1617 963 1883 1018 concione
1915 977 2046 1016 suos
2074 961 2192 1014 ani-

628 1063 895 1114 mosiores
927 1057 1186 1121 reddidit,
1213 1057 1523 1112 consultum
1550 1055 1654 1109 sibi
1679 1054 1851 1110 videri
1886 1053 2096 1118 dicens,
2131 1061 2190 1107 ut

627 1151 810 1205 hostes
839 1148 1581 1221 quamprimumjnvaderet.
1626 1144 1882 1201 Aisensis
1909 1144 2186 1210 omnibus,

623 1215 890 1311 Cyaxares
915 1215 1038 1294 cum
1073 1218 1232 1294 tertia
1252 1215 1541 1293 Medorum
1587 1245 1742 1306 parte
1794 1236 2077 1302 remansit,
2119 1251 2189 1290 ne

625 1349 783 1388 suum
833 1349 1058 1404 regnum
1112 1333 1259 1388 omni
1313 1332 1571 1402 pmidio
1640 1331 1965 1414 destitutum
2017 1340 2185 1387 esset.

622 1424 796 1498 Cyrus
821 1436 1003 1481 autem
1034 1441 1247 1480 summa
1275 1426 1554 1480 celeritate
1591 1425 1963 1495 proﬁciscitur
1984 1440 2190 1495 :‘cum-

621 1521 726 1586 que
779 1517 1152 1594 speculatores
1200 1516 1462 1585 przemissi
1519 1516 1729 1570 fumum
1764 1525 1862 1570 aut
1905 1516 2186 1586 pulverem

621 1613 942 1676 excitatum,
994 1622 1048 1666 et
1078 1613 1327 1666 homines
1356 1612 1462 1666 sibi
1497 1613 1681 1667 videre
1717 1613 2057 1676 viderentur,
2091 1613 2184 1683 qui

623 1704 883 1770 pabulum
916 1711 972 1758 et
1014 1704 1158 1774 ligna
1199 1706 1563 1773 colligerent:
1599 1704 1852 1760 hostilem
1882 1707 2184 1761 exercitum

625 1795 677 1847 in
717 1796 1022 1864 propinquo
1050 1811 1171 1850 esse
1203 1797 1577 1866 conjecerunt,
1603 1796 1767 1866 idque
1793 1796 1934 1868 Cyro
1962 1800 2185 1852 nuntia-

626 1895 769 1938 runt.
802 1884 852 1940 ls
879 1900 974 1940 eos
999 1886 1052 1940 in
1082 1886 1322 1954 speculis
1348 1902 1585 1952 manere,
1621 1899 1677 1944 et
1710 1890 1988 1960 praemissa
2030 1889 2188 1959 equi-

2296 601 2390 652 καὶ
2422 603 2518 670 τῆς
2553 600 2794 671 Λιϐυκῆς
2813 600 3060 671 διφρείας
3084 618 3099 633 ο
3132 602 3226 656 καὶ
3251 605 3343 656 ἐπὶ
3369 604 3466 667 τὰς
3493 607 3768 677 καμήλους
3798 611 3850 663 δὲ

2294 693 2617 761 τεταγμένοι
2655 687 2793 764 ἦσαν
2818 691 2910 745 δύο
2936 694 3020 761 ἐφ’
3042 694 3279 763 ἑκάστην
3335 696 3566 761 τοξόται.
3599 697 3754 752 Οῦτω
3797 700 3850 754 δὲ

2292 779 2680 850 διατιθεμένων
2714 781 2794 851 τῷ
2834 781 3003 852 Κύρῳ
3039 783 3144 836 τῶν
3191 784 3285 836 τοῦ
3339 785 3597 855 πολέμου,
3627 782 3760 860 ἦκον
3805 791 3852 840 οἱ

2292 872 2445 925 Ὶνδοί
2476 876 2540 927 ἐκ
2572 872 2681 926 τῶν
2735 874 3029 945 πολεμίων,
3090 879 3181 930 καὶ
3234 878 3419 946 ελεγον
3477 881 3557 932 ὅτι
3627 882 3850 950 Κροῖσος

2290 962 2515 1031 ἡγεμὼν
2591 966 2682 1016 καὶ
2749 969 3050 1036 στρατηγὸς
3105 968 3326 1038 ᾗρηταν
3380 970 3472 1022 καὶ
3522 971 3704 1023 πολλοὶ
3756 973 3849 1042 μὲν

2295 1053 2558 1121 βασιλεῖς,
2592 1055 2762 1108 πολλά
2791 1056 2835 1108 δ’
2869 1056 2997 1126 ἐθνη
3027 1060 3121 1110 καὶ
3174 1059 3436 1130 Ἕλληνες
3474 1064 3852 1132 συμμαχήσειν

2290 1144 2660 1214 ἡτοίμασται..
2697 1148 2791 1210 Ὦς
2846 1148 2939 1202 οὖν
2967 1149 3138 1202 ταῦτα
3176 1152 3406 1222 ἤκουσεν
3460 1154 3488 1205 6
3515 1153 3608 1206 τοῦ
3673 1156 3851 1224 Κύρου

2292 1233 2548 1302 στρατὸς,
2591 1237 2646 1286 ἐν
2678 1235 2927 1305 φροντίδι
2957 1239 3195 1306 ἐγένετο.
3242 1240 3329 1301 Ὠς
3358 1240 3414 1292 δὲ
3446 1241 3645 1311 ᾔσθετο
3674 1244 3700 1294 6
3751 1242 3854 1295 Κῦ-

2292 1343 2383 1396 ρος
2411 1328 2574 1398 φόϐον
2603 1329 2882 1402 διαθέοντα
2918 1333 2976 1383 ἐν
2997 1333 3063 1401 τῇ
3096 1333 3348 1401 στρατιᾷ,
3383 1332 3630 1405 διελέχθη
3649 1337 3851 1401 αὐτοῖς,

2291 1422 2387 1472 καὶ
2421 1420 2684 1490 μετέϐαλε
2712 1422 2847 1492 πρὸς
2873 1423 2935 1476 τὸ
2955 1422 3340 1494 εὐθυμότερον.
3401 1420 3533 1478 Εἶτα
3561 1422 3710 1480 eius:
3765 1429 3855 1480 Δοει

2289 1512 2378 1562 κεῖ
2407 1528 2516 1581 μοι,
2549 1506 2594 1565 ὧ
2651 1513 2865 1584 ἄνδρες,
2931 1515 3016 1567 ἐπ’
3046 1516 3242 1578 αὐτοὺς
3302 1517 3437 1571 ἱέναι
3491 1519 3568 1582 ὡς
3603 1521 3852 1591 τάχιστα.

2280 1602 2399 1681 Καὶ
2441 1603 2680 1668 ἅπαντες
2708 1605 3093 1678 συνηγόρευον.
3130 1608 3426 1680 Κυαξάρης
3471 1613 3572 1680 μέν
3596 1608 3730 1690 οὖν,
3751 1615 3855 1668 τῶν

2286 1677 2487 1764 Μήδων
2526 1698 2662 1766 ἔχων
2692 1700 2753 1751 τὸ
2777 1677 2962 1770 τρίτον
3008 1703 3195 1773 μέρος,
3236 1677 3551 1774 κατέμενεν,
3609 1677 3854 1779 ὼςῂμηδὲ

2286 1790 2353 1840 τὰ
2409 1790 2546 1843 οἴκοι
2589 1791 2771 1860 ἔρημα
2838 1793 2924 1860 εἴη
2953 1809 2967 1824 ’
3031 1796 3060 1846 6
3098 1795 3156 1848 δὲ
3212 1795 3390 1867 Κῦρος
3439 1797 3739 1869 ἐπορεύετο
3785 1800 3855 1862 ὡς

2289 1881 2520 1949 ἠδύνατο
2547 1885 2798 1952 τάχιστα.
2842 1884 2930 1946 Ὠς
2960 1885 3005 1937 δ’
3038 1887 3086 1938 οί
3120 1888 3399 1956 προϊόντες
3426 1892 3616 1944 σκοποὶ
3637 1890 3854 1946 ἐδόκουν

625 1984 734 2029 tum
767 1978 850 2031 ala
877 1979 950 2030 ab
981 1978 1046 2032 iis
1077 1969 1400 2035 decursione
1450 1981 1505 2036 in
1555 1981 1837 2052 planitiem
1867 1983 2030 2046 facta,
2066 1983 2177 2052 capi

2291 1974 2586 2042 μανθάνειν
2621 1973 3089 2046 μετεωριζόμενον
3118 1981 3346 2044 καπνὸν,
3371 1980 3403 2052 ἢ
3432 1985 3737 2070 κονιορτὸν,
3765 1987 3853 2038 καὶ

621 2068 831 2136 aliquos
855 2068 1038 2137 jussit,
1064 2084 1094 2123 e
1116 2069 1319 2138 quibus
1349 2071 1440 2124 ubi
1475 2072 1750 2141 cognovit,
1796 2073 2100 2127 exercitum
2132 2075 2177 2128 in

2288 2061 2607 2134 ἀνθρώπους
2630 2064 2764 2135 όρᾴν
2790 2066 2938 2136 χιλὸν
2969 2068 3062 2121 καὶ
3088 2068 3223 2135 ξύλα
3251 2063 3651 2141 λαμϐάνοντας,
3711 2076 3854 2129 εἰκα-

620 2175 729 2228 ιιυο
751 2169 806 2214 et
835 2161 936 2242 ipsi
973 2162 1194 2226 fuerint,
1243 2163 1309 2218 ad
1340 2164 1478 2221 duas
1507 2181 1836 2237 parasangas
1876 2168 2089 2232 abesse,
2130 2178 2177 2224 cl

2286 2151 2378 2217 ζον
2406 2146 2544 2205 εἷναί
2569 2169 2673 2205 που
2704 2154 2933 2224 πλησίον
2951 2154 3066 2210 τῶν
3097 2156 3377 2229 πολεμίων
3417 2159 3477 2212 τὸ
3513 2161 3850 2231 στράτευμα,

556 2273 564 2284 ·
621 2250 687 2304 de
716 2267 775 2306 se
805 2254 974 2307 multa
1018 2256 1186 2310 verba
1225 2255 1342 2311 ﬂeri
1391 2257 1461 2311 ab
1503 2257 1774 2334 hostibus,
1814 2261 2052 2317 adventu
2084 2278 2177 2317 sua

2286 2245 2379 2297 καὶ
2405 2245 2480 2314 τῷ
2506 2244 2676 2316 Κύρῳ
2705 2248 3100 2318 κατήγγελλον.
3137 2251 3272 2303 Ὀδέ
3303 2251 3545 2316 ἐκείνους
3585 2253 3682 2323 μὲν
3734 2254 3853 2308 ἐκέ-

619 2345 844 2398 minime
901 2345 1061 2410 laetis.
1117 2357 1283 2418 atque
1337 2331 1514 2404 aciem
1560 2351 1757 2408 instrui
1815 2369 1846 2409 a
1899 2352 2097 2410 Cimso
2128 2363 2177 2412 el

2285 2335 2475 2389 λευσεν
2501 2337 2596 2390 ἐπὶ
2645 2341 2768 2405 ταῖς
2797 2342 3025 2404 σκοπαῖς
3071 2341 3350 2412 μένοντας,
3386 2344 3414 2396 ὃ
3447 2360 3518 2407 τι,
3540 2344 3605 2399 ἂν
3656 2346 3849 2417 ὁρῷεν,

613 2455 802 2532 Gnaeo
834 2471 896 2509 ac
921 2455 1076 2511 Medo
1094 2460 1350 2528 quodam.
1383 2461 1476 2529 qui
1504 2461 1806 2532 profugisse
1832 2479 1864 2518 a
1891 2464 2007 2518 suis
2034 2463 2184 2518 dice-

547 2594 550 2597 .
617 2529 788 2603 retur.
820 2547 1030 2621 Cyrus:
1070 2549 1304 2613 Utinam,
1351 2529 1550 2623 inquit,
1583 2529 1735 2608 illum
1759 2558 1833 2609 ita
1859 2558 2089 2625 capiam,
2126 2566 2182 2608 ut

615 2638 770 2692 voto:
806 2641 874 2695 Et
919 2642 1165 2711 captivos
1207 2643 1360 2697 abire
1405 2645 1584 2714 jubet,
1637 2661 1816 2715 neque
1855 2648 2028 2701 multo
2061 2657 2182 2717 post

615 2729 681 2783 de
715 2730 895 2783 reditu
923 2731 1287 2799 exploratoris
1331 2733 1555 2804 Az‘aspis
1600 2736 1659 2789 lit
1689 2740 1910 2801 certior,
1942 2754 2178 2813 eumque

615 2819 814 2875 la-titire
862 2823 1144 2877 exsultans
1209 2823 1422 2880 obviam
1487 2842 1742 2898 egressus
1802 2831 2174 2900 amplectitur.

613 2909 766 2976 Quod
800 2927 924 2965 cum
954 2929 1144 2968 omnes
1170 2917 1539 2980 mirarentur:
1575 2919 1760 2984 Amici,
1797 2919 1996 2990 inquit,
2031 2923 2177 2976 adest

613 3000 694 3052 vir
719 3002 966 3070 optimus,
997 3004 1085 3072 qui
1113 3003 1261 3058 nulla
1289 3007 1430 3077 turpi
1459 3007 1523 3060 de
1540 3014 1729 3072 causa,
1775 3025 1868 3064 nec
1911 3014 2014 3066 mei
2037 3021 2174 3067 metu

613 3088 834 3156 abierat,
862 3092 955 3146 sed
986 3110 1019 3147 a
1050 3109 1132 3148 me
1163 3095 1456 3166 ablegatus,
1481 3107 1538 3151 ut
1565 3101 1790 3154 hostium
1837 3119 1916 3156 res
1939 3111 2175 3174 cognitas

2285 2430 2692 2499 ἀπαγγέλλεινο
2740 2431 2927 2503 τάγμα
2983 2433 3030 2487 δ’
3077 2435 3287 2489 ἱππέων
3355 2437 3599 2508 επεμψεν
3653 2442 3736 2502 είς
3794 2439 3857 2493 τὸ

2286 2523 2539 2593 πρόσθεν,
2571 2525 2658 2578 ἵνα
2720 2526 2871 2589 τινάς
2921 2527 3256 2584 συλλάϐοιεν.
3289 2529 3378 2596 Οἳ,
3411 2531 3849 2602 καταδραμόντες

2285 2617 2364 2678 είς
2396 2615 2455 2668 τὸ
2485 2615 2688 2681 πεδίον.
2758 2617 3048 2672 συνέλαϐον
3100 2618 3442 2690 ἀνθρώπους,
3471 2623 3567 2675 καὶ
3618 2625 3844 2694 ἤγαγον*

2285 2713 2378 2762 καὶ
2412 2709 2596 2778 ἔλεγον
2625 2712 2672 2762 oi
2699 2710 3117 2780 συλληφθέντες,
3164 2714 3239 2777 ὡς
3276 2715 3340 2766 ἐκ
3399 2715 3490 2768 τοῦ
3550 2718 3848 2786 στρατοπέ-

2281 2802 2374 2854 δου
2418 2796 2548 2855 εἷεν.
2573 2802 2684 2855 Καὶ
2713 2804 2741 2856 6
2768 2801 2973 2872 Κῦρος,
3014 2803 3208 2868 Πόσον,
3239 2803 3364 2874 ἔφη,
3410 2806 3637 2879 ἄπεστιν
3661 2806 3846 2860 ἐντεῦ-

2284 2895 2374 2946 θεν
2400 2891 2460 2945 τὸ
2493 2894 2807 2963 στράτευμα
2832 2910 2847 2959 ;
2877 2893 2940 2947 Ol
2971 2896 3016 2947 δ’
3044 2894 3250 2963 ἔλεγον·
3291 2897 3378 2960 Ὧς
3423 2897 3516 2951 δύο
3565 2899 3848 2970 παρασάγ-

2283 3000 2405 3051 γας.
2441 2985 2552 3038 Καὶ
2579 2991 2977 3057 προσεπήρετοο
3018 2987 3206 3057 Ἠμῶν
3256 2987 3313 3041 δέ
3333 2989 3487 3058 λόγος
3501 2989 3586 3055 τίς
3617 2986 3686 3061 ἦν
3718 2993 3843 3063 παρ’

2283 3077 2464 3139 αὐτοῖς
2495 3094 2510 3141 ς
2543 3077 2648 3130 Ναὶ
2675 3077 2741 3149 νὴ
2779 3077 2899 3143 Δία,
2938 3078 3164 3148 ἐφασαν,
3195 3080 3291 3133 καὶ
3318 3080 3486 3144 πολύς
3504 3098 3593 3151 γε,
3632 3085 3709 3148 ὡς
3747 3084 3844 3156 ἤδη

616 3182 756 3235 nobis
773 3192 912 3237 certo
931 3164 1373 3241 renuntiaret—Ab
1399 3189 1636 3244 omnibus
1657 3191 1820 3261 igitur
1839 3194 1884 3246 ei
1906 3164 2064 3264 ιώ
2081 3197 2177 3248 no-

2283 3168 2448 3236 ἐγγὺς
2493 3164 2592 3239 ἦτε
2628 3171 2965 3241 προσιόντες.
3002 3171 3069 3224 Τί
3121 3167 3237 3237 οὖν,
3273 3172 3374 3243 ἐφη
3430 3174 3460 3227 6
3507 3175 3707 3244 Κῦρος,
3755 3177 3846 3231 καὶ

615 3289 706 3326 nos
727 3284 802 3326 est
820 3276 1102 3343 habendus,
1119 3283 1256 3347 quod
1274 3282 1436 3334 nostri
1452 3282 1570 3335 boni
1587 3299 1745 3336 causa
1767 3296 1812 3336 et
1829 3285 2173 3354 ignominiam

612 3375 663 3419 et
688 3364 922 3436 pericula
943 3366 1119 3423 subiit.
1150 3369 1228 3423 lta
1256 3371 1524 3426 salutatus
1542 3371 1611 3427 ab
1634 3375 1889 3430 omnibus
1915 3378 2170 3450 Araspes,

612 3473 734 3527 qua:
782 3457 1007 3514 vidisset
1053 3459 1296 3530 exponit,
1344 3464 1533 3532 copias
1572 3465 1834 3532 hostium,
1883 3470 2172 3537 stationes,

613 3550 861 3605 consilia.
896 3551 1105 3617 Quibus
1135 3553 1360 3611 auditis.
1383 3554 1556 3627 Cyrus
1580 3573 1853 3630 quemque
1889 3566 2040 3615 urina
2074 3578 2176 3617 sua

614 3648 670 3693 et
701 3655 871 3708 equos
895 3656 1092 3697 curare
1117 3644 1299 3712 jubet,
1323 3656 1381 3700 et
1409 3662 1570 3703 mane
1599 3650 1664 3703 sd
1690 3665 1925 3721 pugnam
1955 3665 2175 3722 paratos

613 3744 756 3783 esse.
788 3730 984 3784 Parent
1030 3731 1144 3786 illi:
1198 3749 1436 3804 cumque
1473 3741 1736 3807 posu'idie
1771 3756 1964 3797 omnes
1991 3760 2177 3798 anna-

619 3830 828 3886 rentur,
862 3821 1216 3889 Abradatam,
1250 3827 1338 3879 cui
1369 3837 1519 3882 sorte
1547 3827 1867 3898 obvenerat,
1900 3841 2176 3889 utcontra

615 3908 897 3980 Egyptios
928 3913 1224 3978 locaretur.
1252 3916 1483 3974 Panthia
1521 3920 1672 3989 galea
1715 3937 1880 3977 aurea
1924 3936 2176 3994 exornat,

615 4013 671 4056 et
699 4005 953 4067 armillis,
984 4021 1369 4078 purpureaque
1397 4019 1546 4066 veste
1591 4013 1657 4067 ad
1702 4015 1840 4071 talos
1881 4032 2052 4086 usque
2078 4019 2178 4074 de-

617 4095 798 4156 missa,
843 4102 900 4146 et
939 4109 1080 4148 cono
1130 4098 1470 4169 hyacinthini
1515 4104 1741 4168 coloris,
1781 4123 1904 4175 qua:
1945 4109 2065 4177 ipsa
2119 4106 2174 4166 ei

617 4180 839 4245 fecerat,
891 4182 1008 4236 suis
1036 4189 1373 4243 ornamentis
1399 4190 1673 4258 conﬂatis,
1717 4198 1863 4265 quod
1916 4201 2174 4254 maritum

609 4268 713 4323 sibi
747 4270 1057 4324 maximum
1082 4287 1203 4327 esse
1231 4285 1610 4332 ornamentum
1660 4282 1890 4337 diceret.
1920 4284 2169 4355 Dumque

610 4362 658 4415 ei
697 4377 845 4416 arma
895 4362 1167 4430 indueret,
1220 4368 1323 4422 etsi
1351 4368 1627 4438 ploratum
1664 4372 2010 4429 dissimulare
2048 4387 2168 4432 stu-

611 4453 794 4518 debat,
829 4464 1007 4510 tamcn
1042 4456 1290 4528 lacrymae
1327 4475 1426 4528 per
1454 4477 1627 4532 genas
1659 4465 1989 4520 manabant:
2025 4469 2167 4539 jam-

2279 3261 2500 3332 ἔχαιρον
2517 3261 2804 3326 ἀκούοντες
2821 3265 2964 3334 ἡμᾶς
2978 3264 3331 3336 προσιόντας-ς
3353 3268 3510 3339 Οὐμά
3532 3270 3660 3338 Δία,
3691 3267 3843 3326 εἶπον

2285 3353 2505 3418 ἐκεῖνοι,
2536 3354 2676 3408 ἀλλά
2727 3356 2820 3408 καὶ
2857 3357 3003 3428 μάλα
3038 3357 3289 3428 ἠνιῶντο.
3323 3359 3421 3425 Τίς
3458 3361 3514 3415 δέ
3556 3362 3586 3416 6
3623 3362 3845 3428 τούτους

2280 3447 2496 3499 τάσσων
2542 3449 2722 3514 ἐστίν;
2763 3450 2790 3500 6
2842 3449 3023 3521 Κῦρος
3069 3445 3244 3508 εἶπεν.
3315 3456 3378 3507 Ol
3414 3455 3491 3524 δὲ,
3561 3457 3738 3521 Αὐτός
3783 3456 3841 3510 τε

2282 3538 2537 3607 Κροῖσος,
2569 3539 2959 3610 ἀπεκρίναντο,
3019 3542 3112 3595 καί
3161 3560 3246 3606 τις
3291 3545 3490 3617 Ἕλλην
3541 3549 3701 3621 ἀνὴρ,
3753 3551 3843 3605 καὶ

2278 3631 2461 3700 Μῆδός
2485 3649 2588 3696 τις,
2613 3632 2672 3695 ὃς
2720 3633 2938 3702 λέγεται
2975 3635 3153 3705 φυγάς
3187 3632 3323 3691 εἶναι
3346 3641 3479 3709 παρ’
3533 3639 3707 3712 ὑμῶν.
3737 3644 3843 3697 Καὶ

2277 3726 2306 3775 6
2331 3723 2512 3794 Κῦρος
2547 3725 2679 3794 πρὸς
2709 3726 2888 3797 τοῦτο·
2934 3728 3100 3793 Ἀλλ’,
3131 3723 3175 3784 ὦ
3205 3729 3333 3795 Ζεῦ,
3369 3732 3554 3786 λαϐεῖν
3613 3751 3706 3804 μοι
3755 3735 3843 3805 γέ·

2280 3831 2426 3868 νοιτο
2456 3815 2648 3879 αὐτὸν,
2673 3815 2749 3880 ὡς
2775 3817 2889 3884 ἐγὼ
2930 3818 3210 3891 βούλομαι.
3241 3814 3380 3886 Τοῦς
3413 3825 3511 3894 μὲν
3527 3823 3620 3880 οὖν
3643 3829 3842 3898 αίχμα-

2280 3904 2488 3970 λὼτους
2512 3907 2742 3974 ὑπάγειν
2782 3907 3074 3963 ἐκέλευσεν
3101 3927 3114 3938 ·
3161 3913 3223 3964 οὐ
3262 3913 3395 3968 πολὺ
3431 3915 3487 3968 δὲ
3515 3915 3577 3969 τὸ
3601 3918 3660 3969 ἐν
3693 3918 3841 3988 μέσῳ

2248 3998 2371 4050 ικαὶ
2399 4000 2428 4050 6
2462 3998 2736 4070 πεμφθεὶς
2778 4002 2946 4058 πάλαι
2978 4007 3350 4074 κατάσκοπος,
3386 4007 3415 4061 6
3446 4007 3720 4080 ’Δράσπας
3752 4012 3842 4083 δη-

2278 4088 2437 4161 λαδὴ,
2473 4091 2797 4160 ἀγγέλλεται
2829 4097 3235 4166 προσελαύνων.
3288 4100 3347 4153 '0
3387 4100 3486 4170 μὲν
3512 4099 3608 4157 οῦν
3638 4104 3838 4171 Κῦρος.

2277 4180 2352 4242 ὡς
2409 4183 2663 4252 ἤκουσεν,
2712 4186 3072 4258 ἀναπηδήσας
3109 4191 3325 4260 ὑπήντα
3384 4193 3552 4264 αὐτῷ,
3595 4199 3692 4250 καὶ
3731 4198 3825 4251 ἐδε-

2277 4271 2476 4334 ξιοῦτο.
2513 4277 2575 4326 Οἱ
2605 4276 2650 4328 δ’
2683 4276 2945 4347 ἀλλοιτῷ
2976 4280 3260 4350 πράγματι
3297 4280 3710 4355 ἐξεπλήττοντο,
3737 4288 3840 4352 ἕως

2273 4364 2508 4434 ὀΚῦρος
2564 4367 2692 4439 ἔφη·
2755 4369 2997 4438 Ἄνδρες
3045 4373 3231 4440 φίλοι,
3290 4376 3425 4442 ἣκει
3485 4379 3630 4446 ἡμῖν
3686 4381 3838 4450 ἀνὴρ

2275 4457 2539 4525 ἀριστος,
2567 4460 2632 4527 ὃς
2659 4464 2769 4516 οὐκ
2791 4465 3048 4535 αἰσχροῦ
3109 4482 3272 4545 τινος
3319 4470 3594 4537 ἡττηθεὶς
3631 4466 3836 4541 ᾤχετο,

611 4561 716 4613 que
746 4562 1117 4603 conscensum
1146 4565 1391 4613 currum.
1419 4556 1631 4609 emeris
1649 4556 1932 4614 discedere
1959 4560 2160 4630 jussis:

2280 4551 2348 4616 ὡς
2377 4551 2482 4620 ἐμὲ
2523 4551 2750 4621 δεδιὼς,
2809 4557 2948 4618 ἀλλ’
2982 4559 3084 4613 ὑπ’
3116 4560 3262 4628 ἐμοῦ
3317 4565 3625 4632 πεμφθεὶς,
3681 4568 3836 4634 ὅπως

610 4636 904 4700 Abradata,
957 4638 1054 4702 ait,
1100 4648 1172 4702 te,
1214 4642 1334 4694 vita:
1355 4642 1516 4696 etiam
1550 4659 1679 4698 mea:
1719 4652 2032 4718 anteposita
2062 4667 2164 4718 me,

608 4743 754 4780 nosse
780 4728 1039 4782 arbitror:
1067 4739 1242 4785 tamen
1277 4743 1514 4788 mutuum
1542 4751 1775 4790 amorem
1808 4741 2040 4797 nostrum
2085 4751 2167 4796 te-
2191 4764 2198 4772 ·

604 4826 732 4883 star,
767 4818 927 4872 malle
960 4836 1040 4873 me
1067 4824 1111 4874 si
1139 4832 1187 4875 te
1214 4826 1380 4878 virum
1424 4827 1612 4894 fortem
1650 4829 1950 4897 pmbueris,
1981 4835 2164 4890 eadem

525 4964 532 4972 ,
609 4917 748 4962 terra
785 4922 950 4964 tecum
984 4914 1104 4980 tegi.
1149 4930 1304 4983 quam
1339 4917 1739 4986 ignominiosam
1784 4935 1901 4973 cum
1939 4925 2164 4991 ignomi-

611 5002 959 5075 nioso'ujvere.
998 5002 1140 5056 Nam
1192 5006 1328 5075 Cyro
1381 5011 1585 5078 quidem
1635 5030 1882 5084 magnam
1924 5015 2164 5070 debemus

609 5095 856 5160 gratiam,
889 5095 1024 5163 quod
1055 5111 1134 5148 me
1160 5099 1445 5166 captivam,
1484 5111 1532 5154 et
1567 5104 1664 5156 sibi
1693 5105 2021 5166 attributam.
2058 5124 2162 5162 non

609 5200 703 5248 pro
738 5186 957 5249 ancilla,
992 5198 1079 5242 aut
1116 5189 1341 5259 ingenua
1375 5207 1566 5260 parum
1602 5197 1856 5250 honorata
1894 5199 2158 5264 tractavit,

606 5277 694 5325 sed
724 5276 812 5325 tibi
859 5283 1196 5345 conservavit,
1227 5281 1369 5334 haud
1398 5298 1542 5336 secus
1572 5300 1636 5337 sc
1658 5287 1703 5338 si
1739 5288 1919 5355 fratris
1946 5301 2158 5345 uxorem
2202 5301 2205 5303 ’

609 5368 842 5434 cepisset.
888 5367 1148 5424 Prazterea
1191 5378 1307 5426 cum
1353 5375 1580 5445 Araspes
1632 5386 1799 5430 custos
1835 5395 1974 5432 meus
2005 5384 2069 5434 ab
2103 5399 2160 5437 eo

609 5461 895 5523 defecisset,
923 5460 1158 5527 pollicita
1195 5464 1240 5514 ei
1269 5465 1364 5530 fui,
1403 5469 1445 5517 si
1479 5477 1527 5519 te
1571 5469 1765 5520 arcessi
1792 5480 2080 5538 pateretur.
2113 5484 2162 5526 te

611 5545 701 5597 illo
733 5550 893 5601 multo
923 5559 970 5600 et
1006 5549 1271 5603 meliorem
1298 5563 1345 5604 et
1395 5556 1682 5621 ﬁdeliorem
1708 5561 1754 5612 ei
1778 5561 2033 5629 futurum.
2068 5562 2162 5618 llis

610 5639 791 5701 verbis
845 5641 1147 5697 delectatus
1194 5645 1514 5710 Ahradatas,
1559 5650 1745 5705 Jovem
1796 5662 2071 5722 precatus,
2105 5665 2162 5708 ut

613 5728 713 5779 sibi
747 5728 920 5793 daret,
958 5744 1015 5785 ut
1050 5743 1108 5786 et
1152 5734 1390 5790 Panthize
1421 5739 1692 5809 conjugio,
1732 5753 1786 5796 et
1822 5742 1946 5812 Cyri
1975 5746 2162 5798 amici-

609 5820 681 5873 tia
714 5819 908 5890 dignus
939 5824 1237 5892 videretur,
1277 5843 1496 5883 currum
1543 5832 1880 5886 conscendit.

2270 4643 2481 4711 μαθὼν
2533 4647 2608 4699 τὰ
2643 4648 2759 4701 τῶν
2809 4653 3132 4719 πολεμίων,
3183 4655 3392 4725 σαφῶς
3438 4658 3632 4727 τιμᾶν.
3708 4662 3832 4716 Ἐπί

2271 4735 2382 4802 γὰρ
2410 4735 2490 4801 τῷ
2512 4736 2771 4807 ἡμετέρῳ
2799 4742 3012 4810 ,ἀγαθῷ
3048 4745 3145 4798 καὶ
3169 4748 3408 4813 ἀτιμίαν
3456 4751 3710 4821 ὑπέσχε,
3736 4756 3830 4810 καί

2270 4825 2724 4883 ἐκινδύνευσεν.
2796 4830 3075 4887 Ἐντεῦθεν
3125 4837 3324 4902 πάντες
3380 4841 3687 4910 ἠσπάζοντο
3743 4849 3827 4900 τὸν

2286 4910 2582 4986 Ἀράσπαν.
2617 4921 2777 4974 Καὶό
2813 4924 3014 4996 Κῦρος,
3054 4929 3276 4999 Διηγοῦ,
3333 4932 3460 5004 ἔφη,
3505 4935 3775 5008 Ἀράσπα’
3802 4946 3828 4992 6

2271 5009 2412 5060 πόσα
2438 5005 2713 5078 ἀώρακας.
2769 5016 3034 5081 Κάκεῖνος
3058 5018 3295 5088 διηγεῖτο
3318 5024 3379 5075 τό
3406 5041 3464 5077 τε
3494 5005 3694 5097 πλῆθος
3721 5030 3824 5081 τῶν

2271 5103 2564 5172 πολεμίων,
2597 5107 2690 5158 καὶ
2722 5107 2813 5160 τὸν
2851 5109 3012 5160 τόπον
3040 5111 3138 5180 τῆς
3169 5115 3549 5184 παρατάξεως,
3611 5121 3704 5172 καὶ
3761 5121 3825 5175 τά

2268 5194 2374 5247 τῶν
2425 5196 2681 5249 ἐναντίων
2713 5197 3076 5268 βουλεύματα.
3127 5205 3232 5256 Καὶ
3261 5208 3288 5257 6
3329 5206 3511 5277 Κῦρος
3570 5207 3821 5266 ἆπελθ;ῖν

2268 5285 2499 5338 ἕκαστον
2531 5287 2808 5355 ἐκέλευσε,
2839 5293 2930 5343 καὶ
2971 5291 3040 5344 τά
3072 5309 3131 5347 τε
3171 5295 3308 5349 ὅπλα
3343 5300 3438 5351 καὶ
3469 5301 3595 5362 τοὺς
3629 5305 3822 5370 ἵππους

2269 5378 2449 5431 αὐτῶν
2478 5381 2900 5450 ἐπισκέψασθαι,
2932 5382 3100 5436 ἐωθεν
3127 5386 3184 5439 δὲ
3223 5389 3353 5459 πρὸς
3400 5391 3635 5462 πόλεμον
3688 5400 3820 5452 Lm-

2272 5470 2564 5537 μάσασθαι.
2619 5474 2750 5527 Τότε
2798 5476 2898 5544 μέν
2933 5473 3024 5529 οὖν
3065 5479 3304 5564 ἀπῆλθον
3331 5499 3344 5513 ο
3399 5487 3463 5556 τῇ
3495 5485 3538 5538 δ’
3565 5489 3818 5559 ὑστεραίᾳ

2269 5561 2620 5624 ἐξωπλίζοντο
2646 5566 2887 5630 ἔκαστοι,
2917 5569 3008 5620 καὶ
3031 5569 3060 5620 ὁ
3084 5561 3415 5644 Ἀϐραδάτας
3434 5578 3623 5649 κλήρῳ
3642 5579 3816 5650 λαχὼν

2267 5653 2446 5716 ἀντίος
2486 5659 2742 5727 τετάχθαι
2790 5663 2902 5724 τοῖς
2954 5654 3292 5732 Αἰγυπτίοις.
3357 5668 3729 5745 Ὀπλιςομένῳ
3758 5674 3808 5727 δὲ

2269 5749 2601 5820 προσῆγενή
2629 5750 2866 5806 Πάνθεια
2913 5757 3146 5825 χρυσοῦν
3201 5760 3399 5825 κράνος
3424 5762 3520 5815 καὶ
3554 5766 3810 5836 περιϐρα-

2268 5841 2441 5909 χιόνια
2498 5844 2587 5894 καὶ
2621 5843 2813 5912 ψέλλια
2854 5849 2980 5918 περὶ
2998 5850 3122 5917 τοὺς
3158 5852 3404 5924 καρποὺς
3436 5855 3546 5911 τῶν
3596 5857 3812 5930 χειρῶν,
