4004 6328
668 458 770 541 εξοτι

1902 448 2223 512 ΙΟᾹΝΝῘΞ
2264 444 2580 510 ΖΟΝΑΒίΕ
3763 442 3850 503 τοι

668 568 946 630 instruxit,
1005 576 1061 621 et
1112 564 1368 631 omnibus
1409 562 1575 617 sociis
1613 560 1826 616 multos
1882 562 2220 630 captivorum

2327 557 2363 610 δ’
2386 560 2415 612 ὀ
2447 560 2628 630 Κῦρος
2660 559 2755 629 τὴν
2783 559 2877 612 ἐπὶ
2901 555 3194 622 Βαϐυλῶνα
3225 555 3628 627 κατεστρέψατο
3657 552 3852 623 Φρύγας

664 673 835 729 equos
868 656 1150 711 distribuit
1180 664 1235 709 et
1281 654 1467 707 multis
1496 653 1797 722 equitibus,
1831 652 2019 707 multis
2048 648 2215 718 sagit-

667 749 819 803 tariis
842 757 897 801 et
924 746 1253 809 ferentariis,
1281 743 1452 814 ’164
1472 759 1542 797 ac
1572 741 1947 803 funditoribus
1970 744 2218 794 innume-

665 839 931 894 rabilibus
955 836 1279 907 Babylonem
1307 834 1576 892 adductis,
1604 833 1795 887 urbem
1822 831 1995 901 mpiis
2013 828 2215 898 cingit:

665 940 721 984 et
773 944 896 983 cum
949 926 1506 999 principibuslalquc
1542 924 1950 979 amicismaznia
1974 930 2221 975 contem-

664 1022 865 1091 platus,
922 1018 1139 1074 adducit
1180 1016 1484 1070 exercitum
1512 1054 1526 1078 ,
1566 1026 1622 1070 et
1655 1015 1861 1071 circum
1893 1013 2092 1069 urbem
2126 1027 2220 1067 ca-

665 1122 772 1167 stra
800 1112 962 1166 locat.
1002 1110 1138 1167 Cum
1176 1119 1355 1163 autem
1388 1108 1616 1162 vidisset
1657 1106 1860 1160 ﬂumen
1894 1105 2218 1177 Babylonem

666 1202 935 1273 perﬂuch
972 1200 1230 1261 mediam,
1288 1198 1518 1253 consilio
1544 1211 1797 1250 suocirm
1830 1195 2046 1250 nemine
2072 1208 2223 1247 com-

667 1292 945 1343 municato
968 1329 980 1352 ,
1030 1299 1204 1342 castra
1236 1288 1379 1358 cingi
1407 1286 1566 1357 jubet
1598 1286 1741 1340 fossa
1778 1287 1884 1339 lata
1914 1294 1969 1340 et
1997 1284 2223 1355 profun-

666 1380 887 1435 dissima
913 1425 926 1442 ,
960 1381 1187 1447 forsitan
1224 1392 1283 1433 ut
1318 1380 1638 1435 custodibus
1665 1394 1828 1449 quam
1871 1380 2219 1449 paucissimis

665 1480 811 1527 esset
855 1488 1008 1539 opus.
1059 1471 1119 1523 Ei
1161 1471 1312 1539 operi
1355 1472 1557 1525 milites
1605 1470 1837 1537 intenti,
1882 1469 2141 1525 mediocri
2190 1485 2219 1523 a

667 1564 889 1618 flumine
932 1563 1108 1632 Spatio
1139 1561 1385 1627 fodiunt,
1442 1570 1793 1632 egestamque
1826 1562 2049 1615 humum
2098 1576 2222 1614 vcr-

666 1669 761 1708 sns
786 1662 960 1707 castra
982 1652 1299 1723 conjiciunt.
1323 1651 1755 1723 Babyloniiyero
1775 1650 2099 1707 deridebant
2120 1651 2222 1706 ob-

667 1746 935 1799 sidionem
960 1785 974 1810 ,
1022 1754 1081 1797 ut
1131 1744 1224 1814 qui
1255 1744 1492 1814 amplius
1536 1742 1726 1813 viginti
1760 1758 2029 1798 annorum
2069 1758 2222 1797 com-

667 1843 903 1887 meatum
972 1834 1258 1888 haberent.
1335 1834 1497 1888 Fossa
1541 1833 1650 1904 jam
1720 1834 1996 1899 absoluta,
2046 1834 2221 1905 Cyrus

666 1928 957 1980 observato
997 1934 1241 1995 tempore
1286 1940 1395 1995 quo
1427 1900 1756 1999 Babylonios
1780 1940 1878 1995 per
1906 1900 2189 1979 totam-no
2247 1900 2294 1959 Β

667 2029 808 2073 clem
845 2028 1031 2086 potare
1066 2028 1118 2072 et
1156 2018 1448 2072 comessari
1489 2024 1844 2086 cognoverat,
1876 2015 2072 2070 fossam
2099 2032 2219 2070 νοτ·
2270 2030 2278 2038 ·

667 2126 761 2163 sus
790 2110 1012 2164 fluvium
1043 2109 1111 2179 (is
1137 2108 1447 2178 Euphrates
1485 2116 1587 2171 est,
1624 2116 1683 2169 ut
1706 2106 2015 2161 Herodotus
2039 2106 2224 2176 tradit)

666 2203 885 2270 aperuit
918 2218 930 2254 :
967 2215 1219 2275 aquaque
1256 2200 1309 2252 in
1354 2209 1675 2263 eamnoctu
1714 2200 2223 2263 traducta,-factnin

666 2299 771 2354 est,
806 2303 865 2347 ut
885 2292 1072 2347 alveus
1101 2290 1341 2345 ﬂuminis
1381 2292 1436 2344 in
1464 2291 1599 2345 urbe
1634 2290 1705 2344 ab
1736 2290 2050 2346 hominibus
2076 2303 2226 2346 tran-

667 2386 763 2441 siri
819 2393 1020 2457 posset.
1068 2385 1222 2439 Tunc
1269 2385 1437 2455 igitur
1484 2385 1763 2448 ministros
1801 2393 1857 2441 et
1901 2385 2115 2456 pedites
2169 2394 2226 2440 et

670 2479 887 2547 equites
921 2476 1117 2530 vadum
1152 2475 1449 2544 periclitari
1475 2475 1659 2546 jussit,
1690 2487 1854 2542 atque
1881 2477 2089 2532 interea
2122 2476 2225 2530 du-

668 2582 762 2623 ces
812 2566 1177 2622 multitudinis
1207 2564 1275 2622 ad
1304 2579 1425 2621 .rem
1468 2564 1855 2635 capessendam
1887 2564 2225 2628 exhortatus,

670 2677 817 2715 arma
848 2677 1064 2730 capere,
1096 2675 1159 2714 ac
1182 2674 1239 2713 se
1266 2658 1461 2713 ducem
1495 2659 1649 2728 sequi
1685 2677 1698 2713 :
1737 2656 2006 2729 Cobryam
2042 2666 2097 2711 et
2124 2655 2225 2711 Ga-

670 2751 882 2811 datam,
909 2730 1108 2818 quibus
1145 2748 1276 2801 urbs
1314 2754 1441 2801 nota
1468 2756 1642 2811 esset,
1682 2747 1769 2802 ubi
1802 2748 1856 2801 in
1880 2763 1999 2803 eam
2031 2762 2225 2818 perve-

670 2842 901 2907 nissent,
957 2842 1098 2894 viam
1156 2848 1495 2903 monstrare,
1545 2853 1652 2906 qua
1708 2847 1856 2891 recta
1906 2838 1973 2891 ad
2021 2841 2224 2909 regiam

674 2934 869 2995 iretur,
906 2932 1092 2999 jussit.
1147 2932 1371 3000 Summa
1400 2929 1569 2998 igitur
1602 2928 1947 2984 festinatione
1980 2928 2227 3000 Gobryas

673 3034 732 3077 et
771 3026 1004 3078 Cadatas
1052 3038 1174 3077 cum
1223 3021 1338 3075 suis
1372 3020 1445 3074 ad
1489 3019 1692 3091 regiam
1724 3036 1899 3091 usque
1930 3023 2222 3091 progressi,

674 3122 859 3184 portas
888 3115 1102 3167 clausas
1136 3111 1444 3182 reperiunt,
1476 3109 1823 3165 et‘cnstodes
1854 3120 2103 3180 potantes
2129 3126 2226 3180 op-

674 3206 938 3275 primunt.
975 3204 1198 3259 Sublato
1228 3204 1464 3257 clamore
1493 3210 1565 3298 et.
1588 3202 1838 3298 strepitu,
1863 3204 1955 3269 qui
1991 3202 2044 3257 in
2081 3203 2222 3269 regia
2254 3240 2299 3298 Ο

673 3308 850 3361 erant,
872 3298 1027 3367 jussu
1062 3295 1206 3364 regis
1230 3292 1397 3347 visuri
1439 3290 1568 3360 quid
1596 3291 1673 3344 rei
1699 3302 1863 3355 esset,
1892 3300 2075 3360 portas
2100 3306 2226 3361 ape-

675 3393 866 3444 riunt:
923 3388 1235 3455 irrumpunt
1267 3384 1481 3449 hostes,
1523 3383 1591 3437 ad
1631 3398 1809 3455 regem
1843 3399 2013 3453 usque
2058 3392 2224 3453 pcne-

674 3492 839 3544 trant,
889 3494 1014 3534 eum
1053 3476 1242 3534 stricto
1272 3476 1381 3546 jam
1420 3477 1639 3531 acinace
1679 3484 1946 3530 astantem
1985 3475 2228 3546 Gobryas

674 3584 729 3629 et
762 3574 997 3628 Gadatas
1028 3570 1252 3640 capiunt
1278 3587 1291 3623 :
1319 3570 1580 3624 satellites
1614 3572 1811 3639 partim
1839 3581 2225 3641 repugnantes,

678 3666 876 3739 partim
927 3663 1199 3734 fugientes
1239 3660 1474 3717 cadunt.
1512 3660 1688 3735 Cyrus
1731 3670 1936 3720 turmas
1982 3664 2225 3733 equitum

678 3756 733 3807 in
765 3770 793 3805 ν
820 3768 879 3806 as
909 3751 1157 3812 dimittit,
1176 3764 1299 3804 cum
1329 3749 1602 3813 mandato,
1636 3757 1852 3819 utquos
1885 3751 2017 3805 foris
2037 3752 2222 3820 depre-

678 3844 991 3907 hendcrint,
1022 3840 1275 3895 occidant
1304 3858 1316 3893 :
1352 3841 1566 3895 caeteris
1596 3855 1693 3909 per
1727 3842 1894 3911 Syria:
1917 3842 2109 3911 linguae
2137 3858 2232 3913 pe-

681 3935 816 3987 ritos
862 3931 1211 3995 denuntient,
1266 3937 1327 3983 ut
1387 3929 1530 3983 intra
1592 3927 1739 3984 mdes
1789 3944 1848 3983 se
1890 3931 2227 3985 contineant.

680 4024 782 4089 Qui
814 4038 1064 4093 egressus
1112 4021 1296 4085 fuerit,
1333 4021 1576 4075 occisum
1618 4021 1706 4075 iri.
1752 4020 1961 4075 Interea
1994 4021 2229 4079 Gadalas

684 4123 739 4167 et
776 4112 1018 4180 Cobryas
1064 4110 1286 4173 adsunt,
1334 4119 1496 4178 atque
1539 4108 1733 4163 nefarii
1781 4110 1922 4180 regis
1967 4111 2229 4166 ultionem

686 4204 921 4275 primum
948 4202 1052 4256 diis
1072 4200 1471 4254 immortalibus
1496 4209 1776 4269 acceptam
1800 4203 2006 4255 ferunt.
2027 4202 2231 4257 Deinde

685 4294 808 4365 Cyri
859 4294 1024 4363 pedes
1069 4300 1125 4346 ct
1175 4306 1370 4345 manus
1394 4290 1801 4345 deosculantur.
1842 4290 2142 4362 Xenophon
2177 4296 2232 4349 in

683 4385 808 4457 Cyri
841 4384 1093 4447 historia,
1124 4385 1265 4452 capti
1303 4382 1650 4454 Assyriorum
1691 4384 1832 4456 regis
1858 4395 2056 4441 nomen
2087 4386 2231 4443 haud

683 4477 857 4549 ponit.
891 4473 998 4530 Sed
1037 4472 1305 4541 Josepbus
1326 4473 1469 4527 libro
1507 4490 1541 4527 ι
1579 4475 1989 4543 Antiquitatum,
2026 4476 2234 4532 Baltas-

685 4582 861 4623 sarem
893 4566 1045 4668 ίυυιξὶ
1074 4577 1194 4618 esse
1227 4562 1431 4668 “ﬁdit!
1464 4564 1552 4617 cui
1580 4578 1774 4667 mam”.
1801 4564 1956 4667 163"
1984 4567 2095 4621 vi”
2125 4570 2193 4668 _5i‘
2213 4611 2227 4637 ν
2263 4593 2306 4647 D
2335 4562 2499 4663 λιέωέ-
2526 4562 2829 4668 σκέψασθαι

684 4676 804 4730 quae
831 4675 895 4714 ex
914 4658 1121 4729 pariete
1143 4655 1438 4719 exstiterit,
1469 4669 1641 4724 eaque
1670 4656 1951 4725 scripserit
1980 4673 2101 4728 qua:
2120 4662 2227 4732 jam

685 4755 930 4822 exposita
962 4760 1090 4807 sunt
1140 4759 1244 4803 eta
1274 4747 1493 4803 Daniele
1517 4747 1811 4804 declarata.

2323 652 2445 712 τοὺς
2472 653 2530 704 ἐν
2562 652 2630 721 τῇ
2664 649 2874 721 μεγάλῃ
2904 647 3131 720 Φρυγίᾳ.
3165 647 3583 718 Κατεστρέψατο
3613 645 3669 698 δὲ
3719 646 3853 699 Kan-

2320 740 2579 805 παδόκας,
2639 740 2984 810 ὑποχειρίους
3015 738 3072 791 δέ
3108 738 3402 809 ἐποιήσατο
3452 738 3756 808 Ἀραδίους,
3783 740 3854 803 ἐξα

2320 828 2528 884 ὠπλισε
2573 829 2631 884 δέ
2662 830 2771 884 ἀπὸ
2806 829 3024 884 πάντων
3049 828 3255 883 τούτων
3283 829 3505 901 Περσῶν
3544 829 3643 898 μέν
3679 830 3856 893 ἰππὲας

2318 920 2379 975 οὐ
2414 923 2565 991 μεῖον
2588 921 3081 992 τετρακισμυρίων,
3116 922 3213 976 καὶ
3244 921 3376 974 πᾶσι
3405 920 3466 973 δὲ
3494 921 3605 982 τοῖς
3658 923 3857 990 συμμάο

2320 1026 2435 1081 χοις
2491 1012 2692 1074 ἵππους
2728 1009 2958 1074 πολλοὺς
3015 1010 3123 1063 τῶν
3182 1009 3548 1082 αἰχμαλώτων
3600 1009 3855 1065 διέδωκεν.

2334 1099 2586 1168 Ἀφίκετο
2612 1101 2795 1171 μέντοι
2841 1101 2976 1171 πρὸς
3028 1100 3345 1165 Βαϐυλῶνα,
3383 1100 3612 1163 πολλοὺς
3649 1100 3747 1169 μὲν
3788 1103 3859 1152 ἰπ-

2321 1192 2456 1254 πέας
2478 1190 2651 1259 άγων,
2672 1192 3051 1259 παμπόλλλους
3078 1193 3133 1245 δὲ
3164 1192 3383 1258 τοξότας
3410 1194 3507 1245 καὶ
3535 1193 3859 1257 ἀκοντιστὰς,

2322 1284 2681 1355 σφενδονήτας
2732 1285 2787 1338 δὲ
2835 1281 3195 1355 άναρίθμους.
3244 1286 3406 1339 Ἐπεὶ
3449 1286 3556 1339 δ’ὲν
3601 1285 3861 1338 Βαϐυλῶνι

2320 1375 2557 1443 ἐγένετο,
2609 1376 2933 1447 περιέστησε
2971 1376 3070 1444 μὲν
3119 1377 3220 1448 τὴν
3274 1378 3551 1449 στρατιάν.
3615 1378 3781 1439 Αὐτὸς
3825 1379 3863 1429 δ’

2321 1466 2490 1520 ἐπιὼν
2520 1468 2617 1520 σὺν
2665 1470 2775 1529 τοίς
2837 1468 3063 1539 ἄρχουσι
3108 1468 3218 1520 τῶν
3283 1468 3587 1539 συμμάχωι
3646 1470 3863 1532 καὶτοῖς

2322 1560 2498 1629 φίλοις
2529 1562 2827 1615 κατεθεᾶτο
2852 1564 2919 1616 τὰ
2949 1561 3124 1633 τείχη.
3150 1559 3280 1615 Εἶτα
3303 1554 3552 1632 ἐπήγαγε
3582 1564 3683 1631 τὴν
3715 1579 3863 1632 στρα-

2319 1653 2464 1717 τιὰν,
2508 1654 2604 1707 καί
2656 1655 2789 1726 περὶ
2813 1654 2912 1725 τὴν
2940 1656 3097 1707 πόλιν
3138 1656 3693 1727 ἐστρατοπεδεύσατο.
3734 1654 3865 1708 Ἰδὼν

2320 1748 2375 1801 δὲ
2392 1748 2485 1800 τὸν
2520 1750 2638 1801 ἐκεῖ
2677 1748 2923 1818 ποταμὸν
2957 1749 3107 1802 ἔνδον
3134 1749 3234 1819 τῆς
3258 1749 3575 1813 Βαϐυλῶνος
3604 1750 3865 1820 εἰσρέοντα

2324 1840 2416 1892 καί
2441 1838 2610 1909 μέσην
2630 1838 2831 1892 διῖόντα
2849 1839 2947 1907 τὴν
2995 1839 3172 1903 πόλιν,
3202 1839 3377 1893 οὐδενὶ
3404 1840 3505 1911 μὲν
3531 1840 3592 1893 τὸ
3612 1840 3868 1912 βούλευμα

2323 1930 2622 1999 ἐξεκάλωψε
2648 1946 2663 1962 ο
2709 1932 2916 2002 τάφρον
2967 1931 3011 1984 δ’
3063 1931 3348 1985 ἐκέλευσεν
3381 1932 3637 2003 ὀρύσσειν
3671 1935 3796 2003 περί
3821 1935 3870 1985 τὸ

2325 2019 2691 2089 στρατόπεδον
2738 2020 2951 2088 εὐρεῖαν
2990 2019 3083 2072 καί⁸
3127 2019 3454 2091 βαθυτάτην,
3503 2020 3567 2072 ἵν’
3595 2020 3871 2091 ἐλαχίστων

2322 2110 2459 2183 τάχα
2488 2111 2597 2165 τῶν
2630 2110 2883 2180 φυλάκων
2931 2111 2989 2163 ἐν
3034 2109 3113 2180 τῷ
3162 2113 3509 2183 στρατοπέδῳ
3554 2112 3775 2168 δέοιντο.
3814 2116 3868 2166 Οἰ

2326 2204 2424 2273 μὲν
2452 2202 2546 2255 οῦν
2575 2201 2675 2272 τὴν
2704 2201 2911 2271 τάφρον
2937 2201 3239 2267 ποιοῦντες,
3264 2200 3535 2272 ὤρυσσον,
3579 2202 3797 2273 μέτριόν
3826 2219 3871 2255 τι

2322 2295 2415 2347 τοῦ
2462 2292 2713 2363 ποταμοῦ
2763 2294 3146 2362 ἀφιστάμενοι,
3194 2293 3287 2346 τὸν
3337 2292 3395 2346 δὲ
3449 2292 3576 2367 χοῦν
3626 2293 3871 2347 ἀνέϐαλον

2324 2384 2457 2454 πρὸς
2492 2384 2553 2437 τὸ
2580 2383 2962 2454 στρατόπεδον.
2990 2382 3054 2437 0t
3083 2381 3139 2436 δέ
3178 2400 3240 2452 γε
3275 2384 3608 2437 Βαϐυλώνιοι
3661 2385 3871 2450 κατεγέ-

2324 2475 2432 2527 λων
2474 2476 2573 2545 τῆς
2618 2474 2960 2545 πολιορκίας,
3010 2476 3087 2537 ὡς
3129 2476 3292 2529 πλέον
3339 2477 3372 2546 ἢ
3429 2476 3568 2529 ἐτῶν
3613 2477 3783 2529 εἴκοσι
3814 2478 3873 2527 τά

2324 2568 2602 2636 ἐπιτήδεια
2623 2568 2859 2641 ἔχοντες.
2884 2568 3021 2638 ’Ἤδη
3039 2568 3215 2639 sua;
3238 2570 3445 2638 τάφρου
3472 2564 3872 2640 ὀρωρυγμένης.

2326 2660 2567 2727 φυλάξας
2618 2661 2652 2713 ὁ
2703 2663 2883 2731 Κῦρος
2926 2660 3095 2714 νύκτα
3139 2662 3196 2713 ἐν
3338 2660 3535 2731 ἑορτὴν
3575 2660 3715 2729 ἔγνω
3760 2662 3875 2719 τοὺς

2325 2752 2700 2816 Βαϐυλωνίους
2744 2753 2921 2818 άγειν,
2972 2750 3102 2820 ὅλην
3122 2751 3220 2823 τὴν
3280 2753 3452 2805 νύκτα
3492 2751 3742 2813 πίνοντας
3790 2754 3873 2803 καὶ

2326 2843 2700 2913 κωμάζοντας,
2728 2845 2787 2897 ἐν
2811 2842 2982 2915 ταύτῃ
3004 2841 3206 2912 πλῆθος
3229 2844 3511 2912 ἀθροίσας,
3540 2843 3873 2913 ἀνεστόμωσε

2324 2938 2421 2999 τὰς
2456 2937 2703 3004 τάφρους
2756 2933 2892 3003 πρὸς
2940 2934 3032 2989 τὸν
3084 2933 3326 3004 ποταμὸν
3378 2928 3698 3005 (Εὐφράτης
3730 2930 3872 2997 οὗτος

2325 3030 2495 3092 ἐστιν,
2536 3028 2611 3090 ὡς
2676 3025 2963 3097 Ἡρόδοτος
3016 3027 3237 3097 ἰστορεῖ)
3282 3028 3375 3079 καὶ
3405 3027 3465 3079 τὸ
3494 3026 3641 3096 ὕδωρ
3676 3028 3756 3090 εἰς
3783 3031 3875 3088 τὰς

2325 3122 2566 3189 τάφρους
2592 3118 2787 3190 ἐχώρει
2818 3119 2875 3171 ὲν
2906 3120 2972 3189 τῇ
3003 3117 3182 3171 νυκτί.
3228 3118 3288 3169 Ἠ
3325 3117 3381 3171 δέ
3412 3117 3501 3171 διὰ
3540 3119 3639 3187 τῆς
3680 3117 3873 3175 πόλεως

2327 3214 2420 3265 τοῦ
2458 3210 2702 3279 ποταμοῦ
2751 3211 2892 3273 όδδς,
2930 3209 3263 3280 πορεύσιμος
3313 3208 3621 3279 ἀνθρώποις
3656 3211 3872 3277 ἐγίνετο,

2334 3301 2816 3373 μετοχετευθέντος
2849 3300 2941 3355 τοῦ
2990 3301 3199 3364 ὓδατος.
3239 3300 3371 3355 Τότε
3423 3302 3487 3372 δη
3519 3302 3876 3361 numnam;

2330 3399 2409 3461 εἰς
2440 3399 2500 3450 τὸ
2532 3396 2694 3466 ξηρὸν
2726 3394 2820 3448 τοῦ
2852 3393 3101 3462 ποταμοῦ
3136 3393 3412 3465 ὑπηρέτας
3441 3394 3534 3447 καὶ
3573 3395 3765 3460 πεζοὺς
3789 3397 3877 3446 καὶ

2334 3488 2551 3550 ἱππέας,
2607 3486 2860 3539 ἐκέλευσε
2910 3483 3238 3553 σκέψασθαι,
3296 3486 3346 3536 εἰ
3398 3485 3730 3556 πορεύσιμον
3771 3486 3873 3555 εἴη.

2344 3578 2432 3632 Ἐν
2460 3577 2637 3648 τούτῳ
2662 3577 2718 3630 δέ
2748 3576 3043 3646 διαλεχθεὶς
3071 3579 3182 3638 τοίς
3215 3576 3447 3646 ἡγεμόσι
3486 3578 3581 3629 τοῦ
3628 3579 3874 3650 πλήθους,

2332 3679 2423 3731 καὶ
2451 3675 2724 3746 διεγείρας
2752 3674 2887 3746 πρὸς
2914 3671 3161 3746 τοῦργον,
3194 3673 3345 3739 τέλος
3383 3672 3509 3747 ἔφη·
3534 3674 3676 3729 Ἀλλ’
3703 3676 3872 3745 άγετε,

2332 3769 2640 3839 λαμϐάνετε
2692 3768 2853 3831 ὅπλα,
2909 3770 3188 3840 ἡγήσομαι
3228 3770 3274 3845 δέ
3309 3768 3442 3839 ἐγὼ,
3509 3773 3669 3841 ὑμεῖς
3720 3772 3780 3831 δ’.
3834 3769 3876 3824 ὦ

2334 3862 2566 3925 Γαδάτα,
2597 3863 2692 3915 καὶ
2722 3858 2970 3932 Γωϐρύα,
3014 3862 3291 3917 δεικνύετε
3346 3862 3443 3926 τὰς
3484 3863 3657 3928 ὀδοὺς,
3691 3865 3879 3927 εἰδότες

2333 3956 2556 4019 ταύτας.
2614 3954 2783 4009 Ὅταν
2841 3955 2886 4006 δ’
2923 3954 3073 4018 ἐντὸς
3119 3952 3429 4024 γενώμεθα,
3475 3954 3575 4025 τὴν
3631 3957 3878 4026 ταχίστην

2334 4048 2494 4116 ἄγετε
2526 4048 2617 4100 ἐπὶ
2662 4047 2729 4100 τά
2788 4045 3056 4117 βασίλεια.
3113 4046 3237 4100 Ἐπί
3287 4047 3498 4109 τούτοις
3543 4048 3873 4118 ἐπορεύοντο.

2336 4145 2446 4197 Καὶ
2471 4144 2657 4211 ἰόντες,
2686 4143 2761 4206 ὡς
2786 4142 3066 4214 ὴδύναντο,
3088 4144 3323 4214 τάχιστα
3347 4145 3438 4196 ἐπὶ
3462 4146 3573 4207 τοῖς
3604 4144 3878 4215 βασιλε”οις

2336 4238 2584 4303 ἐγένοντο
2613 4238 2660 4289 οἰ
2690 4236 2785 4289 σὺν
2814 4235 2891 4305 τῷ
2906 4236 3157 4307 Γωὸρύᾳ,
3196 4235 3385 4306 καίτῷ
3403 4235 3634 4308 Γαδάτᾳ,
3670 4239 3757 4290 καὶ
3781 4238 3877 4299 τὰς

2336 4327 2512 4390 πύλας
2561 4326 2955 4395 κεκλεισμένας
3007 4326 3348 4397 εὑρίσκουσι,
3401 4326 3619 4381 πίνουσι
3676 4328 3729 4381 δὲ
3774 4329 3876 4388 τοῖς

2337 4414 2564 4484 φύλαξιν
2600 4415 3071 4468 ἐπεισπίπτουσιν.
3114 4415 3198 4478 Ὠς
3240 4415 3295 4467 δὲ
3334 4415 3576 4486 κραυγὴ,
3616 4418 3707 4470 καὶ
3729 4415 3878 4484 θροῦς

2337 4507 2501 4579 ἥρθη,
2536 4504 2851 4575 αἰσθόμενοι
2894 4505 2943 4557 οἰ
2982 4504 3151 4568 ἔνδον,
3200 4504 3561 4569 κελεύσαντος
3602 4505 3695 4559 τοῦ
3735 4506 3877 4577 βασι-

2872 4596 2927 4649 τί
2976 4598 3062 4667 εἰη
3116 4598 3177 4650 τὸ
3229 4600 3485 4668 πρᾶγμα,
3535 4599 3746 4669 ἧνοιξαν
3784 4599 3877 4657 τὰς

2335 4697 2534 4757 πύλας,
2571 4695 2650 4755 εἰς
2681 4691 2746 4755 ἃς
2780 4690 3161 4745 εἰσπίπτουσιν
3212 4690 3262 4742 οἰ
3319 4690 3591 4760 πολέμιοι,
3642 4693 3735 4744 καὶ
3761 4690 3877 4757 ἀφι-

2338 4784 2590 4838 κ·.οῦνται
2623 4782 2757 4851 πρὸς
2789 4780 2879 4831 τὸν
2924 4779 3167 4847 βασιλέα.
3225 4778 3333 4830 Καὶ
3375 4778 3479 4848 ήδη
3508 4780 3765 4849 ἑστηκότα
3786 4779 3874 4830 αύ-

2334 4879 2428 4931 τδν
2457 4876 2548 4951 κμὶ
2581 4870 2920 4936 ἐσπασμένον
2964 4868 3022 4921 ὃν
3055 4864 3197 4939 εἶχεν
3228 4868 3517 4939 ἀκινάκην,
3559 4871 3874 4943 εὑρίσκουσι·

689 4971 795 5024 Καὶ
843 4964 1027 5017 τοῦτον
1056 4962 1175 5029 ,μὲν
1222 4963 1272 5013 οἰ
1320 4963 1416 5013 σὺν
1451 4960 1664 5031 Γαδάτα
1696 4963 1788 5015 καὶ
1842 4962 2074 5035 Γωὸρύᾳ
2118 4967 2447 5043 ἐχειροῦντο.
2494 4967 2557 5030 Ol
2607 4964 2661 5017 δέ
2713 4962 2808 5015 σὺν
2860 4960 3008 5030 αύτῴ
3045 4960 3325 5029 ἔθνησκον,
3398 4964 3450 5017 οἰ
3518 4962 3620 5031 μέν
3692 4958 3875 5029 ἀμυνό-

690 5082 861 5134 μενοι,
888 5062 936 5114 οἱ
974 5058 1031 5111 δὲ
1072 5055 1383 5122 φεύγοντες.
1438 5051 1497 5104 Ὃ
1530 5051 1585 5104 δὲ
1617 5050 1793 5120 Κῦρος
1836 5051 2101 5125 διέπεμπε
2170 5060 2269 5123 τὰς
2302 5060 2409 5113 τῶν
2474 5055 2684 5107 ἰππέων
2715 5053 2895 5117 τάξεις
2929 5053 3070 5106 κατὰ
3121 5054 3217 5115 τὰς
3256 5051 3428 5117 ὁδοὺς,
3472 5051 3760 5120 προειπὼν,
3792 5048 3876 5108 ei);

690 5162 785 5229 μὲν
807 5158 909 5221 ἔξω
930 5150 1275 5220 λαμϐάνοιεν,
1301 5142 1683 5208 κτείνειν,τοὺς
1716 5143 1759 5193 δ’
1793 5144 1849 5193 ἐν
1872 5149 1994 5209 ταῖς
2016 5150 2215 5214 οἰκίαις
2254 5151 2543 5222 κηρύττειν
2615 5149 2740 5209 τους
2800 5147 3021 5217 Συριστὶ
3062 5143 3269 5213 ὁμιλεῖν
3301 5145 3720 5212 ἐπισταμένους,
3746 5139 3878 5194 ἐνεὸν

696 5250 875 5317 μένειν
901 5264 914 5276 ·
972 5246 1019 5295 εἰ
1062 5240 1117 5293 δέ
1162 5255 1243 5300 τις
1294 5234 1399 5301 ἔξω
1444 5234 1692 5307 ληφθείη,
1727 5236 1807 5288 ὅτι
1836 5236 2097 5293 θανεῖται.
2149 5244 2240 5296 Ἐν
2279 5242 2503 5313 τοιούτῳ
2570 5241 2627 5295 δὲ
2653 5240 2894 5301 Γαδάτας
2926 5240 3019 5291 καί⁵
3086 5237 3345 5309 Γωύρύας
3380 5231 3535 5309 ἧκον,
3569 5240 3661 5291 καὶ
3692 5239 3768 5291 ὅτι
3794 5235 3876 5285 τδν

692 5342 901 5397 ἀνόσιον
938 5335 1160 5405 βασιλέα
1206 5329 1633 5399 ἐτιμωρήσαντο,
1684 5324 1896 5400 πρῶτον
1940 5332 2037 5401 μὲν
2080 5332 2233 5399 θεοὺς
2272 5336 2667 5407 προσεκύνουν,
2706 5333 2895 5385 ἔπειτα
2970 5329 3150 5403 Κύρου
3192 5330 3513 5397 κατεφίλουν
3553 5332 3736 5405 χεῖρας
3794 5324 3877 5377 καὶ

696 5433 878 5492 πόδας.
918 5426 978 5478 Ὀ
1012 5426 1105 5489 μὲν
1137 5422 1226 5474 οῦν
1269 5420 1516 5490 Ξενοφῶν
1553 5420 1629 5491 (3)
1661 5422 1728 5473 τὰ
1758 5423 1885 5492 περὶ
1927 5422 2021 5475 τοῦ
2056 5426 2239 5495 Κύρου
2279 5425 2528 5495 ἰστορῶν,
2560 5425 2618 5477 τὸ
2642 5423 2811 5494 ὄνομα
2836 5422 2930 5475 τοῦ
2968 5423 3184 5484 ἁλόντος
3217 5420 3479 5491 βασιλέως
3539 5418 3649 5472 τῶν
3701 5420 3874 5471 Ἀσσυ-

700 5525 826 5597 ρὶων
860 5519 920 5570 ού
950 5514 1118 5583 λέγει.
1162 5516 1216 5566 Ὀ
1239 5515 1294 5566 δὲ
1324 5514 1627 5585 ’ῐώσηππος
1652 5513 1707 5565 ἐν
1742 5512 1818 5581 τῷ
1883 5514 2093 5586 δεκάτῳ
2161 5516 2303 5586 λόγῳ
2340 5519 2436 5586 τῆς
2490 5515 2937 5585 Ἀρχαιολογία(
2963 5552 2978 5577 ,
3036 5512 3126 5565 τὸν
3180 5512 3462 5577 Βαλτάσαρ
3509 5508 3697 5560 τοῦτον
3740 5504 3873 5560 εἶναι

700 5612 919 5679 ἱστνιρεῖν
950 5602 993 5674 ᾧ
1038 5605 1131 5656 καὶ
1178 5604 1211 5673 ἡ
1259 5607 1380 5677 χεὶρ
1423 5606 1595 5674 ἐφάνη
1634 5606 1695 5657 ἐκ
1726 5604 1817 5656 τοῦ
1852 5605 2063 5674 τείχους
2098 5607 2380 5677 προϊοῦσα,
2410 5609 2501 5662 καὶ
2539 5608 2825 5678 γράφουσα
2861 5604 2928 5659 τά
2991 5605 3089 5676 ἥδη
3122 5601 3507 5676 προγραφέντα
3571 5600 3869 5671 γράμματα,

699 5700 771 5757 ὧν
797 5701 893 5771 τὴν
924 5698 1151 5769 δήλωσιν
1182 5694 1520 5765 ἡρμήνευσεν
1546 5698 1573 5748 ὁ
1602 5695 1819 5766 Δανιήλ.

1200 5860 1215 5877 ⁸
1862 5787 2059 5849 Varia:
2090 5786 2390 5849 lectiones
2434 5793 2493 5845 et
2523 5791 2710 5845 notae.

771 5893 842 5963 ('5)
884 5890 1075 5959 Ὀμὲν
1109 5884 1221 5945 οὖν
1247 5886 1546 5958 Ξενοφῶν,
1581 5896 1685 5943 etc.
1718 5887 1931 5946 Absunt
1964 5888 2075 5941 haec
2103 5888 2239 5959 parit

2334 5903 2361 5941 a
2387 5901 2486 5941 ms.
2523 5883 2679 5939 Colb.
