4004 6328
167 453 248 518 321
1344 448 1750 511 ANNALIUM
1796 447 1944 507 LIB.
1984 447 2080 508 1V.

3240 445 3346 506 392

164 569 230 628 εἰς
264 562 615 636 Ἰεροσόλυμα,
643 562 863 628 ἔθυσαν,
907 562 1003 616 καὶ
1033 562 1130 632 τῆς
1168 561 1456 632 οἰκοδομῆς
1493 562 1667 631 ἀπήρ-

1782 557 2049 622 absoluta,
2079 555 2408 622 sacerdotes,
2435 556 2636 610 Leviue
2658 565 2712 611 et
2743 555 2945 626 Asaphi
2983 555 3139 611 libcri
3177 558 3344 624 Deum

164 658 296 721 ξαντο
323 654 410 707 τοῦ
447 653 597 708 ναοῦ.
623 654 731 707 Καὶ
755 656 785 707 6
817 654 917 724 μὲν
949 653 1076 718 ναὸς
1107 654 1298 707 θᾶττον
1321 653 1479 706 ἔλασε
1500 653 1673 716 τέλος.

163 745 576 814 Ἀπαρτισθέντος
635 744 680 797 δ’
719 744 819 815 ήδη
867 745 959 799 τοῦ
1000 745 1170 815 ῖεροῦ,
1207 747 1257 798 oi
1293 746 1456 814 ίερεῖς
1493 745 1585 798 καὶ
1626 745 1676 797 oi

163 838 352 889 Λευῖται
373 835 464 887 καὶ⁵
486 836 536 888 oi
565 833 740 904 ’Δσὰφ
773 836 960 899 παῖδες
983 835 1186 905 ὕμνουν
1206 836 1293 889 τὸν
1311 836 1460 889 Θεόν.
1479 834 1599 887 Τῶν
1618 831 1675 887 δὲ

163 925 376 994 πατριῶν
399 925 447 977 οῖ
471 924 827 995 πρεσϐύτεροι
859 926 952 979 τὸν
982 929 1111 996 πρὶν
1137 926 1264 980 ναὸν
1283 929 1404 991 ταῖς
1435 927 1676 996 μνήμαις

161 1015 542 1081 ἀναπολοῦντες,
573 1016 670 1072 καὶ
696 1016 788 1069 τὸν
818 1018 942 1086 ἄρτι
987 1017 1357 1088 γεγενημένον
1404 1017 1676 1070 ἐνδεέστε-

163 1126 239 1176 ρον
278 1108 503 1177 δρῶντες
547 1107 643 1162 τοῦ
674 1109 863 1172 πάλαι,
905 1109 987 1174 είς
1043 1109 1253 1180 δάκρυα
1305 1109 1400 1162 καὶ
1447 1108 1676 1180 θρήνους

160 1201 448 1268 προήγοντο,
483 1200 576 1252 καὶ
619 1201 653 1268 ἡ
691 1201 896 1254 τούτων
939 1203 1154 1271 οίμωγὴ
1195 1199 1536 1270 ὑπερεφώνει
1575 1203 1677 1270 τὴν

163 1287 255 1338 τῶν
275 1287 579 1356 σαλπίγγων
605 1289 762 1359 ὴχήν.
798 1289 1063 1358 Προσίασι
1087 1290 1132 1343 δ’
1161 1291 1211 1344 οί
1242 1292 1576 1360 Σαμαρεῖται
1598 1291 1675 1360 τῷ

158 1377 448 1445 Ζοροὸἁόελ,
485 1377 566 1431 ἔτι
607 1379 702 1432 τοῦ
745 1379 872 1433 ναοῦ
911 1380 1351 1450 ἁνεγειρομίνου,
1399 1381 1675 1447 ἀξιοῦντες

159 1467 561 1536 συγκοινωνῆσαι
585 1470 768 1534 αὐτοῖς
789 1471 890 1540 τῆς
918 1471 1204 1542 οἰκοδομῆς
1230 1471 1322 1525 τοῦ
1353 1473 1505 1527 ναοῦ.
1539 1473 1600 1527 '0
1619 1475 1675 1527 δὲ

155 1557 236 1627 τῆς
265 1558 356 1625 μὲν
380 1559 664 1630 οἰκοδομῆς
691 1562 890 1625 αὐτοὺς
931 1565 1221 1632 μετασχεῖν
1244 1563 1304 1616 ού
1337 1565 1670 1635 προσήκατο,

156 1651 448 1711 προσκυνεῖν
471 1648 514 1700 δ’
535 1651 593 1701 ἔν
629 1650 776 1720 αὐτῷ
809 1651 994 1719 ἔλεγεν
1043 1654 1223 1715 αὐτοῖς
1254 1654 1486 1723 ἔφιέναι.
1535 1655 1676 1725 Πρὸς

154 1733 300 1785 ταῦτα
327 1735 375 1786 οί
397 1738 728 1806 Σαμαρεῖται
752 1739 1116 1812 ἠχθέσθησαν,
1137 1745 1231 1796 καὶ
1251 1745 1496 1797 πείθουσι
1522 1745 1590 1797 τὰ
1617 1748 1674 1796 ὲν

153 1826 296 1897 Συρίᾳ
331 1828 474 1897 ἔθνη,
506 1830 764 1900 δεηθῆναι
800 1831 906 1884 τῶν
940 1835 1254 1904 σατραπῶν,
1298 1838 1539 1905 ἐπισχεῖν
1578 1837 1670 1888 τοῦ

1779 650 2078 704 celebrant.
2111 648 2377 704 Tribuum
2410 665 2538 705 vero
2576 650 2844 714 seniores,
2892 650 3120 720 repetita
3149 652 3350 721 prioris

1781 739 1964 810 templi
1983 739 2404 809 magnificentia,
2419 741 2561 810 quod
2583 755 2772 795 recens
2789 740 2920 795 illud
2939 742 3096 813 longe
3119 743 3346 800 inferius

1777 845 1899 885 esse
1949 840 2262 894 cernerent,
2313 830 2388 886 ita
2448 832 2794 903 illacrymant
2828 843 2990 902 atque
3022 835 3229 902 lugent,
3289 845 3347 890 ut

1776 937 1968 977 eorum
2005 923 2238 992 ejulatus
2285 937 2479 978 sonum
2537 924 2791 978 tubarum
2855 937 3157 995 superaret.
3205 927 3341 981 Dum

1778 1014 2042 1084 templum
2121 1013 2473 1080 conderetur,
2553 1016 2879 1072 Samaritani
2951 1017 3343 1072 Zorobabelem

1776 1101 1999 1166 adeunt,
2026 1111 2270 1173 petentes
2295 1120 2352 1162 se
2371 1105 2426 1159 in
2451 1113 2742 1161 structurae
2763 1108 3079 1162 societatem
3102 1108 3339 1162 admitti.

1778 1191 1832 1244 ιιι
1875 1191 1963 1245 ille
2007 1202 2222 1247 recusat
2252 1212 2264 1248 :
2291 1204 2543 1249 caeterum
2571 1211 2632 1250 ea
2662 1197 2932 1260 absoluta,
2973 1201 3015 1252 si
3042 1202 3094 1252 in
3141 1203 3343 1268 templo

1777 1283 2001 1337 adorare
2031 1283 2220 1346 velint,
2260 1285 2445 1339 licere.
2478 1285 2551 1340 Ea
2584 1286 2798 1354 repulsa
2839 1287 3087 1342 homines
3122 1290 3341 1353 irritati,

1775 1374 1945 1445 Syria
1975 1378 2229 1445 gentibus
2266 1387 2520 1432 auctores
2549 1389 2678 1434 sunt
2703 1381 2920 1448 petendi
2952 1395 2979 1432 a
3011 1382 3259 1450 satrapis.
3287 1393 3345 1434 ut

1776 1467 1960 1536 templi
1996 1467 2406 1521 atdificationem
2466 1469 2810 1537 prohibeant.
2860 1471 3047 1540 itaque
3090 1473 3346 1541 pra‘siiles

1776 1556 1946 1628 Syriae
2006 1558 2162 1628 175
2203 1575 2258 1614 et
2312 1559 2606 1616 thnicia:
2660 1559 3032 1632 Hierosolyma
3087 1563 3341 1631 profecti,

1777 1662 2002 1720 rogant,
2064 1653 2220 1722 cujus
2275 1668 2538 1708 concessu
2603 1655 2862 1722 templum
2914 1653 3086 1708 instar
3134 1656 3344 1710 castelli

1773 1741 2062 1805 aedificent,
2112 1753 2167 1796 et
2223 1744 2410 1798 urbem
2473 1745 2651 1799 muris
2705 1745 3019 1800 fortissimis
3089 1747 3346 1816 cingant?

1775 1831 2075 1887 Zorobabel
2129 1841 2184 1889 et
2240 1837 2482 1903 pontifex
2540 1836 2699 1890 Jesus
2753 1837 2804 1889 id
2849 1837 3081 1906 primum
3119 1853 3148 1890 a
3179 1839 3344 1908 Cyro,

153 1919 260 1970 ναοῦ
281 1922 373 1988 τὴν
405 1921 710 1994 ἀνέγερσιν.
727 1925 1052 1989 Ἀναϐάντες
1072 1927 1126 1979 δὲ
1154 1927 1234 1989 είς
1261 1926 1606 1999 Ἱεροσόλυμα
1624 1931 1667 1982 ol

1775 1923 1972 1978 deinde
2011 1940 2040 1978 a
2075 1924 2237 1979 Dario
2262 1927 2426 1981 etiam
2463 1928 2786 1996 permissum
2817 1943 2957 1993 esse,
2988 1930 3339 1997 respondent.

152 2009 321 2080 Συρίας
345 2013 674 2084 ὲπάρχοντες
692 2016 788 2070 καὶ
808 2017 1077 2086 Φοινίκης,
1098 2017 1348 2086 ἠρώτων,
1370 2022 1513 2083 τίνος
1541 2037 1672 2088 συγ-

151 2102 464 2170 χωρήσαντος
489 2103 565 2166 ὡς
591 2104 846 2173 φρούριον
878 2106 970 2170 τὸ)
1016 2107 1143 2160 ναὸν
1185 2108 1549 2180 ἁνεγείρουσι,
1581 2112 1674 2164 καὶ

150 2193 202 2258 τῇ
227 2191 363 2244 πόλει
403 2193 556 2264 τείχη
607 2195 810 2265 σφόδρα
855 2196 1271 2265 περιὸάλλουσιν
1307 2199 1542 2269 ίσχυρά;
1579 2202 1674 2253 Zo-

153 2279 348 2349 ροδάδελ
376 2281 431 2336 δὲ
456 2285 550 2335 καὶ
567 2287 595 2338 6
611 2286 901 2357 ἀρχιερεὺς
927 2286 1154 2358 Ἰησοῦς,
1176 2289 1239 2342 ἔκ
1261 2289 1439 2360 Κύρου
1462 2292 1674 2360 πρῶτον

151 2374 486 2444 ἐπιτραπῆναι
537 2375 636 2447 τήν
692 2379 979 2448 οἰκοδομὴν
1023 2379 1252 2446 ἔφασαν,
1304 2377 1581 2446 εἷθάὖθις
1610 2385 1674 2436 ὲκ

150 2463 227 2516 τοῦ
249 2468 487 2537 Δαρείου.
517 2469 580 2521 υί
603 2469 649 2521 δ’
674 2470 906 2540 ἔπαρχοι
940 2471 1047 2526 τῶν
1073 2473 1172 2542 τῆς
1203 2475 1402 2543 Συρίας
1436 2477 1534 2529 καὶ
1556 2477 1675 2529 Φοι-

152 2556 281 2624 νίκης
311 2558 520 2626 χωρῶν,
576 2558 674 2630 τήν
724 2562 823 2629 μὲν
872 2561 983 2616 τῶν
1014 2563 1189 2633 ἔργων
1237 2566 1522 2635 οἰκοδομήν
1555 2570 1672 2619 ἔπιε

155 2647 280 2712 σχεῖν
335 2647 434 2700 οὐκ
463 2648 705 2720 ἔκριναν,
723 2650 934 2721 Δαρείῳ
959 2652 1015 2705 δὲ
1040 2654 1377 2724 παραχρῆμα
1405 2656 1669 2726 ἔγραψαν.

152 2733 250 2786 Τῶν
287 2735 340 2788 δὲ
393 2737 665 2792 Ἰουδαίων
703 2743 1146 2811 κατεπτηχότων,
1197 2745 1270 2814 μὴ
1306 2746 1568 2817 μεταδόξῃ
1596 2749 1673 2818 τῷ

152 2824 332 2892 βασιλεῖ
359 2831 485 2901 περὶ
505 2827 580 2885 ὧν
611 2832 981 2904 ᾠκονόμησεν,
1006 2835 1257 2904 ’Δγγαῖος
1282 2840 1373 2891 καὶ
1404 2840 1674 2908 Ζαχαρίας

150 2919 190 2966 οί
217 2920 479 2990 προφῆται
515 2923 737 2996 θαρῤεῖν
767 2927 964 2989 αὐτοὺς
1000 2928 1339 2998 παρώρμων,
1385 2930 1479 2984 καὶ
1509 2931 1675 3001 μηδὲ)

153 3005 426 3077 ὑφορᾶσθαι
457 3013 771 3085 ἁδούλητον.
807 3017 1160 3081 Πιστεύοντες
1199 3014 1290 3072 οὖν
1315 3023 1424 3082 τοῖς
1459 3023 1674 3093 προφή-

150 3114 267 3165 ταις,
296 3103 665 3174 ἐντεταμένως
716 3107 923 3178 εῐχοντο
950 3110 1048 3176 τῆς
1085 3110 1389 3181 οἰκοδομῆς.
1451 3116 1674 3183 Δαρεῖος

151 3189 196 3242 δὲ
221 3195 302 3256 τὰς
330 3195 616 3260 ἐπιστολὰς
667 3197 977 3268 δεξάμενος,
1012 3201 1107 3255 καὶ
1132 3202 1227 3266 τὰς
1257 3203 1364 3255 τῶν
1395 3204 1666 3274 Σαμαρει-

153 3281 239 3334 τῶν
268 3289 619 3358 κατηγορίας,
649 3289 730 3344 ὅτι
768 3296 867 3360 τήν
922 3309 979 3346 τε
1027 3294 1178 3347 πόλιν
1225 3296 1508 3366 όχυροῦσιν
1542 3298 1669 3352 Ἰου-

153 3374 279 3444 δαῖοι,
303 3383 397 3432 καὶ
424 3381 516 3434 τὸν
539 3383 666 3434 ναδν
684 3383 1052 3453 οἰκοδομοῦσιν
1074 3386 1144 3448 ὡς
1169 3388 1446 3459 φρούριον,
1469 3392 1560 3442 καὶ
1590 3393 1671 3445 ὅτι

152 3466 427 3541 Καμὸύσης
475 3471 574 3542 τὴν
605 3472 809 3527 τούτων
861 3474 1132 3528 ἐκώλυσεν
1164 3479 1471 3549 οἰκοδομὴν,
1512 3499 1672 3550 προσ-

149 3559 310 3628 έταξεν
341 3565 398 3617 ἐν
428 3567 538 3628 τοῖς
565 3565 862 3635 βασιλικοῖς
895 3569 1246 3640 ὑπομνήμασι
1275 3573 1574 3642 ζητηθῆναι
1604 3574 1671 3628 τὰ

149 3653 255 3721 περὶ
278 3655 480 3722 τούτου,
514 3659 608 3712 καὶ
637 3658 835 3730 εὑρέθη
859 3662 916 3711 ἔν
956 3637 1302 3724 Ἐκϐατάνοις
1325 3637 1409 3732 τῇ-
1426 3637 1578 3732 βάρει
1601 3668 1666 3736 τῇ

147 3742 192 3792 ὲν
222 3745 393 3816 Μηδίᾳ
426 3749 830 3818 γεγραμμένον,
871 3749 946 3812 ὼς
977 3747 1054 3819 τῷ
1089 3751 1288 3820 πρώτῳ
1317 3752 1423 3804 ἔτει
1443 3757 1541 3823 τῆς
1569 3755 1667 3808 αύ-

145 3831 221 3883 τοῦ
248 3835 518 3902 βασιλείας
548 3837 730 3908 Κῦρος
753 3839 1005 3893 ἔκέλευσε
1036 3841 1128 3896 τὸν
1157 3843 1281 3895 ναὸν
1309 3845 1669 3916 οἰκοδομηθῆ-

145 3939 218 3974 va:
245 3926 326 3978 τὸν
358 3929 416 3979 ἐν
476 3929 889 4001 Ἱεροσολύμοις,
923 3931 1102 3986 καὶτὸ
1139 3935 1536 4004 θυσιαστήριον,
1574 3937 1668 3990 καὶ

143 4012 225 4086 τὴν
250 4018 322 4081 είς
351 4018 521 4082 ταῦτα
546 4021 790 4092 δαπάνην
833 4025 898 4076 ἔκ
929 4024 1035 4076 τῶν
1068 4023 1360 4094 βασιλικῶν
1392 4025 1666 4089 διετάξατο

143 4109 382 4177 γίνεσθαι,
428 4113 524 4166 καὶ
559 4114 630 4170 τὰ
676 4116 772 4168 τοῦ
803 4115 934 4168 ναοῦ
986 4117 1151 4184 σκεύη
1191 4116 1538 4187 ἀποδοθῆναι,
1571 4121 1666 4172 καὶ

143 4202 475 4258 συλλαόἐσθαι
537 4206 670 4276 πρὸς
707 4206 769 4260 τὸ
818 4206 980 4277 ἔργον
1026 4211 1134 4270 τοὶς
1183 4210 1358 4260 ἐκεῖσε
1408 4209 1666 4278 ἄρχουσιν

140 4293 390 4360 ἐκέλευσε,
425 4298 518 4350 καὶ
543 4298 715 4352 τελεῖν
742 4301 857 4364 τοῖς
896 4297 1166 4363 Ἰουδαίοις
1195 4301 1272 4361 είς
1307 4298 1494 4356 θυσίαν
1532 4303 1664 4353 ταύ-

141 4401 248 4451 ρους
278 4388 366 4440 καὶ
391 4388 578 4460 κριοὺς
610 4391 702 4442 καὶ
725 4389 895 4460 ἄρνας
924 4393 1018 4444 καὶ
1041 4391 1281 4460 ἐρίφους,
1310 4392 1587 4461 σεμίδαλίν
1606 4409 1664 4445 τε

142 4477 220 4528 καὶ
245 4476 378 4534 οἶνον
401 4484 492 4534 καὶ
518 4481 715 4536 ἔλαιον.
748 4481 929 4535 Ταῦτα
957 4484 1012 4534 ἔν
1039 4485 1148 4544 τοῖς
1183 4482 1535 4552 ὑπομνήμασι
1563 4487 1664 4534 Δα-

1775 2017 1893 2083 Quo
1922 2019 2000 2072 illi
2039 2019 2244 2084 audito,
2276 2035 2384 2073 non
2422 2019 2763 2086 impedienda
2789 2035 2954 2088 opera
2985 2031 3340 2086 censuerunt,

1773 2111 1868 2165 sed
1918 2111 2080 2167 Dario
2126 2114 2309 2168 statim
2342 2113 2698 2182 scripserunt.
2728 2113 2944 2168 Judteos
2988 2121 3167 2168 autem
3215 2127 3340 2181 per-

1776 2201 1996 2258 territos
2033 2219 2096 2258 ac
2140 2212 2468 2267 metuentes,
2497 2218 2565 2257 ne
2607 2218 2785 2272 regem
2818 2202 3164 2258 liberalitatis
3229 2218 3342 2256 sine

1771 2289 2082 2358 paeniteret,
2122 2293 2351 2362 Aggams
2402 2301 2458 2346 et
2503 2290 2795 2344 Zacharias
2848 2290 3126 2360 prophetae
3185 2289 3344 2343 bonis
3384 2321 3387 2323 -

1773 2381 1969 2435 animis
1993 2397 2113 2436 esse
2154 2385 2370 2453 jubent,
2405 2397 2582 2452 neque
2621 2381 2834 2437 molesti
2867 2381 3170 2452 quidquam
3218 2396 3341 2434 sus-

1773 2472 1965 2542 picari.
2025 2473 2193 2543 Igitur
2241 2473 2524 2542 prophetis
2546 2473 2693 2538 freti,
2746 2475 3090 2528 continenter
3139 2472 3342 2528 instant

1772 2565 1949 2634 operi.
2013 2564 2206 2619 Darius
2265 2575 2446 2618 autem
2507 2564 2704 2619 litteris
2757 2573 2812 2618 et
2870 2564 3338 2618 Samaritanorum

1773 2655 2214 2711 accusationibus
2269 2655 2526 2726 acceptis,
2562 2655 2706 2725 quod
2753 2655 2923 2710 Judaei
2970 2655 3160 2709 urbem
3217 2671 3386 2710 mu--

1765 2738 1976 2810 'nirent,
2015 2755 2072 2801 et
2102 2747 2360 2817 templum
2387 2747 2593 2801 castelli
2629 2748 2798 2800 instar
2822 2755 3188 2807 exstruerem.
3215 2763 3338 2802 cum

1773 2853 1963 2894 eorum
2010 2838 2295 2894 aedificatio
2337 2854 2366 2892 a
2393 2837 2655 2906 Cambyse
2679 2836 2952 2906 prohibita
2991 2838 3176 2900 fuerit,
3226 2837 3336 2892 btec

1774 2929 1831 2984 in
1864 2930 2027 3000 regiis
2077 2927 2444 2983 monumentis
2477 2927 2678 2996 inquiri
2709 2926 2904 2996 jubet:
2941 2942 3004 2981 ac
3057 2930 3334 2982 inventum

1773 3029 1858 3075 est
1913 3019 2203 3074 Ecbatanis
2256 3017 2331 3087 (id
2389 3017 2576 3072 Mediae
2627 3018 2908 3072 castellum
2959 3021 3061 3085 est)
3107 3017 3161 3072 in
3201 3019 3338 3072 turri

1775 3110 2056 3179 scriptum,
2101 3107 2302 3179 Cyrum
2353 3121 2497 3161 anno
2551 3106 2704 3177 regni
2753 3107 2836 3162 sui
2880 3107 3056 3176 primo
3085 3109 3339 3179 iussisse,

1776 3200 2035 3269 templum
2068 3208 2124 3254 et
2165 3199 2465 3255 sacrarium
2497 3198 3045 3270 Hierosolymitanum
3087 3203 3293 3255 exstrui
3318 3243 3333 3266 ,

1771 3299 1827 3346 et
1876 3301 2125 3361 sumptus
2202 3290 2270 3344 ad
2318 3303 2436 3344 eam
2489 3303 2603 3344 rem
2657 3304 2726 3344 ex
2777 3290 2925 3360 regia
2973 3289 3334 3360 suppeditari,

1775 3383 2066 3453 templique
2111 3396 2236 3437 vasa
2290 3382 2525 3447 restitui,
2581 3391 2638 3436 et
2681 3381 2892 3436 vicinos
2920 3391 3178 3451 praetores
3201 3397 3337 3453 opus

1772 3474 1904 3529 illud
1956 3474 2211 3542 adjuvare
2253 3490 2267 3526 :
2307 3479 2363 3526 et
2415 3471 2617 3527 Iudaeis
2667 3470 2735 3525 ad
2791 3471 3056 3526 sacrificia
3097 3472 3334 3540 pendere

1771 3569 1976 3625 tauros,
2000 3561 2218 3626 arietes,
2246 3576 2413 3629 agnos
2433 3572 2482 3615 et
2524 3560 2726 3624 haedos,
2751 3560 3116 3630 similamque,
3144 3561 3332 3615 vinum

1768 3659 1824 3705 et
1863 3651 2065 3706 oleum.
2108 3649 2231 3706 Haec
2270 3652 2463 3704 Darius
2490 3665 2613 3704 cum
2645 3650 2698 3702 in
2734 3650 3144 3705 commentariis
3184 3651 3334 3706 inve-

1767 3746 1960 3810 nisset,
1997 3742 2318 3814 praesidibus
2345 3743 2399 3796 in
2443 3742 2584 3796 hanc
2637 3742 2961 3796 sententiam
3006 3743 3328 3814 rescripsit:

1767 3832 2083 3904 Exemplum
2111 3833 2248 3886 vobis
2276 3833 2513 3886 mandati
2537 3832 2659 3904 Cyri
2700 3834 2754 3886 in
2784 3834 3126 3887 monumentis
3155 3850 3329 3904 reper.

1767 3939 1879 3980 tum
1929 3929 2077 3980 mitto
2122 3945 2142 3981 ε
2172 3935 2329 3995 atque
2367 3927 2576 3980 omnino
2615 3927 2670 3978 id
2713 3926 2831 3993 ﬁeri
2861 3914 3002 3992 volo,
3067 3930 3202 3992 quod
3237 3928 3329 3982 illo

1765 4020 2074 4070 continetur.
2125 4016 2322 4069 Valete.
2381 4015 2544 4084 Regis
2596 4016 2874 4070 voluntate
2919 4017 3154 4086 cognita,
3197 4033 3326 4087 pro-
3403 4061 3407 4065 .

1766 4107 2064 4162 viuciarum
2089 4106 2301 4160 illarum
2331 4105 2655 4175 prtetoribus
2676 4107 2892 4162 Judaaos
2909 4103 3323 4179 adjuvantibus,

1768 4201 2080 4270 temploque
2104 4199 2261 4254 annis
2283 4209 2488 4268 septem
2508 4198 2778 4266 absoluto,
2805 4199 3060 4256 lsraelita:
3077 4202 3326 4258 victimas

1767 4291 2135 4356 immolarunt,
2182 4290 2537 4360 pristinorum
2600 4290 2869 4344 bonorum
2925 4292 3316 4346 renovatrices.

1764 4382 1820 4436 ln
1861 4383 1999 4436 festo
2036 4383 2360 4452 Azymorum
2395 4395 2582 4435 omnes
2623 4396 2653 4434 e
2680 4381 2830 4450 pagis
2863 4381 2918 4435 in
2960 4382 3148 4438 urbem
3187 4399 3319 4436 con-

1764 4471 2037 4524 ﬂuxerunt
2088 4490 2101 4524 :
2161 4479 2489 4540 peractoque
2550 4470 2837 4536 sacrificio,
2897 4471 3043 4541 quod
3113 4471 3319 4528 Pascha

142 4570 269 4635 ρεὶος
299 4569 491 4643 εὑρὼν,
519 4572 825 4643 ἀντέγραψε
855 4574 967 4633 τοῖς
993 4573 1372 4624 ὲπεσταλκόσι·
1406 4573 1473 4626 Τὸ
1500 4573 1661 4626 ἀντί-

1768 4561 1989 4627 dicitur,
2021 4561 2368 4617 festivitatem
2413 4562 2883 4618 concelebrarunt.
2917 4564 3021 4630 Qui
3063 4563 3317 4620 Hieroso-

140 4675 343 4727 ῃοαφον
371 4661 508 4730 ὑμῖν
523 4661 631 4729 τῆς
650 4662 995 4730 ἐπιστολῆς,
1010 4662 1080 4716 ἐν
1101 4661 1221 4728 τοῖς
1241 4663 1665 4731 ὑπομνήμασιν

90 4776 95 4780 -
137 4749 306 4815 εὑρὼν
327 4753 446 4819 τοῖς
475 4740 701 4821 Κύρου,
720 4753 1092 4817 ἀπέσταλκα,
1119 4754 1217 4805 καί
1242 4753 1537 4822 ,βούλομαι
1567 4771 1665 4824 τε·

137 4840 324 4895 νέσθιιι
374 4845 588 4911 πάντα,
653 4845 732 4912 ὡς
793 4843 1050 4913 περιέχει
1100 4845 1274 4913 αὐτή.
1347 4845 1659 4913 Ἔρρωσθε.

137 4929 339 4995 Γνόντες
365 4935 420 4985 δὲ
452 4934 550 5004 τὴν
586 4934 679 4986 τοῦ
707 4934 969 5004 βασιλέως
999 4933 1317 5004 προαίρεσιν
1339 4937 1388 4987 oi.
1423 4935 1528 4988 τῶν
1551 4955 1661 5004 χω-

138 5021 233 5090 ρῶν
264 5026 480 5079 ἐκείνων
524 5024 992 5095 ἐπιτροπεύοντες,
1029 5027 1329 5098 συνήργουν
1377 5029 1489 5088 τοῖς
1529 5027 1659 5080 ἰουο

136 5111 305 5178 δαίοις,
338 5117 440 5170 Καὶ
486 5114 804 5187 ᾠκοδομήθη
844 5116 903 5169 ἔν
931 5114 1106 5171 ἔτεσιν
1139 5118 1276 5171 ἑπτὰ
1313 5118 1341 5168 ό
1382 5120 1527 5183 ναὸς,
1565 5119 1658 5171 καὶ

137 5203 314 5263 ἔθυσαν
340 5212 387 5263 oi
413 5210 744 5282 Ἰσραηλῖται
766 5209 953 5273 θυσίας
994 5211 1363 5275 ἀνανεωτικὰς
1385 5213 1491 5265 τῶν
1527 5230 1658 5283 προσ

134 5297 290 5367 τέρων
314 5302 548 5371 ἀγαθῶν.
577 5305 691 5375 Τῆς
714 5304 767 5357 δὲ
796 5303 903 5357 τῶν
934 5302 1184 5372 Ἀζύμων
1234 5303 1428 5373 ἑορτῆς
1473 5307 1658 5359 ἐνστά-

137 5405 240 5459 σης,
283 5394 545 5466 συνερρύη
598 5397 708 5460 πᾶς
737 5397 765 5448 6
797 5395 922 5457 λαὸς
976 5394 1039 5446 ἐκ
1063 5395 1169 5446 τῶν
1219 5396 1417 5463 κωμῶν
1446 5397 1521 5459 είς
1559 5397 1656 5468 τὴν

136 5485 291 5550 πόλιν,
326 5488 420 5539 καὶ
437 5489 532 5557 τὴν
555 5487 745 5557 ἑορτὴν
767 5488 992 5557 ήγαγον,
1015 5487 1104 5538 καὶ
1137 5484 1235 5555 τὴν
1266 5485 1454 5556 Πάσχα
1485 5505 1655 5558 προσο

137 5578 508 5648 αγορευομένην
561 5578 750 5631 θυσίαν
807 5579 1078 5630 ἐτέλεσαν.
1128 5575 1468 5647 Κατῴκησαν
1520 5579 1562 5630 δ²
1597 5582 1654 5632 ὲν

148 5662 511 5736 Ἱεροσολύμοις
586 5665 827 5736 πολιτείᾳ
900 5667 1170 5737 χρώμενοι
1222 5667 1649 5740 ἀριστοκρατικῇ

140 5754 259 5822 μετὰ
290 5755 619 5825 ὀλιγαρχίας.
647 5759 709 5810 Οί
739 5758 846 5827 γὰρ
916 5759 1077 5825 ἱερεῖς
1109 5755 1518 5824 προεστήκεσαν
1542 5757 1650 5810 τῶν

139 5844 470 5915 πραγμάτων,
509 5846 665 5917 ἄχρις
690 5843 750 5902 οὗ
773 5848 895 5912 τοῦ,
934 5846 1298 5917 Ἀσαμωναίου
1326 5846 1521 5916 συνέϐη
1550 5847 1646 5916 βα-

1764 4653 1923 4724 lytnis
1968 4652 2348 4721 consederant,
2397 4651 2626 4708 formam
2679 4653 2990 4721 reipublicae
3024 4664 3317 4711 tenuerunt

1761 4759 1829 4799 ex
1856 4744 2177 4814 optimatum
2224 4753 2279 4798 et
2317 4742 2614 4812 paucorum
2642 4753 2910 4812 potestate
2939 4754 3314 4818 contempera-

1763 4845 1893 4890 tam.
1920 4835 2137 4890 Summa
2169 4849 2350 4888 rerum
2373 4833 2517 4888 enim
2553 4850 2721 4905 usque
2748 4837 2815 4890 ad
2837 4849 3061 4908 regnum
3091 4840 3315 4895 Asamo-

1762 4943 2003 4983 natorum
2036 4941 2201 4996 penes
2227 4926 2535 4982 sacerdotes
2557 4927 2677 4982 fuit.
2707 4928 2842 4983 Nam
2876 4941 3000 4985 ante
3034 4932 3313 5001 captivita-

1763 5028 1868 5073 tem
1910 5019 2130 5089 quidem
2163 5018 2378 5089 regibus
2409 5035 2506 5088 per
2532 5034 2703 5076 annos
2738 5036 2917 5076 num
2945 5037 3158 5078 menses
3183 5041 3230 5078 vr
3254 5032 3308 5077 ct

1759 5112 1876 5169 dies
1929 5127 1972 5191 ι.
2021 5123 2337 5183 paruerunt.
2393 5113 2532 5168 Ante
2612 5129 2802 5184 reges,
2857 5115 3200 5184 magistratus
3268 5116 3306 5172 ii

1757 5205 2047 5276 prmfuere,
2074 5205 2166 5275 qui
2210 5206 2422 5275 judices
2459 5203 2814 5269 vocabantur,
2858 5213 2911 5258 et
2964 5203 3302 5260 dictatores:

1756 5301 1858 5350 sub
1914 5297 2114 5368 quibus
2163 5305 2218 5349 et
2259 5295 2391 5364 ipsis
2436 5310 2606 5349 annos
2639 5293 2796 5364 176
2831 5294 3066 5364 amplius
3109 5311 3140 5350 ο
3184 5307 3307 5365 post

1756 5387 1957 5440 Mosem
1995 5395 2049 5439 et
2080 5385 2259 5440 .lcsum
2289 5393 2538 5454 egerunt.
2579 5381 2897 5437 Samaritani
2944 5391 3120 5437 tamen
3170 5384 3308 5437 infe-

1754 5479 1822 5532 sti
1878 5479 2100 5542 Judaais,
2155 5477 2322 5531 multa
2392 5476 2531 5529 mala
2601 5476 2885 5529 dederunt.
2938 5474 3298 5541 Quamobrem

1756 5569 2051 5626 Zorobabel
2085 5580 2139 5626 et
2164 5570 2253 5624 alii
2287 5585 2334 5621 tv
2357 5583 2421 5621 ex
2446 5565 2847 5636 magistratibus
2871 5583 2992 5620 cum
3017 5581 3081 5621 eo
3109 5564 3298 5619 Hiero-

1755 5663 1974 5732 solymis
2025 5659 2184 5729 legati
2236 5658 2301 5711 ad
2356 5657 2573 5710 Darium
2627 5657 2859 5710 iverunt.
2907 5655 3145 5720 Quorum
3202 5669 3296 5707 rex

1753 5753 1989 5825 querelis
2007 5751 2254 5822 cognitis,
2290 5750 2354 5802 ad
2389 5750 2673 5819 magistros
2700 5749 2942 5817 equitum
2967 5755 3021 5800 et
3047 5755 3292 5800 senatum

1753 5845 2008 5904 Samaria:
2049 5840 2265 5912 scripsit
2313 5858 2327 5900 :
2363 5856 2430 5897 ne
2475 5840 2682 5897 molesti
2718 5846 2899 5894 essent
2937 5836 3157 5904 ludat-is,
3199 5839 3294 5896 sed
