4004 6328
629 426 736 490 327

1898 371 2219 483 max-fus
2258 416 2580 480 zonam

3749 414 3842 478 323

620 537 763 594 vivis
789 535 904 592 suis
931 543 1215 592 ostentare
1242 536 1492 607 cupiens,
1535 534 1603 589 ad
1634 532 1944 589 convivium
1974 531 2184 591 accersi

2292 527 2371 593 ξὶν
2417 529 2618 598 ὁμοίως
2641 529 2967 601 ¹συνεκρότει
2998 523 3324 596 συμπόσιον,
3359 522 3424 593 ἢν
3465 520 3652 577 κάλλει
3682 523 3846 587 πάσας

619 634 798 700 jubet.
831 628 924 682 illa
955 636 1268 694 recusante,
1300 637 1356 683 et
1382 627 1606 681 nuntios
1631 625 1943 696 complures
1986 622 2187 677 inlecta

623 738 685 778 re
733 721 1088 778 dimittente:
1135 720 1331 786 iratus,
1385 719 1574 774 uxoris
1616 715 2018 774 contumaciam
2065 729 2189 770 cum

627 825 837 883 septem
891 814 1177 867 Persarum
1249 811 1603 870 senatoribus
1660 808 2029 864 communicat
2073 824 2087 861 :
2133 806 2190 860 hi

626 907 747 976 ejus
777 904 1063 977 ejicienda:
1104 912 1365 958 auctores
1395 912 1546 958 sunt.
1582 901 1782 971 Ejectae
1817 915 1949 954 vero
1976 897 2191 954 deside-

631 999 770 1052 rium
808 998 997 1068 iniquo
1023 997 1210 1075 animo
1236 996 1458 1058 ferenti,
1488 994 1721 1049 suadent
1749 992 1931 1055 amici,
1983 998 2040 1044 ut
2076 988 2190 1044 for-

627 1105 804 1146 mosas
827 1092 1071 1160 virgines
1093 1088 1333 1159 colligat,
1357 1101 1660 1157 earumque
1683 1081 2189 1156 praestantissimam

626 1198 850 1237 uxorem
884 1183 1068 1235 ducat.
1104 1182 1264 1236 Paret
1297 1180 1534 1235 consilio
1569 1193 1704 1234 rex:
1750 1175 2045 1243 multisque
2079 1173 2194 1226 vir-

621 1276 843 1346 ginibus
887 1275 1150 1340 collectis,
1187 1273 1465 1343 Babylone
1510 1271 1711 1342 puella,
1746 1268 1934 1323 Juda‘a
1967 1279 2189 1337 genere,

623 1371 994 1441 inrentapest,
1038 1385 1106 1421 ex
1157 1367 1302 1421 tribu
1339 1365 1717 1436 Benjamitica,
1758 1360 2025 1417 ambobus
2055 1357 2190 1412 orba

622 1460 963 1532 parentibus,
1027 1475 1149 1528 quae
1199 1475 1229 1511 a
1279 1468 1476 1527 patruo
1542 1455 1886 1510 Mardochteo
1944 1450 2190 1519 principe

617 1553 933 1609 Iudaeorum
965 1552 1331 1614 educabatur,
1367 1549 1601 1604 Esthera
1628 1547 1874 1602 nomine.
1912 1545 2041 1598 Eam
2072 1557 2188 1606 rex,

619 1645 806 1714 lepore
850 1643 969 1714 ejus
1019 1651 1232 1710 captus,
1286 1655 1512 1694 uxorem
1563 1619 1735 1700 ducit,
1779 1642 1835 1689 et
1883 1633 2189 1687 diademate

618 1743 797 1789 ornat.
849 1732 1085 1787 Patruus
1133 1731 1262 1785 item
1308 1731 1427 1800 ejus
1490 1729 1862 1783 Mardochaeus
1916 1723 2190 1794 Babylone

621 1827 757 1881 Susa
791 1825 1191 1895 commigravit,
1236 1833 1297 1880 ut
1345 1823 1548 1893 regiam
1600 1820 1994 1890 frequentaret,
2029 1825 2084 1870 et
2122 1815 2189 1869 de

621 1928 786 1988 nepte
827 1933 924 1972 sua
975 1925 1417 1987 percontaretur.
1463 1913 1653 1983 Neque
1698 1912 1844 1967 enim
1893 1910 1982 1963 illa
2037 1907 2182 1962 unde

621 2025 746 2070 nata
785 2025 953 2079 esset,
987 2013 1254 2068 indicarat
1293 2029 1308 2068 :
1344 2026 1523 2081 neque
1578 2011 1720 2079 ipse,
1769 2007 2008 2077 aliquam
2058 2019 2183 2063 cum

621 2108 713 2162 illa
763 2105 1227 2160 necessitudinem
1286 2103 1390 2159 sibi
1447 2100 1790 2157 intercedere
1839 2096 2182 2153 ostendebat.

620 2197 847 2254 Tulerat
887 2204 1068 2250 autem
1114 2211 1209 2250 rex
1251 2195 1448 2265 legem,
1496 2209 1566 2249 ne
1605 2193 1730 2263 quis
1769 2189 1838 2245 ad
1871 2205 1930 2245 se
1962 2190 2016 2243 in
2048 2189 2186 2243 solio

620 2287 904 2342 sedentem
941 2285 1232 2340 accederet
1260 2284 1548 2339 invocatus
1580 2301 1593 2336 :
1630 2282 1723 2351 qui
1759 2296 1920 2336 secus
1947 2279 2184 2345 fecisset,

618 2380 804 2436 statim
842 2378 912 2434 ab
939 2376 1352 2448 apparitoribus
1378 2375 1561 2430 securi
1597 2374 1880 2438 feriretur,
1929 2371 2032 2426 nisi
2071 2371 2184 2440 ipse

619 2473 827 2543 virgam
872 2485 1036 2540 quam
1073 2484 1237 2523 manu
1279 2473 1513 2534 teneret,
1548 2466 1625 2521 illi
1661 2465 2022 2535 porrexisset:
2064 2479 2184 2518 eam

617 2566 768 2627 enim
799 2564 893 2634 qui
921 2564 1198 2635 attigerat,
1228 2559 1500 2616 indemnis
1525 2569 1664 2614 erat.
1692 2557 1827 2612 Cum
1857 2566 2039 2611 autem
2075 2556 2185 2611 duo

619 2657 862 2716 eunuchi
903 2657 1018 2726 regi
1069 2654 1300 2710 insidias
1352 2659 1651 2715 struerent,
1705 2649 2050 2702 Barnabazus
2093 2645 2188 2702 Ju-

625 2750 795 2811 daeus,
850 2762 1044 2803 servus
1081 2745 1308 2800 alterius
1350 2743 1610 2806 eunuchi,
1657 2740 1723 2795 iis
1770 2738 2183 2802 animadversis,

627 2855 742 2896 rem
774 2839 842 2894 ad
882 2837 1277 2894 Mardoebaaum
1315 2834 1513 2891 defert.
1555 2833 1713 2903 179
1742 2833 1836 2887 llle
1865 2846 1961 2902 per
1993 2829 2186 2885 Esthe-

629 2946 744 2986 ram
807 2931 875 2985 ad
931 2945 1156 3000 regem:
1194 2929 1290 2998 qui
1341 2925 1613 2982 eunuchis
1663 2925 1720 2978 in
1765 2937 1982 2977 crucem
2025 2920 2184 2982 actis,

628 3023 1027 3077 Inlardocliazum
1060 3020 1113 3075 in
1141 3017 1562 3075 commentarios
1587 3014 1836 3077 inscribi,
1871 3022 1926 3068 et
1956 3013 2012 3067 in
2040 3013 2188 3081 regia

629 3128 852 3169 manere
897 3113 1071 3183 jubet.
1121 3111 1383 3165 Amanem
1428 3121 1604 3178 porro.
1634 3104 1870 3160 amicum
1912 3117 2185 3171 summum

631 3207 796 3276 regis,
824 3221 1017 3273 omnes
1050 3202 1352 3258 adorabant
1381 3218 1394 3255 :
1431 3198 1578 3270 quod
1623 3213 1746 3253 cum
1790 3195 2184 3250 Mardochaaum
2213 3225 2256 3281 ε

632 3308 856 3369 propter
898 3298 1076 3368 legem,
1111 3295 1394 3351 Iudaicam
1440 3290 1858 3362 praetermittere
1899 3287 2186 3357 cognovis-

629 3399 735 3453 set,
778 3387 1092 3458 indignatus
1121 3387 1172 3441 ei
1219 3385 1376 3447 dixit,
1419 3398 1476 3438 se
1507 3398 1536 3436 a
1567 3381 1748 3437 Persis
1783 3380 2033 3451 ingenuis
2059 3379 2188 3432 ado-

632 3482 744 3537 rari
777 3502 790 3536 :
824 3498 924 3538 cur
958 3481 1070 3548 ille,
1103 3479 1195 3550 qui
1220 3493 1413 3533 servus
1443 3484 1608 3541 esset,
1634 3475 1776 3530 idem
1814 3488 1922 3527 non
1950 3472 2189 3527 faceret?

630 3584 850 3646 totaque
876 3583 1038 3646 gente
1087 3571 1232 3642 apud
1274 3585 1456 3642 regem
1501 3575 1776 3632 accusata,
1820 3565 1979 3637 petiit
2023 3574 2083 3619 ut
2124 3579 2187 3619 ea

632 3666 880 3723 funditus
925 3665 1355 3734 exstirparetur,
1382 3663 1455 3716 ita
1501 3669 1561 3715 ut
1601 3659 1765 3714 nulla:
1813 3658 2057 3726 reliquiae
2098 3672 2190 3711 su-

629 3763 936 3828 peressent.
969 3753 1048 3808 Ne
1093 3768 1224 3807 vero
1263 3751 1484 3806 tributis
1530 3766 1624 3804 rex
1671 3747 2039 3811 fraudaretur,
2075 3745 2190 3814 ipse

628 3845 995 3918 quadraginta
1041 3844 1252 3914 argenti
1297 3842 1466 3895 millia
1516 3855 1573 3895 se
1621 3840 1874 3893 daturum
1912 3846 1996 3892 est
2027 3837 2191 3907 polli-

627 3941 790 4004 citus.
846 3938 959 3992 liex
989 3936 1182 3990 Amani
1239 3943 1295 3989 et
1345 3934 1628 4004 pecuniam
1673 3943 1729 3988 et
1775 3924 2025 3987 homines
2062 3947 2191 3986 con-

635 4031 821 4094 donat,
853 4038 911 4082 ut
942 4044 1036 4083 eos
1056 4043 1155 4082 suo
1187 4028 1458 4082 arbitratu
1494 4035 1706 4082 tractet.
1745 4026 1793 4082 ls
1822 4028 1987 4097 igitur
2005 4027 2189 4082 statim

631 4116 873 4170 edictum
906 4115 1125 4170 nomine
1169 4118 1311 4185 regis
1345 4117 1399 4169 in
1426 4131 1616 4170 omnes
1649 4115 1955 4185 provincias
2000 4116 2186 4179 mittit,

637 4209 724 4262 liis
771 4207 956 4261 verbis
989 4223 1002 4259 :
1035 4197 1148 4278 Ἐρε
1193 4208 1280 4275 qui
1333 4208 1395 4258 ab
1428 4208 1592 4260 altero
1639 4219 1788 4276 patre
1839 4225 1950 4260 meo
1987 4209 2192 4261 Amaue

627 4302 958 4371 judicuntur,
1003 4313 1178 4352 omnes
1221 4313 1337 4350 cum
1379 4298 1625 4350 uxoribus
1670 4308 1716 4351 et
1753 4298 1925 4351 liberis
1969 4298 2193 4364 interﬁci

634 4394 771 4457 colo,
809 4391 962 4460 idque
992 4391 1111 4458 ﬁeri
1156 4405 1244 4443 xw
1289 4388 1373 4442 die
1409 4389 1600 4443 mensis
1644 4405 1716 4444 xu
1758 4389 1851 4443 lioc
1888 4394 2047 4444 anno;
2099 4389 2194 4445 llis

2292 617 2554 686 νικῶσαν,
2585 620 2853 692 ἠθέλησεν
2881 623 2920 675 6
2941 619 3197 691 βασιλεὺς
3231 619 3344 681 τοῖς
3373 616 3521 687 αύτῷ
3551 618 3846 686 συμποσιά-

2292 710 2477 774 ζουσιν
2507 711 2802 777 ἐπιδεῖξαιο
2852 714 2946 766 καὶ
2981 711 3203 782 πέμψας
3230 708 3388 780 ἥκειν
3426 707 3597 779 αὐτὴν
3641 707 3846 788 εκέλευε

2293 803 2446 873 παρὰ
2478 804 2539 857 τὸ
2571 805 2897 876 συμπόσιον.
2931 806 2997 858 Ἦ
3029 805 3086 857 δὲ
3111 804 3213 858 οὐκ
3244 802 3513 868 ἐπείθετο,
3547 803 3644 857 καὶ
3667 801 3850 857 πολλά-

2291 891 2732 962 κιςστείλαντος,
2767 893 3046 958 ἀνένδοτος
3074 888 3165 964 ἦν.
3226 892 3482 963 Ὠργίσθη
3518 891 3611 946 οὖν
3643 895 3674 947 ό
3708 893 3849 964 βασι-

2289 978 2413 1044 λεὺς
2452 980 2542 1034 διὰ
2608 984 2708 1053 τὴν
2765 984 3074 1051 ἀπείθειαν,
3103 985 3198 1038 καὶ
3236 983 3522 1047 ,κοινοῦται
3562 989 3678 1048 τοῖς
3725 987 3848 1040 ἑπτὰ

2287 1072 2399 1124 τῶν
2418 1073 2641 1143 Περσῶν
2670 1091 2732 1128 συ
2741 1076 2995 1146 μϐούλοις
3015 1076 3116 1147 τῆς
3133 1077 3393 1145 γυναικὸς
3418 1078 3516 1150 τὴν
3550 1080 3840 1133 ἀπείθειαν.

2292 1164 2356 1216 Οί
2378 1164 2422 1216 δ’
2448 1164 2704 1219 ἐκϐαλεῖν
2728 1168 2900 1239 αὐτὴν
2950 1168 3062 1221 δεῖν
3094 1168 3337 1238 ἔκριναν.
3369 1171 3477 1222 Καὶ
3507 1172 3539 1241 ἠ
3581 1172 3683 1240 μὲν
3710 1174 3849 1224 ἐκθέ-

2291 1256 2457 1326 6λητο
2480 1274 2494 1288 ·
2524 1260 2551 1311 6
2577 1260 2620 1314 δ’
2651 1259 2868 1329 ἤχθετο,
2911 1260 3047 1330 πρὸς
3078 1261 3247 1332 αὐτὴν
3279 1263 3561 1332 ἐρωτικῶς
3583 1263 3848 1334 διακείμε-

2290 1367 2399 1414 νος.
2427 1350 2583 1404 Οὕτω
2605 1349 2649 1404 δ’
2677 1351 2856 1421 ἔχοντι
2883 1352 3271 1409 συνεϐούλευον
3299 1356 3347 1406 oi
3368 1355 3536 1423 φίλοι,
3563 1355 3848 1424 παρθένους

2279 1441 2586 1508 ἐὐπρεπεῖς
2621 1442 2959 1512 πανταχόθεν
2992 1446 3342 1525 συναγαγεῖν,
3376 1447 3471 1498 καὶ
3493 1446 3593 1515 τὴν
3627 1463 3847 1516 προκρι-

2292 1533 2478 1588 θεῖσαν
2510 1537 2654 1601 ἓξειν
2675 1540 2929 1605 γυναῖκα.
2962 1539 3220 1592 Πείθεται
3246 1542 3312 1610 τῇ
3350 1541 3629 1613 συμσουλῇ
3662 1541 3845 1612 ταύτῃ·

2292 1628 2388 1681 καὶ
2419 1630 2630 1683 πολλῶν
2666 1631 2955 1702 παρθένων
2990 1634 3406 1704 ἀθροισθεισῶν,
3433 1615 3639 1706 εὑρέθη
3670 1638 3728 1688 ιν
3757 1638 3846 1690 Βα-

2293 1720 2492 1774 ϐυλῶνι
2543 1723 2678 1794 κόρη
2718 1741 2821 1793 τις,
2868 1725 3098 1780 Ἰουδαία
3130 1726 3190 1780 τὸ
3223 1728 3402 1794 γένος,
3450 1729 3516 1780 ὲκ
3557 1728 3731 1798 φυλῆς
3762 1731 3847 1796 τῆς

2293 1815 2685 1885 Βενιαμίτιδος,
2710 1816 2922 1887 ὀρφανὴ
2946 1820 3041 1872 καὶ
3073 1819 3279 1888 ἀμφοῖν
3303 1818 3414 1873 τῶν
3447 1821 3671 1889 γονέων,
3707 1823 3845 1890 παρά

2286 1907 2361 1975 τῷ
2395 1908 2523 1978 θείῳ
2570 1911 2899 1981 Μαρδοχαίῳ
2923 1913 3257 1982 τρεφομένη,
3290 1913 3399 1965 τῶν
3427 1913 3660 1984 πρώτων
3708 1917 3844 1982 παρά

2286 2003 2399 2064 τοῖς
2419 2001 2700 2064 Ἰουδαίοις
2721 2020 2733 2034 ο
2764 2002 2966 2073 Ἐσθὴρ
2985 1998 3054 2073 ἦν
3075 2006 3140 2074 τῇ
3161 2003 3298 2073 κόρῃ
3324 2004 3384 2056 τὸ
3414 2005 3608 2073 δνομα.
3643 2007 3846 2069 Ἡσθεὶς

2285 2087 2379 2145 οὖν
2408 2094 2582 2165 ταύτῃ
2630 2093 2657 2144 6
2687 2092 2966 2162 βασιλεὺς,
2995 2095 3076 2158 είς
3106 2099 3341 2162 γυναῖκα
3362 2095 3568 2166 ταύτην
3598 2098 3846 2166 ἠγάγετο,

2286 2183 2381 2234 καὶ
2409 2183 2754 2261 περιτίθησιν
2786 2184 2925 2254 αὐτῇ
2957 2185 3018 2238 τὸ
3047 2185 3312 2256 διάδημα,
3346 2188 3442 2240 καὶ
3468 2190 3495 2241 6
3515 2187 3665 2252 ’Θεῖος
3689 2191 3846 2257 αὐτῆς

2285 2277 2350 2328 ἐκ
2385 2275 2705 2338 Βαῦυλῶνος
2764 2279 2845 2340 είς
2880 2278 3054 2330 Σοῦσα
3094 2281 3403 2350 μετῴκησε,
3436 2284 3566 2349 περὶ
3621 2282 3684 2334 τὰ
3709 2282 3848 2351 βασί-

2285 2367 2404 2418 λεια
2429 2365 2745 2434 διατρίὸων,
2774 2367 2870 2421 καὶ
2901 2369 3028 2438 περὶ
3058 2369 3159 2438 τῆς
3191 2368 3480 2440 ἀδελφιδῆς
3521 2371 3847 2439 πυνθανόρεο

2287 2475 2398 2520 νος.
2433 2457 2571 2510 Οὔτε
2633 2458 2743 2529 γὰρ
2785 2459 2969 2530 ἐκείνη
3029 2460 3187 2530 δῆλον
3238 2460 3299 2514 τὸ
3346 2461 3525 2527 ἔθνος,
3578 2461 3637 2526 ἐξ
3688 2457 3846 2531 οὗπερ

2287 2547 2604 2618 ἐτύγχανεν,
2635 2547 2811 2613 ἔθετο,
2841 2549 2965 2602 οὔτε
2993 2551 3019 2603 6
3045 2545 3388 2621 Μαρδοχαῖος
3412 2553 3512 2623 τὴν
3539 2552 3672 2621 πρὸς
3693 2553 3848 2623 αὐτὴν

2286 2640 2558 2710 ὡμολόγει
2617 2642 2962 2710 συγγένειαν.
3019 2641 3212 2696 Ἐθετο
3241 2644 3297 2696 δὲ
3321 2642 3486 2714 νόμον
3521 2645 3548 2696 ό
3586 2643 3845 2713 βασιλεὺς,

2285 2731 2427 2785 ὥστε
2457 2733 2660 2802 μηδένα
2709 2734 2758 2786 οἱ
2790 2732 2884 2785 ἐπὶ
2912 2731 3006 2786 τοῦ
3054 2733 3250 2804 θρόνου
3306 2734 3601 2806 καθημένῳ
3627 2736 3845 2806 ἄκλητον

2287 2827 2590 2894 προσιέναι,
2615 2824 2648 2894 ἢ
2676 2824 2936 2894 θνήσκειν
2977 2825 3070 2878 τὸν
3107 2824 3247 2878 οὕτω
3281 2828 3579 2895 προσιόντα
3605 2827 3705 2881 ὑπὸ
3751 2828 3847 2879 τιῖν

2287 2917 2439 2987 σύτῷ
2468 2917 2884 2987 περισταμένων
2919 2917 3331 2988 πελεκυφόρων,
3374 2921 3422 2971 εἰ
3454 2919 3532 2989 μὴ
3567 2921 3766 2983 ἐκεῖνος
3795 2920 3845 2971 ὃν

2288 3011 2346 3063 ὲν
2378 3010 2535 3081 χερσὶ
2565 3011 2785 3080 κατεῖχε
2810 3008 2976 3078 λύγον
3000 3009 3238 3076 ἐξέτεινε
3274 3010 3412 3082 πρὸς
3446 3013 3641 3065 αὐτόν·
3694 3015 3721 3066 6
3749 3015 3844 3081 γὰρ

2287 3103 2382 3157 τοῦ
2409 3103 2574 3173 λύγου
2607 3103 2938 3172 ἁπτόμενος,
2971 3103 3258 3167 ἀκίνδυνος
3282 3099 3371 3175 ἦν.
3404 3104 3845 3159 Ἐπιὸουλευσάν-

2288 3215 2397 3252 των
2431 3197 2488 3251 δὲ
2517 3197 2594 3267 τῷ
2627 3197 2837 3267 βασιλεῖ
2864 3194 3204 3268 Ἀρταξέρξῃ
3227 3195 3339 3250 δύω
3371 3197 3641 3267 εὐνούχων
3671 3197 3842 3263 αὐτοῦ,

2291 3289 2648 3357 Βαρνάΰαζος
2680 3288 2902 3359 οἰκέτης
2931 3287 3024 3340 τοῦ
3049 3288 3260 3359 ἑτέρου,
3308 3288 3370 3341 τὸ
3410 3289 3568 3356 γένος
3617 3290 3689 3343 ὢν
3725 3292 3845 3343 Ἰου-

2289 3384 2459 3447 δαῖος,
2493 3384 2676 3445 συνεὶς
2703 3382 2802 3453 τὴν
2849 3380 3168 3451 ὲπιόουλὴν,
3200 3381 3279 3452 τῷ
3311 3381 3643 3452 Μαρδοχαίῳ
3675 3382 3843 3450 ἀπήγ-

2292 3475 2463 3544 γειλε,
2491 3476 2585 3529 καὶ
2627 3474 2684 3537 ὃς
2734 3474 2824 3526 διὰ
2848 3475 2947 3544 τῆς
2991 3474 3193 3544 Ἐσθὴρ
3220 3474 3297 3544 τῷ
3329 3473 3544 3544 βασιλεῖ
3587 3478 3707 3538 τοὺς
3731 3478 3842 3528 ἐπι-

2291 3567 2514 3629 ϐούλους
2570 3567 2861 3635 ἐμήνυσεν.
2907 3565 2967 3618 '0
3005 3565 3060 3617 δὲ
3089 3566 3216 3628 τοὺς
3271 3567 3371 3635 μὲν
3426 3568 3710 3638 εὐνούχους
3734 3569 3843 3621 ἁνε-

2293 3658 2600 3730 σταύρωσε,
2656 3657 2749 3710 τοῦ
2800 3653 2857 3710 δὲ
2884 3656 3227 3727 Μαρδοχαίου
3253 3657 3313 3710 τὸ
3350 3657 3528 3726 ὄνομα
3577 3659 3841 3712 ἐκέλευσεν

2290 3749 2635 3821 ἐγγραφῆναι
2692 3749 2805 3812 τοῖς
2835 3749 3218 3820 ὑπομνήμασι,
3252 3750 3345 3802 καὶ
3388 3750 3714 3819 προσμένειν
3743 3753 3840 3813 τοῖς

2295 3843 2590 3912 βασιλείοις
2638 3841 2823 3895 αὐτόν.
2869 3842 3043 3912 ’Δμὰν
3075 3843 3134 3896 δὲ
3191 3843 3342 3911 φίλον
3377 3844 3502 3898 ὄντα
3547 3844 3624 3915 τῷ
3653 3842 3842 3915 βασιλεῖ

2297 3939 2354 4000 ἐς
2383 3936 2449 3989 τὰ
2480 3933 2718 4004 μάλιστα
2745 3933 2981 3995 ἅπαντες
3010 3934 3405 4003 προσεκύνουν.
3433 3933 3768 4005 Μαρδοχαίου
3788 3931 3837 3983 δὲ

2296 4030 2372 4102 μὴ
2397 4027 2828 4100 προσκυνοῦντος
2881 4025 2971 4079 διὰ
3024 4027 3116 4078 τὸν
3149 4027 3313 4098 νόμον
3339 4027 3524 4092 αὐτον,
3571 4029 3749 4096 μαθὼν
3773 4026 3837 4086 ὠς

2304 4123 2560 4200 Ἰουδαῖός
2591 4123 2758 4184 ἐστιν,
2800 4121 3150 4192 ἠγανάκτησε
3191 4123 3282 4174 καὶ
3313 4117 3466 4174 εἶπεν
3510 4120 3678 4190 αὐτῷ,
3702 4117 3767 4181 ὡς
3792 4118 3836 4170 oi

2297 4217 2396 4285 μὲν
2427 4213 2702 4284 ἐλεύθεροι
2735 4214 2939 4282 Πέρσαι
2965 4213 3362 4284 προσκυνοῦσιν
3390 4213 3575 4277 αὐτὸν,
3601 4215 3628 4266 6
3658 4213 3709 4266 δὲ
3733 4209 3837 4263 δοῦ·

2293 4307 2382 4369 λος
2403 4306 2499 4370 ὣν,
2543 4307 2766 4371 ἀπαξιοῖ
2817 4305 2976 4358 τοῦτο
3033 4310 3226 4360 ποιεῖν.
3295 4307 3613 4378 Προσελθὼν
3656 4304 3740 4359 οὖν
3767 4304 3836 4371 τῷ

2297 4398 2509 4471 βασιλεῖ
2549 4398 2844 4467 κατηγόρει
2888 4395 2981 4449 τοῦ
3013 4396 3197 4460 ἔθνους
3237 4399 3457 4464 παντὸς,
3485 4400 3580 4453 καὶ
3613 4397 3721 4468 ᾔτει
3753 4413 3836 4447 κε·-

639 4483 837 4538 lilteris
886 4481 941 4536 in
991 4481 1155 4534 urbes
1189 4489 1240 4534 et
1274 4479 1585 4548 provincias
1613 4481 1858 4550 perlatis,
1889 4481 2190 4536 internecio

2294 4493 2479 4547 λεῦσαι
2516 4492 2810 4563 πρόρριζον
2844 4490 3139 4544 ἀπολέσθαι
3182 4492 3333 4556 αύτδ,
3365 4494 3458 4545 καί⁵
3491 4493 3566 4563 μή
3602 4510 3650 4544 τι
3673 4490 3833 4558 λείψα-

634 4573 838 4635 Judaeis
899 4569 1214 4642 parabatur.
1256 4568 1402 4622 Idem
1449 4567 1601 4623 Susis
1652 4571 1816 4623 etiam
1862 4571 2190 4638 agitabatur.

2297 4600 2384 4636 νον
2410 4555 2574 4636 αὐτού
2600 4555 2941 4635 καταλιπεῖν.
2973 4582 3088 4635 Ἵνα
3121 4583 3222 4652 μέν
3253 4555 3333 4636 τοι
3359 4555 3706 4654 μὴ’ζημιωθῇ
3726 4555 3834 4640 τοὺς

638 4665 1009 4720 Mardocltaeus
1043 4654 1248 4726 autem,
1291 4674 1413 4715 cum
1446 4659 1580 4730 quid
1618 4667 1798 4714 actum
1825 4669 1970 4714 esset
1997 4676 2170 4731 cogno

639 4743 838 4821 visset,
859 4769 1076 4810 saccum
1118 4752 1365 4818 indutus,
1397 4762 1450 4806 et
1480 4753 1704 4822 pulvere
1734 4752 1953 4822 oppleto
1995 4754 2194 4822 capite,

640 4847 944 4910 clamitans,
980 4854 1196 4915 gentem
1239 4845 1572 4910 immeritam
1601 4843 1802 4909 deleri,
1833 4854 1959 4899 ante
1993 4847 2195 4916 regiam

639 4940 874 4993 astabat.
911 4935 1099 5005 Neque
1129 4936 1274 4990 enim
1313 4951 1378 4990 eo
1415 4935 1605 4990 habitu
1638 4934 1847 5003 ingredi
1874 4937 2070 4991 decere
2105 4954 2195 4990 ar-

641 5030 968 5087 bitrabatur.
1003 5026 1157 5094 Quod
1194 5042 1316 5081 cum
1356 5028 1421 5082 ad
1467 5028 1707 5100 reginam
1748 5027 2032 5083 Estheram
2067 5045 2194 5099 per-

643 5120 810 5182 latum
845 5130 1010 5186 esset,
1053 5118 1220 5176 misso
1263 5120 1534 5186 eunucho,
1563 5135 1783 5175 causam
1815 5120 1994 5176 luctus
2031 5137 2099 5176 ex
2131 5136 2197 5175 eo

644 5214 860 5284 quaerit,
893 5213 987 5269 Ille
1018 5213 1150 5282 quid
1178 5211 1486 5273 accidisset.
1523 5214 1779 5268 eunucho
1813 5223 2020 5280 narrat,
2060 5217 2196 5284 petit

650 5310 712 5355 ut
741 5300 830 5354 illa
859 5301 1001 5370 apud
1032 5315 1212 5372 regem
1246 5317 1345 5372 pro
1377 5301 1578 5372 populo
1610 5301 1934 5358 intercedat.
1963 5303 2063 5359 Cui
2098 5306 2195 5360 Es-

649 5393 803 5446 thera
850 5391 1084 5446 vicissim
1132 5395 1368 5458 nuntiat,
1405 5393 1582 5449 vereri
1630 5407 1709 5458 se,
1751 5395 1797 5450 si
1841 5396 2089 5451 invocata
2130 5397 2196 5452 ad

649 5482 829 5558 regem
859 5485 1172 5551 accesserit,
1206 5501 1275 5540 ne
1305 5486 1604 5542 occidatur.
1635 5486 1945 5556 Respondet
1976 5489 2193 5544 Mardo-

647 5575 852 5638 chaeus,
891 5588 1000 5628 non
1035 5572 1109 5626 illi
1136 5573 1420 5641 privatam,
1463 5575 1558 5630 sed
1589 5576 1768 5645 gentis
1797 5576 2067 5643 publicam
2114 5593 2197 5631 sa-

649 5659 815 5719 lutem
845 5680 965 5720 esse
999 5664 1347 5734 spectandam
1376 5683 1390 5720 :
1424 5665 1479 5721 id
1526 5669 1630 5722 nisi
1680 5668 1893 5731 fecerit,
1934 5671 2193 5738 populum

653 5755 841 5824 utique
873 5756 1137 5827 divinitus
1166 5756 1232 5811 iri
1259 5767 1665 5825 conservatum,
1703 5760 1874 5831 ipsam
1912 5775 2042 5814 vero
2071 5776 2196 5817 cum

651 5857 878 5919 paterna
924 5849 1086 5907 domo
1133 5850 1501 5912 interituram.
1558 5851 1788 5909 Proinde
1838 5851 2023 5925 regina
2069 5868 2195 5910 eum

2300 4673 2499 4740 φόρους
2534 4672 2736 4735 αὐτῶν,
2769 4672 2930 4734 αὐτὸς
2968 4671 3333 4741 ἐπηγγείλατο
3366 4670 3559 4724 δώσειν
3595 4668 3832 4741 μυριάδας

2299 4762 2563 4831 ἀργυρίου
2590 4762 2882 4832 τέσσαρας.
2923 4762 2981 4816 Ὀ
3015 4762 3113 4832 μὲν
3151 4763 3242 4815 οὖν
3309 4763 3482 4831 Ἀμὰν
3512 4763 3630 4833 ᾔτει
3656 4760 3828 4813 ταῦτα.

2311 4857 2369 4907 Ὀ
2393 4854 2447 4908 δὲ
2472 4852 2722 4924 βασιλεὺς
2747 4853 2927 4905 καὶτὸ
2961 4853 3224 4923 ἀργύριον
3272 4853 3418 4924 αὐτῷ
3448 4855 3720 4924 χαρίζεται
3751 4849 3831 4902 καὶ

2297 4948 2421 5010 τοὺς
2447 4947 2790 5016 ἀνθρώπους,
2820 4945 2960 4999 ὥστε
2989 4945 3224 5016 χρῆσθαι
3251 4945 3463 5008 τούτοις
3482 4947 3558 5011 ὡς
3588 4946 3829 5018 βούλεται.

2297 5039 2504 5091 Ατιτίκα
2526 5034 2618 5091 οὖν
2650 5037 2925 5107 διάταγμα
2957 5036 3108 5104 παρά
3144 5035 3240 5088 τοῦ
3283 5034 3729 5105 Ἀμὰν-ὲπέμφθη
3766 5034 3829 5091 εἰς

2299 5129 2476 5182 πάντα
2497 5129 2564 5181 τά
2597 5129 2745 5197 ἔθνη,
2779 5128 2854 5192 ὡς
2874 5131 2938 5182 ὲκ
2958 5127 3048 5181 τοῦ
3085 5127 3368 5197 βασιλέως,
3391 5127 3641 5198 περιέχον
3661 5125 3824 5180 ταῦτα’

2303 5221 2447 5286 Τοὺς
2478 5219 2888 5290 δηλουμένους
2941 5220 3060 5276 ὑπὸ
3114 5220 3220 5275 τοῦ
3256 5220 3538 5292 δευτέρου
3585 5239 3696 5290 μου
3735 5236 3826 5272 πα-

2295 5311 2428 5376 τρὸς
2470 5311 2661 5382 Ἀμὴν,
2710 5313 2931 5367 κελεύω
2975 5312 3202 5380 πάντας
3234 5314 3355 5369 σὺν
3385 5315 3613 5384 γυναιξί
3643 5313 3730 5366 καί
3753 5308 3826 5363 τέ-

2298 5418 2464 5467 κνοις
2507 5401 2859 5467 ἀπολέσθαι,
2908 5406 3005 5457 καὶ
3060 5405 3233 5457 τοῦτο
3263 5403 3535 5474 γενέσθαι
3561 5407 3824 5471 ,βούλομαι

2298 5492 2373 5560 τῇ
2403 5495 2642 5563 τετάρτῃ
2666 5495 2760 5548 καὶ
2793 5495 3010 5564 δεκάτῃ
3044 5495 3152 5549 τοῦ
3176 5495 3511 5552 δωδεκάτου
3531 5499 3715 5566 μηνὸς
3737 5490 3823 5545 τοῦ

2296 5585 2624 5651 ἐνεστῶτος
2670 5587 2862 5650 ἔτους.
2897 5586 3098 5640 Τούτου
3148 5590 3503 5658 κομισθέντος
3549 5588 3639 5640 τοῦ
3675 5585 3825 5655 γραμ-

2306 5690 2473 5740 ματος
2518 5676 2597 5739 εἷς
2643 5677 2742 5738 τὰς
2792 5676 2977 5741 πόλεις
3037 5679 3256 5742 καὶτὰς
3305 5662 3508 5749 χώρας,
3540 5676 3824 5751 ἡτῶνίου-

2301 5765 2464 5820 δαίων
2495 5767 2737 5821 ἀπώλεια
2770 5769 3112 5838 ἡτοιμάζετο.
3166 5764 3324 5838 Εἶχον
3366 5768 3421 5823 δὲ
3453 5771 3546 5823 καὶ
3581 5771 3626 5822 οἱ
3657 5772 3709 5823 ὲν
3734 5766 3824 5842 τοῖς

2297 5855 2517 5922 Σούσοις
2553 5859 2768 5930 ὁμοίως.
2836 5861 2892 5914 ὐ
2916 5860 2971 5913 δὲ
3010 5859 3354 5930 Μαρδοχαῖος
3389 5861 3575 5932 μαθὼν
3602 5861 3661 5915 τὸ
3701 5855 3824 5928 γενά-
