3988 6328
715 332 827 395 339
1112 298 1115 299 ί
1961 330 2282 393 JOANNIS

2383 330 2650 391 DNARA!
3824 330 3920 396 340

719 443 926 514 magnis
971 440 1144 512 copiis
1191 449 1573 498 occurrerunt.
1624 441 1888 500 Militibus
1919 451 2102 498 autem
2146 459 2269 513 pro—

2383 442 2448 513 τῷ
2464 442 2519 495 δὲ
2551 442 2808 513 πρόσοῖον
2827 442 3009 513 ἄλλην.
3033 441 3138 495 Τοῦ
3157 441 3211 495 δὲ
3232 440 3554 511 Περδίκκου,
3584 440 3646 495 Τί
3665 441 3738 505 δ’,
3762 437 3922 506 (3,80-

719 536 1039 589 iunditatem
1069 543 1123 588 et
1153 534 1412 604 impetum
1442 533 1705 600 ﬂuminis,
1746 543 1911 605 alque
1972 533 2139 589 etiam
2179 535 2276 603 ho-

2383 532 2573 598 σιλεῦ,
2612 532 2846 599 σεαυτῷ
2888 534 3300 600 καταλείπειςς
3326 534 3591 597 εἰπόντος,
3635 533 3745 596 Τὰς
3786 534 3921 586 ἑλπί-

717 626 881 680 stiurn
913 624 1310 695 aggressionem
1352 623 1855 691 reforznidantibus,
1885 624 2001 695 ipse
2029 639 2153 679 cum
2184 640 2273 679 xm

2383 624 2509 697 51:,
2533 626 2736 688 ἐκεῖνος
2787 627 3077 696 ἀντέφησε.
3110 629 3361 687 Διαόἁντι
3387 626 3443 679 δὲ
3472 627 3563 681 τὸν
3608 625 3914 695 Ἐλλήσποψ

717 718 962 786 equitum
1003 716 1196 771 turmis
1247 716 1447 771 ﬂumen
1489 725 1576 777 est
1621 718 1919 786 ingressus.
1969 715 2272 785 eademque

2383 731 2484 776 τον,
2508 717 2555 766 οί
2585 715 2677 768 τοῦ
2699 718 2922 785 Δαρείου
2953 718 3226 790 σατράπαι
3252 717 3391 787 μετά
3413 716 3633 788 βαρείας
3657 716 3920 785 δυνάμεως

717 825 883 879 Opera
915 818 971 864 et
1018 811 1191 879 ipsum
1221 823 1275 865 et
1310 810 1496 866 hostes
1527 820 1585 866 et
1614 802 1758 884 ripas
1786 809 2008 866 altiores
2039 825 2100 866 ac
2134 827 2271 879 prae-

2383 808 2507 876 nsp‘t
2530 807 2629 878 τὴν
2655 808 2748 861 τοῦ
2794 810 3058 879 Γρανικοῦ
3093 808 3343 864 διάϐασιν
3402 809 3549 880 αὐτῷ
3583 808 3916 878 συνηντήκειο

720 908 905 970 ruptas
935 911 1019 955 est
1047 900 1406 971 periclitatus,
1432 911 1491 955 ut
1521 899 1726 955 furiose
1755 902 1925 971 magis
1954 916 2116 970 quam
2151 916 2276 969 pru-

2383 915 2495 976 σαν.
2531 897 2649 952 Τῶν
2683 899 2739 952 δὲ
2781 901 2909 971 περὶ
2948 900 3108 954 αὑτὸν
3131 901 3191 954 τὸ
3222 899 3384 971 βάθος
3425 899 3671 954 δεδιότων
3704 897 3798 951 τοῦ
3826 913 3914 949 πο-

716 992 910 1069 dcnter
948 994 1215 1048 transisse
1259 1001 1561 1062 putaretur.
1604 992 1854 1048 Flumine
1879 993 2125 1051 adhunc
2160 1008 2277 1045 mo-

2383 991 2570 1061 ταμοῦ,
2610 991 2702 1045 τοῦ
2740 992 2919 1063 ροθίου
2968 1011 3027 1047 τε
3080 994 3181 1062 τὴν
3222 994 3415 1063 φορὰν,
3452 993 3546 1045 καὶ
3570 992 3666 1061 τὴν
3686 991 3777 1043 ἐπὶ
3810 989 3920 1042 τοῦ-

717 1086 844 1137 dum
890 1092 1170 1154 superato,
1206 1083 1618 1137 tumultuariam
1653 1097 1887 1152 pugnam
1923 1080 2266 1136 committere

2383 1100 2486 1144 τοις
2513 1084 2621 1136 τῶν
2677 1085 2956 1153 πολεμίων
2993 1084 3258 1147 ἐπίθεσιν,
3293 1086 3499 1147 ἐκεῖνος
3532 1083 3630 1136 σὺν
3661 1084 3801 1147 [λαις
3846 1084 3921 1135 iu-

719 1185 802 1230 est
830 1168 1068 1231 coactus
1099 1191 1113 1227 :
1145 1184 1201 1230 et
1244 1175 1428 1229 multis
1460 1182 1649 1229 contra
1693 1189 1751 1229 se
1800 1172 2091 1228 ruentibus
2135 1172 2274 1243 (erat

2383 1175 2524 1229 πέων
2551 1176 2906 1244 τρισκαίδεκα
2938 1165 3195 1246 ἐμϐάλλει
3225 1177 3299 1247 τῷ
3325 1176 3580 1247 ῥεύματι.
3635 1175 3772 1246 πρὸς
3804 1176 3920 1229 αὐτὸ

719 1268 862 1322 enim
902 1283 967 1322 ex
994 1268 1165 1322 armis
1198 1267 1414 1338 notus),
1441 1267 1638 1336 jaculis
1667 1281 1773 1320 non
1796 1275 1880 1321 est
1914 1267 2234 1323 vulneratus
2260 1282 2270 1315 :

2383 1265 2831 1332 ἀποκινδυνεύων,
2846 1268 2945 1320 καὶ
2963 1268 3096 1337 πρδς
3110 1268 3233 1330 τοὺς
3250 1267 3539 1331 ἐναντίους,
3554 1267 3795 1337 καὶπρὸς
3814 1268 3925 1319 ἀπο·

720 1359 814 1413 sed
838 1360 1057 1429 quidam
1085 1359 1205 1430 ejus
1233 1358 1398 1426 galea:
1431 1366 1639 1411 tantum
1665 1358 1834 1413 ictum
1866 1355 2046 1426 gladio
2066 1355 2273 1421 intulit,

2383 1356 2565 1419 ϐάσεις
2591 1357 2848 1425 ὀχθὼδεις
2902 1360 2995 1412 καὶ
3018 1356 3369 1430 ἀπορρῶγας.
3403 1358 3495 1411 Διὸ
3539 1359 3636 1411 καὶ
3692 1359 3918 1427 μανικῶς

726 1444 1071 1521 utcap‘illos
1108 1451 1271 1506 etiam
1322 1450 1732 1521 perstringeret.
1780 1450 1918 1503 Dum
1971 1464 2148 1520 pugna
2203 1450 2277 1503 ita

2383 1435 2600 1515 μᾶλλον,
2632 1446 2748 1499 ἀλλ’
2771 1448 2830 1500 οὐ
2862 1448 3241 1517 στρατηγικῶς
3269 1447 3413 1513 ἔδοξε
3442 1447 3566 1501 τότε
3614 1448 3920 1518 ποιήσασθαι

728 1542 1181 1606 committeretur,
1216 1540 1572 1596 Macedonica:
1591 1540 1761 1610 capias
1783 1539 2075 1596 Granicum
2104 1549 2280 1595 trans—

2383 1539 2475 1611 τήν
2502 1538 2771 1594 διάϐασιν.
2829 1539 2985 1594 Οὕτω
3012 1540 3069 1595 δι
3090 1540 3301 1604 διαϐὰς,
3354 1524 3569 1611 ’φύρδην
3600 1541 3922 1612 ἠναγκάζετο

728 1637 933 1700 ierunt,
990 1634 1219 1706 quarum
1272 1635 1381 1690 vim
1429 1635 1574 1689 Darii
1625 1635 1827 1689 milites
1874 1651 1981 1689 non
2021 1634 2274 1698 ferentes,

729 1729 866 1799 fuga:
898 1743 955 1784 se
990 1727 1340 1783 mandarunt.
1368 1728 1496 1797 Ejus
1534 1725 1702 1798 prelii
1733 1741 2018 1782 successus
2044 1725 2277 1781 Alexan-

2381 1630 2671 1701 μάχεσθαι.
2707 1632 2817 1685 Καὶ
2849 1630 3059 1710 πολλῶν
3090 1633 3228 1702 πρὸς
3279 1632 3440 1686 αὐτὸν
3470 1632 3809 1704 ὡρμηκότων
3840 1626 3919 1699 (ἦν

2379 1722 2487 1793 γὰρ
2514 1726 2578 1777 ὲκ
2603 1723 2710 1777 τῶν
2739 1723 2923 1779 ὃπλων
2952 1724 3249 1795 διάδηλος),
3276 1723 3614 1787 ἀκοντισθεὶς
3641 1723 3745 1795 μὲν
3763 1725 3855 1776 οὐκ
3873 1726 3921 1775 ὲ-

728 1821 1064 1891 dromagnae
1095 1819 1370 1874 felicitatis
1396 1819 1499 1872 fuit
1528 1817 1763 1873 occasio.
1807 1818 1938 1873 Nam
1977 1825 2033 1872 et
2061 1816 2280 1872 Sardeis

2383 1814 2586 1885 τρώθη,
2619 1817 2801 1869 κοπίδι
2846 1817 2902 1870 δὲ
2928 1817 2990 1870 τὸ
3017 1819 3216 1890 κράνος
3247 1818 3412 1885 αὐτοῦ
3442 1816 3747 1889 πλήξαντός
3773 1834 3918 1880 τινος,

722 1913 776 1967 in
821 1912 1155 1967 deditionem
1197 1909 1430 1979 accepit,
1461 1918 1516 1963 et
1545 1908 1750 1979 reliqua
1797 1924 1857 1964 se
1887 1924 2009 1963 cum
2042 1923 2107 1962 eo
2144 1923 2279 1962 con-

717 2007 1039 2076 iunxerunt.
1096 2003 1229 2059 Inde
1271 2003 1337 2058 ad
1387 2018 1536 2058 oram
1574 2002 1900 2057 maritimam
1944 2015 2274 2066 conversus,

629 2095 635 2101 ’
723 2098 1111 2169 Pamphyliam,
1156 2097 1401 2160 Ciciliam
1457 2105 1512 2151 et
1559 2078 1895 2151 thniciam
1949 2096 2277 2164 occupavit,

723 2190 1091 2259 Pisidiamque
1123 2198 1178 2244 et
1202 2189 1513 2261 Phrygiam.
1561 2188 1766 2242 Deinde
1806 2186 2179 2256 Paphlagones
2223 2192 2279 2239 et

724 2285 1072 2352 iiappaduces
1105 2282 1339 2353 subegit.
1382 2280 1578 2339 Darius
1601 2289 1785 2335 autem
1818 2278 1972 2335 Susis
2002 2279 2277 2349 prolectus

722 2366 806 2430 est
835 2388 956 2432 cum
1000 2392 1065 2431 ne
1114 2375 1372 2438 millibus,
1406 2384 1518 2431 tum
1576 2374 1855 2430 exercitus
1903 2370 2276 2442 magnitudine

723 2470 918 2528 elatus.
953 2478 1065 2523 tum
1090 2483 1156 2524 eo
1178 2469 1369 2528 fretus.
1405 2458 1939 2537 quod'Alexandrum
1967 2460 2037 2519 ob
2064 2465 2277 2534 longio-

725 2577 837 2616 rem
876 2562 929 2614 in
962 2560 1152 2615 Cicilia
1184 2573 1391 2615 moram
1423 2562 1611 2614 timere
1646 2558 2032 2613 arbitrabatur.
2062 2557 2119 2610 ld
2146 2570 2276 2610 vero

724 2650 795 2702 ob
827 2648 1074 2705 morbum
1111 2630 1273 2704 [iebat
1305 2665 1318 2701 :
1354 2649 1509 2719 cujus
1538 2646 1822 2703 curatione
1852 2662 1882 2701 a
1908 2644 2120 2701 caeteris
2151 2659 2272 2697 om-

674 2763 693 2768 ν·
725 2744 885 2799 nibus
921 2743 1149 2816 medicis
1172 2742 1456 2814 desperata
1479 2784 1493 2809 ,
1526 2743 1673 2798 solus
1701 2740 1989 2811 Philippus
2019 2730 2271 2794 Acarnan

724 2837 774 2889 ei
824 2836 1146 2890 medicinam
1191 2835 1455 2890 adhibere
1505 2850 1671 2891 ausus
1717 2845 1841 2889 est:
1878 2848 1999 2888 cum
2051 2830 2281 2902 quidem

725 2924 1011 2983 Parmenio
1039 2928 1365 2999 scripsisset,
1396 2928 1547 2982 illum
1573 2944 1600 2982 a
1627 2927 1788 2982 Dario
1811 2933 2129 2995 corruptum
2156 2939 2276 2979 esse

727 3021 1040 3091 ingentibus
1068 3023 1387 3076 muneribus
1419 3030 1476 3076 et
1510 3019 1997 3089 pollicitationibus
2021 3057 2036 3081 ,
2074 3017 2120 3072 si
2148 3033 2273 3071 eum

725 3116 1053 3169 sustulisset.
1085 3115 1159 3168 Ea
1191 3114 1419 3185 epistola
1445 3113 1748 3171 Alexander
1784 3113 1945 3172 lecta,
1977 3120 2271 3174 asservata-

2381 1906 2542 1977 μέχρι
2583 1906 2840 1961 τοαούτου
2871 1908 2963 1962 τοῦ
3007 1910 3240 1981 κράνους
3270 1908 3528 1963 καθίκετο
3564 1910 3596 1976 ἠ
3620 1908 3825 1979 πληγὴ.
3852 1906 3915 1968 ὡς

2377 1999 2599 2053 καὶτῶν
2623 2000 2825 2070 τριχῶν
2856 2000 3018 2055 αὑτοῦ
3045 2002 3396 2072 παραψαῦσαι
3428 2002 3526 2072 τὴν
3558 2000 3776 2054 κοπίδα.
3818 1999 3914 2068 Τῆς

2380 2092 2557 2163 μάχης
2582 2091 2628 2145 δ’
2650 2091 2794 2145 οὕτω
2823 2094 3246 2165 συνισταμένης,
3276 2094 3367 2148 τὸν
3394 2093 3658 2163 Γρανικὸν
3683 2091 3917 2147 :11qu-

2373 2182 2576 2235 δονικαὶ
2606 2182 2880 2252 ’δυνάμεις
2913 2182 3297 2254 διαϐεϐήκασιο
3348 2184 3443 2239 καὶ
3473 2186 3520 2238 οί
3573 2182 3669 2237 τοῦ
3704 2182 3910 2251 Δαρείου

2374 2275 2556 2329 οὐκέτι
2580 2275 2849 2347 ἀντεῖχον,
2871 2276 2988 2329 ἀλλ’
3009 2276 3228 2356 ἔκλιναν
3246 2278 3325 2340 είς
3347 2277 3547 2347 φυγήν.
3582 2276 3679 2330 Ἐκ
3694 2275 3821 2344 γοῦν
3840 2277 3915 2344 τῆς

2379 2369 2557 2440 μάχης
2588 2368 2793 2440 ταύτης
2824 2369 2993 2441 πολλή
3022 2388 3104 2435 τις
3158 2370 3374 2439 ἐγένετο
3401 2370 3534 2439 πρὸς
3574 2370 3829 2441 εὐτυχίαν
3854 2370 3917 2439 τῷ

2387 2456 2720 2530 Ἀλεξάνδρῳ
2744 2459 2903 2531 φορά.
2947 2460 3017 2512 Αἵ
3070 2477 3130 2512 τε
3180 2460 3290 2531 γάρ
3323 2459 3626 2530 Σάρδειςόί
3665 2460 3917 2533 προσεχώ-

2378 2567 2575 2623 ρησαν,
2606 2552 2708 2623 ’καὶ
2751 2551 2919 2607 τᾶλλα
2970 2550 3318 2623 προσέθεντο.
3394 2549 3679 2605 Ἐντεῦθεν
3728 2552 3806 2612 είς
3836 2549 3915 2618 τὴν

2376 2641 2651 2709 παραλίαν
2676 2642 2961 2710 ἐτράπετο,
2988 2644 3082 2696 καὶ
3107 2642 3205 2711 τήν
3227 2657 3284 2695 τε
3314 2640 3640 2711 Παμφυλίαν
3668 2640 3817 2708 εσυ,
3837 2642 3914 2690 καὶ

2376 2733 2630 2787 Κιλικίαν
2648 2750 2710 2786 τε
2740 2733 2834 2787 καὶ
2863 2734 3138 2804 Φοινίκην,
3172 2730 3419 2786 Πισιδίαν
3456 2748 3517 2785 τε
3555 2732 3649 2786 καὶ
3675 2732 3915 2802 Φρυγίαν·

2376 2820 2494 2878 εἶτα
2564 2820 2918 2895 Παφλαγόνας
2978 2824 3074 2878 καὶ
3151 2821 3530 2885 Καππαδόκας
3580 2820 3932 2891 ἐχειρώσατο..

2375 2919 2598 2989 Δαρεῖος
2658 2918 2713 2971 δὲ
2752 2918 2816 2970 ἐκ
2862 2917 3079 2970 Σούσων
3113 2916 3210 2969 σὺν
3243 2916 3508 2985 ἐξήκοντα
3539 2917 3799 2984 μυριάσιν
3825 2912 3916 2980 ὥρ-

2336 3048 2339 3051 η
2380 3027 2543 3080 μησε,
2574 3010 2651 3079 τῷ
2687 3026 2747 3063 τε
2787 3009 2987 3081 πλήθει
3016 3010 3115 3079 τῆς
3169 3009 3429 3077 στρατιᾶς
3482 3008 3814 3077 ἐπηρμένος,
3842 3005 3916 3056 καὶ

2378 3104 2574 3173 θάρσος
2596 3103 2756 3183 ἔχων,
2779 3103 2854 3166 ὡς
2876 3102 3181 3165 δειλιῶντος
3209 3099 3581 3168 Ἀλεξάνδρου,
3601 3100 3799 3152 ὃτιὲπὶ
3823 3113 3912 3165 μα-

725 3220 829 3273 que
854 3246 868 3267 ,
904 3222 965 3259 ac
992 3221 1049 3259 re
1076 3205 1279 3259 nemihi
1310 3204 1705 3259 communicata
1731 3242 1745 3266 ,
1786 3202 2007 3256 calicem
2038 3198 2263 3265 medica.

2383 3196 2515 3267 κρὸν
2557 3194 2760 3257 ἐκεῖνος
2804 3195 2863 3248 ὲν
2913 3193 3135 3264 Κιλικία
3175 3192 3430 3261 διέτρισε⁹
3458 3192 3524 3244 τὸ
3551 3190 3613 3243 ’δὲ
3657 3190 3746 3243 διὰ
3776 3189 3911 3242 νόσον

728 3298 890 3350 menti
924 3314 951 3350 a
989 3297 1235 3368 Philippo
1263 3297 1502 3353 oblatum
1534 3295 1741 3367 accepit
1776 3295 1954 3351 alacer
1995 3311 2007 3347 :
2036 3291 2113 3347 illi
2147 3306 2276 3346 vero

727 3390 1005 3457 epistolam
1035 3390 1202 3444 dedit.
1234 3388 1324 3445 Sic
1350 3390 1485 3444 alter
1519 3389 1678 3453 bibit,
1707 3389 1843 3443 alter
1876 3387 2025 3459 legit,
2052 3396 2278 3454 uterque

728 3484 957 3536 alterum
1018 3482 1237 3537 intuens
1285 3501 1297 3535 :
1340 3481 1644 3540 Alexander
1702 3481 1853 3537 vultu
1924 3477 2169 3549 jucunde
2224 3485 2279 3530 et

729 3575 886 3628 hilari
917 3617 930 3635 .
972 3574 1254 3643 Philippus
1289 3575 1518 3629 sollicito
1550 3582 1605 3628 ct
1646 3572 1976 3642 perturbato.
2019 3569 2156 3626 Cum
2185 3584 2281 3622 au-

731 3678 835 3722 tem
873 3667 1063 3720 Darius
1113 3676 1300 3719 contra
1344 3662 1706 3733 Alexandrum
1738 3658 2057 3722 festinaret,
2084 3673 2188 3720 ne,
2224 3663 2281 3709 ut

728 3758 963 3821 dicebat,
985 3758 1167 3812 hostes
1195 3754 1533 3824 aufugerent,
1562 3753 1821 3824 Amyntas
1850 3749 2068 3806 Macedo
2101 3758 2280 3823 trans-

730 3852 852 3917 fuga
903 3849 1042 3901 bono
1086 3849 1270 3917 animo
1314 3856 1439 3901 eum
1497 3860 1616 3900 esse
1667 3842 1828 3914 jussit
1869 3856 2092 3910 :neque
2135 3841 2279 3894 enim

731 3943 1027 4013 fugiturum
1072 3938 1467 4003 Alexandrum,
1512 3937 1606 3993 sed
1653 3938 1831 3991 statim
1878 3942 2065 3990 contra
2108 3933 2281 4003 ipsum

731 4036 933 4091 iturum
954 4047 1093 4087 esse.
1117 4028 1419 4085 Commisso
1445 4039 1624 4082 autem
1649 4029 1702 4079 in
1720 4026 1840 4085 Isso
1858 4023 2057 4079 Ciliciae
2080 4021 2280 4092 pnelio,

733 4141 983 4195 magnum
1023 4121 1240 4193 quidem
1294 4129 1353 4175 et
1384 4118 1555 4189 ipsius
1597 4116 1701 4171 loci
1738 4103 1998 4185 angustiae
2041 4126 2283 4165 momen-

736 4227 849 4271 tum
889 4217 1045 4285 187
1084 4213 1388 4271 Alexandro
1426 4209 1492 4265 ad
1520 4207 1804 4264 victoriam
1831 4204 2160 4266 attulerunt,
2192 4200 2285 4255 sed

735 4309 906 4377 ipsius
948 4306 1243 4373 dexteritas
1289 4312 1344 4357 et
1390 4302 1607 4360 solertia
1660 4301 1819 4369 longe
1880 4298 2071 4368 majus.
2137 4295 2288 4349 Tunc

737 4401 877 4456 inter
912 4397 1183 4471 principes
1205 4409 1469 4465 pugnans.
1493 4408 1623 4448 ense
1641 4392 1816 4446 femur
1843 4398 1927 4445 est
1956 4390 2284 4444 vulneratus.

740 4492 1031 4558 Victoriam
1078 4483 1342 4545 iliuStrem
1393 4486 1657 4556 adeptus,
1709 4482 1871 4537 Dario
1912 4480 2034 4550 fuga
2084 4480 2285 4548 elapso,

2376 3285 2467 3361 ἦν,
2530 3289 2617 3341 ὅτε
2649 3288 2786 3357 πρὸς
2830 3286 2938 3340 τῶν
2982 3286 3155 3340 ἀλλων
3206 3286 3304 3355 μὲν
3336 3284 3665 3353 ἀπέγνωστο
3710 3282 3910 3353 ίατρῶν,

2320 3380 2321 3385 “
2373 3379 2643 3441 ⁴Ινίλιπττος
2666 3379 2724 3432 δὲ
2751 3378 2909 3448 μόνος
2937 3377 2966 3430 ό
3008 3374 3281 3447 Ἀκαρνὰν
3302 3376 3572 3446 ἐθάρσησε
3612 3373 3915 3445 φαρμακεῦ-

2382 3488 2471 3524 σαι
2502 3470 2686 3524 αὕτόν.
2716 3469 2822 3521 Τοῦ
2856 3468 2911 3521 δὲ
2946 3467 3331 3538 Παρμενίωνος
3365 3465 3913 3534 φθάσαντοςὲπιστεῖ-

2379 3563 2467 3615 λαι
2513 3561 2684 3633 αὐτῷ,
2721 3561 2826 3615 ὑπὸ
2879 3561 3104 3631 Δαρείου
3150 3558 3475 3628 διεφθάρθαι
3534 3558 3627 3611 τὸν
3676 3540 3918 3609 Φίλιππον

2380 3653 2606 3722 δωρεαῖς
2638 3653 2905 3722 μεγάλαις
2933 3652 3028 3705 καὶ
3051 3652 3427 3719 ὑποσχέσεσιν,
3453 3649 3505 3701 εί
3536 3649 3702 3701 αὐτὸν
3736 3647 3915 3701 ἀνέλοι·

2381 3746 2481 3816 τὴν
2512 3742 2797 3814 ἐπιστολὴν
2826 3743 3052 3811 ἐπῆλθε,
3078 3741 3171 3795 καὶ
3200 3740 3385 3809 μηδενὶ
3425 3728 3552 3811 περὶ
3576 3741 3640 3793 αὖ
3654 3740 3746 3807 τῆς
3767 3738 3918 3804 ἐκφή-

2382 3856 2500 3903 νας,
2530 3834 2640 3907 εῐχε
2663 3836 2796 3906 παρ’
2819 3834 3019 3905 ἐαυτῷ.
3049 3835 3206 3905 ’Ἄρτι
3236 3831 3291 3884 δὲ
3316 3829 3409 3886 τοῦ
3432 3832 3700 3886 Φιλίππου
3731 3830 3822 3902 τὴν
3841 3828 3921 3883 κύ-

2382 3929 2626 3983 λικα’τοῦ
2654 3928 2945 4000 φαρμάκου
2974 3929 3417 3998 προσαγαγόντος
3448 3924 3616 3995 αὐτῷ,
3649 3924 3805 3988 αὐτὸς
3836 3921 3920 3991 μὲν

2386 4022 2604 4093 θαρρῶν
2648 4018 2866 4084 ἐδέξατο
2923 4020 3148 4091 ταύτην,
3185 4021 3380 4091 ἐκείνῳ
3409 4019 3464 4073 δὲ
3502 4018 3603 4089 τὴν
3650 4016 3920 4081 ἐπιστολὴν

2385 4111 2700 4183 ἐνεχείρισε.
2744 4112 2853 4163 και
2903 4111 2933 4163 ό
2973 4110 3072 4181 μὲν
3124 4111 3331 4174 ἐπινεν,
3373 4112 3402 4163 ό
3437 4109 3495 4163 δὲ
3552 4108 3916 4176 ἀνεγίνωσκεν,

2388 4203 2676 4273 ὶνορῶντες
2706 4203 2978 4272 ἀλλήλοις.
3020 4202 3175 4273 ὁμὲν
3216 4202 3563 4273 Ἀλέξανδρος
3587 4203 3644 4253 ιν
3674 4199 3795 4268 δψει
3831 4214 3918 4266 χα-

2391 4294 2579 4365 ριέσσῃ
2606 4293 2700 4346 καὶ
2722 4293 2905 4363 ίλαρᾷ,
2926 4292 3026 4346 ὁδὶ
3046 4292 3310 4353 Mat-mro;
3337 4294 3394 4345 tv
3420 4292 3660 4362 περιδεεί
3681 4290 3774 4343 καὶ
3793 4285 3920 4338 τεθο-

2392 4383 2697 4455 ρυδημένη.
2729 4381 2835 4437 Τοῦ
2863 4382 2920 4434 δὲ
2945 4381 3174 4454 Δαρείου
3208 4381 3531 4444 σπεύδοντος
3558 4379 3649 4432 ἔπ’
3694 4375 3919 4443 Ἀλέξαν-

2390 4472 2533 4542 δρονι
2585 4471 2670 4537 τνό
2704 4469 2779 4534 ὡς
2814 4471 2988 4541 ἔλεγε,
3035 4472 3111 4541 μὴ
3140 4470 3524 4542 ἀποδράσωσιν
3570 4462 3638 4523 ὀἱ
3674 4470 3919 4537 πολέμιοι,

738 4592 917 4639 curru
944 4590 1002 4637 et
1035 4598 1163 4638 arcu
1198 4582 1317 4652 ejus
1343 4590 1434 4645 est,
1474 4578 1678 4648 potitus
1714 4594 1727 4631 :
1760 4585 1937 4634 castra
1981 4589 2012 4628 a
2049 4566 2282 4627 Macedo-

2396 4562 2659 4616 Μακεδὼν
2677 4562 2970 4652 ξ’Λμύντας
3007 4563 3083 4617 ὢν
3109 4562 3408 4634 αὐτόμολος
3439 4561 3572 4634 παρ’
3608 4562 3775 4631 αὐτῷ,
3801 4559 3921 4629 Θὰῤ·

740 4677 905 4732 nibus
933 4676 1143 4744 direpta
1169 4684 1334 4739 sunt,
1364 4688 1426 4727 ac
1459 4671 1605 4727 Darii
1638 4669 1929 4726 tentorium
1972 4680 2096 4721 cum
2132 4664 2291 4720 mini-

740 4768 922 4824 steriis
944 4809 958 4831 ,
1026 4765 1219 4835 Opibus
1242 4804 1257 4829 ,
1286 4814 1289 4815 ν
1321 4763 1576 4834 omnique
1660 4767 1917 4831 apparatu
1989 4756 2292 4813 Alexandro

739 4866 1073 4928 exemptum.
1148 4854 1350 4909 Deinde
1409 4869 1531 4908 cum
1599 4852 1651 4909 ei
1704 4850 2085 4910 nuntiaretur,
2145 4845 2288 4900 Darii

742 4957 967 5006 matrem
994 4988 1007 5009 ,
1050 4961 1270 5001 uxorem
1312 4952 1366 4999 et
1390 4943 1527 4999 duas
1568 4935 1703 4999 ﬁlias
1732 4941 1970 5012 captivas
1995 4938 2120 4993 duci
2150 4979 2164 5001 ,
2192 4936 2293 4990 Da-

744 5041 883 5093 rium
927 5053 1026 5106 pro
1056 5048 1267 5092 mortuo
1298 5035 1640 5105 deplorantes
1662 5073 1677 5097 ,
1723 5032 1867 5104 quod
1918 5032 2037 5103 ejus
2070 5044 2291 5084 currum

743 5140 797 5184 et
829 5141 1013 5181 arcum
1057 5137 1270 5195 captum
1316 5125 1575 5179 vidissent
1610 5140 1622 5175 :
1669 5128 1972 5178 commotus
2003 5135 2070 5174 eo
2101 5117 2295 5172 nuntio

640 5220 641 5223 “
746 5213 1219 5287 propter-fortuna
1263 5213 1678 5272 inconstantiam
1705 5254 1720 5280 ,
1752 5202 2041 5282 quemdam
2076 5209 2141 5262 ad
2172 5222 2296 5260 mu-

746 5312 906 5365 lieres
927 5309 1124 5370 mittit.
1154 5308 1245 5379 qui
1270 5309 1350 5364 eis
1373 5308 1599 5370 indicet,
1630 5302 2053 5361 Darium'vivere
2073 5340 2088 5366 ,
2121 5314 2297 5369 neque

745 5400 827 5455 eis
853 5399 1145 5470 quidquam
1186 5398 1443 5454 molestiae
1472 5397 1680 5452 illatum
1712 5396 1800 5450 iri.
1842 5393 2027 5463 Neque
2059 5392 2202 5446 enim
2237 5405 2295 5446 se

708 5548 713 5554 λ
750 5491 967 5545 Darium
1013 5492 1219 5546 hostem
1271 5488 1515 5561 judicare
1541 5529 1555 5551 ,
1579 5488 1671 5542 sed
1716 5500 1840 5542 cum
1875 5483 2039 5539 eo'rle
2070 5481 2298 5552 imperio

751 5591 961 5637 certare
1001 5600 1015 5639 :
1050 5598 1225 5653 neque
1249 5582 1318 5637 de
1341 5578 1655 5635 ministeriis
1684 5594 1802 5647 quae
1834 5576 2106 5632 habebant
2134 5573 2298 5644 quid-

751 5688 911 5744 quam
958 5672 1039 5727 eis
1084 5673 1354 5738 detraxit,
1404 5684 1582 5740 neque
1630 5666 1683 5721 in
1726 5675 2296 5733 conspectum-earum

749 5764 933 5831 venit,
964 5777 1140 5831 neque
1192 5778 1381 5831 passus
1408 5771 1491 5817 est
1538 5769 1597 5814 ut
1643 5757 1711 5812 ab
1744 5755 1851 5810 ullo
1884 5754 2177 5824 quidquam
2219 5756 2300 5809 in-

748 5856 968 5931 dignum
1000 5854 1085 5914 vel
1111 5856 1478 5925 sustinerent,
1517 5852 1597 5908 vel
1632 5852 2027 5921 exspectarent.

2396 4655 2500 4724 ρει,
2524 4652 2649 4723 ἔφη.
2670 4647 2715 4707 ὦ
2737 4654 3073 4718 δέσποτα,ηοῠ
3103 4653 3210 4722 γὰρ
3238 4652 3494 4719 φεύξεται
3515 4653 3543 4703 ό
3576 4649 3920 4717 Ἀ).ἐξ;ινδρο·,

2393 4744 2509 4797 ἀλλ’
2537 4745 2662 4796 ὅσον
2688 4742 2790 4814 ἤδη
2819 4742 3082 4812 βαδιεῖται
3115 4742 3251 4813 πρὸς
3281 4741 3366 4796 σέ.
3431 4742 3518 4795 Ἐν
3575 4740 3730 4811 Ἰσσῷ
3759 4740 3811 4794 δὲ
3840 4740 3919 4806 τῆς

2392 4834 2646 4898 Κιλικίας
2700 4835 2802 4905 τῆς
2855 4837 3031 4905 μάχης
3064 4829 3549 4906 συγκροτηθείσης,
3614 4834 3809 4904 πολλὴν
3839 4831 3917 4900 μὲν

2393 4927 2487 4979 καὶ
2534 4928 2562 4979 ό
2591 4928 2753 4989 τόπος
2781 4926 2869 4979 δια
2902 4926 3000 4998 τὴν
3046 4927 3309 4979 στένωσιν
3345 4926 3590 4995 παρέσχε
3639 4926 3809 4993 ῥοπὴν
3855 4916 3917 4984 τῷ

2407 5017 2760 5087 Ἀλεξάνδρῳ,
2802 5017 2971 5071 πλείω
2999 5018 3044 5070 δ’
3090 5018 3252 5080 αὐτὸς
3279 5016 3454 5083 ἐαυτῷ
3497 5014 3686 5081 δεξιῶς
3716 5028 3919 5082 στρατη-

2394 5096 2591 5179 γήσας,
2655 5112 2743 5165 ῖντε
2792 5113 2885 5165 καὶ
2917 5114 3007 5165 τὸν
3045 5114 3220 5181 μηρὸν
3268 5113 3484 5181 ἐπλήγη
3539 5108 3703 5177 ξίφει,
3748 5106 3916 5164 ἐντοῖς

2397 5205 2697 5275 προμάχοις
2742 5204 3158 5273 ἀγωνιζόμενος.
3219 5206 3539 5275 Περιφανῶς
3588 5203 3646 5256 δὲ
3694 5203 3916 5273 νικήσας,

2396 5298 2617 5366 Δαρεῖον
2654 5297 2754 5373 μζν
2807 5297 2904 5367 οὐχ
2955 5292 3065 5351 εἷλε
3094 5296 3353 5366 φυγόντα,
3379 5297 3440 5349 τὸ
3479 5295 3632 5366 ἀρμα
3671 5295 3727 5350 δὲ
3764 5293 3848 5349 καὶ
3871 5289 3919 5342 τὸ

2396 5388 2547 5453 τόξον
2568 5378 2750 5449 αὐτοῧ,
2766 5386 2947 5440 ἔλασε.
2980 5384 3054 5440 Τὸ
3080 5387 3135 5441 δὲ
3161 5387 3383 5460 Δαρείου
3409 5387 3766 5453 στρατόπεδον
3787 5385 3913 5453 διηρν

2397 5479 2544 5548 πάγη
2574 5480 2724 5547 παρά
2752 5478 2860 5532 τῶν
2896 5478 3246 5543 Μακεδόνων,
3280 5481 3313 5549 ἡ
3346 5478 3533 5548 μέντοι
3590 5477 3685 5532 τοῦ
3716 5473 3915 5544 Δαρείου

2400 5570 2571 5638 σκηνὴ
2602 5569 2677 5641 τῷ
2726 5570 3057 5641 Ἀλεξάνδρῳ
3080 5570 3313 5642 ἐξῄρητο
3330 5570 3467 5640 μετά
3499 5573 3597 5642 τῆς
3630 5566 3915 5639 θεραπείας.

2400 5664 2493 5716 καὶ
2522 5658 2613 5712 τοῦ
2669 5659 2917 5719 πλούτου.
2950 5661 3038 5713 καὶ
3068 5661 3165 5727 τῆς
3196 5661 3361 5731 ἄλλης
3390 5660 3759 5733 παρασκευῆς,
3806 5649 3917 5706 Εἶτα

2398 5754 2497 5823 τὴν
2525 5750 2755 5821 μητέρα,
2788 5754 2881 5804 καὶ
2910 5752 3009 5821 τὴν
3044 5755 3275 5819 γυναῖκα
3308 5753 3559 5824 Δαρείου,
3595 5751 3689 5804 καὶ
3705 5746 3808 5801 δύω
3835 5740 3913 5792 θυι

2400 5844 2637 5915 γατίρας
2680 5841 3052 5912 αἰχμαλώτους
3084 5844 3312 5915 ἄγεσθαί
3342 5861 3426 5909 τις
3484 5840 3736 5912 ἀγγέλλει
3764 5828 3910 5903 αὐτῷ.
