3988 6328
144 439 231 502 345

1336 453 1743 517 ANNALIUM
1788 457 1937 518 LIB.
1986 459 2084 518 IV.

3235 456 3345 519 346
3403 417 3410 424 ’

136 574 230 617 νον,
251 557 360 608 ἐκεῖ
395 559 625 616 συνώοει
681 565 807 629 τοὺς
872 563 1192 633 φεύγοντας,
1225 565 1298 628 ὥς
1360 583 1416 618 τε
1472 567 1684 626 τούτοις

1805 585 1982 636 ,osque
2012 568 2320 638 dissipavit.
2354 569 2538 624 Multis
2563 578 2747 624 autem
2785 569 2840 622 in
2869 579 3171 639 conspectu
3202 565 3350 624 Darii

139 650 446 719 συνταράξαι
470 656 598 717 τοὺς
658 658 942 725 μένοντας,
999 656 1110 711 καί¹
1153 659 1382 723 πολλοὺς
1425 662 1685 715 σκεδάσαι

138 743 308 797 αὐτῶν.
344 747 557 802 Πολλῶν
605 750 661 803 δὲ
722 751 997 804 πεσόντων
1030 751 1123 804 τοῦ
1160 754 1384 826 Δαρείου
1423 753 1680 816 ἐνώπιον,

139 835 202 897 ὡς
224 837 311 889 οὐκ
336 832 400 907 ἦν
437 839 690 906 ἐξελάσαι
725 843 786 894 τὸ
826 843 979 912 ἅρμα
1012 847 1125 908 τοῖς
1153 845 1410 916 πτώμασι
1466 845 1686 915 συνεχὸ·

143 943 298 992 μενον,
348 928 537 981 τούτου
571 932 673 998 μὲν
723 933 903 1002 ἀπέϐη
929 934 1174 1001 Δαρεῖος
1199 951 1213 964 ·
1256 934 1474 1005 θήλειαν
1503 934 1546 986 δ’
1592 935 1685 986 ἶπ-

141 1033 222 1070 πον
249 1021 618 1091 ἀναδεκηκὼ;,
640 1026 864 1093 ἔφυγεν.
916 1027 1092 1081 Ἑάλω
1119 1029 1162 1080 δ’
1197 1029 1284 1092 ἂν,
1323 1030 1371 1082 εί
1429 1029 1504 1100 μὴ
1537 1030 1687 1099 Παρ-

144 1112 315 1180 μενίων
339 1115 426 1166 τὸν
469 1117 819 1187 Ἀλέξανδρον
860 1121 1276 1191 μετεπέμψατο.
1340 1123 1687 1192 ἐπαρήξοντα

141 1203 204 1272 τῷ
245 1205 355 1257 κατ’
381 1209 544 1260 αὑτὸν
578 1209 772 1278 κέρατι
807 1213 1148 1283 πονουμένῳ.
1191 1215 1256 1267 Ἥ
1297 1218 1399 1281 μὲν
1429 1215 1521 1267 οὖν
1561 1215 1683 1284 νίκη

141 1294 340 1365 λαμπρὰ
366 1298 442 1366 τῷ
481 1300 815 1372 Ἀλεξάνδρῳ
849 1304 1239 1372 προσγέγονεν.
1281 1304 1343 1358 'H
1374 1306 1430 1358 δὲ
1460 1305 1686 1376 Περσῶν

143 1387 358 1454 βασιλεία
402 1391 667 1445 τὲντεῦθεν
716 1393 1016 1465 καθῄρητο,
1092 1397 1442 1467 Ἀλέξανδρος
1475 1397 1531 1449 δὲ
1589 1398 1688 1464 τῆς

151 1479 310 1542 Ἀσίας
341 1483 596 1551 βασιλεὺς
625 1485 982 1554 ἀνηγόρευτο,
1015 1487 1108 1540 καὶ
1132 1486 1220 1539 ἐπ’
1249 1486 1402 1557 αὐτῷ
1449 1488 1482 1556 ἠ
1515 1485 1689 1538 Βαϐυ-

141 1571 282 1624 λωνία
304 1575 448 1625 πᾶσα
483 1575 721 1641 ἐγένετο,
757 1576 972 1631 Σούσων
1022 1578 1078 1630 δὲ
1135 1579 1436 1647 κρατήσας.
1493 1593 1690 1644 τετρα-

141 1665 380 1733 κισμύρια
408 1667 648 1719 τάλαντα
677 1667 1016 1737 νομίσματος
1039 1669 1182 1722 κατὰ
1208 1668 1277 1721 τὰ
1317 1667 1567 1734 βασίλεια
1594 1665 1689 1719 εὕ-

145 1776 280 1826 ρηκε,
309 1761 400 1812 καὶ
446 1761 624 1815 ἄλλων
659 1762 957 1833 χρημάτων
987 1761 1287 1832 ἀμυθήτων
1319 1760 1689 1813 πολυτέλειαν.

145 1852 423 1921 κυριεύσας
475 1855 534 1906 δὲ
587 1858 681 1907 καὶ
725 1858 823 1924 τῆς
856 1854 1142 1924 Περσίδος,
1198 1853 1537 1924 νομίσματος
1566 1845 1691 1922 εὗρε

1787 663 1942 718 ςωεὶε
1968 703 1982 727 ,
2025 678 2148 716 cum
2186 663 2233 718 is
2259 679 2371 732 pra:
2402 662 2764 718 cadaveribus
2793 679 3020 718 currum
3054 680 3216 733 agere
3243 679 3352 718 non

1789 766 2007 826 posset:
2034 771 2100 811 eo
2126 756 2341 816 relicto,
2366 767 2422 810 et
2445 771 2583 826 equa
2605 772 2927 822 conscensa,
2951 757 3089 828 fuga:
3113 773 3171 812 se
3202 774 3356 812 nian-

1787 847 1918 902 dat:
1966 849 2020 902 in
2070 863 2177 917 qua
2220 859 2413 918 captus
2441 850 2606 904 etiam
2639 851 2834 905 fuisset
2861 892 2874 912 ,
2911 849 3018 904 nisi
3065 852 3356 919 Parmenio

1787 940 2154 994 Alexandrum
2205 942 2564 1006 accersisset,
2619 950 2680 994 ut
2709 958 2808 996 suo
2855 957 3028 996 cornu
3079 943 3355 998 laboranti

1789 1034 2129 1100 subveniret.
2175 1033 2287 1087 Hac
2335 1033 2533 1087 illustri
2574 1043 2724 1102 parta
2755 1034 3020 1095 victoria,
3067 1035 3356 1088 Persarum
3416 1029 3419 1033 ”

1790 1141 1957 1195 regno
1990 1139 2206 1185 everso,
2238 1123 2547 1194 Alexander
2577 1125 2721 1178 Asiae
2753 1139 2849 1178 rex
2872 1123 3205 1186 declaratus,
3237 1140 3362 1177 om-

1789 1217 1845 1269 ni
1878 1215 2173 1285 Babylonia
2222 1215 2430 1284 potitus
2481 1225 2584 1269 est.
2638 1213 2794 1270 Susis
2845 1216 3056 1283 captis,
3091 1230 3158 1268 IL
3189 1215 3360 1269 millia

1792 1307 2054 1360 talentum
2100 1307 2326 1374 signata:
2374 1307 2622 1374 pecunia:
2643 1345 2657 1366 ,
2699 1314 2757 1360 et
2785 1307 2921 1361 alias
2955 1307 3197 1362 infinitas
3228 1322 3362 1377 Opes

1792 1400 2008 1453 maximi
2034 1399 2199 1467 pretii
2235 1398 2289 1452 in
2321 1401 2469 1468 regia
2498 1399 2728 1453 invenit.
2762 1399 2947 1453 Persia
2973 1413 3193 1468 quoque
3216 1399 3356 1452 sub-

1792 1501 1934 1554 acta,
1958 1489 2296 1542 tantumdem
2331 1499 2597 1558 quantum
2656 1487 2814 1544 Susis
2841 1489 3085 1554 invenit;
3117 1489 3362 1558 aliasque

1794 1591 2057 1651 praterea
2091 1581 2314 1636 divitias
2344 1591 2658 1651 exportatas
2691 1594 2813 1637 esse
2841 1580 3002 1651 190
3034 1587 3361 1645 memorant,

1794 1673 1976 1726 decies
2008 1672 2158 1726 mille
2188 1672 2336 1742 jugis
2369 1672 2678 1737 mulorum,
2711 1680 2766 1726 et
2789 1673 3084 1742 quinquies
3111 1672 3258 1726 mille
3281 1686 3368 1726 ca-

1794 1763 1974 1820 melis.
2006 1765 2189 1834 Regiae
2217 1765 2453 1819 incensa:
2493 1767 2676 1820 statim
2711 1779 2836 1819 eum
2863 1765 3125 1834 pmnituit
3152 1805 3167 1830 ,
3198 1773 3364 1834 atque

1797 1858 1977 1927 ignem
2028 1857 2303 1927 exstingui
2339 1857 2522 1923 jussit.
2557 1857 2732 1912 Porro
2760 1871 2884 1910 cum
2917 1865 3116 1910 natura
3156 1855 3365 1924 magni-

144 1943 318 2012 π>.ἧθος
339 1945 459 1996 ὅσον
483 1949 540 1997 ἐν
581 1947 827 2009 Σούσοις.
857 1946 960 1998 Τὸν
997 1947 1156 2001 ἄλλον
1192 1947 1247 1999 δὲ
1277 1945 1511 1998 πλοῦτον
1547 1947 1692 1998 ίστοο

1805 1949 1934 2001 licus
1956 1956 2122 2009 esset,
2149 1948 2325 2002 auctis
2341 1946 2600 2010 fortunis,
2622 1947 2787 2000 etiam
2810 1947 2929 2016 ejus
2951 1954 3106 1999 aucta
3129 1954 3209 1999 est
3230 1944 3367 1999 libe—

146 2035 304 2102 ροῦσιν
331 2037 733 2106 ἐκκομισθῆναι
788 2038 1002 2106 μυρίοις
1049 2040 1258 2105 ὀρικοῖς
1293 2038 1536 2105 ζεύγεσι,
1595 2039 1692 2091 καὶ

142 2127 574 2197 πεντακισχιλίοις
623 2128 912 2198 καμήλοις.
970 2128 1290 2197 Ἐμπρήσας
1333 2129 1389 2181 δὲ
1440 2129 1506 2182 τά
1537 2130 1691 2198 βασί-

139 2219 259 2284 λεια,
297 2223 429 2290 ταχὺ
474 2222 845 2292 μετεμελήθη,
901 2222 995 2274 καὶ
1034 2208 1491 2290 ’κατασϐεσθῆναι
1519 2223 1692 2275 ταῦτα

141 2314 440 2380 προσέταξε.
476 2314 872 2385 Μεγαλδδωρος
921 2315 978 2367 δὲ
1009 2315 1317 2384 τυγχάνων,
1351 2317 1433 2367 ἔτι
1488 2314 1692 2385 μᾶλλον

142 2407 359 2460 ἐπεδίδου
393 2408 528 2476 πρὶς
563 2396 742 2471 τοῦτο,
775 2407 884 2460 τῶν
919 2408 1263 2478 πραγμάτων
1312 2407 1696 2478 αὐξανομένων

142 2500 287 2568 αὐτῷ.
325 2502 497 2570 Ὀρῶν
528 2502 582 2552 δὲ
637 2502 763 2562 τοὺς
822 2503 950 2569 περὶ
981 2501 1144 2553 αὑτὸν
1187 2501 1547 2570 τρυφῶντας,
1603 2504 1698 2554 καὶ

142 2596 246 2655 ταῖς
277 2594 502 2655 διαίταις
563 2593 896 2659 πολυτελεῖς,
950 2593 1238 2662 καθήψατο
1272 2595 1458 2662 πράως
1493 2593 1695 2655 αὐτῶν,

145 2687 418 2754 Θαυμάζειν
466 2686 658 2751 εἰπὼν,
711 2687 759 2737 εί
793 2690 868 2756 μὴ
899 2685 1103 2754 ἔμαθον
1139 2688 1202 2739 ὲκ
1238 2687 1577 2754 συγκρίσεως
1605 2685 1696 2738 τοῦ

143 2779 236 2830 τῶν
268 2779 487 2848 Περσῶν
519 2779 635 2849 βίου
667 2778 801 2849 πρὸς
829 2779 920 2831 τὸν
945 2779 1225 2847 σφέτερον,
1259 2779 1338 2832 ὅτι
1361 2777 1696 2832 δουλικώτα-

145 2888 223 2924 τον
246 2873 336 2940 μέν
384 2875 502 2926 ἐστι
529 2873 590 2924 τὸ
614 2873 849 2942 τρυφᾷν,
907 2871 964 2923 τὸ
987 2871 1043 2923 δὲ
1070 2874 1253 2924 πονεῖν
1298 2871 1698 2941 ἀρχικώτατον.

148 2964 296 3022 Αὐτὸς
341 2965 524 3030 μέντοι
556 2966 655 3015 οὐκ
688 2963 941 3024 ἐνεδίδου,
1001 2966 1094 3015 καὶ
1127 2963 1442 3030 στρατείαις
1481 2964 1575 3016 καὶ
1607 2963 1703 3033 Θή-

152 3070 252 3122 ραις
273 3053 463 3108 πονῶν.
495 3054 557 3106 Οἱ
596 3053 640 3106 δ’
665 3055 872 3122 ἑταῖροι
906 3051 1071 3105 αὑτοῦ
1109 3053 1199 3105 διὰ
1229 3053 1459 3105 πλοῦτον
1488 3054 1700 3122 τρυφᾷν

154 3145 460 3214 βουλόμενοι,
516 3145 844 3198 συνέπεσθαι
872 3145 927 3198 δέ
956 3145 1005 3198 οί
1039 3144 1501 3214 ἀναγκαζόμενοι,
1539 3147 1616 3208 είς
1640 3144 1701 3197 τὸ

157 3238 469 3308 βλασφημεῖν
529 3239 691 3291 αὑτὸν
747 3238 1046 3308 προῄεσαν.
1116 3239 1175 3292 '0
1208 3238 1264 3291 δὲ
1295 3237 1484 3308 πράως
1536 3237 1731 3306 ἔφερε.

159 3334 262 3399 περὶ
282 3333 374 3402 τὴν
404 3331 580 3402 ἀρχὴν
634 3332 730 3394 τὰς
762 3331 1131 3401 βλασφημίας,
1189 3330 1388 3397 λέγων,
1422 3329 1701 3399 βασιλικὸν

156 3420 271 3477 εἶναι
301 3424 356 3475 τὸ
386 3423 565 3484 κακῶς
600 3423 819 3475 ἀκούειν
858 3420 1547 3491 εὐεργετοῦντα.¹⁹Υστερον
1571 3421 1704 3490 μέν·

154 3516 401 3568 τοιοῦτὸν
423 3517 480 3568 αἱ
514 3515 709 3567 πολλαὶ
749 3513 996 3568 διαϐολαὶ
1026 3515 1415 3582 ἐξετράχυναν,
1443 3514 1538 3564 καὶ
1569 3513 1705 3579 πρὸς

153 3609 257 3668 τοὺς
293 3607 744 3676 βλασφημοῦντας
801 3605 968 3659 αὑτὸν
1027 3609 1264 3676 χαλεπὸν
1295 3605 1554 3673 γενέσθαι
1610 3606 1705 3656 καὶ

153 3700 503 3772 ἀπαραίτητον
537 3700 983 3770 παρεσκεύασαν.
1019 3702 1130 3756 Καί
1158 3719 1238 3755 τοι
1265 3700 1457 3770 πρώην
1492 3701 1587 3752 καὶ
1620 3699 1707 3752 0a.-

154 3792 367 3844 νατικῶν
410 3794 652 3863 ἠκροᾶτο
697 3793 885 3857 δικῶν,
941 3793 1122 3846 εἰώθει
1167 3793 1244 3864 τῷ
1275 3795 1355 3846 ἑνὶ
1413 3793 1523 3845 τῶν
1553 3791 1707 3845 ὢτων

154 3883 236 3950 τὴν
265 3886 416 3951 χεῖρα
451 3884 777 3947 ἐπιτιθέναι,
807 3885 882 3945 ὡς
925 3885 1203 3958 ἄψαυστον
1253 3886 1384 3938 αὐτὸ
1420 3884 1497 3954 τῷ
1532 3901 1707 3950 κατη-

155 3977 446 4046 γορουμένῳ
474 3979 683 4045 τηρῶν,
726 3979 821 4029 καὶ
859 3978 959 4042 τῆς
992 3979 1323 4046 κατηγορίας
1379 3977 1704 4042 ἀμέθεκτον.

165 4068 474 4133 Ἐξεὶαύνων
528 4069 573 4120 δ’
615 4069 709 4121 ἐπὶ
756 4072 998 4138 Δαρεῖον,
1045 4069 1181 4137 μετὰ
1235 4068 1567 4138 τρισχιλίων,
1622 4067 1706 4134 ἐφ’

156 4164 345 4232 ἡμέρας
378 4163 598 4224 πλείους
623 4162 865 4226 ἐδίωκεν,
890 4163 963 4224 ὡς
981 4161 1356 4231 ἀπαγορεῦσαι
1383 4160 1508 4222 τοὺς
1536 4159 1709 4211 πλείο·

158 4272 258 4318 νας,
291 4257 376 4308 δια
415 4273 475 4308 τε
505 4255 604 4322 τὴν
651 4254 996 4321 χαλεπότητα
1036 4257 1136 4322 τῆς
1167 4252 1283 4304 ὀδοῦ
1334 4253 1426 4303 καὶ
1453 4253 1552 4319 τὴν
1577 4253 1706 4301 ἀνυ-

145 4346 313 4414 δρίαν.
343 4347 466 4397 Ὅτε
506 4343 810 4405 Μακεδόνες
839 4343 982 4404 τινὲς
1027 4344 1087 4393 ὲν
1134 4343 1321 4401 ἀσκοῖς
1349 4339 1492 4408 ὕδωρ
1547 4338 1709 4406 κομί-

159 4435 321 4499 ζοντες
358 4433 505 4502 αὐτῷ
563 4432 922 4500 συνήντησαν,
985 4433 1078 4482 καὶ
1126 4431 1434 4498 πλήσαντες
1488 4429 1710 4496 κράνος,

160 4529 518 4598 προσήνεγκαν
548 4523 695 4590 αὖτῴ
725 4523 908 4583 κακῶς
937 4523 1040 4573 ὑπὸ
1077 4521 1238 4589 δίψης
1268 4519 1603 4586 διακειμένῳ
1633 4533 1645 4544 ³
1684 4521 1710 4569 ὁ

1795 2041 2004 2095 ralitas.
2050 2038 2190 2094 Suos
2237 2040 2468 2095 delicate
2515 2041 2699 2094 vivere
2737 2039 2965 2103 videns,
3022 2036 3220 2093 leniter
3270 2051 3366 2092 ca-

1794 2133 2019 2202 stigavit
2050 2148 2062 2183 :
2104 2147 2274 2200 seque
2309 2132 2498 2185 mirari
2531 2131 2692 2196 dixit,
2729 2146 2827 2186 eos
2857 2147 2922 2186 ex
2959 2131 3369 2201 comparatione

1796 2240 1911 2278 sua:
1941 2234 1997 2277 et
2032 2224 2264 2278 Pcrsicm
2309 2225 2434 2278 vitae
2482 2239 2592 2277 non
2639 2223 2911 2280 dedicisse
2938 2264 2953 2289 ,
2990 2223 3203 2279 deliciis
3230 2223 3368 2279 nihil

1794 2332 1914 2370 esse
1945 2317 2222 2380 servilius,
2269 2317 2456 2372 labore
2500 2317 2639 2372 nihil
2676 2319 2934 2388 regalius.
2978 2318 3099 2387 Ipse
3148 2317 3372 2387 quidem

1797 2408 1865 2461 de
1895 2410 2309 2479 expeditionum
2338 2419 2395 2463 et
2414 2397 2776 2465 venationum
2805 2410 3093 2465 laboribus
3120 2409 3257 2464 nihil
3283 2424 3372 2462 re—

1799 2500 1978 2553 misit:
2017 2501 2180 2554 amici
2229 2516 2390 2560 vero.
2423 2501 2515 2571 qui
2569 2491 2792 2570 propter
2831 2501 3050 2556 divitias
3083 2499 3242 2569 genio
3281 2498 3370 2552 in-

1799 2592 2367 2662 dulgcre’cupiebant
2395 2631 2408 2648 .
2439 2607 2566 2646 eum
2602 2592 2759 2658 sequi
2796 2591 3006 2651 coacti,
3066 2588 3374 2644 maledictis

1800 2701 1907 2739 non
1937 2685 2303 2739 abstinebant.
2342 2685 2471 2751 Qua:
2502 2686 2592 2739 ille
2633 2685 2908 2754 principio
2954 2699 3111 2752 arquo
3150 2681 3375 2740 ferebat

1801 2777 2021 2840 animo,
2053 2777 2265 2845 regium
2301 2791 2432 2832 esse,
2458 2776 2672 2847 dicens,
2701 2776 2842 2828 tnale
2884 2774 3076 2827 audire
3112 2774 3236 2827 cum
3275 2773 3371 2825 be-

1803 2869 2119 2923 nefaceret:
2176 2868 2273 2922 sed
2334 2870 2555 2922 tandem
2636 2866 3027 2934 frequentibus
3081 2863 3377 2917 calumniis

1803 2969 2202 3036 exasperatus,
2259 2977 2436 3015 saevus
2478 2968 2535 3014 et
2589 2957 2946 3012 inexorabilis
2987 2955 3200 3010 exstitit
3242 2969 3372 3022 erga

1805 3056 2127 3111 maledicos.
2158 3054 2319 3110 Prius
2345 3061 2525 3107 autem
2551 3067 2674 3105 cum
2702 3064 2800 3119 pro
2831 3047 3090 3102 tribunali
3115 3045 3377 3115 capitales

1803 3164 1995 3203 causas
2028 3155 2385 3219 cognosceret
2411 3185 2424 3205 .
2457 3144 2615 3198 alteri
2661 3143 2779 3198 auri
2814 3155 3036 3196 manum
3085 3137 3377 3191 admovere

1809 3243 2041 3304 solebat,
2073 3250 2136 3294 ut
2164 3256 2285 3294 eam
2322 3253 2415 3292 reo
2450 3239 2708 3291 intactam
2753 3240 3147 3291 conservaret,
3187 3237 3242 3283 et
3285 3241 3378 3282 ac-

1810 3333 2117 3392 eusationis
2153 3339 2463 3401 expertem.
2505 3328 2643 3382 Cum
2681 3324 2900 3379 Darium
2938 3340 3034 3392 per
3068 3321 3188 3374 dies
3222 3336 3376 3375 com-

1807 3431 1992 3500 plures
2041 3427 2216 3480 tribus
2255 3423 2499 3477 millibus
2553 3415 2855 3488 assumptis
2901 3422 3332 3486 persequeretur
3360 3453 3377 3478 ,

1812 3521 2057 3589 plerique
2084 3527 2139 3572 et
2177 3517 2435 3570 itinerum
2468 3509 2886 3567 difﬁcultatibus
2921 3518 2978 3562 et
3011 3521 3165 3575 aqua:
3196 3501 3382 3573 inopia

1807 3610 2086 3681 defatigati
2116 3617 2263 3662 sunt.
2289 3606 2428 3659 Tum
2453 3606 2501 3658 ei
2534 3601 2858 3658 Macedones
2882 3597 3104 3668 quidam
3124 3608 3385 3652 occurre-

1808 3709 1973 3767 runt,
2031 3712 2227 3770 aquam
2282 3698 2338 3750 in
2386 3691 2602 3750 utribus
2645 3693 2932 3747 ferentes:
2985 3689 3385 3758 impletamque

1809 3799 2019 3870 galeam
2046 3795 2369 3856 obtulerunt
2393 3807 2461 3847 ex
2494 3789 2585 3844 siti
2618 3788 2759 3842 male
2789 3785 3013 3839 aﬂecto.
3087 3782 3204 3848 Qua
3232 3795 3383 3870 acce-

1815 3868 1930 3960 pta,
1965 3904 2092 3944 eum
2121 3903 2179 3941 se
2208 3903 2238 3939 a
2266 3881 2564 3938 comitibus
2586 3876 2755 3947 aspici
2792 3874 3025 3936 videret,
3057 3887 3164 3924 non
3201 3868 3340 3960 bibit
3361 3905 3380 3928 ,

1809 3957 1906 4035 sed
1936 3980 2004 4033 iis
2030 3978 2123 4047 qui
2156 3975 2426 4030 dederant
2451 3971 2541 4025 illa
2565 3968 2807 4029 reddita,
2835 3964 3014 4018 dixit:
3044 3961 3103 4016 Si
3118 3975 3210 4030 ego
3235 3957 3381 4012 solus.

1811 4072 1981 4126 bibere
2003 4112 2017 4136 ,
2056 4070 2109 4124 hi
2157 4066 2398 4134 deﬁtient
2425 4063 2640 4119 animis.
2675 4058 2874 4114 Hostes
2897 4058 3008 4127 jam
3040 4061 3330 4108 assecutus
3362 4090 3380 4116 ,

1813 4165 2010 4218 castris
2041 4161 2331 4231 praeteritis
2354 4202 2369 4223 ,
2399 4158 2466 4213 ad
2501 4155 2723 4211 Darium
2753 4149 3081 4221 capiendum
3118 4159 3381 4216 propera-

1814 4256 1913 4305 vit.
1953 4254 1998 4307 is
2040 4268 2170 4306 vero
2202 4252 2254 4304 in
2281 4266 2447 4316 curru
2484 4248 2702 4318 jacebat
2740 4241 3127 4302 moribundus,
3166 4248 3222 4291 et
3249 4251 3384 4290 eon-

1813 4343 1990 4396 fecms
2023 4341 2348 4395 vulneribus
2374 4382 2387 4403 ,
2441 4351 2678 4405 cumque
2716 4334 2885 4402 petita
2912 4347 3052 4399 aqua
3107 4329 3336 4382 bibisset
3363 4367 3377 4386 ,

1815 4432 1879 4486 ad
1915 4434 2279 4502 Polystratum
2326 4432 2464 4486 dixit
2493 4471 2507 4492 ,
2547 4427 2642 4492 qui
2681 4439 2801 4480 eam
2838 4423 3110 4476 dederat:
3146 4419 3254 4474 Hoc
3289 4434 3383 4471 cx-

1818 4534 2038 4575 tremum
2058 4525 2510 4576 estculumitatum
2535 4515 3035 4572 mearumomnium.
3056 4513 3190 4581 quod
3207 4512 3299 4564 tibi
3320 4511 3384 4561 de

161 4620 208 4670 δὲ
237 4619 292 4670 τὸ
319 4619 512 4686 κράνος
543 4615 746 4672 λαϐὼν,
773 4614 866 4665 καὶ
892 4616 1013 4673 τοὺς
1048 4613 1176 4678 περὶ
1205 4612 1364 4662 αὑτὸν
1386 4609 1520 4678 πρὸς
1545 4609 1701 4660 αὑτὸν

1818 4631 1896 4666 me
1940 4615 2065 4666 bene
2102 4615 2286 4666 merito
2315 4616 2548 4682 gratiam
2581 4610 2777 4676 referre
2805 4621 2906 4659 non
2933 4619 3159 4668 possum.
3198 4601 3302 4654 Sed
3333 4612 3382 4654 et

165 4710 273 4762 ἰδὼν
303 4707 725 4778 ἀποϐλέποντας,
780 4703 879 4753 οὐκ
931 4704 1104 4762 ἔπιεν,
1158 4699 1273 4751 ἀλλ’
1313 4698 1552 4750 ἐπέδωκε
1600 4698 1724 4758 τοῖς

163 4799 325 4850 δοῦσιν
356 4798 508 4859 αὐτὸ,
549 4785 740 4857 είπὼν,
771 4793 844 4853 ὡς
872 4794 938 4845 El
966 4789 1078 4858 ἐγὼ
1100 4791 1304 4859 πίομαι
1337 4792 1542 4858 μόνος,
1573 4790 1714 4841 ἀθυ-

165 4891 451 4956 μήσουσιν
474 4884 660 4941 οὗτοι.
708 4883 986 4953 Ἑμϐαλὼν
1035 4884 1090 4935 δὲ
1124 4883 1223 4954 ήδη
1264 4884 1374 4945 τοῖς
1410 4882 1710 4950 πολεμίοις,

169 4984 219 5033 τὸ
252 4984 344 5050 μὲν
375 4977 740 5048 στρατόπεδον
774 4975 952 5025 αὐτῶν
985 4975 1250 5042 παρῆλθε,
1287 4973 1375 5024 τὸν
1411 4972 1466 5024 δὲ
1495 4975 1712 5043 Δαρεῖον

170 5077 407 5141 ᾐπείγετο
441 5067 872 5138 καταλήψεσθαι,
931 5067 989 5117 'U
1026 5067 1071 5116 δ’
1103 5067 1282 5119 ἔκειτο
1320 5068 1376 5118 ἐν
1411 5064 1716 5136 ἁρμαμάξῃ

171 5169 477 5234 τραυμάτων
507 5162 848 5220 κατάπλεω,
879 5160 969 5210 καὶ
1021 5159 1119 5228 ἤδη
1152 5158 1437 5211 ἐκλείπων.
1473 5159 1714 5226 Αίτήσας

173 5261 220 5311 δὲ
245 5259 399 5328 ὕδωρ,
432 5262 530 5313 καὶ
560 5257 722 5322 πιὼν,
756 5253 874 5308 εἷπε
931 5252 1065 5321 πρὸς
1094 5253 1184 5305 τὸν
1212 5254 1369 5306 δόντα
1403 5252 1716 5321 Πολύστρα-

174 5371 268 5405 τον·
301 5355 475 5407 Τοῦτό
490 5372 594 5421 μοι
625 5352 809 5420 πέρας
856 5351 1186 5418 δυστυχίας
1224 5351 1483 5415 ἀπάσης,
1527 5351 1614 5403 ὅτι
1646 5345 1714 5402 εὖ

175 5449 377 5510 παθὼν,
409 5449 780 5516 ἀμείψασθαι
812 5451 986 5499 σε’οὺ
1020 5445 1294 5513 δύναμαι.
1328 5445 1716 5511 Ἀλέξανδρος

176 5542 232 5593 δέ
255 5559 341 5595 σοι
381 5544 492 5607 τὴν
549 5541 724 5609 χάριν
773 5540 1124 5606 ἀναποδοίη,
1170 5537 1537 5606 Ἀλεξάνδρῳ
1571 5538 1619 5590 δ’
1663 5542 1717 5592 οί

177 5635 280 5686 θεοὶ
308 5635 412 5703 τῆς
433 5637 518 5700 είς
540 5634 766 5701 μητέρα
805 5633 901 5686 καί
931 5632 1178 5702 γυναῖκα
1209 5631 1306 5685 καὶ
1334 5630 1547 5695 παῖδας
1575 5633 1715 5698 τοὺς

177 5725 338 5790 ἐμοὺς
366 5727 704 5791 ἐπιεικείας.
739 5725 849 5778 Καὶ
879 5727 968 5777 ἐπὶ
998 5726 1207 5788 τούτοις
1264 5726 1527 5789 ἐξέλιπεν.
1569 5726 1717 5776 Ἐπι-

183 5817 291 5878 ari;
328 5818 380 5868 δὲ
423 5820 570 5887 αὐτῷ
619 5819 830 5871 Θανόντι
867 5818 1233 5885 Ἀλέξανδρος,
1268 5823 1332 5887 τῇ
1365 5815 1555 5870 ἑαυτοῦ
1592 5816 1717 5883 γλα-

183 5909 290 5973 μὲδι
322 5909 407 5962 τὸν
436 5910 646 5963 ἐκείνου
701 5910 892 5982 νεκρὸν
928 5911 1287 5978 περιέστειλε,
1327 5915 1416 5963 καὶ
1453 5910 1582 5978 πρὸς
1618 5913 1713 5978 τὴν

1818 4706 2116 4758 Alexander
2156 4707 2246 4758 tibi
2270 4705 2498 4771 gratiam
2529 4701 2746 4769 referet,
2779 4707 2828 4750 et
2857 4694 3154 4750 Alexandro
3177 4692 3249 4745 dii
3281 4694 3382 4747 im~

1818 4795 2064 4849 mortales
2086 4835 2099 4858 ,
2129 4811 2221 4862 pro
2261 4793 2541 4846 clementia
2565 4833 2578 4852 ,
2611 4807 2715 4853 qua
2746 4788 2870 4858 erga
2897 4796 3119 4841 matrem
3143 4801 3385 4840 uxorem-

1817 4905 1913 4956 que
1943 4896 1989 4940 et
2021 4886 2210 4938 liberos
2244 4899 2383 4936 meos
2417 4900 2541 4936 usus
2576 4893 2673 4936 est.
2700 4880 2795 4935 llis
2833 4880 3016 4942 dictis,
3045 4877 3342 4948 exspiravit
3370 4893 3385 4931 :

1815 4981 1901 5034 cui
1941 4976 2244 5034 Alexander
2281 4966 2535 5029 morienti
2567 4982 2754 5028 astans
2776 5013 2790 5038 ,
2826 4989 2924 5026 sua
2956 4969 3243 5040 chlamyde
3293 4985 3388 5021 ca-

1819 5077 1984 5129 daver
2031 5079 2266 5130 tectum,
2312 5077 2366 5122 et
2403 5066 2657 5136 regaliter
2707 5072 2961 5116 ornatum
2992 5102 3006 5125 ,
3051 5061 3118 5112 ad
3155 5071 3385 5114 matrem

1817 5170 1936 5237 ejus
1966 5164 2137 5219 misit.
2162 5159 2399 5217 'Bessum
2435 5173 2564 5211 vero
2593 5174 2621 5208 a
2646 5170 2754 5223 quo
2776 5155 2994 5209 occisus
3018 5153 3216 5215 fuerat,
3248 5155 3383 5205 dua-

1820 5261 1922 5314 bus
1938 5256 2227 5312 arboribus
2243 5254 2288 5306 vi
2307 5250 2514 5304 inﬂexis
2527 5247 2737 5314 alligari
2752 5245 3153 5316 jussit,quibus
3171 5245 3383 5305 laxatis,

1820 5368 1941 5408 cum
1957 5362 2184 5418 utraque
2206 5342 2509 5401 vehementi
2542 5342 2747 5410 impetu
2767 5339 2832 5392 ad
2849 5352 3000 5392 suam
3026 5345 3275 5390 naturam
3296 5349 3386 5387 re-

1819 5448 1981 5508 diret,
2010 5445 2172 5497 homo
2194 5440 2503 5506 discerptus
2524 5443 2630 5492 est.
2651 5431 2803 5501 191
2821 5429 2958 5485 Cum
2985 5429 3039 5483 in
3062 5426 3384 5499 Hyrcaniam

1821 5541 2012 5601 abiret,
2038 5536 2334 5592 etbarbari
2379 5531 2596 5602 quidam
2634 5530 2779 5582 circa
2819 5526 3042 5596 pelagus
3069 5522 3383 5581 liircanum,

1820 5630 1966 5699 quod
1985 5639 2038 5683 et
2054 5628 2309 5698 Caspium
2329 5624 2552 5683 dicitur,
2567 5634 2768 5688 equum
2782 5619 2903 5688 ejus
2921 5611 3280 5682 Bucephalam
3301 5624 3385 5660 ra-

1823 5725 2088 5793 puissent,
2110 5738 2248 5791 (egre
2270 5719 2411 5776 tulit.
2449 5715 2637 5783 eisque
2659 5729 2754 5780 per
2780 5710 2998 5762 nuntios
3021 5706 3382 5759 eununinutus

1822 5829 1924 5872 est.
1947 5820 1995 5867 ni
2013 5831 2212 5883 equum
2236 5813 2546 5872 redderent,
2567 5823 2624 5860 sc
2639 5818 2827 5858 omnes
2851 5801 3184 5855 occisurum.
3218 5798 3283 5848 At
3304 5794 3378 5847 illi

1823 5919 2092 5978 ethuum
2124 5904 2518 5966 reddiderunt,
2554 5893 2944 5961 ctscmetipsos
2964 5892 3011 5946 ei
3037 5889 3380 5946 dediderunt.
