3988 6328
585 312 682 376 357
1831 313 2154 374 JOANNIS

2257 312 2515 374 lNAPuE
3700 310 3814 372 358

583 412 790 496 μητέρα
825 423 1116 493 βασιλικῶς
1166 425 1575 492 κεκοσμημένον
1608 423 1916 477 ἀπέστειλε.
1950 425 2052 477 Τὸν
2083 423 2139 476 δὲ
2169 423 2398 493 Βῆσσον,
2426 425 2484 486 ὃς
2553 425 2756 476 ἐκεῖνον
2806 422 3001 486 ἀνεῖλε,
3041 421 3472 492 διεσφενδόνησε,
3513 424 3638 474 δυσὶ
3708 421 3805 491 βίᾳ

576 494 806 571 κλιθεῗσι
851 516 1086 586 δένδροις
1127 516 1572 586 προσαρτηθῆναι
1631 515 1891 578 κελεύσας
1945 515 2126 578 αὐτὸν,
2159 512 2276 568 εἶτα
2310 515 2552 585 μεθεῖναι
2613 515 2681 568 τὰ
2707 514 2920 584 δένδρα,
2953 514 3046 567 καὶ
3069 515 3210 567 οὕτω
3238 513 3646 584 διασπασθῆναι
3717 513 3816 564 τὸν

577 608 883 679 ἄνθρωπον,
919 607 1148 660 ἑκάστου
1177 608 1285 660 τῶν
1310 607 1544 678 δένδρων
1577 607 1715 675 μετά
1765 607 2120 677 σφοδρότητος
2155 610 2234 671 είς
2298 609 2394 678 τὴν
2427 608 2564 661 κατά
2603 606 2762 675 φύσιν
2803 605 3121 677 ὡρμηκότος
3152 606 3430 660 ἀνάτασιν.
3490 607 3584 671 Εἰς
3678 606 3816 675 ’Υρ-

579 698 770 754 κανίαν
799 699 851 750 δὲ
880 699 1056 752 ἀπιὼν
1089 700 1217 769 περὶ
1263 701 1323 752 τὸ
1364 699 1651 769 Ὑρκάνιον
1681 699 1935 768 πέλαγος,
1969 699 1997 752 δ
2041 702 2133 754 καὶ
2167 700 2412 753 Κάσπιον
2470 699 2709 767 λέγεται,
2745 698 3033 770 βαρϐάρων
3065 699 3227 751 τινῶν
3271 699 3363 752 τὸν
3410 699 3575 752 ἵππον
3639 695 3816 751 αὐτοῦ

579 792 670 843 τὸν
725 790 1076 859 Βουκεφάλαν
1130 792 1523 860 ἀφελομένων,
1581 790 1988 862 ἐϐαρυθύμησε,
2048 793 2142 845 καὶ
2173 791 2396 860 πέμψας
2452 792 2714 861 ἠπείλησε
2751 792 2958 853 πάντας
2987 790 3328 855 ἀποκτενεῖν,
3358 793 3407 844 εἰ
3466 791 3540 861 μὴ
3569 790 3668 844 τὸν
3723 791 3817 841 ἵπ-

581 902 680 938 πον
709 883 855 953 αὑτῷ
906 885 1283 953 ἀναπέμψειαν
1309 900 1321 915 ·
1371 887 1421 937 oi
1450 886 1506 939 δὲ
1554 889 1649 940 καὶ
1681 888 1773 938 τὸν
1806 879 1991 960 ἵππον,
2041 888 2136 939 καὶ
2170 888 2394 950 ἑαυτοὺς
2430 889 2578 958 αὐτῷ
2610 888 2964 959 ἐνεχείρισαν.

649 975 764 1028 ΧΙΙ.
797 974 926 1028 Ind-3
952 975 1006 1028 in
1042 973 1351 1029 Parthicam
1381 977 1786 1046 est'profectus.
1813 977 1901 1031 ubi
1927 978 2142 1046 primun

2318 979 2415 1035 IB'.
2471 978 2749 1033 Ἐντεῦθεν
2799 980 2879 1041 εἰς
2909 979 3006 1044 τὴν
3066 979 3341 1050 Παρθικὴν
3388 979 3817 1050 ἀναζεύγνυσιν,

582 1063 921 1119 barbaricam
957 1076 1160 1120 vestem
1198 1067 1414 1132 induit,
1458 1068 1664 1124 Medica
1703 1069 1882 1123 minus
1928 1084 2133 1139 super-

587 1160 746 1221 bam,
796 1159 1008 1214 Persica
1054 1162 1468 1216 insolentiorem
1497 1201 1510 1224 ,
1565 1163 1711 1232 quod
1764 1165 2134 1233 spectaculum

586 1266 847 1319 arrogans
873 1253 1048 1306 visum
1072 1262 1152 1308 est
1177 1255 1588 1310 Macedonibus.
1627 1255 1667 1310 E
1699 1257 1927 1325 captivis
1954 1257 2140 1311 tricies

586 1345 733 1398 mille
765 1361 965 1414 pueros
987 1345 1231 1401 delectos
1250 1390 1262 1412 ,
1288 1358 1342 1402 et
1367 1347 1570 1405 Graecis
1596 1348 1796 1404 litteris
1816 1342 2055 1415 erudiri,
2087 1358 2141 1405 et

586 1440 693 1492 ritu
744 1439 1094 1494 Macedonum
1149 1425 1346 1494 armari
1386 1441 1568 1511 jussit.
1621 1443 1859 1497 Roxanae
1893 1441 2143 1498 formosa

588 1531 838 1598 mulieris
888 1530 1167 1586 amoribus
1199 1543 1424 1587 eatenus
1458 1532 1718 1596 indulsit,
1761 1543 1820 1587 ut
1858 1548 1976 1588 eam
2009 1534 2144 1604 legi-

591 1622 725 1675 timo
757 1620 859 1675 sibi
887 1623 1235 1678 matrimonio
1261 1626 1538 1695 iungeret.
1578 1625 1658 1680 Ex
1691 1625 1880 1680 amicis
1908 1623 2140 1695 Hepha-

591 1712 824 1765 stioncm
848 1750 864 1777 ,
897 1712 988 1782 qui
1019 1713 1276 1768 vestitum
1321 1717 1440 1785 ejus
1477 1715 1733 1781 laudabat
1755 1758 1767 1779 ,
1801 1717 2142 1782 similemque

595 1811 800 1856 vestem
818 1811 879 1857 et
910 1803 1023 1874 ipse
1051 1804 1324 1871 induerat,
1352 1806 1645 1866 Alexandri
1677 1813 1980 1869 amantem;
2015 1806 2147 1862 Cra;

592 1903 767 1948 ternm
799 1910 928 1951 vero
949 1938 961 1961 ,
993 1897 1135 1966 quia
1165 1900 1354 1968 patriis
1390 1898 1654 1953 institutis
1682 1900 1788 1953 no‘n
1822 1889 2144 1964 recedebat,

592 1987 734 2057 regis
766 1995 1034 2043 amantem
1083 1989 1427 2058 appellabat:
1462 1991 1660 2059 illoque
1702 1993 1844 2062 apud
1882 1991 2149 2046 barbaros

594 2078 882 2141 utebatur,
929 2094 1025 2147 per
1070 2078 1354 2133 Craterum
1419 2080 1804 2137 Macedonibus
1844 2090 1900 2136 et
1945 2080 2148 2135 Griecis

593 2170 978 2236 respondebat.
1022 2169 1289 2224 Philotam
1326 2171 1702 2228 Parmenionis
1733 2172 1927 2228 filium.
1967 2186 2147 2227 rerum

593 2269 861 2329 gestarum
877 2262 1104 2331 gloriam
1118 2262 1220 2316 sibi
1243 2272 1297 2318 et
1314 2265 1452 2332 patri
1469 2265 1856 2324 vindicantem.
1873 2265 2152 2320 etAlexan-

2239 1071 2366 1125 ἔνθα
2396 1070 2606 1141 πρῶτον
2639 1070 2978 1142 βαρϐαρικὴν
3011 1072 3200 1140 στολὴν
3238 1073 3544 1137 ἐνεδύσατο,
3582 1076 3683 1127 καὶ
3716 1076 3817 1144 τῆς

2242 1164 2339 1233 μὲν
2374 1162 2622 1235 Μηδικῆς
2646 1165 3008 1232 ἀτυφοτέραν,
3040 1163 3139 1231 τῆς
3172 1164 3227 1216 δὲ
3255 1165 3527 1234 Περσικῆς
3557 1167 3818 1236 σοϐαρω-

2239 1255 2420 1326 τέραν.
2453 1254 2660 1310 Ἐδόκει
2685 1257 2738 1308 δὲ
2769 1259 2880 1318 τοῖς
2906 1257 3178 1310 Μακεδόσι
3210 1257 3271 1310 τὸ
3300 1258 3476 1327 θέαμα
3523 1261 3814 1330 φορτικόν.

2253 1345 2666 1416 Ἐπιλεξάμενος
2723 1347 2778 1402 δὲ
2826 1350 3184 1420 τρισμυρίους
3213 1353 3410 1416 παῖδας
3466 1352 3575 1405 τῶν
3607 1354 3819 1421 αἰχμα-

2240 1439 2444 1505 λώτων,
2479 1439 2725 1494 ἐκέλευσε
2769 1443 3072 1512 γράμματα
3128 1445 3269 1511 σφᾶς
3325 1445 3622 1514 Ἐλληνικά
3671 1445 3821 1498 ὲκίιο

2241 1533 2553 1598 δάσκεσθαι,
2614 1535 2706 1586 καὶ
2760 1534 2901 1587 κατὰ
2955 1535 3269 1598 Μακεδόνας
3321 1535 3674 1599 ὁπλίζεσθαι.
3705 1536 3819 1603 Τῆς

2252 1621 2522 1692 Ῥωξάνης
2553 1621 2609 1676 δὲ
2657 1620 2868 1692 ὡραίας
2912 1623 3165 1694 ἐρασθεὶς
3201 1624 3478 1693 γυναικὸς,
3509 1625 3612 1678 οὐκ
3641 1623 3817 1684 ἄλλως

2243 1715 2377 1785 αὐτῇ
2409 1714 2763 1786 προσῆλθενῆ
2791 1719 2929 1770 κατα
2960 1715 3144 1786 νόμον.
3187 1716 3309 1770 Τῶν
3347 1717 3401 1771 δὲ
3433 1718 3609 1787 φίλων
3644 1715 3817 1770 αὑτοῦ

2243 1803 2335 1858 τὸν
2361 1804 2460 1875 μὲν
2501 1803 2884 1873 Ἡφαιστίωνα
2914 1806 3242 1861 ἐπαινοῦντα
3269 1808 3367 1879 τὴν
3400 1807 3596 1878 στολὴν
3627 1808 3817 1877 ἢν-ὲν-

2247 1896 2358 1961 έδυ,
2388 1895 2482 1948 καὶ
2513 1895 2715 1966 ὁμοίως
2746 1895 2894 1966 αὐτῷ
2919 1899 3454 1968 μεταμφιασάμενον,
3480 1896 3816 1961 Φιλαλέξανσ

2247 1988 2370 2059 δρον
2401 1987 2607 2052 ἐκάλει,
2638 1987 2728 2041 τὸν
2757 1989 3040 2060 Κρατερὸν
3065 1991 3122 2042 δὲ
3151 1991 3226 2060 μὴ
3256 1990 3582 2060 παρεξιόντα
3608 1988 3685 2043 τά
3714 1990 3819 2042 πά-

2247 2095 2395 2148 τρια,
2425 2077 2812 2131 Φιλοϐασιλέα’
2846 2079 2936 2131 καὶ
2968 2079 3028 2131 τὸ
3057 2079 3154 2149 μὲν
3182 2079 3314 2149 πρὸς
3337 2081 3463 2141 τοὺς
3499 2078 3819 2148 βαρϐάρους

2249 2173 2536 2241 ἐκέχρητο,
2581 2171 2668 2224 διὰ
2709 2171 2765 2223 δὲ
2793 2171 2887 2223 τοῦ
2941 2173 3224 2240 Κρατεροῦ
3258 2175 3367 2232 τοῖς
3403 2171 3684 2231 Μακεδόσι
3727 2173 3819 2223 καὶ

2249 2265 2363 2324 τοῖς
2391 2261 2651 2327 Ἕλλησιν
2678 2261 3032 2332 ἐχρημάτιζε.
3054 2261 3295 2314 Φιλώταν
3319 2261 3373 2314 δὲ
3406 2261 3494 2313 τὸν
3522 2267 3639 2315 υἱον
3674 2261 3821 2328 Παρα

595 2351 752 2403 drum
773 2351 1176 2407 adolescentem
1195 2355 1584 2424 appellantem.
1605 2358 1961 2428 deprehensis
1984 2359 2150 2413 etiam

2257 2353 2512 2423 μενίωνος
2548 2352 3015 2424 μεγαλαυχοῠντα,
3053 2353 3126 2417 ὡς
3185 2357 3315 2426 παρ’
3365 2356 3530 2407 αὐτοῦ
3588 2353 3816 2407 καὶτοῦ

596 2442 833 2507 insidiis,
861 2447 1102 2500 sustulit.
1128 2446 1339 2500 Patrem
1362 2463 1577 2516 quoque
1600 2449 1717 2517 ejus
1739 2449 2153 2504 Parmenionem

598 2535 654 2588 in
687 2535 859 2589 Media
886 2537 1248 2591 occidendum
1273 2539 1508 2593 curavit.
1540 2539 1604 2592 Et
1645 2541 1877 2594 amicum
1909 2527 2111 2594 Clitum
2136 2581 2150 2606 ,

601 2640 723 2678 cum
757 2629 810 2680 in
842 2629 1096 2683 convivio
1134 2638 1383 2698 poemata
1407 2633 1459 2684 in
1484 2631 1652 2687 duces
1673 2633 1935 2703 quosdam
1962 2649 2151 2689 recens

597 2719 777 2773 victos
802 2737 831 2772 a
861 2721 1113 2776 barbaris
1153 2723 1293 2777 facta
1325 2735 1657 2782 canerentur
1677 2767 1689 2788 ,
1716 2741 1888 2796 eaque
1918 2728 2149 2781 Alexan-

598 2812 698 2866 der
754 2813 988 2869 libenter
1030 2815 1273 2881 audiret,
1325 2834 1434 2887 prre
1460 2817 1755 2874 insolentia
1793 2828 1848 2872 et
1888 2820 2156 2874 ebrietate

598 2906 957 2976 refragantem
988 2919 1042 2963 et
1075 2909 1447 2980 indignantem
1485 2921 1537 2964 et
1579 2911 1908 2982 gloriantem
1937 2951 1950 2973 .
1983 2909 2154 2966 male-

604 2999 858 3068 dictaque
898 3001 1268 3071 ingerentem,
1322 3004 1559 3073 primum
1604 3005 1744 3058 malo
1807 3003 1987 3074 petiit.
2051 3001 2156 3058 Sed

2254 2442 2459 2512 πατρὸς
2505 2441 2671 2496 αὑτοῦ
2711 2442 2833 2502 ,τῶν
2890 2444 3331 2515 κατορθωμάτων
3364 2445 3693 2513 γινομένων,
3729 2446 3819 2496 καὶ

2255 2537 2536 2608 μειράκιον
2556 2536 2648 2591 τὸν
2678 2537 3024 2607 Ἀλέξανδρον
3046 2540 3399 2608 ὀνομάζοντα,
3427 2535 3546 2591 εἶτα
3575 2541 3677 2591 καὶ
3707 2541 3819 2590 ἑπι-

2251 2628 2575 2703 ϐουλεύοντα
2609 2631 2786 2697 γνοὺς,
2822 2631 3022 2684 ἀνεῖλε.
3074 2631 3298 2701 Πέμψας
3354 2631 3410 2684 δὲ
3441 2631 3519 2693 εἰς
3579 2630 3817 2700 Μηδίαν,

2252 2722 2347 2774 καὶ
2375 2721 2704 2791 τὺν’πατὲρα
2734 2721 2898 2774 αὐτοῦ
2932 2723 3072 2791 (ἐκεῖ
3102 2723 3206 2793 γὰρ
3238 2719 3324 2793 ἦν)
3359 2723 3815 2792 προσαπέκτεινε.

2255 2812 2362 2865 Καὶ
2387 2811 2479 2867 τὸν
2519 2813 2749 2867 Κλεῖτον
2795 2812 2851 2866 δὲ
2901 2812 3009 2866 τῶν
3068 2813 3300 2884 ἑταίρων
3351 2813 3446 2865 ἕνα
3483 2817 3818 2883 τυγχάνοντα

2253 2907 2404 2976 παρὰ
2422 2907 2608 2973 πότον,
2636 2906 2913 2978 ᾀδομένων
2939 2907 3261 2977 ποιημάτων
3292 2906 3373 2969 είς
3402 2923 3556 2969 τινας
3583 2923 3820 2978 στρατη-

2254 3000 2386 3067 γοὺς
2437 2999 2820 3068 πεποιημένων
2873 2999 3128 3069 ἔναγχος,
3166 3001 3497 3070 ἡττηθέντας
3531 3000 3638 3052 ὑπὸ
3685 2998 3815 3067 βαρ-

602 3103 726 3144 cum
759 3107 825 3144 ne
847 3093 926 3147 sic
949 3093 1169 3162 quidem
1199 3095 1547 3164 impudentiae
1563 3105 1617 3150 et
1643 3095 1884 3149 audacia:
1907 3111 2016 3150 sua:
2047 3109 2157 3148 mo-

2257 3093 2462 3164 ϐάρων,
2505 3091 2716 3146 καὶτοῦ
2762 3091 3118 3164 Ἀλεξάνδρου
3154 3093 3322 3164 ἡδέως
3370 3093 3547 3146 αὐτῶν
3584 3092 3812 3144 ἀκούονη

606 3182 737 3237 dum
757 3183 844 3238 ille
866 3192 1129 3250 statuens,
1157 3185 1686 3254 Euripidisiambum
1721 3203 1735 3238 :

2258 3199 2371 3245 τος,
2401 3179 2802 3250 τραχυνόμενον
2837 3183 2931 3234 καὶ
2956 3183 3366 3248 ἀγανακτοῦντα
3416 3184 3508 3234 καὶ
3540 3181 3817 3250 μεγαλαυ-

606 3277 803 3346 χοῦντα
847 3279 949 3331 ὑπ’)
1001 3279 1285 3354 αὐθαδείας
1337 3280 1430 3330 καὶ
1488 3278 1676 3349 μέθης,
1733 3279 1825 3332 καὶ
1855 3279 1974 3330 κατ’
2028 3274 2192 3331 αὑτοῦ
2227 3273 2679 3356 βλασφημοῦντα,
2743 3275 2955 3344 πρῶτον
3007 3274 3107 3345 μὲν
3157 3273 3310 3345 μήλῳ
3343 3273 3557 3327 ἔϐαλεν.
3610 3273 3735 3326 Ἔτι
3779 3263 3819 3322 δ’

606 3371 1014 3439 ἀναιδευόμενόν
1038 3387 1097 3423 τε
1129 3371 1220 3424 καὶ
1250 3371 1670 3442 θρασυνόμενον,
1707 3371 1801 3425 καὶ
1832 3369 1901 3423 τὰ
1927 3368 2020 3424 τοῦ
2049 3366 2340 3440 Εὐριπίδου
2374 3366 2597 3437 ἰαμϐεῖα
2624 3365 2895 3460 λέγοντας

677 3505 790 3560 Heu
841 3523 1275 3576 qugmperversa
1333 3506 1653 3569 consuetudo
1693 3505 1907 3560 Graecia
1945 3506 2066 3559 est!

607 3646 664 3692 et
703 3636 796 3707 qui
841 3646 1177 3704 sequntur,
1221 3646 1539 3692 recenseret
1569 3654 1583 3691 :
1616 3638 1726 3692 bile
1770 3638 2161 3693 effervescente

610 3731 764 3784 hasta
795 3726 1405 3798 traiectum-interfecit,
1437 3728 1784 3798 iraquemox
1814 3729 2014 3799 sopita,
2044 3731 2163 3800 ejus

611 3824 872 3877 facinoris
902 3823 1192 3890 pmnitens.
1228 3821 1437 3889 sibiipsi
1470 3837 1666 3876 manus
1699 3822 1998 3889 attulisset,
2054 3824 2165 3879 nisi

613 3930 642 3967 a
668 3915 992 3969 satellitibus
1019 3913 1298 3968 cohibitus
1319 3912 1532 3968 fuisset.
1552 3914 1611 3968 ln
1631 3914 1930 3969 thalamum
1961 3916 2160 3981 illatus,

613 4018 732 4058 eam
766 4011 978 4056 noctem
1001 4011 1057 4055 et
1084 4011 1328 4057 secutam
1356 4003 1409 4056 in
1438 4003 1695 4073 lacrymis
1717 4005 1848 4073 egit,
1878 4005 2166 4074 iacuitque

613 4090 1062 4162 desperabundus
1092 4100 1146 4146 et
1180 4093 1403 4157 tacitus,
1448 4101 1659 4147 tantum
1697 4094 2016 4164 gravissime
2067 4110 2162 4150 su-

617 4187 849 4256 spirans.
877 4185 1065 4253 Neque
1099 4183 1266 4238 ullius
1285 4185 1443 4237 amici
1475 4187 1775 4241 orationem
1800 4187 2161 4255 admittebat,

618 4280 790 4330 donec
816 4276 1133 4332 Aristander
1162 4291 1337 4346 augur
1358 4291 1485 4330 eum
1513 4277 1743 4331 visionis
1763 4279 1830 4351 de
1853 4279 1996 4335 Clito
2017 4281 2167 4335 obla-

621 4377 720 4431 UB,
751 4375 806 4420 et
838 4368 904 4421 de
934 4358 1208 4421 ominibus
1242 4367 1571 4436 quibusdam
1610 4367 1922 4433 admonuit,
1968 4371 2167 4438 quibus

620 4457 838 4512 fatalem
879 4456 1024 4510 illius
1061 4456 1217 4524 192
1254 4473 1439 4514 casum
1490 4458 1657 4514 fuisse
1703 4461 1981 4531 arguebat.
2030 4461 2165 4518 Tum

622 4549 838 4602 demum
861 4548 1007 4601 enim
1034 4547 1282 4600 minuere
1309 4548 1512 4600 luctum
1540 4553 1726 4618 etrapit.
1745 4552 2166 4622 .lmpressionem

626 4646 678 4698 in
704 4644 910 4698 Indiam
948 4644 1215 4708 facturus,
1236 4657 1358 4697 cum
1388 4652 1679 4711 apparatos
1706 4661 1901 4702 currus
1925 4651 2165 4713 videret.

627 4733 861 4803 primum
891 4735 1004 4787 suis
1024 4773 1039 4798 ,
1073 4733 1269 4786 deinde
1299 4734 1601 4786 amicorum
1634 4732 1836 4801 injecto
1865 4736 2015 4804 igne,
2047 4753 2170 4806 pos-

2186 3483 2232 3545 C
2338 3498 2408 3552 οτ
2430 3516 2532 3568 μοι
2552 3501 2683 3555 καθ’
2735 3498 2972 3556 Ἑλλάδ’
3005 3499 3082 3566 ὡς
3120 3499 3308 3566 κακῶς
3351 3501 3649 3569 νομίζεται
3670 3504 3690 3554 .'

2263 3635 2358 3688 καὶ
2385 3633 2451 3687 τὰ
2495 3635 2681 3697 λοιπὰ,
2735 3637 3047 3706 ὑπερζέσας
3089 3636 3246 3706 θυμῷ
3277 3639 3304 3690 ὀ
3346 3638 3719 3710 Ἀλέξανδρος,
3745 3640 3819 3693 αἰ-

2261 3727 2372 3796 χμῇ
2397 3723 2644 3788 διελάσας
2677 3727 3021 3780 ἀπέκτεινεν.
3046 3716 3248 3779 Αὐτίκα
3278 3727 3337 3780 δὲ
3364 3727 3456 3780 τοῦ
3490 3728 3665 3798 θυμοῦ
3695 3747 3819 3781 παυ-

2264 3816 2452 3880 θέντος
2494 3814 2914 3887 μεταμεληθεὶς,
2947 3814 3172 3886 ὥρμησε
3217 3817 3308 3868 καὶ
3342 3817 3532 3870 ἑαυτὸν
3593 3818 3815 3872 ἀνελεῖν.

2261 3906 2528 3978 ἐπεσχέθη
2587 3907 2768 3978 μέντοι
2821 3907 2972 3977 παρά
3007 3907 3116 3960 τῶν
3171 3909 3672 3977 σωματοφυλάκων,
3731 3913 3814 3961 καὶ

2263 4001 2551 4071 εἰσηνέχθη
2581 4001 2719 4071 πρὸς
2769 4001 3032 4068 θάλαμον,
3066 4000 3193 4051 ἔνθα
3223 4003 3321 4068 τὴν
3377 4001 3546 4053 νύκτα
3606 4000 3700 4054 καὶ
3727 4004 3816 4071 τὴν

2268 4092 2386 4165 μετ’
2409 4093 2575 4162 αὐτὴν
2598 4094 2815 4162 ἡμέραν
2844 4093 2900 4142 έν
2931 4090 3148 4158 θρήνοις
3180 4091 3477 4159 διαγαγὼν,
3506 4095 3815 4164 ἀπειρηκὼς

2265 4189 2462 4251 ἔκειτο,
2493 4187 2741 4253 ἇ··αυδος,
2773 4186 2975 4240 στένων
3029 4189 3188 4256 μόνον
3239 4185 3536 4256 βαρύτατα.
3576 4189 3686 4241 Καὶ
3717 4187 3817 4239 τῶν

2267 4280 2436 4348 φίλων
2485 4278 2762 4330 εἰσιόντων
2815 4277 2948 4347 «pb;
2979 4278 3161 4342 αὐτὸν,
3192 4279 3252 4330 οὐ
3279 4279 3539 4347 ’προσίετο
3579 4281 3703 4342 τοὺς
3735 4279 3837 4329 λόι

2267 4389 2396 4439 γους
2432 4368 2631 4423 αὐτῶν.
2671 4368 3053 4438 ’Δριστάνδρου
3117 4368 3174 4419 δὲ
3223 4367 3315 4420 τοῦ
3373 4364 3614 4436 μάντεως
3654 4367 3816 4438 ϐψεως

2268 4462 2426 4516 αὑτὸν
2453 4462 2879 4530 ἀναμνήσαντος,
2913 4460 2981 4529 ἣν
3010 4454 3116 4511 εἶδε
3149 4459 3274 4527 περὶ
3306 4459 3399 4510 τοῦ
3432 4458 3681 4526 Κλείτου,
3736 4457 3818 4512 καί

2268 4571 2428 4608 τινων
2459 4552 2701 4624 σημείων
2732 4551 2923 4621 ἐκείνῳ
2970 4549 3301 4619 γενομένων,
3337 4549 3432 4602 καὶ
3454 4551 3711 4621 ε’ίμαρτὺν
3747 4542 3817 4601 εἷ-

2270 4664 2356 4698 ναι
2383 4645 2442 4697 τὸ
2468 4643 2756 4712 γενόμενον
2811 4641 3080 4709 λέγοντος,
3112 4640 3317 4712 ἧρξατο
3369 4641 3649 4714 ένδιδόναε.
3682 4641 3818 4698 Μέλ-

2271 4740 2378 4791 λων
2410 4737 2467 4790 δὲ
2495 4737 2575 4797 εἰς
2601 4722 2696 4805 τὴν
2760 4733 2989 4806 Ἰνδικὴν
3022 4733 3311 4803 ἐμϐάλλειν
3336 4775 3351 4799 ,
3387 4733 3816 4802 συνεσκευασμέ-

627 4835 803 4878 tremo
843 4826 1006 4878 etiam
1047 4827 1398 4882 Macedonum
1425 4871 1437 4892 ,
1479 4827 1728 4882 comburi
1767 4827 1947 4898 jussit.
1997 4825 2053 4880 ld
2081 4827 2157 4880 fa-

2267 4849 2371 4884 νων
2395 4829 2502 4882 τῶν
2529 4826 2773 4897 ἀμαξῶν,
2813 4823 3065 4894 πρώταις
3117 4827 3213 4894 μὶν
3242 4829 3360 4889 ταῖς
3396 4827 3625 4888 οἰκείαις
3672 4827 3815 4890 ἐνῆκε

625 4926 773 4970 ctnm
820 4915 1004 4984 paucis
1058 4918 1343 4972 molestum
1395 4901 1516 4974 fuit.
1584 4918 1799 4987 Reliqui
1838 4935 2002 4982 vero,
2048 4934 2170 4972 cum

630 5008 886 5070 clamore,
918 5016 972 5060 et
1001 5006 1157 5075 quasi
1188 5008 1366 5062 alllatu
1398 5008 1632 5078 quodam
1659 5009 1900 5062 numinis
1919 5010 2174 5064 concitati

630 5107 832 5157 essent,
870 5098 1264 5168 profectionem
1291 5101 1555 5169 aggressi,
1581 5099 1949 5154 Alexandrum
1984 5102 2166 5156 alacri-

2270 4923 2399 4990 πῦρ,
2439 4916 2556 4972 εἶτα
2585 4919 2677 4970 καὶ⁵
2705 4918 2825 4978 ταῖς
2852 4916 2960 4968 τῶν
2987 4917 3177 4984 φίλων,
3213 4919 3307 4970 καί
3358 4919 3496 4986 μετά
3527 4917 3699 4969 ταῦτα
3731 4910 3815 4966 καὶ

2267 5012 2364 5072 τὰς
2390 5010 2495 5061 τῶν
2530 5007 2855 5062 Μακεδόνων
2883 5012 3236 5079 καταπρῆσαι
3265 5008 3540 5060 ἰκέλευσε.
3574 5006 3740 5059 Τοῦτο
3764 5002 3814 5055 δὲ

2271 5100 2512 5169 γεγονὸς,
2543 5097 2757 5165 ὀλίγους
2783 5099 2882 5168 μὲν
2912 5097 3182 5167 ἐλύπησεν
3203 5114 3218 5128 ·
3250 5097 3299 5148 oi
3323 5097 3379 5149 δὲ
3401 5095 3581 5148 λοιποὶ
3617 5096 3711 5167 βοῇ
3734 5094 3813 5147 καὶ

634 5190 760 5239 tatis
789 5189 854 5238 ad
882 5190 1268 5259 capessendam
1313 5190 1562 5245 militiam
1601 5192 1986 5262 impleverunt.
2041 5192 2157 5246 Cun

2277 5190 2650 5263 ἐνθουσιασμῷ
2708 5191 2845 5261 πρὸς
2897 5191 2957 5243 τὸ
3016 5190 3177 5258 ἔργον
3237 5188 3552 5258 ὡρμήκασι,
3601 5190 3691 5242 καὶ
3737 5187 3814 5239 τὶν

633 5293 764 5333 vero
784 5281 891 5350 jam
933 5289 988 5333 et
1027 5279 1388 5337 formidabilis
1423 5288 1594 5343 esset,
1637 5296 1704 5336 ac
1734 5279 2182 5350 delinquentibus

637 5372 1016 5436 inexorabilis,
1052 5373 1107 5426 in
1141 5377 1312 5429 multa
1335 5373 1577 5445 pericula
1625 5372 1680 5426 in
1721 5375 1924 5442 praeliis
1953 5373 2177 5437 incidit,

636 5472 693 5517 et
723 5464 954 5533 insignia
989 5463 1209 5518 vulnera
1242 5468 1476 5536 accepit.
1501 5465 1729 5521 Maxima
1759 5473 1937 5522 tamen
1965 5468 2179 5524 exerci-

640 5553 727 5607 tui
746 5553 1016 5622 pernicies
1038 5567 1068 5608 e
1100 5553 1328 5624 penuria
1350 5564 1683 5610 commeatus
1721 5561 1777 5608 et
1801 5556 1956 5610 aeris
1981 5557 2180 5610 intem-

643 5645 793 5711 perie
817 5645 1087 5713 provenit.
1129 5645 1234 5701 Sed
1279 5645 1396 5713 ipse
1422 5661 1485 5700 ea
1516 5656 1638 5702 erat
1662 5646 1888 5702 audacia
1916 5686 1932 5712 ,
1954 5655 2014 5702 ut
2044 5646 2177 5700 nihil

643 5733 778 5794 viris
800 5735 1036 5795 fortibus
1063 5739 1335 5796 obsistere
1361 5753 1519 5809 posse
1546 5779 1560 5805 ,
1596 5740 1732 5796 nihil
1759 5741 1980 5812 ignavis
2000 5747 2176 5819 tutum

2288 5284 2630 5354 Ἀλέξανδρον
2664 5281 2968 5352 προθυμίας
2995 5281 3129 5350 πρὸς
3153 5281 3252 5350 τὴν
3285 5282 3574 5352 στρατείαν
3605 5280 3814 5344 ἐνέπλη-

2281 5391 2398 5428 σαν.
2436 5376 2570 5442 Ἤδη
2599 5376 2653 5444 δὲ
2684 5377 2777 5427 καὶ
2809 5374 3033 5441 φοϐερὸς
3055 5368 3142 5442 ἦν,
3177 5376 3270 5427 καὶ
3325 5359 3696 5446 ἀπαραίτητος
3731 5388 3813 5425 κο-

2275 5462 2475 5533 λαστὴς
2501 5465 2607 5516 τῶν
2625 5461 3118 5532 πλημμελούντων.
3156 5465 3347 5518 Πολλοὶ
3400 5464 3502 5535 μὲν
3553 5462 3646 5520 οὖν
3684 5460 3808 5517 κατά

2277 5554 2373 5614 τάς
2403 5557 2578 5625 μάχας
2620 5556 2767 5625 αὑτῷ
2802 5554 3098 5608 συνέπεσον
3129 5558 3383 5622 κίνδυνοι,
3421 5558 3514 5612 καὶ
3561 5551 3812 5611 νεανικοῖς

2275 5646 2549 5714 ἀπήντησε
2603 5645 2902 5715 τραύμασι.
2936 5645 3045 5714 Τὴν
3079 5647 3133 5699 δὲ
3190 5646 3446 5718 πλείστην
3476 5645 3680 5716 φθορὰν
3724 5637 3810 5705 τῆς

2281 5737 2540 5808 στρατιάς
2597 5737 2820 5808 ἀπορίαι
2872 5731 2979 5792 τῶν
3036 5740 3349 5808 ἀναγκαίων
3380 5740 3477 5795 καὶ
3506 5727 3810 5807 δυσκρασίαι
