4004 6328
178 356 270 419 349
1376 351 1780 411 ANNALIUM
1814 352 1961 412 LIB.
2009 351 2105 409 IV.
3253 351 3363 410 350

175 466 257 520 τοῦ
287 464 624 535 περιέχοντος
650 464 1071 535 ἀπειργάσαντο.
1105 460 1272 522 Αὐτὸς
1301 459 1355 512 δὲ
1377 459 1463 512 διὰ
1502 458 1707 526 τόλμαν
1732 493 1745 516 λ

1847 473 1926 512 sse
1971 457 2352 510 arbitraretur.
2415 455 2628 510 Petram
2681 455 2972 525 quamdam
3028 467 3359 524 pra-ruptam

175 557 312 610 οὐδὲν
342 555 474 626 ᾤετο
499 558 608 619 τοῖς
634 555 950 624 Θαρσαλέοις
978 553 1269 610 ἀνάλωτον.
1300 550 1417 602 οὐδέ
1443 565 1492 600 τι
1518 548 1711 618 ὀχυρὸν

1847 566 1930 602 um
1962 549 2267 614 iunioribus
2315 547 2670 603 Macedonum
2713 564 3030 618 aggressus,
3075 548 3363 617 quemdam

178 652 277 710 τοῖς
315 649 597 718 ἀτόλμοις.
633 648 814 718 Πέτρᾳ
853 647 908 699 δέ
950 663 1054 699 τινι
1098 643 1357 714 ἀποτόμῳ
1392 638 1714 710 προσϐαλὼν

1847 655 1956 695 iter
1995 657 2090 695 eos
2122 643 2346 696 nomine
2373 641 2741 696 Alexandrum
2785 640 3142 694 cohortatus:
3178 639 3242 692 At
3272 651 3324 692 te
3347 677 3363 699 .

181 743 266 794 σὺν
296 744 404 804 τοῖς
450 741 736 812 νεωτέροις
799 739 906 792 τῶν
960 737 1305 797 Μακεδόνων,
1369 734 1715 801 Ἀλέξανδρόν

1847 733 2011 800 nquit,
2038 731 2117 784 vel
2147 741 2355 800 propter
2384 748 2592 795 nomen,
2622 741 2888 784 strenuum
2921 746 3025 782 esse
3053 731 3214 781 decet.
3256 729 3366 781 Ma-

177 849 286 887 τινα
309 836 363 885 ὲν
393 833 598 897 τούτοις
629 831 988 900 καλούμενον
1014 826 1485 899 προσαγορεύσας,
1533 823 1720 878 Ἀλλά

1847 825 2115 878 cdunibus
2163 825 2489 893 profundum
2529 823 2818 892 quemdam
2863 822 3082 875 fluvium
3133 824 3366 874 transire

178 926 376 991 σοίγε,
428 920 570 986 εἷπε,
621 923 717 977 καὶ
749 922 844 975 διὰ
895 921 1009 987 τὴν
1060 919 1285 986 κλῆσιν
1329 913 1719 982 ἀνδραγαθεῖν

1851 917 2189 970 ubitautibus
2220 936 2231 969 :
2275 915 2402 980 Cur,
2439 917 2640 985 inquit:
2674 933 2764 984 ego
2799 918 3030 968 omnium
3062 913 3361 966 mortalium

180 1015 475 1083 προσήκει.
513 1015 757 1082 Ποταμὸν
789 1013 844 1066 δὲ
878 1011 1045 1082 βαθὺν
1072 1010 1179 1062 τῶν
1195 1007 1517 1062 Μακεδόνων
1545 1005 1718 1073 περᾷν

1847 1007 2174 1070 ιιιιιυὶεείηιυε
2207 1015 2391 1060 natare
2422 1024 2525 1060 non
2559 1006 2761 1059 didici?
2799 1005 2933 1059 Cum
2963 1006 3121 1074 legati
3149 1005 3363 1058 urbium

179 1107 487 1170 ὀκνούντων,
530 1108 589 1162 Τί
621 1107 750 1176 γὰρ,
805 1101 978 1167 εἷπεν,
1035 1107 1068 1158 ὀ
1115 1101 1398 1163 κάκιστος
1445 1095 1559 1164 ἐγὼ
1595 1095 1726 1147 νεῖν

1847 1113 1952 1163 nas
1988 1098 2289 1159 obsidebat,
2323 1099 2388 1151 ad
2420 1115 2542 1152 eum
2574 1098 2874 1159 venissent,
2909 1111 3211 1162 eorumque
3239 1106 3365 1148 natu

181 1202 283 1252 οὐκ
309 1200 562 1268 ἔμαθον;
603 1200 690 1261 Ὦς
715 1198 771 1252 δὲ
805 1196 1057 1267 παρῆσαν
1104 1193 1356 1261 πρέσῦεις
1396 1189 1536 1258 πρὸς·
1559 1185 1721 1239 αὑτὸν

1847 1187 2086 1240 traximus
2126 1187 2364 1256 Acuphis
2411 1197 2658 1256 rogaret,
2698 1186 2877 1255 quibus
2924 1186 3208 1237 rationibus
3258 1186 3368 1253 ejus

179 1293 277 1344 ἀπὸ
317 1292 422 1345 τῶν
464 1291 936 1361 πολιορκουμένων
985 1289 1216 1345 πόλεων,
1263 1287 1292 1337 ὁ
1345 1280 1717 1350 πρεσὸύτατος

1847 1279 2109 1332 rmicitiam
2153 1281 2247 1332 sibi
2293 1280 2676 1333 conciliarent?
2708 1278 3011 1332 Alexander
3038 1276 3318 1344 τθεροιιάίι
3352 1295 3364 1327 :

180 1385 370 1448 αὐτῶν,
397 1386 656 1455 Ἄκουφις
699 1384 954 1452 τοῦνομα,
984 1382 1255 1452 ὴρώτησε,
1287 1379 1342 1430 τί
1381 1376 1455 1429 ἂν
1495 1371 1728 1426 ποιοῦν-

180 1490 269 1539 τες
305 1479 465 1543 φίλοι
499 1476 681 1531 αὑτοῦ
726 1473 1097 1546 λογίζοιντος
1159 1472 1216 1524 '0
1261 1470 1317 1522 δὲ
1360 1463 1727 1532 Ἀλέξανδρος,

1847 1475 1934 1512 nos
1959 1471 2161 1514 centum
2195 1464 2445 1516 miserint.
2483 1462 2561 1516 Ad
2586 1462 2701 1516 haec
2743 1462 2928 1515 ridens
2967 1459 3243 1528 Acupbis:
3277 1459 3373 1512 At-

179 1565 467 1633 εισὲμὲν,
485 1563 656 1631 εἶπεν,
683 1567 1028 1635 αιρήσονται
1051 1563 1328 1633 ἄρχοντα,
1350 1555 1560 1627 ego!“
1577 1552 1726 1621 πέμ-

1847 1552 1911 1603 rui
1932 1593 1945 1614 ,
1986 1553 2192 1621 inquit,
2226 1571 2319 1609 rex.
2353 1553 2534 1609 melius
2563 1554 2858 1626 imperabo,
2900 1553 2944 1606 si
2973 1553 3062 1606 tibi
3091 1558 3192 1605 non
3244 1552 3375 1621 opti-

183 1658 403 1723 ψουσιν
423 1658 648 1726 ἄνδρας
661 1659 876 1713 ἑκατὸν
888 1659 1029 1723 τοὺς
1050 1657 1354 1724 ἀρίστους,
1375 1649 1614 1708 Γελάσας
1632 1639 1727 1698 οὖν

1847 1659 1953 1704 nos.
1989 1648 2080 1698 sed
2110 1648 2354 1716 pessimos
2396 1650 2603 1702 misero.

183 1747 309 1815 πρὸς
355 1748 530 1804 ταῦτα
582 1753 610 1804 ὸ
659 1751 940 1820 Ἄκουφις,
1005 1750 1188 1804 Ἀλλὰ
1222 1746 1469 1812 βέλτιον
1492 1781 1510 1805 ,
1568 1734 1743 1801 εἶπεν,
1777 1735 1952 1803 ἄρξω.
1981 1733 2028 1792 ὦ
2053 1739 2335 1804 βασιλεῦ,
2390 1744 2440 1794 εὶ
2473 1742 2610 1804 τοὺς
2637 1741 2957 1805 κακίστους
2999 1753 3115 1798 σοι.
3148 1737 3238 1789 καὶ
3294 1735 3376 1803 μὴ

181 1841 313 1907 τοὺς
335 1843 620 1911 ἀρίστους
647 1843 862 1897 στελῶ.

246 1935 336 1987 ll".
373 1936 434 1988 Ὀ
474 1935 654 2004 μέντοι
686 1936 920 2007 Ταξίλης
954 1936 1150 2006 μοίρας
1213 1934 1396 2004 ἄρχων
1424 1929 1522 1996 τῆς
1572 1925 1725 1979 Ἰνδι-

1899 1921 2041 1978 XIII.
2088 1923 2340 1988 Taxiles,
2389 1923 2480 1993 qui
2529 1922 2692 1978 ludia:
2749 1921 2886 1991 parti
2937 1920 3116 1976 omnis
3160 1923 3374 1990 generis

1823 1367 1882 1422 Si
1914 1381 1961 1422 te
1991 1373 2280 1441 principem
2311 1373 2570 1436 crearint,
2601 1381 2651 1424 et
2679 1372 2806 1424 mihi
2833 1373 2967 1423 viros
2996 1371 3370 1438 pra'stantissi-

182 2025 276 2094 κῆς
307 2028 605 2096 Παμφόρου
651 2044 710 2080 τε
743 2030 832 2081 καὶ⁵
873 2028 1208 2097 εὐδαίμονος,
1247 2025 1346 2076 οὐκ
1395 2020 1725 2086 ἀποδεούσης

183 2115 469 2181 Αἰγύπτου,
504 2116 661 2187 σοορὺλς
693 2117 749 2169 δὲ
779 2117 854 2170 ῶν
880 2117 1039 2187 ἀνὴρ,
1075 2114 1296 2184 πέμψας
1325 2111 1606 2180 ἠσπάσατο
1638 2109 1728 2159 τὸν

194 2207 556 2280 Ἀλέξανδρον,
589 2209 703 2274 καὶ,
738 2208 803 2262 Τί
843 2207 938 2262 δεῖ
977 2206 1253 2274 πολέμων
1304 2203 1468 2272 ἡμῖν.
1504 2201 1630 2269 ἔφη.
1678 2203 1730 2252 ει

182 2298 320 2368 μήτε
349 2302 510 2367 ὕδωρ
565 2301 1042 2378 ἀφαιρησόμενος
1089 2296 1253 2366 ὑμῶν
1296 2295 1525 2365 ἀφῖξαι,
1579 2292 1731 2361 μήτε

185 2391 404 2461 τροφὴν
437 2393 807 2461 ἀναγκαίαν-ς
854 2392 976 2455 τοῖς
999 2391 1051 2441 δ’
1081 2389 1289 2454 ἅλλοις
1317 2391 1368 2440 ει
1393 2388 1508 2454 μὲν
1539 2385 1726 2452 repsit-

187 2499 296 2535 των
316 2479 382 2546 ὦ,
424 2483 650 2551 ἕτοιμός
684 2486 805 2551 ειμι
847 2477 915 2537 εὖ
941 2481 1130 2536 ποιεῖν
1151 2498 1162 2510 ·
1217 2482 1269 2532 ει
1297 2478 1361 2531 δέ
1394 2477 1606 2544 ἥττων,
1656 2479 1729 2529 οὺ

187 2577 372 2646 φεύγω
389 2577 565 2645 χάριν
594 2577 757 2645 ἔχειν
777 2577 848 2631 εὗ
873 2576 1095 2632 παθών.
1136 2573 1347 2636 Ἡσθεὶς
1373 2568 1465 2626 οὖν
1488 2572 1582 2624 ἐπὶ
1607 2569 1730 2622 τού-

185 2684 287 2731 τοις
311 2671 340 2722 ὁ
373 2667 744 2739 Ἀλέξανδρος,
774 2669 940 2738 Ἐγὼ.
983 2668 1166 2738 φησὶν,
1198 2663 1556 2736 ἀγωνιοῦμαι
1585 2666 1732 2731 πρὸς

187 2759 274 2820 σὲ.
305 2759 401 2813 καὶ
432 2760 828 2830 διαμαχοῦμαι
868 2760 996 2827 ταῖς
1044 2760 1304 2833 χάρισιν,
1331 2756 1410 2823 ὥς
1437 2774 1555 2826 μου
1585 2772 1732 2824 xpu-

186 2851 320 2914 στὸς
361 2852 454 2905 ὢν
491 2842 580 2920 μὴ’
606 2853 901 2921 περιγένῃ.
931 2851 1122 2904 Λαϐὼν
1164 2851 1220 2903 δὲ
1251 2850 1396 2920 δῶρα
1419 2847 1607 2913 πολλὰ,
1641 2849 1733 2902 καὶ

188 2943 394 2997 πλείονα
449 2945 764 3023 παρασχὼν,
797 2945 946 3008 τέλος
967 2945 1112 3013 χίλια
1147 2945 1384 2997 τάλαντα
1406 2941 1734 3010 νομίσματος

190 3038 324 3107 αὐτῷ
378 3040 716 3109 ἐδωρήσατο.
771 3041 1142 3108 Σπεισάμενος
1176 3037 1232 3090 δέ
1283 3053 1390 3090 τινι
1440 3035 1594 3088 πόλει
1627 3034 1735 3086 τῶν

203 3133 446 3198 Ἰνδικῶν,
478 3134 739 3197 ἀπιόντας
796 3133 1002 3187 ἐκεῖθεν
1069 3133 1195 3194 τοὺς
1261 3133 1317 3184 ὲν
1367 3131 1504 3200 αὐτῇ
1555 3128 1737 3198 μισθο-

1835 2017 2109 2072 fructuum
2166 2016 2334 2071 feraci
2365 2032 2430 2071 ac
2466 2017 2634 2070 beata:
2657 2057 2672 2078 ,
2716 2030 2942 2085 quaeque
2975 2013 3200 2084 Egypto
3240 2014 3373 2068 nihil

1835 2107 2087 2172 cederet,
2137 2107 2466 2182 imperabat,
2525 2108 2606 2160 vir
2645 2108 2894 2175 sapiens.
2956 2106 3134 2159 missis
3188 2105 3381 2175 legatis

1836 2201 2141 2256 Alexandro
2175 2201 2410 2255 salutato
2437 2218 2449 2252 :
2478 2185 2635 2264 Quid,
2679 2200 2879 2268 inquit,
2919 2198 3051 2252 bello
3081 2197 3227 2251 nobis
3255 2213 3383 2265 opus

1836 2304 1940 2358 est,
1988 2296 2033 2347 si
2070 2296 2166 2347 huc
2210 2294 2427 2354 venisti,
2467 2299 2522 2344 ut
2551 2294 2694 2345 nobis
2723 2307 2886 2359 neque
2936 2306 3127 2360 aquam
3152 2329 3166 2353 ,
3223 2304 3386 2357 neque

1840 2388 2034 2440 victum
2065 2386 2417 2438 necessarium
2440 2386 2661 2454 eriperes
2687 2384 2710 2434 ?
2743 2383 2941 2436 ueteris
2973 2390 3143 2433 autem
3197 2381 3345 2432 rebus
3367 2419 3380 2438 ,

1838 2483 1881 2532 si
1911 2479 2028 2548 plus
2069 2495 2278 2548 possunt
2301 2517 2314 2539 ,
2349 2485 2568 2546 paratus
2596 2492 2710 2528 sum
2744 2475 2811 2527 ad
2839 2473 3280 2543 benefaciendum.
3327 2470 3386 2525 Si

1839 2569 2028 2621 minus.
2057 2583 2158 2619 non
2189 2580 2367 2618 recuso
2388 2581 2485 2632 pro
2517 2564 2733 2629 acceptis
2761 2560 3018 2629 beneficiis
3049 2560 3233 2612 habere
3266 2573 3388 2628 gra-

1841 2661 1991 2713 tiam.
2025 2659 2118 2712 l‘lis
2150 2657 2453 2711 Alexander
2484 2656 2823 2709 delectatus:
2862 2653 2996 2723 Ego,
3031 2651 3244 2720 inquit,
3275 2665 3388 2703 cer-

1841 2751 1959 2805 tabo
1995 2760 2162 2803 tecum
2197 2748 2452 2814 beneﬁciis
2476 2786 2491 2808 ,
2534 2756 2582 2798 et
2623 2762 2687 2798 ue
2720 2755 2806 2798 tua
2850 2743 3164 2811 benignitate
3202 2743 3387 2794 vincar

1840 2843 2134 2897 elaborabo.
2163 2838 2736 2908 AcceptisqueJnultis
2769 2836 3102 2896 muneribus,
3129 2832 3374 2901 pluribus

1842 2935 2008 2999 datis,
2046 2931 2282 3000 denique
2318 2930 2464 2983 mille
2506 2930 2705 2981 talenta
2738 2927 2784 2979 ei
2820 2925 3062 2979 donavit.
3093 2922 3231 2977 Pace
3265 2935 3388 2975 cum

1844 3029 1978 3082 urbe
2032 3025 2262 3096 quadam
2308 3022 2494 3076 Indica
2525 3023 2702 3083 facta,
2747 3018 2945 3072 milites
2997 3017 3090 3086 qui
3149 3009 3388 3084 praesidii

1845 3135 2005 3174 causa
2061 3116 2316 3172 conducti
2367 3115 2586 3168 fuerant
2627 3129 2654 3164 e
2713 3108 3143 3169 bellicosissimis
3204 3105 3388 3165 Indis,

198 3224 483 3292 φοροῦντας
549 3213 658 3277 τῶν
729 3225 1126 3294 μαχιμωτάτων
1190 3222 1408 3286 Ἰνδῶν,
1491 3222 1744 3276 ἀπέκτει-

1849 3205 2002 3279 193
2035 3225 2101 3264 ex
2129 3223 2194 3263 ea
2233 3205 2577 3260 discedentes
2602 3244 2615 3263 .
2650 3202 2935 3256 universos
2966 3200 3164 3254 occidit
3194 3216 3206 3251 :
3249 3196 3393 3266 quod

200 3330 274 3366 vtv
330 3316 614 3376 ἅπαντας·
685 3315 713 3367 ὃ
757 3319 869 3377 τοῖς
947 3315 1110 3366 αὑτοῦ
1178 3313 1491 3380 πολεμικοῖς
1561 3311 1739 3380 ἔργοις

199 3402 275 3463 οἷά
297 3425 372 3465 τι;
399 3406 560 3474 κηλὶς
586 3407 891 3476 πρόσεστιν.
920 3401 1048 3458 Εἶτα
1086 3406 1217 3474 πρὸς
1256 3404 1444 3472 Πῶρον
1468 3405 1742 3472 ἐμαχέσα-

197 3513 270 3559 το,
300 3499 393 3549 καὶ
419 3496 611 3550 τοῦτον
640 3499 822 3566 χώρας
856 3496 1083 3564 Ἰνδικῆς
1113 3495 1482 3557 βασιλεύοντα,
1505 3493 1565 3544 τὸ
1589 3494 1743 3561 μέγεο

201 3589 280 3652 θος
308 3590 401 3642 τοῦ
431 3589 683 3658 σώματος
717 3589 908 3660 έχοντα
939 3590 1017 3650 εἰς
1065 3587 1336 3655 τέσσαρας
1382 3588 1577 3656 πήχεις
1611 3587 1740 3637 ἁνα-

197 3681 375 3749 τρέχον
402 3686 494 3733 καῖ.
522 3681 819 3751 σπιθαμήν.
849 3679 1050 3732 Τοῦτον
1076 3678 1298 3748 νικήσας
1325 3678 1419 3730 καὶ¹
1443 3677 1618 3742 ζῶντα
1648 3677 1749 3728 λαέ

200 3769 355 3824 ὁὼνό
385 3771 759 3842 Ἀλέξανδρος,
819 3769 1091 3843 ἠρώτησε,
1137 3771 1258 3832 πῶς
1310 3770 1375 3822 ἂν
1426 3770 1743 3840 αὐτῴχρὴ-

203 3878 345 3916 σαιτο
369 3881 381 3893 ·
413 3867 442 3917 ό
462 3864 541 3925 δὲ,
570 3863 919 3927 Βασαικῶς,
964 3863 1312 3933 ἀπεκρίνατο.
1336 3863 1744 3930 Πυνθανομένου

197 3952 250 4006 δὲ
272 3953 362 4006 τοῦ
383 3952 757 4023 Ἀλεξάνδρου,
811 3951 865 4003 ei
902 3969 954 4006 τι
990 3951 1083 4005 καὶ
1121 3950 1302 4018 ἕτερον
1334 3949 1480 4016 λέγει
1502 3989 1517 4010 ,
1557 3952 1587 4002 ὁ
1628 3951 1748 4003 Πῶ-

201 4062 308 4115 ρος,
348 4045 572 4108 Πάντα,
605 4044 729 4115 ἔφη.
763 4044 842 4110 τῷ
857 4041 1195 4108 βασιλικῶς
1222 4041 1476 4096 ἔνεστιν.
1509 4042 1750 4111 ’Λφῆκεν

207 4132 295 4190 οὖν
317 4138 504 4202 αὑτὸν,
537 4138 630 4191 καὶ
653 4138 840 4206 ἄρχειν
866 4135 1394 4204 δέόοοκε,’σατράπην
1421 4135 1748 4203 ὀνομαζόμε-

205 4251 308 4298 νον,
339 4235 401 4286 οὐ
434 4234 594 4303 μόνον
619 4225 693 4286 ὧν
725 4227 860 4303 ἦρχε
884 4231 1110 4303 πρώην,
1139 4229 1271 4284 ἀλλὰ
1304 4233 1396 4282 καὶ
1427 4230 1600 4283 ἄλλων
1627 4229 1753 4284 πολ-

205 4323 326 4379 λῶν.
370 4325 460 4378 Ἐν
484 4321 652 4395 ταύτῃ
683 4326 749 4394 τῇ
779 4323 922 4394 μάχῃ
957 4324 1050 4378 καὶ
1072 4323 1099 4374 ὁ
1135 4321 1478 4389 Βουκεφάλας
1499 4320 1750 4391 τρωθεὶς,

207 4418 339 4486 μετὰ
366 4419 559 4488 καιρδν
592 4418 957 4487 ἐτελεύτησεν,
997 4415 1094 4486 ἢδη
1135 4415 1458 4486 ὑπέργηρως
1495 4413 1752 4481 γεγονώς.

218 4511 271 4562 '0
299 4511 351 4563 δὲ
400 4511 748 4578 Ἀλέξανδρος
775 4508 1031 4577 ἤλγησεν,
1081 4507 1156 4570 ῶς
1187 4524 1308 4560 τινα
1355 4507 1504 4575 φίλον
1542 4507 1749 4560 ἀποόαο
1784 4543 1827 4597 D

205 4600 326 4654 λὼν.
363 4601 427 4654 οι
467 4601 648 4669 μέντοι
694 4599 996 4660 Μακεδόνες
1027 4601 1083 4650 ιν
1111 4600 1175 4668 τῇ
1210 4599 1342 4666 πρὸς
1382 4597 1569 4668 Πῶρον
1606 4598 1751 4668 μάχῃ

206 4693 596 4762 πεπονηκότες,
649 4691 747 4744 οὐκ
782 4690 1055 4744 ἐπείθοντο
1119 4688 1468 4760 Ἀλεξάνδρῳ,
1525 4690 1618 4742 καὶ⁵
1662 4691 1754 4742 τὸν

208 4784 423 4856 Γάγγην
481 4784 722 4853 ποταμὸν
773 4781 1007 4853 περάσαι
1067 4780 1385 4852 βιαζομένῳ,
1439 4775 1594 4848 εὖρος
1657 4780 1752 4847 μὲν

211 4875 391 4946 ἔχοντα
427 4875 674 4937 σταδίους
703 4873 963 4943 ἑξήκοντα
992 4873 1128 4944 πρὸς
1167 4873 1285 4926 δυσὶ
1313 4871 1446 4941 (22),
1496 4871 1656 4939 βάθος
1697 4871 1753 4924 δὲ

208 4969 426 5037 ὀργυιὰς
456 4969 668 5022 ἑκατόν.
707 4968 765 5020 'U
799 4966 855 5018 δὲ
885 4965 1235 5035 δυσθυμήσας
1264 4964 1518 5033 άπρόῖτος
1558 4963 1668 5035 (ἓὸ)
1696 4965 1754 5017 έν

210 5065 273 5132 τῇ
300 5065 470 5130 σκηνῇ
505 5062 716 5131 ἔμενεν,
753 5060 919 5131 ἥττης
953 5058 1299 5126 λογιζόμενος
1358 5058 1755 5125 συγκατάθεσιν

211 5155 269 5224 το
292 5155 380 5207 τὸν
411 5153 628 5223 Γάγγην
668 5153 742 5224 μὴ
771 5152 1075 5224 παρελθεῖν.
1111 5149 1230 5202 Τῶν
1266 5149 1324 5201 ’δὲ
1357 5150 1524 5215 φίλων
1579 5167 1756 5220 παρα-

1843 3302 2050 3356 bellicis
2084 3301 2199 3370 ejus
2235 3299 2492 3367 operibus
2545 3295 2852 3364 ignominia:
2905 3291 3076 3344 veluti
3127 3289 3398 3343 maculam

1843 3391 2132 3461 quamdam
2169 3389 2464 3458 impressit-
2495 3385 2698 3439 Deinde
2730 3399 2852 3439 cum
2897 3384 3041 3438 Poro
3067 3391 3121 3435 ct
3153 3381 3267 3450 ipso
3303 3379 3396 3433 In-

1852 3488 1955 3541 diae
1984 3499 2110 3554 rege
2139 3481 2395 3552 pugnavit
2424 3521 2437 3542 ,
2480 3480 2571 3548 qui
2601 3487 2822 3533 staturae
2849 3487 2964 3530 erat
2987 3485 3218 3544 quatuor
3245 3473 3406 3527 cubi-

1847 3589 2026 3634 torum
2056 3587 2112 3632 et
2143 3577 2446 3646 spithamm.
2478 3573 2648 3639 Quem
2673 3585 2798 3626 eum
2837 3569 3038 3621 victum
3069 3577 3397 3636 Captumquc

1848 3673 2108 3743 rogasset,
2135 3639 2408 3740 quomodo
2453 3664 2768 3721 tractandus
2795 3672 2940 3717 esset
2962 3680 2972 3712 :
2992 3658 3284 3728 Regaliter,
3316 3639 3408 3709 ἰη-⁵

1850 3764 1990 3830 quit.
2015 3761 2378 3816 Percontante
2407 3755 2734 3818 Alexandro,
2774 3750 3021 3820 nunquid
3044 3748 3188 3802 aliud
3208 3747 3393 3809 vellet,

1851 3852 2158 3922 respondit,
2187 3852 2241 3904 in
2269 3845 2788 3918 regalitractatione
2817 3843 2997 3896 inesse
3025 3841 3231 3896 omnia.
3261 3839 3398 3896 Eum

1849 3948 2013 4017 igitur
2057 3945 2341 3999 dimissum
2370 3981 2385 4001 .
2440 3951 2694 4008 satrapen
2743 3937 3034 4008 appellavit
3079 3949 3186 3989 non
3213 3949 3401 3990 earum

1850 4040 2114 4095 duntaxat
2136 4036 2539 4109 provinciarum
2563 4033 2766 4103 quibus
2785 4032 2936 4102 prius
2960 4029 3276 4098 imperarat,
3305 4026 3400 4081 sed

1849 4142 1906 4186 et
1961 4130 2188 4184 aliarum
2242 4127 2560 4180 multarum.
2618 4124 2678 4179 In
2725 4139 2788 4177 ea
2833 4136 3012 4191 pugna
3064 4117 3400 4185 Bucephalas

1851 4226 2014 4281 etiam
2039 4223 2378 4287 vulneratus,
2405 4220 2566 4291 paulo
2589 4229 2734 4290 post,
2756 4219 2863 4288 jam
2888 4212 3174 4270 admodum
3205 4225 3395 4276 senex,

1854 4317 2033 4373 obiit:
2066 4316 2226 4385 cujus
2255 4314 2468 4370 obitum
2501 4311 2807 4366 Alexander
2846 4321 2952 4360 non
2994 4317 3152 4359 secus
3184 4301 3401 4365 doluit,

1858 4425 1920 4466 ac
1941 4411 1984 4466 si
2009 4411 2242 4464 amicum
2265 4406 2555 4462 amisisset.
2579 4403 2713 4458 Cum
2734 4398 3054 4454 Macedones
3078 4411 3257 4466 pugna
3277 4410 3403 4449 cum

1860 4502 1999 4556 Poro
2049 4497 2339 4554 commissa
2369 4492 2597 4564 fatigati,
2627 4488 2936 4545 Alexandro
2961 4486 3198 4555 Gangem
3220 4483 3405 4544 etiam,

1859 4593 2013 4663 cujus
2031 4588 2262 4646 latitudo
2293 4602 2488 4642 versus
2514 4597 2766 4640 occasum
2792 4568 3087 4634 stadid'rum
3120 4589 3406 4656 Lxu,pro-

1860 4684 2098 4738 funditas
2122 4697 2151 4737 c
2181 4692 2471 4750 orgyarum
2504 4683 2650 4736 erat,
2683 4674 2732 4724 vi
2763 4670 3082 4732 transiture,
3105 4683 3216 4721 non
3251 4653 3400 4736 pare-

1859 4783 2019 4830 rent:
2070 4773 2252 4826 animo
2277 4783 2419 4838 aeger
2442 4806 2458 4832 ,
2495 4767 2551 4820 in
2583 4763 2936 4818 tabernaculo
2980 4759 3236 4816 desidens
3256 4801 3268 4823 ,
3301 4773 3407 4811 non

1858 4865 2063 4938 prodiit
2085 4863 2140 4917 in
2163 4861 2464 4932 publicum,
2511 4857 2739 4928 perinde
2760 4870 2878 4910 esse
2897 4854 3170 4924 judicans,
3196 4851 3240 4905 si
3269 4849 3408 4904 Gan-

1859 4976 1978 5031 gem
2035 4972 2142 5012 non
2187 4951 2506 5014 transisset,
2534 4964 2594 5003 ac
2632 4948 2678 5003 si
2710 4947 2912 5001 victum
2944 4959 3000 4998 se
3036 4941 3406 4997 confiteretur.

1852 5052 1958 5106 Sed
1992 5048 2181 5103 amicis
2225 5041 2625 5101 obtestantibus
2655 5048 2709 5093 et
2741 5033 3005 5090 militibus
3047 5047 3169 5088 cum
3195 5031 3405 5099 ploratu

1856 5123 2320 5214 supplicantibus,
2351 5132 2569 5189 tandem
2597 5131 2796 5192 cessit,
2838 5124 3193 5191 exercituque
3234 5121 3397 5174 redu-

215 5246 534 5310 καλούντων,
559 5245 653 5298 καὶ
672 5245 780 5301 τῶν
809 5243 1149 5316 στρατιωτῶν
1171 5239 1585 5295 ἀντιϐολούντων
1611 5241 1745 5310 ’μετὲ

1857 5247 1945 5293 cto
1966 5213 1985 5302 ί,
2022 5232 2192 5288 multa
2216 5227 2434 5296 navigia
2464 5235 2519 5283 et
2551 5236 2696 5279 rates
2725 5217 3034 5275 fabricavit.
3062 5213 3265 5284 quibus
3296 5215 3402 5265 tlu-

217 5337 511 5409 κλαυθμοῦ,
569 5337 825 5391 ένδέδωκέ
855 5354 915 5390 τε
947 5338 1041 5390 καὶ
1071 5331 1418 5401 ἀνεζεύγνυε.
1473 5329 1648 5384 Πολλὰ
1702 5329 1759 5384 δὲ

1859 5329 2006 5382 mina
2032 5321 2327 5392 trajiceret,
2350 5317 2593 5373 exterius
2617 5324 2835 5382 quoque
2862 5322 3009 5361 mare
3036 5305 3402 5376 inspecturus,

1362 5443 1558 5504 Varias
1589 5443 1889 5509 lectiones
1935 5455 1996 5504 et
2035 5448 2224 5500 notae.

284 5579 413 5650 (22)
447 5572 966 5650 'Efnxogrqubg
999 5571 1202 5650 δυσίν,
1234 5568 1370 5624 Cod.
1407 5581 1521 5650 ms.
1545 5566 1590 5618 λ’
1621 5569 1756 5650 πρὸς

215 5635 654 5705 ’δυξε.’Δι’1’ἰέῐιυε
689 5644 746 5698 in
782 5635 877 5698 libV.
921 5635 1044 5695 Rer.
1083 5641 1306 5694 indicar.
1339 5635 1527 5691 scribit
1570 5635 1772 5706 patere-

217 5717 472 5847 gignunt,
503 5731 609 5790 qua
637 5712 867 5771 maxime
890 5720 1152 5785 angustus
1179 5719 1281 5776 est,
1306 5708 1372 5764 ad
1400 5713 1620 5766 centum
1643 5715 1755 5762 sta-

1933 5564 2044 5637 (25)
2091 5559 2401 5637 ’Agtpdtrac.
2437 5507 2513 5606 Ita
2559 5565 2716 5637 “mss:
2748 5545 2920 5637 codd;
2953 5536 3400 5637 ﬁegl‘neﬁtmtiolb.

1863 5613 2522 5696 Viennensis'dnpbaitog.
2559 5620 2663 5674 Sed
2692 5619 2924 5688 priorem
2952 5613 3236 5668 lectionem
3258 5620 3405 5667 secn-

1859 5715 1955 5768 tus
1985 5711 2068 5761 est
2101 5708 2161 5755 ut
2184 5692 2466 5756 meliorem
2506 5692 2796 5763 interpres.
