3988 6328
593 439 694 505 351

1839 444 2156 504 JOANNIS
2197 437 2516 500 ZONARZE

3699 428 3811 499 3:2

588 565 642 608 et
679 553 1182 623 prxternavigando
1222 554 1382 607 urbes
1419 553 1649 623 subegit.
1680 554 1814 609 Cum
1863 541 2051 612 autem
2077 558 2142 613 ad

2255 552 2521 622 πορθμεῖα
2549 550 2640 603 καὶ
2665 548 2880 619 σχεδίας
2913 548 3243 617 πηξάμενος,
3276 547 3558 620 ἐκομίζετο
3589 549 3675 602 διὰ
3703 551 3816 601 τῶν

594 645 779 702 Mallos
807 647 1170 715 pervenisset.
1195 646 1452 700 Indorum
1479 647 1931 715 pugnacissimos.
1955 666 2145 719 parum

590 739 660 793 ab
688 737 911 794 interitu
943 737 1137 792 abfuit.
1171 737 1302 792 Nam
1331 754 1453 792 cum
1485 739 1694 806 primus
1719 755 1814 809 per
1835 741 2008 796 scalas
2032 758 2150 795 mu-

591 847 713 884 rmn
738 830 1177 888 conscendisset.
1214 830 1389 898 iisque
1419 829 1771 885 comminutis
1794 831 1862 885 ab
1897 815 2149 889 hostibus

588 930 896 990 peteretur,
923 921 1129 990 impetu
1163 921 1216 973 in
1244 917 1452 974 medios
1479 919 1663 975 hostes
1685 921 1914 987 desiliit,
1937 931 1991 976 et
2019 939 2146 979 casu

587 1021 772 1066 rectus
791 1012 963 1075 stetit,
995 1027 1058 1066 ac
1095 1012 1312 1065 barbari
1345 1012 1580 1080 primum
1604 1012 1836 1084 dispersi
1867 1026 2025 1069 sunt:
2053 1016 2148 1070 sed

589 1118 716 1156 eum
764 1105 940 1155 solum
986 1118 1106 1157 esse
1137 1119 1259 1158 cum
1305 1102 1520 1158 duobus
1571 1104 1834 1162 duntaxat
1864 1109 2150 1177 armigeris

584 1191 914 1261 conspicati,
963 1195 1032 1248 ad
1078 1196 1450 1252 defensionem
1528 1199 1810 1262 conversi,
1895 1199 2149 1255 cominus

582 1296 709 1336 eum
739 1282 1028 1339 feriebant.
1063 1285 1292 1352 Quidam
1327 1303 1457 1342 vero
1481 1288 2019 1362 longiusabsistens.
2058 1305 2152 1343 sa-

583 1371 773 1441 gittam
805 1387 871 1426 ex
901 1389 1031 1428 arcu
1063 1375 1317 1430 emissam
1349 1377 1403 1431 in
1429 1378 1645 1433 ossibus
1669 1378 1814 1433 circa
1859 1394 2147 1433 mammam

583 1462 967 1534 deﬁxitzquae
1021 1467 1172 1536 plaga
1223 1468 1304 1524 sic
1351 1485 1488 1525 eum.
1523 1469 1790 1539 perculit,
1843 1478 1902 1522 ut
1930 1470 2151 1524 cederet

583 1562 750 1626 atque
785 1556 1179 1618 inclinaretnr.
1212 1561 1257 1614 is
1285 1577 1415 1616 vero
1443 1563 1535 1630 qui
1571 1577 1697 1615 eum
1733 1560 1924 1626 icerat,
1959 1563 2151 1616 stricto

581 1644 762 1714 gladio
791 1657 1123 1701 accurrerct.
1165 1649 1268 1704 Sed
1309 1651 1600 1706 Peucestas
1628 1659 1682 1705 et
1731 1651 2014 1706 Lemmens
2065 1668 2152 1706 re-

582 1752 702 1808 gem
731 1735 1108 1801 defendentes,
1141 1741 1302 1796 ambo
1331 1753 1462 1797 sunt
1493 1744 1784 1807 vulnerati,
1816 1745 1956 1799 alter
1983 1747 2148 1800 etiam

2251 643 2533 714 ποταμῶν,
2559 641 2729 696 θέλων
2777 641 2876 710 τὴν
2901 639 3006 706 ἐξω
3038 640 3308 694 θάλασσαν
3331 641 3564 695 ἐπιδεῖν·
3594 642 3688 695 καὶ
3710 659 3818 695 πα-

2253 735 2500 804 ραπλέων
2556 732 2840 793 ἀπέϐαινε,
2898 731 2992 784 καὶ
3051 730 3589 802 πόλεις-ἐχειροῦτο.
3640 731 3730 784 Ἐν
3760 730 3819 784 δέ

2250 828 2486 891 Μαλλοῖς
2535 823 2794 895 γεγονὼς,
2839 823 3247 895 μαχιμωτάτοις
3294 823 3444 877 οὖσιν
3487 824 3686 887 Ἰνδῶν,
3726 841 3819 894 μιι

2249 917 2384 989 κροῦ
2425 916 2783 972 ἐκινδύνευσε.
2822 916 3044 986 Πρῶτος
3078 916 3186 986 γὰρ
3216 914 3305 968 διὰ
3336 915 3600 985 κλίμακος
3629 916 3723 969 ἐπὶ
3758 916 3820 970 τὸ

2248 1014 2428 1080 τεῖχος
2446 1010 2671 1076 ἀναϐὰς,
2702 1011 2804 1078 τῆς
2833 1009 3097 1078 κλίμακος
3128 1008 3527 1078 συντριϐείσης,
3575 1009 3676 1094 Erat
3703 1008 3817 1061 τῶν

2251 1100 2530 1170 πολεμίων
2573 1097 2970 1168 ἐπιτιθεμένων
3007 1096 3103 1150 καὶ
3150 1095 3457 1166 βαλλόντων
3501 1098 3687 1162 αὑτὸν,
3725 1114 3822 1150 συ-

2252 1190 2489 1262 στρέψας
2519 1188 2710 1243 ἐαυτὺν
2740 1190 2820 1251 εἰς
2845 1187 3049 1259 μέσους
3078 1185 3285 1242 ἄνωθεν
3307 1188 3487 1257 ἀφῆκε
3516 1189 3642 1252 τοὺς
3670 1190 3820 1241 ἐναν·

2249 1284 2393 1347 τίους
2413 1296 2427 1310 ’
2459 1283 2554 1336 καὶ
2582 1281 2722 1334 κατὰ
2752 1278 2921 1350 τύχην
2948 1279 3107 1350 ὀρθὸς
3129 1278 3286 1351 ἔστη,
3310 1281 3410 1334 καὶ
3433 1280 3494 1334 τὸ
3526 1282 3627 1351 μέν
3663 1281 3819 1352 πρῶ-

2255 1394 2346 1429 τον
2371 1377 2419 1428 οί
2449 1374 2714 1446 βάρϐαροι
2745 1373 3172 1440 ἐσκεδάσθησαν.
3203 1374 3424 1437 Ἰδόντες
3455 1374 3511 1428 δέ
3534 1374 3700 1430 αὐτὸν
3726 1375 3821 1427 καὶ

2250 1468 2359 1532 δύω
2391 1468 2584 1537 μόνους
2610 1463 2975 1528 ὑπισπιστὰς,
2997 1465 3509 1536 ἐπαναπραφέντες
3525 1467 3824 1538 ἠμύνοντο,

2251 1562 2344 1614 καὶ
2371 1561 2704 1630 ἀγχεμάχοις
2729 1557 2914 1620 ὅπλοις
2964 1557 3318 1628 ἐτίτρωσκον.
3350 1553 3448 1621 Εἷς
3493 1559 3540 1612 δ’
3576 1558 3824 1620 ἀποστὰς

2256 1653 2395 1721 βέλει
2430 1653 2494 1704 ἐκ
2527 1651 2680 1714 τόξου
2732 1649 2907 1720 βαλὼν
2932 1650 3096 1702 αὐτὸν
3122 1692 3137 1714 ,
3169 1653 3280 1713 τοῖς
3321 1651 3449 1720 περὶ
3503 1651 3594 1704 τὸν
3648 1649 3824 1720 μαζὸν

2251 1747 2456 1808 ὀστέοις
2477 1745 2538 1798 τὸ
2568 1743 2720 1814 βέλος
2751 1743 3020 1810 ἐνόπειρε,
3043 1745 3137 1797 καὶ
3160 1743 3335 1805 οὕτως
3367 1742 3530 1796 αὐτοῦ
3565 1743 3825 1798 καθίκετο

582 1836 854 1882 mortuus.
917 1828 1224 1885 Alexander
1267 1842 1448 1886 autem
1478 1877 1491 1897 ,
1545 1846 1920 1904 propugnante
1967 1837 2150 1890 adhuc

2256 1837 2288 1906 ὴ
2316 1835 2518 1907 πληγὴ,
2542 1834 2620 1904 ὡς¹
2641 1832 2881 1887 ἐνδοῦναί
2914 1849 2973 1885 τε
3003 1834 3094 1886 καὶ
3122 1831 3439 1902 καμφθῆναι
3464 1848 3478 1864 ⁶
3509 1833 3635 1885 ὅθεν
3673 1834 3701 1885 ὁ
3734 1830 3826 1901 βα-

583 1917 846 1973 Peucesta
873 1961 887 1984 ,
925 1919 1220 1976 barbarum
1261 1939 1289 1977 a
1322 1940 1431 1994 quo
1471 1924 1791 1981 vulneratus
1825 1938 1965 1988 erat,
2002 1927 2146 1982 oeci.

2255 1897 2364 1980 λὼν
2408 1897 2777 1996 aechm-ped
2815 1923 3002 1992 ξίφους
3052 1897 3346 1994 ἐπέδρανμεξ
3401 1897 3744 1988 Πευκέστας
3770 1925 3825 1976 δὲ

581 2008 703 2062 dit:
734 2011 1031 2081 multisque
1057 2015 1380 2070 vulneribus
1421 2017 1662 2085 acceptis
1683 2059 1698 2077 .
1740 2017 1899 2088 195
1930 2034 2054 2072 cum
2092 2018 2147 2072 in

502 2156 510 2164 ,
581 2100 723 2155 collo
743 2101 906 2156 etiam
935 2104 1141 2175 tragula
1157 2104 1297 2161 ictus
1314 2116 1476 2167 esset.
1497 2108 1565 2163 ad
1586 2125 1801 2164 murum
1823 2111 2111 2166 inclinatus
2131 2153 2146 2178 ,

582 2190 850 2246 barbaros
867 2193 1131 2250 intuetur.
1153 2198 1373 2252 Interim
1404 2215 1432 2253 a
1453 2199 1835 2256 Macedonibus
1853 2203 2148 2273 congloba-

581 2283 653 2337 tis
689 2293 899 2355 raptus,
925 2302 1198 2358 sensuque
1230 2290 1526 2346 destitutus
1556 2294 2157 2361 exportatur.Cumau-

580 2378 690 2425 tem
713 2373 860 2428 acies
883 2375 1091 2444 sagittae
1117 2379 1226 2432 ossi
1253 2367 1563 2445 inhaereret,
1592 2382 1644 2434 in
1668 2383 2008 2438 extrahendo
2047 2385 2153 2438 telo

579 2464 870 2519 acerrimis
893 2465 1183 2522 doloribus
1207 2469 1438 2524 affectus
1465 2513 1478 2533 ,
1513 2472 1565 2524 in
1598 2473 1763 2526 animi
1796 2474 2036 2543 deliquia
2065 2474 2150 2527 in-

579 2553 738 2617 cidit,
765 2563 826 2608 ut
852 2555 921 2611 de
949 2557 1059 2612 vita
1084 2560 1205 2629 ejus
1229 2571 1410 2616 aetum
1439 2547 1749 2631 putaretur.
1780 2565 1981 2619 Tamen
2006 2565 2149 2634 peri-

579 2645 707 2699 culo
737 2647 963 2709 evitato.
997 2664 1120 2704 cum
1146 2651 1393 2721 longiore
1426 2663 1671 2722 tempore
1699 2665 2007 2718 cnraretttr,
2037 2656 2146 2709 Ma-

517 2743 523 2751 '
579 2738 890 2796 ccdonibus
918 2743 1039 2812 ejus
1067 2743 1290 2799 videndi
1323 2745 1602 2800 desiderio
1634 2749 2100 2803 tumultuantibus
2127 2788 2142 2814 ,

579 2824 636 2880 in
669 2827 911 2886 medium
947 2835 1234 2904 processit.

2257 2021 2350 2072 καὶ
2381 2019 2656 2087 Λημναῖος
2689 2015 3150 2086 ὑπεραπίσαντες,
3212 2016 3308 2069 καὶ
3358 2015 3527 2086 ἄμφω
3579 2015 3826 2088 ἐτρώθη-

2259 2127 2379 2174 σαν,
2413 2111 2507 2164 καὶ
2537 2111 2566 2164 δ
2611 2109 2710 2181 μέν
2737 2109 2964 2180 τέθνηκε
2990 2125 3005 2141 °
3033 2109 3346 2172 Πευκέστας
3375 2108 3431 2162 δέ
3456 2107 3536 2161 ἐτι
3559 2107 3821 2178 ἠμύνετο,

2258 2204 2348 2256 τὸν
2376 2203 2432 2256 δὲ
2458 2200 2744 2273 τρώσαντα
2775 2201 2935 2255 αὐτὸν
2975 2201 3256 2273 βάρϐαρον
3306 2200 3516 2254 ἀνεῖλεν
3573 2199 3827 2265 Ἀλέξαν-

2253 2295 2396 2364 δρος.
2430 2292 2706 2363 Πολλαχοῦ
2742 2291 2798 2344 δέ
2835 2291 3088 2360 τρωθεὶς,
3139 2285 3256 2344 εῐτα
3287 2290 3382 2344 καὶ
3428 2290 3569 2344 κατὰ
3613 2290 3710 2344 τοῦ
3741 2293 3829 2344 τέ-

2249 2401 2430 2447 νοντος
2461 2382 2648 2452 ὑπέρῳ
2670 2379 2908 2452 βληθεὶς,
2937 2381 3014 2451 τῷ
3051 2380 3217 2451 τείχει
3251 2381 3662 2454 προσερεισθεὶς
3689 2382 3826 2450 πρὸς

2251 2475 2378 2538 τοὺς
2415 2473 2724 2546 βαρϐάρους
2769 2473 3105 2551 ἀπέϐλεπεν.
3151 2474 3241 2528 Ἐν
3271 2473 3511 2546 τοσούτῳ
3555 2473 3600 2527 δ’
3632 2474 3824 2542 ἀθροιο

2254 2568 2488 2622 σθέντων
2516 2567 2623 2622 τῶν
2650 2566 2998 2629 Μακεδόνων,
3027 2566 3330 2635 ἁρπασθεὶς
3359 2565 3443 2630 είς
3479 2567 3581 2637 τὴν
3617 2569 3826 2634 σκηνὴν

2250 2659 2594 2730 ἀναισθητῶν
2627 2658 2930 2730 ἐκομίζετο.
2966 2660 3091 2718 Ἑνὶ
3132 2660 3187 2713 δὲ
3214 2660 3322 2712 τῶν
3348 2658 3548 2713 ὀστέων
3572 2660 3674 2728 τῆς
3708 2658 3829 2712 ἀκί-

2251 2753 2338 2815 δος
2369 2752 2729 2822 ὲμπαγείσης,
2761 2748 2855 2803 τοῦ
2883 2749 3064 2803 οίστοῦ
3107 2750 3424 2820 ἑλκομένου,
3476 2749 3665 2805 ὀδύναι
3715 2751 3830 2820 δρι-

2223 2885 2225 2887 .
2256 2841 2418 2912 μεῖαι
2444 2843 2538 2895 καὶ
2568 2839 2917 2911 λειποθυμίαι
2946 2841 3206 2909 ἐγίνοντο,
3233 2841 3309 2906 ὡς
3341 2841 3436 2895 καὶ
3464 2842 3648 2896 θανεῖν
3680 2843 3826 2894 ἐκεῖ-

578 2935 672 2974 νον
716 2923 1030 2989 ἐλπίζεσθαι
1073 2928 1207 2999 (24).
1252 2931 1443 2998 Ὅμως
1499 2933 1682 3001 μέντοι
1737 2933 1826 2985 τδν
1883 2933 2127 2987 κίνδυνον
2172 2933 2415 3006 διαδρὰς,
2473 2933 2570 2988 καὶ
2619 2934 2809 3006 χρόνον
2871 2933 3043 3017 πλείω
3099 2933 3565 3006 θεραπευόμενος,
3623 2935 3706 2997 είς
3743 2935 3825 2987 θό-

580 3015 745 3083 ρυϐον
770 3017 895 3080 τοὺς
927 3021 1241 3086 Μακεδόνας
1274 3025 1515 3108 ἐνέϐαλε,
1559 3020 1858 3092 ποθεῢντας
1890 3030 2021 3083 ίδεῖν
2047 3029 2230 3096 αὐτὸν,
2261 3032 2356 3086 καὶ
2388 3031 2713 3104 προσῆλθεν.

655 3107 795 3165 XIV.
838 3111 1168 3173 Continuata
1215 3121 1527 3175 valetudine
1568 3122 1802 3178 ulterius
1849 3128 2148 3199 pergendo,

2323 3130 2422 3182 LV.
2464 3126 2863 3198 ’Δναρρωσθεὶς
2892 3127 2948 3182 δέ
2983 3121 3143 3189 αὖθις
3183 3123 3606 3197 παρεκομίζετο,
3639 3122 3825 3194 χώραν

579 3205 781 3260 multas
818 3209 1126 3276 provincias
1147 3222 1203 3268 et
1233 3215 1401 3270 urbes
1431 3217 1668 3286 subegit.
1701 3218 1950 3289 Cumque
1970 3239 2139 3291 quos-

580 3295 707 3350 dam
733 3297 1224 3371 Gymnosophistas
1260 3307 1519 3375 cepisset,
1551 3310 1740 3378 eisque
1771 3313 1970 3367 multas
2014 3313 2155 3368 ditii-

581 3392 716 3447 ciles
746 3397 1075 3462 quaestiones
1091 3403 1489 3470 prepositisset,
1525 3407 1842 3460 muneribus
1870 3407 2031 3472 datis,
2051 3409 2154 3464 bo-

581 3484 759 3539 mines
785 3485 1009 3544 dimisit.
1045 3490 1258 3548 Taxiles
1290 3511 1440 3560 vero,
1478 3497 1570 3551 uni
1611 3499 1752 3553 inter
1796 3500 1919 3556 illos
1945 3502 2153 3558 celebri

580 3575 781 3660 Calano
827 3583 1122 3649 persuasit,
1181 3596 1242 3639 ut
1294 3589 1669 3644 Alexandrum
1718 3595 2062 3649 conveniret.
2103 3594 2153 3650 ls

583 3667 791 3722 corium
824 3672 1038 3728 aridum
1077 3679 1329 3752 projecit,
1369 3689 1424 3733 et
1448 3682 1566 3751 ejus
1594 3694 1837 3739 extrema
1871 3702 1968 3754 per
2000 3687 2148 3741 vices

583 3759 816 3816 calcavit
853 3779 868 3817 ι
902 3766 1048 3832 quod
1079 3767 1209 3823 dum
1233 3769 1412 3836 ﬁeret,
1445 3773 1566 3828 aliae
1594 3785 1780 3844 partes
1811 3778 2158 3835 attolleban-

583 3858 695 3907 tur.
729 3851 866 3909 Cum
903 3867 1084 3912 autem
1118 3861 1359 3916 medium
1389 3863 1656 3921 calcasset
1688 3881 1751 3921 ac
1797 3870 2155 3938 compressis-

584 3953 691 4011 set,
729 3955 902 4000 totum
946 3950 1158 4004 corium
1192 3952 1438 4021 quietum
1484 3957 1683 4011 mansit
1737 3966 1793 4012 et
1849 3959 2150 4017 immobile.

586 4034 704 4102 Quo
751 4041 1000 4110 exemplo
1052 4045 1307 4099 monebat
1349 4046 1723 4102 Alexandrum
1795 4067 1864 4105 ne
1895 4053 1950 4106 in
1990 4055 2148 4122 regni

586 4129 1024 4184 extremitatibus
1052 4148 1110 4186 se
1141 4135 1474 4198 contineret,
1503 4137 1597 4190 sed
1628 4133 1806 4191 media
1836 4151 2150 4208 occuparet.

590 4224 652 4271 ut
682 4226 737 4271 et
764 4220 1208 4290 circumjacentia
1251 4224 1372 4279 loca
1402 4225 1455 4279 in
1481 4225 1661 4281 ofﬁcio
1716 4228 2153 4284 continerentur.

588 4309 807 4378 Septem
836 4314 1115 4368 mensibus
1162 4331 1261 4384 per
1291 4301 1514 4373 ﬂumina
1560 4319 1614 4373 in
1664 4336 1814 4374 mare
1869 4321 2152 4385 devectus,

590 4398 767 4453 fertur
814 4404 1045 4460 navibus
1089 4405 1365 4466 Oceanum
1428 4410 1728 4480 ingressus,
1773 4413 2007 4482 indeque
2066 4430 2153 4466 re-

592 4503 804 4550 versus,
840 4487 1069 4550 navibus
1097 4498 1344 4552 dextram
1378 4499 1576 4554 Indica}
1611 4503 1852 4570 regionis
1877 4519 2029 4557 oram
2070 4504 2150 4556 lc-

594 4593 720 4650 gere
744 4572 931 4654 jussis,
977 4585 1090 4654 ipse
1138 4590 1378 4656 pedestri
1432 4593 1630 4646 itinere
1668 4593 2045 4661 proficiscens,
2103 4595 2155 4648 in

595 4682 894 4730 extremam
919 4675 1156 4745 inopiam
1185 4679 1443 4746 incidisse
1481 4704 1493 4738 :
1518 4692 1836 4753 tantamque
1858 4684 2162 4738 multitudi-

601 4779 724 4819 nem
757 4768 1029 4834 artrisisse,
1073 4781 1133 4826 ut
1186 4789 1294 4829 non
1346 4787 1541 4844 quarta
1592 4778 1870 4832 exercitus
1916 4793 2060 4846 pars,
2092 4777 2162 4832 ob

602 4857 842 4917 morbos.
872 4862 1068 4917 malum
1105 4865 1328 4928 victum.
1359 4879 1550 4923 aestum
1580 4879 1634 4924 et
1664 4869 1880 4934 famem,
1909 4887 1973 4923 ex
2012 4870 2159 4924 lndia

605 4957 992 5004 revertentur.
1047 4952 1265 5024 Inepem
1295 4961 1442 5012 enim
1496 4963 1832 5029 provinciam
1882 4971 2161 5031 pertrans-

2253 3236 2312 3272 τε
2343 3219 2542 3290 πολλὴν
2573 3219 2669 3273 καὶ.
2704 3219 2887 3282 πόλεις
2916 3216 3289 3288 χειρούμενος.
3319 3215 3440 3269 Τῶν
3467 3214 3525 3271 δέ
3550 3231 3823 3284 γυμνοσο-

2255 3307 2461 3379 φιστῶν
2487 3325 2639 3372 τινας
2669 3307 2972 3372 συλλαϐὼν,
3009 3307 3102 3361 καὶ
3139 3306 3440 3377 ἐρωτήσεις
3473 3305 3659 3368 αὐτοῖς
3690 3307 3824 3359 ἀπό-

2257 3418 2385 3471 ρους
2414 3399 2771 3471 προθὲμενος,
2811 3401 3146 3470 ἐδωρήσατο,
3203 3398 3298 3453 καὶ
3326 3399 3560 3469 ἀφῆκεν.
3599 3399 3739 3452 Ἕνα
3771 3399 3824 3452 δὲ

2254 3495 2361 3549 τῶν
2388 3496 2443 3547 ἐν
2469 3493 2594 3564 δόξῃ
2621 3493 2749 3564 παρ’
2774 3494 2957 3556 αὐτοῖς
2971 3495 3166 3555 ὄντων,
3188 3493 3435 3551 Κάλανον
3463 3491 3825 3563 κεκλημένον,

2254 3585 2474 3639 ἔπεισεν
2503 3586 2531 3638 ὁ
2553 3582 2787 3654 Ταξίλης
2819 3583 2958 3654 πρὸς
3002 3581 3351 3652 Ἀλέξανδρον
3384 3581 3703 3651 ἀφικέσθαι.
3727 3575 3830 3635 Οὖ-

2253 3695 2344 3741 τος
2363 3677 2566 3748 βύρσαν
2596 3676 2768 3747 ξηρὰν
2793 3675 3025 3729 ἐνώπιον
3053 3675 3148 3728 τοῦ
3181 3675 3446 3744 βασιλέως
3475 3673 3825 3737 καταϐαλὼν,

2255 3769 2472 3839 περιῄει
2513 3768 2581 3821 τὰ
2614 3769 2760 3836 ἄκρα
2786 3765 2991 3834 ταύτης
3022 3765 3210 3819 πατῶν
3246 3781 3260 3798 ·
3293 3768 3329 3835 ἡ
3349 3765 3404 3820 δὲ
3430 3767 3486 3818 ἐν
3517 3767 3674 3836 μέρει
3721 3767 3827 3818 τῶν

2255 3864 2440 3933 ἄκρων
2470 3860 2774 3932 πιεζομένη
2819 3861 2893 3930 τῇ,
2921 3860 3295 3930 συμπατήσεε,
3319 3861 3427 3922 τοῖς
3453 3858 3634 3918 ἄλλοις
3661 3858 3830 3928 ᾔρετο

2260 3955 2502 4027 μέρεσιν.
2532 3950 2663 4007 Εἶτα
2696 3952 2860 4023 μέσον
2884 3952 3056 4021 αὐτὴν
3089 3953 3433 4023 πατήσαντος
3480 3953 3575 4005 καὶ
3603 3951 3828 4020 συσχόνο

2253 4066 2365 4111 τος,
2397 4049 2431 4116 ὴ
2458 4047 2552 4116 ὅλη
2579 4045 2751 4117 βύρσα
2789 4044 3018 4115 ἠτρέμει
3047 4045 3140 4096 καὶ
3179 4041 3434 4111 ἀκίνητος
3463 4037 3554 4113 ἦν.
3586 4040 3826 4111 Παρῄνει

2255 4139 2308 4190 δὲ
2334 4140 2420 4190 διὰ
2461 4137 2553 4188 τοῦ
2606 4137 3028 4204 ὑποδείγματος,
3069 4136 3158 4187 τὸν
3201 4133 3553 4202 Ἀλέξανδρον
3591 4134 3661 4203 μὴ
3717 4137 3826 4195 τοῖς

2257 4231 2445 4298 ἄκροις
2478 4229 2576 4295 τῆς
2609 4229 2785 4300 ἀρχῆς
2819 4228 3237 4299 ἐμφιλοχωρεῖν.
3274 4227 3342 4279 τὰ
3390 4227 3527 4294 μέσα
3555 4226 3612 4279 δὲ
3667 4229 3826 4280 κατέ-

2258 4340 2391 4393 χειν,
2428 4323 2491 4374 ἴν⁹
2520 4322 2660 4376 οὕτω
2690 4324 2781 4375 καὶ
2806 4322 2873 4375 τὰ
2905 4321 3064 4392 πέριξ
3091 4322 3276 4391 ἡρέμα
3395 4318 3568 4371 Ἐπεά
3601 4319 3657 4372 δὲ
3691 4318 3826 4387 μησὶ

2256 4413 2342 4464 διὰ
2371 4413 2477 4464 τῶν
2509 4414 2766 4483 ποταμῶν
2794 4414 2873 4477 είς
2894 4415 2991 4483 τὴν
3024 4413 3298 4465 θάλασσαν
3343 4411 3633 4480 ὑπαχθεὶς,
3671 4412 3826 4472 λέγε-

2257 4522 2344 4556 ται
2379 4506 2498 4566 ταῖς
2521 4505 2711 4558 ναυσὶν
2737 4507 2815 4566 είς
2844 4505 2934 4556 τὸν
2963 4504 3216 4556 Ὠκεανὸν
3236 4502 3513 4572 ἐμϐαλεῖν.
3541 4498 3674 4553 Εἶτα
3702 4503 3827 4553 ἁνα-

2258 4593 2528 4662 στρέφων,
2579 4593 2678 4655 τὰς
2748 4592 2849 4661 μὲν
2879 4592 3009 4653 ναῦς
3069 4590 3374 4660 παραπλεῖν
3428 4589 3484 4640 ἐν
3535 4587 3684 4657 δεξιᾷ
3725 4587 3823 4656 τὴν

2270 4687 2497 4756 Ἰνδικὴν
2531 4686 2784 4756 ἐχούσας,
2828 4685 3136 4738 ἐκέλευσεν.
3163 4683 3334 4746 Αὐτὸς
3364 4682 3421 4736 δὲ
3459 4681 3598 4749 πεζῇ
3633 4697 3826 4748 πορευ-

2260 4778 2468 4848 όμενος,
2514 4779 2590 4840 είς
2613 4776 2845 4846 ἐσχάτην
2878 4775 3114 4845 ἀπορίαν
3138 4767 3459 4844 κατήντησε,
3501 4772 3594 4822 καὶ
3627 4767 3822 4836 πλῆθος

2261 4870 2512 4921 τοσοῦτον
2541 4869 2842 4933 ἀπώλεσεν,
2876 4867 3015 4919 ὥστε
3065 4867 3162 4933 τῆς
3200 4865 3460 4936 στρατιᾶς
3489 4863 3623 4934 μηδέ
3648 4863 3704 4915 τὸ
3734 4863 3822 4913 se.

2257 4978 2456 5031 ταρτον
2504 4962 2568 5013 ἐκ
2609 4963 2706 5028 τῆς
2753 4957 2978 5026 Ἰνδικῆς
3009 4955 3447 5025 ἀνακομισθῆναι
3495 4954 3584 5008 διὰ
3633 4953 3820 5012 νόσους

605 5037 742 5100 lbat,
779 5054 899 5110 qua:
952 5057 1154 5112 paucas
1188 5061 1319 5101 oves
1351 5049 1607 5114 habebat,
1667 5053 1891 5106 marinis
1928 5053 2152 5119 piscibut

2261 5054 2355 5104 καὶ
2391 5051 2632 5122 πονηρὰς
2661 5049 2892 5112 διαίτας,
2911 5049 3005 5102 καὶ
3035 5049 3289 5118 καύματα
3321 5048 3414 5100 καὶ
3444 5044 3628 5113 λιμόν.
3658 5043 3820 5094 Ἀπο-

609 5126 680 5180 ali
722 5128 930 5198 solitas,
980 5133 1190 5191 insuavi
1237 5146 1292 5192 et
1320 5138 1533 5195 ftetenti
1574 5158 1760 5197 carne.
1799 5142 2066 5197 Cmterum
2100 5160 2164 5198 ea

612 5217 807 5274 diebus
833 5238 896 5278 ιι
924 5239 1195 5296 superata,
1228 5249 1349 5287 cum
1385 5231 1701 5289 Gedrosiant
1759 5237 2035 5303 copiosam
2077 5254 2164 5290 re-

611 5307 823 5375 gionem
849 5314 1133 5386 attigisset,
1157 5329 1211 5374 et
1235 5323 1532 5378 exercitum
1574 5337 1628 5379 et
1679 5329 2028 5396 semetipsum
2075 5343 2165 5382 co-

615 5405 1032 5463 messationibus
1074 5412 1281 5468 refecit.
1314 5417 1516 5472 Deinde
1544 5419 1609 5472 ad
1653 5435 1804 5474 mare
1859 5421 2162 5484 descendit,

615 5501 672 5545 et
753 5490 1030 5582 improbos
1106 5501 1274 5558 duces
1353 5509 1622 5563 multatit.
1714 5509 1844 5562 Nam
1914 5511 2164 5580 superior

613 5587 904 5655 expeditio,
931 5599 986 5646 et
1018 5592 1081 5645 ad
1125 5593 1310 5651 Mallos
1348 5614 1632 5671 acceptum
1682 5603 1899 5664 vulnus,
1926 5614 1980 5658 et
2018 5603 2160 5656 ntul-

2265 5158 2354 5210 ρον
2403 5141 2508 5208 γὰρ
2545 5138 2679 5208 διῄει
2703 5137 2908 5208 χώραν,
2976 5138 3132 5204 ὀλίγα
3162 5137 3409 5210 πρόϐατα
3454 5133 3701 5202 ἔχουσαν,
3729 5130 3828 5180 καὶ

2260 5201 2431 5286 ταῦτα
2461 5201 2762 5294 θαλαττίοις
2790 5201 2974 5300 ’ἰχθύσι
3007 5201 3337 5299 τρεφόμεθα,
3382 5201 3488 5276 καὶν
3515 5223 3692 5289 σάρκα
3727 5235 3816 5285 μο-

2259 5324 2470 5395 χθηρὰν
2510 5324 2699 5394 ἔχοντα
2740 5323 2833 5376 καὶ
2858 5322 3089 5390 δυσώδη.
3117 5321 3207 5374 Ἐν
3231 5317 3487 5398 ἐξήκοντα
3517 5313 3560 5366 δ’
3585 5313 3815 5382 ἡμέραις

2269 5400 2488 5484 διελθὼν
2519 5414 2613 5486 τὴν
2645 5415 2825 5485 χώραν
2856 5415 3089 5482 ἐκείνην,
3116 5411 3207 5463 καὶ
3234 5409 3330 5477 τῆς
3355 5404 3658 5478 Γεδρωσίας
3680 5399 3812 5466 αφά·

2275 5526 2455 5576 μενος,
2489 5510 2546 5560 ἐν
2581 5509 2831 5576 ἀφθόνοις
2857 5505 3091 5570 ἐγένετο,
3124 5502 3215 5555 καὶ
3238 5501 3336 5569 τήν
3354 5515 3411 5552 τε
3441 5497 3668 5564 δύναμιν
3694 5490 3809 5543 ἀνευ

2269 5603 2452 5661 κτᾶτο,
2486 5601 2579 5653 καὶ
2609 5598 2766 5660 αὐτος
2821 5597 3093 5668 ἐκώμαζε.
3129 5590 3480 5647 Καταϐαἰνων
3525 5586 3568 5640 δ’
3597 5579 3690 5636 ἐπὶ
3720 5576 3802 5630 οε-

1791 5762 1985 5822 νιιιὶίθ
2017 5759 2314 5827 lectiones
2362 5769 2421 5821 et
2455 5767 2640 5820 ΠΟίίΡ.

684 5875 795 5948 (23)
844 5883 1230 5947 Ἐλπίζεσθαι.
1279 5885 1412 5942 Vide
1453 5887 1627 5945 Gloss.
1679 5895 1825 5949 med.
1855 5893 2072 5949 Cl'tL‘Cil.
2120 5892 2152 5946 it

2255 5907 2305 5947 lC
2341 5907 2491 5947 νοω.
