4004 6328
568 506 675 574 355

1837 501 2153 563 JOANNIS
2191 502 2508 576 ZONARrE

3675 501 3774 564 356

571 617 736 671 etiam
779 615 911 669 illud
941 614 1075 669 fuit:
1114 623 1443 684 cumvestes
1478 611 1909 688 deposuisset‘ut
1955 627 2120 683 unge-

2227 613 2440 692 έπεσον.
2477 613 2710 682 Ἡγγέλη
2741 610 2787 663 δ’
2805 609 2970 682 αὐτῷ,
3003 611 3075 685 ὡς
3125 613 3515 682 Ἀπολλόδωρος
3546 613 3574 668 ὁ
3608 632 3770 685 στρα-

571 713 744 770 retur,
773 713 826 758 et
849 706 955 774 pila
973 704 1206 766 luderet.
1228 702 1626 765 adolescentes,
1657 701 1957 756 collusores
1979 702 2116 771 ejus,

566 800 623 846 et
648 794 750 862 ipsi
777 807 955 847 vestes
1003 792 1246 856 exuturi,
1294 792 1482 844 vident
1529 789 1817 859 quemdam
1867 789 1921 842 in
1975 791 2121 858 regio

567 879 704 932 solio
738 880 895 933 tacite
919 880 1223 942 sedentem.
1259 880 1406 949 regia
1436 888 1582 932 veste
1622 877 1894 942 indutum,
1925 879 2124 951 et_dia-

567 968 782 1023 demate
823 979 1099 1024 ornatum.
1143 970 1396 1036 Quicum
1433 980 1716 1039 rogaretur
1769 973 1891 1039 quis
1931 971 2123 1025 esset?

564 1057 657 1111 diu
683 1060 831 1113 nulla
855 1075 985 1114 voce
1009 1061 1175 1126 edita,
1208 1061 1294 1114 vix
1320 1061 1535 1115 tandem
1572 1062 1873 1130 respondit,
1912 1077 1968 1115 se
1991 1062 2119 1115 Dio-

564 1149 778 1220 nysium
844 1151 1049 1215 vocari,
1107 1167 1303 1222 genere
1358 1153 1704 1215 Messenium,
1749 1161 1803 1208 et
1851 1154 2119 1222 captivum

563 1240 856 1295 adductum
882 1258 1001 1297 esse
1027 1253 1249 1312 propter
1286 1245 1498 1313 objecta
1540 1245 1770 1299 crimina
1796 1263 1808 1297 :
1835 1245 1929 1298 sed
1959 1246 2121 1299 Sera-

565 1334 746 1402 pidem
775 1335 876 1390 sibi
917 1337 1131 1390 vincula
1163 1338 1408 1402 solvisse,
1435 1347 1492 1393 et
1518 1339 1625 1392 huc
1659 1340 1980 1408 perductum
2002 1339 2121 1408 jus-

571 1425 732 1490 sisse,
788 1436 935 1481 veste
979 1437 1034 1482 et
1074 1427 1383 1482 diademate
1427 1429 1680 1497 sumptis,
1718 1429 1880 1482 tacite
1913 1429 2119 1483 sedere.

570 1519 650 1573 Eo
685 1520 905 1574 homine
935 1521 1243 1576 Alexander
1284 1523 1351 1575 de
1375 1531 1557 1575 vatum
1595 1522 1826 1577 consilia)
1867 1538 1896 1577 c
1943 1523 2122 1577 medio

567 1610 806 1676 sublato,
851 1629 992 1682 aeger
1057 1615 1264 1678 animo,
1320 1595 1588 1668 sollicitus
1643 1623 1715 1668 ετ·
1748 1616 2119 1684 perturbatus,

566 1700 704 1754 nihil
765 1717 872 1755 non
925 1703 978 1756 in
1026 1717 1186 1756 omen
1235 1703 1504 1758 vertebat.
1565 1704 1737 1758 Lotus
1780 1705 1846 1759 ad
1892 1706 2120 1760 Mediam

564 1803 930 1847 comessatum
974 1793 1133 1860 abiit,
1187 1794 1376 1864 ibique
1421 1804 1585 1850 nocte
1617 1796 1672 1856 in
1730 1798 1942 1867 poculis
1979 1807 2120 1867 acta,

565 1884 830 1951 postridie
887 1885 1202 1940 febricitare
1244 1887 1430 1955 coepit.
1491 1887 1738 1957 Cumque
1769 1890 2121 1946 vehementer

565 1973 766 2038 sitiret,
799 1975 996 2028 hausto
1027 1977 1153 2029 vino
1197 1975 1556 2036 phreneticus
1602 1978 1855 2032 decessit.
1891 1979 2118 2045 Quidam
2155 1970 2194 2023 Β

560 2061 726 2129 igitur
756 2063 858 2118 hoc
889 2064 1048 2118 modo
1074 2080 1198 2119 eum
1220 2065 1423 2122 obiisse
1451 2070 1689 2122 tradunt.
1732 2069 1837 2122 Alii
1877 2086 2121 2134 narrant,

557 2167 682 2206 cum
711 2152 827 2208 dies
851 2155 1036 2223 plures
1061 2155 1450 2235 febricitasset,
1493 2159 1707 2223 lavisse,
1737 2161 1920 2229 itaque
1963 2175 2122 2218 aucto

561 2246 751 2300 morbo
777 2255 984 2299 mutttm
1010 2248 1268 2316 jacuisse.
1323 2249 1646 2304 Macedones
1676 2252 1832 2315 vero,
1867 2261 2120 2322 tanquam

558 2351 626 2389 eo
655 2346 868 2391 mortuo
883 2339 1233 2406 perturbatos
1246 2340 1569 2394 vociferatos
1592 2355 1712 2394 esse
1730 2352 1918 2396 contra
1933 2344 2120 2406 duces.

561 2428 738 2482 donec
761 2429 972 2498 apertis
1001 2430 1211 2484 foribus
1228 2429 1595 2512 Alexandrum
1618 2431 1672 2486 in
1701 2433 2122 2491 lectoiacentem

561 2520 802 2578 viderint
827 2524 949 2591 :qui
975 2533 1087 2577 tum
1106 2524 1324 2579 demum
1353 2523 1670 2579 decesserit.
1693 2524 1920 2591 Quidam
1970 2528 2123 2582 aiunt

560 2620 746 2678 postea
764 2628 1038 2667 rumorem
1064 2613 1346 2668 exstitisse
1364 2628 1580 2668 veneno
1599 2616 1951 2683 exstinctum,
1973 2617 2119 2686 quod

561 2715 722 2754 suasu
749 2711 800 2754 et
817 2702 1032 2772 ingenio
1047 2704 1357 2776 Aristotelis
1368 2705 1572 2773 pararit
1587 2705 1889 2775 Antipater.
1909 2708 2120 2777 Aquam

562 2803 744 2845 autem
768 2809 887 2847 esse
902 2794 1131 2861 gelidam
1148 2803 1203 2848 et
1229 2795 1505 2865 glacialem
1532 2809 1563 2850 e
1587 2806 1738 2864 petra
1788 2796 2117 2863 Nonacrina,

573 2883 752 2937 tenuis
776 2884 911 2938 roris
938 2885 1110 2939 instar
1125 2886 1514 2952 exundantem,
1542 2901 1702 2956 quam
1743 2890 1940 2957 ungula
1981 2890 2120 2945 asini

559 2975 851 3045 excipiant.
881 2976 1066 3047 Neque
1090 2977 1240 3031 enim
1271 2980 1381 3032 ullo
1397 2979 1506 3033 alio
1527 2993 1653 3034 vase
1675 2980 1967 3046 contineri,
1987 2981 2119 3050 quin

560 3065 854 3138 frigiditate
875 3069 1241 3124 etacrimonia
1271 3070 1388 3140 ejus
1410 3079 1717 3138 rumpatur.
1741 3070 1846 3126 Sed
1872 3072 2118 3141 plerique

563 3157 668 3212 hoc
732 3168 789 3212 ut
846 3159 1281 3214 commentitium
1349 3145 1650 3213 refellunt:
1707 3160 1911 3215 indicio
1961 3162 2116 3233 197

568 3263 693 3305 esse
743 3250 886 3318 quod
942 3251 1174 3305 cadaver
1224 3250 1365 3321 ejus,
1403 3264 1527 3303 cum
1568 3249 1685 3303 dies
1722 3251 2028 3319 complures
2062 3252 2133 3304 in-

561 3341 699 3395 locis
713 3342 906 3396 calidis
926 3343 1234 3412 neglectum
1260 3341 1491 3410 jaceret,
1523 3339 1758 3395 ducibus
1805 3342 1946 3394 inter
1994 3355 2115 3396 sese

564 3433 888 3497 rixantibus,
912 3435 1116 3486 nullam
1148 3431 1340 3487 veneni
1367 3440 1548 3487 notam
1571 3433 1848 3499 habuerit,
1883 3433 1980 3488 sed
2018 3449 2117 3503 pu-

563 3537 682 3576 rum
706 3521 983 3586 manserit,
1017 3520 1171 3592 quasi
1211 3536 1401 3577 recens
1416 3531 1583 3578 esset.
1608 3522 1825 3588 Fertur,
1858 3538 1982 3578 cum
2032 3523 2114 3578 in-

563 3619 706 3665 stare
745 3611 847 3666 sibi
891 3627 1078 3667 necem
1104 3612 1580 3678 animadverteret,
1610 3613 1843 3668 voluisse
1874 3614 2011 3668 clam
2059 3629 2116 3670 se

563 3702 622 3756 in
648 3701 979 3770 Euphratem
1015 3704 1354 3773 demergere,
1383 3715 1444 3757 ut
1467 3719 1498 3758 e
1531 3713 1825 3774 conspectu
1869 3705 2117 3760 sublatus

565 3795 876 3865 opinionem
907 3795 1130 3860 atl'erret
1166 3795 1502 3862 hominibus,
1541 3811 1620 3864 se,
1656 3807 1715 3851 ut
1759 3797 1864 3852 diis
1902 3800 2118 3868 genitus

571 3897 738 3953 esset,
771 3886 844 3941 ita
872 3887 940 3942 ad
970 3888 1101 3943 deos
1129 3889 1376 3952 rediisse,
1440 3889 1536 3944 sed
1578 3904 1701 3945 cum
1729 3889 2119 3955 Roxane,con-

564 3976 688 4031 silio
713 3977 830 4047 ejus
856 3979 1095 4048 cognito,
1127 3978 1453 4044 obstitisset,
1487 3994 1609 4032 cum
1638 3979 1841 4048 gemitu
1863 3980 2066 4035 dixisse
2103 3999 2115 4033 :

564 4068 766 4124 Invide:
804 4073 948 4138 mihi,
984 4074 1189 4138 mulier,
1207 4072 1515 4143 tdivinitatis
1548 4073 1772 4142 gloriam
1812 4085 1862 4128 et
1908 4077 2125 4128 immor-

565 4160 813 4215 talitatis.
839 4162 929 4216 Sic
957 4164 1260 4220 Alexander
1315 4162 1386 4219 ad
1427 4172 1637 4218 tantum
1694 4163 1930 4221 fortuna:
1975 4165 2126 4220 fasti-

563 4276 708 4342 gium
741 4289 982 4340 evectus,
1003 4277 1257 4331 decessit.

2223 705 2387 775 τηγὸς
2417 704 2750 765 Βαϐυλῶνος,
2769 703 2855 772 εἴη
2878 705 3008 772 περὶ
3037 703 3202 756 αὑτοῦ
3234 704 3402 767 θύσας
3421 721 3435 736 ⁸
3476 705 3569 758 τοῦ
3604 706 3661 759 δὲ
3685 707 3774 759 θύ-

2225 812 2411 857 σαντος
2438 795 2701 863 μάντεως,
2732 795 2788 855 ὃς
2822 795 3144 865 Πυθαγόρας
3167 796 3470 865 ὡνόμαστο,
3500 796 3574 868 μὴ
3607 800 3772 867 ἀρνη-

2224 887 2479 956 σαμένου,
2517 886 2768 956 ἠρώτησε
2800 888 2888 940 τὸν
2928 888 3128 958 τρόπον
3153 887 3244 940 τοῦ
3281 888 3544 958 θύματος.
3586 889 3694 942 Τοῦ
3719 888 3773 942 δὲ

2223 981 2509 1046 φήσαντος,
2571 977 2763 1030 ἄλοϐον
2829 973 2966 1029 εἶναι
3015 979 3074 1030 τὸ
3105 974 3284 1049 ἦπαρ,
3320 980 3538 1042 ﬂaua),
3598 978 3771 1046 εἶπεν,

2222 1071 2478 1140 ἰσχυρόν
2505 1071 2572 1124 τὸ
2595 1071 2861 1140 σημεῖον.
2902 1073 3009 1124 Καὶ
3029 1071 3119 1124 τὸν
3154 1074 3347 1142 μάντιν
3379 1074 3550 1126 ἀθῶον
3567 1075 3770 1143 ἀφῆκε.

2223 1164 2429 1235 Σημεῖα
2465 1166 2510 1218 δ’
2545 1164 2696 1233 αὑτῷ
2721 1165 2814 1216 καὶ
2844 1164 2978 1217 ἄλλα
3002 1166 3280 1232 γεγόνασι,
3334 1168 3426 1219 καὶ
3463 1166 3622 1220 τοῦτο
3675 1169 3731 1220 δέ
3757 1183 3770 1197 ’

2222 1253 2630 1323 ἀποδυσαμένου
2666 1254 2774 1324 γὰρ
2801 1253 2937 1324 πρὸς
2993 1255 3235 1326 ἄλειμμα
3285 1258 3379 1309 καὶ
3411 1260 3646 1326 σφαῖραν
3680 1259 3774 1309 αὑ-

2222 1345 2336 1408 τοῦ,
2361 1345 2409 1397 oi
2432 1346 2700 1398 νεανίσκοι
2731 1347 2779 1397 οἱ
2811 1346 3186 1415 σφαιρίζοντες
3235 1348 3517 1401 ἐκδύεσθαι
3551 1349 3775 1416 μέλλον-

2223 1458 2339 1504 τες,
2367 1443 2534 1513 ὁρῶσί
2564 1461 2684 1496 τινα
2707 1446 2763 1496 ὲν
2797 1444 2872 1514 τῷ
2910 1444 3004 1496 τοῦ
3036 1443 3299 1513 βασιλέως
3330 1443 3503 1514 θρόνῳ
3534 1440 3779 1510 καθήμε-

2223 1553 2308 1587 νον
2330 1538 2530 1605 σιωπῇ,
2563 1535 2909 1606 ἐνδεδυμένον
2955 1539 3054 1604 τὴν
3099 1535 3291 1604 στολὴν
3341 1536 3438 1603 τὴν
3482 1534 3775 1603 βασίλειον,

2223 1628 2315 1678 καὶ
2348 1626 2406 1676 τὸ
2429 1625 2662 1694 διάδημα
2715 1627 3126 1697 περικείμενον.
3189 1628 3282 1687 ’ος
3336 1625 3775 1693 ἀνακρινόμενος,

2221 1715 2367 1777 ὅστις
2399 1717 2504 1785 είη,
2540 1717 2634 1768 ἐπὶ
2678 1715 2812 1770 πολὺ
2844 1717 2939 1784 μὲν
2975 1717 3183 1785 ἄφωνος
3232 1710 3320 1785 ἦν,
3381 1715 3530 1782 μόλις
3560 1714 3617 1766 δέ
3652 1731 3777 1766 ποτε

2222 1807 2495 1871 Διονύσιος
2544 1808 2647 1878 ἔφη
2698 1809 3004 1872 καλεῖσθαι,
3035 1809 3095 1861 τὸ
3123 1808 3178 1861 δὲ
3214 1808 3369 1877 γένος
3392 1800 3530 1858 εἶναι.
3560 1807 3780 1872 Μεσσή-

2222 1916 2352 1962 νιος,
2378 1898 2594 1968 δέσμιος
2627 1899 2674 1951 δ’
2703 1899 2932 1968 ἀχθῆναι
2960 1899 3044 1952 διὰ
3078 1899 3429 1969 κατηγορίαν,
3463 1896 3624 1950 λῦσαι
3654 1899 3711 1948 δὲ
3732 1899 3777 1949 οἱ

2223 1990 2313 2043 τὸν
2341 1991 2583 2060 Σάραπιν
2603 1989 2673 2042 τὰ
2709 1990 2886 2060 δεσμὰ
2908 2008 2921 2020 ·
2953 1990 3044 2042 καὶ
3079 1989 3354 2057 ἀγαγόντα
3382 1987 3561 2058 δεῦρο,
3588 1988 3778 2039 κελεῦ-

2224 2098 2315 2134 σαι
2337 2081 2435 2146 τὴν
2460 2082 2653 2152 στολὴν
2677 2081 2773 2135 καὶ
2795 2084 2856 2134 τὸ
2877 2082 3116 2150 διάδημα
3140 2079 3482 2150 περιθέσθαι,
3519 2080 3614 2132 καὶ
3642 2079 3779 2130 καθ-

2221 2171 2439 2237 έζεσθαι
2476 2175 2678 2244 σιωπῇ.
2750 2174 2855 2231 Τὸν
2892 2174 2990 2242 μὲν
3036 2169 3127 2225 οὖν
3159 2171 3442 2240 ἄνθρωπον
3472 2173 3500 2222 ὁ
3526 2172 3781 2236 ,Ἀλέξαν-

2221 2263 2365 2335 δρος,
2390 2266 2465 2329 ὡς
2495 2269 2542 2319 oi
2577 2269 2800 2336 μάντεις
2835 2265 3145 2330 ύπετίθουν,
3175 2266 3436 2333 ὴιράνισεν
3456 2280 3469 2294 ³
3519 2265 3684 2328 αὐτὸς
3725 2265 3779 2317 δὲ

2222 2355 2440 2422 ἠθύμει,
2465 2357 2561 2408 καὶ
2582 2355 2839 2425 περιδεὴς
2867 2354 2960 2406 καὶ
2980 2355 3300 2423 ταραχώδης
3343 2354 3655 2420 γενόμενος.
3692 2354 3777 2405 οὐ-

2220 2443 2308 2494 δὲν
2345 2438 2411 2512 ἦν
2439 2443 2468 2496 ὃ
2517 2443 2593 2512 μὴ
2639 2435 2800 2513 τέρας
2851 2444 3132 2513 πεποίητο.
3179 2443 3524 2510 Λουσάμενος
3568 2442 3649 2507 δὲ,
3688 2446 3780 2495 καὶ

2223 2533 2359 2604 πρὸς
2391 2534 2602 2604 Μηδίαν
2655 2535 2946 2605 πορευθεὶς
3003 2517 3420 2602 κιρραιιπόμενος.¹
3475 2534 3636 2586 κάκεῖ
3679 2534 3782 2602 τὴν

2219 2626 2388 2679 νύκτα
2409 2625 2682 2695 διαγαγὼν
2711 2623 2770 2678 ιν
2798 2625 2875 2695 τῷ
2903 2625 3076 2695 κόμῳ,
3113 2627 3206 2677 καὶ
3238 2625 3334 2694 τὴν
3356 2625 3615 2679 ἐπιοῦσαν
3642 2627 3777 2695 ἡμέ-

2221 2735 2340 2789 ραν,
2372 2717 2574 2788 ήρξατο
2605 2717 2917 2789 πυρέσσειν,
2977 2717 3262 2786 Πυρέττων
3295 2717 3349 2769 δὲ
3403 2718 3493 2780 καὶ
3541 2717 3776 2785 δαέρήσας

2221 2811 2485 2879 σφοδρῶς,
2521 2811 2673 2861 ἔπιεν
2718 2806 2879 2872 οἶνον,
2936 2810 3028 2862 καὶ
3079 2812 3439 2878 φρεντ,τιάσας
3482 2810 3772 2868 ἀπέθανεν.

2221 2895 2312 2962 Εἷς
2351 2900 2446 2969 μὲν
2478 2899 2570 2951 οὖν
2618 2901 2646 2952 ό
2682 2899 2784 2968 τῆς
2817 2884 3030 2952 ἐκείνου
3086 2898 3340 2967 τελευτῆς
3383 2898 3540 2966 λόγος
3597 2892 3774 2960 οὗτος.

2222 2990 2442 3060 Ἕτερος
2467 2989 2510 3059 δέ
2541 2989 2674 3058 ἔχει,
2709 2990 2795 3057 ἐφ’
2819 2990 3032 3060 ἡμέρας
3061 2987 3224 3040 αὑτὸν
3248 2989 3532 3058 πυρέττειν
3557 2988 3777 3050 πλείους

2218 3082 2310 3135 καὶ
2341 3082 2610 3146 λούεσθαι,
2640 3081 2782 3134 οὕτω
2815 3081 2871 3135 δὲ
2913 3080 3334 3151 κραταιωθῆναι
3389 3079 3479 3130 τὸν
3515 3081 3774 3148 πυρετὸν,

2217 3174 2292 3235 ὼς
2346 3174 2557 3243 ἄφωνον
2610 3173 2822 3240 κεῖσθαι
2893 3173 3092 3226 αὐτόν’
3149 3175 3274 3233 τοὺς
3338 3171 3394 3224 δὲ
3454 3171 3776 3226 Μακεδόνας

2146 3296 2189 3352 C
2220 3263 2562 3332 θορυϐεῖσθαι
2621 3263 2695 3326 ὡς
2767 3263 3020 3326 θανόντος
3096 3261 3282 3324 αὑτοῦ,
3335 3261 3432 3315 κα)⁵
3497 3261 3778 3332 καταόοᾷν

2219 3356 2326 3409 τῶν
2387 3354 2707 3425 ἡγεμόνων,
2767 3354 2873 3416 ἕως
2953 3356 3135 3419 αὐτοῖς
3191 3355 3246 3407 αι
3306 3353 3464 3424 θύραι
3520 3350 3779 3423 ἠνοίχθη-

2223 3463 2337 3513 σαν,
2402 3449 2496 3499 κα)⁵
2544 3448 2632 3498 τὸν
2706 3445 3061 3516 Ἀλέξανδρον
3109 3448 3168 3498 ὲν
3230 3448 3294 3516 τῇ
3364 3444 3522 3515 κλίνῃ
3591 3446 3779 3519 κατεῖ·

2218 3539 2329 3606 δον,
2381 3541 2477 3592 καὶ
2510 3534 2660 3607 ’μετά
2690 3537 2862 3590 ταῦτα
2919 3536 3152 3603 ἐξέλιπε.
3184 3537 3319 3590 Φασὶ
3344 3537 3401 3589 δέ
3456 3553 3601 3598 τινες
3643 3553 3775 3605 μετα

2220 3631 2411 3681 έπειτα
2442 3629 2598 3698 λόγον
2625 3627 2899 3697 γενέσθαι,
2920 3630 2990 3701 ὡς
3020 3628 3120 3681 ὑπὸ
3141 3628 3428 3698 ςαρμάκου
3458 3626 3775 3694 διέφθαρτο,

2216 3720 2309 3772 καὶ
2340 3719 2430 3774 τὸν
2475 3718 2822 3789 Ἀριστοτέλη
2885 3718 3225 3785 Ἀντιπάτρῳ
3275 3715 3577 3794 σύμδουλον
3623 3715 3779 3782 γενέ-

2217 3812 2341 3863 σθαι
2390 3811 2487 3880 τῆς
2538 3801 2810 3881 πράξεως,
2869 3811 2961 3862 καὶ
2987 3809 3053 3861 δι’
3093 3809 3300 3860 ἐκείνου
3356 3806 3687 3876 κομισθῆναι
3714 3806 3780 3857 τὸ

2217 3891 2519 3970 φάρμακον.
2555 3902 2626 3954 Τὸ
2657 3901 2723 3953 δὲ-
2770 3901 2913 3969 ὕδωρ
2945 3898 3080 3951 εἶναι
3111 3900 3315 3968 ψυχρὸν
3344 3898 3437 3951 καὶ
3459 3897 3774 3964 παγετῶδες

2217 3992 2326 4044 ἀπὸ
2363 4009 2563 4062 πετρας
2620 3991 2765 4055 τινὸς
2824 3996 2880 4044 ὲν
2931 3975 3237 4060 Νωνακρίδι
3276 3988 3460 4058 οὖσης,
3505 3987 3534 4040 δ
3580 3992 3777 4059 δρόσον

2219 4083 2406 4155 ὥσπερ
2432 4085 2631 4153 λεπτὴν
2655 4084 3150 4153 ἀναλαμϐάνοντες,
3175 4085 3255 4144 εἰς
3285 4080 3403 4132 δνου
3434 4079 3606 4150 χηλὴν
3635 4082 3776 4132 ἀπο-

2217 4177 2492 4229 τίθενται·
2541 4177 2695 4229 ούδὶν
2739 4177 2845 4246 γὰρ
2879 4178 3066 4244 ἕτερον
3123 4175 3341 4242 ἀγγεῖον
3403 4173 3585 4238 στέγει
3616 4169 3775 4233 αὐτὸ,

2221 4269 2334 4320 ἀλλ’
2375 4269 2476 4320 ὑπὸ
2525 4270 2863 4340 ψυχρότητος
2896 4269 2990 4320 καὶ
3034 4265 3360 4336 δριμύτητος
3399 4266 3773 4319 διακόπτεται.

563 4369 626 4418 Οἱ
651 4368 707 4419 δὲ
737 4369 954 4430 πλείους
992 4366 1299 4420 πεπλάσθαι
1333 4366 1488 4436 φασὶ,
1519 4365 1597 4435 τῷ
1656 4366 1928 4436 φαρμάκῳ
1967 4364 2148 4451 θανεῖν
2175 4365 2267 4418 τὸν
2312 4362 2672 4432 Ἀλέξανδρον,
2702 4361 2795 4412 καὶ
2823 4359 2977 4410 τοῦτο
3001 4356 3422 4451 τεκμηριοῦνται
3441 4359 3533 4451 uix
3586 4356 3684 4410 τοῦ
3711 4359 3774 4409 τδ

565 4458 723 4525 σῶμα
769 4457 852 4524 ἐφ’
875 4459 1084 4526 ἡμέρας
1114 4457 1360 4520 πλείονας
1399 4457 1653 4525 κείμενον
1683 4457 1739 4510 ὲν
1765 4453 1950 4516 τόποις
2014 4447 2236 4524 θερμοῖς
2300 4453 2663 4525 ἀτημέλητον,
2724 4451 2831 4504 τῶν
2861 4451 3142 4519 ἡγεμόνων
3175 4451 3305 4518 πρὸς
3326 4447 3585 4518 ἀλλήλους
3641 4467 3774 4502 στα..

565 4550 885 4608 σιασαντων,
946 4545 1110 4612 μηδὲν
1157 4545 1396 4615 ἐμφῆναι
1449 4544 1704 4616 τοιαύτης
1756 4544 1961 4614 φθορᾶς
2015 4547 2258 4613 σημεῖον,
2327 4545 2462 4598 ἀλλά
2526 4541 2765 4614 καθαρὸν
2793 4541 3082 4609 διαμεῖναι,
3147 4542 3237 4592 καὶ
3282 4538 3457 4591 δοκεῖν
3517 4540 3771 4608 πρόσφα-

564 4655 675 4690 τον.
724 4637 957 4705 Λέγεται
986 4637 1060 4705 δὲ,
1098 4637 1172 4702 ὡς
1207 4639 1369 4706 γνοὺς
1403 4639 1503 4708 ήδη
1545 4639 1816 4690 ἐκλείπειν
1845 4637 2021 4709 αὐτῷ-.
2047 4637 2105 4691 τὸ
2148 4638 2428 4708 βιώσιμον,
2497 4638 2770 4708 ἠϐουλήθη
2824 4639 2882 4698 ὲς
2940 4633 3044 4702 τὸν.
3085 4632 3374 4702 Εὐφράτην
3414 4635 3772 4687 καταποντῶ-

567 4745 660 4781 σαι
678 4729 937 4798 λαθρηδὸν
960 4728 1274 4794 ἑαυτὸν,ῖνα
1293 4733 1580 4799 γενόμενος
1600 4729 2109 4801 ἀφανὴς,παρὰσχῃ
2133 4730 2291 4794 δόξαν
2348 4732 2422 4794 ὡς
2482 4733 2560 4794 εἰς
2595 4731 2750 4792 θεοὺς
2811 4726 3192 4797 μετελήλυθεν,
3248 4725 3306 4790 ἐξ
3337 4725 3560 4779 ἐκείνων
3614 4727 3770 4794 γενό-

570 4837 745 4888 μενος.
789 4821 854 4873 Ἥ
882 4821 938 4873 δὲ
971 4819 1212 4890 Ῥωξάνη
1242 4821 1398 4875 τοῦτο
1420 4820 1644 4889 γνοῦσα,
1668 4818 1850 4892 εἶργεν
1882 4822 2030 4891 αὐτῷ
2078 4825 2139 4873 τὸ
2173 4824 2506 4892 ἐγχείρημα.
2568 4821 2628 4875 'O
2655 4821 2710 4873 δὲ
2770 4819 2887 4888 μετ’
2918 4820 3161 4890 οἰμωγῆς
3191 4820 3314 4890 ἔφη,
3364 4819 3438 4882 ὡς
3483 4821 3773 4888 Ἐφθόνη-

565 4930 680 4978 σας
708 4914 838 4980 ἄρα,
874 4914 1071 4981 γύναι,
1104 4928 1205 4979 μοι
1240 4911 1424 4978 δόξης
1452 4913 1555 4966 τοῦ
1592 4912 1901 4981 (intumis-ut,
1934 4912 2029 4964 καὶ
2066 4910 2152 4981 μὴ
2194 4913 2431 4977 Gai-air;
2477 4912 2536 4966 '0
2601 4913 2699 4982 μὲν
2729 4907 2819 4965 οὖν
2879 4910 3220 4980 Ἀλέξανδρος
3266 4910 3437 4973 οὕτως
3495 4913 3575 4976 εἰς
3626 4916 3779 4983 μέγα,

563 4986 732 5072 τύχης
764 5001 1074 5070 προαχθεὶς,
1095 4998 1464 5066 ἐτελεύτησεν.
2075 4998 2078 5000 ’
2991 5049 2994 5052 .

636 5093 747 5146 XV.
783 5093 881 5146 ilic
915 5108 1079 5161 porro
1107 5092 1237 5146 dum
1270 5091 1470 5161 Tyrum
1504 5093 1813 5160 obsidebat,
1846 5111 1944 5166 per
1964 5097 2109 5152 litte-

2235 5131 2257 5135 »-
2286 5094 2385 5148 lE'.
2416 5095 2543 5147 Ὀτε
2581 5092 2635 5145 δὲ
2669 5091 2765 5162 τὴν
2797 5089 2971 5157 Τύρον
2993 5088 3317 5173 ἐπολιόρκει,
3358 5091 3662 5157 ἐπιστείλας
3685 5095 3768 5164 τῷ

570 5197 660 5239 ras
683 5202 714 5239 a
743 5184 1001 5252 pontiﬁce
1029 5184 1338 5238 Judteorum
1368 5183 1546 5250 petiit,
1576 5184 1776 5239 auxilia
1811 5186 1916 5241 sibi
1951 5189 2110 5249 mitti,

569 5287 625 5329 et
651 5277 825 5329 lorum
856 5273 1082 5343 praeberi
1117 5273 1406 5335 exercitui,
1467 5273 1680 5343 sibique
1713 5291 1777 5330 ea
1807 5277 1944 5341 dari,
1995 5293 2114 5347 quae

571 5367 842 5436 pensitare
870 5364 1029 5417 Dario
1065 5363 1208 5416 soliti
1230 5373 1436 5417 essent.
1464 5361 1599 5417 Cum
1635 5375 1816 5419 autem
1865 5368 2106 5436 pontifex

572 5474 630 5512 se
672 5457 1028 5525 jurejurando
1097 5455 1423 5510 obstrictum
1474 5470 1593 5511 esse
1648 5457 1830 5522 Dario,
1851 5475 1919 5512 ne
1965 5475 2113 5513 arma

572 5559 760 5603 contra
816 5547 966 5598 illum
1025 5545 1214 5608 ferret,
1268 5546 1514 5608 dixisset,
1568 5547 1730 5616 idque
1775 5549 1991 5606 vivente
2023 5551 2114 5605 illo

573 5639 898 5692 violaturum
931 5646 1223 5707 negasset:
1279 5637 1583 5692 Alexander
1615 5638 1805 5705 iratus,
1859 5657 1916 5696 se
1974 5644 2114 5697 bello

576 5729 867 5797 petiturum
939 5730 1307 5800 Hierosolyma
1366 5729 1766 5794 comminatur,
1853 5724 2114 5804 captaque

591 5817 736 5887 fyro,
765 5832 947 5876 contra
982 5823 1170 5876 urbem
1203 5821 1582 5886 proficiscitur.
1609 5823 1677 5876 At
1711 5823 1949 5891 pontifex
1988 5827 2113 5882 Joa-

597 5913 670 5966 ‘us
699 5914 767 5969 ob
800 5916 938 5982 regis
965 5917 1095 5990 iram
1119 5913 1333 5981 anxius,
1363 5914 1528 5968 Deum
1564 5923 1702 5982 orat,
1735 5930 1802 5969 ne
1855 5920 2111 5987 populum

2211 5189 2318 5240 τῶν
2355 5186 2620 5240 Ἰουδαίων
2647 5185 2913 5253 ἀρχιερεῖ,
2937 5181 3086 5249 ἠξίου
3111 5183 3424 5252 συμμαχίαν
3444 5185 3593 5255 αὐτῷ
3623 5187 3770 5256 πέμ-

2213 5297 2354 5344 πειν,
2393 5278 2484 5333 καὶ
2518 5277 2722 5346 ἀγορὰν
2763 5274 2839 5344 τῷ
2868 5273 3252 5344 στρατεύματι,
3290 5278 3379 5330 καὶ
3424 5278 3524 5330 ὃσα
3551 5280 3766 5347 Δαρείῳ

2214 5370 2617 5440 ἐδασμοφόρουν
2664 5363 2812 5434 αὑτῷ
2849 5364 3071 5417 διδόναι.
3111 5365 3215 5417 Τοῦ
3255 5364 3312 5418 δὲ
3334 5367 3632 5436 ἀρχιερέως
3661 5368 3766 5436 ὃρ-

2215 5480 2340 5518 κους
2369 5462 2577 5531 Δαρείῳ
2619 5457 2798 5510 δοῦναι
2839 5459 3128 5525 φήσαντος,
3176 5458 3249 5528 μὴ
3291 5453 3420 5528 ἆραι
3455 5458 3766 5516 κατάύτοῦ

2212 5555 2370 5616 ὅπλα,
2396 5553 2490 5605 καὶ
2508 5550 2724 5611 τούτους
2748 5549 2942 5612 ζῶντος
2967 5551 3191 5622 Δαρείου
3221 5550 3294 5619 μὴ
3319 5549 3762 5618 παραϐήσεσθαι·

2212 5646 2437 5716 ὀργίσθη
2463 5643 2823 5711 Ἀλέξανδρος,
2867 5643 2958 5693 καὶ⁵
2984 5643 3247 5712 ἠπείλησε
3280 5641 3599 5710 στρατεύειν
3620 5639 3764 5694 κατὰ

2213 5739 2306 5809 τῆς
2341 5737 2621 5796 Ἰουδαίας.
2667 5736 2729 5785 Ἀ
2742 5750 2824 5802 ρτι
2858 5734 2914 5785 δὲ
2941 5735 3036 5803 τὴν
3062 5733 3237 5810 Τύρον
3266 5731 3639 5804 παρειληφὼς,
3666 5733 3766 5784 ἐπὶ

2214 5835 2278 5883 τὰ
2315 5828 2656 5896 Ἰεροσόλυμα
2703 5826 2977 5895 ὥρμησεν.
3025 5826 3083 5877 ’0
3117 5825 3171 5876 δὲ
3201 5825 3485 5894 ἀρχιερεὺς
3510 5823 3661 5875 Ίωάδ
3702 5824 3765 5873 ἐν

2216 5922 2422 5991 ἀγωνίᾳ
2476 5916 2540 5989 ἦν
2579 5918 2664 5969 διὰ
2695 5918 2789 5987 τὴν
2853 5917 2946 5967 τοῦ
3001 5917 3258 5986 βασιλέως
3316 5913 3500 5983 ὀργὴν,
3536 5913 3626 5966 καὶ
3663 5911 3763 5965 τοῦ
