4004 6328
185 409 276 470 369
616 382 619 383 ί
1377 409 1714 471 ANNALIU

1820 409 1954 469 LIB.
2007 411 2101 470 IV.

3271 413 3373 472 37a

189 540 318 580 σατο.
364 521 625 576 ταλάντου
660 523 956 593 πριάμενος
983 523 1232 588 ἕκαστον,
1276 525 1370 577 καὶ
1411 519 1714 596 παρθένους

1820 533 1999 577 natum
2040 521 2327 592 ablegavit.
2375 523 2592 577 Fratres
2637 539 2768 578 vero
2809 525 3028 595 cognito
3073 525 3375 580 honorifico
3411 554 3420 562 -

190 616 424 678 τοσαύτας
454 617 801 670 ίσοταλάντου
827 618 1011 687 τιμῆς.
1029 617 1148 670 Τῶν
1184 617 1314 682 γοῦν
1343 617 1518 671 ἄλλων
1539 619 1715 672 ἀπάν-

183 725 274 759 των
316 706 415 759 τῶν
462 708 559 776 μὲν
602 709 706 760 ἀνὰ
745 709 874 760 δέκα
908 709 1144 762 τάλαντα
1198 712 1586 777 προσαγόντων
1638 710 1715 779 τῷ

184 798 388 865 βασιλεῖ,
434 798 544 850 τῶν
591 799 646 850 δὲ
689 799 862 865 μείζω
891 801 1249 869 δωρουμένων
1307 803 1403 870 οὐχ
1440 801 1711 870 ὑπερϐάν-

182 907 272 940 των
313 890 375 940 τὰ
423 890 647 947 εῐκοσιν.
699 892 727 942 6
777 891 1040 962 Ὑρκανὸς
1084 894 1209 955 τοὺς
1239 893 1434 954 παῖδας
1475 893 1571 945 καὶ
1616 893 1714 954 τὰς

180 978 460 1049 παρθένους
492 980 570 1050 τῷ
597 982 812 1051 βασιλεῖ
838 984 930 1036 καὶ
962 986 1028 1053 τῇ
1057 983 1382 1054 Κλεοπάτρᾳ
1411 985 1719 1054 προσήνεγ-

179 1088 278 1134 κεν,
307 1064 378 1124 ὧν
399 1072 631 1137 ἕκαστος
655 1075 749 1126 καὶ
771 1075 1036 1129 τάλαντον
1057 1076 1239 1145 ἔφερε.
1269 1077 1377 1130 Καὶ
1403 1078 1719 1180 τοῖλφίλοις

175 1165 225 1217 δὲ
270 1164 357 1217 τοῦ
411 1166 698 1236 βασιλέως,
746 1171 839 1222 καὶ
899 1171 1010 1232 τοῖς
1074 1171 1204 1240 περὶ
1263 1171 1362 1240 τὴν
1421 1164 1718 1240 θερῗιπεὲαν

174 1256 320 1309 αὑτοῦ
354 1258 564 1311 πολλῶν
590 1262 865 1314 ταλάντων
891 1262 1042 1333 δῶρα
1074 1263 1396 1332 παρέσχετο.
1416 1262 1717 1331 Θαυμάσας

174 1347 222 1398 δὲ
262 1347 591 1416 Πτολεμαῖος
639 1353 730 1404 τὸν
767 1353 952 1418 παῖδα,
997 1356 1170 1407 αίτεῖν
1205 1353 1241 1407 ἀ
1295 1352 1543 1423 βούλεται
1584 1370 1718 1422 προ-

174 1442 433 1510 ετρέπετο.
471 1444 534 1498 ’0
577 1443 633 1497 δὲ
670 1446 822 1498 οὐδὲν
852 1447 1052 1516 ᾔτησεν
1094 1445 1126 1515 ἢ
1158 1445 1234 1516 τῷ
1274 1446 1442 1514 πατρῖ
1473 1445 1566 1498 καὶ
1603 1446 1715 1507 τοῖς

173 1531 399 1602 ἀδελφοῖς
430 1533 642 1604 γράψαι
676 1537 804 1604 περὶ
827 1535 1016 1590 αὑτοῦ.
1039 1538 1103 1590 Ὃ
1131 1537 1360 1607 ποιήσας
1385 1536 1413 1588 6
1438 1534 1709 1606 βασιλεὺς,

174 1625 253 1675 καὶ
297 1624 591 1692 βασιλικῶς
637 1628 786 1698 αὑτῷ
818 1629 1229 1700 δωρησάμενος,
1259 1626 1590 1705 ἐξέπεμψεν.
1645 1627 1709 1678 Oi

1822 615 1942 684 ejus
1987 615 2196 675 reditu,
2233 615 2448 668 obviam
2493 619 2696 683 egressi
2733 631 2881 682 sunt,
2917 620 3044 687 .ejus
3074 620 3375 690 perimendi

1822 722 1984 761 causa
2007 747 2020 770 ,
2056 723 2120 759 ne
2153 719 2304 777 patre
2336 708 2552 775 quidem
2596 710 2867 780 refragato
2901 726 2966 764 ex
2999 703 3274 764 iracundia
3309 711 3378 764 oh

1825 797 2148 865 insumptam
2180 797 2486 865 pecuniam.
2522 798 2800 852 Fratribus
2825 814 2951 852 eum
2993 799 3222 864 adortis,
3256 815 3378 852 cum

1820 903 1886 940 cx
1919 903 2109 941 eorum
2151 889 2476 943 satellitibus
2507 890 2684 955 multi,
2722 900 2834 944 tum
2875 890 3114 959 ipsorum
3149 882 3259 945 duo
3289 906 3373 945 ce-

1819 979 2092 1033 ciderunt.
2136 977 2501 1045 Quamobrem
2537 981 2780 1046 territus,
2824 990 2878 1035 et
2911 981 3050 1035 ultra
3087 980 3378 1036 Iordanem

1821 1072 2118 1139 profectus,
2155 1072 2352 1125 hellqu
2397 1072 2672 1128 Arabibus
2703 1073 2866 1145 205
2898 1073 3079 1128 intulit
3114 1092 3125 1126 :
3157 1083 3211 1127 et
3233 1089 3377 1126 sum-

1823 1169 2016 1230 ptuoso
2056 1164 2278 1217 castello
2317 1174 2614 1225 exstructo.
2666 1174 2849 1234 partes
2881 1165 3000 1219 illas
3036 1180 3131 1233 per
3173 1175 3389 1233 septem

1820 1272 1993 1313 annos
2040 1256 2248 1317 tenuit,
2288 1258 2526 1326 quandiu
2579 1258 2754 1328 Magni
2794 1259 3048 1312 Antiochi
3094 1257 3236 1311 filius
3279 1257 3377 1311 Se-

1821 1349 2014 1401 lcueus
2053 1348 2218 1418 Syriae
2254 1351 2457 1418 potitus
2493 1340 2594 1404 est.
2643 1351 2741 1406 Cui
2792 1368 2913 1406 cum
2960 1351 3125 1405 frater
3188 1349 3376 1404 Antio-

1821 1440 1957 1495 chus
1977 1439 2288 1510 Epiphanes
2317 1448 2671 1496 successissct
2703 1461 2714 1496 ι
2765 1459 2876 1512 prae
2914 1452 3058 1499 metu
3088 1444 3251 1505 illius,
3291 1459 3378 1496 nc-

1821 1549 1937 1589 ccm
1983 1533 2088 1587 sibi
2131 1533 2416 1598 conscivit,
2450 1530 2605 1606 cujus
2639 1526 2923 1607 pecuniam
2968 1537 3272 1591 Antiochus
3297 1550 3374 1588 ac-

1819 1626 1985 1695 cepit.

170 1713 218 1766 δὲ
246 1714 478 1783 ἀδελφοὶ,
516 1717 780 1791 μαθόντες
809 1720 1102 1774 ἐπανιόντα
1130 1720 1270 1789 μετά
1323 1720 1512 1790 τιμῆς,
1552 1717 1771 1788 ἐξῆλθον
1807 1718 2211 1786 ὑπαντήσαντες
2257 1705 2406 1790 αύτῷ
2453 1721 2547 1773 καὶ
2610 1722 3050 1792 διαφθεροῦντες.
3108 1719 3244 1790 μηδὲ
3288 1717 3380 1771 τοῦ

174 1807 360 1875 πατρὸς
413 1809 761 1876 κωλύσαντος
820 1813 912 1866 ὑπ’
942 1813 1112 1883 ὀργῆς
1151 1816 1250 1882 τῆς
1306 1811 1392 1865 διὰ
1452 1811 1549 1882 τὴν
1605 1812 1712 1863 τῶν
1752 1809 2051 1880 χρημάτων
2095 1813 2363 1883 δαπάνην.
2445 1815 2811 1884 Ἐπιοεμένων
2858 1815 2915 1867 δέ
2953 1816 3002 1867 oi
3077 1814 3184 1867 τῶν
3230 1812 3376 1866 ἀδελ-

172 1895 292 1962 φῶν,
319 1898 498 1952 πολλοί
527 1918 584 1954 τε
615 1901 723 1954 τῶν
752 1902 848 1954 σὺν
874 1903 1061 1965 αὐτοῖς
1085 1902 1415 1966 ἔπεσον,καὶ
1474 1902 1532 1967 ἐξ
1596 1902 1777 1954 αὐτῶν
1816 1903 1929 1957 δύο.
1981 1903 2172 1966 Δείσας
2211 1899 2304 1957 οὖν
2349 1904 2438 1957 διὰ
2487 1905 2682 1967 ταῦτα,
2730 1907 2810 1969 είς
2858 1906 2918 1958 τὸ
2955 1905 3126 1975 πέραν
3166 1903 3378 1974 ἀπῆλθε

173 1989 253 2041 τοῦ
287 1990 573 2060 Ἰορδάνου,
603 1995 705 2051 καὶ·
728 1994 985 2064 ἐπολέμει
1016 1996 1132 2058 τοῖς
1165 1994 1392 2063 Ἄραψι,
1427 1995 1518 2046 καὶ
1551 1995 1708 2063 βάριν
1742 1997 1859 2049 ἐκεῖ
1921 1995 2190 2064 πολυτελῆ
2253 1997 2706 2067 ᾠκοδῦμησε,καὶ
2730 1999 2964 2068 κατέσχε
2993 1998 3060 2050 τὰ
3097 1999 3212 2049 ἐκεῖ
3240 1997 3380 2068 μέρη

174 2080 253 2132 ἐπὶ
294 2081 384 2151 ἔτη
437 2084 601 2148 ἐπτά,
644 2086 728 2154 ἐφ’
762 2087 886 2138 ὅσον
934 2088 960 2139 6
1005 2086 1101 2140 τοῦ
1151 2087 1389 2156 μεγάλου
1438 2087 1712 2155 Ἀντιόχου
1754 2089 1869 2148 υίὸς
1939 2087 2202 2151 Σέλευκος
2242 2091 2340 2158 τῆς
2377 2090 2578 2162 Συρίας
2645 2093 2938 2162 ἐκράτησε.
2969 2091 3170 2144 Τούτου
3199 2091 3254 2143 δὲ
3285 2087 3377 2140 θα-

175 2171 352 2235 νόντος,
387 2175 484 2227 καὶ
513 2173 608 2227 τοῦ
639 2176 868 2246 ἀδελφοῦ
899 2176 1066 2229 αὐτοῦ
1108 2177 1382 2244 Ἀντιόχου
1410 2175 1507 2245 τὴν
1534 2179 1708 2245 ἀρχὴν
1749 2178 2160 2249 διαδεξαμένου,
2181 2180 2272 2235 τοῦ
2343 2183 2669 2251 Ἐπιφανοῦς
2700 2185 3055 2253 καλουμένου,
3119 2182 3376 2252 φοϐηθεὶς

172 2266 196 2317 6
237 2268 488 2339 Ὑρκανὸς
521 2271 706 2336 αὑτὸν,
746 2272 1002 2341 αὐτόχειρ
1036 2272 1228 2325 ἑαυτοῦ
1255 2271 1490 2341 γίνεται,
1533 2273 1625 2323 καὶ
1650 2272 1717 2323 τα
1756 2274 2016 2343 χρήματα
2052 2275 2217 2326 αὑτοῦ
2254 2275 2282 2328 6
2318 2275 2590 2348 Ἀντίοχος
2617 2277 2803 2331 ἐλαδε.

232 2381 324 2437 ΙΘ’.
364 2385 607 2456 Τελευτᾷ
637 2386 696 2438 δὲ
737 2388 833 2441 καὶ
873 2389 901 2440 6
954 2385 1256 2459 Ἐπιφανὴς
1293 2387 1649 2457 Πτολεμαῖος,
1692 2389 1715 2439 6

1891 2387 2029 2442 XIX.
2085 2389 2371 2446 Ptolemzeo
2405 2407 2622 2461 quoque
2665 2393 2953 2464 Epiphane
3002 2394 3218 2466 Βαγριί
3260 2410 3380 2465 rege

173 2476 258 2546 τῆς
298 2477 572 2545 Αἰγύπτου
615 2481 853 2550 κρατῶν,
887 2481 980 2535 δύο
1016 2483 1212 2544 παῖδας
1243 2481 1546 2542 νεωτάτους
1574 2481 1714 2534 πάνυ

176 2570 492 2622 καταλιπών⁹
527 2563 603 2624 ὧν
638 2575 665 2624 6
690 2573 788 2641 μὲν
820 2573 1148 2643 Φιλομήτωρ
1175 2574 1459 2642 ἐκέκλητο,
1492 2573 1715 2624 Φύσκων

174 2663 221 2713 δέ
267 2678 326 2729 γε
376 2664 404 2715 6
453 2662 674 2733 ἐτερος·
715 2664 920 2717 τούτων
981 2667 1402 2736 καταφρονήσας
1447 2664 1716 2734 Ἀντίοχος

177 2754 439 2824 στρατεύει
496 2755 580 2806 ἐπ’
609 2755 908 2825 Αιγυπτον·
952 2754 1067 2807 ἀλλ’
1096 2752 1448 2824 ἀπεκρούσθη
1490 2752 1714 2824 ταύτης,

177 2847 268 2899 τῶν
306 2847 588 2916 Ῥωμαίων
618 2847 919 2916 ἀπέχεσθαι
952 2847 1051 2915 τῆς
1088 2846 1272 2916 χώρας
1317 2845 1716 2914 ἐντειλαμένων

179 2938 330 3003 αύτῷ.
393 2938 634 2992 Ἐκεῖθεν
679 2939 723 2990 δ’
765 2937 1024 3003 ἐπανιὼν,
1082 2940 1174 2990 ἐπὶ
1236 2938 1300 2990 τὰ
1365 2937 1713 3007 Ἰεροσόλυμα

179 3027 404 3097 ὥρμησε,
453 3031 544 3081 καὶ
582 3028 811 3097 κατέσχε
852 3031 950 3098 τὴν
985 3030 1138 3081 πόλιν
1174 3031 1440 3098 ἀμαχητὶ,
1475 3030 1718 3094 ἀνοιξάν-

178 3137 274 3172 των
323 3119 464 3189 αύτῷ
516 3119 614 3182 τὰς
668 3120 864 3183 πύλας,
922 3121 1034 3173 ὅσοι
1074 3122 1169 3188 τῆς
1226 3122 1436 3197 ἐκείνου
1493 3121 1717 3189 γνώμης

179 3212 472 3283 ἐτύγχανον.
513 3214 778 3275 Θανόντος
805 3217 912 3284 γὰρ
953 3214 1128 3266 Ὀνίου
1157 3213 1249 3267 τοῦ
1280 3215 1604 3286 ἀρχιερέως,
1639 3215 1712 3281 τῷ

185 3304 373 3375 ἀδελφῴ
415 3305 577 3358 αὑτοῦ
640 3305 816 3372 Ἰησοῦ
882 3305 1150 3375 Ἀντίοχος
1207 3305 1306 3374 τὴν
1356 3306 1522 3374 τιμὴν
1577 3323 1717 3374 παρ-

181 3395 352 3466 έσχεν·
391 3397 665 3467 ὀργισθεὶς
703 3398 758 3449 δὲ
797 3397 969 3463 αὐτῷ,
1006 3397 1160 3459 αὖθις
1212 3398 1288 3467 τῷ
1321 3397 1574 3466 νεωτέρῳ
1619 3397 1717 3465 τὴν

179 3489 573 3558 ἀρχιερωσύνην
631 3489 934 3558 ἀπένειμεν
994 3489 1230 3558 ἀδελφῷ,
1306 3490 1455 3558 Ὀνία
1518 3490 1714 3542 καλου-

183 3586 328 3655 μένῳ.
355 3585 553 3655 Σίμωνι
584 3583 692 3653 γὰρ
727 3585 894 3654 τριῶν
929 3585 1235 3654 γενομένων
1267 3585 1490 3645 παίδων,
1519 3584 1612 3636 καὶ
1639 3587 1716 3647 εἰς

178 3679 287 3739 τοὺς
324 3681 466 3747 τρεῖς
506 3681 538 3746 ὴ
579 3676 956 3748 ἀρχιερωσύνη
987 3676 1343 3745 περιελήλυθε
1367 3693 1382 3706 ·
1424 3678 1516 3728 καὶ
1557 3677 1585 3727 6
1620 3677 1716 3745 μὲν

189 3769 376 3838 Ἰησοῦς
423 3768 645 3820 Ἰάσωνα
699 3770 1082 3836 μετωνόμασεν
1131 3767 1339 3832 ἑαυτὸν,
1373 3769 1398 3819 6
1439 3766 1494 3819 δὲ
1540 3767 1716 3829 Ὀνίας

180 3861 466 3914 Μενέλαον·
510 3855 1030 3926 στασιάσαντοςοῦν
1084 3859 1178 3912 τοῦ
1225 3857 1398 3927 Ἰησοῦ
1445 3859 1577 3928 πρὸς
1629 3859 1718 3910 τὸν

189 3952 372 4017 Ὀνίαν,
405 3955 494 4005 τὸν
519 3955 615 4005 καὶ
643 3953 938 4012 Μενέλαον,
958 3952 1055 4003 καὶ
1087 3953 1113 4003 6
1136 3949 1262 4011 λαὸς
1303 3950 1564 4018 ἐμερίσθη
1582 3966 1594 3978 ο
1628 3949 1718 3999 καὶ

178 4045 218 4091 οἵ
245 4045 339 4106 μὲν
371 4022 584 4107 πλείους
613 4043 687 4112 τῷ
731 4043 941 4094 Ἰάσωνι
975 4041 1380 4110 προσετίθεντο,
1413 4043 1462 4092 oi
1495 4041 1537 4092 δ’
1570 4041 1717 4093 ἄλλοι

178 4133 245 4202 τῷ
273 4131 597 4208 Μενελάῳ,ᾧ
628 4139 720 4188 καὶ
743 4138 790 4188 οἱ
822 4136 1029 4188 Τωὸἔου
1057 4137 1244 4198 παῖδες
1273 4133 1411 4204 ἦσαν
1447 4153 1719 4203 συνεπαρ-

179 4225 402 4291 ήγοντες.
437 4229 917 4296 Καταπονούμενοι
946 4228 1001 4280 δὲ
1039 4232 1152 4290 τοῖς
1195 4230 1455 4292 πλείοσιν,
1485 4225 1630 4283 οὗτοί
1660 4249 1716 4282 τε

180 4320 262 4370 καὶ
306 4323 332 4372 6
380 4322 656 4394 Μενέλαος
691 4323 827 4390 πρὸς
870 4321 1142 4389 Ἀντίοχον
1196 4321 1570 4391 ἀνεχώρησαν,
1625 4322 1718 4374 καὶ

179 4411 290 4473 τοὺς
343 4415 601 4478 πατρίους
653 4413 851 4480 νόμους
924 4413 1192 4484 λιπόντες,
1253 4413 1565 4483 ήλλήνισαν,
1621 4415 1717 4468 καὶ

179 4503 264 4571 τήν
284 4507 387 4558 τῶν
416 4505 962 4576 αἰδοίων-περιτομὴν
993 4506 1343 4575 ἐπεκάλυψαν
1380 4509 1718 4560 ἐπισπάσαν-

177 4614 274 4661 τες.
307 4601 421 4652 Τῶν
469 4600 600 4669 γοῦν
639 4599 745 4668 τῆς
776 4601 982 4652 τούτων
1013 4600 1207 4669 μοίρας
1243 4599 1574 4662 ἀνοιξάντων
1619 4603 1717 4662 τὰς

180 4692 338 4754 πύλας
378 4691 476 4760 τῆς
519 4690 728 4751 πόλεως
761 4689 840 4760 τῷ
882 4691 1170 4757 Ἐπιφανεῖ
1202 4690 1483 4758 Ἀντιόχῳ,
1509 4691 1716 4759 ἐγκρα-

177 4787 263 4856 τής
311 4788 510 4849 ἐκεῖνος
543 4784 642 4853 τῆς
701 4783 906 4845 πόλεως
957 4783 1175 4849 γέγονε,
1207 4782 1300 4834 καὶ
1335 4782 1561 4844 πολλοὺς
1617 4783 1715 4850 μὲν

178 4877 467 4939 ἀπέκτεινε,
501 4877 762 4947 χρήματα
794 4875 850 4928 δὲ
883 4874 1050 4927 πολλά
1105 4875 1361 4943 συλήσας,
1395 4876 1473 4934 εἰς
1511 4876 1715 4927 Ἀντιό-

176 4985 313 5036 χειαν
340 4967 688 5032 ἐπανέςευξε.
727 4968 879 5020 Μετὰ
909 4969 966 5020 δὲ
995 4968 1086 5020 δύο
1107 4968 1200 5038 ἐτη
1238 4963 1395 5040 αὖθις
1431 4970 1512 5031 εἰς
1554 4967 1716 5038 Ἰερο-

1818 2491 2056 2546 mortuo,
2086 2482 2300 2536 duobus
2347 2484 2589 2551 parvnlis
2629 2484 2811 2539 ﬁliolis
2867 2487 3095 2550 relictis,
3145 2501 3379 2555 quorum

1818 2574 1956 2626 alter
1975 2573 2332 2635 Philometor,
2357 2576 2497 2630 alter
2531 2576 2772 2646 Physcon
2815 2578 3114 2632 vocabatur
3146 2596 3158 2629 :
3192 2578 3379 2632 Antio-

1818 2666 1979 2731 chus,
2009 2677 2173 2721 aetate
2202 2683 2492 2735 puerorum
2521 2678 2853 2737 contempta,
2888 2669 3183 2741 βεεν-[ηοω
3239 2672 3380 2725 bello

1819 2755 1976 2824 petit,
2011 2756 2078 2810 ab
2107 2771 2278 2826 eaque
2302 2758 2552 2825 repulsus
2590 2768 2696 2823 est,
2728 2741 2990 2815 Romanis
3012 2762 3378 2820 cdicentibus.

1821 2856 1879 2901 ut
1910 2847 1998 2900 illa
2033 2850 2311 2916 provincia
2353 2850 2668 2904 abstineret.
2703 2851 2832 2904 Inde
2863 2853 3100 2914 rediens,
3128 2854 3376 2908 Hieroso-

1820 2939 1958 3010 lyma
1980 2941 2284 3004 contendit,
2311 2943 2556 3010 urbeque
2569 2945 2704 2997 citra
2724 2943 3132 2998 dimicationem
3156 2947 3378 3015 potitur.

1818 3033 2024 3095 apertis
2046 3034 2219 3100 portis
2255 3049 2352 3102 per
2384 3033 2554 3101 ipsius
2605 3035 2882 3089 studiosos
2940 3047 3206 3106 reCeptus.
3246 3035 3377 3091 Nam

1819 3133 1939 3192 post
1969 3124 2181 3178 obitum
2221 3125 2370 3181 Oniee
2399 3128 2690 3195 pontificis,
2727 3130 3032 3184 Antiochus
3059 3130 3376 3198 dignitatem

1821 3217 1964 3270 illam
2015 3217 2069 3270 in
2115 3218 2298 3272 Jesum
2358 3220 2576 3273 fratrem
2636 3221 2782 3273 illius
2838 3224 3186 3275 contulerat:
3219 3204 3379 3291 eique

1820 3307 2010 3371 iratus,
2053 3307 2207 3362 fratri
2240 3311 2358 3377 ejus
2380 3311 2573 3364 minori
2612 3311 2929 3375 tradiderat,
2956 3315 3175 3368 nomine
3206 3313 3404 3369 Onize.'

1818 3400 1950 3453 Nam
1981 3416 2102 3453 cum
2134 3400 2320 3456 Simon
2346 3412 2456 3456 tres
2479 3403 2617 3456 filios
2634 3406 2984 3473 suscepisset,
3016 3393 3376 3460 sacerdotium

1820 3492 1885 3545 ad
1919 3509 2044 3547 eum
2072 3509 2261 3548 omnes
2284 3496 2528 3562 pervenit
2557 3511 2567 3544 :
2605 3511 2667 3549 ac
2693 3497 2851 3552 Jesus
2883 3513 2940 3553 se
2964 3481 3218 3553 Iasonem
3273 3514 3374 3552 no—

1823 3585 2069 3645 minavit,
2104 3585 2267 3638 Ouias
2291 3586 2616 3646 Menelaum.
2674 3596 2904 3654 ortaque
2964 3589 3194 3643 dissidio
3238 3590 3379 3644 inter

1824 3673 1942 3738 hos,
1973 3674 2388 3742 populiquoque
2413 3676 2720 3730 secessione
2741 3671 2904 3741 facta,
2931 3672 3391 3746 plures‘aJasonc.

1820 3775 2112 3829 Steterunt,
2144 3767 2670 3831 caeteriaMenelao,
2724 3769 2812 3823 cui
2866 3780 2922 3824 et.
2978 3769 3164 3826 Tobia
3218 3770 3378 3825 liberi

1820 3872 1980 3926 Opem
2010 3858 2270 3911 tulerunt.
2306 3857 2409 3912 Sed
2432 3874 2554 3912 cum
2595 3875 2624 3913 a
2658 3862 2850 3931 majori
2889 3872 3055 3937 parte
3105 3863 3378 3932 opprime-

1820 3951 2034 4011 rentur,
2061 3947 2126 4002 ad
2175 3948 2501 4002 Antiochum
2561 3964 2619 4020 se
2679 3953 3055 4016 contulerunt,
3096 3964 3151 4007 et
3183 3955 3380 4024 patriis

1823 4040 2090 4094 institutis
2120 4041 2373 4117 desertis,
2401 4041 2710 4096 Graecorum
2731 4058 2912 4100 mores
2932 4055 3062 4100 sunt
3090 4043 3372 4116 amplexi:

1821 4138 2100 4202 ascitoque
2140 4134 2423 4203 praeputio,
2475 4135 2856 4205 pudendorum
2907 4138 3376 4196 circumcisionem

1822 4227 2002 4281 velare
2034 4226 2380 4282 studuerunt.
2413 4228 2495 4283 Ab
2527 4232 2723 4283 horum
2749 4231 2914 4300 igitur
2943 4231 3179 4287 factione
3208 4234 3379 4302 portis

1820 4320 2040 4387 apertis.
2076 4321 2211 4373 urbe
2232 4323 2437 4387 potitus
2461 4322 2762 4376 Antiochus
2808 4323 3140 4390 Epiphanes.
3189 4327 3377 4380 multis

1819 4410 2032 4470 occisis,
2069 4425 2255 4478 magna
2285 4413 2512 4478 pecunia
2565 4423 2738 4479 rapta,
2791 4414 3137 4470 Antiochiam
3189 4417 3369 4473 rediit.

1821 4501 2048 4554 Biennio
2071 4509 2192 4570 post
2211 4502 2390 4555 denuo
2423 4502 2793 4574 Hierosolyma
2825 4508 3091 4574 ascendit,
3139 4519 3194 4563 et
3239 4511 3373 4564 urbe

1821 4593 1946 4646 dolo
1981 4602 2265 4662 occupata,
2301 4611 2368 4648 ne
2424 4597 2488 4650 iis
2531 4597 2752 4664 quidem
2815 4601 3080 4666 pepercit,
3116 4617 3145 4654 a
3178 4604 3376 4671 quibus

1820 4695 2074 4754 receptus
2106 4687 2277 4739 fuerat
2305 4704 2317 4737 :
2353 4687 2444 4740 sed
2473 4698 2526 4741 et
2556 4689 2756 4757 templo
2777 4691 3028 4758 spoliato,
3058 4703 3114 4747 et
3146 4696 3376 4749 abscon-

1820 4777 1950 4831 ditis
1985 4778 2255 4832 thesauris
2278 4778 2493 4845 abiatis,
2527 4788 2580 4835 et
2605 4782 2862 4851 legitimis
2897 4785 3182 4840 sacriﬁciis
3209 4788 3374 4840 inter-

1820 4869 2016 4930 dictis,
2053 4880 2110 4924 et
2156 4871 2292 4926 urbe
2321 4872 2558 4940 direpta,
2618 4883 2673 4927 et
2720 4878 2919 4944 populo
2967 4879 3163 4946 partim
3211 4896 3370 4942 caeso,

1820 4961 2017 5029 partim
2050 4970 2229 5030 capto,
2258 4970 2310 5016 et
2347 4963 2712 5032 pulcherrima
2742 4968 2890 5023 urbis
2922 4979 3072 5037 parte
3129 4957 3368 5030 incensa.

178 5061 367 5131 σόλυμα
412 5061 576 5131 ἀνέϐη
619 5059 908 5128 Ἀντίοχος,
941 5061 1033 5111 καὶ
1067 5059 1250 5130 ἀπάτῃ
1301 5061 1580 5131 κρατήσας
1613 5063 1710 5130 τῆς

1820 5055 2068 5123 etporcis
2099 5055 2149 5107 iu
2186 5057 2388 5126 templo
2414 5058 2723 5122 immolatis,
2763 5061 2976 5115 tandem
3009 5060 3207 5114 mcenia
3237 5077 3370 5130 quo-

178 5149 389 5216 πόλεως,
439 5151 561 5204 οὐδὲ
615 5151 723 5204 τῶν
775 5149 1174 5218 είσδεξαμένων
1225 5151 1385 5205 αὑτὸν
1433 5153 1708 5220 ἐφείσατο,

177 5241 301 5296 ἀλλὰ
341 5244 430 5296 καὶ
473 5244 566 5297 τὸν
605 5245 730 5297 ναὸν
783 5243 1042 5313 συλήσας,
1077 5242 1170 5294 καὶ
1203 5244 1326 5306 τοὺς
1359 5243 1709 5313 ἀποκρύφους

180 5331 463 5406 θησαυροὺς
514 5335 883 5405 ἀφελόμενος,
942 5336 1039 5399 τάς
1086 5353 1145 5387 τε
1204 5338 1466 5405 νομίμους
1522 5337 1712 5400 θυσίας

181 5423 428 5491 κωλύσας,
467 5429 561 5481 καὶ
604 5425 702 5498 τὴν
747 5427 902 5480 πόλιν
947 5427 1273 5498 διαρπάσας,
1311 5431 1403 5481 καὶ
1452 5433 1577 5491 τοὺς
1615 5432 1712 5497 μὲν

182 5517 264 5566 τοῦ
301 5517 424 5570 λαοῦ
467 5522 704 5583 κτείνας,
737 5523 861 5583 τοὺς
891 5521 934 5573 δ’
970 5521 1350 5591 αἰχμαλώτους
1389 5523 1714 5591 ἀπαγαγὼν,

1820 5161 1926 5214 que
1966 5146 2136 5202 diruit
2170 5170 2183 5202 :
2226 5160 2610 5220 cxstructaque
2643 5167 2764 5204 arce
2810 5151 3080 5205 inferioris
3111 5151 3282 5214 urbis,
3315 5162 3369 5203 et

1820 5239 2170 5298 Macedonico
2227 5245 2479 5312 praesidio
2520 5245 2817 5314 imposito,
2877 5244 3132 5312 populum
3192 5245 3364 5312 coegit

1821 5351 1950 5393 suos
1977 5337 2108 5393 deos
2150 5339 2350 5403 colere,
2379 5352 2428 5394 et
2466 5340 2880 5394 circumcisione
2921 5353 3212 5406 puerorum
3248 5337 3369 5390 abs-

1823 5433 2016 5495 tinere,
2064 5433 2265 5487 relictis
2307 5433 2401 5495 ibi,
2437 5433 2525 5502 qui
2571 5435 2633 5484 ad
2677 5434 2772 5484 ista
2817 5430 3060 5484 facienda
3115 5429 3259 5481 cives
3315 5426 3365 5478 vi

1815 5525 2225 5591 compellerent.
2286 5523 2401 5588 Quo
2425 5536 2687 5590 -tempore
2750 5517 3036 5575 Eleazarus
3092 5515 3361 5569 sacerdos.

186 5611 267 5660 καὶ
311 5612 592 5682 ἐμπρήσας
641 5615 709 5667 τὰ
741 5616 836 5683 τῆς
873 5615 1078 5677 πόλεως
1131 5617 1408 5674 κάλλιστα.
1446 5618 1540 5667 καὶ
1584 5617 1715 5680 σύας

1820 5617 2040 5685 ejusque
2073 5618 2327 5685 discipuli
2358 5615 2670 5676 Maehahtei,
2723 5629 2844 5667 cum
2898 5618 3068 5662 matre
3113 5621 3206 5659 sua
3268 5619 3365 5672 pro

184 5696 334 5764 θύσας
379 5705 431 5756 ὲν
457 5705 534 5773 τῷ
579 5709 707 5773 ναῷ,
745 5709 890 5770 τέλος
935 5708 1123 5765 γ;ιί,τὰ
1156 5711 1308 5778 τείχη
1342 5708 1578 5772 καθεῖλε,
1624 5714 1715 5764 καὶ

184 5788 266 5844 τὴν
294 5793 348 5847 ἐν
377 5795 443 5863 τῇ
472 5797 621 5850 κάτω
660 5798 804 5850 πόλει
837 5801 1009 5853 ἄκραν
1052 5800 1433 5864 οἰκςδομήσας,
1473 5802 1714 5863 φρουρὰν

1815 5711 2124 5763 divinarum
2154 5710 2310 5779 205
2331 5711 2505 5777 legum
2532 5707 2876 5760 observantia
2897 5701 3190 5756 certamina
3216 5697 3360 5747 obit:-

1819 5811 1960 5855 ruut.
1995 5799 2142 5854 Acii
2175 5801 2275 5864 qui
2292 5799 2395 5852 vim
2435 5798 2701 5852 sustinere
2747 5811 2852 5850 non
2891 5794 3158 5859 p’oteraut.
3190 5786 3364 5845 impc-
