3988 6328
120 405 201 465 ἷὸἳ

1320 387 1722 449 ANNALIUM
1763 387 1910 450 LIB.
1959 387 2096 493 IV.’

3190 397 3293 461 386

109 507 380 580 “impari;
414 501 927 571 στενοχωρηθέντες,
967 497 1178 557 πίστεις
1209 497 1486 558 λαϐόντες,
1521 494 1634 559 ἐξέ-

1742 495 2020 549 Ionatham
2054 494 2395 550 eduxerunt:
2424 497 2514 566 qui
2565 510 2948 570 cumirepcnte
2981 502 3062 556 eis
3104 518 3290 559 occur-

105 611 238 657 tmw
263 597 325 650 τὸ
351 595 567 666 χωρίον.
602 594 975 662 καὶίφρουρέιν
1031 589 1226 642 ίδίανὸ
1267 589 1449 657 Σίμων
1475 587 1638 639 κατέ-

104 707 281 761 στησεν
309 691 370 739 ιν
391 686 562 751 αὐτῷ.
598 683 851 752 Ἰωνάθης
875 683 952 745 δὲ,
991 683 1105 744 τοῖς
1146 680 1470 750 στρατηγοῖς
1504 695 1638 747 συμ-

103 782 246 849 μίξας
266 776 362 830 τοῦ
385 776 721 846 Δημητρίου,
751 776 829 837 εἰς
871 773 1048 842 φυγήν
1081 790 1139 825 τε
1199 772 1395 833 αὐτοὺς
1439 772 1637 840 τρέπε-

104 887 193 928 ται,
251 867 349 918 καὶ
384 866 513 934 περὶ
561 865 854 935 δισχιλίους
898 863 1105 916 ἀνελὼν
1160 860 1498 931 ὑπέστρεψεν
1534 860 1638 920 ἐίς

113 957 459 1026 Ἰεροσόλυμα.
495 957 604 1010 Καὶ
628 958 706 1018 είς
741 955 955 1025 Ῥώμην
985 953 1280 1025 πρεσϐείαν
1319 954 1636 1022 ἐποιήσατο,

107 1049 182 1116 τὴν
212 1049 484 1121 προτέραν
519 1047 702 1115 φιλίαν
737 1047 804 1116 ἢν
838 1047 973 1116 πρὸς
1016 1047 1077 1098 τὸ
1123 1045 1274 1107 ἔθνος
1302 1039 1467 1113 εἶχον,
1506 1045 1640 1096 ἀνα-

107 1121 416 1190 νεώτασθαι.
454 1139 518 1190 ot
551 1139 609 1190 δὲ
632 1139 731 1206 τῆς
762 1137 958 1205 βουλῆς
1010 1137 1077 1188 τὰ
1118 1135 1388 1205 πρότερον
1437 1136 1638 1204 ιψηφι-

109 1229 254 1293 σμένα
308 1231 405 1278 καὶ
457 1224 612 1288 αὖθις
659 1227 962 1297 ἐκύρωσαν.
1011 1227 1467 1295 Ἐπανερχόμενοι
1505 1225 1560 1277 δὲ
1590 1224 1638 1275 οί

107 1318 362 1385 πρέσϐεις,
405 1319 500 1370 καὶ
526 1320 606 1381 εἰς
631 1321 729 1388 τὴν
764 1320 1018 1387 Σπάρτην
1049 1319 1331 1386 ἀφίκοντο,
1361 1317 1454 1369 καὶ
1481 1317 1638 1369 τοῦτο

107 1412 482 1478 ἐντεταλμένον
509 1410 720 1480 ἔχοντες
775 1412 923 1482 παρὰ
973 1411 1066 1462 τοῦ
1123 1409 1396 1464 Ἰωνάθου.
1437 1409 1543 1461 Καὶ
1590 1410 1638 1461 οί

107 1505 428 1571 Σπαρτιᾶται
453 1503 508 1556 δὲ
542 1504 666 1564 τοὺς
708 1503 1045 1572 πρεσϐευτὰς
1096 1504 1435 1572 φιλοφρόνως
1472 1519 1641 1572 προσ·

104 1599 307 1662 ἠκαντο,
366 1598 463 1648 καὶ
499 1597 763 1665 ψήφισμα
784 1597 917 1662 περὶ
949 1597 1133 1665 φιλίας
1183 1596 1279 1649 καὶ
1322 1596 1641 1666 συμμαχίας

105 1691 218 1756 πρὸς
269 1687 558 1747 Ἰουδαίους
589 1686 792 1742 ἔθεντο.
834 1687 942 1740 Τοῦ
989 1687 1300 1758 Δημητρίου
1363 1689 1544 1756 μέντοι
1591 1688 1640 1738 οἱ

104 1777 380 1845 στρατηγοὶ
421 1777 520 1846 τὴν
557 1772 736 1846 ἧτταν
785 1778 1238 1847 ἀναμαχέσασθαι
1291 1777 1637 1839 σπεύδοντες,

1744 587 1924 652 rissct,
1956 603 2063 640 non
2091 589 2206 641 ausi
2257 596 2446 656 aperto
2495 589 2660 644 Marte
2715 608 2836 645 cum
2888 609 2953 647 eo
2999 594 3333 664 congredi,'

1740 687 1903 732 noctu
1938 677 2217 746 fugerunt.
2249 679 2396 746 Quos
2431 696 2576 746 cum,
2622 683 2743 752 fuga
2779 685 2992 753 cognita
3027 687 3287 755 interdiu,

1740 776 2076 836 persequens
2111 786 2217 823 non
2273 769 2506 844 adeptus
2559 777 2720 834 esset,
2762 789 2826 827 ex
2876 775 3074 830 Arabia
3109 778 3289 832 Naba-

1742 858 2004 912 thaaorum
2037 873 2226 928 magna
2261 861 2440 928 praeda
2474 871 2528 916 et
2554 863 2738 917 multis
2765 865 2995 932 captivis
3019 866 3290 931 abductis,

1742 947 1991 1000 recedit:
2043 963 2104 1001 ac
2160 949 2365 1017 p0pulo
2406 961 2708 1005 convocato
2751 954 2976 1015 suadet,
3028 966 3088 1010 ut
3139 956 3293 1011 urbis

1742 1039 1940 1093 mcenia
1969 1048 2254 1105 renovent,
2282 1049 2336 1094 et
2380 1041 2564 1095 ruinas
2594 1057 2873 1100 murorum
2921 1049 3101 1118 templi
3137 1052 3292 1104 resti-

1742 1139 1916 1185 tuant.
1951 1131 2028 1185 Eo
2057 1134 2289 1186 consilio
2318 1135 2575 1188 omnibus
2610 1137 2872 1205 probato,
2909 1141 3020 1209 ipse
3057 1144 3104 1196 ei
3140 1144 3294 1212 Operi

1743 1224 2005 1292 intentus,
2038 1223 2315 1278 Simonem
2351 1225 2572 1281 fratrem
2624 1230 2869 1297 ablegat,
2907 1247 2964 1285 ut
3015 1236 3290 1304 regionem

1744 1317 1798 1369 in
1866 1326 1982 1369 tuto
2044 1315 2292 1371 collucet.
2353 1319 2660 1373 Demetrius
2729 1323 2778 1374 in
2850 1323 3291 1393 Mesopotamiam

1744 1407 2041 1475 profectus,
2098 1419 2157 1462 ut
2199 1408 2527 1480 Babylonem
2577 1425 2631 1466 et
2670 1417 2977 1483 superiores
3025 1421 3295 1487 satrapias

1743 1501 2036 1568 acciperet,
2071 1501 2137 1554 ab
2178 1501 2372 1556 incolis
2414 1501 2614 1559 Grsccis
2641 1507 2804 1578 214
2826 1515 2881 1560 et
2908 1508 3294 1565 Macedonibus

1743 1593 2074 1647 deditionem
2122 1603 2175 1649 et
2236 1610 2454 1666 operam
2507 1597 2571 1650 ad
2621 1599 3000 1654 debellandum
3039 1601 3293 1657 Arsacem

1744 1681 2066 1735 Parthorum
2099 1701 2277 1755 regem
2309 1685 2716 1756 pollicentibus,
2750 1695 3074 1761 susceptusgz
3109 1693 3295 1763 pra-lio

1743 1787 1864 1825 cum
1902 1774 2114 1828 Parthis
2162 1777 2474 1839 cummisso,
2529 1779 2790 1833 omnibus
2840 1783 3010 1848 copiis
3060 1784 3294 1847 amissis,

108 1869 228 1934 μετὰ
264 1870 547 1938 δυνάμεως
598 1871 848 1934 πλείονος
917 1867 1083 1941 ἦλθον
1127 1871 1268 1924 κατά
1315 1870 1408 1923 τοῦ
1463 1870 1640 1923 Ἰωτά-

1747 1862 1860 1931 ipse
1905 1865 2137 1931 capitur.
2179 1865 2257 1918 Eo
2287 1865 2544 1934 Demetrii
2588 1883 2713 1920 casu
2746 1870 2985 1937 cognito,
3036 1870 3294 1942 Tryphon

106 1964 182 2013 0w
214 1965 347 2030 (55).
400 1965 460 2016 '0
515 1964 566 2016 δὲ
641 1960 798 2026 αὖθις
857 1965 1040 2027 αὐτοῖς
1085 1964 1264 2030 ὀξέως.
1301 1965 1634 2032 ἀπήντησεν.

105 2052 586 2115 Ἀποδειλιάσαντες
613 2053 669 2105 δὲ
705 2054 842 2123 πρὸς
893 2053 1138 2122 φανερὰν
1195 2053 1374 2121 μάχην
1413 2056 1638 2106 ἀντικαο

873 2145 1094 2213 ἔφυγον.
1143 2145 1277 2197 Μεθ’
1329 2145 1538 2215 ἡμέραν
1583 2145 1638 2197 δὲ

109 2238 242 2299 γνοὺς
269 2243 364 2304 τὴν
394 2238 573 2306 φυγὴν
601 2237 882 2305 Ἰωνάθης,
921 2237 1177 2302 ἐπεδίωξε
1209 2237 1327 2305 μὲν,
1374 2239 1433 2288 ού
1471 2238 1637 2289 κατέ-

108 2328 214 2380 λαϐε
247 2328 321 2380 δὲ’
358 2331 474 2381 ἀλλ’
497 2331 574 2391 εἰς
595 2329 855 2398 Ἀραϐίαν
892 2328 1084 2394 ἐλθὼν,
1119 2331 1348 2392 καὶτοῖς
1383 2330 1642 2401 Ναϐατη-

107 2145 347 2212 ταοτῆναι
383 2146 560 2214 αὐτῷ,
606 2146 802 2205 νυκτὸς

110 2426 200 2485 vei;
229 2422 494 2488 ἐπελθὼν,
525 2425 619 2476 καὶ
643 2422 793 2476 λείαν
829 2423 1041 2475 ἐκεῖθεν
1085 2424 1365 2485 ἀπελάσας
1415 2424 1638 2493 πολλὴν,

111 2517 185 2565 καὶ
208 2513 587 2584 αίχμαλώτους
632 2513 832 2576 λαϐὼν,
888 2514 1178 2583 ἐπανῆλθε.
1216 2513 1545 2580 Συναγαγὼν
1586 2515 1641 2566 δὲ

110 2606 182 2656 τὸν
211 2606 354 2669 λαὸν,
390 2605 741 2657 συνεϐούλευε
794 2605 862 2656 τὰ
896 2604 1050 2675 τείχη
1083 2604 1190 2656 τῶν
1248 2605 1639 2674 Ἰεροσολύμων

111 2699 450 2760 ανακαινίσαι,
484 2698 578 2749 καὶ
599 2698 908 2767 ἀνορθῶσαι
941 2699 1063 2750 ὅσον
1093 2697 1186 2748 τοῦ
1227 2698 1516 2768 περιϐόλου
1545 2698 1637 2751 τοῦ

115 2788 236 2855 ἱερῖῦ
267 2787 563 2858 καθῄρητο.
596 2789 702 2840 Καὶ
754 2789 1030 2857 ἀρεσάσης
1077 2790 1209 2840 πᾶσι
1253 2789 1351 2858 τῆς
1399 2789 1640 2858 συμϐου-

114 2878 211 2946 λῆς,
234 2881 388 2939 αὐτὸς
412 2881 511 2948 μὲν
560 2880 720 2950 ἔργου
745 2881 947 2950 εἴχετο,
969 2881 1057 2932 τὸν
1081 2881 1137 2932 δὲ
1172 2881 1396 2948 ἀδελφὸν
1423 2884 1640 2950 Σίμωνα

114 2968 296 3039 ἔπεμψε
320 2969 416 3039 τὴν
448 2969 633 3040 χώραν
662 2971 1127 3041 ἀσφαλισόμενον.
1175 2972 1308 3023 ὐδὲ
1344 2989 1404 3038 γε
1453 2974 1640 3041 Δημή-

116 3079 238 3128 τριος
268 3065 342 3124 ei;
371 3063 797 3134 Μεσοποταμίαν
815 3059 970 3136 ἧκεν,
1001 3064 1076 3127 ὡς
1096 3064 1192 3134 τὴν
1224 3063 1514 3116 Βαϐυλῶνα
1547 3067 1656 3118 καὶ-

117 3154 192 3218 τὰς
224 3157 325 3209 ἀνω
351 3155 657 3226 σατραπίας
691 3158 1164 3228 παραληψόμενος.
1208 3159 1269 3210 Οἱ
1302 3160 1408 3226 γὰρ
1441 3159 1639 3220 ταύτας

124 3248 462 3311 κατοικοῦντες
537 3247 794 3319 Ἕλληνες
857 3253 947 3301 καὶ
1030 3249 1333 3322 Μακεδόνες
1393 3250 1640 3317 παραδώ-

124 3354 210 3390 σειν
232 3341 450 3403 ἑαυτοὺς
481 3340 628 3409 αὐτῷ
680 3341 1103 3409 ἐπηγγέλλοντο,
1141 3343 1240 3393 καὶ
1292 3338 1638 3408 συγκαταπο-

123 3430 341 3498 λεμήσειν
373 3432 652 3504 Ἀρσάκην
678 3433 781 3496 τὸν,
813 3432 1042 3503 Πάρθων
1087 3433 1333 3502 βασιλέα.
1377 3436 1487 3486 Καὶ
1531 3435 1641 3486 ἐδέ-

123 3519 250 3583 ξαντο
279 3524 455 3576 τοίνυν
502 3525 685 3577 αὐτόν.
749 3525 857 3577 Καὶ
915 3523 992 3592 τῷ
1037 3525 1276 3593 Ἀρσάκῃ
1328 3524 1639 3590 συμϐαλὼν,

123 3610 198 3678 τὴν
231 3612 442 3667 ἃπασαν
472 3615 712 3668 ἀπέϐαλε
743 3615 1020 3683 στρατιὰν,
1064 3615 1156 3666 καὶ
1207 3613 1370 3675 αὐτὸς
1409 3614 1637 3684 ἐλήφθη.

124 3701 322 3770 Τρύφων
349 3705 406 3756 δὲ
439 3705 602 3772 γνοὺς
636 3703 862 3756 τοιαῦτα
895 3704 963 3756 τὰ
1003 3702 1132 3772 περὶ
1165 3702 1256 3755 τὸν
1304 3705 1639 3774 Δημήτριον,

123 3793 440 3848 ἐπεϐούλευεν
476 3795 765 3866 Ἀντιόχῳ,
807 3796 1127 3849 ἀποκτεῖναι
1165 3795 1328 3847 αὐτὸν
1375 3797 1639 3864 μελετῶν,

125 3884 197 3932 καὶ
231 3884 550 3970 τὴνιάρχὴν
609 3885 1055 3954 σφετερίσασθαι.
1115 3884 1402 3937 Ἐδεδοίκει
1459 3869 1641 3951 μέντοι

124 3970 197 4024 {tv
230 3973 496 4043 Ἰωνάθην,
520 3975 649 4026 ὄντα
683 3974 834 4041 φίλον
868 3975 943 4043 τῷ
998 3974 1276 4041 Ἀντιόχῳ.
1312 3973 1420 4024 Καὶ
1444 3972 1642 4024 ἐσπευ-

124 4058 194 4112 δεν
222 4063 370 4115 αύτίν
401 4064 617 4132 πρῶτον
652 4066 834 4135 ἀπάτῃ
863 4060 1027 4126 ἑλεῖν,
1081 4063 1174 4116 καί
1206 4061 1378 4123 οὕτως
1428 4065 1642 4131 ἐπιχει-

129 4155 261 4218 ρῆσαι
285 4157 392 4218 τοῖς
427 4158 569 4208 κατὰ
602 4157 692 4208 τὸν
738 4156 1028 4225 Ἀντίοχον.
1067 4156 1156 4207 Διὸ
1213 4157 1304 4207 καὶ
1330 4157 1409 4216 εἰς
1441 4155 1643 4208 Σκυθό-

128 4240 254 4293 πολιν
278 4246 510 4310 ἄπεισιν,
530 4244 660 4299 ἔνθα
691 4246 786 4298 καὶ
820 4247 1074 4313 Ἰωνάθης
1103 4248 1246 4318 αὑτῴ
1265 4250 1360 4302 σὺν
1387 4251 1644 4320 τέσσαρσι

130 4335 320 4403 μυριάσι
353 4336 611 4408 μαχίμων
640 4339 972 4418 ἀπήντησεν.
1014 4339 1071 4393 '0
1092 4340 1148 4392 δὲ
1176 4340 1428 4402 ὑπούλως
1479 4343 1642 4394 αὑτὸν

129 4424 411 4496 ὑπέρχεται,
446 4428 638 4500 δώροις
672 4448 728 4484 τε
757 4431 848 4484 καὶ
872 4433 1051 4500 τιμαῖς
1077 4431 1433 4500 δεξιούμενος,
1466 4434 1646 4485 πᾶσαν

1667 3199 1709 3255 C

1742 1957 2038 2024 cupiditate
2060 1957 2208 2024 regni
2227 1948 2559 2028 occupandi,
2574 1969 2695 2013 vdae
2715 1963 2962 2015 Antiochi
2982 1964 3291 2018 insidiatur.

1742 2045 1845 2100 Sed
1873 2048 1997 2115 quia
2028 2046 2273 2102 Jonathae
2302 2050 2595 2104 amicitiam
2635 2067 2757 2104 cum
2791 2069 2914 2123 rege
2946 2055 3294 2117 formidabat.

1741 2153 1806 2189 eo
1840 2139 1991 2206 prius
2019 2155 2114 2208 per
2139 2140 2323 2195 dolum
2374 2153 2555 2210 capto,
2589 2153 2701 2197 tum
2759 2148 2976 2200 demum
3036 2148 3296 2202 invadere

1742 2230 2072 2284 Antiochum
2102 2232 2154 2283 in
2179 2235 2361 2287 animo
2396 2235 2650 2290 habebat.
2699 2237 2886 2305 Itaque
2919 2239 3294 2309 Scythopolim

1741 2322 1872 2383 abit,
1907 2321 1996 2375 ubi
2031 2323 2318 2378 Joualham
2349 2341 2472 2380 cum
2512 2327 2868 2396 quadraginta
2913 2331 3294 2384 bellicosorum

1743 2414 1982 2467 millibus
2037 2417 2252 2470 obviam
2315 2433 2592 2486 egressum
2646 2419 2836 2473 fraude
2898 2422 3292 2488 circumvenit,

1741 2508 2063 2562 muneribus
2112 2518 2166 2562 et
2220 2508 2526 2562 honoribus
2587 2512 2974 2577 conciliatum,
3032 2522 3091 2566 ut
3141 2519 3292 2569 omni

1740 2600 2053 2667 suSpicione
2091 2601 2366 2668 adempta,
2397 2600 2674 2654 incautum
2710 2604 3064 2672 opprimeret.
3093 2605 3300 2662 Suadet

1742 2689 1907 2758 igitur
1946 2699 2004 2744 ut
2039 2691 2338 2744 exercitum
2376 2692 2600 2746 missum
2642 2692 2824 2746 faciat.
2874 2695 3005 2748 Nam
3055 2711 3111 2749 se
3140 2698 3297 2763 paulo

1740 2793 1863 2851 post
1893 2797 2014 2834 eum
2055 2782 2172 2850 ipso
2207 2782 2595 2837 Ptolemaidem
2635 2784 2862 2848 iturum,
2910 2785 2975 2838 ad
3013 2789 3200 2841 urbem
3241 2797 3298 2842 et

1743 2873 1925 2926 omnia
1963 2858 2404 2940 rircumjace‘utia
2428 2873 2646 2926 castella
2671 2876 3008 2941 accipienda.
3031 2877 3297 2933 Juuathas

1745 2963 1881 3018 nihil
1957 2964 2080 3016 mali
2142 2963 2482 3030 suspicatus,
2543 2964 3172 3020 exercitum'dimittit:
3227 2983 3294 3024 ac

1747 3059 2175 3111 mille-duntaxat
2199 3056 2329 3108 viris
2350 3056 2596 3118 retentis,
2622 3058 2954 3114 Ptolomaide
2979 3065 3294 3129 conclusus,

1745 3151 1978 3219 capitur,
2002 3152 2230 3204 comites
2250 3151 2366 3220 ejus
2384 3150 2730 3203 occiduntur.
2762 3152 2889 3215 Qum
2908 3151 3295 3224 Hierosolymis

1743 3245 1992 3298 nuntiata
2052 3246 2250 3313 populo
2287 3253 2560 3297 terrorem
2589 3244 2966 3309 incusserunt,
3008 3249 3078 3300 ob
3108 3258 3296 3317 gentes

1744 3337 2024 3403 ﬁnitimas,
2072 3337 2301 3390 Jonatha
2350 3349 2543 3405 capto,
2587 3347 2775 3390 contra
2827 3338 3044 3392 Judaaos
3093 3341 3296 3394 tumul-
3343 3380 3352 3385 -

1746 3438 1981 3482 tuantes.
2045 3427 2148 3480 Sed
2187 3426 2406 3490 Simon,
2465 3427 2712 3480 oratione
2762 3428 2979 3492 habita,
3032 3433 3292 3499 populum

1742 3520 2029 3574 conﬁrmat
2058 3535 2071 3569 :
2108 3518 2175 3570 ab
2203 3532 2374 3586 eoque
2403 3518 2511 3570 dux
2538 3519 2745 3574 eiet-tus
2769 3559 2783 3584 ,
2821 3522 3028 3574 militiae
3079 3522 3295 3577 idoneis

1742 3611 2076 3669 convocatis.
2115 3610 2388 3665 [omnibus
2437 3605 2616 3675 urbis,
2675 3623 2729 3665 et
2781 3614 3035 3666 Omnibus
3085 3631 3204 3683 qua:
3225 3615 3292 3667 ad

1742 3703 2087 3756 securitatem
2123 3703 2494 3770 pertinerent,
2548 3705 2774 3765 curatis,
2822 3705 3098 3772 Tryphoni
3129 3707 3293 3759 Joua~

1746 3793 1890 3846 tham
1912 3794 2184 3859 captivum
2214 3793 2266 3844 in
2292 3792 2531 3846 Judaeam
2563 3794 2876 3859 adducenti,
2905 3809 3025 3848 cum
3053 3797 3292 3851 exercitu

1743 3882 1983 3935 occurrit
2012 3897 2025 3932 :
2059 3880 2240 3949 eique,
2296 3889 2516 3935 centum
2551 3884 2758 3952 argenti
2812 3885 3009 3939 talenta
3068 3896 3121 3939 et
3157 3887 3296 3942 duos

1741 3973 2161 4029 Junatlue'ﬁlios
2207 3973 2430 4028 obsides
2467 3976 2784 4044 postulanti,
2828 3977 2871 4030 si
2899 3977 3118 4053 fratrem
3157 3978 3292 4031 solvi

1746 4067 1905 4118 vellet
1951 4082 1964 4118 :
2005 4067 2107 4119 etsi
2161 4065 2398 4119 hominis
2448 4067 2853 4133 improbitatem
2918 4066 3292 4136 intelligebat,

1748 4168 1948 4222 tamen,
1976 4172 2042 4210 ne
2073 4157 2176 4210 sibi
2212 4152 2394 4208 fratris
2450 4157 2598 4209 salus
2655 4157 2899 4224 neglecta
2931 4158 3147 4230 crimini
3196 4160 3295 4213 da-

1694 4260 1927 4309 .retur.
1995 4257 2051 4301 et
2105 4248 2392 4315 pecuniam
2463 4255 2517 4300 et
2581 4262 2787 4316 pueros
2852 4250 3017 4303 misit.
3089 4250 3296 4314 Quibus

1733 4341 2002 4410 Tryphon
2057 4337 2325 4405 acceptis,
2384 4338 2558 4406 pactis
2613 4353 2721 4391 non
2762 4339 2965 4392 stetit:
3024 4341 3116 4392 sed
3171 4356 3293 4394 cum

1746 4433 1986 4513 exercitq
2021 4430 2389 4500 Hierosolyma
2450 4429 2750 4493 contendit,
2795 4422 3163 4499 subsequente
3214 4432 3298 4486 Si-

129 4511 266 4568 θέλων
297 4519 547 4572 ὑπόνοιαν
581 4517 802 4585 ἐξελεῖν,
854 4520 921 4573 Iv‘
977 4522 1138 4574 αὑτὸν
1177 4521 1484 4587 ἀφύλακτον
1540 4523 1639 4594 λή-

1750 4540 1929 4586 moue,
1962 4511 2016 4577 et
2045 4538 2110 4575 ex
2139 4522 2368 4575 adverso
2396 4532 2572 4575 castra
2621 4522 2855 4576 locante.
2907 4522 3102 4575 Verum
3140 4525 3295 4592 copia

129 4604 272 4670 ᾥοιτο.
298 4611 405 4663 Καὶ
440 4610 788 4663 συνεϐούλευε
817 4611 917 4681 τὴν
975 4613 1075 4681 μὲν
1133 4616 1394 4683 στρατιὰν
1434 4616 1643 4668 ἀπολῦ-

133 4709 219 4757 σαι,
251 4698 404 4760 αὐτὸς
438 4701 496 4754 δὲ
544 4700 661 4770 μετ’
699 4701 888 4770 ὀλίγον
924 4702 1004 4765 είς
1051 4704 1388 4774 Πτολεμαΐδα
1421 4724 1646 4776 συναφι-

133 4786 292 4842 κέσθαι
319 4791 488 4862 αὐτῷ,
515 4793 613 4860 τὴν
642 4793 795 4846 πόλιν
825 4795 1326 4865 παραληψόμενος,
1346 4800 1440 4851 καὶ
1469 4800 1646 4852 πάντα

131 4874 184 4927 τὰ
208 4878 309 4932 ἐκεῖ
337 4882 684 4952 ὀχυρώματα.
717 4883 825 4936 Καὶ
860 4884 1136 4952 Ἰωνάθης,
1179 4886 1344 4953 μηδὲν
1375 4887 1648 4958 ὑποτοπή-

135 4980 229 5033 σας,
250 4971 303 5024 τὸ
325 4974 640 5044 στράτευμα
666 4973 896 5044 ἔστρεψε
917 4990 932 5004 ·
962 4975 1165 5042 χιλίους
1195 4974 1238 5025 δ’
1272 4975 1410 5043 ἔχων
1446 4977 1638 5044 μόνους

134 5056 284 5127 ἀπῄει.
331 5063 422 5125 Εἰς
474 5065 530 5117 δὲ
577 5065 915 5133 Πτολεμαΐδα
976 5065 1416 5132 κατακλεισθεὶς,
1481 5071 1642 5131 αὐτὸς

137 5147 213 5210 μὲν
241 5151 541 5223 ζωγρεῖται,
565 5158 612 5209 oi
636 5157 692 5211 δὲ
721 5160 817 5210 σὺν
846 5156 993 5227 αύτῷ
1013 5156 1434 5226 διαφθείρονται.
1471 5160 1645 5234 Ἀπερ

135 5236 170 5287 oi
191 5239 238 5291 ὲν
271 5245 663 5317 Ἰεροσολύμοις
698 5248 989 5316 μαθόντες,
1019 5250 1096 5311 εἰς
1120 5249 1239 5310 δέος
1269 5250 1527 5302 ἐνέπεσον
1554 5253 1644 5305 διὰ

141 5329 189 5380 τὰ
216 5336 359 5404 πέριξ
411 5339 565 5409 ἔθνη,
609 5340 644 5393 ἃ
676 5341 866 5406 γνόντα
919 5345 1015 5411 τὴν
1048 5341 1061 5360 ’
1093 5341 1322 5394 Ιωνάθου
1383 5343 1644 5411 σύλληψιν

140 5427 250 5478 κατὰ
277 5430 376 5484 τῶν
405 5433 672 5486 Ἰουδαίων
706 5435 974 5503 κεκίνητο.
1016 5437 1198 5505 Σίμων
1228 5435 1283 5486 δὲ
1332 5435 1407 5503 τῷ
1447 5437 1643 5505 πλήθει

1747 4617 2276 4686 nivis‘impeditus,
2346 4614 2399 4668 in
2465 4615 2674 4684 Syriam
2738 4629 3001 4699 converso
3060 4615 3293 4677 itinere,

1739 4709 2029 4763 Ionatham
2075 4705 2369 4759 interfecit.
2424 4705 2612 4758 Fratre
2660 4715 2784 4772 post
2825 4705 3049 4756 tertium
3091 4720 3292 4756 annum

1744 4799 2093 4868 pontiﬁcatus
2120 4804 2356 4856 mortuo,
2387 4793 2574 4848 Simon
2622 4795 2806 4863 pupuli
2851 4795 3126 4866 suffragiis
3163 4811 3296 4864 pon-

1747 4890 1879 4944 tifex
1923 4889 2266 4948 declaratus,
2322 4885 2713 4960 Macedonibus
2780 4874 2982 4941 tributa
3021 4887 3297 4956 pensitare

1748 4981 1976 5037 destitit.
2035 4978 2113 5032 Ac
2170 4978 2396 5032 Judaica
2453 4993 2586 5049 gens
2646 4979 2748 5033 sub
2810 4982 2929 5050 ejus
2987 4979 3294 5049 principatu

1752 5086 2012 5142 perquam
2040 5070 2312 5123 fortunata
2346 5070 2469 5136 fuit,
2501 5081 2557 5125 et
2582 5070 2826 5125 ﬁnitimis
2859 5071 3072 5140 populis
3115 5069 3294 5123 domi-

1754 5173 1902 5226 nata,
1936 5161 2132 5227 multas
2164 5161 2327 5215 urbes
2347 5163 2565 5225 evertit,
2596 5179 2664 5216 ne
2683 5163 2924 5216 hostium
2951 5160 3294 5229 receptacula

1746 5263 1966 5308 essent:
2015 5261 2253 5305 montem
2299 5253 2645 5314 altissimum,
2683 5254 2734 5305 in
2766 5267 2874 5320 quo
2901 5267 2998 5304 arx
3033 5251 3295 5305 aediﬁcata

1745 5347 1942 5402 fuerat.
2001 5343 2305 5397 Continenti
2367 5343 2584 5398 triennii
2645 5345 2830 5397 labore
2873 5341 3117 5412 215m
3148 5340 3295 5411 plani

1750 5438 1876 5488 tiem
1909 5436 2134 5501 redegit,
2173 5444 2232 5488 ut
2268 5437 2522 5503 templum
2553 5434 2836 5488 emineret.
3154 5501 3157 5503 _
3206 5429 3210 5432 ’

140 5511 407 5590 ὡμιληκὼς,
471 5525 566 5578 καὶ
619 5501 1038 5598 παραθαρρύνας
1088 5501 1246 5592 αὐτὸ,
1302 5501 1668 5595 ἡγεμὼν-ὑπ’
1710 5526 1872 5578 αὑτοῦ
1918 5526 2179 5594 αἱρεῖται,
2242 5532 2336 5580 καί⁵
2378 5501 2750 5598 -συναθροίσας
2820 5527 2881 5580 τὸ
2933 5501 3170 5598 μάχιμον
3199 5523 3293 5578 τοῦ

1269 5665 1460 5728 Varia)
1499 5665 1795 5728 lectiones
1832 5672 1891 5725 et
1930 5675 2117 5726 nota).

197 5777 288 5853 (33)
317 5784 417 5840 Kal
461 5774 535 5853 ὃς
568 5781 679 5857 ἧκε
712 5787 833 5844 σὺν
857 5750 1105 5860 δυνάμει
1153 5789 1300 5857 πρὸς
1337 5786 1640 5857 Ἰωνάθην.
1681 5787 1785 5842 Pro
1807 5777 1945 5871 κατά
1972 5785 2243 5869 Ἰωνάθου.
2284 5785 2374 5843 W.

111 5891 137 5902 .-
