3988 6328
635 418 733 480 39!
1892 403 2216 466 JOANNIS
2255 361 2576 466 20mm
3761 399 3859 461 392

634 530 850 586 Parthis
878 527 1174 586 interfecti.
1207 524 1468 580 Demetrii
1501 522 1708 589 fratris,
1747 520 1910 587 ﬁlius,
1944 519 2195 575 uterinus

2298 519 2323 570 δ
2362 517 2635 586 Ἀντίοχος
2667 509 2820 580 οὗτος
2856 516 3169 586 γενόμενος,
3191 510 3281 565 ἐπὶ
3314 510 3526 575 πολλοῖς
3551 511 3694 564 ἔτεσι
3727 513 3862 580 μετᾶ

631 619 884 674 Antiochi
943 619 1107 689 Grypi
1169 617 1361 671 frater.
1429 616 1564 670 Nam
1624 615 1924 684 Cleopatra;
1973 611 2192 666 duobus

2301 609 2397 664 τοῦ
2420 609 2648 679 ἀδελφοῦ
2675 609 2972 678 Ἀντιόχου,
3000 607 3095 660 τοῦ
3117 605 3501 675 ἐπικληθέντος
3532 606 3860 674 Κυζικηνοῦ,

631 710 892 764 fratribus
942 720 1107 781 nupta
1156 709 1259 764 fuit
1300 727 1313 762 :
1359 710 1596 779 primum
1651 707 1946 768 Demetrio,
1990 703 2192 759 deinde

2299 702 2382 755 ὅτι
2406 703 2464 755 ὲν
2491 701 2713 770 Κυζίκῳ
2740 700 2971 769 ἐτράφη,
3015 698 3145 766 περὶ
3172 699 3269 765 τῆς
3305 694 3581 766 βασιλείας
3608 695 3860 765 ἐμάχετο.

2299 790 2405 847 Ἦν
2423 795 2488 847 δὲ
2517 787 2670 857 οὗτος
2693 793 2807 856 υίὸς
2831 792 3108 861 Ἀντιόχου
3133 790 3226 844 τοῦ
3247 788 3498 852 θανόντος
3520 791 3574 841 ὲν
3605 787 3861 858 Πάρθοις,

2299 886 2394 940 τοῦ
2442 885 2673 954 ἀδελφοῦ
2735 885 3074 956 Δημητρίου,
3133 883 3208 947 ὡς
3262 880 3592 953 έτεροθαλὴς
3639 880 3862 948 ἀδελφὸς

2301 979 2560 1047 ὑπάρχων
2593 977 2687 1031 τοῦ
2716 977 2930 1047 Γρυποῦ
2967 975 3264 1046 Ἀντιόχου.
3300 976 3363 1028 Ἥ
3400 974 3505 1044 γὰρ
3539 973 3860 1042 Κλεοπάτρα

2299 1074 2410 1130 τοῖς
2443 1070 2562 1122 δυσὶ
2589 1068 2902 1138 συνῴκησεν
2935 1067 3204 1135 ἀδελφοῖς,
3226 1066 3303 1136 τῷ
3333 1064 3630 1139 Δημητρίῳ
3656 1063 3715 1115 δὲ
3742 1063 3861 1133 πρό-

2298 1177 2475 1232 τερον,
2514 1162 2611 1214 καὶ
2654 1161 2732 1231 τῷ
2759 1160 3022 1230 Ἀντιόχῳ
3061 1160 3377 1226 μετέπειτα,
3437 1157 3512 1218 ὡς
3555 1156 3858 1226 προγέγρα-

2297 1267 2448 1303 πται.
2475 1252 2584 1304 Καὶ
2615 1254 2679 1304 ἐκ
2721 1251 2818 1320 μὲν
2852 1249 3168 1320 Δημητρίου
3203 1249 3294 1300 τὸν
3350 1247 3564 1316 Γρυπδν
3591 1247 3858 1314 ’Λντίεχον

2296 1342 2512 1397 ἔτεκενο
2545 1342 2603 1407 ἐξ
2636 1342 2912 1411 Ἀντιόχου
2946 1342 3002 1393 δὲ
3040 1340 3134 1392 τοῦ
3177 1340 3427 1408 Σωτῆρος
3485 1339 3580 1393 τοῦ
3631 1338 3858 1403 ἀδελφοῦ

2297 1435 2607 1506 Δημητρίου
2655 1435 2746 1487 τὸν
2796 1433 3103 1503 Κυζικηνὸν
3149 1433 3421 1499 Ἀντίοχον
3452 1431 3726 1497 ἐγείνατο.
3775 1431 3858 1482 Ἐν

2299 1527 2406 1596 ὅσῳ
2435 1525 2492 1576 δὲ
2522 1518 2666 1578 οῦτοι
2709 1526 2844 1594 πρδς
2900 1525 3169 1593 ἀλλήλους
3222 1524 3509 1590 ἐμάχοντο,
3535 1524 3561 1573 ὁ
3622 1522 3858 1591 Υρκανὸς

2298 1616 2518 1686 ἠρέμει,
2550 1621 2642 1668 καὶ
2669 1616 3090 1686 καταφρονήσας
3119 1613 3228 1666 τῶν
3281 1613 3575 1682 Ἀντιόχων
3629 1613 3856 1682 ἀπέστη,

2299 1708 2466 1777 μηδὲν
2491 1709 2570 1762 ἔτι
2601 1711 2858 1777 παρέχων
2890 1707 3075 1769 αὐτοῖς
3103 1723 3116 1736 ·
3169 1705 3265 1759 καὶ
3299 1706 3439 1759 κατὰ
3475 1707 3676 1779 σχολὴν
3704 1708 3858 1776 ἐκαρ-

2297 1798 2464 1853 ποῦτο
2493 1800 2593 1869 τὴν
2622 1800 2907 1865 Ἰουδαίαν,
2941 1800 3016 1862 ὡς
3041 1799 3267 1869 ἄπειρόν
3312 1816 3364 1852 τι
3397 1800 3604 1868 πλῆθος
3652 1801 3859 1869 χρημα-

541 831 548 837 ·
631 803 924 866 Antiocho,
961 813 1020 856 ut
1052 811 1177 856 ante
1222 801 1564 871 scripsimus.
1598 801 1675 852 Ac
1712 814 1742 853 e
1773 798 2053 853 Demetrio
2083 795 2195 849 An-

633 895 874 949 tiochum
907 894 1148 965 Grypum
1186 911 1201 947 :
1239 909 1306 947 ex
1344 890 1617 945 Antiocho
1661 889 1970 951 Servatore,
2005 886 2198 940 Deme-

633 986 722 1040 trii
747 987 934 1060 fratre,
952 985 1279 1057 Cyzicenum
1304 983 1631 1037 Antiochum
1655 979 1914 1048 suscepit.
1938 977 2038 1044 Qui
2065 975 2196 1030 dum

631 1079 775 1132 inter
806 1092 924 1133 sese
971 1077 1361 1148 digladiantur,
1406 1076 1689 1145 Hyrcanus
1739 1073 1926 1140 quiete
1977 1069 2192 1132 fruens,
2244 1091 2247 1094 ·

632 1174 866 1236 utroque
893 1174 1230 1235 contempto,
1261 1164 1483 1230 defecit,
1524 1178 1706 1232 neque
1745 1160 2048 1231 quidquam
2082 1173 2198 1212 am-

632 1259 774 1328 plius
805 1258 889 1313 eis
916 1258 1177 1328 pependit
1203 1276 1216 1311 :
1259 1273 1324 1311 ac
1352 1257 1552 1311 Judaeze
1594 1254 1866 1309 fructibus
1890 1269 1987 1322 per
2018 1252 2195 1307 otium

631 1352 903 1419 perceptis
933 1391 946 1414 ,
980 1350 1250 1403 inﬁnitam
1284 1349 1572 1420 pecuniam
1608 1346 1808 1416 coegit.
1849 1345 1987 1402 Cum
2011 1351 2195 1418 autem
2237 1388 2240 1389 ν

631 1443 934 1496 Samariam
978 1457 1075 1512 per
1119 1442 1261 1495 filios
1286 1455 1416 1495 suos
1449 1437 1827 1493 Aristobulum
1869 1446 1928 1492 et
1967 1435 2197 1504 Antigo—

630 1552 760 1589 unm
799 1536 1099 1598 obsideret,
1125 1533 1454 1589 Samaritani
1484 1540 1712 1602 urgente
1739 1530 1902 1593 fame,
1939 1526 2195 1582 Antiochi

628 1626 878 1698 Cyziceni
928 1640 1083 1694 opem
1128 1624 1528 1691 implorarunt,
1569 1623 1664 1692 qui
1718 1635 1842 1676 cum
1883 1619 2197 1674 Aristobulo

631 1731 959 1785 congressus
1011 1715 1270 1769 vincitur.
1325 1713 1535 1767 Deinde
1588 1710 1976 1782 redintegratis
2021 1709 2196 1779 copiis

634 1807 868 1878 Hyrcani
920 1793 1078 1876 agros
1123 1814 1320 1870 vastat,
1382 1815 1442 1857 ut
1476 1821 1538 1859 ea
1590 1807 1805 1858 ratione
1850 1801 2194 1857 obsidionem

633 1899 844 1952 solvere
869 1907 1175 1968 cogeretur.
1217 1897 1321 1952 Sed
1352 1899 1480 1952 dum
1515 1897 1700 1951 multis
1723 1911 1948 1951 suorum
1978 1895 2196 1950 amissis

2298 1909 2406 1946 των
2436 1894 2784 1959 συναγαγεῖν.
2819 1891 3163 1960 Στρατεῦσας
3191 1893 3246 1945 δὲ
3280 1893 3373 1946 καὶ
3403 1894 3495 1946 ἐπὶ
3526 1894 3856 1962 Σαμάρειαν,

631 1989 893 2059 Tripolim
926 1990 1151 2056 recedit,
1181 1989 1466 2060 Hyrcanus
1507 1989 1810 2045 Samariam
1852 1997 2067 2059 captam
2095 2003 2195 2059 pe-

631 2081 780 2134 nitus
832 2080 1001 2134 delct.
1045 2081 1240 2135 Fertur
1286 2092 1492 2145 autem,
1540 2096 1607 2135 eo
1642 2083 1730 2135 die
1773 2097 1882 2151 quo
1928 2083 2037 2134 duo
2077 2081 2197 2150 ejus

632 2171 728 2224 ﬁlii
761 2186 885 2224 cum
919 2170 1187 2225 Antiocho
1220 2183 1550 2241 pugnarunt,
1587 2173 1714 2226 dum
1745 2174 1896 2227 solus
1924 2181 1983 2227 ut
2011 2173 2193 2241 ponti-

632 2264 718 2318 fex
746 2264 800 2317 in
840 2264 1078 2317 sacrario
1116 2262 1348 2328 sufﬁret,
1379 2264 1601 2317 audisse
1644 2280 1857 2326 vocem,
1891 2280 2013 2334 quae
2041 2264 2201 2319 dice-

633 2365 736 2418 ret,
794 2355 1138 2408 Antiochum.
1181 2354 1344 2409 modo
1391 2371 1419 2408 a
1470 2357 1585 2410 suis
1631 2354 1756 2409 ﬁliis
1801 2371 1921 2410 esse
1965 2355 2192 2419 victum,

630 2444 794 2534 idqup
838 2460 1092 2515 egressus
1137 2445 1420 2500 nuntiasse
1482 2446 1684 2515 populo
1729 2463 1740 2498 :
1797 2461 1900 2500 nec
1929 2445 2195 2515 deceptus

626 2546 731 2591 est.
769 2536 881 2592 Sed
918 2537 1060 2590 dum
1108 2537 1389 2608 prosperis
1452 2537 1687 2591 fortuna:
1735 2536 1955 2592 flatibus
1997 2539 2192 2599 utitur,

630 2627 887 2681 invidiam
914 2628 1230 2683 Judzeorum
1254 2628 1496 2698 cﬁ‘ugere
1529 2645 1637 2683 non
1673 2631 1871 2698 potuit,
1906 2629 2195 2683 Pharisaeis

631 2715 864 2770 maxime
917 2716 1169 2778 invisus,
1230 2716 1323 2786 qui
1370 2726 1590 2771 suntex
1643 2719 1821 2772 tribus
1874 2719 2190 2772 Judeeoruut

629 2808 800 2862 sectis
829 2823 844 2860 :
877 2817 932 2860 et
961 2823 1084 2861 cum
1115 2806 1284 2861 fatum
1315 2807 1603 2869 alIirment,
1648 2816 1828 2862 tamen
1859 2809 2103 2877 qumdam
2139 2811 2191 2864 in

630 2907 996 2974 nostrascsse
1064 2908 1354 2968 potestate,
1410 2915 1472 2953 ac
1523 2899 1748 2953 fortuito
1800 2901 2041 2961 evenire,
2094 2913 2196 2955 nec

629 2989 816 3042 omnia
876 2988 993 3042 ﬁeri
1045 2991 1362 3044 necessario
1408 2999 1679 3045 statuunt.
1748 2992 1944 3044 Esseni
2005 3003 2193 3045 contra

633 3077 806 3129 fatum
865 3094 1048 3131 rerum
1093 3081 1336 3133 omnium
1384 3081 1667 3140 dominum
1719 3082 2083 3145 constituunt,
2139 3092 2194 3136 et

645 3166 962 3222 hominibus
993 3171 1173 3222 omnia
1209 3170 1316 3223 fato
1345 3173 1660 3237 contingere
1693 3181 1940 3226 censent.
1975 3172 2191 3226 Saddu-

2298 1983 2606 2054 ἐπολιόρκει
2650 1980 2827 2054 αὐτὴν
2866 1983 2952 2038 διὰ
2984 1984 3092 2036 τῶν
3129 1984 3259 2037 υἱῶν
3298 1985 3464 2038 αὐτοῦ
3512 1986 3856 2056 Ἀριστοσςύ-

2297 2075 2388 2128 λου
2414 2077 2507 2128 καὶ
2535 2075 2864 2146 Ἀντιγόνου.
2893 2075 3070 2146 Λιμοῦ
3091 2076 3146 2128 δὲ
3172 2076 3272 2147 τὴν
3308 2075 3461 2128 πόλιν
3484 2075 3784 2141 πιέζοντος,
3812 2077 3853 2128 οἱ

2298 2168 2570 2240 Σαμαρεῖς
2603 2169 2681 2232 είς
2714 2169 3033 2239 συμμαχίαν
3068 2167 3506 2238 μετεκαλέσαντο
3537 2167 3628 2220 τὸν
3652 2168 3850 2220 ’Δντίοο

2297 2278 2390 2330 χον
2417 2261 2507 2313 τὸν
2540 2259 2874 2330 Κυζικηνὸν,
2904 2261 2962 2324 ὃς
2991 2264 3100 2324 τοῖς
3125 2261 3252 2330 περὶ
3280 2259 3692 2330 Ἀριστόδουλον
3728 2278 3853 2325 συμ-

2298 2352 2476 2406 ϐαλὼν
2504 2353 2751 2421 ἡττᾶται.
2809 2346 2922 2404 Εἶτ’
2982 2348 3140 2412 αὖθις
3195 2351 3452 2414 συλλέξας
3513 2351 3738 2418 πλῆθος,
3770 2350 3855 2419 τὴν

2298 2445 2480 2514 χώραν
2510 2442 2848 2512 έπόρθειτοῦ
2889 2442 3181 2513 Ὑρκανοῦ,
3239 2443 3304 2494 ἶν’
3350 2441 3522 2505 οὕτως
3577 2443 3855 2512 ἀναγκάσῃ

2297 2537 2460 2590 αὑτὸν
2512 2537 2668 2590 λῦσαι
2725 2538 2821 2606 τὴν
2862 2535 3198 2607 πολιορκίαν.
3251 2535 3482 2597 Πολλοὺς
3539 2534 3593 2587 δὲ
3627 2536 3734 2586 τῶν
3767 2538 3853 2586 σὺν

2297 2630 2444 2700 αὐτῷ
2500 2629 3110 2699 άποὸάλ).ων,’ἀπξρεν
3142 2629 3220 2692 είς
3271 2626 3549 2698 Τρίπολιν.
3599 2627 3854 2696 Ὑρκανὸς

2295 2721 2372 2784 δὲ,
2403 2721 2498 2789 τὴν
2523 2721 2838 2790 Σαμάρειαν
2871 2719 3027 2782 ἑλὼν,
3059 2721 3236 2772 πᾶσαν
3263 2719 3516 2787 ἠφάνισε.
3547 2717 3775 2782 Λέγεται
3805 2717 3854 2767 δὲ

2297 2813 2417 2864 καθ’
2445 2812 2511 2882 ἣν
2540 2812 2753 2880 ἡμέραν
2771 2807 2822 2862 οἱ
2856 2812 2962 2862 υἱοὶ
2987 2811 3150 2863 αὑτοῦ
3174 2810 3249 2880 τῷ
3275 2811 3535 2878 Ἀντιόχῳ
3570 2811 3850 2879 ἐμάχοντο,

2297 2903 2456 2966 αὐτὸς
2505 2903 2579 2965 ὡς
2644 2903 2934 2973 ἀρχιερεὺς
3004 2904 3161 2971 μόνος
3214 2905 3272 2954 ὲν
3335 2901 3411 2970 τῷ
3461 2901 3574 2969 ναῷ
3630 2899 3849 2969 θυμιῶν,

2296 2993 2524 3048 ἀκοῦσαι
2562 2993 2767 3063 φωνῆς,
2800 2994 2873 3056 ὡς
2898 2997 2944 3046 οἱ
2975 2996 3165 3059 παῖδες
3191 2993 3359 3047 αὑτοῦ
3389 2995 3514 3064 ἄρτι
3542 2997 3851 3063 νενικήκασι

2294 3089 2383 3140 τὸν
2417 3087 2687 3156 Ἀντίοχον
2710 3104 2724 3117 ο
2758 3089 2851 3140 καὶ
2883 3086 3115 3150 ἐξελθὼν
3138 3087 3441 3158 ἀπήγγειλε
3469 3089 3547 3158 τῷ
3580 3087 3772 3156 πλήθει
3799 3086 3852 3139 τὸ

2296 3181 2580 3234 ἀκουσθέν.
2612 3181 2720 3232 Καὶ
2743 3182 2969 3248 γέγονεν
3000 3179 3191 3244 οὕτως.
3242 3182 3615 3252 Εὑπραγήσας
3639 3182 3695 3235 δὲ
3736 3181 3850 3250 ’Υρο

634 3262 731 3316 (ιαξί
771 3261 879 3315 fato
927 3263 1232 3332 repudiato,
1269 3265 1432 3332 218
1475 3277 1673 3319 nostra:
1714 3265 1983 3318 voluntati
2020 3266 2191 3319 ascri-

2301 3273 2490 3331 κανὸς,
2523 3271 2797 3339 ἐφθονήθη
2847 3275 2996 3342 παρὰ
3042 3272 3150 3324 τῶν
3183 3249 3505 3337 Ἰουδαίων,-
3537 3274 3774 3341 μάλιστα
3804 3249 3848 3325 δ’

634 3351 775 3405 bunt
806 3354 1009 3416 omnia,
1047 3364 1102 3407 ct
1133 3369 1328 3407 causas
1374 3355 1643 3408 bonorum
1679 3369 1707 3406 a
1732 3354 1891 3408 nobis
1927 3356 2189 3422 pendere,

634 3452 691 3496 et
729 3460 828 3498 nos
871 3447 1176 3500 temeritate
1209 3455 1395 3501 nostra
1431 3447 1577 3500 ultro
1613 3447 1870 3522 amplecti
1915 3446 2192 3500 deteriora

634 3533 965 3588 existimant.
1011 3536 1267 3590 Pharismi
1312 3553 1499 3607 porro,
1546 3554 1780 3608 quorum
1819 3555 2010 3608 magna
2071 3548 2190 3592 erat

636 3625 780 3692 apud
813 3626 1074 3693 populum
1100 3629 1416 3690 auctoritas,
1441 3643 1564 3680 cum
1590 3628 1800 3695 pridem
1828 3628 1986 3681 amici
2013 3637 2196 3682 essent

552 3744 554 3746 τ
638 3713 931 3785 Hyrcano,
990 3716 1194 3784 quippe
1260 3731 1422 3784 quem
1485 3719 1815 3786 discipulum
1866 3719 2194 3784 habuerant,

636 3816 760 3880 post
809 3809 994 3862 nescio
1044 3823 1150 3876 qua
1196 3807 1264 3861 de
1315 3823 1477 3863 causa
1523 3818 1639 3862 orta
1688 3811 1984 3874 simultate,
2031 3811 2100 3864 ab
2133 3811 2199 3864 iis

637 3898 882 3961 avulsus,
908 3898 962 3950 in
1000 3897 1425 3954 Sadduczeorum
1456 3899 1780 3953 sententiam
1812 3900 2107 3962 concessit,
2133 3914 2196 3953 ac

637 3988 778 4041 ritus
807 3989 874 4042 ab
909 3988 1017 4041 illis
1053 3987 1285 4041 traditos
1330 3985 1546 4042 abolere
1599 3987 1856 4041 instituit.
1886 3989 2022 4043 Nam
2057 3987 2197 4043 Sad-
2245 4020 2247 4022 -

638 4078 811 4133 duczei
852 4095 916 4134 ea
964 4096 1062 4150 pro
1093 4080 1307 4150 legibus
1355 4079 1605 4132 habenda
1655 4078 2030 4143 afﬁrmabant,
2077 4096 2196 4149 quae

641 4169 698 4222 in
729 4170 932 4237 scripta
960 4171 1126 4224 relata
1154 4181 1337 4225 essent
1367 4189 1381 4224 :
1413 4186 1533 4239 qua:
1551 4185 1677 4223 vero
1703 4170 1858 4238 quasi
1886 4184 1982 4236 per
2006 4185 2198 4222 manus

501 4243 506 4246 ⁷
588 4273 592 4275 ·
642 4260 1016 4325 traderentur,
1063 4276 1125 4313 ea
1176 4277 1282 4314 non
1317 4261 1657 4315 observanda
1690 4277 1830 4315 esse.
1879 4261 1946 4314 Et
1997 4260 2099 4314 hac
2134 4261 2201 4314 de

643 4369 810 4408 causa
839 4354 1144 4419 ,Pharismis
1188 4352 1402 4406 invisus
1431 4353 1533 4406 luit
1580 4369 1594 4405 :
1649 4355 1742 4431 qui
1787 4352 1947 4406 annis
1990 4368 2098 4406 uno
2147 4359 2203 4406 ct

651 4446 871 4513 triginta
905 4444 1138 4499 feliciter
1178 4445 1386 4499 exactis
1415 4445 1574 4498 obiit.
1609 4443 1750 4498 ﬁlios
1779 4454 1908 4498 natu
1939 4445 2203 4498 maximos

648 4535 940 4603 imperium
973 4537 1273 4592 amissuros
1299 4552 1441 4590 esse.

2296 3361 2534 3428 ἐμισεῖτο
2564 3361 2714 3430 παρὰ
2737 3362 2844 3413 τῶν
2895 3363 3242 3432 Φαρισαίων·
3271 3366 3320 3417 οἱ
3371 3365 3416 3417 δ’
3450 3365 3558 3417 εἰσὶ
3616 3367 3718 3433 μία
3754 3364 3851 3416 τῶν

2298 3453 2446 3522 παρὰ
2473 3453 2748 3517 Ἰουδαίοις
2788 3454 3081 3524 αἱρέσεων,
3121 3457 3287 3525 τριῶν
3333 3456 3533 3511 οὐσῶν.
3568 3451 3731 3511 Οὗτοι
3761 3457 3849 3526 μὲν

2295 3542 2387 3596 οῦν
2419 3543 2467 3594 οἱ
2492 3543 2775 3612 Φαρισαῖοι
2807 3545 3154 3614 εἱμαρμένην
3184 3543 3491 3610 δοξάζουσι,
3520 3546 3644 3597 τινὰ
3669 3546 3725 3597 δὲ
3763 3544 3850 3595 καὶ

2297 3635 2383 3702 ἐφ’
2404 3636 2535 3703 ἡμῖν
2564 3629 2725 3698 εἶναι,
2765 3635 3086 3706 συμϐαίνειν
3123 3653 3179 3688 τε
3209 3636 3300 3688 καὶ
3330 3636 3404 3706 μὴ
3429 3635 3704 3702 γίνεσθαι.
3737 3636 3851 3687 Ἐσ-

2300 3726 2450 3791 σηνοὶ
2476 3725 2532 3776 δὲ
2563 3727 2782 3778 πάντων
2815 3727 3012 3799 κυρίαν
3044 3727 3141 3797 τὴν
3171 3727 3516 3797 εἱμαρμένην
3545 3726 3850 3794 νομίζουσιν

2299 3811 2462 3881 εἶναι,
2491 3819 2586 3869 καὶ
2645 3817 2821 3870 πάντα
2853 3820 2964 3879 τοῖς
3016 3818 3326 3887 ἀνθρώποις
3372 3819 3432 3884 ἐξ
3475 3805 3691 3886 ἐκείνης
3724 3833 3846 3883 συμ-

2299 3907 2528 3961 ϐαίνειν.
2568 3908 2920 3962 Σαδδουκαῖοι
2941 3909 2998 3962 δὲ
3025 3908 3124 3978 τὴν
3157 3908 3256 3979 μὲν
3282 3909 3633 3979 εἱμαρμένην
3663 3906 3850 3960 ἐκϐάλ-

2295 3996 2469 4060 λουσι,
2507 4000 2684 4051 πάντα
2709 3999 2763 4050 δὲ
2793 3998 2878 4068 ἐφ’
2910 4001 3044 4066 ἡμῖν
3076 3999 3335 4064 τίθενται,
3371 4002 3466 4054 καὶ
3492 3999 3603 4052 τῶν
3643 3996 3848 4066 ἀγαθῶν

2298 4089 2442 4155 ἡμᾶς
2463 4088 2671 4149 ἑαυτοῖς
2701 4089 2904 4148 αἰτίους
2927 4083 3067 4142 εἶναι
3089 4091 3451 4152 διδάσκοντες,
3481 4091 3575 4144 καὶ
3603 4091 3672 4142 τὰ
3690 4092 3850 4159 χείρω

2299 4178 2365 4231 δι’
2399 4177 2654 4230 ἀϐουλίαν
2683 4179 2776 4245 ἀφ’
2806 4177 3012 4231 ἑαυτῶν
3037 4181 3332 4250 αἱρεῖσθαι.
3362 4181 3484 4234 Τῶν
3517 4180 3651 4249 γοῦν
3691 4182 3846 4249 Φαρι-

2303 4269 2468 4319 σαίων
2510 4272 2774 4340 πρότερον
2832 4270 3025 4338 φιλίως
3081 4272 3317 4341 ἐχόντων
3372 4272 3509 4341 πρὸς
3573 4269 3846 4341 Ὑρκανὸν,

2305 4356 2573 4425 (μαθητὴς
2616 4360 2722 4427 γὰρ
2790 4360 2971 4413 αὐτῶν
3020 4361 3287 4431 ἐγεγόνει)
3335 4363 3537 4432 συνέϐη
3567 4363 3625 4428 ἐξ
3678 4360 3845 4419 αἰτίας

2302 4449 2442 4510 τινὸς
2474 4448 2673 4518 ἔχθραν
2709 4451 3014 4519 κτήσασθαι
3069 4453 3205 4522 πρὸς
3245 4454 3433 4507 αὐτόν.
3474 4455 3775 4507 Ἦδύναντο
3796 4451 3846 4502 δέ

2303 4534 2446 4592 οῦτοι
2482 4542 2630 4611 παρά
2657 4541 2732 4608 τῷ
2759 4543 2954 4611 πλήθει
2982 4545 3206 4614 σφόδρα.
3241 4544 3506 4615 Ὑρκανὸς
3554 4545 3612 4598 δὲ
3645 4547 3712 4613 τῇ
3750 4541 3847 4594 τῶν

651 4627 1020 4680 Σαδδουκαίων
1101 4628 1414 4697 προσετίθει
1465 4628 1650 4699 μοίρᾳ,
1708 4627 1820 4680 τῶν
1888 4629 2195 4697 Φαρισαίων
2233 4632 2590 4700 ἀπορραγεὶς,
2666 4634 2868 4686 καὶτὰ
2927 4636 3227 4689 ὑπἀὺτῶν
3254 4637 3631 4709 παραδοθέντα
3653 4639 3845 4707 νόμιμα

652 4727 954 4778 καταλῦσαι
987 4725 1265 4796 προέθετο.
1291 4727 1352 4778 Οἱ
1376 4726 1722 4779 Σαδδουκαῖοι
1747 4727 1854 4798 γὰρ
1880 4728 2059 4778 ἐκεῖνα
2091 4726 2200 4777 δεῖν
2237 4727 2494 4795 ἡγεῖσθαι
2552 4727 2756 4798 νόμιμα
2788 4731 2995 4798 ελεγον,
3054 4732 3120 4785 τὰ
3164 4735 3527 4804 γεγραμμένα
3550 4749 3563 4763 ⁸
3590 4737 3660 4790 τά
3693 4735 3748 4789 δὲ
3790 4734 3844 4785 ἐκ

653 4817 998 4884 παραδόσεως
1040 4817 1113 4886 μὴ
1145 4821 1350 4885 τηρεῖν.
1381 4818 1478 4870 Διά
1523 4817 1691 4870 ταῦτα
1741 4818 2008 4888 μεμίσητο
2048 4818 2196 4888 παρὰ
2230 4818 2335 4869 τῶν
2400 4818 2708 4886 Φαρισαίων
2735 4820 2763 4870 ὁ
2836 4821 3120 4890 Ὑρκανός.
3171 4821 3383 4885 Βιώσας
3407 4823 3462 4875 δὲ
3493 4824 3730 4894 εὐτυχῶς
3758 4827 3840 4876 ἐπὶ

654 4907 750 4982 ιτη
776 4909 1060 4990 τριάκοντα
1082 4910 1211 4989 πρὸ,
1241 4910 1341 4974 ἑνὶ,
1369 4911 1725 4980 ἐτελεύτησεν
1750 4910 1834 4978 ἐφ’
1856 4913 1990 4973 υίοῖς
2020 4912 2203 4964 πέντε.
2238 4913 2470 4978 Λέγεται
2500 4911 2556 4990 δὲ
2609 4911 2699 4963 καὶ
2739 4911 3068 4980 προφητείας
3098 4911 3414 4982 ἀξιωθῆναι,
3447 4915 3541 4966 καὶ
3577 4915 3844 4984 προειπεῖν

655 5006 787 5074 περὶ
813 5005 919 5057 τῶν
947 5005 1037 5057 δύο
1055 5005 1214 5057 αὑτιῦ
1245 5004 1445 5058 παίδων
1472 5007 1578 5060 τῶν
1610 5005 2017 5078 πρεσϐυτέρων,
2043 5005 2114 5068 ὼς
2145 5007 2206 5058 οὑ
2243 5005 2464 5076 μενοῦσι
2496 5005 2602 5057 τῶν
2631 5010 2972 5075 πραγμάτων
3007 5007 3207 5074 κύριοι.

729 5098 816 5152 lll.
882 5097 1126 5167 Hyrcano
1183 5097 1484 5161 defuncto,
1536 5101 1905 5169 principatum
1967 5102 2199 5168 suscepit

2380 5098 2452 5148 Γ’.
2491 5099 2919 5166 Τελευτήσαντος
2973 5099 3027 5151 δὲ
3104 5100 3402 5170 Ὑρκανοῦ,
3455 5099 3844 5168 Ἀριστόϐουλος

660 5176 1045 5247 Aristobulus:
1087 5205 1249 5260 quem
1285 5205 1409 5243 cum
1444 5191 1498 5242 in
1535 5206 1758 5260 regnum
1789 5199 2126 5246 commutare
2155 5191 2199 5244 ei

2303 5189 2399 5260 τὴν
2438 5191 2607 5260 ἀρχὴν
2644 5191 2933 5256 διεδέξατο,
2971 5193 3064 5244 καὶ
3113 5195 3192 5254 εἰς
3240 5191 3514 5260 βασιλείαν
3549 5193 3842 5262 μεταθεῖναι

662 5281 970 5354 placuisset,
1003 5274 1249 5338 diadema
1292 5281 1529 5351 sumpsit
1581 5297 1870 5337 ccccrxxxr
1904 5285 2059 5336 annis
2087 5291 2199 5350 post

2303 5279 2504 5349 ταύτην
2553 5281 2706 5348 δόξαν
2757 5281 2938 5350 αὐτῷ,
2996 5282 3231 5350 διάδημα
3303 5283 3661 5353 περιτίθεται,
3723 5285 3845 5353 μετὰ

662 5387 822 5441 quam
857 5374 1091 5441 populus
1123 5375 1391 5444 Babylone
1423 5371 1793 5441 Hierosolyma
1826 5372 2065 5426 redierat
2099 5388 2112 5423 :
2147 5386 2199 5425 ac

2306 5375 2628 5442 τετρακόσια
2659 5374 2751 5443 ἐτη
2786 5375 2881 5425 καὶ
2917 5372 3240 5441 ὀγδοήκοντα
3289 5375 3424 5445 πρὸς
3456 5375 3554 5438 ένὶ,
3586 5376 3763 5440 ὲξότου
3787 5376 3844 5425 ὲκ

662 5473 887 5516 caeteros
935 5461 1129 5517 fratres
1173 5476 1226 5518 et
1269 5474 1497 5518 matrem
1528 5463 1595 5516 de
1628 5464 1939 5532 principatu
1975 5474 2199 5518 conten-

2317 5465 2628 5528 Βαϐυλῶνος
2654 5469 2680 5518 ὁ
2707 5467 2828 5527 λαὸς
2854 5467 2928 5526 είς
2964 5464 3315 5537 Ἰερουσαλὴμ
3339 5466 3660 5536 ἐπανῆλθεν.
3694 5464 3844 5522 Οὗτος

667 5553 906 5618 dentem,
963 5555 1016 5609 in
1065 5555 1277 5609 vincula
1327 5558 1585 5625 coniecit,
1635 5555 1960 5624 Antigonum
2025 5564 2199 5608 autem

2313 5557 2437 5620 τοὺς
2472 5558 2570 5627 μὲν
2603 5558 2792 5618 ἄλλους
2816 5556 2922 5609 τῶν
2949 5555 3210 5624 ἀδελφῶν,
3245 5560 3338 5611 καὶ
3361 5559 3459 5628 τὴν
3496 5557 3706 5627 μητέρα
3734 5553 3846 5622 περὶ

668 5654 821 5696 aetate
849 5646 950 5699 sibi
982 5646 1285 5716 proximum
1308 5647 1515 5711 dilexit,
1549 5649 1661 5716 pari
1699 5648 1904 5701 honore
1933 5646 2199 5714 dignatus.

2315 5649 2409 5718 τῆς
2431 5651 2604 5720 ἀρχῆς
2633 5649 2781 5720 αὺτῷ
2805 5648 3186 5717 διενεχθεῖσαν,
3211 5650 3460 5720 καθεῖρξε
3485 5664 3503 5683 ο
3535 5648 3628 5701 τὸν
3653 5648 3705 5702 δὲ
3740 5644 3842 5716 μετ’

673 5728 906 5786 Tandem
933 5747 1150 5792 matrem
1181 5737 1322 5792 fame
1351 5737 1584 5792 necavit.
1617 5737 1832 5809 Adjecit
1863 5745 1918 5790 et
1950 5736 2199 5806 Antigoni

2317 5741 2474 5795 αὑτὸν
2500 5742 2804 5810 Ἀντίγονον
2831 5739 3042 5808 ἠγάπα,
3071 5740 3167 5793 καὶ
3198 5738 3309 5794 τῶν
3333 5739 3720 5812 ὁμοίωνὲιξίου.
3747 5737 3846 5804 Τὴν

672 5819 894 5888 adea,
935 5829 1211 5887 calumniis
1251 5828 1536 5902 impulsus.
1564 5828 1700 5886 Nam
1725 5845 1853 5886 cum
1879 5831 1998 5904 bis,
2035 5845 2199 5901 κενο-

2320 5833 2418 5902 μὲν
2447 5832 2536 5890 οῦν
2570 5835 2784 5906 μητέρα
2826 5832 2968 5904 λιμῷ
3002 5831 3295 5905 διέφθειρε.
3328 5833 3631 5905 Προσέθετο
3663 5831 3717 5885 δὲ
3763 5826 3840 5881 καὶ
