3988 6328
109 485 190 551 ιοι
576 522 577 525 η
737 480 748 490 ’
1316 480 1634 541 ANNALII

1764 482 1906 543 LIB.
1946 484 2019 545 ν.

3175 482 3283 546 402

103 595 219 656 δἐίς
241 589 430 661 ἔρυμα,
464 586 794 657 καλούμενον
822 583 1214 657 Ἀλεξάνδρων,
1240 588 1458 641 ἐκέλευε
1484 588 1619 658 πρὸς

1738 588 1985 650 .raderet.
2011 598 2067 645 et
2098 589 2449 645 castellorum
2480 590 2807 658 prmsidibus
2831 605 2927 645 sua
2965 606 3125 644 manu
3151 594 3286 647 scri-

100 684 232 739 αὐτὸν
248 684 417 752 ήκειν.
454 682 511 735 Ὀ
540 681 595 734 δὲ
616 680 723 733 τῶν
749 680 917 749 φίλων
940 679 1015 749 μὴ
1045 681 1301 749 πολεμεῖν
1338 681 1625 750 Ῥωμαίοις

100 776 375 844 ἀξιούντων,
410 774 663 827 κάτειπ’
717 772 811 825 καὶ
856 772 1426 842 δικαιολογησάμενος,
1466 772 1627 825 πάλιν

96 871 197 922 ὅθεν
220 863 346 938 ἧκεν
378 865 710 935 ὑπέστρεψε.
750 863 1080 927 Κελεύοντος
1109 865 1164 916 δὲ
1200 865 1486 934 Πομπηΐου
1518 881 1625 916 πα·-

98 958 337 1025 ραδιδόναι
380 956 448 1009 τά
498 954 767 1025 ἐρύματα,
800 955 894 1006 καὶ
943 954 1278 1024 αύτοχείρως
1324 955 1628 1007 ἐπιστεῖλαι

94 1050 186 1110 τοῖς
252 1048 603 1119 φρουράρχοις
662 1036 949 1115 (ἀπείρητο
1022 1048 1132 1116 γάρ
1190 1045 1399 1097 τούτων
1454 1044 1629 1107 άλλως

96 1139 442 1205 ἀφίστασθαι),
475 1137 719 1190 πείθεται
744 1137 861 1204 μὲν,
888 1136 1303 1205 δυσανασχετῶν
1340 1135 1396 1188 δὲ
1425 1134 1628 1204 ἀνεχώ-

97 1246 237 1299 ρησεν
282 1230 357 1288 εἰς
416 1228 789 1297 Ἱεροσόλυμα,
834 1227 927 1280 καὶ
975 1228 1234 1296 πολεμεῖν
1281 1226 1626 1295 ἡτοιμάζετο.

98 1318 331 1387 Πομπηίῳ
369 1317 423 1370 δὲ
461 1316 810 1386 στρατεύοντι
870 1317 957 1367 ἐπ’
1008 1315 1170 1368 αὐτὸν
1207 1317 1238 1385 ἡ
1295 1315 1628 1385 Μιθριδάτου

98 1411 336 1478 μεμήνυτο
377 1408 627 1477 τελευτὴ,
662 1409 724 1459 ἐκ
769 1395 1053 1476 Φαρνάκου
1098 1406 1192 1458 τοῦ
1229 1406 1422 1468 παιδὸς
1466 1404 1630 1459 αὑτοῦ

97 1500 360 1569 ϊενομένη.
390 1499 527 1567 Περὶ
566 1496 898 1569 Ἱεριχοῦντα
942 1496 997 1548 δὲ
1026 1497 1293 1563 γεγονότι,
1325 1490 1387 1550 οὗ
1413 1497 1472 1548 τὸ
1504 1497 1633 1547 ὁπο-

96 1588 336 1658 ιάλσαμον
368 1590 649 1658 τρέφεται,
676 1588 782 1641 τῶν
813 1586 1001 1657 μύρων
1032 1588 1091 1639 τὸ
1111 1588 1432 1656 ἀκρότατον,
1468 1585 1495 1638 ὃ
1523 1586 1631 1638 τῶν

96 1680 282 1747 ίάμνων
334 1678 685 1747 τεμνομένων
737 1677 849 1741 ὀξεῖ
922 1677 1054 1746 λίθῳ
1106 1677 1389 1729 ἀναπιδύει
1444 1676 1629 1744 ὥσπερ

1727 680 1885 735 heret
1915 680 2137 750 (alioqui
2170 681 2315 735 enim
2362 681 2430 734 iis
2472 681 2669 736 cedere
2706 697 2815 735 non
2848 682 3094 748 licebat),
3136 693 3289 751 pare:

1728 772 1818 826 ille
1846 773 2090 841 quidem,
2140 772 2233 826 sed
2269 772 2718 843 indignabundus
2754 772 3126 843 Hierosolyma
3166 789 3295 840 pro-

1726 862 1919 925 fectus.
1958 864 2024 917 ad
2071 863 2273 917 bellum
2309 879 2368 917 se
2404 873 2577 932 parat.
2621 864 2882 933 Pompeio
2924 876 3111 918 contra
3142 863 3292 918 illum

1728 953 1972 1017 ducenti,
2007 954 2306 1024 Mithridati
2338 955 2516 1009 caedes
2550 971 2579 1008 a
2618 956 2729 1009 ﬁlio
2772 956 3055 1009 Pharnace
3082 962 3295 1023 patrata

1728 1046 2012 1101 nuntiatur
2040 1066 2051 1099 :
2081 1056 2136 1100 et
2169 1048 2235 1101 ad
2269 1048 2629 1102 Hiericbunta
2657 1063 2969 1117 progresso,
3016 1045 3109 1100 ubi
3158 1061 3298 1115 opo-

1730 1136 2030 1191 balsamum
2057 1137 2316 1200 nascitur,
2336 1147 2740 1207 unguentorum
2769 1137 3299 1206 pnestantissimum,

1730 1228 1877 1297 quod
1912 1228 2205 1284 fruticibus
2258 1237 2421 1283 acuto
2468 1230 2652 1299 lapide
2705 1231 2912 1294 incisis,
2952 1230 3115 1283 instar
3148 1228 3300 1283 succi

1729 1318 1983 1378 exsudat,
2004 1318 2359 1373 Aristobulus
2380 1320 2646 1380 occurrit,
2673 1320 3075 1389 supplicans.ut
3096 1317 3300 1370 bellum

1731 1408 1987 1463 omittat:
2025 1424 2085 1463 se
2111 1410 2397 1477 pecuniam
2426 1411 2475 1464 ei
2508 1411 2789 1474 daturum,
2834 1420 2889 1463 et
2915 1408 3304 1478 Hierosolymis

1735 1510 2082 1569 recepturum
2108 1516 2227 1555 esse
2254 1501 2538 1569 pollicens,
2567 1501 2788 1569 quidvis
2807 1501 3001 1570 agendi
3034 1508 3304 1569 potestate

1732 1592 2021 1659 permissa.
2053 1592 2145 1646 Ille
2176 1592 2299 1645 data
2333 1592 2512 1655 venia,
2543 1592 2706 1663 224
2729 1592 3017 1646 Gabinium
3043 1591 3106 1644 ad
3137 1606 3305 1659 pecu-

1732 1682 1875 1733 niam
1906 1692 1963 1735 et
1992 1683 2184 1735 urbem
2215 1682 2593 1751 accipiendam
2624 1684 2811 1736 mittit.
2835 1682 2976 1749 Quo,
3002 1682 3301 1736 Aristobuli

94 1774 218 1834 όπδς,
248 1769 522 1841 πρόσεισιν
554 1769 583 1821 6
614 1768 1024 1837 Ἀριστόϐουλος
1059 1768 1237 1837 αὐτῷ,
1266 1768 1361 1822 καὶ
1414 1768 1626 1819 ἱκέτευε

1738 1770 1999 1823 militibus
2053 1780 2207 1838 pacta
2259 1771 2448 1840 perlici
2508 1771 2946 1841 prohibentibus,
2996 1787 3055 1823 re
3106 1769 3303 1823 inlecta

97 1862 377 1916 παύεασθαι
407 1860 503 1914 τοῦ
531 1860 791 1930 πολέμου,
821 1861 1083 1929 χρήματά
1113 1878 1170 1911 τε
1194 1859 1390 1923 διδοὺς,
1424 1859 1519 1911 καὶ
1552 1860 1632 1920 εἰς

1738 1876 1977 1922 reverso,
2007 1862 2121 1929 ipse
2152 1846 2449 1930 Pompeius
2489 1862 2808 1916 Aristobulo
2839 1862 2892 1915 in
2921 1862 3139 1915 vincula
3170 1876 3305 1915 con-

94 1955 146 2005 τὰ
177 1953 517 2022 Ἰεροσόλυμα
553 1952 714 2005 αὐτὸν
747 1951 1148 2021 εἰσδεχόμενος,
1184 1949 1325 2002 ὥστε
1372 1950 1634 2018 πράττειν

1738 1950 1897 2018 iccto,
1935 1950 2001 2003 ad
2035 1950 2311 2005 civitatem
2350 1951 2502 2005 venit
2542 1966 2653 2004 non
2695 1951 3149 2012 consentientem,
3183 1949 3307 2002 aliis

90 2046 114 2095 ὅ
138 2045 386 2113 βούλεται.
426 2045 486 2097 '0
511 2045 589 2110 δὲ,
616 2044 880 2112 συγγνοὺς
911 2042 1087 2110 αὐτῷ,
1131 2042 1344 2111 πέμπει
1373 2040 1634 2108 Γαϐήνιον

1739 2041 2057 2109 Pompeium
2122 2042 2447 2111 recepturis,
2512 2044 2811 2097 Aristobuli
2872 2057 3003 2097 vero
3044 2040 3305 2095 factione

92 2136 167 2186 ἐπὶ
184 2135 246 2186 τὰ
273 2134 529 2204 χρήματα
559 2133 652 2186 καὶ
678 2134 777 2203 τὴν
805 2133 979 2186 πόλιν.
1005 2132 1126 2184 Τῶν
1146 2131 1201 2183 δὲ
1228 2128 1634 2200 Ἀριστοϐούλου

1738 2136 2076 2189 contrarium
2130 2146 2411 2201 censente,
2462 2153 2583 2206 quae
2640 2139 2844 2206 templo
2891 2144 3179 2205 occupato,
3235 2134 3303 2187 ad

93 2226 416 2294 σρτατιωτῶν
470 2226 570 2277 οὐκ
611 2224 827 2276 ἐώντων
881 2224 981 2286 τάς
1033 2224 1303 2291 συνθήκας
1350 2220 1634 2289 πληρωθῆ-

1738 2226 2075 2280 tolerandam
2141 2228 2482 2281 obsidionem
2525 2243 2584 2281 se
2632 2229 2876 2297 parabat.
2920 2228 3065 2283 Urbe
3118 2234 3303 2281 autem

92 2336 181 2380 ναι,
206 2318 479 2387 ἄπρακτος
538 2316 853 2387 ἐπανῆλθεν
881 2317 909 2368 6
948 2316 1244 2386 Γαϐήνιοςο
1287 2314 1413 2382 ἥκει
1444 2313 1499 2364 δὲ
1544 2313 1636 2364 ἐπὶ

91 2408 172 2473 τὴν
225 2409 389 2477 πύλην
436 2408 737 2479 Πομπήϊος,
792 2407 1085 2477 καθείρξας
1144 2407 1235 2459 τὸν
1283 2405 1633 2476 Ἀριστόϐου-

94 2498 184 2549 los.
221 2500 279 2550 Ol
316 2498 360 2550 δ’
389 2498 537 2550 ἔνδον
577 2501 674 2567 οὐχ
718 2481 1013 2569 ὡμονόουν.
1044 2498 1169 2559 Τοῖς
1232 2498 1330 2566 μὲν
1362 2497 1471 2565 γὰρ
1525 2494 1638 2546 ἐδό-

94 2606 164 2641 κει
214 2589 457 2660 δέχεσθαι
520 2591 611 2643 τὸν
672 2591 973 2660 Πομπήϊον,
1013 2592 1123 2651 τοῖς
1186 2588 1230 2642 δ⁴
1289 2586 1634 2658 Ἀριστοϐού-

94 2680 171 2731 λου
234 2681 579 2747 τούναντίον,
646 2680 721 2747 οἳ,
766 2680 863 2735 καὶ
915 2680 975 2733 τδ
1030 2680 1174 2751 ἱερὸν
1222 2679 1635 2749 κατειληφότες,

95 2773 161 2833 εἰς
198 2773 506 2842 πολιορκίαν
562 2773 1055 2842 παρεσκευάζοντο.
1119 2773 1182 2823 Ol
1236 2771 1278 2823 δ’
1334 2770 1480 2823 ἄλλοι
1534 2768 1635 2839 τὴν

96 2865 229 2917 πόλιν
256 2865 623 2937 ἐγχειρίζουσι
655 2865 948 2936 Πομπηΐῳ,
972 2864 1065 2917 καὶ
1086 2863 1153 2916 τά
1192 2861 1456 2933 βασίλεια.
1492 2862 1552 2911 Ὀ
1578 2860 1635 2913 δὲ

96 2956 225 3019 ἐντὸς
280 2956 1286 3026 στρατοπεδευσάμενος,οὲπολιόρκει
1352 2954 1409 3005 τὸ
1468 2952 1632 3021 ἱερόν.

102 3048 323 3111 Ἀλόντος
368 3048 426 3100 δὲ
475 3048 600 3118 περὶ
649 3049 834 3116 τρίτον
878 3048 1043 3116 μῆνα,
1075 3046 1537 3114 ὲπεισφρήσαντες
1584 3045 1635 3096 οἱ

96 3139 335 3205 ποὶέμιοι,
360 3138 598 3208 ἔσφαζον
629 3140 754 3201 τοὺς
780 3139 842 3190 ὲν
871 3136 1040 3206 αὐτῷ.
1083 3136 1147 3188 Ol
1180 3137 1236 3187 δὲ
1280 3136 1433 3188 οὐδὲν
1473 3130 1634 3205 ἦττον

95 3225 214 3298 ἦσαν
246 3228 657 3299 ἱερουργοῦντες
711 3230 805 3281 καὶ
850 3227 1089 3289 θύοντες,
1137 3226 1296 3294 φόνου
1346 3225 1403 3277 δὲ
1460 3226 1635 3277 πάντα

99 3324 406 3389 μεμίστωτο.
431 3322 495 3374 Ol
525 3321 622 3391 μὲν
641 3320 747 3391 γὰρ
773 3321 880 3373 τῶν
898 3320 1165 3374 Ἰουδαίων
1190 3319 1294 3370 ὑπὸ
1324 3317 1631 3387 Ῥωμαίων,

94 3415 136 3465 οἱ
166 3414 204 3465 δ’
233 3413 321 3467 ὑπ’
352 3397 599 3483 ἀλλήλων
636 3413 990 3480 ἐσφάττοντο,
1022 3411 1053 3480 ἢ
1088 3412 1182 3463 καὶ
1217 3409 1443 3470 ἑαυτοὺς
1473 3426 1633 3460 κατε-

96 3505 391 3573 κρήμνιζον.
428 3504 686 3574 Παρῆλθε
739 3503 796 3556 δὲ
840 3506 921 3564 εἰς
956 3503 1018 3555 τὺ
1060 3501 1209 3564 ὲντδς
1251 3499 1343 3568 τρῦ
1396 3499 1525 3551 ναοῦ
1573 3498 1633 3550 τὸ

96 3598 267 3648 ἄϐατον
295 3597 322 3648 6
368 3596 672 3665 Πομπήϊος,
702 3596 795 3647 καὶ
832 3593 941 3644 τῶν
970 3594 1097 3662 περὶ
1131 3591 1291 3642 αὐτόν
1335 3604 1502 3650 τινες,
1536 3587 1632 3638 καὶ

96 3683 216 3738 εἶδον
261 3689 355 3741 ὅσα
406 3690 518 3750 τοῖς
571 3685 752 3748 ἄλλοις
789 3685 930 3753 πλὴν
981 3684 1089 3736 τῶν
1136 3683 1439 3750 ἀρχιερέων
1494 3674 1633 3747 ἦσαν

97 3781 292 3835 ἀθέατα.
324 3780 554 3843 Οὐδενὸς
604 3778 786 3847 μέντοι
852 3775 963 3828 τῶν
995 3775 1058 3827 ἰν
1084 3772 1234 3853 αὐτῷ
1268 3770 1634 3840 ἀναθημάτων

96 3873 122 3939 ἢ
145 3873 239 3925 τῶν
260 3872 552 3943 χρημάτων
573 3870 747 3941 ἥψατο
768 3868 836 3920 δι’
878 3862 1176 3939 εὐσέϐειαν.
1302 3861 1349 3913 δ’
1374 3859 1637 3929 ὑστεραίᾳ

1735 2327 1789 2371 et
1822 2318 1965 2388 regia
1997 2334 2027 2371 a
2060 2319 2273 2373 exteris
2303 2320 2562 2389 Pompeio
2616 2320 2854 2381 traditis.
2900 2327 2955 2373 et
3003 2318 3201 2373 castris
3246 2319 3300 2370 iu

1738 2409 1851 2476 ipsa
1908 2407 2041 2461 urbe
2092 2408 2306 2477 positis,
2338 2425 2404 2464 ac
2450 2410 2654 2478 templo
2703 2410 2865 2464 tertio
2911 2424 3096 2463 mense
3136 2423 3305 2476 expu-

1736 2508 1922 2567 gnato,
1951 2500 2149 2553 milites
2179 2514 2274 2553 eos
2295 2500 2387 2568 qui
2425 2502 2573 2554 intus
2600 2510 2778 2563 erant,
2824 2500 3190 2558 trucidabant,
3221 2497 3307 2549 ni--

1738 2590 1850 2644 hilo
1882 2589 2063 2644 secius
2092 2590 2263 2644 sacris
2304 2587 2709 2659 operantes,‘et
2736 2592 2987 2645 victimas
3018 2589 3306 2643 immolan~

1739 2688 1819 2734 tes
1846 2697 1857 2732 :
1881 2694 1943 2733 ac
1970 2679 2212 2733 caedibus
2234 2679 2431 2733 referta
2457 2689 2613 2733 erant
2644 2679 2846 2739 omnia,
2878 2677 3081 2731 Judmis
3106 2676 3302 2743 partim

1736 2784 1766 2821 a
1793 2770 2074 2831 Rmnanis,
2112 2774 2310 2839 partim
2348 2786 2376 2823 a
2408 2785 2528 2824 sese
2559 2768 2988 2828 intereuntibus,
3015 2767 3098 2821 vel
3123 2764 3303 2833 gladio

1733 2859 1821 2913 vel
1858 2860 2312 2928 pra‘cipitatione.
2348 2861 2640 2929 Pompeius
2665 2876 2794 2915 vero
2817 2876 2940 2914 cum
2973 2858 3302 2928 quibusdam

1734 2966 1799 3006 ex
1834 2952 1947 3007 suis
1971 2951 2191 3023 adytum
2240 2953 2426 3021 templi
2478 2954 2757 3022 ingressus
2802 2961 2905 3013 est.
2950 2965 3123 3017 caque
3167 2949 3307 3001 vidit

1735 3060 1857 3113 quae
1904 3062 2011 3099 non
2063 3045 2164 3099 nisi
2204 3045 2556 3115 pontiﬁcibus
2601 3044 2788 3097 videre
2838 3044 2918 3097 fas
2961 3051 3046 3097 est
3079 3060 3092 3096 :
3125 3054 3303 3109 neque

1736 3146 1941 3207 tamen,
1965 3152 2070 3203 qua
2093 3144 2210 3189 erat
2240 3136 2461 3205 pietate,
2494 3134 2792 3203 quidquam
2821 3134 2903 3188 vel
2935 3149 3000 3187 ex
3035 3131 3299 3191 donariis.

1736 3228 1821 3291 vel
1845 3243 1910 3281 ex
1939 3228 2190 3295 pecuniis
2213 3228 2413 3296 attigit.
2442 3227 2717 3281 Postridie
2744 3226 3002 3294 populum
3032 3224 3299 3284 hortatus,

1741 3327 1800 3370 ut
1837 3317 2097 3385 templum
2131 3326 2511 3386 repurgarent,
2548 3326 2603 3370 et
2637 3317 2739 3369 rite
2770 3314 3135 3374 immolarunt,
3166 3312 3304 3379 llyr-

1739 3422 1878 3461 cano
1920 3408 2297 3476 pontiﬁcatum
2346 3406 2587 3462 restituit
2632 3424 2645 3459 :
2704 3406 2940 3476 bellique
2984 3405 3306 3459 auctoribus

1739 3497 1919 3551 securi
1954 3498 2245 3565 percussis,
2281 3507 2336 3551 et
2375 3499 2581 3554 tributo
2613 3497 2997 3566 Hierosolymis
3027 3496 3300 3563 imposito,

1741 3582 1967 3639 Romam
2002 3588 2218 3641 rediens
2258 3588 2633 3643 Aristobulum
2669 3589 2911 3641 vinetum
2934 3603 3060 3649 eum
3092 3585 3304 3639 duabus

1743 3676 1980 3738 ﬁliabus,
2035 3678 2369 3746 totidemque
2404 3679 2529 3731 ﬁliis
2560 3694 2745 3731 secum
2778 3678 3023 3731 abduxit.
3062 3677 3307 3741 Quorum

1744 3778 1872 3821 natu
1911 3770 2079 3837 major
2121 3769 2425 3823 Alexander
2464 3782 2683 3838 arrepta
2726 3770 2869 3839 luga,
2912 3777 3030 3836 post
3057 3767 3307 3821 Judteant

1748 3859 2064 3923 incursavit,
2105 3876 2279 3928 neque
2313 3860 2364 3913 ei
2396 3862 2649 3915 resistere
2676 3858 2955 3930 Hyrcanus
2984 3858 3191 3926 putuit.

96 3964 301 4035 καθᾶραι
336 3963 704 4034 παραγγείλας
728 3960 789 4014 τὸ
823 3959 991 4029 ἱερὸν,
1039 3957 1131 4008 καὶ
1166 3953 1315 4007 θύειν
1353 3952 1617 4036 νομίμως,
1651 3952 1747 4022 τὴν
1775 3952 2184 4022 ἀρχιερωσύνην
2232 3953 2551 4024 παρέδωκεν
2602 3952 2873 4023 Ὑρκανῷ,
2935 3952 3059 4013 τοὺς
3099 3948 3303 4006 αίτίους

96 4053 168 4104 τοῦ
199 4055 424 4123 πολέμου
450 4055 667 4106 πελέκει
694 4051 1145 4121 διαχρησάμενος,
1177 4046 1269 4100 καὶ
1289 4046 1355 4097 τά
1388 4044 1732 4113 Ἰεροσόλυμα
1781 4044 2010 4108 ποιήσας
2072 4040 2370 4112 Ῥωμαίοις
2442 4046 2715 4115 ὑπόφορα.
2776 4046 3059 4115 Πομπήϊος
3121 4042 3176 4094 δὲ
3212 4042 3304 4093 ἐπὶ

105 4146 296 4219 Ῥώμην
366 4145 560 4211 ἀπιὼν,
596 4145 830 4215 ἐπήγετο
889 4142 980 4194 τδν
1051 4138 1462 4209 Ἀριστόϐουλον
1512 4136 1818 4204 δεδεμένον,
1876 4137 2125 4198 καὶτοὺς
2165 4137 2361 4199 παῖδας
2443 4138 2633 4192 αὑτοῦ.
2674 4134 2854 4191 Ἦσαν
2882 4139 2937 4191 δὲ
2999 4131 3148 4205 αύτῷ
3212 4135 3306 4188 δύο

96 4240 355 4308 θυγάτρια,
401 4238 496 4291 καὶ
551 4234 800 4289 τοσοῦτοι
841 4232 968 4295 υἱοὶ,
1018 4228 1092 4284 ὧν
1148 4232 1176 4283 6
1230 4230 1598 4301 πρεσϐύτερος
1650 4227 1998 4297 Ἀλέξανδρος
2037 4230 2273 4299 ἀπέδρα,
2326 4230 2421 4284 καὶ
2469 4229 2567 4300 τὴν
2634 4229 2894 4283 Ἰουδαίαν
2955 4229 3301 4297 κατέτρεχεν,

96 4321 290 4393 ὕστερον
324 4326 396 4394 μὴ
442 4324 742 4391 δυναμένου
784 4320 877 4372 τοῦ
929 4319 1198 4389 Ὑρκανοῦ
1235 4318 1382 4385 αὐτῷ
1412 4315 1919 4370 ἀντικαθίστασθαι.

152 4416 217 4472 Z'.
248 4418 329 4479 Ὠς
348 4417 404 4468 δὲ
420 4413 681 4484 Γαϐήνιος
695 4412 773 4475 είς
796 4410 997 4480 Συρίαν
1022 4404 1147 4481 ἧκε,
1166 4410 1375 4479 πέμπει
1392 4407 1525 4477 πρὸς
1546 4408 1638 4459 τὸν

107 4507 426 4577 Ἀλέξανδρον
473 4506 760 4558 Ἀντώνιον
787 4504 1013 4573 Μάρκον
1040 4502 1178 4572 μετά
1210 4501 1635 4571 στρατεύματος.

1819 4408 1929 4462 Vll.
1972 4408 2237 4463 Gabinius
2286 4420 2473 4464 autem
2512 4425 2636 4463 cum
2686 4413 2739 4462 iu
2790 4408 2998 4479 Syriam
3045 4411 3302 4467 venisset.

1743 4498 1814 4551 Μ.
1868 4499 2163 4553 Antonium
2217 4484 2364 4554 cum.
2396 4501 2639 4555 exercitu
2694 4510 2883 4556 contra
2935 4500 3303 4554 Alexandrum

97 4596 189 4647 Καὶ
222 4596 513 4666 γενομένης
544 4594 748 4664 μάχης,
786 4592 1096 4644 κτείνουσιν
1135 4592 1183 4643 οί
1230 4591 1488 4660 Ῥωμαῖοι
1526 4589 1634 4639 τῶν

1742 4588 1933 4653 mittit,
1968 4590 2059 4658 qui
2098 4592 2282 4658 prmlio
2314 4595 2607 4646 commisso
2632 4592 2873 4645 hostium
2904 4592 2969 4645 ad
3004 4592 3105 4644 tria
3137 4592 3306 4645 millia

98 4686 347 4754 πολεμίων
398 4686 529 4754 περὶ
562 4683 915 4753 τρισχιλίους,
949 4684 1044 4732 καὶ
1093 4681 1193 4732 οὐκ
1227 4680 1483 4740 ἐλάττους
1532 4677 1636 4740 ζω-

98 4775 281 4843 γφῦσι.
311 4775 737 4843 Καταφυγόντος
767 4772 823 4825 δὲ
867 4770 1213 4840 Ἀλεξάνδρου
1242 4769 1331 4821 ἐπί
1354 4786 1405 4821 τι
1436 4770 1635 4837 ἔρυμα,

100 4866 359 4936 λεγόμενον
408 4865 800 4935 Ἀλεξάνδρων,
835 4862 1142 4933 ἐπολιόρκει
1192 4859 1369 4913 τοῦτο.
1402 4865 1637 4928 Διαπρε-

103 4957 324 5010 σδεύεται
349 4957 441 5009 οὖν
469 4959 602 5027 πρὸς
646 4956 909 5024 Γαδήνιον
937 4955 966 5007 6
1005 4953 1368 5020 Ἀλέξανδρος,
1398 4952 1638 5020 συγγνὼ-

105 5063 193 5112 μην
219 5046 401 5112 αἰτῶν,
444 5048 539 5099 καὶ
581 5047 945 5114 παραδίδωσιν
989 5046 1025 5098 ἀ
1077 5045 1327 5112 κατεῖχεν
1366 5044 1633 5111 ἐρύματα.

113 5135 160 5185 'U
186 5140 234 5190 δὲ
265 5138 553 5208 ἀρχιερεὺς
592 5137 858 5204 Ὑρκανὸς
894 5140 973 5197 εἰς
1016 5137 1361 5207 Ἱεροσόλυμα
1395 5137 1637 5205 κατήχθη

107 5228 231 5294 παρὰ
268 5229 359 5279 τοῦ
387 5226 674 5299 Γαϐηνὶου.
724 5227 782 5279 Ὀ
825 5226 1006 5295 μέντοι
1060 5228 1489 5299 Ἀριστόϐουλος,
1527 5229 1641 5279 δια-

106 5314 212 5382 δρὰς
239 5321 297 5370 ὲκ
326 5318 569 5388 Ῥώμης,
606 5319 700 5371 καὶ
730 5318 807 5379 εἰς
835 5319 935 5386 τὴν
976 5318 1235 5370 Ἰουδαίαν
1256 5320 1443 5386 ἐλθὼν,
1476 5320 1641 5390 τειχί-

110 5407 200 5465 ζειν
222 5409 472 5478 ἐπειρᾶτο
494 5411 555 5461 τὸ
591 5408 980 5477 Ἀλεξάνδρων,
1014 5408 1137 5476 ἄρτι
1168 5412 1637 5479 κατεσκαμμένον.

117 5496 165 5550 Ὀ
209 5502 256 5555 δὲ
291 5502 547 5569 Γαϐήνιος
599 5500 805 5551 στέλλει
848 5501 971 5560 τοὺς
1005 5499 1347 5560 κωλύσοντας
1388 5502 1570 5565 αὑτὸν,
1606 5500 1638 5569 ἦ

112 5590 187 5639 καὶ
214 5592 665 5662 συλληψομένους.
698 5589 888 5641 Πολλοὶ
918 5589 974 5665 δὲ
1008 5590 1084 5659 τῷ
1128 5590 1516 5658 Ἀριστοϐούλῳ
1539 5590 1642 5642 τῶν

121 5679 357 5735 Ἰουδαίων
382 5682 736 5753 προσέρρεον,
771 5673 844 5732 ὧν
887 5682 936 5732 οί
982 5681 1197 5744 πλείους
1228 5680 1523 5749 ἐτύγχανον
1556 5682 1647 5736 ἀο-

117 5770 512 5836 τλοι.Τοιούτους
531 5773 627 5843 μὲν
643 5767 735 5824 οὖν
756 5769 1023 5823 ἀπέλυσεν
1040 5772 1588 5843 ’Δριστόϐουλος,τοὺς
1601 5772 1645 5823 δ’

119 5860 457 5931 ὡπλισμένους
508 5864 667 5925 ὂντας
723 5859 851 5932 περὶ
884 5860 1317 5934 ὀκτακισχιλίους
1376 5860 1485 5932 εἶχε
1522 5861 1638 5931 μεθ’

1740 4683 1960 4746 cecidit,
2012 4700 2119 4738 non
2160 4683 2513 4754 paucioribus
2557 4687 2751 4753 captis.
2790 4684 3095 4738 Alexander
3122 4692 3305 4737 autem

1742 4773 1793 4824 in
1843 4775 2087 4839 castello,
2137 4777 2281 4844 quod
2331 4776 2725 4829 Alesandrium
2758 4775 3078 4839 vocabatur,
3116 4776 3301 4829 obses-

1741 4875 1854 4925 sus,
1880 4863 2094 4916 veniam
2124 4879 2153 4915 a
2192 4863 2423 4919 Gabinio
2447 4880 2544 4934 per
2576 4865 2787 4935 legatos
2817 4866 3088 4934 impetrat,
3124 4864 3305 4918 muni-

1744 4952 1982 5006 tionibus
2021 4970 2157 5022 quas
2192 4958 2412 5010 tenebat
2457 4958 2690 5021 traditis,
2738 4958 3133 5027 llyrcanusque
3167 4972 3302 5025 pou.

1744 5040 1875 5093 titex
1931 5044 1997 5096 ab
2052 5046 2243 5098 eodem
2297 5048 2529 5100 Gabinio
2578 5047 2951 5116 Hierosolyma
3002 5048 3301 5099 reducitur.

1742 5131 2093 5188 Aristobulus
2116 5150 2244 5187 vero
2266 5151 2387 5187 cum
2420 5137 2590 5190 Roma
2612 5137 2665 5190 in
2685 5136 2920 5192 ledaeam
2948 5137 3299 5206 profugisset,

1743 5240 1807 5277 ac
1830 5226 2219 5279 Alexandrium
2271 5229 2432 5281 modo
2455 5244 2703 5283 eversum
2738 5230 3039 5282 instaurare
3070 5244 3301 5281 conare-

1745 5323 1862 5367 tur:
1891 5316 2153 5369 Gabinius
2176 5318 2360 5387 c0pias
2385 5320 2551 5384 misit,
2581 5336 2701 5388 quae
2726 5320 2777 5373 id
2802 5318 3178 5387 prohiberent.
3209 5324 3305 5369 aut

1747 5405 1924 5474 ipsum
1968 5407 2133 5459 etiam
2207 5412 2761 5478 comprehenderent.
2816 5410 2921 5463 Sed
2974 5427 3095 5463 cum
3145 5409 3301 5460 multi

1745 5494 1914 5549 Judaei
1977 5499 2169 5568 majori
2218 5515 2284 5552 ex
2320 5509 2468 5569 parte
2515 5500 2753 5553 inermes
2804 5500 2868 5553 ad
2927 5498 3299 5552 Aristobulum

1748 5585 2111 5651 conﬂuerent,
2166 5590 2682 5653 caeteris'dimissis,
2730 5592 2876 5646 solos
2918 5597 3156 5644 armatos
3206 5588 3299 5655 qui

1747 5678 1814 5730 ad
1842 5693 1935 5731 vm
1988 5681 2157 5734 millia
2183 5682 2355 5743 luere,
2384 5683 2652 5736 retinuit:
2692 5677 2788 5736 ii'a
2821 5681 3077 5736 Romanis
3114 5679 3300 5747 ιιι-ωηο

1748 5768 1901 5832 victi,
1929 5773 2122 5837 partim
2148 5773 2451 5837 ceduntur,
2478 5775 2671 5843 partim
2705 5774 3060 5840 dissipantur.
3088 5770 3301 5824 Aristo-

1760 5857 1922 5913 bulus
1953 5873 2082 5915 vero
2117 5862 2276 5932 225
2302 5880 2424 5919 cum
2457 5865 2602 5919 mille
2632 5864 2760 5918 viris
2788 5863 3205 5917 Macbzeruutem
3244 5874 3303 5913 se
