3988 6328
123 480 209 544 409
523 494 525 496 ’
1348 473 1665 536 ANNALII

1793 475 1943 534 LIB.
1987 477 2054 536 V.

3222 467 3329 530 ΗΟ

121 595 337 649 ἐπιϐάντι
386 594 481 664 τῆς
537 593 804 648 Ἰουδαίων
829 592 932 663 γῆς
960 591 1073 662 (58)
1117 591 1456 662 ὑπαντήσας,
1511 588 1657 660 μάχῃ

1769 605 2030 658 gressum,
2077 592 2265 661 prarlio
2311 591 2512 656 victor,
2560 592 2762 647 ﬁnibus
2811 591 3051 658 regionis
3095 593 3326 660 expulit.
3363 640 3366 641 ,

121 688 326 758 ἐνίκησε,
357 686 451 740 καὶ
477 687 587 738 τῶν
612 686 776 754 ὁρίων
819 685 1023 754 ταύτης
1058 684 1310 748 ἐξέωσεν.
1345 682 1506 734 Ὅθεν
1529 682 1655 748 ἀφι-

120 777 318 845 κόμενον
341 777 419 839 είς
465 776 810 846 Ἰεροσόλυμα
863 775 1162 843 ἐστεφάνου
1197 775 1226 826 ὃ
1274 790 1333 826 τε
1362 772 1528 841 δῆμος
1560 771 1656 824 καὶ

130 868 366 937 Ὑρκανός
388 885 403 898 ·
431 866 795 936 μνηστεύεται
824 866 881 919 δὲ
911 868 1003 918 καὶ
1035 865 1133 936 τὴν
1181 863 1450 934 ’Υρκανοῦ
1485 861 1658 928 θυγα-

119 959 299 1028 τριδῆν,
337 958 687 1028 Ἀλεξάνδρου
713 959 771 1012 δὲ
798 959 1092 1029 Θυγατέρα,
1115 957 1207 1010 τοῦ
1243 955 1656 1025 Ἀριστοϐούλου

122 1049 300 1110 παιδός.
349 1044 476 1118 Εἶχε
507 1048 562 1100 δὲ
614 1047 879 1119 πρότερον
929 1047 1120 1116 ἑτέραν
1153 1047 1384 1114 γυναῖκα
1410 1045 1655 1114 δημότιν,

121 1139 301 1208 Δωρίδα
338 1138 700 1207 καλουμένην,
730 1138 789 1203 ἐξ
823 1135 893 1211 ἦς
922 1138 1070 1208 αὐτῷ
1122 1140 1252 1200 παῖς
1308 1138 1658 1208 Ἀντίπατρος

121 1231 322 1295 γίνεται,
374 1229 482 1282 τῶν
531 1230 706 1284 ἄλλων
735 1230 1127 1300 πρεσϐύτερος.
1160 1229 1449 1282 Ἀντωνίου
1479 1229 1535 1282 δὲ
1567 1228 1659 1280 καί¹

120 1322 380 1391 Καίσαρος
410 1321 650 1374 Κάσσιον
690 1323 784 1375 καὶ
819 1321 1051 1392 Βροῦτον
1089 1322 1215 1392 περὶ
1245 1321 1543 1384 Φιλίππους
1575 1339 1661 1373 νε-

119 1412 413 1478 νικηκότων,
464 1414 490 1464 ό
522 1414 621 1481 μὲν
666 1415 758 1465 ἐπὶ
793 1413 1023 1476 Γαλλίας
1053 1412 1269 1483 ἐχώρει,
1320 1412 1456 1483 πρὸς
1488 1412 1662 1482 δὲτὴν

129 1503 292 1556 Ἀσίαν
311 1503 618 1566 Ἀντώνιος.
647 1505 928 1575 Γενομένῳ
959 1504 1003 1557 δ’
1037 1507 1092 1558 ὲν
1118 1504 1359 1574 Βιθυνίᾳ,
1393 1505 1664 1573 πανταχό-

119 1597 195 1649 οεν
223 1599 470 1667 ἀπήντων
499 1600 805 1668 πρεσϐεῖαι.
841 1600 1102 1669 Παρῆσαν
1158 1601 1216 1653 δὲ
1257 1602 1351 1654 καὶ
1398 1601 1658 1666 Ἰουδαῖοι,

119 1687 531 1758 κατηγοροῦντες
565 1688 850 1758 Φασαήλου
890 1707 944 1743 τε
973 1691 1067 1742 καὶ
1109 1691 1372 1762 Ἡρώδου.
1404 1692 1664 1745 Ἐλθόντα

118 1776 163 1827 δε
188 1776 274 1830 τὸν
336 1777 582 1848 Ἠρώῖην
613 1779 704 1831 ἐπὶ
748 1777 1041 1850 ἀπολογία,
1066 1779 1156 1832 διὰ
1195 1781 1360 1849 τιμῆς
1383 1776 1516 1850 ἦγεν
1541 1781 1663 1834 ’Λνο

117 1867 306 1930 τὼνιος.
333 1871 441 1922 Καὶ
477 1871 598 1922 οὐδὲ
623 1871 782 1937 λόγου
813 1871 1042 1940 ήξίωντο
1067 1873 1116 1924 οἱ
1152 1875 1471 1942 κατήγοροι,
1529 1873 1664 1942 χρή-

121 1977 236 2027 pan
268 1959 436 2012 ταῦτα
469 1961 561 2014 τοῦ
601 1962 842 2032 Ἡρώδου
871 1965 1172 2034 πριαμένου
1201 1964 1330 2033 παρ’
1353 1964 1660 2018 ’Λντωνίουο

127 2049 343 2102 Ἐλθόντι
403 2051 448 2103 δ’
478 2052 558 2114 είς
602 2054 836 2118 Ἔφεσον
863 2055 1135 2123 Ἀντωνίῳ
1179 2055 1422 2125 ἐπεμψεν
1459 2055 1663 2126 ’Υρκα-

117 2141 193 2201 vii;
222 2141 479 2209 στέφανον
510 2143 769 2212 χρυσοῦν,
802 2146 895 2197 καὶ
923 2145 1074 2213 ἠξίου
1106 2147 1229 2209 τοῦς
1266 2145 1664 2209 ’Ῑουδαίουςοῦς

117 2232 440 2301 ᾐχμαλώτισε
468 2235 731 2299 Κάσσιος,
762 2237 821 2287 οὐ
867 2237 1014 2306 νόμῳ
1039 2237 1309 2304 πολέμου,
1348 2238 1664 2307 ἐλευθέρους

117 2323 465 2393 ἀπολυθῆναι,
500 2326 595 2378 καὶ
646 2328 744 2394 τὴν
775 2325 959 2397 χώραν
994 2327 1349 2396 ἀποδοθῆναι,
1377 2329 1663 2398 ⁴νιν-αὑτοὺς

118 2417 355 2484 ἀφείλετο
386 2419 646 2482 Κάσσιος.
697 2421 926 2472 Δικαίαν
957 2417 1050 2474 οὗν
1083 2419 1222 2475 εἶναι
1253 2421 1524 2490 κεκρικὼς
1567 2423 1664 2491 τὴν

119 2508 342 2572 ἀξίωσιν,
382 2510 459 2572 είς
501 2511 662 2578 ἔργον
699 2511 927 2580 ἐκϐῆναι
955 2511 1276 2581 προσέταξε.
1313 2513 1465 2567 Μετὰ
1495 2513 1665 2567 ταῦτα

121 2600 187 2659 είς
215 2601 408 2667 Συρίαν
430 2603 862 2671 παραγενομένῳ
889 2603 966 2674 τῷ
1001 2603 1290 2671 Ἀντωνίῳ,
1319 2608 1413 2657 καί
1437 2604 1538 2656 ὑπὸ
1559 2606 1668 2658 τῶν

116 2691 203 2760 τῆς
247 2693 602 2762 Κλεοπάτρας
656 2693 878 2763 ἐρώτων
930 2695 1328 2766 κεκρατημένοι
1381 2697 1667 2766 προσίασιν

118 2781 293 2852 ἄνδρες
349 2783 566 2845 ἑκατὸν,
612 2783 882 2837 Ἰουδαίων
911 2786 959 2835 oi
1002 2783 1384 2848 δυνατώτατοι,
1413 2784 1508 2838 καὶ
1537 2802 1670 2838 κατ·

117 2874 334 2943 ηγόρουν
366 2874 607 2943 Ἡρώδου
636 2876 729 2928 καὶ
756 2875 865 2927 τῶν
896 2876 1022 2946 περὶ
1052 2877 1236 2940 αὑτὸν,
1285 2877 1550 2946 παρόντος
1576 2878 1669 2930 καὶ

127 2963 401 3032 Ὑρκανοῦ.
442 2965 728 3026 Ἀντώνιος
763 2966 819 3017 δὲ
865 2967 1193 3020 πυνθάνεται
1248 2969 1536 3044 Ὑρκανοῦ,
1570 2971 1670 3020 πό·

118 3073 248 3126 τεροι
277 3055 367 3109 τοῦ
417 3057 604 3117 ἔθνους
654 3059 1016 3126 προΐστανται
1057 3060 1312 3128 ἄμεινον’
1345 3063 1436 3114 καὶ
1462 3061 1519 3122 ὃς
1545 3064 1670 3126 τοὺς

122 3150 235 3218 περὶ
279 3147 522 3219 Ἡρώδην
565 3144 742 3212 εἶπεν,
804 3149 878 3203 ὢν
912 3151 1060 3220 αὐτῷ
1093 3151 1381 3221 κηδεστής.
1449 3153 1505 3204 '0
1541 3153 1670 3220 γοῦν

1761 685 1914 742 Unde
1944 686 2318 756 Hierosolyma
2349 687 2593 749 veniens,
2624 694 2679 740 et
2709 702 2738 740 a
2770 687 2972 758 populo
3002 697 3057 740 et
3083 685 3151 739 ab
3194 685 3330 754 Hyr-

1761 792 1899 831 cano
1929 787 2225 832 coronatur
2259 794 2274 830 :
2307 779 2464 848 cujus
2495 793 2562 832 ex
2607 778 2715 832 ﬁlia
2759 788 3001 848 neptem,
3037 776 3330 833 Alexandri

1759 866 2064 920 Aristobuli
2122 865 2216 919 ﬁlii
2259 875 2464 930 natam,
2519 881 2743 920 uxorem
2785 861 2960 926 ducit,
3002 880 3126 919 cum
3180 863 3331 931 prius

1760 959 1926 1011 ctiam
1961 958 2216 1011 Doridem
2267 958 2588 1027 popularem
2631 973 2785 1012 suam
2821 971 3043 1010 uxorem
3082 955 3330 1013 llabcrct,

1761 1067 1791 1105 c
1822 1067 1928 1120 qua
1954 1049 2121 1105 filium
2153 1059 2280 1103 natu
2305 1051 2600 1104 maximum
2619 1049 2966 1116 Antipatrum
2997 1054 3328 1114 susceperat.

1759 1143 2034 1196 Antonius
2076 1152 2130 1196 et
2171 1142 2350 1196 Caesar
2379 1142 2546 1196 Bruto
2596 1151 2653 1196 ct
2694 1141 2883 1195 Cassio
2935 1139 3001 1193 ad
3053 1139 3334 1206 Philippos

1762 1234 1946 1298 victis,
1984 1235 2123 1286 alter
2159 1233 2211 1287 in
2261 1233 2494 1288 Galliam
2544 1233 2679 1297 abit,
2712 1232 2984 1286 Antonius
3029 1231 3079 1282 in
3112 1230 3331 1283 Asiam:

1763 1329 1856 1397 qui
1889 1344 2011 1381 cum
2051 1327 2359 1396 Bithyniam
2411 1328 2704 1397 attigisset,
2754 1325 2997 1394 undique
3035 1323 3336 1391 legationes

1765 1420 1830 1472 ad
1868 1435 1991 1472 cum
2028 1427 2320 1472 venerunt.
2374 1416 2619 1470 Aderant
2662 1426 2718 1469 ct
2764 1416 2960 1478 Judaei,
3015 1413 3333 1468 Phasaelum

1763 1521 1818 1565 ct
1866 1510 2136 1564 Herodem
2199 1510 2532 1563 accusaturi.
2594 1507 2864 1560 Herodem
2919 1521 3047 1558 vero
3101 1505 3186 1558 sui
3244 1505 3339 1557 dc—

1764 1601 2024 1655 fendendi
2070 1616 2236 1655 causa
2294 1615 2360 1655 eo
2421 1597 2751 1668 profectum,
2805 1606 2858 1651 et
2916 1612 3145 1650 munera
3204 1595 3338 1648 οσο-

1763 1703 1996 1757 rentem,
2029 1693 2302 1747 Antonius
2355 1692 2658 1747 honorifice
2713 1691 2948 1769 excepit,
2998 1691 3084 1743 ne'
3118 1687 3335 1740 dicendi

1764 1786 1984 1855 quidem
2025 1795 2293 1854 potestate
2328 1785 2454 1838 data
2492 1785 2932 1839 accusatoribus.
2987 1783 3114 1836 Inde
3158 1781 3338 1850 Ephe-

1688 1909 1737 1967 Β
1765 1892 1884 1931 sum
1934 1877 2222 1946 progresso
2285 1876 2546 1938 Antonio,
2582 1874 2869 1945 Hyrcanus
2923 1889 3146 1926 auream
3180 1871 3341 1940 229

1763 1987 2022 2026 coronam
2078 1972 2265 2036 misit,
2315 1980 2536 2040 petens,
2593 1979 2652 2024 ut
2701 1970 2957 2031 .ludacos,
3019 1982 3158 2036 quos
3207 1965 3340 2019 Cas-

1763 2065 1877 2118 sius
1933 2073 2124 2117 contra
2186 2063 2313 2115 belli
2367 2077 2572 2116 morem
2619 2061 2875 2129 cepisset.
2924 2059 3180 2113 liberaret
3213 2098 3225 2119 ,
3282 2065 3339 2110 ct

1764 2169 1923 2224 agros
1952 2156 2020 2207 ab
2050 2154 2242 2209 eodem
2273 2154 2556 2223 ademptos
2582 2153 2923 2207 restitueret.
2954 2151 3125 2222 Cujus
3155 2160 3341 2218 postu-

1764 2245 1910 2308 latis,
1967 2245 2060 2313 qui
2113 2261 2175 2299 ea
2225 2260 2378 2312 aequa
2422 2244 2721 2313 judicaret,
2768 2242 3040 2296 Antonius
3084 2237 3338 2294 satislicri

1759 2337 1940 2403 jussit.
1976 2337 2181 2391 Deinde
2218 2337 2270 2390 in
2312 2337 2521 2408 Syriam
2570 2336 2899 2406 profectum,
2953 2344 3008 2389 et
3043 2332 3341 2403 Cleopatrae

1766 2442 1952 2482 amore
2004 2438 2245 2496 captum,
2296 2428 2610 2482 Judzeorum
2665 2436 2887 2481 centum
2937 2425 3037 2478 viri
3071 2422 3338 2493 potentis-

1767 2518 1888 2573 simi
1939 2518 2296 2582 conveniunt,
2357 2516 2634 2572 Herodem
2688 2528 2746 2572 et
2801 2516 3121 2570 Phasaelum
3176 2528 3339 2568 accu-

1768 2619 1973 2673 santes,
2004 2609 2254 2681 Hyrcano
2288 2609 2456 2664 etiam
2484 2618 2778 2679 praesente.
2807 2609 2911 2675 Qui
2949 2615 3175 2678 rogante
3226 2605 3341 2660 An-

1771 2705 1940 2766 tonio,
1984 2703 2091 2756 utri
2143 2703 2344 2771 populo
2389 2701 2595 2757 rectius
2655 2709 2974 2772 praeessent,
3029 2698 3341 2769 respondit,

1770 2793 2092 2845 Phasaelum
2146 2804 2200 2847 ct
2257 2793 2552 2858 Herodem,
2613 2804 2673 2848 ut
2726 2795 2885 2863 cujus
2955 2809 3114 2848 socer
3169 2800 3340 2847 esset.

1769 2885 2005 2939 Proinde
2065 2884 2356 2946 Antonius,
2420 2885 2490 2938 ob
2550 2894 2840 2953 paternum
2900 2885 3200 2951 hospitium
3261 2885 3344 2938 eis

1770 2976 1998 3038 amicus,
2028 2983 2319 3043 utrumque
2345 2976 2671 3029 tetrarcham
2695 2975 3008 3045 appellavit,
3031 2974 3228 3029 ludam:
3245 2973 3344 3028 ad.

1780 3067 2187 3122 ministrationc
2217 3068 2324 3121 illis
2355 3067 2608 3121 mandata
2642 3085 2654 3122 :
2699 3083 2762 3121 ac
2793 3069 2978 3120 dccem
3017 3083 3082 3121 ex
3121 3081 3341 3120 accusa-

1779 3159 1990 3213 toribus
2040 3158 2094 3210 in
2121 3158 2335 3211 vincula
2359 3159 2640 3227 conjectos
2663 3158 2978 3221 occidisset,
3010 3160 3111 3212 nisi
3144 3159 3335 3213 fratres

132 3237 414 3305 Ἀντώνιος,
453 3241 668 3304 οἰκείως
715 3241 851 3311 πρὸς
896 3241 1091 3304 αὐτοὺς
1147 3241 1286 3311 ἔχων
1335 3240 1548 3312 διάτήν
1577 3241 1667 3295 τοῦ

1776 3265 1876 3316 pro
1908 3248 1989 3303 eis
2039 3247 2312 3317 deprecati
2361 3257 2568 3302 essent.
2625 3249 2837 3302 Rursus
2870 3249 3019 3301 mille
3065 3249 3165 3301 viri
3202 3249 3338 3303 circa

123 3331 310 3399 πατρὸς
340 3331 518 3385 αὐτῶν
540 3331 741 3398 ξενίαν,
771 3336 863 3385 καὶ
888 3333 1055 3402 ἄμφω
1072 3335 1375 3404 τετράρχας
1394 3335 1667 3404 ὠνόμασε,
1705 3349 1708 3365 ³

122 3423 204 3476 καὶ
244 3424 310 3475 τά
375 3423 649 3477 Ἰουδαίων
688 3426 871 3488 αὐτοῖς
899 3427 1168 3495 ἐπέτρεψε
1201 3428 1503 3497 πράγματα
1527 3445 1540 3458 ⁶
1579 3430 1672 3482 καὶ

121 3512 238 3565 δέκα
270 3514 440 3584 δήσας
469 3515 580 3567 τῶν
625 3518 973 3586 κατηγόρων.
1008 3519 1248 3570 εκτεινεν
1280 3520 1344 3570 ἂν
1376 3521 1592 3581 αὐτοὺς,
1622 3521 1670 3572 εί

126 3605 190 3672 μὴ
225 3604 274 3656 οι
321 3605 542 3674 ἀδελφοὶ
600 3608 1012 3676 παρῃτήσαντο.
1073 3604 1236 3668 Αὖθις
1264 3609 1320 3660 δὲ
1351 3609 1510 3678 χίλιοι
1544 3611 1672 3679 περὶ

123 3695 282 3765 Τύρον
309 3697 384 3766 τῷ
427 3698 697 3768 Ἀντωνίῳ
729 3700 1070 3770 ὑπήντησαν.
1128 3701 1186 3752 Ὀ
1219 3699 1274 3752 δὲ
1311 3700 1505 3768 δώροις
1537 3720 1671 3772 προ-

124 3789 562 3860 κατειλημμένος,
598 3790 676 3857 τῷ
708 3794 847 3844 κατὰ
869 3793 1031 3844 τόπον
1052 3783 1274 3862 ἄρχοντι
1301 3793 1526 3847 κολάσαι
1549 3796 1675 3857 τοὺς

125 3877 395 3942 Ἰουδαίους
416 3881 720 3944 ἐκέλευσεν,
746 3881 820 3944 ώς
849 3881 1278 3953 νεωτερίζοντας.
1299 3884 1355 3936 Ὀ
1385 3885 1439 3936 δὲ
1497 3885 1672 3956 Ἠρώ-

123 3968 206 4036 δης
238 3972 453 4024 ἀπιέναι
482 3975 620 4041 ταχὺ
646 3975 830 4036 αὐτοῖς
862 3974 1268 4038 συνεϐούλευεν,
1293 3976 1378 4027 ἵνα
1405 3975 1476 4045 μὴ
1505 3977 1675 4044 μεγά-

124 4059 204 4112 λου
240 4064 572 4137 πειρασθῶσι
603 4065 799 4118 κακοῦ.
839 4066 926 4128 Ὠς
948 4065 992 4116 δ’
1025 4066 1123 4133 οὐχ
1155 4067 1448 4133 ὑπήκουον,
1483 4067 1674 4137 ἐκδρα-

130 4152 309 4217 μόντες
338 4153 387 4204 oi
430 4151 714 4223 Ῥωμαῖοι,
741 4153 893 4216 τινας
931 4153 1030 4222 μὲν
1058 4155 1408 4219 ἀπέκτειναν,
1448 4156 1673 4216 πολλοὺς

126 4243 164 4294 δ’
189 4245 592 4313 ἐτραυμάτισαν
612 4263 627 4277 ο
653 4247 748 4298 καὶ
778 4247 826 4298 oi
855 4245 1036 4299 λοιποὶ
1068 4246 1419 4314 διαφυγόντες
1465 4246 1672 4316 ἡσύχα-

133 4332 231 4394 ζον.
261 4335 364 4387 Τοῦ
391 4337 445 4388 δὲ
471 4336 534 4404 δή
547 4352 648 4404 μου
681 4335 1058 4396 καταϐοῶντος
1102 4335 1362 4405 Ἠρώδου,
1410 4338 1676 4406 παροξυν-

127 4426 227 4490 Osi;
271 4431 298 4479 ό
332 4429 614 4492 Ἀντώνιος
632 4429 760 4492 τοὺς
789 4429 1108 4497 δεδεμένους
1131 4431 1474 4483 ἀπέκτεινεν.
1502 4432 1677 4484 Ἀντί-

126 4535 270 4584 γονος
322 4521 377 4592 δὲ
409 4521 644 4591 Πακόρῳ
677 4521 754 4592 τῷ
810 4521 1041 4592 Πάρθων
1094 4522 1305 4592 βασιλεί
1335 4523 1673 4592 ὑπισχνεῖται

128 4612 258 4679 χίλια
295 4591 486 4666 δώσειν
508 4614 765 4675 τάλαντα,
797 4615 889 4666 καὶ
920 4616 1184 4681 γυναῖκας
1211 4615 1590 4678 πεντακοσίας,
1625 4618 1673 4667 εἱ

128 4702 214 4769 τὴν
279 4703 450 4771 ἀρχὴν
512 4703 778 4772 Ὑρκανὸν
837 4704 1165 4771 ἀφέλωνται,
1232 4707 1327 4756 καὶ
1363 4706 1677 4774 παραδῶσιν

128 4791 283 4860 αὐτῷ,
326 4796 415 4846 καὶ
467 4795 592 4856 τοὺς
625 4790 755 4860 περὶ
799 4794 1048 4864 Ἡρώδην
1074 4795 1334 4848 ἀνέλοιεν.
1375 4797 1472 4847 Διά
1504 4795 1678 4850 ταῦτα

130 4884 209 4935 ἐπὶ
257 4885 352 4955 τὴν
385 4885 644 4939 Ἰουδαίαν
679 4887 1009 4954 κατάγοντες
1035 4887 1340 4954 Ἀντίγονον
1391 4890 1441 4940 οί
1477 4889 1680 4957 Πάρθοι

131 4977 514 5045 ἐστράτευσανο
550 4972 632 5038 οἷς
692 4979 951 5041 πολλάκις
981 4980 1030 5030 οἱ
1069 4981 1193 5048 περὶ
1239 4979 1484 5050 Ἡρώδην
1544 4997 1651 5050 συμ

135 5066 366 5132 μίξαντες
428 5069 713 5139 ἐκράτουν.
786 5068 847 5120 Ὀ
918 5071 973 5121 δὲ
1037 5072 1144 5122 τῶν
1206 5071 1434 5140 Πάρθων
1522 5072 1673 5140 βασι-

132 5155 240 5218 λεὺς
266 5160 374 5228 (50)
431 5163 525 5213 σὺν
557 5161 760 5228 ὀλίγοις
799 5160 1055 5229 ἱππεῦσιν
1107 5164 1185 5223 είς
1213 5164 1310 5230 τὴν
1334 5163 1485 5214 πόλιν
1513 5160 1665 5232 ἧκεν,

133 5245 197 5309 ὡς
249 5250 387 5319 τάχα
441 5255 789 5306 κατευνάσων
850 5251 945 5322 τὴν
1000 5253 1208 5313 στάσιν,
1260 5253 1322 5302 τὸ
1391 5253 1435 5304 δ’
1472 5255 1668 5320 ἀληθὲς

135 5337 199 5401 ὡς
224 5343 506 5412 ’Δντιγόνῳ
547 5345 906 5414 συμπράξων.
957 5345 1241 5412 Φασαήλου
1275 5344 1330 5394 δὲ
1368 5345 1670 5408 ξενίσαντος

1773 3337 1974 3408 Tyrum
2024 3339 2262 3392 Antonio
2309 3346 2690 3392 occurrerunt.
2745 3337 2794 3391 ls
2841 3352 2970 3390 vero
3025 3337 3338 3391 muneribus

1769 3431 1878 3501 jam
1907 3437 2032 3482 ante
2064 3429 2410 3492 conciliatus,
2447 3430 2569 3498 ejus
2613 3429 2717 3483 loci
2753 3428 3012 3497 prmfecto
3043 3423 3344 3490 mandavit,

1776 3531 1835 3576 ut
1862 3521 2080 3575 Iudaeos
2123 3529 2376 3588 tanquam
2411 3519 2569 3572 novis
2620 3520 2785 3573 rebus
2821 3521 3109 3573 studentes
3137 3520 3340 3588 suppli-

1774 3613 1861 3666 cio
1889 3613 2147 3668 alliceret.
2201 3611 2446 3667 Herodes
2489 3627 2620 3665 vero
2664 3626 2760 3665 eos
2808 3613 3040 3673 monuit,
3093 3624 3150 3665 ut
3196 3613 3343 3667 ahirc-

1777 3715 2140 3769 maturarent,
2191 3721 2259 3759 ne
2303 3721 2466 3774 grave
2517 3704 2720 3758 malum
2777 3703 3208 3771 experirentur:
3253 3703 3343 3771 qui

1776 3806 2062 3861 cumsnon
2121 3799 2547 3858 auscultasscnt,
2603 3795 2836 3850 Romani
2892 3782 3095 3863 impetu
3145 3795 3198 3847 in
3253 3809 3343 3849 eos

1777 3889 1919 3941 facto
1970 3886 2236 3956 quosdam
2297 3887 2640 3950 occiderunt,
2703 3885 2906 3938 multos
2965 3884 3347 3944 vulnerat-unt,

1777 3977 2010 4029 maxima
2045 3991 2176 4029 vero
2202 3991 2329 4044 pars
2361 3977 2565 4028 evitato
2599 3975 2843 4043 periculo
2875 3974 3103 4042 quievit.
3138 3974 3343 4040 Populo

1775 4077 1957 4120 autem
1995 4074 2182 4118 contra
2207 4063 2476 4118 Herodem
2509 4045 2866 4126 vociferante,
2899 4062 3146 4115 irritatus
3170 4063 3341 4113 Antu-

1776 4159 1920 4219 nius,
1966 4159 2178 4210 vinctos
2222 4156 2518 4210 inlcrfecit.
2555 4155 2848 4209 Enimvero
2900 4154 3201 4222 Antigonus
3248 4153 3342 4206 1³η-

1776 4265 1906 4302 coro
1942 4248 2259 4300 l‘aithorum
2309 4248 2420 4314 regi
2473 4247 2618 4299 mille
2673 4246 2871 4300 talenta
2922 4255 2976 4298 et
3021 4263 3050 4298 ι)
3085 4244 3344 4298 mulieres

1777 4339 2072 4409 pollicitus,
2105 4340 2148 4391 si
2179 4338 2546 4406 principatqu
2588 4337 2838 4406 Hyrcano
2879 4335 3194 4402 ademptum
3239 4319 3341 4386 sibi

1776 4434 1951 4494 daret,
1983 4440 2036 4485 et
2063 4430 2331 4484 Herodem
2361 4445 2483 4490 cum
2519 4430 2632 4481 suis
2661 4427 2879 4480 tolleret
2912 4440 2927 4478 :
2965 4440 2994 4478 a
3032 4424 3249 4478 Parthis
3288 4425 3342 4475 in

1776 4522 2014 4576 Judmam
2058 4521 2315 4574 reduetus
2340 4528 2442 4581 est,
2473 4533 2611 4587 quos
2642 4515 2934 4572 Hcrodiani
2964 4515 3160 4584 saepius
3198 4515 3338 4566 vice-

1780 4621 1929 4666 runt.
1982 4611 2086 4666 Sed
2139 4628 2232 4665 rex
2285 4611 2616 4665 Parthorum
2662 4625 2789 4664 cum
2833 4608 3022 4678 paucis
3069 4607 3344 4675 equitibus

1778 4707 1970 4758 urbem
2004 4705 2302 4772 ingressus,
2343 4719 2438 4772 per
2479 4704 2718 4772 speciem
2763 4699 3153 4770 componendae
3200 4697 3342 4749 sedi-

1778 4799 1965 4858 tionis,
2005 4813 2192 4849 revera
2227 4803 2286 4846 ut
2334 4795 2608 4864 Antigono
2653 4809 2812 4862 cpcm
2868 4792 3053 4852 ferret,
3087 4791 3141 4842 Pl
3167 4787 3345 4840 asaclo

1776 4889 1980 4956 hospiti
2016 4902 2114 4939 suo
2158 4885 2450 4954 persuadet
2499 4894 2556 4937 ut
2589 4884 2655 4937 ad
2709 4883 3232 4952 Barzapharmaucm
3266 4881 3343 4932 lc-

1773 4988 1929 5046 gatus
1962 4985 2067 5028 eat.
2114 4974 2411 5027 Phasaelus
2450 4982 2504 5026 et
2534 4972 2815 5044 Hyrcanus
2843 4973 3005 5042 legati
3033 4980 3182 5033 eunt,
3209 4970 3345 5022 duce

1775 5085 1870 5123 eos
1897 5067 2213 5130 comitante,
2249 5065 2342 5120 sed
2371 5065 2583 5119 Herode
2614 5081 2722 5118 non
2756 5066 3040 5133 probante.
3085 5064 3158 5115 Ac
3190 5063 3344 5129 prin-

1778 5161 1922 5229 cipio
1955 5177 1984 5214 a
2031 5159 2498 5228 Barzapharmane
2531 5158 2754 5212 sincere
2776 5157 3004 5225 accepti,
3055 5164 3176 5223 post
3209 5153 3344 5206 insi-

1779 5252 1886 5304 diis
1942 5252 2170 5320 appetiti
2225 5261 2375 5312 sunt,
2427 5249 2693 5303 Pbasaelo
2752 5255 3039 5315 suspectos
3112 5245 3344 5297 habente

1782 5344 2067 5407 barbaros,
2115 5358 2237 5395 cum
2283 5357 2341 5396 sc
2389 5352 2559 5394 noctu
2605 5341 2745 5394 clam
2797 5336 3063 5392 custodiri
3101 5335 3344 5388 animad-

1287 5523 1482 5583 ναι-ἰώ
1518 5524 1822 5586 lectiones
1855 5533 1912 5582 ct
1946 5531 2128 5583 nota).

198 5680 302 5748 (58)
336 5683 485 5751 Ἄρτι
537 5683 652 5737 τῶν
693 5683 888 5752 ἀκρων-
927 5686 1194 5738 ὲπιϐαντι
1224 5683 1332 5751 τῆς
1383 5683 1678 5737 Ἰουδαίων

139 5751 254 5818 τῆς.
287 5753 480 5818 ’Ᾱκρα,
513 5756 626 5808 sive
653 5751 928 5819 montana,
975 5757 1088 5809 sive
1139 5767 1412 5810 extremos
1458 5754 1593 5808 ﬁnes
1623 5764 1678 5809 et

142 5821 321 5874 limites
351 5823 672 5891 signiﬁcant.
698 5825 782 5880 W.

202 5893 305 5961 ('59)
455 5892 522 5944 δὲ
575 5892 694 5947 τῶν
755 5895 996 5964 Πάρθων
1049 5896 1366 5962 βασιλεύς.
1407 5895 1676 5965 Jcscphus

1778 5699 1930 5751 :eque
1963 5683 2232 5737 obscurus
2259 5691 2339 5735 est
2368 5677 2419 5734 in
2452 5681 2556 5734 hac
2593 5681 2848 5736 Parthica
2885 5673 3251 5746 expeditione,
3285 5683 3346 5727 ut

1780 5757 2030 5806 videatur
2106 5752 2356 5805 κυκεῶνα
2413 5752 2596 5822 potius
2652 5752 2958 5814 miscuisse,
3014 5757 3176 5814 quam
3229 5758 3344 5798 rem

1780 5825 2096 5893 cxplicassc.
2133 5823 2221 5878 W.
