3996 6328
572 417 678 483 “5
1562 417 1569 425 ’
1824 424 2151 489 JOANNIS

2259 428 2510 496 )ΝΑΗᾹΞ
3687 430 3786 494 tm

573 533 786 600 plexus,
822 531 1065 589 Sossium
1097 535 1148 590 ei
1182 536 1507 606 epitulatum
1548 537 1626 593 ire
1655 540 1832 611 jubet.
1868 542 2139 612 Iosephus

2259 544 2858 617 Ξιμὰρειαδώρμησεν,
2885 546 2963 612 ὥς
3010 547 3158 619 μάχῃ
3211 547 3610 619 κριθησόμενος
3657 543 3790 614 πρὶς

573 639 708 677 vero
755 624 925 679 frater
952 625 1185 683 Herodis
1226 621 1357 682 dum
1407 627 1821 684 lliericbuntem
1863 642 2162 708 properat”

2259 636 2699 703 ἈντίγονονεἜν
2725 637 2936 703 τούτοις
2965 637 3023 694 δι
3047 643 3307 704 πεσόντος
3339 638 3591 708 Πακόρου
3619 638 3677 689 ἐν
3698 652 3790 688 πο·

574 716 644 770 ali
673 717 927 786 Antigoni
962 719 1228 775 militibus
1269 721 1322 774 in
1356 723 1625 792 angustiis
1657 733 1941 792 exceptus,
1992 725 2146 780 forti-

2259 725 2410 795 ιέμῳ,
2449 727 2546 779 καὶ
2572 727 2680 780 τῶν
2711 727 2938 797 Πάρθων
2963 732 3281 801 τραπέντων
3318 731 3421 784 ὑπὸ
3476 728 3786 797 Ῥωμαίων.

577 816 661 857 tcr
706 822 954 877 pugnans
1001 810 1319 871 occumbit,
1375 813 1523 864 omni
1592 813 1792 866 amisso
1839 815 2086 867 exercitu
2125 831 2139 866 :

2259 817 2448 884 πέμπει
2482 818 2560 888 τῷ
2593 816 2807 892 Ἡρώδῃ
2832 820 3023 891 βοηθὸν
3055 804 3348 893 Μαχαιρᾶν
3374 823 3470 874 σὺν
3512 817 3787 889 πρατιᾷό

575 897 732 965 cujus
757 908 920 968 caput
941 911 1279 970 amputatum
1303 904 1608 974 Antigonus
1635 903 1789 957 fratri
1817 900 1964 960 illius
1986 906 2145 974 quin-

2259 907 2532 971 33v6i5to;.
2569 910 2678 962 Καὶ
2722 911 2896 982 τούτῳ
2933 913 3082 982 μὲνὸ
3136 912 3385 982 Ἡρώδης
3414 912 3505 964 τὸν
3569 907 3786 974 ἀδελφὴν
3829 952 3843 982 ,1

574 990 833 1058 quaginta
864 993 1083 1046 talentis
1110 989 1375 1051 vendidit.

2259 1001 2442 1070 ιωσὴφ
2480 1001 2887 1065 καταλέλοιπεν,
2955 1003 3330 1073 ἐντειλάμενος
3381 1003 3458 1072 μὴ
3507 1000 3786 1054 ἀποκινδυ-

576 1084 778 1152 νεύειν,
836 1088 971 1158 μηδὲ
1028 1089 1106 1159 τῷ
1143 1089 1400 1161 Μαχαιρᾷ
1438 1091 1831 1162 διαφέρεσθαι·
1885 1093 2050 1156 αὐτὸς
2113 1093 2170 1146 δὲ
2212 1094 2349 1165 πρὸς
2387 1095 2671 1151 ’Λντώνιον
2717 1099 2962 1162 ἔσπευδε,
3034 1099 3428 1170 πολιορκοῦντα
3481 1095 3784 1166 Σαμόσατα,

577 1180 731 1236 πόλιν
751 1182 859 1234 τῶν
889 1186 1384 1252 παρευφρατιδίων.
1446 1185 1532 1250 '0;
1571 1187 1626 1240 δέ
1662 1187 1892 1256 ἤγγιζεν
1918 1190 1947 1241 6
1990 1187 2259 1259 Ἡρώδης,
2324 1189 2532 1258 πέμπει
2584 1191 2642 1242 τὸ
2689 1193 3004 1261 στράτευμα
3043 1193 3486 1261 ὑπαντησόμενον
3550 1185 3696 1255 αύτῷ
3762 1184 3786 1235 6

575 1273 882 1338 Ἀντώνιος,
916 1277 1011 1329 καὶ
1042 1278 1284 1345 παρόντα
1308 1278 1605 1346 ἠσπάζετο,
1641 1283 1732 1333 καὶ
1795 1281 2006 1350 Σοσσίῳ
2072 1285 2382 1351 συμμαχεῖν
2447 1281 2595 1352 αὐτῷ
2639 1282 2947 1335 ἐνετέλλετο
2973 1297 2988 1313 ⁸
3029 1284 3121 1336 καὶ
3151 1282 3210 1344 ὃς
3257 1282 3311 1334 τὸ
3366 1275 3783 1344 κεκελευσμένον

577 1365 835 1436 ἐπλήρου.
865 1368 1062 1438 Ἰωσὴφ
1111 1369 1166 1423 δὲ
1212 1369 1240 1421 6
1290 1370 1520 1438 ἀδελφὸς
1561 1370 1824 1438 Ἡρώδου,
1877 1373 1969 1423 ἐπὶ
2015 1369 2342 1441 Ἱεριχοῦντα
2374 1371 2638 1436 σπεύδων,
2704 1371 3025 1441 περιπίπτει
3066 1373 3178 1434 τοῖς
3226 1371 3563 1437 Ἀντιγόνου,
3598 1363 3690 1416 καὶ
3736 1370 3789 1426 ἐν

576 1460 900 1532 δυσχωρίαις
927 1463 1285 1533 ἀποληφθεὶς,
1319 1462 1544 1532 Θνήσκει
1591 1467 1857 1530 γενναίως
1891 1465 2216 1533 μαχόμενος,
2282 1469 2378 1518 καὶ
2409 1467 2554 1518 ἅπαν
2590 1465 2828 1518 ἀπέὸαλε
2869 1466 2928 1517 τὸ
2959 1464 3298 1536 στράτευμα.
3363 1465 3673 1532 Ἀντιγονος
3718 1467 3791 1533 δὲ,

574 1557 675 1623 τὴν
704 1554 869 1607 αὑτοῦ
912 1554 1094 1623 τεμὼν
1134 1555 1400 1625 κεφαλὴν,
1440 1555 1519 1624 τῷ
1583 1555 1798 1626 ἀδελφῷ
1839 1557 2004 1612 αὑτοῦ
2043 1557 2272 1628 Φερώρᾳ
2297 1557 2596 1609 ἀποδίδωσι
2624 1557 2900 1612 ταλάντων
2938 1559 3304 1627 πεντήκοντα.
3419 1553 3421 1555 ’
3460 1551 3462 1553 ’

649 1649 743 1705 XI.
772 1649 977 1704 Galilmi
1007 1665 1227 1719 quoque
1270 1667 1367 1720 per
1410 1652 1776 1708 defectionem
1805 1651 2151 1708 Herodianos

2321 1653 2418 1706 IA'.
2459 1653 2820 1715 ’Amatdvrsc
2847 1653 2904 1705 δὲ
2931 1653 2980 1704 οἱ
3027 1650 3322 1713 Γαλιλαῖοι,
3350 1650 3476 1713 τοὺς
3508 1652 3578 1704 τὰ
3631 1652 3797 1721 Ἡρώ-

577 1744 632 1797 ἱη
671 1743 789 1796 lacu
842 1741 1244 1805 demerserunt,
1294 1744 1572 1814 multaque
1619 1747 1672 1799 in
1716 1746 1898 1800 Iudaea
1952 1755 2150 1800 novata

2259 1745 2333 1797 Sou
2373 1742 2704 1811 φρονοῦντας
2735 1745 2791 1794 ἐν
2820 1745 2884 1812 τῇ
2921 1742 3088 1812 λίμνῃ
3109 1741 3552 1807 κατεπόντωσαν,
3580 1744 3674 1796 καὶ
3703 1747 3795 1813 τῆς

577 1845 724 1891 sunt.
747 1835 956 1902 Quibus
1005 1838 1166 1892 rebus
1201 1854 1305 1891 una
1355 1854 1478 1892 cum
1528 1841 1675 1894 crede
1718 1840 1903 1895 fratris
1957 1841 2009 1893 in
2045 1839 2148 1893 Da-

2264 1835 2508 1898 ιουδαίας
2565 1834 2922 1904 ἐνεωτερίσθη
2985 1833 3178 1887 πολλὰ.
3233 1833 3470 1904 Ἥγγέλη
3527 1834 3584 1887 δὲ
3617 1834 3800 1896 ,ταῦτα

577 1929 721 1996 pline
746 1928 1046 1983 Antiochiae
1084 1930 1370 1991 nuntiatis,
1401 1930 1647 1984 Herodes
1681 1947 1918 2000 propere
1953 1931 2006 1984 in
2033 1931 2129 1985 (Ξα-

2259 1926 2465 1998 ἸΙρώδῃ
2501 1929 2594 1980 καὶ
2628 1931 2658 1994 ή
2710 1926 2805 1979 τοῦ
2845 1925 3077 1994 ἀδελφοῦ
3119 1925 3345 1995 τελευτὴ
3396 1927 3453 1976 ὲν
3486 1925 3671 1994 Δάφνῃ
3708 1927 3800 1995 τῆς

577 2020 769 2072 Ιίιτετιιιι
800 2019 1096 2088 ριόίεδιυε,
1133 2022 1386 2074 hostibus
1419 2024 1738 2090 profligat's,
1780 2034 1834 2076 et
1863 2025 1917 2077 in
1947 2021 2144 2077 Castel-

2259 2018 2598 2086 Ἀντιοχείας.
2635 2016 3006 2087 Ἐπειγομένῳ
3030 2011 3144 2080 οὖν,
3185 2015 3260 2079 ώς
3316 2015 3457 2069 κατὰ
3511 2016 3800 2069 Γαλιλαίαν

576 2113 687 2166 lum
731 2110 1001 2181 quoddam
1048 2113 1366 2183 compulsis,
1409 2115 1821 2170 Hierichuntem
1864 2115 2147 2170 contendit

2259 2108 2482 2176 ἐγένετο,
2527 2109 2864 2179 συνήντησαν
2904 2107 3056 2177 αὐτῷ
3091 2108 3142 2159 oi
3192 2106 3467 2176 πολέμιοι,
3513 2107 3608 2158 καὶ
3647 2109 3805 2177 ἡττη-

575 2203 642 2254 τιιΙ
696 2217 883 2255 necem
944 2200 1126 2256 fratris
1188 2202 1580 2257 ulciscendam.
1645 2205 1951 2274 Antigonus
2016 2219 2147 2258 vero

576 2292 761 2360 Pappo
789 2291 929 2346 duce
960 2307 1083 2345 eum
1126 2293 1301 2361 cepiis
1349 2293 1415 2346 ad
1468 2294 1770 2348 Samariam
1813 2295 2001 2360 misso,
2028 2296 2148 2364 opi-

579 2373 799 2437 nionem
827 2382 1081 2438 hostibus
1111 2398 1232 2438 eam
1261 2384 1458 2438 afferre
1483 2385 1678 2451 voluit,
1704 2388 1859 2454 quasi
1894 2385 1948 2439 in
1979 2401 2145 2454 opum

577 2474 852 2541 affluentia
899 2474 1100 2530 bellum
1148 2486 1381 2547 gereret.
1417 2476 1521 2531 Sed
1573 2476 1815 2532 l-lerodes
1863 2477 1986 2532 illos
2028 2479 2146 2531 acie

579 2569 753 2622 victos
791 2568 846 2622 in
889 2568 1072 2622 vicum
1121 2577 1468 2638 persecutus,
1511 2583 1704 2623 omnes
1759 2568 1961 2622 occidit
2009 2583 2150 2638 quos

579 2658 804 2726 adipisci
841 2658 1018 2726 potuit
1051 2676 1064 2710 :
1107 2674 1343 2727 cumque
1370 2652 1520 2712 aedes
1546 2657 1771 2712 armatis
1806 2657 2148 2726 compleren-

584 2758 693 2812 tur,
721 2759 776 2804 et
803 2750 957 2803 multi
987 2751 1039 2803 in
1065 2750 1344 2819 superiora
1373 2749 1751 2820 confugerent.
1773 2749 1932 2805 tectis
1952 2750 2147 2804 :edium

580 2841 896 2905 destructis,
934 2842 1208 2912 lapidibus
1237 2842 1439 2898 milites
1466 2845 1560 2912 qui
1594 2841 1733 2911 infra
1765 2851 1924 2904 erant
1948 2841 2148 2895 obruit.

582 2932 658 2984 Ea
701 2946 756 2985 re
803 2931 1042 2986 hostium
1078 2933 1293 2986 animos
1333 2932 1408 2985 ita
1457 2931 1639 3000 fregit,
1698 2941 1757 2983 ut
1799 2931 1978 2984 statim
2026 2942 2150 2984 cum

582 3022 825 3074 exercitu
851 3022 1223 3092 Hierosolyma
1265 3020 1473 3075 intrare
1513 3021 1773 3088 potuerit,
1801 3021 1904 3073 nisi
1941 3030 2152 3088 tempe-

585 3119 725 3165 state
765 3125 957 3180 magna
984 3099 1277 3180 impeditus
1319 3119 1483 3166 esset.
1522 3111 1589 3165 Et
1636 3111 1763 3181 quia
1807 3112 1916 3179 jam
1967 3126 2150 3173 serum

583 3212 722 3266 erat,
776 3203 828 3257 in
874 3203 1203 3258 domuncula
1268 3205 1502 3274 quadam
1554 3203 1722 3268 lavit,
1774 3220 1883 3257 uno
1943 3212 2150 3256 tantum

565 3311 758 3364 puero
807 3291 1156 3350 ministrante

585 3385 793 3455 aliquot
823 3401 889 3441 ex
912 3385 1164 3440 hostibus
1195 3377 1388 3440 urinati
1415 3402 1472 3440 se
1502 3386 1851 3455 abdiderant.
1882 3387 2019 3439 Dum
2058 3385 2158 3456 igi-

589 3483 678 3528 tur
729 3492 824 3530 rex
860 3475 1027 3541 lavat,
1073 3492 1217 3532 unus
1274 3478 1470 3532 stricto
1537 3476 1719 3546 gladio
1784 3475 2155 3548 progreditur,

588 3567 785 3621 deinde
809 3568 968 3634 alter,
995 3579 1116 3639 post
1142 3569 1300 3640 233
1327 3550 1488 3631 alius.
1518 3572 1709 3646 eodem
1740 3571 1900 3626 modo
1924 3565 2152 3625 armati:

589 3671 767 3724 neque
800 3666 976 3712 tamen
1011 3675 1341 3730 quemquam
1391 3671 1798 3731 percusserunt,
1837 3673 1896 3715 ut
1926 3663 1979 3715 in
2009 3669 2155 3715 metu
2177 3688 2190 3714 κ

589 3752 820 3805 salutem
875 3753 1190 3821 quaesivisse
1233 3755 1498 3808 contenti.
1545 3755 1866 3823 Hujusmodi
1909 3755 2153 3825 periculo

589 3843 812 3908 evitato,
849 3843 1114 3913 postridie
1142 3844 1308 3925 Pappi
1332 3846 1441 3915 jam
1469 3844 1743 3900 interfecti
1775 3855 1938 3915 caput
1969 3860 2160 3914 ampu-

593 3944 786 3998 tatum,
838 3935 1092 3991 Pherora:
1155 3935 1308 3990 fratri
1364 3953 1462 4006 pro
1491 3937 1714 4006 Josephi
1764 3939 1938 4008 capite
1987 3937 2153 4000 misit,

593 4027 759 4096 l‘appi
803 4029 1054 4082 manibus
1091 4030 1385 4086 interfecti.
1430 4030 1778 4099 Tempestate
1812 4030 2019 4108 sedata,
2064 4045 2158 4082 ea-

593 4119 722 4171 stris
765 4120 1008 4188 proxime
1053 4119 1425 4191 Hierosolyma
1469 4123 1770 4188 collocatis,
1806 4132 1860 4176 et
1906 4137 2034 4176 cura
2063 4137 2158 4187 pa-

598 4209 780 4265 randae
823 4210 1128 4265 obsidionis
1188 4213 1353 4266 certis
1391 4212 1706 4266 horninibus
1742 4213 2015 4273 mandata,
2067 4210 2163 4265 Sa-

596 4303 821 4356 mariam
870 4302 1006 4368 abit,
1041 4311 1095 4356 ut
1147 4318 1268 4356 cum
1318 4302 1606 4358 Alexandri
1657 4302 1764 4355 ﬁlia
1815 4318 2009 4371 sponsa
2063 4316 2159 4354 sua

596 4394 1005 4448 concumberet.
1042 4394 1258 4463 Nuptiis
1289 4387 1575 4459 absolutis,
1605 4403 1661 4448 et
1699 4394 1815 4464 ipse
1851 4403 1907 4448 et
1945 4391 2161 4447 Sossius

597 4499 724 4536 eum
762 4485 1003 4538 exercitu
1042 4485 1107 4537 ad
1146 4485 1645 4557 Hierosolymorum
1676 4487 1874 4541 moenia
1910 4484 2158 4554 profecti,

599 4575 895 4646 aggeribus
933 4575 1205 4638 excitatis,
1261 4575 1621 4645 adductisque
1674 4577 1944 4631 machinis
2000 4592 2159 4630 muro
2194 4607 2236 4660 D

561 4671 564 4674 ‘
600 4669 832 4739 dejeeto,
869 4667 935 4722 iis
960 4665 1053 4735 qui
1095 4666 1243 4719 intus
1284 4668 1440 4719 erant
1483 4681 1547 4719 ex
1579 4665 1955 4737 desperatione
1993 4669 2163 4738 magis

603 4742 763 4825 quam
795 4758 1023 4811 consilio
1064 4757 1490 4811 resistentibus:
1533 4746 1768 4826 phinum
1811 4758 2002 4828 viginti
2036 4759 2162 4812 lecti

605 4850 824 4905 milites.
856 4849 1051 4901 deinde
1079 4849 1244 4902 Sossii
1274 4849 1622 4904 centuriones
1658 4850 1857 4903 mmnia
1900 4864 2167 4904 conscen-

605 4942 756 4995 dere.
790 4942 865 4994 Ac
901 4934 1049 5007 prior
1080 4956 1274 4993 murus
1315 4940 1512 4993 diebus
1553 4940 1933 5017 quadraginta,
1987 4948 2169 5007 poste-

608 5035 719 5088 rior
755 5031 1064 5102 quindecim
1094 5040 1176 5084 est
1207 5041 1565 5099 expugnatus.
1608 5032 1779 5098 Capto
1811 5031 1976 5082 etiam
2021 5041 2170 5084 exte-

567 5147 571 5151 ι
611 5129 751 5179 riore
786 5125 1007 5194 templo,
1036 5132 1092 5178 et
1125 5121 1261 5176 urbe
1297 5121 1580 5184 inferiore,
1615 5121 1670 5174 in
1723 5121 1983 5189 templum
2030 5121 2170 5174 inte-

613 5218 727 5269 rius
756 5227 810 5270 et
841 5218 1180 5287 superiorem
1207 5216 1397 5270 urbem
1435 5214 1818 5283 confugerunt.
1851 5213 1920 5266 lis
1954 5225 2170 5281 quoque

610 5308 952 5374 expugnatis,
987 5309 1228 5362 caedibus
1263 5307 1464 5363 referta
1510 5306 1734 5360 fuerunt
1760 5303 1979 5358 "omnia.
2019 5304 2172 5358 Anti-

614 5412 787 5468 gonus
814 5411 942 5448 vero
986 5413 1163 5463 neque
1192 5399 1487 5468 prmsentis-
1509 5414 1684 5467 neque
1715 5397 1959 5466 pristinae
2001 5396 2164 5449 fortu-

614 5503 957 5551 attenuentur,
1007 5491 1141 5542 turri
1188 5492 1396 5549 relicta.
1449 5492 1634 5546 Sossio
1675 5490 1900 5558 supplex
1953 5489 2168 5557 accidit.

616 5585 785 5647 Quem
829 5583 936 5641 ille,
984 5590 1142 5634 tant-.e
1195 5584 1507 5637 mutationis
1557 5583 1691 5638 nihil
1734 5582 2010 5643 misertus,
2047 5593 2171 5632 cum
2205 5575 2218 5586 ’

621 5675 811 5741 plausu
844 5685 1121 5733 marinum,
1171 5671 1492 5741 Antigoncm
1532 5675 1786 5743 appellat,
1834 5683 1888 5728 et
1930 5674 2169 5725 vinctum

624 5768 679 5820 in
719 5778 870 5820 etuti
895 5769 1020 5819 li'm
1045 5768 1228 5821 tradit.
1264 5765 1503 5819 llerodcs
1525 5769 1702 5821 socios
1733 5768 1797 5819 ad
1836 5766 2092 5834 templum
2121 5773 2173 5816 et

623 5860 844 5914 sacrzrii
889 5861 1107 5930 adytum
1156 5859 1506 5929 spectandum
1555 5868 1930 5929 properantes,
1977 5857 2171 5927 partim

1216 3313 1230 3349 :
1275 3295 1328 3349 in
1378 3297 1533 3366 cujus
1582 3294 1896 3348 interiorem
1941 3294 2150 3363 partem
2182 3281 2223 3333 (ἶ

2248 2199 2450 2264 θέντες,
2484 2199 2948 2268 κατεκλείσθησαν
2982 2198 3061 2259 είς
3089 2214 3142 2250 τι
3173 2199 3392 2268 χωρίον.
3432 2199 3492 2251 Ὀ
3521 2197 3578 2250 δὲ
3611 2197 3802 2251 ἔσπευ-

2247 2291 2335 2343 δεν
2383 2293 2462 2352 εἰς
2507 2288 2861 2357 Ἱεριχοῦντα,
2915 2287 3334 2358 τιμωρήσασθαι
3384 2287 3555 2341 Θέλων
3615 2281 3805 2353 αὐτοὺς

2248 2381 2336 2434 διὰ
2363 2381 2454 2432 τὸν
2486 2379 2730 2446 ἀδελφόν.
2775 2378 3074 2446 Ἀντίγονος
3123 2377 3179 2430 δὲ
3223 2379 3316 2430 ἐπὶ
3347 2377 3447 2449 τὴν
3493 2378 3804 2449 Σαμάρειαν

2249 2473 2461 2542 πέμπει
2515 2471 2826 2541 στρατηγὸν
2881 2471 3113 2524 Πάππον
3174 2469 3346 2538 ὄνομα
3405 2473 3503 2524 σὺν
3561 2471 3805 2539 δυνάμει,

2250 2565 2506 2636 παρέχων
2566 2564 2703 2625 τοῖς·
2750 2562 3018 2626 ἐναντίοις
3080 2561 3240 2628 δόξαν
3311 2561 3680 2632 πολεμοῦντος
3745 2565 3804 2615 ἐκ

2252 2662 2592 2735 περιουσίας.
2625 2663 2740 2716 Καὶ
2788 2660 3035 2732 Ἡρώδης
3082 2655 3248 2732 ἦλθεν
3289 2661 3379 2713 ἐπὶ
3424 2661 3513 2713 τὸν
3564 2660 3808 2725 Πάππον,

2251 2757 2344 2808 καὶ
2377 2753 2668 2821 συμϐαλών
2721 2756 2834 2816 τοῖς
2892 2751 3171 2821 πολεμίοις
3224 2753 3438 2820 κρατεῖ,
3489 2751 3586 2803 καὶ
3624 2752 3804 2802 εἵπετο

2251 2846 2543 2912 φεύγουσιν
2573 2849 2652 2908 είς
2676 2844 2775 2914 τὴν
2800 2843 3016 2913 κώμην,
3039 2842 3263 2896 κτείνων
3292 2842 3387 2906 οὓς
3408 2843 3474 2896 ἂν
3495 2843 3805 2896 καταλάϐοι.

2253 2937 2704 3006 Πεπληρωμένων
2735 2935 2791 2988 δέ
2825 2936 2934 2988 τῶν
2975 2917 3162 2988 οἰκιῶν
3193 2934 3448 3002 ὁπλιτῶν,
3486 2936 3581 2988 καὶ
3603 2933 3809 2987 πολλῶν

2252 3031 2344 3082 ἐπὶ
2374 3029 2472 3092 τὰς
2523 3030 2722 3097 στέγας
2767 3029 3206 3097 ἀναφευγόντων,
3251 3030 3376 3093 τοὺς
3425 3028 3654 3100 ὀρόφους
3703 3029 3818 3080 τῶν

2251 3120 2416 3173 οἴκων
2457 3120 2759 3190 καθαιρῶν,
2795 3119 3019 3186 ἐκράτει
3063 3118 3299 3182 τούτων.
3349 3111 3814 3188 Καθαιρουμένων

2253 3213 2308 3264 δέ
2340 3212 2447 3265 τῶν
2464 3213 2697 3281 ὀρόφων,
2741 3212 2950 3274 ἔμπλεα
2981 3210 3230 3279 ἑωρῶντο
3260 3211 3326 3262 τὰ
3357 3211 3510 3263 κάτω
3556 3225 3816 3278 στρατιω-

2256 3299 2388 3364 τῶν,
2423 3301 2515 3363 οὓς
2545 3302 2711 3364 λίθοις
2743 3302 2946 3355 ἄνωθεν
2977 3300 3234 3371 βαλόντες
3262 3299 3529 3356 ⁴ἔκτεινον.
3558 3298 3725 3351 Τοῦτο
3752 3299 3816 3350 τὰ

2256 3393 2365 3447 τῶν
2418 3391 2694 3462 πολεμίων
2740 3395 3064 3462 φρονήματα
3132 3392 3397 3460 ἔθραυον
3459 3393 3554 3444 καὶ
3584 3385 3714 3462 ἧκεν
3747 3391 3815 3444 ἂν

2257 3487 2337 3544 είς
2375 3485 2721 3555 Ἰεροσόλυμα
2759 3485 2787 3537 6
2821 3483 3066 3556 Ἡρώδης
3099 3484 3237 3554 μετὰ
3268 3486 3367 3554 τῆς
3418 3485 3672 3555 στρατιᾶς
3717 3483 3814 3535 αὖ·

2256 3575 2401 3639 τίκα,
2433 3576 2529 3628 καὶ
2558 3575 2619 3627 τὸ
2646 3577 2752 3628 πᾶν
2779 3574 3158 3646 ἐξειργάσατο,
3191 3575 3238 3626 εἰ
3273 3574 3348 3643 μὴ
3378 3572 3587 3641 χειμὼν
3621 3572 3816 3640 ἐπέσχε

2259 3666 2442 3734 βαθύς.
2464 3665 2595 3718 Τότε
2619 3666 2773 3733 ὀψίας
2791 3663 2977 3730 οὔσης,
3007 3665 3036 3715 6
3066 3663 3316 3732 βασιλεὺς
3350 3662 3622 3730 Ἡρώδης,
3659 3664 3736 3724 είς
3767 3679 3816 3713 τι

2257 3755 2525 3823 δωμάτιον
2559 3754 2836 3815 εἰσελθὼν,
2871 3752 3002 3821 περὶ
3029 3752 3257 3821 λουτρὸν
3290 3747 3379 3820 ἦν,
3417 3751 3510 3803 καὶ
3544 3751 3816 3804 ἀποδυσά-

2261 3863 2422 3915 μενος
2456 3844 2688 3906 ἐλούετο,
2743 3843 2861 3906 ἐνὸς
2896 3843 3045 3912 αύτῷ
3095 3843 3544 3914 ύπηρετουμένου
3597 3842 3784 3899 παιδός
3802 3858 3815 3872 ⁸
3890 3872 3892 3874 ·

2260 3939 2398 3992 κατὰ
2424 3938 2479 3990 δέ
2509 3955 2572 4005 γε
2605 3937 2666 3990 τὸ
2698 3937 2975 4004 ἐνδότερον
3001 3933 3208 4006 οἴκημα
3239 3935 3348 3988 τῶν
3371 3924 3651 4003 πολεμίων
3674 3934 3819 3995 τινὲς

2262 4030 2706 4098 συμπεφευγότες
2752 4027 3105 4096 ὠπλισμένοι,
3142 4026 3260 4079 ἐκεῖ
3301 4025 3390 4080 διὰ
3429 4021 3615 4095 ’φόϐον
3660 4024 3823 4094 ἐκρύ-

2261 4138 2474 4177 πτοντο.
2507 4121 2616 4174 Καὶ
2648 4117 2851 4189 μεταξὺ
2882 4117 3175 4188 λουομένου
3197 4117 3287 4170 τοῦ
3316 4117 3601 4188 βασιλέως,
3633 4110 3714 4180 εἷς
3741 4132 3823 4178 τις

2261 4213 2614 4282 ἐπεξέρχεται
2672 4211 2824 4278 ξίφος
2875 4206 3294 4280 έχωνγυμνδν,
3353 4209 3446 4281 καὶ
3503 4226 3605 4278 μετ
3661 4210 3824 4262 αυτὸν

2262 4303 2442 4366 ἄλλος,
2475 4302 2569 4354 καὶ
2598 4297 2754 4362 αὖθις
2787 4297 2997 4370 ἔτερος,
3023 4300 3224 4368 ὁμοίως
3250 4299 3607 4370 ὠπλισμένοι,
3634 4300 3826 4353 οὐδένα

2263 4391 2562 4460 πλήξαντες
2608 4389 2713 4442 ὑπὸ
2749 4389 2924 4452 δέους,
2957 4387 3285 4454 ἀγαπῶντες
3316 4387 3373 4439 δέ
3423 4388 3471 4439 εἰ
3499 4390 3676 4441 ,αὐτοὶ
3723 4404 3826 4439 σω-

2263 4481 2427 4536 θεῖεν.
2458 4478 2712 4532 Τοιοῦτον
2765 4478 2935 4547 ἔφυγε
2982 4477 3227 4531 κίνδυνον
3269 4475 3326 4540 ὁ,
3349 4477 3618 4548 Ἡρώδης.
3655 4478 3738 4548 Τῇ
3773 4477 3828 4529 δέ

2265 4572 2530 4644 ὑστεραία
2573 4572 2670 4641 τὴν
2720 4569 2815 4624 τοῦ
2873 4569 3109 4623 Πάππου
3166 4567 3346 4641 τεμὼν
3395 4570 3665 4638 κεφαλὴν,
3727 4569 3828 4640 ἦδη

2242 4666 2636 4737 ἀνῃρημένου,
2671 4662 2885 4732 ἔπεμψε
2919 4660 3146 4733 Φερώρᾳ
3178 4663 3257 4730 τῷ
3295 4660 3511 4730 ἀδελφῷ
3558 4663 3685 4715 ἀντὶ
3731 4662 3828 4730 τῆς

2265 4759 2358 4812 τοῦ
2384 4759 2585 4825 Ἰωσὴφ
2615 4756 2858 4822 κεφαλῆς
2881 4771 2894 4784 ·
2927 4746 3084 4815 οὗτος
3111 4753 3223 4820 γὰρ
3247 4746 3314 4820 ἦν
3339 4753 3368 4803 6
3393 4751 3648 4817 Πάππος,
3676 4750 3832 4804 αὑτό-

2265 4867 2389 4920 χειρ
2429 4847 2637 4900 ἐκείνου
2677 4845 2994 4914 γενόμενος.
3025 4841 3301 4910 Λήξαντος
3327 4842 3383 4897 δὲ
3409 4845 3504 4895 τοῦ
3539 4845 3831 4914 χειμῶνος,

2267 4938 2494 5004 ἀφίκετο
2525 4937 2661 5007 πρὸς
2707 4935 3070 5007 Ἱεροσόλυμα,
3103 4937 3195 4987 καὶ
3221 4933 3715 5013 στρατοπεδεύεται
3739 4934 3833 5002 τῆς

2271 5029 2476 5090 πόλεως
2511 5029 2738 5096 ἔγγιστα
2765 5044 2778 5059 ·
2811 5029 2905 5080 καὶ
2935 5025 3252 5080 καταλιπὼν
3277 5025 3394 5076 ἐκεῖ
3425 5024 3549 5085 τοὺς
3593 5023 3668 5076 τὰ
3701 5025 3832 5094 πρὸς

2268 5123 2366 5190 τὴν
2396 5122 2710 5193 πολιορκίαν
2744 5122 3157 5192 ἐτοιμάσοντας.
3189 5115 3352 5178 αὐτὸς
3399 5115 3478 5178 είς
3511 5113 3832 5186 Σαμάρειαν

2270 5214 2462 5284 ᾤχετο,
2489 5219 2556 5286 τῇ
2590 5214 2944 5282 Ἀλεξάνδρου
2971 5207 3206 5277 θυγατρὶ
3226 5207 3834 5287 ’συνεμνασθησόμενος,

2272 5307 2370 5375 ἤδη
2429 5306 2862 5375 κατεγγυηθείσῃ
2909 5301 3079 5369 αὐτῷ,
3130 5299 3204 5362 ώς
3237 5299 3536 5368 ἱστόρηται.
3590 5298 3753 5351 Μετὰ
3783 5298 3834 5351 δὲ

2223 5460 2228 5465 Ι
2271 5398 2640 5473 τοὺςηγάμους
2687 5395 2916 5463 ἀφίκετο
2965 5395 3028 5444 ὲκ
3064 5391 3398 5462 Σαμαρείας.
3437 5383 3586 5441 Ἦκε
3634 5391 3694 5458 δὲ
3746 5391 3836 5444 σὺν

2274 5491 2502 5556 στρατιᾷ
2530 5491 2618 5539 καὶ
2639 5490 2666 5539 ό
2691 5486 2935 5551 Σόσσιος,
2958 5483 3051 5535 καὶ
3079 5483 3212 5552 πρός
3237 5481 3298 5532 τδ
3320 5480 3498 5549 τεῖχος
3525 5480 3646 5533 τῶν
3682 5481 3746 5552 Ἰε
3757 5498 3828 5550 ρο»

2276 5578 2526 5648 σολύμων
2559 5575 2899 5644 ἡθροίζοντο,
2935 5575 3028 5625 καὶ
3074 5573 3306 5641 χώματα
3355 5570 3702 5640 ἐγείραντες,
3750 5571 3835 5623 καὶ

2275 5665 2698 5737 πολιορκητικας
2761 5662 3011 5731 μηχανὰς
3074 5661 3470 5729 προσάγοντες,
3532 5660 3602 5714 τὸ
3664 5663 3833 5730 τεῖχος

2278 5751 2578 5812 κατέσειον.
2617 5757 2726 5808 Καὶ
2767 5756 2816 5806 οἱ
2852 5756 3000 5816 ἐντὸς
3038 5753 3092 5805 δὲ
3129 5751 3356 5823 ἀπονοίᾳ⁴
3391 5751 3598 5821 μᾶλλον
3635 5753 3669 5821 ἦ
3703 5767 3832 5821 προς

2278 5855 2395 5923 νοεῖ.
2450 5849 2912 5908 ἀντικαθίσταντο
2946 5845 3444 5919 στρατηγούμενον
3476 5846 3830 5901 ἀναϐαίνουσι
