3996 6328
591 400 701 465 Hi

1863 403 2186 468 JOANNIS
2224 407 2544 468 ΖΟΝΛΙΗΞ

3711 414 3816 475 4H

589 513 813 585 gerere?
845 514 956 568 Rex
986 515 1077 580 illa
1113 515 1387 585 principio
1421 532 1529 571 non
1571 517 1828 572 iracunde
1875 520 2148 574 audiebat.

2257 522 2406 588 γήρᾳ
2447 522 2793 575 καταλιπὼν
2819 522 2911 590 ἐφ’
2937 521 3024 574 ἐνί
3067 523 3229 575 παιδί
3278 523 3376 599 ραι
3428 523 3808 592 συγγενέσιν,

590 605 698 658 Sed
739 605 968 660 Teronis
1012 606 1370 662 immoderata
1418 617 1476 663 et
1525 610 1748 664 militari
1796 611 2044 666 libertate
2096 622 2153 666 et

593 696 830 750 militum
867 698 1239 767 indignatione
1267 711 1600 764 commotus,
1635 702 1903 759 Tcronem
1945 706 1998 759 in
2035 707 2151 760 vin-

575 785 728 838 culis
759 789 1030 842 asservari
1065 791 1245 858 jussit.
1281 791 1396 856 Qua
1432 779 1721 848 occasione
1749 796 2155 866 arrepta,,'l‘ry-

589 877 734 944 phon
779 881 919 948 regis
955 890 1144 933 tonsor
1169 883 1306 935 dixit
1333 899 1389 936 se
1416 899 1444 937 a
1477 883 1691 938 Terone
1723 886 1922 953 sepius
1949 887 2155 939 sollici-

592 972 762 1019 tatum
785 1007 799 1027 .
834 978 892 1022 ut
925 971 1066 1038 regis
1100 970 1278 1040 gulam
1318 974 1586 1026 novacula
1621 974 2006 1030 abscinderet:
2044 991 2152 1042 quo

586 1053 766 1120 facto,
806 1059 1109 1128 principem
1147 1064 1498 1132 locum‘apud
1538 1064 1906 1117 Alexandrum
1937 1065 2156 1119 habitu-

585 1159 682 1198 rus
745 1151 910 1202 esset.
972 1148 1065 1204 His
1115 1152 1278 1206 dictis
1328 1162 1384 1206 et
1437 1153 1552 1222 ipse
1617 1139 2149 1223 comprehenditur:

585 1236 916 1302 quzestimes
941 1238 1008 1292 de
1045 1239 1290 1303 Terone.
1327 1245 1445 1313 ejus
1476 1243 1609 1307 lilio,
1651 1255 1706 1298 et
1742 1255 1962 1300 tonsore
1993 1247 2152 1317 253

586 1323 878 1380 habentur.
915 1328 1086 1393 Quam
1133 1333 1514 1388 necessitatem
1555 1343 1708 1402 patre
1744 1334 1963 1389 fortiter
2011 1337 2146 1389 tole-

585 1425 769 1481 rante,
806 1418 985 1481 filius,
1026 1421 1118 1487 qui
1155 1435 1320 1491 quam
1360 1425 1405 1478 is
1449 1426 1648 1480 misere
1697 1427 1930 1480 affectus
1964 1435 2110 1480 esset
2135 1469 2150 1489 ,

582 1519 872 1574 cerneret,
916 1511 1052 1566 dixit
1083 1529 1141 1568 se
1177 1517 1288 1585 regi
1325 1527 1615 1571 verttalcm
1650 1518 2018 1572 indicaturum
2043 1560 2058 1583 ,
2105 1521 2152 1575 si

586 1607 798 1666 patrem
837 1612 888 1656 et
921 1619 977 1656 se
1010 1605 1117 1659 illis
1150 1608 1487 1661 cruciatibus
1529 1609 1766 1664 liberare
1807 1611 1990 1665 vellett
2021 1611 2154 1667 Fide

584 1701 849 1758 accepta,
898 1695 1220 1750 convenisse
1266 1697 1375 1761 ait,
1434 1708 1493 1752 ut
1523 1698 1700 1754 Teron
1743 1701 1859 1755 suis
1901 1703 2154 1757 manibus

582 1795 772 1850 regem
798 1784 1034 1838 occidat;
1066 1784 1163 1840 llis
1193 1786 1356 1841 dictis
1380 1829 1392 1848 .
1422 1799 1631 1858 patrem
1653 1808 1895 1845 aerumna
1930 1793 2148 1847 liberat.

2253 605 2339 662 ὧν
2355 611 2536 676 αὐτὸς
2565 611 2923 676 τοσαυτάκις
2948 611 3244 680 κατέγνως
3265 611 3555 676 θάνατον-ε
3584 613 3701 667 οὐκ
3719 616 3811 667 ἐν·

2254 702 2518 768 νοήσεις,
2555 704 2642 756 ὅτι
2672 703 2768 756 καὶ
2797 702 2914 755 τῶν
2941 703 3140 770 ὄχλων
3163 705 3200 771 ἠ
3230 705 3428 769 σιωπὴ
3458 704 3554 757 διὰ
3572 704 3816 772 μέγεθος

2254 792 2358 846 τοῦ
2410 794 2638 859 πάθους
2679 793 2832 855 ἐστὶ,
2876 793 2975 846 καὶ
3025 790 3193 847 πᾶσα
3261 794 3299 860 ἡ
3351 793 3597 860 στρατιὰ
3643 793 3810 846 ἔλεον

2249 882 2365 950 μὲν
2386 883 2503 937 τῶν
2524 886 2928 953 ἀτυχούντων,
2966 899 3150 949 μίσος
3173 883 3242 942 δὲ
3280 882 3398 936 τῶν
3426 884 3612 936 ταῦτα
3644 885 3806 956 ἐργαέ

2254 972 2509 1041 ζὀμένων
2527 976 2868 1043 ἐσχήκασιν
2894 992 2912 1036 ;
2948 975 3152 1026 Ἠκουε
3201 973 3373 1027 ταῦτα
3421 975 3448 1026 6
3479 973 3730 1042 βασιλεὺς
3754 978 3807 1027 ἐν

2253 1069 2394 1138 ἀρχῇ
2428 1069 2526 1120 οὐκ
2555 1067 2908 1136 ἀγνωμόνως.
2970 1049 3034 1119 Ὅ
3088 1067 3142 1119 δὲ
3192 1067 3414 1134 Τὴρων,
3447 1065 3669 1134 ἀμέτρῳ
3720 1066 3807 1116 καὶ

2255 1160 2614 1226 στρατιωτικῇ
2644 1156 2923 1226 χρώμενος
2948 1156 3251 1228 παρρησία,
3275 1155 3366 1206 τὸν
3394 1154 3640 1224 Ἡρώδην
3686 1155 3803 1206 ἑτά-

2253 1247 2405 1316 puis,
2440 1248 2534 1299 καὶ
2564 1248 2700 1315 πρὸς
2725 1247 2821 1317 τὴν
2849 1246 2956 1299 τῶν
2991 1246 3339 1316 στρατιωτῶν
3366 1247 3617 1315 κεκίνητο
3639 1247 3800 1312 ἀγανσ

2251 1338 2504 1406 άκτησιν.
2547 1338 2658 1391 Καὶ
2721 1338 3072 1406 προστάττει,
3105 1335 3196 1388 τὸν
3228 1336 3461 1405 Τήρωνα
3520 1335 3804 1402 δήσαντα),

2254 1427 2397 1497 ἔχειν
2431 1430 2487 1481 ὲν
2512 1427 2749 1496 φυλακῇ.
2783 1427 3118 1480 Ἐπιτίθεται
3149 1427 3206 1480 δὲ
3235 1425 3312 1496 τῷ
3340 1420 3518 1494 καιρῷ
3546 1426 3640 1477 καὶ
3667 1424 3803 1494 Τρύ·

2255 1535 2370 1585 φων
2399 1517 2493 1570 τοῦ
2534 1518 2797 1587 βασιλέως
2827 1517 3078 1588 κουρεὺς,
3120 1516 3292 1570 ιίπὼν
3351 1517 3426 1579 ὼς
3468 1517 3811 1568 ἀναπείθοιτο

2255 1609 2517 1672 πολλάκις
2541 1610 2644 1662 ύπδ
2691 1608 2784 1663 τοῦ
2831 1609 3088 1679 Τήρωνος
3137 1608 3284 1677 ξυρῷ
3339 1608 3430 1687 τὸν
3491 1607 3686 1676 λαιμὸν
3715 1609 3831 1659 τού

2257 1700 2521 1770 βασιλέως
2549 1701 2735 1768 τεμεῖν
2756 1714 2772 1729 ·
2799 1698 3016 1753 ἔσεσθαι
3045 1699 3152 1767 γάρ
3180 1700 3239 1750 ὲν
3263 1696 3496 1766 πρώτοις
3517 1699 3596 1764 τες)
3627 1697 3804 1759 Ἀλεξ-

2260 1794 2456 1862 άνδρῳ.
2494 1792 2680 1845 Ταῦτα
2730 1791 2922 1856 εἰπὼν,
2970 1793 3064 1843 καὶ
3122 1791 3284 1852 αὐτὸς
3343 1789 3808 1858 συλλαμϐάνεταιο

583 1871 829 1927 llerodes
860 1890 990 1928 vero
1021 1879 1169 1930 omni
1197 1879 1539 1934 dubitatione
1565 1879 1775 1951 paterni
1805 1885 1970 1937 animi
1995 1900 2149 1953 repu-

2259 1886 2352 1938 καὶ
2384 1888 2440 1936 ὲν
2471 1885 2723 1954 βασάνοις
2754 1879 2895 1954 ἦσαν
2919 1884 3168 1952 ὀτήρων
3194 1900 3252 1934 τε
3279 1883 3370 1934 καὶ
3396 1885 3424 1935 6
3453 1881 3809 1947 παῖς“αύτοῦ,

581 1960 750 2026 diata,
781 1965 1062 2020 decretum
1095 1960 1256 2023 suum
1285 1972 1509 2039 exsequi
1544 1977 1758 2028 statuit.
1798 1975 1980 2042 Itaque
2025 1975 2154 2027 Ale-

582 2054 794 2110 xander
843 2068 898 2112 ct
939 2059 1292 2136 Aristobulus
1354 2063 1620 2118 Sebasten
1669 2065 1956 2134 perducti,
2008 2065 2154 2120 illius

580 2143 738 2208 iussu
773 2146 970 2217 laqueo
1004 2137 1395 2220 praefoeantur.
1443 2154 1583 2208 Sunt
1616 2165 1668 2208 et
1711 2172 1803 2211 ccc
1830 2157 1998 2211 duces
2025 2158 2102 2211 rei
2134 2196 2151 2221 ,

583 2244 642 2286 et
673 2233 853 2290 Teron
883 2253 1005 2294 cum
1039 2240 1152 2295 filio
1175 2252 1232 2297 et
1263 2251 1485 2298 ton-ore
1519 2246 1774 2314 producti
1804 2255 1966 2316 atque
1993 2263 2153 2303 accu-

582 2325 686 2380 sati
712 2366 728 2391 ,
773 2343 916 2397 quos
956 2333 1193 2401 populus
1227 2335 1351 2413 telis
1380 2337 1557 2390 obiter
1591 2338 1824 2406 arreptis
1854 2338 2148 2394 interfecit.

581 2414 890 2488 Antipatro,
918 2435 1041 2475 cum
1072 2422 1272 2480 fratres
1314 2427 1664 2491 sustulisset,
1713 2428 1985 2484 difficilior
2012 2429 2151 2483 facta

581 2517 667 2563 est
703 2501 854 2582 regni
888 2511 1146 2583 adeptlo,
1181 2519 1455 2587 susceptis
1497 2520 1842 2589 popularium
1875 2519 2016 2574 odiis
2041 2562 2053 2584 ,
2087 2536 2154 2574 ac

582 2602 821 2657 militum
847 2605 901 2659 in
924 2607 1120 2675 primis
1161 2625 1175 2662 :
1200 2609 1294 2663 sed
1317 2612 1594 2680 regni-fuit
1615 2613 1822 2666 interea
1846 2629 1968 2667 cum
1999 2624 2152 2683 patre

581 2694 882 2764 particeps,
905 2699 999 2766 qui
1027 2700 1075 2754 ei
1107 2699 1269 2754 fidem
1300 2701 1556 2756 habebat.
1591 2704 1883 2757 Alexandri
1922 2720 2149 2761 uxirrcm

581 2782 650 2836 ad
688 2795 898 2854 patrem
937 2790 1148 2845 remisit
1189 2791 1433 2849 llerodes
1457 2838 1469 2860 ,
1507 2795 1920 2851 interfectorum
1947 2797 2152 2852 liberos

581 2895 780 2952 magno
812 2887 998 2942 studio
1019 2887 1177 2944 aluit.
1212 2889 1542 2958 Susceperat
1572 2893 1715 2946 enim
1748 2893 2055 2947 Alexander
2085 2909 2150 2946 ex

579 2974 852 3046 Glaphyra
900 2979 1040 3034 duos
1081 2996 1303 3036 mares:
1341 2981 1690 3037 Aristobulus
1728 3000 1757 3038 e
1786 2984 2012 3038 Bernicc
2041 2995 2152 3042 tres

585 3064 755 3130 filios,
788 3077 844 3122 et
876 3069 1012 3124 duas
1040 3071 1254 3127 filiolas.
1298 3073 1467 3129 Natus
1497 3085 1582 3130 est
1637 3087 1691 3130 et
1725 3079 1833 3146 regi
1867 3093 1897 3131 e
1929 3078 2148 3147 pontifi-

2256 1977 2349 2029 καὶ
2383 1977 2544 2039 αὐτὸς
2578 1979 2605 2029 6
2628 1974 2880 2044 κουρεύς.
2942 1972 3444 2043 Διακαρτεροῦντος
3495 1973 3545 2025 δ’
3604 1976 3662 2026 ὲν
3696 1975 3810 2034 ταῖς

2256 2065 2510 2136 βασάνοις
2567 2056 2661 2118 τού
2711 2066 2991 2135 Τὴρωνος,
3045 2063 3188 2136 ὀρῶν
3227 2066 3254 2116 6
3297 2067 3424 2126 παῖς
3456 2061 3550 2116 τὸν
3608 2063 3807 2131 πατέρα

2254 2158 2506 2230 χαλεπῶς
2557 2158 2921 2226 διακείμενον,
2974 2157 3078 2226 ἔφη
3137 2156 3400 2225 μηνύσειν
3458 2154 3538 2218 τῷ
3608 2153 3813 2224 βασιλεῖ

2253 2253 2354 2323 τὴν
2383 2252 2660 2322 ἀλήθειαν,
2691 2253 2739 2303 εί
2769 2251 2955 2318 μέλλει
2991 2247 3259 2320 ῥύσασθαι
3305 2246 3411 2299 τῶν
3447 2246 3692 2313 βασάνων
3728 2245 3810 2299 τὸν

2254 2345 2466 2414 πατέρα
2500 2344 2593 2396 καὶ
2633 2343 2842 2396 ἑαυτό).
2881 2341 3074 2394 Λασὼν
3104 2341 3160 2393 δὲ
3193 2341 3425 2403 πίστεις,
3461 2341 3646 2408 ἔλεγεν
3675 2337 3809 2392 εἶναι

2256 2435 2531 2505 συνθήκην
2555 2432 2838 2486 ἐπιθέσθαι
2882 2430 2958 2500 τῷ
2999 2431 3212 2500 βασιλεῖ
3259 2427 3329 2482 δι’
3355 2429 3700 2500 αὐτοχειρίας
3724 2428 3810 2481 τὸν

2255 2530 2506 2599 Τήρωνα.
2536 2527 2721 2581 Ταῦτα
2756 2525 2946 2590 εἰπὼν,
3008 2525 3311 2592 ἐξαιρεῖται
3338 2523 3431 2575 τὴν
3469 2523 3682 2592 πατέρα
3712 2522 3807 2588 τῆς

2255 2621 2520 2689 ἀνάγκης.
2589 2625 2632 2671 υ
2657 2617 2701 2670 δ’
2743 2614 3009 2685 Ἡρώδης,
3043 2614 3196 2667 οὐδὲν
3238 2613 3318 2666 ἔτι
3375 2613 3718 2682 ἐνδοιάσιμον
3745 2613 3805 2678 τῇ

2251 2712 2398 2782 ψυχῇ
2430 2708 2839 2770 καταλελοιπὼς
2871 2707 3003 2775 περὶ
3039 2706 3142 2776 τὴν
3170 2705 3536 2771 τεκνογονῖαν,
3569 2704 3718 2764 τέλος
3745 2704 3805 2771 τῇ

2255 2801 2575 2871 προαιρέσει
2632 2799 2880 2852 έπέθετο.
2946 2796 3056 2850 Καὶ
3113 2795 3371 2866 ἀχθέντες
3421 2797 3498 2856 εἰς
3540 2791 3808 2861 Σεϐαστὴ-ι

2266 2892 2610 2962 Ἀλέξανδρός
2638 2909 2696 2942 τε
2725 2891 2819 2943 καὶ
2857 2885 3293 2960 Ἀριστόϐουλος,
3336 2887 3694 2950 ἐπιτάξαντες
3717 2884 3808 2938 τοῦ

2233 2984 2458 3062 πατρὸς
2501 2976 2817 3055 στραγγάλῃ
2857 2979 3344 3050 ἀπηγχονήθησαν.
3402 2977 3741 3047 Προαγαγὼν
3768 2977 3807 3029 δ’
3878 3004 3880 3006 τ

2250 3079 2329 3140 είς
2359 3077 2420 3130 τδ
2451 3075 2655 3146 πλῆθος
2717 3073 3067 3145 τριακοσίους
3118 3071 3228 3125 τῶν
3266 3070 3554 3141 ἡγεμόνων
3600 3072 3721 3131 τοὺς
3751 3071 3808 3120 ἐν

580 3158 662 3212 cis
692 3159 796 3214 lilia
827 3159 1086 3220 Herodes.
1116 3165 1318 3220 llabuit
1340 3168 1484 3223 enim
1512 3185 1564 3223 ix
1592 3170 1849 3225 mulieres
1873 3171 1926 3224 in
1958 3174 2148 3226 matri-

2252 3171 2401 3242 αἰτίᾳ
2427 3171 2777 3238 γενομένους,
2810 3170 2904 3219 καὶ
2942 3167 3033 3219 τὸν
3062 3155 3297 3235 Τήρωνα
3354 3166 3451 3216 σὺν
3508 3161 3587 3232 τῷ
3642 3163 3805 3223 παιδὶ,

585 3252 802 3308 monio:
841 3254 1005 3323 idque
1049 3273 1202 3313 more
1245 3261 1451 3329 gentis,
1495 3261 1638 3329 apud
1671 3277 1832 3329 quam
1867 3274 2145 3332 receptum

583 3350 704 3393 erat
728 3382 741 3404 ,
778 3340 976 3399 eodem
1019 3357 1264 3417 tempore
1317 3351 1502 3418 plures
1551 3367 1749 3406 uxores
1781 3354 1926 3408 alere
1953 3395 1966 3419 ,
2005 3356 2148 3412 inter

558 3445 718 3496 ,quas
737 3431 887 3488 fuere
909 3436 1180 3506 Antipatri
1209 3449 1403 3504 mater,
1425 3452 1478 3494 et
1504 3440 1610 3495 filia
1629 3439 1902 3512 pontificis
1926 3459 1992 3497 :e
2016 3459 2143 3513 qua,

587 3528 644 3572 ut
678 3521 885 3579 dictum
919 3538 1020 3591 est,
1054 3529 1223 3594 filium
1255 3533 1360 3585 sibi
1391 3534 1774 3603 cognominem
1809 3537 2144 3604 procreavit.

581 3609 707 3663 Fuit
740 3614 790 3664 ei
837 3626 891 3669 et
936 3617 1119 3673 fratris
1151 3621 1258 3675 filia
1306 3631 1474 3693 nupta
1502 3664 1516 3687 ,
1557 3635 1613 3679 et
1657 3610 2145 3680 consobrina-cum

579 3712 644 3778 ea
665 3740 680 3764 ,
713 3714 974 3770 praeterea
1007 3706 1350 3763 Samaritana
1373 3714 1618 3780 quaedam
1646 3755 1659 3776 ,
1689 3717 1842 3783 cujus
1873 3715 1967 3767 filii
1997 3716 2148 3770 fuere

582 3783 809 3860 Antipas
825 3797 1193 3854 etArchelaus
1211 3812 1264 3853 et
1281 3799 1560 3872 Olympias
1577 3803 1706 3858 filia.
1727 3805 1872 3859 Inter
1889 3807 2006 3875 ejus
2025 3822 2154 3859 uxo-

586 3897 674 3936 res
703 3886 867 3940 etiam
897 3888 1182 3959 Cleopatra
1205 3893 1690 3965 Hierosolymitana
1715 3899 2106 3954 numerabatur
2129 3942 2146 3965 ,

584 3975 741 4040 cujus
777 3977 874 4030 filii
919 3980 1147 4036 fuerunt
1180 3983 1423 4041 llerodes
1456 3997 1512 4042 et
1541 3987 1846 4056 Philippus.
1877 3990 2144 4045 Praeterea

582 4064 794 4135 Pallas,
827 4085 858 4124 e
899 4090 1004 4141 qua
1051 4076 1374 4132 Pbasaelnm
1418 4080 1694 4147 suscepit:
1727 4096 1789 4134 ac
1829 4061 2058 4134 ‘Pbmdra
2095 4091 2150 4136 et

583 4159 755 4229 Elpis,
782 4180 902 4234 quae
942 4166 994 4219 ei
1033 4168 1313 4224 Roxanem
1345 4178 1400 4224 et
1443 4170 1698 4225 Salomon
1732 4171 1894 4224 ﬁliam
1924 4185 2153 4246 pepere-

580 4263 728 4306 runt.
787 4253 1119 4326 Susceperat
1159 4271 1215 4315 et
1254 4277 1284 4317 e
1314 4261 1637 4321 Mariamme
1675 4262 1811 4318 duas
1843 4263 2058 4318 filiolas.

2256 3265 2352 3316 καὶ
2373 3263 2464 3315 τὸν
2498 3262 2719 3330 κουρέα,
2753 3259 3049 3328 κατηγόρει
3089 3257 3288 3319 αὐτῶν,
3337 3255 3428 3319 οὓς
3455 3257 3503 3308 of
3547 3254 3639 3307 τοῦ
3680 3257 3807 3322 πλή-

2256 3355 2382 3414 θους
2467 3352 2750 3421 βάλλοντες
2818 3351 2934 3412 τοῖς
2992 3345 3406 3416 παρατυχοῦσιν
3467 3347 3805 3400 ἀπέκτειναν.

2265 3445 2610 3514 Ἀντιπάτρῳ
2642 3443 2698 3496 δὲ
2735 3440 3214 3511 κατεργασαμένῳ
3264 3440 3392 3503 τοὺς
3431 3440 3692 3506 ἀδελφοὺς
3722 3443 3807 3507 Ep-

2252 3537 2562 3606 γωδεστέρα
2591 3532 2659 3606 ἦν
2697 3537 2729 3603 ὴ
2769 3537 2866 3604 τῆς
2889 3532 3164 3603 βασιλείας
3210 3533 3488 3601 ὶπιτυχία,
3523 3531 3708 3600 μίσους
3737 3531 3807 3599 τῷ

2251 3628 2392 3680 ἔθνει
2433 3629 2659 3695 φυέντος
2685 3626 2818 3694 πρὸς
2837 3626 3020 3684 αὑτὸν,
3048 3625 3140 3676 καὶ
3168 3623 3405 3691 μάλιστα
3423 3621 3502 3692 τῷ
3529 3623 3803 3689 ὁπλιτικῷ.

2251 3715 2400 3772 Τέως
2424 3717 2479 3769 δὲ
2519 3717 2753 3785 συνῆρχε
2807 3715 2886 3782 τῷ
2925 3714 3114 3783 πατρὶ,
3168 3714 3260 3767 καὶ
3315 3710 3638 3766 ἀπιστεύετο
3683 3714 3806 3782 παρ’

2248 3807 2434 3863 αὐτοῦ.
2468 3808 2576 3876 Τὴν
2611 3807 2666 3859 δὲ
2721 3804 3071 3874 Ἀλεξάνδρου
3123 3806 3357 3871 γυναῖκα
3399 3803 3649 3874 ’Πρώδης
3681 3801 3805 3871 πρὸς

2249 3900 2339 3951 τὸν
2378 3899 2586 3966 πατέρα
2624 3897 2964 3966 ἀνέπεμψεν,
2997 3895 3194 3965 ἔθρεψε
3217 3896 3273 3948 δὲ
3300 3896 3368 3949 τά
3412 3895 3522 3952 τῶν
3548 3895 3804 3948 θανόντων

2249 3990 2415 4043 τέκνα
2461 3991 2604 4042 πάνυ
2666 3987 2965 4058 ὲπιμελῶς.
3004 3983 3186 4040 Ἦσαν
3217 3986 3276 4040 δι
3332 3986 3664 4056 Ἀλεξάνδρῳ
3714 3984 3804 4054 μὲν

2251 4083 2313 4132 ἐκ
2342 4080 2627 4148 Γλαφύρας
2657 4079 2882 4150 ἄρσενες
2909 4077 3040 4131 δύω·
3061 4070 3535 4148 Ἀριστοϐούλιᾷδέ
3561 4078 3624 4131 ἐκ
3649 4077 3803 4145 Βερε-

2251 4173 2406 4238 νίκης
2439 4172 2543 4222 υἱοὶ
2573 4174 2739 4240 τρεῖς,
2779 4169 2896 4223 καὶ
2937 4170 3032 4222 δύο
3071 4169 3341 4240 θυγάτρια
3363 4184 3379 4200 ⁶
3408 4167 3604 4238 γέγονε
3648 4168 3704 4221 δὲ
3732 4166 3803 4235 τῷ

2255 4263 2461 4332 βασιλεῖ
2491 4263 2583 4314 καὶ
2633 4263 2695 4314 ὲκ
2735 4263 2834 4331 τῆς
2893 4264 3196 4332 ἀρχιερέως
3242 4263 3516 4331 θυγατρὸς
3566 4259 3802 4329 Ἡρώδης

579 4343 714 4405 υἱός.
771 4347 960 4426 Ἐννέα
1018 4351 1125 4422 γὰρ
1164 4353 1240 4422 τῷ
1283 4353 1497 4424 βασιλεῖ
1536 4354 1807 4425 συνῴκουν
1860 4357 2140 4424 γυναῖκες,
2184 4355 2410 4423 πάτριον
2433 4352 2493 4405 ὃν
2554 4356 2646 4404 καὶ
2701 4353 2907 4405 πλείοσι
2949 4352 3088 4405 κατὰ
3111 4351 3272 4405 αὐτὸν
3301 4355 3586 4406 συνοικεῖν.
3636 4343 3801 4403 Ἦσαν

577 4437 638 4494 δὲ
672 4438 705 4507 ἡ
740 4457 798 4492 τε
830 4443 922 4494 τοῦ
961 4445 1312 4515 Ἀντιπάτρου
1349 4450 1555 4520 μήτηρ,
1581 4453 1723 4520 καὶὴ
1754 4450 1847 4502 τοῦ
1899 4451 2197 4519 ἀρχιερέως
2238 4449 2503 4516 θυγάτηρ,
2537 4440 2713 4533 ὲξιῆς,
2743 4446 2817 4508 ὡς
2868 4445 3105 4515 εἴρηται,
3155 4449 3284 4506 παῖς
3340 4445 3488 4513 αὐτῷ
3549 4442 3800 4511 ἐγεννήθη

577 4533 888 4603 ὁμώνυμος.
924 4533 1031 4588 Ἦν
1060 4538 1114 4589 δὲ
1140 4541 1230 4590 καὶ
1262 4541 1492 4608 ἀδελφοῦ
1524 4547 1649 4603 παῖς
1673 4541 1822 4609 αύτῷ
1888 4542 1985 4608 μία
2051 4542 2412 4610 γεγαμημένη
2435 4583 2448 4604 ,
2517 4543 2610 4593 καὶ
2640 4539 2837 4604 ἀνεξιά
2898 4538 2994 4589 σὺν
3041 4540 3201 4620 αύτῇ.
3252 4537 3514 4605 ἐξαδέλφη
3583 4535 3797 4606 δηλαδή·

579 4631 678 4692 τὰς
717 4632 824 4699 γὰρ
853 4630 1150 4699 ἑξαδέλφας
1176 4633 1400 4701 ἀνεψιὰς
1453 4634 1678 4686 ἐκάλουν
1704 4634 1751 4686 οἱ
1787 4633 2025 4696 παλαιοὶ,
2065 4633 2140 4696 ὡς
2184 4634 2330 4687 ἔστιν
2382 4636 2563 4702 εὑρεῖν
2631 4631 2899 4700 ππλλαχοῦ
2978 4631 3071 4682 καὶ
3138 4631 3288 4699 παρά
3340 4629 3416 4698 τῷ
3457 4628 3795 4697 Πλουτάρχῳ,

582 4723 677 4774 καὶ
727 4724 878 4792 παρά
935 4728 1054 4787 ταῖς
1124 4723 1328 4794 βίϐλοις
1357 4727 1475 4787 ταῖς
1533 4728 1808 4793 νομικαῖέ.
1844 4721 1954 4776 Ἷιν
1999 4724 2042 4777 δ’
2081 4728 2135 4775 ἐν
2174 4727 2294 4788 ταῖς
2348 4725 2592 4790 γυναιξὶν
2641 4725 2880 4791 Ἡρώδου
2906 4727 3013 4777 κάκ
3079 4724 3172 4776 τοῦ
3233 4722 3579 4785 ἔθνους’τῶν
3630 4722 3798 4790 Σαμα-

581 4813 724 4882 ρέων
759 4815 878 4882 μία,
911 4809 976 4884 ἦς
1010 4813 1148 4886 ἦσαν
1185 4819 1372 4878 παῖδες
1419 4818 1671 4880 Ἀντίπας
1701 4836 1758 4870 τε
1784 4813 1898 4870 ”καὶ
1981 4817 2270 4886 Ἀρχέλαος
2295 4855 2309 4876 ,
2360 4815 2451 4864 καὶ
2517 4813 2761 4881 θυγάτηρ
2814 4814 3112 4882 Ὀλυμπιάς
3138 4829 3155 4844 ο
3186 4815 3278 4864 καὶ
3339 4813 3661 4880 Κλεοπάτρα
3749 4808 3814 4868 δὲ,

591 4905 1004 4977 Ἱεροσολυμῖτις
1023 4914 1142 4973 ταῖς
1167 4912 1355 4964 τούτου
1376 4915 1588 4979 γυναιξὶ
1614 4914 2006 4984 συνηρίομητο.
2061 4913 2167 4966 Καὶ
2202 4913 2405 4978 ταύτης
2470 4909 2657 4972 παῖδες
2696 4908 2944 4979 Ἡρώδης
2973 4910 3063 4960 καὶ
3111 4907 3399 4969 Φίλιππος.
3437 4906 3548 4960 ΚαἿ.
3601 4907 3799 4968 Παλλὰς

579 4998 635 5051 δὲ
669 4996 738 5070 ἦν
772 5003 830 5052 ὲν
855 5003 970 5065 ταῖς
999 5002 1164 5056 αὑτοῦ
1187 5008 1469 5073 γαμεταῖς,
1499 5006 1778 5075 Φασάηλον
1800 4994 2135 5076 πεποιημένη
2179 5004 2344 5056 παῖδα
2407 5003 2573 5072 αὐτῷ,
2613 5004 2706 5056 καὶ
2765 5003 2856 5056 ἐπὶ
2887 5005 3002 5064 ταῖς
3029 5003 3243 5064 λοιπαῖς
3275 5002 3475 5071 Φαίδρα
3505 5003 3596 5053 καὶ
3623 5001 3798 5061 Ἐλπὶς

582 5093 856 5161 συνῴκουν
892 5095 1060 5166 αὐτῷ.
1097 5092 1277 5150 Ἦσαν
1294 5097 1351 5149 δὲ
1386 5097 1597 5168 Ἡρώδη
1626 5097 1833 5150 καὶδύο
1861 5098 2126 5168 θυγάτρια
2167 5099 2232 5150 ἐκ
2271 5096 2501 5166 Μαριάμ
2528 5113 2541 5126 ·
2584 5098 2675 5148 καὶ
2708 5101 2770 5150 ἐκ
2839 5097 3071 5166 Φαὶδρας
3099 5097 3270 5148 δὲκαὶ
3311 5094 3553 5157 Ἐλπίδος
3590 5097 3784 5165 ἔφυσαν

581 5189 730 5257 αὐτῷ
763 5189 1060 5262 θυγατέρες
1102 5194 1340 5264 Ῥωξάνη
1372 5195 1462 5247 καὶ
1510 5193 1765 5263 Σαλώμη.
2861 5249 2866 5253 .
3250 5267 3256 5274 ,

656 5285 844 5340 XXIII.
866 5287 1041 5355 Atque
1065 5291 1178 5345 bare
1199 5292 1400 5346 familia
1425 5277 1660 5347 ΙΙοι-οόίέ
1675 5295 1796 5347 fuit:
1822 5292 1913 5347 sed
1933 5308 2142 5346 summa

2319 5285 2444 5340 ΚΓ.
2499 5287 2668 5338 Τοῦτο
2729 5287 2828 5355 μὲν
2874 5285 2964 5337 οὖν
3007 5283 3065 5334 τδ
3102 5282 3258 5348 γένος
3308 5281 3573 5352 Ἡρώδου.
3627 5283 3705 5334 Τά
3748 5281 3795 5332 δὲ

586 5393 768 5432 rerum
815 5377 881 5430 ad
919 5381 1095 5432 solum
1144 5385 1484 5452 Antipatrum
1533 5386 1856 5453 spectabat,
1893 5385 2148 5440 omnibus

587 5468 1026 5532 formidabilem,
1078 5486 1186 5523 non
1233 5482 1340 5525 tam
1383 5486 1678 5542 potestate,
1719 5491 1878 5545 quam
1930 5492 2140 5529 morum

591 5557 940 5626 improbitate
969 5577 982 5615 ς
1013 5576 1172 5629 quem
1205 5562 1472 5618 Pberoras
1509 5569 1743 5622 maxime
1794 5569 2042 5631 colebat,
2089 5583 2145 5623 et

589 5648 660 5702 ab
688 5665 752 5703 eo
776 5653 1013 5707 vicissim
1045 5654 1347 5709 colebatur.
1382 5655 1599 5709 Salome
1626 5674 1752 5711 vero
1785 5661 1866 5713 eis
1893 5660 2145 5713 adversa-

588 5741 748 5794 batur
776 5783 789 5803 ,
822 5762 941 5812 quze
974 5747 1136 5802 rebus
1169 5763 1269 5802 suo
1304 5749 1510 5802 nomini
1541 5750 1833 5818 contrariis
1881 5751 1968 5815 (id
1996 5752 2141 5803 enim

552 5833 774 5901 'paccm
828 5839 1129 5908 significat)
1171 5857 1384 5910 semper
1425 5839 1700 5906 studebat,
1748 5857 1856 5916 non
1895 5837 2139 5907 pacifica,

2246 5381 2545 5450 πράγματα
2583 5379 2716 5448 πρὸς
2760 5377 2920 5445 μόνον
2955 5375 3045 5427 τὸν
3109 5375 3472 5444 Ἀντίπατρον
3521 5377 3792 5444 ἀφεώρων,

2247 5475 2342 5527 καὶ
2375 5469 2440 5543 ἦν
2472 5473 2641 5525 ἅπασι
2671 5468 2920 5539 φοϐερὸς,
2974 5468 3034 5519 ού
3083 5467 3342 5520 τοσοῦτον
3394 5470 3460 5536 τῇ
3497 5467 3791 5530 δυναστεία.

2248 5568 2370 5619 ὅσον
2396 5569 2459 5635 τῇ
2501 5565 2610 5616 τῶν
2657 5564 2872 5630 τρόπων
2909 5560 3197 5631 κακότητι.
3252 5559 3501 5612 Μάλιστα
3542 5560 3600 5612 δὲ
3649 5561 3791 5611 αὑτ³ν

2247 5658 2502 5727 Φερώρας
2547 5656 2865 5723 ἐθεράτευε,
2917 5654 3010 5706 καὶ
3066 5651 3558 5718 ἀντεθεραπεύετο.
3621 5651 3791 5716 Ἦνσν-

2249 5751 2412 5803 τέωτο
2447 5749 2504 5800 δὲ
2537 5748 2720 5808 αὐτοῖς
2753 5750 2784 5812 ὴ
2820 5746 3077 5815 Σαλώμη,
3122 5745 3380 5806 ἐναντίως
3409 5743 3498 5795 ἀεὶ
3547 5743 3680 5813 πρὸς
3704 5743 3789 5805 τὴν

2249 5842 2342 5907 τῆξ
2378 5841 2616 5908 κλήτεως
2664 5838 2827 5909 αὐτῆ.
2887 5837 3161 5908 σημασίαν
3206 5835 3546 5905 διακειμένη.
3590 5834 3650 5888 'll
3704 5831 3789 5899 μιν
