3996 6328
657 419 767 482 439
1243 479 1260 485 ,ρ
1923 414 2230 476 JOANNIE

2335 415 2428 474 ON
2438 421 2481 473 A
2491 415 2611 474 lix-li
2781 418 2783 423 ’
3789 423 3870 485 463

652 532 742 588 die
784 528 939 586 obiit.
963 527 1251 599 Regnavit
1287 534 1410 597 post
1432 511 1718 580 (sublatum
1755 523 2084 595 Antigonum
2125 541 2225 581 an-

2335 527 2426 580 καὶ
2447 526 2788 596 Τραχωνῖτιν
2821 526 2912 579 καὶ
2937 527 3248 581 Βαταναίαν
3276 529 3370 580 καὶ
3395 529 3644 583 Πανεάδα
3669 549 3680 560 ·
3710 534 3868 588 Φιλίπ-

654 638 753 677 nos
790 637 839 675 Iv
871 629 929 674 et
955 635 1080 682 xxx,
1108 626 1394 688 postquam
1421 633 1450 671 a
1500 616 1760 670 Romanis
1803 631 1895 669 rex
1928 616 2230 684 appellatus

2335 638 2420 688 πῳ
2455 619 2605 671 παιδὶ
2633 619 2730 689 μὲν
2762 619 2952 683 αὐτοῦ,
2988 620 3283 690 Ἀρχελάου
3317 620 3372 672 δὲ
3411 622 3648 692 ἀδελφῷ,
3681 643 3868 696 τετραρ-

654 716 853 777 fuerat,
877 727 1079 766 xxxvn.
1115 710 1330 765 Salome
1371 723 1503 762 vero
1549 716 1604 762 et
1638 707 1857 772 Alcxas,
1903 710 2226 775 priusquam

2335 712 2456 780 χέαν
2481 710 2812 778 ἀποπληρῶν
2833 727 2846 742 ο
2873 709 3151 778 Ἰάμνειαν
3191 710 3248 763 δὲ
3283 711 3375 764 καὶ
3400 711 3646 775 ’Ἄζωτον
3681 716 3768 767 καὶ
3789 718 3870 771 Φα-

594 787 599 796 .
653 795 774 875 ejits
811 819 956 856 mors
992 801 1155 871 vulgo
1207 800 1597 862 innotesceret,
1648 813 1744 852 eos
1779 797 1871 867 qui
1925 797 1980 850 in
2018 797 2226 867 llippo-

2335 802 2561 872 σαηλίδα
2611 801 2846 873 Σαλώμῃ
2901 805 2965 873 τῇ
3023 802 3225 874 ἀδελφῇ
3286 804 3669 875 χαριζόμενος.
3721 808 3868 860 Ταῦτα

657 899 850 950 dromo
889 893 1137 949 conclusi
1176 900 1355 952 erant,
1401 891 1683 955 emittunt,
1718 889 2006 946 dicentes:
2045 906 2226 960 regem

2335 894 2563 966 πράξας,
2588 897 2684 948 καὶ
2717 895 2956 969 Καίσαρι
2995 896 3089 948 καὶ
3116 898 3185 968 τῇ
3226 897 3440 950 ἐκείνου
3467 903 3682 970 γαμετῇ
3710 900 3870 972 Λιουίᾳ

652 981 865 1058 jubere,
896 991 956 1037 ut
984 983 1038 1036 in
1053 997 1213 1051 agros
1243 981 1468 1051 egressi,
1496 981 1663 1035 rebus
1694 981 1810 1034 suis
1846 980 2119 1040 fruantur,
2154 980 2230 1032 id-

2335 984 2538 1056 Εωρεάς
2569 983 3008 1048 πολυταλάντους
3054 987 3396 1052 καταλιπὼν,
3442 990 3630 1060 ἡμέρᾳ.
3684 991 3870 1061 πέμπτῃ

654 1093 760 1145 que
781 1079 1055 1131 Summum
1084 1089 1277 1129 eorum
1309 1073 1365 1126 in
1392 1081 1610 1144 gentem
1635 1070 1968 1126 beneficium
1991 1071 2223 1126 exstitit.

653 1167 859 1224 Deinde
898 1167 1042 1237 regis
1071 1165 1225 1221 obitu
1249 1163 1560 1242 publicato,
1585 1163 1789 1218 lectum
1815 1172 1900 1218 est
1931 1170 2229 1217 testamen-

656 1271 796 1326 tum,
851 1259 1001 1330 quod
1049 1258 1324 1314 Archelao
1386 1271 1616 1327 regnum
1666 1254 1998 1325 assignabat.
2043 1256 2231 1310 Ptole-

655 1367 824 1408 nneus
847 1368 999 1416 vero,
1027 1351 1116 1406 cui
1143 1350 1380 1420 sigillum
1408 1349 1554 1418 regis
1583 1357 1702 1403 erat
1724 1348 2018 1411 creditum,
2063 1363 2231 1414 nega-

653 1427 736 1500 vit
761 1445 813 1500 id
853 1445 958 1499 nisi
992 1443 1223 1500 Caesaris
1270 1442 1599 1497 auctoritate
1667 1448 1846 1493 ratum
1896 1439 2034 1492 fore.
2088 1440 2228 1494 Tum

653 1536 839 1591 statim
861 1535 1078 1591 sublato
1109 1535 1348 1590 clamore
1372 1532 1677 1587 Archelaus
1707 1547 1805 1585 rex
1828 1516 1912 1586 est
1955 1531 2226 1596 sublatus,

655 1637 782 1697 post
813 1627 925 1698 regi
956 1626 1122 1681 funus
1151 1624 1436 1695 magnifice
1481 1624 1706 1678 factum.
1750 1621 1930 1691 Atque
1959 1622 2033 1676 ita
2059 1622 2231 1677 Hero-

652 1721 755 1776 des
775 1729 983 1778 naturas
1012 1719 1256 1774 debitum
1288 1716 1542 1772 exsolvit.

2332 1081 2465 1151 μεθὸ
2489 1079 2848 1152 Ἀντίπατρον
2877 1081 3401 1155 κτείνειε,τε>.ευτᾷ,
3430 1085 3748 1153 βασιλεύσας
3771 1086 3874 1155 μεθὸ

2331 1174 2431 1242 μὲν
2465 1173 2673 1226 ἀνεῖλεν
2705 1173 3012 1242 ’Δντίγονον
3041 1174 3140 1245 ἔτη
3172 1175 3418 1246 τέσσαρα
3461 1177 3559 1229 καὶ
3590 1177 3871 1246 τριάκοντα,

2335 1261 2466 1332 μεθὸ
2498 1263 2693 1322 stone
2751 1263 3045 1334 Ῥωμαίων
3081 1264 3431 1319 ἀποδέδεικτο
3484 1267 3732 1335 βασιλεὺς
3762 1266 3874 1316 ἑπτα

2331 1355 2428 1406 καὶ
2455 1353 2780 1425 τριάκοντα.
2809 1354 3042 1426 Σαλώμη
3072 1355 3131 1410 δὲ
3162 1355 3261 1409 καὶ⁸
3290 1355 3540 1422 ’Δλεξᾶς,
3574 1359 3703 1425 πρὶν
3732 1357 3873 1407 ἔκπυ-

2333 1463 2457 1498 στον
2506 1445 2761 1515 γενέσθαι
2815 1447 2907 1500 τὸν
2937 1447 3106 1501 αὐτοῦ
3127 1443 3134 1455 ”
3165 1446 3419 1524 θάνατον,
3442 1450 3570 1511 τοὺς
3600 1449 3657 1500 ὲν
3681 1447 3754 1515 τῷ
3789 1445 3877 1497 Ἱπ-

2331 1537 2588 1609 ποδρόμῳ
2646 1541 3221 1609 κατακεκλασμένους
3283 1542 3659 1610 ἐκπέμπουσι,
3719 1539 3878 1605 λέγον-

2329 1645 2422 1692 τες
2451 1629 2542 1682 τὸν
2599 1629 2826 1699 βασιλέα
2872 1631 3116 1685 κελεύειν
3148 1630 3403 1686 ἀπιοῦσιν
3438 1634 3624 1693 αὐτοῖς
3656 1633 3744 1684 ἐπὶ
3774 1631 3877 1689 τοὺς

2333 1719 2538 1790 ἀγροὺς
2560 1721 2824 1790 νέμεσθαι
2844 1723 2911 1776 τὰ
2940 1725 3138 1777 οἰκεῖα.
3167 1723 3278 1776 Καὶ
3306 1721 3536 1793 μεγίστη
3568 1720 3706 1787 αὕτη
3747 1721 3876 1786 εὐερσ

655 1812 817 1878 γεσία
843 1809 972 1882 παρ’
1000 1809 1179 1863 αὐτῶν
1214 1811 1292 1872 είς
1321 1811 1378 1860 τὸ
1404 1808 1554 1870 ἔθνος
1586 1803 1974 1874 ἐγένετο.Εἷτα
2001 1807 2028 1859 ὁ
2059 1806 2288 1870 θάνατος
2355 1810 2451 1863 τοῦ
2510 1812 2780 1882 βασιλέως
2835 1814 3249 1885 δεδημοσίευτο,
3273 1817 3370 1868 καὶ
3394 1815 3451 1868 αἱ
3476 1814 3735 1883 διαθῆκαι
3779 1811 3876 1862 ἀνευ

655 1905 986 1974 γινώσκοντο
1044 1902 1140 1972 τὴν
1199 1901 1476 1972 βασιλείαν
1526 1900 1938 1971 ἀποκληροῦσαι
2001 1900 2078 1969 τῷ
2121 1901 2222 1970 υίῷ
2262 1903 2565 1974 Ἀρχελάῳ.
2623 1907 2961 1976 Πτολεμαῖος
2998 1907 3077 1972 δὲ,
3113 1908 3206 1960 τὸν
3265 1906 3594 1977 σημαντῆρα
3615 1903 3720 1974 ,τοῦ
3751 1903 3879 1974 βασι-

656 1998 794 2061 λέως
830 1993 1266 2064 πεπιστευμένος
1312 1990 1619 2054 δακτύλιον,
1669 1990 1771 2044 οὐκ
1818 1989 2200 2055 smmum
2262 1991 2566 2061 κυροῦσθαι
2620 1995 2719 2059 τὰς
2776 1995 3043 2066 διαθήκας

3128 1995 3161 2066 ἢ
3231 1995 3320 2050 διὰ
3371 1995 3672 2065 Καίσαρος.
3711 1994 3806 2060 Βρὴ
3845 1992 3878 2041 δ’

657 2085 821 2146 εὐθὺς
855 2081 922 2154 ἦν
973 2082 1368 2153 εὐφημούντων
1397 2081 1694 2153 Ἀρχέλαον
1733 2079 1962 2152 βασιλέα
2011 2081 2108 2136 καὶ
2173 2081 2266 2135 ἐπὶ
2336 2083 2548 2148 τούτοις
2581 2087 2615 2156 ἡ
2650 2085 2742 2139 τοῦ
2771 2085 3037 2156 βασιλέως
3072 2087 3284 2157 ἐκφορά
3323 2085 3559 2141 ἐτελεῖτο
3594 2082 3878 2152 πολυτελής.

657 2178 767 2230 Καὶ
789 2179 832 2229 ·ὁ
881 2175 1122 2248 Ἡρώδης
1159 2176 1257 2246 μὲν
1282 2173 1454 2238 οὕτως
1475 2175 1702 2228 ἀπέτισε
1729 2174 1790 2226 τὸ
1821 2174 2018 2244 χρεών.

1805 2541 2155 2625 LIBER
2233 2532 2730 2626 SEXTUS.

727 2733 768 2791 Ι.
806 2734 1108 2790 Archelaus
1135 2747 1265 2788 vero
1309 2747 1436 2788 cum
1480 2729 1619 2786 iactis
1649 2729 2137 2786 acclamationibus
2173 2729 2225 2783 in

2401 2721 2479 2782 A'.
2501 2725 2798 2797 Ἀρχέλαος
2831 2727 2913 2795 δὲ,
2942 2728 3023 2792 είς
3059 2729 3121 2782 τὸ
3151 2730 3296 2801 ἱερὸν
3327 2730 3590 2798 ἀνελθὼν,
3616 2733 3707 2788 καὶ
3735 2733 3876 2801 eam.

660 2829 920 2897 templum
959 2826 1305 2891 ascendit,'et
1336 2826 1392 2879 in
1425 2825 1562 2879 solio
1587 2836 1757 2878 aureo
1791 2823 2104 2885 considens,
2137 2837 2231 2892 po-

659 2921 845 2989 pulum
879 2918 1191 2972 ltumanitcr
1223 2925 1306 2972 est
1334 2917 1606 2971 allocutus
1637 2932 1652 2982 ;
1690 2915 1784 2970 sed
1839 2929 2095 2968 coronam
2141 2929 2229 2967 re-

657 3013 798 3080 giam
831 3027 861 3064 a
889 3009 1157 3064 militibus
1186 3008 1436 3078 accipere
1461 3006 1760 3071 recusavit,
1793 3006 1850 3059 ni
1873 3004 2230 3075 Cmsar'prius

658 3101 1048 3157 testamentum
1106 3099 1280 3168 patris
1321 3095 1721 3162 confirmasset,
1773 3096 2026 3165 factaque
2061 3111 2118 3149 re
2149 3095 2232 3149 di-

657 3195 784 3248 vina
809 3193 1118 3247 convivium
1156 3189 1475 3246 celebravit.
1503 3187 1771 3244 Craterum
1801 3187 1971 3242 Juda-i
2006 3186 2229 3258 quidam

659 3285 958 3355 congressi,
1005 3283 1286 3337 Mattliiam
1328 3288 1640 3336 etcazte'ros
1688 3283 1759 3334 ob
1803 3280 2078 3333 revulsam
2133 3295 2230 3332 au-

660 3393 808 3432 ream
841 3377 1076 3446 aquilam
1107 3375 1176 3430 ab
1201 3373 1420 3429 Herode
1451 3374 1736 3443 suppliciis
1765 3372 1992 3428 affectas
2017 3372 2231 3427 lamen-

663 3468 756 3521 tati
785 3475 914 3521 sunt
947 3481 1074 3520 cum
1110 3479 1306 3534 magno
1332 3464 1560 3534 ejulalu,
1615 3470 1696 3527 et,
1728 3460 2093 3516 conciliabulo
2144 3461 2231 3516 in.

659 3561 832 3621 dicto,
871 3558 939 3612 ab
974 3556 1243 3611 Archelao
1282 3555 1652 3624 postularunt,
1683 3564 1739 3606 ut
1775 3552 1984 3622 punitis
2028 3553 2096 3608 iis
2131 3553 2226 3620 qui

658 3651 801 3718 apud
848 3649 1118 3702 Herodem
1155 3647 1483 3701 auctoritate
1517 3646 1837 3709 valuissent,
1881 3659 2065 3697 necem
2109 3645 2229 3697 illo-

651 3756 779 3800 ,rum
832 3740 1213 3803 ulcisceretur,
1259 3753 1322 3791 ac
1351 3736 1406 3794 in
1447 3736 1639 3806 primis
1694 3737 1936 3805 pontifici
1974 3735 2229 3789 sacerdo-

661 3835 794 3888 tium
825 3834 1135 3902 abrogaret,
1171 3842 1227 3886 et
1257 3831 1423 3886 alium
1456 3825 1757 3885 secundum
1793 3830 1941 3900 leges
1988 3839 2225 3895 crearet,

657 3943 724 3979 eo
757 3928 970 3979 honore
999 3923 1326 3994 digniorem.
1359 3923 1564 3977 Annuit
1588 3922 1912 3985 Archelaus,
1950 3922 2015 3976 ad
2054 3923 2227 3990 impe-

660 4028 773 4070 tum
803 4031 994 4070 eorum
1058 4015 1490 4084 reprimendum,
1544 4031 1855 4085 quanquam
1896 4016 2123 4069 moleste
2150 4013 2230 4068 fe-

2339 2818 2559 2887 μηθεὶς,
2597 2819 2689 2872 ἐπὶ
2765 2819 2956 2889 θρόνου
2995 2834 3054 2874 τε
3102 2821 3332 2886 καθίσας
3387 2825 3614 2895 χρυσοῦ,
3644 2823 3882 2890 ἐδεξιοῦτο

2335 2914 2395 2966 τὸ
2442 2910 2668 2980 πλῆθος.
2699 2912 2805 2964 Τοῦ
2859 2911 3044 2983 μέντοι
3099 2913 3513 2985 στρατεύματος
3578 2919 3670 2971 καὶ
3703 2919 3757 2970 τὺ
3783 2918 3881 2974 διά-

2331 3001 2479 3072 δημα
2542 3002 2916 3072 περιτιθέντος
2967 3003 3140 3076 αὐτῷ,
3169 3005 3269 3058 οὐκ
3308 3006 3545 3072 ἐδέξατο,
3577 3009 3624 3061 εί
3662 3010 3733 3078 μὴ
3771 3008 3880 3076 πρό-

2333 3113 2489 3165 τερον
2527 3097 2752 3166 Καῖσαρ
2784 3097 2882 3159 τὰς
2912 3097 3185 3167 πατρικὰς
3209 3097 3474 3169 διαθήκας
3521 3100 3880 3171 ἐπικυρώσειε,

2334 3189 2425 3240 καὶ
2459 3187 2628 3250 θύσας
2678 3188 2762 3239 ἐπ’
2812 3188 3045 3258 εὐωχίαν
3093 3190 3381 3260 ἐτράπετο.
3419 3190 3766 3254 Συνελθόντες
3804 3189 3882 3242 οἶν

2330 3281 2439 3333 τῶν
2473 3281 2744 3333 Ἰουδαίων
2779 3281 3221 3344 τινὲς,Ματθίαν
3279 3282 3373 3336 καὶ
3422 3284 3552 3345 τοὺς
3612 3286 3705 3338 σὺν
3753 3283 3882 3347 αύτῴ

2333 3371 2702 3435 κολασθέντας
2733 3373 2838 3426 ύπδ
2880 3372 3123 3445 Ἡρώδου
3153 3372 3241 3428 διὰ
3266 3372 3365 3446 τὴν
3389 3373 3484 3429 τοῦ
3511 3371 3714 3448 χ’ρυσοῦ
3744 3374 3880 3428 ἀετοῦ

2344 3462 2713 3527 κατάσπασιν,
2765 3464 3132 3536 ὠλοφύροντο,
3170 3466 3264 3519 ἐπὶ
3325 3467 3471 3538 μέγα
3516 3469 3616 3537 τὴν
3663 3469 3883 3538 οίμωγὴιι

2334 3557 2584 3625 αἴροντες
2607 3575 2620 3587 ο
2657 3557 2879 3611 συνόδου
2911 3575 2969 3609 τε
3006 3559 3193 3622 αὐτοῖς
3221 3560 3547 3629 γενομένης,
3570 3560 3748 3631 ἠξίουν
3773 3561 3880 3620 τοὺς

2333 3648 2441 3714 ὑφ’·
2473 3646 2710 3717 Ἡρώδου
2737 3648 3086 3718 τιμωμένους
3132 3650 3438 3705 κολάσαντα
3457 3652 3564 3706 .τδν
3596 3652 3879 3721 Ἀρχέλαον,

2332 3737 2615 3808 ἐκδικῆσαι
2645 3728 3126 3804 τοὺςντεθνεῶτας,
3151 3737 3248 3794 καὶ
3297 3740 3403 3813 πρὸ
3438 3742 3552 3796 τῶν
3593 3743 3762 3796 ἄλλων
3805 3743 3880 3795 τὸν

2332 3828 2623 3898 ’Δρχιερέα
2689 3829 2920 3894 παῦσαι,
2962 3829 3148 3901 ἔτερόν
3181 3845 3241 3883 τε
3275 3830 3717 3899 καταστήσασθαι
3751 3847 3875 3899 νομι-

2347 3918 2612 3989 μώτερον.
2667 3919 2891 3982 Τούτοις
2947 3918 3238 3990 Ἀρχέλαος
3315 3919 3521 3992 καίπερ
3586 3920 3878 3992 ἀχθόμενος,

2333 4011 2433 4080 τὴν
2472 4010 2649 4082 ὁρμὴν
2687 4012 2868 4065 αὐτῶν
2924 4012 3160 4081 ἐπέχων,
3189 4011 3414 4066 ἐπένευε
3437 4029 3450 4045 ·
3489 4013 3696 4068 καὶτὸν
3740 4029 3866 4082 στρα

658 4125 787 4164 rens
815 4126 830 4166 :
861 4125 925 4163 ac
952 4123 1051 4178 per
1083 4077 1399 4178 praefectum
1439 4077 1672 4161 militum
1713 4077 1927 4177 populo
1957 4109 2066 4162 dici
2109 4110 2224 4179 jus-

2335 4077 2518 4174 τηγδν-
2657 4103 2849 4174 πλήθει
2905 4077 3286 4173 διαλεξόμενον
3338 4105 3597 4172 ἔστειλεν,
3620 4107 3692 4168 ώς
3721 4106 3773 4159 οὐ
3797 4077 3878 4156 νῦν

658 4200 730 4253 sit
757 4213 820 4252 ca
854 4213 1000 4251 nunc
1023 4196 1406 4266 intempestiva
1441 4210 1584 4261 esse,
1615 4197 1772 4266 261
1802 4212 1866 4249 ac
1889 4204 2002 4248 tum
2029 4195 2233 4250 rectius

660 4301 843 4345 actum
877 4290 965 4353 iri,
988 4303 1112 4344 cum
1126 4288 1230 4342 sibi
1253 4301 1482 4358 regnum
1517 4287 1750 4342 Ctesaris
1769 4286 2092 4341 auctoritate
2108 4301 2236 4341 con-

661 4383 905 4434 limatum
927 4389 1093 4435 esset.
1120 4377 1225 4434 Sed
1248 4377 1323 4432 illi
1355 4377 1722 4432 vociferantes
1737 4385 1790 4432 et
1813 4377 2230 4440 tumultuantes,

659 4487 838 4540 neque
863 4472 1058 4525 ducem
1086 4486 1262 4540 neque
1289 4469 1457 4524 alium
1488 4483 1822 4539 quemquam
1853 4467 2039 4522 dicere
2072 4467 2234 4535 quid-

659 4577 821 4631 quam
839 4561 982 4632 passi
1017 4554 1169 4624 sunt,
1212 4560 1358 4630 quod
1392 4560 1461 4614 ad
1484 4559 1897 4629 castigationem
1929 4565 1984 4612 et
2008 4557 2232 4612 seditio-

659 4655 748 4710 nis
778 4655 1182 4725 repressionem
1209 4652 1512 4723 pertineret
1547 4660 1746 4721 :atque
1763 4651 1817 4704 in
1836 4648 1976 4704 festo
1997 4651 2234 4719 Azymo—

661 4763 782 4800 rum
810 4761 1004 4818 magna
1028 4743 1320 4798 multitudo
1345 4743 1398 4797 in
1425 4744 1688 4812 templum
1709 4741 1988 4807 conﬂuxit,
2015 4741 2236 4795 seditio-

664 4841 751 4894 nis
792 4836 1185 4912 amplificandae
1222 4833 1620 4899 studiosa.Qua
1662 4835 1884 4889 territus
1918 4831 2233 4896 Archelaus,

667 4931 952 4984 tribunum
999 4942 1126 4983 cum
1178 4926 1403 4982 cohorte
1461 4923 1634 4989 misit,
1679 4925 1744 4978 ad
1794 4925 1981 4994 pOpuli
2025 4918 2234 4978 motum

663 5023 987 5079 sedandum.
1013 5019 1210 5075 Verum
1230 5018 1499 5083 seditiosi,
1519 5017 1723 5088 impetu
1754 5017 1807 5071 in
1834 5017 2033 5072 milites
2069 5019 2232 5082 facto,

665 5117 955 5183 plerosque
1010 5112 1287 5181 lapidibus
1350 5110 1680 5175 obruerunt,
1721 5110 1879 5180 pauci
1937 5110 2232 5164 admodum

664 5217 718 5258 et
765 5205 1020 5259 tribunus
1047 5204 1318 5258 vulnerati
1349 5202 1682 5272 effugerunt.
1738 5202 1883 5258 Cum.
1913 5203 2076 5272 igitur
2113 5219 2237 5272 per—

663 5297 917 5365 spiceret,
940 5295 1044 5347 nisi
1076 5290 1648 5364 pepulusconcitatus
1672 5280 2230 5361 reprimeretur,lma—

2333 4197 2541 4251 τούτων
2603 4197 2816 4265 καιρὸς,
2865 4196 2982 4250 ἀλλ’
3034 4197 3122 4249 ὅτε
3175 4195 3326 4266 αύτῷ
3359 4199 3393 4266 ἠ
3427 4197 3574 4268 ἀρχὴ
3637 4196 3876 4268 βεϐαιωθῇ

2345 4288 2619 4342 ἐπινεύσει
2648 4287 2742 4340 τοῦ
2773 4286 3076 4357 Καίσαρος.
3133 4290 3200 4351 Οἱ
3225 4289 3305 4355 δὲ,
3337 4287 3571 4359 βοῶντες
3624 4292 3716 4343 καὶ
3743 4290 3864 4359 θορσ

2334 4381 2576 4444 σοῦντες,
2603 4380 2704 4431 οὐκ
2745 4377 2873 4432 είων
2919 4378 3103 4446 λέγειν
3153 4378 3247 4433 τὸν
3305 4379 3632 4449 στρατηγὸν,
3657 4381 3873 4435 οὖδέτου

2337 4471 2498 4524 ἄλλου
2557 4469 2857 4538 ἠνείχοντο,
2902 4469 2995 4520 ἐπὶ
3052 4462 3420 4538 σωφρονισμῷ
3474 4471 3570 4521 καὶ
3621 4469 3872 4538 ἀποτροπῇ

2335 4562 2442 4614 τῶν
2474 4561 2714 4613 στάσεων
2731 4561 3057 4631 ὡρμημένου
3081 4560 3263 4628 λέγειν
3291 4561 3497 4622 αὐτοῖς.
3529 4562 3688 4633 Ἄρτι
3719 4561 3766 4614 δὲ
3791 4559 3872 4625 τῆς

2332 4652 2443 4705 ¹τῶν
2469 4651 2721 4721 Ἀζύμων
2746 4650 2942 4722 έορτῆς
2978 4651 3354 4721 ἐνεστηκυίας,
3379 4653 3475 4705 καὶ
3507 4653 3739 4725 πλήθους
3759 4653 3870 4704 παν·

2335 4743 2491 4796 τοθεν
2560 4742 2960 4813 συρῤεύσαντος
3015 4743 3094 4804 είς
3124 4742 3185 4794 τὸ
3239 4742 3406 4811 ἱερὸν,
3437 4743 3549 4800 ,ἐπὶ
3603 4741 3748 4812 μέγα
3793 4741 3870 4808 τὴν

2340 4834 2528 4886 στάσιν
2560 4831 2753 4902 ἐξᾶραι
2803 4830 3229 4902 προεθυμοῦντο.
3289 4830 3867 4904 ὋδείσαςἊρχέλαος,

2337 4925 2618 4996 χιλίαρχον
2651 4925 2789 4995 μετά
2818 4923 3382 4996 σπείραςέξέπεμψε,
3404 4926 3504 4997 τὴν
3537 4926 3712 4997 ὁρμὴν
3732 4939 3869 4977 κατα-

2339 5013 2627 5070 στελοῦντα
2655 5016 2750 5070 τοῦ
2792 5017 2856 5087 δή
2867 5021 2968 5087 μου
2994 5015 3088 5070 τοῦ
3124 5016 3527 5082 στασιάζοντος.
3552 5019 3663 5071 Καὶ
3690 5018 3734 5069 οἱ
3765 5030 3870 5066 στα-

2339 5108 2556 5161 σιασταὶ
2587 5107 2931 5178 παραχρῆμα
2961 5109 3052 5159 ἐπὶ
3072 5108 3199 5169 τοὺς
3225 5105 3563 5178 στρατιώτας
3583 5106 3864 5177 ὡρμήκασι.

2339 5202 2432 5252 καὶ
2491 5200 2824 5252 κατέλευσαν
2875 5199 2998 5273 τοὺς
3051 5200 3337 5261 πλείστους
3390 5199 3792 5270 catomum:
3823 5195 3867 5248 δέ

2338 5307 2483 5352 τινες
2511 5294 2606 5345 καὶ
2635 5293 2662 5345 ὁ
2698 5291 2975 5362 χιλίαρχος
3023 5291 3359 5364 τραυματίαι
3412 5293 3688 5364 διέφυγον.
3713 5289 3866 5362 Ἀρχέ-

661 5397 827 5456 gnum
868 5398 898 5437 e
925 5383 1194 5437 seditione
1220 5383 1422 5438 malum
1463 5383 1762 5445 oriturum,
1823 5383 1972 5436 misit
2007 5395 2224 5436 omnem

2337 5383 2463 5446 λαος
2487 5383 2566 5446 δέ,
2601 5383 2830 5436 συνιδὼν
2849 5385 2950 5448 ὡς,
2984 5385 3031 5436 εἰ
3059 5384 3132 5454 μὴ
3166 5385 3226 5437 τὸ
3271 5385 3370 5453 τῆς
3400 5386 3643 5456 πληθύος
3675 5388 3865 5454 ὅρμημα

661 5477 990 5541 exercitum,
1041 5491 1071 5529 a
1134 5491 1245 5546 quo
1282 5475 1456 5531 tribus
1489 5476 1706 5532 circiter
1763 5475 2003 5529 millibus
2050 5474 2225 5540 casis,

2333 5476 2664 5546 κωλυθῇ,είς
2697 5476 2839 5545 μέγα
2869 5475 3036 5529 κακζν
3063 5477 3131 5527 τὰ
3149 5477 3247 5546 τῆς
3275 5478 3517 5540 στάσεως
3543 5477 3862 5546 ἀποϐήσεται,

664 5567 844 5628 caeteri
881 5567 1132 5636 dissipati
1173 5567 1226 5620 in
1263 5575 1477 5620 montes
1514 5567 2065 5635 confugerunt,etex
2091 5566 2230 5634 regis

2335 5570 2607 5638 ἐκπέμπει
2643 5571 2751 5621 πᾶν
2781 5570 2840 5622 τὸ
2873 5569 3234 5639 στρατόπεδον
3289 5569 3385 5623 καὶ
3419 5571 3499 5630 είς
3565 5568 3661 5639 μὲν
3690 5581 3864 5637 τρισχι·

662 5659 842 5712 edicto
887 5659 1192 5713 festivitate
1217 5656 1442 5719 Omissa,
1479 5659 1542 5710 ad
1575 5673 1670 5710 sua
1699 5658 1904 5726 quique
1929 5656 2229 5711 redierunt.

676 5749 978 5805 Archelaus
1007 5766 1138 5805 vero
1170 5767 1294 5804 cum
1341 5758 1516 5803 matre
1547 5759 1602 5803 et
1635 5749 1862 5803 llerodis
1898 5765 2089 5803 sorore
2141 5751 2238 5803 Sa-

608 5878 614 5886 η
665 5831 810 5896 laute
847 5843 1070 5902 Romam
1101 5843 1257 5904 abiit,
1291 5843 1502 5899 summa
1540 5857 1723 5898 rerum
1748 5840 1958 5896 interea
1997 5843 2235 5912 Philippi

2333 5661 2481 5723 λίους
2512 5662 2884 5731 ἀνῃρέθησαν,
2919 5662 2969 5713 oi
3002 5662 3057 5714 δέ
3095 5679 3159 5730 γε
3197 5660 3375 5713 λοιποὶ
3432 5662 3526 5714 ἐπὶ
3558 5663 3624 5715 τὰ
3655 5662 3746 5729 ὄρη
3777 5656 3862 5707 δίει

2338 5751 2731 5820 σκεδὰσθησαν,
2755 5755 2847 5805 καὶ
2878 5753 3136 5823 κήρυγμα
3159 5754 3348 5821 γέγονε
3374 5754 3579 5813 πάντας
3603 5745 3862 5818 ἀναχωρεῖν

2339 5844 2430 5897 ἐπὶ
2460 5842 2524 5896 τὰ
2561 5844 2732 5895 οἰκεῖα
2754 5858 2766 5870 ·
2799 5844 2846 5896 oi
2873 5833 2948 5910 δέ,
2970 5844 3067 5925 τὴν
3090 5844 3290 5915 ἑορτὴν
3330 5843 3602 5919 λιπόντες,
3627 5839 3851 5911 ἀπῄεσαν·
